4014 6400
586 418 690 485 847
1739 417 2004 480 ΡΗΟΤΙΙ
2027 419 2138 480 PA'.

2236 418 2535 479 [ARCHxE
2567 419 2673 481 CP.
3719 423 3809 486 8-18

584 535 667 582 tes
694 524 720 581 τ
744 523 1017 596 quomodo
1041 523 1170 580 item
1204 521 1471 590 colorum,
1502 523 1817 594 ﬁgurarum,
1840 526 2138 597 qualitatun

2236 574 2243 588 ,
2270 526 2408 581 ἀλλά
2446 529 2541 580 καὶ
2582 527 2770 597 φυτῶν
2803 529 2900 583 καὶ
2930 527 3169 599 βοτανῶν
3203 528 3298 582 καὶ
3337 527 3463 581 είτι
3491 527 3618 583 ἀλλο
3647 528 3699 582 ἐν
3732 537 3811 585 κὸ-

582 619 818 675 varietas
838 619 932 684 sit,
957 619 1060 673 nisi
1082 616 1230 672 varia
1254 632 1470 687 quoque
1493 618 1707 688 genesis
1735 619 1848 674 hzec
1874 620 2054 674 omnia
2083 619 2138 675 ef

2272 632 2397 690 σμῳ
2426 617 2643 689 φύεται.
2675 622 2788 676 Καὶ
2821 621 2938 684 πῶς
2985 622 3053 675 ἂν
3096 619 3351 675 τοσοῦτον
3373 620 3601 692 ἄπειρον
3633 621 3815 695 πλῆθος

582 712 789 775 liceret,
812 720 870 767 ut
890 710 1075 766 aiunt?
1098 708 1233 765 Cum
1262 723 1392 763 vero
1421 724 1529 764 non
1555 724 1660 765 una
1691 711 1761 765 sit
1787 711 2027 766 omnium
2057 712 2138 767 siv

2268 704 2379 765 τῶν
2412 712 2624 783 καιρῶν
2670 712 3148 779 ἀναπλάσουσιν⁸;
3178 711 3294 766 ἀλλ’
3328 714 3426 783 οὐχ
3473 712 3698 780 ἕξουσιν,
3724 715 3815 769 οὐδ’

581 804 745 868 actio,
770 803 886 857 sive
910 800 1146 865 aﬂ‘ectio,
1180 816 1285 855 non
1313 816 1573 870 equorum
1595 801 1837 856 omnium
1868 802 1951 857 vel
1980 817 2138 873 porco

2268 803 2318 855 εί
2360 805 2623 875 μυριάδες
2656 805 2878 877 ἡμερῶν
2926 806 3112 870 αὐτοῖς
3148 805 3239 859 τὸν
3277 804 3523 859 ἐνιαυτὸν
3552 804 3817 876 ἐπλήρουν.

578 911 699 951 rum
724 896 911 951 eadem
938 893 1573 965 magnitudo,;’celeritas,
1598 892 1884 961 fortitudo,
1910 909 2036 959 vox,
2060 909 2131 951 no

2268 895 2530 952 Μάλιστα
2566 897 2626 951 δὲ
2661 897 2841 952 αὐτῶν
2868 898 2930 951 τὸ
2960 898 3158 968 ψεῦδος
3201 898 3562 969 κατάφωρον⁹
3612 898 3817 966 γίνεται,

584 1001 749 1042 unum
784 987 946 1041 etiam
982 994 1344 1055 cogentur,ut
1375 992 1607 1048 constat,
1634 986 1894 1055 genitura:
1918 1001 2131 1041 momen

2267 988 2319 1042 εί
2347 988 2416 1042 τὰ
2448 989 2690 1061 συνεχῶς
2720 989 2974 1045 τίκτοντα
3011 990 3308 1060 σκοπήσειέ
3337 1006 3441 1053 τις,
3470 991 3638 1052 κύνας
3668 989 3697 1060 ἢ
3728 992 3821 1059 χθι-

580 1089 695 1133 tum
729 1075 914 1143 fateri,
941 1077 1035 1133 sed
1070 1086 1147 1130 tot
1177 1076 1357 1146 plane,
1389 1085 1521 1146 quot
1549 1085 1706 1131 erunt
1729 1091 1916 1131 eorum
1947 1091 2065 1146 quas
2093 1078 2138 1133 al

2265 1097 2393 1151 ρους
2422 1080 2456 1153 ἢ
2487 1081 2686 1153 ὄρνεις,
2723 1082 2821 1137 καὶ
2877 1083 2977 1153 οὐχ
3029 1082 3238 1152 ἥκιστα
3285 1080 3357 1134 τὰ
3399 1079 3817 1148 πολυγονώτατα.

576 1185 640 1225 ea
700 1171 1056 1241 perﬁciuntur
1081 1168 1425 1234 diﬂ'erentiae,
1474 1186 1581 1225 non
1609 1171 1953 1226 terrestrium
1998 1170 2138 1226 modi

2259 1174 2450 1245 Χοῖροι
2479 1173 2589 1244 γὰρ
2627 1174 2722 1229 καὶ
2778 1173 2957 1245 ίχθύες
3006 1174 3101 1228 καὶ
3156 1173 3318 1236 κύνες
3355 1172 3529 1226 πολλά
3572 1172 3820 1235 τίκτοντες

576 1260 888 1314 animalium
939 1267 1068 1329 puta
1115 1267 1172 1314 et
1220 1258 1553 1327 volantium,
1601 1269 1765 1330 atque
1814 1260 2129 1329 aquatilium

2256 1264 2347 1319 τὸν
2374 1267 2473 1335 τῆς
2501 1264 2718 1335 ἡμέρας
2746 1264 3097 1320 ἀναλίσκουσι
3125 1265 3335 1335 καιρὸν,
3358 1265 3386 1318 ὁ
3405 1265 3451 1317 δ’
3475 1263 3649 1335 ἰχθὺς,
3666 1260 3819 1335 οἶμαι,

574 1352 671 1407 sed
703 1362 758 1407 et
787 1351 1122 1422 plantarum,
1159 1359 1215 1407 et
1259 1350 1577 1417 herbarum,
1607 1360 1661 1406 et
1692 1353 1734 1407 si
1766 1354 1893 1424 quid
1921 1353 2065 1407 aliud
2099 1354 2138 1409 ir

2260 1357 2357 1411 καὶ
2389 1358 2595 1422 πολλὰς
2633 1358 2869 1430 ἡμέρας,
2901 1359 3001 1429 τῆς
3031 1358 3142 1413 τῶν
3174 1359 3298 1412 ὠῶν
3335 1356 3575 1428 πληθύος
3614 1360 3667 1410 ὲν
3692 1357 3820 1421 τάξει

576 1453 722 1499 terra
758 1452 1029 1498 nascatur.
1082 1441 1149 1497 Et
1177 1444 1449 1512 quomodo
1493 1444 1811 1499 immensam
1844 1445 1983 1501 adeo
2018 1455 2138 1502 tem-

2262 1450 2653 1520 μορφουμένης
2710 1452 2790 1515 είς
2849 1450 3117 1523 μυριάδας
3162 1450 3364 1521 ίχθύων
3390 1448 3537 1503 κατὰ
3577 1448 3732 1520 μέρος
3759 1467 3822 1501 τι-

574 1536 720 1606 poris
738 1544 1134 1591 momentorum
1153 1535 1554 1591 multitudinem
1576 1535 1848 1591 forment?
1865 1536 2138 1606 Nunquam

2258 1540 2567 1612 κτομένων,
2599 1543 2657 1596 ὲν
2686 1537 2775 1607 αἷς
2812 1542 3092 1614 ἀμήχανον
3129 1544 3203 1615 μὴ
3233 1543 3496 1612 γενέσθαι
3529 1543 3703 1612 πτηνά
3733 1541 3820 1611 ἢίθ

574 1644 705 1684 sane
738 1638 1017 1700 poterunt,
1040 1644 1147 1684 non
1179 1627 1225 1683 si
1248 1628 1434 1684 decem
1466 1628 1673 1683 dierum
1707 1628 1944 1683 millibus
1976 1644 2138 1685 annus

2254 1637 2487 1705 χερσαῖα
2518 1635 2577 1688 ὲν
2625 1636 2731 1708 ὅλῳ
2762 1654 2840 1707 τῳ
2886 1638 3076 1709 κόσμῳ
3126 1637 3160 1709 ἢ
3200 1637 3378 1709 νηκτὰ
3414 1637 3475 1691 ὲν
3507 1636 3602 1707 ὅλῃ
3650 1633 3821 1687 θαλάτ-

573 1720 702 1789 ipsis
734 1728 967 1775 constet.
1022 1720 1099 1775 Ita
1137 1734 1267 1775 vero
1298 1719 1534 1775 maxime
1564 1720 1758 1775 horum
1806 1720 2138 1778 mendacium

2251 1729 2379 1799 τῃίι
2414 1731 2511 1783 καὶ
2547 1733 2813 1801 ποταμοῖς
2851 1732 2945 1785 καλ⁵
2968 1731 3208 1803 λίμναις.

572 1813 963 1883 prosternitur,
999 1813 1043 1867 si
1079 1813 1201 1882 quis
1247 1811 1506 1866 animalia
1532 1809 1855 1880 frequenter
1903 1812 2169 1882 parientia
2205 1818 2613 1889 considerat,ut
2637 1836 2821 1886 canes,
2846 1840 3060 1892 porcos,
3084 1824 3337 1893 gallinas,
3389 1830 3448 1877 et
3504 1821 3818 1892 patissimum

570 1919 689 1974 qua:
719 1903 831 1972 jam
859 1904 1124 1974 plurimos
1155 1903 1317 1960 simul
1349 1904 1573 1973 gignunt
1603 1902 1791 1957 fmtus.
1815 1902 1950 1958 Nam
1975 1906 2148 1974 porci,
2177 1907 2384 1978 pisces,
2466 1927 2652 1982 canes,
2704 1915 2889 1970 multis
2942 1915 3219 1983 pariendis
3281 1914 3451 1968 etiam
3505 1913 3607 1965 diri
3649 1910 3818 1976 integri

569 2002 801 2073 spatium
851 2002 1160 2056 absumunt.
1225 1999 1477 2054 Et‘vero
1531 1999 1695 2069 piscis
1724 2000 2006 2069 (quantum
2051 2017 2154 2072 ego
2189 2008 2343 2076 puto)
2394 2007 2597 2064 multos
2646 2025 2864 2081 quoque
2906 2011 3058 2079 dies,
3112 2025 3177 2066 eo
3226 2010 3371 2080 quod
3438 2023 3664 2064 ovorum
3743 2007 3817 2061 illa

570 2096 853 2153 multitudo
900 2094 1095 2164 21312
1145 2092 1199 2147 in
1246 2092 1520 2164 myriadas
1573 2091 1807 2161 piscium
1855 2107 1925 2147 ex
1962 2094 2155 2151 ordine
2195 2098 2634 2169 transformetur,
2689 2105 2780 2175 qui
2845 2104 3039 2160 deinde
3092 2103 3287 2173 singuli
3342 2102 3652 2172 pariuntur.
3710 2100 3817 2167 Qui-

568 2191 671 2246 bus
709 2188 926 2260 quidem
973 2187 1163 2243 diebus
1210 2186 1329 2243 ﬁeri
1375 2186 1524 2242 nullo
1559 2188 1722 2242 modo
1766 2195 1965 2257 potest,
2021 2190 2153 2259 quin
2187 2194 2429 2249 volatilia
2472 2198 2554 2252 vel
2588 2198 2868 2254 terrestria
2913 2199 2966 2253 iu
2997 2206 3111 2254 toto
3145 2196 3367 2261 mundo,
3435 2197 3522 2252 vel
3598 2197 3815 2251 natatilia

570 2287 624 2340 in
664 2293 776 2339 toto
802 2282 940 2339 mari
974 2292 1029 2339 et
1055 2281 1236 2339 ﬂuviis
1264 2291 1321 2339 et
1344 2282 1552 2353 stagnis
1585 2283 1896 2356 gignantur.

642 2375 849 2432 Verum
903 2375 1032 2432 hinc
1078 2377 1268 2443 etiam,
1303 2377 1447 2447 quod
1486 2378 1633 2448 volo,
1669 2379 1874 2436 certius
1920 2383 2043 2452 quis
2074 2383 2160 2439 diu
2190 2392 2235 2447 Β

567 2478 716 2525 seat:
765 2471 983 2540 quando
1006 2485 1103 2525 ver
1148 2469 1286 2525 bene
1311 2480 1670 2543 temperatum
1718 2472 1929 2542 incipit,
1970 2476 2147 2532 omnis

566 2563 718 2618 ﬂoret
756 2561 922 2617 herba
972 2571 1027 2617 et
1057 2562 1312 2632 parturit,
1365 2564 1653 2635 omnisque
1700 2564 1967 2636 lignorum
2024 2582 2148 2637 spe-

566 2656 699 2720 cies,
723 2654 816 2709 sed
841 2663 897 2708 et
929 2652 1092 2708 multa
1118 2653 1232 2709 sive
1256 2653 1576 2719 volucrium,
1599 2655 1715 2710 sive
1763 2656 2143 2725 animantium,

566 2748 681 2803 sive
731 2747 958 2818 piscium
1012 2761 1206 2817 genera
1281 2746 1443 2801 mista
1512 2747 1742 2803 invicem
1810 2750 2141 2820 concipiunt.

570 2840 777 2895 Infinita
833 2854 1045 2909 quoque
1069 2834 1459 2909 [plantarum]
1494 2852 1692 2908 genera
1756 2838 1946 2893 eodem
2004 2846 2144 2895 tem-

566 2944 697 2997 pore
743 2925 982 2997 perfecta
1036 2925 1216 2979 ferunt
1272 2922 1503 2990 semina,
1549 2922 1880 2995 inﬁnitaeque
1918 2925 2144 2981 arbores

562 3034 692 3075 suos
733 3019 959 3079 fructus,
998 3032 1106 3071 non
1152 3030 1259 3071 uno
1285 3014 1501 3085 quidem
1534 3024 1829 3080 momento.
1876 3017 1969 3071 sed
2001 3017 2143 3072 mul-

564 3117 636 3167 tis
663 3112 873 3177 diebus,
907 3110 1033 3164 dum
1069 3108 1122 3163 in
1156 3110 1343 3162 eadem
1373 3106 1555 3177 planta
1584 3106 1673 3162 alii
1704 3107 1999 3162 etiamnum
2040 3108 2141 3163 flo-

562 3212 704 3270 rent,
737 3202 827 3257 alii
856 3209 1131 3263 crescunt,
1171 3198 1259 3255 alii
1308 3207 1700 3255 maturescunt.
1751 3198 1863 3257 Nec
1903 3201 2140 3257 dissimi-

563 3296 631 3349 lis
655 3304 737 3350 est
766 3294 821 3348 in
856 3292 1189 3349 animalibus
1220 3291 1493 3355 omnibus,
1519 3301 1707 3361 partus
1734 3303 2137 3363 conceptusque

562 3385 868 3457 proportio:
902 3399 1023 3454 qua:
1051 3382 1194 3437 idem
1232 3382 1456 3437 omnino
1493 3382 1760 3453 genitura:
1804 3391 2136 3438 momentum

562 3478 761 3534 habere
803 3475 950 3530 nullo
998 3474 1156 3528 modo
1206 3482 1452 3543 possunt.
1499 3472 1650 3526 Adde
1689 3472 1833 3541 quod
1887 3472 1988 3526 alia
2040 3487 2139 3543 per

558 3583 760 3621 annum
830 3565 1097 3630 integrum
1164 3561 1330 3616 fetum
1392 3572 1544 3616 utero
1599 3572 1835 3632 gestant,
1891 3565 2136 3632 qumdam

562 3659 837 3713 mensibus
899 3658 1106 3719 decem,
1170 3655 1415 3724 quaadam
1472 3654 1666 3710 diebus
1751 3655 2132 3725 quadraginta,

2336 2381 2456 2434 Ἔτι
2490 2380 2547 2434 δὲ
2580 2379 2970 2452 ἀκριϐέστερον
2997 2380 3062 2435 ἄν
3103 2398 3187 2443 τις
3222 2377 3477 2433 ἐντεῦθεν
3505 2377 3533 2432 ὃ
3562 2378 3698 2446 λέγω
3726 2395 3810 2431 κα-

2248 2470 2489 2542 ταμάθοι
2516 2487 2531 2503 ·
2578 2470 2770 2524 ⁹Ηνίκα
2798 2470 2858 2523 τὸ
2889 2470 2989 2540 ἔαρ
3014 2467 3279 2541 εὔκρατον
3309 2470 3531 2539 ἐπιστῇ,
3561 2470 3702 2520 πᾶσα
3728 2467 3811 2538 μὲν

2247 2561 2401 2614 ἀνθεῖ
2430 2558 2627 2632 βοτάνη
2681 2560 2776 2614 καὶ
2823 2562 3102 2630 κυοφορεῖ,
3155 2561 3307 2613 πᾶσα
3350 2559 3406 2613 δὲ
3442 2557 3614 2625 ξύλων
3640 2560 3806 2630 φύσις,

2246 2651 2419 2706 πολλά
2461 2652 2519 2705 δὲ
2566 2651 2787 2723 πτηνῶν
2820 2652 2916 2705 κα)Ι
2970 2650 3242 2722 χερσαίων
3276 2652 3367 2705 καὶ
3417 2653 3647 2704 ἐναλίων
3692 2652 3807 2721 γένη

2247 2746 2557 2816 μιγνύμενα
2584 2747 2726 2800 κύει.
2755 2747 2865 2799 Καὶ
2897 2747 3066 2817 μυρία
3100 2746 3200 2817 μὲν
3223 2746 3354 2818 γένη
3380 2747 3526 2800 κατά
3552 2747 3642 2800 τὸν
3666 2746 3807 2799 αὑτὸν

2243 2840 2437 2910 καιρὸν
2468 2840 2790 2911 τελεσφορεῖ
2824 2839 2893 2893 τά
2929 2840 3223 2910 σπέρματα
3243 2879 3258 2905 ,
3300 2840 3478 2911 μυρία
3506 2840 3563 2894 δὲ
3592 2840 3697 2894 τῶν
3725 2840 3805 2907 ξύ-

2241 2929 2349 2985 λων
2367 2933 2493 2997 τοὺς
2517 2933 2782 3003 καρποὺς,
2804 2932 2904 2985 οὐκ
2924 2932 2982 2984 ὲν
3012 2932 3113 3002 μιᾷ
3134 2933 3300 3003 ῥοπῇ,
3322 2931 3443 2985 ἀλλ’
3467 2934 3525 2987 ὲν
3547 2932 3805 2993 πλείσταις

2241 3023 2500 3094 ἡμέραις,
2538 3022 2650 3077 τῶν
2685 3023 2784 3093 μὲν
2810 3020 3118 3077 ἀνθούντων
3149 3020 3232 3073 ἔτι
3265 3022 3322 3074 ὲν
3349 3020 3429 3093 τῷ
3465 3021 3614 3093 αὐτῷ
3646 3020 3802 3092 φυτῷ,

2242 3114 2446 3185 ἐτέρων
2501 3114 2558 3169 δὲ
2620 3113 2941 3184 αὐξομένων
2992 3115 3087 3168 καὶ
3142 3113 3322 3168 ἄλλων
3380 3115 3801 3184 πεπαινομένων.

2242 3205 2367 3279 [677
2394 3204 2489 3279 R.]
2531 3208 2598 3259 'H
2647 3207 2787 3277 αὐτὴ
2835 3206 2882 3260 δ’
2913 3205 3176 3275 ἀναλογία
3231 3204 3329 3260 τοῦ
3382 3207 3551 3261 τόκου
3589 3208 3679 3261 καὶ
3717 3207 3802 3273 τῆς

2238 3301 2489 3371 κυήσεως
2514 3300 2607 3354 καὶ
2636 3299 2731 3352 ἐπὶ
2759 3301 2870 3354 τῶν
2903 3299 3060 3366 ζώων
3094 3301 3336 3366 πάντων,
3384 3293 3464 3355 ὧν
3501 3302 3597 3371 οὐχ
3622 3296 3725 3354 οἷόν
3750 3318 3800 3352 τε

2236 3391 2338 3462 τὴν
2362 3392 2534 3462 αὐτὴν
2564 3391 2665 3461 τῆς
2695 3391 2966 3460 γενέσεως
2991 3393 3137 3463 ἔχειν
3169 3394 3368 3465 ῥοπήν.
3399 3394 3526 3448 Ἔτι
3549 3395 3604 3447 δὲ
3627 3394 3690 3448 τά
3715 3394 3800 3463 μὲν

2236 3483 2485 3537 ἐνιαυτὸν
2518 3487 2801 3555 κυοφορεῖ,
2836 3483 2906 3538 τὰ
2936 3485 2992 3539 δὲ
3026 3485 3205 3556 μῆνας
3242 3482 3295 3550 ι’,
3324 3487 3392 3540 τὰ
3418 3487 3479 3541 δὲ
3507 3486 3712 3557 ἡμέρας
3735 3482 3795 3554 μ’.

2236 3575 2331 3627 καὶ
2366 3574 2535 3645 μυρία
2579 3574 2714 3645 ἄλλη
2739 3575 2993 3647 διαφορά.
3042 3578 3203 3640 Ποῖος
3230 3572 3323 3631 οὖν
3347 3577 3529 3649 ἀστὴρ
3561 3580 3637 3641 είς
3665 3578 3798 3629 ποῖον

2236 3661 2428 3726 ζὼδιον
2459 3662 2644 3717 είσιὼν
2687 3665 3109 3738 μεμετρημένον
3143 3665 3264 3739 [351
3294 3665 3387 3740 Η.]
3421 3668 3637 3738 ἑκάστῳ
3668 3667 3796 3735 γένει

556 3752 772 3821 aliaque
803 3750 857 3803 in
895 3748 978 3802 his
1004 3746 1228 3818 plurima
1289 3747 1555 3816 reperitur
1606 3747 1934 3804 differentia.
1965 3748 2136 3815 Quale

2238 3754 2329 3807 τὸν
2369 3754 2469 3825 τῆς
2510 3757 2810 3828 κυοφορίας
2849 3758 3102 3830 ἀφορίζει
3146 3760 3371 3830 χρόνονς
3416 3760 3506 3815 διά
3540 3761 3591 3814 τί
3620 3761 3671 3813 δὲ
3701 3759 3795 3813 τῶν

564 3843 726 3910 igitur
780 3850 987 3896 astrum
1031 3839 1083 3893 in
1137 3837 1296 3909 quale
1335 3838 1545 3908 signum
1585 3839 1893 3910 ingrediens
1931 3841 2141 3896 dimen-

557 3949 675 3988 sum
737 3932 1026 4003 unicuique
1063 3931 1246 4003 generi
1306 3930 1471 3986 fetum
1525 3930 1729 3988 ferendi
1784 3941 1995 4003 tempus
2045 3934 2135 3988 de-

554 4024 841 4080 terminat?
892 4023 1003 4078 Cur
1052 4032 1253 4089 autem,
1285 4037 1405 4078 cuin
1463 4023 1817 4079 animantium
1858 4023 1910 4078 in
1939 4038 2137 4095 genere

556 4119 676 4172 vita:
704 4126 913 4185 tempus
943 4115 1147 4185 aequale
1195 4131 1300 4171 non
1366 4115 1460 4181 sit,
1490 4114 1749 4183 aequalem
1804 4121 1987 4171 tamen
2043 4114 2132 4169 illa

554 4213 689 4266 uteri
729 4211 1085 4279 gestationem
1141 4207 1377 4263 habent?
1415 4207 1605 4261 Dicant
1659 4207 1839 4276 igitur,
1871 4221 1961 4263 .an
2017 4205 2132 4261 haec

550 4306 712 4358 etiam
743 4319 772 4357 a
803 4305 984 4374 genesi
1010 4303 1456 4372 proficiscantur,
1489 4308 1547 4353 ut
1573 4301 1743 4369 magis
1764 4299 2115 4353 irrideantur.

552 4395 648 4450 Sin
691 4410 787 4465 per
820 4394 1094 4448 silentium
1148 4392 1377 4447 dedecus
1430 4406 1584 4446 suum
1641 4389 1953 4444 declinent:
1986 4404 2125 4459 quo-

551 4489 707 4543 modo
756 4486 957 4557 aliquid
986 4486 1102 4541 sine
1142 4484 1325 4553 genesi
1375 4484 1491 4537 ﬁeri
1547 4481 1788 4551 negant?
1831 4480 2012 4551 Neque
2045 4492 2127 4534 ta-

546 4599 669 4637 men
722 4580 809 4635 hic
862 4580 1063 4632 fetuum
1129 4575 1465 4631 differentias
1504 4572 1711 4627 affero:
1745 4587 1974 4642 quorum
2027 4572 2119 4627 alii

546 4670 882 4739 genitoribus
926 4667 1129 4723 similes
1160 4674 1308 4733 Sunt,
1357 4674 1418 4719 ut
1470 4665 1741 4726 homines,
1802 4664 1953 4734 equi,
2010 4664 2122 4720 leo-

547 4779 671 4829 nes;
708 4762 796 4816 alii
844 4778 947 4814 unn
989 4759 1140 4823 item,
1170 4766 1227 4813 ut
1267 4773 1425 4821 ursae,
1468 4771 1665 4827 vespa),
1710 4771 1857 4827 apes,
1891 4766 1944 4811 et
1971 4772 2119 4826 qua?-

2240 3846 2385 3899 κατά
2404 3848 2465 3900 τὸ
2484 3847 2645 3917 γένος
2663 3848 2817 3914 ζώων
2834 3849 2862 3903 ὁ
2877 3850 2977 3920 τῆς
2995 3851 3141 3923 ζωῆς
3156 3852 3347 3924 γρόνος
3367 3853 3470 3906 οὐκ
3493 3853 3604 3917 ἴσος
3623 3852 3693 3905 ὣν
3708 3852 3794 3921 τὴν

2238 3937 2435 4009 κύησιν
2457 3941 2579 4012 ίσην
2601 3940 2744 4011 ἔχει;
2767 3941 2832 3996 Εἰ
2858 3942 2956 4012 μὲν
2980 3941 3073 3997 οὖν
3096 3943 3377 3997 καὶταῦτα
3392 3945 3503 3998 ἀπὸ
3526 3944 3790 4014 γενέσεως,

2232 4029 2563 4100 λεγέτωσαν,
2610 4034 2698 4087 ἵνα
2750 4035 2911 4089 πλέον
2970 4034 3248 4106 ὀφλήσωσι
3282 4039 3372 4091 τὸν
3397 4038 3444 4069 ¹¹
3485 4039 3718 4107 γέλωτα·
3750 4037 3791 4088 εί

2232 4121 2290 4175 δὲ
2318 4127 2445 4197 σιγῇ
2477 4124 2576 4196 τὴν
2619 4126 2882 4200 αίσχύνην
2927 4128 3312 4195 ἀποκλίνουσι,
3347 4129 3468 4196 πῶς
3492 4131 3643 4184 οὐδὲν
3676 4129 3787 4184 ἄνευ

2230 4215 2498 4283 γενέσεως
2519 4212 2661 4272 εἶναι
2692 4218 2944 4289 λέγουσι;
2972 4221 3082 4274 Καὶ
3116 4220 3269 4275 ούπω
3314 4220 3459 4292 λέγω
3496 4224 3592 4287 τὰς
3620 4223 3787 4291 διαιρο-

2234 4306 2335 4376 ράς
2360 4306 2471 4361 τῶν
2503 4310 2858 4382 τικτομένων.
2886 4312 2967 4366 Τά
2994 4313 3096 4381 μὲν
3124 4313 3230 4385 γὰρ
3259 4314 3420 4385 ὃμοια
3442 4316 3552 4369 τῶν
3576 4314 3786 4385 γεννών-

2226 4414 2336 4451 των
2368 4399 2538 4465 ἐστὶν,
2566 4400 2644 4465 ὼς
2689 4402 2966 4474 ἄνθρωποι
2996 4404 3090 4459 καὶ
3128 4405 3286 4459 ἵπποι
3320 4404 3419 4460 καὶ¹
3462 4406 3694 4473 λέοντες,
3725 4405 3784 4459 τὰ

2223 4489 2281 4543 δὲ
2318 4490 2415 4562 οὐχ
2462 4489 2657 4559 οὕτως,
2703 4492 2780 4558 ὡς
2825 4495 3016 4565 ἄρκτοι
3061 4495 3156 4550 καὶ
3194 4497 3406 4569 σφῆκες
3433 4500 3531 4553 καὶ
3559 4499 3780 4570 μέλιτται

2223 4580 2317 4633 καὶ
2343 4581 2443 4633 ὅσα
2464 4580 2553 4636 διὰ
2608 4583 2719 4637 τῶν
2747 4584 2871 4639 ὠῶν
2902 4585 3137 4657 πρόεισι.
3164 4589 3274 4642 Καὶ
3300 4588 3419 4642 τινὰ
3445 4591 3547 4661 μὲν
3566 4590 3655 4643 καὶ
3676 4589 3779 4659 δίχα

2225 4675 2425 4747 μίξεως
2460 4674 2739 4743 τίκτεται,
2794 4677 2919 4731 τινὰ
2950 4678 3009 4732 δὲ
3056 4681 3227 4750 χωρὶς
3272 4681 3479 4754 ταύτης
3530 4685 3773 4753 οὐδαμῶς.

2220 4769 2330 4823 Καὶ
2359 4769 2443 4834 τίς
2475 4768 2542 4823 ἂν
2575 4768 2982 4842 ἀπαριθμήσειε
3020 4771 3120 4836 τὰς
3156 4772 3215 4827 ὲν
3249 4774 3463 4840 τούτοις
3497 4776 3777 4849 ἀναριθμή-

542 4870 757 4924 cunque
799 4869 863 4908 ex
899 4853 1017 4908 ovis
1046 4849 1334 4919 prodeunt.
1388 4849 1520 4905 Pars
1546 4863 1758 4904 rursum
1801 4849 1919 4904 sine
1973 4849 2119 4903 coitu

2236 4878 2346 4925 tau;
2369 4859 2655 4932 διαφοράς,
2682 4863 2743 4916 ού
2772 4862 2881 4916 τῶν
2914 4862 3070 4927 ζώων
3098 4865 3282 4935 μόνον,
3314 4868 3450 4923 ἀλλά
3490 4871 3585 4925 καὶ
3615 4868 3775 4938 φυτῶν

538 4956 893 5017 generantur,
960 4959 1087 5015 pars
1141 4944 1345 5012 absque
1384 4955 1450 4997 eo
1489 4956 1846 5011 nequaquam.
1889 4940 1955 4994 Et
1996 4940 2118 5010 quis

2236 4952 2312 5005 ιαὶ
2362 4951 2603 5023 βοτανῶν
2642 4954 2736 5006 καὶ
2778 4952 2883 5008 τῶν
2939 4955 3370 5027 παραπλησίων;
3411 4952 3486 5014 ῶν
3541 4960 3773 5014 ἁπάντων

543 5041 875 5101 innumeras,
932 5051 1052 5106 qua:
1112 5034 1163 5090 in
1213 5036 1295 5090 his
1356 5036 1717 5104 reperiuntur,
1784 5031 2115 5089 diﬁ‘ereutias

2236 5040 2316 5104 τὰς
2344 5041 2524 5105 αἰτίας
2553 5042 2706 5111 παρὰ
2734 5042 2841 5098 τῶν
2883 5045 2985 5116 τῆς
3013 5047 3362 5120 εἱμαρμένης
3406 5052 3656 5123 πατέρων
3692 5048 3771 5117 ζη-

537 5130 962 5196 enumeraverit,
987 5144 1092 5184 non
1113 5128 1485 5199 Lanimantium
1517 5129 1696 5191 modo,
1730 5141 1917 5180 verum
1947 5128 2110 5180 etiam

2236 5133 2329 5185 ξεῖν
2352 5132 2580 5195 δίκαιον,
2615 5110 2774 5205 εἴπερ
2800 5110 2981 5191 πάντα
3005 5110 3105 5208 τῆς
3135 5110 3405 5209 γενέσεως
3447 5110 3565 5197 κακέ
3597 5110 3771 5204 αὐτοὺς

538 5224 789 5293 stirpium
810 5231 866 5276 et
913 5219 1227 5286 herbarum,
1270 5217 1609 5288 aliorumque
1639 5217 1941 5272 similium?
1977 5230 2116 5286 quo-

2236 5220 2473 5291 ᾕρτηται,
2498 5222 2594 5275 καὶ
2621 5222 2680 5277 τὺ
2717 5219 2858 5279 εἶναι
2882 5226 2976 5279 καὶ
3004 5228 3033 5279 ὁ
3058 5228 3153 5282 τοῦ
3178 5224 3320 5283 εἶναι
3343 5231 3562 5301 τρόπος,
3592 5242 3767 5297 κυοφο-

542 5333 662 5371 rum
708 5316 950 5371 omnium
1002 5326 1196 5367 causas
1234 5311 1301 5366 ab
1336 5311 1423 5367 bis
1458 5308 1557 5364 fati
1618 5310 1932 5365 auctoribus
1968 5325 2117 5380 qua:-

2236 5312 2425 5367 isi’aeaf
2454 5330 2515 5366 τε
2563 5316 2657 5368 καὶ
2704 5316 2937 5387 πάσχειν
2990 5319 3083 5372 καὶ
3111 5320 3244 5391 δρᾷν
3273 5322 3368 5375 καὶ
3397 5322 3765 5391 ἀποθνήσκειν.

540 5423 662 5464 rere
712 5406 916 5478 justum
947 5414 1070 5461 est:
1098 5403 1364 5475 siquidem
1393 5402 1575 5458 omnia
1601 5402 1897 5457 secundum
1923 5402 2115 5457 horum

2236 5406 2287 5457 Ἠ
2326 5403 2468 5459 κατὰ
2497 5405 2605 5459 τῶν
2650 5404 2851 5459 ἀθλίων
2880 5407 3185 5478 ἀνθρώπων
3216 5412 3403 5475 αὐτοῖς
3439 5413 3597 5483 μόνον
3624 5411 3765 5480 ἠκρι-

537 5498 860 5554 sententiam
884 5513 950 5552 ex
970 5494 1153 5567 genesi
1208 5494 1461 5565 pendent,
1487 5500 1543 5547 et
1573 5494 1714 5561 quod
1743 5494 2029 5557 exsistant,
2060 5501 2116 5548 et

2236 5496 2484 5567 ἰολογήθη
2513 5495 2583 5549 τά
2606 5497 2705 5567 τῆς
2734 5497 3026 5565 γενέσεως,
3058 5501 3146 5553 ἵνα
3163 5501 3225 5554 τὸ
3254 5504 3471 5557 πάντων
3498 5502 3761 5558 κάλλιστον

539 5589 726 5643 modus
745 5604 850 5658 quo
872 5588 1157 5653 exsistunt,
1180 5596 1235 5642 et
1257 5585 1455 5656 gestari
1480 5593 1653 5649 utero,
1677 5594 1733 5640 et
1754 5584 1862 5655 pati
1884 5593 1937 5639 et
1952 5598 2117 5654 agere

2236 5584 2330 5638 τῶν
2349 5585 2393 5617 ¹³
2422 5587 2480 5638 ἐν
2506 5587 2637 5655 ἡμῖν
2674 5587 2735 5640 τὸ
2760 5587 3085 5660 αὐθαίρετον
3112 5591 3377 5667 ἀγνοηθῇ,
3426 5595 3517 5649 καὶ
3545 5592 3668 5655 Θεὸς
3696 5596 3760 5666 μὴ

1806 5692 2043 5748 VARUE
2088 5692 2506 5751 LECTIONES.

607 5792 629 5823 ³
658 5790 1093 5846 ἁναπλάσσουσιν
1116 5808 1177 5856 ς.
1281 5791 1302 5822 ⁹
1340 5787 1648 5856 κατάφορον
1680 5803 1739 5850 ς’.
1846 5786 1889 5857 f9
1911 5788 1944 5852 ἢ
1975 5802 2085 5843 om.
2111 5790 2176 5844 A.
2282 5790 2321 5821 “
2358 5786 2602 5857 θαλάσσῃ
2636 5804 2699 5852 ς.

1229 5858 1255 5870 η
1281 5791 1320 5871 ’Ἰ
1340 5791 1648 5871 κατάφορον
1680 5803 1739 5867 ς.
1975 5802 2085 5843 om.
2111 5791 2176 5844 A.
2282 5791 2321 5821 ¹¹
2358 5791 2602 5857 θαλάσσῃ
2636 5804 2699 5852 ς.
2806 5791 2849 5822 ¹¹
2875 5791 2979 5859 Ιτδν
3023 5806 3078 5851 et
3122 5793 3249 5852 infr.
3280 5796 3378 5852 καὶ
3417 5807 3533 5870 post
3560 5793 3669 5867 μέλι
3694 5791 3751 5843 Α·

537 5862 580 5895 ¹³
608 5864 826 5917 πάντων
876 5855 1159 5917 κάλλιστον
1187 5858 1323 5932 τῶν]
1355 5860 1475 5915 ltbri
1506 5855 1615 5912 πᾶν
1640 5859 1747 5911 τῶν
1771 5855 2092 5911 καλλίστων.
