4014 6400
200 398 296 462 849

1220 393 1749 455 BIBLIO'PHECA.
1786 417 1856 429 -
1884 393 2048 457 COD.
2090 394 2404 458 CCXXIII.

3315 396 3424 461 850

197 503 547 575 εὐχαριστηθῇ
567 499 649 566 οἷς
670 502 731 557 τὸ
749 502 909 571 γένος
931 500 1300 573 εὐηργέτησεν
1320 518 1334 567 ;
1367 501 1484 563 πῶς
1511 501 1567 555 δὲ
1587 500 1748 554 πάλιν

1876 510 1905 556 :t
1955 502 2116 557 mori.
2174 503 2254 557 An
2275 503 2413 558 forte
2454 500 2714 557 adversus
2736 501 2977 571 miserosf
2997 504 3251 561 mortales
3299 508 3433 562 duu-

197 599 227 668 ή
251 596 457 665 γένεσις
477 594 735 665 ἀκαίρους
775 595 874 665 μὲν
903 592 1220 663 προσθήκας
1244 592 1446 656 δίδωσι,
1489 592 1755 663 τετρακέ-

199 687 334 757 φαλα
366 683 488 740 κατ’
528 685 727 748 αὐτοὺς
770 683 1107 739 ἀποτελοῦσα
1158 684 1256 737 καὶ
1305 686 1491 753 χεῖρας
1538 682 1758 747 πλείους

198 779 285 834 καὶ
328 777 496 841 πόδας
538 777 647 831 τῶν
680 777 822 832 κατά
854 776 1037 846 φύσιν,
1067 778 1178 839 τοῖς
1204 776 1260 830 δὲ
1289 776 1541 848 ἑρπετοῖς
1579 775 1639 827 ού
1674 774 1756 829 δί-

196 870 317 923 δωσι
363 868 549 935 πόδας,
601 868 651 921 οἳ
691 868 1017 936 παρέξουσιν
1051 867 1234 930 αὐτοῖς
1270 864 1330 919 τὸ
1356 867 1410 918 ὲν
1441 867 1506 936 τῇ
1551 864 1758 935 βαδίσει

196 961 480 1030 χρήσιμον,
524 958 624 1012 οὐκ
667 957 977 1026 ὀφθαλμοὺς
1005 959 1117 1017 τοῖς
1150 954 1474 1025 ἀσφάλαξιν,
1504 953 1615 1008 οὐδ’
1661 952 1757 1008 ἀλ-

195 1050 301 1113 λοις
326 1042 399 1103 ὧν
425 1049 634 1104 δέονται
650 1068 665 1117 ;
682 1044 801 1103 εἶτα
821 1048 923 1120 ζῇν
950 1048 1051 1118 μὲν
1067 1042 1148 1111 οἷς
1172 1047 1270 1112 τὰς
1296 1046 1562 1117 ἀκαίρους
1591 1060 1759 1116 προσ-

197 1142 360 1213 θήκας
382 1140 581 1196 ἔδωκεν
626 1141 727 1195 οὐκ
770 1141 836 1210 ea;
870 1139 1083 1209 (πάντα
1115 1138 1224 1209 γὰρ
1269 1136 1544 1209 βραχύϐια
1575 1134 1643 1188 τὰ
1670 1151 1759 1187 τε·

200 1234 566 1307 ρατόμορφα),
610 1235 705 1288 καὶ
756 1236 820 1305 τῇ
866 1232 1152 1303 προσθήκῃ
1203 1231 1302 1303 τὴν
1330 1231 1459 1299 ὃλην
1507 1225 1759 1298 ἀφανίζει

198 1326 347 1395 φύσιν
367 1341 380 1355 ·
411 1318 487 1379 ὧν
512 1326 568 1378 δὲ
605 1326 675 1378 τὰ
714 1325 857 1379 κατά
878 1324 1041 1394 φύσιν
1070 1324 1280 1392 ἀφεῖλε,
1311 1324 1501 1393 χεῖρας
1528 1319 1561 1392 ἢ
1592 1318 1761 1382 πόδας

198 1422 227 1493 ἦ
253 1420 582 1491 ὀφθαλμοὺς,
612 1420 789 1481 ταῦτα
813 1418 914 1493 ζῇν
938 1422 1024 1490 ἐᾷ,
1045 1419 1143 1491 τὴν
1168 1420 1486 1490 σωματικὴν
1512 1420 1761 1488 πήρωσιν

199 1513 622 1586 ἀπαραμύθητον
650 1513 862 1585 ἔχοντα.
893 1514 957 1567 Εἰ
989 1512 1092 1584 μὲν
1122 1509 1213 1568 οὖν
1245 1529 1330 1575 τις
1374 1512 1454 1573 εἰς
1499 1507 1763 1581 εἱμαρμέ·

198 1620 286 1671 νην
317 1604 582 1675 ἀναφέρει
612 1606 803 1671 ταῦτα,
835 1604 997 1667 αὐτὸς
1024 1604 1068 1636 ¹⁶
1101 1604 1201 1656 σὺν
1238 1603 1375 1674 αὐτῇ
1408 1603 1507 1672 τῆς
1533 1602 1762 1664 ἀτοπίας

198 1698 222 1746 ὁ
248 1696 448 1758 αἴτιος·
502 1698 552 1749 εἰ
607 1696 666 1749 δὲ
696 1697 793 1767 τῆς
843 1694 1061 1766 φύσεως
1112 1690 1220 1748 οἶδε
1260 1693 1320 1747 τὸ
1349 1692 1757 1765 διαμαρτάνειν,

1862 587 2012 646 taxat
2043 600 2149 646 tam
2189 600 2478 648 accuratus
2515 591 2583 647 de
2622 590 2803 661 genesi
2857 606 3039 649 sermo
3070 595 3138 651 ab
3174 596 3306 665 ipsis
3347 598 3433 651 ln-

1863 684 2084 739 Stitutus
2108 692 2225 739 est:
2252 692 2330 750 ut,
2353 683 2495 755 quod
2526 685 2580 740 in
2612 684 2768 739 nobis
2792 686 3030 741 omnium
3057 694 3138 742 est
3167 687 3437 743 honestis-

1867 778 2091 843 simum,
2126 777 2349 834 libertas
2387 777 2621 842 arbitrii,
2662 777 2945 848 ignoretur
2990 793 3006 833 :
3061 778 3279 848 Deoque
3337 795 3436 849 pro

1866 866 2076 923 collatis
2114 866 2169 921 in
2215 880 2386 936 genus
2413 867 2707 922 humanum
2739 866 3037 934 beneflciis,
3091 868 3281 939 gratia
3329 885 3434 924 non

1866 959 2137 1030 agantur?
2199 959 2268 1014 At
2316 959 2584 1028 quomodo
2635 974 2851 1014 rursum
2912 959 3123 1029 genesis
3173 960 3440 1029 intempe-

1865 1052 2008 1107 stiva
2066 1051 2154 1106 illa
2188 1050 2553 1106 additamenta
2610 1050 2817 1119 adjicit,
2872 1052 2996 1107 dum
3050 1052 3443 1120 quadricipites

1865 1142 2011 1198 fetus
2043 1142 2337 1197 secundum
2374 1141 2493 1205 bos,
2519 1150 2612 1196 aut
2638 1139 2820 1210 plures
2841 1156 3003 1211 quam
3032 1152 3221 1197 natura
3246 1142 3441 1212 exigit,

1864 1233 1981 1290 sive
2014 1248 2205 1288 manus
2243 1233 2359 1289 sive
2396 1231 2558 1302 pedes
2601 1232 2846 1301 perﬁciat
2889 1250 2904 1288 :
2943 1247 3067 1288 cum
3130 1246 3306 1302 neque
3355 1245 3442 1287 re-

1865 1323 2088 1394 ptilibus
2119 1326 2282 1393 pedes
2308 1326 2529 1390 tribuat,
2558 1325 2652 1395 qui
2676 1325 2780 1381 illis
2805 1326 2871 1380 ad
2901 1324 3284 1381 ambulandum
3332 1324 3444 1379 sint

1867 1415 2010 1481 usui,
2064 1430 2237 1485 neque
2288 1414 2486 1487 215a
2531 1416 2715 1472 oculos
2768 1415 2948 1486 talpis,
3015 1429 3190 1487 neque
3230 1414 3351 1470 aliis
3376 1428 3443 1469 ea

1856 1507 2064 1577 quibus
2096 1507 2358 1575 indigent.
2392 1507 2542 1562 Adde
2572 1507 2715 1576 quod
2742 1521 2809 1562 ea
2853 1506 3072 1577 quidem
3118 1505 3317 1577 quibus
3358 1505 3447 1560 in-

1870 1601 2188 1668 tempestiva
2225 1599 2312 1652 illa
2345 1598 2712 1653 additamenta
2750 1598 2918 1665 dedit,
2956 1612 3060 1652 non
3104 1596 3231 1652 sinit
3259 1596 3450 1652 vivere

1869 1687 2227 1759 (quaecunque
2267 1688 2411 1742 enim
2445 1688 2764 1757 prodigiosae
2812 1687 3000 1742 format
3064 1694 3211 1753 sunt,
3263 1685 3448 1741 brevis

202 1785 392 1855 ἐξαιρεῖ
416 1786 481 1839 τὸ
531 1787 686 1840 Θεῖον
714 1787 815 1855 τῆς
850 1786 1203 1858 κατηγορίας.
1246 1786 1457 1855 Ὥσπερ
1482 1785 1591 1856 γὰρ
1621 1785 1757 1855 αὐτῇ

1876 1795 2085 1851 quoque
2107 1780 2205 1836 aevi
2239 1795 2359 1835 esse
2393 1780 2614 1849 solent),
2634 1790 2691 1835 et
2719 1781 2996 1835 additione
3046 1794 3143 1835 sua
3172 1788 3338 1835 totam
3366 1779 3446 1834 si-

202 1876 399 1946 τρέχειν
429 1876 669 1941 οἰκείους
696 1878 891 1948 νόμους
936 1879 1211 1949 διώρισεν,
1254 1877 1397 1931 οὕτω
1430 1877 1527 1929 καὶ
1562 1876 1762 1947 θνητὴν

1876 1875 1977 1930 mul
2016 1876 2207 1930 horum
2249 1882 2496 1928 naturam
2544 1874 2753 1929 abolet:
2788 1874 2986 1944 quibus
3035 1887 3164 1928 vero
3188 1888 3218 1927 a
3249 1883 3442 1927 natura

206 1967 539 2039 συνεχώρησε
583 1968 726 2022 κατά
749 1986 871 2031 τινα
902 1971 1249 2039 συμφέροντα
1297 1969 1475 2037 λόγον.
1527 1967 1675 2037 Αὕτη
1708 1967 1766 2022 δὲ

1876 1965 2043 2021 debita
2089 1965 2203 2020 sive
2234 1966 2419 2035 pedes,
2455 1966 2570 2020 sive
2614 1980 2831 2029 manus,
2878 1964 2993 2020 sive
3033 1964 3225 2019 oculos
3258 1964 3444 2018 abstu-

206 2057 433 2121 σώζουσα
459 2059 565 2127 μὲν
594 2060 662 2113 τὰ
694 2062 870 2114 οἰκεῖα
909 2060 1082 2131 μέτρα
1121 2060 1271 2113 οὐδὲν
1304 2059 1633 2132 ὑδρισμένον
1665 2057 1763 2128 φέ-

1876 2058 1944 2123 lit,
1975 2072 2037 2113 ea
2070 2057 2143 2111 ita
2175 2058 2358 2113 vivere
2397 2057 2681 2127 permittit,
2712 2066 2771 2112 ut
2814 2056 3057 2112 mutilati-
3082 2057 3325 2127 corporis
3354 2069 3445 2110 so-

208 2164 304 2216 ρει,
334 2149 657 2214 ὲξοκείλασα
680 2150 721 2182 ¹¹⁵
751 2151 807 2203 δὲ
836 2152 971 2221 πρὸς
1018 2152 1287 2222 ἀμετρίας
1316 2150 1349 2221 ἢ
1382 2150 1587 2214 ἐνδείας
1614 2149 1768 2221 ἢφύ-

1876 2148 2051 2202 latium
2095 2146 2299 2201 nullum
2337 2148 2597 2202 habeant.
2640 2145 2845 2217 Siquis
2886 2147 3004 2202 haec
3058 2147 3221 2217 igitur
3264 2146 3331 2200 ad
3364 2146 3445 2199 fa-

206 2239 383 2312 6ουςῆ
438 2242 587 2314 πάθη
644 2243 739 2296 καὶ
794 2245 919 2308 τοὺς
961 2244 1214 2307 δοθέντας
1270 2244 1769 2314 παραχαράττουσα

1876 2247 1982 2292 lum
2018 2236 2233 2300 referat,
2278 2236 2324 2291 is
2347 2235 2702 2292 absurditatis
2729 2246 2919 2292 auctor
2940 2251 3048 2292 non
3077 2236 3256 2291 minus
3280 2249 3442 2305 quam

206 2332 383 2402 νόμους
411 2334 526 2387 οὐδ’
556 2337 614 2388 ὲν
639 2338 752 2399 τοῖς
797 2336 1142 2406 τικτομένοις
1175 2334 1236 2387 τὸ
1261 2333 1551 2404 ἀκίϐδηλον
1576 2332 1761 2398 σώζει.

1876 2328 2001 2381 illud
2052 2326 2302 2382 edicitur.
2345 2326 2439 2383 Sin
2473 2336 2680 2384 naturae
2708 2343 2829 2385 esse
2862 2338 3141 2398 peccatum
3178 2328 3442 2398 agnoscit,

207 2424 292 2475 Διά
320 2425 368 2477 τί
401 2425 457 2477 δέ
502 2443 629 2482 τινα
672 2426 782 2481 τῶν
811 2427 967 2492 ζώων
992 2428 1051 2481 οὐ
1099 2428 1289 2499 τρέφει
1318 2427 1386 2479 τά
1413 2427 1763 2497 γεννήματα,

1876 2435 2085 2477 omnem
2111 2421 2397 2475 accusandi
2422 2419 2665 2476 Numinis
2684 2422 3021 2476 occasionem
3055 2420 3215 2477 tollit.
3242 2420 3449 2487 Quem-

208 2512 379 2588 ὥσπερ
405 2518 630 2589 πτηνῶν
662 2519 821 2589 μὲν¹⁸
847 2520 1021 2588 γῦπες
1062 2520 1155 2573 καὶ
1187 2523 1442 2589 κόρακες,
1497 2517 1678 2589 ἰχθύες
1708 2517 1767 2571 δὲ

1876 2511 2161 2566 admodum
2192 2512 2339 2564 enim
2364 2511 2535 2579 ipsam
2586 2510 2701 2565 suis
2744 2510 3063 2580 quibusdam
3101 2525 3324 2567 currere
3368 2509 3449 2564 le-

210 2611 390 2682 μικροῦ
428 2611 751 2683 σύμπαντες
773 2628 788 2644 ·
833 2612 902 2666 τὰ
928 2612 985 2666 δὲ
1014 2612 1108 2666 καὶ
1140 2612 1474 2681 γηροτροφεῖ
1513 2611 1642 2674 τοὺς
1675 2627 1766 2664 τε·

1876 2604 2029 2675 gibus
2056 2601 2262 2666 statuit,
2292 2599 2371 2656 sic
2398 2610 2454 2655 et
2482 2600 2751 2666 eamdem,
2785 2602 2994 2657 ratione
3030 2604 3262 2671 quadam
3302 2600 3452 2667 utili,

210 2703 415 2772 κόνταςς
447 2706 549 2758 καὶ
578 2704 645 2758 τὰ
667 2705 766 2775 μὲν
798 2705 893 2758 καὶ
916 2702 1069 2758 νόθον
1094 2701 1459 2756 ὑποϐάλλεται
1489 2703 1653 2772 γονὴν
1673 2702 1769 2755 καὶ

1876 2694 2019 2761 iuxta
2058 2694 2369 2749 mortalium
2413 2691 2779 2748 conditionem
2824 2692 2955 2748 ferri
2998 2694 3294 2749 concessit.
3330 2691 3463 2761 Ipsa.

209 2791 396 2862 τρέφει,
426 2796 497 2848 τά
532 2794 760 2848 πλεῖστα
792 2795 848 2848 δὲ
873 2792 967 2860 ob;
1003 2794 1098 2847 καὶ
1128 2794 1210 2855 τίς
1243 2792 1309 2846 ἂν
1334 2791 1433 2855 τὰς
1466 2790 1770 2862 ἀναριθμή-

1876 2788 2048 2859 lgitur,
2077 2801 2234 2842 suum
2275 2784 2492 2840 modum
2540 2797 2790 2848 servans,
2832 2783 2969 2838 nihil
3031 2784 3174 2853 quod
3224 2783 3328 2836 ulla
3381 2782 3456 2839 sit

209 2898 315 2947 τους
343 2886 448 2940 τῶν
482 2886 657 2941 ὄντων
686 2887 947 2958 διαφορὰς
977 2884 1355 2952 καταλέξειεν;
1404 2881 1568 2938 Ἀλλὰ
1596 2882 1770 2938 ταῦτα

1876 2877 2119 2934 affectum
2150 2876 2343 2945 injuria
2372 2874 2612 2944 profert:
2640 2882 2696 2929 at
2716 2873 2765 2930 si
2792 2874 2844 2929 in
2874 2873 3208 2930 nimietatem
3240 2873 3324 2928 vel
3356 2873 3453 2929 de-

213 2971 295 3039 μὲν
322 2975 411 3027 καὶ
439 2976 501 3029 ἐν
530 2974 607 3045 τῷ
642 2973 683 3026 δ’
720 2960 884 3045 λόγῳ.

1876 2970 2096 3035 fectum,
2155 2969 2208 3023 in
2262 2982 2541 3038 pavorem,
2590 2965 2679 3021 vel
2742 2965 3089 3021 vehementes
3140 2963 3456 3020 aﬂ‘ectioues

211 3064 426 3134 delapsa,
480 3068 747 3122 adversus
802 3066 940 3119 latas
983 3064 1084 3121 sibi
1132 3064 1278 3136 leges
1323 3063 1601 3136 quidpiam
1654 3061 1955 3127 admittat,
1989 3077 2117 3118 mox
2151 3075 2325 3131 neque
2388 3059 2444 3115 in
2480 3059 2547 3113 iis
2607 3072 2727 3127 quat
2787 3056 3081 3129 gignuntur
3168 3056 3452 3112 sincerita-

213 3165 301 3209 tem
330 3167 535 3213 servat.
593 3159 699 3212 Cur
753 3158 972 3227 insuper
1007 3158 1252 3228 quaedam
1299 3158 1595 3212 animantia
1628 3170 1759 3211 suos
1795 3154 1932 3209 fetus
1978 3168 2087 3209 non
2147 3153 2417 3219 nutriunt,
2462 3149 2915 3221 quemadmodum
2975 3148 3042 3205 εἰη
3135 3149 3458 3209 volatilibus

212 3250 452 3315 vultures,
514 3251 687 3313 corvi,
747 3251 1033 3319 piscesque
1080 3250 1195 3306 fere
1231 3265 1458 3317 omnes;
1513 3250 1762 3320 qutedam
1801 3262 1931 3303 vero
1963 3247 2127 3302 etiam
2153 3254 2404 3317 parentes
2436 3244 2492 3299 in
2519 3244 2673 3299 senio
2711 3242 2898 3311 alunt;
2927 3243 3057 3298 item
3114 3242 3219 3298 alia
3283 3243 3457 3299 etiam

213 3344 532 3414 illegititnum
560 3347 659 3400 sibi
697 3348 1034 3417 suppositum
1079 3346 1247 3401 fetum
1316 3346 1584 3410 nutriunt,
1626 3344 1884 3415 pleraque
1950 3357 2083 3398 vero
2128 3340 2389 3397 minime?
2472 3340 2543 3396 At
2587 3338 2712 3411 quis
2782 3336 3206 3395 innumerabiles
3274 3350 3469 3393 rerum

212 3436 426 3490 omnium
474 3436 813 3494 diﬂ‘erentias
856 3440 1177 3495 recenseat?
1213 3439 1380 3509 Igitur
1408 3441 1527 3496 haec
1551 3440 1770 3510 quidem
1808 3437 1947 3503 libro
1981 3444 2174 3506 quarto
2203 3434 2575 3491 continentur.

282 3525 362 3577 Ἐν
389 3526 444 3578 δὲ
470 3525 555 3595 τῷ
585 3533 628 3580 ε’
656 3526 799 3597 λόγῳ
821 3526 956 3582 ἄλλα
986 3545 1044 3581 τε
1067 3526 1313 3594 διέξεισι,
1340 3528 1435 3583 καὶ
1466 3529 1572 3599 πρὸ
1600 3527 1772 3584 αὐτῶν

1953 3524 2117 3580 Libro
2182 3525 2373 3594 quinto
2418 3540 2544 3582 cum
2578 3525 2686 3581 alia
2738 3524 3103 3597 persequitur,
3156 3531 3270 3578 tum
3323 3532 3451 3577 ante

214 3617 390 3685 ὁμοίως
421 3620 570 3684 κατά
597 3621 696 3692 τῆς
721 3622 1062 3693 εἱμαρμένης
1087 3622 1267 3678 τοῦτο.
1301 3623 1363 3676 Ei
1395 3624 1507 3687 τοῖς
1535 3623 1778 3690 γονεῦσι.

216 3705 325 3778 [680
353 3710 442 3782 8.]
494 3712 667 3781 φασὶ,
694 3713 757 3766 τὸ
801 3713 1007 3767 τίκτειν
1044 3714 1153 3769 ἀπὸ
1196 3714 1465 3783 γενέσεως
1518 3714 1779 3786 ὑπάρχει,

215 3795 350 3866 δῆλον
370 3799 449 3863 ὡς
481 3800 597 3854 ἀπὸ
624 3802 723 3871 τῆς
756 3801 865 3855 τῶν
894 3801 1147 3873 πατέρων
1178 3804 1449 3870 γενέσεως
1481 3804 1576 3857 καὶ
1608 3805 1641 3873 ή
1669 3804 1779 3856 τῶν

216 3889 330 3940 υἱῶν
355 3892 572 3958 γένεσις
603 3893 696 3945 καὶ
724 3894 759 3963 ή
790 3882 996 3964 ταύτης
1022 3892 1141 3965 ὥρα
1172 3893 1459 3964 διωρίσθη.
1498 3895 1561 3947 Εἰ
1591 3894 1650 3948 δὲ
1678 3894 1775 3966 μὴν

216 3980 265 4030 οὐ
290 3982 389 4035 τῶν
416 3986 799 4055 γεννησάντων
828 3988 862 4055 ή
898 3986 1112 4054 γένεσις
1156 3985 1411 4039 ἀποτελεῖ
1444 3986 1571 4049 τοὺς
1599 4002 1780 4039 τικτο-

221 4073 411 4142 μένους,
444 4076 548 4130 καὶ
598 4076 779 4147 μάτην
823 4078 853 4130 ὁ
884 4078 1053 4142 πολὺς
1086 4078 1187 4147 τῆς
1217 4078 1561 4149 εἱμαρμένης
1597 4078 1775 4147 λόγος.

220 4161 271 4216 El
298 4167 399 4238 γὰρ
444 4169 508 4221 τὸ
559 4168 837 4240 σπαρῆναι
868 4170 962 4222 καὶ
1000 4170 1409 4241 κυοφορηθῆναι
1452 4172 1548 4224 καὶ
1577 4170 1780 4225 τέλειον

218 4258 477 4325 προελθεῖν
521 4259 554 4329 ἢ
606 4260 794 4324 ἀτελὲς
835 4260 982 4332 [552
1031 4260 1124 4334 Η.]
1161 4263 1260 4332 τῆς
1301 4261 1572 4330 γενέσεως
1619 4260 1781 4333 ἔργον

219 4348 318 4401 ἐστὶ
360 4352 467 4405 τῶν
523 4352 839 4420 τικτόντων,
889 4353 1047 4422 δῆλον
1078 4355 1157 4408 ὅτι
1196 4359 1290 4408 καὶ
1317 4356 1351 4426 ή
1384 4355 1589 4409 τούτων
1619 4354 1740 4425 ὥρα
1761 4370 1779 4386 ’

220 4440 330 4492 εἰδὲ
382 4442 455 4513 μή
506 4442 672 4512 αὕτη,
721 4443 841 4496 οὐδὲ
894 4446 1098 4499 ὲκεῖνα.
1152 4446 1216 4499 Ei
1251 4445 1297 4499 δ’
1328 4445 1386 4499 αἱ
1426 4445 1671 4514 γενέσεις
1718 4446 1779 4515 ἐξ

222 4532 401 4603 ἑτέρων
442 4536 554 4588 εἰσὶ
587 4537 875 4604 γενέσεων,
923 4539 1017 4592 καὶ
1047 4539 1075 4590 ὁ
1122 4538 1217 4591 τοῦ
1256 4539 1552 4609 γεννᾶσθαι
1586 4538 1779 4611 καιρὸς

221 4618 312 4673 ἀπὸ
353 4623 449 4694 τῆς
479 4624 591 4679 τῶν
620 4626 1031 4697 γεγεννηκότων
1076 4628 1440 4698 εἱμαρμένης,
1481 4627 1663 4701 ῥᾴδιον
1711 4627 1778 4682 ἂν

223 4713 294 4780 εἴη
314 4717 420 4779 τοῖς
450 4714 656 4786 ταύτης
683 4718 941 4788 ἐρασταῖς
989 4718 1119 4787 μίαν
1150 4719 1249 4790 μὲν
1279 4718 1570 4789 ἀνθρώπου
1593 4718 1778 4773 λαϐεῖν

222 4804 432 4873 γένεσιν,
462 4807 525 4875 ἐξ
554 4808 723 4879 αὐτῆς
752 4808 809 4862 δὲ
835 4811 934 4881 τήν
961 4827 1022 4863 τε
1052 4811 1163 4865 τῶν
1192 4812 1445 4882 πατέρων
1475 4813 1654 4866 εἰπεῖν
1679 4811 1776 4865 καὶ

1879 3622 1995 3677 haec
2024 3620 2090 3673 de
2134 3617 2248 3673 fato
2291 3618 2549 3673 similiter
2596 3620 2722 3675 ista.
2779 3618 2838 3674 Si
2893 3616 3036 3687 quod
3084 3625 3339 3686 parentes
3377 3616 3460 3686 gi-

1878 3720 2071 3781 gnaut,
2089 3710 2187 3775 ait,
2221 3724 2250 3762 a
2281 3710 2479 3779 genesi
2497 3708 2783 3780 contingit,
2811 3706 3159 3763 manifestum
3192 3716 3275 3761 est
3297 3723 3325 3760 a
3360 3722 3459 3775 pa-

1878 3812 2093 3858 rentum
2122 3801 2306 3873 genesi
2334 3811 2389 3856 et
2416 3801 2649 3856 ﬁliorum
2699 3800 2967 3871 genesim,
2998 3809 3053 3856 et
3077 3800 3237 3871 hujus
3268 3797 3475 3855 horam.

1881 3896 2161 3951 deﬁnitam
2191 3910 2332 3951 esse.
2378 3894 2473 3950 Sin
2509 3896 2709 3959 minus,
2740 3910 2870 3965 ergo
2914 3895 3246 3966 gignentium
3291 3911 3458 3965 gene-

1880 3987 1957 4049 sis
1990 4000 2085 4040 eos
2116 3986 2208 4055 qui
2239 3984 2537 4056 gignuntur
2558 3999 2671 4039 non
2713 3984 2944 4055 perlicit,
2994 3974 3304 4054 frustraque
3338 3983 3454 4040 lon-

1878 4091 1979 4149 gus
2011 4077 2077 4131 de
2103 4076 2217 4132 fato
2242 4090 2424 4131 sermo
2450 4074 2699 4131 habetur.
2749 4074 2805 4130 Si
2833 4076 2978 4131 enim
3006 4076 3147 4145 quod
3189 4073 3330 4129 fetus
3373 4090 3463 4129 se-

1890 4168 2151 4235 minetur,
2202 4167 2899 4236 gesteturﬁperfectnsque
2967 4166 3050 4221 vel
3115 4166 3476 4237 imperfectus.

1879 4258 2185 4333 proveniat,
2217 4275 2247 4313 a
2276 4270 2564 4330 parentum
2599 4260 2783 4331 genesi
2815 4259 3047 4323 exsistit,
3084 4259 3290 4315 clarum
3316 4256 3475 4329 quodt

1881 4352 2089 4421 horum,
2126 4366 2343 4424 quoque
2384 4352 2516 4408 hora
2563 4351 2633 4407 ab
2687 4354 2877 4407 eadem
2921 4352 3318 4421 proficiscatur.
3360 4349 3467 4407 Sin

1881 4445 2061 4502 minus
2103 4444 2247 4512 haec,
2265 4459 2396 4515 ergo
2452 4459 2553 4499 nec
2601 4442 2710 4501 illa.
2757 4442 2879 4499 Iam
2907 4444 2953 4499 si
2984 4458 3207 4515 geneses
3236 4443 3355 4497 alia:
3392 4458 3461 4499 ex

1880 4535 2003 4591 aliis
2058 4546 2207 4599 sunt,
2267 4536 2553 4606 ipsumque
2585 4535 2842 4591 nascendi
2872 4544 3230 4600 ,momentum
3266 4533 3336 4588 ab
3368 4547 3461 4588 eo-

1879 4643 1998 4689 rum
2018 4629 2109 4699 qui
2137 4637 2440 4697 genuerunt
2465 4628 2577 4683 fato
2604 4626 2992 4698 proﬁciscitur,
3022 4626 3181 4682 facile
3202 4624 3275 4679 sit
3303 4624 3461 4694 hujus

1879 4720 2213 4775 amatoribus
2241 4734 2400 4774 unam
2440 4719 2673 4789 aliquam
2705 4718 2941 4773 hominis
2973 4731 3169 4787 capere
3187 4717 3458 4787 genesim,

1880 4820 2043 4881 atque
2066 4811 2271 4880 exipsa
2296 4819 2407 4866 tum
2430 4819 2676 4878 patrum,
2706 4819 2818 4863 tum
2849 4823 3094 4873 avorum,
3124 4807 3236 4862 lmo
3262 4817 3318 4863 et
3344 4823 3461 4862 ma-

225 4894 317 4949 τῶν
358 4899 599 4953 πάππων
636 4901 732 4953 καὶ
768 4900 879 4954 τῶν
921 4900 1003 4954 ἔτι
1038 4902 1489 4972 προπατόρωνίτ,
1526 4902 1622 4955 καὶ
1654 4900 1772 4956 τού-

1882 4903 2066 4975 jorum
2116 4900 2357 4973 genesim
2414 4900 2677 4964 indicare,
2698 4902 3003 4969 horumque
3056 4900 3298 4955 omnium
3351 4908 3459 4954 tam

225 4999 317 5038 των
348 4988 601 5046 ἁπάντων
630 4990 701 5044 τά
727 5008 788 5043 τε
830 4990 976 5062 πάθη
1010 4993 1107 5045 καὶ
1139 4992 1238 5055 τὰς
1271 4991 1499 5062 πράξεις
1554 4992 1657 5062 τῆς
1682 4991 1787 5063 ψυ-

228 5073 312 5142 κῆς
337 5079 425 5133 καὶ
455 5078 552 5131 τοῦ
604 5079 865 5149 ⁴⁹ώματος,
897 5081 966 5135 τά
999 5098 1059 5133 τε
1108 5082 1362 5152 σχήματα
1391 5082 1486 5135 καὶ
1518 5081 1786 5153 χρώματα

232 5166 309 5219 καὶ
357 5170 592 5242 μεγέθη,
630 5173 691 5225 ού
735 5173 894 5226 τοῦτο
938 5173 995 5226 δὲ
1035 5173 1217 5243 μόνον,
1253 5173 1370 5227 ἀλλ’
1399 5176 1463 5227 ὲκ
1487 5175 1585 5245 τῆς
1611 5173 1785 5244 αὐτῆς

232 5255 312 5307 καὶ
342 5260 429 5313 τοῦ
458 5262 580 5326 ἐνὸς
622 5267 884 5331 γενέσεως
913 5265 1060 5329 τίνες
1092 5266 1140 5318 οἱ
1174 5265 1565 5336 τεχθησόμενοι
1597 5281 1786 5335 προει-

232 5347 357 5412 πεῖν,
393 5352 487 5406 καὶ
513 5356 691 5409 πᾶσαν
712 5356 810 5425 τὴν
844 5357 1112 5428 ἐσομένην
1140 5357 1207 5409 ὲκ
1234 5358 1330 5428 τῆς
1361 5356 1610 5426 διαδοχῆς
1651 5372 1784 5424 συγ-

232 5435 447 5505 γένειαν,
505 5445 598 5497 καὶ
660 5446 865 5516 ταύτης
920 5447 1020 5509 τὰς
1081 5446 1309 5517 πράξεις
1360 5446 1456 5500 καὶ
1508 5447 1608 5501 ὅσα
1647 5446 1784 5499 ἄλλα

236 5531 555 5604 προείρηται,
582 5537 674 5589 καὶ
701 5538 837 5607 μήτε
859 5538 985 5601 τοὺς
1008 5539 1380 5609 παρελθόντας
1397 5539 1615 5607 ἀγνοεῖν
1644 5538 1784 5609 μήτε

237 5618 330 5671 τῶν
357 5624 620 5695 ἐσομένων
655 5630 859 5702 μηδένα
877 5648 891 5662 ο
927 5631 955 5683 ὃ
980 5632 1075 5684 καὶ
1097 5632 1252 5686 αὐτοὶ⁹
1279 5631 1347 5687 ἂν
1381 5632 1780 5701 διναγελόισαιεν⁸

1887 4992 2053 5049 animi
2077 5005 2237 5062 quam
2262 4990 2507 5061 corporis
2534 4990 2848 5047 aﬂectiones
2880 4991 3255 5062 actionesque,
3286 5005 3351 5046 ac
3383 4994 3458 5045 si-

1886 5084 1997 5139 mul
2018 5083 2241 5155 ﬁguras,
2269 5083 2479 5140 colores
2504 5092 2562 5139 et
2615 5084 3034 5153 magnitudines.
3078 5082 3192 5139 Nec
3222 5084 3325 5139 hoc
3370 5098 3460 5137 sn-

1887 5175 2018 5239 lum,
2048 5177 2143 5230 sed
2181 5175 2343 5231 etiam
2380 5192 2448 5231 ex
2482 5175 2581 5231 hac
2624 5176 2741 5246 ipsa
2781 5185 2836 5231 et
2864 5176 3009 5232 illius
3061 5175 3224 5232 unius
3276 5183 3463 5245 genesi

1886 5265 2069 5321 licebit
2114 5267 2330 5335 quinam
2385 5268 2675 5337 generandi
2718 5268 2828 5322 sint
2870 5267 3183 5337 prasdicere,
3220 5283 3465 5322 onmem-

1890 5372 1995 5427 que
2028 5358 2162 5412 adeo
2181 5357 2419 5412 futuram
2448 5374 2513 5412 ex
2534 5360 2727 5419 ordine
2752 5359 3148 5429 cognationem,
3180 5374 3302 5413 cum
3350 5358 3465 5413 suis

1890 5447 2216 5511 actionibus,
2246 5454 2301 5501 et
2333 5462 2668 5518 quacunque
2705 5447 2811 5503 alia
2852 5448 3162 5518 supradicta
3207 5457 3367 5502 sunt:
3408 5456 3468 5500 ut

1894 5553 2065 5606 neque
2115 5539 2527 5607 przeteritorum,
2580 5554 2757 5609 neque
2812 5540 3118 5596 futurorum
3176 5539 3465 5609 quisquam

1893 5630 2189 5696 ignoretur.
2222 5629 2375 5698 Quod
2427 5639 2483 5685 et
2509 5631 2726 5701 ipsimet
2748 5631 2943 5705 21Αρ
2973 5632 3261 5690 irriserint.
3289 5628 3364 5686 At
3410 5637 3473 5681 tu

1490 5727 1728 5783 VARUE
1770 5728 2179 5785 LEC'l'lONES.

307 5807 345 5838 “
366 5812 521 5880 αὐτὸς
555 5819 632 5875 A:
664 5821 835 5894 αὐτῆς
859 5841 918 5889 ς.
953 5826 997 5862 ¹⁸
1027 5824 1380 5892 ἐξοκέλλουσα
1402 5828 1466 5879 Α.
1548 5825 1592 5857 ⁸⁸
1618 5825 1717 5895 μὲν
1741 5832 1795 5881 et
1827 5839 1947 5882 mox
1980 5826 2076 5880 καὶ
2109 5826 2235 5883 add.
2262 5827 2326 5881 Α.
2404 5825 2446 5859 "
2478 5826 2922 5916 προπατέρωνᾹ.
