3924 6440
514 431 619 498 851

1670 435 1927 497 PIIOTII
1954 435 2458 497 PATRIARCHZE
2497 437 2605 497 (ΣΡ.

3655 424 3745 489 852

508 546 638 601 mihi
672 543 801 601 illud
840 557 1052 616 quoque
1077 544 1317 615 inspice:
1351 502 1634 608 Filiorum,
1664 547 1836 610 aiunt,
1869 547 2083 615 genesis

2194 547 2334 617 Ὅρα
2374 545 2433 599 δὲ
2484 545 2746 599 κάκεῖνοο
2799 541 2922 596 Τῶν
2972 538 3199 601 παίδων,
3255 534 3439 606 φασὶν,
3474 533 3510 605 ἡ
3544 531 3747 601 γένεσις

509 634 755 690 infelices
797 634 976 689 reddit
1026 644 1296 704 parentes,
1336 636 1549 692 etiamsi
1583 637 1722 691 forte
1774 653 1802 690 a
1852 636 2072 706 propria

510 727 699 796 genesi
734 725 967 785 felicitas
1006 727 1137 796 ipsis
1184 728 1447 783 attributa
1489 730 1581 782 sit.
1611 729 1887 782 Interdum
1910 727 2073 782 etiam

511 817 652 872 tollit
679 828 733 871 et
773 818 939 873 vincit
971 827 1187 888 patrum
1226 819 1465 888 genesim
1494 820 1608 887 ipsa
1659 819 1915 882 filiorum,
1948 833 2084 887 quo-

510 910 613 963 ties
674 909 923 965 videlicet
964 910 1084 966 haec
1119 909 1299 965 fatalis
1363 909 1508 965 illius
1556 909 1780 965 effectus
1833 920 1947 964 eSt:
1987 912 2082 965 sed

510 1009 565 1054 et
592 1011 802 1070 patrum
847 1004 1061 1073 genesis
1094 1002 1336 1059 infelices
1385 1004 1563 1059 reddit
1622 1002 1824 1059 liberos
1864 1015 1920 1060 et
1972 1003 2081 1058 fra-

512 1097 653 1142 trum
691 1088 907 1156 fratres,
937 1091 1296 1159 eumdemque
1334 1092 1391 1144 in
1428 1090 1643 1144 modum
1694 1091 1856 1145 etiam
1892 1091 2081 1161 conju-

513 1194 670 1248 gum;
712 1181 1061 1248 quantumvis
1100 1176 1241 1234 forte
1278 1181 1439 1234 aliam
1480 1180 1616 1234 alter
1676 1182 1873 1236 habeat
1915 1196 2082 1252 gene-

513 1268 635 1332 sim,
674 1273 730 1322 et
776 1266 994 1323 aliunde
1049 1280 1207 1323 natus
1268 1268 1363 1323 sit.
1423 1267 1490 1323 Et
1555 1268 1701 1339 quod
1770 1270 1855 1325 his
1908 1270 2085 1325 omni-

516 1357 618 1413 bus
667 1359 840 1429 magis
891 1359 1300 1430 deplorandum,
1334 1364 1549 1430 genesis
1591 1363 1734 1431 cogit
1763 1374 2086 1431 generantes

522 1449 706 1505 odium
749 1450 1025 1519 suscipere
1056 1465 1153 1520 pro
1189 1467 1375 1507 amore
1430 1467 1557 1524 erga
1600 1453 1835 1513 liberos:
1887 1452 2089 1511 liberos

516 1538 648 1592 item
678 1537 1015 1607 parentibus,
1059 1550 1223 1610 atque
1275 1541 1417 1596 inter
1441 1558 1501 1597 se
1552 1543 1773 1610 fratres,
1807 1548 2091 1617 conjuges-

514 1640 624 1695 que
658 1627 883 1685 infestos
929 1629 1126 1698 reddit,
1165 1642 1221 1687 et
1256 1634 1323 1687 ad
1369 1635 1545 1690 caedes
1585 1648 1871 1707 provocat,
1907 1640 2092 1709 itaque

519 1719 781 1775 adversus
808 1720 1038 1777 invicem
1074 1734 1250 1779 armat
1304 1736 1578 1794 naturam,
1631 1738 1689 1784 ut
1722 1740 1888 1786 totam
1914 1734 2093 1787 turbet

522 1809 926 1879 cognationem.
948 1812 1013 1866 Et
1039 1813 1126 1868 ille
1149 1814 1365 1883 quidem
1400 1817 1749 1889 lamentatur,
1773 1823 1916 1891 quod
1943 1822 2093 1877 labo-

2181 637 2581 707 κακοδαίμονας
2602 635 2645 667 ³⁸
2692 636 2840 687 ποιεῖ
2885 632 3014 696 τοὺς
3067 628 3333 700 πατέρας,
3383 625 3491 681 κᾶν
3530 622 3644 677 ἀπὸ
3664 624 3750 692 τῆς

2187 726 2322 791 ἰδίας
2369 729 2636 796 γενέσεως
2688 727 2750 783 τδ
2798 721 3121 794 εὖδαιμονη
3162 720 3346 782 αὐτοῖς
3400 712 3749 789 έϐραόεύετοο

2185 816 2297 870 ἐσθ’
2342 795 2430 871 ὅτε
2476 816 2535 871 δὲ
2568 817 2663 873 καὶ
2691 816 2907 887 ἀναιρεῖ
2930 814 3028 868 καὶ
3073 812 3199 882 νικᾷ
3228 812 3329 881 τὴν
3353 808 3464 863 τῶν
3504 795 3784 874 πατέρων¹

2186 907 2399 975 γένεσιν
2428 907 2461 977 ἡ
2489 906 2599 960 τῶν
2638 906 2845 959 τέκνων
2886 904 3123 973 γένεσις,
3161 899 3517 966 ἀποτέλεσμα
3547 892 3756 963 ἐκείνης

2184 996 2338 1054 οὖσα.
2384 998 2545 1053 Ἀλλὰ
2571 998 2666 1052 καὶ
2694 997 2859 1069 ἡτῶν
2893 996 3147 1065 πατέρων
3175 991 3391 1060 γένεσις
3417 989 3547 1051 τοὺς
3568 986 3757 1047 παῖδας

2185 1090 2592 1160 κακοδαίμονας
2643 1090 2807 1152 ποιεῖ,
2859 1087 2956 1142 καὶ
2996 1084 3259 1154 ἀδελφοὺς
3286 1084 3321 1154 ἡ
3353 1080 3463 1135 τῶν
3495 1077 3758 1146 ἀδελφῶν,

2186 1183 2283 1237 καὶ
2317 1182 2425 1236 τῶν
2468 1180 2869 1252 γεγαμηκότων
2898 1178 3120 1250 ὁμοίως,
3150 1176 3254 1229 κᾶν
3302 1173 3470 1243 ἀλλης
3501 1168 3656 1230 τινὸς
3685 1169 3760 1238 εἴη

2187 1275 2474 1344 γενέσεως,
2507 1275 2611 1329 κᾶν
2634 1272 2899 1343 ἑτέρωθεν
2920 1270 3040 1340 ἔφυ.
3071 1267 3185 1322 Καὶ
3206 1266 3270 1320 τὸ
3294 1264 3511 1318 πάντων
3550 1258 3763 1330 ἀνιαρό-

2187 1386 2361 1438 τερον,
2413 1368 2566 1437 μῖσος
2613 1368 2646 1436 ἡ
2701 1365 2915 1432 γένεσις
2972 1361 3222 1432 βιάζεται
3258 1357 3386 1420 τοὺς
3435 1353 3651 1424 φύντας
3693 1352 3764 1415 εἰς

2188 1458 2314 1522 τοὺς
2350 1457 2654 1528 φυομένους
2685 1455 2811 1510 ἀντὶ⁸
2847 1454 2947 1524 τῆς
2980 1452 3214 1522 στοργῆς
3259 1448 3426 1519 ἔχειν,
3470 1446 3569 1500 καὶ
3604 1441 3764 1497 τέκνα

2187 1552 2302 1613 τοῖς
2340 1547 2698 1619 γεγεννηκόσι
2736 1547 2831 1600 καὶ
2879 1544 3146 1615 ἀδελφοὺς
3184 1542 3323 1614 πρὸς
3366 1538 3635 1608 ἀλλήλους
3683 1537 3764 1589 καὶ

2189 1641 2317 1703 τοὺς
2351 1638 2742 1709 γεγαμηκότας
2764 1636 2909 1690 ποιεῖ
2942 1633 3271 1703 πολεμίους,
3310 1629 3406 1683 καὶ
3437 1628 3577 1698 πρὸς
3604 1627 3761 1691 ξάναι-

2194 1731 2372 1803 ρέσεις
2422 1728 2692 1802 έρεθίζει,
2744 1728 2838 1781 καὶ
2906 1726 3029 1780 κατ’
3071 1722 3319 1793 ἀλλήλων
3398 1719 3612 1781 ὁπλίζει
3677 1714 3764 1785 τὴν

2201 1822 2384 1893 φύσιν,
2435 1822 2565 1893 ὅλην
2614 1819 2967 1890 ταράσσουσα
3023 1814 3124 1887 τὴν
3178 1811 3520 1881 συγγένειαν.
3574 1806 3694 1860 Καὶ
3740 1807 3767 1858 ἁ

522 1908 607 1954 ret
639 1899 799 1967 ﬁlius,
825 1901 907 1957 vel
931 1911 1139 1958 mortua
1170 1906 1242 1959 sit
1270 1921 1427 1974 uxor,
1459 1920 1554 1963 aut
1586 1889 1853 1976 maritus,
1881 1912 2093 1982 ignarus

2207 1889 2306 1984 μὲν
2332 1889 2644 1985 ὀδύρετγαι²⁰
2674 1889 2808 1965 διότι
2869 1908 3018 1962 νοσεῖ
3071 1908 3101 1960 ὁ
3156 1906 3289 1967 παῖς
3349 1902 3383 1972 ἢ
3418 1901 3690 1970 τέθνηκεν
3737 1898 3767 1966 ἡ

522 1991 742 2046 interim
794 1992 936 2062 quod
974 1994 1166 2049 horum
1214 1996 1472 2069 cujusque
1512 2010 1566 2054 et
1595 2003 1828 2071 genesis,
1860 2014 1914 2059 et
1944 2020 2095 2060 amo-

522 2095 640 2136 rem
690 2083 919 2139 invicem
968 2089 1278 2143 necessaria
1335 2091 1658 2157 conciliarit,
1687 2103 1743 2149 et
1775 2093 2093 2165 infortunia,

522 2169 650 2226 dum
689 2186 877 2228 eorum
922 2175 1013 2244 qui
1054 2180 1377 2234 amabantur
1427 2182 1577 2236 exitu
1614 2182 1828 2240 dolores
1866 2188 2095 2245 acerbos

524 2262 732 2332 objicit.
764 2264 1012 2322 llmccine
1068 2269 1288 2338 sapiens
1325 2274 1614 2344 quisquam
1657 2274 1835 2331 ferat?
1859 2278 2094 2335 Rursum

524 2356 771 2413 infelices
803 2371 990 2414 servos
1035 2374 1155 2416 esse
1174 2377 1270 2431 per
1315 2363 1657 2421 dominorum
1690 2370 1932 2438 genesim
1970 2387 2095 2440 pro-

525 2448 729 2519 digiose
755 2449 915 2505 iidem
947 2451 1227 2508 referunt:
1280 2456 1516 2528 itemque
1559 2475 1869 2530 caprarum,
1908 2463 2093 2528 boum,

524 2549 582 2603 et
606 2540 831 2598 aliorum
853 2544 1204 2601 animantium
1232 2562 1443 2618 greges,
1479 2566 1575 2620 per
1619 2553 1857 2622 genesim
1882 2569 2097 2625 posses-

526 2634 703 2699 soris;
749 2644 806 2687 ut
845 2645 900 2690 et
929 2634 1175 2709 integros
1204 2642 1475 2696 exercitus
1514 2657 1611 2711 per
1641 2646 1884 2715 genesim
1933 2649 2096 2718 regis.

526 2724 604 2778 Ita
635 2725 1057 2784 innumerabiles
1100 2745 1328 2799 geneses
1361 2747 1459 2803 per
1497 2734 1714 2790 unicam
1762 2736 1909 2792 illam
1938 2741 2096 2793 unius

527 2824 737 2871 tantum
792 2818 1045 2885 hominis,
1097 2822 1213 2878 sive
1267 2825 1333 2878 ad
1366 2824 1611 2893 meliora,
1656 2828 1772 2885 sive
1822 2831 1889 2884 ad
1942 2832 2090 2886 dete-

528 2908 668 2961 riora
721 2918 1067 2967 avertuntur:
1119 2922 1174 2967 et
1216 2916 1433 2983 quidem
1488 2927 1597 2972 tam
1652 2918 1890 2975 felicium
1930 2938 2093 2992 quam

527 2994 844 3064 infelicium,
873 3015 993 3068 quae
1036 3002 1105 3056 ob
1127 3003 1287 3059 unius
1321 3008 1561 3075 genesim
1611 3010 1848 3066 infinitas
1896 3012 2098 3067 habent

527 3089 819 3146 varietates
874 3100 1116 3160 aetatum,
1165 3110 1454 3163 annorum,
1509 3102 1799 3166 mensium,
1862 3103 2094 3171 dierum,

2195 2006 2334 2078 γυνὴ
2384 2005 2418 2077 ἢ
2446 2006 2475 2058 ὁ
2511 2005 2672 2075 ἀνὴρ,
2694 2002 2879 2071 ἀγνοεῖ
2905 2000 2963 2053 δὲ
2990 1999 3074 2052 ὅτι
3099 1998 3135 2069 ἡ
3163 1995 3371 2049 τούτων
3400 1992 3517 2056 ἑνὸς
3541 1992 3766 2044 ἑκάστου

2192 2095 2407 2165 γένεσις
2451 2093 2547 2148 καὶ
2588 2092 2810 2161 ἀγαπᾷν
2842 2088 3107 2158 ἀλλήλους
3143 2083 3422 2154 ἠνάγκασε
3473 2080 3572 2135 καὶ
3601 2096 3766 2133 κακο-

2193 2187 2489 2256 δαιμονεῖν,
2524 2180 2798 2254 δριμείαις
2825 2178 3041 2241 ὀδύναις
3078 2173 3502 2246 περιϐάλλουσα,
3535 2172 3661 2233 ταῖς
3686 2187 3766 2222 τε-

2193 2278 2408 2340 λευταῖς
2426 2274 2536 2330 τῶν
2562 2270 2959 2344 στεργομένων.
2985 2265 3173 2321 Ταῦτα
3198 2263 3427 2329 ἀνέξοιτ’
3448 2263 3515 2317 ἀν
3539 2278 3625 2324 τις
3651 2260 3766 2312 νοῦν

2194 2368 2365 2438 ἔχωνς
2420 2366 2583 2420 πάλιν
2640 2362 2861 2426 δούλους
2910 2358 3330 2426 κακοδαιμονεῖν
3376 2353 3485 2407 ὑπὸ
3543 2353 3645 2421 τῆς
3679 2350 3766 2403 τοῦ

2194 2459 2457 2513 δεσπότου
2503 2455 2772 2526 γενέσεως
2801 2448 3206 2523 τερατεύονται,
3242 2446 3337 2500 καὶ
3368 2443 3542 2513 αίγῶν
3568 2442 3766 2509 ἀγέλας

2197 2551 2290 2605 καὶ
2343 2549 2478 2621 βοῶν
2519 2546 2554 2617 ἢ
2600 2547 2710 2600 τῶν
2737 2545 2916 2600 ἄλλων
2968 2540 3124 2607 ζώων
3173 2538 3280 2592 ύπὺ
3319 2536 3419 2607 τῆς
3446 2533 3542 2589 τοῦ
3574 2550 3767 2601 κεκτη-

2198 2645 2385 2713 μένου,
2416 2641 2512 2696 καὶ
2552 2638 2892 2711 στρατόπεδα
2926 2634 3091 2688 πάλιν
3114 2630 3203 2686 διά
3228 2630 3327 2701 τὴν
3353 2627 3449 2682 τοῦ
3478 2626 3763 2713 βασιλέως

2195 2712 2291 2788 καὶ
2341 2730 2601 2785 τοσαῦται
2649 2728 2907 2799 μυριάδες
2952 2724 3223 2794 γενέσεων
3252 2717 3650 2788 ἀνατρέπονται
3686 2712 3767 2769 διὰ

2196 2825 2293 2896 τὴν
2339 2823 2433 2877 τοῦ
2480 2822 2602 2886 ένδς
2631 2821 2666 2892 ἢ
2712 2820 2847 2889 πρὸς
2872 2814 2935 2870 τὸ
2979 2818 3163 2887 χεῖρον
3194 2811 3229 2883 ἥ
3265 2809 3405 2882 πρὸς
3429 2807 3492 2861 τὸ
3523 2807 3765 2877 ἄμεινον,

2197 2918 2372 2972 καίτοι
2425 2930 2491 2984 γε
2536 2915 2646 2967 τῶν
2700 2908 3075 2979 εὐτυχούντων
3120 2905 3155 2974 ἢ
3192 2898 3653 2972 δυσπραγούντων
3689 2897 3790 2953 διὰ.

2196 3009 2295 3079 τὴν
2319 3006 2415 3061 τοῦ
2443 3006 2564 3069 ἑνὸς
2591 3004 2809 3072 γένεσιν
2867 3000 3069 3072 μυρίας
3110 2996 3343 3065 ἑχόντων
3367 2991 3631 3061 διαφορὰς
3660 2990 3766 3058 ήλιο

2198 3099 2356 3166 κιῶν,
2407 3095 2689 3161 ἐνιαυτῶν,
2746 3092 2954 3164 μηνῶν,
2980 3089 3230 3160 ἡμερῶν,
3281 3084 3462 3156 ὡρῶν,
3505 3082 3765 3151 πατέρων,

528 3178 829 3246 horarum,
865 3192 1100 3251 patrum,
1156 3197 1415 3255 matrum,
1463 3200 1853 3261 cognatorum:
1896 3193 2005 3248 imo
2043 3203 2093 3247 et

532 3267 672 3289 ιλ-..
718 3270 981 3289 -.--ᾉ.Ι-ᾲκ
1020 3287 1027 3289 ,
1216 3276 1246 3289 ,ι
1587 3280 1599 3289 .
1767 3281 1778 3289 .
1838 3282 1869 3289 .-
2014 3283 2024 3289 .

2201 3192 2473 3264 μητέρων,
2507 3186 2810 3256 συγγενῶν,
2865 3184 2961 3289 καὶ
2985 3183 3076 3235 τὸν
3105 3181 3270 3289 αύτὺῖ
3291 3178 3409 3289 ἔσθ’
3423 3177 3525 3289 ire
3555 3172 3646 3289 τοΞ
3677 3172 3767 3289 2a-

532 3267 677 3322 idem
713 3270 1039 3341 quandoque
1091 3276 1281 3329 mortis
1325 3292 1495 3346 genus
1555 3280 1670 3334 sive
1728 3281 1928 3352 gladio,
1983 3283 2097 3338 sive

530 3358 690 3427 mari,
720 3360 836 3415 sive
862 3360 1027 3415 simili
1051 3361 1233 3431 aliquo
1276 3380 1405 3419 casu
1446 3367 1697 3423 subeunt.
1742 3371 1993 3425 Attamen
2017 3372 2099 3424 in-

528 3451 691 3505 venio
713 3466 814 3522 ego
848 3462 906 3507 et
968 3469 1247 3509 servorum
1319 3469 1482 3527 atque
1536 3459 1768 3515 militum
1832 3463 2098 3531 genesim,

528 3546 795 3615 quomodo
814 3546 911 3617 ipsi
933 3548 1240 3619 loquuntur,
1270 3551 1430 3608 heros
1456 3567 1714 3622 regesque
1736 3566 2100 3624 superantem.

530 3636 785 3693 Fallaciis
831 3640 976 3692 enim
1009 3640 1065 3694 hi
1098 3651 1191 3695 aut
1227 3640 1498 3698 lenocinio
1547 3644 1817 3700 interdum
1852 3647 2103 3704 dominos

528 3728 619 3784 vel
661 3729 766 3783 alia
819 3732 1075 3802 quapiam
1134 3736 1345 3789 ratione
1387 3737 1799 3807 aggrediuntur,
1842 3755 1937 3795 sua
1984 3740 2105 3797 illos

533 3818 718 3886 genesi
769 3818 823 3873 in
856 3822 1106 3877 dominos
1167 3835 1432 3879 armante.
1475 3825 1628 3892 Quod
1668 3828 1714 3883 si
1747 3828 1886 3885 forte
1931 3833 2105 3900 patris

532 3907 767 3967 familias
812 3914 1054 3981 genesim
1095 3912 1238 3970 hanc
1272 3916 1446 3971 servis
1490 3918 1626 3973 dare
1658 3921 1885 3975 nocendi
1918 3931 2108 3992 poten-

532 4002 661 4061 tiam
695 4003 950 4071 dixerint,
997 4007 1169 4076 magis
1204 4009 1369 4063 etiam
1415 4008 1784 4068 difﬁcultatem
1812 4016 2105 4084 augebunt.

530 4092 647 4153 Non
679 4095 850 4152 solum
877 4101 1022 4153 enim
1053 4099 1217 4173 [non]
1244 4101 1528 4160 inferiores
1566 4119 1688 4160 esse
1743 4106 1990 4162 subditos
2016 4122 2114 4163 co-

2199 3286 2360 3339 νὰτου
2402 3281 2605 3352 τρόπον
2650 3276 3064 3347 ὑπερχομένων,
3106 3275 3198 3328 τὸν
3226 3272 3316 3325 διὰ
3365 3269 3585 3339 σιδήρου
3617 3266 3650 3335 ἢ
3677 3264 3767 3318 Θα-

2197 3380 2404 3448 λάσσης
2431 3376 2466 3446 ἡ
2487 3390 2639 3438 τινος,
2652 3370 3038 3444 παραπλησίου
3067 3364 3495 3438 συμπτώματος.
3523 3357 3766 3428 Εὑρίσκω

2198 3470 2269 3524 δὲ
2286 3470 2460 3539 ἔγωγε
2486 3465 2581 3521 καλ⁹
2603 3467 2704 3535 τὴν
2726 3464 2835 3518 τῶν
2862 3461 3091 3515 οἰκετῶν
3113 3460 3149 3530 ἢ
3177 3453 3528 3528 στρατιωτῶν
3546 3451 3767 3519 γένεσιν,

2200 3567 2277 3630 ῶς
2318 3563 2385 3618 ἂν
2417 3561 2572 3617 αὐτοὶ
2615 3560 2794 3629 φαῖεν,
2840 3554 3150 3626 κρατοῦσαν
3182 3547 3277 3603 τοῦ
3308 3544 3572 3600 δεσπότου
3607 3541 3639 3612 ἢ
3671 3539 3760 3592 τοῦ

2204 3658 2500 3732 βασιλέως·
2553 3652 2810 3709 ἀπατῶσι
2854 3649 2965 3719 γὰρ
3008 3646 3044 3718 ἢ
3098 3643 3512 3715 φαρμάττουσιν
3556 3635 3660 3732 ἔσθ’
3682 3634 3767 3695 ὅτε

2202 3727 2329 3815 τοὺς
2373 3746 2659 3810 δεσπότας,
2700 3743 2734 3815 ἢ
2773 3742 2867 3796 καὶ
2912 3738 3089 3801 ἄλλως
3126 3734 3502 3795 ἐπιτίθενται,
3541 3727 3638 3798 τῆς
3675 3742 3763 3795 γε·

2205 3843 2406 3905 νέσεως
2437 3837 2635 3898 αὐτοὺς
2676 3833 2818 3890 κατά
2846 3831 2956 3885 τῶν
2986 3828 3214 3901 κυρίων·
3236 3822 3588 3892 ὁπλιζούσης.
3626 3818 3684 3872 El
3710 3816 3765 3869 δὲ

2206 3937 2416 4005 λέγοιεν
2459 3932 2559 4004 τὴν
2594 3928 2692 3984 τοῦ
2739 3923 3120 3981 οἰκοδεσπότου
3154 3920 3371 3989 γένεσιν
3420 3917 3536 3980 τοῖς
3581 3910 3765 4005 δούλοις

2207 4003 2407 4082 διδόναι
2435 4003 2536 4093 τὴν
2564 4022 2718 4091 ἰσχὺν
2744 4017 2839 4073 τοῦ
2882 4013 3249 4083 κακοποιῆσαι
3267 4051 3283 4077 ,
3313 4008 3544 4063 πλείονα
3576 4003 3764 4059 ποιοῦσι

2209 4119 2308 4189 τὴν
2337 4114 2592 4186 ἀπορίαν.
2630 4110 2753 4184 [681
2779 4106 2897 4180 ft]
2934 4107 3009 4160 υύ
3040 4104 3149 4175 γὰρ
3180 4103 3342 4174 μόνον
3367 4094 3764 4189 ἡττᾶσθαι

532 4187 643 4255 egit
667 4190 1007 4250 dominorum
1038 4196 1274 4263 genesis,
1304 4199 1401 4251 sed
1438 4204 1701 4267 praeterea
1744 4199 1893 4253 illum
1934 4199 2093 4268 ipsuu

2213 4182 2491 4280 ὑπηκόου-ς
2520 4182 2801 4275 ἠνάγκασε
2854 4200 2947 4254 τοῦ
2994 4196 3330 4269 βασιλέωςή
3372 4192 3609 4262 γένεσις,

532 4282 771 4348 vincere,
790 4283 944 4353 cujus
965 4295 1050 4339 est
1079 4289 1326 4355 genesis;
1351 4297 1514 4358 atque
1534 4304 1629 4344 eos
1654 4290 1744 4359 qui
1774 4305 1873 4359 pro
1886 4305 1984 4346 suo
2002 4291 2093 4346 fati

2214 4276 2515 4359 καὶ-αὑτοῦ
2559 4296 2786 4368 κρατεῖν
2834 4286 2896 4347 οὗ
2941 4293 3060 4345 ἐστι
3111 4288 3241 4361 [555
3285 4283 3381 4357 Η.]
3416 4284 3656 4352 γένεσις,
3682 4276 3762 4331 καὶ

532 4389 809 4443 nunquam
846 4386 1050 4432 tantum
1091 4380 1206 4433 ausi
1238 4380 1489 4447 fuissent,
1523 4383 1667 4450 regis
1698 4382 1791 4436 illa
1816 4383 2031 4451 genesis
2060 4384 2093 4437 it

2215 4394 2341 4456 τοὺς
2383 4391 2485 4444 οὐκ
2532 4389 2599 4443 ἂν
2629 4387 2739 4441 ἀπὸ
2766 4384 2973 4447 οίκείας
3017 4379 3362 4453 εἱμαρμένης
3392 4376 3552 4431 τοῦτο
3586 4370 3761 4441 τολμή-

532 4469 822 4536 ipsummet
852 4471 1154 4539 iprovocat.
1212 4471 1348 4527 Nam
1403 4473 1519 4529 fieri
1558 4474 1783 4531 omnino
1817 4477 2027 4545 nequit,
2060 4493 2093 4532 u

2221 4500 2419 4545 σαντας
2465 4484 2500 4552 ἡ
2544 4479 2640 4533 τοῦ
2680 4477 2945 4550 βασιλέως
2974 4474 3178 4545 ἐγείρει
3213 4472 3336 4529 κατ’
3364 4467 3566 4525 αὐτοῦο
3591 4467 3647 4518 οὐ
3673 4462 3760 4531 γὰρ

536 4571 618 4615 tot
637 4562 796 4620 simul
819 4562 1045 4617 militum
1070 4580 1296 4635 geneses
1332 4566 1392 4620 in
1428 4566 1629 4637 215a
1659 4568 1862 4623 domini
1886 4578 2093 4625 morten

2194 4592 2196 4611 ’
2222 4569 2334 4629 οἷόν
2361 4591 2420 4626 τε
2467 4570 2738 4626 τοσούτων
2775 4568 2911 4642 ὁμοῦ
2945 4566 3299 4638 στρατιωτῶν
3329 4565 3573 4630 γενέσεις
3596 4557 3667 4619 εἰς
3688 4553 3758 4606 τὸν

534 4653 867 4721 conspirant.
905 4653 1155 4713 Civitatis
1196 4658 1325 4712 item
1349 4659 1565 4729 genesis
1589 4660 1643 4714 in
1677 4659 1985 4717 universam
2022 4662 2093 4719 ln-

2214 4667 2360 4722 κατά
2405 4664 2499 4718 τοῦ
2545 4663 2809 4718 δεσπότου
2840 4662 3074 4719 θάνατον
3127 4657 3464 4728 συμφωνεῖν.
3501 4649 3693 4722 Κρατεῖ
3716 4642 3758 4695 δὲ

535 4746 775 4799 colarum
817 4747 1216 4803 multitudinem
1268 4749 1552 4813 imperium
1591 4751 1824 4808 obtinet.
1880 4752 2093 4820 Quandt

2218 4759 2310 4812 καὶ
2354 4756 2460 4827 τῆς
2502 4753 2711 4818 πόλεως
2768 4754 2803 4824 ὴ
2849 4751 3065 4822 γένεσις
3096 4747 3194 4802 τοῦ
3228 4745 3473 4816 πλήθους
3517 4740 3620 4794 τῶν
3645 4740 3757 4790 ἐνοι-

535 4838 677 4891 enim
711 4839 823 4893 hac
860 4840 1079 4905 decidit,
1130 4839 1372 4896 infinitas
1415 4851 1635 4898 aetatum
1662 4845 1954 4902 varietates
1994 4848 2093 4917 plu-

2213 4822 2463 4903 κούντωύ
2477 4863 2490 4877 ·
2528 4822 2951 4902 καταπίπτουσα
2981 4843 3091 4915 γὰρ
3118 4839 3346 4912 ἡλικιῶν
3385 4835 3589 4908 μυρίας
3614 4831 3764 4896 διαφο-

536 4932 687 4986 ribus
738 4933 1024 5003 genesibus
1064 4934 1400 4989 distinctase
1446 4937 1625 4993 medio
1655 4938 1815 5004 tollit,
1863 4955 1972 4996 uno
2006 4942 2093 4997 Ιιοι

2217 4943 2353 5014 ρας,
2416 4940 2642 5012 μυρίαις
2704 4936 2954 5007 γενέσεσι
3015 4929 3436 5002 διοικουμένας,
3507 4917 3759 5014 hama?»

537 5024 837 5094 eodemque
891 5023 1107 5079 excidio
1158 5033 1433 5083 evertens.
1481 5028 1563 5083 Ad
1616 5030 1868 5085 eumdem
1899 5046 2093 5101 quoque

2212 5007 2392 5105 ιρθορᾷ
2417 5007 2537 5103 -μιπᾷ
2583 5031 2677 5083 καὶ
2727 5030 2792 5099 τῇ
2848 5028 2989 5097 αὐτῇ
3022 5020 3435 5092 διαφθείρουσα.
3471 5016 3582 5071 Καὶ
3610 5016 3637 5067 ὁ
3681 5007 3764 5079 ἀὴρ

538 5117 757 5171 modum
788 5126 843 5172 et
875 5132 970 5172 aer
1000 5118 1341 5191 [corruptus]
1369 5130 1423 5175 et
1452 5120 1723 5176 diluvium
1766 5131 1938 5178 totam
1970 5139 2093 5195 saepi

2213 5104 2437 5199 ὁμοίως,
2466 5125 2563 5179 καὶ
2604 5121 2993 5191 κατακλυσμὸς
3026 5117 3292 5180 ὡσαύτως
3321 5111 3615 5183 ὁλόκληρον
3640 5104 3764 5199 ἔθνος

538 5218 752 5279 gentem
775 5210 949 5277 delet;
980 5225 1154 5280 neque
1182 5212 1327 5266 enim
1352 5223 1574 5281 possunt
1594 5223 1672 5269 tot
1692 5231 1921 5285 geneses
1950 5233 2093 5271 unun

2216 5195 2530 5289 ἀφανίζων*
2584 5218 2645 5270 οὐ
2693 5215 2802 5287 γὰρ
2840 5210 2953 5267 οἷόν
2981 5228 3041 5265 τε
3094 5208 3364 5271 τοσαύτας
3388 5204 3632 5275 γενέσεις
3661 5195 3762 5269 μίαν

542 5303 732 5359 mortis
760 5315 929 5373 genus
960 5302 1222 5359 nancisci.
1248 5304 1305 5359 Si
1343 5305 1465 5374 quis
1494 5320 1655 5374 porro
1685 5307 1814 5363 illud
1864 5309 1967 5363 etsi
2015 5310 2093 5362 im

2223 5312 2366 5383 ἔχειν
2398 5309 2539 5363 ἰδέαν
2589 5307 2842 5362 θανάτου.
2896 5304 2962 5358 Ei
3012 5301 3074 5355 δέ
3131 5318 3217 5363 τις
3279 5297 3378 5352 καὶ
3427 5295 3491 5349 τὸ
3540 5289 3765 5383 ἀδύνατον

541 5394 798 5463 possibile
835 5394 930 5458 sit,
960 5394 1210 5456 admittat
1245 5407 1426 5453 tamen
1473 5414 1706 5467 rursum,
1734 5398 1959 5474 [dicam]
1985 5402 2093 5456 civil

2223 5374 2383 5457 τοῦτο
2413 5399 2746 5471 συγχωροίη,
2793 5397 2957 5451 πάλιν
2999 5395 3101 5467 ﬂ“
3128 5393 3228 5462 τῆς
3273 5390 3485 5452 πόλεως
3521 5374 3764 5474 γένεσις

545 5485 671 5539 tatis
689 5484 772 5539 vel
794 5486 936 5540 aeris
957 5487 1171 5556 genesis
1196 5504 1226 5543 a
1251 5488 1612 5546 multitudinis
1634 5486 1826 5562 genesi
1858 5492 2093 5546 vertitur

2224 5495 2318 5547 τοῦ
2346 5465 2643 5564 ἀέρος
2671 5465 2771 5562 τῆς
2792 5489 2902 5543 τῶν
2926 5465 3145 5542 πολλῶν
3172 5484 3579 5553 ἀνατέτραπται
3595 5489 3609 5503 ⁶
3631 5465 3763 5564 xei”

547 5585 706 5645 atque
720 5590 750 5631 e
770 5575 979 5633 duobus
999 5577 1225 5635 alterum
1239 5578 1711 5661 [concedendum],
1728 5581 1811 5637 vel
1833 5582 2093 5637 multorum

2232 5584 2377 5637 δυοῖν
2402 5561 2651 5656 θάτερον,
2674 5584 2709 5653 ἢ
2733 5561 2836 5646 τὰς
2857 5580 2965 5635 τῶν
2989 5576 3199 5632 πολλῶν
3219 5573 3504 5647 ἀκυρῶσαι
3526 5568 3616 5640 τὴν
3636 5561 3762 5636 μίαν,

1828 5723 2063 5780 ἾᾹΒΙᾹΖ
2114 5719 2517 5780 LECTIONES.

627 5836 671 5867 ’⁸
702 5837 1084 5920 κακεζδαίμοζδος
1119 5857 1178 5920 ςε
1261 5839 1305 5920 ξ’
1333 5839 1585 5920 εὺδξῖμον
1609 5844 1673 5901 Α.
1755 5847 1802 5878 ²⁰
1828 5846 2181 5920 ὀδύρεταιῦΑ
2203 5865 2214 5903 :
2238 5844 2476 5918 ὠδύρετο
2509 5860 2573 5908 ς.
2640 5842 2681 5875 ²¹
2702 5840 2917 5911 ἀναιρεῖ
2947 5838 3037 5907 φθ.
3070 5856 3130 5904 ς.
3200 5834 3245 5866 ¹¹
3274 5828 3330 5903 ἢ]
3357 5830 3388 5901 ἢ
3416 5830 3448 5902 ἡ
3477 5826 3534 5881 C-
3604 5812 3762 5885 "Mil

553 5906 781 5966 fortasse
828 5906 1239 5979 legendum'tbg,
1264 5910 1304 5969 i.
1339 5927 1387 5967 e.
1423 5906 1586 5971 ῶάτε.
1925 5906 1936 5920 ⁸
2355 5906 2367 5918 ’
2523 5906 2529 5921 ῖ
