4014 6416
200 423 289 492 853

1214 420 1746 482 BIBLIOTHECA.
1784 443 1855 455 -
1891 419 2056 479 COD.
2099 420 2411 483 CCXXIII.

3302 431 3409 495 8:34

202 537 437 614 ηταύτην
482 539 546 610 τῇ
591 536 698 591 τῶν
741 534 957 591 πολλῶν
993 536 1357 609 ἀκολουθῆσαι
1399 538 1499 609 τῆς
1529 536 1737 598 οίκείας

1857 537 2080 608 genesim
2108 539 2175 593 ab
2213 539 2300 592 illa
2339 552 2445 592 una
2491 538 2705 594 irritam
2743 539 2915 606 reddi,
2960 542 3043 597 vel
3081 554 3232 600 certe
3263 546 3426 614 hanc,

196 629 566 700 ἁποσπωμένην
610 628 911 699 ἐνεργείας.
953 629 1034 683 Τὰ
1065 629 1110 684 δ’
1149 631 1291 684 αὐτὰ
1321 631 1504 701 λέγειν
1532 632 1600 686 ἂν
1649 632 1736 701 ετη

198 727 279 779 καὶ
306 722 423 794 περὶ
448 720 616 786 ξύλων
654 721 767 774 atat:
793 721 1003 793 χόρτων
1043 725 1138 777 καὶ
1165 723 1404 793 βοτανῶν
1448 725 1545 779 καὶ
1579 723 1736 788 ζώων

197 817 444 871 ἁπάντων.
478 817 539 869 El
562 815 745 868 τοίνυν
794 815 853 868 al
882 815 1130 884 γενέσεις
1179 816 1272 870 ὑπ’
1312 815 1558 888 ἀλλήλων
1603 817 1737 871 ἁνα-

194 907 473 978 τρέπονται,
507 907 599 960 καὶ
627 908 684 960 αἱ
716 907 814 978 μὲν
830 907 940 961 τῶν
963 908 1171 961 παίδων
1198 907 1294 971 τὰς
1322 906 1433 960 τῶν
1457 906 1736 979 πατέρων,

195 1000 243 1053 αἱ
285 999 337 1056 δὲ
385 998 582 1052 τούτων
630 999 727 1063 τὰς
785 999 1012 1055 ἐκείνων
1067 999 1374 1071 ἀναιροῦσι,
1406 1000 1501 1053 καὶ
1530 1000 1590 1053 αῖ
1628 998 1739 1053 τῶν

196 1090 437 1157 ωζυγιῶν
476 1090 576 1152 τὰς
619 1090 870 1158 ἀλλήλων
898 1132 912 1156 ,
967 1090 1062 1145 καὶ
1102 1094 1156 1145 αἱ
1202 1090 1310 1144 τῶν
1368 1090 1557 1144 οίκιῶν
1611 1090 1740 1155 τοὺς

195 1181 506 1243 ἐνοικοῦντας
535 1183 569 1252 ἢ
602 1184 659 1236 αῖ
712 1182 920 1237 τούτων
967 1184 1066 1247 τὰς
1113 1183 1224 1237 τῶν
1269 1184 1604 1255 οἰκημάτων,
1647 1184 1741 1238 καὶ

193 1277 355 1340 ἁπλῶς
405 1277 504 1329 ὅσα
550 1275 899 1347 προείρηται,
932 1274 1273 1346 πανταχόθεν
1310 1276 1344 1347 ή
1376 1276 1590 1344 γένεσις
1614 1277 1740 1329 ἐαυ-

195 1370 277 1440 τὴν
299 1368 552 1440 ἀνέτρεψε
598 1370 694 1423 καὶ
717 1369 980 1425 διέλυσεν.
1018 1369 1159 1423 Ἀλλ’
1191 1368 1333 1425 οὕτω
1365 1370 1466 1442 μὲν
1493 1370 1556 1424 τὸ
1580 1369 1623 1441 β’
1646 1369 1743 1425 καὶ

200 1469 241 1532 μ’
262 1461 565 1531 κεφάλαιον.

260 1646 339 1703 Ἐν
350 1645 406 1700 δὲ
424 1644 501 1716 τῷ
517 1644 570 1714 γ’
594 1645 689 1699 καὶ
713 1650 766 1716 μ’
791 1645 959 1716 φησὶν
981 1645 1065 1699 ὅτι
1096 1644 1370 1710 ποικίλαις
1397 1645 1495 1717 μὲν
1512 1646 1745 1717 πράξεσι

195 1738 275 1793 καὶ
293 1738 511 1793 πάθεσιν
544 1738 579 1810 ἢ
614 1740 871 1808 φυσικαῖς
901 1737 1298 1809 ἢαύθαιρέτοις
1318 1738 1388 1793 τὰ
1404 1741 1495 1794 ἐπὶ
1518 1742 1622 1812 γῆς
1651 1741 1748 1796 καὶ

195 1829 253 1883 τὰ
275 1830 337 1883 ἐν
356 1830 479 1902 ἀέρι
511 1832 611 1885 κα)⁸
662 1831 721 1884 ὲν
757 1830 997 1905 θαλάττῃ
1044 1832 1140 1885 καὶ
1174 1832 1336 1902 ἡμεῖς
1375 1831 1746 1904 ὁμολογοῦμεν

196 1922 477 1976 ὑποκεῖσθαι
498 1938 515 1954 ο
536 1921 599 1975 τὸ
613 1921 671 1976 δὲ
693 1922 941 1992 ἀνάγκην
961 1922 1303 1994 εἱμαρμένην
1329 1923 1546 1977 πάντων
1569 1923 1748 1978 αἰτίαν

198 2009 322 2067 εἶναι
347 2014 438 2067 καὶ
460 2013 849 2084 ἐκτρεπόμεθα
868 2013 960 2067 καὶ
978 2012 1344 2084 διελέγχομεν,
1362 2013 1470 2067 ἀπὸ
1497 2014 1607 2068 τῶν
1622 2013 1756 2084 ἀψύ-

196 2120 285 2173 χων
302 2104 590 2175 ἀρχόμενοι
622 2104 715 2157 καὶ
736 2105 818 2168 είς
838 2104 907 2158 τὰ
930 2104 1100 2172 ἄλογα
1141 2103 1258 2167 ζῶα
1303 2104 1752 2175 μεταϐαίνοντες,

195 2193 374 2248 ἐκεῖθεν
396 2196 475 2258 είς
498 2195 634 2258 τοὺς
679 2194 935 2263 λογικοὺς
971 2194 1294 2266 ἀνθρώπους
1323 2195 1752 2261 διαϐιϐάζοντεςο

195 2286 392 2357 Μάγνης
407 2285 543 2355 γοῦν
561 2286 591 2339 ὁ
609 2285 755 2350 λίθος
775 2285 993 2358 σίδηρον
1014 2284 1274 2355 ἁρπάζει,
1292 2286 1389 2340 καὶ
1405 2287 1503 2356 οὐχ
1520 2284 1755 2358 ἁρπάζει

198 2380 334 2449 μόνον
353 2420 369 2442 ,
397 2379 539 2433 ἀλλὰ
568 2381 663 2434 καὶ
688 2378 921 2451 δύναμιν
950 2378 1226 2449 ἐντίθησιν
1257 2378 1445 2451 ἕτερον
1476 2379 1748 2451 ἁρπάσαι,

198 2474 417 2536 κάκεῖνος
447 2471 617 2527 πάλιν
654 2471 815 2527 ἄλλον
853 2472 1014 2545 μέχρι
1061 2472 1346 2529 πλειόνων.
1388 2472 1755 2543 Δίκταμνος¹⁸

196 2564 413 2638 ήβοτάνη
441 2566 611 2620 πάλιν
638 2568 754 2631 τοῖς
786 2566 1013 2629 ίοϐόλοις
1037 2565 1157 2620 ἐστὶ
1181 2566 1445 2637 πολέμιος
1467 2581 1482 2596 ο
1514 2567 1611 2620 καὶ
1642 2566 1753 2638 γὰρ

197 2658 274 2709 καὶ
293 2657 452 2729 μόνης
472 2659 580 2729 τῆς
609 2658 787 2729 ὀσμῆς
815 2657 1329 2729 ἀντιλαμϐανόμενα
1355 2659 1436 2721 είς
1458 2657 1517 2711 τὸ
1538 2656 1755 2729 ἀνενέρ.

195 2763 335 2816 γητον
381 2749 736 2820 μεταϐάλλει.
789 2747 900 2801 Καὶ
950 2747 1191 2818 βοτανῶν
1226 2747 1574 2818 ἁγλαοφωτῖς
1618 2749 1755 2819 μόνη

194 2841 416 2896 τοσοῦτον
448 2843 505 2896 ὲν
558 2842 715 2895 νυκτὶ
736 2841 945 2911 λάμπει
975 2841 1157 2910 ὅσονή
1190 2840 1532 2912 προσηγορία
1563 2839 1751 2911 δηλοῖ,

195 2934 374 2987 καὶτὸν
398 2933 785 3004 ἐπιθυμοῦντα
809 2934 998 2989 λαϐεῖν
1025 2932 1219 3004 φεύγει
1244 2975 1259 3001 ,
1286 2935 1382 2987 καὶ
1407 2933 1580 2986 ταῦτα
1605 2934 1758 3005 epei-

196 3024 385 3098 ζωμένη
414 3027 592 3080 τόπον
633 3027 699 3079 ἐκ
728 3027 895 3079 τόπου
929 3026 1082 3097 παρὰ
1112 3025 1278 3095 φύσιν
1314 3024 1715 3096 μεταϐαίνουσα
1737 3038 1753 3056 ⁸

193 3115 243 3168 οὐ
267 3116 364 3188 γὰρ
397 3117 667 3188 πρόσεστι
703 3119 816 3181 τοῖς
850 3117 1248 3188 ὲρῤιζωμένοις
1282 3117 1498 3187 κίνησις
1522 3118 1556 3187 ὴ
1592 3133 1755 3185 μετα-

196 3206 388 3278 ϐατική.
421 3209 760 3280 Χαμαιλέων
798 3209 858 3262 τὸ
887 3209 1027 3273 ζῶον
1064 3209 1146 3273 είς
1176 3208 1349 3261 πολλά
1394 3208 1663 3279 χρώματα
1693 3206 1755 3260 τὸ

195 3297 332 3368 σῶμα
364 3300 701 3370 μεταϐάλλει
724 3340 740 3366 ,
765 3302 861 3355 καὶ
898 3300 1210 3366 τοιοῦτοςη
1234 3302 1489 3371 φαίνεται
1538 3294 1652 3353 οἷον
1694 3299 1758 3352 τὸ

194 3388 465 3461 πλησιάζον
495 3394 603 3446 καὶ
644 3394 1059 3465 παρακείμενον
1089 3393 1239 3465 αὐτῷ
1265 3434 1280 3460 ,
1330 3393 1434 3448 κᾶν
1466 3392 1623 3458 ξύλον
1648 3391 1756 3446 κᾶν

195 3481 315 3549 λίθος
344 3486 445 3540 κᾶν
469 3485 607 3539 ἄλλο
628 3486 675 3518 ’⁸
707 3504 759 3540 τι
783 3481 1082 3562 τοιοῦτονῇ
1108 3502 1125 3517 ·
1156 3485 1294 3557 πρὸς
1322 3485 1431 3557 γὰρ
1468 3484 1566 3557 τὴν
1611 3483 1760 3539 ὲκεί-

195 3592 270 3628 νου
309 3580 491 3648 χροιὰν
533 3576 793 3649 ἁρμόττει
813 3579 858 3610 ’⁷
886 3578 986 3649 τὴν
1027 3578 1245 3632 ἑαυτοῦ.
1295 3578 1407 3632 Καὶ
1437 3579 1472 3649 ἠ
1504 3576 1761 3640 σελευκὶς

196 3669 245 3722 τὸ
271 3672 462 3743 πτηνὸν
495 3669 681 3734 οὕτως
716 3671 864 3725 ἐστὶν
918 3670 1137 3741 ἀκρίσιν
1177 3668 1422 3742 ὀλέθριον
1446 3713 1460 3736 ,
1494 3670 1635 3725 ὥστε
1664 3669 1762 3723 καὶ

194 3761 387 3816 ὂσαιᾶν
430 3765 496 3834 τῇ
550 3763 678 3833 σκιᾷ
725 3760 930 3829 ταύτης
965 3760 1370 3832 καταληφθεῖεν
1419 3759 1755 3832 φθείρονται.

200 3852 387 3920 ’Δλλοις
418 3856 593 3910 πάλιν
624 3855 657 3925 ἡ
692 3855 821 3921 νὺξ,
852 3853 967 3908 ἀλλ’
998 3854 1119 3924 οὐχὶ
1146 3854 1208 3907 τὸ
1242 3852 1358 3923 φῶς
1395 3853 1512 3904 ἐστι
1544 3852 1609 3922 τῇ
1641 3849 1762 3920 ὄψει

196 3945 448 4017 ἁρμόδιον.
492 3947 615 4002 Καὶ
646 3947 822 4017 τροφὴ
859 3946 1021 3999 πάλιν
1054 3945 1238 4008 ἄλλοις
1268 3945 1301 4014 ἠ
1328 3944 1502 4014 ἑτέρῳ
1520 3942 1566 3974 ⁸⁸
1600 3941 1762 3996 θανάο

202 4054 355 4109 οιμος.
383 4040 557 4094 Ἀλλὰ
585 4038 763 4094 καὶτὸ
790 4037 953 4092 ποτὸν
991 4038 1051 4091 οὐ
1085 4038 1220 4091 πᾶσι
1245 4038 1357 4099 τοῖς
1382 4033 1543 4100 ζώοις
1569 4034 1763 4105 χρήσι-

206 4148 307 4199 μον.
334 4134 406 4195 Τὸ
428 4133 487 4188 δέ
509 4150 579 4202 γε
605 4133 790 4202 οὐρεῖν
819 4128 1167 4200 τετραπόδων
1196 4126 1297 4200 μὲν
1322 4128 1485 4190 ἐνίοις
1511 4126 1571 4179 οὐ
1597 4124 1766 4197 πρόσ-

201 4240 327 4291 εστι,
350 4226 575 4296 πτηνῶν
597 4224 652 4279 δὲ
672 4222 870 4278 οὐδενί.
900 4221 1013 4277 Καὶ
1037 4221 1091 4274 τί
1119 4221 1200 4274 δεῖ
1221 4219 1401 4289 λέγειν
1427 4217 1571 4273 κατὰ
1600 4219 1765 4288 μέρος

199 4314 283 4378 τὰς
299 4316 355 4369 ὲν
379 4320 492 4381 τοῖς
523 4315 687 4381 ζώοις
716 4312 845 4386 [554
876 4310 983 4386 IL]
1015 4311 1221 4383 τροφῆς
1256 4327 1315 4363 τε
1350 4308 1446 4363 καὶ
1475 4308 1639 4362 πότου
1668 4307 1766 4361 καὶ

200 4405 518 4462 διαπλάσεων
548 4410 647 4461 καὶ
670 4405 815 4476 ᾠδῆς
862 4406 956 4459 καὶ
988 4404 1147 4473 σιγῆς
1178 4401 1277 4455 καὶ
1306 4402 1473 4473 μονῆς
1506 4400 1602 4454 καὶ
1630 4402 1767 4455 ἀπο-

201 4497 381 4568 δημίας
399 4503 496 4554 καὶ
520 4500 788 4554 ἐπανόδου
830 4500 929 4552 καὶ
967 4496 1272 4568 ὑπηρεσίας
1310 4494 1406 4548 καὶ
1453 4490 1767 4564 ἐλευθερίας

1843 630 2061 698 prapria
2115 640 2334 684 exutam
2362 629 2622 696 eﬂicacia,
2665 630 2737 692 ab.
2774 630 2863 691 illa
2895 634 3191 691 multorum
3228 639 3427 710 abripi.

1842 722 2157 791 Eademque
2198 722 2380 776 dicere
2408 721 2529 792 quis
2555 731 2737 791 posset
2762 723 2830 779 de
2852 723 3036 792 lignis,
3064 729 3428 797 graminibus,

1843 816 2030 872 herbis
2072 825 2127 871 et
2176 817 2427 872 omnibus
2474 816 2821 873 animalibus.
2882 816 2942 874 Si
2992 819 3156 891 igitur
3205 837 3433 892 geneses

1841 908 1963 963 aliae
1996 906 2066 962 ab
2095 908 2216 964 aliis
2247 909 2477 965 invicem
2502 920 2841 977 evertantur,
2867 911 2941 966 ita
2972 919 3031 967 ut
3067 913 3302 969 ﬁliorum
3334 930 3434 985 ge-

1843 1016 2000 1057 neses
2053 1009 2338 1071 parentum
2393 1003 2737 1072 genesim,_et
2768 1003 2959 1060 horum
2990 1021 3181 1063 rursus
3219 1007 3431 1062 illorum

1845 1094 2156 1161 destruant,
2194 1102 2249 1149 et
2278 1092 2529 1150 similiter
2562 1095 2849 1164 conjugum
2887 1097 3028 1152 inter
3060 1113 3147 1165 se,
3176 1106 3306 1153 utet
3329 1099 3434 1152 do-

1842 1198 2055 1239 morum
2109 1184 2327 1255 genesis
2361 1184 2481 1240 illas
2540 1185 2923 1255 habitantium,
2976 1187 3064 1243 vel
3106 1198 3296 1244 contra
3330 1188 3433 1244 bo-

1842 1293 1963 1332 rum
1993 1278 2163 1349 ipsam
2204 1280 2485 1333 domorum
2543 1280 2811 1350 genesim,
2849 1290 3036 1351 atque,
3065 1291 3123 1335 ut
3151 1282 3319 1337 semel
3351 1282 3436 1337 di-

1846 1384 1986 1429 cam,
2037 1382 2099 1424 ea
2147 1369 2280 1424 fiant
2318 1385 2438 1438 quae
2484 1370 2595 1439 iam
2638 1372 2782 1426 dicta
2840 1381 2992 1437 sunt,
3033 1373 3264 1441 ipsamet
3313 1388 3435 1428 sese

1846 1462 2062 1533 genesis
2113 1463 2355 1532 undique
2407 1464 2606 1520 evertit
2650 1474 2705 1519 et
2756 1465 3023 1522 dissolvit.
3069 1465 3164 1521 Sic
3208 1464 3435 1536 quidem

1846 1556 2023 1624 capite
2051 1555 2465 1624 quadragesimo
2507 1558 2747 1612 secundo
2771 1557 3031 1628 disputat.

1926 1644 2133 1701 Deinde
2160 1647 2339 1716 capite
2390 1648 2659 1717 proximo,
2706 1648 2873 1703 variis
2912 1648 3220 1705 actionibus
3272 1659 3437 1719 atque

1849 1736 2245 1803 affectionibus,
2286 1738 2460 1808 iisque
2483 1738 2565 1795 vel
2596 1740 2934 1796 naturalibus
2965 1740 3047 1795 vel
3065 1739 3273 1807 liberis,
3301 1743 3433 1796 sult-

1845 1829 1939 1901 jici
1972 1838 2079 1884 tam
2103 1844 2224 1903 qua:
2250 1830 2305 1884 iu
2330 1838 2497 1895 terra,
2526 1845 2693 1900 quam
2724 1846 2843 1900 quae
2901 1831 2953 1886 in
3002 1847 3130 1887 aere
3182 1840 3239 1887 et
3298 1830 3435 1886 mari

1783 1906 1824 1961 Β
1852 1923 2148 1990 exsistunt,
2179 1923 2342 1978 etiam
2381 1938 2499 1989 nos,
2539 1923 2735 1992 inquit,
2769 1922 3041 1979 fatemur:
3084 1939 3150 1980 ac
3194 1925 3434 1980 necessia

1850 2024 2019 2071 tatem
2052 2014 2271 2069 fatalem
2295 2015 2488 2070 horum
2520 2012 2762 2069 omnium
2799 2029 3019 2069 causam
3049 2030 3192 2079 esse,
3226 2016 3277 2071 id
3305 2030 3437 2071 vero

1853 2116 1910 2163 et
1950 2121 2287 2174 aversamur,
2320 2116 2377 2160 et
2414 2106 2813 2175 redarguimus,
2850 2106 3014 2161 ducto
3080 2105 3148 2161 ab
3178 2106 3438 2162 inanimis

1854 2199 2012 2255 initio
2037 2200 2104 2254 ad
2134 2199 2360 2254 rationis
2389 2199 2634 2267 expertia
2673 2199 2970 2253 animantia
3018 2198 3433 2265 descendentes.

1855 2292 2090 2362 indeque
2118 2293 2183 2347 ad
2213 2291 2492 2346 hominem
2544 2291 2757 2345 ratione
2800 2291 3086 2360 prazditum
3127 2306 3435 2346 senuonem

1857 2393 2255 2441 convertentes.
2289 2383 2506 2453 Magnes
2523 2383 2686 2453 igitur
2707 2383 2840 2451 lapis
2870 2382 3073 2437 ferrum
3099 2383 3167 2437 ad
3195 2399 3254 2438 se
3278 2384 3439 2452 rapit,

1854 2493 1956 2533 nec
1980 2478 2094 2545 ipse
2146 2477 2288 2546 rapit
2321 2477 2720 2538 tantummodo.
2745 2478 2840 2532 sed
2871 2485 2926 2532 et
2963 2476 3087 2531 huic
3137 2476 3342 2545 aliquid
3372 2476 3440 2530 ad

1856 2586 1915 2626 se
1947 2570 2149 2624 ferrum
2193 2570 2438 2640 rapiendi
2487 2570 2593 2623 vim
2649 2571 2855 2635 tribuit,
2926 2579 2981 2624 et
3038 2571 3166 2626 huic
3222 2586 3439 2626 rursum

1854 2663 2024 2727 aliud,
2085 2661 2154 2718 ad
2211 2664 2364 2733 plura
2419 2678 2613 2733 usque.
2654 2662 2932 2717 Dictamus
2986 2678 3205 2732 quoque
3269 2662 3445 2719 herba

1854 2754 2134 2808 venenatis
2167 2752 2494 2809 animalibus
2536 2754 2672 2809 adeo
2707 2753 2924 2807 inimica
2961 2762 3067 2816 est,
3105 2763 3165 2807 ut
3216 2753 3298 2807 vel
3325 2756 3449 2809 sola

1854 2844 2086 2899 odoratu
2114 2853 2353 2913 recepta,
2385 2843 2616 2898 nocendi
2648 2843 2755 2896 vim
2809 2858 3027 2898 omnem
3055 2843 3272 2913 eripiat.
3313 2843 3444 2899 Sola

1856 2938 1984 2993 item
2014 2937 2157 2990 inter
2186 2935 2385 2990 herbas
2431 2933 2774 3005 aglaophotis
2809 2933 2921 3005 (62)
2959 2935 3032 2989 ita
3077 2945 3238 2991 noctu
3270 2935 3440 3000 lucet.

1856 3037 1916 3085 ut
1945 3029 2184 3083 nominis
2215 3028 2580 3099 veriloquium
2617 3027 2842 3092 indicat,
2878 3036 2932 3082 et
2969 3042 3198 3096 carpere
3230 3043 3441 3084 conan-

1858 3131 1964 3176 tem
1999 3120 2237 3188 refugit;
2269 3120 2432 3189 idque
2472 3120 2713 3175 radicata
2746 3135 2869 3174 cum
2898 3120 2993 3187 sit,
3022 3119 3201 3175 locum
3234 3135 3301 3174 ex
3322 3121 3447 3175 loco

1859 3220 2052 3267 contra
2083 3220 2332 3264 naturam
2358 3220 2576 3266 mutans
2607 3225 2621 3261 :
2648 3223 2825 3279 neque
2853 3210 2996 3263 enim
3023 3224 3144 3279 quae
3171 3209 3446 3264 radicibus

1866 3303 2077 3358 haerent
2115 3300 2412 3356 transitive
2468 3310 2615 3354 motu
2649 3300 2873 3371 praedita
2909 3308 3059 3356 sunt.
3101 3300 3443 3356 Chamaeleon

1860 3395 2047 3449 adhzee
2077 3373 2278 3447 animal
2330 3394 2383 3448 in
2418 3392 2616 3451 multos
2652 3392 2861 3449 colores
2897 3407 3100 3462 corpus
3130 3401 3323 3459 mutat,
3358 3402 3447 3447 ta.

1864 3485 2042 3555 lisque
2084 3487 2310 3540 omnino
2350 3493 2596 3557 apparet,
2640 3484 2804 3556 quale
2833 3485 2977 3554 quod
3008 3485 3083 3539 illi
3126 3485 3449 3557 adiunctum.

1863 3590 2027 3650 atque
2068 3579 2371 3649 subjectum
2404 3588 2506 3641 est,
2549 3578 2666 3636 sive
2724 3578 2954 3649 lignum,
3008 3579 3123 3632 sive
3154 3578 3315 3647 lapis,
3348 3574 3450 3635 seu

1862 3668 1992 3740 quid
2038 3667 2185 3724 aliud
2240 3667 2438 3723 fuerit:
2473 3667 2543 3722 ad
2584 3666 2729 3723 illius
2780 3666 2926 3724 enim
2983 3668 3221 3723 colorem
3278 3669 3447 3722 etiam

1862 3778 2018 3819 suum
2050 3768 2222 3831 aptat.
2254 3759 2496 3815 Seleucis
2543 3758 2767 3829 insuper
2825 3759 2941 3814 avis
2976 3773 3148 3829 usque
3193 3759 3331 3814 adeo
3362 3759 3442 3813 lo-

1862 3854 2033 3909 custis
2054 3851 2400 3912 estinimica,
2427 3850 2625 3923 215i:
2675 3859 2735 3904 ut
2761 3859 3030 3922 quotquot
3054 3850 3173 3920 eius
3200 3849 3455 3907 umbram.

1864 3945 2119 4011 subeunt,
2154 3944 2444 3998 intereant.
2474 3940 2611 3996 Aliis
2646 3956 2858 3995 rursum
2899 3956 3005 3995 nox
3047 3950 3131 3997 est
3168 3940 3235 3995 ad
3264 3941 3454 3995 videns

1866 4038 1994 4092 dum
2017 4052 2177 4106 quam
2200 4036 2314 4091 dies
2345 4033 2808 4088 accommodatior
2836 4048 2849 4086 :
2881 4032 3001 4093 aliis
3026 4032 3191 4086 etiam
3218 4031 3449 4086 alimen-

1870 4140 1985 4185 tum
2024 4128 2153 4183 illud
2183 4136 2290 4192 est,
2334 4125 2479 4196 quod
2521 4125 2679 4180 alteri
2718 4124 2919 4185 letbale
2941 4123 3034 4187 sit,
3074 4123 3168 4179 sed
3198 4133 3253 4179 et
3286 4133 3463 4193 potus.

1867 4236 1973 4278 non
2004 4221 2257 4277 omnibus
2282 4218 2538 4273 convenit
2560 4216 2946 4273 animantibus.
2987 4214 3455 4282 Quaedamadhaec

1868 4310 1923 4367 in
1982 4310 2448 4381 quadrupedibus,
2508 4306 2751 4369 volatilia
2800 4321 2934 4363 vero
2976 4306 3183 4371 omnia,
3233 4306 3461 4363 urinam.

1871 4404 2133 4461 reddendi
2186 4403 2451 4464 facultate
2504 4401 2892 4463 destituuntur.
2945 4400 3011 4453 Et
3064 4398 3194 4469 quid
3253 4399 3464 4452 attinet.

1871 4497 2150 4568 sigillatim
2183 4495 2543 4553 animantium
2592 4492 2838 4557 infinitas
2873 4489 3210 4548 diﬂerentias
3243 4496 3359 4548 tum
3394 4489 3463 4545 in.

204 4586 311 4659 [684
333 4591 423 4664 IL]
453 4589 817 4663 σωφροσύνης
847 4605 907 4642 τε
938 4588 1035 4643 καὶ
1069 4584 1411 4655 πολυγαμίας
1453 4585 1549 4639 καὶ
1591 4585 1754 4655 ἐργα-

1872 4590 2015 4654 cibo,
2042 4599 2154 4644 tum
2180 4589 2234 4645 in
2267 4587 2506 4660 potu,in
2539 4586 2733 4658 ﬁgura,
2759 4587 2815 4641 in
2848 4593 3012 4649 cantu
3043 4593 3099 4639 et
3120 4582 3371 4647 silentio,
3396 4583 3454 4637 in

204 4679 309 4743 σίας
336 4681 430 4734 καὶ
470 4680 676 4752 ἀργίας
709 4677 1047 4750 θρασύτητός
1076 4694 1137 4730 τε
1166 4676 1263 4730 καὶ
1282 4674 1487 4746 δειλίας
1521 4675 1616 4728 καὶ
1654 4673 1765 4727 τῶν

204 4767 357 4823 ἄλλων
385 4771 782 4843 ἀναριθμήτων
809 4770 1115 4839 διαφοράς;
1158 4767 1293 4822 Ποία
1337 4767 1517 4820 τοίνυν
1564 4766 1766 4837 δρόμου

203 4860 394 4930 κίνησις
424 4863 659 4928 ἕκαστον
685 4862 841 4931 γένος
874 4862 1122 4917 τοιοῦτον
1147 4861 1483 4931 ὑπέστησεζς¹
1506 4859 1594 4914 διὰ
1622 4858 1676 4911 τί
1707 4858 1767 4912 δὲ

202 4955 254 5006 τὸ
288 4956 403 5010 ὅλον
444 4959 607 5026 γένος
644 4956 915 5023 τοιοῦτον,
953 4957 1049 5010 καὶ
1095 4955 1221 5009 οὔτε
1268 4952 1449 5022 λαγὼς
1482 4951 1764 5023 θρασυνθῇ

201 5046 309 5100 οὔτε
333 5048 472 5103 λέων
514 5050 774 5103 δειλιάσει
797 5050 842 5082 ¹⁹
864 5091 878 5112 ,
906 5049 1016 5103 οὐδ’
1053 5047 1181 5103 ἄλλο
1206 5064 1260 5101 τι
1292 5046 1393 5116 τῆς
1430 5044 1573 5099 κατὰ
1606 5045 1767 5112 γένος

204 5142 284 5191 καὶ
309 5141 695 5233 προσηκούσης
723 5141 872 5213 αὐτῷ
893 5141 1175 5210 ἐνεργείας
1195 5138 1295 5210 τὴν
1327 5136 1509 5209 φυγὴν
1540 5136 1767 5207 μελετή“

204 5226 361 5297 σειεν]
412 5234 531 5286 ἀλλ’
569 5234 801 5287 ἕκαστον
830 5232 988 5301 γένος
1015 5232 1136 5285 ὅλον
1185 5231 1373 5301 ὅμοιον
1398 5266 1415 5293 ,
1450 5226 1612 5298 μόνον
1634 5228 1688 5259 ³*
1706 5227 1765 5280 δὲ

203 5325 307 5386 ταῖς
332 5325 658 5394 μεταϐολαῖς
678 5325 739 5380 τὸ
758 5326 869 5380 τῶν
895 5324 994 5381 ἀνθ
1004 5324 1201 5396 ρώπων
1221 5322 1378 5392 γένος
1399 5319 1759 5387 ποικίλλεται;

1869 4682 2151 4737 mansione
2178 4690 2233 4736 et
2281 4678 2606 4749 migratione
2640 4692 2705 4733 ac
2736 4677 2930 4741 reditu,
2981 4675 3037 4730 in
3091 4674 3354 4744 obsequio
3397 4681 3455 4729 et

1870 4772 2146 4839 libertate,
2181 4772 2237 4826 in
2284 4769 2644 4839 temperantia
2676 4778 2731 4824 et
2768 4767 3013 4835 libidine,
3060 4765 3115 4821 in
3162 4764 3350 4821 labore
3398 4772 3456 4819 et

1868 4862 2005 4929 otio,
2038 4862 2092 4915 in
2125 4860 2352 4915 audacia
2368 4840 2430 4913 iet
2460 4857 2772 4921 timiditate,
2801 4866 2964 4926 atque
2991 4856 3045 4911 in
3070 4854 3191 4913 aliis
3217 4855 3453 4910 iutinitis

1873 4951 2212 5008 recensere?
2246 4950 2433 5017 Qualis
2463 4965 2593 5019 ergo
2620 4948 2879 5003 curriculi
2931 4947 3114 5004 fatalis
3157 4956 3336 5003 motus
3366 4957 3452 5003 ta-

1876 5044 1943 5099 lis
1973 5052 2031 5097 ut
2060 5050 2225 5106 esset,
2250 5056 2420 5112 genus
2449 5040 2728 5110 quodlibet
2765 5039 2947 5094 ell‘eeit
2975 5039 2999 5093 ’ἰ
3033 5054 3130 5095 cur
3176 5054 3306 5095 vero
3329 5039 3456 5094 uni-

1874 5149 2090 5189 versum
2114 5148 2284 5201 genus
2320 5131 2585 5197 ejusmodi
2617 5139 2811 5197 est,.ut
2838 5144 3017 5200 neque
3044 5128 3197 5201 lepus
3231 5129 3453 5194 audeat,

1872 5239 2050 5294 neque
2080 5224 2165 5279 leo
2192 5234 2400 5294 paveat,
2428 5238 2600 5292 neque
2622 5224 2764 5279 aliud
2789 5223 2956 5285 ullum
2972 5221 3193 5287 animal,
3213 5223 3453 5277 innatam

1872 5332 1970 5373 suo
1999 5318 2183 5385 generi
2217 5316 2595 5386 operationem
2616 5315 2789 5379 vitare
2828 5326 3056 5373 conetur
3082 5330 3099 5382 ;
3132 5313 3226 5371 sed
3256 5329 3455 5369 unum-

1502 5506 1740 5564 VARIE
1782 5504 2191 5561 LECTIONES.

266 5599 314 5672 ’ξ
335 5600 597 5672 δίκταμος
615 5604 655 5658 C
683 5622 743 5669 ς.
822 5606 867 5638 ’⁸
891 5603 1105 5660 τοιοῦτο
1124 5607 1188 5657 Α.
1264 5603 1310 5637 ³⁸
1336 5601 1463 5657 ἄλλο
1484 5620 1536 5655 τι
1564 5604 1607 5655 Α
1642 5619 1654 5655 :
1686 5603 1811 5672 6,1:t
1843 5618 1905 5664 ς.

1983 5600 2027 5630 ⁸⁷
2050 5600 2311 5670 ἁρμόττει
2329 5602 2371 5652 Α
2395 5618 2407 5653 :
2431 5599 2726 5672 ἁρμολογεί
2747 5617 2807 5665 ς.
2883 5598 2928 5632 ⁸⁸
2951 5598 3123 5669 ἑτέρῳ
3148 5594 3417 5652 Schottus.
3433 5628 3465 5647 ._

205 5661 318 5723 libri
344 5661 533 5743 ἑτέρα.
579 5661 650 5707 ’³⁸
682 5661 927 5747 δειλιάσῃ
959 5692 1020 5739 ς.
1097 5677 1141 5706 ³ο
1180 5673 1342 5745 μόνον
1404 5673 1661 5729 Schottus
1694 5661 2096 5740 ιἸίῡτῖμόναις.

1682 5783 1916 5842 NOTAE.

275 5873 383 5947 i6?)
421 5876 566 5952 Lege
600 5882 855 5952 Plinium,
889 5885 983 5943 lib.
1020 5900 1171 5952 xxiv,
1192 5900 1313 5956 cap.
1348 5884 1434 5953 Π,
1459 5892 1514 5941 et
1551 5881 1756 5939 Elian.
1796 5881 1872 5939 Dc
1896 5878 2121 5938 animal.
2154 5878 2249 5937 lib.
2275 5892 2387 5947 xtv,
2413 5893 2533 5947 cap.
2563 5876 2651 5934 27.
