3924 6430
500 400 608 464 855
1660 398 1925 459 PHOTII
1948 398 2100 458 ΡΛΤ]

2205 396 2456 457 lRCHIE
2481 400 2589 462 ΕΡ.
3646 401 3741 465 8ἶῶ

501 512 753 583 quodque
786 526 957 585 genus
1000 520 1170 568 totum
1218 511 1450 570 inlorme
1495 512 1589 580 sit,
1636 513 1890 582 solusque
1920 514 2082 566 homo

2205 510 2234 562 ;i
2262 511 2307 562 δ’
2352 513 2384 581 ή
2430 511 2643 580 γένεσις
2678 513 2909 568 ἕκαστον
2933 514 3088 583 γένος
3115 514 3174 568 ὲν
3204 512 3283 586 τῷ
3309 514 3499 587 οἰκείῳ
3527 515 3628 585 τῆς
3660 517 3750 585 φύ-

502 604 897 659 mutationibus
916 604 1193 659 varietur?
1225 603 1378 671 Quod
1406 604 1450 659 si
1481 619 1580 674 per
1620 604 1861 675 genesim
1884 618 2078 656 unum-

2205 617 2321 665 ςεως
2368 601 2503 672 ἤθει
2539 603 2817 674 πανταχοῦ
2843 604 3097 671 διασώζει
3138 646 3153 672 ,
3182 606 3301 670 πῶς
3344 607 3406 661 ὲν
3450 606 3753 678 ἀνθρώποις

503 704 755 764 quodque
777 710 948 766 genus
978 696 1032 750 in
1062 695 1280 765 proprio
1305 704 1511 750 naturae
1543 709 1695 750 more
1720 694 1919 764 ubique
1951 709 2081 748 con-

2205 690 2488 748 τούναντίον
2538 694 2890 765 εύρίσκεται;
2923 694 3156 768 καὶγὰρ
3204 695 3379 750 δειλία
3410 697 3505 750 καὶ
3552 695 3753 767 θρασύ·

503 798 774 851 servatur,
807 788 1081 858 quomodo
1109 788 1443 843 contrarium
1480 788 1534 842 in
1566 786 1878 842 hominibus
1920 801 2081 856 repe-

2205 800 2280 854 rqg
2300 824 2316 850 ,
2350 784 2523 855 θυμὸς
2546 788 2642 840 καὶ
2672 787 2916 859 πραότης
2933 828 2948 854 ,
2977 791 3287 863 κακουργία
3311 790 3406 843 καὶ
3433 791 3753 863 χρηστότης,

506 884 647 937 ritur
668 882 693 935 ?
714 882 926 937 Etenim
959 882 1013 937 in
1040 896 1107 937 eo
1135 881 1400 936 timiditas
1425 890 1481 936 et
1508 881 1761 946 audacia,
1795 879 2076 935 iracundia

2205 878 2280 931 tati.
2312 878 2574 934 τάναντία
2601 880 2799 937 πάντα.
2834 880 2946 935 Ποῦ
2991 877 3084 937 οῦν
3113 882 3143 935 δ
3172 883 3273 954 τῆς
3320 883 3593 952 γενέσεως
3651 881 3760 952 δρό-

507 982 563 1028 et
590 972 968 1038 mansuetudo,
996 972 1320 1042 improbitas
1364 981 1418 1028 et
1471 970 1737 1044 probitas,
1793 972 2085 1038 omniaque

2205 988 2321 1036 ιοςς
2355 972 2454 1044 οὐχ
2483 972 2625 1027 ἑπτὰ
2658 973 2708 1026 οἱ
2757 972 3029 1046 πλάνητες
3074 976 3170 1029 καὶ
3215 973 3386 1039 {eam
3432 974 3685 1037 δὼδεκας
3714 976 3761 1026 τί

508 1064 644 1119 adeo
668 1064 967 1120 contraria.
1006 1062 1107 1120 Ubi
1131 1073 1215 1119 est
1236 1062 1508 1135 igiturille
1541 1076 1803 1134 geneseos
1841 1063 2080 1118 cursus?

2205 1063 2249 1132 ἰή
2282 1064 2401 1117 ποτ’
2433 1064 2528 1120 οῦν
2558 1066 2671 1129 τοῖς
2709 1064 3020 1137 ἀνθρώποις
3046 1066 3291 1138 παρέσχε
3323 1066 3516 1120 παθῶν
3557 1082 3622 1118 τε
3647 1082 3761 1117 τοσ-

509 1158 601 1212 uhi
649 1167 857 1227 septem
898 1156 1147 1227 planetae,
1197 1166 1254 1211 et
1296 1156 1581 1212 duodecim
1626 1154 1835 1211 zodiaci
1888 1156 2088 1224 signa?

2205 1154 2362 1226 ιύτην
2392 1158 2487 1210 καὶ
2518 1157 2972 1229 ἐπιτηδευμάτων
2991 1158 3257 1229 διαφορὰν
3276 1200 3292 1226 ,
3335 1161 3446 1224 τοῖς
3471 1158 3531 1212 δὲ
3561 1157 3765 1222 loc-not;

510 1250 650 1317 Quid
684 1251 903 1305 tandem
928 1250 1240 1306 hominibus
1276 1259 1479 1306 tantam
1508 1249 1713 1318 praebet
1735 1247 2086 1304 afl‘eetionum

2205 1253 2408 1318 >ύκέτις
2449 1254 2613 1310 Ἀλλὰ
2650 1254 2926 1325 πανταχοῦ
2966 1255 3065 1325 μὲν
3110 1253 3232 1318 δνος
3256 1252 3587 1325 ἀχθοφορεῖ,
3638 1253 3768 1322 πάρ-

511 1343 922 1413 studiorumque
951 1343 1289 1405 varietatem.
1329 1342 1544 1396 caeteris
1574 1356 1677 1395 non
1701 1340 1874 1394 item?
1894 1340 2090 1394 Asinus

2205 1338 2341 1402 Βαλις
2363 1337 2420 1391 δὲ
2450 1337 2720 1410 ἁρπάζει,
2753 1340 2848 1393 καὶ⁵
2873 1338 2941 1392 τὰ
2976 1339 3115 1394 ἄλλα
3132 1338 3227 1392 τοῦ
3250 1338 3425 1402 εἴδους
3447 1338 3545 1392 τὸν
3581 1337 3771 1407 εἱρμὸν

512 1432 658 1488 enim
689 1432 889 1502 ubique
920 1447 1085 1488 onera
1121 1442 1318 1503 gestat,
1355 1432 1597 1501 pardalis
1633 1446 1797 1498 rapax
1857 1440 1961 1495 est,
1986 1445 2093 1485 ca:-

2205 1431 2452 1501 συντηρεῖ
2471 1430 2672 1501 ὁμοίως
2696 1472 2713 1497 ,
2744 1432 2841 1485 καὶ
2871 1433 2996 1502 νικᾷ
3025 1431 3135 1484 τῶν
3161 1430 3375 1499 ἀλόγων
3409 1430 3623 1500 ζὼωνή
3661 1431 3770 1483 κατ’

514 1531 740 1592 teraque
765 1523 965 1592 speciei
996 1539 1108 1578 sua:
1135 1525 1383 1578 ordinem
1415 1532 1658 1578 servant.
1699 1522 1900 1578 Eodem
1932 1538 2090 1593 pror-

2205 1516 2334 1585 εἶδος
2354 1521 2516 1591 φύσις
2536 1524 2637 1593 τήν
2662 1540 2720 1576 τε
2747 1523 2960 1591 γένεσιν
2986 1522 3083 1576 καὶ
3107 1523 3235 1586 τοὺς
3264 1522 3775 1593 παρανατέλλονιας

515 1629 611 1671 sus
642 1615 802 1670 modo
848 1624 904 1672 et
954 1630 1075 1686 quac
1129 1616 1305 1671 brutis
1356 1616 1726 1670 animantibus
1792 1614 2091 1670 secundum

2205 1614 2293 1671 καὶ
2341 1614 2521 1668 πάντα
2561 1614 2654 1668 τὸν
2694 1613 2908 1685 μακρὸν
2937 1616 3147 1669 ἐκεῖνον
3188 1613 3355 1685 λῆρον
3374 1614 3441 1669 ³³.
3470 1612 3587 1666 Ποῦ
3621 1612 3774 1683 γάρὸ

513 1706 783 1776 cujusque
820 1708 1057 1777 speciem
1089 1707 1234 1763 inest
1261 1719 1477 1775 natura,
1512 1723 1633 1762 cum
1663 1706 1928 1777 genesim,
1977 1715 2091 1759 tum

2205 1708 2406 1778 Ἀρης;
2448 1707 2601 1770 τίνος
2656 1707 2766 1760 τῶν
2804 1706 3014 1776 ἀλόγων
3060 1705 3269 1761 ὥπλισε
3315 1706 3458 1776 ξίφει
3491 1704 3773 1774 δεξιὰν,ἢ

515 1797 742 1853 circiter
771 1812 890 1853 eam
939 1802 1255 1855 exorientes
1297 1798 1507 1864 stellas,
1560 1812 1889 1867 omnemque
1939 1796 2088 1852 illam

2205 1798 2409 1871 θώρακι
2440 1799 2501 1852 τὸ
2531 1798 2712 1870 σῶμα,
2737 1798 2773 1869 ἢ
2813 1798 3007 1868 κράνει
3036 1797 3133 1870 τὴν
3162 1796 3409 1867 κεφαλὴν
3440 1795 3777 1867 ἠσφαλίσατο

515 1889 733 1961 longam
762 1891 1047 1949 domorum
1067 1894 1365 1948 sortionem
1395 1893 1584 1947 vincit.
1626 1889 1726 1946 Ubi
1754 1866 1897 1946 enim
1918 1890 2093 1945 Mars?

2205 1892 2228 1964 ἢ
2260 1866 2477 1965 κνήμας
2510 1891 2544 1964 ἢ
2570 1866 2771 1955 πόδαςξ
2807 1866 2884 1944 Ού
2914 1889 3022 1962 γὰρ
3050 1866 3252 1953 λύκους
3270 1866 3477 1943 ὥπλισε
3516 1886 3675 1941 κατὰ
3698 1885 3779 1939 λύ-

514 1981 798 2051 cuiusnam
830 1985 974 2039 bruti
1001 1985 1294 2039 animantis
1319 1984 1600 2040 dexteram
1629 1984 1809 2055 gladio
1838 1983 2091 2049 armavit,

2205 2003 2345 2051 κων,
2399 1984 2523 2038 οὐδὲ
2569 1984 2806 2038 λεόντων
2855 1982 3222 2053 συνεκρότησε
3263 1980 3573 2051 φάλαγγας.
3624 1978 3777 2033 Ἀλλὰ

506 2072 603 2128 vel
639 2088 837 2144 corpus
865 2074 1033 2130 lorica
1064 2075 1322 2139 texit,vel
1352 2077 1505 2147 galea
1541 2085 1706 2146 caput
1739 2085 1949 2131 tutatus
1987 2085 2091 2143 est,

2205 2076 2277 2139 τίς
2308 2073 2560 2140 διεξιέναι
2587 2074 2919 2144 φιλονεικοίη
2946 2073 3016 2127 τὰ
3042 2072 3386 2145 ἁδιεξίτητας
3409 2073 3459 2126 εί
3485 2072 3598 2143 7&9
3630 2070 3777 2125 οὐδὲν

513 2175 609 2222 aut
635 2181 795 2222 crura
828 2178 921 2223 aut
955 2168 1165 2238 pedes?
1195 2168 1305 2226 Nec
1338 2171 1479 2225 enim
1504 2170 1690 2241 lupum
1717 2171 1769 2225 in
1795 2170 1979 2241 lupum
2009 2183 2096 2223 ar-

2205 2166 2349 2230 ὲκτὺς
2374 2167 2674 2236 γενέσεως,
2718 2167 2838 2231 πῶς
2868 2167 3044 2230 οὐδεὶς
3072 2166 3249 2238 ἀστὴρ
3268 2206 3285 2231 ,
3324 2165 3389 2219 οὐ
3422 2163 3642 2234 πλάνης
3663 2203 3682 2227 ,
3723 2162 3777 2216 οὗ

512 2261 705 2324 mavit,
745 2277 919 2332 neque
938 2263 1150 2319 leonum
1178 2280 1415 2334 unquam
1446 2264 1593 2320 acies
1624 2265 1765 2319 inter
1786 2280 1844 2320 se
1864 2264 2097 2320 commi-

513 2354 606 2410 sit.
641 2356 771 2422 Quis
797 2363 977 2411 autem
1007 2372 1439 2413 commemorare
1469 2361 1707 2421 studeat,
1732 2373 1853 2427 qua:
1901 2371 2094 2412 recen-

514 2458 639 2500 sere
687 2456 851 2516 queat
880 2462 1039 2502 nemo
1072 2447 1096 2502 ?
1134 2446 1190 2503 Si
1215 2448 1358 2503 enim
1385 2447 1517 2503 nihil
1546 2458 1701 2503 extra
1738 2448 1977 2520 genesim
2014 2448 2092 2511 lit,

516 2541 790 2609 quomodo
813 2539 1016 2593 nullum
1044 2541 1213 2606 sidus,
1246 2555 1355 2595 non
1389 2555 1582 2595 errans
1609 2541 1786 2605 stella,
1821 2540 2093 2611 nonjuxta

517 2629 714 2685 alicubi
769 2631 1043 2694 exoriens,
1093 2647 1198 2686 non
1238 2633 1487 2705 signiferi
1533 2634 1745 2705 signum
1794 2635 1911 2689 haec
1964 2648 2095 2689 con-

516 2721 717 2788 genitis
738 2721 911 2776 brutis
942 2723 1167 2791 praabet,
1204 2738 1325 2793 quae
1356 2738 1481 2779 cum
1517 2725 1736 2780 homine
1784 2726 2093 2782 communi-

513 2816 664 2872 cavit
688 2815 714 2868 ?
750 2829 856 2871 non
894 2816 1185 2871 textoriam
1214 2827 1413 2884 artem,
1435 2832 1545 2873 non
1568 2817 1887 2873 ferrariam:
1917 2832 2096 2890 neque

514 2906 654 2961 alios
686 2906 904 2976 quidem
936 2907 1228 2978 magistros
1269 2907 1394 2963 aliis
1421 2908 1515 2979 qui
1542 2907 1611 2964 ab
1633 2907 1876 2977 ejusdem
1892 2911 2095 2980 speciei

517 2996 689 3053 sociis
722 2996 1015 3071 discerent
1056 2998 1394 3054 constituit?
1427 2997 1485 3054 Si
1525 2997 1647 3069 quis
1680 2998 1822 3053 forte
1863 3014 1894 3054 a
1937 3000 2093 3056 nobis

517 3088 700 3143 doceri
740 3089 995 3143 animalia
1022 3089 1336 3157 contendat,
1369 3090 1605 3160 primum
1648 3091 1868 3162 quidem
1916 3106 2090 3161 pauca

517 3179 781 3248 eiusmodi
807 3181 1081 3245 ostendet,
1111 3190 1167 3236 et
1195 3196 1294 3237 cur
1324 3196 1428 3237 non
1466 3183 1632 3238 etiam
1655 3184 1838 3239 omnia
1867 3182 2095 3240 docean-
2124 3207 2169 3268 ο

521 3281 628 3336 tur,
677 3270 949 3328 diliicilius
992 3273 1100 3328 erit
1142 3272 1545 3330 demonstrare.
1588 3274 1793 3331 Deinde
1824 3292 2098 3348 nunquam

520 3377 703 3421 mente
728 3372 823 3420 aut
852 3364 1235 3434 intelligentia,
1278 3367 1733 3437 quemadmodum
1760 3369 1922 3426 homo
1953 3389 1969 3439 ;
2004 3373 2101 3429 sed

527 3457 719 3513 fraude
744 3456 827 3512 vel
862 3456 1058 3513 timore
1105 3457 1364 3512 animalia
1398 3458 1682 3515 docentur.
1732 3459 2100 3526 Quemadmo-

521 3549 646 3602 dum
695 3548 870 3614 canis,
911 3548 995 3602 vel
1052 3548 1232 3614 simia,
1292 3549 1377 3605 vel
1436 3565 1634 3621 equus,
1684 3554 1727 3608 si
1783 3554 2101 3612 verberibus

524 3649 864 3703 coerceatur,
898 3656 958 3691 ea
992 3655 1114 3709 quae
1138 3651 1353 3697 ostensa
1389 3643 1464 3698 illi
1492 3655 1619 3699 sunt
1650 3648 1943 3702 observat:
1986 3663 2091 3704 non

523 3728 668 3798 quod
700 3729 814 3783 haec
862 3730 1059 3801 216a
1096 3732 1315 3787 domino
1344 3734 1495 3788 utilia
1533 3734 1651 3791 fore
1683 3738 1981 3806 existimet,
2006 3741 2102 3796 sed

524 3822 669 3889 quod
701 3820 957 3886 caedatur,
994 3822 1045 3876 ni
1081 3821 1268 3879 faciat.
1308 3824 1579 3882 Psittacus
1611 3842 1827 3898 quoque
1865 3841 1987 3886 astu
2010 3832 2105 3887 de-

526 3920 715 3980 ceptus
769 3908 1085 3982 [lmmanam
1152 3914 1369 3987 vocem]
1408 3916 1673 3984 imitatur,
1729 3919 1947 3986 quando
2008 3936 2106 3990 per

528 4001 805 4068 speculum
853 4004 1159 4073 appositum
1203 4021 1310 4060 non
1343 4006 1741 4064 animadvertit
1770 4024 1930 4079 quem
1977 4011 2104 4067 imi-

525 4104 691 4150 tetur.
722 4094 982 4150 Clanculo
1000 4096 1143 4151 cnim
1176 4108 1299 4167 post
1328 4099 1611 4168 speculum
1650 4101 1794 4170 quod
1823 4101 2097 4174 objectum

524 4198 608 4241 est
637 4188 947 4258 loquuntur,
985 4204 1104 4255 qua:
1140 4190 1357 4246 discere
1405 4191 1555 4261 ipsos
1589 4194 1851 4263 cupiunt:
1905 4195 2104 4264 psitta-

525 4295 622 4335 cus
662 4294 814 4344 vcro,
847 4290 999 4335 ratus
1030 4295 1090 4335 se
1131 4282 1295 4337 alium
1328 4282 1621 4353 psittacum
1681 4286 1887 4353 videre,
1938 4301 2106 4342 voces

526 4368 647 4424 illas
678 4369 989 4438 exprimere
1013 4381 1262 4438 conatur,
1301 4373 1436 4428 nihil
1461 4374 1680 4430 interim
1710 4392 1830 4445 qua:
1851 4378 2108 4434 dicuntur

526 4460 862 4531 intelligens,
895 4476 1022 4516 cum
1044 4464 1227 4518 omnia
1259 4465 1548 4521 articulate
1576 4466 1850 4523 didicerit.
1882 4468 1949 4524 Et
1975 4486 2104 4525 vero

527 4553 677 4609 solus
724 4555 1012 4625 psittacus,
1070 4572 1178 4611 non
1231 4566 1410 4612 autem
1459 4558 1662 4628 aquila,
1728 4575 1903 4630 neque
1959 4562 2103 4616 aliud
2138 4531 2183 4588 Β

528 4646 696 4701 ullum
744 4648 946 4702 animal
998 4649 1080 4704 sic
1110 4650 1357 4704 docetur.
1436 4650 1506 4705 At
1533 4653 1809 4721 quomodo
1839 4669 1944 4709 non
1978 4655 2110 4709 illud

528 4754 745 4793 rursum
780 4748 968 4794 contra
1008 4740 1224 4809 genesis
1262 4740 1454 4808 legem,
1492 4743 1636 4813 quod
1664 4758 1786 4799 cum
1827 4748 1942 4801 haec
1996 4762 2110 4800 cac-

529 4841 649 4886 tera
697 4833 950 4889 animalia
1010 4836 1223 4890 ratione
1269 4834 1526 4892 destituta
1576 4837 1866 4908 producat,
1914 4854 2107 4893 eorum

530 4933 710 4978 tamen
746 4925 926 4995 aliqua
950 4925 1018 4981 ab
1064 4927 1374 4982 hominibus
1421 4929 1743 4993 doceantur,
1780 4942 2109 5000 superetque

527 5031 793 5087 geneseos
834 5019 1099 5075 terminos
1145 5018 1193 5074 is
1243 5019 1334 5090 qui
1372 5034 1646 5089 nunquam
1693 5020 1854 5091 hujus
1900 5021 2109 5090 legibus

526 5108 777 5163 solvitur.
817 5109 873 5164 Si
919 5125 1048 5165 vero
1080 5111 1243 5166 etiam
1304 5127 1434 5180 apes
1465 5112 1532 5167 ab
1560 5112 1794 5166 invicem
1821 5114 2001 5168 doceri
2025 5115 2108 5168 di-

525 5201 733 5267 xerint,
783 5201 837 5256 in
872 5202 957 5256 his
995 5218 1212 5273 quoque
1267 5202 1460 5258 falsum
1514 5211 1770 5259 tuentur:
1832 5220 1863 5258 a
1909 5216 2101 5259 natura

528 5297 697 5360 enim,
757 5312 863 5349 non
903 5297 971 5352 ab
998 5306 1116 5351 arte
1149 5306 1407 5365 Operatur
1456 5298 1595 5366 apis.
1660 5298 1988 5370 Quanquam
2024 5300 2104 5355 sic

527 5388 694 5440 etiam
749 5386 1035 5441 difﬁcultas
1086 5397 1374 5455 augeatur.
1416 5386 1528 5442 Cur
1586 5389 1943 5460 enimneque
1996 5392 2099 5446 alia

526 5478 586 5533 in
619 5493 717 5533 suo
750 5492 980 5548 quaeque
1006 5492 1203 5542 genere
1226 5477 1369 5532 inter
1400 5493 1459 5533 se
1491 5488 1583 5533 aut
1617 5481 1832 5546 docent,
1874 5492 1970 5537 aut
2012 5484 2102 5539 do-

529 5570 759 5627 centur?
809 5569 943 5637 Quis
966 5570 1111 5623 enim
1142 5584 1339 5625 corvos
1368 5579 1462 5624 aut
1515 5570 1757 5627 vultures
1805 5573 1991 5628 volare
2015 5574 2107 5629 do-

2196 2258 2653 2328 παρανατέλλων,
2676 2259 2737 2312 οὐ
2754 2258 2945 2322 {eam
2981 2257 3157 2313 ταῦτα
3186 2260 3301 2321 τοῖς
3334 2255 3643 2328 ὁμοφυέσιν
3672 2255 3781 2307 ἀλό-

2196 2365 2314 2417 γοις
2354 2347 2629 2419 παρέχει,
2662 2343 2745 2414 οἷς
2766 2348 2858 2403 τὸν
2893 2348 3180 2419 ἄνθρωπον
3229 2346 3643 2417 κατεμέρισενς
3691 2344 3779 2413 οὐχ

2195 2441 2498 2510 ὑφαντικὴν
2514 2481 2530 2506 ,
2562 2440 2623 2494 οὐ
2649 2439 3048 2511 χαλκευτικήν;
3075 2438 3137 2493 οὐ
3161 2439 3271 2493 τῶν
3297 2439 3395 2508 μὲν
3419 2439 3499 2501 εἰς
3528 2436 3781 2491 διδασκά-

2196 2535 2322 2598 λους
2346 2573 2362 2599 ,
2415 2534 2544 2598 τοὺς
2572 2534 2632 2589 δὲ
2668 2535 2820 2605 παρὰ
2859 2533 2968 2587 τῶν
3012 2532 3275 2604 ὁμοειδῶν
3326 2530 3626 2602 μανθάνειν
3660 2547 3780 2582 συν-

2196 2626 2468 2697 έστησεν;
2521 2627 2570 2679 εἰ
2622 2626 2682 2683 δέ
2744 2642 2829 2688 τις
2849 2625 2980 2694 παρ’
3008 2624 3168 2695 ἡμῶν
3214 2622 3563 2677 διδάσκεσθαι
3612 2620 3780 2674 ταῦτα

2196 2718 2313 2790 ἐρεῖ
2333 2758 2349 2781 ,
2383 2718 2600 2789 πρῶτον
2634 2717 2732 2787 μὲν
2754 2717 2914 2785 ὀλίγα
2937 2717 3102 2781 δείξει
3120 2756 3135 2782 ,
3165 2717 3258 2770 καὶ
3282 2715 3373 2769 διά
3398 2715 3451 2767 τί
3476 2714 3552 2785 μὴ
3583 2713 3779 2776 πάντα,

2198 2810 2362 2865 πλέον
2389 2812 2681 2883 ἀπορήσειο
2699 2808 2950 2880 δεύτερον
2981 2809 3102 2879 οὐχὶ
3131 2808 3209 2880 νῷ
3240 2808 3336 2861 καὶ
3368 2808 3653 2879 ἐπιστήμῃ
3684 2806 3781 2859 ῶσ-

2196 2920 2304 2975 περ
2322 2903 2627 2975 ᾶνθρωπος.
2646 2902 2768 2959 ἀλλ’
2782 2902 2968 2973 ἀπάτῃ
2993 2904 3028 2974 ἢ
3055 2901 3205 2971 φόϐῳ
3225 2900 3539 2955 διδάσκεται
3553 2938 3569 2963 ,
3592 2898 3781 2967 ὥσπερ

2199 2994 2351 3050 κύων
2374 2994 2715 3065 τυπτόμενος
2741 2995 2775 3066 ἢ
2809 2994 3042 3065 πίθηκος
3069 2992 3101 3063 ἦ
3126 2993 3293 3055 ἵππος
3312 2993 3470 3061 τηρεῖ
3486 2991 3557 3043 τὰ
3576 2989 3781 3043 δεικνύ-

2202 3106 2340 3158 μενα
2364 3130 2380 3155 ,
2403 3088 2504 3159 οὐχ
2537 3088 2621 3141 ὅτι
2646 3086 2821 3142 ταῦτα
2843 3085 2922 3158 τῷ
2949 3084 3185 3156 δεσπότῃ
3210 3084 3458 3155 χρήσιμα
3476 3082 3646 3148 νοῶν,
3675 3080 3781 3135 ἀλλ’

2200 3180 2283 3234 ὅτι
2319 3179 2396 3252 μὴ
2441 3178 2616 3233 ποιῶν
2646 3179 2935 3233 τύπτεται.
2975 3177 3089 3232 Καὶ
3122 3176 3389 3246 ψιττακὸς
3423 3174 3782 3243 ἀπατώμενος

2205 3275 2487 3344 μιμεῖται’
2519 3271 2775 3344 ἐσόπτρῳ
2805 3269 2918 3342 γὰρ
2968 3268 3364 3339 παρακειμένῳ
3409 3265 3509 3339 τὴν
3554 3265 3783 3338 μίμησιν

2199 3365 2514 3423 κλέπτεται.
2571 3364 2942 3428 Λανθάνοντες
2999 3362 3111 3433 7&9
3162 3360 3388 3416 ὄπισθεν
3423 3359 3648 3415 λαλοῦσι
3691 3358 3781 3412 τοῦ

2200 3456 2605 3529 παρατεθέντος
2632 3458 2903 3528 ἐσόπτρου
2926 3495 2941 3523 ,
2970 3453 3009 3510 ἃ
3042 3452 3337 3524 μανθάνειν
3378 3451 3623 3515 ἐκείνους
3666 3450 3785 3522 βού-

2201 3550 2416 3603 λονταιο
2444 3550 2473 3603 ὁ
2515 3549 2573 3602 δὲ
2616 3548 2875 3620 ψιττακὸς
2922 3546 3083 3602 ἄλλον
3120 3544 3291 3598 δοκῶν
3334 3545 3470 3615 όρᾷν
3519 3544 3780 3613 ψιττακὺν

2206 3640 2424 3693 σπεύδει
2458 3640 2597 3711 πρὸς
2649 3638 2884 3710 μίμησιν
2917 3637 3028 3689 τῶν
3070 3634 3277 3687 ἐκείνου
3318 3636 3547 3703 φωνῶνξ,
3586 3633 3646 3686 οὐ
3679 3632 3784 3686 τῶν

2203 3724 2518 3803 λεγομένων
2552 3731 2692 3802 ἔχων
2720 3730 2941 3802 νόησιν·
2978 3729 3158 3783 πάντα
3189 3727 3298 3796 γὰρ
3345 3727 3411 3781 ἂν
3428 3728 3474 3759 ⁸⁸
3510 3726 3781 3797 ἐνάρθροις

2206 3827 2506 3895 ἐμάνθανε.
2534 3825 2646 3879 Καὶ
2683 3823 2790 3896 μὴν
2832 3825 2931 3881 καὶ
2977 3822 3245 3893 ψιττακὸς
3300 3820 3500 3889 μόνος,
3546 3819 3659 3872 ἀλλ’
3688 3820 3782 3871 οὐκ

2207 3918 2364 3982 ἀετὸς
2392 3917 2602 3971 οὐδὲτὸ.
2627 3915 2763 3971 ἄλλα
2791 3917 2900 3970 τῶν
2925 3916 3081 3980 ζώων
3108 3915 3179 3968 τά
3210 3916 3422 3968 ἐκείνου
3452 3910 3777 3983 διδάσκεται.

2219 4009 2379 4064 Ἀλλὰ
2410 4010 2504 4063 καὶ
2537 4009 2653 4073 πῶς
2683 4008 2784 4061 οὐκ
2814 4007 2949 4061 αὐτὸ
2988 4003 3147 4061 τοῦτο
3197 4004 3359 4059 πάλιν
3392 4000 3542 4071 παρὰ
3568 4000 3658 4052 τὸν
3684 3998 3780 4064 τῆς

2206 4103 2474 4171 γενέσεως
2502 4100 2705 4171 νόμον;
2750 4099 2923 4168 ἄλογα
2962 4097 3074 4168 γὰρ
3119 4096 3307 4165 ἐκείνη
3363 4093 3434 4147 τὰ
3486 4090 3646 4147 ὅλα.δέ
3673 4088 3779 4154 ζῶα

2210 4195 2356 4248 ποιεῖ
2380 4232 2395 4257 ,
2428 4191 2669 4246 διδάσκει
2701 4191 2759 4245 δὲ
2777 4190 2957 4244 αὐτῶν
2980 4191 3008 4243 ὁ
3036 4188 3325 4259 ἄνθρωπος
3357 4186 3505 4253 ἔνια,
3541 4185 3635 4239 καὶ
3665 4184 3780 4253 νικᾷ

2207 4291 2309 4360 τῆς
2335 4290 2607 4357 γενέσεως
2627 4286 2752 4351 τοὺς
2779 4287 2942 4356 ὅρους
2967 4287 2997 4339 ὁ
3030 4284 3301 4355 μηδέποτε
3327 4280 3533 4336 τούτων
3563 4278 3777 4333 ἀπολυό-

2211 4398 2392 4452 μενος.
2441 4381 2506 4434 El
2543 4381 2601 4434 δὲ
2648 4379 2744 4434 καὶ
2783 4379 2884 4442 τὰς
2935 4376 3195 4449 μελίττας
3234 4375 3509 4429 διδάσκειν
3559 4372 3775 4441 ἀλλήλας

2208 4472 2399 4539 φαῖεν,
2452 4467 2733 4522 κάνταῦθα
2781 4466 2841 4520 τὸ
2887 4465 3081 4537 ψεῦδος
3124 4467 3432 4537 ἐτίμησαν·
3470 4465 3536 4518 ὲκ
3577 4462 3773 4531 φύσεως

2216 4564 2350 4633 γὰρ,
2384 4560 2511 4634 [355
2546 4559 2641 4632 ιι]
2675 4558 2916 4613 ἀλλὀὐκ
2960 4559 3069 4614 άπὸ
3121 4559 3316 4630 τέχνης
3364 4556 3651 4628 ἐργάζεται

2206 4656 2390 4709 λισσα.
2444 4653 2592 4721 Πλὴν
2642 4653 2738 4707 καὶ
2788 4651 2935 4707 οὕτω
2982 4652 3043 4707 τὸ
3086 4652 3292 4721 ἄπορον
3325 4650 3585 4716 αὔξεται*
3623 4645 3765 4702 διὰτί

2208 4749 2319 4816 γὰρ
2352 4747 2429 4818 μὴ
2456 4747 2550 4800 καὶ
2583 4732 2651 4798 τὰ
2684 4744 2821 4799 ἄλλα
2848 4744 2990 4798 κατὰ
3020 4742 3176 4812 γένος
3202 4741 3408 4814 ἄλληλα
3430 4745 3527 4797 καὶ
3555 4742 3767 4796 διδάσκει

2208 4838 2303 4892 καὶ
2335 4836 2684 4901 διδάσκεται;
2715 4834 2811 4897 Τίς
2841 4833 2900 4887 δὲ
2938 4833 3178 4904 κόρακας
3209 4832 3304 4887 καὶ
3346 4831 3529 4901 γῦπας
3559 4827 3769 4891 ἐδίδαξεν

2211 4926 2471 4981 ἵπτασθαι
2496 4965 2512 4990 ,
2567 4925 2662 4989 οὓς
2702 4924 2825 4978 οὐδὲ
2854 4924 3078 4994 τρέφειν
3106 4923 3156 4976 οἱ
3193 4922 3588 4995 γεγεννηκότες
3616 4915 3767 4986 πεφύ-

2211 5038 2339 5074 κασι
2363 5038 2378 5083 ;
2403 5019 2533 5092 [685
2558 5016 2653 5088 IL]
2681 5018 2797 5082 πῶς
2827 5016 2873 5070 δ’
2904 5018 2964 5071 ὲν
2976 5016 3021 5048 ³⁸
3048 5015 3233 5079 αὐτοῖς
3250 5016 3294 5048 ³⁸
3321 5016 3560 5070 ἀπεῖπεν
3578 5017 3611 5085 ὴ
3638 5012 3769 5082 βασιο

2208 5112 2337 5176 λέας
2370 5110 2599 5164 ποιοῦσα
2646 5110 2739 5162 καὶ
2787 5108 3055 5179 ἄρχοντας
3092 5106 3346 5175 γένεσις;
3383 5106 3508 5161 οὔτε
3536 5104 3765 5197 7&9

2206 5204 2346 5258 δνων
2386 5203 2509 5257 οὔτε
2545 5203 2725 5256 λύκων
2767 5200 3086 5254 ἐϐασίλευσε
3122 5199 3287 5262 λύκος
3312 5217 3327 5231 ο
3362 5200 3483 5253 οὐδὲ
3508 5200 3537 5252 ό
3563 5195 3769 5269 μὲναύο

2209 5298 2318 5351 τῶν
2349 5297 2607 5363 πένεται,
2638 5296 2667 5349 ὁ
2695 5296 2752 5349 δὲ
2793 5293 3049 5348 πλουτεῖ·
3082 5294 3205 5348 οὐδὲ
3238 5292 3349 5347 τῶν
3386 5293 3560 5347 ἄλλων
3606 5288 3766 5350 οὐδὲν,

2213 5386 2293 5453 οἷς
2314 5391 2377 5444 τὸ
2416 5390 2764 5461 ἀνθρώπινον
2797 5392 2953 5459 γένος
2993 5388 3445 5459 καταμερίζεται.
3476 5385 3583 5440 Ποῦ
3612 5383 3696 5437 οῦν
3720 5380 3769 5431 οἱ

2217 5484 2714 5553 παρανατέλλοντες
2738 5484 2833 5537 καὶ
2862 5484 2896 5555 ή
2930 5483 3144 5551 γένεσις
3177 5481 3272 5534 καὶ
3303 5480 3365 5533 τὸ
3392 5480 3500 5533 τῶν
3538 5474 3767 5531 ἀποτελε-

2218 5576 2442 5645 σμάτων
2468 5576 2653 5640 αὐτοῖς
2694 5576 2933 5647 πλῆθοςς
2977 5574 3011 5647 ἢ
3052 5574 3195 5630 κατὰ
3244 5572 3424 5645 μόνων
3460 5571 3565 5627 τῶν
3589 5565 3767 5623 ἀθλίων

1842 5690 2078 5747 VARle
2105 5691 2511 5750 LECTIONES.

626 5784 666 5813 ³¹
696 5782 860 5853 λῆρον
901 5784 987 5845 AC

1046 5804 1060 5842 :
1118 5786 1317 5859 κλῆρον
1364 5803 1423 5853 ς.

532 5852 578 5887 ⁸⁸
608 5852 850 5920 ἐκείνους
883 5872 943 5921 ς’.

1525 5787 1568 5820 δ’
1617 5787 1798 5859 avet
1859 5801 1982 5842 mox
2033 5786 2191 5841 τοῦτο
2251 5791 2373 5846 add.
2406 5792 2471 5846 Α.

2585 5789 2628 5822 ³³
2662 5787 2785 5862 ὅλα]
2844 5788 2966 5846 libri
3019 5787 3171 5843 ἄλλα.
3293 5785 3339 5819 ³⁸
3367 5786 3425 5839 ὲν
3478 5784 3522 5839 Δ
3553 5798 3565 5837 :
3594 5778 3654 5834 ἂν
3701 5790 3757 5839 ς·
