4014 6462
241 407 331 479 337

1264 419 1781 483 BIBLIOTHECA.
1804 443 1875 455 —
1901 420 2067 482 COD.
2091 422 2383 483 CCXXIII

3373 429 3480 493 858

240 526 542 600 ἀνθρώπων
565 526 628 581 τδ
672 537 871 600 κρατοῖ
905 522 1207 603 ’ἡρπιισανη
1244 530 1423 586 καίτοι
1481 531 1591 584 τῶν
1634 531 1802 587 ἄλλων

1912 533 2045 595 cuit,
2081 547 2219 602 quos
2253 549 2320 589 ne
2358 544 2608 604 parentes
2653 536 2870 606 quidem
2905 537 3052 593 alere
3083 538 3308 597 solent?
3331 542 3480 608 Quo-

240 619 391 685 ζῶων
424 620 717 690 κράτιστον
747 620 1051 692 ἄνθρωπος.
1082 624 1195 676 Kal.
1235 624 1345 692 γάρ
1389 623 1485 677 καὶ
1510 622 1619 677 τῶν
1650 622 1810 677 δυνα-

238 708 488 779 τωτέρων
515 711 725 765 συνέσει
749 716 971 784 κρατεῖ,
1002 715 1098 768 καὶ
1119 714 1230 768 τῶν
1253 714 1566 784 ίπταμένων
1592 715 1685 766 ἰπὶ
1705 714 1809 783 γῆς

238 796 467 868 βαδίζων
498 801 687 869 κύριος
717 801 962 869 γίνεται,
998 803 1094 857 καὶ
1125 804 1196 857 τὰ
1249 805 1328 865 είς
1377 803 1537 873 βυθὸν
1583 804 1807 873 ἀγρεύει

208 866 538 960 δνηχόμενα,
572 866 667 945 καὶ
711 866 900 959 άπλῶς
942 866 1161 949 πάντων
1200 895 1317 948 ἐστὶ
1337 866 1416 964 τῶ
1445 894 1590 966 λόγῳ
1611 866 1705 948 καὶ
1735 896 1804 965 τῇ

235 982 444 1036 συνέσει
484 986 895 1057 κραταιότερος.
946 988 1071 1050 Πῶς
1111 987 1205 1041 οὖν
1237 989 1270 1056 ἡ
1307 987 1519 1056 γένεσις
1566 986 1660 1040 τοῦ
1707 986 1807 1057 μὲν

234 1076 563 1146 κρατοῦντος
597 1082 814 1135 πάντων
847 1086 1071 1153 κρατεῖ,
1095 1084 1203 1137 τῶν
1230 1084 1274 1136 δ’
1306 1084 1400 1137 ὑπ’
1433 1084 1640 1137 ἐκείνου
1670 1101 1807 1156 κρα-

233 1169 509 1238 τουμένων
550 1170 742 1243 ἄρχειν
784 1175 886 1228 οὐκ
940 1177 1194 1245 ῑσχυσεν;
1229 1175 1343 1229 ἀλλ’
1374 1175 1449 1237 ὼς
1478 1176 1620 1229 ἔοικε
1639 1216 1653 1236 ,
1685 1175 1807 1229 κατ’

235 1261 539 1333 ἀνθρώπων
585 1264 726 1337 αὕτη
774 1267 927 1338 παρὰ
954 1268 1048 1322 τοῦ
1087 1268 1327 1339 πονηροῦ
1362 1268 1729 1339 προϐέϐληται
1768 1269 1802 1339 ἡ

239 1354 448 1425 μηχανὴ
471 1395 487 1415 ,
535 1357 623 1410 ἵνα
650 1356 710 1410 τὸ
731 1358 978 1413 εὐσεϐεῖν
1004 1359 1098 1412 καὶ⁵
1122 1359 1535 1428 δικαιοπραγεῖν
1559 1359 1805 1429 ἀνάγκης

234 1445 387 1515 ἔργον
410 1447 739 1516 νομίσαντες
765 1450 1170 1521 ἀλλοτριωθῶσι
1199 1449 1335 1504 Θεοῦ
1355 1490 1370 1516 ,
1402 1450 1497 1504 καὶ
1524 1450 1586 1503 τὸ
1613 1449 1809 1503 τάναν-

232 1536 315 1589 τία
364 1539 635 1608 πράττειν
684 1541 783 1609 τῆς
837 1541 1010 1612 αὐτῆς
1054 1541 1238 1603 αίτίας
1290 1540 1603 1608 πειθόμενοι
1652 1541 1804 1594 οὐδὲν

233 1631 509 1685 άποκνῶσι
538 1633 584 1665 ³⁸
615 1633 754 1702 πρὸς
783 1634 852 1686 τὰ
877 1635 1271 1705 ἁμαρτήματα.
1296 1632 1505 1687 Οὐκοῦν
1528 1632 1630 1686 οὐκ
1658 1631 1804 1687 ἔστιν

233 1724 264 1793 ἡ
299 1724 555 1791 γένεσις,
597 1726 892 1780 πλάττεται
936 1726 995 1779 δὲ
1028 1726 1132 1778 ὑπὸ
1164 1725 1273 1779 τῶν
1310 1724 1519 1796 ἐχθρῶν
1542 1725 1642 1795 τῆς
1670 1725 1802 1794 ἀλη-

1910 623 2071 677 modo
2113 624 2239 679 item
2275 626 2509 693 genesis,
2574 642 2694 696 qua:
2753 643 2907 698 reges
2939 644 3004 683 ac
3037 631 3309 701 principes
3342 647 3479 686 con-

1910 720 2140 773 stituere
2174 719 2339 782 solet,
2371 718 2469 775 hos
2498 719 2580 793 eis
2617 721 2875 789 negavit?
2912 737 3037 775 nam
3076 738 3251 793 neque
3292 728 3481 782 asinus

1909 810 2209 873 asinorum,
2259 825 2434 879 neque
2466 790 2623 879 lupus
2674 811 2924 881 luporum
2987 830 3081 869 rex
3143 790 3246 882 est,
3307 833 3484 888 neque

1910 901 2054 955 inter
2103 901 2202 955 hos
2251 900 2390 956 alius
2457 917 2659 972 pauper
2714 913 2825 967 est,
2887 905 3029 960 alius
3070 907 3241 970 dives,
3306 924 3481 976 neque

1909 992 2137 1046 aliorum
2169 992 2243 1045 ibi
2267 993 2584 1062 quidquam,
2610 996 2805 1064 quibus
2840 998 3135 1052 humanum
3179 1015 3349 1068 genus
3380 1002 3480 1055 oh-

1908 1085 2130 1139 noxium
2186 1094 2291 1141 est.
2329 1084 2431 1142 Ubi
2480 1086 2647 1153 igitur
2675 1103 2780 1141 una
2830 1090 3073 1144 nrientes
3130 1092 3472 1147 stellat?nbi

1910 1178 2147 1246 ipsorum
2190 1177 2426 1246 genesis,
2459 1187 2621 1247 atque
2656 1178 2742 1233 illa
2778 1180 3225 1248 apntelesmatnm
3290 1183 3476 1235 inulti—

1906 1270 2042 1324 tudo
2064 1270 2088 1324 ?
2114 1271 2196 1324 An
2229 1270 2347 1325 haec
2388 1269 2443 1323 in
2495 1270 2641 1325 solos
2672 1271 2902 1325 miseros
2961 1272 3220 1327 mortales
3274 1282 3477 1328 tantam

1904 1360 2198 1428 abripuere
2228 1359 2519 1428 potentiam
2546 1360 2570 1413 ?
2596 1360 2757 1429 Atqui
2799 1361 2849 1414 vi
2880 1371 3201 1417 cmterorum
3238 1364 3479 1416 omnium

1906 1450 2265 1504 animantium
2291 1452 2699 1520 potentissimus
2718 1454 2897 1507 homo.
2930 1452 3141 1509 Etenim
3167 1466 3222 1508 et
3250 1454 3484 1509 fortiori-

1914 1541 2015 1597 bus
2062 1542 2342 1598 intellectu
2398 1552 2642 1613 praestat,
2669 1553 2725 1598 et
2771 1560 2937 1614 super
2971 1555 3176 1601 terram
3222 1548 3481 1617 gradiens

1914 1633 2214 1688 volatilinm
2251 1643 2430 1688 tamen
2461 1635 2709 1690 dominus
2735 1644 2839 1699 est,
2862 1644 2922 1688 et
2977 1636 3029 1690 in
3063 1637 3197 1690 mari
3231 1638 3478 1691 natantia

1902 1731 2111 1791 captat,
2137 1730 2220 1787 et,
2257 1732 2316 1777 ut
2359 1722 2519 1778 simul
2553 1723 2751 1787 dicam,
2814 1725 3068 1781 omnibus
3116 1727 3486 1782 animantibus

228 1814 372 1878 θείας
402 1818 554 1871 κατὰ
573 1818 674 1886 τῆς
712 1817 1005 1889 ἀληθείας,
1050 1817 1241 1889 ὥσπερ
1287 1816 1394 1871 ὑπὸ
1440 1816 1551 1871 τῶν
1594 1815 1801 1887 ταύτης

1908 1815 2119 1870 ratione
2175 1825 2340 1885 atque
2377 1815 2703 1885 intelligendi
2745 1804 3000 1873 facultate
3029 1819 3489 1886 antecellit.Qno-

231 1906 507 1980 ἐλέγχεται
551 1880 746 1979 φίλων.
807 1880 819 1889 υ
957 1880 967 1882 ν
991 1880 999 1883 ﬁ
1211 1880 1223 1889 -
1755 1880 1768 1887 ‘

1903 1908 2062 1963 modo
2091 1880 2267 1979 igitur.
2285 1910 2496 1979 genesis
2646 1925 2768 1964 eum
2817 1910 2981 1965 habet
3028 1911 3312 1980 imperium
3343 1880 3482 1980 :qui

230 2000 427 2056 ceteris
456 2001 697 2070 imperat
722 2001 995 2066 omnibus,
1013 2001 1081 2058 iis
1108 2016 1240 2057 vero
1272 2001 1544 2067 imperare
1577 1998 1785 2069 nequit,
1829 2012 1950 2069 qua:
1970 1998 2128 2065 hujus
2151 1999 2379 2066 imperio
2411 1998 2758 2054 continentur
2783 2000 2807 2054 ?
2828 1999 3028 2055 Verum
3054 2040 3070 2066 ,
3127 2010 3184 2055 ut
3238 2014 3483 2072 apparet,

230 2092 337 2147 haec
370 2092 645 2149 adversus
698 2093 945 2148 homines
998 2107 1029 2147 a
1084 2093 1227 2149 malo
1273 2097 1514 2148 daemone
1583 2092 1845 2146 instructa
1886 2089 2138 2144 machina
2166 2089 2530 2159 est,utetpie
2569 2088 2751 2144 vivere
2785 2089 3040 2159 justeque
3061 2106 3224 2160 agere
3247 2096 3487 2149 necessi-

235 2185 349 2240 tatis
374 2199 498 2240 esse
545 2183 796 2241 eﬂeetum
840 2187 965 2253 rati,
997 2186 1163 2241 alieni
1201 2201 1230 2241 a
1257 2185 1369 2242 Deo
1406 2184 1787 2249 efﬁcerentur;
1859 2188 1914 2235 et
1975 2195 2095 2249 quae
2147 2179 2232 2234 his
2279 2180 2553 2236 contraria
2602 2181 3070 2236 committerentur
3100 2220 3116 2247 ,
3160 2185 3229 2238 ab
3286 2185 3475 2238 eadem

233 2278 486 2346 proficisci
533 2293 693 2332 causa
730 2277 1219 2347 persuasi,nullum
1252 2276 1473 2332 omnino
1504 2282 1785 2345 peccatum
1822 2271 2323 2339 praetermitterent.
2387 2270 2545 2325 Nulla
2612 2280 2696 2326 est
2734 2271 2898 2341 igitur
2949 2287 3175 2341 prorsus
3242 2275 3478 2343 genesis,

234 2371 359 2429 seda
386 2370 645 2425 veritatis
688 2370 936 2426 hostibus
964 2379 1171 2424 ‘coutra
1212 2369 1499 2424 veritatem
1547 2366 1792 2437 fingitur,
1830 2363 2285 2433 quemadmodum
2316 2363 2385 2417 ab
2425 2361 2585 2429 hujus
2608 2364 2800 2419 amicis
2835 2365 3259 2423 demonstratur.

324 2460 458 2515 Οὐδὲ
479 2462 597 2530 γὰρ
626 2461 726 2529 τὴν
760 2460 985 2529 ἀλογίαν
1010 2459 1164 2532 εὖροι
1195 2476 1280 2523 τις
1316 2458 1384 2512 ἂν
1414 2454 1805 2530 ἀκριϐολογού-

242 2570 381 2621 μενος
409 2552 597 2605 αἰτίαν
622 2550 717 2604 τοῦ
745 2551 819 2621 μὴ
865 2550 1157 2620 μανθάνειν
1188 2552 1257 2605 τὰ
1284 2549 1402 2615 ζῶα
1447 2550 1547 2604 ὅσα
1577 2549 1671 2604 καὶ
1714 2547 1807 2603 ἄν-

232 2644 474 2714 θρωπος,
526 2642 720 2713 ὥσπερ
766 2642 887 2694 οὐδὲ
932 2641 994 2694 τὸ
1032 2640 1247 2711 λογικὸν
1288 2640 1365 2711 τῷ
1393 2639 1664 2711 ἀνθρώπῳ
1692 2640 1804 2694 τῶν

244 2734 436 2804 μυρίων
462 2732 923 2802 ἐπιτηδευμάτων
961 2732 1154 2786 αἴτιον.
1184 2732 1393 2795 Πόσους
1430 2730 1538 2802 γὰρ
1562 2732 1681 2785 κατ’
1706 2732 1804 2785 αὺ-

234 2826 347 2888 τοὺς
373 2827 405 2897 ἡ
439 2827 661 2893 γένεσις
679 2824 971 2895 ἐργάζεται
991 2824 1232 2892 κωφοὺς,
1261 2823 1529 2892 ἀφώνους,
1562 2823 1796 2895 μωροὺς,

245 2919 516 2990 ἀτέχνους,
569 2920 764 2986 ἀφυεῖς
793 2917 894 2971 ῙΤί
950 2911 1043 2970 οὖν
1082 2915 1329 2987 ὠφέλησε
1363 2916 1425 2969 τὸ
1461 2915 1679 2983 λογικόν
1711 2915 1803 2969 τὸν

240 3008 297 3062 ὲκ
341 3010 555 3081 μήτρας
611 3008 939 3074 προελθόντα
991 3006 1191 3077 τυφλὸν
1248 3009 1342 3063 καὶ
1397 3009 1581 3077 κωφὸν
1607 3009 1642 3079 ἦ
1673 3009 1802 3071 τοὺς

236 3100 490 3165 ⁴ιοιούτους
514 3142 530 3166 ,
572 3100 669 3154 καὶ
689 3099 872 3153 πόσων
923 3100 1132 3168 ἀλόγων
1163 3100 1267 3155 οὐκ
1304 3100 1412 3154 εἰσὶ
1454 3099 1672 3170 χείρους
1705 3099 1802 3152 καὶ

240 3192 359 3262 πρὸς
389 3194 500 3263 βίον
529 3194 629 3247 καὶ
654 3193 790 3263 πρὸς
819 3192 1088 3263 μάθησιν;
1111 3193 1166 3246 τί
1190 3193 1248 3247 δὲ
1283 3192 1539 3262 μέλιτταν
1565 3192 1799 3262 ἔϐλαψεν

240 3245 595 3355 ista,”
622 3245 887 3357 μάξμὲιζια
915 3245 1260 3356 ηιλοιιαέει
1281 3245 1513 3357 ἒηράττει
1537 3284 1575 3339 ἂ
1601 3284 1645 3317 ιτ
1674 3245 1804 3339 ala.
1826 3245 1872 3306 ο

242 3391 348 3427 στον
391 3376 692 3439 ἀκωλύτως
758 3377 900 3431 κατά
944 3376 1103 3446 φύσιν
1145 3377 1329 3440 αὐτοῖς
1385 3376 1800 3447 ὲπιτηδεύεται;

239 3462 285 3515 τί
311 3464 363 3517 δὲ
391 3467 456 3518 τὰ
489 3465 629 3520 ἀλλα
659 3464 771 3517 τῶν
802 3465 957 3529 ζώων
988 3467 1310 3538 παρέϐλαψε
1351 3468 1489 3538 πρὸς
1513 3467 1576 3522 τὸ
1602 3469 1804 3522 οἰκεῖον

242 3551 381 3622 ἔργον
402 3593 418 3617 ,
452 3554 585 3608 ἀντὶ
615 3552 708 3607 τοῦ
740 3554 957 3623 λογικοῦ
990 3554 1221 3610 λαϐόντα
1243 3558 1306 3611 τὸ
1330 3558 1562 3627 ἀλογον;
1597 3558 1672 3628 μὴ
1694 3561 1806 3622 τοῖς

240 3648 437 3714 πτεροῖς
476 3648 631 3719 ᾅδειν
671 3647 764 3701 τὸν
792 3647 990 3702 κύκνον
1031 3649 1066 3719 ἡ
1109 3648 1302 3718 ἀλογία
1352 3649 1720 3714 συνέστειλεν,
1768 3650 1802 3721 ἢ

242 3735 349 3799 τοὺς
374 3739 672 3807 τέττιγαςς
705 3738 822 3793 ἀλλ’
857 3740 968 3810 ἄρα
1018 3739 1245 3797 δύναται
1282 3742 1377 3795 καὶ
1423 3741 1585 3810 φύσει
1628 3744 1804 3795 ποιεῖν

243 3827 272 3896 ἡ
294 3830 492 3896 γένεσις
522 3831 820 3901 μουσικούς
844 3848 860 3865 ο
892 3831 988 3887 καὶ
1013 3832 1134 3896 πῶς
1161 3832 1284 3904 οὐχὶ
1314 3833 1410 3887 καὶ
1449 3834 1687 3904 ῥήτορας
1709 3833 1805 3886 καὶ

248 3918 482 3985 σοφιστάς
527 3920 866 3988 ἁπετέλεσε;
910 3922 999 3976 διά
1045 3922 1098 3975 τί
1145 3923 1203 3976 δὲ
1230 3922 1379 3977 καθά
1433 3925 1692 3993 γινώσκει
1733 3924 1804 3979 τὰ

244 4006 426 4077 ἄλογα,
456 4012 532 4082 μὴ
569 4013 662 4066 καὶ
694 4015 853 4083 ἡμεῖς
891 4013 1051 4083 ἴσμεν
1100 4013 1271 4085 χωρὶς
1300 4014 1395 4069 τοῦ
1463 4016 1756 4087 μανθάνειν
1783 4032 1799 4081 ;

244 4099 362 4155 ἀλλά
388 4103 456 4156 τὰ
485 4103 598 4157 τῶν
625 4104 860 4172 λογικῶν
893 4104 981 4159 διὰ
1015 4104 1076 4158 τὸ
1101 4105 1297 4174 ἄλογον
1326 4106 1387 4158 οὐ
1417 4106 1640 4161 δύναται
1666 4125 1802 4178 μαν-

245 4190 407 4246 θάνειν
430 4196 497 4248 τὰ
531 4196 725 4264 ἄλογα.
746 4196 857 4250 Καὶ
879 4196 997 4261 πῶς
1014 4197 1082 4251 τά
1101 4197 1348 4269 ἀλλήλων
1373 4198 1462 4252 διὰ
1484 4198 1585 4269 τὴν
1616 4198 1801 4268 κοινὴν

240 4280 443 4351 ἀλογίαν
469 4286 531 4340 οὐ
555 4286 896 4341 διδάσκονται
918 4329 934 4355 ,
958 4289 1179 4359 γέρανοι
1209 4289 1278 4343 τά
1300 4290 1515 4342 κύκνων
1538 4327 1554 4353 ,
1589 4290 1701 4342 δνοι
1731 4289 1802 4341 τὰ

244 4377 401 4428 κυνῶν
422 4420 439 4443 ,
488 4379 589 4431 καὶ⁵
629 4379 698 4432 τά
751 4379 1003 4451 μελίττης
1048 4382 1259 4453 ἀράχνη
1281 4422 1298 4448 ,
1334 4383 1428 4437 καὶ
1468 4381 1698 4435 ἕκαστον
1742 4379 1803 4434 τὸ

242 4461 536 4537 ἀλλότριον;
577 4469 677 4523 οὐκ
700 4469 808 4539 ἄρα
834 4469 923 4523 διὰ
948 4470 1046 4541 τὴν
1065 4471 1287 4541 ἀλογίαν
1307 4475 1340 4543 ή
1365 4472 1472 4527 τῶν
1499 4470 1801 4544 ἀνθρώπων

1973 2452 2158 2523 Neque
2199 2452 2347 2508 enim
2374 2452 2517 2523 quod
2570 2453 2824 2507 animalia
2879 2456 3089 2511 ratione
3142 2468 3386 2523 careant,
3430 2462 3482 2516 iu

1901 2557 2068 2598 causa
2098 2558 2220 2599 esse
2247 2543 2481 2612 diligens
2530 2558 2713 2598 rerum
2761 2556 3139 2613 perscrutator
3166 2548 3472 2616 deprehen-

1901 2633 2010 2695 det.
2043 2632 2335 2701 quominus
2368 2634 2526 2687 bruta
2563 2632 2776 2689 discant
2806 2634 3021 2701 eadem,
3062 2651 3185 2705 quae
3231 2638 3483 2695 homines

1900 2726 2101 2789 solent,
2131 2732 2193 2779 ut
2222 2738 2397 2794 neque
2432 2724 2697 2781 rationem
2726 2724 2779 2778 in
2806 2725 3025 2782 homine
3074 2728 3310 2796 eﬂicere,
3339 2735 3481 2799 quod

1899 2817 2109 2888 216b
2149 2817 2470 2886 disciplinas
2520 2832 2686 2888 prepe
2738 2818 2981 2875 infinitas
3033 2822 3479 2887 comprehendat.

1899 2908 2075 2975 Quam
2125 2908 2324 2963 multos
2347 2907 2491 2964 enim
2544 2922 2612 2964 ex
2662 2908 2875 2965 illorum
2934 2912 3200 2965 sententia
3268 2914 3481 2980 genesis

1898 2997 2066 3061 allicit
2134 3000 2351 3065 surdos,
2408 3007 2611 3063 mutos,
2656 2998 2878 3067 stultos,
2926 2999 3153 3063 inertes,
3215 3001 3469 3072 ineptos!

1898 3090 2039 3158 Quid
2100 3091 2263 3160 igitur
2335 3090 2472 3145 ratio
2543 3089 2748 3159 profuit
2814 3105 2882 3145 ex
2969 3100 3123 3147 utero
3188 3094 3477 3161 prodeunti

1904 3196 2073 3247 εωοο,
2115 3183 2283 3238 surdo
2324 3191 2419 3237 aut
2442 3180 2606 3238 simili
2633 3181 2842 3237 alicui?
2879 3182 2946 3238 Et
2972 3182 3168 3254 quibus
3215 3185 3473 3251 animan-

1906 3275 2050 3331 tibus
2107 3275 2392 3332 inferiores
2450 3290 2557 3331 non
2602 3282 2747 3344 sunt,
2809 3274 2925 3331 sive
2975 3277 3041 3332 ad
3078 3277 3281 3333 victum
3324 3294 3509 3349 quaa-.

1903 3368 2154 3431 rendum,
2183 3368 2298 3421 sive
2325 3367 2393 3422 ad
2418 3366 2779 3423 discendum?
2808 3368 2946 3435 Quid
2969 3384 3098 3425 vero
3116 3370 3347 3441 apicula:
3378 3387 3478 3425 no-

1903 3458 2038 3523 cuit,
2071 3459 2149 3512 vel
2182 3472 2415 3525 araneae,
2459 3458 2541 3512 vel
2570 3459 2832 3526 formicae,
2862 3458 3007 3528 quod
3025 3460 3250 3515 rationis
3274 3476 3479 3530 expers

1902 3551 1998 3615 sit,
2026 3549 2070 3605 si
2103 3549 2294 3605 horum
2334 3548 2616 3619 quodlibet
2649 3548 2787 3605 facit
2826 3550 2902 3617 id,
2928 3551 3071 3621 quod
3099 3551 3147 3606 ei
3171 3554 3473 3607 secundum

1900 3652 2155 3699 naturam
2205 3642 2502 3699 convenit?
2544 3642 2685 3707 Quid
2717 3643 2951 3714 denique
2984 3644 3108 3701 aliis
3151 3644 3326 3715 obfuit
3362 3646 3479 3699 ani-

1904 3736 2180 3792 mantibus
2214 3737 2280 3792 ad
2316 3750 2475 3790 suum
2538 3734 2801 3806 cuiusque
2839 3751 2996 3805 opus,
3050 3738 3194 3806 quod
3252 3737 3483 3794 rationis

1902 3829 2151 3899 expertia
2184 3828 2342 3885 sint?
2391 3825 2663 3896 Numquid
2722 3837 3007 3898 propterea
3059 3830 3204 3899 quod
3267 3832 3483 3895 ratione

1901 3928 2171 3986 carerent,
2211 3919 2451 3988 impediti
2505 3917 2658 3974 fuere
2710 3919 2827 3973 sive
2870 3920 3053 3989 cycni,
3110 3924 3224 3974 sive
3249 3924 3473 3985 cicada},

1900 4014 2193 4085 quominus
2222 4012 2322 4070 alis
2362 4012 2475 4068 suis
2525 4022 2742 4067 cantum
2782 4011 3052 4068 ederent?
3082 4012 3188 4068 Sed
3241 4030 3365 4085 quae
3411 4031 3487 4075 ex

1901 4104 2018 4176 ipsa
2054 4111 2247 4160 natura
2296 4101 2525 4158 canendi
2553 4102 2759 4171 peritos
2804 4102 3106 4170 producere
3132 4105 3349 4170 genesis
3368 4118 3465 4173 po-

1899 4204 2032 4263 test,
2064 4194 2337 4265 quomodo
2377 4209 2483 4249 non
2535 4192 2848 4262 eloquentes
2888 4208 2953 4248 ac
2990 4194 3224 4248 disertos
3277 4195 3477 4251 eadem.

1899 4284 2170 4343 reddidit?
2202 4284 2312 4341 Cur
2330 4285 2486 4340 bruta
2511 4283 2781 4339 damnas?
2804 4282 3075 4353 Numquid
3111 4299 3208 4339 nos
3233 4284 3460 4355 aliquid,

1903 4378 2009 4433 nisi
2061 4378 2362 4442 discamus,
2399 4374 2686 4431 novimus?
2731 4373 3121 4441 Verumlbrnta
3148 4376 3473 4439 animantia,

1902 4484 2025 4525 cum
2060 4469 2273 4524 ratione
2303 4467 2689 4530 destituantur,
2715 4481 2904 4522 eorum
2932 4480 3055 4535 quae
3094 4469 3161 4522 ad
3210 4468 3477 4523 rationem

248 4553 460 4626 μάθησις
499 4561 720 4630 ἀλόγοις
747 4563 1124 4634 ἀπαράδεκτος
1149 4602 1166 4631 ,
1207 4565 1344 4619 ἀλλὰ
1374 4566 1464 4619 διὰ
1490 4565 1588 4635 τὴν
1616 4566 1795 4631 διαφο-

1903 4569 2171 4628 spectant,
2204 4560 2413 4615 discere
2469 4559 2907 4629 nihillpossunt.
2950 4559 3092 4626 Quin
3143 4575 3296 4631 ergo,
3343 4577 3465 4616 cum

251 4644 334 4708 Ράν
364 4647 455 4716 τῆς
489 4650 597 4703 ὑπὸ
628 4651 721 4705 τοῦ
745 4652 1088 4724 Δημιουργοῦ
1122 4655 1490 4726 προαχθείσης
1540 4655 1781 4723 φύσεως.

249 4730 330 4797 Τίς
359 4737 411 4789 δὲ
437 4739 612 4811 ἀστὴρ
644 4741 764 4795 τόδε
792 4743 1118 4796 καταλαϐὼν
1145 4745 1205 4798 τὸ
1233 4743 1422 4808 ζώδιον
1442 4744 1572 4817 [356
1603 4745 1697 4817 IL]
1736 4747 1798 4800 τὸ

249 4823 379 4887 γένος
403 4828 600 4885 ἔπλασε
629 4832 740 4886 τῶν
758 4833 959 4904 θηρίων
988 4837 1095 4890 ἀπὸ
1119 4836 1219 4905 τῆς
1241 4837 1344 4905 γῆς
1367 4836 1399 4907 ἢ
1426 4838 1536 4890 τῶν
1558 4838 1794 4908 κτηνῶν,

251 4910 277 4979 ἦ
299 4915 395 4969 ἀπὸ
416 4919 684 4991 θαλάσσης
712 4923 821 4977 τῶν
843 4926 1091 4993 νηκτῶν;
1119 4927 1214 4979 καὶ
1239 4925 1329 4979 διὰ
1372 4927 1426 4979 τί
1452 4928 1526 4997 μὴ
1576 4931 1673 4982 καὶ
1699 4926 1795 4982 νῦν

251 5002 301 5054 τὸ
325 5008 442 5061 αὐτὸ
500 5013 924 5082 διαπράττεται;
965 5017 997 5084 ἡ
1024 5015 1080 5069 δὲ
1108 5017 1234 5079 τοὺς
1265 5016 1479 5087 ἀώρους
1530 5019 1796 5085 θανάτους

251 5091 501 5164 ἐπάγουσα
525 5105 739 5171 γένεσις
760 5104 876 5168 πῶς
905 5106 1024 5175 οὐχὶ
1050 5108 1145 5160 καὶ
1166 5108 1296 5161 δέκα
1339 5108 1474 5161 ὲτῶν
1507 5110 1794 5180 ἄνθρωπον

254 5180 398 5250 ἔδειξε
439 5192 665 5261 γέροντα
689 5233 704 5257 ,
744 5192 777 5261 ἦ
816 5191 1117 5262 πρώτοις³⁸
1165 5194 1359 5257 ἰούλοις
1398 5194 1459 5248 τὸ
1504 5198 1796 5265 πρόσωπον

256 5280 695 5349 στεφανούμενονς
744 5283 840 5335 καὶ
893 5284 941 5335 εί
998 5282 1090 5336 τοῦ
1136 5285 1328 5354 χρόνου
1378 5285 1440 5339 τὸ
1485 5287 1656 5357 μῆκος
1696 5290 1797 5357 τῆς

257 5358 458 5419 ἑκάστου
497 5370 638 5444 ζωῆς
656 5373 735 5436 είς
757 5374 917 5426 πέντε
935 5375 1027 5427 καὶ
1048 5375 1105 5439 ἒξ
1125 5376 1169 5407 ⁸⁸
1188 5414 1202 5438 ,
1228 5376 1396 5428 ἐνίοτε
1417 5376 1473 5431 δὲ
1502 5380 1597 5430 καὶ
1620 5379 1797 5447 ἀσύγ-

257 5468 417 5523 κριτον
464 5466 603 5519 κατά
646 5466 708 5519 τὸ
756 5464 977 5519 ἔλαττον
1005 5467 1197 5538 ἔτεμε,
1231 5469 1357 5540 [688
1387 5469 1479 5540 11.]
1508 5469 1625 5533 πῶς
1656 5472 1798 5527 οὐδέ.

262 5558 373 5601 ποτε
393 5556 786 5611 πενταπλάσιον
811 5558 845 5627 ἢ
879 5557 1273 5627 δεκαπλάσιον;
1302 5563 1397 5614 καὶ
1416 5561 1468 5613 τί
1495 5561 1641 5630 λέγω
1664 5580 1792 5615 πεν-

1891 4652 2121 4725 perinde
2179 4651 2364 4706 omnia
2408 4650 2621 4706 ratione
2684 4660 2927 4717 careant,
2980 4666 3087 4705 non
3140 4665 3205 4705 ea
3269 4651 3468 4707 saltem

1892 4747 2127 4809 discunt,
2167 4759 2287 4814 quae
2315 4745 2381 4797 ad
2425 4752 2621 4798 caetera
2657 4743 2815 4797 bruta
2861 4742 3180 4811 pertinent;
3218 4752 3275 4797 ut
3307 4758 3475 4813 grues

1892 4850 2015 4906 qua:
2061 4837 2127 4890 ad
2185 4834 2383 4896 olores,
2418 4834 2553 4888 asini
2607 4849 2728 4903 quae
2781 4834 2849 4888 ad
2899 4848 3089 4899 canes,
3124 4833 3295 4901 etrad
3341 4850 3487 4903 apes,

1893 4940 2114 4986 aranea,
2151 4934 2199 4979 et
2233 4924 2310 4977 sic
2341 4922 2596 4995 deinceps
2625 4924 2920 4992 quodlibet,
2952 4922 3098 4995 quod
3125 4924 3193 4978 ad
3239 4925 3484 4982 alterum.

1894 5014 2137 5087 spectati
2172 5012 2292 5069 Non
2319 5022 2467 5069 certe
2503 5013 2630 5082 quia
2688 5014 2898 5069 ratione
2945 5015 3287 5083 destituitur,
3341 5033 3481 5087 pro-.

1892 5119 2076 5179 pterea
2112 5109 2364 5163 humanae
2392 5105 2751 5161 institutionis
2774 5106 2992 5163 brutum
3020 5125 3195 5179 capax
3225 5126 3332 5165 non
3359 5122 3480 5181 est,‘

1893 5201 1985 5255 sed
2016 5198 2086 5253 oh
2118 5208 2345 5263 naturae,
2374 5212 2535 5265 quam
2588 5194 2851 5251 Conditor
2896 5200 3171 5267 produxit,
3206 5199 3469 5257 differena

1895 5291 2047 5345 tiam.
2082 5287 2363 5355 Quodnam
2393 5302 2522 5343 vero
2570 5288 2697 5342 illud
2733 5295 2937 5343 astrum
2979 5299 3085 5355 est,
3125 5292 3268 5360 quod
3298 5293 3481 5348 hocce.

1894 5380 2134 5451 signiferi
2158 5389 2425 5449 occupato
2465 5380 2617 5449 signo
2647 5378 2887 5434 ferarum
2913 5382 3463 5451 atquejumentorum

1901 5487 2073 5541 genus
2122 5487 2153 5527 e
2205 5481 2346 5527 terra
2384 5480 2477 5525 aut
2519 5486 2587 5525 ex
2623 5472 2757 5525 mari
2811 5473 3114 5526 natalitium
3166 5472 3469 5537 formavit?

1899 5563 1967 5619 Et
1987 5578 2085 5619 cur
2117 5564 2257 5620 idem
2313 5578 2455 5620 nunc
2492 5576 2707 5633 quoque
2750 5577 2856 5616 non
2931 5562 3124 5617 elIicit?
3166 5562 3288 5631 Jam
3348 5579 3469 5633 quae

1534 5672 1768 5730 VARle
1806 5674 2215 5731 LECTIONES.
2327 5704 2337 5718 -

324 5750 367 5833 ³⁸,
391 5754 691 5840 ἀποκινοῦςι
741 5760 782 5813 C
810 5778 833 5840 _:
864 5763 1157 5817 ἀποκνοῦσι
1194 5782 1255 5829 ς.
1330 5766 1374 5797 ³⁷
1400 5765 1436 5819 ἃ
1461 5778 1575 5827 υοει
1600 5767 1802 5829 ἁκωλύπ

1931 5767 2416 5840 transportandum.

266 5812 390 5878 libri.
465 5828 505 5859 δι
528 5826 605 5900 ἒξ]
633 5828 672 5894 ξι
702 5812 961 5902 scaliger,

2516 5767 2560 5801 ιη
2601 5764 2831 5839 πρώτοις
2853 5762 3090 5837 Scaliger
3125 5786 3139 5824 :
3170 5764 3316 5838 παρὰ
3351 5768 3465 5832 VIN
