  <div class='ocr_page' id='page_1' title='image "/cluster/home/n/w/nwhite01/storage/ocr_20150623/103/hvd.32044018872861/437.png"; bbox 0 0 3924 6448; ppageno 0'>
   <div class='ocr_carea' id='block_1_1' title="bbox 533 400 641 463">
    <p class='ocr_par' dir='ltr' id='par_1_1' title="bbox 533 400 641 463">
     <span class='ocr_line' id='line_1_1' title="bbox 533 400 641 463; baseline 0 -1"><span class='ocrx_word' id='word_1_1' title='bbox 533 400 641 463; x_wconf 81' lang='lat'><strong>859</strong></span> 
     </span>
    </p>
   </div>
   <div class='ocr_carea' id='block_1_2' title="bbox 1688 404 2625 473">
    <p class='ocr_par' dir='ltr' id='par_1_2' title="bbox 1688 404 2625 473">
     <span class='ocr_line' id='line_1_2' title="bbox 1688 404 2625 473; baseline -0.005 -6"><span class='ocrx_word' id='word_1_2' title='bbox 1688 405 1950 467; x_wconf 88' lang='lat' dir='ltr'><strong>PHOTII</strong></span> <span class='ocrx_word' id='word_1_3' title='bbox 1976 404 2480 473; x_wconf 69' lang='lat' dir='ltr'><strong>PATRIARCH/E</strong></span> <span class='ocrx_word' id='word_1_4' title='bbox 2521 405 2625 466; x_wconf 74' lang='grc' dir='ltr'><strong>(ΖΡ.</strong></span> 
     </span>
    </p>
   </div>
   <div class='ocr_carea' id='block_1_3' title="bbox 3683 397 3769 462">
    <p class='ocr_par' dir='ltr' id='par_1_3' title="bbox 3683 397 3769 462">
     <span class='ocr_line' id='line_1_3' title="bbox 3683 397 3769 462; baseline 0 0"><span class='ocrx_word' id='word_1_5' title='bbox 3683 397 3769 462; x_wconf 71' lang='lat'><strong>860</strong></span> 
     </span>
    </p>
   </div>
   <div class='ocr_carea' id='block_1_4' title="bbox 533 497 2091 587">
    <p class='ocr_par' dir='ltr' id='par_1_4' title="bbox 533 497 2091 587">
     <span class='ocr_line' id='line_1_4' title="bbox 533 497 2091 587; baseline 0.002 -19"><span class='ocrx_word' id='word_1_6' title='bbox 533 517 878 569; x_wconf 80' lang='lat' dir='ltr'><strong>immatur-am</strong></span> <span class='ocrx_word' id='word_1_7' title='bbox 934 523 1161 570; x_wconf 88' lang='lat' dir='ltr'><strong>mortem</strong></span> <span class='ocrx_word' id='word_1_8' title='bbox 1200 516 1419 571; x_wconf 74' lang='lat' dir='ltr'><strong>adducit</strong></span> <span class='ocrx_word' id='word_1_9' title='bbox 1461 518 1694 587; x_wconf 82' lang='lat' dir='ltr'><strong>genesis,</strong></span> <span class='ocrx_word' id='word_1_10' title='bbox 1746 536 1842 573; x_wconf 88' lang='lat' dir='ltr'><strong>cur</strong></span> <span class='ocrx_word' id='word_1_11' title='bbox 1873 533 1978 573; x_wconf 91' lang='lat' dir='ltr'><strong>non</strong></span> <span class='ocrx_word' id='word_1_12' title='bbox 2011 497 2091 572; x_wconf 86' lang='lat' dir='ltr'><strong>vel</strong></span> 
     </span>
    </p>
   </div>
   <div class='ocr_carea' id='block_1_5' title="bbox 2197 497 3769 587">
    <p class='ocr_par' dir='ltr' id='par_1_5' title="bbox 2197 510 3769 585">
     <span class='ocr_line' id='line_1_5' title="bbox 2197 510 3769 585; baseline -0.003 -14"><span class='ocrx_word' id='word_1_13' title='bbox 2197 516 2503 571; x_wconf 89' lang='grc' dir='ltr'>ταπλάσιον</span> <span class='ocrx_word' id='word_1_14' title='bbox 2526 556 2543 580; x_wconf 93' lang='grc'><strong>,</strong></span> <span class='ocrx_word' id='word_1_15' title='bbox 2576 516 2691 571; x_wconf 80' lang='grc' dir='ltr'>ἀλλ’</span> <span class='ocrx_word' id='word_1_16' title='bbox 2721 515 2843 569; x_wconf 76' lang='grc' dir='ltr'>οὐδὲ</span> <span class='ocrx_word' id='word_1_17' title='bbox 2870 516 2952 579; x_wconf 84' lang='grc' dir='ltr'><strong>είς</strong></span> <span class='ocrx_word' id='word_1_18' title='bbox 2988 513 3049 568; x_wconf 81' lang='grc' dir='ltr'>τὸ</span> <span class='ocrx_word' id='word_1_19' title='bbox 3083 510 3404 585; x_wconf 88' lang='grc' dir='ltr'>τριπλάσιον</span> <span class='ocrx_word' id='word_1_20' title='bbox 3439 511 3472 582; x_wconf 79' lang='grc' dir='ltr'>ἢ</span> <span class='ocrx_word' id='word_1_21' title='bbox 3505 511 3769 566; x_wconf 84' lang='grc' dir='ltr'>διπλάσιον</span> 
     </span>
    </p>
   </div>
   <div class='ocr_carea' id='block_1_6' title="bbox 527 607 2091 681">
    <p class='ocr_par' dir='ltr' id='par_1_6' title="bbox 527 607 2091 681">
     <span class='ocr_line' id='line_1_6' title="bbox 527 607 2091 681; baseline 0 -18"><span class='ocrx_word' id='word_1_22' title='bbox 527 610 822 663; x_wconf 77' lang='lat' dir='ltr'><strong>decennem</strong></span> <span class='ocrx_word' id='word_1_23' title='bbox 855 607 1089 676; x_wconf 81' lang='lat' dir='ltr'><strong>aliquem</strong></span> <span class='ocrx_word' id='word_1_24' title='bbox 1124 609 1252 663; x_wconf 75' lang='lat' dir='ltr'><strong>fecit</strong></span> <span class='ocrx_word' id='word_1_25' title='bbox 1298 624 1422 664; x_wconf 90' lang='lat' dir='ltr'><strong>esse</strong></span> <span class='ocrx_word' id='word_1_26' title='bbox 1458 625 1666 675; x_wconf 86' lang='lat' dir='ltr'><strong>senem,</strong></span> <span class='ocrx_word' id='word_1_27' title='bbox 1700 611 1783 665; x_wconf 85' lang='lat' dir='ltr'><strong>vel</strong></span> <span class='ocrx_word' id='word_1_28' title='bbox 1812 610 2091 681; x_wconf 67' lang='lat' dir='ltr'><strong>[lanugine</strong></span> 
     </span>
    </p>
   </div>
   <div class='ocr_carea' id='block_1_7' title="bbox 2197 607 2590 681">
    <p class='ocr_par' dir='ltr' id='par_1_7' title="bbox 2202 608 2590 679">
     <span class='ocr_line' id='line_1_7' title="bbox 2202 608 2590 679; baseline 0 -17"><span class='ocrx_word' id='word_1_29' title='bbox 2202 608 2550 679; x_wconf 78' lang='grc' dir='ltr'><strong>παρεξέτεινε</strong></span> <span class='ocrx_word' id='word_1_30' title='bbox 2573 626 2590 676; x_wconf 86' lang='lat'><strong>;</strong></span> 
     </span>
    </p>
   </div>
   <div class='ocr_carea' id='block_1_8' title="bbox 529 690 3771 774">
    <p class='ocr_par' dir='ltr' id='par_1_8' title="bbox 529 690 3771 774">
     <span class='ocr_line' id='line_1_8' title="bbox 529 690 3771 774; baseline -0.002 -17"><span class='ocrx_word' id='word_1_31' title='bbox 529 703 718 757; x_wconf 83' lang='lat' dir='ltr'><strong>saltem</strong></span> <span class='ocrx_word' id='word_1_32' title='bbox 740 702 930 757; x_wconf 70' lang='lat' dir='ltr'><strong>faciem</strong></span> <span class='ocrx_word' id='word_1_33' title='bbox 957 690 1176 757; x_wconf 72' lang='lat' dir='ltr'><strong>vestivit</strong></span> <span class='ocrx_word' id='word_1_34' title='bbox 1202 702 1226 757; x_wconf 85' lang='lat'><strong>?</strong></span> <span class='ocrx_word' id='word_1_35' title='bbox 1256 703 1324 758; x_wconf 88' lang='lat' dir='ltr'><strong>Et</strong></span> <span class='ocrx_word' id='word_1_36' title='bbox 1355 704 1400 757; x_wconf 87' lang='lat' dir='ltr'><strong>si</strong></span> <span class='ocrx_word' id='word_1_37' title='bbox 1429 705 1553 758; x_wconf 72' lang='lat' dir='ltr'><strong>vita:</strong></span> <span class='ocrx_word' id='word_1_38' title='bbox 1578 704 1812 772; x_wconf 89' lang='lat' dir='ltr'><strong>spatium</strong></span> <span class='ocrx_word' id='word_1_39' title='bbox 1875 704 2141 774; x_wconf 86' lang='lat' dir='ltr'><strong>cujusque</strong></span> <span class='ocrx_word' id='word_1_40' title='bbox 2180 714 2432 758; x_wconf 86' lang='lat' dir='ltr'><strong>nostrum</strong></span> <span class='ocrx_word' id='word_1_41' title='bbox 2458 705 2528 757; x_wconf 89' lang='lat' dir='ltr'><strong>ad</strong></span> <span class='ocrx_word' id='word_1_42' title='bbox 2584 703 2836 774; x_wconf 86' lang='lat' dir='ltr'><strong>quintum</strong></span> <span class='ocrx_word' id='word_1_43' title='bbox 2886 710 2943 757; x_wconf 91' lang='lat' dir='ltr'><strong>et</strong></span> <span class='ocrx_word' id='word_1_44' title='bbox 2988 700 3387 769; x_wconf 76' lang='lat' dir='ltr'><strong>sexagesimum</strong></span> <span class='ocrx_word' id='word_1_45' title='bbox 3451 711 3680 762; x_wconf 88' lang='lat' dir='ltr'><strong>annum,</strong></span> <span class='ocrx_word' id='word_1_46' title='bbox 3726 708 3771 753; x_wconf 87' lang='lat' dir='ltr'><strong>et</strong></span> 
     </span>
    </p>
   </div>
   <div class='ocr_carea' id='block_1_9' title="bbox 530 784 3769 865">
    <p class='ocr_par' dir='ltr' id='par_1_9' title="bbox 530 784 3769 865">
     <span class='ocr_line' id='line_1_9' title="bbox 530 784 3769 865; baseline -0.002 -23"><span class='ocrx_word' id='word_1_47' title='bbox 530 803 918 862; x_wconf 90' lang='lat' dir='ltr'><strong>nonnunquam</strong></span> <span class='ocrx_word' id='word_1_48' title='bbox 948 795 1114 848; x_wconf 81' lang='lat' dir='ltr'><strong>etiam</strong></span> <span class='ocrx_word' id='word_1_49' title='bbox 1145 793 1460 865; x_wconf 79' lang='lat' dir='ltr'><strong>longissime</strong></span> <span class='ocrx_word' id='word_1_50' title='bbox 1499 793 1635 848; x_wconf 78' lang='lat' dir='ltr'><strong>infra</strong></span> <span class='ocrx_word' id='word_1_51' title='bbox 1664 809 1789 847; x_wconf 92' lang='lat' dir='ltr'><strong>eum</strong></span> <span class='ocrx_word' id='word_1_52' title='bbox 1811 794 2101 847; x_wconf 90' lang='lat' dir='ltr'><strong>terminum</strong></span> <span class='ocrx_word' id='word_1_53' title='bbox 2140 792 2399 859; x_wconf 89' lang='lat' dir='ltr'><strong>resecuit,</strong></span> <span class='ocrx_word' id='word_1_54' title='bbox 2437 794 2530 863; x_wconf 89' lang='lat' dir='ltr'><strong>qui</strong></span> <span class='ocrx_word' id='word_1_55' title='bbox 2564 793 2642 860; x_wconf 80' lang='lat' dir='ltr'><strong>tit,</strong></span> <span class='ocrx_word' id='word_1_56' title='bbox 2669 792 2812 862; x_wconf 86' lang='lat' dir='ltr'><strong>quod</strong></span> <span class='ocrx_word' id='word_1_57' title='bbox 2839 804 3117 859; x_wconf 85' lang='lat' dir='ltr'><strong>nunquam</strong></span> <span class='ocrx_word' id='word_1_58' title='bbox 3142 788 3272 844; x_wconf 91' lang='lat' dir='ltr'><strong>illud</strong></span> <span class='ocrx_word' id='word_1_59' title='bbox 3329 789 3385 843; x_wconf 93' lang='lat' dir='ltr'><strong>in</strong></span> <span class='ocrx_word' id='word_1_60' title='bbox 3442 784 3769 858; x_wconf 88' lang='lat' dir='ltr'><strong>quintuplutn</strong></span> 
     </span>
    </p>
   </div>
   <div class='ocr_carea' id='block_1_10' title="bbox 530 880 3161 953">
    <p class='ocr_par' dir='ltr' id='par_1_10' title="bbox 530 880 3161 953">
     <span class='ocr_line' id='line_1_10' title="bbox 530 880 3161 953; baseline 0 -20"><span class='ocrx_word' id='word_1_61' title='bbox 530 892 622 935; x_wconf 87' lang='lat' dir='ltr'><strong>aut</strong></span> <span class='ocrx_word' id='word_1_62' title='bbox 646 882 926 952; x_wconf 87' lang='lat' dir='ltr'><strong>decuplum</strong></span> <span class='ocrx_word' id='word_1_63' title='bbox 954 883 977 936; x_wconf 93' lang='lat'><strong>?</strong></span> <span class='ocrx_word' id='word_1_64' title='bbox 1006 892 1060 936; x_wconf 89' lang='lat' dir='ltr'><strong>at</strong></span> <span class='ocrx_word' id='word_1_65' title='bbox 1077 884 1203 952; x_wconf 91' lang='lat' dir='ltr'><strong>quid</strong></span> <span class='ocrx_word' id='word_1_66' title='bbox 1226 884 1345 938; x_wconf 84' lang='lat' dir='ltr'><strong>dico</strong></span> <span class='ocrx_word' id='word_1_67' title='bbox 1383 884 1745 953; x_wconf 86' lang='lat' dir='ltr'><strong>quintuplum,</strong></span> <span class='ocrx_word' id='word_1_68' title='bbox 1794 883 1901 937; x_wconf 91' lang='lat' dir='ltr'><strong>imo</strong></span> <span class='ocrx_word' id='word_1_69' title='bbox 1929 883 2014 937; x_wconf 86' lang='lat' dir='ltr'><strong>vel</strong></span> <span class='ocrx_word' id='word_1_70' title='bbox 2052 882 2105 935; x_wconf 92' lang='lat' dir='ltr'><strong>in</strong></span> <span class='ocrx_word' id='word_1_71' title='bbox 2130 881 2353 950; x_wconf 89' lang='lat' dir='ltr'><strong>triplum</strong></span> <span class='ocrx_word' id='word_1_72' title='bbox 2386 894 2480 937; x_wconf 90' lang='lat' dir='ltr'><strong>aut</strong></span> <span class='ocrx_word' id='word_1_73' title='bbox 2511 884 2563 937; x_wconf 91' lang='lat' dir='ltr'><strong>in</strong></span> <span class='ocrx_word' id='word_1_74' title='bbox 2595 882 2817 952; x_wconf 91' lang='lat' dir='ltr'><strong>duplum</strong></span> <span class='ocrx_word' id='word_1_75' title='bbox 2847 882 3092 938; x_wconf 74' lang='lat' dir='ltr'><strong>extendit</strong></span> <span class='ocrx_word' id='word_1_76' title='bbox 3118 880 3161 933; x_wconf 82' lang='lat'><strong>?</strong></span> 
     </span>
    </p>
   </div>
   <div class='ocr_carea' id='block_1_11' title="bbox 601 975 2095 1041">
    <p class='ocr_par' dir='ltr' id='par_1_11' title="bbox 601 975 2095 1041">
     <span class='ocr_line' id='line_1_11' title="bbox 601 975 2095 1041; baseline 0.001 -12"><span class='ocrx_word' id='word_1_77' title='bbox 601 976 730 1041; x_wconf 65' lang='lat' dir='ltr'><strong>Quae</strong></span> <span class='ocrx_word' id='word_1_78' title='bbox 755 976 843 1031; x_wconf 94' lang='lat' dir='ltr'><strong>ubi</strong></span> <span class='ocrx_word' id='word_1_79' title='bbox 881 975 964 1028; x_wconf 89' lang='lat' dir='ltr'><strong>vir</strong></span> <span class='ocrx_word' id='word_1_80' title='bbox 1009 975 1101 1030; x_wconf 92' lang='lat' dir='ltr'><strong>ille</strong></span> <span class='ocrx_word' id='word_1_81' title='bbox 1153 975 1312 1040; x_wconf 72' lang='lat' dir='ltr'><strong>dixit;</strong></span> <span class='ocrx_word' id='word_1_82' title='bbox 1342 991 1462 1030; x_wconf 92' lang='lat' dir='ltr'><strong>mox</strong></span> <span class='ocrx_word' id='word_1_83' title='bbox 1493 976 1829 1031; x_wconf 87' lang='lat' dir='ltr'><strong>climacteris</strong></span> <span class='ocrx_word' id='word_1_84' title='bbox 1879 975 2095 1032; x_wconf 88' lang='lat' dir='ltr'><strong>descri-</strong></span> 
     </span>
    </p>
   </div>
   <div class='ocr_carea' id='block_1_12' title="bbox 529 1065 2103 1139">
    <p class='ocr_par' dir='ltr' id='par_1_12' title="bbox 529 1065 2103 1139">
     <span class='ocr_line' id='line_1_12' title="bbox 529 1065 2103 1139; baseline 0.002 -17"><span class='ocrx_word' id='word_1_85' title='bbox 529 1068 771 1136; x_wconf 91' lang='lat' dir='ltr'><strong>ptionem</strong></span> <span class='ocrx_word' id='word_1_86' title='bbox 799 1065 1049 1136; x_wconf 83' lang='lat' dir='ltr'><strong>subjecit,</strong></span> <span class='ocrx_word' id='word_1_87' title='bbox 1071 1075 1130 1122; x_wconf 91' lang='lat' dir='ltr'><strong>ut</strong></span> <span class='ocrx_word' id='word_1_88' title='bbox 1163 1076 1218 1121; x_wconf 93' lang='lat' dir='ltr'><strong>et</strong></span> <span class='ocrx_word' id='word_1_89' title='bbox 1247 1067 1694 1139; x_wconf 86' lang='lat' dir='ltr'><strong>astrologicorum</strong></span> <span class='ocrx_word' id='word_1_90' title='bbox 1726 1070 2007 1125; x_wconf 87' lang='lat' dir='ltr'><strong>nominum</strong></span> <span class='ocrx_word' id='word_1_91' title='bbox 2036 1085 2103 1125; x_wconf 90' lang='lat' dir='ltr'><strong>ac</strong></span> 
     </span>
    </p>
   </div>
   <div class='ocr_carea' id='block_1_13' title="bbox 532 1159 2099 1231">
    <p class='ocr_par' dir='ltr' id='par_1_13' title="bbox 532 1159 2099 1231">
     <span class='ocr_line' id='line_1_13' title="bbox 532 1159 2099 1231; baseline 0.001 -16"><span class='ocrx_word' id='word_1_92' title='bbox 532 1161 894 1224; x_wconf 83' lang='lat' dir='ltr'><strong>schematum,</strong></span> <span class='ocrx_word' id='word_1_93' title='bbox 947 1160 1254 1215; x_wconf 83' lang='lat' dir='ltr'><strong>accuratius</strong></span> <span class='ocrx_word' id='word_1_94' title='bbox 1306 1159 1497 1213; x_wconf 88' lang='lat' dir='ltr'><strong>horum</strong></span> <span class='ocrx_word' id='word_1_95' title='bbox 1546 1161 1942 1229; x_wconf 86' lang='lat' dir='ltr'><strong>expositionem</strong></span> <span class='ocrx_word' id='word_1_96' title='bbox 1978 1176 2099 1231; x_wconf 85' lang='lat' dir='ltr'><strong>per-</strong></span> 
     </span>
    </p>
   </div>
   <div class='ocr_carea' id='block_1_14' title="bbox 530 1251 2093 1321">
    <p class='ocr_par' dir='ltr' id='par_1_14' title="bbox 530 1251 2093 1321">
     <span class='ocr_line' id='line_1_14' title="bbox 530 1251 2093 1321; baseline 0.001 -15"><span class='ocrx_word' id='word_1_97' title='bbox 530 1254 826 1320; x_wconf 87' lang='lat' dir='ltr'><strong>sequendo.</strong></span> <span class='ocrx_word' id='word_1_98' title='bbox 862 1252 1023 1306; x_wconf 84' lang='lat' dir='ltr'><strong>Addit</strong></span> <span class='ocrx_word' id='word_1_99' title='bbox 1066 1251 1282 1316; x_wconf 89' lang='lat' dir='ltr'><strong>deinde,</strong></span> <span class='ocrx_word' id='word_1_100' title='bbox 1312 1253 1356 1306; x_wconf 88' lang='lat' dir='ltr'><strong>si</strong></span> <span class='ocrx_word' id='word_1_101' title='bbox 1399 1266 1496 1321; x_wconf 90' lang='lat' dir='ltr'><strong>per</strong></span> <span class='ocrx_word' id='word_1_102' title='bbox 1548 1253 1826 1306; x_wconf 90' lang='lat' dir='ltr'><strong>stellarum</strong></span> <span class='ocrx_word' id='word_1_103' title='bbox 1877 1268 2093 1307; x_wconf 87' lang='lat' dir='ltr'><strong>cursum</strong></span> 
     </span>
    </p>
   </div>
   <div class='ocr_carea' id='block_1_15' title="bbox 528 1344 2097 1416">
    <p class='ocr_par' dir='ltr' id='par_1_15' title="bbox 528 1344 2097 1416">
     <span class='ocr_line' id='line_1_15' title="bbox 528 1344 2097 1416; baseline 0.002 -19"><span class='ocrx_word' id='word_1_104' title='bbox 528 1355 691 1414; x_wconf 87' lang='lat' dir='ltr'><strong>atque</strong></span> <span class='ocrx_word' id='word_1_105' title='bbox 715 1345 988 1399; x_wconf 86' lang='lat' dir='ltr'><strong>schemata</strong></span> <span class='ocrx_word' id='word_1_106' title='bbox 1024 1346 1202 1397; x_wconf 88' lang='lat' dir='ltr'><strong>omnia</strong></span> <span class='ocrx_word' id='word_1_107' title='bbox 1234 1344 1487 1398; x_wconf 83' lang='lat' dir='ltr'><strong>animalia</strong></span> <span class='ocrx_word' id='word_1_108' title='bbox 1524 1346 1916 1416; x_wconf 87' lang='lat' dir='ltr'><strong>gubernantur,</strong></span> <span class='ocrx_word' id='word_1_109' title='bbox 1961 1362 2097 1415; x_wconf 88' lang='lat' dir='ltr'><strong>quo-</strong></span> 
     </span>
    </p>
   </div>
   <div class='ocr_carea' id='block_1_16' title="bbox 531 1434 2095 1505">
    <p class='ocr_par' dir='ltr' id='par_1_16' title="bbox 531 1434 2095 1505">
     <span class='ocr_line' id='line_1_16' title="bbox 531 1434 2095 1505; baseline 0.001 -18"><span class='ocrx_word' id='word_1_110' title='bbox 531 1436 688 1489; x_wconf 91' lang='lat' dir='ltr'><strong>modo</strong></span> <span class='ocrx_word' id='word_1_111' title='bbox 721 1434 922 1489; x_wconf 91' lang='lat' dir='ltr'><strong>nullum</strong></span> <span class='ocrx_word' id='word_1_112' title='bbox 941 1449 1179 1505; x_wconf 86' lang='lat' dir='ltr'><strong>unquam</strong></span> <span class='ocrx_word' id='word_1_113' title='bbox 1200 1444 1410 1489; x_wconf 89' lang='lat' dir='ltr'><strong>astrum</strong></span> <span class='ocrx_word' id='word_1_114' title='bbox 1434 1444 1529 1489; x_wconf 89' lang='lat' dir='ltr'><strong>aut</strong></span> <span class='ocrx_word' id='word_1_115' title='bbox 1552 1436 1796 1499; x_wconf 88' lang='lat' dir='ltr'><strong>schema,</strong></span> <span class='ocrx_word' id='word_1_116' title='bbox 1818 1446 1912 1489; x_wconf 90' lang='lat' dir='ltr'><strong>aut</strong></span> <span class='ocrx_word' id='word_1_117' title='bbox 1931 1436 2095 1490; x_wconf 90' lang='lat' dir='ltr'><strong>vicini</strong></span> 
     </span>
    </p>
   </div>
   <div class='ocr_carea' id='block_1_17' title="bbox 528 1526 2097 1597">
    <p class='ocr_par' dir='ltr' id='par_1_17' title="bbox 528 1526 2097 1597">
     <span class='ocr_line' id='line_1_17' title="bbox 528 1526 2097 1597; baseline 0 -16"><span class='ocrx_word' id='word_1_118' title='bbox 528 1529 722 1583; x_wconf 90' lang='lat' dir='ltr'><strong>sideris</strong></span> <span class='ocrx_word' id='word_1_119' title='bbox 744 1538 964 1582; x_wconf 80' lang='lat' dir='ltr'><strong>exortus</strong></span> <span class='ocrx_word' id='word_1_120' title='bbox 986 1528 1070 1581; x_wconf 96' lang='lat' dir='ltr'><strong>vel</strong></span> <span class='ocrx_word' id='word_1_121' title='bbox 1120 1537 1328 1597; x_wconf 85' lang='lat' dir='ltr'><strong>patrem</strong></span> <span class='ocrx_word' id='word_1_122' title='bbox 1387 1542 1508 1582; x_wconf 90' lang='lat' dir='ltr'><strong>esse</strong></span> <span class='ocrx_word' id='word_1_123' title='bbox 1558 1527 1764 1581; x_wconf 91' lang='lat' dir='ltr'><strong>mulum</strong></span> <span class='ocrx_word' id='word_1_124' title='bbox 1814 1526 1967 1591; x_wconf 85' lang='lat' dir='ltr'><strong>fecit,</strong></span> <span class='ocrx_word' id='word_1_125' title='bbox 2011 1527 2097 1581; x_wconf 87' lang='lat' dir='ltr'><strong>vel</strong></span> 
     </span>
    </p>
   </div>
   <div class='ocr_carea' id='block_1_18' title="bbox 528 1616 2099 1683">
    <p class='ocr_par' dir='ltr' id='par_1_18' title="bbox 528 1616 2099 1683">
     <span class='ocr_line' id='line_1_18' title="bbox 528 1616 2099 1683; baseline 0.001 -11"><span class='ocrx_word' id='word_1_126' title='bbox 528 1628 754 1672; x_wconf 82' lang='lat' dir='ltr'><strong>matrem</strong></span> <span class='ocrx_word' id='word_1_127' title='bbox 788 1619 1007 1683; x_wconf 88' lang='lat' dir='ltr'><strong>mulam,</strong></span> <span class='ocrx_word' id='word_1_128' title='bbox 1045 1634 1164 1673; x_wconf 90' lang='lat' dir='ltr'><strong>cum</strong></span> <span class='ocrx_word' id='word_1_129' title='bbox 1198 1628 1379 1672; x_wconf 88' lang='lat' dir='ltr'><strong>tamen</strong></span> <span class='ocrx_word' id='word_1_130' title='bbox 1436 1618 1491 1672; x_wconf 94' lang='lat' dir='ltr'><strong>hi</strong></span> <span class='ocrx_word' id='word_1_131' title='bbox 1521 1616 1763 1673; x_wconf 86' lang='lat' dir='ltr'><strong>fecundis</strong></span> <span class='ocrx_word' id='word_1_132' title='bbox 1808 1634 1912 1672; x_wconf 87' lang='lat' dir='ltr'><strong>non</strong></span> <span class='ocrx_word' id='word_1_133' title='bbox 1975 1634 2099 1673; x_wconf 91' lang='lat' dir='ltr'><strong>raro</strong></span> 
     </span>
    </p>
   </div>
   <div class='ocr_carea' id='block_1_19' title="bbox 529 1708 2095 1777">
    <p class='ocr_par' dir='ltr' id='par_1_19' title="bbox 529 1708 2095 1777">
     <span class='ocr_line' id='line_1_19' title="bbox 529 1708 2095 1777; baseline -0.001 -13"><span class='ocrx_word' id='word_1_134' title='bbox 529 1709 851 1765; x_wconf 88' lang='lat' dir='ltr'><strong>animalibus</strong></span> <span class='ocrx_word' id='word_1_135' title='bbox 882 1710 1252 1764; x_wconf 85' lang='lat' dir='ltr'><strong>misceantur?</strong></span> <span class='ocrx_word' id='word_1_136' title='bbox 1282 1708 1481 1763; x_wconf 84' lang='lat' dir='ltr'><strong>Natura</strong></span> <span class='ocrx_word' id='word_1_137' title='bbox 1519 1708 1772 1763; x_wconf 89' lang='lat' dir='ltr'><strong>nimirum</strong></span> <span class='ocrx_word' id='word_1_138' title='bbox 1801 1708 1957 1777; x_wconf 86' lang='lat' dir='ltr'><strong>hujus</strong></span> <span class='ocrx_word' id='word_1_139' title='bbox 1987 1710 2095 1763; x_wconf 86' lang='lat' dir='ltr'><strong>vim</strong></span> 
     </span>
    </p>
   </div>
   <div class='ocr_carea' id='block_1_20' title="bbox 525 1799 2089 1875">
    <p class='ocr_par' dir='ltr' id='par_1_20' title="bbox 525 1799 2089 1875">
     <span class='ocr_line' id='line_1_20' title="bbox 525 1799 2089 1875; baseline -0.001 -21"><span class='ocrx_word' id='word_1_140' title='bbox 525 1801 704 1865; x_wconf 89' lang='lat' dir='ltr'><strong>elidit,</strong></span> <span class='ocrx_word' id='word_1_141' title='bbox 752 1809 807 1855; x_wconf 91' lang='lat' dir='ltr'><strong>et</strong></span> <span class='ocrx_word' id='word_1_142' title='bbox 837 1801 1034 1870; x_wconf 88' lang='lat' dir='ltr'><strong>ubique</strong></span> <span class='ocrx_word' id='word_1_143' title='bbox 1066 1815 1186 1855; x_wconf 89' lang='lat' dir='ltr'><strong>eam</strong></span> <span class='ocrx_word' id='word_1_144' title='bbox 1210 1799 1421 1859; x_wconf 81' lang='lat' dir='ltr'><strong>vincit:</strong></span> <span class='ocrx_word' id='word_1_145' title='bbox 1474 1800 1527 1855; x_wconf 93' lang='lat' dir='ltr'><strong>in</strong></span> <span class='ocrx_word' id='word_1_146' title='bbox 1582 1799 1843 1869; x_wconf 87' lang='lat' dir='ltr'><strong>temporis</strong></span> <span class='ocrx_word' id='word_1_147' title='bbox 1885 1802 2089 1875; x_wconf 78' lang='lat' dir='ltr'><strong>produ-</strong></span> 
     </span>
    </p>
   </div>
   <div class='ocr_carea' id='block_1_21' title="bbox 2273 972 3768 1045">
    <p class='ocr_par' dir='ltr' id='par_1_21' title="bbox 2273 972 3768 1045">
     <span class='ocr_line' id='line_1_21' title="bbox 2273 972 3768 1045; baseline -0.001 -18"><span class='ocrx_word' id='word_1_148' title='bbox 2273 974 2460 1029; x_wconf 78' lang='grc' dir='ltr'>Ταῦτα</span> <span class='ocrx_word' id='word_1_149' title='bbox 2490 972 2660 1028; x_wconf 78' lang='grc' dir='ltr'>εἰπὼν</span> <span class='ocrx_word' id='word_1_150' title='bbox 2701 977 2729 1028; x_wconf 86' lang='grc' dir='ltr'>ὁ</span> <span class='ocrx_word' id='word_1_151' title='bbox 2756 973 2896 1045; x_wconf 77' lang='grc' dir='ltr'>ἀνὴρ</span> <span class='ocrx_word' id='word_1_152' title='bbox 2936 974 3032 1028; x_wconf 81' lang='grc' dir='ltr'>καὶ</span> <span class='ocrx_word' id='word_1_153' title='bbox 3067 973 3443 1044; x_wconf 74' lang='grc' dir='ltr'><strong>κλιμακτῆρας</strong></span> <span class='ocrx_word' id='word_1_154' title='bbox 3491 989 3768 1044; x_wconf 84' lang='grc' dir='ltr'>καταγρα-</span> 
     </span>
    </p>
   </div>
   <div class='ocr_carea' id='block_1_22' title="bbox 2199 1063 3769 1136">
    <p class='ocr_par' dir='ltr' id='par_1_22' title="bbox 2199 1063 3769 1136">
     <span class='ocr_line' id='line_1_22' title="bbox 2199 1063 3769 1136; baseline -0.003 -17"><span class='ocrx_word' id='word_1_155' title='bbox 2199 1065 2308 1135; x_wconf 83' lang='grc' dir='ltr'>φὴν</span> <span class='ocrx_word' id='word_1_156' title='bbox 2339 1066 2556 1136; x_wconf 80' lang='grc' dir='ltr'><strong>ὑπήχθη</strong></span> <span class='ocrx_word' id='word_1_157' title='bbox 2586 1067 2762 1119; x_wconf 97' lang='grc' dir='ltr'>ποιεῖν</span> <span class='ocrx_word' id='word_1_158' title='bbox 2804 1064 2896 1119; x_wconf 87' lang='grc' dir='ltr'><strong>καί</strong></span> <span class='ocrx_word' id='word_1_159' title='bbox 2927 1083 3095 1119; x_wconf 86' lang='grc' dir='ltr'>τινων</span> <span class='ocrx_word' id='word_1_160' title='bbox 3133 1063 3542 1134; x_wconf 78' lang='grc' dir='ltr'><strong>ἀστρολογικῶν</strong></span> <span class='ocrx_word' id='word_1_161' title='bbox 3586 1063 3769 1131; x_wconf 84' lang='grc' dir='ltr'>ὀνομά-</span> 
     </span>
    </p>
   </div>
   <div class='ocr_carea' id='block_1_23' title="bbox 2202 1156 3774 1229">
    <p class='ocr_par' dir='ltr' id='par_1_23' title="bbox 2202 1156 3774 1229">
     <span class='ocr_line' id='line_1_23' title="bbox 2202 1156 3774 1229; baseline -0.002 -18"><span class='ocrx_word' id='word_1_162' title='bbox 2202 1176 2312 1213; x_wconf 88' lang='grc' dir='ltr'><strong>των</strong></span> <span class='ocrx_word' id='word_1_163' title='bbox 2356 1160 2452 1212; x_wconf 80' lang='grc' dir='ltr'>καὶ</span> <span class='ocrx_word' id='word_1_164' title='bbox 2504 1159 2833 1229; x_wconf 83' lang='grc' dir='ltr'><strong>σχημάτων,</strong></span> <span class='ocrx_word' id='word_1_165' title='bbox 2867 1158 2967 1226; x_wconf 71' lang='grc' dir='ltr'>τὴν</span> <span class='ocrx_word' id='word_1_166' title='bbox 3016 1158 3222 1211; x_wconf 87' lang='grc' dir='ltr'>τούτων</span> <span class='ocrx_word' id='word_1_167' title='bbox 3255 1156 3774 1228; x_wconf 78' lang='grc' dir='ltr'>ἀκριϐολογούμενος</span> 
     </span>
    </p>
   </div>
   <div class='ocr_carea' id='block_1_24' title="bbox 2198 1247 3773 1320">
    <p class='ocr_par' dir='ltr' id='par_1_24' title="bbox 2198 1247 3773 1320">
     <span class='ocr_line' id='line_1_24' title="bbox 2198 1247 3773 1320; baseline -0.001 -19"><span class='ocrx_word' id='word_1_168' title='bbox 2198 1247 2433 1302; x_wconf 79' lang='grc' dir='ltr'>ἔκθεσιν.</span> <span class='ocrx_word' id='word_1_169' title='bbox 2476 1249 2703 1316; x_wconf 87' lang='grc' dir='ltr'>Ἐπάγει</span> <span class='ocrx_word' id='word_1_170' title='bbox 2744 1249 2802 1302; x_wconf 82' lang='grc' dir='ltr'>δὲ</span> <span class='ocrx_word' id='word_1_171' title='bbox 2840 1248 2917 1312; x_wconf 85' lang='grc' dir='ltr'><strong>ὡς</strong></span> <span class='ocrx_word' id='word_1_172' title='bbox 2960 1248 3115 1319; x_wconf 83' lang='grc' dir='ltr'><strong>είτῷ</strong></span> <span class='ocrx_word' id='word_1_173' title='bbox 3159 1248 3346 1320; x_wconf 85' lang='grc' dir='ltr'>δρόμῳ</span> <span class='ocrx_word' id='word_1_174' title='bbox 3393 1248 3503 1301; x_wconf 84' lang='grc' dir='ltr'><strong>τῶν</strong></span> <span class='ocrx_word' id='word_1_175' title='bbox 3540 1248 3773 1317; x_wconf 82' lang='grc' dir='ltr'><strong>ἀστέρων</strong></span> 
     </span>
    </p>
   </div>
   <div class='ocr_carea' id='block_1_25' title="bbox 2200 1340 3773 1411">
    <p class='ocr_par' dir='ltr' id='par_1_25' title="bbox 2200 1340 3773 1411">
     <span class='ocr_line' id='line_1_25' title="bbox 2200 1340 3773 1411; baseline -0.001 -16"><span class='ocrx_word' id='word_1_176' title='bbox 2200 1341 2294 1395; x_wconf 65' lang='lat' dir='ltr'><strong>stat</strong></span> <span class='ocrx_word' id='word_1_177' title='bbox 2340 1342 2454 1404; x_wconf 84' lang='grc' dir='ltr'>τοῖς</span> <span class='ocrx_word' id='word_1_178' title='bbox 2502 1341 2745 1411; x_wconf 82' lang='grc' dir='ltr'>σχήμασι</span> <span class='ocrx_word' id='word_1_179' title='bbox 2804 1342 2984 1395; x_wconf 88' lang='grc' dir='ltr'>πάντα</span> <span class='ocrx_word' id='word_1_180' title='bbox 3026 1341 3308 1394; x_wconf 83' lang='grc' dir='ltr'>διοικεῖται</span> <span class='ocrx_word' id='word_1_181' title='bbox 3346 1340 3419 1394; x_wconf 85' lang='grc' dir='ltr'><strong>τὰ</strong></span> <span class='ocrx_word' id='word_1_182' title='bbox 3459 1340 3624 1405; x_wconf 80' lang='grc' dir='ltr'>ζῶα,</span> <span class='ocrx_word' id='word_1_183' title='bbox 3672 1341 3773 1404; x_wconf 83' lang='grc' dir='ltr'><strong>πῶς</strong></span> 
     </span>
    </p>
   </div>
   <div class='ocr_carea' id='block_1_26' title="bbox 2201 1431 3771 1503">
    <p class='ocr_par' dir='ltr' id='par_1_26' title="bbox 2201 1431 3771 1503">
     <span class='ocr_line' id='line_1_26' title="bbox 2201 1431 3771 1503; baseline 0 -19"><span class='ocrx_word' id='word_1_184' title='bbox 2201 1432 2378 1495; x_wconf 80' lang='grc' dir='ltr'>οὐδεὶς</span> <span class='ocrx_word' id='word_1_185' title='bbox 2402 1432 2578 1503; x_wconf 83' lang='grc' dir='ltr'>ἀστὴρ</span> <span class='ocrx_word' id='word_1_186' title='bbox 2606 1433 2729 1487; x_wconf 83' lang='grc' dir='ltr'>οὐδὲ</span> <span class='ocrx_word' id='word_1_187' title='bbox 2759 1433 2859 1503; x_wconf 81' lang='grc' dir='ltr'>σχῆ</span> <span class='ocrx_word' id='word_1_188' title='bbox 2869 1449 2945 1502; x_wconf 87' lang='grc' dir='ltr'><strong>μα</strong></span> <span class='ocrx_word' id='word_1_189' title='bbox 2970 1432 3090 1486; x_wconf 81' lang='grc' dir='ltr'>οὐδὲ</span> <span class='ocrx_word' id='word_1_190' title='bbox 3113 1431 3542 1502; x_wconf 84' lang='grc' dir='ltr'>παρανατέλλων</span> <span class='ocrx_word' id='word_1_191' title='bbox 3561 1431 3771 1501; x_wconf 75' lang='grc' dir='ltr'>ἡμίονον</span> 
     </span>
    </p>
   </div>
   <div class='ocr_carea' id='block_1_27' title="bbox 2202 1524 3774 1597">
    <p class='ocr_par' dir='ltr' id='par_1_27' title="bbox 2202 1524 3774 1597">
     <span class='ocr_line' id='line_1_27' title="bbox 2202 1524 3774 1597; baseline 0.001 -22"><span class='ocrx_word' id='word_1_192' title='bbox 2202 1524 2418 1594; x_wconf 77' lang='grc' dir='ltr'>πατέρα</span> <span class='ocrx_word' id='word_1_193' title='bbox 2444 1524 2477 1596; x_wconf 82' lang='grc' dir='ltr'><strong>ἢ</strong></span> <span class='ocrx_word' id='word_1_194' title='bbox 2513 1526 2725 1597; x_wconf 84' lang='grc' dir='ltr'>μητέρα</span> <span class='ocrx_word' id='word_1_195' title='bbox 2746 1567 2762 1593; x_wconf 88' lang='grc'><strong>,</strong></span> <span class='ocrx_word' id='word_1_196' title='bbox 2780 1526 2960 1580; x_wconf 89' lang='grc' dir='ltr'>καίτοι</span> <span class='ocrx_word' id='word_1_197' title='bbox 2989 1526 3084 1579; x_wconf 79' lang='grc' dir='ltr'>καὶ</span> <span class='ocrx_word' id='word_1_198' title='bbox 3111 1528 3225 1588; x_wconf 82' lang='grc' dir='ltr'>τοῖς</span> <span class='ocrx_word' id='word_1_199' title='bbox 3245 1525 3492 1596; x_wconf 80' lang='grc' dir='ltr'>γονίμοις</span> <span class='ocrx_word' id='word_1_200' title='bbox 3520 1524 3774 1588; x_wconf 80' lang='grc' dir='ltr'>πολλάκις</span> 
     </span>
    </p>
   </div>
   <div class='ocr_carea' id='block_1_28' title="bbox 2207 1615 3774 1689">
    <p class='ocr_par' dir='ltr' id='par_1_28' title="bbox 2207 1615 3774 1689">
     <span class='ocr_line' id='line_1_28' title="bbox 2207 1615 3774 1689; baseline 0.003 -22"><span class='ocrx_word' id='word_1_201' title='bbox 2207 1615 2604 1685; x_wconf 82' lang='grc' dir='ltr'>μιγνυμένους,</span> <span class='ocrx_word' id='word_1_202' title='bbox 2634 1617 2890 1671; x_wconf 79' lang='grc' dir='ltr'>οὐδέποτε</span> <span class='ocrx_word' id='word_1_203' title='bbox 2924 1618 3335 1689; x_wconf 85' lang='grc' dir='ltr'>ἀπειργάσατο;</span> <span class='ocrx_word' id='word_1_204' title='bbox 3371 1619 3485 1672; x_wconf 82' lang='grc' dir='ltr'>ἀλλ’</span> <span class='ocrx_word' id='word_1_205' title='bbox 3532 1621 3569 1685; x_wconf 85' lang='grc' dir='ltr'>ἠ</span> <span class='ocrx_word' id='word_1_206' title='bbox 3628 1619 3774 1688; x_wconf 80' lang='grc' dir='ltr'>φύσις</span> 
     </span>
    </p>
   </div>
   <div class='ocr_carea' id='block_1_29' title="bbox 2203 1706 3772 1782">
    <p class='ocr_par' dir='ltr' id='par_1_29' title="bbox 2203 1706 3772 1782">
     <span class='ocr_line' id='line_1_29' title="bbox 2203 1706 3772 1782; baseline 0.002 -22"><span class='ocrx_word' id='word_1_207' title='bbox 2203 1706 2265 1760; x_wconf 86' lang='grc' dir='ltr'>τὸ</span> <span class='ocrx_word' id='word_1_208' title='bbox 2308 1708 2528 1776; x_wconf 78' lang='grc' dir='ltr'><strong>ἐκείνης</strong></span> <span class='ocrx_word' id='word_1_209' title='bbox 2554 1708 2671 1762; x_wconf 87' lang='grc' dir='ltr'>λύει</span> <span class='ocrx_word' id='word_1_210' title='bbox 2699 1709 2897 1779; x_wconf 88' lang='grc' dir='ltr'>κράτος</span> <span class='ocrx_word' id='word_1_211' title='bbox 2916 1749 2932 1776; x_wconf 90' lang='grc'><strong>,</strong></span> <span class='ocrx_word' id='word_1_212' title='bbox 2961 1711 3056 1763; x_wconf 75' lang='grc' dir='ltr'>καὶ</span> <span class='ocrx_word' id='word_1_213' title='bbox 3088 1710 3364 1780; x_wconf 80' lang='grc' dir='ltr'>πανταχοῦ</span> <span class='ocrx_word' id='word_1_214' title='bbox 3389 1711 3600 1781; x_wconf 86' lang='grc' dir='ltr'>ταύτην</span> <span class='ocrx_word' id='word_1_215' title='bbox 3633 1713 3772 1782; x_wconf 82' lang='grc' dir='ltr'>νικᾷ,</span> 
     </span>
    </p>
   </div>
   <div class='ocr_carea' id='block_1_30' title="bbox 2203 1795 3773 1872">
    <p class='ocr_par' dir='ltr' id='par_1_30' title="bbox 2203 1795 3773 1872">
     <span class='ocr_line' id='line_1_30' title="bbox 2203 1795 3773 1872; baseline 0.004 -24"><span class='ocrx_word' id='word_1_216' title='bbox 2203 1795 2263 1847; x_wconf 80' lang='grc' dir='ltr'>ὲν</span> <span class='ocrx_word' id='word_1_217' title='bbox 2288 1796 2598 1867; x_wconf 74' lang='grc' dir='ltr'>παραστάσει</span> <span class='ocrx_word' id='word_1_218' title='bbox 2645 1799 2856 1869; x_wconf 87' lang='grc' dir='ltr'>χρόνων</span> <span class='ocrx_word' id='word_1_219' title='bbox 2878 1838 2893 1864; x_wconf 91' lang='grc'><strong>,</strong></span> <span class='ocrx_word' id='word_1_220' title='bbox 2932 1801 2990 1853; x_wconf 68' lang='grc' dir='ltr'>ιν</span> <span class='ocrx_word' id='word_1_221' title='bbox 3013 1800 3201 1872; x_wconf 73' lang='grc' dir='ltr'>ὁμιλίᾳ</span> <span class='ocrx_word' id='word_1_222' title='bbox 3226 1800 3493 1871; x_wconf 85' lang='grc' dir='ltr'>σωμάτων</span> <span class='ocrx_word' id='word_1_223' title='bbox 3514 1842 3531 1866; x_wconf 96' lang='grc'><strong>,</strong></span> <span class='ocrx_word' id='word_1_224' title='bbox 3567 1803 3633 1854; x_wconf 78' lang='grc' dir='ltr'>ὲν</span> <span class='ocrx_word' id='word_1_225' title='bbox 3662 1819 3773 1855; x_wconf 87' lang='grc' dir='ltr'>κυο-</span> 
     </span>
    </p>
   </div>
   <div class='ocr_carea' id='block_1_31' title="bbox 526 1888 2091 1963">
    <p class='ocr_par' dir='ltr' id='par_1_31' title="bbox 526 1891 2091 1963">
     <span class='ocr_line' id='line_1_31' title="bbox 526 1891 2091 1963; baseline -0.001 -16"><span class='ocrx_word' id='word_1_226' title='bbox 526 1895 733 1959; x_wconf 73' lang='lat' dir='ltr'><strong>ctione,</strong></span> <span class='ocrx_word' id='word_1_227' title='bbox 783 1895 837 1948; x_wconf 92' lang='lat' dir='ltr'><strong>in</strong></span> <span class='ocrx_word' id='word_1_228' title='bbox 869 1909 1157 1962; x_wconf 89' lang='lat' dir='ltr'><strong>corporum</strong></span> <span class='ocrx_word' id='word_1_229' title='bbox 1186 1907 1502 1963; x_wconf 88' lang='lat' dir='ltr'><strong>congressu,</strong></span> <span class='ocrx_word' id='word_1_230' title='bbox 1548 1893 1600 1946; x_wconf 90' lang='lat' dir='ltr'><strong>in</strong></span> <span class='ocrx_word' id='word_1_231' title='bbox 1651 1893 1897 1962; x_wconf 86' lang='lat' dir='ltr'><strong>gestandi</strong></span> <span class='ocrx_word' id='word_1_232' title='bbox 1955 1891 2091 1946; x_wconf 71' lang='lat' dir='ltr'><strong>fetus</strong></span> 
     </span>
    </p>
   </div>
   <div class='ocr_carea' id='block_1_32' title="bbox 2197 1888 3774 1963">
    <p class='ocr_par' dir='ltr' id='par_1_32' title="bbox 2201 1888 3774 1962">
     <span class='ocr_line' id='line_1_32' title="bbox 2201 1888 3774 1962; baseline 0.002 -20"><span class='ocrx_word' id='word_1_233' title='bbox 2201 1888 2404 1961; x_wconf 84' lang='grc' dir='ltr'>φοριῶν</span> <span class='ocrx_word' id='word_1_234' title='bbox 2425 1888 2707 1959; x_wconf 79' lang='grc' dir='ltr'>διαφοραῖς</span> <span class='ocrx_word' id='word_1_235' title='bbox 2731 1930 2747 1957; x_wconf 90' lang='grc'><strong>,</strong></span> <span class='ocrx_word' id='word_1_236' title='bbox 2769 1889 2827 1942; x_wconf 79' lang='grc' dir='ltr'>ὲν</span> <span class='ocrx_word' id='word_1_237' title='bbox 2851 1889 3175 1959; x_wconf 73' lang='grc' dir='ltr'>ἐξαλλαγαῖς</span> <span class='ocrx_word' id='word_1_238' title='bbox 3202 1891 3434 1962; x_wconf 79' lang='grc' dir='ltr'>ἡλικιῶν</span> <span class='ocrx_word' id='word_1_239' title='bbox 3450 1893 3550 1946; x_wconf 78' lang='grc' dir='ltr'>καὶ</span> <span class='ocrx_word' id='word_1_240' title='bbox 3586 1894 3654 1946; x_wconf 78' lang='grc' dir='ltr'>ὲν</span> <span class='ocrx_word' id='word_1_241' title='bbox 3677 1894 3774 1957; x_wconf 79' lang='grc' dir='ltr'>τοῖς</span> 
     </span>
    </p>
   </div>
   <div class='ocr_carea' id='block_1_33' title="bbox 528 1981 2096 2051">
    <p class='ocr_par' dir='ltr' id='par_1_33' title="bbox 528 1981 2096 2051">
     <span class='ocr_line' id='line_1_33' title="bbox 528 1981 2096 2051; baseline -0.001 -15"><span class='ocrx_word' id='word_1_242' title='bbox 528 1987 809 2048; x_wconf 82' lang='lat' dir='ltr'><strong>varietate,</strong></span> <span class='ocrx_word' id='word_1_243' title='bbox 826 1984 880 2037; x_wconf 91' lang='lat' dir='ltr'><strong>in</strong></span> <span class='ocrx_word' id='word_1_244' title='bbox 898 1992 1115 2038; x_wconf 59' lang='lat' dir='ltr'><strong>aetatum</strong></span> <span class='ocrx_word' id='word_1_245' title='bbox 1143 1982 1537 2047; x_wconf 85' lang='lat' dir='ltr'><strong>immutatione,</strong></span> <span class='ocrx_word' id='word_1_246' title='bbox 1554 1982 1606 2035; x_wconf 89' lang='lat' dir='ltr'><strong>in</strong></span> <span class='ocrx_word' id='word_1_247' title='bbox 1634 1982 1843 2035; x_wconf 71' lang='lat' dir='ltr'><strong>caneris</strong></span> <span class='ocrx_word' id='word_1_248' title='bbox 1864 2019 1879 2043; x_wconf 92' lang='lat'><strong>,</strong></span> <span class='ocrx_word' id='word_1_249' title='bbox 1900 1981 2096 2051; x_wconf 79' lang='lat' dir='ltr'><strong>217a</strong></span> 
     </span>
    </p>
   </div>
   <div class='ocr_carea' id='block_1_34' title="bbox 528 2071 2098 2146">
    <p class='ocr_par' dir='ltr' id='par_1_34' title="bbox 528 2071 2098 2146">
     <span class='ocr_line' id='line_1_34' title="bbox 528 2071 2098 2146; baseline -0.003 -17"><span class='ocrx_word' id='word_1_250' title='bbox 528 2092 648 2146; x_wconf 67' lang='lat' dir='ltr'><strong>quae</strong></span> <span class='ocrx_word' id='word_1_251' title='bbox 676 2077 973 2132; x_wconf 88' lang='lat' dir='ltr'><strong>secundum</strong></span> <span class='ocrx_word' id='word_1_252' title='bbox 1010 2082 1258 2127; x_wconf 89' lang='lat' dir='ltr'><strong>naturam</strong></span> <span class='ocrx_word' id='word_1_253' title='bbox 1299 2072 1434 2125; x_wconf 84' lang='lat' dir='ltr'><strong>ﬁunt</strong></span> <span class='ocrx_word' id='word_1_254' title='bbox 1464 2071 1718 2126; x_wconf 85' lang='lat' dir='ltr'><strong>omnibus</strong></span> <span class='ocrx_word' id='word_1_255' title='bbox 1743 2087 1973 2140; x_wconf 89' lang='lat' dir='ltr'><strong>quorum</strong></span> <span class='ocrx_word' id='word_1_256' title='bbox 2008 2072 2098 2125; x_wconf 90' lang='lat' dir='ltr'><strong>illa</strong></span> 
     </span>
    </p>
   </div>
   <div class='ocr_carea' id='block_1_35' title="bbox 531 2163 2097 2240">
    <p class='ocr_par' dir='ltr' id='par_1_35' title="bbox 531 2163 2097 2240">
     <span class='ocr_line' id='line_1_35' title="bbox 531 2163 2097 2240; baseline -0.005 -14"><span class='ocrx_word' id='word_1_257' title='bbox 531 2170 663 2226; x_wconf 92' lang='lat' dir='ltr'><strong>nihil</strong></span> <span class='ocrx_word' id='word_1_258' title='bbox 691 2176 870 2240; x_wconf 85' lang='lat' dir='ltr'><strong>potest</strong></span> <span class='ocrx_word' id='word_1_259' title='bbox 897 2168 1207 2221; x_wconf 86' lang='lat' dir='ltr'><strong>immutare.</strong></span> <span class='ocrx_word' id='word_1_260' title='bbox 1237 2164 1349 2220; x_wconf 87' lang='lat' dir='ltr'><strong>Cur</strong></span> <span class='ocrx_word' id='word_1_261' title='bbox 1402 2166 1547 2220; x_wconf 92' lang='lat' dir='ltr'><strong>enim</strong></span> <span class='ocrx_word' id='word_1_262' title='bbox 1578 2178 1748 2233; x_wconf 91' lang='lat' dir='ltr'><strong>equus</strong></span> <span class='ocrx_word' id='word_1_263' title='bbox 1783 2164 1962 2220; x_wconf 87' lang='lat' dir='ltr'><strong>nullus</strong></span> <span class='ocrx_word' id='word_1_264' title='bbox 2014 2163 2097 2218; x_wconf 86' lang='lat' dir='ltr'><strong>vel</strong></span> 
     </span>
    </p>
   </div>
   <div class='ocr_carea' id='block_1_36' title="bbox 526 2257 2098 2329">
    <p class='ocr_par' dir='ltr' id='par_1_36' title="bbox 526 2257 2098 2329">
     <span class='ocr_line' id='line_1_36' title="bbox 526 2257 2098 2329; baseline -0.005 -11"><span class='ocrx_word' id='word_1_265' title='bbox 526 2264 714 2319; x_wconf 87' lang='lat' dir='ltr'><strong>asinus</strong></span> <span class='ocrx_word' id='word_1_266' title='bbox 747 2262 1027 2316; x_wconf 89' lang='lat' dir='ltr'><strong>hominum</strong></span> <span class='ocrx_word' id='word_1_267' title='bbox 1049 2259 1235 2329; x_wconf 83' lang='lat' dir='ltr'><strong>effugit</strong></span> <span class='ocrx_word' id='word_1_268' title='bbox 1272 2258 1563 2329; x_wconf 81' lang='lat' dir='ltr'><strong>ﬂagellum,</strong></span> <span class='ocrx_word' id='word_1_269' title='bbox 1598 2273 1720 2312; x_wconf 92' lang='lat' dir='ltr'><strong>cum</strong></span> <span class='ocrx_word' id='word_1_270' title='bbox 1756 2267 1952 2312; x_wconf 74' lang='lat' dir='ltr'><strong>cmtera</strong></span> <span class='ocrx_word' id='word_1_271' title='bbox 1976 2257 2098 2311; x_wconf 91' lang='lat' dir='ltr'><strong>ani-</strong></span> 
     </span>
    </p>
   </div>
   <div class='ocr_carea' id='block_1_37' title="bbox 533 2349 2090 2421">
    <p class='ocr_par' dir='ltr' id='par_1_37' title="bbox 533 2349 2090 2421">
     <span class='ocr_line' id='line_1_37' title="bbox 533 2349 2090 2421; baseline -0.004 -9"><span class='ocrx_word' id='word_1_272' title='bbox 533 2357 734 2412; x_wconf 85' lang='lat' dir='ltr'><strong>mantia</strong></span> <span class='ocrx_word' id='word_1_273' title='bbox 780 2355 971 2408; x_wconf 89' lang='lat' dir='ltr'><strong>horum</strong></span> <span class='ocrx_word' id='word_1_274' title='bbox 1014 2354 1177 2408; x_wconf 91' lang='lat' dir='ltr'><strong>ictum</strong></span> <span class='ocrx_word' id='word_1_275' title='bbox 1214 2366 1320 2406; x_wconf 90' lang='lat' dir='ltr'><strong>non</strong></span> <span class='ocrx_word' id='word_1_276' title='bbox 1356 2349 1580 2405; x_wconf 78' lang='lat' dir='ltr'><strong>ferant?</strong></span> <span class='ocrx_word' id='word_1_277' title='bbox 1612 2349 1682 2404; x_wconf 84' lang='lat' dir='ltr'><strong>At</strong></span> <span class='ocrx_word' id='word_1_278' title='bbox 1706 2349 1751 2404; x_wconf 92' lang='lat' dir='ltr'><strong>si</strong></span> <span class='ocrx_word' id='word_1_279' title='bbox 1810 2366 1939 2421; x_wconf 89' lang='lat' dir='ltr'><strong>qua,</strong></span> <span class='ocrx_word' id='word_1_280' title='bbox 1968 2366 2090 2420; x_wconf 70' lang='lat' dir='ltr'><strong>quae</strong></span> 
     </span>
    </p>
   </div>
   <div class='ocr_carea' id='block_1_38' title="bbox 527 2443 2099 2512">
    <p class='ocr_par' dir='ltr' id='par_1_38' title="bbox 527 2443 2099 2512">
     <span class='ocr_line' id='line_1_38' title="bbox 527 2443 2099 2512; baseline -0.004 -8"><span class='ocrx_word' id='word_1_281' title='bbox 527 2460 706 2504; x_wconf 90' lang='lat' dir='ltr'><strong>tamen</strong></span> <span class='ocrx_word' id='word_1_282' title='bbox 746 2462 868 2502; x_wconf 89' lang='lat' dir='ltr'><strong>rara</strong></span> <span class='ocrx_word' id='word_1_283' title='bbox 918 2455 1067 2512; x_wconf 90' lang='lat' dir='ltr'><strong>sunt,</strong></span> <span class='ocrx_word' id='word_1_284' title='bbox 1100 2443 1389 2509; x_wconf 89' lang='lat' dir='ltr'><strong>sustinent,</strong></span> <span class='ocrx_word' id='word_1_285' title='bbox 1443 2457 1510 2497; x_wconf 88' lang='lat' dir='ltr'><strong>ne</strong></span> <span class='ocrx_word' id='word_1_286' title='bbox 1564 2446 1642 2497; x_wconf 88' lang='lat' dir='ltr'><strong>sic</strong></span> <span class='ocrx_word' id='word_1_287' title='bbox 1713 2445 1936 2512; x_wconf 86' lang='lat' dir='ltr'><strong>quidem</strong></span> <span class='ocrx_word' id='word_1_288' title='bbox 1989 2443 2099 2499; x_wconf 81' lang='lat' dir='ltr'><strong>dil-</strong></span> 
     </span>
    </p>
   </div>
   <div class='ocr_carea' id='block_1_39' title="bbox 526 2533 2095 2595">
    <p class='ocr_par' dir='ltr' id='par_1_39' title="bbox 526 2533 2095 2595">
     <span class='ocr_line' id='line_1_39' title="bbox 526 2533 2095 2595; baseline -0.005 0"><span class='ocrx_word' id='word_1_289' title='bbox 526 2539 739 2595; x_wconf 84' lang='lat' dir='ltr'><strong>licultas</strong></span> <span class='ocrx_word' id='word_1_290' title='bbox 792 2537 1041 2593; x_wconf 88' lang='lat' dir='ltr'><strong>solvitur.</strong></span> <span class='ocrx_word' id='word_1_291' title='bbox 1082 2533 1192 2592; x_wconf 90' lang='lat' dir='ltr'><strong>Cur</strong></span> <span class='ocrx_word' id='word_1_292' title='bbox 1230 2533 1376 2589; x_wconf 88' lang='lat' dir='ltr'><strong>enim</strong></span> <span class='ocrx_word' id='word_1_293' title='bbox 1419 2546 1525 2586; x_wconf 88' lang='lat' dir='ltr'><strong>non</strong></span> <span class='ocrx_word' id='word_1_294' title='bbox 1570 2542 1625 2588; x_wconf 92' lang='lat' dir='ltr'><strong>et</strong></span> <span class='ocrx_word' id='word_1_295' title='bbox 1669 2544 1868 2589; x_wconf 77' lang='lat' dir='ltr'><strong>caetera</strong></span> <span class='ocrx_word' id='word_1_296' title='bbox 1912 2535 2095 2589; x_wconf 84' lang='lat' dir='ltr'><strong>omnia</strong></span> 
     </span>
    </p>
   </div>
   <div class='ocr_carea' id='block_1_40' title="bbox 526 2625 2092 2698">
    <p class='ocr_par' dir='ltr' id='par_1_40' title="bbox 526 2625 2092 2698">
     <span class='ocr_line' id='line_1_40' title="bbox 526 2625 2092 2698; baseline -0.004 -11"><span class='ocrx_word' id='word_1_297' title='bbox 526 2634 828 2688; x_wconf 78' lang='lat' dir='ltr'><strong>sustineant</strong></span> <span class='ocrx_word' id='word_1_298' title='bbox 865 2642 1089 2684; x_wconf 89' lang='lat' dir='ltr'><strong>numero</strong></span> <span class='ocrx_word' id='word_1_299' title='bbox 1138 2626 1307 2682; x_wconf 88' lang='lat' dir='ltr'><strong>multo</strong></span> <span class='ocrx_word' id='word_1_300' title='bbox 1334 2627 1531 2698; x_wconf 87' lang='lat' dir='ltr'><strong>plura?</strong></span> <span class='ocrx_word' id='word_1_301' title='bbox 1567 2625 1786 2697; x_wconf 31' lang='lat' dir='ltr'><strong>,Deinde</strong></span> <span class='ocrx_word' id='word_1_302' title='bbox 1834 2627 1978 2681; x_wconf 91' lang='lat' dir='ltr'><strong>inter</strong></span> <span class='ocrx_word' id='word_1_303' title='bbox 2008 2641 2092 2693; x_wconf 88' lang='lat' dir='ltr'><strong>ea,</strong></span> 
     </span>
    </p>
   </div>
   <div class='ocr_carea' id='block_1_41' title="bbox 524 2719 2100 2795">
    <p class='ocr_par' dir='ltr' id='par_1_41' title="bbox 524 2719 2100 2795">
     <span class='ocr_line' id='line_1_41' title="bbox 524 2719 2100 2795; baseline -0.002 -17"><span class='ocrx_word' id='word_1_304' title='bbox 524 2740 646 2795; x_wconf 63' lang='lat' dir='ltr'><strong>qua)</strong></span> <span class='ocrx_word' id='word_1_305' title='bbox 668 2724 851 2795; x_wconf 84' lang='lat' dir='ltr'><strong>ﬂagris</strong></span> <span class='ocrx_word' id='word_1_306' title='bbox 880 2723 1180 2786; x_wconf 62' lang='lat' dir='ltr'><strong>caeduntur,</strong></span> <span class='ocrx_word' id='word_1_307' title='bbox 1203 2722 1376 2778; x_wconf 87' lang='lat' dir='ltr'><strong>libera</strong></span> <span class='ocrx_word' id='word_1_308' title='bbox 1406 2730 1531 2776; x_wconf 91' lang='lat' dir='ltr'><strong>sunt</strong></span> <span class='ocrx_word' id='word_1_309' title='bbox 1556 2724 1738 2787; x_wconf 90' lang='lat' dir='ltr'><strong>bruta,</strong></span> <span class='ocrx_word' id='word_1_310' title='bbox 1758 2721 1885 2776; x_wconf 86' lang='lat' dir='ltr'><strong>dum</strong></span> <span class='ocrx_word' id='word_1_311' title='bbox 1913 2719 2100 2775; x_wconf 90' lang='lat' dir='ltr'><strong>adole-</strong></span> 
     </span>
    </p>
   </div>
   <div class='ocr_carea' id='block_1_42' title="bbox 523 2811 2094 2881">
    <p class='ocr_par' dir='ltr' id='par_1_42' title="bbox 523 2811 2094 2881">
     <span class='ocr_line' id='line_1_42' title="bbox 523 2811 2094 2881; baseline -0.004 -10"><span class='ocrx_word' id='word_1_312' title='bbox 523 2818 744 2872; x_wconf 82' lang='lat' dir='ltr'><strong>verint:</strong></span> <span class='ocrx_word' id='word_1_313' title='bbox 795 2829 916 2868; x_wconf 88' lang='lat' dir='ltr'><strong>nam</strong></span> <span class='ocrx_word' id='word_1_314' title='bbox 948 2827 1066 2866; x_wconf 85' lang='lat' dir='ltr'><strong>mox</strong></span> <span class='ocrx_word' id='word_1_315' title='bbox 1096 2822 1155 2867; x_wconf 94' lang='lat' dir='ltr'><strong>ut</strong></span> <span class='ocrx_word' id='word_1_316' title='bbox 1200 2818 1368 2868; x_wconf 88' lang='lat' dir='ltr'><strong>onera</strong></span> <span class='ocrx_word' id='word_1_317' title='bbox 1419 2811 1565 2866; x_wconf 82' lang='lat' dir='ltr'><strong>ferre</strong></span> <span class='ocrx_word' id='word_1_318' title='bbox 1616 2811 1900 2881; x_wconf 56' lang='lat' dir='ltr'><strong>coeperint,</strong></span> <span class='ocrx_word' id='word_1_319' title='bbox 1927 2813 2094 2866; x_wconf 88' lang='lat' dir='ltr'><strong>etiam</strong></span> 
     </span>
    </p>
   </div>
   <div class='ocr_carea' id='block_1_43' title="bbox 525 2903 2097 2974">
    <p class='ocr_par' dir='ltr' id='par_1_43' title="bbox 525 2903 2097 2974">
     <span class='ocr_line' id='line_1_43' title="bbox 525 2903 2097 2974; baseline -0.003 -13"><span class='ocrx_word' id='word_1_320' title='bbox 525 2906 797 2961; x_wconf 86' lang='lat' dir='ltr'><strong>verberari</strong></span> <span class='ocrx_word' id='word_1_321' title='bbox 825 2904 1105 2974; x_wconf 88' lang='lat' dir='ltr'><strong>incipiunt.</strong></span> <span class='ocrx_word' id='word_1_322' title='bbox 1137 2903 1207 2957; x_wconf 82' lang='lat' dir='ltr'><strong>At</strong></span> <span class='ocrx_word' id='word_1_323' title='bbox 1236 2904 1399 2958; x_wconf 89' lang='lat' dir='ltr'><strong>homo</strong></span> <span class='ocrx_word' id='word_1_324' title='bbox 1425 2903 1763 2973; x_wconf 88' lang='lat' dir='ltr'><strong>potissimum</strong></span> <span class='ocrx_word' id='word_1_325' title='bbox 1791 2903 1845 2957; x_wconf 93' lang='lat' dir='ltr'><strong>in</strong></span> <span class='ocrx_word' id='word_1_326' title='bbox 1866 2903 2097 2974; x_wconf 90' lang='lat' dir='ltr'><strong>pueritia</strong></span> 
     </span>
    </p>
   </div>
   <div class='ocr_carea' id='block_1_44' title="bbox 524 2995 2093 3071">
    <p class='ocr_par' dir='ltr' id='par_1_44' title="bbox 524 2995 2093 3071">
     <span class='ocr_line' id='line_1_44' title="bbox 524 2995 2093 3071; baseline -0.003 -17"><span class='ocrx_word' id='word_1_327' title='bbox 524 2999 851 3071; x_wconf 80' lang='lat' dir='ltr'><strong>ﬂagellatur:</strong></span> <span class='ocrx_word' id='word_1_328' title='bbox 890 3013 1011 3054; x_wconf 88' lang='lat' dir='ltr'><strong>cum</strong></span> <span class='ocrx_word' id='word_1_329' title='bbox 1036 3005 1214 3051; x_wconf 91' lang='lat' dir='ltr'><strong>autem</strong></span> <span class='ocrx_word' id='word_1_330' title='bbox 1240 2997 1308 3051; x_wconf 89' lang='lat' dir='ltr'><strong>ad</strong></span> <span class='ocrx_word' id='word_1_331' title='bbox 1357 2996 1571 3051; x_wconf 89' lang='lat' dir='ltr'><strong>virilem</strong></span> <span class='ocrx_word' id='word_1_332' title='bbox 1595 3004 1814 3050; x_wconf 64' lang='lat' dir='ltr'><strong>aetatem</strong></span> <span class='ocrx_word' id='word_1_333' title='bbox 1838 2995 2093 3061; x_wconf 85' lang='lat' dir='ltr'><strong>creverit,</strong></span> 
     </span>
    </p>
   </div>
   <div class='ocr_carea' id='block_1_45' title="bbox 523 3084 2097 3160">
    <p class='ocr_par' dir='ltr' id='par_1_45' title="bbox 523 3084 2097 3160">
     <span class='ocr_line' id='line_1_45' title="bbox 523 3084 2097 3160; baseline -0.004 -14"><span class='ocrx_word' id='word_1_334' title='bbox 523 3102 615 3146; x_wconf 86' lang='lat' dir='ltr'><strong>aut</strong></span> <span class='ocrx_word' id='word_1_335' title='bbox 637 3105 935 3160; x_wconf 89' lang='lat' dir='ltr'><strong>nunquam,</strong></span> <span class='ocrx_word' id='word_1_336' title='bbox 959 3098 1051 3143; x_wconf 89' lang='lat' dir='ltr'><strong>aut</strong></span> <span class='ocrx_word' id='word_1_337' title='bbox 1068 3088 1259 3144; x_wconf 89' lang='lat' dir='ltr'><strong>saltem</strong></span> <span class='ocrx_word' id='word_1_338' title='bbox 1283 3102 1406 3143; x_wconf 91' lang='lat' dir='ltr'><strong>raro</strong></span> <span class='ocrx_word' id='word_1_339' title='bbox 1429 3087 1673 3143; x_wconf 65' lang='lat' dir='ltr'><strong>caeditur.</strong></span> <span class='ocrx_word' id='word_1_340' title='bbox 1704 3084 1891 3153; x_wconf 83' lang='lat' dir='ltr'><strong>Quare</strong></span> <span class='ocrx_word' id='word_1_341' title='bbox 1913 3086 2097 3141; x_wconf 71' lang='lat' dir='ltr'><strong>adhaac</strong></span> 
     </span>
    </p>
   </div>
   <div class='ocr_carea' id='block_1_46' title="bbox 522 3178 2093 3251">
    <p class='ocr_par' dir='ltr' id='par_1_46' title="bbox 522 3178 2093 3251">
     <span class='ocr_line' id='line_1_46' title="bbox 522 3178 2093 3251; baseline -0.003 -14"><span class='ocrx_word' id='word_1_342' title='bbox 522 3182 699 3249; x_wconf 79' lang='lat' dir='ltr'><strong>ﬁbris,</strong></span> <span class='ocrx_word' id='word_1_343' title='bbox 734 3182 947 3245; x_wconf 86' lang='lat' dir='ltr'><strong>suibus,</strong></span> <span class='ocrx_word' id='word_1_344' title='bbox 979 3180 1134 3250; x_wconf 79' lang='lat' dir='ltr'><strong>gallis</strong></span> <span class='ocrx_word' id='word_1_345' title='bbox 1162 3179 1509 3251; x_wconf 77' lang='lat' dir='ltr'><strong>gallinaceis,</strong></span> <span class='ocrx_word' id='word_1_346' title='bbox 1544 3178 1878 3245; x_wconf 87' lang='lat' dir='ltr'><strong>hominibus,</strong></span> <span class='ocrx_word' id='word_1_347' title='bbox 1912 3178 2093 3249; x_wconf 91' lang='lat' dir='ltr'><strong>equis,</strong></span> 
     </span>
    </p>
   </div>
   <div class='ocr_carea' id='block_1_47' title="bbox 482 3270 2097 3343">
    <p class='ocr_par' dir='ltr' id='par_1_47' title="bbox 482 3270 2097 3343">
     <span class='ocr_line' id='line_1_47' title="bbox 482 3270 2097 3343; baseline -0.002 -14"><span class='ocrx_word' id='word_1_348' title='bbox 482 3312 483 3315; x_wconf 60' lang='grc' dir='ltr'><strong>η</strong></span> <span class='ocrx_word' id='word_1_349' title='bbox 522 3285 581 3329; x_wconf 90' lang='lat' dir='ltr'><strong>et</strong></span> <span class='ocrx_word' id='word_1_350' title='bbox 618 3273 936 3343; x_wconf 83' lang='lat' dir='ltr'><strong>quibusdam</strong></span> <span class='ocrx_word' id='word_1_351' title='bbox 978 3272 1119 3329; x_wconf 77' lang='lat' dir='ltr'><strong>{orte</strong></span> <span class='ocrx_word' id='word_1_352' title='bbox 1142 3273 1282 3336; x_wconf 88' lang='lat' dir='ltr'><strong>aliis,</strong></span> <span class='ocrx_word' id='word_1_353' title='bbox 1319 3271 1573 3342; x_wconf 76' lang='lat' dir='ltr'><strong>genitalia</strong></span> <span class='ocrx_word' id='word_1_354' title='bbox 1614 3280 1961 3339; x_wconf 82' lang='lat' dir='ltr'><strong>exsecantur,</strong></span> <span class='ocrx_word' id='word_1_355' title='bbox 1986 3270 2097 3326; x_wconf 78' lang='lat' dir='ltr'><strong>fer-</strong></span> 
     </span>
    </p>
   </div>
   <div class='ocr_carea' id='block_1_48' title="bbox 526 3359 2093 3430">
    <p class='ocr_par' dir='ltr' id='par_1_48' title="bbox 526 3359 2093 3430">
     <span class='ocr_line' id='line_1_48' title="bbox 526 3359 2093 3430; baseline 0.001 -14"><span class='ocrx_word' id='word_1_356' title='bbox 526 3376 751 3429; x_wconf 86' lang='lat' dir='ltr'><strong>rumque</strong></span> <span class='ocrx_word' id='word_1_357' title='bbox 799 3361 943 3430; x_wconf 90' lang='lat' dir='ltr'><strong>ipsos</strong></span> <span class='ocrx_word' id='word_1_358' title='bbox 1004 3375 1102 3430; x_wconf 93' lang='lat' dir='ltr'><strong>pro</strong></span> <span class='ocrx_word' id='word_1_359' title='bbox 1154 3359 1399 3415; x_wconf 82' lang='lat' dir='ltr'><strong>fecundis</strong></span> <span class='ocrx_word' id='word_1_360' title='bbox 1435 3360 1653 3416; x_wconf 88' lang='lat' dir='ltr'><strong>steriles</strong></span> <span class='ocrx_word' id='word_1_361' title='bbox 1712 3360 1927 3416; x_wconf 85' lang='lat' dir='ltr'><strong>reddit:</strong></span> <span class='ocrx_word' id='word_1_362' title='bbox 1962 3377 2093 3417; x_wconf 84' lang='lat' dir='ltr'><strong>cum</strong></span> 
     </span>
    </p>
   </div>
   <div class='ocr_carea' id='block_1_49' title="bbox 523 3450 2093 3507">
    <p class='ocr_par' dir='ltr' id='par_1_49' title="bbox 523 3450 2093 3507">
     <span class='ocr_line' id='line_1_49' title="bbox 523 3450 2093 3507; baseline 0.001 -4"><span class='ocrx_word' id='word_1_363' title='bbox 523 3460 718 3504; x_wconf 70' lang='lat' dir='ltr'><strong>caetera</strong></span> <span class='ocrx_word' id='word_1_364' title='bbox 778 3460 958 3505; x_wconf 87' lang='lat' dir='ltr'><strong>tamen</strong></span> <span class='ocrx_word' id='word_1_365' title='bbox 994 3450 1291 3505; x_wconf 86' lang='lat' dir='ltr'><strong>animantia</strong></span> <span class='ocrx_word' id='word_1_366' title='bbox 1342 3466 1448 3505; x_wconf 91' lang='lat' dir='ltr'><strong>non</strong></span> <span class='ocrx_word' id='word_1_367' title='bbox 1482 3452 1640 3504; x_wconf 92' lang='lat' dir='ltr'><strong>modo</strong></span> <span class='ocrx_word' id='word_1_368' title='bbox 1696 3450 1766 3505; x_wconf 88' lang='lat' dir='ltr'><strong>ab</strong></span> <span class='ocrx_word' id='word_1_369' title='bbox 1820 3460 2093 3507; x_wconf 90' lang='lat' dir='ltr'><strong>astrorum</strong></span> 
     </span>
    </p>
   </div>
   <div class='ocr_carea' id='block_1_50' title="bbox 524 3542 2096 3606">
    <p class='ocr_par' dir='ltr' id='par_1_50' title="bbox 524 3542 2096 3606">
     <span class='ocr_line' id='line_1_50' title="bbox 524 3542 2096 3606; baseline 0.002 -10"><span class='ocrx_word' id='word_1_370' title='bbox 524 3543 850 3597; x_wconf 83' lang='lat' dir='ltr'><strong>necessitate</strong></span> <span class='ocrx_word' id='word_1_371' title='bbox 875 3542 1005 3595; x_wconf 89' lang='lat' dir='ltr'><strong>nihil</strong></span> <span class='ocrx_word' id='word_1_372' title='bbox 1050 3542 1340 3606; x_wconf 67' lang='lat' dir='ltr'><strong>laedantur,</strong></span> <span class='ocrx_word' id='word_1_373' title='bbox 1379 3542 1474 3597; x_wconf 89' lang='lat' dir='ltr'><strong>sed</strong></span> <span class='ocrx_word' id='word_1_374' title='bbox 1510 3556 1627 3596; x_wconf 91' lang='lat' dir='ltr'><strong>eam</strong></span> <span class='ocrx_word' id='word_1_375' title='bbox 1659 3543 1825 3597; x_wconf 88' lang='lat' dir='ltr'><strong>etiam</strong></span> <span class='ocrx_word' id='word_1_376' title='bbox 1867 3544 2096 3599; x_wconf 79' lang='lat' dir='ltr'><strong>irriden-</strong></span> 
     </span>
    </p>
   </div>
   <div class='ocr_carea' id='block_1_51' title="bbox 523 3633 2095 3707">
    <p class='ocr_par' dir='ltr' id='par_1_51' title="bbox 523 3633 2095 3707">
     <span class='ocr_line' id='line_1_51' title="bbox 523 3633 2095 3707; baseline 0.002 -18"><span class='ocrx_word' id='word_1_377' title='bbox 523 3635 645 3689; x_wconf 89' lang='lat' dir='ltr'><strong>dam</strong></span> <span class='ocrx_word' id='word_1_378' title='bbox 693 3634 1034 3703; x_wconf 85' lang='lat' dir='ltr'><strong>proponant?</strong></span> <span class='ocrx_word' id='word_1_379' title='bbox 1057 3633 1168 3688; x_wconf 86' lang='lat' dir='ltr'><strong>Cur</strong></span> <span class='ocrx_word' id='word_1_380' title='bbox 1197 3636 1411 3689; x_wconf 89' lang='lat' dir='ltr'><strong>tandem</strong></span> <span class='ocrx_word' id='word_1_381' title='bbox 1443 3635 1632 3690; x_wconf 91' lang='lat' dir='ltr'><strong>eadem</strong></span> <span class='ocrx_word' id='word_1_382' title='bbox 1682 3635 1962 3692; x_wconf 87' lang='lat' dir='ltr'><strong>stellarum</strong></span> <span class='ocrx_word' id='word_1_383' title='bbox 1996 3652 2095 3707; x_wconf 90' lang='lat' dir='ltr'><strong>po-</strong></span> 
     </span>
    </p>
   </div>
   <div class='ocr_carea' id='block_1_52' title="bbox 523 3728 2094 3801">
    <p class='ocr_par' dir='ltr' id='par_1_52' title="bbox 523 3728 2094 3801">
     <span class='ocr_line' id='line_1_52' title="bbox 523 3728 2094 3801; baseline 0.002 -19"><span class='ocrx_word' id='word_1_384' title='bbox 523 3729 696 3783; x_wconf 90' lang='lat' dir='ltr'><strong>situra</strong></span> <span class='ocrx_word' id='word_1_385' title='bbox 741 3728 988 3782; x_wconf 90' lang='lat' dir='ltr'><strong>eumdem</strong></span> <span class='ocrx_word' id='word_1_386' title='bbox 1038 3743 1261 3783; x_wconf 91' lang='lat' dir='ltr'><strong>cursum</strong></span> <span class='ocrx_word' id='word_1_387' title='bbox 1315 3738 1553 3796; x_wconf 90' lang='lat' dir='ltr'><strong>tenente,</strong></span> <span class='ocrx_word' id='word_1_388' title='bbox 1581 3729 1627 3784; x_wconf 92' lang='lat' dir='ltr'><strong>si</strong></span> <span class='ocrx_word' id='word_1_389' title='bbox 1680 3730 1879 3800; x_wconf 67' lang='lat' dir='ltr'><strong>planta:</strong></span> <span class='ocrx_word' id='word_1_390' title='bbox 1904 3745 2094 3801; x_wconf 85' lang='lat' dir='ltr'><strong>ampu-</strong></span> 
     </span>
    </p>
   </div>
   <div class='ocr_carea' id='block_1_53' title="bbox 523 3822 2092 3889">
    <p class='ocr_par' dir='ltr' id='par_1_53' title="bbox 523 3822 2092 3889">
     <span class='ocr_line' id='line_1_53' title="bbox 523 3822 2092 3889; baseline 0.001 -11"><span class='ocrx_word' id='word_1_391' title='bbox 523 3832 727 3888; x_wconf 92' lang='lat' dir='ltr'><strong>tentur,</strong></span> <span class='ocrx_word' id='word_1_392' title='bbox 759 3835 973 3876; x_wconf 88' lang='lat' dir='ltr'><strong>rursum</strong></span> <span class='ocrx_word' id='word_1_393' title='bbox 1041 3836 1224 3877; x_wconf 79' lang='lat' dir='ltr'><strong>ramos</strong></span> <span class='ocrx_word' id='word_1_394' title='bbox 1272 3822 1551 3889; x_wconf 90' lang='lat' dir='ltr'><strong>emittunt,</strong></span> <span class='ocrx_word' id='word_1_395' title='bbox 1609 3832 1665 3878; x_wconf 90' lang='lat' dir='ltr'><strong>et</strong></span> <span class='ocrx_word' id='word_1_396' title='bbox 1721 3825 2092 3880; x_wconf 87' lang='lat' dir='ltr'><strong>circumtonsa</strong></span> 
     </span>
    </p>
   </div>
   <div class='ocr_carea' id='block_1_54' title="bbox 522 3915 2090 3989">
    <p class='ocr_par' dir='ltr' id='par_1_54' title="bbox 522 3915 2090 3989">
     <span class='ocr_line' id='line_1_54' title="bbox 522 3915 2090 3989; baseline 0.001 -17"><span class='ocrx_word' id='word_1_397' title='bbox 522 3917 690 3972; x_wconf 88' lang='lat' dir='ltr'><strong>herba</strong></span> <span class='ocrx_word' id='word_1_398' title='bbox 722 3929 875 3985; x_wconf 59' lang='lat' dir='ltr'><strong>asque</strong></span> <span class='ocrx_word' id='word_1_399' title='bbox 905 3926 963 3969; x_wconf 89' lang='lat' dir='ltr'><strong>ut</strong></span> <span class='ocrx_word' id='word_1_400' title='bbox 985 3916 1311 3985; x_wconf 88' lang='lat' dir='ltr'><strong>antea,quin</strong></span> <span class='ocrx_word' id='word_1_401' title='bbox 1340 3917 1503 3971; x_wconf 83' lang='lat' dir='ltr'><strong>etiam</strong></span> <span class='ocrx_word' id='word_1_402' title='bbox 1530 3915 1691 3973; x_wconf 86' lang='lat' dir='ltr'><strong>altius</strong></span> <span class='ocrx_word' id='word_1_403' title='bbox 1704 3917 1949 3989; x_wconf 89' lang='lat' dir='ltr'><strong>erigitur,</strong></span> <span class='ocrx_word' id='word_1_404' title='bbox 1967 3932 2090 3974; x_wconf 91' lang='lat' dir='ltr'><strong>cum</strong></span> 
     </span>
    </p>
   </div>
   <div class='ocr_carea' id='block_1_55' title="bbox 522 3998 2092 4078">
    <p class='ocr_par' dir='ltr' id='par_1_55' title="bbox 522 3998 2092 4078">
     <span class='ocr_line' id='line_1_55' title="bbox 522 3998 2092 4078; baseline 0.001 -15"><span class='ocrx_word' id='word_1_405' title='bbox 522 4010 576 4063; x_wconf 91' lang='lat' dir='ltr'><strong>iu</strong></span> <span class='ocrx_word' id='word_1_406' title='bbox 601 4008 942 4072; x_wconf 88' lang='lat' dir='ltr'><strong>animalibus,</strong></span> <span class='ocrx_word' id='word_1_407' title='bbox 998 4008 1044 4062; x_wconf 79' lang='lat' dir='ltr'><strong>si</strong></span> <span class='ocrx_word' id='word_1_408' title='bbox 1106 4008 1250 4078; x_wconf 84' lang='lat' dir='ltr'><strong>quod</strong></span> <span class='ocrx_word' id='word_1_409' title='bbox 1292 4008 1432 4063; x_wconf 85' lang='lat' dir='ltr'><strong>forte</strong></span> <span class='ocrx_word' id='word_1_410' title='bbox 1463 3998 1761 4064; x_wconf 87' lang='lat' dir='ltr'><strong>membrum</strong></span> <span class='ocrx_word' id='word_1_411' title='bbox 1795 4010 2092 4064; x_wconf 84' lang='lat' dir='ltr'><strong>dissectum</strong></span> 
     </span>
    </p>
   </div>
   <div class='ocr_carea' id='block_1_56' title="bbox 524 4099 2093 4170">
    <p class='ocr_par' dir='ltr' id='par_1_56' title="bbox 524 4099 2093 4170">
     <span class='ocr_line' id='line_1_56' title="bbox 524 4099 2093 4170; baseline 0.003 -17"><span class='ocrx_word' id='word_1_412' title='bbox 524 4100 705 4166; x_wconf 77' lang='lat' dir='ltr'><strong>fuerit,</strong></span> <span class='ocrx_word' id='word_1_413' title='bbox 740 4100 950 4163; x_wconf 89' lang='lat' dir='ltr'><strong>oculus,</strong></span> <span class='ocrx_word' id='word_1_414' title='bbox 1010 4100 1093 4155; x_wconf 88' lang='lat' dir='ltr'><strong>vel</strong></span> <span class='ocrx_word' id='word_1_415' title='bbox 1123 4115 1310 4166; x_wconf 90' lang='lat' dir='ltr'><strong>nasus,</strong></span> <span class='ocrx_word' id='word_1_416' title='bbox 1353 4099 1437 4154; x_wconf 89' lang='lat' dir='ltr'><strong>vel</strong></span> <span class='ocrx_word' id='word_1_417' title='bbox 1486 4100 1711 4170; x_wconf 80' lang='lat' dir='ltr'><strong>digitus,</strong></span> <span class='ocrx_word' id='word_1_418' title='bbox 1746 4100 1884 4155; x_wconf 92' lang='lat' dir='ltr'><strong>nihil</strong></span> <span class='ocrx_word' id='word_1_419' title='bbox 1935 4102 2093 4170; x_wconf 83' lang='lat' dir='ltr'><strong>plane</strong></span> 
     </span>
    </p>
   </div>
   <div class='ocr_carea' id='block_1_57' title="bbox 522 4190 2090 4262">
    <p class='ocr_par' dir='ltr' id='par_1_57' title="bbox 522 4190 2090 4262">
     <span class='ocr_line' id='line_1_57' title="bbox 522 4190 2090 4262; baseline 0.001 -18"><span class='ocrx_word' id='word_1_420' title='bbox 522 4192 691 4244; x_wconf 81' lang='lat' dir='ltr'><strong>fatum</strong></span> <span class='ocrx_word' id='word_1_421' title='bbox 751 4192 819 4245; x_wconf 87' lang='lat' dir='ltr'><strong>ad</strong></span> <span class='ocrx_word' id='word_1_422' title='bbox 872 4190 1031 4261; x_wconf 90' lang='lat' dir='ltr'><strong>hujus</strong></span> <span class='ocrx_word' id='word_1_423' title='bbox 1076 4191 1306 4246; x_wconf 83' lang='lat' dir='ltr'><strong>membri</strong></span> <span class='ocrx_word' id='word_1_424' title='bbox 1343 4193 1801 4247; x_wconf 88' lang='lat' dir='ltr'><strong>restaurationem</strong></span> <span class='ocrx_word' id='word_1_425' title='bbox 1846 4192 2090 4262; x_wconf 84' lang='lat' dir='ltr'><strong>adjuvat,</strong></span> 
     </span>
    </p>
   </div>
   <div class='ocr_carea' id='block_1_58' title="bbox 520 4282 2090 4353">
    <p class='ocr_par' dir='ltr' id='par_1_58' title="bbox 520 4282 2090 4353">
     <span class='ocr_line' id='line_1_58' title="bbox 520 4282 2090 4353; baseline 0 -16"><span class='ocrx_word' id='word_1_426' title='bbox 520 4283 621 4338; x_wconf 83' lang='lat' dir='ltr'><strong>etsi</strong></span> <span class='ocrx_word' id='word_1_427' title='bbox 653 4283 756 4337; x_wconf 88' lang='lat' dir='ltr'><strong>hoc</strong></span> <span class='ocrx_word' id='word_1_428' title='bbox 788 4283 964 4353; x_wconf 90' lang='lat' dir='ltr'><strong>ipsum</strong></span> <span class='ocrx_word' id='word_1_429' title='bbox 1015 4284 1258 4353; x_wconf 47' lang='lat' dir='ltr'><strong>praabere</strong></span> <span class='ocrx_word' id='word_1_430' title='bbox 1284 4282 1371 4337; x_wconf 88' lang='lat' dir='ltr'><strong>illa</strong></span> <span class='ocrx_word' id='word_1_431' title='bbox 1405 4300 1522 4353; x_wconf 76' lang='lat' dir='ltr'><strong>quze</strong></span> <span class='ocrx_word' id='word_1_432' title='bbox 1568 4286 1647 4343; x_wconf 89' lang='lat' dir='ltr'><strong>sic</strong></span> <span class='ocrx_word' id='word_1_433' title='bbox 1676 4285 1920 4350; x_wconf 88' lang='lat' dir='ltr'><strong>abstulit,</strong></span> <span class='ocrx_word' id='word_1_434' title='bbox 1956 4300 2090 4339; x_wconf 79' lang='lat' dir='ltr'><strong>cen-</strong></span> 
     </span>
    </p>
   </div>
   <div class='ocr_carea' id='block_1_59' title="bbox 518 4375 2087 4447">
    <p class='ocr_par' dir='ltr' id='par_1_59' title="bbox 518 4375 2087 4447">
     <span class='ocr_line' id='line_1_59' title="bbox 518 4375 2087 4447; baseline 0.003 -17"><span class='ocrx_word' id='word_1_435' title='bbox 518 4375 677 4430; x_wconf 84' lang='lat' dir='ltr'><strong>sent?</strong></span> <span class='ocrx_word' id='word_1_436' title='bbox 705 4376 775 4428; x_wconf 84' lang='lat' dir='ltr'><strong>At</strong></span> <span class='ocrx_word' id='word_1_437' title='bbox 801 4390 903 4430; x_wconf 89' lang='lat' dir='ltr'><strong>non</strong></span> <span class='ocrx_word' id='word_1_438' title='bbox 929 4386 1133 4430; x_wconf 67' lang='lat' dir='ltr'><strong>naturae</strong></span> <span class='ocrx_word' id='word_1_439' title='bbox 1151 4377 1476 4447; x_wconf 87' lang='lat' dir='ltr'><strong>proprietas,</strong></span> <span class='ocrx_word' id='word_1_440' title='bbox 1500 4379 1592 4432; x_wconf 90' lang='lat' dir='ltr'><strong>sed</strong></span> <span class='ocrx_word' id='word_1_441' title='bbox 1611 4387 1880 4432; x_wconf 89' lang='lat' dir='ltr'><strong>astrorum</strong></span> <span class='ocrx_word' id='word_1_442' title='bbox 1909 4388 2087 4435; x_wconf 88' lang='lat' dir='ltr'><strong>motus</strong></span> 
     </span>
    </p>
   </div>
   <div class='ocr_carea' id='block_1_60' title="bbox 518 4454 2083 4540">
    <p class='ocr_par' dir='ltr' id='par_1_60' title="bbox 518 4454 2083 4540">
     <span class='ocr_line' id='line_1_60' title="bbox 518 4454 2083 4540; baseline 0.005 -22"><span class='ocrx_word' id='word_1_443' title='bbox 518 4468 735 4536; x_wconf 86' lang='lat' dir='ltr'><strong>quidam</strong></span> <span class='ocrx_word' id='word_1_444' title='bbox 765 4477 929 4536; x_wconf 85' lang='lat' dir='ltr'><strong>atque</strong></span> <span class='ocrx_word' id='word_1_445' title='bbox 965 4454 1437 4524; x_wconf 53' lang='lat' dir='ltr'><strong>constitutio&#39;illud</strong></span> <span class='ocrx_word' id='word_1_446' title='bbox 1483 4471 1683 4539; x_wconf 86' lang='lat' dir='ltr'><strong>partim</strong></span> <span class='ocrx_word' id='word_1_447' title='bbox 1709 4469 1921 4535; x_wconf 86' lang='lat' dir='ltr'><strong>bestiis,</strong></span> <span class='ocrx_word' id='word_1_448' title='bbox 1954 4487 2083 4540; x_wconf 89' lang='lat' dir='ltr'><strong>par-</strong></span> 
     </span>
    </p>
   </div>
   <div class='ocr_carea' id='block_1_61' title="bbox 2199 1977 3771 2054">
    <p class='ocr_par' dir='ltr' id='par_1_61' title="bbox 2199 1977 3771 2054">
     <span class='ocr_line' id='line_1_61' title="bbox 2199 1977 3771 2054; baseline 0.001 -16"><span class='ocrx_word' id='word_1_449' title='bbox 2199 1982 2378 2046; x_wconf 82' lang='grc' dir='ltr'>ἇλλοις</span> <span class='ocrx_word' id='word_1_450' title='bbox 2403 1984 2539 2037; x_wconf 84' lang='grc' dir='ltr'>πᾶσι</span> <span class='ocrx_word' id='word_1_451' title='bbox 2570 1983 2684 2045; x_wconf 88' lang='grc' dir='ltr'>τοῖς</span> <span class='ocrx_word' id='word_1_452' title='bbox 2711 1982 2854 2035; x_wconf 85' lang='grc' dir='ltr'>κατὰ</span> <span class='ocrx_word' id='word_1_453' title='bbox 2878 1982 3042 2051; x_wconf 83' lang='grc' dir='ltr'>φύσιν</span> <span class='ocrx_word' id='word_1_454' title='bbox 3067 2020 3081 2045; x_wconf 88' lang='grc'><strong>,</strong></span> <span class='ocrx_word' id='word_1_455' title='bbox 3113 1977 3190 2037; x_wconf 84' lang='grc' dir='ltr'>ὧν</span> <span class='ocrx_word' id='word_1_456' title='bbox 3215 1983 3368 2037; x_wconf 82' lang='grc' dir='ltr'>οὐδὲν</span> <span class='ocrx_word' id='word_1_457' title='bbox 3399 1985 3593 2054; x_wconf 77' lang='grc' dir='ltr'>ἐκείνη</span> <span class='ocrx_word' id='word_1_458' title='bbox 3625 1985 3771 2049; x_wconf 76' lang='grc' dir='ltr'>ἐξαλ-</span> 
     </span>
    </p>
   </div>
   <div class='ocr_carea' id='block_1_62' title="bbox 2198 2074 3773 2147">
    <p class='ocr_par' dir='ltr' id='par_1_62' title="bbox 2198 2074 3773 2147">
     <span class='ocr_line' id='line_1_62' title="bbox 2198 2074 3773 2147; baseline 0.001 -18"><span class='ocrx_word' id='word_1_459' title='bbox 2198 2075 2412 2130; x_wconf 86' lang='grc' dir='ltr'>λάττειν</span> <span class='ocrx_word' id='word_1_460' title='bbox 2460 2074 2703 2130; x_wconf 86' lang='grc' dir='ltr'>δύναται.</span> <span class='ocrx_word' id='word_1_461' title='bbox 2749 2074 2851 2128; x_wconf 77' lang='grc' dir='ltr'>Διά</span> <span class='ocrx_word' id='word_1_462' title='bbox 2899 2074 2953 2129; x_wconf 88' lang='grc' dir='ltr'><strong>τί</strong></span> <span class='ocrx_word' id='word_1_463' title='bbox 2978 2075 3091 2146; x_wconf 79' lang='grc' dir='ltr'><strong>γάρ</strong></span> <span class='ocrx_word' id='word_1_464' title='bbox 3144 2075 3282 2129; x_wconf 76' lang='grc' dir='ltr'>ὄνων</span> <span class='ocrx_word' id='word_1_465' title='bbox 3308 2076 3408 2147; x_wconf 67' lang='grc' dir='ltr'>μὲν</span> <span class='ocrx_word' id='word_1_466' title='bbox 3451 2078 3548 2130; x_wconf 78' lang='grc' dir='ltr'>καὶ</span> <span class='ocrx_word' id='word_1_467' title='bbox 3601 2077 3773 2131; x_wconf 82' lang='grc' dir='ltr'>ἵππων</span> 
     </span>
    </p>
   </div>
   <div class='ocr_carea' id='block_1_63' title="bbox 2199 2168 3774 2242">
    <p class='ocr_par' dir='ltr' id='par_1_63' title="bbox 2199 2168 3774 2242">
     <span class='ocr_line' id='line_1_63' title="bbox 2199 2168 3774 2242; baseline 0.001 -19"><span class='ocrx_word' id='word_1_468' title='bbox 2199 2170 2376 2233; x_wconf 77' lang='grc' dir='ltr'>οὐδεὶς</span> <span class='ocrx_word' id='word_1_469' title='bbox 2404 2170 2504 2234; x_wconf 82' lang='grc' dir='ltr'>τὰς</span> <span class='ocrx_word' id='word_1_470' title='bbox 2530 2170 2591 2235; x_wconf 79' lang='grc' dir='ltr'>ἐξ</span> <span class='ocrx_word' id='word_1_471' title='bbox 2618 2168 2926 2241; x_wconf 84' lang='grc' dir='ltr'>ἀνθρώπων</span> <span class='ocrx_word' id='word_1_472' title='bbox 2968 2170 3252 2240; x_wconf 80' lang='grc' dir='ltr'>διαφεύγει</span> <span class='ocrx_word' id='word_1_473' title='bbox 3284 2173 3591 2242; x_wconf 87' lang='grc' dir='ltr'>μάστιγας,</span> <span class='ocrx_word' id='word_1_474' title='bbox 3622 2172 3774 2228; x_wconf 78' lang='grc' dir='ltr'>τᾶλλα</span> 
     </span>
    </p>
   </div>
   <div class='ocr_carea' id='block_1_64' title="bbox 2197 2260 3775 2332">
    <p class='ocr_par' dir='ltr' id='par_1_64' title="bbox 2197 2260 3775 2332">
     <span class='ocr_line' id='line_1_64' title="bbox 2197 2260 3775 2332; baseline 0.001 -19"><span class='ocrx_word' id='word_1_475' title='bbox 2197 2260 2253 2313; x_wconf 80' lang='grc' dir='ltr'>δὲ</span> <span class='ocrx_word' id='word_1_476' title='bbox 2282 2260 2391 2314; x_wconf 89' lang='grc' dir='ltr'><strong>τῶν</strong></span> <span class='ocrx_word' id='word_1_477' title='bbox 2423 2261 2635 2331; x_wconf 82' lang='grc' dir='ltr'>ἀλόγων</span> <span class='ocrx_word' id='word_1_478' title='bbox 2684 2260 2839 2324; x_wconf 78' lang='grc' dir='ltr'>ζώων</span> <span class='ocrx_word' id='word_1_479' title='bbox 2866 2261 2968 2330; x_wconf 81' lang='grc' dir='ltr'>τὴν</span> <span class='ocrx_word' id='word_1_480' title='bbox 3010 2262 3118 2315; x_wconf 81' lang='grc' dir='ltr'>ἀπὸ</span> <span class='ocrx_word' id='word_1_481' title='bbox 3170 2261 3377 2317; x_wconf 88' lang='grc' dir='ltr'>τούτων</span> <span class='ocrx_word' id='word_1_482' title='bbox 3425 2261 3651 2332; x_wconf 78' lang='grc' dir='ltr'>πληγὴν</span> <span class='ocrx_word' id='word_1_483' title='bbox 3691 2262 3775 2332; x_wconf 77' lang='grc' dir='ltr'>οὐχ</span> 
     </span>
    </p>
   </div>
   <div class='ocr_carea' id='block_1_65' title="bbox 2198 2352 3775 2425">
    <p class='ocr_par' dir='ltr' id='par_1_65' title="bbox 2198 2352 3775 2425">
     <span class='ocr_line' id='line_1_65' title="bbox 2198 2352 3775 2425; baseline 0 -18"><span class='ocrx_word' id='word_1_484' title='bbox 2198 2352 2528 2423; x_wconf 76' lang='grc' dir='ltr'>ὑπέμεινεν;</span> <span class='ocrx_word' id='word_1_485' title='bbox 2584 2356 2635 2408; x_wconf 87' lang='grc' dir='ltr'><strong>εί</strong></span> <span class='ocrx_word' id='word_1_486' title='bbox 2672 2354 2731 2407; x_wconf 81' lang='grc' dir='ltr'><em>δέ</em></span> <span class='ocrx_word' id='word_1_487' title='bbox 2764 2371 2870 2407; x_wconf 90' lang='grc' dir='ltr'><strong>που</strong></span> <span class='ocrx_word' id='word_1_488' title='bbox 2907 2354 3003 2406; x_wconf 68' lang='grc' dir='ltr'>καὶ</span> <span class='ocrx_word' id='word_1_489' title='bbox 3051 2353 3287 2419; x_wconf 77' lang='grc' dir='ltr'>σπάνια,</span> <span class='ocrx_word' id='word_1_490' title='bbox 3329 2355 3391 2406; x_wconf 78' lang='grc' dir='ltr'>τὸ</span> <span class='ocrx_word' id='word_1_491' title='bbox 3439 2354 3657 2425; x_wconf 81' lang='grc' dir='ltr'>ἄπορον</span> <span class='ocrx_word' id='word_1_492' title='bbox 3688 2354 3775 2407; x_wconf 79' lang='grc' dir='ltr'>οὐκ</span> 
     </span>
    </p>
   </div>
   <div class='ocr_carea' id='block_1_66' title="bbox 2199 2448 3774 2521">
    <p class='ocr_par' dir='ltr' id='par_1_66' title="bbox 2199 2448 3774 2521">
     <span class='ocr_line' id='line_1_66' title="bbox 2199 2448 3774 2521; baseline 0.001 -19"><span class='ocrx_word' id='word_1_493' title='bbox 2199 2448 2440 2502; x_wconf 87' lang='grc' dir='ltr'>ἀνίεται·</span> <span class='ocrx_word' id='word_1_494' title='bbox 2470 2448 2562 2503; x_wconf 79' lang='grc' dir='ltr'>διὰ</span> <span class='ocrx_word' id='word_1_495' title='bbox 2581 2450 2635 2503; x_wconf 89' lang='grc' dir='ltr'><strong>τί</strong></span> <span class='ocrx_word' id='word_1_496' title='bbox 2663 2450 2773 2521; x_wconf 83' lang='grc' dir='ltr'><strong>γὰρ</strong></span> <span class='ocrx_word' id='word_1_497' title='bbox 2808 2450 2883 2521; x_wconf 83' lang='grc' dir='ltr'>μὴ</span> <span class='ocrx_word' id='word_1_498' title='bbox 2907 2451 3004 2504; x_wconf 72' lang='grc' dir='ltr'>καὶ</span> <span class='ocrx_word' id='word_1_499' title='bbox 3032 2450 3102 2503; x_wconf 75' lang='grc' dir='ltr'><strong>τὰ</strong></span> <span class='ocrx_word' id='word_1_500' title='bbox 3129 2450 3265 2503; x_wconf 79' lang='grc' dir='ltr'>ἄλλα</span> <span class='ocrx_word' id='word_1_501' title='bbox 3291 2450 3427 2504; x_wconf 80' lang='grc' dir='ltr'>πολὺ</span> <span class='ocrx_word' id='word_1_502' title='bbox 3453 2450 3634 2504; x_wconf 83' lang='grc' dir='ltr'>πλείω</span> <span class='ocrx_word' id='word_1_503' title='bbox 3661 2466 3774 2519; x_wconf 72' lang='grc' dir='ltr'><strong>σιντ⁴</strong></span> 
     </span>
    </p>
   </div>
   <div class='ocr_carea' id='block_1_67' title="bbox 2197 2536 3775 2613">
    <p class='ocr_par' dir='ltr' id='par_1_67' title="bbox 2197 2536 3775 2613">
     <span class='ocr_line' id='line_1_67' title="bbox 2197 2536 3775 2613; baseline 0.002 -21"><span class='ocrx_word' id='word_1_504' title='bbox 2197 2539 2463 2609; x_wconf 86' lang='grc' dir='ltr'>χάνοντα;</span> <span class='ocrx_word' id='word_1_505' title='bbox 2492 2536 2611 2595; x_wconf 86' lang='grc' dir='ltr'>εἶτα</span> <span class='ocrx_word' id='word_1_506' title='bbox 2654 2541 2750 2594; x_wconf 78' lang='grc' dir='ltr'>καὶ</span> <span class='ocrx_word' id='word_1_507' title='bbox 2803 2541 2985 2595; x_wconf 84' lang='grc' dir='ltr'>αὐτῶν</span> <span class='ocrx_word' id='word_1_508' title='bbox 3017 2542 3126 2595; x_wconf 82' lang='grc' dir='ltr'><strong>τῶν</strong></span> <span class='ocrx_word' id='word_1_509' title='bbox 3149 2542 3201 2574; x_wconf 66' lang='grc' dir='ltr'><strong>⁸ο</strong></span> <span class='ocrx_word' id='word_1_510' title='bbox 3250 2541 3671 2613; x_wconf 76' lang='grc' dir='ltr'>μαστιζομένων</span> <span class='ocrx_word' id='word_1_511' title='bbox 3714 2542 3775 2597; x_wconf 72' lang='grc' dir='ltr'><strong>τὰ</strong></span> 
     </span>
    </p>
   </div>
   <div class='ocr_carea' id='block_1_68' title="bbox 2201 2628 3777 2704">
    <p class='ocr_par' dir='ltr' id='par_1_68' title="bbox 2201 2628 3777 2704">
     <span class='ocr_line' id='line_1_68' title="bbox 2201 2628 3777 2704; baseline 0.002 -22"><span class='ocrx_word' id='word_1_512' title='bbox 2201 2628 2302 2699; x_wconf 83' lang='grc' dir='ltr'>μὲν</span> <span class='ocrx_word' id='word_1_513' title='bbox 2334 2630 2534 2698; x_wconf 77' lang='grc' dir='ltr'>ἄλογα,</span> <span class='ocrx_word' id='word_1_514' title='bbox 2589 2630 2694 2695; x_wconf 72' lang='grc' dir='ltr'>ἕως</span> <span class='ocrx_word' id='word_1_515' title='bbox 2731 2632 2815 2697; x_wconf 63' lang='grc' dir='ltr'><strong>(ἂν</strong></span> <span class='ocrx_word' id='word_1_516' title='bbox 2854 2632 3137 2703; x_wconf 81' lang='grc' dir='ltr'>ἀνδρωθῇ,</span> <span class='ocrx_word' id='word_1_517' title='bbox 3174 2633 3451 2703; x_wconf 86' lang='grc' dir='ltr'>μαστίγων</span> <span class='ocrx_word' id='word_1_518' title='bbox 3480 2634 3777 2704; x_wconf 72' lang='grc' dir='ltr'>ἐλεύθερα,</span> 
     </span>
    </p>
   </div>
   <div class='ocr_carea' id='block_1_69' title="bbox 2198 2719 3774 2793">
    <p class='ocr_par' dir='ltr' id='par_1_69' title="bbox 2198 2719 3774 2793">
     <span class='ocr_line' id='line_1_69' title="bbox 2198 2719 3774 2793; baseline 0.003 -20"><span class='ocrx_word' id='word_1_519' title='bbox 2198 2719 2528 2792; x_wconf 84' lang='grc' dir='ltr'>ἀχθοφορεῖν</span> <span class='ocrx_word' id='word_1_520' title='bbox 2552 2722 2610 2775; x_wconf 81' lang='grc' dir='ltr'>δὲ</span> <span class='ocrx_word' id='word_1_521' title='bbox 2633 2723 2910 2793; x_wconf 88' lang='grc' dir='ltr'>ἀρχόμενα</span> <span class='ocrx_word' id='word_1_522' title='bbox 2936 2723 3348 2793; x_wconf 77' lang='grc' dir='ltr'>προσλαμϐάνει</span> <span class='ocrx_word' id='word_1_523' title='bbox 3378 2724 3556 2777; x_wconf 76' lang='grc' dir='ltr'>καὶτὸ</span> <span class='ocrx_word' id='word_1_524' title='bbox 3582 2724 3774 2777; x_wconf 84' lang='grc' dir='ltr'>τύπτε-</span> 
     </span>
    </p>
   </div>
   <div class='ocr_carea' id='block_1_70' title="bbox 2199 2812 3773 2887">
    <p class='ocr_par' dir='ltr' id='par_1_70' title="bbox 2199 2812 3773 2887">
     <span class='ocr_line' id='line_1_70' title="bbox 2199 2812 3773 2887; baseline 0.002 -21"><span class='ocrx_word' id='word_1_525' title='bbox 2199 2813 2323 2866; x_wconf 83' lang='grc' dir='ltr'>σθαι</span> <span class='ocrx_word' id='word_1_526' title='bbox 2344 2829 2360 2847; x_wconf 80' lang='grc' dir='ltr'><strong>ο</strong></span> <span class='ocrx_word' id='word_1_527' title='bbox 2391 2812 2677 2883; x_wconf 79' lang='grc' dir='ltr'>ἄνθρωπος</span> <span class='ocrx_word' id='word_1_528' title='bbox 2703 2813 2760 2867; x_wconf 83' lang='grc' dir='ltr'>δὲ</span> <span class='ocrx_word' id='word_1_529' title='bbox 2797 2814 2856 2866; x_wconf 82' lang='grc' dir='ltr'>ὲν</span> <span class='ocrx_word' id='word_1_530' title='bbox 2907 2816 3067 2869; x_wconf 70' lang='grc' dir='ltr'><strong>παισ)⁸</strong></span> <span class='ocrx_word' id='word_1_531' title='bbox 3098 2815 3197 2887; x_wconf 84' lang='grc' dir='ltr'>μὲν</span> <span class='ocrx_word' id='word_1_532' title='bbox 3227 2813 3304 2868; x_wconf 84' lang='grc' dir='ltr'><strong>ὢν</strong></span> <span class='ocrx_word' id='word_1_533' title='bbox 3335 2815 3534 2886; x_wconf 83' lang='grc' dir='ltr'>μᾶλλον</span> <span class='ocrx_word' id='word_1_534' title='bbox 3583 2817 3773 2887; x_wconf 82' lang='grc' dir='ltr'>μαστί-</span> 
     </span>
    </p>
   </div>
   <div class='ocr_carea' id='block_1_71' title="bbox 2196 2904 3770 2978">
    <p class='ocr_par' dir='ltr' id='par_1_71' title="bbox 2196 2904 3770 2978">
     <span class='ocr_line' id='line_1_71' title="bbox 2196 2904 3770 2978; baseline 0.004 -22"><span class='ocrx_word' id='word_1_535' title='bbox 2196 2904 2387 2969; x_wconf 82' lang='grc' dir='ltr'>ζεται,</span> <span class='ocrx_word' id='word_1_536' title='bbox 2438 2905 2606 2976; x_wconf 74' lang='grc' dir='ltr'>ἄνδρα</span> <span class='ocrx_word' id='word_1_537' title='bbox 2654 2906 2713 2959; x_wconf 80' lang='grc' dir='ltr'>δὲ</span> <span class='ocrx_word' id='word_1_538' title='bbox 2756 2905 2856 2971; x_wconf 81' lang='grc' dir='ltr'>τῆς</span> <span class='ocrx_word' id='word_1_539' title='bbox 2909 2905 3133 2977; x_wconf 78' lang='grc' dir='ltr'>ἡλικίας</span> <span class='ocrx_word' id='word_1_540' title='bbox 3187 2906 3355 2960; x_wconf 78' lang='grc' dir='ltr'>αὐτὸν</span> <span class='ocrx_word' id='word_1_541' title='bbox 3400 2907 3698 2977; x_wconf 84' lang='grc' dir='ltr'>δεικνύσης</span> <span class='ocrx_word' id='word_1_542' title='bbox 3740 2908 3770 2978; x_wconf 81' lang='grc' dir='ltr'><strong>ἦ</strong></span> 
     </span>
    </p>
   </div>
   <div class='ocr_carea' id='block_1_72' title="bbox 2190 2997 3773 3070">
    <p class='ocr_par' dir='ltr' id='par_1_72' title="bbox 2190 2997 3773 3070">
     <span class='ocr_line' id='line_1_72' title="bbox 2190 2997 3773 3070; baseline -0.001 -17"><span class='ocrx_word' id='word_1_543' title='bbox 2190 2998 2446 3067; x_wconf 82' lang='grc' dir='ltr'>οὐδαμῶς</span> <span class='ocrx_word' id='word_1_544' title='bbox 2472 2999 2505 3070; x_wconf 81' lang='grc' dir='ltr'>ἢ</span> <span class='ocrx_word' id='word_1_545' title='bbox 2529 2998 2616 3052; x_wconf 77' lang='grc' dir='ltr'><strong>ἐπ’</strong></span> <span class='ocrx_word' id='word_1_546' title='bbox 2642 2998 2861 3052; x_wconf 74' lang='grc' dir='ltr'>ἔλαττον</span> <span class='ocrx_word' id='word_1_547' title='bbox 2894 2997 2999 3051; x_wconf 79' lang='grc' dir='ltr'><strong>ὑπὸ</strong></span> <span class='ocrx_word' id='word_1_548' title='bbox 3043 2997 3312 3068; x_wconf 90' lang='grc' dir='ltr'>μάστιγας</span> <span class='ocrx_word' id='word_1_549' title='bbox 3345 2998 3569 3067; x_wconf 73' lang='grc' dir='ltr'>ἄγεται.</span> <span class='ocrx_word' id='word_1_550' title='bbox 3603 3000 3706 3051; x_wconf 84' lang='grc' dir='ltr'>Διά</span> <span class='ocrx_word' id='word_1_551' title='bbox 3727 3001 3773 3052; x_wconf 66' lang='grc' dir='ltr'><strong>τί</strong></span> 
     </span>
    </p>
   </div>
   <div class='ocr_carea' id='block_1_73' title="bbox 2194 3091 3771 3163">
    <p class='ocr_par' dir='ltr' id='par_1_73' title="bbox 2194 3091 3771 3163">
     <span class='ocr_line' id='line_1_73' title="bbox 2194 3091 3771 3163; baseline 0.001 -17"><span class='ocrx_word' id='word_1_552' title='bbox 2194 3091 2255 3146; x_wconf 80' lang='grc' dir='ltr'>δὲ</span> <span class='ocrx_word' id='word_1_553' title='bbox 2284 3091 2550 3163; x_wconf 79' lang='grc' dir='ltr'>κάστορες</span> <span class='ocrx_word' id='word_1_554' title='bbox 2586 3092 2685 3161; x_wconf 81' lang='grc' dir='ltr'>μὲν</span> <span class='ocrx_word' id='word_1_555' title='bbox 2735 3092 2832 3145; x_wconf 74' lang='grc' dir='ltr'>καὶ</span> <span class='ocrx_word' id='word_1_556' title='bbox 2887 3091 2981 3155; x_wconf 80' lang='grc' dir='ltr'>ὕες</span> <span class='ocrx_word' id='word_1_557' title='bbox 3018 3092 3111 3145; x_wconf 77' lang='grc' dir='ltr'>καὶ</span> <span class='ocrx_word' id='word_1_558' title='bbox 3154 3091 3511 3162; x_wconf 87' lang='grc' dir='ltr'>ἀλεκτρυόνες</span> <span class='ocrx_word' id='word_1_559' title='bbox 3553 3093 3658 3146; x_wconf 79' lang='grc' dir='ltr'>καὶ</span> <span class='ocrx_word' id='word_1_560' title='bbox 3687 3094 3771 3147; x_wconf 70' lang='grc' dir='ltr'><strong>ἄνν</strong></span> 
     </span>
    </p>
   </div>
   <div class='ocr_carea' id='block_1_74' title="bbox 2199 3182 3774 3253">
    <p class='ocr_par' dir='ltr' id='par_1_74' title="bbox 2199 3182 3774 3253">
     <span class='ocr_line' id='line_1_74' title="bbox 2199 3182 3774 3253; baseline 0.001 -17"><span class='ocrx_word' id='word_1_561' title='bbox 2199 3182 2414 3253; x_wconf 87' lang='grc' dir='ltr'>θρωποι</span> <span class='ocrx_word' id='word_1_562' title='bbox 2442 3182 2537 3235; x_wconf 79' lang='grc' dir='ltr'>καὶ</span> <span class='ocrx_word' id='word_1_563' title='bbox 2574 3183 2731 3236; x_wconf 78' lang='grc' dir='ltr'>ἵπποι</span> <span class='ocrx_word' id='word_1_564' title='bbox 2752 3224 2766 3248; x_wconf 92' lang='grc'><strong>,</strong></span> <span class='ocrx_word' id='word_1_565' title='bbox 2790 3182 2890 3236; x_wconf 81' lang='grc' dir='ltr'>καὶ</span> <span class='ocrx_word' id='word_1_566' title='bbox 2917 3182 2971 3235; x_wconf 84' lang='grc' dir='ltr'><strong>εί</strong></span> <span class='ocrx_word' id='word_1_567' title='bbox 2993 3199 3048 3236; x_wconf 87' lang='grc' dir='ltr'><strong>τι</strong></span> <span class='ocrx_word' id='word_1_568' title='bbox 3077 3182 3207 3237; x_wconf 81' lang='grc' dir='ltr'>ἀλλο</span> <span class='ocrx_word' id='word_1_569' title='bbox 3233 3183 3526 3238; x_wconf 81' lang='grc' dir='ltr'>ὑπόλοιπον</span> <span class='ocrx_word' id='word_1_570' title='bbox 3545 3226 3561 3249; x_wconf 91' lang='grc'><strong>,</strong></span> <span class='ocrx_word' id='word_1_571' title='bbox 3589 3184 3658 3236; x_wconf 84' lang='grc' dir='ltr'>τὸ</span> <span class='ocrx_word' id='word_1_572' title='bbox 3690 3201 3774 3251; x_wconf 58' lang='grc' dir='ltr'>γε’</span> 
     </span>
    </p>
   </div>
   <div class='ocr_carea' id='block_1_75' title="bbox 2198 3273 3773 3349">
    <p class='ocr_par' dir='ltr' id='par_1_75' title="bbox 2198 3273 3773 3349">
     <span class='ocr_line' id='line_1_75' title="bbox 2198 3273 3773 3349; baseline 0.001 -20"><span class='ocrx_word' id='word_1_573' title='bbox 2198 3276 2514 3347; x_wconf 81' lang='grc' dir='ltr'>νεσιουργὸν</span> <span class='ocrx_word' id='word_1_574' title='bbox 2552 3274 2643 3328; x_wconf 82' lang='grc' dir='ltr'><strong>ὑπ’</strong></span> <span class='ocrx_word' id='word_1_575' title='bbox 2665 3273 2968 3347; x_wconf 79' lang='grc' dir='ltr'>ἀνθρώπων</span> <span class='ocrx_word' id='word_1_576' title='bbox 3004 3276 3369 3347; x_wconf 77' lang='grc' dir='ltr'>ἀποτέμνεται</span> <span class='ocrx_word' id='word_1_577' title='bbox 3390 3316 3406 3340; x_wconf 83' lang='grc'><strong>,</strong></span> <span class='ocrx_word' id='word_1_578' title='bbox 3428 3276 3531 3330; x_wconf 74' lang='grc' dir='ltr'>καὶ</span> <span class='ocrx_word' id='word_1_579' title='bbox 3564 3278 3773 3349; x_wconf 82' lang='grc' dir='ltr'>σίδηρος</span> 
     </span>
    </p>
   </div>
   <div class='ocr_carea' id='block_1_76' title="bbox 2198 3367 3770 3437">
    <p class='ocr_par' dir='ltr' id='par_1_76' title="bbox 2198 3367 3770 3437">
     <span class='ocr_line' id='line_1_76' title="bbox 2198 3367 3770 3437; baseline 0 -15"><span class='ocrx_word' id='word_1_580' title='bbox 2198 3368 2381 3433; x_wconf 84' lang='grc' dir='ltr'>αὐτοῖς</span> <span class='ocrx_word' id='word_1_581' title='bbox 2410 3368 2530 3422; x_wconf 74' lang='grc' dir='ltr'>ἀντὶ</span> <span class='ocrx_word' id='word_1_582' title='bbox 2580 3368 2930 3435; x_wconf 83' lang='grc' dir='ltr'>παιδογονίας</span> <span class='ocrx_word' id='word_1_583' title='bbox 2962 3367 3173 3434; x_wconf 78' lang='grc' dir='ltr'>δικάζει</span> <span class='ocrx_word' id='word_1_584' title='bbox 3209 3370 3271 3423; x_wconf 81' lang='grc' dir='ltr'>τὸ</span> <span class='ocrx_word' id='word_1_585' title='bbox 3316 3370 3544 3437; x_wconf 72' lang='grc' dir='ltr'>ἄγονον,</span> <span class='ocrx_word' id='word_1_586' title='bbox 3610 3370 3683 3424; x_wconf 81' lang='grc' dir='ltr'><strong>τά</strong></span> <span class='ocrx_word' id='word_1_587' title='bbox 3729 3371 3770 3422; x_wconf 77' lang='grc' dir='ltr'>δ’</span> 
     </span>
    </p>
   </div>
   <div class='ocr_carea' id='block_1_77' title="bbox 2195 3458 3773 3531">
    <p class='ocr_par' dir='ltr' id='par_1_77' title="bbox 2195 3458 3773 3531">
     <span class='ocr_line' id='line_1_77' title="bbox 2195 3458 3773 3531; baseline -0.001 -16"><span class='ocrx_word' id='word_1_588' title='bbox 2195 3460 2333 3515; x_wconf 81' lang='grc' dir='ltr'>ἄλλα</span> <span class='ocrx_word' id='word_1_589' title='bbox 2361 3459 2470 3514; x_wconf 88' lang='grc' dir='ltr'><strong>τῶν</strong></span> <span class='ocrx_word' id='word_1_590' title='bbox 2512 3458 2667 3522; x_wconf 82' lang='grc' dir='ltr'>ζώων</span> <span class='ocrx_word' id='word_1_591' title='bbox 2704 3460 2805 3529; x_wconf 84' lang='grc' dir='ltr'>τὴν</span> <span class='ocrx_word' id='word_1_592' title='bbox 2830 3459 2939 3513; x_wconf 84' lang='grc' dir='ltr'>ἀπὸ</span> <span class='ocrx_word' id='word_1_593' title='bbox 2982 3459 3092 3514; x_wconf 87' lang='grc' dir='ltr'><strong>τῶν</strong></span> <span class='ocrx_word' id='word_1_594' title='bbox 3129 3459 3346 3531; x_wconf 77' lang='grc' dir='ltr'>ἄστρων</span> <span class='ocrx_word' id='word_1_595' title='bbox 3379 3460 3632 3529; x_wconf 82' lang='grc' dir='ltr'>ἀνάγκην</span> <span class='ocrx_word' id='word_1_596' title='bbox 3660 3462 3773 3515; x_wconf 72' lang='grc' dir='ltr'>ἀντὶ</span> 
     </span>
    </p>
   </div>
   <div class='ocr_carea' id='block_1_78' title="bbox 2193 3549 3769 3621">
    <p class='ocr_par' dir='ltr' id='par_1_78' title="bbox 2193 3549 3769 3621">
     <span class='ocr_line' id='line_1_78' title="bbox 2193 3549 3769 3621; baseline 0.001 -18"><span class='ocrx_word' id='word_1_597' title='bbox 2193 3549 2290 3603; x_wconf 80' lang='grc' dir='ltr'>τοῦ</span> <span class='ocrx_word' id='word_1_598' title='bbox 2331 3549 2610 3605; x_wconf 79' lang='grc' dir='ltr'>σινοῦσθαι</span> <span class='ocrx_word' id='word_1_599' title='bbox 2648 3549 2969 3620; x_wconf 83' lang='grc' dir='ltr'>γελωμένην</span> <span class='ocrx_word' id='word_1_600' title='bbox 3000 3549 3428 3617; x_wconf 84' lang='grc' dir='ltr'>καταλείπουσι;</span> <span class='ocrx_word' id='word_1_601' title='bbox 3478 3551 3533 3604; x_wconf 87' lang='grc' dir='ltr'><strong>τί</strong></span> <span class='ocrx_word' id='word_1_602' title='bbox 3577 3551 3769 3621; x_wconf 79' lang='grc' dir='ltr'>δήποτε</span> 
     </span>
    </p>
   </div>
   <div class='ocr_carea' id='block_1_79' title="bbox 2194 3640 3770 3713">
    <p class='ocr_par' dir='ltr' id='par_1_79' title="bbox 2194 3640 3770 3713">
     <span class='ocr_line' id='line_1_79' title="bbox 2194 3640 3770 3713; baseline 0.001 -18"><span class='ocrx_word' id='word_1_603' title='bbox 2194 3642 2253 3695; x_wconf 87' lang='grc' dir='ltr'>δὲ</span> <span class='ocrx_word' id='word_1_604' title='bbox 2275 3642 2374 3711; x_wconf 85' lang='grc' dir='ltr'>τῆς</span> <span class='ocrx_word' id='word_1_605' title='bbox 2403 3640 2577 3710; x_wconf 75' lang='grc' dir='ltr'>αὐτῆς</span> <span class='ocrx_word' id='word_1_606' title='bbox 2611 3640 2973 3712; x_wconf 85' lang='grc' dir='ltr'>ἀστροθεσίας</span> <span class='ocrx_word' id='word_1_607' title='bbox 3002 3641 3094 3695; x_wconf 85' lang='grc' dir='ltr'>τὸν</span> <span class='ocrx_word' id='word_1_608' title='bbox 3122 3641 3286 3695; x_wconf 79' lang='grc' dir='ltr'>αὐτὸν</span> <span class='ocrx_word' id='word_1_609' title='bbox 3313 3643 3513 3713; x_wconf 89' lang='grc' dir='ltr'>δρόμον</span> <span class='ocrx_word' id='word_1_610' title='bbox 3543 3643 3770 3713; x_wconf 75' lang='grc' dir='ltr'>ἐχούσης</span> 
     </span>
    </p>
   </div>
   <div class='ocr_carea' id='block_1_80' title="bbox 2198 3733 3769 3803">
    <p class='ocr_par' dir='ltr' id='par_1_80' title="bbox 2198 3733 3769 3803">
     <span class='ocr_line' id='line_1_80' title="bbox 2198 3733 3769 3803; baseline 0.002 -17"><span class='ocrx_word' id='word_1_611' title='bbox 2198 3733 2343 3801; x_wconf 87' lang='grc' dir='ltr'><strong>φυτά</strong></span> <span class='ocrx_word' id='word_1_612' title='bbox 2376 3733 2475 3803; x_wconf 87' lang='grc' dir='ltr'>μὲν</span> <span class='ocrx_word' id='word_1_613' title='bbox 2499 3733 2941 3803; x_wconf 83' lang='grc' dir='ltr'>περιτεμνόμενα</span> <span class='ocrx_word' id='word_1_614' title='bbox 2986 3733 3149 3787; x_wconf 88' lang='grc' dir='ltr'>πάλιν</span> <span class='ocrx_word' id='word_1_615' title='bbox 3191 3733 3345 3800; x_wconf 80' lang='grc' dir='ltr'>αῦξει</span> <span class='ocrx_word' id='word_1_616' title='bbox 3376 3734 3604 3800; x_wconf 87' lang='grc' dir='ltr'>κλάδους</span> <span class='ocrx_word' id='word_1_617' title='bbox 3627 3776 3642 3798; x_wconf 87' lang='grc'><strong>.</strong></span> <span class='ocrx_word' id='word_1_618' title='bbox 3683 3737 3769 3789; x_wconf 77' lang='grc' dir='ltr'>καὶ</span> 
     </span>
    </p>
   </div>
   <div class='ocr_carea' id='block_1_81' title="bbox 2194 3823 3768 3898">
    <p class='ocr_par' dir='ltr' id='par_1_81' title="bbox 2194 3823 3768 3898">
     <span class='ocr_line' id='line_1_81' title="bbox 2194 3823 3768 3898; baseline 0.002 -19"><span class='ocrx_word' id='word_1_619' title='bbox 2194 3824 2618 3896; x_wconf 82' lang='grc' dir='ltr'>περικειρομένη</span> <span class='ocrx_word' id='word_1_620' title='bbox 2646 3823 2844 3896; x_wconf 85' lang='grc' dir='ltr'>βοτάνη</span> <span class='ocrx_word' id='word_1_621' title='bbox 2878 3823 3089 3896; x_wconf 81' lang='grc' dir='ltr'>ἀνίσχει</span> <span class='ocrx_word' id='word_1_622' title='bbox 3115 3824 3214 3897; x_wconf 81' lang='grc' dir='ltr'>τὴν</span> <span class='ocrx_word' id='word_1_623' title='bbox 3248 3827 3371 3898; x_wconf 85' lang='grc' dir='ltr'>ίσην</span> <span class='ocrx_word' id='word_1_624' title='bbox 3399 3826 3432 3897; x_wconf 82' lang='grc' dir='ltr'>ἢ</span> <span class='ocrx_word' id='word_1_625' title='bbox 3465 3828 3559 3880; x_wconf 64' lang='grc' dir='ltr'><strong>καὶ⁵</strong></span> <span class='ocrx_word' id='word_1_626' title='bbox 3593 3828 3768 3882; x_wconf 83' lang='grc' dir='ltr'>πλείο-</span> 
     </span>
    </p>
   </div>
   <div class='ocr_carea' id='block_1_82' title="bbox 2194 3915 3770 3988">
    <p class='ocr_par' dir='ltr' id='par_1_82' title="bbox 2194 3915 3770 3988">
     <span class='ocr_line' id='line_1_82' title="bbox 2194 3915 3770 3988; baseline 0 -17"><span class='ocrx_word' id='word_1_627' title='bbox 2194 3934 2288 3982; x_wconf 90' lang='grc' dir='ltr'><strong>να,</strong></span> <span class='ocrx_word' id='word_1_628' title='bbox 2322 3916 2402 3987; x_wconf 87' lang='grc' dir='ltr'>τῷ</span> <span class='ocrx_word' id='word_1_629' title='bbox 2424 3916 2482 3969; x_wconf 80' lang='grc' dir='ltr'>δὲ</span> <span class='ocrx_word' id='word_1_630' title='bbox 2521 3915 2647 3987; x_wconf 80' lang='grc' dir='ltr'>ζώῳ</span> <span class='ocrx_word' id='word_1_631' title='bbox 2677 3916 2742 3982; x_wconf 75' lang='grc'><strong>⁸⁸,</strong></span> <span class='ocrx_word' id='word_1_632' title='bbox 2777 3918 2830 3970; x_wconf 83' lang='grc' dir='ltr'><strong>εί</strong></span> <span class='ocrx_word' id='word_1_633' title='bbox 2847 3934 2900 3970; x_wconf 87' lang='grc' dir='ltr'><strong>τι</strong></span> <span class='ocrx_word' id='word_1_634' title='bbox 2923 3916 3033 3969; x_wconf 85' lang='grc' dir='ltr'><strong>τῶν</strong></span> <span class='ocrx_word' id='word_1_635' title='bbox 3058 3916 3235 3987; x_wconf 91' lang='grc' dir='ltr'>μελῶν</span> <span class='ocrx_word' id='word_1_636' title='bbox 3253 3922 3526 3988; x_wconf 81' lang='grc' dir='ltr'>περικοπῇ</span> <span class='ocrx_word' id='word_1_637' title='bbox 3543 3961 3559 3985; x_wconf 84' lang='grc'><strong>,</strong></span> <span class='ocrx_word' id='word_1_638' title='bbox 3580 3918 3770 3988; x_wconf 77' lang='grc' dir='ltr'>ὀφθαλο</span> 
     </span>
    </p>
   </div>
   <div class='ocr_carea' id='block_1_83' title="bbox 2195 4002 3769 4079">
    <p class='ocr_par' dir='ltr' id='par_1_83' title="bbox 2195 4002 3769 4079">
     <span class='ocr_line' id='line_1_83' title="bbox 2195 4002 3769 4079; baseline 0.004 -25"><span class='ocrx_word' id='word_1_639' title='bbox 2195 4002 2297 4073; x_wconf 82' lang='grc' dir='ltr'>μὸν</span> <span class='ocrx_word' id='word_1_640' title='bbox 2322 4002 2357 4073; x_wconf 83' lang='grc' dir='ltr'>ἦ</span> <span class='ocrx_word' id='word_1_641' title='bbox 2386 4004 2510 4073; x_wconf 80' lang='grc' dir='ltr'>ῥῖνα</span> <span class='ocrx_word' id='word_1_642' title='bbox 2533 4003 2568 4074; x_wconf 82' lang='grc' dir='ltr'>ἢ</span> <span class='ocrx_word' id='word_1_643' title='bbox 2595 4002 2898 4073; x_wconf 65' lang='grc' dir='ltr'>δάκτυλονι,</span> <span class='ocrx_word' id='word_1_644' title='bbox 2922 4005 3075 4058; x_wconf 80' lang='grc' dir='ltr'>οὐδὲν</span> <span class='ocrx_word' id='word_1_645' title='bbox 3098 4007 3131 4073; x_wconf 85' lang='grc' dir='ltr'>ἡ</span> <span class='ocrx_word' id='word_1_646' title='bbox 3163 4006 3471 4077; x_wconf 79' lang='grc' dir='ltr'>εἱμαρμένη</span> <span class='ocrx_word' id='word_1_647' title='bbox 3507 4008 3645 4078; x_wconf 78' lang='grc' dir='ltr'>πρὸς</span> <span class='ocrx_word' id='word_1_648' title='bbox 3679 4007 3769 4079; x_wconf 77' lang='grc' dir='ltr'>τὴν</span> 
     </span>
    </p>
   </div>
   <div class='ocr_carea' id='block_1_84' title="bbox 2194 4091 3769 4169">
    <p class='ocr_par' dir='ltr' id='par_1_84' title="bbox 2194 4091 3769 4169">
     <span class='ocr_line' id='line_1_84' title="bbox 2194 4091 3769 4169; baseline 0.003 -24"><span class='ocrx_word' id='word_1_649' title='bbox 2194 4091 2291 4146; x_wconf 79' lang='grc' dir='ltr'><strong>τοῦ</strong></span> <span class='ocrx_word' id='word_1_650' title='bbox 2326 4093 2523 4163; x_wconf 79' lang='grc' dir='ltr'>μέλους</span> <span class='ocrx_word' id='word_1_651' title='bbox 2554 4093 2825 4162; x_wconf 79' lang='grc' dir='ltr'>άνάφυσιν</span> <span class='ocrx_word' id='word_1_652' title='bbox 2862 4094 3334 4165; x_wconf 76' lang='grc' dir='ltr'>συλλαμϐάνεται;</span> <span class='ocrx_word' id='word_1_653' title='bbox 3368 4098 3548 4152; x_wconf 88' lang='grc' dir='ltr'>καίτοι</span> <span class='ocrx_word' id='word_1_654' title='bbox 3572 4098 3769 4169; x_wconf 82' lang='grc' dir='ltr'>ταύτην</span> 
     </span>
    </p>
   </div>
   <div class='ocr_carea' id='block_1_85' title="bbox 2192 4182 3765 4259">
    <p class='ocr_par' dir='ltr' id='par_1_85' title="bbox 2192 4182 3765 4259">
     <span class='ocr_line' id='line_1_85' title="bbox 2192 4182 3765 4259; baseline 0.004 -22"><span class='ocrx_word' id='word_1_655' title='bbox 2192 4182 2507 4247; x_wconf 80' lang='grc' dir='ltr'>καθίζουσιν</span> <span class='ocrx_word' id='word_1_656' title='bbox 2535 4184 2763 4248; x_wconf 76' lang='grc' dir='ltr'>ἐκείνοις</span> <span class='ocrx_word' id='word_1_657' title='bbox 2790 4185 3154 4257; x_wconf 80' lang='grc' dir='ltr'>χαριζομένην</span> <span class='ocrx_word' id='word_1_658' title='bbox 3198 4186 3341 4259; x_wconf 74' lang='grc' dir='ltr'>ἅπερ</span> <span class='ocrx_word' id='word_1_659' title='bbox 3369 4188 3617 4256; x_wconf 83' lang='grc' dir='ltr'>ἀφεῖλεν,</span> <span class='ocrx_word' id='word_1_660' title='bbox 3660 4188 3765 4242; x_wconf 83' lang='grc' dir='ltr'>ἀλλ’</span> 
     </span>
    </p>
   </div>
   <div class='ocr_carea' id='block_1_86' title="bbox 2193 4272 3769 4346">
    <p class='ocr_par' dir='ltr' id='par_1_86' title="bbox 2193 4272 3769 4346">
     <span class='ocr_line' id='line_1_86' title="bbox 2193 4272 3769 4346; baseline 0.004 -21"><span class='ocrx_word' id='word_1_661' title='bbox 2193 4272 2318 4342; x_wconf 81' lang='grc' dir='ltr'>οὐχὶ</span> <span class='ocrx_word' id='word_1_662' title='bbox 2352 4274 2450 4344; x_wconf 81' lang='grc' dir='ltr'>τῆς</span> <span class='ocrx_word' id='word_1_663' title='bbox 2478 4274 2693 4343; x_wconf 82' lang='grc' dir='ltr'>φύσεως</span> <span class='ocrx_word' id='word_1_664' title='bbox 2722 4275 2784 4327; x_wconf 87' lang='grc' dir='ltr'>τὸ</span> <span class='ocrx_word' id='word_1_665' title='bbox 2816 4275 3031 4346; x_wconf 89' lang='grc' dir='ltr'>ίδίωμα.</span> <span class='ocrx_word' id='word_1_666' title='bbox 3060 4277 3204 4331; x_wconf 62' lang='lat' dir='ltr'><strong>Ait-ro</strong></span> <span class='ocrx_word' id='word_1_667' title='bbox 3232 4277 3289 4331; x_wconf 83' lang='grc' dir='ltr'>δὲ</span> <span class='ocrx_word' id='word_1_668' title='bbox 3319 4277 3483 4332; x_wconf 80' lang='grc' dir='ltr'>τοῦτο</span> <span class='ocrx_word' id='word_1_669' title='bbox 3509 4279 3590 4342; x_wconf 85' lang='grc' dir='ltr'><strong>τίς</strong></span> <span class='ocrx_word' id='word_1_670' title='bbox 3612 4279 3769 4332; x_wconf 65' lang='lat' dir='ltr'><strong>ams.</strong></span> 
     </span>
    </p>
   </div>
   <div class='ocr_carea' id='block_1_87' title="bbox 2196 4366 3766 4437">
    <p class='ocr_par' dir='ltr' id='par_1_87' title="bbox 2196 4366 3766 4437">
     <span class='ocr_line' id='line_1_87' title="bbox 2196 4366 3766 4437; baseline -0.001 -16"><span class='ocrx_word' id='word_1_671' title='bbox 2196 4385 2305 4437; x_wconf 90' lang='grc' dir='ltr'><strong>ρων</strong></span> <span class='ocrx_word' id='word_1_672' title='bbox 2334 4366 2549 4435; x_wconf 86' lang='grc' dir='ltr'>κίνησις</span> <span class='ocrx_word' id='word_1_673' title='bbox 2576 4366 2672 4419; x_wconf 80' lang='grc' dir='ltr'>καὶ</span> <span class='ocrx_word' id='word_1_674' title='bbox 2703 4366 2888 4437; x_wconf 84' lang='grc' dir='ltr'>σχῆμα</span> <span class='ocrx_word' id='word_1_675' title='bbox 2906 4367 2976 4420; x_wconf 80' lang='grc' dir='ltr'>τὰ</span> <span class='ocrx_word' id='word_1_676' title='bbox 3003 4366 3105 4437; x_wconf 82' lang='grc' dir='ltr'>μὲν</span> <span class='ocrx_word' id='word_1_677' title='bbox 3136 4369 3215 4431; x_wconf 85' lang='grc' dir='ltr'><strong>είς</strong></span> <span class='ocrx_word' id='word_1_678' title='bbox 3244 4368 3479 4436; x_wconf 85' lang='grc' dir='ltr'>ἀλόγους</span> <span class='ocrx_word' id='word_1_679' title='bbox 3508 4370 3574 4422; x_wconf 83' lang='grc' dir='ltr'><strong>τά</strong></span> <span class='ocrx_word' id='word_1_680' title='bbox 3593 4369 3653 4421; x_wconf 76' lang='grc' dir='ltr'>δὲ</span> <span class='ocrx_word' id='word_1_681' title='bbox 3691 4369 3766 4432; x_wconf 85' lang='grc' dir='ltr'><strong>είς</strong></span> 
     </span>
    </p>
   </div>
   <div class='ocr_carea' id='block_1_88' title="bbox 2191 4456 3765 4529">
    <p class='ocr_par' dir='ltr' id='par_1_88' title="bbox 2191 4456 3765 4529">
     <span class='ocr_line' id='line_1_88' title="bbox 2191 4456 3765 4529; baseline 0.003 -20"><span class='ocrx_word' id='word_1_682' title='bbox 2191 4457 2440 4525; x_wconf 83' lang='grc' dir='ltr'>λογικοὺς</span> <span class='ocrx_word' id='word_1_683' title='bbox 2461 4456 2791 4527; x_wconf 84' lang='grc' dir='ltr'>διεκλήρωσε</span> <span class='ocrx_word' id='word_1_684' title='bbox 2818 4474 2835 4522; x_wconf 88' lang='grc'><strong>;</strong></span> <span class='ocrx_word' id='word_1_685' title='bbox 2882 4458 2966 4520; x_wconf 84' lang='grc' dir='ltr'><strong>τίς</strong></span> <span class='ocrx_word' id='word_1_686' title='bbox 2994 4458 3051 4510; x_wconf 85' lang='grc' dir='ltr'>δὲ</span> <span class='ocrx_word' id='word_1_687' title='bbox 3082 4457 3172 4511; x_wconf 78' lang='grc' dir='ltr'><strong>ὑσὶ</strong></span> <span class='ocrx_word' id='word_1_688' title='bbox 3204 4459 3303 4528; x_wconf 82' lang='grc' dir='ltr'>μὲν</span> <span class='ocrx_word' id='word_1_689' title='bbox 3324 4462 3420 4512; x_wconf 78' lang='grc' dir='ltr'>καὶ</span> <span class='ocrx_word' id='word_1_690' title='bbox 3454 4460 3765 4529; x_wconf 80' lang='grc' dir='ltr'>ἀλεκτρυόσι</span> 
     </span>
    </p>
   </div>
   <div class='ocr_carea' id='block_1_89' title="bbox 520 4546 2091 4631">
    <p class='ocr_par' dir='ltr' id='par_1_89' title="bbox 520 4560 2081 4631">
     <span class='ocr_line' id='line_1_89' title="bbox 520 4560 2081 4631; baseline 0.003 -17"><span class='ocrx_word' id='word_1_691' title='bbox 520 4564 615 4615; x_wconf 88' lang='lat' dir='ltr'><strong>tim</strong></span> <span class='ocrx_word' id='word_1_692' title='bbox 673 4561 1001 4630; x_wconf 66' lang='lat' dir='ltr'><strong>hominibus</strong></span> <span class='ocrx_word' id='word_1_693' title='bbox 1033 4561 1337 4617; x_wconf 88' lang='lat' dir='ltr'><strong>distribuit.</strong></span> <span class='ocrx_word' id='word_1_694' title='bbox 1407 4560 1526 4617; x_wconf 86' lang='lat' dir='ltr'><strong>Jam</strong></span> <span class='ocrx_word' id='word_1_695' title='bbox 1591 4577 1719 4617; x_wconf 89' lang='lat' dir='ltr'><strong>vero</strong></span> <span class='ocrx_word' id='word_1_696' title='bbox 1757 4563 1882 4631; x_wconf 89' lang='lat' dir='ltr'><strong>quis</strong></span> <span class='ocrx_word' id='word_1_697' title='bbox 1931 4578 2081 4630; x_wconf 88' lang='lat' dir='ltr'><strong>sues,</strong></span> 
     </span>
    </p>
   </div>
   <div class='ocr_carea' id='block_1_90' title="bbox 2197 4546 3761 4631">
    <p class='ocr_par' dir='ltr' id='par_1_90' title="bbox 2197 4546 3761 4620">
     <span class='ocr_line' id='line_1_90' title="bbox 2197 4546 3761 4620; baseline 0.003 -18"><span class='ocrx_word' id='word_1_698' title='bbox 2197 4547 2289 4602; x_wconf 76' lang='grc' dir='ltr'>καὶ</span> <span class='ocrx_word' id='word_1_699' title='bbox 2325 4546 2439 4612; x_wconf 75' lang='grc' dir='ltr'><strong>αἰξὶ</strong></span> <span class='ocrx_word' id='word_1_700' title='bbox 2466 4549 2562 4600; x_wconf 58' lang='grc' dir='ltr'><strong>κα)⁸</strong></span> <span class='ocrx_word' id='word_1_701' title='bbox 2595 4546 2788 4617; x_wconf 77' lang='grc' dir='ltr'>βουσὶ,</span> <span class='ocrx_word' id='word_1_702' title='bbox 2813 4549 2909 4601; x_wconf 76' lang='grc' dir='ltr'>καὶ</span> <span class='ocrx_word' id='word_1_703' title='bbox 2942 4549 2996 4603; x_wconf 83' lang='grc' dir='ltr'><strong>εῖ</strong></span> <span class='ocrx_word' id='word_1_704' title='bbox 3021 4566 3074 4602; x_wconf 87' lang='grc' dir='ltr'><strong>τι</strong></span> <span class='ocrx_word' id='word_1_705' title='bbox 3093 4549 3305 4615; x_wconf 86' lang='grc' dir='ltr'>τούτοις</span> <span class='ocrx_word' id='word_1_706' title='bbox 3332 4551 3546 4620; x_wconf 84' lang='grc' dir='ltr'>ὅμοιον,</span> <span class='ocrx_word' id='word_1_707' title='bbox 3565 4550 3652 4603; x_wconf 83' lang='grc' dir='ltr'><strong>τὸν</strong></span> <span class='ocrx_word' id='word_1_708' title='bbox 3681 4551 3761 4607; x_wconf 73' lang='grc' dir='ltr'><strong>διὰ</strong></span> 
     </span>
    </p>
   </div>
   <div class='ocr_carea' id='block_1_91' title="bbox 516 4639 2091 4724">
    <p class='ocr_par' dir='ltr' id='par_1_91' title="bbox 516 4652 2089 4724">
     <span class='ocr_line' id='line_1_91' title="bbox 516 4652 2089 4724; baseline 0.003 -19"><span class='ocrx_word' id='word_1_709' title='bbox 516 4653 681 4723; x_wconf 87' lang='lat' dir='ltr'><strong>gallos</strong></span> <span class='ocrx_word' id='word_1_710' title='bbox 725 4652 1075 4724; x_wconf 75' lang='lat' dir='ltr'><strong>gallinaceos,</strong></span> <span class='ocrx_word' id='word_1_711' title='bbox 1118 4668 1335 4723; x_wconf 86' lang='lat' dir='ltr'><strong>capras,</strong></span> <span class='ocrx_word' id='word_1_712' title='bbox 1367 4654 1559 4719; x_wconf 89' lang='lat' dir='ltr'><strong>boves,</strong></span> <span class='ocrx_word' id='word_1_713' title='bbox 1614 4662 1671 4709; x_wconf 91' lang='lat' dir='ltr'><strong>et</strong></span> <span class='ocrx_word' id='word_1_714' title='bbox 1716 4654 1763 4709; x_wconf 91' lang='lat' dir='ltr'><strong>si</strong></span> <span class='ocrx_word' id='word_1_715' title='bbox 1820 4655 1951 4723; x_wconf 91' lang='lat' dir='ltr'><strong>quid</strong></span> <span class='ocrx_word' id='word_1_716' title='bbox 2004 4655 2089 4711; x_wconf 90' lang='lat' dir='ltr'><strong>his</strong></span> 
     </span>
    </p>
   </div>
   <div class='ocr_carea' id='block_1_92' title="bbox 2197 4639 3760 4724">
    <p class='ocr_par' dir='ltr' id='par_1_92' title="bbox 2197 4639 3760 4711">
     <span class='ocr_line' id='line_1_92' title="bbox 2197 4639 3760 4711; baseline 0.003 -18"><span class='ocrx_word' id='word_1_717' title='bbox 2197 4640 2471 4711; x_wconf 81' lang='grc' dir='ltr'>μαχαίρας</span> <span class='ocrx_word' id='word_1_718' title='bbox 2494 4640 2712 4694; x_wconf 80' lang='grc' dir='ltr'>ἐδίκασε</span> <span class='ocrx_word' id='word_1_719' title='bbox 2733 4640 2778 4671; x_wconf 69' lang='grc' dir='ltr'>δ’</span> <span class='ocrx_word' id='word_1_720' title='bbox 2811 4639 3044 4695; x_wconf 85' lang='grc' dir='ltr'>θάνατον</span> <span class='ocrx_word' id='word_1_721' title='bbox 3067 4683 3082 4707; x_wconf 94' lang='grc'><strong>,</strong></span> <span class='ocrx_word' id='word_1_722' title='bbox 3114 4642 3186 4696; x_wconf 82' lang='grc' dir='ltr'><strong>τά</strong></span> <span class='ocrx_word' id='word_1_723' title='bbox 3208 4642 3267 4697; x_wconf 82' lang='grc' dir='ltr'>δὲ</span> <span class='ocrx_word' id='word_1_724' title='bbox 3301 4643 3530 4698; x_wconf 79' lang='grc' dir='ltr'>πλεῖστα</span> <span class='ocrx_word' id='word_1_725' title='bbox 3553 4642 3653 4697; x_wconf 89' lang='grc' dir='ltr'><strong>τῶν</strong></span> <span class='ocrx_word' id='word_1_726' title='bbox 3676 4644 3760 4697; x_wconf 58' lang='grc' dir='ltr'>ἀλ.</span> 
     </span>
    </p>
   </div>
   <div class='ocr_carea' id='block_1_93' title="bbox 514 4745 2092 4816">
    <p class='ocr_par' dir='ltr' id='par_1_93' title="bbox 514 4745 2092 4816">
     <span class='ocr_line' id='line_1_93' title="bbox 514 4745 2092 4816; baseline 0.002 -17"><span class='ocrx_word' id='word_1_727' title='bbox 514 4745 693 4800; x_wconf 86' lang='lat' dir='ltr'><strong>simile</strong></span> <span class='ocrx_word' id='word_1_728' title='bbox 717 4752 820 4812; x_wconf 87' lang='lat' dir='ltr'><strong>est,</strong></span> <span class='ocrx_word' id='word_1_729' title='bbox 848 4745 914 4799; x_wconf 90' lang='lat' dir='ltr'><strong>ad</strong></span> <span class='ocrx_word' id='word_1_730' title='bbox 942 4755 1169 4799; x_wconf 88' lang='lat' dir='ltr'><strong>mortem</strong></span> <span class='ocrx_word' id='word_1_731' title='bbox 1208 4761 1303 4815; x_wconf 92' lang='lat' dir='ltr'><strong>per</strong></span> <span class='ocrx_word' id='word_1_732' title='bbox 1328 4745 1566 4816; x_wconf 87' lang='lat' dir='ltr'><strong>gladium</strong></span> <span class='ocrx_word' id='word_1_733' title='bbox 1627 4746 1963 4802; x_wconf 89' lang='lat' dir='ltr'><strong>subeundam</strong></span> <span class='ocrx_word' id='word_1_734' title='bbox 1994 4748 2092 4802; x_wconf 83' lang='lat' dir='ltr'><strong>ad-</strong></span> 
     </span>
    </p>
   </div>
   <div class='ocr_carea' id='block_1_94' title="bbox 507 4836 2093 4907">
    <p class='ocr_par' dir='ltr' id='par_1_94' title="bbox 507 4836 2093 4907">
     <span class='ocr_line' id='line_1_94' title="bbox 507 4836 2093 4907; baseline 0.003 -18"><span class='ocrx_word' id='word_1_735' title='bbox 507 4836 788 4905; x_wconf 87' lang='lat' dir='ltr'><strong>judicavit,</strong></span> <span class='ocrx_word' id='word_1_736' title='bbox 825 4851 946 4892; x_wconf 91' lang='lat' dir='ltr'><strong>cum</strong></span> <span class='ocrx_word' id='word_1_737' title='bbox 970 4837 1199 4905; x_wconf 90' lang='lat' dir='ltr'><strong>plurima</strong></span> <span class='ocrx_word' id='word_1_738' title='bbox 1223 4837 1518 4892; x_wconf 85' lang='lat' dir='ltr'><strong>animantia</strong></span> <span class='ocrx_word' id='word_1_739' title='bbox 1537 4837 1638 4894; x_wconf 85' lang='lat' dir='ltr'><strong>hoc</strong></span> <span class='ocrx_word' id='word_1_740' title='bbox 1664 4838 1856 4899; x_wconf 87' lang='lat' dir='ltr'><strong>mortis</strong></span> <span class='ocrx_word' id='word_1_741' title='bbox 1892 4852 2093 4907; x_wconf 78' lang='lat' dir='ltr'><strong>genere</strong></span> 
     </span>
    </p>
   </div>
   <div class='ocr_carea' id='block_1_95' title="bbox 515 4926 2083 4998">
    <p class='ocr_par' dir='ltr' id='par_1_95' title="bbox 515 4926 2083 4998">
     <span class='ocr_line' id='line_1_95' title="bbox 515 4926 2083 4998; baseline 0.001 -16"><span class='ocrx_word' id='word_1_742' title='bbox 515 4945 620 4983; x_wconf 87' lang='lat' dir='ltr'><strong>non</strong></span> <span class='ocrx_word' id='word_1_743' title='bbox 672 4928 939 4998; x_wconf 87' lang='lat' dir='ltr'><strong>pereant?</strong></span> <span class='ocrx_word' id='word_1_744' title='bbox 992 4926 1133 4982; x_wconf 91' lang='lat' dir='ltr'><strong>Olim</strong></span> <span class='ocrx_word' id='word_1_745' title='bbox 1180 4941 1462 4998; x_wconf 58' lang='lat' dir='ltr'><strong>preterea,</strong></span> <span class='ocrx_word' id='word_1_746' title='bbox 1513 4944 1636 4985; x_wconf 89' lang='lat' dir='ltr'><strong>cum</strong></span> <span class='ocrx_word' id='word_1_747' title='bbox 1695 4930 1853 4985; x_wconf 91' lang='lat' dir='ltr'><strong>idolis</strong></span> <span class='ocrx_word' id='word_1_748' title='bbox 1905 4930 2083 4985; x_wconf 86' lang='lat' dir='ltr'><strong>sacri-</strong></span> 
     </span>
    </p>
   </div>
   <div class='ocr_carea' id='block_1_96' title="bbox 513 5018 2085 5091">
    <p class='ocr_par' dir='ltr' id='par_1_96' title="bbox 513 5018 2085 5091">
     <span class='ocr_line' id='line_1_96' title="bbox 513 5018 2085 5091; baseline 0.002 -20"><span class='ocrx_word' id='word_1_749' title='bbox 513 5018 706 5073; x_wconf 80' lang='lat' dir='ltr'><strong>ﬁcandi</strong></span> <span class='ocrx_word' id='word_1_750' title='bbox 732 5018 867 5072; x_wconf 92' lang='lat' dir='ltr'><strong>ritus</strong></span> <span class='ocrx_word' id='word_1_751' title='bbox 885 5018 1112 5088; x_wconf 83' lang='lat' dir='ltr'><strong>vigeret,</strong></span> <span class='ocrx_word' id='word_1_752' title='bbox 1136 5019 1548 5076; x_wconf 88' lang='lat' dir='ltr'><strong>innumerabilis</strong></span> <span class='ocrx_word' id='word_1_753' title='bbox 1570 5021 1763 5076; x_wconf 87' lang='lat' dir='ltr'><strong>borum</strong></span> <span class='ocrx_word' id='word_1_754' title='bbox 1788 5034 1907 5091; x_wconf 67' lang='lat' dir='ltr'><strong>quae</strong></span> <span class='ocrx_word' id='word_1_755' title='bbox 1927 5020 2085 5091; x_wconf 83' lang='lat' dir='ltr'><strong>jugu-</strong></span> 
     </span>
    </p>
   </div>
   <div class='ocr_carea' id='block_1_97' title="bbox 511 5107 2083 5179">
    <p class='ocr_par' dir='ltr' id='par_1_97' title="bbox 511 5107 2083 5179">
     <span class='ocr_line' id='line_1_97' title="bbox 511 5107 2083 5179; baseline 0.003 -19"><span class='ocrx_word' id='word_1_756' title='bbox 511 5108 692 5161; x_wconf 88' lang='lat' dir='ltr'><strong>lantur</strong></span> <span class='ocrx_word' id='word_1_757' title='bbox 722 5108 1011 5162; x_wconf 91' lang='lat' dir='ltr'><strong>multitudo</strong></span> <span class='ocrx_word' id='word_1_758' title='bbox 1056 5123 1161 5162; x_wconf 88' lang='lat' dir='ltr'><strong>una</strong></span> <span class='ocrx_word' id='word_1_759' title='bbox 1183 5123 1325 5179; x_wconf 64' lang='lat' dir='ltr'><strong>smpe</strong></span> <span class='ocrx_word' id='word_1_760' title='bbox 1356 5109 1738 5164; x_wconf 88' lang='lat' dir='ltr'><strong>immolabatur</strong></span> <span class='ocrx_word' id='word_1_761' title='bbox 1765 5111 1920 5163; x_wconf 88' lang='lat' dir='ltr'><strong>hora.</strong></span> <span class='ocrx_word' id='word_1_762' title='bbox 1967 5107 2083 5164; x_wconf 84' lang='lat' dir='ltr'><strong>Hoc</strong></span> 
     </span>
    </p>
   </div>
   <div class='ocr_carea' id='block_1_98' title="bbox 512 5199 2082 5269">
    <p class='ocr_par' dir='ltr' id='par_1_98' title="bbox 512 5199 2082 5269">
     <span class='ocr_line' id='line_1_98' title="bbox 512 5199 2082 5269; baseline 0.003 -21"><span class='ocrx_word' id='word_1_763' title='bbox 512 5212 642 5250; x_wconf 83' lang='lat' dir='ltr'><strong>vero</strong></span> <span class='ocrx_word' id='word_1_764' title='bbox 663 5211 815 5253; x_wconf 90' lang='lat' dir='ltr'><strong>more</strong></span> <span class='ocrx_word' id='word_1_765' title='bbox 841 5207 1109 5263; x_wconf 83' lang='lat' dir='ltr'><strong>cessante,</strong></span> <span class='ocrx_word' id='word_1_766' title='bbox 1146 5212 1254 5253; x_wconf 89' lang='lat' dir='ltr'><strong>non</strong></span> <span class='ocrx_word' id='word_1_767' title='bbox 1283 5199 1630 5269; x_wconf 87' lang='lat' dir='ltr'><strong>perindejam</strong></span> <span class='ocrx_word' id='word_1_768' title='bbox 1666 5200 1783 5254; x_wconf 66' lang='lat' dir='ltr'><strong>haec</strong></span> <span class='ocrx_word' id='word_1_769' title='bbox 1825 5199 2082 5253; x_wconf 87' lang='lat' dir='ltr'><strong>animalia</strong></span> 
     </span>
    </p>
   </div>
   <div class='ocr_carea' id='block_1_99' title="bbox 512 5287 2073 5357">
    <p class='ocr_par' dir='ltr' id='par_1_99' title="bbox 512 5287 2073 5357">
     <span class='ocr_line' id='line_1_99' title="bbox 512 5287 2073 5357; baseline 0.004 -21"><span class='ocrx_word' id='word_1_770' title='bbox 512 5287 687 5356; x_wconf 83' lang='lat' dir='ltr'><strong>gladio</strong></span> <span class='ocrx_word' id='word_1_771' title='bbox 746 5287 1446 5357; x_wconf 87' lang='lat' dir='ltr'><strong>subjiciuntur?Siderum</strong></span> <span class='ocrx_word' id='word_1_772' title='bbox 1500 5298 1678 5343; x_wconf 89' lang='lat' dir='ltr'><strong>tamen</strong></span> <span class='ocrx_word' id='word_1_773' title='bbox 1731 5290 2073 5355; x_wconf 89' lang='lat' dir='ltr'><strong>constitutio,</strong></span> 
     </span>
    </p>
   </div>
   <div class='ocr_carea' id='block_1_100' title="bbox 514 5376 2069 5447">
    <p class='ocr_par' dir='ltr' id='par_1_100' title="bbox 514 5376 2069 5447">
     <span class='ocr_line' id='line_1_100' title="bbox 514 5376 2069 5447; baseline 0.005 -18"><span class='ocrx_word' id='word_1_774' title='bbox 514 5387 571 5431; x_wconf 93' lang='lat' dir='ltr'><strong>ut</strong></span> <span class='ocrx_word' id='word_1_775' title='bbox 625 5376 697 5431; x_wconf 91' lang='lat' dir='ltr'><strong>illi</strong></span> <span class='ocrx_word' id='word_1_776' title='bbox 735 5377 1107 5447; x_wconf 88' lang='lat' dir='ltr'><strong>loquerentur,</strong></span> <span class='ocrx_word' id='word_1_777' title='bbox 1154 5388 1469 5434; x_wconf 89' lang='lat' dir='ltr'><strong>constanter</strong></span> <span class='ocrx_word' id='word_1_778' title='bbox 1532 5380 1779 5435; x_wconf 89' lang='lat' dir='ltr'><strong>eumdem</strong></span> <span class='ocrx_word' id='word_1_779' title='bbox 1847 5396 2069 5438; x_wconf 89' lang='lat' dir='ltr'><strong>cursum</strong></span> 
     </span>
    </p>
   </div>
   <div class='ocr_carea' id='block_1_101' title="bbox 516 5471 2083 5541">
    <p class='ocr_par' dir='ltr' id='par_1_101' title="bbox 516 5471 2083 5541">
     <span class='ocr_line' id='line_1_101' title="bbox 516 5471 2083 5541; baseline 0.004 -19"><span class='ocrx_word' id='word_1_780' title='bbox 516 5479 706 5535; x_wconf 85' lang='lat' dir='ltr'><strong>tenes,</strong></span> <span class='ocrx_word' id='word_1_781' title='bbox 740 5471 1079 5541; x_wconf 64' lang='lat' dir='ltr'><strong>inarqualiter</strong></span> <span class='ocrx_word' id='word_1_782' title='bbox 1127 5471 1261 5526; x_wconf 87' lang='lat' dir='ltr'><strong>adeo</strong></span> <span class='ocrx_word' id='word_1_783' title='bbox 1301 5472 1488 5525; x_wconf 89' lang='lat' dir='ltr'><strong>horum</strong></span> <span class='ocrx_word' id='word_1_784' title='bbox 1526 5472 1842 5529; x_wconf 87' lang='lat' dir='ltr'><strong>animalium</strong></span> <span class='ocrx_word' id='word_1_785' title='bbox 1889 5476 2083 5530; x_wconf 83' lang='lat' dir='ltr'><strong>condi-</strong></span> 
     </span>
    </p>
   </div>
   <div class='ocr_carea' id='block_1_102' title="bbox 515 5562 2077 5633">
    <p class='ocr_par' dir='ltr' id='par_1_102' title="bbox 515 5562 2077 5633">
     <span class='ocr_line' id='line_1_102' title="bbox 515 5562 2077 5633; baseline 0.006 -20"><span class='ocrx_word' id='word_1_786' title='bbox 515 5563 718 5617; x_wconf 85' lang='lat' dir='ltr'><strong>tionem</strong></span> <span class='ocrx_word' id='word_1_787' title='bbox 743 5562 1073 5627; x_wconf 88' lang='lat' dir='ltr'><strong>immutavit,</strong></span> <span class='ocrx_word' id='word_1_788' title='bbox 1098 5578 1219 5633; x_wconf 82' lang='lat' dir='ltr'><strong>quae</strong></span> <span class='ocrx_word' id='word_1_789' title='bbox 1252 5573 1567 5619; x_wconf 65' lang='lat' dir='ltr'><strong>cantet-orum</strong></span> <span class='ocrx_word' id='word_1_790' title='bbox 1596 5566 1832 5633; x_wconf 89' lang='lat' dir='ltr'><strong>priscum</strong></span> <span class='ocrx_word' id='word_1_791' title='bbox 1862 5566 2077 5623; x_wconf 90' lang='lat' dir='ltr'><strong>vivendi</strong></span> 
     </span>
    </p>
   </div>
   <div class='ocr_carea' id='block_1_103' title="bbox 2191 4728 3759 4803">
    <p class='ocr_par' dir='ltr' id='par_1_103' title="bbox 2191 4728 3759 4803">
     <span class='ocr_line' id='line_1_103' title="bbox 2191 4728 3759 4803; baseline 0.003 -20"><span class='ocrx_word' id='word_1_792' title='bbox 2191 4730 2299 4784; x_wconf 89' lang='grc' dir='ltr'><strong>λων</strong></span> <span class='ocrx_word' id='word_1_793' title='bbox 2322 4728 2477 4793; x_wconf 82' lang='grc' dir='ltr'>ζώων</span> <span class='ocrx_word' id='word_1_794' title='bbox 2504 4730 2602 4801; x_wconf 85' lang='grc' dir='ltr'>τὴν</span> <span class='ocrx_word' id='word_1_795' title='bbox 2646 4729 2906 4801; x_wconf 84' lang='grc' dir='ltr'>τοιαύτην</span> <span class='ocrx_word' id='word_1_796' title='bbox 2935 4733 3036 4785; x_wconf 85' lang='grc' dir='ltr'>οὐκ</span> <span class='ocrx_word' id='word_1_797' title='bbox 3064 4729 3205 4785; x_wconf 77' lang='grc' dir='ltr'>οἶδεν</span> <span class='ocrx_word' id='word_1_798' title='bbox 3223 4732 3267 4764; x_wconf 76' lang='grc'><strong>’⁸³</strong></span> <span class='ocrx_word' id='word_1_799' title='bbox 3295 4734 3591 4803; x_wconf 79' lang='grc' dir='ltr'>ὲπήρειανς</span> <span class='ocrx_word' id='word_1_800' title='bbox 3631 4732 3759 4788; x_wconf 80' lang='grc' dir='ltr'><strong>ἀλλά</strong></span> 
     </span>
    </p>
   </div>
   <div class='ocr_carea' id='block_1_104' title="bbox 2192 4821 3761 4895">
    <p class='ocr_par' dir='ltr' id='par_1_104' title="bbox 2192 4821 3761 4895">
     <span class='ocr_line' id='line_1_104' title="bbox 2192 4821 3761 4895; baseline 0 -19"><span class='ocrx_word' id='word_1_801' title='bbox 2192 4823 2288 4876; x_wconf 76' lang='grc' dir='ltr'>καὶ</span> <span class='ocrx_word' id='word_1_802' title='bbox 2314 4821 2523 4875; x_wconf 88' lang='grc' dir='ltr'>τούτων</span> <span class='ocrx_word' id='word_1_803' title='bbox 2551 4823 2661 4875; x_wconf 89' lang='grc' dir='ltr'><strong>τῶν</strong></span> <span class='ocrx_word' id='word_1_804' title='bbox 2682 4821 2730 4854; x_wconf 68' lang='grc'><strong>⁸⁸</strong></span> <span class='ocrx_word' id='word_1_805' title='bbox 2765 4822 3175 4893; x_wconf 82' lang='grc' dir='ltr'>ἀναιρουμένων</span> <span class='ocrx_word' id='word_1_806' title='bbox 3197 4825 3368 4877; x_wconf 87' lang='grc' dir='ltr'>πάλαι</span> <span class='ocrx_word' id='word_1_807' title='bbox 3398 4826 3499 4895; x_wconf 83' lang='grc' dir='ltr'>μὲν</span> <span class='ocrx_word' id='word_1_808' title='bbox 3516 4867 3529 4890; x_wconf 94' lang='grc'><strong>,</strong></span> <span class='ocrx_word' id='word_1_809' title='bbox 3556 4825 3650 4894; x_wconf 84' lang='grc' dir='ltr'>τῆς</span> <span class='ocrx_word' id='word_1_810' title='bbox 3684 4826 3761 4877; x_wconf 84' lang='grc' dir='ltr'><strong>εἱ-</strong></span> 
     </span>
    </p>
   </div>
   <div class='ocr_carea' id='block_1_105' title="bbox 2190 4911 3763 4986">
    <p class='ocr_par' dir='ltr' id='par_1_105' title="bbox 2190 4911 3763 4986">
     <span class='ocr_line' id='line_1_105' title="bbox 2190 4911 3763 4986; baseline 0.001 -20"><span class='ocrx_word' id='word_1_811' title='bbox 2190 4911 2523 4975; x_wconf 84' lang='grc' dir='ltr'>δωλοθυσίας</span> <span class='ocrx_word' id='word_1_812' title='bbox 2544 4912 2985 4982; x_wconf 75' lang='grc' dir='ltr'>ἐπικρατούσης,</span> <span class='ocrx_word' id='word_1_813' title='bbox 3026 4914 3253 4984; x_wconf 83' lang='grc' dir='ltr'>ἄπειρον</span> <span class='ocrx_word' id='word_1_814' title='bbox 3284 4913 3411 4986; x_wconf 76' lang='grc'><strong>[557</strong></span> <span class='ocrx_word' id='word_1_815' title='bbox 3442 4914 3532 4986; x_wconf 75' lang='lat' dir='ltr'><strong>IL]</strong></span> <span class='ocrx_word' id='word_1_816' title='bbox 3560 4918 3612 4968; x_wconf 75' lang='grc' dir='ltr'>ὲν</span> <span class='ocrx_word' id='word_1_817' title='bbox 3648 4914 3763 4986; x_wconf 73' lang='grc' dir='ltr'><strong>ὥρᾳ</strong></span> 
     </span>
    </p>
   </div>
   <div class='ocr_carea' id='block_1_106' title="bbox 2194 5003 3762 5076">
    <p class='ocr_par' dir='ltr' id='par_1_106' title="bbox 2194 5003 3762 5076">
     <span class='ocr_line' id='line_1_106' title="bbox 2194 5003 3762 5076; baseline 0.001 -20"><span class='ocrx_word' id='word_1_818' title='bbox 2194 5005 2294 5075; x_wconf 81' lang='grc' dir='ltr'><strong>μιᾷ</strong></span> <span class='ocrx_word' id='word_1_819' title='bbox 2331 5003 2627 5059; x_wconf 82' lang='grc' dir='ltr'>κατεθύετο</span> <span class='ocrx_word' id='word_1_820' title='bbox 2677 5003 2880 5072; x_wconf 84' lang='grc' dir='ltr'>πλῆθος</span> <span class='ocrx_word' id='word_1_821' title='bbox 2906 5020 2921 5035; x_wconf 86' lang='grc'><strong>·</strong></span> <span class='ocrx_word' id='word_1_822' title='bbox 2977 5003 3072 5058; x_wconf 81' lang='grc' dir='ltr'><strong>νῦν</strong></span> <span class='ocrx_word' id='word_1_823' title='bbox 3115 5004 3173 5058; x_wconf 85' lang='grc' dir='ltr'>δὲ</span> <span class='ocrx_word' id='word_1_824' title='bbox 3224 5005 3526 5076; x_wconf 83' lang='grc' dir='ltr'>παυθείσης</span> <span class='ocrx_word' id='word_1_825' title='bbox 3556 5006 3762 5075; x_wconf 77' lang='grc' dir='ltr'>ἐκείνης</span> 
     </span>
    </p>
   </div>
   <div class='ocr_carea' id='block_1_107' title="bbox 2190 5095 3762 5169">
    <p class='ocr_par' dir='ltr' id='par_1_107' title="bbox 2190 5095 3762 5169">
     <span class='ocr_line' id='line_1_107' title="bbox 2190 5095 3762 5169; baseline -0.002 -18"><span class='ocrx_word' id='word_1_826' title='bbox 2190 5097 2289 5167; x_wconf 81' lang='grc' dir='ltr'>οὐχ</span> <span class='ocrx_word' id='word_1_827' title='bbox 2317 5095 2519 5167; x_wconf 84' lang='grc' dir='ltr'>ὁμοίως</span> <span class='ocrx_word' id='word_1_828' title='bbox 2546 5099 2607 5151; x_wconf 80' lang='grc' dir='ltr'>τὸ</span> <span class='ocrx_word' id='word_1_829' title='bbox 2638 5095 2790 5164; x_wconf 82' lang='grc' dir='ltr'>ξίφος</span> <span class='ocrx_word' id='word_1_830' title='bbox 2819 5096 3146 5167; x_wconf 81' lang='grc' dir='ltr'>ὺπέρχονται</span> <span class='ocrx_word' id='word_1_831' title='bbox 3179 5098 3333 5164; x_wconf 77' lang='grc' dir='ltr'><strong>;Καὶ</strong></span> <span class='ocrx_word' id='word_1_832' title='bbox 3374 5099 3486 5152; x_wconf 90' lang='grc' dir='ltr'><strong>τῶν</strong></span> <span class='ocrx_word' id='word_1_833' title='bbox 3529 5098 3762 5169; x_wconf 79' lang='grc' dir='ltr'>ἀστέρων</span> 
     </span>
    </p>
   </div>
   <div class='ocr_carea' id='block_1_108' title="bbox 2192 5188 3762 5263">
    <p class='ocr_par' dir='ltr' id='par_1_108' title="bbox 2192 5188 3762 5263">
     <span class='ocr_line' id='line_1_108' title="bbox 2192 5188 3762 5263; baseline -0.003 -17"><span class='ocrx_word' id='word_1_834' title='bbox 2192 5195 2221 5246; x_wconf 85' lang='grc' dir='ltr'>ὁ</span> <span class='ocrx_word' id='word_1_835' title='bbox 2266 5192 2655 5263; x_wconf 80' lang='grc' dir='ltr'>σχηματισμὸς</span> <span class='ocrx_word' id='word_1_836' title='bbox 2678 5233 2693 5256; x_wconf 91' lang='grc'><strong>,</strong></span> <span class='ocrx_word' id='word_1_837' title='bbox 2721 5191 2796 5253; x_wconf 85' lang='grc' dir='ltr'>ὡς</span> <span class='ocrx_word' id='word_1_838' title='bbox 2830 5189 2896 5242; x_wconf 86' lang='grc' dir='ltr'>ἂν</span> <span class='ocrx_word' id='word_1_839' title='bbox 2928 5192 3125 5243; x_wconf 82' lang='grc' dir='ltr'>ἐκεῖνοι</span> <span class='ocrx_word' id='word_1_840' title='bbox 3157 5193 3317 5261; x_wconf 82' lang='grc' dir='ltr'>φαῖεν</span> <span class='ocrx_word' id='word_1_841' title='bbox 3343 5232 3360 5258; x_wconf 94' lang='grc'><strong>,</strong></span> <span class='ocrx_word' id='word_1_842' title='bbox 3400 5188 3762 5254; x_wconf 82' lang='grc' dir='ltr'>ἀναλλοιὼτως</span> 
     </span>
    </p>
   </div>
   <div class='ocr_carea' id='block_1_109' title="bbox 2191 5282 3759 5357">
    <p class='ocr_par' dir='ltr' id='par_1_109' title="bbox 2191 5282 3759 5357">
     <span class='ocr_line' id='line_1_109' title="bbox 2191 5282 3759 5357; baseline -0.003 -18"><span class='ocrx_word' id='word_1_843' title='bbox 2191 5286 2281 5341; x_wconf 83' lang='grc' dir='ltr'><strong>τὸν</strong></span> <span class='ocrx_word' id='word_1_844' title='bbox 2304 5287 2466 5340; x_wconf 83' lang='grc' dir='ltr'>αὐτὸν</span> <span class='ocrx_word' id='word_1_845' title='bbox 2496 5285 2835 5357; x_wconf 74' lang='grc' dir='ltr'>ἐξομαλίςων</span> <span class='ocrx_word' id='word_1_846' title='bbox 2856 5285 3055 5357; x_wconf 82' lang='grc' dir='ltr'>δρόμον</span> <span class='ocrx_word' id='word_1_847' title='bbox 3074 5322 3089 5349; x_wconf 92' lang='grc'><strong>,</strong></span> <span class='ocrx_word' id='word_1_848' title='bbox 3124 5283 3267 5338; x_wconf 80' lang='grc' dir='ltr'>οὕτω</span> <span class='ocrx_word' id='word_1_849' title='bbox 3291 5286 3391 5355; x_wconf 83' lang='grc' dir='ltr'>μὲν</span> <span class='ocrx_word' id='word_1_850' title='bbox 3412 5286 3479 5339; x_wconf 80' lang='grc' dir='ltr'>τὰ</span> <span class='ocrx_word' id='word_1_851' title='bbox 3503 5284 3616 5353; x_wconf 79' lang='grc' dir='ltr'>περὶ</span> <span class='ocrx_word' id='word_1_852' title='bbox 3636 5282 3759 5335; x_wconf 85' lang='grc' dir='ltr'>τού-</span> 
     </span>
    </p>
   </div>
   <div class='ocr_carea' id='block_1_110' title="bbox 2191 5376 3760 5449">
    <p class='ocr_par' dir='ltr' id='par_1_110' title="bbox 2191 5376 3760 5449">
     <span class='ocr_line' id='line_1_110' title="bbox 2191 5376 3760 5449; baseline -0.004 -16"><span class='ocrx_word' id='word_1_853' title='bbox 2191 5396 2302 5433; x_wconf 85' lang='grc' dir='ltr'><strong>των</strong></span> <span class='ocrx_word' id='word_1_854' title='bbox 2333 5379 2639 5449; x_wconf 84' lang='grc' dir='ltr'>ἀνωμάλως</span> <span class='ocrx_word' id='word_1_855' title='bbox 2674 5379 2994 5449; x_wconf 81' lang='grc' dir='ltr'>ὲξηλλοίωσε</span> <span class='ocrx_word' id='word_1_856' title='bbox 3013 5418 3028 5443; x_wconf 94' lang='grc'><strong>,</strong></span> <span class='ocrx_word' id='word_1_857' title='bbox 3072 5378 3182 5431; x_wconf 86' lang='grc' dir='ltr'><strong>τῶν</strong></span> <span class='ocrx_word' id='word_1_858' title='bbox 3212 5378 3259 5431; x_wconf 80' lang='grc' dir='ltr'>δ’</span> <span class='ocrx_word' id='word_1_859' title='bbox 3303 5378 3478 5433; x_wconf 81' lang='grc' dir='ltr'>ἄλλων</span> <span class='ocrx_word' id='word_1_860' title='bbox 3500 5377 3644 5441; x_wconf 79' lang='grc' dir='ltr'>ζώων</span> <span class='ocrx_word' id='word_1_861' title='bbox 3670 5376 3760 5427; x_wconf 70' lang='grc' dir='ltr'><strong>τὸν</strong></span> 
     </span>
    </p>
   </div>
   <div class='ocr_carea' id='block_1_111' title="bbox 2193 5468 3756 5547">
    <p class='ocr_par' dir='ltr' id='par_1_111' title="bbox 2193 5468 3756 5547">
     <span class='ocr_line' id='line_1_111' title="bbox 2193 5468 3756 5547; baseline -0.006 -18"><span class='ocrx_word' id='word_1_862' title='bbox 2193 5476 2395 5547; x_wconf 83' lang='grc' dir='ltr'>τρόπον</span> <span class='ocrx_word' id='word_1_863' title='bbox 2440 5478 2541 5545; x_wconf 85' lang='grc' dir='ltr'>τῆς</span> <span class='ocrx_word' id='word_1_864' title='bbox 2588 5476 2821 5544; x_wconf 85' lang='grc' dir='ltr'>ἀρχαίας</span> <span class='ocrx_word' id='word_1_865' title='bbox 2864 5475 3011 5541; x_wconf 75' lang='grc' dir='ltr'>ζωῆς</span> <span class='ocrx_word' id='word_1_866' title='bbox 3037 5474 3099 5527; x_wconf 82' lang='grc' dir='ltr'>οὐ</span> <span class='ocrx_word' id='word_1_867' title='bbox 3136 5473 3452 5544; x_wconf 77' lang='grc' dir='ltr'>μετέϐαλεν.</span> <span class='ocrx_word' id='word_1_868' title='bbox 3496 5468 3630 5525; x_wconf 62' lang='lat' dir='ltr'><strong>me</strong></span> <span class='ocrx_word' id='word_1_869' title='bbox 3666 5483 3756 5521; x_wconf 77' lang='grc' dir='ltr'><strong>και</strong></span> 
     </span>
    </p>
   </div>
   <div class='ocr_carea' id='block_1_112' title="bbox 2194 5562 3738 5643">
    <p class='ocr_par' dir='ltr' id='par_1_112' title="bbox 2194 5562 3738 5643">
     <span class='ocr_line' id='line_1_112' title="bbox 2194 5562 3738 5643; baseline -0.006 -20"><span class='ocrx_word' id='word_1_870' title='bbox 2194 5587 2318 5624; x_wconf 81' lang='grc' dir='ltr'>τινα</span> <span class='ocrx_word' id='word_1_871' title='bbox 2349 5569 2752 5643; x_wconf 85' lang='grc' dir='ltr'>παραπλησίως</span> <span class='ocrx_word' id='word_1_872' title='bbox 2787 5571 2996 5624; x_wconf 78' lang='grc' dir='ltr'>τούτων</span> <span class='ocrx_word' id='word_1_873' title='bbox 3047 5567 3485 5639; x_wconf 78' lang='grc' dir='ltr'>μεταὸέὸληκεν,</span> <span class='ocrx_word' id='word_1_874' title='bbox 3526 5562 3636 5618; x_wconf 85' lang='grc' dir='ltr'>ἀλλ’</span> <span class='ocrx_word' id='word_1_875' title='bbox 3674 5563 3738 5615; x_wconf 79' lang='grc' dir='ltr'>ὅτ</span> 
     </span>
    </p>
   </div>
   <div class='ocr_carea' id='block_1_113' title="bbox 1820 5722 2494 5782">
    <p class='ocr_par' dir='ltr' id='par_1_113' title="bbox 1820 5722 2494 5782">
     <span class='ocr_line' id='line_1_113' title="bbox 1820 5722 2494 5782; baseline 0.007 -7"><span class='ocrx_word' id='word_1_876' title='bbox 1820 5722 2055 5782; x_wconf 66' lang='grc' dir='ltr'><strong>ΥΑΒῙίΕ</strong></span> <span class='ocrx_word' id='word_1_877' title='bbox 2082 5722 2494 5781; x_wconf 83' lang='lat' dir='ltr'><strong>LECTIONES.</strong></span> 
     </span>
    </p>
   </div>
   <div class='ocr_carea' id='block_1_114' title="bbox 575 5832 2132 5906">
    <p class='ocr_par' dir='ltr' id='par_1_114' title="bbox 575 5832 2132 5906">
     <span class='ocr_line' id='line_1_114' title="bbox 575 5832 2132 5906; baseline 0.007 -21"><span class='ocrx_word' id='word_1_878' title='bbox 575 5832 621 5866; x_wconf 72' lang='grc' dir='ltr'>δθ</span> <span class='ocrx_word' id='word_1_879' title='bbox 650 5833 756 5890; x_wconf 83' lang='grc' dir='ltr'><strong>τῶν</strong></span> <span class='ocrx_word' id='word_1_880' title='bbox 777 5834 895 5890; x_wconf 77' lang='lat' dir='ltr'><strong>add.</strong></span> <span class='ocrx_word' id='word_1_881' title='bbox 922 5839 985 5892; x_wconf 78' lang='grc' dir='ltr'><strong>Α.</strong></span> <span class='ocrx_word' id='word_1_882' title='bbox 1064 5839 1103 5871; x_wconf 69' lang='grc'>⁸⁸</span> <span class='ocrx_word' id='word_1_883' title='bbox 1128 5838 1233 5892; x_wconf 79' lang='grc' dir='ltr'><strong>τῶν</strong></span> <span class='ocrx_word' id='word_1_884' title='bbox 1266 5838 1318 5893; x_wconf 82' lang='grc' dir='ltr'>δὲ</span> <span class='ocrx_word' id='word_1_885' title='bbox 1349 5837 1501 5903; x_wconf 75' lang='grc' dir='ltr'>ζώων</span> <span class='ocrx_word' id='word_1_886' title='bbox 1537 5858 1599 5905; x_wconf 77' lang='grc' dir='ltr'>ς.</span> <span class='ocrx_word' id='word_1_887' title='bbox 1679 5842 1721 5873; x_wconf 66' lang='grc'><strong><em>⁵³</em></strong></span> <span class='ocrx_word' id='word_1_888' title='bbox 1758 5842 2040 5896; x_wconf 72' lang='grc' dir='ltr'>ἐδικαίωσε</span> <span class='ocrx_word' id='word_1_889' title='bbox 2073 5860 2132 5906; x_wconf 72' lang='grc' dir='ltr'>ς.</span> 
     </span>
    </p>
   </div>
   <div class='ocr_carea' id='block_1_115' title="bbox 2217 5838 3155 5905">
    <p class='ocr_par' dir='ltr' id='par_1_115' title="bbox 2217 5838 3155 5905">
     <span class='ocr_line' id='line_1_115' title="bbox 2217 5838 3155 5905; baseline 0.001 -11"><span class='ocrx_word' id='word_1_890' title='bbox 2217 5843 2259 5874; x_wconf 68' lang='grc'><strong>⁸³</strong></span> <span class='ocrx_word' id='word_1_891' title='bbox 2289 5838 2424 5895; x_wconf 80' lang='grc' dir='ltr'>εἶδεν</span> <span class='ocrx_word' id='word_1_892' title='bbox 2450 5838 2508 5905; x_wconf 64' lang='lat' dir='ltr'><strong>cf.</strong></span> <span class='ocrx_word' id='word_1_893' title='bbox 2587 5841 2635 5872; x_wconf 71' lang='grc'><strong>⁸³</strong></span> <span class='ocrx_word' id='word_1_894' title='bbox 2661 5839 2771 5893; x_wconf 87' lang='grc' dir='ltr'><strong>τῶν</strong></span> <span class='ocrx_word' id='word_1_895' title='bbox 2830 5856 2938 5894; x_wconf 80' lang='lat' dir='ltr'><strong>om.</strong></span> <span class='ocrx_word' id='word_1_896' title='bbox 3011 5839 3155 5895; x_wconf 84' lang='lat' dir='ltr'><strong>libri.</strong></span> 
     </span>
    </p>
   </div>
  </div>
