4014 6432
256 407 355 475 861

1311 415 1835 480 BIBLIOTHECA.
1875 438 1944 449 —
1982 415 2148 477 COD.
2193 416 2510 478 CCXXIII.

3384 412 3492 476 862

254 521 326 591 μὴ
346 518 529 575 πάντα
557 521 693 595 μηδὲ
719 523 789 578 τὰ
817 524 1043 579 πλεῖστα
1060 567 1075 592 ,
1101 525 1253 581 οὐδὲν
1278 523 1446 601 ἦττον
1475 532 1504 584 6
1524 528 1635 583 τῶν
1658 526 1822 583 ἀστέ-

1927 530 2142 585 modum
2199 530 2520 585 invariatum
2573 529 2806 599 reliquit.
2873 531 3029 597 Quod
3084 533 3129 584 sl
3181 529 3323 585 forte
3376 529 3477 582 alia

253 629 362 683 ρων
390 614 594 682 ὁμαλὸς
629 615 828 687 δρόμος
860 618 956 671 καὶ
986 619 1121 690 πρὸς
1139 621 1184 653 ⁸⁸
1218 621 1575 693 ἀπαράϐατον
1604 621 1819 689 ἀνάγκη

247 702 651 773 διεχλεύασται.
696 710 837 763 Ἀλλ’
864 711 944 774 είς
962 710 1119 765 τοῦτο
1136 714 1182 745 ⁵⁸
1214 713 1312 783 μὲν
1341 713 1577 784 πέρατος
1604 712 1700 766 καὶ
1726 712 1755 765 6
1782 719 1824 763 ε’

248 790 406 861 λόγος
435 797 615 851 καὶτὸ
633 804 681 867 γ’
712 801 808 855 καὶ
838 807 893 871 μ’
926 801 1224 870 κεφάλαιον
1262 804 1583 875 καταλήγει.

1928 635 2142 690 quoque
2172 623 2430 678 nonnulla
2463 624 2532 677 ad
2577 623 2720 677 hunc
2761 621 2875 677 fere
2928 622 3145 677 modum
3208 621 3491 675 immutata

1930 718 2081 773 sunt,
2112 713 2328 779 quando
2358 713 2410 766 id
2443 726 2618 781 neque
2644 712 2697 767 in
2730 711 3005 774 omnibus,
3029 725 3203 779 neque
3233 711 3285 763 in
3321 708 3491 777 pluri-

1932 801 2035 855 mis
2055 801 2272 866 accidit,
2304 804 2581 872 arquabilis
2609 803 2963 857 nihilominus
3019 811 3290 854 astrorum
3352 811 3485 851 cur-

202 944 209 965 !
249 898 366 949 sus,
397 891 451 938 et
496 886 717 958 insuper
749 890 1204 948 incommutabilis
1237 893 1327 948 illa
1376 895 1667 950 necessitas
1687 887 1922 947 ludibrio
1946 892 2190 960 exposita
2218 903 2322 950 est.
2358 894 2425 948 Et
2445 895 2547 950 hoc
2605 895 2821 965 quidem
2886 892 3007 947 libri
3072 907 3125 955 v,
3194 891 3491 960 capitisque

246 978 644 1049 quadragesimi
675 980 819 1036 tertii
850 990 1147 1037 extremum
1175 994 1281 1041 est.

322 1067 450 1141 [689
484 1068 577 1142 R.]
612 1071 702 1124 Ἐν
733 1072 791 1125 δὲ
819 1074 899 1143 τῷ
944 1082 999 1140 ς’
1031 1076 1128 1147 μὲν
1159 1077 1323 1147 λόγῳ,
1356 1076 1397 1131 δ’
1421 1076 1479 1131 δὲ
1512 1077 1608 1131 καὶ
1641 1082 1695 1146 μ’
1727 1091 1822 1130 κε·

1990 1071 2213 1142 2171).
2249 1070 2416 1126 Sexto
2481 1082 2663 1126 autem
2711 1074 2848 1128 libro
2886 1082 2941 1128 et
2975 1072 3153 1141 capite
3193 1072 3493 1141 quadrage-

248 1160 468 1233 φαλαίῳ
494 1162 669 1216 ταῦτα
697 1164 1008 1220 ὑποϐάλλει·
1040 1168 1102 1221 Et
1136 1169 1234 1239 τῆς
1261 1168 1547 1237 γενέσεως,
1582 1166 1769 1237 φησὶν,
1794 1169 1824 1219 6

1927 1158 2058 1215 timo
2086 1169 2281 1229 quarto
2300 1161 2414 1215 hinc
2440 1161 2680 1230 subjicit.
2713 1163 2768 1217 Si
2797 1178 3055 1232 geneseos
3085 1176 3297 1225 cursus,
3321 1160 3418 1225 ait,
3462 1178 3494 1216 e

246 1250 448 1321 δρόμος
475 1252 584 1307 ἀπὸ
612 1254 716 1324 γῆς
736 1255 827 1309 τὸν
846 1255 1129 1327 ἄνθρωπον
1159 1260 1251 1312 καὶ
1276 1260 1345 1313 τά
1368 1258 1506 1313 ἄλλα
1534 1259 1644 1312 τῶν
1669 1258 1824 1322 ζώων

246 1344 567 1407 ἀπετέλεσε.
601 1346 719 1409 πῶς
764 1348 881 1401 νυνὶ
925 1349 1095 1418 χωρὶς
1144 1348 1323 1419 γάμου
1367 1348 1492 1403 οὔτε
1539 1348 1826 1420 ἄνθρωπον

247 1434 377 1488 οὔτε
406 1435 479 1489 τά
514 1436 685 1508 μυρία
713 1438 827 1509 εἴδη
848 1439 957 1494 τῶν
987 1438 1140 1502 ζώων
1168 1442 1417 1512 οὐδαμῶς
1444 1442 1763 1513 προάγουσα
1778 1439 1825 1472 ⁸⁷

246 1525 531 1581 δείκνυται
548 1542 565 1593 ;
588 1528 653 1583 El
676 1528 734 1581 δέ
752 1546 874 1582 τινα
896 1528 1097 1583 τούτων
1120 1529 1217 1584 καὶ
1236 1532 1624 1601 νυνὶξπροάγει,
1638 1530 1827 1600 ὥσπερ

249 1615 547 1688 σκώληκας
568 1619 662 1671 καὶ
687 1618 913 1673 τοιαῦτα
929 1619 974 1653 ⁸⁸
997 1619 1137 1684 ἔνια,
1159 1621 1275 1685 πῶς
1309 1620 1384 1692 μὴ
1406 1620 1498 1675 καὶ
1522 1620 1701 1674 πάντα
1724 1621 1827 1673 ὅσα

252 1708 460 1778 ὁμοίως
489 1709 587 1762 ἀπ’
614 1710 792 1780 ἀρχῆς
818 1712 919 1782 τῆς
953 1712 1059 1781 γῆς
1101 1712 1267 1778 ἔδειξε
1293 1713 1570 1782 φυόμενα;
1609 1712 1747 1765 Ἀλλ’
1776 1713 1826 1764 εί

254 1797 356 1851 καὶ
383 1796 585 1869 δρόμος
627 1799 873 1871 ἀστέρων
901 1801 1027 1865 τοὺς
1052 1801 1372 1872 ἀνθρώπους
1397 1801 1506 1857 ἀπὸ
1548 1801 1655 1873 γῆς
1691 1803 1826 1856 κατ’

1923 1259 2065 1306 terra
2098 1252 2370 1307 hominem
2401 1264 2706 1323 caeteraque
2740 1256 2993 1309 animalia
3040 1256 3323 1324 produxit,
3358 1271 3493 1322 quo-

1925 1344 2088 1398 modo
2120 1358 2266 1400 nunc
2293 1345 2411 1399 sine
2435 1345 2689 1415 conjugio
2711 1360 3046 1416 nequaquam
3077 1346 3162 1400 vel
3195 1347 3491 1407 hominem,

1926 1435 2008 1489 vel
2037 1436 2215 1490 varias
2256 1435 2376 1491 illas
2405 1437 2764 1491 animantium
2796 1437 3002 1506 species
3063 1439 3366 1507 producere
3394 1437 3492 1490 de-

1926 1527 2326 1596 prehenditur?
2352 1526 2504 1593 Quod
2552 1528 2596 1583 si
2631 1538 2687 1583 et
2726 1544 2872 1584 nunc
2905 1530 3153 1597 quamam
3196 1542 3381 1582 eorum
3413 1527 3491 1581 sic

1927 1618 2196 1686 producit,
2226 1634 2439 1674 vermes
2470 1629 2598 1689 puta
2646 1630 2703 1674 et
2736 1619 2786 1674 id
2818 1635 2987 1689 genus
3034 1619 3313 1683 nonnulla,
3355 1634 3491 1688 quo-

1927 1710 2087 1765 modo
2137 1725 2241 1766 non
2284 1712 2445 1766 etiam
2505 1712 2686 1767 omnia
2770 1711 2876 1766 alia
2931 1724 3261 1781 quaecunque
3300 1709 3489 1765 eodem

1926 1805 2086 1884 modo
2123 1818 2155 1858 e
2204 1813 2349 1859 terra
2397 1805 2465 1859 ab
2515 1803 2667 1858 initio
2722 1810 2982 1874 prognata
3030 1798 3313 1856 exhibuit?
3341 1798 3410 1853 At
3442 1798 3488 1852 si

249 1863 431 1958 ἀρχὰς
473 1863 697 1951 ἔπλασε,
732 1863 853 1952 πῶς
878 1863 1016 1962 οὐχὶ⁷
1041 1863 1426 1964 καὶ-τεχνίτας
1453 1863 1649 1948 αὐτίκα
1681 1912 1823 1965 συμ-

1927 1869 2067 1952 forte
2096 1896 2377 1952 stellarum
2416 1911 2611 1952 cursus
2650 1897 2902 1951 homines
2949 1910 2981 1951 ο
3030 1905 3173 1951 terra
3200 1896 3353 1950 initio
3382 1894 3492 1947 lor-

244 1979 591 2048 προήγαγεν,
621 1979 757 2034 ἀλλὰ
777 1980 960 2053 πολλῷ
976 1983 1154 2056 χρόνῳ
1175 1983 1301 2037 ὖστε
1309 2001 1401 2054 ρον
1422 1984 1708 2057 τεκτονικὴ
1730 1988 1825 2041 καὶ

244 2069 521 2141 ὑφαντικὴ
555 2072 649 2126 καὶ
694 2073 942 2145 ἱστορικὴ
969 2075 1279 2147 γεωμετρία
1310 2094 1369 2130 τε
1416 2077 1513 2132 καὶ
1561 2077 1825 2150 ῥητορικὴ

243 2163 345 2215 καὶ
378 2163 568 2233 μυρίαι
597 2163 786 2236 τέχναι
811 2165 969 2221 ἄλλαι
999 2167 1281 2238 λογισμοῖς
1319 2167 1684 2239 ἀνθρωπίνοις
1729 2170 1823 2224 εὐ-

249 2252 490 2323 ρέθησάν
519 2271 581 2309 τε
611 2256 707 2311 καὶ
732 2257 1086 2327 ἐπεγένοντο;
1116 2259 1178 2313 El
1199 2259 1255 2312 δὲ
1284 2259 1380 2313 καὶ
1406 2261 1691 2332 προελθεῖν
1716 2263 1826 2319 ἀπὸ

241 2346 352 2415 γῆς
378 2337 895 2419 ἐπιστήμοναςττοὺς
918 2351 1238 2422 ἀνθρώπους
1258 2353 1692 2423 τερατεύσοιντο,
1706 2355 1824 2420 πῶς

242 2438 370 2491 τότε
403 2442 500 2512 μὲν
525 2442 653 2498 ἄνευ
679 2440 968 2512 μαθήσεως
991 2442 1353 2512 ἐπιστήμονες
1374 2443 1689 2512 ἀνεφύοντο,
1706 2449 1824 2501 νυνὶ

241 2530 300 2583 δὲ
332 2531 518 2595 πόνοις
543 2532 638 2585 καὶ
666 2531 919 2602 μελέταις
954 2530 1106 2602 μόλις
1136 2531 1461 2602 κατορθοῦσι
1506 2534 1608 2605 τὴν
1650 2536 1824 2607 μάθη-

245 2638 371 2688 σιν;
405 2621 518 2676 Ποῦ
547 2622 592 2676 δ’
622 2622 716 2677 οὖν
755 2623 961 2693 οἴχεται
986 2622 1183 2693 δρόμος
1210 2624 1417 2687 ἐκεῖνος
1444 2624 1473 2676 6
1499 2624 1760 2693 παλαιὸς,
1796 2629 1825 2681 6

246 2714 379 2777 τοὺς
423 2714 542 2784 ἅμα
585 2717 650 2787 τῇ
704 2715 913 2786 προόδῳ
963 2716 1160 2783 σοφοὺς
1181 2714 1226 2747 ⁸⁹
1279 2715 1663 2781 ἀναπλάττων;
1716 2719 1825 2772 Καὶ

241 2805 414 2858 πόθεν
446 2806 516 2860 τὰ
538 2805 632 2859 νῦν
657 2805 955 2878 ἀντανέστη
982 2806 1012 2859 6
1042 2806 1169 2871 τοὺς
1198 2795 1491 2877 αὐτοφῦεῖς
1522 2809 1824 2880 ἐπιστήμο-

239 2916 346 2963 νας
374 2900 556 2962 πόνοις
588 2898 935 2970 προϐιὸάζων
962 2899 1059 2953 καὶ
1090 2901 1273 2971 μακρᾷ
1303 2900 1535 2972 μελέτης
1570 2902 1635 2955 Τί
1664 2902 1707 2955 δ’
1730 2898 1825 2957 οὖν

239 2992 272 3041 6
299 2989 584 3060 μιαιφόνος
615 2989 884 3060 ἔπραττεν
904 2991 1076 3062 ’Δρης
1096 2992 1216 3044 τότε
1237 2992 1348 3046 τῶν
1372 2991 1674 3063 ἀνθρώπων
1693 3011 1797 3049 κατ
1811 2996 1825 3018 ’

241 3081 498 3152 ἀλλήλων
542 3082 641 3153 οὐχ
686 3080 1091 3151 ὀπλιζομένων;
1137 3083 1249 3137 Ποῦ
1295 3083 1342 3138 δ’
1370 3086 1399 3138 6
1449 3086 1701 3155 βασιλέας
1730 3088 1824 3141 καὶ

1926 1986 2113 2051 mavit,
2145 1999 2244 2039 cur
2268 1999 2373 2040 non
2419 2000 2515 2041 eos
2549 1985 2622 2038 ita
2668 1984 2940 2055 produxit,
2978 1994 3038 2039 ut
3079 1982 3239 2039 simul
3280 1982 3490 2037 artibus

1926 2078 2175 2133 instructi
2218 2077 2545 2147 prodirent?
2576 2077 2671 2132 sed
2699 2076 2858 2148 longo
2893 2086 3015 2145 post
3043 2085 3283 2146 tempore
3320 2084 3376 2129 et
3410 2073 3489 2128 fa-

1923 2168 2078 2225 brilis
2118 2183 2210 2223 ars
2250 2178 2416 2236 atque
2457 2168 2713 2235 textoria,
2754 2176 2809 2223 et
2855 2166 3137 2233 historica,
3170 2166 3488 2234 geometria,

1923 2261 2220 2325 rhetorica,
2270 2260 2499 2330 aliasque
2572 2261 2867 2315 innumerze
2910 2266 3054 2314 artes
3093 2260 3329 2313 humano
3361 2266 3490 2313 sunt

1925 2354 2139 2424 ingenio
2163 2338 2396 2422 primum
2434 2352 2751 2422 excogitata:
2782 2358 2946 2419 atque
2977 2351 3250 2405 inductae?
3275 2348 3331 2404 Si
3360 2362 3490 2403 vero

1923 2446 2234 2521 provenisse
2261 2444 2508 2502 homines
2536 2443 2665 2498 olim
2690 2443 2917 2498 scientia
2954 2443 3248 2497 instructos
3274 2454 3306 2495 e
3345 2450 3488 2494 terra

1934 2547 2241 2608 nugentur:
2265 2535 2536 2607 quomodo
2570 2543 2700 2589 tunc
2729 2534 2849 2589 sine
2875 2532 3159 2602 disciplina
3191 2531 3333 2586 docti
3363 2542 3490 2585 sunt

1926 2631 2060 2697 nati,
2100 2628 2195 2700 qui
2223 2643 2365 2684 nunc
2390 2628 2478 2682 vix
2516 2626 2699 2682 multis
2728 2625 3001 2680 laboribus
3027 2635 3193 2695 atque
3219 2623 3488 2678 exercita-

1927 2720 2162 2775 tionibus
2190 2718 2510 2773 doctrinam
2541 2716 2777 2787 parant?
2811 2714 2928 2781 Quo
2974 2728 3116 2768 nunc
3146 2712 3309 2782 igitur
3337 2721 3492 2766 vetus

1932 2811 2023 2865 ille
2056 2825 2249 2865 cursus
2279 2809 2527 2871 recessit,
2556 2810 2646 2878 qui
2673 2808 2741 2862 ab
2774 2806 2894 2876 ipso
2924 2817 3043 2860 ortu
3076 2804 3348 2873 sapientes
3389 2803 3489 2857 ho-

1924 2904 2098 2958 mines
2152 2900 2547 2972 ﬂugebat‘lant
2593 2900 2734 2953 unde
2780 2898 2872 2953 hic
2921 2904 3107 2951 noster
3143 2896 3363 2965 prodiit,
3396 2895 3489 2963 qui

1923 3004 2115 3050 natura
2146 3008 2243 3048 sua
2274 2992 2477 3063 peritos
2520 2989 2733 3045 nonnisi
2788 3001 2886 3058 per
2923 2986 3134 3042 labores
3168 3000 3233 3041 ac
3280 2985 3489 3054 longam

1923 3082 2367 3140 exercitationem
2403 3080 2655 3151 provehit
2674 3079 2698 3133 2
2720 3078 2859 3146 Quid
2892 3076 3056 3148 igitur
3087 3074 3319 3132 crudelis
3347 3074 3492 3130 Mars

240 3176 516 3245 ἄρχοντας
542 3174 713 3230 ποιῶν
732 3175 839 3229 τῶν
858 3175 1099 3247 ἀστέρων
1124 3175 1342 3247 δρόμος,
1369 3176 1592 3242 πολλαῖς
1613 3182 1824 3247 γενεαῖς

1929 3188 2039 3234 tum
2083 3176 2336 3242 faciebat,
2368 3190 2490 3229 cum
2521 3173 2769 3229 homines
2803 3171 2856 3226 in
2883 3181 3121 3224 mutuam
3152 3167 3352 3222 caedem
3384 3181 3491 3219 non

242 3268 481 3336 ὕστερον
506 3268 601 3321 καὶ
626 3267 688 3321 τὸ
712 3266 854 3321 κατά
879 3266 1072 3339 κώμας
1101 3270 1288 3334 οἰκεῖν,
1325 3271 1399 3342 μή
1430 3270 1484 3323 τί
1512 3287 1574 3339 γε
1611 3271 1767 3327 πόλιν
1789 3273 1823 3344 ἢ

242 3357 428 3427 ἀρχὴν
471 3356 668 3410 εἰδέναι
715 3358 1154 3429 ὲπινοησάντωνς
1187 3358 1278 3412 διὰ
1316 3359 1370 3413 τί
1410 3360 1469 3415 δὲ
1512 3361 1679 3415 πάλαι
1725 3364 1826 3434 μὲν

243 3449 530 3519 ἄνθρωποι
561 3448 768 3519 τεχνῶν
809 3450 1174 3520 ἐχρημάτιζον
1217 3452 1461 3523 εὑρεταὶ,
1496 3453 1592 3507 νῦν
1620 3453 1678 3508 δὲ
1708 3457 1828 3520 ταῖς

244 3537 643 3610 ὲξευρημέναις
683 3540 1011 3610 ἀρκούμενοι
1052 3542 1365 3613 περαιτέρω
1412 3545 1693 3616 προελθεῖν
1726 3547 1828 3602 οὐκ

243 3630 590 3697 ἑπινοοῦσινς
625 3632 699 3685 Ἦ
730 3632 889 3702 δῆλον
917 3634 999 3687 ὅτι
1041 3635 1071 3686 6
1108 3634 1259 3706 παρά
1286 3636 1423 3691 Θεοῦ
1462 3640 1578 3703 τοῖς
1616 3640 1829 3712 ἀνθρώ-

244 3740 380 3786 ποις
404 3723 576 3788 δοθεὶς
602 3725 746 3798 νοῦς,
781 3727 959 3797 χρόνῳ
987 3727 1082 3780 καὶ
1110 3730 1255 3798 πόνῳ
1283 3730 1376 3783 καὶ
1404 3735 1513 3801 πρό
1536 3748 1598 3800 γε
1622 3733 1828 3789 τούτων

242 3814 321 3882 τῇ
347 3812 552 3866 ἀνωθεν
582 3814 843 3885 συνεργίᾳ
868 3815 938 3869 τά
965 3816 1101 3886 πρὸς
1134 3818 1225 3871 τὸν
1255 3818 1370 3888 βίον
1396 3822 1643 3892 χρήσιμα
1675 3823 1829 3890 ἐξευ-

249 3902 387 3974 ρὼν,
421 3904 551 3976 ἔστη
581 3904 678 3960 τοῦ
704 3908 1039 3978 πορρωτέρω
1064 3909 1160 3962 καὶ
1192 3909 1371 3981 μάτην
1402 3914 1829 3985 ὲνταλαιπωρεῖ-

248 3995 381 4050 σθαι
408 3998 528 4059 ταῖς
560 3997 846 4062 ἐπινοίαις.
877 3999 1004 4063 Πῶς
1040 3999 1100 4053 δὲ
1138 3998 1235 4054 τοῦ
1262 4001 1428 4056 αὑτοῦ
1458 4003 1648 4071 γένους
1676 4005 1829 4071 ἔθνος

249 4087 355 4156 μὲν
381 4084 671 4156 ὁλόκληρον
696 4088 860 4158 κομᾷ,
884 4088 1014 4142 ἀλλο
1035 4087 1092 4143 δὲ
1117 4088 1395 4162 κείρεται;
1427 4093 1539 4147 Kal.
1569 4093 1697 4147 ἄλλο
1729 4096 1828 4165 μὲν

249 4179 618 4250 μητρογαμεῖ,
639 4178 708 4231 τά
737 4178 907 4232 πλείω
928 4178 985 4233 δὲ
1011 4181 1262 4251 μυσαράν
1283 4182 1382 4252 τὴν
1407 4184 1609 4253 πρᾶξιν
1634 4185 1829 4256 ήγοῢνο

244 4284 377 4334 ται;
418 4271 528 4324 Καὶ
562 4270 784 4341 μυρίαις
811 4271 997 4335 ἄλλαις
1029 4274 1523 4344 κατατέμνονται⁸⁹
1547 4276 1830 4349 διαφοραῖς

242 4359 452 4429 νόμων,
491 4359 639 4429 βίων,
671 4360 808 4415 ἐθῶν
828 4376 842 4389 ·
876 4362 971 4416 καὶ
995 4362 1172 4425 οὐδεὶς
1195 4364 1442 4435 ἀστέρων
1472 4366 1673 4438 δρόμος
1702 4366 1827 4423 οὔτε

242 4452 378 4515 τοὺς
425 4453 674 4524 κομήτας
702 4453 877 4523 κείρει
898 4496 916 4521 ,
947 4455 1072 4508 οὗτε
1101 4456 1226 4517 τοὺς
1262 4458 1619 4526 κειρομένους
1650 4461 1829 4531 κομᾷν

1925 3269 2316 3326 armarentur?
2362 3267 2462 3324 Ubi
2517 3274 2788 3323 astrorum
2835 3277 3033 3318 cursus
3084 3260 3174 3316 ille
3206 3274 3389 3327 regum
3438 3268 3495 3313 et

1924 3360 2230 3431 principum
2270 3356 2454 3412 multis
2504 3363 2625 3425 post
2671 3351 2905 3415 saeculis,
2946 3359 3007 3404 ut
3045 3357 3101 3405 et
3135 3362 3297 3418 pagos
3340 3345 3493 3401 habi-

1926 3449 2076 3505 tandi
2101 3457 2306 3511 auctor,
2327 3462 2450 3503 cum
2468 3456 2642 3515 neque
2665 3449 2846 3498 mente
2874 3438 3089 3509 quidem
3117 3438 3303 3491 urbem
3328 3434 3494 3488 ullam

1927 3552 2020 3600 aut
2070 3541 2362 3610 imperium
2413 3537 2661 3592 homines
2693 3527 3133 3600 excogitassenti
3160 3525 3268 3583 Cur
3311 3524 3495 3580 adbaac

1926 3638 2054 3694 olim
2093 3633 2342 3690 homines
2388 3629 2582 3684 artium
2620 3626 2935 3681 inventores
2976 3628 3152 3682 erant,
3178 3632 3324 3673 nunc
3363 3630 3497 3671 vero

1925 3727 2163 3786 inventis
2206 3720 2446 3780 contenti
2496 3717 2707 3786 longius
2753 3712 3009 3784 progredi
3064 3725 3171 3764 non
3221 3708 3496 3764 student?

1927 3817 2268 3872 Manifestum
2311 3820 2462 3867 certe
2504 3812 2685 3864 datam
2717 3820 2749 3859 a
2778 3803 2889 3859 Deo
2938 3800 3246 3858 hominibus
3295 3797 3496 3853 intelli-

1928 3907 2087 3980 gendi
2116 3906 2248 3969 vim,
2278 3911 2397 3973 post
2422 3902 2635 3954 inventa
2671 3910 2793 3951 cum
2834 3903 3079 3961 tempore
3114 3900 3168 3945 et
3202 3888 3405 3953 labore,
3432 3904 3497 3943 ac

1929 3977 2270 4067 potissimum
2319 4002 2440 4043 cum
2474 3984 2686 4041 cmlesti
2737 3981 2938 4037 auxilio
2977 3994 3040 4034 ea
3073 3992 3192 4048 qua:
3220 3977 3287 4029 ad
3333 3978 3497 4030 vitam

1930 4087 2185 4144 tuendam
2225 4091 2384 4139 erant
2421 4080 2597 4144 utilia,
2629 4077 2741 4148 jam
2772 4074 3104 4140 constitisse,
3140 4085 3318 4140 neque
3356 4070 3497 4125 ultra

1929 4178 2225 4250 quidquam
2255 4172 2461 4229 frustra
2494 4167 2968 4227 comminiscendis
2989 4165 3146 4221 novis
3171 4163 3495 4219 allaborare.

1928 4271 2215 4339 Quomodo
2245 4268 2375 4323 item
2400 4264 2641 4336 ejusdem
2675 4260 2970 4333 provincia:
3003 4258 3291 4313 totaonatio
3318 4254 3498 4323 aliqua

1930 4379 2143 4421 comam
2171 4359 2367 4423 nutrit,
2397 4357 2502 4413 alia
2527 4353 2820 4411 tondetur?
2857 4351 2925 4407 Et
2951 4348 3197 4421 quaedam
3223 4361 3357 4418 gens
3384 4362 3499 4400 ma-

1933 4458 2103 4513 tribus
2132 4455 2413 4517 miscetur,
2437 4451 2616 4520 plures
2637 4461 2766 4501 vero
2788 4446 2931 4500 hunc
2957 4438 3354 4499 exsecrandum
3380 4452 3502 4492 esse

244 4517 585 4608 ἐκϐιάζεται,
616 4544 737 4597 οὐδὲ
928 4544 1025 4617 11.]
1055 4546 1123 4599 τὰ
1152 4546 1288 4601 ἄλλα
1315 4517 1575 4617 πράττειν
1598 4517 1822 4618 ἀλλους,

1934 4564 2139 4605 morem
2186 4517 2573 4603 ducunt?'Etsi
2613 4540 2734 4595 aliis
2760 4538 2983 4607 insuper
3021 4530 3501 4590 innumerabilibus

244 4636 349 4690 ὃσα
375 4637 488 4699 τοῖς
523 4635 674 4707 παρὰ
707 4635 859 4704 σφίσι
887 4635 1075 4706 νόμοις
1105 4637 1207 4690 οὐκ
1229 4636 1454 4708 ἔμαθον.
1484 4641 1597 4695 Καὶ
1627 4643 1697 4698 τὰ
1723 4643 1826 4713 μὲν

241 4726 339 4780 τοῦ
369 4727 637 4797 παρόντος
663 4724 960 4795 κεφαλαίου
988 4727 1232 4781 τοιαῦτα.

1932 4638 2253 4694 differentiis
2299 4637 2500 4704 legum,
2535 4633 2680 4697 vitae,
2712 4644 2776 4685 ac
2816 4624 3270 4683 consuetudinum
3306 4621 3501 4675 distin-

1933 4739 2193 4803 guuntur,
2242 4740 2416 4795 neque
2462 4736 2640 4779 tamen
2688 4719 2831 4775 ullus
2874 4717 3114 4773 siderum
3168 4726 3363 4769 cursus
3408 4717 3504 4766 aut

242 4829 493 4874 comatos
527 4818 733 4884 tondet,
772 4827 865 4872 aut
888 4826 1139 4873 attonsos
1166 4834 1379 4874 comam
1402 4819 1550 4878 alere
1581 4826 1742 4896 cogit,
1771 4840 1867 4889 aut
1903 4831 2011 4886 alia
2041 4829 2176 4883 alios
2202 4825 2402 4885 facere,
2443 4833 2562 4888 quae
2587 4815 2703 4870 suis
2738 4812 2841 4884 ipsi
2912 4811 3122 4880 legibus
3174 4807 3320 4864 docti
3394 4818 3502 4860 non

244 4922 394 4971 sunt.
424 4911 553 4967 Haec
575 4922 753 4966 autem
782 4911 903 4981 ipso
929 4912 1105 4981 capite
1135 4913 1501 4968 continentur.

315 5006 411 5059 Ἐν
438 5004 497 5058 δὲ
521 5003 600 5074 τῷ
634 5003 760 5073 ἑξῆς
784 5004 980 5072 ἐπάγει
1008 5003 1104 5066 ὡς,
1130 5004 1296 5058 είνκαὶ
1319 5004 1529 5071 δόξαιεν
1555 5013 1828 5080 καταφεύ-
1906 5054 1913 5057 ,

242 5115 364 5167 γειν
392 5097 447 5150 οἱ
474 5096 573 5166 τῆς
620 5096 966 5168 εἱμαρμένης
1019 5096 1249 5167 ἐρασταὶ
1278 5098 1370 5150 ἐπὶ
1404 5099 1532 5163 τοὺς
1577 5118 1827 5174 παρανα-

240 5190 555 5254 τέλλοντας,
588 5188 639 5242 οἳ
688 5186 797 5241 τῶν
844 5187 1050 5254 ζωδίων
1083 5187 1180 5241 καὶ
1219 5188 1329 5241 τῶν
1369 5189 1657 5263 πλανήτων
1684 5197 1825 5251 εἰσὶν

242 5284 426 5354 ἕτεροι
480 5282 575 5337 καὶ
622 5280 744 5335 οὔτε
790 5283 903 5346 τοῖς
948 5283 1048 5353 τῆς
1098 5282 1367 5350 γενέσεως
1414 5285 1821 5359 ἀποτελέσμασι

242 5374 531 5445 χαίρουσιν
562 5371 687 5427 οὔτε
731 5371 981 5443 ἀλλήλοις
1007 5372 1322 5443 συνᾴδουσιν
1346 5414 1362 5440 ,
1392 5375 1531 5430 ἀλλά
1562 5377 1704 5431 κατὰ
1728 5380 1827 5444 τὰς

244 5464 358 5518 τῶν
400 5462 680 5534 κλιμάτων
727 5461 993 5535 διαφορὰς
1037 5463 1267 5526 ἕκαστος
1314 5464 1495 5519 αὐτῶν
1538 5468 1607 5522 τὰ
1652 5470 1827 5525 οἰκεῖα

211 5604 218 5625 ,
248 5557 480 5627 χορηγεῖ
522 5553 959 5623 ἀποτελέσματα,
992 5553 1304 5610 εἰπάτωσαν
1332 5557 1467 5628 ἡμῖν
1495 5560 1598 5613 ποῦ
1634 5560 1694 5614 τὸ
1727 5562 1829 5633 τῆς

2007 5004 2263 5063 Proximo
2288 5013 2418 5054 vero
2446 4996 2574 5051 illud
2610 4993 2863 5049 adducit:
2893 4991 2951 5047 Si
2974 4988 3135 5046 etiam
3161 4986 3257 5043 fati
3293 4994 3504 5040 amato-

1932 5114 2027 5158 res
2071 5097 2148 5152 illi
2195 5089 2505 5163 fugiendum
2536 5094 2726 5157 putent
2762 5084 2829 5138 ad
2872 5081 3171 5137 vicinarum
3222 5077 3504 5134 stellarum

1930 5199 2154 5249 exortus
2175 5192 2318 5257 (qua:
2337 5200 2367 5237 a
2388 5179 2555 5251 signis
2573 5186 2736 5245 atque
2767 5172 2996 5246 planetis
3026 5171 3252 5226 diversae
3270 5208 3287 5234 ,
3306 5167 3506 5237 218a

1929 5280 2190 5339 fatalibus
2219 5286 2477 5346 geneseos
2523 5267 2734 5325 eventis
2784 5265 2974 5321 aﬂines
3001 5276 3107 5317 non
3138 5267 3290 5324 sunt,
3326 5270 3503 5324 neque

1934 5378 2080 5431 inter
2112 5387 2173 5427 se
2200 5366 2572 5425 consentiunt,
2597 5361 2691 5415 sed
2720 5372 2817 5430 pro
2844 5357 3119 5412 climatum
3162 5349 3504 5411 differentiis,

1932 5464 2159 5537 singula:
2188 5475 2317 5518 suos
2336 5456 2682 5527 suppeditant
2699 5448 2975 5517 eventus),
3010 5446 3192 5501 dicant
3219 5442 3377 5499 velim
3406 5457 3506 5496 no-

1934 5534 2049 5620 bis;
2077 5555 2296 5611 ubinam
2323 5549 2394 5605 sit
2424 5559 2682 5618 geneseos
2709 5544 3031 5599 inconcussa
3053 5536 3144 5593 illa
3171 5534 3401 5590 ﬁrmitas
3426 5540 3506 5584 at-

1544 5669 1778 5729 VARMS
1817 5666 2234 5727 LECTIONES.

320 5756 365 5835 ξ’
396 5756 567 5835 πρὸς]
600 5758 675 5822 ὡς
702 5754 768 5823 Α.
798 5757 888 5835 --⁸⁸
913 5758 1102 5835 τοῦτον
1147 5776 1206 5822 ς.
1280 5756 1326 5789 ⁸⁷
1357 5762 1705 5835 προσάγουσα
1754 5783 1812 5830 ς.
1894 5764 1938 5796 ³⁸
1966 5763 2161 5835 ὥσπερ
2202 5760 2296 5817 καὶ
2340 5755 2504 5814 σκώλ.
2558 5751 2655 5808 καὶ
2702 5749 2770 5805 τὰ
2814 5741 3038 5800 τοιαῦτα
3068 5759 3130 5810 ς·
3205 5741 3251 5776 ⁸⁵
3289 5738 3503 5813 προόδῳ

254 5828 376 5895 τοὺς
418 5828 617 5922 σρφοὺς
661 5846 722 5893 ς,
797 5828 843 5861 ⁸⁸
870 5830 1267 5899 κατατέμνεται
1296 5846 1358 5893 ς.
