3924 6394
597 352 703 415 863

1746 358 2013 421 ΡΗΟΤΙΙ
2043 360 2548 423 PATRIARCH/E
2586 366 2695 428 CP.

3731 378 3815 440 864

590 479 698 531 que
731 464 1088 519 constantia?
1122 465 1197 520 Ex
1228 465 1297 523 iis
1318 468 1462 523 enlm
1496 484 1616 539 qua:
1645 468 1748 539 ipsi
1777 472 2022 527 referunt
2043 474 2135 525 sati

2237 497 2251 529 ι
2276 472 2543 541 γενέσεως
2574 474 2793 545 βέϐαιον
2836 474 2935 528 καί⁵
2971 474 3267 530 ἀσάλευτον
3285 490 3301 507 ο
3327 473 3559 541 ἕκαστος
3588 477 3692 550 γὰρ
3715 489 3815 539 τού.

590 567 838 625 apparet,
860 558 1096 627 propriis
1119 560 1321 616 viribus
1348 563 1539 616 barum
1569 563 1812 633 singulas
1847 564 1992 619 illius
2042 564 2169 617 eire-

591 658 713 701 ctus
744 650 1083 708 rescindere.
1114 651 1433 720 Quanquam
1472 671 1576 708 non
1600 670 1792 711 omnes
1823 656 1966 711 idem
2009 665 2168 711 terrae

590 737 823 805 spatium
855 740 1146 796 obtinent:
1177 743 1354 812 qualis
1386 744 1455 796 sit
1482 743 1773 799 Persarum
1802 753 1965 814 atque
1991 744 2166 800 Ibero-

593 843 707 881 rum
751 831 947 898 portio,
1002 831 1085 885 vel
1115 834 1377 888 Lazorum
1419 846 1580 903 atque
1640 836 2030 902 Romanorum,
2067 852 2162 892 seu

591 919 818 973 aliorum
850 936 1323 992 quorumcunque.
1360 925 1642 991 Quomodo
1673 926 1841 997 igitur
1882 929 1997 982 brec
2031 944 2163 998 gens

586 1013 848 1078 oppositis
874 1014 1007 1067 adeo
1038 1013 1180 1070 illius
1212 1017 1389 1083 gentis
1420 1017 1631 1071 vivendi
1664 1019 1891 1082 normis,
1954 1020 2161 1090 legibus

588 1118 651 1156 ac
676 1105 917 1160 moribus
943 1106 1322 1175 gubernatur?
1354 1107 1557 1163 Deinde
1586 1110 1857 1177 quomodo
1889 1110 2159 1181 pleraeque

581 1199 769 1258 gentes
797 1206 923 1245 suos
943 1209 1169 1263 qumque
1204 1196 1337 1249 lines
1369 1196 1686 1262 incolentes,
1706 1198 1760 1252 in
1787 1199 2155 1256 Romanorum

584 1279 845 1333 terminos
881 1284 1197 1341 irruerunt?
1227 1284 1412 1339 Tertio
1449 1302 1595 1349 vero,
1621 1288 1875 1358 migravit
1901 1290 2031 1344 olim
2064 1306 2155 1359 po-

580 1370 738 1435 pulus
763 1369 1023 1428 .ludaicus
1049 1375 1099 1427 in
1127 1374 1443 1447 Aﬁgyptum,
1470 1394 1645 1447 neque
1678 1389 1859 1435 tamen
1887 1395 1917 1434 a
1965 1382 2156 1449 patriis

580 1454 787 1522 legibus
832 1462 1089 1516 recessit:
1138 1480 1201 1517 ex
1245 1463 1483 1535 ASgypto
1511 1466 1708 1523 deinde
1765 1469 1908 1525 idem
1954 1471 2152 1526 iterum

576 1547 916 1615 demigrans,
962 1550 1308 1608 Palaestinam
1368 1565 1422 1611 et
1482 1558 1741 1614 Arabiam
1791 1560 2149 1629 inbabitavit,

578 1635 871 1691 itlololulris
916 1640 1064 1707 prius
1096 1643 1232 1696 bello
1259 1642 1467 1711 pulsis;
1506 1660 1603 1700 nec
1660 1661 1689 1700 a
1739 1647 1973 1703 Mosaica
2029 1653 2151 1707 ideo

2269 582 2377 620 των
2433 566 2589 631 ἰδίαις
2637 568 2941 639 ἐνεργείαις
2966 568 3035 621 τὰ
3066 571 3272 639 ταύτης
3296 568 3641 629 ἀνακόπτων,
3667 572 3721 637 ἐξ
3758 573 3816 633 ὧν

2268 675 2455 726 φασιν,
2487 660 2856 715 ἐπιδείκνυται
2878 662 3316 732 ἀποτελέσματα.
3345 661 3540 715 Καίτοι
3570 662 3686 716 οὐδὲ
3708 670 3816 722 πάν.

2265 767 2358 812 τες
2385 751 2446 804 τὸ
2476 753 2608 809 αὐτὸ
2633 755 2733 824 τῆς
2767 758 2875 826 γῆς
2920 756 3107 825 ἔχουσι
3152 755 3369 827 μέτρον,
3400 749 3512 809 οἷον
3560 756 3594 824 ἡ
3626 757 3817 828 Περσῶν

2264 841 2360 895 καὶ
2395 843 2620 915 Ἰϐήρων
2655 848 2819 917 μοῖρα
2852 845 2885 916 ἢ
2933 848 2967 918 ἡ
3011 846 3208 911 Λαζῶν
3238 846 3333 900 καὶ
3364 848 3653 916 Ῥωμαίων
3678 849 3815 918 ἡτῶν

2262 934 2458 990 ἄλλων.
2497 936 2623 1001 Πῶς
2667 934 2760 992 οῦν
2808 938 2929 993 τόδε
2958 939 3019 993 τὸ
3035 940 3078 972 ⁵¹
3110 940 3263 1003 ἔθνος
3306 940 3503 1010 πρὸς⁸’
3532 940 3654 993 τόδε
3696 944 3815 998 ἀντι-

2262 1031 2541 1101 κειμένοις
2587 1034 2684 1087 καὶ
2731 1033 2831 1106 βίῳ
2872 1035 2969 1089 καί⁷
2997 1035 3183 1106 νόμοις
3214 1038 3309 1091 καὶ
3340 1037 3496 1106 ἤθεσι
3520 1036 3813 1106 διοικεῖται;

2260 1120 2525 1191 Δεύτερον
2554 1124 2612 1177 δὲ
2638 1124 2757 1190 πῶς
2779 1125 2849 1180 τὰ
2873 1125 3099 1182 πλεῖστα
3127 1127 3236 1180 τῶν
3262 1126 3432 1181 ἐθνῶν
3472 1129 3529 1180 ὲν
3554 1129 3671 1189 τοῖς
3710 1129 3815 1194 ἰδίας

2257 1212 2363 1282 γῆς
2388 1214 2537 1284 ὅροις
2584 1215 2844 1288 ἱδρυμένα
2870 1220 2951 1281 εἰς
2980 1218 3049 1272 τὰ
3081 1218 3192 1272 τῶν
3224 1218 3513 1289 Ῥωμαίων
3550 1218 3816 1288 μετέϐαλεν

2256 1303 2362 1375 non
2388 1321 2404 1370 ;
2434 1303 2560 1379 [692
2596 1306 2688 1380 R.]
2731 1308 2892 1362 Ἀλλὰ
2941 1308 3039 1363 καὶ
3085 1308 3292 1380 τρίτον,
3343 1307 3634 1379 μετῴκησε
3650 1309 3695 1339 ⁸⁸
3740 1312 3817 1379 μὲν

2254 1392 2317 1446 τὸ
2339 1393 2388 1426 ⁸⁵
2428 1395 2699 1453 Ἰουδαίων
2727 1397 2879 1463 ἔθνος
2905 1400 2986 1462 εἰς
3007 1399 3282 1467 Αἰγυπτον
3304 1439 3319 1461 ,
3350 1399 3461 1452 τῶν
3493 1398 3551 1453 δὲ
3578 1399 3816 1469 πατρῴων

2253 1483 2435 1555 νόμων
2458 1486 2521 1539 οὐ
2551 1488 2879 1561 μετανέστη.
2908 1489 3190 1557 Αἰγύπτου
3208 1489 3268 1543 δὲ
3298 1488 3463 1544 πάλιν
3491 1490 3815 1543 ἀπαναστάν-

2251 1590 2346 1638 τες
2396 1574 2763 1647 Παλαιστίνην
2810 1578 2909 1649 μὲν
2942 1577 3038 1632 καὶ
3068 1578 3329 1651 Ἀραϐίαν
3374 1576 3687 1639 ὲποικοῦσι,
3715 1579 3815 1642 τοὺς

2251 1666 2383 1736 πρὶν
2445 1666 2730 1732 οἰκοῦντας
2777 1670 3173 1738 εἰδωλολάτρας
3216 1670 3479 1740 πολέμοις
3513 1670 3810 1742 ὠσάμενον

574 1724 687 1793 lege
718 1728 965 1795 descivit,
1021 1743 1078 1784 ut
1130 1749 1304 1803 neque
1346 1744 1492 1801 tunc,
1537 1750 1659 1791 cum
1692 1737 1745 1791 iu
1779 1740 2135 1809 captivitatem

2250 1724 2479 1813 καὶτῶν
2512 1724 2822 1815 Μωσαῖκῶν
2873 1761 2935 1814 οὐ
2984 1724 3419 1834 παρετράπησαν
3457 1724 3817 1832 νόμωνῖίδλν

568 1815 897 1888 Babylonem
933 1823 1198 1880 deductus
1228 1835 1330 1891 est,
1368 1828 1461 1882 sed
1496 1843 1596 1883 nec
1632 1840 1817 1897 postea
1852 1847 1947 1901 per
1976 1826 2135 1888 t'otam

2494 1809 2950 1922 iubwuiévu
2976 1809 3385 1923 έᾷξῗάλῖυτοέτδ
3412 1809 3565 1917 ἐθνοέ
3588 1854 3811 1925 ἀπήχθη,

570 1918 769 1963 terram
830 1912 1103 1982 dispersus
1170 1918 1372 1984 patrias
1424 1918 1569 1989 leges
1625 1920 1885 1977 deseruit.
1936 1922 2146 1983 Nullius

569 2001 715 2055 enim
750 2012 903 2057 extra
937 2007 1218 2063 zodiacum
1258 2010 1444 2078 posita:
1477 2012 1647 2067 stella:
1671 2027 1845 2079 ortus,
1881 2032 1945 2071 ac
1970 2033 2145 2088 neque

573 2093 788 2160 genesis
818 2094 956 2162 ipsa,
983 2098 1416 2154 circumcisionis
1443 2102 1564 2158 illos
1609 2112 1702 2158 aut
1736 2106 1948 2161 sabbati
2001 2124 2141 2177 ιιι-ιιι-

565 2190 779 2249 ceptum
816 2186 1027 2242 solvere
1052 2191 1247 2260 coegit.
1266 2192 1405 2257 Quin
1430 2203 1483 2253 et
1503 2206 1748 2251 nostrum
1775 2213 1969 2267 genus,
1992 2200 2144 2256 Chri-

564 2272 862 2328 Stianorum
882 2276 1124 2346 inquam,
1149 2285 1561 2353 quadringentis
1583 2289 1781 2344 abhinc
1805 2292 1961 2347 anuis
1984 2308 2144 2348 exor-

565 2370 698 2429 lum,
745 2367 926 2423 subito
973 2371 1180 2440 orbem,
1212 2391 1315 2443 qua
1368 2386 1535 2445 patet,
1583 2385 1902 2450 occupavit,
1940 2399 1973 2439 a
2025 2390 2139 2442 suis

560 2465 722 2521 gente
751 2459 989 2526 qualibet
1018 2463 1211 2519 ritibus
1244 2466 1497 2533 abducta,
1526 2480 1690 2539 atque
1730 2476 1796 2527 ad
1838 2476 2135 2533 ducendam

560 2561 623 2599 ex
645 2551 862 2615 pietatis
893 2556 1206 2625 praescripto
1236 2558 1401 2613 vitam
1434 2561 1623 2616 tralata
1651 2581 1665 2617 :
1696 2580 1800 2619 non
1830 2567 1882 2621 id
1904 2572 2134 2636 patriam

560 2642 836 2710 titillando,
875 2646 966 2700 sed
1013 2649 1064 2702 in
1116 2654 1327 2715 eadem,
1380 2663 1437 2706 ιιι
1488 2654 1756 2723 solebant,
1795 2661 2131 2734 habitando;

556 2741 720 2800 atque
752 2736 823 2788 ita
852 2747 1063 2792 vetusta
1088 2741 1175 2794 illa
1210 2744 1489 2798 stellarum
1515 2747 1707 2802 harum
1740 2755 2131 2820 apotelesmata

558 2823 826 2881 imbecilla
867 2842 921 2884 et
959 2830 1068 2885 risu
1096 2834 1255 2902 digna
1290 2836 1663 2908 relinquendo.
1704 2840 1891 2911 Itaque
1921 2850 1988 2901 ab
2033 2850 2133 2903 bo-

556 2917 790 2973 miuibus
828 2921 1059 2979 indoctis
1106 2927 1314 2994 prolata
1345 2930 1617 2999 doctrina,
1648 2936 1762 2990 lucc
1804 2938 1919 3007 ipsa
1950 2942 2130 2995 niani-

553 3007 691 3063 feste
737 3015 954 3082 evertit,
1007 3018 1204 3085 quibus
1251 3023 1562 3090 pudibunda
1618 3031 1847 3088 cedebat
1896 3035 2131 3095 imbellis

2247 1937 2345 1991 καὶ
2399 1938 2539 2009 μετὰ
2584 1940 2810 2011 χρόνους
2853 1941 2934 2005 εἰς
2980 1942 3164 1995 πᾶσαν
3193 1941 3292 2012 τὴν
3322 1943 3427 2013 γῆν
3455 1942 3811 2013 διεσκεδάσθη,

2253 2025 2394 2101 [καὶ]
2418 2029 2526 2085 τῶν
2560 2030 2833 2102 πατρῴων
2860 2033 2961 2086 οὐκ
2987 2034 3336 2103 ἁπεστάτησε
3368 2033 3573 2104 νόμων,
3594 2034 3691 2087 καὶ
3710 2034 3810 2088 οὐτε

2242 2136 2328 2185 τις
2355 2120 2465 2175 τῶν
2507 2122 3025 2193 παρανατελλόντων
3073 2122 3196 2178 οὔτε
3232 2126 3264 2195 ἡ
3298 2126 3511 2192 γένεσις
3554 2127 3811 2195 κατηνάγ-

2242 2229 2411 2267 κασεν
2456 2213 2654 2277 αὐτοὺς
2704 2213 2738 2285 ἢ
2788 2217 2887 2283 τῆς
2933 2216 3239 2287 περιτομῆς
3272 2216 3433 2288 ἢτοῦ
3467 2217 3738 2272 σαϐϐάτου
3761 2219 3812 2271 τὸ

2241 2303 2611 2374 παράγγελμα
2642 2304 2823 2359 λῦσαι.
2852 2306 2925 2359 Τὸ
2954 2305 3011 2361 δέ
3036 2323 3100 2373 γε
3127 2308 3397 2378 ἡμέτερον
3425 2309 3614 2376 γένος,
3643 2308 3701 2361 τὸ
3717 2309 3813 2361 τῶν

2220 2396 2586 2465 ,Χριστιανῶν
2633 2395 2797 2463 λέγω,
2831 2398 2939 2467 πρὸ
2982 2399 3355 2469 τετρακοσίων
3407 2400 3509 2468 μὲν
3546 2400 3683 2454 ἐτῶν
3726 2402 3810 2472 τὴν

2236 2485 2412 2558 ἀρχὴν
2437 2486 2621 2558 ἔσχεν,
2648 2487 2845 2557 ἁθρόον
2867 2488 2924 2541 δὲ
2953 2491 3135 2543 πᾶσαν
3162 2490 3321 2548 έλαϐε
3350 2490 3452 2562 τὴν
3473 2492 3805 2563 οἰκουμένην,

2235 2578 2333 2633 καὶ
2360 2580 2467 2633 τῶν
2502 2580 2601 2649 μὲν
2626 2581 2845 2634 οἰκείων
2879 2580 3018 2634 ὲθῶν
3052 2582 3286 2637 ἕκαστον
3312 2582 3627 2651 ἀπέστησεν
3652 2584 3805 2649 ἔθνος,

2235 2671 2316 2735 εἰς
2359 2670 2417 2724 δὲ
2458 2670 2551 2724 τὸν
2576 2673 2677 2743 τῆς
2703 2670 2989 2734 εὐσεϐείας
3022 2671 3427 2743 μετερρύθμισε
3457 2672 3593 2743 βίον,
3629 2675 3687 2727 οὐ
3721 2674 3805 2743 τῆς

2232 2763 2492 2832 πατρίδος
2541 2759 2972 2834 μεθὶσταμένους
2994 2764 3066 2831 ⁸⁵,
3097 2765 3234 2818 ἀλλὰ
3256 2766 3365 2835 ’τὴν
3408 2766 3582 2837 αὐτὴν
3628 2766 3702 2828 ὠς
3724 2767 3802 2819 καὶ

2234 2858 2501 2928 πρότερον
2533 2856 2837 2923 οἰκοῦντας,
2873 2856 2970 2910 καὶ
3002 2858 3071 2910 τὰ
3088 2858 3133 2888 ⁸⁸
3166 2857 3275 2910 τῶν
3305 2858 3803 2927 παρανατελλὸντων

2231 2950 2648 3021 ἀποτελέσματα
2678 2950 3013 3021 πολυχρόνια
3046 2951 3225 3021 σαθρὰ
3274 2954 3369 3005 καὶ
3393 2953 3658 3021 γελᾶσθαι
3688 2971 3801 3006 κατ-

2230 3040 2418 3093 έλιπεν
2446 3039 2603 3104 ἄξια*
2634 3039 2730 3093 καὶ
2772 3041 2911 3112 πρὸς
2936 3040 2972 3095 ὃ.
3004 3042 3039 3112 ή
3065 3041 3279 3110 γένεσις
3317 3043 3472 3112 ἰσχὺν
3498 3045 3602 3099 οὐκ
3625 3044 3801 3113 ἔχουσα

551 3105 785 3168 genesis.
824 3107 1033 3163 Etenim
1066 3113 1247 3180 paruit
1274 3118 1491 3184 quidem
1524 3122 1653 3176 olim
1691 3124 1930 3197 Assyriis
1985 3134 2119 3187 sub-

2237 3132 2542 3195 κατεδύετο,
2572 3131 2747 3186 ταῦτα
2800 3132 3120 3203 περιφανῶς
3168 3135 3231 3187 τὸ
3278 3135 3388 3187 τῶν
3437 3136 3799 3206 ἀγραμμάτων

555 3204 714 3248 actus
739 3195 908 3262 orbis,
955 3198 1082 3254 hinc
1134 3201 1371 3275 Babylon
1402 3208 1707 3276 imperavit,
1739 3195 1935 3274 deinde
1986 3222 2124 3281 Medi

550 3282 835 3352 imperium
862 3304 1215 3357 exceperunt,
1245 3304 1300 3350 et
1326 3308 1445 3365 post
1475 3301 1594 3357 illos
1628 3304 1830 3371 Persae,
1866 3313 2039 3369 donec
2072 3317 2123 3371 id

552 3379 771 3432 tandem
820 3382 886 3433 ad
945 3381 1267 3441 Macedonas
1315 3394 1573 3450 transiit:
1618 3408 1856 3455 attamen
1899 3420 2125 3477 quasque

548 3484 680 3540 gens
720 3487 847 3528 suos
875 3475 1144 3532 retinebat
1177 3495 1376 3547 mores,
1409 3493 1465 3540 et
1504 3502 1534 3540 a
1567 3490 1682 3546 suis
1712 3495 2002 3562 regebatur
2034 3475 2125 3557 re-

549 3568 728 3635 gibus,
777 3584 841 3624 ac
878 3571 1066 3627 saltem
1109 3590 1450 3635 communem
1496 3580 1683 3650 illum,
1732 3589 1824 3658 qui
1874 3595 2128 3657 omnibus

551 3659 871 3730 imperabat,
898 3669 1227 3733 agnoscebat
1256 3671 1565 3731 Dominum.
1591 3678 1745 3735 Nunc
1769 3696 1919 3750 vero,
1938 3702 2124 3757 quem-

549 3750 837 3808 admodum
887 3774 990 3811 uua
1031 3760 1290 3818 duntaxat
1327 3776 1412 3821 est
1458 3770 1667 3840 religio.
1700 3776 1781 3829 sic
1814 3786 1869 3832 et
1910 3750 2116 3852 regium

549 3858 832 3911 nupertum
885 3867 1023 3905 unus
1084 3863 1275 3922 tenet,
1322 3862 1690 3933 trecentisque
1735 3873 1988 3935 gentibus
2032 3885 2126 3930 aut

548 3937 799 4006 amplius,
824 3944 1034 3998 nonnisi
1071 3961 1179 3999 una
1238 3948 1475 4019 legitima
1504 3954 1716 4024 imperii
1753 3962 2119 4020 Romanorum

552 4026 803 4091 tnajestas
856 4044 1070 4098 prmesr,
1116 4036 1313 4107 2180
1353 4046 1807 4108 quemadmodum
1844 4060 1898 4105 et
1932 4054 2122 4123 religio

546 4120 759 4175 nonnisi
793 4138 896 4177 una
955 4134 1058 4180 est.
1095 4126 1282 4198 Neque
1331 4142 1508 4187 tamen
1557 4137 1790 4206 aliquem
1843 4141 1947 4198 hoc
1985 4120 2121 4201 tem-

544 4228 676 4281 pore
713 4216 858 4285 cogit
902 4218 1121 4286 genesis
1166 4221 1248 4274 vel
1305 4223 1445 4276 idola
1478 4227 1676 4294 colere,
1721 4242 1814 4287 aut
1856 4239 2120 4294 matribus

2231 3225 2498 3281 κατέλυσε
2528 3224 2817 3296 κήρυγμα.
2836 3224 3150 3280 Ἐδούλευσε
3186 3226 3287 3297 μὲν
3326 3222 3422 3280 οὐν
3457 3228 3752 3298 Ἀσσυρίοις
3776 3230 3801 3279 ὁ

2231 3316 2435 3384 κόσμος
2463 3314 2654 3377 πάλαι,
2691 3311 2813 3367 εἰτα
2842 3312 3101 3368 Βαϐυλὼν
3131 3315 3377 3384 ἐκράτει,
3407 3316 3503 3370 καὶ
3526 3316 3799 3386 Μῆδοιντὴν

2229 3408 2408 3478 ἀρχὴν
2440 3405 2837 3471 ὲξεδέξαντο⁸⁷,
2886 3408 2981 3460 καὶ
3020 3407 3139 3478 μετ’
3170 3407 3415 3470 ἐκείνους
3468 3408 3689 3476 Πέρσαι,
3716 3409 3803 3460 καὶ

2231 3498 2369 3570 πρὸς
2384 3497 2431 3530 ⁸⁸
2461 3496 2778 3560 Μακεδόνας
2814 3496 3040 3569 ὕστερον
3089 3499 3152 3551 τὸ
3192 3498 3394 3569 κράτος
3437 3496 3559 3551 ὅλον
3586 3497 3797 3567 μετέϐα-

2230 3588 2343 3642 λεν.
2384 3588 2529 3642 Ἀλλ’
2562 3587 2794 3642 ἕκαστον
2847 3587 2999 3651 ἔθνος
3055 3591 3168 3653 τοῖς
3219 3588 3441 3654 οἰκείοις
3494 3590 3735 3659 ἐνέμενεν
3753 3589 3805 3620 ⁸⁹λ

2231 3680 2397 3747 εθεσι,
2425 3680 2519 3733 καὶ
2548 3680 2860 3751 βασιλεῦσιν
2893 3679 3044 3745 ἰδίοις
3073 3680 3472 3743 ἐπολιτεύοντο.
3502 3682 3551 3734 εἰ
3572 3684 3660 3735 καὶ
3680 3679 3799 3753 [μὴὶ

2229 3772 2320 3826 τὸν
2343 3772 2561 3827 πάντων
2582 3771 2888 3843 κρατοῦντα
2920 3772 3097 3825 κοινὸν
3121 3771 3399 3842 Δεσπότην
3424 3773 3787 3842 ἐπεγίνωσκον.

2228 3864 2366 3918 Νυνὶ
2396 3863 2452 3916 δὲ
2484 3863 2673 3935 ὥσπερ
2701 3865 2733 3933 ὴ
2766 3863 3024 3917 εὐσέϐεια
3074 3864 3194 3934 μία,
3223 3865 3365 3917 οὕτω
3394 3867 3491 3921 καὶ
3521 3866 3552 3917 ὁ
3575 3864 3632 3919 τὺ
3658 3864 3790 3935 βασί-

2229 3955 2370 4009 λειον
2413 3955 2614 4027 κράτος
2662 3954 2801 4025 ἔχων
2854 3949 2957 4019 εἷς,
2992 3956 3089 4010 καὶ
3118 3955 3449 4027 τριακοσίων
3495 3957 3660 4010 ἐθνῶν
3698 3956 3787 4026 ῆ⁶⁹

2228 4047 2325 4102 καὶ
2352 4046 2614 4101 πλειόνων
2662 4048 2762 4117 μία
2806 4064 2892 4110 τις
2947 4047 3167 4119 ἔννομος
3207 4050 3241 4120 ἡ
3278 4049 3589 4119 Ῥωμαίων,
3623 4050 3785 4117 ὥσπερ

2227 4141 2323 4212 ἡδί
2353 4139 2641 4206 εὐσέϐεια,
2670 4140 2901 4210 ὲπάρχει
2936 4141 3078 4211 ἀρχή
3100 4157 3113 4169 θ
3152 4142 3247 4195 καὶ
3274 4142 3467 4196 οὐδένα
3498 4142 3721 4212 βιάζεται
3749 4142 3779 4209 ἡ

2225 4232 2439 4300 γένεσις
2484 4231 2579 4287 νῦν
2634 4229 2759 4287 οὔτε
2806 4230 3214 4301 εἰδωλολατρείν
3262 4232 3383 4285 οὐτε
3435 4235 3780 4304 μητρογαμείν

546 4304 785 4367 misceri,
807 4316 899 4359 aut
920 4307 1022 4360 alia
1052 4310 1297 4377 quaedam
1330 4321 1569 4382 patrare,
1594 4319 1792 4386 quibus
1818 4328 2120 4384 metuenda:

2237 4321 2345 4375 >ὐδὲ
2377 4321 2446 4375 τὰ
2475 4321 2631 4382 ἄλλα,
2663 4323 2807 4383 ὅσοις
2831 4320 2900 4374 τὰ
2927 4321 3160 4392 διάφορα
3175 4323 3218 4354 ⁶¹
3255 4323 3365 4378 τῶν
3405 4324 3577 4376 ἐθνῶν
3599 4326 3687 4377 οὐκ
3705 4323 3778 4387 ἐξ·

543 4409 732 4465 gentes
762 4394 869 4450 illa;
896 4412 1002 4450 non
1042 4398 1183 4452 inter
1207 4414 1267 4453 se
1296 4409 1672 4462 tantummodo
1706 4410 2114 4482 discrepabant,

2237 4413 2453 4483 ἡλλαττε
2483 4414 2642 4483 μόνον
2673 4412 2939 4483 ἀλλήλων,
2965 4415 3101 4468 ἀλλὰ
3124 4415 3216 4468 καὶ
3244 4415 3382 4486 πρὸς
3403 4416 3448 4447 ⁸³
3476 4416 3547 4468 τὰ
3568 4416 3682 4487 [559
3696 4413 3771 4485 Π.]

542 4487 636 4538 sed
666 4487 828 4539 etiam
864 4489 931 4541 ab
964 4490 1229 4557 Oppositis
1266 4490 1369 4545 sibi
1394 4493 1624 4549 invicem
1656 4502 1967 4559 nationibus
2002 4507 2114 4561 dis-

2237 4505 2573 4574 ἰντικείμενα
2597 4505 2979 4574 κατετέμνετο.
2997 4506 3203 4559 Ἐκεῖνο
3223 4508 3280 4561 δὲ
3311 4510 3443 4577 ἡμῖν
3473 4508 3766 4577 λεγέτωσαν,

545 4579 951 4643 tinguebantur.
987 4579 1121 4632 Illud
1153 4595 1284 4651 ergo
1314 4584 1472 4640 nobis
1517 4588 1812 4659 explicent,
1843 4600 2114 4663 quomodo

2237 4596 2353 4662 τῶς,
2382 4595 2572 4667 ὥσπερ
2617 4597 2715 4667 1‘)“
2757 4598 3068 4669 εἱμαρμένη
3122 4599 3424 4669 μεταϐολὰς
3478 4606 3621 4655 ποιεῖ
3660 4601 3767 4670 θρη-

540 4667 819 4733 religionis
848 4677 1013 4736 atque
1041 4668 1415 4728 doctrinarqu
1452 4680 1804 4737 mutationem
1829 4686 1999 4741 fatum
2033 4690 2116 4745 in-

541 4760 723 4823 ducat,
788 4775 961 4829 ncque
1008 4768 1188 4816 tamen
1242 4774 1435 4820 cratera
1495 4773 1740 4827 tuutandi
1788 4776 1895 4828 vim
1951 4778 2113 4835 ullam

539 4850 775 4905 habeat?
801 4849 1084 4905 Neminem
1121 4853 1263 4909 enim
1304 4872 1541 4925 unquam
1566 4871 1659 4915 aut
1693 4865 1992 4933 suadendo,
2019 4879 2114 4924 aut

543 4944 594 4995 vi
622 4947 862 5011 cogendo
882 4958 948 4997 eo
975 4944 1264 5001 adduxisse
1287 4949 1516 5015 videtur,
1550 4964 1607 5006 ut
1628 4968 1751 5008 eum
1780 4956 2109 5028 ignominiae,

537 5036 892 5103 paupertatis,
943 5035 1351 5105 invaletudinis,
1397 5045 1698 5109 servitutis,
1737 5047 1970 5117 injuriae,
2016 5061 2111 5107 aut

535 5125 763 5194 alicujus
806 5140 873 5181 ex
905 5127 1129 5184 inﬁnitis
1181 5130 1303 5187 aliis
1338 5132 1531 5187 borum
1577 5136 1845 5194 similibus
1892 5141 2110 5197 deside-

2214 4688 2407 4752 σκείας
2438 4689 2532 4741 καὶ
2564 4689 2875 4759 δογμάτων,
2909 4689 3032 4759 οὐχὶ
3084 4691 3180 4746 καὶ
3207 4692 3277 4745 τὰ
3306 4692 3443 4746 ἄλλα
3475 4696 3623 4764 ίσχὺν
3646 4692 3764 4747 οὐδε-

2213 4781 2345 4852 μίαν
2392 4779 2713 4851 μεταϐαλεῖν
2753 4781 2947 4851 ἔσχεν;
2977 4784 3169 4837 οὐδένα
3220 4786 3328 4855 γὰρ
3362 4786 3535 4856 ἐφάνη
3571 4786 3762 4839 πείσασα

2209 4872 2330 4924 οὐδὲ
2367 4871 2668 4941 βιασαμένη
2714 4871 2931 4935 ἀδοξίας
2979 4872 3011 4942 ἢ
3057 4875 3333 4944 πτωχείας
3361 4876 3394 4945 ἦ
3427 4874 3754 4947 ἀρρωστίαςῆ

2188 4963 2462 5023 δουλείας
2491 4963 2523 5031 ἢ
2554 4962 2827 5025 κολάσεως
2872 4964 2905 5033 ἢ
2955 4964 3168 5035 ὕϐρεως
3212 4966 3333 5019 οὐδὲ
3387 4969 3593 5037 μυρίων
3620 4966 3757 5018 ἄλλων

2214 5056 2473 5110 τοιούτων
2503 5056 2663 5109 πόθον
2691 5056 2910 5110 λαϐεῖν’
2941 5057 3058 5111 ἀλλ’
3081 5058 3271 5129 ὥσπερ
3295 5061 3328 5129 ἡ
3353 5061 3516 5128 φύσις
3539 5061 3754 5128 κρείττων

2216 5148 2375 5217 ὤφθη
2422 5148 2699 5219 πανταχοῦ
2732 5148 2841 5201 τῶν
2871 5150 2970 5219 τῆς
3002 5152 3269 5218 γενέσεως
3318 5153 3749 5221 ἀποτελεσμάτων,

536 5218 679 5271 rium
703 5228 941 5287 caperet.
977 5219 1083 5275 Sed
1118 5224 1573 5292 quemadmodum
1633 5232 1830 5299 ubique
1872 5234 1982 5289 visa
2022 5243 2110 5291 est

536 5316 727 5362 natura
774 5312 1047 5379 potentior
1092 5328 1253 5383 quam
1301 5315 1493 5372 fatales
1524 5319 1859 5388 ell'ectiones,
1926 5326 2005 5380 sic
2053 5338 2109 5383 et

2237 5349 2294 5383 ια
2323 5330 2622 5396 διασώξων,
2662 5333 2719 5384 ἐν
2745 5328 2828 5394 οἷς
2865 5332 3206 5402 αὐθαιρέτως
3240 5336 3491 5405 πράττει,
3516 5336 3615 5389 τῶν
3636 5333 3751 5386 ἐκεῖ·

538 5398 700 5459 ratio,
724 5400 957 5467 propriae
984 5401 1255 5459 libertatis
1278 5404 1539 5474 dignitate
1561 5422 1802 5474 servata,
1820 5414 2109 5472 manifeste

2237 5423 2310 5473 Ιεν
2334 5420 2609 5475 δείκνυται
2634 5419 3069 5484 κατεξουσιάζων
3100 5423 3301 5494 λήρων.

533 5495 669 5551 satis
701 5497 756 5551 in
799 5497 884 5563 iis,
915 5512 1036 5566 qua!
1068 5501 1372 5557 voluntarie
1400 5513 1691 5572 ,operatur,
1736 5523 1908 5577 nugas
1944 5510 2076 5567 istas
2118 5512 2337 5571 vincere
2364 5517 2789 5571 demonstratur.

2214 5238 2357 5292 οὕτω
2391 5239 2484 5292 καὶ
2517 5240 2547 5291 ὁ
2569 5238 2828 5309 λογισμὸς
2852 5240 2913 5292 τὸ
2941 5242 3139 5294 οἰκεῖον
3168 5242 3267 5310 τῆς
3297 5242 3602 5311 ἐλευθερίας
3624 5240 3752 5304 ἀξίω-

1819 5662 2057 5722 VAerE
2094 5669 2506 5728 LECTIONES.

605 5750 651 5781 ⁸³
679 5750 806 5836 Ξδρ
838 5766 944 5836 ίςεε
966 5766 1029 5813 ς’.
1103 5751 1148 5784 "
1177 5746 1336 5836 πβδς]
1597 5750 1651 5836 ξ’
1677 5750 1815 5836 ΠΙ.)ξὶ
1860 5758 2195 5836 μετῴκισεη-
2233 5764 2369 5836 ξδητὸ
2397 5766 2491 5836 A_:
2534 5765 2640 5818 τῶν
2674 5783 2713 5829 ς·
2813 5768 2862 5799 ⁵⁸
2898 5766 3308 5836 μεθισταμένης
3333 5768 3400 5819 Α.
3474 5766 3519 5798 ⁸⁸
3547 5764 3608 5819 τὰ
3633 5760 3732 5814 add.

535 5818 602 5909 ἓ.
650 5820 722 5904 ,⁸⁷
751 5820 1056 5909 διεδέξαντο
1206 5820 1261 5909 :8
1476 5822 1563 5909 ὡς.
1669 5896 1683 5909 Α
1724 5823 1770 5855 σο
1792 5818 1990 5899 gyan;
2017 5847 2077 5895 ς.
2155 5833 2200 5866 ιο
2223 5834 2255 5905 ἡ
2278 5834 2319 5887 Α
2348 5850 2362 5889 ε
2391 5834 2500 5889 τῶν
2531 5852 2590 5899 ς.
2669 5818 2709 5867 δι
2737 5838 2770 5907 ἡ
2806 5839 2849 5890 Α
3194 5818 3203 5819 ί
3224 5818 3227 5819 ⁷
3252 5818 3305 5870 ἐί
3330 5818 3638 5909 δξάῨοραᾹε
3661 5846 3737 5900 φο.

539 5886 675 5959 ϐερᾰ
696 5906 759 5954 ς.
836 5891 879 5924 ⁸³
904 5888 1058 5964 πρὸς]
1089 5890 1165 5957 ὡς
1192 5892 1257 5947 Δ.
1332 5886 1377 5927 ⁵³
1410 5886 1450 5964 ἦ
1500 5892 1623 5950 add.
1654 5896 1722 5951 A.
