3994 6404
130 436 221 498 865

1169 430 1697 501 BIBLIOTHECA,
1717 453 1788 465 ·-
1812 429 1976 492 COD.
2010 431 2327 494 CCXXIII.

3253 441 3357 503 866

178 545 327 603 Ἀλλὰ
356 545 466 620 γάρ
504 546 553 601 εί
572 544 618 578 ⁸⁸
650 544 715 600 τὸ
740 545 984 600 εύσεὸεῖν
1028 543 1123 599 καὶ
1150 544 1435 598 δυσσεὸεϊν
1464 541 1573 596 ἀπὸ
1597 561 1682 613 γε·

1856 538 2244 597 Verumtamen
2276 542 2321 597 si
2348 542 2437 614 pie
2467 549 2562 600 aut
2587 543 2750 615 impie
2784 561 2944 617 agere
2965 562 2995 603 a
3018 549 3203 620 genesi
3233 565 3361 621 pro-

119 642 314 704 νέσεως,
340 639 649 709 λεγέτωσαν
696 640 832 710 ἡμῖν
873 638 959 703 τίς
1007 639 1218 707 γένεσις
1254 639 1492 694 Στωϊκὸν
1516 640 1680 705 ποιεῖ,

120 734 188 796 τίς
215 731 270 786 δὲ
304 730 698 804 Ἐπικούρειον,
730 730 1171 801 Περιπατητικὸν
1211 731 1269 785 δὲ
1311 732 1441 785 ποία
1471 731 1505 804 ἢ
1534 731 1682 786 Πλα-

120 823 360 888 τωνικόν;
395 823 495 888 Τίς
522 821 810 895 λατρεύειν
848 820 1103 875 Διόνυσον
1123 820 1159 893 ἢ
1190 824 1488 895 Δήμητραν
1516 821 1550 895 ἢ
1581 824 1681 876 Σε-

121 913 266 985 λήνην
311 912 596 985 ἧΊιλιον,
649 912 683 984 ἢ
728 913 819 967 τὸν
869 911 1170 983 Αἰγύπτιον
1220 914 1531 967 συνελαύνει
1582 915 1681 969 λαιί

123 1006 310 1077 τρεύειν
337 1004 399 1058 τὸ
433 1005 706 1076 πρόϐατον
735 1006 769 1077 ἦ
796 1006 888 1059 τδν
913 1006 1051 1060 κύνα
1080 1005 1112 1077 ἢ
1147 1004 1239 1059 τὸν
1266 1006 1549 1078 αἴλουρον;
1586 1008 1683 1071 Τίς

123 1100 167 1152 ἱὲ
184 1098 472 1169 Μανιχαῖον
499 1098 774 1164 ἀποτελεῖ,
794 1098 880 1162 τίς
901 1098 1289 1162 Οὐαλεντίνους
1309 1098 1388 1163 “;
1416 1098 1477 1152 Εί
1505 1098 1561 1152 δὲ
1584 1098 1682 1157 οὐκ

125 1190 178 1245 ἂν
204 1192 351 1259 φαῖεν
381 1190 496 1244 οὐδ’
522 1190 589 1244 ἂν
641 1189 807 1244 πλέον
856 1189 1227 1262 θρασυνθεῖεν,
1259 1190 1319 1244 ἐν
1362 1191 1497 1260 ἡμῖν
1551 1190 1681 1261 ἄρα,

125 1282 200 1334 καὶ
224 1281 278 1333 ού
306 1280 408 1351 τῆς
436 1280 709 1350 γενέσεως
735 1281 918 1355 ἔργον,
948 1282 1008 1336 τὸ
1030 1282 1255 1337 τοιῶσδε
1285 1282 1317 1355 ἦ
1342 1282 1565 1336 τοιῶσδε
1600 1282 1686 1336 σέ-

126 1378 236 1430 ϐειν.
266 1376 328 1429 EE
352 1377 410 1430 δὲ
434 1378 615 1443 τοῦτο,
644 1378 739 1432 καὶ
770 1378 833 1431 τὸ
868 1377 1048 1432 σέϐειν
1079 1375 1268 1441 ἁπλῶς
1297 1377 1393 1430 καὶ⁹
1427 1378 1502 1449 μὴ
1522 1377 1567 1408 ⁸⁷
1595 1375 1669 1430 σέ-

127 1468 246 1519 6ειν“
272 1470 335 1521 ὲκ
358 1468 473 1521 τῶν
507 1470 691 1541 μερῶν
720 1470 832 1542 γὰρ
869 1471 930 1524 τὸ
953 1471 1077 1525 ὅλον
1109 1468 1449 1525 συνίσταται.
1476 1470 1601 1534 Πῶς
1629 1469 1687 1523 δὲ

128 1561 207 1615 οὐκ
232 1560 572 1629 ἀλογώτατον
604 1563 843 1634 πονηρὸν
863 1562 1116 1632 γενέσθαι
1142 1564 1249 1616 ἀπὸ
1275 1562 1566 1632 γενέσεως,
1592 1563 1681 1616 κα¹δ

132 1652 374 1717 μισεῖσθαι
423 1653 536 1707 ἀπὸ
582 1656 682 1725 τῆς
700 1654 745 1685 ⁸⁸
768 1654 942 1727 αὐτῆς
970 1654 1061 1709 διὰ
1097 1655 1197 1726 τὴν
1228 1655 1523 1726 πονηρίαν;
1557 1653 1686 1727 [695

132 1740 203 1815 IL]
228 1742 422 1815 ὁμοίως
470 1743 567 1797 καὶ
599 1745 803 1813 ἀγαθὸν
844 1745 1101 1815 γενέσθαι
1152 1764 1213 1800 τε
1269 1747 1366 1801 καὶ
1409 1745 1686 1817 θαυμάζε-

132 1832 262 1897 «om;
296 1834 488 1905 μοιχὸν
512 1835 713 1906 ὁμοίως
743 1836 776 1909 ἢ
809 1837 996 1906 φονέα,
1024 1838 1121 1893 καὶ
1150 1836 1283 1910 δρᾷν
1306 1838 1398 1892 ὑπ’
1421 1837 1591 1908 αὐτῆς
1615 1837 1687 1890 τὰ

131 1927 278 1979 ἄτοπα
306 1925 653 1998 βιαζόμενον,
705 1930 801 1983 καὶ
841 1930 931 1985 διά
969 1930 1129 1985 τοῦτο
1160 1931 1555 2002 κολαζόμενον;
1591 1947 1682 1983 νο-

134 2016 334 2085 μοθέτας
366 2018 652 2084 καθίζειν,
686 2021 936 2087 κολάζειν
960 2023 1091 2087 τοὺς
1119 2024 1558 2095 ἁμαρτάνοντας,
1589 2022 1686 2077 καὶ

134 2108 319 2179 ἑτέρους
344 2109 614 2163 συνωθεῖν
645 2113 741 2166 καὶ
767 2113 999 2179 ἄκοντας
1021 2115 1158 2184 πρὸς
1176 2116 1219 2147 ⁶⁹
1245 2114 1313 2168 τὰ
1348 2115 1683 2187 ἁμαρτήμασ-

135 2219 201 2265 τα,
225 2202 311 2255 καὶ
342 2203 489 2256 ὅσων
512 2202 689 2257 ἄλλων
717 2205 975 2259 τοιούτων
1011 2206 1206 2276 μεστὸς
1242 2206 1271 2259 ὁ
1301 2206 1417 2277 βίος
1451 2209 1682 2278 optimc;

136 2294 284 2365 Ἀπερ
328 2297 377 2349 ei
413 2296 518 2367 μὲν
549 2297 786 2369 ὲφ⁹ήμῖν
802 2299 871 2362 το,
918 2300 1186 2373 ἡμέτερον
1222 2302 1315 2353 καὶ
1345 2300 1406 2353 τὸ
1435 2299 1687 2371 ἔγκλημα

136 2385 219 2437 τῶν
254 2385 634 2458 ἐργαζομένων
654 2402 670 2418 ⁶
706 2388 755 2442 εἰ
795 2388 853 2443 δὲ
886 2389 987 2460 τῆς
1014 2389 1283 2459 γενέσεως
1307 2390 1370 2444 τὸ
1398 2391 1621 2464 κράτος,
1653 2391 1688 2462 ἡ

142 2474 313 2545 μέμψις
360 2476 584 2549 ἐκείνης
628 2478 664 2551 ἢ
714 2478 811 2533 τοῦ
862 2479 1065 2553 ταύτην
1114 2480 1499 2552 πεποιηκότος.
1531 2478 1691 2534 Οὕτω

139 2567 442 2639 πανταχόθεν
488 2568 551 2623 τὸ
592 2571 695 2640 τῆς
718 2570 1062 2643 εἱμαρμένης
1093 2573 1232 2643 μετά
1255 2573 1349 2627 τοῦ
1380 2573 1688 2628 ἀσυστάτου

138 2658 299 2723 ἀσεϐές
324 2677 389 2714 τε
423 2660 519 2715 καὶ
550 2661 933 2734 παλίμφημον.
951 2664 1111 2719 Ἀλλά
1143 2665 1252 2737 γὰρ
1282 2667 1341 2719 ὲν
1365 2664 1575 2729 τούτοις
1598 2667 1691 2719 καὶ

140 2752 222 2805 τῶν
245 2753 419 2823 λόγων
446 2755 476 2808 ὁ
506 2752 666 2818 ἕκτος
694 2754 873 2809 καὶτὸ
900 2753 943 2809 ε’
968 2755 1063 2809 καὶ
1094 2755 1147 2828 μ’
1169 2755 1491 2829 ἐπερατώθη
1519 2757 1693 2826 κεφά-
1716 2817 1731 2831 ,

142 2844 282 2900 λαιον.

198 3112 275 3168 Ἐν
314 3114 375 3170 δὲ
415 3112 495 3186 τῷ
528 3113 574 3181 ζ’
605 3114 751 3187 λόγῳ
782 3113 1021 3186 ἀπορίαν
1066 3115 1191 3170 τινά
1235 3114 1399 3188 δῆθεν
1439 3117 1545 3173 ύπδ
1582 3118 1693 3174 τῶν

144 3205 456 3277 ἀστρολόγων
491 3202 880 3279 προαγομένην
908 3206 1169 3271 διατιθεὶς
1188 3250 1203 3275 ,
1233 3210 1430 3277 ἐπάγει
1466 3211 1564 3265 καὶ
1592 3211 1693 3281 τὴν

144 3297 283 3353 λύσιν.
316 3300 553 3369 Λέγουσι
579 3301 712 3372 γὰρ,
740 3299 927 3368 φησὶν,
962 3300 1011 3353 εί
1047 3299 1122 3371 μὴ
1152 3301 1260 3354 ἀπὺ
1290 3302 1390 3372 τῆς
1415 3303 1693 3374 εἱμαρμέ-

145 3404 238 3459 νης,
266 3390 427 3445 πόθεν
461 3391 531 3445 τά
559 3391 736 3457 κακά;
768 3386 864 3455 Οἷς
892 3392 1329 3465 άποκρίνεταιτί,
1346 3394 1422 3460 ὡς
1440 3396 1506 3451 Ei
1528 3398 1628 3466 μὲν
1658 3396 1696 3452 ἃ

146 3480 460 3555 διατιθέαμεν
478 3482 743 3555 ἀλλήλους
767 3485 915 3538 κακὰ
940 3487 987 3518 ¹¹¹
1017 3486 1213 3559 μαθεῖν
1248 3486 1482 3543 ἐθέλοιτε
1506 3490 1695 3554 πόθεν,

148 3575 247 3638 τοὺς
270 3577 511 3648 δρῶντας
536 3578 771 3648 ὁρῶντες
804 3579 982 3649 μάτην
1025 3580 1207 3635 αἰτίαν
1249 3581 1416 3653 ἀλλην
1444 3583 1655 3655 ζητεῖτε
1678 3599 1694 3615 °

148 3666 185 3719 εί
220 3667 271 3721 δὲ
308 3668 343 3721 ἃ
392 3669 679 3739 πάσχομεν
723 3667 968 3736 ἄκοντες,
1003 3671 1099 3725 καὶ
1125 3672 1285 3726 τοῦτο
1314 3674 1556 3747 φανερὰν
1583 3675 1698 3747 ἔχει

147 3755 225 3827 τὴν
245 3758 413 3813 λύσιν.
431 3760 808 3832 Ἐθολὼσαμεν
852 3763 1209 3832 παντοδαπῆς
1253 3765 1455 3829 κακίας
1500 3767 1698 3841 θυέλλῃ

148 3847 219 3901 τὸν
247 3851 374 3918 βίον,
404 3853 717 3923 πράττομεν
738 3852 776 3908 ἀ
806 3857 956 3924 μισεῖ
973 3856 1067 3910 καὶ
1090 3856 1390 3927 ἀποτρέπει
1414 3858 1573 3923 Θεός·
1608 3858 1698 3914 διὰ

150 3938 284 3994 τοῦτο
312 3943 592 4014 πάσχομεν
627 3943 664 3998 ἃ
713 3945 789 4016 μὴ
836 3944 1084 4017 θέλομεν,
1120 3947 1206 4001 ῐνα
1240 3949 1441 4019 μηκέτι
1470 3949 1608 4023 πρὸς
1637 3950 1699 4005 τὸ

149 4032 337 4087 πταίειν
396 4035 785 4107 ἐκφερώμεθα.
822 4039 897 4091 Ἦ
957 4038 1125 4110 ἐχρῆν
1180 4039 1498 4106 ὑπευθύνως
1555 4041 1700 4098 οὕτω

152 4121 371 4192 βιοῦντας
399 4128 749 4199 εὐδαιμονίας
785 4132 1105 4197 ἀπολαύειν,
1138 4133 1226 4187 ἵνα
1266 4150 1329 4186 τε
1375 4133 1538 4189 πλέον
1566 4135 1701 4200 Θεὸς

151 4211 361 4288 ἡγνοήθη
396 4219 491 4272 καὶ
524 4219 931 4293 προθυμότερον
960 4222 1158 4294 πρὸς⁷³
1184 4222 1254 4277 τά
1277 4222 1426 4296 πάθη
1460 4241 1702 4295 καταφε-

154 4306 378 4377 ρώμεθας
408 4311 469 4363 El
500 4311 557 4364 δὲ
588 4312 846 4383 πράττειν
868 4312 939 4366 τὰ
962 4313 1141 4370 ἄτοπα
1183 4313 1273 4369 διὰ
1298 4314 1397 4386 τῆς
1424 4316 1699 4388 εἱμαρμέ-

152 4414 228 4467 νης
251 4400 279 4452 ὁ
296 4400 422 4466 Θεὸς
446 4404 479 4473 ἠ
488 4404 594 4472 μᾶς
621 4403 1029 4475 κατηνάγκαζε,
1053 4405 1172 4469 πῶς
1193 4405 1356 4461 πάλιν
1382 4407 1601 4473 κολάζει
1623 4408 1702 4474 ὡς

156 4495 494 4561 πταίσαντας;
526 4494 715 4568 ἕτερον
761 4497 818 4550 δέ
866 4498 1035 4561 ἐστιν,
1068 4497 1144 4560 ὡς
1183 4496 1364 4566 δῆλον,
1394 4498 1455 4551 τὸ
1484 4515 1701 4570 συγχω-

1783 631 2523 706 ﬁciscitur,explicentvelim
2546 640 2725 705 nobis,
2746 655 2864 710 quae
2882 642 3095 711 genesis
3117 641 3359 698 Stoicum

1783 726 2019 783 reddat?
2042 742 2163 797 quas
2196 728 2570 800 Epicureum?
2608 730 3031 803 Peripateticum
3067 735 3194 789 item
3229 749 3365 805 qna—

1782 818 1874 886 lis,
1923 829 2017 874 aut
2061 818 2451 876 Platonicum?
2485 837 2605 892 qua:
2651 823 2932 879 imtnolare
2976 825 3211 892 Baccho,
3269 834 3365 879 aut

1762 906 1991 979 'Cereri,
2043 909 2226 967 Solive
2277 922 2370 966 aut
2414 912 2625 969 Lunae?
2658 914 2787 982 Qua:
2830 914 3146 987 Egyptium
3197 931 3364 986 pecus

1782 1006 2034 1071 adorare,
2061 1003 2144 1060 vel
2170 1018 2359 1058 canem
2389 1003 2666 1059 felemve?
2696 1022 2815 1076 quae
2852 1006 3211 1061 Manichaeum
3243 1009 3369 1061 red-

1785 1096 1918 1151 dat?
1954 1111 2077 1166 quae
2111 1094 2479 1152 Valentinus?
2506 1096 2660 1163 Quod
2715 1098 2758 1152 si
2812 1098 3055 1153 indicare
3107 1099 3368 1168 nequive-

1784 1190 1917 1256 rint,
1950 1203 2017 1243 ne
2046 1203 2265 1260 quoque
2294 1186 2439 1243 ultra
2467 1203 2589 1243 sese
2632 1187 2883 1254 efferant,
2922 1204 3137 1244 moneo.
3176 1186 3230 1240 In
3265 1202 3366 1241 no-

1786 1280 1872 1336 bis
1911 1280 2077 1349 igitur
2101 1280 2290 1345 situm,
2330 1293 2436 1334 non
2490 1280 2546 1333 in
2593 1295 2854 1350 geneseos
2901 1280 3238 1350 operatione,
3287 1278 3367 1333 sic

1788 1369 1871 1425 vel
1901 1372 1982 1424 sic
2012 1385 2210 1425 numen
2238 1369 2439 1426 colere.
2471 1368 2529 1425 Si
2552 1385 2681 1426 vero
2716 1370 2820 1425 hoc
2847 1387 2861 1424 :
2891 1371 3077 1441 utique
3103 1380 3155 1425 et
3189 1370 3370 1423 colere

1787 1461 2128 1533 simpliciter,
2172 1470 2227 1517 et
2282 1460 2552 1535 [omnino]
2600 1477 2706 1517 non
2763 1461 2982 1517 colere:
3037 1477 3067 1516 e
3120 1461 3369 1529 patrihus

1787 1556 1935 1611 enim
1979 1565 2153 1610 totum
2196 1565 2433 1611 constat.
2469 1557 2752 1625 Quomodo
2786 1566 2968 1611 autem
3013 1571 3119 1611 non
3170 1556 3370 1611 absur-

1789 1644 2076 1701 dissimum
2111 1646 2243 1702 illud
2279 1648 2372 1714 sit,
2405 1649 2713 1717 improbum
2747 1663 2841 1718 per
2872 1649 3117 1720 genesim
3146 1647 3286 1708 fieri,
3314 1655 3372 1701 et

1792 1741 1968 1796 eidem
2007 1749 2189 1796 tamen
2224 1740 2594 1811 improbitatis
2623 1741 2845 1795 nomine
2868 1740 2995 1795 odio
3019 1755 3142 1795 esse
3166 1739 3189 1793 ?
3221 1739 3373 1793 simi-

1791 1831 1916 1886 liter
1943 1842 1999 1888 et
2035 1833 2236 1888 bonum
2282 1831 2421 1899 fieri,
2451 1841 2616 1902 atque
2638 1832 2986 1886 admirationi
3032 1847 3173 1897 esse,
3204 1840 3259 1887 et
3289 1834 3371 1887 si-

1796 1924 1997 1980 militer
2017 1923 2347 1990 adulterum,
2375 1933 2471 1979 aut
2501 1924 2832 1980 homicidam
2856 1922 2879 1977 ?
2904 1924 2985 1978 Ab
3012 1925 3201 1977 eadem
3245 1925 3371 1978 item

1794 2028 1894 2084 per
1924 2013 2032 2067 vim
2061 2022 2314 2068 coactum
2364 2013 2504 2067 mala
2554 2022 2897 2084 perpetrare,
2930 2022 2987 2067 et
3040 2028 3253 2066 rursum
3299 2012 3371 2066 ob

1794 2106 1926 2162 illud
1957 2106 2135 2175 ipsum
2168 2105 2394 2176 puniri?
2431 2105 2801 2175 Legislatores
2851 2105 3211 2167 constituere,
3251 2119 3374 2157 sce-

1793 2197 1999 2254 leratos
2031 2197 2245 2267 punire,
2284 2207 2339 2251 et
2371 2197 2731 2251 nihilominus
2763 2195 2901 2251 alios
2930 2195 3014 2249 vel
3046 2195 3245 2248 invitos
3276 2195 3375 2247 im-

1793 2288 1996 2360 pellere
2029 2288 2098 2343 ad
2130 2288 2499 2359 peccandum,
2545 2303 2638 2342 seu
2680 2289 2748 2342 ad
2780 2287 2886 2340 alia
2930 2285 3129 2356 quibus
3169 2284 3371 2339 referta

1795 2391 1881 2438 est
1920 2380 2202 2437 hominum
2239 2378 2391 2435 vita?
2423 2378 2552 2447 Quae
2607 2380 2874 2449 siquidem
2922 2380 2976 2434 in
3012 2387 3197 2434 nostra
3247 2383 3377 2431 sunt

1794 2481 2106 2543 potestate,
2144 2471 2306 2527 nobis
2348 2485 2567 2543 quoque
2621 2486 2810 2526 eorum
2865 2484 2987 2539 quae
3035 2470 3168 2524 fiunt
3215 2469 3376 2538 culpa

1796 2561 2155 2625 sustinenda;
2202 2560 2287 2617 sin
2325 2560 2541 2631 genesis
2570 2575 2837 2615 summam
2880 2570 3205 2631 potestatem
3237 2558 3379 2615 obti-

1795 2662 1908 2718 net,
1952 2661 2046 2707 aut
2084 2653 2201 2708 haec
2238 2653 2528 2722 culpanda,
2558 2664 2651 2707 aut
2679 2652 2726 2709 is
2762 2664 2935 2718 certe,
2960 2652 3050 2723 qui
3083 2655 3223 2708 hanc
3246 2667 3380 2706 con-

1798 2745 1959 2800 didit.
2000 2742 2076 2799 lta
2140 2744 2381 2813 undique
2432 2744 2603 2799 fatum
2657 2760 2760 2800 non
2807 2745 3113 2801 consistere
3164 2754 3374 2800 tantum

1798 2837 1949 2892 nullo
1984 2839 2144 2893 modo
2175 2852 2358 2906 posse,
2393 2839 2486 2893 sed
2525 2838 2749 2906 impium
2780 2839 3006 2909 insuper
3038 2853 3184 2905 esse,
3213 2848 3378 2909 atque

1797 2933 2123 3005 probrosum
2152 2929 2532 3005 [ostenditur].
2575 2934 2775 2988 Verum
2809 2934 2895 2989 his
2934 2943 2990 2989 et
3018 2933 3155 2989 liber
3187 2942 3378 2989 sextus

1797 3035 1853 3084 et
1890 3028 2139 3097 quintum
2162 3042 2225 3080 ac
2252 3027 2728 3096 quadragesimum
2759 3037 2923 3097 caput
2951 3026 3272 3082 absolvitur.

1870 3120 2112 3191 Septimo
2148 3130 2327 3174 autem
2379 3118 2519 3173 lihro
2568 3118 2919 3187 quaestionem
2978 3119 3045 3173 ab
3093 3117 3381 3189 astrologis

1801 3214 2029 3285 proponi
2053 3212 2266 3268 solitam
2287 3210 2553 3267 dissolvit.
2583 3209 2782 3265 Dicunt
2826 3210 2995 3276 enim,
3020 3211 3096 3266 ait
3136 3228 3151 3267 :
3179 3211 3379 3282 219a

1799 3306 1954 3364 Unde
1987 3306 2263 3362 exsistunt
2287 3303 2452 3368 mala,
2477 3304 2521 3358 si
2559 3318 2664 3357 non
2699 3319 2728 3357 a
2760 3303 2874 3358 fato
2909 3305 3329 3373 proﬁciscuntur
3358 3304 3383 3358 ?

1798 3400 2005 3469 Quibus
2053 3400 2137 3455 sic
2174 3398 2511 3468 respondet:
2552 3394 2608 3450 Si
2654 3411 2774 3465 quae
2818 3396 2973 3451 nobis
3003 3405 3188 3449 mutuo
3236 3394 3379 3450 mala

1797 3494 2080 3556 struimus,
2104 3492 2317 3548 discere
2345 3490 2523 3544 velitis
2554 3489 2696 3543 unde
2724 3487 3008 3553 exsistant,
3042 3487 3166 3541 dum
3193 3502 3380 3542 eorum

1797 3594 2103 3656 patratores
2134 3581 2332 3638 vestris
2356 3580 2530 3635 oculis
2558 3578 2899 3648 conspicitis,
2931 3579 3130 3632 frustra
3158 3591 3377 3634 causam

1798 3678 1960 3732 aliam
2006 3674 2251 3746 quaeritis
2288 3691 2303 3728 :
2354 3673 2436 3726 sin
2467 3686 2529 3726 ea
2568 3671 2731 3735 mala,
2778 3687 2899 3741 qua:
2936 3669 3092 3724 inviti
3125 3672 3381 3739 patimur,

1797 3769 1961 3825 etiam
2004 3765 2166 3834 hujus
2204 3764 2403 3819 solutio
2458 3765 2525 3818 ad
2579 3763 2799 3818 oculum
2845 3772 3010 3832 patet.
3046 3761 3388 3832 Perturhavi-

1799 3873 1920 3913 mus
1970 3856 2273 3927 omnigenus
2318 3854 2679 3925 improbitatis
2724 3854 2939 3908 turbine
2980 3853 3152 3922 ipsam
3192 3854 3384 3919 vitam,

1797 3950 2026 4007 facimus
2069 3963 2190 4020 quae
2219 3946 2333 4003 odit
2355 3956 2410 4003 et
2443 3959 2723 4001 aversatur
2761 3946 2946 4010 Deus;
2983 3945 3101 4001 ideo
3149 3945 3386 4014 patimur

1799 4060 1921 4113 quae
1966 4042 2242 4109 nolumus,
2268 4048 2331 4097 ut
2368 4054 2437 4094 ne
2466 4039 2724 4108 deinceps
2769 4037 2824 4093 in
2856 4038 2987 4092 vitia
3014 4037 3383 4108 prolabamur.

1799 4134 1917 4189 Nisi
1946 4132 2084 4187 forte
2111 4130 2352 4199 oportuit
2373 4129 2447 4183 ita
2481 4129 2801 4184 criminibus
2838 4127 3104 4183 obnoxios
3129 4126 3385 4180 felicitate

1800 4226 2024 4295 insuper
2065 4223 2251 4293 potiri,
2281 4236 2389 4291 quo
2424 4220 2565 4276 Deus
2611 4220 2845 4291 amplius
2887 4220 3051 4275 etiam
3085 4219 3383 4289 ignoretur,

1800 4324 1855 4368 et
1882 4327 1977 4368 nos
2031 4313 2254 4381 pronius
2300 4312 2353 4367 in
2389 4313 2528 4366 mala
2577 4311 2847 4368 feramur.
2876 4310 2946 4365 At
2986 4310 3033 4365 si
3074 4318 3387 4380 perpetrare

1801 4408 1945 4464 mala
1995 4421 2091 4477 per
2130 4406 2299 4461 fatum
2350 4406 2491 4460 Deus
2515 4419 2615 4460 nos
2655 4404 2818 4474 cogit,
2850 4405 3119 4474 quomodo
3169 4419 3384 4457 rursum

1800 4500 1948 4555 velut
1977 4508 2269 4571 peccantes
2310 4496 2591 4568 castigat?
2621 4496 2780 4551 Aliud
2822 4504 3000 4550 autem
3028 4505 3130 4561 est,
3165 4504 3225 4550 ut
3276 4494 3388 4549 cla-

159 4584 247 4687 gsiv
271 4586 500 4656 χρᾶσθαι
527 4586 608 4657 τῷ
634 4587 969 4659 αὐτεξουσίῳ
997 4587 1092 4640 καὶ
1113 4587 1391 4659 αἱρεῖσθαι
1420 4588 1693 4644 ἓκαστονδ

1803 4607 1945 4653 rum,
2005 4591 2320 4662 permittere
2362 4587 2657 4659 quemlibet
2697 4587 2867 4642 libero
2917 4586 3144 4642 arbitrio
3191 4587 3289 4651 uti,
3330 4595 3388 4640 et

158 4670 394 4742 βούλεται,
424 4678 523 4732 καὶ
551 4678 613 4732 τὸ
635 4679 1074 4748 καταναγκάζειν
1108 4679 1372 4750 πράττειν
1399 4680 1467 4734 τά
1499 4680 1696 4736 ἄτοπα.

159 4763 252 4829 Πῶς
278 4768 330 4823 δὲ
357 4772 505 4839 ὑμῖν,
539 4772 726 4841 φησὶν,
753 4770 956 4841 ἐπῆλθε
1001 4769 1130 4842 [360
1156 4768 1250 4843 ιι]
1294 4770 1406 4824 τῶν
1437 4771 1534 4826 τοῦ
1565 4771 1700 4827 Θεοῦ

157 4855 438 4928 οἰκονομιῶν
468 4860 726 4929 ἀγνοοῦσι
755 4861 817 4914 τὸ
861 4861 1044 4931 βάθος,
1075 4862 1157 4925 είς
1198 4861 1261 4914 τὸ
1292 4863 1393 4932 τῆς
1434 4863 1702 4931 γενέσεως

158 4946 508 5021 ἀποτραπῆναι
537 4950 766 5022 πλάσμα
790 4971 805 5020 ;
836 4954 946 5007 Καὶ
976 4954 1059 5007 ὅτι
1092 4952 1168 5024 μὴ
1194 4952 1288 5006 ἐπὶ
1312 4953 1415 5024 γῆς
1439 4953 1703 5026 ἓρποντες

158 5038 218 5100 εἰς
242 5041 294 5093 τὸ
316 5044 406 5096 τοῦ
437 5044 783 5117 Δημιουργοῦ
817 5047 928 5098 τῶν
970 5046 1254 5117 χριμάτων
1288 5043 1423 5115 ὕψος
1448 5046 1704 5117 ἀνέὸητε,

155 5124 222 5180 διὰ
243 5132 389 5187 τοῦτο
415 5135 504 5188 ἐπ’
534 5136 773 5207 ἀστέρας
794 5136 890 5190 καὶ
918 5136 1150 5208 σελήνην
1184 5137 1280 5190 καὶ
1307 5136 1461 5206 ἥλιον
1491 5137 1594 5202 τὰς
1621 5141 1707 5194 ai-

155 5220 250 5285 τίεις
276 5228 534 5282 ἀνάπτειν
567 5230 888 5302 παρήχθητε
913 5230 1026 5283 τῶν
1067 5230 1201 5301 παρ’
1228 5231 1363 5301 ἡμῖν
1395 5231 1704 5303 πραττομέ-

157 5326 258 5380 νων,
289 5320 380 5373 καὶ
412 5321 449 5375 ἀ
494 5321 595 5392 μὲν
623 5323 854 5386 ἑαυτοὺς
898 5323 1118 5393 ὁρῶμεν
1147 5321 1572 5394 ἐργαζομένους,
1607 5324 1707 5395 οὐχ

156 5403 369 5481 ἡμέτερα
420 5409 558 5467 εἶναι
611 5413 1023 5485 τερατεύεσθαι,
1052 5413 1089 5468 ἃ
1136 5413 1193 5467 δὲ
1239 5415 1341 5468 οὐκ
1394 5414 1539 5468 ἐστιν
1576 5416 1705 5469 ίδεῖν

156 5500 257 5567 τοὺς
296 5506 526 5580 ἀστέρας
570 5508 934 5581 πράττοντας,
974 5511 1199 5565 ἐκείνων
1244 5504 1386 5564 εἶναι
1433 5507 1496 5561 τὸ
1541 5506 1705 5579 ἔργον

1801 4683 1947 4754 quod
1980 4682 2360 4752 veliteligere;
2395 4680 2564 4747 aliud,
2592 4680 2659 4734 ad
2685 4680 3068 4735 committenda
3104 4680 3243 4733 mala
3280 4680 3385 4733 im-

1798 4774 2021 4842 pellere.
2059 4772 2345 4839 Quomodo
2392 4786 2523 4827 vero
2558 4771 2733 4836 vobis,
2768 4772 2864 4835 ait,
2890 4771 3083 4827 divina:
3113 4771 3385 4841 guberna-

1801 4867 1962 4923 tionis
1988 4866 2412 4938 profunditatem
2460 4865 2857 4933 ignorantibus,
2890 4865 2942 4920 in
2971 4874 3206 4918 mentem
3238 4866 3389 4918 venit

1804 4958 1872 5014 ad
1917 4972 2179 5030 geneseos
2231 4958 2364 5013 illud
2421 4957 2734 5027 figmentum
2777 4959 3017 5012 converti
3057 4956 3245 5023 ?Qnia
3294 4971 3391 5022 per

1802 5059 2002 5107 terram
2050 5059 2327 5119 reptantes
2366 5063 2461 5103 vos
2492 5048 2557 5101 ad
2591 5048 2907 5103 Conditoris
2960 5048 3128 5117 ipsius
3153 5047 3391 5116 judicio.

1802 5157 1922 5198 rum
1957 5141 2298 5197 altitudinem
2345 5155 2686 5210 nequaquam
2725 5140 3073 5207 ascendistis,
3102 5150 3387 5210 propterea

1802 5236 1857 5290 in
1904 5236 2118 5297 stellas,
2174 5234 2379 5299 lunam,
2405 5235 2706 5305 solemque,
2758 5250 2943 5289 eorum
2992 5250 3172 5305 quaaa
3230 5233 3390 5289 nobis

1804 5328 1941 5383 ﬁunt
1986 5342 2154 5383 causa
2206 5328 2415 5384 referre
2471 5328 2652 5382 conati
2701 5329 2935 5391 estis,et
2964 5344 3084 5397 quae
3118 5341 3213 5383 nos
3240 5329 3390 5397 ipsos

1802 5421 2016 5477 edicere
2058 5421 2326 5489 videmus,
2354 5436 2415 5475 ea
2451 5436 2555 5475 non
2591 5436 2714 5477 esse
2754 5432 2936 5476 nostra
2972 5422 3157 5493 nugari
3198 5438 3213 5487 ;
3244 5436 3391 5491 qua:-

1802 5528 1909 5584 que
1947 5524 2096 5569 astra
2146 5512 2359 5569 efﬁcere
2388 5513 2532 5568 nullo
2574 5513 2735 5569 modo
2782 5523 3030 5585 possunt,
3062 5515 3177 5568 hazc
3208 5522 3390 5567 tamen

1394 5688 1630 5746 VARLE
1650 5686 2074 5745 ‘LECTIONES.

170 5857 181 5873 θ
219 5791 327 5876 "ei
350 5802 433 5876 A__:
461 5797 556 5876 εἷς
580 5820 660 5876 ςη
720 5805 765 5838 ⁸⁸
794 5804 1279 5872 Οὐαλεντινιανοὺς
1304 5804 1567 5876 Scaliger.
1626 5805 1696 5876 λ⁶⁷Α
1726 5802 1802 5876 μὴ
1825 5802 1869 5856 Α
1900 5819 1914 5858 Ξ
1943 5802 2004 5876 Ἑδ
2028 5802 2113 5876 μὴ
2138 5820 2197 5866 ς·

157 5869 219 5925 ως
248 5869 303 5919 Δ.
372 5872 431 5911 ⁷⁸-
447 5873 558 5943 ἐφ’]
608 5874 729 5932 libri
754 5877 810 5932 ἐν
836 5886 891 5934 et
921 5878 1009 5935 hic
1037 5888 1091 5935 et
1122 5869 1289 5935 infra.
1365 5876 1410 5911 "
1438 5869 1522 5940 or;
1554 5874 1648 5933 καὶ
1676 5874 1693 5929 ἀ

1796 5869 1875 5939 ἐξ.
1957 5874 2005 5907 ⁷⁸
2029 5869 2154 5929 ἀλλ.
2195 5871 2265 5927 τὰ
2294 5872 2441 5928 κακά
2466 5869 2544 5937 ς(
2606 5873 2654 5906 ⁷³
2688 5872 2849 5945 πρὸς]
2881 5869 2958 5938 ὡς
2989 5876 3055 5929 Δ.

2274 5801 2319 5834 ⁸⁸
2346 5801 2455 5874 ἀπὸ
2478 5803 2577 5874 τῆς
2611 5807 2655 5874 Α
2687 5819 2701 5856 :
2738 5803 2847 5874 ύπᾷ
2875 5806 2972 5873 τῆς
3004 5822 3065 5868 ς.
3145 5802 3189 5835 ⁶⁹
3222 5797 3387 5873 πρὸς]
