4014 6408
605 401 706 465 867

1751 398 2013 462 PHOTII
2047 397 2556 463 PATRIABCHE
2594 403 2710 467 ΟΡ.
2806 424 2809 427 ‘

3763 417 3859 482 858

603 529 697 582 per
723 511 811 564 illa
852 508 968 567 fleri
1019 507 1354 566 mendaciter
1399 507 1653 580 ﬁngere?
1697 506 1835 576 Quin
1902 523 2002 580 ego
2052 510 2167 579 ipse

2293 512 2737 582 καταψεύδεσθαι
2762 532 2777 582 ;
2805 515 2981 587 Κάγὼ
3012 518 3093 583 δὲ,
3120 517 3277 589 φησὶ,
3304 518 3481 575 ταῦτα
3511 521 3735 593 γράφων
3770 528 3867 581 ὑπὸ

606 603 803 673 inquit,
854 602 980 657 dum
1033 603 1150 656 bare
1182 601 1385 666 scribo,
1416 616 1445 655 a
1479 602 1688 673 genesi,
1726 603 2023 657 secundum
2070 616 2188 670 vos,

600 700 827 745 coactus
848 704 964 743 sum
991 688 1088 743 has
1110 686 1229 758 ejus
1255 687 1497 743 scribere
1517 688 1968 758 reprehensiones
1992 706 2007 743 :
2033 689 2189 758 utlita

599 781 765 834 etiam
794 782 1025 850 ipsamet
1053 780 1232 835 acrius
1255 779 1519 836 adversus
1548 780 1806 849 seipsant,
1844 795 2006 850 quam
2039 781 2184 837 ullus

599 870 742 925 alius
786 872 1133 926 extrinsecus
1181 885 1302 926 eam
1335 884 1652 940 oppugnatis
1692 870 1864 927 hostis
1917 871 2185 945 insurgat.
2216 887 2231 902 '

670 962 741 1016 At
784 977 914 1016 vero
951 963 1079 1031 quid
1102 960 1255 1030 juvat
1284 977 1346 1016 ea
1393 963 1626 1026 discere,
1662 978 1781 1032 quae
1805 979 1833 1016 a
1863 965 2041 1033 genesi
2088 980 2185 1020 ex-

599 1053 965 1122 spectantur?
1011 1053 1147 1108 Nam
1181 1054 1225 1108 si
1274 1053 1490 1123 quidem
1518 1055 1692 1109 vitare
1732 1055 2186 1125 cognoscentibus

598 1144 935 1209 conceditur,
963 1159 1080 1215 qua:
1105 1145 1216 1201 fato
1241 1145 1510 1200 destinata
1550 1155 1698 1213 sunt,
1725 1146 1902 1216 inepta
1930 1157 2012 1203 est
2043 1164 2184 1218 prte-

597 1235 784 1289 dictio.
818 1234 998 1291 Vincit
1035 1237 1179 1291 enim
1212 1251 1330 1307 quze
1364 1236 1416 1291 in
1459 1237 1615 1293 nobis
1652 1247 1735 1294 est
1765 1238 1992 1294 facultas
2019 1253 2184 1311 gene-

598 1329 699 1383 sim
756 1346 798 1392 ε.
841 1339 895 1382 et
953 1332 1207 1393 maxime,
1268 1329 1465 1399 quibus
1525 1329 1695 1386 fatum
1750 1347 1857 1386 non
1918 1333 2181 1401 ignotum,

596 1419 808 1475 solvere
864 1420 1031 1490 ipsius
1083 1421 1279 1476 seriem
1340 1431 1594 1491 poterunt
1645 1438 1661 1487 ;
1718 1436 1839 1478 cum
1902 1424 1972 1479 ιλιι
2011 1425 2183 1494 magis

594 1526 757 1581 quam
791 1512 994 1575 cmteri,
1026 1527 1147 1582 quae
1169 1527 1196 1565 a
1221 1513 1402 1581 genesi
1430 1512 1679 1567 ordinata
1699 1522 1825 1568 sunt
1855 1529 2183 1582 cognoscen-

597 1614 697 1666 tes,
752 1602 884 1656 nihil
919 1617 1109 1657 eorum
1148 1618 1267 1672 quac
1297 1604 1411 1673 ipsa
1450 1600 1753 1669 minitatur,
1796 1604 2047 1660 accidere
2075 1605 2180 1661 sibi

594 1696 883 1764 patientur.
916 1693 986 1750 At
1011 1707 1111 1749 nec
1136 1693 1261 1760 hoc,
1294 1695 1491 1751 iterum
1522 1696 1594 1752 illi
1624 1696 1795 1762 aiunt,
1829 1707 1984 1751 extra
2012 1711 2178 1769 gene-

590 1802 713 1840 scos
740 1787 936 1841 seriem
963 1795 1067 1852 est,
1091 1787 1239 1857 quod
1261 1786 1354 1858 qui
1384 1788 1498 1844 haec
1539 1790 1912 1860 cognoverint,
1938 1791 2178 1862 eripian-

2295 602 2565 671 γενέσεως
2593 605 2725 681 καθ’
2755 607 2902 678 ὑμᾶς
2930 607 3287 681 ὴναγκᾶσθην
3317 611 3554 682 γράφειν
3594 614 3718 675 τοὺς
3753 617 3862 671 κατ’

2294 695 2528 765 αύτῆςπδ
2559 695 2852 769 ἑλέγχους,
2885 698 3029 754 ὥστε
3075 702 3170 755 καὶ
3201 700 3375 767 οὕτως
3419 704 3560 775 αὐτὴ
3611 705 3729 759 καθ’
3751 708 3864 761 suo.

2292 785 2396 855 τῆς
2414 787 2458 818 ⁷⁵
2488 784 2654 843 πλέον
2685 788 2796 843 τῶν
2824 788 3025 857 ἔξωθεν
3072 791 3213 863 αὐτῇ
3242 792 3571 862 μαχομένων
3593 794 3863 851 ἐπανίστα-

2291 895 2403 933 ται.

2361 971 2428 1024 Τί
2472 970 2534 1033 δὲ
2580 974 2675 1027 καὶ
2715 972 2909 1043 ὄφελος
2937 972 2999 1027 τὸ
3030 973 3325 1046 μανθάνειν
3362 977 3433 1033 τὰ
3460 977 3569 1032 ἀπὸ
3612 979 3861 1047 γενέσεως

2292 1063 2752 1137 προσδοκώμενας
2788 1067 2853 1122 El
2886 1065 2987 1139 μὲν
3010 1068 3119 1139 γὰρ
3149 1067 3265 1123 ἔστι
3303 1071 3499 1139 φυγεῖν
3522 1072 3649 1134 τοὺς
3680 1072 3861 1142 μαθόν-

2289 1173 2390 1219 τας
2418 1157 2455 1212 ἃ
2482 1157 2762 1213 ὲπέκλωσε
2780 1197 2798 1224 ,
2830 1160 2997 1231 λῆρος
3022 1161 3057 1231 ἡ
3082 1160 3426 1233 πρόρρησιςο
3457 1165 3653 1234 κρατεῖ
3681 1164 3785 1233 γὰρ
3808 1164 3859 1217 τὸ

2291 1250 2376 1319 ἐφ’
2400 1251 2532 1322 ἡμῖν
2557 1250 2658 1321 τῆς
2688 1250 2979 1320 γενέσεως.
3011 1252 3263 1307 Μάλιστα
3290 1252 3351 1307 δὲ
3393 1257 3508 1319 τοῖς
3545 1254 3646 1326 τῆς
3676 1257 3860 1327 είμαρο

2293 1338 2462 1410 μένης
2511 1340 2844 1410 ὲπιστήμοσι
2895 1340 2957 1394 τὸ
3003 1340 3154 1395 λύειν
3183 1341 3356 1413 αὐτῆς
3388 1344 3480 1397 τὸν
3511 1344 3707 1415 εἱρμὸν
3741 1362 3863 1416 συμ-

2288 1432 2549 1503 ϐήσεται⁹
2581 1427 2727 1487 οὗτοι
2756 1432 2864 1506 γὰρ
2896 1432 3006 1487 τῶν
3033 1432 3210 1487 ἄλλων
3239 1433 3442 1504 μᾶλλον
3477 1437 3546 1490 τὰ
3584 1436 3695 1490 ἀπὸ
3708 1437 3754 1469 ⁷⁸
3779 1454 3863 1507 γε·

2287 1525 2493 1587 νέσεως
2525 1523 2711 1588 αὐτοῖς
2740 1523 3119 1595 ἐπιστάμενοι,
3148 1525 3304 1579 οὐδὲν
3357 1525 3467 1579 τῶν
3512 1526 3624 1581 ἀπὸ
3668 1527 3861 1597 ταύτης

2285 1618 2471 1681 αὐτοῖς
2517 1618 2928 1689 ἀπειλουμένων
2985 1621 3287 1691 συμπεσεῖν
3345 1622 3855 1691 παραχωρήσουσιν.

2285 1706 2439 1774 Εἶτα,
2485 1709 2629 1763 ’Λλλ’
2656 1709 2756 1763 οὐκ
2785 1709 2965 1776 ἐκτὸς,
2995 1708 3152 1779 φασὶ,
3181 1709 3448 1780 γενέσεως
3479 1710 3540 1765 τὸ
3568 1710 3859 1782 μανθάνον-

2282 1822 2382 1868 τας
2399 1804 2445 1836 "
2475 1804 2932 1859 ἀπαλλάττεσθαι.
2961 1803 3172 1858 Οὐκοῦν
3199 1805 3233 1875 ἡ
3262 1804 3477 1873 γένεσις
3508 1806 3590 1870 είς
3622 1806 3692 1859 τὰ
3718 1807 3859 1860 ἀντι-

594 1887 705 1933 tnr.
747 1878 915 1949 Igitur
940 1881 1156 1949 genesis
1178 1880 1229 1934 in
1255 1880 1527 1935 contraria
1562 1881 1841 1948 dividitur,
1872 1885 2170 1952 partimque

2279 1898 2507 1969 κείμενα
2535 1898 2810 1969 τέμνεται,
2845 1900 2941 1951 καὶ
2983 1898 3045 1952 τδ
3079 1900 3179 1970 μὲν
3208 1897 3381 1969 αὐτῆς
3405 1898 3686 1970 προλέγει,
3721 1899 3783 1953 τὸ
3805 1900 3858 1953 δὲ

590 1973 991 2040 praedictionem
1043 1972 1281 2036 adhibet,
1324 1974 1517 2043 partim
1556 1988 1674 2028 eam
1721 1974 1891 2045 ipsam
1939 1975 2172 2032 irridet:

589 2077 698 2132 quo
742 2064 867 2132 quid
908 2066 1081 2135 magis
1120 2065 1403 2119 ridiculum
1453 2080 1574 2121 esse
1605 2076 1767 2135 queat
1805 2065 2176 2138 ?Quanquam

589 2166 645 2210 et
687 2156 788 2209 alia
837 2172 1029 2212 rursus
1062 2172 1129 2213 ex
1161 2168 1316 2227 parte
1368 2159 1532 2213 multa
1574 2168 1656 2215 est
1699 2160 1753 2214 in
1786 2162 1867 2215 'ea
1908 2160 2172 2228 iniustitia

588 2258 755 2317 alque
787 2248 1139 2318 inmqualitas.
1167 2248 1279 2305 Cur
1312 2251 1458 2305 enim
1492 2265 1596 2305 non
1628 2251 1879 2306 omnibus
1918 2253 2021 2309 hoc
2044 2267 2173 2323 per-

588 2339 779 2404 suasit,
814 2349 871 2393 ut
922 2351 1179 2395 eventura
1207 2341 1307 2397 sibi
1340 2341 1636 2410 discerent,
1676 2358 1783 2413 quo
1816 2343 1946 2399 item
1983 2359 2175 2403 omnes

586 2445 656 2486 ex
706 2431 789 2485 liis
832 2432 1400 2503 eriperentur?Quod
1457 2436 1501 2488 si
1533 2450 1662 2490 vero
1710 2434 1758 2490 ei
1794 2434 1887 2505 qui
1931 2435 2035 2491 ista
2080 2450 2178 2492 co-

588 2521 857 2589 gnoverit,
906 2520 1143 2589 effugere
1176 2531 1352 2577 tamen
1399 2538 1504 2577 non
1559 2522 1683 2577 licet
1728 2539 1745 2590 ;
1800 2521 1929 2593 quid
1976 2522 2178 2579 frustra

588 2628 918 2683 cognoscere
964 2614 1136 2684 juvat,
1184 2616 1439 2682 curisque
1471 2623 1596 2670 ante
1647 2624 1859 2685 tempus
1898 2615 2171 2682 consumi,

590 2705 805 2773 percelli
841 2714 966 2760 ante
998 2706 1183 2768 ictum,
1210 2713 1266 2759 et
1312 2704 1510 2777 219b
1538 2714 1664 2761 ante
1693 2713 1923 2761 mortem
1954 2706 2174 2779 gravius

586 2812 759 2867 quam
792 2806 966 2853 morte
1000 2796 1113 2867 ipsa
1152 2796 1313 2869 afﬂigi
1343 2798 1368 2852 ἲ

657 2909 768 2966 Hoc
813 2926 976 2981 porro
1016 2912 1269 2968 omnibus
1312 2912 1679 2984 perspicuum,
1712 2891 1841 2982 eos,
1872 2913 1961 2984 qui
2004 2913 2171 2969 fatum

585 3014 858 3066 asserunt.
890 3013 946 3059 et
965 3005 1257 3074 proborum
1275 3004 1461 3059 laudes
1484 3014 1645 3075 atque
1671 3020 1902 3061 coronas
1927 3020 1960 3061 e
1986 3004 2169 3061 medio

586 3092 813 3159 tollere,
872 3102 928 3149 et
973 3092 1235 3163 improbis
1291 3103 1479 3149 contra
1541 3093 1798 3165 injustam
1848 3094 2171 3151 denuntiare

587 3198 803 3254 poenam
851 3194 1015 3255 atque
1066 3184 1481 3241 correctionem.
1546 3185 1681 3242 Nam
1735 3187 1783 3244 si
1841 3187 2234 3277 necessitatec

584 3278 845 3331 adductus
898 3285 983 3333 est
1028 3276 1281 3333 uterlibet
1324 3278 1391 3332 ad
1438 3292 1523 3344 ea,
1555 3294 1675 3348 quae
1707 3279 1840 3350 agit,
1896 3279 2007 3350 jam
2043 3279 2157 3350 (65)

584 3385 756 3439 neque
794 3370 977 3424 virtuti
1006 3385 1216 3425 merces
1265 3369 1370 3423 ulla
1404 3380 1509 3436 est,
1541 3384 1719 3441 neque
1758 3370 2023 3427 scelerum
2049 3387 2165 3443 pa:-

580 3478 705 3515 nam
768 3462 986 3533 exigere
1030 3461 1154 3516 licet
1186 3480 1199 3517 :
1230 3462 1375 3532 quod
1412 3478 1525 3520 non
1562 3471 1747 3534 potest
1793 3479 1898 3519 non
1950 3465 2164 3534 penitus

578 3564 824 3608 nostram
872 3553 1040 3607 vitam
1065 3553 1398 3611 confundere
1425 3565 1593 3627 atque
1636 3557 1926 3623 invertere,
1964 3567 2018 3612 et
2044 3571 2164 3612 om-

580 3647 739 3700 nibus
792 3645 846 3699 in
874 3643 1043 3699 Deum
1082 3644 1321 3715 linguam
1355 3662 1510 3704 suam
1557 3647 1881 3703 acuentibus
1911 3661 2035 3703 esse
2060 3647 2164 3703 im-

578 3737 884 3806 pudentius.
918 3736 1036 3792 Non
1062 3737 1362 3793 suﬂiciebat
1389 3739 1645 3795 nimirum
1674 3740 1911 3806 miseris,
1932 3742 1977 3797 si
2001 3756 2165 3813 coge-

581 3836 768 3884 rentur
793 3829 933 3885 mala
961 3830 1222 3899 cogitare,
1248 3830 1451 3896 dicere,
1482 3830 1663 3888 facere
1683 3850 1697 3888 :
1718 3834 1813 3888 sed
1830 3848 1952 3888 cum
1972 3848 2159 3889 eorum

578 3921 825 3978 misereri
839 3932 1136 3993 oporteret,
1156 3922 1339 3979 odium
1363 3924 1587 3993 insuper
1617 3924 1872 3994 adjicitur
1888 3934 1943 3979 et
1979 3940 2157 3995 paena.

652 4013 752 4071 Ubi
783 4015 829 4071 si
866 4015 989 4084 quis
1013 4015 1233 4083 dixerit,
1263 4020 1526 4083 :nostrum
1582 4033 1687 4073 non
1714 4032 1837 4074 esse
1881 4017 2024 4073 scire
2062 4033 2162 4072 cur

578 4106 723 4164 Deus
780 4108 942 4164 talem
973 4109 1280 4165 condiderit
1321 4109 1561 4180 genesim
1596 4126 1612 4177 ;
1656 4110 1701 4165 is
1737 4110 1863 4164 dum
1918 4109 2161 4166 modeste

577 4213 741 4270 agere
764 4214 825 4255 se
855 4199 1031 4269 tingit,
1061 4200 1317 4268 pietatem
1352 4201 1691 4272 perstringit,
1732 4216 1796 4256 ac
1836 4216 1931 4271 per
1957 4215 2018 4255 ea
2045 4202 2156 4269 ipsa

576 4292 739 4347 etiam
789 4291 960 4361 magis
1019 4290 1078 4346 fit
1114 4292 1333 4361 impius,
1381 4307 1481 4362 per
1507 4308 1629 4360 quae
1678 4296 1955 4347 moderate
2012 4292 2157 4362 loqui

577 4383 808 4438 videtur.
846 4381 903 4437 Si
931 4382 1077 4438 enim
1107 4398 1236 4439 vere
1267 4385 1404 4439 bona
1443 4384 1658 4454 genesis
1695 4392 1797 4449 est,
1822 4393 1949 4452 ηοω
2001 4384 2159 4440 nobis

576 4470 714 4526 mala
757 4480 1007 4542 apparet,
1068 4481 1124 4526 et
1167 4472 1219 4527 id
1259 4472 1479 4542 quidem
1516 4488 1610 4541 per
1658 4474 1829 4542 ipsam
1870 4474 2151 4543 genesim:

2276 1989 2563 2061 καταγελᾷ
2607 1989 2711 2060 τῆς
2751 1990 3150 2062 προρῤήσεωςο
3194 1983 3256 2043 οὗ
3284 1988 3338 2042 τί
3371 1990 3439 2043 ἂν
3468 1991 3554 2061 εἴη
3594 1991 3856 2059 γελοιότε-

2279 2100 2371 2156 ρον
2391 2099 2407 2147 ;
2438 2081 2615 2152 Πολλὴ
2642 2080 2700 2136 δὲ
2722 2081 2884 2136 πάλιν
2914 2081 3009 2135 καὶ
3028 2081 3207 2146 ἄλλως
3230 2082 3414 2136 ἀδικία
3438 2083 3531 2136 καὶ
3552 2083 3854 2155 ἀνωμαλία.

2275 2176 2377 2229 Διὰ
2409 2173 2462 2227 τί
2493 2173 2603 2245 γὰρ
2634 2172 2711 2245 μὴ
2740 2174 2950 2236 πάντας
2980 2174 3180 2227 επεισε·
3194 2174 3509 2245 μανθάνειν,
3539 2174 3631 2229 ἵνα
3660 2176 3857 2241 πάντες

2274 2266 2384 2322 τῶν
2430 2266 2705 2320 τοσούτων
2751 2266 3215 2332 ἀπαλλάττοιντο;
3263 2265 3390 2339 [696
3419 2265 3511 2339 ΒΑ
3557 2268 3622 2322 ΕΙ
3665 2268 3725 2321 δὲ
3766 2270 3858 2323 καὶ

2280 2360 2521 2432 μαθόντα
2553 2359 2629 2431 μὴ
2662 2360 2890 2415 δυνατόν
2922 2362 3038 2414 ἐστι
3066 2363 3279 2431 φυγεῖν,
3321 2361 3376 2414 τί
3421 2360 3529 2433 χρὴ
3565 2362 3856 2432 μανθάνειν

2279 2453 2458 2524 μάτην
2508 2454 2605 2506 καὶ
2652 2454 2774 2516 ταῖς
2805 2452 3054 2525 φροντίσι
3088 2453 3539 2523 προδαπανᾶσθαι
3564 2455 3659 2507 καὶ
3685 2454 3855 2526 πλήτ-

2273 2543 2462 2597 τεσθαι
2492 2544 2599 2614 πρὸ
2640 2546 2739 2615 τῆς
2768 2543 2985 2615 πληγῆς
3019 2547 3115 2599 καὶ⁸
3149 2544 3258 2617 πρὸ
3291 2545 3387 2599 τοῦ
3414 2544 3649 2602 θανάτου
3674 2549 3854 2618 χεῖρον

2272 2635 2384 2690 τῶν
2409 2634 2720 2690 τεθνεώτων
2749 2634 3111 2704 κολάζεσθαι;

2344 2813 2556 2869 Ἐκεῖνο
2580 2814 2638 2869 δὲ
2666 2816 2802 2870 πᾶσι
2843 2816 3175 2886 καταφανὲς,
3227 2817 3304 2882 ὡς
3331 2818 3360 2871 ό
3388 2815 3487 2889 τὴν
3512 2817 3855 2889 εἱμαρμένην

2272 2906 2508 2976 εἰσάγων
2536 2908 2632 2961 καὶ
2655 2907 2766 2960 τῶν
2789 2907 3092 2961 σπουδαίων
3110 2909 3426 2981 ἀφαιρεῖται
3451 2912 3576 2974 τοὺς
3596 2910 3855 2975 ἐπαίνους

2271 2998 2513 3062 καὶτοὺς
2541 2998 2862 3068 στεφάνους,
2893 3000 2989 3053 καὶ
3014 3000 3126 3053 τῶν
3151 3000 3475 3071 κακούργων
3509 3002 3696 3056 ἄδικον
3720 3004 3855 3057 ἀνα-

2271 3090 2543 3162 κηρύσσει
2571 3089 2670 3162 τὴν
2703 3089 2892 3160 ποινὴν
2926 3091 3143 3155 καὶτὰς
3175 3091 3428 3157 εὐθύνας.
3473 3094 3539 3148 Ei
3564 3094 3676 3165 γὰρ
3719 3097 3854 3153 exd-

2269 3198 2430 3253 τερος
2456 3182 2515 3248 ἐξ
2548 3181 2795 3252 ἀνάγκης
2823 3178 2991 3254 ἦλθεν
3017 3184 3099 3247 είς
3125 3183 3188 3237 τὸ
3216 3185 3479 3257 πράττειν
3522 3186 3557 3241 ἃ
3598 3189 3851 3260 πράττοι,

2265 3274 2389 3328 οὔτε
2435 3276 2533 3346 τῆς
2550 3276 2595 3309 ⁷⁸
2620 3274 2984 3345 ἀγαθοεργίας
3032 3277 3149 3331 ἐστὶ
3178 3278 3368 3350 μισθὸς
3397 3278 3522 3335 οὔτε
3568 3281 3671 3354 τῆς
3713 3301 3851 3339 κακ-

2265 3367 2492 3437 ουργίας
2532 3369 2725 3437 ποινῆς
2767 3368 3089 3440 είσπραξις·
3152 3369 3183 3423 ὃ
3211 3370 3331 3436 πῶς
3364 3372 3463 3426 οὐκ
3494 3374 3562 3428 ἂν
3592 3376 3685 3447 εἴη
3719 3376 3854 3442 ὅλως

2264 3458 2423 3529 ἡμῶν
2455 3459 2740 3530 συγχέον⁷⁹
2772 3460 2868 3513 καὶ
2911 3461 3221 3533 ἀνατρέπον
3268 3462 3361 3517 τὸν
3412 3464 3528 3536 βίον
3570 3469 3667 3521 καὶ
3714 3471 3853 3524 κατά

2261 3551 2357 3605 τοῦ
2399 3551 2535 3606 Θεοῦ
2559 3553 2659 3622 τὴν
2685 3553 2935 3622 γλῶσσαν
2962 3554 3182 3611 πάντων
3212 3556 3400 3621 ὀξῦνον
3429 3561 3847 3635 ἁναιδέστερον;

2263 3645 2377 3699 Οὐκ
2420 3645 2582 3715 ἢρκει
2626 3644 2684 3698 δὲ
2725 3647 2837 3709 τοῖς
2871 3646 3163 3717 δυστυχέσι
3195 3648 3257 3702 τὸ
3274 3649 3319 3681 ⁸ο
3344 3650 3413 3704 τὰ
3445 3653 3593 3707 κακὰ
3618 3656 3769 3709 νοεῖν
3795 3672 3851 3709 τε

2263 3736 2359 3787 καὶ
2407 3734 2590 3804 λέγειν
2642 3735 2740 3789 καὶ
2793 3735 3058 3808 πράττειν
3105 3738 3533 3808 ἀναγκάζεσθαι,
3562 3743 3708 3799 ἀλλὰ
3737 3745 3850 3799 δέον

2262 3825 2528 3881 ἐλεεῖσθαι
2564 3828 2662 3881 καὶ
2688 3828 2749 3882 τὸ
2781 3828 3058 3900 μισεῖσθαι
3090 3831 3443 3904 προστίθεται
3469 3835 3563 3889 καὶ
3596 3835 3665 3890 τὸ
3694 3840 3849 3893 κολά-

2260 3919 2476 3985 ζεσθαι.

2330 4014 2394 4067 El
2426 4013 2482 4066 δὲ
2509 4012 2658 4083 λέγοι
2688 4032 2773 4079 τις
2801 4013 2878 4079 ὡς
2910 4017 3011 4088 οὐχ
3057 4018 3215 4089 ἡμῶν
3243 4021 3393 4075 ἐστιν
3432 4020 3636 4077 εἰδέναι
3684 4023 3776 4078 διὰ
3799 4022 3847 4078 τί

2258 4104 2515 4173 τοιαύτην
2544 4106 2574 4158 ὁ
2601 4104 2733 4169 Θεὸς
2762 4106 3164 4180 ἐδημιούργησε
3185 4110 3421 4177 γένεσιν,
3454 4111 3513 4163 ἐν
3538 4113 3847 4183 προσποιήο

2260 4212 2345 4249 σει
2375 4194 2471 4249 τοῦ
2507 4195 2822 4268 μετριάζειν
2866 4200 3189 4268 ὲπισφίγγει
3230 4201 3329 4271 τὴν
3371 4201 3723 4270 ἀσέϐειαν⁸¹,
3756 4203 3845 4259 καὶ

2257 4288 2325 4341 δι’
2352 4281 2428 4343 ὧν
2458 4290 2608 4343 δοκεῖ
2637 4290 2951 4360 μετριάζειν
2970 4327 2986 4355 ,
3020 4295 3207 4361 μεῖζον
3232 4294 3441 4349 ἀσεϐεῖ.
3471 4296 3536 4348 Εἰ
3561 4296 3681 4368 γὰρ
3709 4298 3845 4369 καλὴ

2260 4378 2360 4449 μὲν
2399 4380 2433 4450 ἠ
2471 4378 2706 4448 γένεσις,
2740 4383 2876 4452 ἡμῖν
2902 4382 2959 4434 δὲ
2993 4382 3247 4449 φαίνεται
3276 4385 3442 4457 κακὴ,
3473 4386 3569 4439 καὶ
3601 4389 3765 4443 τοῦτο
3789 4388 3843 4442 δὲ

2257 4468 2367 4523 ἀπὸ
2398 4469 2687 4538 γενέσεως,
2716 4471 2816 4525 ούκ
2841 4471 2974 4542 ἐμὸν
3004 4472 3065 4525 τὸ
3090 4473 3314 4545 σφάλμα
3332 4515 3348 4542 ,
3379 4476 3592 4548 φαύλην
3635 4479 3841 4534 οἴεσθαι

574 4578 681 4617 non
728 4561 840 4632 jam
891 4563 994 4619 hoc
1039 4579 1217 4619 meum
1249 4575 1491 4620 erratum
1523 4574 1627 4632 est,
1658 4566 1703 4620 si
1759 4565 1953 4619 malam
2001 4576 2154 4635 puto,

2273 4562 2359 4631 τὴν
2386 4560 2447 4614 οὐ
2474 4561 2704 4633 φαύλην,
2728 4561 2824 4616 τοῦ
2854 4562 2913 4616 δὲ
2943 4563 3204 4637 τοιαύτην
3234 4567 3417 4637 κρίσιν
3448 4568 3536 4621 διὰ
3560 4572 3667 4640 τῆς
3694 4571 3840 4639 γενέ-

572 4670 694 4724 qua:
742 4654 882 4709 mala
932 4669 1038 4709 non
1070 4667 1194 4721 eSt;
1226 4656 1321 4712 sed
1372 4656 1490 4726 ejus
1545 4658 1723 4726 potius
1768 4659 1857 4726 qui
1911 4657 2015 4713 tale
2063 4673 2158 4728 per

572 4747 810 4816 genesim
856 4747 1118 4819 judicium
1168 4749 1418 4819 cogitatis
1462 4750 1665 4805 nostris
1707 4750 1953 4805 inseruit.
2017 4748 2152 4804 Nam

574 4839 618 4893 si
654 4853 830 4894 meum
872 4846 1113 4895 erratum
1147 4848 1253 4905 est,
1286 4838 1463 4896 aliena
1496 4851 1659 4897 erunt
1696 4842 1881 4911 utique
1912 4858 1942 4895 a
1968 4844 2154 4914 genesi

572 4944 913 5001 quaecunque
957 4933 1025 4986 ad
1053 4931 1290 5000 cogitata
1323 4933 1618 5001 pertinent,
1643 4948 1764 5004 quae
1793 4944 1848 4988 et
1887 4949 2067 4989 sermo
2093 4947 2151 4990 et

572 5024 827 5090 operatio
847 5033 1171 5093 sequuntur,
1206 5024 1513 5095 frustraque
1552 5022 1975 5097 fueritgenesis.
2010 5025 2149 5081 Vera

576 5113 739 5182 igitur
769 5112 1068 5168 moderatio
1120 5123 1390 5183 cautaque
1443 5114 1531 5170 hic
1582 5115 1997 5186 circumspectio
2044 5134 2148 5173 non

572 5204 667 5267 sit,
703 5202 896 5258 malam
941 5204 1163 5261 finxisse
1192 5205 1457 5276 genesim,
1492 5206 1793 5277 deindeque
1840 5209 1951 5265 Deo
1979 5210 2150 5266 malo-

572 5308 692 5347 rum
747 5294 1128 5366 cogitationem
1165 5296 1473 5364 ,coucedere
1521 5315 1536 5364 ;
1584 5313 1758 5367 neque
1797 5300 1926 5356 item
1978 5301 2144 5369 illud,

2262 4667 2397 4715 σεως
2426 4650 2800 4721 καταθεμένου
2843 4651 3003 4724 ἡμῶν
3046 4656 3162 4718 τοῖς
3196 4655 3504 4726 λογισμοῖς·
3537 4660 3588 4711 εί
3620 4660 3681 4713 δὲ
3710 4661 3838 4730 ἐμὸν

2254 4745 2316 4799 τὸ
2366 4746 2612 4816 σφάλμα,
2643 4749 2802 4813 ἐκτὸς
2844 4749 2954 4822 ἄρα
2998 4751 3265 4821 γενέσεως
3290 4753 3362 4807 τὰ
3389 4754 3499 4809 τῶν
3534 4756 3834 4829 λογισμῶν,

2253 4833 2335 4902 οἷς
2378 4838 2665 4894 ἀκολουθεῖ
2706 4841 2802 4895 καὶ
2850 4842 3008 4911 λόγος
3052 4844 3150 4897 καὶ
3195 4845 3414 4915 πρᾶξις,
3446 4848 3541 4900 καὶ
3593 4851 3835 4922 μάτηνή

2250 4932 2485 5001 γένεσις.
2504 4932 2735 5003 Ἀληθὴς
2781 4932 2961 4988 τοίνυν
2997 4937 3289 5008 μετριότης
3326 4940 3421 4992 καὶ
3471 4940 3735 4999 εύλάὸεια
3777 4944 3833 4998 ού

2249 5023 2312 5078 τὸ
2338 5024 2516 5095 κακὴν
2544 5025 2747 5079 πλάσαι
2768 5026 3002 5095 γένεσιν,
3037 5024 3158 5082 εἶτα
3189 5035 3543 5103 παραχωρεῖν
3580 5035 3706 5106 Θεῷ
3729 5036 3833 5089 τῶν

2251 5116 2440 5171 κακῶν
2466 5116 2565 5188 τὴν
2593 5117 2817 5186 γνῶσιν,
2847 5119 2971 5172 οὐδὲ
3013 5120 3106 5173 τὸν
3154 5122 3316 5177 αὑτὸν
3352 5123 3534 5193 λέγειν
3558 5125 3726 5180 ὠθεῖν
3757 5126 3832 5189 είς

2251 5209 2321 5262 τὰ
2354 5208 2480 5281 [561
2514 5208 2610 5281 Η.]
2643 5210 2792 5264 κακὰ
2820 5211 2916 5265 καὶ¹
2942 5213 3191 5278 κολάζειν
3216 5214 3311 5279 οὓς
3334 5216 3422 5272 διὰ
3440 5218 3541 5288 τῆς
3565 5220 3831 5287 γενέσεως

2254 5299 2486 5370 ὢθησεν.
2517 5301 2633 5356 Οὐκ
2667 5301 2783 5357 ἔστι
2812 5302 2988 5359 ταῦτα
3021 5307 3427 5377 μετριάζοντος,
3473 5310 3588 5365 ἀλλ’
3616 5314 3677 5366 ἐν
3702 5312 3828 5383 σχή-

1845 5433 2085 5491 ἾΑΒΙᾸΞ
2114 5434 2527 5492 LECTIONES.

676 5549 724 5583 "
747 5550 919 5628 αὐτῆς
950 5553 991 5609 Δ
1011 5554 1261 5628 -εῄαύτοξις
1296 5571 1357 5618 ς.
1395 5624 1404 5628 Δ
1432 5554 1477 5587 ⁷⁵
1497 5553 1696 5628 ἑαυτῆς
1720 5554 1961 5628 Scaliger
1995 5574 2008 5610 :
2050 5558 2169 5612 libri
2206 5556 2452 5621 ἑαυτούς.
2538 5558 2585 5589 ⁷⁸
2606 5558 2674 5611 τὰ
2709 5562 2750 5613 Α
2782 5573 2799 5614 :
2831 5559 2892 5615 τὸ
2920 5579 2981 5626 ς.

1009 5626 1055 5658 τ’
1088 5626 1207 5679 libri
1242 5624 1485 5695 συγχέων
1514 5655 1582 5664 -
1604 5624 1923 5698 ἀνατρέπων
1962 5660 2030 5671 -
2057 5628 2361 5695 όξύνοντος.
2452 5631 2499 5662 ⁸ο
2528 5628 2590 5682 τὸ
2616 5630 2739 5685 add.
2763 5631 2828 5685 Α.

572 5621 681 5693 γὰρ
712 5622 811 5693 τῆς
839 5621 901 5689 ς’.

3078 5563 3424 5635 ’τνμανθάνον
3466 5582 3529 5631 ς’.
3625 5567 3674 5600 ⁷⁸
3702 5566 3823 5621 οὔτε

2936 5633 2979 5663 ⁸¹
3021 5633 3302 5691 εὐσέϐειαν
3332 5656 3393 5703 ς.

2104 5748 2331 5805 NOTAE.

639 5830 749 5900 (63)
781 5823 977 5889 Extero
1008 5835 1091 5890 hic
1128 5836 1366 5892 vuculam
1408 5839 1514 5910 γὰρ
1544 5856 1605 5894 cx
1654 5845 1989 5911 prtecedeute
2017 5842 2238 5901 forsitan
2272 5860 2426 5900 versu
2478 5845 2723 5914 illapsam
