4014 6400
136 389 226 453 869
1178 384 1796 447 BlBLlOTIIECAr-
1825 387 1989 447 COD.
2027 387 2343 448 CCXX'III.

3268 392 3376 457 870

132 517 246 571 ματι
292 496 794 569 ταπεινοφροσύνης
836 496 1083 569 χαλεπὴν
1111 497 1329 568 ἀπάτην
1358 500 1691 567 εἰσάγοντος.

1801 474 2069 558 atlirmare
2108 503 2358 557 eumdem
2389 509 2446 559 et
2468 503 2536 560 ad
2579 504 2777 559 malum
2805 504 3107 577 impellere,
3147 516 3203 563 et
3245 524 3384 581 quos

130 595 188 647 Τὸ
226 590 278 643 δὲ
327 589 426 661 τῆς
472 589 755 654 εὐσεϐείας
787 591 941 659 γένος
983 590 1082 661 οὐχ
1111 590 1321 661 ὑϐρίζει
1350 591 1483 645 Θεὸν
1513 593 1582 648 δι’
1614 586 1690 646 ὧν

128 686 252 739 δοκεῖ
272 683 461 753 τιμᾷν,
493 683 614 737 οὐδὲ
646 684 746 754 τὴν
775 684 942 738 αὐτοῦ
976 686 1193 755 ἀναιρεί
1219 684 1556 755 ἀγαθότητα,
1579 686 1690 742 τῶν

128 776 288 833 κακῶν
315 776 464 847 αὐτῷ
494 776 591 846 τὴν
613 776 861 841 ἐξουσίαν
895 777 1153 847 παρέχον.
1173 777 1403 831 Ἀδικεῖν
1432 778 1541 849 γάρ
1565 776 1691 832 οὐτε

127 865 243 921 οἶδεν
284 867 406 921 οὐτε
451 868 742 940 δυνήσεται
779 870 809 940 ἡ
845 868 937 923 τοῦ
972 868 1107 923 Θεοῦ
1142 869 1400 937 ἐξουσία⁶
1434 872 1497 924 οὐ
1545 871 1693 925 ποιεῖ

127 960 267 1030 φονέα
294 960 389 1013 καὶ
423 958 668 1026 κολάζει,
699 960 809 1013 οὐδ’
839 959 1175 1031 ἀπαγορεύει
1202 961 1418 1015 πταίειν
1447 963 1545 1015 καῖ
1568 961 1688 1032 βιά-

127 1054 254 1117 ζεται
304 1051 647 1124 παρακούειν
702 1054 796 1107 καὶ
850 1052 1279 1124 παρακούσαντα
1337 1056 1686 1124 τιμωρεῖται.

127 1144 284 1200 Ταῦτα
311 1141 436 1198 οὐτε
473 1146 677 1215 πρέπει
708 1143 828 1216 Θεῷ
856 1143 981 1198 οῦτε
1015 1145 1246 1215 εὐσεϐὴς
1272 1144 1448 1210 οὐδεὶς
1473 1147 1691 1218 δέχεται

127 1236 375 1307 λογισμός.
414 1234 500 1289 Τὰ
537 1236 596 1290 δὲ
634 1236 915 1308 πρέποντα
946 1237 1198 1307 νοοῦμεν,
1228 1238 1324 1291 καὶ
1365 1238 1474 1291 τῶν
1503 1240 1561 1292 ὲν
1596 1240 1692 1293 κὸ-

130 1348 229 1401 σμῳ
253 1329 555 1399 γινομένων
580 1329 679 1401 τὴν
708 1330 947 1400 παντελῆ
992 1329 1299 1401 κατάληψιν
1333 1329 1485 1401 αὐτῷ
1516 1348 1693 1402 παρα.

130 1420 403 1493 χωροῦμεν,
434 1421 533 1475 καὶ
560 1420 889 1476 καταλαϐεῖν
921 1422 982 1475 οὐ
1013 1421 1460 1494 φιλονεικοῦμεν,
1491 1422 1694 1486 εἰδότες

130 1515 188 1578 ὡς
209 1513 264 1566 οὐ
295 1510 751 1583 καταληψόμεθα.
770 1511 973 1584 Ἀληθῆ
1006 1513 1065 1567 δὲ
1097 1512 1233 1567 Θεοῦ
1262 1513 1510 1580 ἐξουσίαν
1532 1515 1693 1586 ἴσμεν

130 1607 176 1659 τὸ
201 1607 321 1676 μήτε
344 1606 605 1677 πονηρῶν
631 1606 899 1677 ἡττᾶσθαι
924 1607 1021 1661 καὶ
1046 1607 1185 1679 πρὸς
1211 1608 1272 1661 τὸ
1291 1610 1403 1662 τῶν
1429 1609 1693 1679 δημιουρ-

131 1696 361 1765 γημάτων
390 1697 678 1768 συμφέρον
711 1697 1016 1769 κεχρῆσθαι
1048 1700 1113 1769 τῇ
1146 1698 1464 1771 ἀγαθότητι.
1492 1700 1694 1754 Σκόπει

131 1788 173 1840 δὲ
220 1790 427 1841 κάκεῖνο
453 1805 468 1820 ο
516 1789 607 1841 Ἐν
663 1789 1009 1859 κυνηγεσίοις
1040 1790 1405 1863 παροξύνουσι
1457 1792 1693 1864 ταύρους

1797 611 1864 651 eo
1884 611 1980 664 per
1998 598 2237 664 genesim
2276 596 2577 668 impulerit,
2610 599 2959 655 nihilominus
3007 602 3201 672 punire
3230 619 3245 669 ;
3279 620 3383 658 non

1797 696 1927 741 sunt
1971 687 2085 742 haec
2132 672 2386 745 modeste
2410 688 2703 759 loquentis,
2758 691 2851 745 sed
2894 690 3008 759 ipsa
3041 694 3387 750 demissionis

1797 780 1976 849 specie
2000 781 2053 834 in
2085 796 2302 853 gravem
2329 797 2568 838 errorem
2602 782 2925 838 inducentis.
2954 786 3024 839 At
3061 800 3190 840 vero
3215 788 3387 855 pieta-

1762 878 1906 925 -tem
1947 870 2133 927 colens
2190 872 2429 937 soboles,
2478 872 2683 927 nullam
2720 873 2832 928 Deo
2878 874 3129 945 injuriam
3171 891 3264 946 per
3296 876 3385 929 illa

1799 962 1987 1017 eadem
2038 962 2190 1028 facit,
2222 978 2317 1033 per
2361 978 2484 1034 quae
2509 963 2687 1033 ipsum
2728 964 2907 1020 colere
2947 979 3007 1019 se
3043 965 3341 1019 arbitratur
3368 1004 3384 1028 ,

1798 1068 1976 1123 neque
2009 1054 2125 1124 ejus
2177 1055 2316 1109 tollit
2346 1056 2667 1122 bonitatem,
2703 1057 2968 1112 malorum
2994 1057 3095 1129 ipsi
3139 1068 3383 1129 potesta-

1801 1154 1909 1202 tem
1943 1148 2313 1212 attribuenda,
2338 1147 2586 1217 injuriam
2614 1150 2759 1205 enim
2787 1150 2968 1205 facere
3012 1166 3185 1221 neque
3224 1150 3388 1205 mrido

1799 1240 1969 1303 novit,
2014 1253 2191 1310 neque
2218 1255 2455 1309 unquam
2482 1243 2683 1312 poterit
2716 1241 2898 1297 divina
2929 1244 3168 1313 potentia
3206 1261 3219 1297 :
3252 1259 3386 1309 non,

1798 1348 1959 1405 quem
1994 1336 2108 1391 haec
2151 1334 2477 1390 homicidam
2532 1336 2683 1398 fecit,
2722 1344 2913 1406 postea
2957 1317 3235 1406 castigati
3279 1351 3385 1390 non

1800 1430 1872 1484 ita
1918 1412 2173 1500 prohibet
2195 1427 2328 1491 labi,
2376 1438 2435 1482 ut
2465 1428 2659 1483 deinde
2692 1437 2748 1481 et
2775 1437 2935 1497 cogat
2979 1442 3082 1481 non
3110 1428 3387 1494 obtempe-

1799 1538 1926 1578 rare
1967 1531 2258 1594 praacepto,
2291 1530 2347 1577 et
2391 1523 2576 1590 puniat
2620 1521 3002 1592 negligentem.
3054 1519 3178 1576 Haec
3212 1534 3388 1589 neque

1800 1611 1855 1667 in
1889 1612 2058 1668 Deum
2098 1613 2324 1675 cadunt,
2362 1626 2537 1681 neque
2572 1628 2599 1665 a
2630 1613 2715 1681 pia
2766 1622 2948 1667 mente
2996 1611 3384 1666 admittuntur.

1798 1698 1913 1754 Nos
1949 1708 2131 1754 autem
2179 1714 2298 1768 quae
2326 1708 2690 1755 consentanea
2724 1709 2850 1756 sunt
2876 1711 3054 1756 mente
3088 1702 3384 1771 agitantes,

1800 1789 2040 1860 perfecte
2066 1790 2233 1844 Deum
2258 1790 2440 1844 omnia
2472 1806 2592 1861 qua:
2618 1792 2671 1845 in
2704 1791 2907 1847 mundo
2946 1792 3100 1858 (lunt,
3133 1806 3387 1861 compre-

131 1880 295 1949 προς⁸¹
323 1880 509 1951 μάχην
550 1880 911 1953 ἐρεθίζοντες,
942 1883 1048 1937 κᾶν
1099 1882 1174 1953 μὴ
1219 1885 1535 1954 χρήσωνται
1579 1885 1693 1947 τοῖς

1801 1882 2035 1937 hendere
2068 1881 2301 1935 fatemur
2334 1898 2349 1947 ;
2383 1890 2437 1935 at
2472 1897 2576 1935 non
2599 1882 2762 1937 etiam
2806 1883 2907 1953 ipsi
2923 1883 3387 1952 comprehendere

133 1972 310 2039 θυμοῖς,
339 1972 752 2041 ἀγανακτοῦσιν
783 1973 833 2026 οί
859 1973 1147 2028 δεσπόταν
1171 1975 1201 2028 ὁ
1224 1974 1283 2027 δὲ
1304 1973 1415 2028 τῶν
1442 1974 1691 2046 ἀστέρων

1801 1974 1913 2029 haec
1951 1973 2352 2039 contendimus,
2402 1975 2537 2030 certi
2582 1989 2679 2030 nos
2708 1991 2982 2045 nunquam
3017 1976 3375 2047 comprehen-

132 2065 294 2135 δρόμος
337 2066 465 2129 τοὺς
516 2066 879 2137 πειθομένους
901 2068 1033 2135 Ιτοῖς
1076 2066 1258 2122 αὐτῶν
1289 2066 1695 2137 ἀποτελέσμασι

1801 2083 1981 2127 suros.
2040 2069 2305 2125 Caeterum
2347 2069 2486 2124 hanc
2529 2083 2648 2125 esse
2700 2085 2883 2124 veram
2939 2068 3034 2127 Dei
3088 2072 3385 2140 potentiam

136 2158 351 2224 θανάτοις
376 2159 730 2230 ἀμείϐονται.
761 2159 995 2224 Δούλους
1020 2161 1186 2215 πάλιν
1209 2161 1370 2231 ἡμεῖς
1398 2159 1695 2215 ἀπειθοῦν-

1801 2160 2168 2231 agnoscimus,
2202 2162 2346 2231 quod
2378 2176 2552 2231 neque
2583 2178 2612 2215 a
2649 2161 2803 2217 malis
2843 2162 3133 2232 aliquando
3158 2178 3385 2234 supere-

133 2269 209 2315 τας
232 2252 552 2323 κολάζομεν.
576 2253 827 2325 τιμῶμεν
846 2252 906 2308 δὲ
936 2253 1312 2318 ὑπακούοντας
1335 2271 1349 2287 ο
1377 2255 1413 2325 ἠ
1438 2254 1497 2309 δὲ
1526 2254 1695 2309 ταῦτα

1806 2261 1916 2320 tur,
1951 2261 2009 2309 et
2032 2254 2175 2323 quod
2208 2254 2258 2306 in
2297 2267 2478 2308 rerum
2514 2252 2859 2308 conditarum
2912 2254 3199 2310 utilitatem
3226 2255 3386 2310 boni-

136 2345 247 2396 νοεῖν
297 2361 352 2398 τε
406 2345 506 2399 καὶ
563 2343 828 2416 πράττειν
890 2346 1280 2415 ἀναγκάζουσα
1331 2345 1546 2416 γένεσις
1598 2347 1695 2401 καὶ

1805 2352 1918 2400 tate
1939 2353 2143 2398 utatur.
2174 2345 2244 2398 At
2270 2353 2324 2398 tu
2361 2344 2494 2398 mihi
2516 2344 2679 2398 etiam
2708 2345 2835 2399 illud
2868 2346 3171 2401 considera.
3200 2345 3388 2401 Solent

136 2433 312 2486 πταίειν
339 2433 719 2506 παρακελεύει
746 2435 843 2490 καὶ
868 2436 1166 2510 τιμωρίαις
1185 2436 1388 2507 ὑπάγει
1415 2438 1544 2502 τοὺς
1572 2454 1697 2492 πει-

139 2523 343 2591 σθέντας,
376 2528 473 2581 καὶ
521 2528 676 2599 ἡμᾶς
733 2527 833 2599 μὲν
878 2528 1123 2595 δικαίους
1173 2529 1370 2601 πρὸς⁸³
1410 2529 1538 2593 τοὺς
1587 2528 1693 2583 ὐπὸ

137 2620 261 2686 χεῖρα
307 2620 416 2673 ἔσθ’
446 2622 539 2675 ὅτε
578 2623 745 2689 ποιεῖ,
780 2621 921 2693 αὐτὴ
965 2623 1024 2676 δὲ
1063 2622 1135 2690 τᾲ
1160 2622 1474 2679 ἀδικώτατα
1505 2622 1693 2694 δρῶσα

141 2708 199 2770 είς
240 2710 376 2780 ἡμᾶς
428 2711 535 2765 οὐκ
580 2711 916 2783 αἰσχύνεται.
941 2708 1073 2785 Ἆρ’
1111 2713 1213 2767 οὐκ
1263 2714 1469 2786 ἐσχάτη
1522 2716 1694 2786 μανία

140 2799 274 2855 ταῦτα
302 2803 585 2873 νομίξειν;
622 2803 785 2860 Ἀλλά
826 2802 1053 2873 τοιαῦτα
1100 2804 1204 2877 μὲν
1233 2806 1329 2861 καὶ
1354 2805 1418 2861 τὸ
1443 2804 1499 2877 μ’
1528 2805 1623 2859 καῖ⁵
1653 2804 1696 2859 ε’

141 2891 449 2964 διαλαμϐάνει
479 2896 805 2969 κεφάλαιον.

1802 2434 1859 2491 in
1913 2434 2298 2491 venationibus
2349 2436 2490 2491 tauri
2537 2434 2780 2491 stimulis
2815 2436 3065 2499 excitari,
3103 2446 3266 2507 atque
3317 2439 3387 2492 ad

1801 2527 2145 2597 pugnandum
2165 2526 2445 2597 proritari,
2470 2526 2709 2583 dolorem
2742 2541 2957 2597 quoque
2989 2528 3191 2598 220a
3213 2530 3389 2582 domi-

1801 2619 1886 2673 nis
1903 2618 2287 2683 sentientihus,
2308 2618 2354 2673 si
2376 2616 2515 2674 forte
2543 2619 2723 2675 minus
2740 2621 3160 2675 excandescant.
3186 2617 3386 2673 Verum

1800 2720 2076 2769 astrorum
2128 2712 2219 2768 ille
2261 2726 2457 2767 cursus
2510 2721 2683 2767 morte
2746 2722 3127 2767 remuneratur
3154 2726 3248 2767 eos
3294 2712 3385 2781 qui

1802 2804 1976 2876 ipsius
2022 2802 2280 2859 fatalibus
2341 2803 2575 2860 decretis
2622 2804 2917 2861 obsecutus
2954 2803 3137 2859 fuerit.
3186 2802 3388 2859 Servos

1798 2895 1985 2951 adhac
1996 2902 2213 2951 nostros
2234 2894 2612 2966 immorigeros
2632 2895 2985 2965 castigamus,
3021 2895 3386 2964 obsequentes

143 2992 323 3059 praemio
349 2992 644 3047 allicimus.
662 2992 732 3047 At
760 2992 853 3048 illa
874 3007 996 3064 quas
1018 2992 1134 3049 hate
1162 2991 1403 3064 cogitare
1427 3006 1494 3048 ac
1516 2990 1699 3047 facere
1727 2988 1873 3059 cogit
1899 2990 2211 3061 genesis,et
2232 2988 2336 3044 labi
2370 2990 2543 3063 jubet,
2609 2998 2665 3047 et
2698 3003 2990 3060 persuasos
3049 2989 3385 3043 cruciatibus

142 3078 335 3147 subjicit.
364 3081 574 3137 Eadem
608 3080 737 3137 item
775 3097 873 3139 nos
898 3082 1116 3153 quidem
1155 3082 1334 3154 justos
1363 3082 1419 3137 in
1446 3081 1693 3139 subditos
1766 3079 2039 3136 interdum
2090 3079 2242 3149 facit,
2293 3093 2418 3136 cum
2467 3083 2579 3151 ipsa
2628 3081 2847 3137 interim
2914 3080 3272 3151 injustissima
3326 3083 3383 3137 in

142 3189 217 3228 nos
238 3177 573 3233 committere
609 3191 713 3231 non
743 3179 1051 3236 erubescat.
1076 3179 1269 3234 Annon
1325 3177 1489 3250 igitur
1520 3184 1782 3232 extremae
1821 3174 2108 3232 dementire
2154 3176 2271 3232 haec
2306 3186 2552 3233 statuere
2595 3174 2619 3229 ?
2660 3175 2839 3247 Atque
2904 3176 3021 3230 haec
3080 3173 3270 3243 quinto
3327 3184 3383 3231 et

141 3268 517 3338 quadragesimo
551 3270 732 3340 capite
752 3272 993 3328 disserit.

195 3357 300 3430 [697
322 3359 411 3435 R.]
453 3364 549 3416 Ἐν
573 3363 631 3417 δὲ
654 3362 734 3434 τῷ
758 3363 855 3432 μς⁹
875 3366 1040 3435 φησὶν
1061 3366 1136 3431 ὡς
1163 3367 1269 3422 ὐπὸ
1292 3365 1393 3439 τῆς
1423 3371 1695 3440 γενεθλια-

1877 3362 2304 3434 Quadragesimo
2330 3370 2487 3417 sexto
2538 3361 2714 3430 capite
2742 3361 2941 3416 asserit
3005 3360 3126 3415 illos
3158 3376 3187 3416 a
3221 3378 3388 3435 gene-

143 3452 290 3519 λογίας
317 3457 363 3508 οἱ
397 3456 740 3526 ἐκμανέντες
791 3457 886 3510 καὶ
926 3458 1270 3529 Δημιουργδν
1301 3461 1412 3515 τῶν
1441 3461 1700 3517 ἁπάντων

143 3541 459 3602 ὑποτάττουσι
492 3547 697 3622 ταύτῃ.
734 3549 876 3604 Φασὶ
900 3549 1030 3621 γὰρ,
1061 3550 1250 3623 ὥσπερ
1282 3552 1344 3606 τὸ
1372 3552 1697 3627 δικαιοπρα-

144 3640 232 3703 γεῖν
256 3639 355 3693 ἀπὸ
376 3641 656 3711 γενέσεως
675 3682 691 3706 ,
718 3640 864 3695 οὕτω
894 3642 990 3696 καὶ
1017 3642 1078 3697 τὸ
1109 3644 1553 3716 προσευχόμενον
1578 3646 1695 3699 εἰσ-

144 3730 396 3787 ακούεσθαι
422 3733 519 3787 καὶ
547 3732 610 3786 τὸ
637 3732 980 3805 πληροῦσθαι
1010 3734 1146 3788 Θεοῦ
1175 3737 1482 3807 παρουσίας
1510 3739 1607 3791 καὶ
1634 3737 1697 3792 τὺ

144 3824 496 3891 καταξιοῦσθαι
550 3825 841 3897 θειοτέρων
884 3826 1471 3897 ἀποκαλύψεων.Ὥστε
1516 3829 1576 3895 ἐξ
1619 3822 1697 3886 ὧν

145 3914 345 3984 τολμῶσι
367 3917 555 3987 λέγειν
573 3960 587 3983 ,
620 3918 713 3973 τὸν
742 3918 877 3972 Θεὸν
903 3919 1183 3992 ὑπηρέτην
1207 3922 1565 3991 ἀποφαίνουσι
1596 3924 1697 3995 τῆς

146 4006 390 4075 γενέσεως,
419 4009 696 4065 κάκείνων
725 4011 1021 4083 εὐεργέτην
1052 4007 1137 4075 οἷς
1165 4013 1231 4067 ἂν
1266 4015 1296 4067 ὁ
1340 4014 1545 4085 ταύτης
1570 4014 1697 4086 δρό-

150 4113 226 4164 μος
243 4102 349 4153 et"
375 4105 615 4175 πάσχειν
644 4100 704 4158 εὖ
731 4104 1025 4177 ἐχαρίσατο
1042 4121 1059 4138 ο
1085 4100 1146 4160 οὐ
1174 4106 1228 4160 τί
1254 4104 1322 4160 ἂν
1348 4107 1432 4178 εἴη
1461 4106 1697 4162 ἀθεώτε-

149 4206 220 4258 ρον
244 4193 273 4263 ﬂ
298 4194 753 4267 δυσσεϐέστερον;
786 4198 850 4251 El
887 4196 945 4250 δὲ
986 4194 1161 4251 ταῦτα
1210 4198 1306 4253 καὶ
1351 4198 1421 4253 τὰ
1472 4199 1695 4255 τοιαῦτα

147 4280 223 4347 τῆς
244 4284 580 4355 εἱμαρμένης
604 4284 920 4357 ἀφαιροῦσι,
954 4270 1026 4339 τά
1056 4286 1291 4356 μέγιστα
1328 4288 1438 4342 τῶν
1473 4288 1696 4358 ἀγαθῶν

150 4370 286 4440 αὐτῆς
312 4374 738 4446 ἀποτέμνοντες,
766 4375 933 4446 μόνης
960 4377 1244 4443 δεσπόζειν
1271 4380 1537 4451 πονηρίας
1564 4381 1696 4435 ἀνα-

152 4464 429 4534 γράφουσιν.
478 4468 647 4523 Ἀλλά
692 4470 787 4524 καὶ
829 4470 1115 4535 πλείστους
1162 4471 1364 4537 ἔδειξεν
1408 4474 1438 4526 ό
1485 4473 1700 4545 μακρὸς

154 4556 306 4625 χρόνος
347 4561 406 4626 ἐξ
454 4562 662 4632 ἀρετῆς
713 4563 794 4625 είς
838 4562 1039 4617 κακίαν
1085 4563 1525 4632 μεταϐαλόνταςο
1552 4566 1695 4621 ὥστε

156 4649 283 4706 πάλιν
308 4657 497 4725 κρατεῖ
525 4648 603 4708 ὧν
630 4653 731 4708 οὐκ
757 4655 1000 4723 ἐκράτει,
1026 4656 1153 4719 τοὺς
1180 4656 1419 4725 ἀγαθοὺς
1448 4659 1528 4721 είς
1551 4659 1694 4728 φαύ-

1818 3455 2099 3525 thlialogia
2127 3454 2493 3520 dementatos,
2514 3453 2755 3508 omnium
2781 3467 2997 3523 quoque
3026 3455 3386 3511 architectum

1798 3548 1967 3604 Deum
2013 3546 2188 3601 eidem
2244 3543 2548 3615 subjicere.
2600 3542 2677 3598 Ita
2706 3544 2855 3599 enim
2909 3544 3238 3614 loquuntur,
3286 3546 3386 3614 ait,

1798 3637 2252 3712 quemadmodum
2299 3637 2444 3707 juste
2478 3635 2662 3691 vivere
2700 3651 2730 3691 a
2764 3636 2948 3707 genesi
2977 3637 3385 3704 1proticiscitur,

1797 3732 1879 3789 sic
1904 3741 1959 3787 et
1985 3739 2233 3785 orantem
2273 3726 2540 3792 exaudiri,
2577 3736 2631 3781 et
2679 3725 2773 3782 Dei
2810 3714 3096 3797 praesen-tia
3152 3728 3384 3798 impleri,

1796 3833 1852 3880 et
1879 3822 2077 3879 divinis
2104 3819 2313 3892 dignari
2340 3819 2791 3889 apparitionibus.
2831 3818 2939 3876 Per
2974 3835 3036 3875 ea
3069 3820 3232 3891 igitur
3267 3835 3389 3891 qua:

1798 3928 2044 3970 asserere
2070 3913 2168 3982 ipsi
2195 3912 2420 3977 audent,
2448 3910 2612 3965 Deum
2638 3925 2762 3966 esse
2783 3926 3049 3981 geneseos
3077 3912 3386 3967 ministrum

1797 4007 2103 4071 declarant,
2140 4015 2305 4074 atque
2340 4004 2395 4059 in
2435 4018 2530 4060 eos
2561 4004 2710 4059 solos
2753 4018 2875 4059 esse
2914 4003 3238 4068 henelicum,
3267 4005 3389 4072 qui-

1797 4098 1897 4154 bus
1929 4096 2094 4167 hujus
2129 4112 2325 4151 cursus
2354 4094 2681 4150 benelicium
2711 4094 2960 4164 accipere
2992 4094 3223 4164 benigne
3256 4110 3389 4150 con-

1795 4188 2046 4246 cesserit.
2093 4185 2212 4255 Quo
2252 4187 2380 4257 quid
2408 4202 2533 4243 esse
2557 4187 2730 4257 possit
2762 4187 2987 4257 impium
3027 4186 3247 4257 magis?
3292 4186 3387 4240 Sin

1798 4285 1915 4341 haec
1954 4294 2119 4355 atque
2152 4285 2236 4338 his
2263 4282 2460 4339 similia
2492 4283 2762 4349 adimunt,
2790 4282 2902 4352 jam
2950 4283 3203 4339 maximis
3229 4283 3297 4337 ab
3323 4297 3389 4338 eo

1796 4376 1956 4433 bonis
1985 4375 2305 4441 divulsis,in
2325 4390 2487 4430 unam
2527 4375 2799 4430 duntaxat
2829 4376 3095 4431 dominari
3128 4375 3386 4431 malitiam

1796 4469 2138 4538 scripserint.
2174 4467 2429 4523 Attamen
2475 4477 2687 4537 tempus
2717 4468 2900 4523 docuit
2932 4483 3091 4538 quam
3128 4469 3390 4538 plurimos

1797 4574 1829 4614 e
1886 4559 2043 4614 bonis
2096 4559 2266 4614 malos
2298 4558 2539 4615 evasisse
2567 4576 2583 4627 ;
2622 4560 2694 4613 ita
2724 4567 2783 4613 ut
2805 4560 3007 4628 probos
3041 4558 3389 4627 inimprobos

1797 4652 2203 4716 connnutando,
2259 4652 2313 4704 in
2350 4665 2445 4705 eos
2498 4665 2718 4703 rursum
2742 4658 3068 4719 potestatem
3122 4650 3386 4715 obtineat,

155 4736 249 4804 λους
271 4715 697 4816 μετακινήσασα.
720 4715 907 4809 Οῦτως
934 4748 969 4818 ή
986 4715 1202 4817 ,ταύτης
1228 4715 1485 4812 ύπόθεσις
1508 4715 1695 4805 πάντα

1801 4743 1891 4813 qui
1938 4743 2007 4799 ab
2053 4742 2453 4812 ejuspotentia
2484 4741 2639 4797 liberi
2681 4715 2856 4798 erant.
2907 4741 3060 4797 Adeo
3097 4742 3223 4795 dum
3274 4742 3389 4797 hac

156 4838 311 4903 ωγχεῖ
352 4837 448 4891 καὶ
472 4837 755 4909 ταράττει,
786 4837 881 4891 καὶ
913 4838 1021 4909 πρὸ
1050 4837 1268 4894 πάντων
1296 4840 1496 4910 ἑαυτὴν
1522 4858 1694 4897 κατα-

155 4917 305 4977 ϐάλλει
326 4942 383 4980 τε
409 4928 507 4982 καὶ
534 4927 879 4999 περιτρέπει.

213 5103 355 5172 Λέγει
380 5108 437 5163 δὲ
467 5109 612 5165 κατά
638 5110 701 5164 τὸ
730 5110 856 5177 ἑξῆς
885 5110 1178 5180 κεφάλαιον
1204 5110 1287 5184 (ζ’
1310 5111 1369 5166 δὲ
1403 5112 1559 5168 τοῦτό
1583 5116 1700 5171 ἐστι

159 5192 233 5245 καὶ
259 5197 324 5265 μ’)
357 5201 431 5265 ὡς
453 5201 548 5257 καὶ
581 5202 690 5255 τῶν
715 5204 846 5273 παρ’
875 5203 1100 5274 Ἕλλησι
1133 5205 1609 5277 φιλοσοφησάντων
1633 5209 1701 5263 τὰ

159 5284 349 5341 τοιαῦτά
396 5307 542 5355 τινες
586 5294 677 5347 ἐπὶ
722 5293 847 5347 νοῦν
894 5293 1110 5365 θέμενοι
1152 5295 1271 5349 sb“
1300 5297 1400 5368 τῆς
1436 5300 1703 5367 γενέσεως

159 5371 513 5454 ὲρι’-ηδ’άχθησάν
558 5401 617 5439 τε
664 5386 761 5439 καὶ
807 5387 1174 5456 κατεγέλασαν
1210 5388 1455 5459 πλάσμα.
1507 5391 1702 5445 Καίτοι

158 5459 232 5549 τόν
253 5479 307 5517 τε
328 5468 552 5540 οὐρανὸν
580 5472 868 5545 σφαιρικὸν
896 5476 1048 5530 οὐδὲν
1074 5472 1239 5548 ἦττον
1268 5478 1301 5547 ἢ
1327 5473 1478 5533 οῦτοι
1512 5480 1700 5549 ἐδόξα-

162 5548 255 5641 ζρν,
278 5559 367 5609 καὶ
416 5558 522 5631 μην
550 5562 645 5616 καὶ
688 5563 787 5635 τὴν
828 5564 938 5617 τῶν
969 5564 1177 5629 ζωδίων
1200 5566 1451 5622 σύνθεσιν
1477 5570 1569 5623 κα)⁵
1600 5548 1701 5641 τὴν

161 5640 250 5695 τῶν
278 5645 554 5723 πλανήτων
582 5655 796 5727 κίνησιν
821 5656 921 5710 οὐκ
948 5656 1125 5720 ἄλλως
1168 5659 1437 5728 ἐνόμιζον.
1465 5660 1562 5724 Τίς
1606 5640 1699 5715 οῦν

1801 4834 2087 4897 statuitur,
2123 4833 2311 4890 omnia
2336 4834 2742 4890 confunduntur
2765 4842 2929 4903 atque
2965 4834 3383 4902 conturbantur,

1802 4940 1859 4986 et
1886 4929 1971 4986 vel
2007 4930 2125 5000 ipsa
2171 4943 2296 4986 sese
2331 4938 2457 4986 ante
2484 4929 2668 4987 omnia
2697 4928 3016 5001 prosternit,
3044 4942 3113 4986 ac
3153 4928 3387 4986 circum-

1805 5024 2014 5093 agendo
2040 5022 2263 5078 evertit.

1873 5115 2189 5170 Proximum
2241 5114 2438 5171 demde
2492 5125 2664 5186 caput
2715 5115 3047 5189 (septimum
3108 5115 3163 5171 id
3217 5124 3389 5173 estet

1814 5207 2315 5280 quadragesimum)
2333 5209 2548 5276 asserit,
2567 5206 2792 5265 Graecos
2811 5208 3017 5279 aliquot
3034 5209 3383 5280 philosophos

1804 5298 1920 5353 hac
1966 5298 2151 5353 animo
2192 5298 2628 5363 considerantes,
2678 5298 2809 5354 illud
2843 5300 2909 5355 de
2937 5300 3121 5370 genesi
3160 5301 3385 5370 ﬁgmen-

1804 5398 1919 5443 tum
1951 5388 2248 5446 detestatos
2294 5405 2421 5447 esse
2464 5400 2629 5462 atque
2668 5390 2908 5447 irrisisse
2932 5431 2949 5457 ,
2991 5407 3299 5462 quanquam
3331 5401 3383 5448 et

1808 5482 2005 5538 coalum
2033 5483 2207 5553 ipsum
2232 5498 2340 5539 non
2374 5498 2534 5540 secus
2566 5494 2735 5554 atque
2757 5483 2833 5540 illi
2861 5484 3143 5554 globosum
3171 5499 3387 5539 assere-

1810 5581 1935 5627 rcnt
1966 5587 1983 5639 ;
2034 5579 2089 5628 et
2124 5588 2233 5629 non
2256 5574 2416 5630 aliter
2443 5574 2511 5631 de
2539 5574 2821 5647 signorum
2852 5575 3267 5645 compositione,
3292 5577 3387 5631 de-

1806 5680 1913 5735 que
1935 5668 2235 5723 errantium
2267 5669 2545 5727 stellarum
2589 5678 2739 5728 motu
2768 5677 3089 5727 statuerent.
3125 5668 3384 5728 Quanam

1411 5758 1651 5815 VARUE
1694 5759 2106 5819 LECTIONES.

213 5834 255 5865 “
448 5844 533 5912 ὡς
563 5850 626 5903 Α,
704 5850 748 5884 ⁸³
774 5850 934 5925 προς]
956 5850 1031 5916 ὡς
1058 5854 1123 5908 A.
1195 5855 1242 5888 “
1266 5854 1464 5927 δρόμος
1502 5856 1703 5927 ταύτης
1742 5875 1804 5922 ς’·

1905 5860 1951 5892 ⁸⁵
1975 5859 2034 5915 τὸ
2059 5860 2183 5914 add.
2218 5859 2281 5912 Α.
