3994 6408
592 414 690 482 871

1754 419 2017 483 ΡΗΟΤΙΙ
2054 419 2560 483 PATRIARCH/E
2594 422 2699 484 CP.

3758 428 3851 490 8ῖὲ

593 535 760 597 igitur
829 527 1022 584 borum
1088 525 1352 582 sententia
1416 535 1547 589 est,
1611 527 1755 597 quod
1784 528 1898 583 haec
1956 529 2171 597 quidem

2287 535 2459 598 αὐτοῖς
2504 535 2537 605 ἡ
2591 535 2807 604 γνώμη,
2840 532 3000 588 τοῦτο
3050 533 3152 604 μὲν
3198 533 3470 605 δέχεσθαι.
3503 534 3682 590 έκεῖνο
3701 538 3755 592 δὲ
3786 544 3855 614 μὴ

593 622 903 685 admittant,
954 618 1081 673 illud
1137 632 1263 673 vero
1300 619 1694 688 nequaquam?
1737 616 1814 673 Ea
1865 632 1986 687 quae
2037 628 2187 673 terra

595 712 843 781 marique
881 709 964 764 vel
1000 709 1050 763 in
1086 724 1211 761 aere
1240 720 1293 759 et
1342 709 1559 762 caneris
1593 707 1878 764 elementis
1922 708 2185 762 accidunt

596 800 1074 871 prmsigniticandi,
1109 798 1212 852 etsi
1258 814 1361 852 non
1390 798 1616 867 cogendi
1655 806 1749 851 aut
1778 797 2042 853 efficiendi
2076 797 2186 853 vim

598 894 799 946 habere
848 900 1119 947 astrorum
1176 907 1393 945 cursum
1434 890 1795 945 arbitrantur.
1833 888 1988 945 Hunc
2036 889 2185 946 enim

599 986 663 1039 ad
693 1001 815 1039 eum
847 984 959 1038 fere
982 986 1198 1038 modum
1231 983 1411 1037 futura
1437 984 1781 1048 denuntiare,
1802 1000 1911 1055 quo
1933 984 2187 1039 divinan-

598 1079 672 1143 di,
710 1078 1072 1145 aruspicaudi,
1115 1089 1207 1131 aut
1238 1077 1432 1131 similis
1487 1092 1576 1131 ars
1610 1077 1876 1145 quaepiam
1923 1075 2100 1131 solet:
2130 1084 2188 1132 ut

600 1184 705 1219 non
743 1175 1025 1234 propterea
1078 1165 1191 1219 base
1246 1166 1499 1220 eveniant
1534 1166 1677 1234 quod
1723 1167 2184 1235 pra'nuntientur,

599 1263 693 1315 sed
750 1262 869 1315 ideo
926 1261 1395 1331 prmnuntienlur,
1454 1261 1596 1330 quod
1666 1258 1941 1314 eveniant.
1998 1255 2187 1328 Neque

599 1354 742 1405 enim
794 1360 940 1406 astra
989 1366 1087 1419 per
1118 1351 1225 1405 vim
1275 1352 1580 1422 gubernare
1616 1351 1731 1405 haec
1778 1352 2057 1416 inferiora,
2091 1351 2186 1405 sed

599 1440 861 1493 duiitaxat
900 1455 1017 1508 qnm
1041 1448 1163 1509 post
1190 1450 1449 1493 eventura
1483 1441 1592 1494 sint
1623 1438 1966 1495 denuntiare.
1988 1440 2185 1494 Verum

600 1533 704 1587 etsi
748 1532 838 1602 qui
871 1533 1066 1602 22οὸ
1098 1534 1178 1589 sic
1229 1532 1494 1599 sentiunt,
1544 1547 1797 1600 magnam
1832 1532 1977 1586 illam
2013 1541 2188 1587 astro-

602 1626 845 1695 logorum
898 1626 1233 1695 impietatem
1265 1638 1295 1678 a
1342 1639 1402 1679 se
1440 1624 1758 1693 repulerint,
1792 1624 1858 1677 ad
1889 1624 2185 1693 perfectam

604 1727 779 1770 tamen
814 1717 1097 1770 veritatem
1131 1731 1236 1771 non
1278 1723 1663 1786 pervenerunt.
1698 1714 1774 1768 lla
1824 1715 2091 1784 septimus
2118 1716 2184 1769 li-

603 1809 704 1861 ber
733 1808 1060 1862 absolvitur.

672 1900 912 1956 Octavus
963 1916 1125 1969 porro
1168 1901 1303 1954 liber
1331 1916 1358 1953 a
1394 1901 1810 1971 quadragesimo
1859 1909 2055 1956 octavo
2102 1902 2182 1957 in-
2209 1876 2259 1936 Β

600 1993 829 2046 elluatus
886 1993 1088 2059 capite,
1154 1991 1288 2045 duos
1340 2001 1552 2047 creatos
1607 1993 1742 2047 dicit
1796 1992 1982 2059 caelos,
2019 2008 2182 2047 unum

601 2084 817 2154 quidem
879 2083 1195 2152 aspectabili
1256 2082 1360 2137 isto
1414 2085 1688 2154 superius,
1746 2085 1888 2155 quod
1922 2100 2028 2139 una
2061 2099 2182 2140 cum

603 2189 747 2232 terra
787 2178 1117 2241 substiterit,
1159 2177 1386 2232 alterum
1421 2196 1551 2234 vero
1585 2180 1694 2236 hoc
1737 2181 1880 2250 quod
1912 2181 2181 2237 videmus.

602 2267 805 2323 Horum
861 2284 990 2339 ergo
1017 2269 1244 2323 duorum
1278 2270 1506 2325 alterum
1542 2272 1666 2327 tecti
1696 2274 1847 2342 quasi
1890 2274 2068 2329 locum
2105 2280 2187 2328 te-

605 2376 756 2423 nere,
816 2360 1045 2415 alterum
1097 2372 1254 2416 terra:
1301 2364 1519 2431 quidem
1565 2366 1691 2420 tecti
1728 2365 1901 2420 vicem
1934 2367 2187 2421 similiter

602 2449 866 2516 praebere,
911 2449 1004 2503 sed
1051 2450 1230 2504 altiori
1284 2451 1355 2505 illi
1414 2452 1552 2506 coelo
1603 2454 1703 2509 soli
1757 2455 1928 2509 instar
1960 2471 2084 2510 esse
2121 2470 2185 2511 ac

602 2538 944 2593 fundamenti
996 2556 1013 2606 ;
1067 2550 1265 2595 terram
1319 2542 1506 2597 adth
1531 2560 1690 2598 unam
1720 2560 1891 2614 esse;
1942 2546 2183 2601 cmlestia

605 2633 729 2686 item
790 2635 1146 2702 potestatibus
1201 2634 1499 2702 majoribus
1553 2651 1676 2693 esse
1724 2637 2003 2707 subjecta,
2046 2648 2101 2695 ut
2131 2647 2187 2694 et

604 2724 906 2779 visibilibus
934 2740 997 2779 ea
1050 2740 1171 2795 quae
1212 2727 1315 2780 sub
1355 2728 1495 2781 cmlo
1542 2740 1692 2783 sunt.
1722 2729 1932 2784 lenm
1967 2731 2187 2801 insuper

607 2830 715 2869 non
780 2816 1092 2882 rotundum,
1149 2817 1240 2871 sed
1296 2816 1516 2871 tentorii
1563 2832 1628 2873 ac
1664 2818 1893 2875 fornicis
1949 2816 2185 2874 formam

603 2909 878 2976 praeferre.
907 2907 1008 2962 Pro
1034 2909 1247 2979 quidem
1278 2909 1533 2979 opinione
1563 2910 1881 2979 Seripturae,
1913 2922 1969 2964 ut
1998 2921 2178 2982 putat,

604 2999 909 3053 testimonia
944 2999 1149 3068 profert
1182 3016 1197 3052 :
1230 3015 1334 3055 non
1370 3015 1435 3055 ea
1468 3000 1641 3055 solum
1686 3001 1754 3056 de
1782 3000 1980 3072 ﬁgura,
2007 3002 2102 3056 sed
2131 3010 2188 3057 et

602 3092 669 3145 de
717 3106 912 3145 occasu
962 3099 1124 3160 atque
1176 3101 1297 3145 ortu
1332 3092 1483 3147 solis.
1516 3090 1714 3147 Reddit
1765 3101 1819 3147 et
1849 3108 2068 3148 causam
2097 3093 2184 3149 in-

2288 625 2644 697 προσίεσθαι;
2681 625 2806 679 Ὀτι
2833 625 2943 678 τῶν
2973 625 3065 677 ἐπὶ
3093 625 3196 695 γῆς
3218 626 3311 678 καὶ
3336 626 3609 694 θαλάττης
3642 628 3855 698 συμϐαι-

2288 718 2488 771 νόντων
2512 719 2571 771 ὲν
2603 717 2726 788 ἀέρι
2752 734 2812 771 τε
2841 716 2970 789 [562
2996 716 3091 790 Η.]
3119 717 3213 771 καὶ
3241 719 3354 782 τοῖς
3380 719 3563 783 ἄλλοις
3592 721 3855 791 στοιχείοις

2289 810 2735 880 προσημαντικδν
2765 812 2863 880 μὲν
2886 806 3025 863 εἶναι
3062 810 3342 880 νομίζουσι
3371 812 3462 864 τὸν
3490 813 3600 863 τῶν
3629 813 3854 884 ἀστέρων

2287 903 2507 975 δρόμον,
2538 904 2652 957 ἀλλ’
2682 905 2781 956 οὐκ
2812 904 3214 971 ἀναγκαστικὸν
3240 903 3272 973 ἢ
3306 905 3611 971 ποιητικὸν,
3651 907 3855 975 μηνύειν

2287 993 2344 1047 δὲ
2387 993 2578 1048 τοῦτον
2623 994 2692 1048 τά
2737 995 2972 1065 ἐσόμενα
3001 994 3190 1064 ὥσπερ
3231 997 3325 1048 καὶ
3354 995 3451 1067 τὴν
3486 995 3750 1067 μαντικὴν
3776 998 3855 1049 καὶ

2286 1088 2387 1160 τὴν
2404 1088 2450 1120 ⁸⁸
2476 1088 2820 1158 οίωνιστικὴν
2850 1088 2944 1141 καὶ
2969 1087 3091 1141 ὅσαι
3114 1088 3308 1147 αὐταῖς
3338 1086 3712 1159 παραπλήσιοι
3736 1104 3748 1118 ’
3771 1090 3852 1141 καὶ

2287 1182 2389 1233 οὐκ
2409 1180 2594 1252 ἐπειδὴ
2615 1181 2871 1250 προλέγει
2893 1180 3123 1248 γίνεται,
3159 1177 3275 1232 ἀλλ’
3301 1180 3489 1251 ἐπειδὴ
3516 1180 3719 1248 γίνεται
3741 1199 3856 1251 προ-

2286 1272 2439 1341 λέγει
2464 1288 2477 1302 ·
2515 1274 2611 1327 καὶ
2653 1274 2755 1326 ούκ
2784 1273 2996 1343 ἀνάγκῃ
3028 1274 3095 1343 τῇ
3127 1271 3225 1325 ἀπ’
3254 1272 3421 1341 αὐτῆς
3451 1272 3767 1327 διοικεῖσθαι
3794 1276 3855 1327 τὰ

2287 1362 2544 1428 ἐνταῦθα,
2579 1364 2978 1435 προσημαίνειν
3010 1363 3067 1416 δὲ
3106 1364 3264 1433 μόνον
3293 1363 3362 1415 τὰ
3392 1364 3647 1434 ἐσόμενα.
3668 1365 3856 1419 Ἀλλὀἱ

2285 1456 2459 1510 ταῦτα
2496 1456 2595 1526 μὲν
2631 1457 2946 1527 νομίζοντες
2994 1456 3090 1527 τὴν
3137 1455 3338 1525 πολλὴν
3381 1456 3491 1509 τῶν
3522 1457 3858 1528 ἀστρονόμων

2285 1548 2607 1604 δυσσέϐειαν
2658 1550 3038 1615 ἀπεσείσαντο,
3071 1548 3206 1619 πρὸς
3249 1548 3306 1602 δὲ
3354 1548 3417 1602 τὸ
3462 1550 3563 1621 τῆς
3613 1550 3859 1621 ἀληθείας

2285 1639 2515 1710 ἀκριϐὲς
2554 1640 2656 1694 οὐκ
2704 1640 3146 1709 ἀφίκοντο.⁹Αλλ’
3179 1642 3237 1693 ὲν
3264 1638 3477 1705 τούτοις
3510 1640 3608 1711 μὲν
3655 1641 3857 1695 καὶτοῦ

2286 1729 2331 1794 ζ’
2367 1728 2532 1798 λόγου
2570 1729 2632 1782 τὸ
2672 1730 2866 1800 πέρας.

2370 1907 2429 1962 '0
2454 1909 2530 1975 ζδὲ
2574 1914 2624 1979 η’
2652 1908 2809 1977 λόγος
2833 1949 2847 1972 ,
2883 1907 3023 1961 κατά
3075 1907 3136 1961 τὸ
3181 1906 3232 1977 η’
3266 1908 3358 1962 καὶ
3411 1907 3464 1979 μ’
3492 1910 3857 1981 ἀπαρχόμενος

2284 1999 2607 2070 κεφάλαιον,
2644 1999 2739 2053 δύο
2769 1999 2867 2069 μὲν
2894 1999 3159 2071 οὐρανοὺς
3191 2001 3338 2069 λέγει
3369 1999 3701 2069 γεγενῆσθαι
3725 2041 3739 2065 ,
3773 2002 3855 2053 ἕνα

2288 2092 2387 2162 μὲν
2424 2090 2521 2145 τοῦ
2571 2091 2852 2163 δρωμένου
2902 2090 3198 2161 ἀνώτερον,
3229 2090 3288 2145 ὃν
3331 2093 3425 2145 καὶ
3471 2092 3855 2159 συνυφεστάναι

2286 2186 2353 2254 τῇ
2404 2185 2498 2253 γῇ,
2533 2181 2762 2253 θάτερον
2790 2181 2847 2234 δὲ
2879 2181 2969 2235 τὸν
2997 2181 3273 2253 ὁρώμενον
3294 2197 3308 2210 ·
3356 2181 3450 2234 δύο
3475 2182 3535 2234 δὲ
3564 2181 3732 2235 ὄντων
3776 2184 3854 2234 τὸν

2289 2275 2387 2345 μὲν
2434 2273 2637 2345 ὀροφῆς
2691 2273 2911 2343 ἐπέχειν
2952 2273 3147 2341 λόγον,
3178 2273 3268 2327 τὸν
3315 2273 3373 2326 δὲ
3424 2274 3561 2342 πρὸς
3622 2274 3723 2343 μὲν
3769 2274 3856 2343 τὴν

2284 2366 2388 2436 γῆν
2417 2365 2621 2437 ὀροφῆς
2650 2365 2932 2432 ὡσαύτως,
2962 2364 3191 2435 ἐδάφους
3221 2366 3277 2419 δὲ
3310 2367 3405 2418 καὶ
3439 2366 3647 2436 βάσεως
3678 2365 3854 2435 πρδςετ

2284 2457 2375 2511 τὸν
2409 2456 2767 2528 ὑπερέχοντα.
2798 2458 2909 2512 Καὶ
2938 2457 3042 2527 γῆν
3073 2457 3129 2510 δὲ
3163 2458 3310 2527 μίαν.
3340 2458 3449 2510 Καὶ
3477 2457 3544 2509 τὰ
3577 2457 3676 2524 μὲν
3707 2456 3855 2527 ούρα-

2284 2568 2373 2604 νια
2419 2552 2541 2613 ταῖς
2580 2548 2886 2619 κρείττοσιν
2914 2549 3353 2619 άπονενεμῆσθαι
3372 2549 3418 2581 ⁸⁸
3447 2548 3729 2618 δυνάμεσι,
3759 2550 3859 2608 τοῖς

2284 2643 2582 2713 ὁρωμένοις
2610 2641 2668 2695 δὲ
2690 2640 2762 2695 τά
2787 2641 3092 2713 ύπουράνια
3108 2641 3174 2697 ⁸⁸.
3200 2642 3290 2713 Μὴ
3317 2642 3553 2712 σφαῖραν
3580 2641 3637 2693 δὲ
3666 2639 3755 2694 τὸν
3776 2641 3857 2691 οὐ-

2288 2736 2448 2807 ρανὸν
2495 2732 2659 2801 εῖναι,
2687 2734 2823 2790 ἀλλά
2876 2736 3085 2806 σκηνῆς
3132 2736 3227 2787 καὶ
3277 2735 3538 2805 καμάρας
3581 2731 3857 2798 διασώζειν

2286 2832 2493 2900 σχῆμα.
2527 2828 2637 2883 Καὶ
2684 2827 2889 2899 ταύτης
2932 2828 3031 2899 τῆς
3081 2826 3402 2897 ὑπολήψεως
3446 2825 3747 2895 Γραφικάς,
3791 2825 3857 2886 ὡς

2282 2923 2476 2987 οἴεται,
2505 2920 2798 2993 προϐάλλει
2826 2919 3153 2991 μαρτυρίας,
3175 2918 3238 2972 ού
3270 2918 3429 2989 μόνον
3457 2918 3587 2989 περὶ
3614 2916 3711 2969 τοῦ
3736 2917 3856 2986 σχή-

2288 3029 2479 3085 ματος,
2515 3011 2653 3066 ἀλλά
2695 3012 2942 3082 καὶπερὶ
2992 3009 3195 3073 δύσεως
3238 3008 3334 3062 καὶ
3372 3007 3502 3079 ιτερῖ⁹
3545 3005 3857 3080 ἀνατολῆςθο

2285 3106 2460 3177 ἡλίου.
2493 3103 2795 3173 Αίτιολογεϊ
2821 3102 2878 3156 δὲ
2907 3104 3001 3155 καὶ
3025 3100 3123 3173 τὴν
3150 3099 3260 3154 τῶν
3290 3100 3514 3173 ἡμερῶν
3544 3102 3639 3153 καὶ
3664 3100 3856 3153 νυκτῶν

604 3183 863 3238 rremeuti
899 3198 963 3238 ac
992 3182 1324 3238 decrementi
1363 3185 1574 3238 dierum
1603 3200 1666 3238 ac
1704 3186 1944 3240 noctium
1982 3203 1997 3241 :
2028 3187 2183 3242 alia-

2287 3196 2671 3269 αύξομείωσιν,
2703 3196 2799 3251 καὶ
2824 3194 2961 3250 ἄλλα
2989 3195 3113 3248 τινὰ
3140 3193 3368 3247 τοιαῦτα
3400 3192 3853 3263 πολυπραγμονεῖ,

603 3290 711 3343 que
744 3275 795 3329 id
836 3290 1010 3346 genus
1047 3276 1259 3330 curiose
1296 3275 1606 3346 investigat,
1651 3292 1768 3331 mea
1812 3277 2178 3346 quidemsen-

607 3368 801 3430 tentia,
858 3381 978 3435 qua:
1034 3366 1339 3420 necessaria
1391 3380 1497 3420 non
1531 3375 1679 3431 sunt,
1720 3368 1981 3423 etsieum
2010 3370 2185 3425 sacris

604 3457 840 3511 oraculis
864 3455 1255 3511 connexiouem
1280 3456 1571 3527 quamdam
1601 3457 1817 3514 habent.
1862 3458 2014 3515 Unde
2037 3461 2183 3531 pium

602 3551 823 3621 quidem
867 3549 1013 3604 hunc
1046 3550 1246 3614 virum,
1278 3564 1348 3604 ex
1379 3550 1446 3605 iis
1478 3564 1599 3620 qua:
1642 3551 1829 3618 refert,
1856 3552 2089 3622 iudices,
2132 3562 2187 3609 at

605 3658 710 3697 non
736 3642 810 3696 ita
835 3642 998 3696 etiam
1030 3651 1281 3696 accurata
1308 3656 1431 3697 cum
1462 3642 1881 3700 ratiocinatione
1906 3658 2186 3700 sacrarum

607 3736 1011 3802 Scripturarum
1042 3733 1349 3790 testimonia
1376 3736 1678 3804 producere
1709 3737 1938 3793 dixeris.

675 3826 804 3881 Inde
855 3826 923 3881 ad
970 3841 1169 3882 nouum
1196 3835 1252 3881 et
1284 3826 1769 3899 quadragesimum
1798 3839 1960 3899 caput
2009 3838 2193 3885 trans-

607 3921 775 3975 itione
824 3919 985 3986 facta,
1023 3934 1195 3977 sacra:
1222 3919 1380 3978 nobis
1408 3919 1709 3991 Scriptura:
1743 3921 1917 3993 leges,
1943 3922 2194 3977 admoni-

608 4014 909 4082 tionesque,
954 4021 1012 4067 et
1062 4027 1315 4083 maguum
1369 4012 1499 4068 illud
1559 4013 1945 4083 redemptionis
1994 4022 2193 4071 nostra

606 4106 924 4175 mysterium
967 4107 1092 4176 (nec
1119 4104 1392 4159 immerito
1440 4104 1595 4173 sane)
1649 4104 1949 4175 praedicat;
2002 4106 2093 4161 ubi
2136 4114 2193 4161 et

607 4194 948 4266 astrologiam
1025 4210 1091 4251 ex
1143 4195 1334 4251 iisdem
1392 4195 1499 4252 illis
1529 4195 1727 4253 divinis
1776 4196 1931 4251 libris
1976 4198 2193 4267 egregie

607 4288 941 4359 perstringit.

669 4376 807 4432 Hinc
838 4379 904 4432 ad
930 4377 1440 4449 quinquagesimum
1469 4386 1631 4445 caput
1652 4377 1818 4445 gradu
1848 4375 2014 4443 facto,
2038 4391 2194 4431 eum-

607 4468 731 4523 dem
772 4468 921 4523 illum
953 4482 1195 4523 errorem
1227 4468 1399 4522 nihilo
1423 4467 1643 4536 segnius
1667 4477 1963 4538 oppugnat,
1993 4477 2193 4537 praeter

2285 3290 2362 3353 ὡς
2396 3288 2582 3360 ἔμοιγε
2620 3288 2787 3352 δοκεῖ,
2813 3288 2876 3341 τὸ
2924 3286 3221 3353 ἀναγκαῖον
3269 3285 3371 3337 οὐκ
3419 3284 3653 3355 ἔχοντα,
3685 3285 3732 3337 εί
3774 3284 3857 3337 καὶ

2285 3383 2399 3446 τοῖς
2430 3380 2595 3453 ἱεροῖς
2614 3380 2817 3449 λογίοις
2843 3378 3204 3450 προσφύεται.
3224 3374 3313 3441 Ἐξ
3336 3369 3396 3431 οὗ
3422 3375 3750 3430 εὐσεϐοῦντα
3771 3376 3856 3446 μὲν

2285 3474 2379 3528 τὸν
2421 3472 2611 3542 ἄνδρα,
2642 3465 2724 3535 οἷς
2758 3471 3059 3542 κέχρηται,
3091 3470 3208 3539 θείη
3257 3470 3324 3524 ἄν
3372 3486 3478 3531 τις,
3512 3469 3766 3539 ἀκριϐείᾳ
3805 3468 3855 3521 δὲ

2286 3562 2565 3635 λογισμῶν
2605 3563 2708 3634 τὴν
2749 3561 2861 3616 τῶν
2892 3562 3185 3633 Γραφικῶν
3228 3560 3536 3632 μαρτυρίαν
3570 3558 3857 3631 προτείνειν

2288 3657 2472 3712 οὐκέτι
2508 3655 2709 3726 ὁμοίως
2747 3654 3052 3724 φήσειενθί.

2359 3836 2643 3892 Ἐντεῦθεν
2692 3834 2784 3888 ἐπὶ
2831 3833 2893 3886 τὸ
2940 3831 2986 3885 θ’
3019 3833 3114 3885 καὶ
3160 3831 3279 3901 μ⁹⁹¹
3315 3832 3659 3902 μεταϐαίνων
3704 3832 3854 3899 κεφά-

2292 3931 2462 3996 λαιον,
2491 3931 2592 3999 τῆς
2624 3928 2776 3999 ἱερᾶς
2815 3918 2972 3997 ήμῶν
3010 3925 3233 3995 Γραφῆς
3259 3927 3382 3988 τοὺς
3411 3926 3609 3995 νόμους
3635 3924 3756 3998 [700
3774 3922 3851 3991 [LI

2292 4022 2390 4078 καὶ
2415 4020 2515 4084 τὰς
2545 4017 2895 4092 παραινέσεις
2918 4016 3013 4068 καὶ
3040 4016 3101 4069 τὸ
3123 4017 3268 4085 μέγα
3293 4017 3396 4085 τῆς
3417 4018 3695 4087 σωτηρίας
3715 4015 3852 4087 ἡμῶν

2296 4113 2593 4185 μυστήριον
2624 4109 2718 4162 καὶ
2752 4107 2899 4177 μάλα
2926 4106 3154 4169 δικαίως
3183 4107 3408 4178 ἑξυμνεϊ
3427 4122 3443 4138 ο
3472 4109 3530 4159 ἐν
3568 4100 3615 4172 ᾧ
3651 4109 3743 4160 καὶ
3767 4106 3852 4173 τῆς

2293 4199 2652 4272 ἀστρολογίας
2679 4200 2744 4251 ὲκ
2772 4197 2881 4251 τῶν
2907 4197 3089 4277 αὐτῶν
3113 4197 3459 4271 θεοχρηστων
3483 4198 3681 4267 λογίων
3702 4200 3850 4269 ἁρμοι

2292 4294 2421 4357 δίως
2446 4292 2813 4347 καθάπτεται.

2363 4382 2606 4438 Ἐκεῖθεν
2629 4384 2722 4437 ἐπὶ
2745 4380 2808 4435 τὸ
2835 4378 3062 4451 ν’,ἀνιὼν
3079 4380 3395 4449 κεφάλαιον,
3417 4380 3517 4446 τῆς
3540 4382 3712 4451 αὐτῆς
3732 4378 3851 4433 πλά-

2295 4490 2393 4543 νης
2438 4471 2590 4526 οὐδὲν
2633 4466 2798 4545 ἦττον
2836 4466 3306 4538 καταγωνίζεται,
3356 4467 3531 4535 λέγων
3584 4470 3722 4539 μετὰ
3762 4467 3850 4520 τῶν

608 4560 710 4614 alia
745 4560 907 4615 etiam
936 4560 1038 4615 ista
1074 4560 1341 4614 referens.
1366 4558 1434 4613 Et
1466 4561 1511 4614 si
1538 4559 1688 4628 quid,
1713 4560 1809 4624 ait,
1827 4558 1895 4613 ab
1920 4558 2027 4614 illis
2050 4573 2188 4629 pra:-

2294 4563 2468 4618 ἀλλων
2506 4563 2583 4626 ὡς
2628 4563 2679 4615 ει
2711 4560 2805 4615 καί
2834 4576 2886 4613 τι
2916 4558 3027 4614 τῶν
3056 4559 3473 4631 προλεγομένων
3517 4560 3703 4623 αὐτοῖς
3725 4556 3852 4612 δοκεῖ

608 4652 812 4706 dictum
829 4651 1046 4707 evenire
1063 4651 1201 4707 forte
1225 4652 1490 4715 videatur,
1513 4665 1618 4704 non
1638 4649 1691 4705 id
1712 4665 1836 4705 mox
1867 4648 2015 4722 [quia
2046 4665 2188 4721 prae-

2292 4655 2588 4719 ὲκϐαίνειν,
2639 4653 2741 4706 οὐκ
2786 4649 2975 4721 ἐπειδὴ
3018 4650 3118 4721 τὴν
3161 4649 3385 4703 ἑκϐασιν
3424 4649 3650 4720 ἔσχηκε.
3698 4648 3849 4703 Πολλὰ

609 4745 813 4798 dictum
841 4742 962 4817 fuit]
993 4744 1211 4811 evenit;
1246 4742 1415 4799 multa
1444 4741 1716 4813 siquidem
1744 4752 1800 4797 et
1828 4742 1983 4798 nobis
2003 4756 2188 4797 eorum

2290 4745 2402 4817 γὰρ
2419 4746 2466 4778 ⁸³
2496 4746 2592 4800 καὶ
2641 4746 2776 4816 ἡμῖν
2820 4744 3196 4814 ἐννοουμένοις
3231 4743 3341 4797 τῶν
3369 4745 3733 4814 ἐννοηθέντων
3760 4747 3850 4799 ἀπ-

607 4851 728 4905 quze
774 4837 1230 4905 cogitaveramus,
1268 4835 1602 4895 acciderunt,
1631 4844 1685 4888 et
1732 4835 1932 4904 negotii
1965 4832 2188 4903 alicujus

2290 4838 2522 4908 ήντησε’
2556 4836 2651 4890 καὶ
2681 4836 2913 4907 πρᾶγμα
2958 4836 3316 4905 κεκινημένον
3363 4835 3396 4907 ἦ
3447 4836 3850 4908 κινηθησόμενον

609 4930 688 4983 vel
737 4929 864 4982 moli
896 4927 1033 4995 jam,
1069 4929 1153 4983 vel
1186 4926 1332 4983 brevi
1362 4926 1609 4981 movendi
1645 4927 2050 4995 exspectatione
2074 4941 2188 4984 sus-

2295 4925 2788 4998 προσδοκήσαντες,
2811 4925 2930 4978 οταν
2959 4924 3270 4994 ἠλπίσαμεν
3303 4926 3479 4997 ἀρχὴν
3504 4925 3689 4981 λαϐεῖν
3715 4930 3747 4999 ἦ
3776 4926 3849 4978 τέσ

608 5021 759 5088 pensi
807 5060 823 5087 ,
878 5020 1005 5075 illud
1058 5019 1235 5089 ipsum
1268 5017 1375 5071 tale
1432 5015 1689 5071 habuisse
1732 5017 2057 5086 principium
2109 5018 2188 5074 vel

2294 5017 2407 5081 λος,
2428 5016 2669 5071 τοιοῦτον
2695 5015 2878 5069 λαϐεῖν
2892 5015 2939 5047 ³⁸
2970 5015 3364 5087 κατελάϐομεν.
3389 5017 3503 5071 Καὶ
3530 5018 3589 5071 ού
3610 5018 3698 5072 διὰ
3715 5017 3849 5071 τοῦτο

610 5114 773 5168 linem
790 5124 975 5182 postea
999 5110 1471 5183 deprehendimus,
1495 5107 1712 5177 qualem
1738 5123 2187 5175 speraveramus:

2296 5107 2632 5181 χειροτονίαν
2684 5109 2896 5169 ἑαυτοῖς
2950 5108 3286 5177 προφητείας
3333 5110 3683 5180 ἐπιφέρομεν,
3734 5108 3850 5163 ἀλλὰ

606 5222 784 5277 neque
805 5216 983 5262 tamen
1014 5215 1302 5275 propterea
1327 5217 1426 5257 nos
1447 5204 1498 5254 in
1531 5203 1915 5270 prophetarum
1946 5201 2187 5258 ordinem

2299 5199 2585 5270 συντυχίας
2611 5198 2644 5270 ἢ
2673 5198 2769 5251 καὶ
2796 5197 3103 5267 στοχασμοῦ
3155 5199 3254 5269 τὴν
3294 5200 3565 5254 ἀπόϐασιν
3598 5200 3747 5271 ἔργον
3773 5216 3849 5267 γι-

609 5299 918 5365 referimus,
988 5297 1083 5352 sed
1131 5310 1293 5349 casus
1343 5308 1463 5346 esse
1514 5292 1659 5346 hunc
1700 5302 1979 5358 eventum,
2024 5303 2187 5363 atque

2300 5293 2605 5363 νώσκομεν.
2638 5291 2701 5344 Εἰ
2731 5290 2832 5361 μὲν
2856 5290 2966 5360 γάρ
2995 5306 3047 5342 τι
3075 5290 3170 5343 τοῦ
3195 5290 3540 5362 ἀνθρωπίνου
3571 5293 3681 5362 βίου
3708 5291 3850 5346 ά).λὸ-

608 5390 933 5457 mnjecturze
980 5387 1345 5459 agnoscimus.
1381 5384 1669 5439 Enimvero
1698 5385 1743 5438 si
1779 5382 1907 5452 quid
1947 5383 2183 5440 alienum

2304 5401 2456 5455 τριον
2507 5384 2931 5455 προεκήρυττον,
2961 5376 3081 5434 εἶτα
3126 5381 3188 5434 τὸ
3233 5380 3384 5448 ξένον
3431 5383 3612 5455 ἐξέϐη,
3640 5384 3697 5437 οὐ
3722 5383 3849 5451 λέγω

607 5483 675 5537 ab
714 5482 951 5537 humana
999 5481 1107 5533 vita
1150 5475 1530 5548 prmdieerent,
1573 5490 1637 5528 ac
1680 5474 1872 5529 deinde
1920 5474 2188 5531 insolitum

2302 5475 2561 5539 πολλάκις
2587 5472 2702 5528 ἀλλ’
2732 5471 2900 5538 ἅπαξ,
2927 5472 3227 5544 θαυμάζειν
3253 5471 3401 5538 εἰκὸς
3425 5469 3494 5545 ἦν
3513 5490 3529 5506 ⁸
3559 5478 3606 5530 εί
3633 5476 3687 5529 δέ
3715 5491 3772 5543 γε
3791 5471 3848 5526 τά

1876 5611 2115 5669 VARI/ﬂ
2159 5613 2568 5670 LECTIONES.

679 5738 725 5771 ⁸⁸
744 5736 841 5806 τὴν
871 5750 980 5806 om.
1005 5750 1086 5803 pr.
1116 5735 1194 5806 A._
1258 5734 1301 5806 ξ’
1333 5726 1490 5806 πρός]
1515 5728 1591 5806 ᾡς
1619 5731 1684 5806 Δ.
1756 5727 2260 5806 ⁸³-ύτίονενεμῆσθαι
2293 5748 2356 5806 <5.
2430 5730 2475 5806 εξ
2504 5730 2808 5806 ύπουρὰνια
2839 5727 3092 5806 Sfltoltus
3114 5748 3129 5785 :
3150 5732 3522 5806 ύπερουρὰνια
3546 5750 3603 5806 ς.
3637 5730 3716 5806 _"_°
3736 5725 3845 5797 περὶ

611 5820 736 5861 εηιιρ
771 5797 1032 5863 δίνατωεξ
1096 5804 1216 5857 add.
1247 5805 1312 5858 Α.
1383 5797 1429 5833 ν⁹¹
1463 5803 1624 5871 φήσει
1658 5802 1723 5854 Α.
1802 5801 1845 5830 ³³
1884 5798 1926 5850 θ’
1952 5797 2136 5875 acip."
2170 5803 2215 5855 Α
2251 5817 2265 5853 :
2302 5799 2356 5871 μ’
2390 5800 2484 5854 καὶ
2519 5799 2561 5852 ΘΤ
2592 5797 2661 5863 ς’(
2728 5798 2775 5831 ⁸³
2812 5797 2977 5851 πολλὰ
3031 5801 3132 5871 μὲν
3157 5797 3287 5873 ιγάρ
3346 5797 3407 5868 ξ.
3485 5804 3528 5835 ⁹⁶
3561 5800 3730 5854 λαϐεῖν
3771 5819 3841 5869 με.

621 5880 669 5935 Α
702 5894 716 5932 :
751 5873 1046 5932 ἀπολαϐεῖν
1076 5892 1135 5939 ς.
