3994 6408
155 376 246 438 8ῗ3

1142 342 1661 427 BlliLlOTIIECA.
1691 387 1759 398 —
1797 363 1956 424 con.
2017 364 2336 429 CCXXIII.

3257 359 3361 434 871‘.

153 490 383 558 φιλουντα
431 482 743 554 συμϐαίνειν
786 479 1000 534 δοκοῦσι
1039 480 1345 550 προλέγειν,
1376 478 1426 531 τί
1463 478 1679 546 θαυμα-

1810 475 1938 541 llud,
1972 493 2075 531 non
2106 479 2228 532 dico
2265 478 2478 548 saepius,
2502 481 2594 535 sed
2627 480 2794 536 semel
2826 482 3116 536 admodum
3153 487 3362 537 eveniw

149 579 254 633 στὸν
281 577 326 630 εί
351 575 741 644 τυγχάνουσινς
776 571 850 624 Ού
889 573 998 639 γὰρ
1025 569 1136 623 ἔστι
1167 570 1362 641 ῥᾳδίως
1393 570 1685 637 ἀποτυχεῖν

147 672 196 722 ἐν
234 665 415 737 πλήθει
458 665 716 733 βάλλοντα
748 664 872 724 τοὺς
920 661 1142 730 λόγους*
1189 659 1501 730 θαυμαστὸν
1533 658 1589 711 δὲ
1617 653 1686 727 ἦν

147 758 323 830 μάλλον
342 797 358 820 ,
399 757 447 810 εί
484 755 573 811 διὰ
605 754 802 817 παντὸς
831 753 1225 824 ἀπετύγχανον.
1259 753 1321 804 Et
1351 751 1406 804 δὲ
1437 751 1530 802 καὶ
1574 749 1688 803 δαί-

146 867 291 921 μονας
317 849 500 920 έχουσι
537 847 856 918 συνεργοὺς,
889 846 1077 915 ῶσπερ
1101 840 1194 898 οὖν
1218 844 1432 914 ἔχουσιν
1460 844 1688 912 ἐπικρα-

145 940 370 1001 τύνοντας
413 937 592 990 αὐτῶν
637 935 734 1006 τὴν
773 933 898 1006 [565
925 932 1020 1007 Η.]
1049 933 1387 1005 πρόρρησιν,
1415 930 1591 984 οὐκέτ’
1622 929 1688 984 ἂν

144 1036 183 1087 εί
203 1031 602 1100 ἐπιτυγχάνοιεν
627 1029 993 1100 ἀπορήσαιμι,
1021 1025 1158 1080 ἀλλὰ
1186 1024 1366 1096 πολλῷ
1403 1023 1604 1092 μᾶλλον
1639 1025 1688 1076 εί

145 1126 207 1197 μὴ
233 1123 650 1194 ἐπιτυγχάνοιεν.
670 1120 996 1192 Συνεργοῦσι
1024 1121 1080 1173 δὲ
1107 1118 1314 1182 τούτοις
1341 1120 1390 1171 οἱ
1415 1117 1687 1187 δαίμονες,

144 1219 318 1281 εἰδότες
347 1217 447 1286 μὲν
477 1216 546 1270 τὰ
573 1215 725 1284 παρά
765 1217 879 1277 τοῖς
920 1212 1270 1283 ἀστρολόγοις
1308 1209 1688 1281 γεγραμμένα,

146 1307 453 1380 πληροῦσθαι
483 1307 541 1359 δὲ
568 1305 740 1359 ταῦτα
769 1304 956 1373 ἀγῶνα
986 1303 1164 1358 πάντα
1204 1302 1689 1371 καταϐαλλόμενοι,

146 1406 216 1457 ἵνα
237 1403 329 1473 τὴν
352 1401 453 1470 τῆς
486 1399 829 1470 εἱμαρμένης
860 1397 1067 1466 πλάνην
1108 1397 1220 1460 τοῖς
1247 1395 1588 1465 πειθομένοις
1610 1395 1694 1446 ὲν-

145 1495 375 1565 τήξαντες
409 1491 505 1546 τοῦ
537 1491 694 1544 Θείου
743 1489 1131 1561 κατολιγωρεῖν
1161 1487 1518 1542 ἀναπείσωσι.
1551 1484 1694 1555 Προ-

144 1589 268 1655 λέγει
307 1585 362 1637 δὲ
404 1585 471 1637 τὰ
521 1583 700 1654 βιϐλία
749 1579 981 1634 πλοῦτον
1008 1582 1103 1634 καὶ
1126 1580 1316 1633 πενίαν
1350 1579 1448 1631 καὶ
1490 1580 1590 1632 ὅσα
1638 1578 1696 1628 ἐν

148 1679 244 1749 βίῳ.
261 1677 376 1731 Ἐπὶ
403 1676 462 1730 δὲ
494 1674 672 1728 ταῦτα
693 1674 818 1735 τοὺς
845 1672 1102 1743 δαίμονας
1130 1673 1411 1740 συνεργεῖν
1439 1671 1500 1723 ού
1533 1669 1695 1740 χαλε-

147 1771 258 1823 πόνο
292 1769 382 1822 καὶ
420 1766 534 1836 γὰρ
576 1767 671 1819 καὶ
701 1768 862 1836 ἡμεῖς
903 1765 1166 1834 ἀλλήλους
1195 1763 1364 1818 πολλὰ
1391 1761 1596 1815 τούτων
1629 1760 1696 1813 ἂν

1785 581 1894 635 set,
1937 572 2133 625 merito
2183 571 2440 625 admirari
2495 572 2707 626 licebat.
2749 574 2819 626 At
2854 586 2976 626 cum
3009 590 3072 630 ea
3110 591 3228 646 quae
3253 579 3362 647 ple-

1786 677 2014 731 rumque
2053 662 2300 718 accidere
2342 659 2518 717 solent
2548 664 2841 733 prmdiccre
2881 665 3198 730 vidcantur,
3232 669 3360 738 quid

1788 755 1986 808 mirum
2045 753 2090 809 si
2119 765 2265 810 recte
2286 754 2620 822 conjiciant?
2649 771 2752 810 non
2783 757 2927 812 enim
2962 757 3118 814 facile
3149 766 3360 814 esttam

1790 845 1957 900 multa
1991 846 2259 900 dicentem
2298 849 2570 902 aberrare.
2600 847 2796 918 221a
2839 849 2976 916 Quin
3027 850 3154 904 illud
3185 851 3364 921 potius

1791 939 2096 994 mirandum
2125 940 2217 1004 sit,
2269 954 2481 1008 semper
2515 941 2559 995 si
2597 941 2934 996 abcrrarent.
2964 939 3082 998 Jam
3119 944 3164 998 si
3206 943 3371 997 etiam

1792 1033 2062 1087 daemones
2101 1031 2336 1086 habeant
2380 1033 2659 1101 adjutores
2685 1070 2702 1096 ,
2747 1033 3199 1102 quemadmodum
3237 1049 3375 1090 sane

1792 1124 2012 1187 habent,
2039 1123 2129 1193 qui
2172 1125 2406 1194 ipsorum
2439 1125 2840 1194 prcedictionem
2873 1126 3219 1187 confirmant.
3264 1143 3370 1182 non

1793 1214 2025 1282 amplius
2056 1223 2168 1268 tum
2203 1217 2370 1269 mirer
2433 1216 2478 1269 si
2521 1226 2664 1270 recte
2702 1215 3030 1282 conjectent,
3075 1218 3169 1272 sed
3205 1219 3374 1273 multo

1793 1306 1967 1375 magis
2027 1305 2072 1361 si
2117 1322 2221 1361 non
2257 1314 2402 1362 recte
2435 1307 2752 1376 conjiciant.
2788 1308 3061 1378 Adjuvant
3098 1310 3241 1364 enim
3280 1325 3377 1364 eos

1796 1398 2088 1456 daemones.
2119 1399 2170 1451 in
2200 1400 2592 1468 astrologorum
2623 1400 2839 1470 scriptis
2893 1401 3126 1456 maxime
3156 1402 3375 1465 versati,

1796 1489 1944 1542 omni
1981 1489 2047 1542 ad
2079 1489 2196 1542 lucc
2240 1490 2564 1558 perficienda
2602 1491 2950 1545 contentione
2987 1492 3248 1557 adhibita,
3271 1507 3378 1560 quo

1799 1579 2079 1644 nimirum,
2115 1578 2205 1634 illo
2239 1579 2307 1634 de
2345 1579 2458 1634 fato
2487 1593 2672 1634 errore
2713 1581 2874 1636 nimis
2909 1582 3142 1636 credulis
3175 1583 3375 1648 infuso,

1800 1680 2164 1740 contemptum
2233 1671 2455 1740 insuper
2511 1671 2605 1726 Dei
2656 1672 2741 1726 his
2805 1672 2938 1741 ipsis
2996 1674 3376 1738 persuadeant.

1803 1760 2109 1816 Praedicunt
2142 1773 2324 1818 autem
2361 1762 2666 1830 huiusmodi
2700 1764 2826 1819 libri
2872 1765 3111 1830 divitias,
3152 1781 3382 1835 pauper-

148 1823 468 1929 βουληθέντες
493 1823 704 1925 διαθείη
715 1823 812 1924 μεν
831 1823 908 1926 ,νῆ
941 1823 1220 1915 πείθοντες
1246 1853 1280 1923 ἢ
1308 1852 1623 1914 ἀπατῶντες
1659 1851 1692 1916 ἢ

1804 1864 1986 1921 tatem,
2008 1867 2062 1909 et
2087 1868 2426 1925 quaecunque
2459 1858 2775 1927 contingere
2805 1857 2856 1910 in
2900 1857 3001 1912 hac
3038 1858 3146 1911 vita
3179 1858 3380 1920 solent,

147 1946 641 2017 καταναγκάζοντες.
693 1946 1125 2018 Κατισχύουσι⁹⁸
1163 1945 1222 1998 δὲ
1271 1942 1695 2016 ἁμαρτανόντων

146 2047 193 2098 τὸ
216 2046 476 2115 δαιμόνιον
511 2043 700 2112 φῦλον,
731 2041 922 2112 ἄγουσί
951 2059 1008 2095 τε
1040 2040 1134 2094 καὶ
1168 2041 1391 2110 φέρουσι
1415 2039 1542 2102 τοὺς
1572 2054 1694 2090 πει-

149 2140 374 2207 θομένους
404 2138 532 2190 ὅποι
583 2137 648 2188 ἂν
695 2134 968 2204 βούλοιντο
983 2133 1052 2188 ’⁸.
1099 2132 1387 2185 Βούλονται
1413 2130 1469 2183 δὲ
1500 2129 1633 2200 πρὸς
1651 2128 1696 2160 θ’

148 2229 224 2292 τὰς
248 2229 348 2282 τῶν
374 2229 726 2300 ἀστρολόγων
754 2227 970 2285 ἀπάτας
1007 2226 1096 2278 τὸν
1140 2225 1409 2297 ἡμέτερον
1439 2222 1701 2292 ἁρμόζειν

149 2321 258 2391 βίον,
285 2323 368 2377 ῖνα
399 2322 500 2385 τὰς
532 2323 632 2392 μέν
660 2320 914 2383 ἐκϐάσεις
939 2319 1175 2389 δρῶντες
1199 2321 1311 2381 τοῖς
1350 2315 1699 2386 ἀστρολόγοις

150 2414 458 2484 συμφώνους,
489 2415 624 2477 τοὺς
661 2413 718 2466 δὲ
745 2414 918 2466 ταῦτα
941 2411 1284 2483 πράττοντας
1324 2408 1399 2479 μὴ
1430 2406 1702 2477 συνορῶν-

150 2523 238 2570 τες,
267 2506 354 2559 τοῦ
382 2523 442 2558 τε
477 2505 683 2577 δρόμου
714 2504 823 2558 τῶν
852 2503 1099 2571 ἀστέρων
1126 2502 1177 2554 οἱ
1214 2499 1556 2570 ἠπατημένοι
1605 2515 1703 2550 κα-

150 2596 479 2668 ταψεύδοιντο,
515 2597 614 2650 καὶ
643 2599 743 2667 τῆς
774 2593 1052 2657 εὐσεϐείας
1073 2594 1169 2647 καὶ
1193 2591 1542 2662 δικαιοσύνης
1569 2592 1704 2680 ἀμε-

149 2687 374 2758 λήσαντες
406 2691 487 2754 εἰς
515 2690 612 2743 τὸν
643 2691 742 2760 τῆς
773 2686 1026 2750 ἀσεϐείας
1047 2685 1207 2756 βυθὸν
1229 2685 1576 2754 όλισθήσωσι.
1595 2685 1703 2737 Καὶ

152 2779 254 2832 αὐτὸ
283 2779 336 2832 δὲ
363 2779 524 2832 τοῦτο
547 2821 562 2846 ,
590 2778 652 2833 τὸ
677 2778 750 2850 μὴ
778 2780 1009 2850 συνορᾷν
1036 2777 1234 2839 αὐτοὺς
1263 2777 1323 2829 τὸ
1353 2775 1518 2844 ῥηθὲν
1564 2775 1706 2828 κατὰ

152 2869 234 2922 τῶν
259 2870 562 2942 ἀνθρώπων
591 2869 1084 2941 δραματούργημα,
1113 2869 1220 2922 τῶν
1249 2868 1519 2938 δαιμόνων
1544 2867 1705 2938 ἔργον

153 2961 202 3013 ἂν
227 2961 323 3030 εἴη,
348 2961 447 3034 τῆς
474 2943 757 3033 ἁμαρτίας
801 2962 898 3014 καὶ
947 2960 1202 3024 ἀσεϐείας
1237 2959 1634 3030 συναιρομένης
1658 2957 1705 2988 ’⁸

155 3052 323 3120 αΰτοῖς,
351 3055 444 3108 καὶ
471 3054 538 3108 τό
581 3071 643 3106 τε
689 3053 867 3107 αὐτῶν
901 3053 1204 3124 μηχάνημα
1236 3052 1473 3104 συνιέναι
1503 3051 1704 3104 διακω-

153 3145 348 3218 λυούσης
395 3148 492 3201 καὶ
539 3147 651 3200 τῶν
696 3143 792 3199 τοῦ
833 3145 968 3198 Θεοῦ
1024 3145 1309 3216 χριμάτων
1353 3143 1614 3205 ὡσαύτως
1645 3143 1707 3195 τὸ

156 3236 307 3306 βάθος.
337 3239 458 3302 Πῶς
511 3238 626 3310 γάρ
677 3237 1017 3307 ἀποκαλύψει
1063 3237 1124 3290 τὸ
1173 3237 1327 3290 Θεῖον
1374 3236 1407 3308 ἦ
1446 3234 1547 3299 τὰς
1597 3234 1705 3287 τῶν

154 3325 385 3399 δαιμόνων
411 3330 639 3402 ἐνέδρας
664 3329 698 3401 ἢ
729 3329 828 3393 τὰς
859 3328 1051 3383 ἑαυτοῦ
1081 3329 1420 3400 οἰκονομίας,
1448 3323 1529 3392 οἷς
1560 3343 1704 3397 παρ-

155 3424 260 3493 ορᾷν
301 3424 460 3477 αὐτοῦ
484 3424 535 3456 ⁹⁹
586 3421 945 3488 σπουδάζεται
995 3424 1062 3477 τὰ
1109 3424 1548 3494 προστάγματα;
1596 3419 1706 3473 Καὶ

156 3517 242 3583 γὰρ
281 3516 415 3583 ἇπερ
467 3515 630 3586 ἴσμεν
674 3513 853 3576 ἄδικα,
883 3513 1057 3568 ταῦτα
1105 3515 1456 3585 πράττομενο
1503 3512 1600 3582 οὐχ
1631 3506 1707 3563 ῶν

157 3606 374 3672 ἐπαίνους
408 3609 596 3678 ῐσμεν,
625 3606 800 3660 ταῦτα
839 3606 1268 3678 μεταδιώκομεν.
1294 3607 1403 3660 Καὶ
1427 3605 1542 3669 πῶς
1564 3605 1706 3676 ἅπερ

158 3700 422 3769 ἀγνοοῦμεν
458 3699 859 3771 μαθησόμεθας
910 3697 1193 3770 Ἔπραξας
1223 3699 1260 3752 ἃ
1289 3698 1517 3768 ἔμαθες·
1563 3714 1707 3766 παρ-

159 3794 423 3858 εσκεύασας
479 3792 674 3846 ἑαυτὸν
717 3792 784 3844 δι’
809 3793 1008 3864 ἀρετῆς
1057 3792 1151 3844 τοῦ
1206 3791 1397 3862 μαθεῖν
1430 3789 1595 3843 πλέον
1631 3785 1708 3843 ὧν

161 3886 415 3940 ἐπίστασαι
443 3885 629 3949 ἀξιονο
658 3883 906 3954 θαύμαζε
938 3885 986 3936 εἰ
1015 3883 1090 3954 μὴ
1120 3882 1316 3957 μαθεῖν,
1340 3881 1495 3951 ἔσχες
1518 3881 1587 3932 τὰ
1614 3895 1706 3932 τε-

161 3973 385 4047 λεώτερα.
421 3978 486 4030 Ei
521 3974 580 4027 δὲ
606 3975 806 4028 πάθεσι
833 3973 1016 4046 βρύεις
1046 3973 1142 4026 καὶ
1165 3971 1301 4025 Θεοῦ
1327 3971 1706 4042 καταφρονεῖς,

162 4065 255 4129 πῶς
282 4069 498 4140 μαθήσῃ
555 4067 651 4128 τὰς
685 4065 998 4134 οἰκονομίας
1028 4063 1191 4117 αὑτοῦ
1243 4063 1275 4134 ἢ
1319 4064 1417 4133 τὴν
1449 4062 1588 4115 κατά
1613 4060 1706 4114 σοῦ

159 4156 246 4208 τῶν
282 4159 568 4230 δαιμονίων
598 4159 896 4227 ὲπήρειαν;
932 4155 1053 4227 [701
1095 4153 1189 4228 R.]
1219 4154 1343 4218 Πῶς
1385 4153 1443 4207 δὲ
1476 4155 1537 4206 οὑ
1570 4169 1706 4223 κρα-

161 4249 349 4318 τήσειαν
371 4250 626 4322 δαίμονες
655 4249 892 4320 εὐχερῶς
916 4243 993 4303 ὧν
1017 4251 1114 4302 ούκ
1135 4250 1250 4302 ἔστι
1271 4249 1330 4301 τὸ
1355 4247 1509 4300 Θεῖον
1538 4246 1708 4316 ὑπέρ·-

166 4359 330 4413 μαχον,
379 4345 519 4416 πρὸς
567 4345 748 4396 ἐκεῖνα
796 4344 1016 4406 τούτους
1061 4339 1465 4410 κατασύροντες
1516 4338 1552 4393 ἀ
1599 4341 1708 4393 τῶν

164 4433 473 4504 ἀστρολόγων
506 4434 564 4488 αἱ
600 4434 774 4504 βίϐλοι
805 4432 1185 4503 προλέγουσιν,
1218 4430 1293 4494 ὡς
1319 4429 1386 4484 ἂν
1417 4429 1478 4483 τὸ
1505 4429 1604 4500 τῆς
1629 4430 1707 4481 εῖ-

1798 1948 1865 2001 ad
1901 1963 2021 2018 quae
2048 1963 2178 2002 sane
2197 1948 2470 2002 dammnes
2507 1963 2660 2002 Suam
2686 1963 2841 2017 opem
2879 1949 3072 2004 aﬂ'erre
3102 1964 3206 2003 non
3243 1949 3384 2003 (lilii-

1799 2039 1972 2095 culter
2002 2049 2248 2108 possunt.
2285 2038 2494 2095 Etenim
2518 2044 2680 2096 etiam
2708 2057 2807 2096 nos
2838 2043 3031 2097 harum
3073 2058 3180 2098 non
3213 2059 3382 2112 pauca

1801 2133 1853 2189 in
1905 2134 2068 2203 alios,
2115 2134 2346 2188 simodo
2389 2135 2656 2198 velimus,
2699 2135 2783 2190 vel
2832 2137 3245 2206 persuadendo,
3296 2137 3384 2191 vel

1807 2225 2151 2295 decipienda,
2175 2226 2258 2280 vel
2287 2225 2395 2280 vim
2427 2225 2752 2289 adhibendo,
2786 2225 3148 2280 conferamus.
3168 2220 3231 2280 Et
3254 2241 3385 2282 vero

1803 2299 2120 2382 peccatores
2170 2315 2221 2368 in
2249 2330 2344 2370 sua
2378 2323 2524 2369 tenet
2573 2324 2842 2383 potestate
2869 2316 3168 2370 daemonum
3204 2318 3382 2379 turba,

1803 2407 2274 2476 obsequentesque
2329 2407 2475 2460 ducit
2519 2416 2680 2475 atque
2720 2407 2832 2479 agit
2879 2423 2988 2477 quo
3025 2409 3158 2464 vult.
3202 2407 3387 2464 Velint

1805 2510 1988 2555 autem
2033 2502 2100 2555 ad
2135 2501 2534 2572 astrologorum
2577 2501 2819 2557 fallacias
2850 2513 3098 2557 nostram
3134 2504 3386 2573 componi

1804 2593 1972 2646 vitam
2008 2610 2022 2649 ε
2059 2601 2116 2647 ut
2139 2605 2365 2649 eventus
2393 2594 2610 2664 quidem
2673 2611 2794 2650 cum
2828 2596 3224 2664 astrologorum
3257 2611 3389 2666 prae-

1805 2685 2137 2740 dictionibus
2167 2686 2481 2741 consentire
2509 2687 3024 2749 animadvertentcs,
3073 2691 3166 2742 sed
3199 2703 3384 2743 eorum

1806 2787 2057 2832 auctores
2081 2791 2186 2831 non
2209 2777 2586 2840 observantes,
2610 2793 2716 2832 non
2739 2778 2913 2833 solum
2939 2789 3206 2835 astrorum
3223 2795 3387 2834 cursu

1807 2868 2012 2938 decepti
2060 2868 2333 2934 fallamur,
2372 2884 2562 2925 verum
2595 2872 2781 2935 etiam,
2811 2872 3030 2941 pietatis
3065 2887 3126 2928 ac
3161 2872 3388 2940 iustitia:

1808 2959 1950 3013 nulla
1981 2959 2168 3014 habita
2218 2961 2447 3028 ratione,
2476 2961 2529 3016 in
2563 2961 2857 3032 impietatis
2899 2964 3156 3034 abyssum
3182 2964 3388 3020 incida-

1807 3063 1948 3105 mus.
1978 3050 2044 3104 Et
2082 3049 2185 3105 hoc
2212 3051 2427 3120 quidem
2457 3052 2655 3120 ipsum,
2684 3053 2828 3123 quod
2859 3054 3028 3121 illam,
3055 3071 3221 3126 quam
3254 3058 3391 3113 dixi-

1808 3156 1950 3205 mus,
1983 3143 2336 3212 compositam
2361 3145 2623 3200 adversus
2651 3144 2900 3201 homines
2928 3148 3386 3203 machinationem

1810 3232 1864 3288 hi
1893 3248 1996 3287 non
2019 3234 2477 3301 animadvertant,
2498 3236 2802 3291 dzemonum
2831 3236 3018 3309 utique
3048 3253 3182 3308 Opus
3204 3237 3388 3307 fuerit,

1809 3332 2036 3390 peccato
2082 3323 2244 3378 simul
2309 3335 2471 3394 atque
2521 3325 2797 3394 impietate
2859 3328 3065 3394 ascitis,
3128 3344 3226 3399 per
3267 3345 3391 3400 qum

1809 3411 2200 3482 prohibeantur
2224 3412 2456 3488 [miseri]
2489 3424 2542 3470 et
2569 3416 2761 3471 horum
2791 3418 3145 3482 molitionem,
3174 3429 3230 3475 et
3258 3421 3391 3474 divi-

1811 3521 2000 3561 norum
2033 3506 2630 3577 similiterjudiciorum
2667 3509 3088 3578 profunditatem
3118 3510 3388 3581 intellige-

1811 3611 1891 3650 rc.
1945 3595 2225 3663 Quomodo
2275 3597 2420 3650 enim
2471 3594 2614 3652 Deus
2648 3607 2741 3651 aut
2780 3599 3085 3653 daemonum
3139 3600 3385 3661 insidias.

1811 3695 1903 3741 aut
1929 3703 2041 3742 suae
2067 3689 2418 3758 providentiae
2451 3689 2708 3762 mysteria
2743 3691 3060 3746 manifestet
3103 3692 3169 3746 iis
3195 3693 3387 3762 quibus

1809 3779 1989 3834 studio
2040 3789 2125 3835 est
2176 3778 2294 3849 ejus
2337 3781 2614 3852 despicere
2653 3792 2918 3852 pracepta
2950 3783 2977 3837 τ
3005 3781 3216 3838 Etenim
3268 3800 3388 3854 qua:

1810 3871 1991 3941 iniqua
2029 3886 2149 3927 esse
2195 3875 2415 3937 scimus,
2445 3885 2816 3943 perpetramus
2853 3895 2869 3930 :
2899 3891 3072 3946 neque
3116 3888 3292 3930 tamen
3323 3893 3386 3932 ea

1809 3973 2207 4029 consectamur,
2262 3979 2380 4033 quae
2438 3964 2706 4018 laudanda
2753 3968 3042 4033 novimus;
3100 3979 3154 4022 et
3210 3969 3388 4024 adhuc

1811 4069 2094 4124 speramus
2125 4071 2227 4110 nos
2277 4057 2456 4125 ignota
2487 4069 2838 4126 percepturos
2865 4059 2891 4111 ?
2935 4056 3039 4112 Ubi
3070 4074 3133 4113 ea
3167 4059 3384 4126 feceris,

1809 4164 1930 4219 qme
1971 4148 2226 4214 didicisti,
2276 4157 2439 4219 atque
2461 4164 2558 4219 per
2591 4151 2848 4205 virtutem
2898 4151 3132 4221 teipsum
3163 4152 3384 4222 dignum

1810 4239 2134 4306 reddideris,
2164 4241 2229 4293 ad
2260 4240 2410 4310 plura
2448 4249 2645 4310 praeter
2670 4257 2734 4296 ea
2765 4257 2884 4312 qua
2907 4252 3033 4297 ante
3065 4244 3388 4314 cognoveris

1810 4332 2178 4402 percipienda,
2203 4339 2313 4386 tum
2331 4333 2550 4388 demum
2580 4334 2814 4399 mireris,
2835 4334 2878 4388 si
2909 4349 3030 4403 quae
3063 4334 3386 4403 perfectiora

1810 4431 1958 4488 sunt,
1989 4419 2203 4476 discere
2234 4422 2575 4492 nequiveris.
2605 4425 2673 4475 At
2702 4423 2936 4490 quandiu
2968 4425 3387 4491 perturbationi-

169 4527 418 4598 μαρμένης
479 4528 540 4578 ἐν
586 4527 771 4590 αὐτοῖς
816 4523 1215 4596 βεϐαιώσαντες
1263 4522 1492 4591 πλάσμα
1543 4521 1701 4573 πλέον

1811 4511 1910 4566 bus
1953 4511 2184 4566 refertus
2226 4525 2306 4578 es,
2355 4512 2633 4581 Deumque
2675 4513 2999 4579 contemnis,
3031 4516 3300 4583 quomodo
3329 4527 3386 4570 tu

166 4613 274 4670 Θεοῦ
314 4618 799 4689 ἀποστατήσωσινς
840 4616 902 4669 Ei
957 4615 1139 4686 μέντοι
1187 4630 1252 4682 γε
1292 4614 1424 4683 ὅσην
1467 4613 1596 4683 περὶ
1637 4611 1706 4665 τὰ

167 4709 287 4762 κακὰ
313 4711 544 4782 σπουδὴν
580 4712 821 4780 εἴχομεν,
851 4707 1120 4776 τοσαύτην
1159 4705 1287 4775 περὶ
1321 4707 1391 4756 τὰ
1421 4704 1580 4764 καλὰ.
1606 4704 1706 4756 ούκ

167 4796 218 4850 ἂν
242 4802 575 4873 ὴγνοήσαμεν
604 4803 727 4854 ὅσον
758 4799 862 4852 ὑπὸ
891 4797 1023 4851 Θεοῦ
1050 4795 1416 4866 τετιμήμεθα,
1445 4795 1552 4847 οὐδ’
1583 4794 1706 4846 ὅσον

169 4891 284 4944 κατὰ
305 4893 569 4963 δαιμόνων
607 4891 882 4961 ἰσχύομεν.
910 4887 1194 4958 Πανταχοῦ
1230 4885 1365 4957 μὲνί
1405 4884 1514 4956 γὰρ
1552 4884 1706 4947 Θεδςν

169 4983 345 5050 ἐγγίζει
382 4987 439 5039 δὲ
487 4985 689 5057 μᾶλλον
723 4985 834 5046 τοῖς
866 4982 933 5036 δι’
962 4983 1140 5050 ἔργων
1178 4977 1466 5048 ἀγαπῶσιν
1509 4977 1704 5030 αὐτόν’

169 5073 278 5126 ὅπου
302 5077 355 5129 δὲ
383 5076 537 5140 Θεὸς,
565 5076 649 5140 τίς
675 5077 703 5128 ό
727 5075 1004 5128 λανθάνων
1032 5071 1130 5141 τὴν
1153 5069 1444 5141 ἐπιϐουλὴν
1469 5069 1502 5138 ἢ
1534 5071 1562 5122 ό
1589 5069 1708 5120 επι-

172 5163 410 5222 ϐσδλεύων
443 5169 615 5233 δλως;
659 5165 846 5220 Ταῦτα
874 5163 1144 5218 διαλαϐὼν
1168 5163 1237 5215 τὰ
1268 5161 1391 5232 ἱερά
1419 5160 1575 5228 λόγια
1605 5160 1710 5212 πά-

171 5253 239 5307 λιν
281 5260 414 5313 κατά
453 5259 556 5330 τῆς
601 5255 943 5327 εἱμαρμένης
991 5252 1224 5317 ὁπλίζει,
1257 5251 1538 5322 παραινῶν
1587 5249 1712 5311 τοὺς

171 5343 458 5416 ἀνθρώπους
488 5342 926 5402 ἀπαλλάττεσθαι
953 5343 1052 5412 τῆς
1079 5340 1334 5411 τοιαύτης
1365 5341 1591 5409 πλάνης.
1615 5337 1714 5391 Διά

174 5431 220 5484 δὲ
261 5436 348 5490 τοῦ
392 5436 569 5508 λέγειν
615 5438 694 5499 εἰς
748 5437 948 5506 σημεῖα
987 5433 1080 5488 καὶ
1113 5433 1196 5498 είς
1225 5435 1450 5504 καιροὺς
1491 5431 1586 5484 καὶ
1631 5430 1714 5492 είς

1813 4612 1908 4657 aut
1933 4603 2050 4672 ejus
2084 4604 2434 4673 providentiae
2463 4605 2718 4676 mysteria
2749 4605 2944 4668 disces,
2986 4606 3069 4660 vel
3116 4595 3304 4660 contra
3334 4617 3387 4663 te

1809 4695 2107 4749 daemonum
2137 4694 2434 4762 impetum?
2462 4693 2527 4747 Et
2549 4695 2815 4762 quomodo
2837 4711 2940 4748 non
2983 4695 3140 4750 facile
3169 4697 3389 4752 vincant

1809 4781 2080 4838 daemones
2110 4797 2203 4837 eos
2231 4783 2425 4851 quibus
2457 4796 2564 4834 non
2591 4791 2674 4836 est
2697 4780 2839 4835 Deus
2871 4793 3237 4851 propugnator
3264 4784 3289 4837 ?
3316 4786 3383 4837 ad

1811 4879 1900 4933 illa
1950 4877 2203 4932 nimirum
2241 4876 2339 4928 hos
2393 4875 2769 4937 attrahentes,
2820 4885 2940 4940 mue
2986 4871 3382 4944 astrologorum

1811 4969 1935 5025 libri
1973 4967 2270 5037 praedicunt
2300 4981 2315 5020 :
2343 4973 2400 5016 ut
2421 4963 2514 5016 lati
2542 4963 2592 5015 in
2621 4962 2699 5016 eis
2729 4961 2981 5031 figmento
3010 4963 3385 5029 corroborata,

1813 5060 2044 5130 amplius
2085 5057 2249 5111 etiam
2283 5070 2312 5108 a
2345 5053 2457 5109 Deo
2478 5053 2752 5108 deficiant.
2803 5051 2988 5122 Atqui,
3016 5055 3061 5109 si
3089 5065 3292 5124 quanto
3319 5059 3387 5111 ad

1814 5152 2014 5206 malum
2051 5149 2230 5203 sunlio
2249 5145 2650 5213 contendimus,
2685 5154 2833 5200 tanto
2865 5131 2990 5200 item
3021 5144 3088 5198 ad
3129 5147 3386 5202 honesta-

1819 5256 1925 5299 tem
1957 5244 2407 5304 incmnberemus,
2440 5253 2543 5294 non
2593 5237 2965 5309 ignoraremus
2999 5235 3195 5308 2211:
3221 5254 3383 5308 quant

1819 5337 1931 5390 Deo
1963 5335 2110 5389 chari
2127 5333 2320 5398 simus,
2349 5345 2522 5401 neque
2547 5339 2805 5400 quantum
2837 5329 3034 5383 virium
3058 5340 3244 5384 contra
3279 5331 3388 5384 die-

1820 5443 2032 5482 monem
2070 5426 2385 5480 habeamus.
2428 5422 2539 5478 Etsi
2590 5422 2734 5477 enim
2768 5419 2965 5491 ubique
2995 5421 3158 5486 Deus,
3199 5421 3265 5475 ad
3294 5436 3387 5476 eos

1420 5588 1653 5646 V'Alll/E
1684 5588 2086 5646 LECTIONES.

228 5700 269 5784 ξ’
297 5711 636 5784 κατισχύουσι
673 5708 1038 5784 apograplmm
1070 5706 1326 5784 Stephani
1361 5725 1375 5784 ξ
1411 5706 1820 5784 κατισχ-ύσουσιη,
1847 5725 1904 5772 ς.
1985 5706 2030 5738 ’⁸
2068 5703 2338 5776 βούλοιντο
2372 5721 2431 5768 τ.
2507 5703 2549 5735 ⁸⁷
2587 5701 2741 5774 πρὸς]
2771 5699 2844 5764 ὡς
2888 5702 2952 5752 Α.
3028 5695 3075 5730 ’⁸
3106 5708 3386 5763 συναιρού-

184 5777 328 5849 μένης
348 5798 403 5846 ς.
448 5777 523 5816 ”⁹⁹
550 5781 717 5836 αὐτοῦ
758 5777 818 5844 ςῖ.
878 5777 908 5810 ’¹
945 5777 1044 5849 μὲν
1071 5789 1126 5832 ct
1160 5777 1300 5832 infra
1329 5778 1408 5841 εἰς
1434 5777 1556 5831 add.
1587 5780 1651 5832 A.

551 5873 822 5934 Parum“
854 5872 968 5933 Gn.
1011 5871 1172 5933 Clll.

2911 5850 2987 5913 28
