3994 6402
646 413 749 475 875
1794 408 2055 468 ΙἾΙΟΤΙΙ
2093 407 2213 465 ΡΛἸ

2328 406 2597 464 ΛΠΟΙΗΞ
2631 404 2740 465 CP.
3762 402 3846 465 875

640 538 816 580 tamen
842 520 1063 593 pr0pius
1087 519 1313 581 accedit,
1341 518 1428 586 qui
1453 531 1547 587 per
1568 530 1730 586 opera
1758 517 1930 585 ipsum
1957 515 2205 584 diligunt.

2318 512 2593 574 ἐνιαυτοὺς
2619 511 2871 579 γενέσθαι
2900 511 3049 581 παρὰ
3076 512 3212 565 Θεοῦ
3242 510 3333 565 τὸν
3360 511 3508 581 ἥλιον
3536 512 3625 564 καὶ
3666 514 3750 582 τὴν
3776 531 3847 566 σε-

638 617 736 672 Ubi
790 624 967 669 autem
997 611 1139 667 Deus
1161 620 1265 675 est,
1311 624 1555 679 quaenam
1587 609 1697 662 illic
1746 608 1951 661 insidia:
1986 605 2205 669 lateant,

2318 604 2483 675 λήνην
2531 605 2626 657 καὶ
2668 606 2792 667 τοὺς
2836 606 3093 675 ἀστέρας,
3125 604 3193 657 τά
3240 604 3333 657 ἐπὶ
3378 605 3549 674 Ἰησοῦ
3593 606 3680 657 τοῦ
3722 607 3852 677 Ναυῆ

638 721 730 764 aut
783 706 904 776 quis
937 703 1161 759 omnino
1188 701 1327 755 adsit
1358 700 1638 753 insidiator
1666 698 1688 751 ?
1735 698 1866 763 Qua:
1908 697 2000 751 ubi
2034 695 2209 749 disse—

2318 698 2660 766 γεγενημένα
2692 696 2981 768 δηλοῦσθαι
3014 715 3145 766 φησι
3176 697 3271 749 καὶ
3301 696 3368 749 τὰ
3397 699 3489 749 ἐπὶ
3529 697 3751 761 Ἐζεκίου
3776 698 3850 752 τοῦ

638 802 768 862 ruit,
795 797 990 851 divinis
1022 809 1235 848 rursum
1253 792 1497 861 Eloquiis
1520 791 1777 843 adversus
1812 789 1976 843 fatum
2010 787 2212 841 instru-

2322 787 2586 857 βασιλέως
2628 790 2721 843 καὶ
2758 790 2827 842 τὰ
2868 790 2961 841 ἐπὶ
2998 789 3091 841 τοῦ
3128 788 3449 841 δεσποτικοῦ
3489 788 3707 851 πάθους.

636 905 775 955 etus,
806 888 1051 945 homines
1077 885 1418 946 adhortatur,
1451 893 1506 937 ut
1537 898 1593 938 se
1622 884 1711 936 illo
1735 896 1921 937 errore
1952 881 2203 935 liberent.
2246 882 2399 949 Quod
2428 894 2605 937 autem
2640 883 2696 936 in
2728 883 2881 951 signa
2922 891 2976 936 et
3010 890 3252 950 tempora
3280 893 3305 919 ε
3345 890 3399 934 et
3461 894 3629 933 annos
3688 879 3852 935 laetum

637 1000 758 1040 esse
785 999 811 1037 a
840 983 950 1037 Deo
975 980 1141 1036 solem
1179 992 1304 1033 cum
1337 976 1465 1029 luna
1496 984 1549 1028 et
1580 974 1751 1030 stellis
1783 975 2003 1039 dicitur,
2037 975 2120 1029 his
2155 990 2217 1029 ea
2257 976 2553 1045 signiﬁcari
2590 976 2718 1039 vult,
2750 989 2871 1045 qua:
2902 974 2929 1013 δ
2975 974 3076 1028 sub
3099 970 3225 1028 Jesu
3256 972 3365 1026 ﬁlio
3391 970 3537 1026 Nave
3594 980 3647 1026 et
3673 982 3692 1009 ε
3750 972 3855 1025 Eze-

637 1077 758 1132 chia
810 1088 956 1140 rege,
1006 1072 1242 1138 itemque
1284 1068 1337 1122 in
1365 1068 1391 1107 ά
1441 1068 1642 1123 Christi
1677 1069 1930 1137 passione
1972 1070 2336 1140 contigerunt.

654 1164 657 1171 λ
710 1169 805 1224 llis
838 1169 999 1238 igitur
1035 1166 1486 1236 quinquagesimo
1517 1166 1692 1231 capite
1726 1166 2091 1234 pertractatis.
2146 1165 2208 1218 51

636 1263 703 1317 οὐ
725 1262 977 1327 deinceps
1009 1258 1224 1323 transit,
1249 1272 1355 1326 quo
1381 1272 1409 1309 a
1438 1255 1731 1311 Bardisane
1760 1266 1909 1309 ortos
1937 1256 2219 1310 ha’reticns

638 1354 941 1422 redarguit,
986 1349 1126 1419 quod
1165 1365 1286 1403 eum
1316 1348 1673 1418 proﬁteantur
1701 1362 1761 1402 se
1797 1348 2087 1417 prophetas
2119 1348 2219 1399 ad-

640 1448 873 1510 mittere,
905 1443 1112 1495 animas
1135 1441 1351 1510 quidem
1386 1454 1417 1494 a
1445 1439 1624 1509 genesi
1654 1438 1855 1493 liberas
1884 1449 1938 1493 et
1968 1439 2051 1493 sui
2081 1439 2213 1507 juris

2327 1445 2832 1513 προσποιουμένους
2856 1444 2981 1507 τοὺς
3003 1442 3312 1513 προφήτας,
3343 1441 3439 1495 καὶ
3468 1443 3567 1503 τὰς
3604 1440 3696 1510 μὲν
3714 1442 3857 1509 ψυχὰς

639 1537 1022 1597 conﬁteantur,
1068 1532 1161 1587 sed
1206 1546 1402 1600 corpus
1431 1530 1791 1584 nihilominus
1828 1530 1989 1597 hujus
2020 1531 2213 1597 guber-

2326 1536 2598 1601 γενέσεως
2628 1535 2922 1605 ἐλευθέρας
2944 1534 3038 1586 καὶ
3067 1531 3449 1599 αὐτεξουσίους
3478 1531 3857 1601 ὁμολογοῦντας.

642 1627 853 1683 nationi
889 1624 1200 1693 subjiciam.
1235 1622 1372 1676 Nam
1400 1622 1639 1685 divitias,
1664 1629 2060 1690 paupertatem,
2081 1637 2213 1674 mor-

2322 1628 2381 1679 τὸ
2408 1630 2567 1695 σῶμα
2585 1628 2640 1680 δὲ
2669 1630 2736 1699 τῇ
2758 1627 2963 1697 ταύτης
2986 1627 3385 1688 ὑποτάττοντας
3409 1626 3699 1695 διοικήσει·
3726 1625 3858 1676 πλοῦ-

648 1724 794 1784 bum,
837 1719 1149 1783 sanitatem,
1200 1717 1386 1779 vitam,
1443 1724 1677 1768 mortem
1727 1721 1782 1766 et
1811 1726 2148 1782 quaecunque
2174 1714 2213 1765 ir

2322 1733 2413 1769 τον
2446 1718 2556 1787 γὰρ
2578 1717 2671 1770 καὶ
2703 1716 2913 1778 πενίαν,
2952 1716 3046 1769 καὶ
3069 1716 3223 1768 νόσον
3245 1716 3339 1769 καὶ
3368 1716 3601 1784 ὐγίειαν,
3628 1716 3715 1769 καί⁵
3737 1715 3852 1784 ζωὴν

648 1825 832 1869 nostra
856 1828 965 1866 non
998 1820 1122 1865 sunt
1147 1818 1443 1879 potestate,
1500 1821 1597 1875 per
1646 1805 1741 1859 fati
1772 1808 1880 1859 vim
1913 1804 2048 1859 efﬁci
2083 1804 2213 1858 amr-

2323 1808 2417 1861 καὶ
2440 1808 2695 1872 θάνατον,
2725 1809 2820 1860 καὶ
2846 1809 2947 1861 ὅσα
2966 1809 3064 1860 οὐκ
3091 1808 3175 1875 ἐφ’
3198 1809 3219 1837 ²
3251 1808 3407 1877 ἡμῖν,
3451 1806 3611 1876 ἔργον
3636 1804 3761 1859 εἶναι
3788 1807 3858 1858 λέ-

643 1915 815 1961 tnant.
852 1904 923 1957 At
942 1902 984 1957 si
1021 1901 1317 1956 secundum
1338 1896 1531 1953 Isaiam
1558 1910 1581 1937 θ
1607 1898 1860 1968 ignorant
1887 1897 2007 1952 caeli
2043 1905 2213 1950 astro-

2324 1921 2479 1971 γουσι
2500 1906 2600 1973 τῆς
2632 1903 2991 1973 εἱμαρμένης.
3039 1903 3101 1955 Εἰ
3127 1903 3184 1956 δὲ
3213 1904 3352 1956 κατά
3386 1904 3480 1955 τὸν
3527 1902 3745 1956 Ἡσαΐαν
3782 1904 3857 1956 οὐκ

642 2001 747 2067 logi
802 2011 921 2068 qua:
967 1994 1144 2049 futura
1183 1993 1311 2056 sint,
1361 2001 1416 2046 et
1454 2006 1520 2046 ex
1562 1990 1858 2046 Jeremimf
1925 1990 2213 2053 sententia,

2326 1999 2503 2049 ίσασιν
2536 1999 2583 2048 οί
2612 1994 2928 2066 ἀστρολόγοι
2957 1994 3051 2048 τοῦ
3094 1994 3327 2065 οὐρανοῦ
3367 1995 3436 2048 τά
3487 1995 3754 2065 μέλλοντα,
3788 1996 3858 2048 καὶ

640 2105 839 2143 vanum
873 2089 978 2143 hoc
1001 2098 1161 2140 onme
1189 2085 1425 2139 studimn
1473 2093 1577 2149 est,
1630 2082 1904 2152 quomodo
1951 2082 2002 2136 hi
2044 2083 2213 2136 susei-

2325 2089 2463 2141 κατά
2499 2088 2591 2141 τὸν
2642 2089 2917 2159 Ἰερεμίαν
2982 2089 3189 2158 ματαία
3235 2089 3381 2141 ἐστὶν
3431 2090 3465 2158 ὴ
3516 2089 3640 2158 περὶ
3692 2088 3857 2157 ταύτην

639 2197 771 2251 pere
798 2194 859 2236 se
894 2180 1083 2233 dicunt
1116 2180 1433 2246 pr0phetas,
1480 2176 1571 2245 qui
1615 2190 1811 2243 corpus
1841 2174 1938 2227 fati
1966 2173 2213 2226 servituti

2326 2178 2552 2250 σπουδὴ,
2589 2180 2708 2241 πῶς
2736 2175 2881 2233 οῦτοι
2910 2180 3162 2250 δέχεσθαι
3194 2180 3292 2248 μέν
3328 2197 3465 2247 φασι
3507 2182 3628 2242 τοὺς
3675 2182 3854 2250 προφήο

640 2270 978 2347 subjicjunt?
1030 2268 1240 2323 Etenim
1297 2267 1436 2321 Deus
1470 2266 1675 2321 Judzeis
1721 2266 1837 2320 sive
1880 2266 2052 2319 minas
2103 2267 2213 2319 sive

2322 2287 2441 2333 τας,
2476 2269 2536 2322 τὸ
2558 2270 2716 2339 σῶμα
2746 2270 2802 2321 δὲ
2830 2268 3015 2322 δοῦλον
3046 2270 3262 2323 ποιοῦσι
3283 2270 3381 2338 τῆς
3402 2269 3756 2340 εἱμαρμένηςς
3784 2270 3855 2321 καὶ

640 2378 829 2434 ναιηοε
856 2361 1069 2416 nonnisi
1102 2373 1393 2429 corporeas
1424 2358 1689 2420 intendit,
1729 2357 2039 2425 similiaque
2068 2369 2213 2424 parat

2323 2360 2431 2429 γὰρ
2460 2361 2486 2413 ὁ
2514 2360 2643 2423 Θεὸς
2676 2360 2789 2422 τοῖς
2816 2360 3093 2423 Ἰουδαίοις
3138 2364 3232 2416 καὶ
3259 2362 3357 2424 τὰς
3410 2361 3644 2425 ἀπειλὰς
3678 2362 3761 2414 καὶ
3802 2362 3853 2411 τὰ

642 2453 926 2518 beneﬁcia,
980 2467 1209 2522 quorum
1242 2460 1425 2505 tamen
1460 2449 1829 2520 cognitionem
1864 2464 1967 2502 non
2018 2449 2213 2503 habere

2322 2452 2471 2522 πάθη
2500 2453 2790 2521 σωματικὰ
2810 2453 3036 2523 ἐπηφίει
3059 2454 3100 2519 ³,
3126 2452 3382 2516 τοιαύτας
3402 2453 3462 2507 δὲ
3504 2456 3596 2507 καὶ
3626 2453 3715 2516 τὰς
3735 2454 3855 2522 susp-

643 2542 947 2612 astrologos
988 2558 1083 2611 per
1106 2540 1298 2594 Isaiam
1328 2539 1720 2608 pronuntiavit.
1774 2535 2023 2603 Quonam
2054 2537 2213 2606 igitur

2322 2546 2531 2613 γεσίας,
2566 2538 2640 2598 ὧν
2661 2547 2885 2612 ἄγνοιαν
2926 2546 3070 2616 ἔχειν
3090 2547 3217 2610 τοὺς
3262 2546 3624 2615 ἀστρολόγους
3667 2546 3743 2599 διά
3782 2545 3853 2596 τοῦ

643 2646 799 2705 pacto
841 2633 953 2687 ﬁeri
994 2642 1192 2702 potest,
1232 2640 1365 2686 utet
1394 2629 1674 2700 prophetis
1702 2630 1834 2685 ﬁdes
1872 2630 2213 2693 adhibeatur,

2339 2639 2563 2691 Ἡσαΐου
2596 2638 3031 2709 κατεψηφίσατο.
3083 2639 3206 2703 Πῶς
3244 2637 3337 2693 οῦν
3386 2642 3623 2710 ἐγχωρεῖ
3650 2640 3732 2691 καὶ
3770 2640 3852 2699 τοῖς

644 2738 699 2781 et
725 2740 1108 2796 corporeorum
1153 2738 1274 2777 eum
1313 2722 1579 2777 malorum
1613 2732 1727 2777 tum
1764 2723 2031 2777 bonorum
2069 2732 2213 2792 pote-

2324 2732 2634 2801 προφήταις
2660 2730 2968 2797 πείθεσθαι,
2990 2730 3087 2784 καὶ
3110 2729 3219 2783 τῶν
3244 2732 3576 2801 σωματικῶν
3605 2729 3855 2784 κακώσεων

642 2831 753 2873 stas
796 2819 974 2873 omnis
1023 2816 1134 2872 fato
1191 2814 1560 2877 concedatur,
1605 2823 1660 2868 et
1698 2814 1825 2869 huic
1852 2814 2078 2869 nimium
2119 2814 2213 2867 ad-

2323 2825 2416 2877 καὶ
2447 2821 2777 2892 εὐεργεσιῶν
2802 2824 2869 2893 τῇ
2906 2822 3218 2893 εἱμαρμένῃ
3247 2824 3306 2874 τὸ
3331 2824 3535 2892 κράτος
3580 2820 3853 2892 χαρίζεσθαι

642 2912 769 2965 dicti
829 2910 1006 2964 futura
1046 2908 1391 2981 prmdicant?
1440 2907 1547 2962 nisi
1610 2906 1749 2961 forte
1802 2920 1896 2975 per
1947 2907 2213 2962 insaniam

2322 2914 2416 2966 καὶ
2451 2912 2744 2983 προλέγειν
2768 2912 2897 2974 τοῦς
2917 2914 3048 2982 περὶ
3080 2912 3251 2981 αὐτὴν
3276 2912 3648 2981 ἐπτοημένους
3681 2910 3742 2963 τά
3762 2911 3852 2961 ἐσό-

642 3001 899 3065 dixerint,
928 3002 1068 3056 bona
1104 3001 1320 3069 quidem
1342 3000 1467 3070 piis,
1508 3001 1644 3056 mala
1674 3014 1803 3053 vero
1826 3000 2005 3069 impiis
2031 3000 2213 3053 distri‘

2323 3022 2493 3074 μενα;
2524 3006 2571 3056 εἰ
2608 3004 2683 3074 μὴ
2711 3004 2820 3074 ἄρα
2852 3003 3159 3073 μεμηνότες
3212 3005 3419 3057 εἴποιεν
3463 3004 3533 3056 τά
3573 3004 3666 3073 μὲν
3714 2999 3853 3068 ἀγαθά

644 3092 829 3154 buere,
862 3101 917 3146 et
954 3092 1125 3160 ipsum
1155 3089 1380 3159 insuper
1406 3105 1605 3144 numen
1640 3089 1750 3144 fato
1792 3088 2086 3144 deservire.
2150 3090 2213 3143 At

2319 3100 2432 3161 τοῖς
2462 3097 2747 3151 εὐσεϐοῦσι
2768 3096 2978 3166 νέμειν,
3012 3096 3272 3150 τάναντία
3293 3095 3313 3126 ⁸
3329 3095 3387 3147 δὲ
3417 3098 3535 3156 τοῖς
3554 3092 3846 3152 δυσσεϐοῦςι,

643 3183 736 3252 qui
769 3184 962 3237 anima:
999 3183 1182 3254 genesi
1227 3197 1331 3238 non
1380 3182 1764 3251 subjiciantur,
1822 3183 2041 3251 quando
2079 3180 2213 3235 Deus

2323 3192 2414 3244 καὶ
2448 3189 2510 3243 τὸ
2539 3189 2693 3242 Θεῖον
2738 3186 3247 3258 ἐξυπηρετούμενον
3289 3190 3356 3258 τῇ
3397 3186 3717 3258 εἱμαρμένῃ.
3769 3183 3851 3236 Καὶ

644 3278 781 3345 ipse,
809 3290 991 3329 rerum
1027 3275 1266 3329 omnium
1312 3273 1581 3340 conditor,
1605 3288 1709 3327 una
1747 3288 1869 3328 cum
1897 3273 2000 3328 hac
2028 3288 2213 3342 opera-

2325 3282 2443 3345 πῶς
2463 3281 2634 3353 ψυχαὶ
2661 3281 2875 3350 γενέσει
2903 3278 3002 3351 οὐχ
3035 3279 3442 3343 ὑποκείσονται,
3481 3278 3611 3332 Θεοῦ
3643 3277 3724 3329 τοῦ
3748 3276 3851 3327 πάλτο

644 3377 752 3431 tur,
818 3364 1182 3433 fatalibusque
1212 3362 1419 3419 effectis
1470 3362 1784 3419 subservit?
1839 3361 1895 3417 Si
1920 3377 2053 3417 vero
2096 3378 2213 3431 quae

2322 3393 2430 3429 των
2460 3372 2793 3445 δημιουργοῦ
2814 3371 3205 3443 συνεργοῦντος
3256 3370 3392 3441 αὐτῇ
3418 3371 3441 3401 ⁵
3474 3371 3566 3424 καὶ
3602 3371 3851 3438 ὑπηρετου-

647 3473 741 3522 per
768 3457 991 3526 angelos
1031 3456 1161 3509 olim
1221 3471 1285 3510 ae
1334 3457 1627 3525 prophetas
1656 3455 2038 3510 administrata
2066 3466 2213 3521 sunt,

2326 3469 2487 3537 μένου
2515 3467 2626 3527 τοῖς
2658 3462 3128 3533 ἀποτελέσμασινς
3162 3462 3225 3514 Ei
3261 3460 3318 3513 δὲ
3341 3460 3469 3514 οὔτε
3496 3460 3566 3514 τά
3611 3458 3673 3513 δι’
3717 3456 3849 3524 ἀγγέ-

645 3563 706 3603 ea
739 3547 954 3618 genesis
983 3563 1090 3601 non
1121 3545 1301 3611 eﬁicit,
1352 3555 1411 3601 ut
1461 3559 1561 3601 nec
1590 3559 1653 3599 ea
1686 3560 1805 3615 qua:
1835 3544 2092 3601 Dominus
2123 3561 2213 3600 no-

2319 3559 2426 3611 λων
2454 3556 2549 3608 καὶ
2578 3553 2877 3626 προφητῶν
2906 3552 3342 3623 οίκονομηθέντα
3396 3552 3569 3605 πάλαι
3624 3549 3847 3619 γενέσεως

644 3648 757 3693 ster
788 3637 945 3692 Jesus
977 3637 1227 3692 Christus
1258 3638 1310 3691 in
1339 3652 1503 3691 carne
1523 3652 1789 3707 apparens
1834 3648 2090 3707 operatus
2114 3648 2216 3705 est,

650 3738 779 3790 dum
801 3734 1251 3789 innumerabilem
1303 3735 1661 3789 humanorum
1704 3750 1993 3804 corporum
2035 3735 2219 3790 multi-

646 3828 882 3884 tudinem
913 3827 1147 3893 sanavit,
1199 3842 1456 3895 quorsum
1507 3828 1684 3881 adhuc
1720 3827 1907 3882 volunt
1952 3825 2219 3884 aliirmare

649 3932 850 3986 corpus
883 3932 913 3972 a
947 3918 1135 3988 genesi
1172 3917 1590 3973 administrari?
1642 3917 1776 3972 Nam
1812 3927 1904 3973 aut
1956 3919 2087 3973 illud
2115 3918 2215 3972 fal-

644 4024 762 4062 sum
796 4008 1041 4076 reddent,
1077 4009 1219 4078 quod
1253 4007 1397 4063 Deus
1434 4007 1803 4079 immorigeris
1836 4023 2024 4078 pmnas
2056 4009 2219 4063 mini-

642 4110 824 4167 tetur,
881 4100 1490 4170 obtemperantibusque
1567 4100 1798 4171 benigne
1856 4102 2019 4155 iaciat
2066 4119 2079 4155 :
2124 4111 2218 4156 aut

2411 1167 2573 1218 Ἀλλα
2600 1183 2823 1219 τοιαυτα
2854 1166 2952 1234 μὲν
2983 1164 3082 1219 καὶ
3110 1163 3252 1215 κατὰ
3281 1162 3341 1215 τὸ
3365 1169 3406 1213 ν’
3434 1162 3717 1217 κεφάλαιον
3747 1164 3857 1215 διελ-

2327 1259 2434 1312 Οὼν
2467 1260 2708 1328 μέτεισιν
2738 1259 2829 1317 ἐπὶ
2878 1260 2937 1310 τὸ
2965 1265 3013 1310 α’
3066 1257 3161 1310 καὶ
3194 1256 3260 1318 ν’,
3300 1254 3425 1326 [564
3455 1256 3552 1326 Η.]
3584 1255 3639 1305 ὲν
3669 1250 3709 1321 ᾧ
3754 1259 3853 1317 τοὺς

2326 1352 2436 1404 ἀπὸ
2466 1352 2830 1421 Βαρδισάνους
2861 1350 3175 1420 αἱρετικοῦς
3198 1347 3486 1417 διελέγχει,
3522 1346 3755 1416 δέχεσθαι
3781 1348 3857 1415 μὲν

2248 3325 2291 3383 C

2320 3652 2479 3720 ἔργον
2493 3644 2713 3720 ἦν,οὐδ’
2740 3649 2881 3718 ἆπερ
2915 3650 2943 3701 ὁ
2974 3648 3178 3718 Κύριος
3202 3646 3359 3717 ἡμῶν
3404 3646 3610 3716 Ἰησοῦς
3657 3640 3847 3713 Χριστὸς

2318 3739 2404 3792 διά
2459 3738 2712 3809 σώματος
2768 3737 2957 3806 φανεὶς
3018 3737 3334 3808 εἰργάσατο,
3385 3736 3649 3807 μυριάδας
3689 3732 3846 3797 ἀνθρω-

2319 3830 2488 3883 πείων
2530 3830 2823 3899 ἰασάμενος
2860 3828 3151 3897 σωμάτων,
3193 3827 3309 3887 πῶς
3365 3829 3569 3880 οἴονται
3615 3827 3672 3880 τὸ
3721 3823 3846 3891 σῶμα

2316 3923 2497 3991 λέγειν
2527 3922 2737 3989 γενέσει
2802 3919 3159 3985 διοικεῖσθαι;
3214 3908 3393 3989 ἥγάρ
3442 3920 3502 3972 τὸ
3551 3916 3771 3972 ἀπειλεῖν
3798 3912 3843 3965 τὸ

2318 4016 2472 4067 Θείον
2507 4016 2616 4074 τοῖς
2640 4010 3073 4082 παρακούουσιν,
3099 4012 3414 4081 εὐεργετεῖν
3448 4011 3505 4064 δὲ
3541 4011 3659 4071 τοὺς
3704 4004 3844 4059 πειθο-

2322 4103 2537 4172 μένους,
2572 4102 2649 4164 είς
2668 4100 2863 4169 ψεῦδος
2889 4099 3223 4164 ἀπάξουσιν’
3253 4099 3285 4169 ἢ
3320 4100 3368 4151 εί
3418 4100 3479 4152 τὸ
3518 4098 3719 4168 πρῶτον
3743 4094 3843 4159 ἀλη-

644 4203 812 4255 eerte,
879 4192 924 4245 si
984 4193 1219 4260 primum
1278 4193 1411 4247 illud
1463 4207 1670 4259 verum,
1707 4193 2003 4248 secundum
2034 4192 2214 4247 fabula

638 4296 745 4338 est.
782 4283 860 4335 Ad
901 4282 1018 4338 hac
1056 4283 1251 4352 222a
1286 4283 1378 4354 qui
1413 4283 1529 4339 ﬁeri
1562 4293 1758 4353 potest,
1788 4294 1845 4338 ut
1872 4284 2052 4353 genesi
2090 4299 2215 4338 cor-

643 4388 773 4442 pora
794 4372 1035 4443 subjecta
1053 4388 1177 4428 cum
1209 4375 1339 4436 sint,
1391 4375 1585 4428 animae
1629 4383 1809 4428 tamen
1842 4373 1957 4441 ejus
1987 4375 2215 4442 imperio

640 4463 1045 4518 subducantur?
1085 4462 1140 4518 Si
1160 4466 1300 4518 enim
1326 4466 1555 4535 agenesi
1576 4466 1789 4520 accidat
1817 4465 2059 4519 inventio
2095 4465 2214 4520 the-

642 4555 810 4619 sauri,
840 4555 926 4611 vel
945 4554 1235 4612 aediﬁcatio
1280 4557 1490 4624 domus,
1537 4558 1621 4610 vel
1653 4558 1880 4611 aliarum
1911 4556 2211 4625 aliquarum

2319 4193 2429 4255 θὲς,
2457 4192 2684 4262 πλάσμα
2705 4192 2764 4244 τὸ
2789 4192 3068 4262 δεύτερον.
3106 4191 3294 4260 Χωρὶς
3318 4190 3376 4243 δὲ
3394 4191 3509 4242 τῶν
3552 4186 3836 4259 εἰρημένων.

2318 4287 2436 4345 πῶς
2453 4278 2648 4347 οἷόντε,
2674 4282 2927 4352 σώματος
2955 4282 3321 4351 ὑποκειμένου
3339 4281 3572 4349 γενέσει,
3600 4280 3687 4341 τὰς
3704 4275 3841 4344 ψυχὰς

2315 4377 2522 4446 ταύτης
2549 4374 2929 4444 ἀπηλλάχθαι;
2964 4376 3012 4426 εί
3046 4374 3165 4443 λγάρ
3200 4374 3306 4426 ἀπὸ
3354 4374 3619 4441 γενέσεως
3667 4369 3841 4436 εὕρεσις

2317 4462 2593 4535 θησαυροῦ
2622 4464 2715 4515 καὶ
2744 4463 2895 4516 οἴκου
2936 4465 3127 4532 κτῆσις
3152 4462 3185 4533 ἢ
3212 4462 3417 4531 ἑτέρων
3450 4461 3612 4516 τινῶν
3643 4471 3838 4521 σωματι-

2317 4559 2431 4611 κῶν
2456 4556 2763 4627 πρόσληψις
2800 4556 2834 4625 ἣ
2866 4554 3132 4624 ἀποϐολὴ,
3176 4553 3270 4607 καὶ
3313 4554 3377 4624 δὴ
3395 4555 3487 4607 καὶ
3528 4556 3559 4624 η
3602 4551 3699 4604 τῶν
3736 4563 3836 4613 πορ-

642 4661 1024 4717 2orporearum
1060 4662 1242 4702 rerum
1269 4647 1383 4705 sive
1421 4648 1741 4717 assumptio,
1793 4650 1908 4701 sive
1954 4645 2206 4716 abjcctio,

2318 4650 2582 4703 νευόντων
2606 4649 2639 4719 ἢ
2661 4648 2768 4701 τῶν
2796 4647 3158 4718 μοιχευόντων
3187 4646 3370 4716 ποινὴ,
3402 4646 3611 4713 ἀνάγκη
3640 4644 3725 4711 τὴν
3762 4639 3836 4706 ιυ-

641 4740 751 4793 imo
794 4746 851 4792 et
896 4736 1319 4791 adulterantium
1356 4746 1518 4807 atque
1566 4738 1957 4792 mtechantium
2023 4754 2204 4806 pmna,

639 4828 1013 4884 necessarium
1038 4828 1225 4897 utique
1255 4828 1491 4881 animam
1524 4829 1721 4897 impelli
1746 4830 1814 4882 ad
1843 4830 2209 4884 inventionem

642 4922 882 4976 thesauri
915 4919 1167 4992 [propter
1193 4921 1367 4989 ipsum
1408 4919 1782 4993 thesaurum],
1817 4930 1981 4988 atque
2007 4925 2071 4976 ad
2103 4923 2213 4977 dis-

2315 4740 2415 4812 χὴν
2437 4740 2879 4811 ὲλαύνεσθαιμὲν
2921 4741 3055 4809 πρὸς
3076 4739 3294 4809 εὕρεσιν
3356 4738 3627 4809 θησαυροῦ
3645 4737 3678 4799 ⁸,
3730 4730 3835 4799 πῷς

2318 4832 2554 4902 μάθησιν
2574 4832 2629 4884 δὲ
2654 4831 2971 4898 τεκτονικῆς
2998 4830 3089 4883 διὰ
3125 4832 3215 4882 τὸν
3241 4825 3393 4882 οἶκον
3414 4831 3446 4900 ἥ
3468 4824 3741 4897 ὑφαντικῆς
3766 4820 3832 4870 διὰ

2319 4924 2381 4975 τὸ
2415 4924 2653 4990 ἱμάτιον.
2694 4921 2945 4995 [7041ὶ.]
2985 4923 3075 4972 Δεῖ
3112 4921 3167 4973 δὲ
3209 4921 3304 4973 καὶ
3333 4919 3586 4987 γυναικὸς
3619 4910 3832 4985 ἡττᾶσθαι

634 5014 867 5069 cendam
900 5015 984 5070 vel
1017 5015 1437 5069 architecturam
1470 5023 1689 5084 propter
1718 5015 1958 5076 domum,
1982 5018 2067 5069 vel
2099 5025 2213 5069 tex-

2318 5014 2401 5067 διὰ
2428 5013 2490 5065 τὸ
2528 5012 2723 5066 παθεῖν
2751 5011 2813 5064 τὸ
2836 5011 2996 5079 σῶμα
3027 5012 3169 5080 ἆπερ
3198 5009 3346 5079 αὐτῷ
3391 5011 3638 5078 εἵμαρται
3662 5005 3698 5067 ⁷,
3728 4998 3829 5053 ἀλλὰ

644 5106 837 5160 toriam
872 5114 1095 5176 propter
1136 5116 1365 5160 vestem.
1442 5105 1580 5171 Quin
1625 5119 1657 5158 a
1715 5104 1962 5160 muliebri
2026 5122 2211 5160 amore

642 5198 789 5255 vinci
830 5202 976 5255 hanc
1015 5208 1229 5268 oportet
1269 5206 1327 5251 ut
1353 5196 1491 5251 ferat
1540 5212 1739 5268 corpus
1775 5199 1981 5269 proprii
2021 5213 2209 5267 poenas

642 5288 1016 5344 delicti:imo
1078 5289 1241 5341 etiam
1319 5288 1384 5340 ad
1437 5289 1640 5342 credent
1708 5287 1924 5341 incitari
1986 5298 2207 5357 prepter

626 5381 903 5452 genesim,
949 5396 1071 5450 qua:
1129 5383 1320 5435 mortis
1358 5381 1684 5434 sententiam
1710 5381 1872 5433 tulit:
1908 5391 1963 5435 et
2017 5380 2097 5435 sic
2144 5382 2211 5434 de

641 5473 782 5527 aliis.
805 5472 906 5525 Vix
924 5474 1065 5527 enim
1097 5486 1416 5541 corporeum
1444 5473 1734 5542 quidquam
1767 5472 1997 5537 ﬁet,nisi
2029 5472 2209 5526 anima

643 5595 668 5621 α
699 5580 831 5637 Gen.
870 5600 909 5647 ι,
946 5583 1031 5636 M.
1109 5585 1137 5623 ι)
1172 5584 1333 5639 Josue
1362 5601 1415 5650 ι,
1452 5586 1539 5639 15.
1619 5597 1641 5625 ε
1673 5584 1740 5639 ιν
1780 5587 1916 5657 Reg.
1946 5601 2037 5650 xx,
2070 5586 2124 5640 9.

2204 5586 2229 5624 ά
2268 5585 2463 5641 Matth.
2498 5601 2675 5653 xxv",
2705 5584 2795 5639 45.

2320 5106 2413 5157 καὶ
2444 5105 2581 5174 πρὸς
2615 5102 2775 5172 φόνον
2840 5101 3101 5154 ὠθεῖσθαι
3160 5101 3249 5154 διά
3288 5101 3384 5169 τὴν
3423 5086 3829 5165 καταψηφισαμέο

2318 5215 2415 5265 νην
2438 5195 2776 5261 τὸνθάνατον
2800 5193 3032 5261 γένεσιν,
3062 5192 3157 5245 καὶ
3196 5192 3289 5244 ἐπὶ
3324 5190 3429 5243 τῶν
3459 5189 3624 5243 ἄλλων
3650 5181 3825 5251 ὁμοίως·

2316 5285 2481 5337 Οὐδὲν
2514 5283 2622 5353 γὰρ
2674 5283 2861 5354 σχεδὸν
2903 5282 3011 5335 τῶν
3065 5280 3393 5350 σωματικῶν
3443 5280 3541 5347 τῆς
3583 5272 3737 5345 ψυχῆς
3771 5266 3827 5334 μὴ

2316 5377 2705 5444 ὐπακουούσης
2762 5376 2855 5429 καὶ
2907 5374 3392 5443 συλλαμϐανούσης
3433 5371 3716 5439 γενήσεται,
3758 5355 3828 5408 καὶ

2318 5470 2534 5539 ἀνάγκη
2562 5469 2687 5531 τοὺς
2720 5468 2784 5520 ὲκ
2818 5467 3186 5538 Βαρδισάνους
3208 5466 3241 5535 ἢ
3265 5467 3359 5519 καὶ
3391 5463 3488 5532 τὴν
3516 5458 3679 5529 ψυχὴν
3724 5452 3826 5503 ὑπο·

2878 5594 2901 5622 ε
2930 5582 3036 5637 Isa.
3062 5595 3232 5647 vatt,
3263 5580 3351 5633 12.
3430 5574 3451 5613 ί
3491 5574 3673 5630 Jcrem.
3705 5582 3750 5627 ι,
3780 5561 3822 5612 9-

1926 5677 2161 5731 ΥΔΒΙᾹΞ
2201 5676 2606 5732 LECTIONES.

712 5766 735 5793 ¹
755 5763 839 5832 ἐφ’
864 5764 1123 5842 Syaliger;
1153 5764 1275 5842 libri
1308 5764 1386 5819 ἐν.
1421 5836 1432 5842 _
1465 5767 1725 5842 ³ἐπαφίει
1751 5787 1811 5835 ς.
1879 5768 2188 5842 δᾲτάναντία
2216 5767 2273 5820 δέ
2304 5770 2374 5842 ᾼε
2400 5766 2459 5818 δὲ
2477 5767 2736 5842 τάναντία
2772 5786 2832 5832 ς.
2912 5770 2931 5799 ³
2950 5768 3087 5839 αὐτῇ
3106 5768 3147 5821 Δ
3176 5785 3188 5821 :
3214 5765 3393 5830 αὐτοῖς
3414 5780 3471 5827 ς.
3527 5760 3547 5791 ⁸
3578 5738 3822 5826 θησαυροῦ]

647 5832 920 5903 θησαυροῦ
958 5832 1046 5891 διά
1072 5836 1163 5890 τὸν
1195 5834 1466 5907 θησαυρόν
1490 5832 1745 5910 Scaliger.
1765 5832 2002 5912 ’παίδτῷ
2024 5839 2279 5909 εἵμαρται
2310 5840 2351 5891 Α
2383 5853 2395 5888 :
2430 5836 2563 5891 αὐτὸ
2586 5838 2833 5909 ἥμαρτεν
2869 5858 2927 5903 ς.
