3994 6400
654 426 760 491 879

1814 426 2077 489 ΡῙΙΟΤΙῙ
2099 424 2232 485 ΡΑἸ

2338 423 2607 484 ARCH/E
2640 424 2749 483 (ΞΡ.
3787 425 3873 490 880

650 537 765 597 Nec
798 538 982 593 coiore
1006 537 1273 609 genuino,
1325 552 1434 607 quo
1467 546 1659 593 natura
1690 537 1885 593 faciem
1916 539 2034 608 ejus
2064 538 2232 589 tinxe-

2343 536 2437 588 καὶ
2465 535 2586 596 Διὸς
2616 536 2731 587 υἱὸν
2760 532 2954 587 ἐαυτὸν
2983 533 3227 588 ἀνειπεῖν
3246 531 3367 587 ’καὶ
3398 531 3455 585 τὸ
3484 532 3759 603 πρόσωπον
3815 538 3874 607 μὴ

654 640 767 695 rat,
828 638 1143 692 contentus,
1192 630 1423 684 subinde
1452 630 1574 685 aliis
1607 639 1770 699 alque
1803 630 1925 684 aliis
1952 644 2071 683 eam
2104 627 2239 681 fucis

657 725 922 789 illinebat,
970 733 1035 778 ut
1060 724 1228 777 nitida
1254 732 1309 778 et
1343 723 1643 779 rubicunda
1675 724 2007 779 intuentibus
2029 722 2239 776 videre-

658 827 763 873 tur.
806 818 945 885 Quin
979 828 1033 872 et
1048 828 1226 873 vestes
1260 817 1326 872 ad
1358 826 1599 873 terrores
1622 828 1675 871 et
1706 816 1929 872 delicias
1960 824 2237 886 permuta-

656 910 769 967 bat.
827 910 936 964 Nec
980 926 1109 964 vero
1151 912 1202 964 in
1233 911 1318 965 his
1362 919 1573 965 tantum
1627 910 1907 978 improbus
1957 918 2097 972 erat,
2144 907 2236 962 sed

654 1003 821 1056 etiam
852 1002 905 1055 in
944 1001 1327 1058 henefactores
1366 1003 1611 1071 ingratus
1641 1020 1653 1054 :
1689 1012 1741 1053 ct
1768 1002 1818 1054 in
1853 1001 2102 1054 omnibus
2124 997 2240 1051 vio-

658 1094 857 1159 lentus,
894 1094 959 1148 ad
981 1110 1069 1150 res
1103 1094 1339 1149 nefarias
1374 1095 1572 1148 audax.
1608 1091 1813 1147 Natura
1841 1092 2141 1146 industrius
2172 1090 2238 1143 ad

655 1187 831 1241 cmdes
859 1199 1048 1240 eorum
1090 1200 1225 1255 quos
1262 1188 1568 1255 impeteret,
1625 1200 1731 1238 non
1774 1193 1982 1238 tantum
2016 1182 2060 1236 si
2110 1180 2237 1251 quid

653 1277 851 1332 hostile
887 1278 1251 1332 meditaretur
1279 1289 1469 1332 contra
1500 1276 1815 1345 populares,
1848 1276 1945 1331 sed
1978 1275 2143 1330 etiam
2181 1274 2232 1327 in

653 1379 891 1424 exteros.
934 1368 1326 1423 Bibliothecam
1352 1378 1529 1422 tamen
1562 1368 1665 1421 sibi
1694 1366 2055 1437 comparavit,
2082 1364 2238 1433 cujus

653 1460 812 1515 laude
844 1460 1216 1529 antegreditur
1244 1459 1378 1514 alios
1420 1474 1554 1529 quos
1587 1458 1836 1528 tyrannis
1860 1457 2096 1511 famosos
2118 1455 2239 1509 red-

661 1556 822 1612 didit.
843 1555 942 1609 llic
970 1556 1195 1609 insidias
1216 1554 1409 1609 crebro
1438 1555 1655 1611 multas.
1678 1564 1897 1623 prOptcr
1924 1552 2121 1615 caedes,
2139 1551 2239 1604 im-

648 1628 1001 1712 manitatem,
1024 1655 1078 1700 et
1109 1645 1339 1715 injurias
1361 1646 1463 1698 sibi
1492 1652 1748 1708 structas,
1770 1642 1989 1711 effugit;
2022 1642 2116 1696 sed
2146 1641 2233 1694 vix

654 1738 868 1792 tandem
898 1752 926 1790 a
957 1736 1165 1791 Chione
1218 1734 1405 1788 Matris
1455 1733 1564 1788 lilio
1596 1734 1709 1803 (qui
1747 1734 1831 1786 vir
1862 1742 1978 1787 erat
2016 1746 2239 1798 magna-

654 1830 854 1892 nimus,
900 1837 955 1882 et
994 1826 1398 1881 necessitudine
1451 1826 1733 1893 sanguinis
1787 1835 2019 1894 tyranno
2051 1823 2236 1877 devin-

652 1920 792 1991 ctus)
826 1929 879 1973 et
912 1919 1091 1973 Leone
1119 1929 1173 1972 et
1199 1916 1507 1983 Euxenone,
1539 1918 1861 1985 czeterisque
1884 1931 1990 1969 non
2024 1915 2232 1982 paucis,

652 2012 1030 2081 conjuratione
1090 2012 1247 2077 inita,
1310 2010 1503 2064 vulnus
1556 2010 1753 2064 lethale
1810 2007 2235 2078 accepitzcujus

651 2106 839 2161 dolore
873 2104 1232 2159 acerbissimo
1264 2113 1347 2156 est
1374 2102 1698 2157 exstinctus.
1759 2100 2056 2155 Commune
2088 2100 2235 2153 enim

653 2196 830 2266 populi
854 2211 1071 2251 sacrum
1099 2198 1293 2266 agebat
1346 2206 1634 2267 tyrannus.
1666 2192 2034 2263 Opportunam
2071 2191 2237 2261 igitur

653 2286 996 2341 occasionem
1020 2300 1079 2340 se
1104 2287 1329 2355 adeptos
1364 2286 1464 2339 rati
1493 2286 1583 2355 qui
1619 2300 1743 2340 cum
1773 2284 1982 2339 Chione
2018 2282 2236 2351 conspi-

654 2388 929 2444 raverant,
966 2392 1127 2432 manu
1157 2376 1382 2432 Chionis
1429 2392 1614 2433 ensem
1666 2385 1815 2431 trans
1854 2376 1945 2429 ilia
1982 2390 2232 2431 commu-

651 2470 737 2525 nis
770 2472 959 2540 patriaa
995 2471 1169 2526 bouis
1202 2472 1445 2542 adigunt.
1486 2468 1589 2536 Qui
1625 2470 1768 2524 inter
1798 2468 1998 2524 multos
2046 2478 2102 2523 et
2140 2483 2233 2523 sa:-

649 2564 905 2618 vissimos
938 2564 1215 2618 cruciatus
1247 2563 1419 2633 magis
1452 2564 1735 2631 magisque
1765 2562 2232 2632 ingravescentes,

650 2668 707 2711 et
729 2670 962 2725 pavores
987 2670 1017 2709 a
1043 2655 1274 2723 spectris
1304 2655 1557 2709 incussus
1587 2663 1769 2725 (erant
1799 2665 1982 2708 autem
2010 2653 2235 2709 simula-

651 2765 744 2802 cra
768 2762 953 2803 eorum
984 2762 1123 2817 quos
1146 2747 1422 2803 crudelem
1459 2748 1511 2801 in
1551 2748 1767 2802 modum
1796 2756 2129 2816 necaverat),
2157 2744 2236 2800 al-

652 2850 767 2893 tero
812 2840 900 2893 die
942 2848 1065 2909 post
1108 2839 1273 2892 vitam
1309 2853 1431 2893 cum
1464 2846 1641 2892 morte
1683 2838 2043 2893 commutavit
2070 2875 2085 2897 .
2112 2851 2233 2890 cum

646 2946 824 2987 annos
846 2932 1118 3000 exegisset
1152 2930 1205 2985 in
1242 2931 1350 2984 vita
1383 2928 1476 2994 58,
1512 2938 1567 2984 et
1596 2929 1663 2983 l2
1700 2928 2039 2999 tyrannicum
2069 2929 2237 2995 impe-

649 3025 790 3077 rium
829 3023 1115 3077 tenuisset.
1190 3020 1345 3090 Apud
1374 3020 1588 3074 Persas
1618 3029 1745 3072 tunc
1796 3035 1961 3088 regno
2008 3026 2237 3087 praeerat

648 3114 999 3178 Artaxerxes,
1033 3122 1087 3167 et
1114 3113 1309 3168 exinde
1343 3112 1523 3166 Ochus
1574 3110 1778 3180 223a
1808 3112 2004 3179 .patris
2053 3112 2103 3163 in
2136 3111 2236 3163 im—

2340 629 2631 699 ἀνέχεσθαι
2673 631 2794 692 ταῖς
2848 631 2914 683 ἐκ
2966 630 3184 699 φύσεως
3216 627 3654 699 χρωματίξεσθαι
3685 627 3872 699 βαφαῖς,

2340 722 2529 784 ἄλλαις
2558 721 2615 774 δὲ
2646 720 2743 774 καὶ
2775 720 2965 783 ἄλλαις
3015 720 3182 783 ἰδέαις
3228 719 3637 790 ποικιλλόμενον
3691 722 3774 774 ἐπὶ
3819 725 3868 777 τὸ

2343 812 2594 865 στιλπνόν
2638 828 2697 863 τε
2738 812 2833 865 καὶ
2882 811 3169 882 ἐνερευθὲς
3202 812 3244 843 ¹¹
3278 808 3395 873 τοῖς
3445 811 3642 879 ὁρῶσιν
3686 814 3873 882 ἐπιφαι-

2340 906 2547 969 νεσθαι,
2573 902 2920 969 ἐξαλλάττειν
2954 904 3011 957 δὲ
3046 904 3139 957 καὶ
3168 905 3295 966 τοὺς
3330 904 3562 974 χιτῶνας
3600 904 3689 955 ἐπὶ
3724 905 3777 957 τὸ
3803 924 3874 974 φο-

2342 996 2503 1068 ϐερόν
2533 1015 2591 1051 τε
2630 998 2727 1051 καὶ
2759 996 3075 1068 ἁδρότερον.
3117 996 3245 1068 [705
3277 996 3371 1068 IL]
3401 998 3473 1050 Ού
3504 996 3673 1050 ταῦτα
3706 999 3757 1051 δὲ
3803 1002 3875 1066 μό-

2342 1108 2432 1143 νον
2472 1090 2725 1150 γενέσθαι
2756 1091 2945 1153 κακὸν,
2968 1089 3105 1143 ἀλλά
3148 1090 3242 1143 καὶ
3294 1090 3433 1159 πρὸς
3474 1091 3598 1153 τοὺς
3624 1091 3874 1161 εὐεργέτας

2343 1181 2638 1251 ἀχάριστον
2670 1181 2766 1234 καὶ
2791 1182 2969 1235 πάντα
3006 1181 3179 1249 βίαιόν
3207 1198 3267 1233 τε
3297 1182 3477 1235 καὶτὰ
3510 1181 3681 1235 ἄτοπα
3710 1184 3873 1253 τολμηα

2344 1276 2435 1345 ρόν
2461 1291 2475 1305 ’
2518 1275 2685 1342 φῦναι
2712 1274 2769 1327 δέ
2798 1276 2893 1327 καὶ
2937 1274 3265 1345 δραστήριον
3307 1273 3401 1328 τὸν
3451 1274 3775 1343 παλαμναῖον
3810 1272 3873 1337 οἷς

2342 1367 2409 1419 ἂν
2440 1366 2690 1419 ἐπιϐάλοι
2718 1367 2784 1426 “,
2811 1367 2873 1419 ού
2904 1366 3046 1421 κατὰ
3074 1367 3183 1421 τῶν
3215 1366 3507 1437 ὁμοφύλων
3547 1368 3717 1438 μόνον,
3768 1369 3873 1422 ἀλλᾶ

2342 1460 2437 1512 καὶ
2461 1459 2587 1512 εἴτι
2619 1460 2677 1511 ἐν
2700 1459 3022 1528 ἀλλοφύλοις
3051 1460 3271 1530 ἐφρόνει
3297 1459 3580 1529 πολέμιον.
3634 1462 3872 1531 Βιϐλιοθή·

2342 1570 2446 1623 κην
2469 1554 2653 1622 μέντοι
2679 1552 3093 1606 κατασκευάσαι
3124 1553 3232 1623 πρὸ
3257 1554 3371 1606 τῶν
3389 1554 3568 1608 ἄλλων
3609 1554 3696 1617 οὓς
3746 1558 3773 1623 ἠ
3798 1574 3871 1607 τυ-

2342 1645 2524 1714 ραννὶς
2546 1644 2831 1708 ἀπέδειξεν
2869 1644 3261 1713 ὀνομάζεσθαι.
3294 1645 3498 1698 Τοῦτον
3537 1645 3594 1698 δὲ
3622 1647 3871 1709 ἐπιϐουλάς

2344 1737 2443 1803 μὲν
2472 1735 2676 1799 πολλὰς
2709 1735 2974 1797 πολλάκις
3003 1735 3092 1789 διὰ
3118 1735 3182 1788 τὸ
3247 1734 3537 1805 μιαιφόνον
3580 1736 3669 1789 καὶ
3717 1738 3871 1805 μισάν-

2343 1827 2563 1897 θρωπον
2593 1829 2687 1881 καὶ
2725 1827 3044 1898 ὑϐριστικὸν
3098 1826 3223 1881 κατ’
3253 1826 3423 1880 αὑτοῦ
3484 1828 3741 1888 συστάσας
3784 1829 3871 1880 6m-

2340 1924 2552 1989 φυγεῖν,
2579 1920 2679 1989 ὀψε
2715 1920 2773 1973 δέ
2796 1920 2891 1973 καὶ
2944 1920 3099 1985 μόλις
3128 1920 3232 1973 ὑπὸ
3253 1920 3466 1983 Χίωνος
3495 1920 3587 1973 τοῦ
3645 1920 3867 1989 Μάτριος,

2340 2011 2536 2080 ἀνδρὸς
2570 2012 2979 2081 μεγαλόφρονος
3011 2011 3109 2064 καὶ
3134 2012 3425 2065 κοινωνίαν
3448 2011 3586 2084 πρὸς
3618 2010 3764 2064 αύτδν
3796 2012 3868 2079 τὴν

2338 2103 2397 2168 ἐξ
2417 2104 2650 2173 αἵματος
2675 2103 2913 2173 ἔχοντος,
2943 2101 3181 2175 [566Η.]
3213 2103 3309 2157 καὶ
3341 2103 3575 2166 Λέοντος
3607 2101 3694 2155 καὶ
3738 2101 3868 2165 εύξέ-

2337 2212 2505 2258 νωνος
2536 2196 2632 2248 καὶ⁵
2662 2195 2865 2266 ἐτέρων
2916 2196 3016 2248 οὐκ
3053 2193 3250 2263 ὀλίγων
3297 2192 3721 2263 συσκευασθῆναι
3764 2191 3868 2259 πλη-

2338 2288 2440 2359 γὴν
2468 2288 2693 2359 καιρίαν
2711 2289 2978 2356 ἐνεγκεῖν,
3027 2287 3124 2340 καὶ
3178 2285 3513 2355 τελευτῆσαι
3557 2283 3753 2355 πικρῶς
3787 2284 3866 2335 dm

2338 2380 2431 2433 τοῦ
2459 2379 2795 2453 τραύματος.
2834 2379 2999 2433 "Elius
3034 2380 3133 2451 μὲν
3186 2378 3296 2449 γάρ
3340 2376 3616 2448 δημοτελῆ
3653 2376 3814 2429 θυσίαν
3846 2377 3867 2426 ὁ

2338 2474 2636 2543 τύραννος·
2671 2474 2719 2526 oi
2762 2473 2819 2526 δέ
2857 2471 2989 2543 περὶ
3034 2471 3129 2525 τδν
3171 2470 3362 2523 Χίωνα
3407 2470 3707 2540 ἐπιτήδειον
3759 2462 3865 2520 εἶναι

2338 2565 2429 2618 τὸν
2453 2565 2647 2635 καιρὸν
2679 2568 2747 2634 τῇ
2805 2564 3005 2635 πράξει
3052 2562 3383 2633 νομίσαντες
3433 2566 3503 2634 τῇ
3560 2562 3651 2615 τοῦ
3701 2560 3865 2619 Χίωνος

2339 2660 2484 2730 χειρὶ
2519 2658 2581 2712 τὸ
2614 2657 2768 2727 ξίφος
2793 2658 2887 2711 διὰ
2906 2658 3017 2711 τῶν
3039 2656 3133 2710 τοῦ
3163 2655 3349 2710 κοινοῦ
3379 2654 3641 2725 πολεμίου
3672 2651 3865 2719 λαγύνιον

2337 2750 2676 2803 ἐλαύνουσιν.
2699 2749 2757 2801 Ὀ
2786 2748 2864 2811 δὲ,
2896 2746 3107 2800 πολλῶν
3125 2746 3289 2799 αὐτὸν
3323 2746 3423 2799 καλ⁵
3454 2743 3661 2815 πικρῶν
3686 2740 3865 2808 ἀλγηὸνὲ⁴

2338 2858 2442 2894 νων
2480 2838 2933 2902 κατατεινόντων,
2956 2837 3051 2890 καὶ
3077 2836 3355 2890 τοσούτων
3387 2835 3683 2904 φασμάτων
3735 2830 3865 2883 ἐκδει-

2341 2931 2654 3002 ματούντων
2694 2929 2913 3000 (εἴδωλα
2965 2929 3023 2982 δέ
3074 2926 3143 2981 τά
3176 2928 3445 2997 φάσματα
3488 2921 3556 2995 ἦν
3590 2916 3660 2977 ὧν
3706 2922 3863 2980 brato;

2340 3022 2637 3092 μιαιφόνως
2664 3022 2976 3091 ἀνῃρήκει),
2995 3018 3138 3073 οὕτω
3159 3020 3476 3089 δευτεραῖος
3514 3019 3605 3073 τὸν
3637 3018 3735 3089 βίον
3764 3033 3863 3069 κατ-

2338 3113 2587 3184 έστρεψε,
2623 3112 2798 3181 ζήσας
2858 3112 2955 3181 μὲν
3004 3111 3097 3181 ἔτη
3122 3110 3175 3181 η’
3208 3111 3305 3163 καὶ
3338 3117 3407 3173 ν’,
3462 3110 3660 3164 τούτων
3698 3110 3745 3162 δὲ
3797 3125 3864 3158 τν-

648 3206 800 3276 perio
826 3220 1137 3261 successor.
1198 3204 1279 3259 Ad
1334 3219 1473 3274 quos
1504 3217 1884 3272 saepenumero
1910 3202 2231 3266 Clearchus,

2340 3206 2611 3275 ραννήσας
2643 3203 2990 3257 δυοκαίδεκα.
3024 3198 3154 3272 Εἶχε
3210 3202 3267 3256 δέ
3330 3201 3435 3273 τὴν
3480 3204 3694 3273 Περσῶν
3732 3200 3864 3271 ἀρχὴν
3954 3192 3955 3203 “

649 3300 777 3351 dum
835 3299 945 3352 vita
1002 3298 1218 3363 fruitur,
1267 3296 1476 3365 legatos
1505 3296 1673 3350 misit.

648 3393 902 3439 auctores
942 3394 1172 3453 tyranno
1199 3382 1447 3447 fuerant,
1481 3398 1649 3454 prope
1692 3398 1903 3449 omnes,
1950 3384 2148 3453 partim
2206 3399 2237 3438 a

648 3476 1001 3540 satellitibus,
1026 3478 1077 3529 in
1099 3476 1216 3546 ipso
1244 3477 1613 3554 aggressionis
1643 3477 1876 3531 articulo
1903 3478 2017 3547 (ubi
2052 3487 2235 3533 tamen

1764 3296 1867 3363 Qui
1916 3310 2048 3350 vero
2089 3296 2244 3350 necis

2354 3298 2720 3369 Ἀρταξέρξης
2749 3297 2894 3364 τότε,
2937 3292 3058 3350 εἶτα
3090 3296 3186 3349 καὶ
3213 3292 3381 3366 Ὦχος
3440 3299 3469 3350 ὁ
3494 3298 3684 3365 ταύτην
3715 3297 3767 3346 ἐκ
3790 3310 3863 3344 1:1-

2342 3388 2467 3458 τρὸς
2505 3387 2863 3454 ἐκδεξάμενος
2894 3404 2908 3415 ·
2944 3387 3082 3458 πρὸς
3103 3385 3197 3449 οὓς
3238 3388 3332 3439 καὶ
3362 3388 3623 3449 πολλάκις
3643 3387 3714 3440 ἔτι
3741 3382 3863 3448 ζὼνὸ

2345 3480 2623 3549 Κλέαρχος
2648 3478 3133 3549 διεπρεσϐεύσατο.
3168 3479 3233 3531 Οἱ
3274 3479 3463 3549 μέντοι
3486 3496 3549 3547 γε
3583 3476 3863 3548 ἀνῃρηκότες

648 3576 901 3620 strenuos
929 3581 989 3620 se
1016 3566 1163 3620 viros
1182 3568 1466 3636 gerebant)
1496 3568 1721 3632 concisi,
1742 3568 1936 3638 partim
1959 3569 2232 3637 aliquanto

2341 3572 2433 3625 τὸν
2461 3570 2725 3640 τύραννον
2759 3569 2962 3641 μικροῦ
2986 3570 3186 3635 πάντες
3214 3571 3263 3622 οί
3301 3570 3403 3640 μὲν
3435 3572 3539 3624 ὑπὸ
3580 3570 3681 3623 τῶν
3715 3583 3860 3635 σωμα-

648 3663 770 3721 post
796 3653 963 3723 capti,
1000 3662 1055 3708 et
1077 3657 1356 3712 atrocibus
1382 3657 1668 3728 suppliciis
1695 3659 1839 3729 (qua:
1862 3656 2083 3714 fortiter
2106 3660 2231 3713 tole-

648 3760 863 3820 rarunt)
901 3749 1101 3814 affecti,
1126 3752 1453 3809 occubuere.

2341 3662 2664 3732 τοφυλάκων
2716 3663 2839 3715 κατ’
2872 3662 3036 3715 αὐτὸν
3071 3660 3166 3717 τὸν
3220 3662 3324 3729 τῆς
3368 3661 3662 3722 ἐπιθέσεως
3692 3656 3857 3723 καιρὸν,

2353 3759 2726 3827 ούκ’ἀγεννῶς
2751 3758 3157 3829 ἀνδρισάμενοι,
3211 3755 3617 3825 κατεκόπησαν,
3636 3754 3681 3807 οί
3709 3751 3756 3804 δὲ
3793 3752 3859 3801 καὶ

651 3844 878 3916 ὕστερον
903 3846 1299 3918 συλληφθέντες
1325 3850 1422 3904 καὶ
1467 3855 1693 3920 πικραῖς
1720 3855 2016 3926 τιμωρίαις
2070 3857 2581 3929 ἐγκαρτερήσαντες
2614 3853 2985 3925 ἀνῃρέθησαν.

651 3940 783 3996 CAP.
824 3938 913 3994 111.
943 3939 1216 4011 —Satyri
1251 3944 1463 4011 tyranni
1500 3945 1803 4002 immanitas
1834 3958 1882 4004 et
1920 3947 2594 4071 crudelitas,phlilostorgia
2624 3948 2675 3999 in
2717 3946 2955 4016 fratrem.
2996 3945 3211 3999 Morbus
3251 3953 3427 3999 atrox.
3467 3944 3694 4000 Vindicta
3722 3940 3855 3992 dicina

2021 4024 2183 4071 etiam
2226 4024 2280 4071 in
2324 4035 2404 4071 tac
2442 4020 2568 4071 υίια.

2021 4024 2183 4075 etiam
2226 4024 2280 4074 in
2307 4021 2404 4072 hac
2442 4020 2568 4071 vita.

719 4103 949 4174 Satyrus
1009 4115 1211 4171 autem,
1270 4108 1485 4177 tyranni
1544 4124 1858 4180 germanus,
1910 4124 1967 4169 et
2011 4126 2232 4172 curator

650 4210 942 4265 puerorum
975 4195 1248 4254 Timothei
1281 4209 1337 4253 et
1371 4198 1611 4273 Dionysii
1649 4203 1893 4271 relictus,
1943 4207 2229 4276 imperium

646 4289 896 4357 suscipit,
944 4290 1037 4359 qui
1090 4305 1197 4345 non
1248 4290 1574 4348 Clearchum
1628 4295 1990 4362 solummodo,
2044 4315 2228 4354 verum

649 4392 876 4437 cunctos
914 4383 1079 4436 etiam
1108 4391 1369 4454 tyrannos
1409 4386 1734 4444 crudelitate
1765 4392 2061 4460 superavit.
2114 4392 2229 4449 Non

645 4474 792 4527 enim
853 4472 921 4528 de
957 4474 1368 4531 insidiatoribus
1422 4476 1610 4531 fratris
1666 4486 1872 4534 tantum
1935 4482 2229 4537 vindictam

647 4565 897 4633 sumpsit,
934 4565 1027 4619 sed
1058 4574 1113 4620 et
1145 4566 1200 4620 in
1236 4566 1434 4622 liberos
1458 4582 1645 4624 eorum
1667 4571 1759 4638 qui
1794 4571 1956 4626 etiam
1990 4573 2066 4627 rei
2102 4589 2229 4643 per-

2409 4115 2648 4183 Σάτυρος
2687 4111 2743 4163 δὲ
2778 4113 2806 4164 ὀ
2847 4110 2941 4163 τοῦ
2988 4111 3255 4182 τυράννου
3295 4110 3543 4181 ἀδελφὸς,
3581 4104 3660 4163 οἷα
3696 4107 3748 4174 δὴ
3771 4101 3854 4157 ἐπί-

2332 4222 2533 4275 τροπος
2568 4203 2959 4273 καταλειφθεὶς
2983 4202 3093 4257 τῶν
3135 4203 3346 4258 παίδων
3374 4203 3637 4273 Τιμοθέου
3667 4202 3746 4253 καὶ
3767 4201 3853 4249 Διο-

2333 4298 2539 4360 νυσίου,
2576 4298 2675 4365 τὴν
2721 4295 2900 4366 ἀρχὴν
2938 4295 3288 4366 ὑποδέχεται*
3327 4295 3385 4359 ὃς
3422 4295 3656 4366 ὠμότητι
3697 4294 3776 4361 μὲν
3809 4287 3848 4339 οὗ

2332 4392 2636 4462 Κλέαρχον,
2668 4390 2807 4444 ἀλλά
2849 4392 2943 4444 καὶ
2977 4391 3188 4454 πάντας
3214 4391 3516 4461 τυράννους
3555 4385 3845 4459 ὑπερέϐαλεν.

2332 4485 2406 4539 Οὐ
2454 4484 2615 4554 μόνον
2668 4484 2778 4553 γὰρ
2823 4485 2951 4547 τοὺς
3011 4483 3535 4547 ἐπιϐεϐουλευκότας
3573 4482 3644 4551 τῷ
3685 4474 3847 4543 ἀδελφῷ

2332 4578 2735 4647 ἐτιμωρήσατο,
2766 4575 2901 4630 ἀλλά
2936 4575 3031 4629 καὶ
3062 4576 3169 4630 τῶν
3200 4577 3409 4630 τέκνων
3435 4578 3471 4632 ἃ
3503 4574 3657 4647 μηδὲν
3678 4570 3844 4641 συνῄδει

645 4664 871 4726 μείνειε»
898 4656 1100 4711 conscii
1126 4672 1230 4713 non
1253 4668 1462 4725 essent,
1482 4677 1587 4715 non
1612 4663 1792 4719 minus
1823 4666 2017 4719 saeviit.
2054 4668 2229 4735 Atque

2338 4671 2444 4731 τοῖς
2466 4668 2875 4739 γεγεννηκόσιν,
2906 4668 3063 4722 οὐδὲν
3089 4669 3443 4740 ἀνεκτότερον
3471 4670 3753 4739 ἐδηλήσατο,
3774 4659 3843 4714 καὶ

646 4749 720 4802 i'ta
745 4764 773 4802 a
803 4748 986 4803 multis
1029 4748 1339 4805 insontibus
1393 4751 1764 4809 maleficorum
1811 4770 2002 4825 ptenas
2025 4759 2224 4824 exegit.

646 4838 771 4895 Fuit
794 4840 882 4896 hic
903 4841 1085 4896 omnis
1115 4841 1376 4896 doctrinae
1401 4843 1795 4915 philosophica:
1827 4855 1882 4903 et
1915 4850 2113 4903 artium
2145 4852 2225 4903 in-

646 4946 946 5000 genuarum
974 4933 1201 4988 omnino
1229 4948 1450 5005 expers,
1484 4936 1699 5006 ingenio
1736 4946 1945 4993 tantum
1976 4942 2045 4995 ad
2073 4942 2226 4996 saevi-

647 5024 776 5075 tiam
828 5038 1143 5093 propenso;
1196 5040 1297 5080 nec
1346 5026 1598 5082 voluntas
1645 5028 1695 5083 ei
1745 5038 1884 5094 erat,
1925 5031 2222 5091 humanum

646 5113 848 5183 aliquid
894 5124 949 5169 et
997 5117 1337 5172 moderatum
1380 5119 1645 5183 discendi,
1699 5134 1800 5175 nec
1832 5136 1862 5175 a
1912 5132 2104 5176 natura
2140 5126 2224 5175 in-

645 5207 755 5259 dita
836 5206 1063 5261 facultas
1124 5226 1138 5263 :
1200 5211 1295 5263 sed
1354 5224 1450 5280 per
1498 5211 1682 5265 omnia
1759 5220 1879 5267 erat
1927 5215 2224 5282 pessimus,

644 5298 857 5353 etiamsi
912 5308 1122 5367 tempus
1190 5301 1366 5369 ipsum
1434 5301 1763 5373 infringebat
1818 5304 2116 5368 hominem,
2169 5316 2229 5360 ut

645 5390 820 5445 civilis
855 5393 1069 5447 tandem
1121 5393 1401 5461 sanguinis
1434 5402 1491 5447 et
1520 5395 1688 5448 caedis
1716 5409 1841 5449 eum
1877 5396 2105 5450 satietas
2133 5412 2226 5451 ca-

646 5492 817 5552 peret.
864 5484 1083 5541 Amoris
1119 5495 1297 5541 tamen
1336 5485 1567 5539 fraterni
1615 5486 1822 5554 primas
1875 5487 2015 5542 tulit.
2066 5486 2224 5550 Nam,

646 5584 705 5628 ut
741 5574 1075 5630 dominatum
1135 5576 1321 5632 fratris
1380 5577 1506 5630 filiis
1562 5576 1831 5647 integrum
1882 5578 1951 5633 ab
2008 5579 2220 5648 injuriis

647 5673 1019 5729 conservaret,
1074 5667 1209 5721 adeo
1259 5667 1375 5736 ejus
1421 5667 1689 5721 rationem
1743 5667 1952 5734 habuit,
2007 5678 2065 5722 ut
2099 5670 2224 5726 licet

2336 4760 2567 4824 πολλοὺς
2602 4761 2881 4824 ἀναιτίους
2919 4758 3248 4831 κακούργων
3276 4760 3433 4825 δίκας
3465 4762 3710 4833 ἀπῄτησε.
3739 4751 3841 4806 Τοῦ-

2335 4870 2426 4905 τον
2454 4852 2511 4905 δὲ
2558 4853 2652 4905 καί⁹
2686 4851 3028 4921 μαθημάτων
3066 4853 3175 4905 τῶν
3202 4868 3261 4905 τε
3290 4854 3431 4906 κατὰ
3468 4849 3748 4922 φιλοσοφίαν
3774 4842 3840 4894 καὶ

2341 4944 2451 4997 τῶν
2498 4943 2698 5008 παντὸς
2732 4943 3041 5013 ἐλευθερίου
3071 4944 3233 4999 ἄλλου
3267 4945 3311 4976 ⁸³
3337 4944 3605 5008 παντελῶς
3656 4936 3837 5007 ὑπάρξαι

2334 5034 2747 5107 άπαράδεκτον,
2812 5036 2905 5088 καὶ
2951 5034 3077 5088 νοῦν
3128 5035 3185 5088 δέ
3235 5037 3371 5108 πρὸς
3436 5037 3534 5101 τὰς
3587 5029 3838 5106 μιαιφονίας

2331 5128 2493 5198 μόνον
2536 5127 2840 5201 ὀξύρροπον
2893 5127 3085 5197 ἔχοντα
3133 5129 3515 5202 φιλάνθρωπον
3563 5126 3708 5199 μηδὲν
3736 5118 3836 5190 μηδὲ

2326 5222 2534 5290 ἥμερον
2560 5222 2698 5291 μήτε
2723 5221 2917 5287 μαθεῖν
2941 5221 3197 5291 ἐθελῆσαι
3225 5225 3363 5294 μήτε
3388 5223 3545 5291 φῦναι
3570 5216 3836 5285 ἐπιτήδειον.

2341 5311 2503 5364 Ἀλλά
2546 5312 2723 5365 πάντα
2755 5314 2856 5382 μὲν
2894 5308 2963 5383 ἦν
3004 5307 3161 5376 οὗτος
3190 5317 3476 5379 κάκιστος,
3501 5315 3548 5366 εί
3587 5312 3669 5365 καὶ
3691 5304 3836 5377 χρόνος

2330 5403 2477 5473 αύτῷ
2521 5406 2681 5475 κόρον
2712 5404 2897 5457 λαϐεῖν
2932 5405 3043 5457 τῶν
3078 5407 3357 5474 ἐμφυλίων
3398 5406 3632 5476 αἱμάτων
3663 5398 3740 5451 καὶ
3764 5391 3835 5456 τῆς

2334 5496 2648 5563 μιαιφονίας
2679 5495 2995 5559 ύτεεξέλυεν,
3026 5497 3120 5548 ἐπὶ
3145 5498 3202 5550 δέ
3226 5502 3291 5570 τῇ
3319 5495 3623 5569 φιλαδελφίᾳ
3646 5489 3697 5543 τὸ
3719 5481 3833 5553 πρῶο

2331 5599 2425 5638 τον
2472 5586 2779 5654 ὴνέγκατο’
2834 5586 2935 5655 τὴν
2990 5587 3099 5658 γὰρ
3161 5590 3335 5660 ἀρχὴν
3381 5591 3495 5650 τοῖς
3538 5583 3622 5638 τοῦ
3654 5570 3832 5642 ἀδελφώ

2333 5674 2520 5729 παισὶν
2575 5677 2983 5753 ἀνεπηρέαστον
3037 5681 3457 5751 συντηρῶει,έπὶ
3508 5672 3725 5731 τοσοῦτον
3760 5661 3831 5730 τῆς

1930 5784 2167 5841 VARUE
2202 5784 2494 5843 LECTION
2502 5788 2584 5843 ES

753 5882 793 5913 “
815 5880 1034 5952 ἐρευθές
1058 5899 1119 5946 ς.

1220 5883 1261 5914 ¹²
1286 5881 1533 5937 ἐπιϐάλοι
1564 5879 1629 5937 ll.
1671 5879 1979 5953 Stephanus
2014 5898 2029 5938 :
2063 5882 2187 5940 libri
2210 5882 2541 5940 ἐπιϐάλοιεν.
2624 5886 2667 5918 ³⁸
2696 5885 2873 5941 ἑλευθ.
2907 5888 3063 5943 ἄλλον
3094 5887 3255 5943 ἄλλου
3280 5906 3337 5954 ς.
