  <div class='ocr_page' id='page_1' title='image "/cluster/home/n/w/nwhite01/storage/ocr_20150623/103/hvd.32044018872861/448.png"; bbox 0 0 3994 6428; ppageno 0'>
   <div class='ocr_carea' id='block_1_1' title="bbox 158 411 3409 488">
    <p class='ocr_par' dir='ltr' id='par_1_1' title="bbox 158 411 3409 488">
     <span class='ocr_line' id='line_1_1' title="bbox 158 411 3409 488; baseline 0.005 -14"><span class='ocrx_word' id='word_1_1' title='bbox 158 411 247 475; x_wconf 70' lang='grc'><strong>881</strong></span> <span class='ocrx_word' id='word_1_2' title='bbox 1169 415 1714 478; x_wconf 79' lang='lat' dir='ltr'><strong>BIBLIOTHECA.</strong></span> <span class='ocrx_word' id='word_1_3' title='bbox 1735 441 1808 454; x_wconf 88' lang='grc'><strong><em>--</em></strong></span> <span class='ocrx_word' id='word_1_4' title='bbox 1830 418 1990 480; x_wconf 89' lang='lat' dir='ltr'><strong>COD.</strong></span> <span class='ocrx_word' id='word_1_5' title='bbox 2034 419 2332 484; x_wconf 80' lang='lat' dir='ltr'><strong>CCXXIV.</strong></span> <span class='ocrx_word' id='word_1_6' title='bbox 3287 426 3409 488; x_wconf 73' lang='lat'><strong>88‘.&quot;</strong></span> 
     </span>
    </p>
   </div>
   <div class='ocr_carea' id='block_1_2' title="bbox 154 531 1705 608">
    <p class='ocr_par' dir='ltr' id='par_1_2' title="bbox 154 531 1705 604">
     <span class='ocr_line' id='line_1_2' title="bbox 154 531 1705 604; baseline -0.002 -13"><span class='ocrx_word' id='word_1_7' title='bbox 154 531 320 591; x_wconf 82' lang='grc' dir='ltr'>αὐτῶν</span> <span class='ocrx_word' id='word_1_8' title='bbox 366 532 702 604; x_wconf 68' lang='grc' dir='ltr'><strong>κηδεμονίας</strong></span> <span class='ocrx_word' id='word_1_9' title='bbox 743 533 903 604; x_wconf 81' lang='grc' dir='ltr'>λόγον</span> <span class='ocrx_word' id='word_1_10' title='bbox 923 534 968 567; x_wconf 69' lang='grc'>³⁸</span> <span class='ocrx_word' id='word_1_11' title='bbox 1000 532 1240 600; x_wconf 71' lang='grc' dir='ltr'>ἐτίθετο,</span> <span class='ocrx_word' id='word_1_12' title='bbox 1271 534 1348 599; x_wconf 82' lang='grc' dir='ltr'><strong>ὡς</strong></span> <span class='ocrx_word' id='word_1_13' title='bbox 1379 535 1473 588; x_wconf 65' lang='grc' dir='ltr'><strong>καὶ¹</strong></span> <span class='ocrx_word' id='word_1_14' title='bbox 1501 534 1705 604; x_wconf 75' lang='grc' dir='ltr'>γυναικ¹</span> 
     </span>
    </p>
   </div>
   <div class='ocr_carea' id='block_1_3' title="bbox 1809 531 3393 608">
    <p class='ocr_par' dir='ltr' id='par_1_3' title="bbox 1823 534 3393 608">
     <span class='ocr_line' id='line_1_3' title="bbox 1823 534 3393 608; baseline 0.003 -20"><span class='ocrx_word' id='word_1_15' title='bbox 1823 534 2091 606; x_wconf 78' lang='lat' dir='ltr'><strong>coniugali</strong></span> <span class='ocrx_word' id='word_1_16' title='bbox 2123 537 2328 603; x_wconf 80' lang='lat' dir='ltr'><strong>uxoris,</strong></span> <span class='ocrx_word' id='word_1_17' title='bbox 2355 552 2515 608; x_wconf 87' lang='lat' dir='ltr'><strong>quam</strong></span> <span class='ocrx_word' id='word_1_18' title='bbox 2545 538 2706 593; x_wconf 84' lang='lat' dir='ltr'><strong>unice</strong></span> <span class='ocrx_word' id='word_1_19' title='bbox 2732 536 2968 602; x_wconf 83' lang='lat' dir='ltr'><strong>amabat,</strong></span> <span class='ocrx_word' id='word_1_20' title='bbox 3001 536 3393 592; x_wconf 72' lang='lat' dir='ltr'><strong>consuetudine</strong></span> 
     </span>
    </p>
   </div>
   <div class='ocr_carea' id='block_1_4' title="bbox 154 626 1705 700">
    <p class='ocr_par' dir='ltr' id='par_1_4' title="bbox 154 626 1705 700">
     <span class='ocr_line' id='line_1_4' title="bbox 154 626 1705 700; baseline -0.001 -18"><span class='ocrx_word' id='word_1_21' title='bbox 154 626 349 693; x_wconf 86' lang='grc' dir='ltr'>συνὼν,</span> <span class='ocrx_word' id='word_1_22' title='bbox 405 626 502 680; x_wconf 81' lang='grc' dir='ltr'>καὶ</span> <span class='ocrx_word' id='word_1_23' title='bbox 530 627 653 681; x_wconf 86' lang='grc' dir='ltr'>τότε</span> <span class='ocrx_word' id='word_1_24' title='bbox 690 627 816 680; x_wconf 92' lang='grc' dir='ltr'>λίαν</span> <span class='ocrx_word' id='word_1_25' title='bbox 856 627 1227 700; x_wconf 71' lang='grc' dir='ltr'>στεργομένη,</span> <span class='ocrx_word' id='word_1_26' title='bbox 1269 626 1344 698; x_wconf 82' lang='grc' dir='ltr'>μὴ</span> <span class='ocrx_word' id='word_1_27' title='bbox 1389 627 1705 698; x_wconf 83' lang='grc' dir='ltr'><strong>ἀνασχέσθαι</strong></span> 
     </span>
    </p>
   </div>
   <div class='ocr_carea' id='block_1_5' title="bbox 1809 626 3393 700">
    <p class='ocr_par' dir='ltr' id='par_1_5' title="bbox 1822 627 3393 699">
     <span class='ocr_line' id='line_1_5' title="bbox 1822 627 3393 699; baseline 0.002 -20"><span class='ocrx_word' id='word_1_28' title='bbox 1822 637 2087 691; x_wconf 79' lang='lat' dir='ltr'><strong>uteretur,</strong></span> <span class='ocrx_word' id='word_1_29' title='bbox 2118 628 2320 684; x_wconf 85' lang='lat' dir='ltr'><strong>liberos</strong></span> <span class='ocrx_word' id='word_1_30' title='bbox 2353 635 2534 685; x_wconf 87' lang='lat' dir='ltr'><strong>tamen</strong></span> <span class='ocrx_word' id='word_1_31' title='bbox 2565 643 2633 686; x_wconf 77' lang='lat' dir='ltr'><strong>ex</strong></span> <span class='ocrx_word' id='word_1_32' title='bbox 2665 643 2728 684; x_wconf 91' lang='lat' dir='ltr'><strong>ea</strong></span> <span class='ocrx_word' id='word_1_33' title='bbox 2760 642 3049 699; x_wconf 86' lang='lat' dir='ltr'><strong>procreare</strong></span> <span class='ocrx_word' id='word_1_34' title='bbox 3077 627 3270 689; x_wconf 80' lang='lat' dir='ltr'><strong>nollet.</strong></span> <span class='ocrx_word' id='word_1_35' title='bbox 3296 627 3393 682; x_wconf 86' lang='lat' dir='ltr'><strong>sed</strong></span> 
     </span>
    </p>
   </div>
   <div class='ocr_carea' id='block_1_6' title="bbox 151 717 1716 792">
    <p class='ocr_par' dir='ltr' id='par_1_6' title="bbox 151 717 1716 792">
     <span class='ocr_line' id='line_1_6' title="bbox 151 717 1716 792; baseline -0.001 -19"><span class='ocrx_word' id='word_1_36' title='bbox 151 718 561 788; x_wconf 66' lang='grc' dir='ltr'>παιὼποιῆσαι,</span> <span class='ocrx_word' id='word_1_37' title='bbox 600 717 737 774; x_wconf 77' lang='grc' dir='ltr'>ἀλλὰ</span> <span class='ocrx_word' id='word_1_38' title='bbox 793 721 1010 790; x_wconf 81' lang='grc' dir='ltr'><strong>μηχανῇ</strong></span> <span class='ocrx_word' id='word_1_39' title='bbox 1055 718 1207 792; x_wconf 77' lang='grc' dir='ltr'>πάσῃ</span> <span class='ocrx_word' id='word_1_40' title='bbox 1246 719 1416 788; x_wconf 74' lang='grc' dir='ltr'>γονῆς</span> <span class='ocrx_word' id='word_1_41' title='bbox 1459 719 1716 792; x_wconf 84' lang='grc' dir='ltr'><strong>στέρησιν</strong></span> 
     </span>
    </p>
   </div>
   <div class='ocr_carea' id='block_1_7' title="bbox 150 809 1718 882">
    <p class='ocr_par' dir='ltr' id='par_1_7' title="bbox 150 809 1718 882">
     <span class='ocr_line' id='line_1_7' title="bbox 150 809 1718 882; baseline 0.001 -17"><span class='ocrx_word' id='word_1_42' title='bbox 150 810 312 880; x_wconf 79' lang='grc' dir='ltr'>ἑαυτῷ</span> <span class='ocrx_word' id='word_1_43' title='bbox 360 810 624 878; x_wconf 82' lang='grc' dir='ltr'>δικάσαι,</span> <span class='ocrx_word' id='word_1_44' title='bbox 683 811 762 873; x_wconf 87' lang='grc' dir='ltr'>ὡς</span> <span class='ocrx_word' id='word_1_45' title='bbox 807 809 874 866; x_wconf 83' lang='grc' dir='ltr'>ἂν</span> <span class='ocrx_word' id='word_1_46' title='bbox 936 811 1058 882; x_wconf 87' lang='grc' dir='ltr'>μηδ’</span> <span class='ocrx_word' id='word_1_47' title='bbox 1097 811 1231 874; x_wconf 83' lang='grc' dir='ltr'>ὅλως</span> <span class='ocrx_word' id='word_1_48' title='bbox 1292 810 1548 866; x_wconf 84' lang='grc' dir='ltr'>ὑπολίποι</span> <span class='ocrx_word' id='word_1_49' title='bbox 1595 812 1718 867; x_wconf 79' lang='grc' dir='ltr'>τινὰ</span> 
     </span>
    </p>
   </div>
   <div class='ocr_carea' id='block_1_8' title="bbox 150 901 1718 976">
    <p class='ocr_par' dir='ltr' id='par_1_8' title="bbox 150 901 1718 976">
     <span class='ocr_line' id='line_1_8' title="bbox 150 901 1718 976; baseline 0.004 -22"><span class='ocrx_word' id='word_1_50' title='bbox 150 901 499 972; x_wconf 76' lang='grc' dir='ltr'><strong>ἐφεδρεύοντα</strong></span> <span class='ocrx_word' id='word_1_51' title='bbox 533 905 650 967; x_wconf 86' lang='grc' dir='ltr'>τοῖς</span> <span class='ocrx_word' id='word_1_52' title='bbox 678 904 774 958; x_wconf 79' lang='grc' dir='ltr'><strong>τοῦ</strong></span> <span class='ocrx_word' id='word_1_53' title='bbox 808 903 1041 976; x_wconf 86' lang='grc' dir='ltr'>ἀδελφοῦ</span> <span class='ocrx_word' id='word_1_54' title='bbox 1066 904 1275 961; x_wconf 88' lang='grc' dir='ltr'>παισίν.</span> <span class='ocrx_word' id='word_1_55' title='bbox 1305 901 1474 973; x_wconf 79' lang='grc' dir='ltr'>Οὗτος</span> <span class='ocrx_word' id='word_1_56' title='bbox 1499 906 1582 960; x_wconf 76' lang='grc' dir='ltr'>ἔτι</span> <span class='ocrx_word' id='word_1_57' title='bbox 1607 903 1718 972; x_wconf 79' lang='grc' dir='ltr'><strong>ζῶν</strong></span> 
     </span>
    </p>
   </div>
   <div class='ocr_carea' id='block_1_9' title="bbox 148 995 1716 1070">
    <p class='ocr_par' dir='ltr' id='par_1_9' title="bbox 148 995 1716 1070">
     <span class='ocr_line' id='line_1_9' title="bbox 148 995 1716 1070; baseline 0.003 -22"><span class='ocrx_word' id='word_1_58' title='bbox 148 997 230 1048; x_wconf 78' lang='grc' dir='ltr'>καὶ</span> <span class='ocrx_word' id='word_1_59' title='bbox 251 997 396 1066; x_wconf 83' lang='grc' dir='ltr'>γήρᾳ</span> <span class='ocrx_word' id='word_1_60' title='bbox 426 995 804 1068; x_wconf 83' lang='grc' dir='ltr'><strong>βαρυνόμενος</strong></span> <span class='ocrx_word' id='word_1_61' title='bbox 829 998 1081 1069; x_wconf 80' lang='grc' dir='ltr'><strong>Τιμοθέῳ</strong></span> <span class='ocrx_word' id='word_1_62' title='bbox 1106 996 1184 1068; x_wconf 81' lang='grc' dir='ltr'>τῷ</span> <span class='ocrx_word' id='word_1_63' title='bbox 1219 997 1580 1070; x_wconf 84' lang='grc' dir='ltr'>πρεσϐυτέρῳ</span> <span class='ocrx_word' id='word_1_64' title='bbox 1607 997 1716 1052; x_wconf 88' lang='grc' dir='ltr'><strong>τῶν</strong></span> 
     </span>
    </p>
   </div>
   <div class='ocr_carea' id='block_1_10' title="bbox 147 1085 1720 1162">
    <p class='ocr_par' dir='ltr' id='par_1_10' title="bbox 147 1085 1720 1162">
     <span class='ocr_line' id='line_1_10' title="bbox 147 1085 1720 1162; baseline 0.003 -23"><span class='ocrx_word' id='word_1_65' title='bbox 147 1085 336 1140; x_wconf 84' lang='grc' dir='ltr'>παίδων</span> <span class='ocrx_word' id='word_1_66' title='bbox 359 1086 459 1140; x_wconf 83' lang='grc' dir='ltr'>τοῦ</span> <span class='ocrx_word' id='word_1_67' title='bbox 495 1087 734 1157; x_wconf 80' lang='grc' dir='ltr'>ἀδελφοῦ</span> <span class='ocrx_word' id='word_1_68' title='bbox 767 1089 1063 1161; x_wconf 75' lang='grc' dir='ltr'>ἐγχειρίζει</span> <span class='ocrx_word' id='word_1_69' title='bbox 1093 1091 1195 1162; x_wconf 79' lang='grc' dir='ltr'>τὴν</span> <span class='ocrx_word' id='word_1_70' title='bbox 1229 1089 1423 1162; x_wconf 81' lang='grc' dir='ltr'>ἀρχὴν,</span> <span class='ocrx_word' id='word_1_71' title='bbox 1457 1090 1554 1145; x_wconf 75' lang='grc' dir='ltr'>καὶ</span> <span class='ocrx_word' id='word_1_72' title='bbox 1579 1088 1720 1161; x_wconf 82' lang='grc' dir='ltr'>μετὰ</span> 
     </span>
    </p>
   </div>
   <div class='ocr_carea' id='block_1_11' title="bbox 148 1181 1727 1255">
    <p class='ocr_par' dir='ltr' id='par_1_11' title="bbox 148 1181 1727 1255">
     <span class='ocr_line' id='line_1_11' title="bbox 148 1181 1727 1255; baseline 0.003 -23"><span class='ocrx_word' id='word_1_73' title='bbox 148 1181 322 1250; x_wconf 86' lang='grc' dir='ltr'>χρόνον</span> <span class='ocrx_word' id='word_1_74' title='bbox 370 1181 435 1234; x_wconf 84' lang='grc' dir='ltr'>οὐ</span> <span class='ocrx_word' id='word_1_75' title='bbox 493 1182 668 1236; x_wconf 83' lang='grc' dir='ltr'>πολὺν</span> <span class='ocrx_word' id='word_1_76' title='bbox 711 1182 920 1254; x_wconf 76' lang='grc' dir='ltr'>ἀνιάτω</span> <span class='ocrx_word' id='word_1_77' title='bbox 967 1183 1132 1239; x_wconf 82' lang='grc' dir='ltr'>πάθει</span> <span class='ocrx_word' id='word_1_78' title='bbox 1194 1184 1290 1239; x_wconf 72' lang='grc' dir='ltr'>καὶ</span> <span class='ocrx_word' id='word_1_79' title='bbox 1342 1184 1727 1255; x_wconf 75' lang='grc' dir='ltr'><strong>χαλεπωτάτῳ</strong></span> 
     </span>
    </p>
   </div>
   <div class='ocr_carea' id='block_1_12' title="bbox 150 1273 1718 1350">
    <p class='ocr_par' dir='ltr' id='par_1_12' title="bbox 150 1273 1718 1350">
     <span class='ocr_line' id='line_1_12' title="bbox 150 1273 1718 1350; baseline 0.004 -25"><span class='ocrx_word' id='word_1_80' title='bbox 150 1273 454 1343; x_wconf 78' lang='grc' dir='ltr'>συσχεθεὶς,</span> <span class='ocrx_word' id='word_1_81' title='bbox 494 1305 569 1315; x_wconf 90' lang='grc'><strong>-</strong></span> <span class='ocrx_word' id='word_1_82' title='bbox 612 1276 940 1347; x_wconf 82' lang='grc' dir='ltr'>καρκίνωμα</span> <span class='ocrx_word' id='word_1_83' title='bbox 967 1276 1078 1348; x_wconf 81' lang='grc' dir='ltr'>γὰρ</span> <span class='ocrx_word' id='word_1_84' title='bbox 1109 1276 1312 1350; x_wconf 81' lang='grc' dir='ltr'>μεταξὺ</span> <span class='ocrx_word' id='word_1_85' title='bbox 1358 1277 1626 1349; x_wconf 85' lang='grc' dir='ltr'>βουϐῶνός</span> <span class='ocrx_word' id='word_1_86' title='bbox 1656 1295 1718 1332; x_wconf 89' lang='grc' dir='ltr'><strong>τε</strong></span> 
     </span>
    </p>
   </div>
   <div class='ocr_carea' id='block_1_13' title="bbox 150 1366 1720 1442">
    <p class='ocr_par' dir='ltr' id='par_1_13' title="bbox 150 1366 1720 1442">
     <span class='ocr_line' id='line_1_13' title="bbox 150 1366 1720 1442; baseline 0.005 -25"><span class='ocrx_word' id='word_1_87' title='bbox 150 1367 230 1419; x_wconf 81' lang='grc' dir='ltr'>καὶ</span> <span class='ocrx_word' id='word_1_88' title='bbox 262 1366 458 1436; x_wconf 87' lang='grc' dir='ltr'>όσχέου</span> <span class='ocrx_word' id='word_1_89' title='bbox 502 1368 752 1438; x_wconf 78' lang='grc' dir='ltr'>ὑποφυὲν</span> <span class='ocrx_word' id='word_1_90' title='bbox 779 1368 879 1438; x_wconf 81' lang='grc' dir='ltr'>τὴν</span> <span class='ocrx_word' id='word_1_91' title='bbox 923 1369 1096 1440; x_wconf 86' lang='grc' dir='ltr'>νομὴν</span> <span class='ocrx_word' id='word_1_92' title='bbox 1131 1369 1266 1442; x_wconf 77' lang='grc' dir='ltr'>πρὸς</span> <span class='ocrx_word' id='word_1_93' title='bbox 1317 1371 1388 1424; x_wconf 84' lang='grc' dir='ltr'>τὰ</span> <span class='ocrx_word' id='word_1_94' title='bbox 1432 1368 1580 1426; x_wconf 73' lang='grc' dir='ltr'>ἔνδον</span> <span class='ocrx_word' id='word_1_95' title='bbox 1621 1372 1720 1425; x_wconf 67' lang='grc' dir='ltr'><strong>ἒπ-</strong></span> 
     </span>
    </p>
   </div>
   <div class='ocr_carea' id='block_1_14' title="bbox 149 1455 1718 1534">
    <p class='ocr_par' dir='ltr' id='par_1_14' title="bbox 149 1455 1718 1534">
     <span class='ocr_line' id='line_1_14' title="bbox 149 1455 1718 1534; baseline 0.004 -25"><span class='ocrx_word' id='word_1_96' title='bbox 149 1459 300 1511; x_wconf 82' lang='grc' dir='ltr'>εδίδου</span> <span class='ocrx_word' id='word_1_97' title='bbox 337 1460 693 1532; x_wconf 83' lang='grc' dir='ltr'>πικρότερον,</span> <span class='ocrx_word' id='word_1_98' title='bbox 725 1461 852 1533; x_wconf 85' lang='grc'>[708</span> <span class='ocrx_word' id='word_1_99' title='bbox 885 1460 976 1533; x_wconf 83' lang='lat' dir='ltr'><strong>R.]</strong></span> <span class='ocrx_word' id='word_1_100' title='bbox 1005 1462 1064 1529; x_wconf 77' lang='grc' dir='ltr'>ἐξ</span> <span class='ocrx_word' id='word_1_101' title='bbox 1085 1455 1146 1517; x_wconf 73' lang='grc' dir='ltr'><strong>οὗ</strong></span> <span class='ocrx_word' id='word_1_102' title='bbox 1183 1462 1379 1534; x_wconf 78' lang='grc' dir='ltr'>ἰχῶρες</span> <span class='ocrx_word' id='word_1_103' title='bbox 1397 1463 1718 1533; x_wconf 80' lang='grc' dir='ltr'>ἀναστομω-</span> 
     </span>
    </p>
   </div>
   <div class='ocr_carea' id='block_1_15' title="bbox 151 1549 1724 1624">
    <p class='ocr_par' dir='ltr' id='par_1_15' title="bbox 151 1549 1724 1624">
     <span class='ocr_line' id='line_1_15' title="bbox 151 1549 1724 1624; baseline 0.003 -21"><span class='ocrx_word' id='word_1_104' title='bbox 151 1549 316 1620; x_wconf 82' lang='grc' dir='ltr'>θείσης</span> <span class='ocrx_word' id='word_1_105' title='bbox 365 1549 473 1622; x_wconf 81' lang='grc' dir='ltr'>τῆς</span> <span class='ocrx_word' id='word_1_106' title='bbox 534 1553 740 1623; x_wconf 75' lang='grc' dir='ltr'>σαρκὸς</span> <span class='ocrx_word' id='word_1_107' title='bbox 796 1553 1051 1624; x_wconf 78' lang='grc' dir='ltr'>ἐξέῤῥεον</span> <span class='ocrx_word' id='word_1_108' title='bbox 1101 1553 1242 1624; x_wconf 81' lang='grc' dir='ltr'>βαρὺ</span> <span class='ocrx_word' id='word_1_109' title='bbox 1293 1553 1391 1608; x_wconf 77' lang='grc' dir='ltr'>καὶ</span> <span class='ocrx_word' id='word_1_110' title='bbox 1437 1553 1724 1608; x_wconf 75' lang='grc' dir='ltr'>δύσοιστον</span> 
     </span>
    </p>
   </div>
   <div class='ocr_carea' id='block_1_16' title="bbox 147 1645 1716 1718">
    <p class='ocr_par' dir='ltr' id='par_1_16' title="bbox 147 1645 1716 1718">
     <span class='ocr_line' id='line_1_16' title="bbox 147 1645 1716 1718; baseline 0.002 -21"><span class='ocrx_word' id='word_1_111' title='bbox 147 1645 409 1708; x_wconf 76' lang='grc' dir='ltr'>πνέουσαι,</span> <span class='ocrx_word' id='word_1_112' title='bbox 456 1647 539 1710; x_wconf 81' lang='grc' dir='ltr'><strong>ὡς</strong></span> <span class='ocrx_word' id='word_1_113' title='bbox 578 1646 776 1717; x_wconf 79' lang='grc' dir='ltr'>μηκέτι</span> <span class='ocrx_word' id='word_1_114' title='bbox 818 1649 955 1718; x_wconf 86' lang='grc' dir='ltr'>μήτε</span> <span class='ocrx_word' id='word_1_115' title='bbox 987 1647 1050 1702; x_wconf 80' lang='grc' dir='ltr'>τὸ</span> <span class='ocrx_word' id='word_1_116' title='bbox 1098 1647 1544 1718; x_wconf 79' lang='grc' dir='ltr'>ὑπηρετοῦμενον</span> <span class='ocrx_word' id='word_1_117' title='bbox 1577 1647 1716 1718; x_wconf 83' lang='grc' dir='ltr'>μήτε</span> 
     </span>
    </p>
   </div>
   <div class='ocr_carea' id='block_1_17' title="bbox 149 1738 1718 1812">
    <p class='ocr_par' dir='ltr' id='par_1_17' title="bbox 149 1738 1718 1812">
     <span class='ocr_line' id='line_1_17' title="bbox 149 1738 1718 1812; baseline 0.003 -22"><span class='ocrx_word' id='word_1_118' title='bbox 149 1740 256 1801; x_wconf 69' lang='grc' dir='ltr'>τοὺς</span> <span class='ocrx_word' id='word_1_119' title='bbox 283 1738 509 1809; x_wconf 72' lang='grc' dir='ltr'>ἰατροὺς</span> <span class='ocrx_word' id='word_1_120' title='bbox 535 1739 600 1794; x_wconf 78' lang='grc' dir='ltr'>τὸ</span> <span class='ocrx_word' id='word_1_121' title='bbox 625 1741 724 1812; x_wconf 82' lang='grc' dir='ltr'>τῆς</span> <span class='ocrx_word' id='word_1_122' title='bbox 744 1741 1036 1810; x_wconf 83' lang='grc' dir='ltr'>σηπεδόνος</span> <span class='ocrx_word' id='word_1_123' title='bbox 1067 1741 1279 1810; x_wconf 77' lang='grc' dir='ltr'>στέγειν</span> <span class='ocrx_word' id='word_1_124' title='bbox 1301 1742 1346 1772; x_wconf 75' lang='grc'>⁸⁸</span> <span class='ocrx_word' id='word_1_125' title='bbox 1368 1741 1602 1804; x_wconf 85' lang='grc' dir='ltr'>δυσῶδες</span> <span class='ocrx_word' id='word_1_126' title='bbox 1621 1741 1718 1794; x_wconf 78' lang='grc' dir='ltr'><strong>καὶ</strong></span> 
     </span>
    </p>
   </div>
   <div class='ocr_carea' id='block_1_18' title="bbox 150 1830 1713 1906">
    <p class='ocr_par' dir='ltr' id='par_1_18' title="bbox 150 1830 1713 1906">
     <span class='ocr_line' id='line_1_18' title="bbox 150 1830 1713 1906; baseline 0.003 -24"><span class='ocrx_word' id='word_1_127' title='bbox 150 1830 528 1887; x_wconf 80' lang='grc' dir='ltr'>ἀνυπόστατον.</span> <span class='ocrx_word' id='word_1_128' title='bbox 573 1833 684 1886; x_wconf 75' lang='grc' dir='ltr'><strong>Καὶ</strong></span> <span class='ocrx_word' id='word_1_129' title='bbox 736 1837 980 1904; x_wconf 82' lang='grc' dir='ltr'>συνεχεῖς</span> <span class='ocrx_word' id='word_1_130' title='bbox 1009 1832 1136 1906; x_wconf 79' lang='grc'><strong>[567</strong></span> <span class='ocrx_word' id='word_1_131' title='bbox 1170 1832 1263 1905; x_wconf 82' lang='lat' dir='ltr'><strong>H.J</strong></span> <span class='ocrx_word' id='word_1_132' title='bbox 1306 1833 1363 1887; x_wconf 80' lang='grc' dir='ltr'>δὲ</span> <span class='ocrx_word' id='word_1_133' title='bbox 1392 1832 1577 1888; x_wconf 78' lang='grc' dir='ltr'>ὀδύναι</span> <span class='ocrx_word' id='word_1_134' title='bbox 1619 1833 1713 1886; x_wconf 77' lang='grc' dir='ltr'>καὶ</span> 
     </span>
    </p>
   </div>
   <div class='ocr_carea' id='block_1_19' title="bbox 149 1918 1708 1996">
    <p class='ocr_par' dir='ltr' id='par_1_19' title="bbox 149 1918 1708 1996">
     <span class='ocr_line' id='line_1_19' title="bbox 149 1918 1708 1996; baseline 0.001 -21"><span class='ocrx_word' id='word_1_135' title='bbox 149 1924 367 1993; x_wconf 85' lang='grc' dir='ltr'>δριμεῖαι</span> <span class='ocrx_word' id='word_1_136' title='bbox 410 1926 540 1979; x_wconf 78' lang='grc' dir='ltr'>ὅλον</span> <span class='ocrx_word' id='word_1_137' title='bbox 585 1926 650 1979; x_wconf 80' lang='grc' dir='ltr'>τὸ</span> <span class='ocrx_word' id='word_1_138' title='bbox 692 1925 854 1996; x_wconf 87' lang='grc' dir='ltr'>σῶμα</span> <span class='ocrx_word' id='word_1_139' title='bbox 904 1927 1244 1989; x_wconf 81' lang='grc' dir='ltr'>κατέτεινον,</span> <span class='ocrx_word' id='word_1_140' title='bbox 1291 1925 1382 1995; x_wconf 78' lang='grc' dir='ltr'><strong>ὑφ’</strong></span> <span class='ocrx_word' id='word_1_141' title='bbox 1425 1918 1502 1980; x_wconf 84' lang='grc' dir='ltr'><strong>ῶν</strong></span> <span class='ocrx_word' id='word_1_142' title='bbox 1533 1926 1708 1996; x_wconf 85' lang='grc' dir='ltr'>ἀγρυ-</span> 
     </span>
    </p>
   </div>
   <div class='ocr_carea' id='block_1_20' title="bbox 149 2015 1710 2088">
    <p class='ocr_par' dir='ltr' id='par_1_20' title="bbox 149 2015 1710 2088">
     <span class='ocr_line' id='line_1_20' title="bbox 149 2015 1710 2088; baseline 0.002 -20"><span class='ocrx_word' id='word_1_143' title='bbox 149 2015 309 2080; x_wconf 73' lang='grc' dir='ltr'>πνίαις</span> <span class='ocrx_word' id='word_1_144' title='bbox 339 2034 401 2070; x_wconf 85' lang='grc' dir='ltr'><strong>τε</strong></span> <span class='ocrx_word' id='word_1_145' title='bbox 450 2017 555 2071; x_wconf 78' lang='grc' dir='ltr'>καὶ</span> <span class='ocrx_word' id='word_1_146' title='bbox 585 2019 857 2088; x_wconf 89' lang='grc' dir='ltr'>σπασμοῖς</span> <span class='ocrx_word' id='word_1_147' title='bbox 886 2017 1150 2084; x_wconf 77' lang='grc' dir='ltr'>ἐξεδίδοτο</span> <span class='ocrx_word' id='word_1_148' title='bbox 1170 2057 1186 2080; x_wconf 93' lang='grc'><strong>,</strong></span> <span class='ocrx_word' id='word_1_149' title='bbox 1221 2017 1327 2082; x_wconf 70' lang='grc' dir='ltr'>ἕως</span> <span class='ocrx_word' id='word_1_150' title='bbox 1377 2016 1710 2088; x_wconf 78' lang='grc' dir='ltr'>προκύψασα</span> 
     </span>
    </p>
   </div>
   <div class='ocr_carea' id='block_1_21' title="bbox 152 2103 1708 2178">
    <p class='ocr_par' dir='ltr' id='par_1_21' title="bbox 152 2103 1708 2178">
     <span class='ocr_line' id='line_1_21' title="bbox 152 2103 1708 2178; baseline 0.004 -24"><span class='ocrx_word' id='word_1_151' title='bbox 152 2103 320 2173; x_wconf 81' lang='grc' dir='ltr'>μέχρις</span> <span class='ocrx_word' id='word_1_152' title='bbox 361 2105 556 2159; x_wconf 84' lang='grc' dir='ltr'>αὐτῶν</span> <span class='ocrx_word' id='word_1_153' title='bbox 592 2105 704 2161; x_wconf 89' lang='grc' dir='ltr'><strong>τῶν</strong></span> <span class='ocrx_word' id='word_1_154' title='bbox 743 2107 1067 2178; x_wconf 83' lang='grc' dir='ltr'>σπλάγχνων</span> <span class='ocrx_word' id='word_1_155' title='bbox 1113 2105 1210 2160; x_wconf 85' lang='grc' dir='ltr'>τοῦ</span> <span class='ocrx_word' id='word_1_156' title='bbox 1245 2107 1455 2170; x_wconf 85' lang='grc' dir='ltr'>πάθους</span> <span class='ocrx_word' id='word_1_157' title='bbox 1481 2108 1516 2177; x_wconf 81' lang='grc' dir='ltr'><strong>ἡ</strong></span> <span class='ocrx_word' id='word_1_158' title='bbox 1567 2107 1708 2178; x_wconf 74' lang='grc' dir='ltr'>νομὴ</span> 
     </span>
    </p>
   </div>
   <div class='ocr_carea' id='block_1_22' title="bbox 145 2192 1709 2269">
    <p class='ocr_par' dir='ltr' id='par_1_22' title="bbox 145 2192 1709 2269">
     <span class='ocr_line' id='line_1_22' title="bbox 145 2192 1709 2269; baseline 0.004 -24"><span class='ocrx_word' id='word_1_159' title='bbox 145 2195 224 2247; x_wconf 81' lang='grc' dir='ltr'>τοῦ</span> <span class='ocrx_word' id='word_1_160' title='bbox 260 2195 372 2264; x_wconf 85' lang='grc' dir='ltr'>βίου</span> <span class='ocrx_word' id='word_1_161' title='bbox 418 2196 769 2268; x_wconf 76' lang='grc' dir='ltr'>ἀπέρρηξεν.</span> <span class='ocrx_word' id='word_1_162' title='bbox 813 2197 1013 2252; x_wconf 83' lang='grc' dir='ltr'>Ἐδίδου</span> <span class='ocrx_word' id='word_1_163' title='bbox 1063 2197 1161 2269; x_wconf 81' lang='grc' dir='ltr'>μὲν</span> <span class='ocrx_word' id='word_1_164' title='bbox 1194 2199 1290 2251; x_wconf 78' lang='grc' dir='ltr'>καὶ</span> <span class='ocrx_word' id='word_1_165' title='bbox 1317 2192 1495 2262; x_wconf 77' lang='grc' dir='ltr'>οὗτος,</span> <span class='ocrx_word' id='word_1_166' title='bbox 1519 2197 1709 2268; x_wconf 82' lang='grc' dir='ltr'>ὥσπερ</span> 
     </span>
    </p>
   </div>
   <div class='ocr_carea' id='block_1_23' title="bbox 149 2284 1707 2358">
    <p class='ocr_par' dir='ltr' id='par_1_23' title="bbox 149 2284 1707 2358">
     <span class='ocr_line' id='line_1_23' title="bbox 149 2284 1707 2358; baseline 0.006 -24"><span class='ocrx_word' id='word_1_167' title='bbox 149 2285 224 2336; x_wconf 68' lang='grc' dir='ltr'>καὶ</span> <span class='ocrx_word' id='word_1_168' title='bbox 263 2284 588 2358; x_wconf 80' lang='grc' dir='ltr'>Κλέαρχος,</span> <span class='ocrx_word' id='word_1_169' title='bbox 630 2286 897 2342; x_wconf 82' lang='grc' dir='ltr'>τελευτῶν</span> <span class='ocrx_word' id='word_1_170' title='bbox 937 2290 1052 2350; x_wconf 89' lang='grc' dir='ltr'>τοῖς</span> <span class='ocrx_word' id='word_1_171' title='bbox 1079 2288 1280 2358; x_wconf 81' lang='grc' dir='ltr'>ὁρῶσιν</span> <span class='ocrx_word' id='word_1_172' title='bbox 1311 2288 1513 2342; x_wconf 77' lang='grc' dir='ltr'>ἐννοεῖν</span> <span class='ocrx_word' id='word_1_173' title='bbox 1550 2287 1707 2352; x_wconf 86' lang='grc' dir='ltr'>δίκας</span> 
     </span>
    </p>
   </div>
   <div class='ocr_carea' id='block_1_24' title="bbox 148 2369 1705 2451">
    <p class='ocr_par' dir='ltr' id='par_1_24' title="bbox 148 2369 1705 2451">
     <span class='ocr_line' id='line_1_24' title="bbox 148 2369 1705 2451; baseline 0.006 -26"><span class='ocrx_word' id='word_1_174' title='bbox 148 2374 470 2429; x_wconf 74' lang='grc' dir='ltr'>ἀπαιτεῖσθαι</span> <span class='ocrx_word' id='word_1_175' title='bbox 503 2369 594 2430; x_wconf 83' lang='grc' dir='ltr'>ὧν</span> <span class='ocrx_word' id='word_1_176' title='bbox 617 2377 787 2448; x_wconf 83' lang='grc' dir='ltr'>ὠμῶς</span> <span class='ocrx_word' id='word_1_177' title='bbox 829 2397 890 2433; x_wconf 89' lang='grc' dir='ltr'><strong>τε</strong></span> <span class='ocrx_word' id='word_1_178' title='bbox 919 2380 1022 2433; x_wconf 69' lang='grc' dir='ltr'>καὶ</span> <span class='ocrx_word' id='word_1_179' title='bbox 1067 2380 1405 2451; x_wconf 85' lang='grc' dir='ltr'>παρανόμως</span> <span class='ocrx_word' id='word_1_180' title='bbox 1436 2382 1564 2444; x_wconf 84' lang='grc' dir='ltr'>τοὺς</span> <span class='ocrx_word' id='word_1_181' title='bbox 1605 2398 1705 2434; x_wconf 84' lang='grc' dir='ltr'>πο·</span> 
     </span>
    </p>
   </div>
   <div class='ocr_carea' id='block_1_25' title="bbox 148 2463 1702 2545">
    <p class='ocr_par' dir='ltr' id='par_1_25' title="bbox 148 2463 1702 2545">
     <span class='ocr_line' id='line_1_25' title="bbox 148 2463 1702 2545; baseline 0.009 -31"><span class='ocrx_word' id='word_1_182' title='bbox 148 2463 272 2529; x_wconf 77' lang='grc' dir='ltr'>λίτας</span> <span class='ocrx_word' id='word_1_183' title='bbox 318 2467 617 2522; x_wconf 61' lang='grc' dir='ltr'>διέθεσαν</span> <span class='ocrx_word' id='word_1_184' title='bbox 656 2470 917 2535; x_wconf 79' lang='grc' dir='ltr'>πολλάκις</span> <span class='ocrx_word' id='word_1_185' title='bbox 970 2471 1080 2544; x_wconf 86' lang='grc' dir='ltr'><strong>γὰρ</strong></span> <span class='ocrx_word' id='word_1_186' title='bbox 1127 2473 1293 2526; x_wconf 82' lang='grc' dir='ltr'>αὐτόν</span> <span class='ocrx_word' id='word_1_187' title='bbox 1341 2491 1505 2542; x_wconf 82' lang='grc' dir='ltr'>φασιν</span> <span class='ocrx_word' id='word_1_188' title='bbox 1541 2474 1601 2526; x_wconf 78' lang='grc' dir='ltr'>ἐν</span> <span class='ocrx_word' id='word_1_189' title='bbox 1635 2475 1702 2545; x_wconf 80' lang='grc' dir='ltr'>τῇ</span> 
     </span>
    </p>
   </div>
   <div class='ocr_carea' id='block_1_26' title="bbox 149 2557 1704 2634">
    <p class='ocr_par' dir='ltr' id='par_1_26' title="bbox 149 2557 1704 2634">
     <span class='ocr_line' id='line_1_26' title="bbox 149 2557 1704 2634; baseline 0.006 -27"><span class='ocrx_word' id='word_1_190' title='bbox 149 2557 265 2625; x_wconf 79' lang='grc' dir='ltr'>νόσῳ</span> <span class='ocrx_word' id='word_1_191' title='bbox 301 2558 392 2610; x_wconf 82' lang='grc' dir='ltr'>τὸν</span> <span class='ocrx_word' id='word_1_192' title='bbox 437 2559 681 2613; x_wconf 85' lang='grc' dir='ltr'>θάνατον</span> <span class='ocrx_word' id='word_1_193' title='bbox 713 2561 961 2616; x_wconf 72' lang='grc' dir='ltr'>ἐπελθεῖν</span> <span class='ocrx_word' id='word_1_194' title='bbox 997 2561 1149 2633; x_wconf 82' lang='grc' dir='ltr'><strong>αὑτῷ</strong></span> <span class='ocrx_word' id='word_1_195' title='bbox 1188 2563 1590 2633; x_wconf 88' lang='grc' dir='ltr'>κατευχόμενον</span> <span class='ocrx_word' id='word_1_196' title='bbox 1629 2565 1704 2634; x_wconf 80' lang='grc' dir='ltr'>μὴ</span> 
     </span>
    </p>
   </div>
   <div class='ocr_carea' id='block_1_27' title="bbox 150 2651 1706 2730">
    <p class='ocr_par' dir='ltr' id='par_1_27' title="bbox 150 2651 1706 2730">
     <span class='ocr_line' id='line_1_27' title="bbox 150 2651 1706 2730; baseline 0.006 -30"><span class='ocrx_word' id='word_1_197' title='bbox 150 2653 327 2720; x_wconf 81' lang='grc' dir='ltr'>τυχεῖν,</span> <span class='ocrx_word' id='word_1_198' title='bbox 373 2651 517 2707; x_wconf 79' lang='grc' dir='ltr'>ἀλλὰ</span> <span class='ocrx_word' id='word_1_199' title='bbox 555 2657 782 2724; x_wconf 80' lang='grc' dir='ltr'>συχναῖς</span> <span class='ocrx_word' id='word_1_200' title='bbox 808 2657 1046 2726; x_wconf 80' lang='grc' dir='ltr'>ἡμέραις</span> <span class='ocrx_word' id='word_1_201' title='bbox 1071 2659 1137 2727; x_wconf 81' lang='grc' dir='ltr'>τῇ</span> <span class='ocrx_word' id='word_1_202' title='bbox 1167 2659 1344 2729; x_wconf 78' lang='grc' dir='ltr'>πικρᾷ</span> <span class='ocrx_word' id='word_1_203' title='bbox 1379 2661 1475 2712; x_wconf 81' lang='grc' dir='ltr'>καὶ</span> <span class='ocrx_word' id='word_1_204' title='bbox 1510 2657 1706 2730; x_wconf 83' lang='grc' dir='ltr'>βαρείᾳ</span> 
     </span>
    </p>
   </div>
   <div class='ocr_carea' id='block_1_28' title="bbox 152 2745 1701 2820">
    <p class='ocr_par' dir='ltr' id='par_1_28' title="bbox 152 2745 1701 2820">
     <span class='ocr_line' id='line_1_28' title="bbox 152 2745 1701 2820; baseline 0.007 -29"><span class='ocrx_word' id='word_1_205' title='bbox 152 2745 667 2817; x_wconf 82' lang='grc' dir='ltr'>καταδαπανώμενον</span> <span class='ocrx_word' id='word_1_206' title='bbox 705 2747 848 2818; x_wconf 86' lang='grc' dir='ltr'>νόσῳ</span> <span class='ocrx_word' id='word_1_207' title='bbox 891 2747 1063 2812; x_wconf 78' lang='grc' dir='ltr'>οὕτως</span> <span class='ocrx_word' id='word_1_208' title='bbox 1099 2751 1357 2804; x_wconf 80' lang='grc' dir='ltr'>ἀποτῖσαι</span> <span class='ocrx_word' id='word_1_209' title='bbox 1400 2749 1461 2803; x_wconf 84' lang='grc' dir='ltr'>τὸ</span> <span class='ocrx_word' id='word_1_210' title='bbox 1503 2749 1701 2820; x_wconf 90' lang='grc' dir='ltr'>χρεὼν,</span> 
     </span>
    </p>
   </div>
   <div class='ocr_carea' id='block_1_29' title="bbox 152 2833 1702 2912">
    <p class='ocr_par' dir='ltr' id='par_1_29' title="bbox 152 2833 1702 2912">
     <span class='ocr_line' id='line_1_29' title="bbox 152 2833 1702 2912; baseline 0.006 -28"><span class='ocrx_word' id='word_1_211' title='bbox 152 2833 223 2904; x_wconf 58' lang='lat' dir='ltr'><strong>in;</strong></span> <span class='ocrx_word' id='word_1_212' title='bbox 262 2837 354 2905; x_wconf 81' lang='grc' dir='ltr'>μὲν</span> <span class='ocrx_word' id='word_1_213' title='bbox 385 2837 675 2906; x_wconf 83' lang='grc' dir='ltr'>βιώσαντα</span> <span class='ocrx_word' id='word_1_214' title='bbox 705 2840 867 2893; x_wconf 83' lang='grc' dir='ltr'>πέντε</span> <span class='ocrx_word' id='word_1_215' title='bbox 895 2841 990 2894; x_wconf 76' lang='grc' dir='ltr'>καὶ</span> <span class='ocrx_word' id='word_1_216' title='bbox 1017 2840 1302 2912; x_wconf 80' lang='grc' dir='ltr'>ἐξήκοντα,</span> <span class='ocrx_word' id='word_1_217' title='bbox 1334 2835 1411 2896; x_wconf 82' lang='grc' dir='ltr'>ὧν</span> <span class='ocrx_word' id='word_1_218' title='bbox 1438 2843 1474 2912; x_wconf 74' lang='grc' dir='ltr'><strong>ἡ</strong></span> <span class='ocrx_word' id='word_1_219' title='bbox 1498 2857 1702 2912; x_wconf 86' lang='grc' dir='ltr'>τυραν-</span> 
     </span>
    </p>
   </div>
   <div class='ocr_carea' id='block_1_30' title="bbox 150 2925 1704 3007">
    <p class='ocr_par' dir='ltr' id='par_1_30' title="bbox 150 2925 1704 3007">
     <span class='ocr_line' id='line_1_30' title="bbox 150 2925 1704 3007; baseline 0.006 -27"><span class='ocrx_word' id='word_1_220' title='bbox 150 2929 214 2990; x_wconf 70' lang='grc' dir='ltr'><strong>νὶς</strong></span> <span class='ocrx_word' id='word_1_221' title='bbox 237 2925 371 2999; x_wconf 79' lang='grc' dir='ltr'>εἶχεν</span> <span class='ocrx_word' id='word_1_222' title='bbox 396 2929 462 2994; x_wconf 80' lang='grc' dir='ltr'><strong>ξ’.</strong></span> <span class='ocrx_word' id='word_1_223' title='bbox 500 2931 834 3004; x_wconf 83' lang='grc' dir='ltr'>Ἀγησίλαος</span> <span class='ocrx_word' id='word_1_224' title='bbox 863 2933 920 2986; x_wconf 88' lang='grc' dir='ltr'>δὲ</span> <span class='ocrx_word' id='word_1_225' title='bbox 941 2934 1243 3005; x_wconf 81' lang='grc' dir='ltr'>τηνικαῦτα</span> <span class='ocrx_word' id='word_1_226' title='bbox 1261 2934 1704 3007; x_wconf 76' lang='grc' dir='ltr'>Λακεδαιμονίων</span> 
     </span>
    </p>
   </div>
   <div class='ocr_carea' id='block_1_31' title="bbox 151 3018 529 3078">
    <p class='ocr_par' dir='ltr' id='par_1_31' title="bbox 151 3018 529 3078">
     <span class='ocr_line' id='line_1_31' title="bbox 151 3018 529 3078; baseline 0.029 -11"><span class='ocrx_word' id='word_1_227' title='bbox 151 3018 432 3076; x_wconf 71' lang='grc' dir='ltr'>ἐϐασίλευεν</span> <span class='ocrx_word' id='word_1_228' title='bbox 457 3023 529 3078; x_wconf 77' lang='grc'><strong>³⁸.</strong></span> 
     </span>
    </p>
   </div>
   <div class='ocr_carea' id='block_1_32' title="bbox 150 3207 1706 3285">
    <p class='ocr_par' dir='ltr' id='par_1_32' title="bbox 150 3207 1706 3285">
     <span class='ocr_line' id='line_1_32' title="bbox 150 3207 1706 3285; baseline 0.008 -23"><span class='ocrx_word' id='word_1_229' title='bbox 150 3207 254 3266; x_wconf 68' lang='lat' dir='ltr'><strong>Car.</strong></span> <span class='ocrx_word' id='word_1_230' title='bbox 285 3213 368 3270; x_wconf 82' lang='lat' dir='ltr'><strong>IV.</strong></span> <span class='ocrx_word' id='word_1_231' title='bbox 393 3243 464 3254; x_wconf 91' lang='lat'><strong>—</strong></span> <span class='ocrx_word' id='word_1_232' title='bbox 493 3214 800 3270; x_wconf 80' lang='lat' dir='ltr'><strong>Timotheus</strong></span> <span class='ocrx_word' id='word_1_233' title='bbox 838 3216 975 3282; x_wconf 77' lang='lat' dir='ltr'><strong>ﬁlius</strong></span> <span class='ocrx_word' id='word_1_234' title='bbox 1007 3217 1248 3271; x_wconf 81' lang='lat' dir='ltr'><strong>Clearchi</strong></span> <span class='ocrx_word' id='word_1_235' title='bbox 1267 3257 1281 3281; x_wconf 92' lang='lat'><strong>,</strong></span> <span class='ocrx_word' id='word_1_236' title='bbox 1317 3221 1552 3285; x_wconf 77' lang='lat' dir='ltr'><strong>princeps</strong></span> <span class='ocrx_word' id='word_1_237' title='bbox 1583 3217 1678 3272; x_wconf 86' lang='grc'><em>111</em></span> <span class='ocrx_word' id='word_1_238' title='bbox 1689 3234 1706 3274; x_wconf 80' lang='lat'><strong>.‘</strong></span> 
     </span>
    </p>
   </div>
   <div class='ocr_carea' id='block_1_33' title="bbox 1819 719 3396 792">
    <p class='ocr_par' dir='ltr' id='par_1_33' title="bbox 1819 719 3396 792">
     <span class='ocr_line' id='line_1_33' title="bbox 1819 719 3396 792; baseline 0 -18"><span class='ocrx_word' id='word_1_239' title='bbox 1819 721 1966 774; x_wconf 90' lang='lat' dir='ltr'><strong>omni</strong></span> <span class='ocrx_word' id='word_1_240' title='bbox 2005 730 2122 776; x_wconf 87' lang='lat' dir='ltr'><strong>arte</strong></span> <span class='ocrx_word' id='word_1_241' title='bbox 2167 722 2306 778; x_wconf 87' lang='lat' dir='ltr'><strong>hanc</strong></span> <span class='ocrx_word' id='word_1_242' title='bbox 2335 721 2591 778; x_wconf 72' lang='lat' dir='ltr'><strong>orbitatis</strong></span> <span class='ocrx_word' id='word_1_243' title='bbox 2630 729 2688 778; x_wconf 84' lang='lat' dir='ltr'><strong>et</strong></span> <span class='ocrx_word' id='word_1_244' title='bbox 2733 737 2840 777; x_wconf 95' lang='lat' dir='ltr'><strong>non</strong></span> <span class='ocrx_word' id='word_1_245' title='bbox 2885 721 3164 792; x_wconf 71' lang='lat' dir='ltr'><strong>gignendae</strong></span> <span class='ocrx_word' id='word_1_246' title='bbox 3192 719 3396 776; x_wconf 82' lang='lat' dir='ltr'><strong>sobolis</strong></span> 
     </span>
    </p>
   </div>
   <div class='ocr_carea' id='block_1_34' title="bbox 1819 811 3392 885">
    <p class='ocr_par' dir='ltr' id='par_1_34' title="bbox 1819 811 3392 885">
     <span class='ocr_line' id='line_1_34' title="bbox 1819 811 3392 885; baseline -0.003 -16"><span class='ocrx_word' id='word_1_247' title='bbox 1819 829 1918 869; x_wconf 86' lang='lat' dir='ltr'><strong>ceu</strong></span> <span class='ocrx_word' id='word_1_248' title='bbox 1963 830 2176 884; x_wconf 66' lang='lat' dir='ltr'><strong>pinnam</strong></span> <span class='ocrx_word' id='word_1_249' title='bbox 2223 814 2326 871; x_wconf 86' lang='lat' dir='ltr'><strong>sibi</strong></span> <span class='ocrx_word' id='word_1_250' title='bbox 2362 815 2665 885; x_wconf 85' lang='lat' dir='ltr'><strong>irrogaret:</strong></span> <span class='ocrx_word' id='word_1_251' title='bbox 2699 828 2767 869; x_wconf 91' lang='lat' dir='ltr'><strong>ne</strong></span> <span class='ocrx_word' id='word_1_252' title='bbox 2809 828 2967 882; x_wconf 89' lang='lat' dir='ltr'><strong>quem</strong></span> <span class='ocrx_word' id='word_1_253' title='bbox 3000 813 3220 866; x_wconf 89' lang='lat' dir='ltr'><strong>omnino</strong></span> <span class='ocrx_word' id='word_1_254' title='bbox 3257 811 3392 865; x_wconf 86' lang='lat' dir='ltr'><strong>insi-</strong></span> 
     </span>
    </p>
   </div>
   <div class='ocr_carea' id='block_1_35' title="bbox 1818 900 3398 975">
    <p class='ocr_par' dir='ltr' id='par_1_35' title="bbox 1818 900 3398 975">
     <span class='ocr_line' id='line_1_35' title="bbox 1818 900 3398 975; baseline -0.007 -15"><span class='ocrx_word' id='word_1_255' title='bbox 1818 905 2083 962; x_wconf 76' lang='lat' dir='ltr'><strong>diator&#39;em</strong></span> <span class='ocrx_word' id='word_1_256' title='bbox 2112 905 2297 962; x_wconf 83' lang='lat' dir='ltr'><strong>fratris</strong></span> <span class='ocrx_word' id='word_1_257' title='bbox 2323 905 2450 961; x_wconf 88' lang='lat' dir='ltr'><strong>ﬁliis</strong></span> <span class='ocrx_word' id='word_1_258' title='bbox 2466 905 2820 975; x_wconf 88' lang='lat' dir='ltr'><strong>relinqueret.</strong></span> <span class='ocrx_word' id='word_1_259' title='bbox 2861 901 3158 972; x_wconf 86' lang='lat' dir='ltr'><strong>Superstes</strong></span> <span class='ocrx_word' id='word_1_260' title='bbox 3191 900 3398 964; x_wconf 83' lang='lat' dir='ltr'><strong>adhuc,</strong></span> 
     </span>
    </p>
   </div>
   <div class='ocr_carea' id='block_1_36' title="bbox 1817 991 3395 1070">
    <p class='ocr_par' dir='ltr' id='par_1_36' title="bbox 1817 991 3395 1070">
     <span class='ocr_line' id='line_1_36' title="bbox 1817 991 3395 1070; baseline -0.005 -15"><span class='ocrx_word' id='word_1_261' title='bbox 1817 998 1914 1056; x_wconf 90' lang='lat' dir='ltr'><strong>sed</strong></span> <span class='ocrx_word' id='word_1_262' title='bbox 1946 998 2099 1054; x_wconf 89' lang='lat' dir='ltr'><strong>senio</strong></span> <span class='ocrx_word' id='word_1_263' title='bbox 2143 1005 2424 1070; x_wconf 86' lang='lat' dir='ltr'><strong>gravatus,</strong></span> <span class='ocrx_word' id='word_1_264' title='bbox 2469 995 2778 1064; x_wconf 83' lang='lat' dir='ltr'><strong>Timotheo,</strong></span> <span class='ocrx_word' id='word_1_265' title='bbox 2811 994 2904 1066; x_wconf 86' lang='lat' dir='ltr'><strong>qui</strong></span> <span class='ocrx_word' id='word_1_266' title='bbox 2945 993 3014 1049; x_wconf 88' lang='lat' dir='ltr'><strong>de</strong></span> <span class='ocrx_word' id='word_1_267' title='bbox 3043 991 3172 1048; x_wconf 89' lang='lat' dir='ltr'><strong>ﬁliis</strong></span> <span class='ocrx_word' id='word_1_268' title='bbox 3205 991 3395 1047; x_wconf 81' lang='lat' dir='ltr'><strong>fratris</strong></span> 
     </span>
    </p>
   </div>
   <div class='ocr_carea' id='block_1_37' title="bbox 1816 1081 3394 1160">
    <p class='ocr_par' dir='ltr' id='par_1_37' title="bbox 1816 1081 3394 1160">
     <span class='ocr_line' id='line_1_37' title="bbox 1816 1081 3394 1160; baseline -0.004 -15"><span class='ocrx_word' id='word_1_269' title='bbox 1816 1098 1977 1145; x_wconf 65' lang='lat' dir='ltr'><strong>atate</strong></span> <span class='ocrx_word' id='word_1_270' title='bbox 2005 1089 2305 1160; x_wconf 66' lang='lat' dir='ltr'><strong>praecessit,</strong></span> <span class='ocrx_word' id='word_1_271' title='bbox 2343 1103 2524 1144; x_wconf 89' lang='lat' dir='ltr'><strong>rerum</strong></span> <span class='ocrx_word' id='word_1_272' title='bbox 2566 1102 2835 1144; x_wconf 88' lang='lat' dir='ltr'><strong>summam</strong></span> <span class='ocrx_word' id='word_1_273' title='bbox 2892 1085 3076 1152; x_wconf 81' lang='lat' dir='ltr'><strong>tradit,</strong></span> <span class='ocrx_word' id='word_1_274' title='bbox 3099 1098 3199 1140; x_wconf 91' lang='lat' dir='ltr'><strong>nec</strong></span> <span class='ocrx_word' id='word_1_275' title='bbox 3224 1081 3394 1138; x_wconf 89' lang='lat' dir='ltr'><strong>multo</strong></span> 
     </span>
    </p>
   </div>
   <div class='ocr_carea' id='block_1_38' title="bbox 1820 1174 3400 1251">
    <p class='ocr_par' dir='ltr' id='par_1_38' title="bbox 1820 1174 3400 1251">
     <span class='ocr_line' id='line_1_38' title="bbox 1820 1174 3400 1251; baseline -0.003 -17"><span class='ocrx_word' id='word_1_276' title='bbox 1820 1189 2061 1251; x_wconf 86' lang='lat' dir='ltr'><strong>tempore</strong></span> <span class='ocrx_word' id='word_1_277' title='bbox 2113 1189 2239 1250; x_wconf 90' lang='lat' dir='ltr'><strong>post</strong></span> <span class='ocrx_word' id='word_1_278' title='bbox 2277 1179 2596 1235; x_wconf 68' lang='lat' dir='ltr'><strong>difﬁcillimo</strong></span> <span class='ocrx_word' id='word_1_279' title='bbox 2630 1178 2925 1248; x_wconf 89' lang='lat' dir='ltr'><strong>corripitur</strong></span> <span class='ocrx_word' id='word_1_280' title='bbox 2957 1175 3147 1231; x_wconf 91' lang='lat' dir='ltr'><strong>morbo</strong></span> <span class='ocrx_word' id='word_1_281' title='bbox 3192 1184 3248 1231; x_wconf 89' lang='lat' dir='ltr'><strong>et</strong></span> <span class='ocrx_word' id='word_1_282' title='bbox 3292 1174 3400 1230; x_wconf 78' lang='lat' dir='ltr'><strong>im-</strong></span> 
     </span>
    </p>
   </div>
   <div class='ocr_carea' id='block_1_39' title="bbox 1819 1269 3391 1340">
    <p class='ocr_par' dir='ltr' id='par_1_39' title="bbox 1819 1269 3391 1340">
     <span class='ocr_line' id='line_1_39' title="bbox 1819 1269 3391 1340; baseline -0.004 -14"><span class='ocrx_word' id='word_1_283' title='bbox 1819 1271 2147 1328; x_wconf 90' lang='lat' dir='ltr'><strong>medicabili.</strong></span> <span class='ocrx_word' id='word_1_284' title='bbox 2195 1270 2409 1329; x_wconf 81' lang='lat' dir='ltr'><strong>Cancer</strong></span> <span class='ocrx_word' id='word_1_285' title='bbox 2441 1269 2587 1325; x_wconf 91' lang='lat' dir='ltr'><strong>enim</strong></span> <span class='ocrx_word' id='word_1_286' title='bbox 2623 1269 2767 1324; x_wconf 89' lang='lat' dir='ltr'><strong>inter</strong></span> <span class='ocrx_word' id='word_1_287' title='bbox 2796 1269 3010 1340; x_wconf 89' lang='lat' dir='ltr'><strong>inguem</strong></span> <span class='ocrx_word' id='word_1_288' title='bbox 3049 1279 3105 1322; x_wconf 90' lang='lat' dir='ltr'><strong>et</strong></span> <span class='ocrx_word' id='word_1_289' title='bbox 3150 1273 3391 1322; x_wconf 91' lang='lat' dir='ltr'><strong>scrotum</strong></span> 
     </span>
    </p>
   </div>
   <div class='ocr_carea' id='block_1_40' title="bbox 1819 1356 3412 1430">
    <p class='ocr_par' dir='ltr' id='par_1_40' title="bbox 1819 1356 3412 1430">
     <span class='ocr_line' id='line_1_40' title="bbox 1819 1356 3412 1430; baseline -0.005 -13"><span class='ocrx_word' id='word_1_290' title='bbox 1819 1370 2012 1418; x_wconf 87' lang='lat' dir='ltr'><strong>enatus</strong></span> <span class='ocrx_word' id='word_1_291' title='bbox 2048 1361 2117 1417; x_wconf 89' lang='lat' dir='ltr'><strong>ad</strong></span> <span class='ocrx_word' id='word_1_292' title='bbox 2145 1361 2403 1416; x_wconf 86' lang='lat' dir='ltr'><strong>interiora</strong></span> <span class='ocrx_word' id='word_1_293' title='bbox 2433 1358 2702 1430; x_wconf 91' lang='lat' dir='ltr'><strong>pascendo</strong></span> <span class='ocrx_word' id='word_1_294' title='bbox 2730 1357 2958 1414; x_wconf 86' lang='lat' dir='ltr'><strong>subinde</strong></span> <span class='ocrx_word' id='word_1_295' title='bbox 2993 1356 3242 1412; x_wconf 83' lang='lat' dir='ltr'><strong>acerbius</strong></span> <span class='ocrx_word' id='word_1_296' title='bbox 3269 1369 3412 1425; x_wconf 59' lang='lat' dir='ltr'><strong>pro-</strong></span> 
     </span>
    </p>
   </div>
   <div class='ocr_carea' id='block_1_41' title="bbox 1819 1448 3393 1524">
    <p class='ocr_par' dir='ltr' id='par_1_41' title="bbox 1819 1448 3393 1524">
     <span class='ocr_line' id='line_1_41' title="bbox 1819 1448 3393 1524; baseline -0.004 -14"><span class='ocrx_word' id='word_1_297' title='bbox 1819 1453 2113 1524; x_wconf 86' lang='lat' dir='ltr'><strong>serpebat:</strong></span> <span class='ocrx_word' id='word_1_298' title='bbox 2144 1467 2211 1508; x_wconf 78' lang='lat' dir='ltr'><strong>ex</strong></span> <span class='ocrx_word' id='word_1_299' title='bbox 2239 1469 2368 1523; x_wconf 89' lang='lat' dir='ltr'><strong>quo,</strong></span> <span class='ocrx_word' id='word_1_300' title='bbox 2418 1465 2582 1508; x_wconf 88' lang='lat' dir='ltr'><strong>carne</strong></span> <span class='ocrx_word' id='word_1_301' title='bbox 2629 1450 2834 1516; x_wconf 81' lang='lat' dir='ltr'><strong>laxata,</strong></span> <span class='ocrx_word' id='word_1_302' title='bbox 2875 1449 3077 1515; x_wconf 87' lang='lat' dir='ltr'><strong>sanies,</strong></span> <span class='ocrx_word' id='word_1_303' title='bbox 3133 1448 3393 1518; x_wconf 81' lang='lat' dir='ltr'><strong>gravissi-</strong></span> 
     </span>
    </p>
   </div>
   <div class='ocr_carea' id='block_1_42' title="bbox 1820 1540 3390 1612">
    <p class='ocr_par' dir='ltr' id='par_1_42' title="bbox 1820 1540 3390 1612">
     <span class='ocr_line' id='line_1_42' title="bbox 1820 1540 3390 1612; baseline -0.003 -14"><span class='ocrx_word' id='word_1_304' title='bbox 1820 1558 1939 1599; x_wconf 88' lang='lat' dir='ltr'><strong>mos</strong></span> <span class='ocrx_word' id='word_1_305' title='bbox 1971 1553 2026 1600; x_wconf 91' lang='lat' dir='ltr'><strong>et</strong></span> <span class='ocrx_word' id='word_1_306' title='bbox 2062 1543 2432 1599; x_wconf 87' lang='lat' dir='ltr'><strong>intolerabiles</strong></span> <span class='ocrx_word' id='word_1_307' title='bbox 2479 1542 2766 1612; x_wconf 80' lang='lat' dir='ltr'><strong>exspirans</strong></span> <span class='ocrx_word' id='word_1_308' title='bbox 2803 1541 3022 1605; x_wconf 88' lang='lat' dir='ltr'><strong>odores,</strong></span> <span class='ocrx_word' id='word_1_309' title='bbox 3068 1540 3390 1610; x_wconf 84' lang='lat' dir='ltr'><strong>proﬂuebat,</strong></span> 
     </span>
    </p>
   </div>
   <div class='ocr_carea' id='block_1_43' title="bbox 1817 1632 3392 1702">
    <p class='ocr_par' dir='ltr' id='par_1_43' title="bbox 1817 1632 3392 1702">
     <span class='ocr_line' id='line_1_43' title="bbox 1817 1632 3392 1702; baseline -0.003 -11"><span class='ocrx_word' id='word_1_310' title='bbox 1817 1645 1877 1691; x_wconf 88' lang='lat' dir='ltr'><strong>ut</strong></span> <span class='ocrx_word' id='word_1_311' title='bbox 1907 1650 2010 1692; x_wconf 89' lang='lat' dir='ltr'><strong>nec</strong></span> <span class='ocrx_word' id='word_1_312' title='bbox 2040 1635 2277 1692; x_wconf 89' lang='lat' dir='ltr'><strong>ministri</strong></span> <span class='ocrx_word' id='word_1_313' title='bbox 2317 1649 2418 1691; x_wconf 89' lang='lat' dir='ltr'><strong>nec</strong></span> <span class='ocrx_word' id='word_1_314' title='bbox 2451 1634 2644 1690; x_wconf 89' lang='lat' dir='ltr'><strong>medici</strong></span> <span class='ocrx_word' id='word_1_315' title='bbox 2683 1632 3166 1688; x_wconf 83' lang='lat' dir='ltr'><strong>virulentissitnum</strong></span> <span class='ocrx_word' id='word_1_316' title='bbox 3201 1641 3392 1702; x_wconf 89' lang='lat' dir='ltr'><strong>putre-</strong></span> 
     </span>
    </p>
   </div>
   <div class='ocr_carea' id='block_1_44' title="bbox 1820 1721 3394 1794">
    <p class='ocr_par' dir='ltr' id='par_1_44' title="bbox 1820 1721 3394 1794">
     <span class='ocr_line' id='line_1_44' title="bbox 1820 1721 3394 1794; baseline -0.004 -11"><span class='ocrx_word' id='word_1_317' title='bbox 1820 1728 1964 1784; x_wconf 91' lang='lat' dir='ltr'><strong>dinis</strong></span> <span class='ocrx_word' id='word_1_318' title='bbox 1990 1728 2219 1783; x_wconf 83' lang='lat' dir='ltr'><strong>fetorem</strong></span> <span class='ocrx_word' id='word_1_319' title='bbox 2265 1725 2604 1782; x_wconf 84' lang='lat' dir='ltr'><strong>sustinerent</strong></span> <span class='ocrx_word' id='word_1_320' title='bbox 2633 1739 2698 1780; x_wconf 91' lang='lat' dir='ltr'><strong>ac</strong></span> <span class='ocrx_word' id='word_1_321' title='bbox 2737 1722 3070 1794; x_wconf 80' lang='lat' dir='ltr'><strong>perferrent.</strong></span> <span class='ocrx_word' id='word_1_322' title='bbox 3095 1721 3394 1778; x_wconf 81' lang='lat' dir='ltr'><strong>Continen-</strong></span> 
     </span>
    </p>
   </div>
   <div class='ocr_carea' id='block_1_45' title="bbox 1821 1811 3393 1885">
    <p class='ocr_par' dir='ltr' id='par_1_45' title="bbox 1821 1811 3393 1885">
     <span class='ocr_line' id='line_1_45' title="bbox 1821 1811 3393 1885; baseline -0.001 -13"><span class='ocrx_word' id='word_1_323' title='bbox 1821 1826 1902 1874; x_wconf 85' lang='lat' dir='ltr'><strong>tes</strong></span> <span class='ocrx_word' id='word_1_324' title='bbox 1941 1811 2124 1876; x_wconf 81' lang='lat' dir='ltr'><strong>autem</strong></span> <span class='ocrx_word' id='word_1_325' title='bbox 2162 1828 2216 1873; x_wconf 87' lang='lat' dir='ltr'><strong>et</strong></span> <span class='ocrx_word' id='word_1_326' title='bbox 2267 1815 2519 1872; x_wconf 87' lang='lat' dir='ltr'><strong>acerrimi</strong></span> <span class='ocrx_word' id='word_1_327' title='bbox 2563 1815 2778 1871; x_wconf 86' lang='lat' dir='ltr'><strong>dolores</strong></span> <span class='ocrx_word' id='word_1_328' title='bbox 2823 1824 2993 1870; x_wconf 90' lang='lat' dir='ltr'><strong>totum</strong></span> <span class='ocrx_word' id='word_1_329' title='bbox 3040 1813 3158 1885; x_wconf 83' lang='lat' dir='ltr'><strong>ejus</strong></span> <span class='ocrx_word' id='word_1_330' title='bbox 3195 1829 3393 1883; x_wconf 89' lang='lat' dir='ltr'><strong>corpus</strong></span> 
     </span>
    </p>
   </div>
   <div class='ocr_carea' id='block_1_46' title="bbox 1815 1907 3393 1980">
    <p class='ocr_par' dir='ltr' id='par_1_46' title="bbox 1815 1907 3393 1980">
     <span class='ocr_line' id='line_1_46' title="bbox 1815 1907 3393 1980; baseline -0.003 -12"><span class='ocrx_word' id='word_1_331' title='bbox 1815 1911 2275 1968; x_wconf 81' lang='lat' dir='ltr'><strong>excarniﬁcabant</strong></span> <span class='ocrx_word' id='word_1_332' title='bbox 2303 1929 2319 1966; x_wconf 87' lang='lat'><strong>:</strong></span> <span class='ocrx_word' id='word_1_333' title='bbox 2353 1925 2588 1980; x_wconf 90' lang='lat' dir='ltr'><strong>quorum</strong></span> <span class='ocrx_word' id='word_1_334' title='bbox 2636 1907 2836 1978; x_wconf 80' lang='lat' dir='ltr'><strong>vigiliis</strong></span> <span class='ocrx_word' id='word_1_335' title='bbox 2867 1917 2922 1963; x_wconf 90' lang='lat' dir='ltr'><strong>et</strong></span> <span class='ocrx_word' id='word_1_336' title='bbox 2950 1907 3393 1968; x_wconf 81' lang='lat' dir='ltr'><strong>convulsionibus</strong></span> 
     </span>
    </p>
   </div>
   <div class='ocr_carea' id='block_1_47' title="bbox 1813 1999 3389 2074">
    <p class='ocr_par' dir='ltr' id='par_1_47' title="bbox 1813 1999 3389 2074">
     <span class='ocr_line' id='line_1_47' title="bbox 1813 1999 3389 2074; baseline -0.005 -14"><span class='ocrx_word' id='word_1_337' title='bbox 1813 2018 2054 2073; x_wconf 88' lang='lat' dir='ltr'><strong>eousque</strong></span> <span class='ocrx_word' id='word_1_338' title='bbox 2082 2002 2210 2057; x_wconf 90' lang='lat' dir='ltr'><strong>mali</strong></span> <span class='ocrx_word' id='word_1_339' title='bbox 2241 2002 2492 2074; x_wconf 84' lang='lat' dir='ltr'><strong>contagio</strong></span> <span class='ocrx_word' id='word_1_340' title='bbox 2521 2001 2944 2073; x_wconf 83' lang='lat' dir='ltr'><strong>adaugescebat,</strong></span> <span class='ocrx_word' id='word_1_341' title='bbox 2975 2001 3148 2055; x_wconf 89' lang='lat' dir='ltr'><strong>donec</strong></span> <span class='ocrx_word' id='word_1_342' title='bbox 3181 1999 3250 2054; x_wconf 89' lang='lat' dir='ltr'><strong>ad</strong></span> <span class='ocrx_word' id='word_1_343' title='bbox 3276 1999 3389 2068; x_wconf 88' lang='lat' dir='ltr'><strong>ipsa</strong></span> 
     </span>
    </p>
   </div>
   <div class='ocr_carea' id='block_1_48' title="bbox 1815 2089 3389 2162">
    <p class='ocr_par' dir='ltr' id='par_1_48' title="bbox 1815 2089 3389 2162">
     <span class='ocr_line' id='line_1_48' title="bbox 1815 2089 3389 2162; baseline -0.005 -10"><span class='ocrx_word' id='word_1_344' title='bbox 1815 2094 2024 2152; x_wconf 80' lang='lat' dir='ltr'><strong>viscera</strong></span> <span class='ocrx_word' id='word_1_345' title='bbox 2053 2109 2113 2150; x_wconf 90' lang='lat' dir='ltr'><strong>se</strong></span> <span class='ocrx_word' id='word_1_346' title='bbox 2153 2092 2453 2159; x_wconf 87' lang='lat' dir='ltr'><strong>insinuans,</strong></span> <span class='ocrx_word' id='word_1_347' title='bbox 2480 2092 2650 2152; x_wconf 81' lang='lat' dir='ltr'><strong>vitam</strong></span> <span class='ocrx_word' id='word_1_348' title='bbox 2683 2100 2914 2162; x_wconf 91' lang='lat' dir='ltr'><strong>tyranno</strong></span> <span class='ocrx_word' id='word_1_349' title='bbox 2953 2093 3193 2161; x_wconf 89' lang='lat' dir='ltr'><strong>abrupit.</strong></span> <span class='ocrx_word' id='word_1_350' title='bbox 3242 2089 3389 2156; x_wconf 83' lang='lat' dir='ltr'><strong>Qua-</strong></span> 
     </span>
    </p>
   </div>
   <div class='ocr_carea' id='block_1_49' title="bbox 1815 2167 3390 2253">
    <p class='ocr_par' dir='ltr' id='par_1_49' title="bbox 1815 2167 3390 2253">
     <span class='ocr_line' id='line_1_49' title="bbox 1815 2167 3390 2253; baseline -0.003 -13"><span class='ocrx_word' id='word_1_351' title='bbox 1815 2199 1874 2240; x_wconf 91' lang='lat' dir='ltr'><strong>re</strong></span> <span class='ocrx_word' id='word_1_352' title='bbox 1904 2186 2014 2250; x_wconf 88' lang='lat' dir='ltr'><strong>hic,</strong></span> <span class='ocrx_word' id='word_1_353' title='bbox 2047 2199 2154 2238; x_wconf 91' lang='lat' dir='ltr'><strong>non</strong></span> <span class='ocrx_word' id='word_1_354' title='bbox 2182 2183 2360 2239; x_wconf 91' lang='lat' dir='ltr'><strong>minus</strong></span> <span class='ocrx_word' id='word_1_355' title='bbox 2401 2167 2564 2253; x_wconf 84' lang='lat' dir='ltr'><strong>quam</strong></span> <span class='ocrx_word' id='word_1_356' title='bbox 2589 2182 2910 2246; x_wconf 86' lang='lat' dir='ltr'><strong>Clearchus,</strong></span> <span class='ocrx_word' id='word_1_357' title='bbox 2948 2183 3390 2236; x_wconf 83' lang='lat' dir='ltr'><strong>animadverten-</strong></span> 
     </span>
    </p>
   </div>
   <div class='ocr_carea' id='block_1_50' title="bbox 1814 2273 3387 2346">
    <p class='ocr_par' dir='ltr' id='par_1_50' title="bbox 1814 2273 3387 2346">
     <span class='ocr_line' id='line_1_50' title="bbox 1814 2273 3387 2346; baseline -0.004 -13"><span class='ocrx_word' id='word_1_358' title='bbox 1814 2279 1960 2334; x_wconf 89' lang='lat' dir='ltr'><strong>tibus</strong></span> <span class='ocrx_word' id='word_1_359' title='bbox 1987 2275 2446 2332; x_wconf 89' lang='lat' dir='ltr'><strong>considerandum</strong></span> <span class='ocrx_word' id='word_1_360' title='bbox 2479 2275 2752 2340; x_wconf 83' lang='lat' dir='ltr'><strong>exhibuit,</strong></span> <span class='ocrx_word' id='word_1_361' title='bbox 2784 2290 2974 2344; x_wconf 87' lang='lat' dir='ltr'><strong>poenas</strong></span> <span class='ocrx_word' id='word_1_362' title='bbox 3001 2273 3218 2329; x_wconf 86' lang='lat' dir='ltr'><strong>tandem</strong></span> <span class='ocrx_word' id='word_1_363' title='bbox 3246 2274 3387 2346; x_wconf 59' lang='lat' dir='ltr'><strong>exigi</strong></span> 
     </span>
    </p>
   </div>
   <div class='ocr_carea' id='block_1_51' title="bbox 1815 2365 3393 2438">
    <p class='ocr_par' dir='ltr' id='par_1_51' title="bbox 1815 2365 3393 2438">
     <span class='ocr_line' id='line_1_51' title="bbox 1815 2365 3393 2438; baseline -0.003 -13"><span class='ocrx_word' id='word_1_364' title='bbox 1815 2371 2028 2425; x_wconf 90' lang='lat' dir='ltr'><strong>illorum</strong></span> <span class='ocrx_word' id='word_1_365' title='bbox 2057 2383 2178 2438; x_wconf 64' lang='lat' dir='ltr'><strong>qua;</strong></span> <span class='ocrx_word' id='word_1_366' title='bbox 2205 2377 2396 2424; x_wconf 89' lang='lat' dir='ltr'><strong>contra</strong></span> <span class='ocrx_word' id='word_1_367' title='bbox 2427 2367 2607 2424; x_wconf 89' lang='lat' dir='ltr'><strong>divina</strong></span> <span class='ocrx_word' id='word_1_368' title='bbox 2630 2377 2688 2424; x_wconf 90' lang='lat' dir='ltr'><strong>et</strong></span> <span class='ocrx_word' id='word_1_369' title='bbox 2719 2368 2956 2422; x_wconf 86' lang='lat' dir='ltr'><strong>humana</strong></span> <span class='ocrx_word' id='word_1_370' title='bbox 2980 2367 3106 2436; x_wconf 84' lang='lat' dir='ltr'><strong>jura</strong></span> <span class='ocrx_word' id='word_1_371' title='bbox 3133 2365 3393 2421; x_wconf 79' lang='lat' dir='ltr'><strong>immani-</strong></span> 
     </span>
    </p>
   </div>
   <div class='ocr_carea' id='block_1_52' title="bbox 1813 2459 3392 2530">
    <p class='ocr_par' dir='ltr' id='par_1_52' title="bbox 1813 2459 3392 2530">
     <span class='ocr_line' id='line_1_52' title="bbox 1813 2459 3392 2530; baseline -0.001 -14"><span class='ocrx_word' id='word_1_372' title='bbox 1813 2473 1895 2516; x_wconf 89' lang='lat' dir='ltr'><strong>ter</strong></span> <span class='ocrx_word' id='word_1_373' title='bbox 1933 2462 1987 2516; x_wconf 91' lang='lat' dir='ltr'><strong>in</strong></span> <span class='ocrx_word' id='word_1_374' title='bbox 2026 2463 2174 2518; x_wconf 85' lang='lat' dir='ltr'><strong>cives</strong></span> <span class='ocrx_word' id='word_1_375' title='bbox 2218 2461 2591 2516; x_wconf 88' lang='lat' dir='ltr'><strong>admisissent.</strong></span> <span class='ocrx_word' id='word_1_376' title='bbox 2634 2462 2789 2530; x_wconf 78' lang='lat' dir='ltr'><strong>Saepe</strong></span> <span class='ocrx_word' id='word_1_377' title='bbox 2819 2461 2966 2518; x_wconf 85' lang='lat' dir='ltr'><strong>enim</strong></span> <span class='ocrx_word' id='word_1_378' title='bbox 3025 2459 3218 2530; x_wconf 66' lang='lat' dir='ltr'><strong>223i;</strong></span> <span class='ocrx_word' id='word_1_379' title='bbox 3250 2461 3392 2516; x_wconf 78' lang='lat' dir='ltr'><strong>inter</strong></span> 
     </span>
    </p>
   </div>
   <div class='ocr_carea' id='block_1_53' title="bbox 1813 2552 3388 2624">
    <p class='ocr_par' dir='ltr' id='par_1_53' title="bbox 1813 2552 3388 2624">
     <span class='ocr_line' id='line_1_53' title="bbox 1813 2552 3388 2624; baseline 0.001 -18"><span class='ocrx_word' id='word_1_380' title='bbox 1813 2552 1992 2610; x_wconf 80' lang='lat' dir='ltr'><strong>morbi</strong></span> <span class='ocrx_word' id='word_1_381' title='bbox 2045 2564 2289 2610; x_wconf 76' lang='lat' dir='ltr'><strong>turtures</strong></span> <span class='ocrx_word' id='word_1_382' title='bbox 2325 2563 2580 2622; x_wconf 83' lang='lat' dir='ltr'><strong>precatus</strong></span> <span class='ocrx_word' id='word_1_383' title='bbox 2619 2554 2840 2618; x_wconf 89' lang='lat' dir='ltr'><strong>dicitur,</strong></span> <span class='ocrx_word' id='word_1_384' title='bbox 2892 2563 2952 2609; x_wconf 89' lang='lat' dir='ltr'><strong>ut</strong></span> <span class='ocrx_word' id='word_1_385' title='bbox 2986 2552 3388 2624; x_wconf 82' lang='lat' dir='ltr'><strong>quamprimum</strong></span> 
     </span>
    </p>
   </div>
   <div class='ocr_carea' id='block_1_54' title="bbox 1807 2643 3390 2713">
    <p class='ocr_par' dir='ltr' id='par_1_54' title="bbox 1807 2643 3390 2713">
     <span class='ocr_line' id='line_1_54' title="bbox 1807 2643 3390 2713; baseline -0.003 -11"><span class='ocrx_word' id='word_1_386' title='bbox 1807 2661 1868 2702; x_wconf 88' lang='lat' dir='ltr'><strong>se</strong></span> <span class='ocrx_word' id='word_1_387' title='bbox 1899 2662 2046 2702; x_wconf 91' lang='lat' dir='ltr'><strong>mors</strong></span> <span class='ocrx_word' id='word_1_388' title='bbox 2071 2646 2350 2712; x_wconf 88' lang='lat' dir='ltr'><strong>obrueret,</strong></span> <span class='ocrx_word' id='word_1_389' title='bbox 2379 2643 2490 2698; x_wconf 90' lang='lat' dir='ltr'><strong>voti</strong></span> <span class='ocrx_word' id='word_1_390' title='bbox 2527 2652 2712 2700; x_wconf 90' lang='lat' dir='ltr'><strong>tamen</strong></span> <span class='ocrx_word' id='word_1_391' title='bbox 2749 2660 2976 2713; x_wconf 84' lang='lat' dir='ltr'><strong>compos</strong></span> <span class='ocrx_word' id='word_1_392' title='bbox 3015 2660 3122 2700; x_wconf 88' lang='lat' dir='ltr'><strong>non</strong></span> <span class='ocrx_word' id='word_1_393' title='bbox 3153 2654 3279 2700; x_wconf 88' lang='lat' dir='ltr'><strong>ante</strong></span> <span class='ocrx_word' id='word_1_394' title='bbox 3303 2643 3390 2698; x_wconf 81' lang='lat' dir='ltr'><strong>fa-</strong></span> 
     </span>
    </p>
   </div>
   <div class='ocr_carea' id='block_1_55' title="bbox 1803 2736 3388 2808">
    <p class='ocr_par' dir='ltr' id='par_1_55' title="bbox 1803 2736 3388 2808">
     <span class='ocr_line' id='line_1_55' title="bbox 1803 2736 3388 2808; baseline -0.004 -14"><span class='ocrx_word' id='word_1_395' title='bbox 1803 2747 1944 2802; x_wconf 88' lang='lat' dir='ltr'><strong>ctus,</strong></span> <span class='ocrx_word' id='word_1_396' title='bbox 1987 2753 2150 2808; x_wconf 90' lang='lat' dir='ltr'><strong>quam</strong></span> <span class='ocrx_word' id='word_1_397' title='bbox 2181 2737 2357 2792; x_wconf 84' lang='lat' dir='ltr'><strong>morbi</strong></span> <span class='ocrx_word' id='word_1_398' title='bbox 2388 2736 2441 2791; x_wconf 90' lang='lat' dir='ltr'><strong>vi</strong></span> <span class='ocrx_word' id='word_1_399' title='bbox 2480 2746 2536 2792; x_wconf 91' lang='lat' dir='ltr'><strong>et</strong></span> <span class='ocrx_word' id='word_1_400' title='bbox 2566 2737 2870 2791; x_wconf 86' lang='lat' dir='ltr'><strong>acerbitate</strong></span> <span class='ocrx_word' id='word_1_401' title='bbox 2914 2745 3293 2806; x_wconf 83' lang='lat' dir='ltr'><strong>consumptus,</strong></span> <span class='ocrx_word' id='word_1_402' title='bbox 3324 2748 3388 2788; x_wconf 92' lang='lat' dir='ltr'><strong>eo</strong></span> 
     </span>
    </p>
   </div>
   <div class='ocr_carea' id='block_1_56' title="bbox 1805 2825 3384 2898">
    <p class='ocr_par' dir='ltr' id='par_1_56' title="bbox 1805 2825 3384 2898">
     <span class='ocr_line' id='line_1_56' title="bbox 1805 2825 3384 2898; baseline -0.004 -13"><span class='ocrx_word' id='word_1_403' title='bbox 1805 2831 1962 2885; x_wconf 88' lang='lat' dir='ltr'><strong>modo</strong></span> <span class='ocrx_word' id='word_1_404' title='bbox 1995 2830 2119 2898; x_wconf 81' lang='lat' dir='ltr'><strong>fatis</strong></span> <span class='ocrx_word' id='word_1_405' title='bbox 2155 2828 2398 2885; x_wconf 89' lang='lat' dir='ltr'><strong>debitum</strong></span> <span class='ocrx_word' id='word_1_406' title='bbox 2423 2827 2657 2884; x_wconf 81' lang='lat' dir='ltr'><strong>exsolvit</strong></span> <span class='ocrx_word' id='word_1_407' title='bbox 2686 2845 2701 2882; x_wconf 88' lang='lat'><strong>:</strong></span> <span class='ocrx_word' id='word_1_408' title='bbox 2728 2836 3019 2897; x_wconf 84' lang='lat' dir='ltr'><strong>postquam</strong></span> <span class='ocrx_word' id='word_1_409' title='bbox 3044 2825 3116 2884; x_wconf 83' lang='lat'><strong>65</strong></span> <span class='ocrx_word' id='word_1_410' title='bbox 3152 2827 3207 2880; x_wconf 91' lang='lat' dir='ltr'><strong>in</strong></span> <span class='ocrx_word' id='word_1_411' title='bbox 3246 2826 3384 2891; x_wconf 80' lang='lat' dir='ltr'><strong>vita,</strong></span> 
     </span>
    </p>
   </div>
   <div class='ocr_carea' id='block_1_57' title="bbox 1803 2916 3388 2992">
    <p class='ocr_par' dir='ltr' id='par_1_57' title="bbox 1803 2916 3388 2992">
     <span class='ocr_line' id='line_1_57' title="bbox 1803 2916 3388 2992; baseline -0.003 -16"><span class='ocrx_word' id='word_1_412' title='bbox 1803 2923 1856 2976; x_wconf 91' lang='lat' dir='ltr'><strong>in</strong></span> <span class='ocrx_word' id='word_1_413' title='bbox 1881 2920 2165 2992; x_wconf 84' lang='lat' dir='ltr'><strong>tyrannide</strong></span> <span class='ocrx_word' id='word_1_414' title='bbox 2201 2920 2232 2974; x_wconf 87' lang='lat'><strong>7</strong></span> <span class='ocrx_word' id='word_1_415' title='bbox 2257 2935 2432 2976; x_wconf 89' lang='lat' dir='ltr'><strong>annos</strong></span> <span class='ocrx_word' id='word_1_416' title='bbox 2480 2919 2870 2989; x_wconf 86' lang='lat' dir='ltr'><strong>compleverat.</strong></span> <span class='ocrx_word' id='word_1_417' title='bbox 2941 2916 3012 2972; x_wconf 83' lang='lat' dir='ltr'><strong>Et</strong></span> <span class='ocrx_word' id='word_1_418' title='bbox 3065 2924 3388 2987; x_wconf 85' lang='lat' dir='ltr'><strong>tempestate</strong></span> 
     </span>
    </p>
   </div>
   <div class='ocr_carea' id='block_1_58' title="bbox 1803 3009 3385 3084">
    <p class='ocr_par' dir='ltr' id='par_1_58' title="bbox 1803 3009 3385 3084">
     <span class='ocr_line' id='line_1_58' title="bbox 1803 3009 3385 3084; baseline -0.003 -16"><span class='ocrx_word' id='word_1_419' title='bbox 1803 3013 1898 3068; x_wconf 87' lang='lat' dir='ltr'><strong>illa</strong></span> <span class='ocrx_word' id='word_1_420' title='bbox 1935 3027 2167 3083; x_wconf 79' lang='lat' dir='ltr'><strong>regnum</strong></span> <span class='ocrx_word' id='word_1_421' title='bbox 2203 3011 2346 3084; x_wconf 88' lang='lat' dir='ltr'><strong>apud</strong></span> <span class='ocrx_word' id='word_1_422' title='bbox 2398 3011 2838 3069; x_wconf 63' lang='lat' dir='ltr'><strong>Lacedaemonios</strong></span> <span class='ocrx_word' id='word_1_423' title='bbox 2882 3009 3175 3083; x_wconf 75' lang='lat' dir='ltr'><strong>Agesilaus</strong></span> <span class='ocrx_word' id='word_1_424' title='bbox 3209 3010 3385 3065; x_wconf 78' lang='lat' dir='ltr'><strong>admi-</strong></span> 
     </span>
    </p>
   </div>
   <div class='ocr_carea' id='block_1_59' title="bbox 1810 3106 2099 3160">
    <p class='ocr_par' dir='ltr' id='par_1_59' title="bbox 1810 3106 2099 3160">
     <span class='ocr_line' id='line_1_59' title="bbox 1810 3106 2099 3160; baseline -0.007 0"><span class='ocrx_word' id='word_1_425' title='bbox 1810 3106 2099 3160; x_wconf 86' lang='lat' dir='ltr'><strong>nistrahat.</strong></span> 
     </span>
    </p>
   </div>
   <div class='ocr_carea' id='block_1_60' title="bbox 1813 3216 3391 3289">
    <p class='ocr_par' dir='ltr' id='par_1_60' title="bbox 1813 3216 3391 3289">
     <span class='ocr_line' id='line_1_60' title="bbox 1813 3216 3391 3289; baseline 0.002 -19"><span class='ocrx_word' id='word_1_426' title='bbox 1813 3217 1948 3288; x_wconf 82' lang='lat' dir='ltr'><strong>Ejus</strong></span> <span class='ocrx_word' id='word_1_427' title='bbox 1988 3219 2173 3272; x_wconf 81' lang='lat' dir='ltr'><strong>merita</strong></span> <span class='ocrx_word' id='word_1_428' title='bbox 2197 3221 2251 3272; x_wconf 86' lang='lat' dir='ltr'><strong>in</strong></span> <span class='ocrx_word' id='word_1_429' title='bbox 2285 3219 2538 3288; x_wconf 76' lang='lat' dir='ltr'><strong>rempubl.</strong></span> <span class='ocrx_word' id='word_1_430' title='bbox 2571 3229 2622 3274; x_wconf 80' lang='lat' dir='ltr'><strong>ct</strong></span> <span class='ocrx_word' id='word_1_431' title='bbox 2660 3222 2917 3288; x_wconf 78' lang='lat' dir='ltr'><strong>privatos.</strong></span> <span class='ocrx_word' id='word_1_432' title='bbox 2983 3220 3121 3289; x_wconf 77' lang='lat' dir='ltr'><strong>Ejus</strong></span> <span class='ocrx_word' id='word_1_433' title='bbox 3177 3216 3391 3273; x_wconf 61' lang='lat' dir='ltr'><strong>heroici!</strong></span> 
     </span>
    </p>
   </div>
   <div class='ocr_carea' id='block_1_61' title="bbox 688 3287 2882 3356">
    <p class='ocr_par' dir='ltr' id='par_1_61' title="bbox 688 3287 2882 3356">
     <span class='ocr_line' id='line_1_61' title="bbox 688 3287 2882 3356; baseline 0.001 -16"><span class='ocrx_word' id='word_1_434' title='bbox 688 3287 744 3340; x_wconf 86' lang='lat' dir='ltr'><strong>in</strong></span> <span class='ocrx_word' id='word_1_435' title='bbox 775 3287 921 3341; x_wconf 80' lang='lat' dir='ltr'><strong>bellis</strong></span> <span class='ocrx_word' id='word_1_436' title='bbox 949 3289 1136 3342; x_wconf 80' lang='lat' dir='ltr'><strong>uirtus.</strong></span> <span class='ocrx_word' id='word_1_437' title='bbox 1170 3287 1316 3344; x_wconf 76' lang='lat' dir='ltr'><strong>Mors</strong></span> <span class='ocrx_word' id='word_1_438' title='bbox 1346 3289 1654 3343; x_wconf 81' lang='lat' dir='ltr'><strong>immatura.</strong></span> <span class='ocrx_word' id='word_1_439' title='bbox 1691 3287 1918 3342; x_wconf 73' lang='lat' dir='ltr'><strong>&quot;avitus</strong></span> <span class='ocrx_word' id='word_1_440' title='bbox 1955 3289 2002 3342; x_wconf 86' lang='lat' dir='ltr'><strong>ei</strong></span> <span class='ocrx_word' id='word_1_441' title='bbox 2034 3306 2066 3342; x_wconf 84' lang='grc' dir='ltr'><strong>α</strong></span> <span class='ocrx_word' id='word_1_442' title='bbox 2092 3288 2264 3350; x_wconf 77' lang='lat' dir='ltr'><strong>[ram</strong></span> <span class='ocrx_word' id='word_1_443' title='bbox 2293 3287 2463 3345; x_wconf 74' lang='lat' dir='ltr'><strong>Itonos</strong></span> <span class='ocrx_word' id='word_1_444' title='bbox 2491 3299 2609 3356; x_wconf 79' lang='lat' dir='ltr'><strong>post</strong></span> <span class='ocrx_word' id='word_1_445' title='bbox 2640 3287 2882 3346; x_wconf 79' lang='lat' dir='ltr'><strong>mortem.</strong></span> 
     </span>
    </p>
   </div>
   <div class='ocr_carea' id='block_1_62' title="bbox 215 3377 1705 3473">
    <p class='ocr_par' dir='ltr' id='par_1_62' title="bbox 215 3377 1703 3472">
     <span class='ocr_line' id='line_1_62' title="bbox 215 3377 1703 3472; baseline 0.005 -24"><span class='ocrx_word' id='word_1_446' title='bbox 215 3377 270 3448; x_wconf 71' lang='grc' dir='ltr'><strong>ὅΟ</strong></span> <span class='ocrx_word' id='word_1_447' title='bbox 294 3395 346 3450; x_wconf 79' lang='grc' dir='ltr'>δὲ</span> <span class='ocrx_word' id='word_1_448' title='bbox 379 3397 653 3468; x_wconf 86' lang='grc' dir='ltr'>Τιμόθεος</span> <span class='ocrx_word' id='word_1_449' title='bbox 681 3399 1018 3470; x_wconf 80' lang='grc' dir='ltr'>παραλαϐὼν</span> <span class='ocrx_word' id='word_1_450' title='bbox 1059 3399 1158 3470; x_wconf 82' lang='grc' dir='ltr'>τὴν</span> <span class='ocrx_word' id='word_1_451' title='bbox 1193 3401 1368 3472; x_wconf 81' lang='grc' dir='ltr'>ἀρχὴν</span> <span class='ocrx_word' id='word_1_452' title='bbox 1402 3399 1547 3455; x_wconf 76' lang='grc' dir='ltr'>οὕτω</span> <span class='ocrx_word' id='word_1_453' title='bbox 1571 3401 1703 3455; x_wconf 90' lang='grc' dir='ltr'>ταύ-</span> 
     </span>
    </p>
   </div>
   <div class='ocr_carea' id='block_1_63' title="bbox 1809 3377 3388 3473">
    <p class='ocr_par' dir='ltr' id='par_1_63' title="bbox 1876 3394 3388 3473">
     <span class='ocr_line' id='line_1_63' title="bbox 1876 3394 3388 3473; baseline 0.005 -20"><span class='ocrx_word' id='word_1_454' title='bbox 1876 3394 2390 3473; x_wconf 84' lang='lat' dir='ltr'><strong>Timotheusigitur,</strong></span> <span class='ocrx_word' id='word_1_455' title='bbox 2422 3403 2708 3472; x_wconf 88' lang='lat' dir='ltr'><strong>imperium</strong></span> <span class='ocrx_word' id='word_1_456' title='bbox 2731 3403 2979 3472; x_wconf 89' lang='lat' dir='ltr'><strong>adeptus,</strong></span> <span class='ocrx_word' id='word_1_457' title='bbox 3007 3403 3082 3458; x_wconf 85' lang='lat' dir='ltr'><strong>ita</strong></span> <span class='ocrx_word' id='word_1_458' title='bbox 3101 3405 3171 3460; x_wconf 82' lang='lat' dir='ltr'><strong>ad</strong></span> <span class='ocrx_word' id='word_1_459' title='bbox 3197 3405 3388 3460; x_wconf 86' lang='lat' dir='ltr'><strong>mode-</strong></span> 
     </span>
    </p>
   </div>
   <div class='ocr_carea' id='block_1_64' title="bbox 156 3489 1695 3565">
    <p class='ocr_par' dir='ltr' id='par_1_64' title="bbox 156 3489 1695 3565">
     <span class='ocr_line' id='line_1_64' title="bbox 156 3489 1695 3565; baseline 0.008 -30"><span class='ocrx_word' id='word_1_460' title='bbox 156 3499 233 3553; x_wconf 75' lang='grc' dir='ltr'><strong>την</strong></span> <span class='ocrx_word' id='word_1_461' title='bbox 260 3489 343 3540; x_wconf 69' lang='grc' dir='ltr'><strong>ἐπὶ</strong></span> <span class='ocrx_word' id='word_1_462' title='bbox 363 3490 422 3540; x_wconf 82' lang='grc' dir='ltr'>τὸ</span> <span class='ocrx_word' id='word_1_463' title='bbox 449 3489 764 3561; x_wconf 84' lang='grc' dir='ltr'>πραότερον</span> <span class='ocrx_word' id='word_1_464' title='bbox 793 3493 889 3546; x_wconf 74' lang='grc' dir='ltr'>καὶ</span> <span class='ocrx_word' id='word_1_465' title='bbox 911 3492 974 3562; x_wconf 88' lang='grc' dir='ltr'><strong>δη</strong></span> <span class='ocrx_word' id='word_1_466' title='bbox 984 3493 1463 3565; x_wconf 85' lang='grc' dir='ltr'>μοκρατικώτερον</span> <span class='ocrx_word' id='word_1_467' title='bbox 1488 3495 1531 3526; x_wconf 74' lang='grc'><strong>⁸⁷</strong></span> <span class='ocrx_word' id='word_1_468' title='bbox 1563 3512 1695 3565; x_wconf 89' lang='grc' dir='ltr'>μετ-</span> 
     </span>
    </p>
   </div>
   <div class='ocr_carea' id='block_1_65' title="bbox 153 3573 1701 3658">
    <p class='ocr_par' dir='ltr' id='par_1_65' title="bbox 153 3573 1701 3658">
     <span class='ocr_line' id='line_1_65' title="bbox 153 3573 1701 3658; baseline 0.005 -27"><span class='ocrx_word' id='word_1_469' title='bbox 153 3573 484 3648; x_wconf 73' lang='grc' dir='ltr'>ερῤύθμιζεν,</span> <span class='ocrx_word' id='word_1_470' title='bbox 546 3581 620 3645; x_wconf 81' lang='grc' dir='ltr'>ὡς</span> <span class='ocrx_word' id='word_1_471' title='bbox 659 3583 856 3653; x_wconf 84' lang='grc' dir='ltr'>μηκέτι</span> <span class='ocrx_word' id='word_1_472' title='bbox 907 3583 1202 3653; x_wconf 81' lang='grc' dir='ltr'>τύραννον,</span> <span class='ocrx_word' id='word_1_473' title='bbox 1231 3585 1347 3638; x_wconf 83' lang='grc' dir='ltr'>ἀλλ’</span> <span class='ocrx_word' id='word_1_474' title='bbox 1403 3587 1701 3658; x_wconf 81' lang='grc' dir='ltr'>εὐεργέτην</span> 
     </span>
    </p>
   </div>
   <div class='ocr_carea' id='block_1_66' title="bbox 154 3664 1700 3746">
    <p class='ocr_par' dir='ltr' id='par_1_66' title="bbox 154 3664 1700 3746">
     <span class='ocr_line' id='line_1_66' title="bbox 154 3664 1700 3746; baseline 0.01 -31"><span class='ocrx_word' id='word_1_475' title='bbox 154 3665 305 3733; x_wconf 77' lang='grc' dir='ltr'>αὐτὸν,</span> <span class='ocrx_word' id='word_1_476' title='bbox 328 3664 406 3733; x_wconf 73' lang='grc' dir='ltr'>οἷς</span> <span class='ocrx_word' id='word_1_477' title='bbox 438 3671 708 3740; x_wconf 77' lang='grc' dir='ltr'>ἔπραττε,</span> <span class='ocrx_word' id='word_1_478' title='bbox 739 3673 834 3726; x_wconf 76' lang='grc' dir='ltr'>καὶ</span> <span class='ocrx_word' id='word_1_479' title='bbox 866 3675 1088 3744; x_wconf 82' lang='grc' dir='ltr'>σωτῆρα</span> <span class='ocrx_word' id='word_1_480' title='bbox 1117 3676 1497 3746; x_wconf 78' lang='grc' dir='ltr'>ὀνομάζεσθαι.</span> <span class='ocrx_word' id='word_1_481' title='bbox 1532 3679 1614 3732; x_wconf 87' lang='grc' dir='ltr'>Τά</span> <span class='ocrx_word' id='word_1_482' title='bbox 1641 3695 1700 3730; x_wconf 90' lang='grc' dir='ltr'><strong>τε</strong></span> 
     </span>
    </p>
   </div>
   <div class='ocr_carea' id='block_1_67' title="bbox 153 3757 1700 3836">
    <p class='ocr_par' dir='ltr' id='par_1_67' title="bbox 153 3757 1700 3836">
     <span class='ocr_line' id='line_1_67' title="bbox 153 3757 1700 3836; baseline -0.002 -15"><span class='ocrx_word' id='word_1_483' title='bbox 153 3757 241 3826; x_wconf 69' lang='grc' dir='ltr'><strong>γάρ</strong></span> <span class='ocrx_word' id='word_1_484' title='bbox 284 3761 416 3830; x_wconf 84' lang='grc' dir='ltr'>χρέα</span> <span class='ocrx_word' id='word_1_485' title='bbox 448 3767 570 3825; x_wconf 88' lang='grc' dir='ltr'>τοῖς</span> <span class='ocrx_word' id='word_1_486' title='bbox 627 3763 935 3828; x_wconf 87' lang='grc' dir='ltr'>δανεισταῖς</span> <span class='ocrx_word' id='word_1_487' title='bbox 974 3768 1108 3836; x_wconf 88' lang='grc' dir='ltr'>παρ’</span> <span class='ocrx_word' id='word_1_488' title='bbox 1157 3766 1350 3820; x_wconf 82' lang='grc' dir='ltr'>ἑαυτοῦ</span> <span class='ocrx_word' id='word_1_489' title='bbox 1381 3767 1700 3831; x_wconf 83' lang='grc' dir='ltr'>διελύσατο,</span> 
     </span>
    </p>
   </div>
   <div class='ocr_carea' id='block_1_68' title="bbox 156 3852 1702 3930">
    <p class='ocr_par' dir='ltr' id='par_1_68' title="bbox 156 3852 1702 3930">
     <span class='ocr_line' id='line_1_68' title="bbox 156 3852 1702 3930; baseline 0.008 -30"><span class='ocrx_word' id='word_1_490' title='bbox 156 3852 232 3902; x_wconf 76' lang='grc' dir='ltr'>καὶ</span> <span class='ocrx_word' id='word_1_491' title='bbox 266 3855 370 3916; x_wconf 78' lang='grc' dir='ltr'>τοῖς</span> <span class='ocrx_word' id='word_1_492' title='bbox 391 3855 665 3926; x_wconf 73' lang='grc' dir='ltr'>χρῄζουσι</span> <span class='ocrx_word' id='word_1_493' title='bbox 700 3855 838 3927; x_wconf 80' lang='grc' dir='ltr'>πρὸς</span> <span class='ocrx_word' id='word_1_494' title='bbox 867 3857 966 3921; x_wconf 82' lang='grc' dir='ltr'><strong>τάς</strong></span> <span class='ocrx_word' id='word_1_495' title='bbox 996 3859 1267 3930; x_wconf 80' lang='grc' dir='ltr'>ἐμπορίας</span> <span class='ocrx_word' id='word_1_496' title='bbox 1293 3860 1388 3913; x_wconf 73' lang='grc' dir='ltr'>καὶ</span> <span class='ocrx_word' id='word_1_497' title='bbox 1415 3859 1508 3912; x_wconf 80' lang='grc' dir='ltr'>τὸν</span> <span class='ocrx_word' id='word_1_498' title='bbox 1543 3859 1702 3914; x_wconf 77' lang='grc' dir='ltr'>ἄλλον</span> 
     </span>
    </p>
   </div>
   <div class='ocr_carea' id='block_1_69' title="bbox 158 3937 1700 4022">
    <p class='ocr_par' dir='ltr' id='par_1_69' title="bbox 158 3937 1700 4022">
     <span class='ocr_line' id='line_1_69' title="bbox 158 3937 1700 4022; baseline 0.008 -32"><span class='ocrx_word' id='word_1_499' title='bbox 158 3937 248 4004; x_wconf 78' lang='grc' dir='ltr'>βίον</span> <span class='ocrx_word' id='word_1_500' title='bbox 274 3945 441 4000; x_wconf 87' lang='grc' dir='ltr'>τόκων</span> <span class='ocrx_word' id='word_1_501' title='bbox 471 3946 606 4001; x_wconf 83' lang='grc' dir='ltr'>ἄνευ</span> <span class='ocrx_word' id='word_1_502' title='bbox 640 3949 939 4018; x_wconf 80' lang='grc' dir='ltr'>ἐπήρκεσε,</span> <span class='ocrx_word' id='word_1_503' title='bbox 972 3950 1066 4003; x_wconf 75' lang='grc' dir='ltr'>καὶ</span> <span class='ocrx_word' id='word_1_504' title='bbox 1090 3949 1200 4002; x_wconf 91' lang='grc' dir='ltr'><strong>τῶν</strong></span> <span class='ocrx_word' id='word_1_505' title='bbox 1225 3950 1616 4022; x_wconf 88' lang='grc' dir='ltr'>δεσμωτηρίων</span> <span class='ocrx_word' id='word_1_506' title='bbox 1639 3951 1700 4003; x_wconf 81' lang='grc' dir='ltr'>οὐ</span> 
     </span>
    </p>
   </div>
   <div class='ocr_carea' id='block_1_70' title="bbox 153 4033 1702 4110">
    <p class='ocr_par' dir='ltr' id='par_1_70' title="bbox 153 4033 1702 4110">
     <span class='ocr_line' id='line_1_70' title="bbox 153 4033 1702 4110; baseline 0.01 -29"><span class='ocrx_word' id='word_1_507' title='bbox 153 4033 254 4096; x_wconf 69' lang='grc' dir='ltr'>τοὺς</span> <span class='ocrx_word' id='word_1_508' title='bbox 272 4037 601 4103; x_wconf 84' lang='grc' dir='ltr'>ἀνευθύνους</span> <span class='ocrx_word' id='word_1_509' title='bbox 637 4040 830 4110; x_wconf 87' lang='grc' dir='ltr'>μόνον,</span> <span class='ocrx_word' id='word_1_510' title='bbox 864 4040 1006 4094; x_wconf 83' lang='grc' dir='ltr'>ἀλλὰ</span> <span class='ocrx_word' id='word_1_511' title='bbox 1035 4042 1130 4095; x_wconf 74' lang='grc' dir='ltr'>καὶ</span> <span class='ocrx_word' id='word_1_512' title='bbox 1157 4043 1283 4106; x_wconf 85' lang='grc' dir='ltr'>τοὺς</span> <span class='ocrx_word' id='word_1_513' title='bbox 1312 4043 1371 4096; x_wconf 81' lang='grc' dir='ltr'>ὲν</span> <span class='ocrx_word' id='word_1_514' title='bbox 1398 4043 1600 4106; x_wconf 82' lang='grc' dir='ltr'>αίτίαις</span> <span class='ocrx_word' id='word_1_515' title='bbox 1624 4043 1702 4096; x_wconf 84' lang='grc' dir='ltr'>δι-</span> 
     </span>
    </p>
   </div>
   <div class='ocr_carea' id='block_1_71' title="bbox 154 4125 1702 4206">
    <p class='ocr_par' dir='ltr' id='par_1_71' title="bbox 154 4125 1702 4206">
     <span class='ocr_line' id='line_1_71' title="bbox 154 4125 1702 4206; baseline 0.005 -26"><span class='ocrx_word' id='word_1_516' title='bbox 154 4125 298 4190; x_wconf 68' lang='grc' dir='ltr'>ηφίει.</span> <span class='ocrx_word' id='word_1_517' title='bbox 322 4132 414 4182; x_wconf 71' lang='grc' dir='ltr'><strong>καὶ</strong></span> <span class='ocrx_word' id='word_1_518' title='bbox 429 4131 696 4202; x_wconf 78' lang='grc' dir='ltr'>δικαστὴς</span> <span class='ocrx_word' id='word_1_519' title='bbox 729 4133 963 4204; x_wconf 85' lang='grc' dir='ltr'>ἀκριϐὴς</span> <span class='ocrx_word' id='word_1_520' title='bbox 995 4129 1064 4204; x_wconf 80' lang='grc' dir='ltr'>ἦν</span> <span class='ocrx_word' id='word_1_521' title='bbox 1095 4134 1232 4204; x_wconf 84' lang='grc' dir='ltr'>ὁμοῦ</span> <span class='ocrx_word' id='word_1_522' title='bbox 1269 4135 1365 4188; x_wconf 80' lang='grc' dir='ltr'>καὶ</span> <span class='ocrx_word' id='word_1_523' title='bbox 1395 4134 1702 4206; x_wconf 83' lang='grc' dir='ltr'>φιλάνθρω·</span> 
     </span>
    </p>
   </div>
   <div class='ocr_carea' id='block_1_72' title="bbox 157 4222 1702 4296">
    <p class='ocr_par' dir='ltr' id='par_1_72' title="bbox 157 4222 1702 4296">
     <span class='ocr_line' id='line_1_72' title="bbox 157 4222 1702 4296; baseline 0.006 -25"><span class='ocrx_word' id='word_1_524' title='bbox 157 4230 254 4279; x_wconf 75' lang='grc' dir='ltr'>πος,</span> <span class='ocrx_word' id='word_1_525' title='bbox 286 4223 375 4274; x_wconf 74' lang='grc' dir='ltr'>καὶ</span> <span class='ocrx_word' id='word_1_526' title='bbox 415 4225 488 4276; x_wconf 67' lang='grc' dir='ltr'>τὰ</span> <span class='ocrx_word' id='word_1_527' title='bbox 547 4222 682 4278; x_wconf 79' lang='grc' dir='ltr'>ἄλλα</span> <span class='ocrx_word' id='word_1_528' title='bbox 731 4226 968 4296; x_wconf 83' lang='grc' dir='ltr'>χρηστὸς</span> <span class='ocrx_word' id='word_1_529' title='bbox 1002 4225 1096 4279; x_wconf 75' lang='grc' dir='ltr'><strong>καὶ</strong></span> <span class='ocrx_word' id='word_1_530' title='bbox 1129 4226 1227 4289; x_wconf 80' lang='grc' dir='ltr'><strong>τὰς</strong></span> <span class='ocrx_word' id='word_1_531' title='bbox 1272 4225 1560 4290; x_wconf 80' lang='grc' dir='ltr'>ὑποθέσεις</span> <span class='ocrx_word' id='word_1_532' title='bbox 1601 4227 1702 4280; x_wconf 87' lang='grc' dir='ltr'>οὐκ</span> 
     </span>
    </p>
   </div>
   <div class='ocr_carea' id='block_1_73' title="bbox 158 4307 1702 4387">
    <p class='ocr_par' dir='ltr' id='par_1_73' title="bbox 158 4307 1702 4387">
     <span class='ocr_line' id='line_1_73' title="bbox 158 4307 1702 4387; baseline 0.009 -29"><span class='ocrx_word' id='word_1_533' title='bbox 158 4307 544 4382; x_wconf 75' lang='grc' dir='ltr'>ἀπιστούμενος.</span> <span class='ocrx_word' id='word_1_534' title='bbox 584 4315 701 4384; x_wconf 83' lang='grc' dir='ltr'><strong>Ἐφ’</strong></span> <span class='ocrx_word' id='word_1_535' title='bbox 727 4315 770 4347; x_wconf 82' lang='grc'><strong>¹⁸</strong></span> <span class='ocrx_word' id='word_1_536' title='bbox 801 4312 881 4382; x_wconf 76' lang='grc' dir='ltr'>οἷς</span> <span class='ocrx_word' id='word_1_537' title='bbox 917 4319 1012 4372; x_wconf 80' lang='grc' dir='ltr'>καὶ</span> <span class='ocrx_word' id='word_1_538' title='bbox 1040 4319 1132 4372; x_wconf 73' lang='grc' dir='ltr'>τὸν</span> <span class='ocrx_word' id='word_1_539' title='bbox 1162 4319 1394 4387; x_wconf 82' lang='grc' dir='ltr'>ἀδελφὺν</span> <span class='ocrx_word' id='word_1_540' title='bbox 1423 4319 1702 4372; x_wconf 88' lang='grc' dir='ltr'>Διονύσιον</span> 
     </span>
    </p>
   </div>
   <div class='ocr_carea' id='block_1_74' title="bbox 155 4397 1701 4478">
    <p class='ocr_par' dir='ltr' id='par_1_74' title="bbox 155 4397 1701 4478">
     <span class='ocr_line' id='line_1_74' title="bbox 155 4397 1701 4478; baseline 0.008 -30"><span class='ocrx_word' id='word_1_541' title='bbox 155 4397 207 4447; x_wconf 69' lang='grc' dir='ltr'>τὰ</span> <span class='ocrx_word' id='word_1_542' title='bbox 229 4416 280 4452; x_wconf 87' lang='grc' dir='ltr'><strong>τε</strong></span> <span class='ocrx_word' id='word_1_543' title='bbox 324 4403 456 4457; x_wconf 81' lang='grc' dir='ltr'>ἄλλα</span> <span class='ocrx_word' id='word_1_544' title='bbox 497 4406 782 4476; x_wconf 82' lang='grc' dir='ltr'>πατρικῶς</span> <span class='ocrx_word' id='word_1_545' title='bbox 828 4410 1117 4478; x_wconf 86' lang='grc' dir='ltr'>περιεῖπε,</span> <span class='ocrx_word' id='word_1_546' title='bbox 1169 4411 1262 4462; x_wconf 66' lang='grc' dir='ltr'>καὶ</span> <span class='ocrx_word' id='word_1_547' title='bbox 1300 4409 1558 4462; x_wconf 79' lang='grc' dir='ltr'>κοινωνὸν</span> <span class='ocrx_word' id='word_1_548' title='bbox 1601 4407 1701 4478; x_wconf 80' lang='grc' dir='ltr'>μὲν</span> 
     </span>
    </p>
   </div>
   <div class='ocr_carea' id='block_1_75' title="bbox 155 4483 1695 4568">
    <p class='ocr_par' dir='ltr' id='par_1_75' title="bbox 155 4483 1695 4568">
     <span class='ocr_line' id='line_1_75' title="bbox 155 4483 1695 4568; baseline 0.003 -23"><span class='ocrx_word' id='word_1_549' title='bbox 155 4483 268 4555; x_wconf 72' lang='grc' dir='ltr'>εἶχεν</span> <span class='ocrx_word' id='word_1_550' title='bbox 295 4494 489 4547; x_wconf 81' lang='grc' dir='ltr'>αὐτίκα</span> <span class='ocrx_word' id='word_1_551' title='bbox 535 4494 636 4562; x_wconf 83' lang='grc' dir='ltr'>τῆς</span> <span class='ocrx_word' id='word_1_552' title='bbox 677 4496 871 4566; x_wconf 84' lang='grc' dir='ltr'>ἀρχῆς,</span> <span class='ocrx_word' id='word_1_553' title='bbox 905 4498 1180 4568; x_wconf 82' lang='grc' dir='ltr'>ἐχομένως</span> <span class='ocrx_word' id='word_1_554' title='bbox 1213 4498 1270 4550; x_wconf 87' lang='grc' dir='ltr'>δὲ</span> <span class='ocrx_word' id='word_1_555' title='bbox 1311 4500 1406 4551; x_wconf 75' lang='grc' dir='ltr'>καὶ</span> <span class='ocrx_word' id='word_1_556' title='bbox 1432 4498 1695 4568; x_wconf 86' lang='grc' dir='ltr'>διάδοχον.</span> 
     </span>
    </p>
   </div>
   <div class='ocr_carea' id='block_1_76' title="bbox 158 4576 1698 4659">
    <p class='ocr_par' dir='ltr' id='par_1_76' title="bbox 158 4576 1698 4659">
     <span class='ocr_line' id='line_1_76' title="bbox 158 4576 1698 4659; baseline 0.007 -29"><span class='ocrx_word' id='word_1_557' title='bbox 158 4576 214 4630; x_wconf 72' lang='grc' dir='ltr'><strong>οὐ</strong></span> <span class='ocrx_word' id='word_1_558' title='bbox 243 4583 336 4652; x_wconf 74' lang='grc' dir='ltr'>μὴν</span> <span class='ocrx_word' id='word_1_559' title='bbox 365 4586 502 4638; x_wconf 83' lang='grc' dir='ltr'>ἀλλὰ</span> <span class='ocrx_word' id='word_1_560' title='bbox 532 4587 644 4658; x_wconf 81' lang='grc' dir='ltr'>γὰρ</span> <span class='ocrx_word' id='word_1_561' title='bbox 666 4587 760 4640; x_wconf 76' lang='grc' dir='ltr'>καὶ</span> <span class='ocrx_word' id='word_1_562' title='bbox 794 4586 934 4658; x_wconf 81' lang='grc' dir='ltr'>πρὸς</span> <span class='ocrx_word' id='word_1_563' title='bbox 961 4589 1061 4651; x_wconf 87' lang='grc' dir='ltr'><strong>τὰς</strong></span> <span class='ocrx_word' id='word_1_564' title='bbox 1091 4587 1396 4658; x_wconf 84' lang='grc' dir='ltr'>πολεμικὰς</span> <span class='ocrx_word' id='word_1_565' title='bbox 1424 4588 1532 4641; x_wconf 92' lang='grc' dir='ltr'><strong>τῶν</strong></span> <span class='ocrx_word' id='word_1_566' title='bbox 1557 4588 1698 4659; x_wconf 80' lang='grc' dir='ltr'>πρά-</span> 
     </span>
    </p>
   </div>
   <div class='ocr_carea' id='block_1_77' title="bbox 157 4665 1697 4751">
    <p class='ocr_par' dir='ltr' id='par_1_77' title="bbox 157 4665 1697 4751">
     <span class='ocr_line' id='line_1_77' title="bbox 157 4665 1697 4751; baseline 0.001 -21"><span class='ocrx_word' id='word_1_567' title='bbox 157 4665 263 4730; x_wconf 82' lang='grc' dir='ltr'>ξεων</span> <span class='ocrx_word' id='word_1_568' title='bbox 297 4676 554 4746; x_wconf 77' lang='grc' dir='ltr'>ἀνδρείως</span> <span class='ocrx_word' id='word_1_569' title='bbox 592 4679 844 4750; x_wconf 80' lang='grc' dir='ltr'>ἐφέρετο,</span> <span class='ocrx_word' id='word_1_570' title='bbox 883 4680 1243 4751; x_wconf 81' lang='grc' dir='ltr'>μεγαλόφρων</span> <span class='ocrx_word' id='word_1_571' title='bbox 1271 4680 1328 4733; x_wconf 79' lang='grc' dir='ltr'>δὲ</span> <span class='ocrx_word' id='word_1_572' title='bbox 1357 4676 1427 4751; x_wconf 83' lang='grc' dir='ltr'>ἦν</span> <span class='ocrx_word' id='word_1_573' title='bbox 1450 4682 1541 4733; x_wconf 73' lang='grc' dir='ltr'>καὶ</span> <span class='ocrx_word' id='word_1_574' title='bbox 1573 4698 1697 4749; x_wconf 83' lang='grc' dir='ltr'>γεν-</span> 
     </span>
    </p>
   </div>
   <div class='ocr_carea' id='block_1_78' title="bbox 1807 3490 3383 3562">
    <p class='ocr_par' dir='ltr' id='par_1_78' title="bbox 1807 3490 3383 3562">
     <span class='ocr_line' id='line_1_78' title="bbox 1807 3490 3383 3562; baseline 0.003 -19"><span class='ocrx_word' id='word_1_575' title='bbox 1807 3490 2088 3555; x_wconf 88' lang='lat' dir='ltr'><strong>rationem,</strong></span> <span class='ocrx_word' id='word_1_576' title='bbox 2114 3500 2168 3546; x_wconf 94' lang='lat' dir='ltr'><strong>et</strong></span> <span class='ocrx_word' id='word_1_577' title='bbox 2189 3506 2350 3560; x_wconf 86' lang='lat' dir='ltr'><strong>quam</strong></span> <span class='ocrx_word' id='word_1_578' title='bbox 2367 3493 2543 3561; x_wconf 85' lang='lat' dir='ltr'><strong>potuit</strong></span> <span class='ocrx_word' id='word_1_579' title='bbox 2565 3492 2802 3548; x_wconf 76' lang='lat' dir='ltr'><strong>maxime</strong></span> <span class='ocrx_word' id='word_1_580' title='bbox 2824 3493 3139 3562; x_wconf 90' lang='lat' dir='ltr'><strong>popularem</strong></span> <span class='ocrx_word' id='word_1_581' title='bbox 3159 3502 3383 3559; x_wconf 87' lang='lat' dir='ltr'><strong>statum,</strong></span> 
     </span>
    </p>
   </div>
   <div class='ocr_carea' id='block_1_79' title="bbox 1806 3581 3386 3653">
    <p class='ocr_par' dir='ltr' id='par_1_79' title="bbox 1806 3581 3386 3653">
     <span class='ocr_line' id='line_1_79' title="bbox 1806 3581 3386 3653; baseline 0.003 -17"><span class='ocrx_word' id='word_1_582' title='bbox 1806 3581 1934 3636; x_wconf 92' lang='lat' dir='ltr'><strong>illud</strong></span> <span class='ocrx_word' id='word_1_583' title='bbox 1961 3581 2196 3648; x_wconf 79' lang='lat' dir='ltr'><strong>reduxit,</strong></span> <span class='ocrx_word' id='word_1_584' title='bbox 2226 3591 2286 3636; x_wconf 92' lang='lat' dir='ltr'><strong>ut</strong></span> <span class='ocrx_word' id='word_1_585' title='bbox 2315 3598 2419 3637; x_wconf 92' lang='lat' dir='ltr'><strong>non</strong></span> <span class='ocrx_word' id='word_1_586' title='bbox 2453 3584 2594 3639; x_wconf 88' lang='lat' dir='ltr'><strong>ultra</strong></span> <span class='ocrx_word' id='word_1_587' title='bbox 2624 3595 2910 3653; x_wconf 89' lang='lat' dir='ltr'><strong>tyrannus,</strong></span> <span class='ocrx_word' id='word_1_588' title='bbox 2946 3585 3040 3640; x_wconf 89' lang='lat' dir='ltr'><strong>sed</strong></span> <span class='ocrx_word' id='word_1_589' title='bbox 3069 3585 3386 3640; x_wconf 81' lang='lat' dir='ltr'><strong>benefactor</strong></span> 
     </span>
    </p>
   </div>
   <div class='ocr_carea' id='block_1_80' title="bbox 1802 3675 3386 3747">
    <p class='ocr_par' dir='ltr' id='par_1_80' title="bbox 1802 3675 3386 3747">
     <span class='ocr_line' id='line_1_80' title="bbox 1802 3675 3386 3747; baseline 0.002 -19"><span class='ocrx_word' id='word_1_590' title='bbox 1802 3683 1853 3728; x_wconf 91' lang='lat' dir='ltr'><strong>et</strong></span> <span class='ocrx_word' id='word_1_591' title='bbox 1881 3685 2126 3728; x_wconf 85' lang='lat' dir='ltr'><strong>servator</strong></span> <span class='ocrx_word' id='word_1_592' title='bbox 2158 3675 2228 3730; x_wconf 92' lang='lat' dir='ltr'><strong>ob</strong></span> <span class='ocrx_word' id='word_1_593' title='bbox 2256 3675 2516 3744; x_wconf 61' lang='lat' dir='ltr'><strong>praeclare</strong></span> <span class='ocrx_word' id='word_1_594' title='bbox 2546 3681 2738 3731; x_wconf 90' lang='lat' dir='ltr'><strong>merita</strong></span> <span class='ocrx_word' id='word_1_595' title='bbox 2779 3684 3203 3747; x_wconf 88' lang='lat' dir='ltr'><strong>nuncuparetur.</strong></span> <span class='ocrx_word' id='word_1_596' title='bbox 3248 3676 3386 3732; x_wconf 84' lang='lat' dir='ltr'><strong>Nam</strong></span> 
     </span>
    </p>
   </div>
   <div class='ocr_carea' id='block_1_81' title="bbox 1805 3763 3369 3836">
    <p class='ocr_par' dir='ltr' id='par_1_81' title="bbox 1805 3763 3369 3836">
     <span class='ocr_line' id='line_1_81' title="bbox 1805 3763 3369 3836; baseline 0.003 -19"><span class='ocrx_word' id='word_1_597' title='bbox 1805 3763 1870 3817; x_wconf 88' lang='lat' dir='ltr'><strong>de</strong></span> <span class='ocrx_word' id='word_1_598' title='bbox 1901 3777 1999 3818; x_wconf 90' lang='lat' dir='ltr'><strong>suo</strong></span> <span class='ocrx_word' id='word_1_599' title='bbox 2020 3763 2239 3818; x_wconf 89' lang='lat' dir='ltr'><strong>nomina</strong></span> <span class='ocrx_word' id='word_1_600' title='bbox 2263 3764 2630 3820; x_wconf 88' lang='lat' dir='ltr'><strong>creditoribus</strong></span> <span class='ocrx_word' id='word_1_601' title='bbox 2650 3766 2946 3834; x_wconf 82' lang='lat' dir='ltr'><strong>expedivit,</strong></span> <span class='ocrx_word' id='word_1_602' title='bbox 2967 3775 3022 3821; x_wconf 87' lang='lat' dir='ltr'><strong>et</strong></span> <span class='ocrx_word' id='word_1_603' title='bbox 3043 3766 3224 3836; x_wconf 85' lang='lat' dir='ltr'><strong>inopia</strong></span> <span class='ocrx_word' id='word_1_604' title='bbox 3246 3767 3369 3822; x_wconf 85' lang='lat' dir='ltr'><strong>labo</strong></span> 
     </span>
    </p>
   </div>
   <div class='ocr_carea' id='block_1_82' title="bbox 1805 3846 3385 3928">
    <p class='ocr_par' dir='ltr' id='par_1_82' title="bbox 1805 3846 3385 3928">
     <span class='ocr_line' id='line_1_82' title="bbox 1805 3846 3385 3928; baseline 0.004 -21"><span class='ocrx_word' id='word_1_605' title='bbox 1805 3856 2054 3910; x_wconf 86' lang='lat' dir='ltr'><strong>rantibus</strong></span> <span class='ocrx_word' id='word_1_606' title='bbox 2085 3857 2202 3911; x_wconf 89' lang='lat' dir='ltr'><strong>sine</strong></span> <span class='ocrx_word' id='word_1_607' title='bbox 2230 3854 2440 3918; x_wconf 80' lang='lat' dir='ltr'><strong>fenore,</strong></span> <span class='ocrx_word' id='word_1_608' title='bbox 2473 3858 2542 3911; x_wconf 91' lang='lat' dir='ltr'><strong>ad</strong></span> <span class='ocrx_word' id='word_1_609' title='bbox 2565 3846 2959 3928; x_wconf 82' lang='lat' dir='ltr'><strong>negotiationes</strong></span> <span class='ocrx_word' id='word_1_610' title='bbox 2993 3869 3050 3912; x_wconf 88' lang='lat' dir='ltr'><strong>et</strong></span> <span class='ocrx_word' id='word_1_611' title='bbox 3091 3859 3228 3914; x_wconf 89' lang='lat' dir='ltr'><strong>alios</strong></span> <span class='ocrx_word' id='word_1_612' title='bbox 3259 3861 3385 3914; x_wconf 63' lang='lat' dir='ltr'><strong>vita</strong></span> 
     </span>
    </p>
   </div>
   <div class='ocr_carea' id='block_1_83' title="bbox 1805 3950 3389 4020">
    <p class='ocr_par' dir='ltr' id='par_1_83' title="bbox 1805 3950 3389 4020">
     <span class='ocr_line' id='line_1_83' title="bbox 1805 3950 3389 4020; baseline 0.004 -19"><span class='ocrx_word' id='word_1_613' title='bbox 1805 3963 1957 4012; x_wconf 91' lang='lat' dir='ltr'><strong>usus,</strong></span> <span class='ocrx_word' id='word_1_614' title='bbox 1984 3950 2244 4016; x_wconf 85' lang='lat' dir='ltr'><strong>pecunias</strong></span> <span class='ocrx_word' id='word_1_615' title='bbox 2264 3951 2648 4020; x_wconf 87' lang='lat' dir='ltr'><strong>suppeditavit:</strong></span> <span class='ocrx_word' id='word_1_616' title='bbox 2691 3965 2790 4007; x_wconf 90' lang='lat' dir='ltr'><strong>nec</strong></span> <span class='ocrx_word' id='word_1_617' title='bbox 2817 3953 2976 4007; x_wconf 88' lang='lat' dir='ltr'><strong>modo</strong></span> <span class='ocrx_word' id='word_1_618' title='bbox 3005 3952 3272 4017; x_wconf 86' lang='lat' dir='ltr'><strong>insontes,</strong></span> <span class='ocrx_word' id='word_1_619' title='bbox 3291 3953 3389 4008; x_wconf 87' lang='lat' dir='ltr'><strong>sed</strong></span> 
     </span>
    </p>
   </div>
   <div class='ocr_carea' id='block_1_84' title="bbox 1803 4039 3384 4097">
    <p class='ocr_par' dir='ltr' id='par_1_84' title="bbox 1803 4039 3384 4097">
     <span class='ocr_line' id='line_1_84' title="bbox 1803 4039 3384 4097; baseline 0.003 -5"><span class='ocrx_word' id='word_1_620' title='bbox 1803 4039 2014 4094; x_wconf 89' lang='lat' dir='ltr'><strong>etveris</strong></span> <span class='ocrx_word' id='word_1_621' title='bbox 2054 4039 2377 4094; x_wconf 86' lang='lat' dir='ltr'><strong>criminibus</strong></span> <span class='ocrx_word' id='word_1_622' title='bbox 2411 4041 2680 4094; x_wconf 79' lang='lat' dir='ltr'><strong>obnoxios</strong></span> <span class='ocrx_word' id='word_1_623' title='bbox 2696 4042 3007 4096; x_wconf 87' lang='lat' dir='ltr'><strong>carceribus</strong></span> <span class='ocrx_word' id='word_1_624' title='bbox 3025 4040 3272 4097; x_wconf 82' lang='lat' dir='ltr'><strong>exsolvit.</strong></span> <span class='ocrx_word' id='word_1_625' title='bbox 3290 4041 3384 4097; x_wconf 79' lang='lat' dir='ltr'><strong>Ju-</strong></span> 
     </span>
    </p>
   </div>
   <div class='ocr_carea' id='block_1_85' title="bbox 1803 4127 3381 4200">
    <p class='ocr_par' dir='ltr' id='par_1_85' title="bbox 1803 4127 3381 4200">
     <span class='ocr_line' id='line_1_85' title="bbox 1803 4127 3381 4200; baseline 0.004 -19"><span class='ocrx_word' id='word_1_626' title='bbox 1803 4127 1907 4182; x_wconf 77' lang='lat' dir='ltr'><strong>dex</strong></span> <span class='ocrx_word' id='word_1_627' title='bbox 1938 4127 2154 4196; x_wconf 82' lang='lat' dir='ltr'><strong>quidem</strong></span> <span class='ocrx_word' id='word_1_628' title='bbox 2185 4137 2470 4184; x_wconf 87' lang='lat' dir='ltr'><strong>accuratus</strong></span> <span class='ocrx_word' id='word_1_629' title='bbox 2489 4138 2547 4183; x_wconf 88' lang='lat' dir='ltr'><strong>et</strong></span> <span class='ocrx_word' id='word_1_630' title='bbox 2580 4143 2820 4192; x_wconf 86' lang='lat' dir='ltr'><strong>severus,</strong></span> <span class='ocrx_word' id='word_1_631' title='bbox 2857 4130 3152 4200; x_wconf 70' lang='lat' dir='ltr'><strong>cieteroqui</strong></span> <span class='ocrx_word' id='word_1_632' title='bbox 3203 4139 3381 4187; x_wconf 90' lang='lat' dir='ltr'><strong>tamen</strong></span> 
     </span>
    </p>
   </div>
   <div class='ocr_carea' id='block_1_86' title="bbox 1803 4219 3386 4290">
    <p class='ocr_par' dir='ltr' id='par_1_86' title="bbox 1803 4219 3386 4290">
     <span class='ocr_line' id='line_1_86' title="bbox 1803 4219 3386 4290; baseline 0.004 -18"><span class='ocrx_word' id='word_1_633' title='bbox 1803 4219 2071 4274; x_wconf 89' lang='lat' dir='ltr'><strong>humanus</strong></span> <span class='ocrx_word' id='word_1_634' title='bbox 2091 4229 2148 4274; x_wconf 90' lang='lat' dir='ltr'><strong>et</strong></span> <span class='ocrx_word' id='word_1_635' title='bbox 2175 4219 2460 4290; x_wconf 86' lang='lat' dir='ltr'><strong>benignus.</strong></span> <span class='ocrx_word' id='word_1_636' title='bbox 2494 4219 2552 4274; x_wconf 92' lang='lat' dir='ltr'><strong>ln</strong></span> <span class='ocrx_word' id='word_1_637' title='bbox 2597 4221 2762 4277; x_wconf 88' lang='lat' dir='ltr'><strong>rebus</strong></span> <span class='ocrx_word' id='word_1_638' title='bbox 2807 4221 2934 4276; x_wconf 85' lang='lat' dir='ltr'><strong>ﬁdei</strong></span> <span class='ocrx_word' id='word_1_639' title='bbox 2963 4235 3077 4278; x_wconf 63' lang='lat' dir='ltr'><strong>sum</strong></span> <span class='ocrx_word' id='word_1_640' title='bbox 3098 4222 3386 4280; x_wconf 69' lang='lat' dir='ltr'><strong>credentis</strong></span> 
     </span>
    </p>
   </div>
   <div class='ocr_carea' id='block_1_87' title="bbox 1804 4311 3386 4388">
    <p class='ocr_par' dir='ltr' id='par_1_87' title="bbox 1804 4311 3386 4388">
     <span class='ocr_line' id='line_1_87' title="bbox 1804 4311 3386 4388; baseline 0.005 -24"><span class='ocrx_word' id='word_1_641' title='bbox 1804 4311 2029 4367; x_wconf 91' lang='lat' dir='ltr'><strong>minime</strong></span> <span class='ocrx_word' id='word_1_642' title='bbox 2057 4320 2360 4380; x_wconf 89' lang='lat' dir='ltr'><strong>suspectus.</strong></span> <span class='ocrx_word' id='word_1_643' title='bbox 2377 4313 2584 4369; x_wconf 85' lang='lat' dir='ltr'><strong>Idcirco</strong></span> <span class='ocrx_word' id='word_1_644' title='bbox 2605 4323 2660 4370; x_wconf 91' lang='lat' dir='ltr'><strong>et</strong></span> <span class='ocrx_word' id='word_1_645' title='bbox 2690 4314 2916 4371; x_wconf 77' lang='lat' dir='ltr'><strong>fratrem</strong></span> <span class='ocrx_word' id='word_1_646' title='bbox 2933 4314 3243 4388; x_wconf 84' lang='lat' dir='ltr'><strong>Dionysium</strong></span> <span class='ocrx_word' id='word_1_647' title='bbox 3259 4333 3386 4373; x_wconf 91' lang='lat' dir='ltr'><strong>cum</strong></span> 
     </span>
    </p>
   </div>
   <div class='ocr_carea' id='block_1_88' title="bbox 1805 4404 3385 4479">
    <p class='ocr_par' dir='ltr' id='par_1_88' title="bbox 1805 4404 3385 4479">
     <span class='ocr_line' id='line_1_88' title="bbox 1805 4404 3385 4479; baseline 0.006 -23"><span class='ocrx_word' id='word_1_648' title='bbox 1805 4404 1858 4457; x_wconf 91' lang='lat' dir='ltr'><strong>in</strong></span> <span class='ocrx_word' id='word_1_649' title='bbox 1881 4405 2246 4475; x_wconf 89' lang='lat' dir='ltr'><strong>aliispaterno</strong></span> <span class='ocrx_word' id='word_1_650' title='bbox 2283 4421 2467 4462; x_wconf 88' lang='lat' dir='ltr'><strong>amore</strong></span> <span class='ocrx_word' id='word_1_651' title='bbox 2501 4417 2556 4462; x_wconf 88' lang='lat' dir='ltr'><strong>et</strong></span> <span class='ocrx_word' id='word_1_652' title='bbox 2596 4409 2778 4465; x_wconf 90' lang='lat' dir='ltr'><strong>studio</strong></span> <span class='ocrx_word' id='word_1_653' title='bbox 2797 4409 3236 4479; x_wconf 77' lang='lat' dir='ltr'><strong>complexusest,</strong></span> <span class='ocrx_word' id='word_1_654' title='bbox 3270 4419 3385 4465; x_wconf 90' lang='lat' dir='ltr'><strong>tum</strong></span> 
     </span>
    </p>
   </div>
   <div class='ocr_carea' id='block_1_89' title="bbox 1803 4496 3382 4566">
    <p class='ocr_par' dir='ltr' id='par_1_89' title="bbox 1803 4496 3382 4566">
     <span class='ocr_line' id='line_1_89' title="bbox 1803 4496 3382 4566; baseline 0.004 -18"><span class='ocrx_word' id='word_1_655' title='bbox 1803 4496 1985 4549; x_wconf 85' lang='lat' dir='ltr'><strong>statim</strong></span> <span class='ocrx_word' id='word_1_656' title='bbox 2029 4496 2244 4566; x_wconf 86' lang='lat' dir='ltr'><strong>imperii</strong></span> <span class='ocrx_word' id='word_1_657' title='bbox 2294 4509 2601 4553; x_wconf 89' lang='lat' dir='ltr'><strong>consortem</strong></span> <span class='ocrx_word' id='word_1_658' title='bbox 2644 4501 2859 4565; x_wconf 90' lang='lat' dir='ltr'><strong>ascivit,</strong></span> <span class='ocrx_word' id='word_1_659' title='bbox 2913 4509 2968 4555; x_wconf 88' lang='lat' dir='ltr'><strong>et</strong></span> <span class='ocrx_word' id='word_1_660' title='bbox 3007 4515 3382 4557; x_wconf 81' lang='lat' dir='ltr'><strong>successorem</strong></span> 
     </span>
    </p>
   </div>
   <div class='ocr_carea' id='block_1_90' title="bbox 1804 4584 3382 4657">
    <p class='ocr_par' dir='ltr' id='par_1_90' title="bbox 1804 4584 3382 4657">
     <span class='ocr_line' id='line_1_90' title="bbox 1804 4584 3382 4657; baseline 0.004 -19"><span class='ocrx_word' id='word_1_661' title='bbox 1804 4584 1905 4638; x_wconf 88' lang='lat' dir='ltr'><strong>sibi</strong></span> <span class='ocrx_word' id='word_1_662' title='bbox 1931 4585 2242 4641; x_wconf 85' lang='lat' dir='ltr'><strong>destinavit.</strong></span> <span class='ocrx_word' id='word_1_663' title='bbox 2277 4586 2384 4643; x_wconf 90' lang='lat' dir='ltr'><strong>Sed</strong></span> <span class='ocrx_word' id='word_1_664' title='bbox 2412 4591 2692 4643; x_wconf 89' lang='lat' dir='ltr'><strong>enimvero</strong></span> <span class='ocrx_word' id='word_1_665' title='bbox 2723 4590 2791 4644; x_wconf 88' lang='lat' dir='ltr'><strong>ad</strong></span> <span class='ocrx_word' id='word_1_666' title='bbox 2820 4605 2909 4645; x_wconf 88' lang='lat' dir='ltr'><strong>res</strong></span> <span class='ocrx_word' id='word_1_667' title='bbox 2941 4590 3165 4646; x_wconf 85' lang='lat' dir='ltr'><strong>bellicas</strong></span> <span class='ocrx_word' id='word_1_668' title='bbox 3191 4591 3382 4657; x_wconf 80' lang='lat' dir='ltr'><strong>alacri,</strong></span> 
     </span>
    </p>
   </div>
   <div class='ocr_carea' id='block_1_91' title="bbox 1803 4678 3382 4751">
    <p class='ocr_par' dir='ltr' id='par_1_91' title="bbox 1803 4678 3382 4751">
     <span class='ocr_line' id='line_1_91' title="bbox 1803 4678 3382 4751; baseline 0.004 -21"><span class='ocrx_word' id='word_1_669' title='bbox 1803 4685 1857 4730; x_wconf 90' lang='lat' dir='ltr'><strong>et</strong></span> <span class='ocrx_word' id='word_1_670' title='bbox 1891 4678 1981 4745; x_wconf 91' lang='lat' dir='ltr'><strong>qui</strong></span> <span class='ocrx_word' id='word_1_671' title='bbox 2025 4679 2198 4732; x_wconf 88' lang='lat' dir='ltr'><strong>virum</strong></span> <span class='ocrx_word' id='word_1_672' title='bbox 2232 4679 2412 4742; x_wconf 89' lang='lat' dir='ltr'><strong>decet,</strong></span> <span class='ocrx_word' id='word_1_673' title='bbox 2451 4681 2636 4734; x_wconf 88' lang='lat' dir='ltr'><strong>animo</strong></span> <span class='ocrx_word' id='word_1_674' title='bbox 2671 4679 2972 4736; x_wconf 82' lang='lat' dir='ltr'><strong>ferebatur.</strong></span> <span class='ocrx_word' id='word_1_675' title='bbox 3010 4680 3207 4751; x_wconf 74' lang='lat' dir='ltr'><strong>Magno</strong></span> <span class='ocrx_word' id='word_1_676' title='bbox 3237 4681 3382 4738; x_wconf 81' lang='lat' dir='ltr'><strong>enim</strong></span> 
     </span>
    </p>
   </div>
   <div class='ocr_carea' id='block_1_92' title="bbox 157 4746 1705 4844">
    <p class='ocr_par' dir='ltr' id='par_1_92' title="bbox 157 4746 1698 4844">
     <span class='ocr_line' id='line_1_92' title="bbox 157 4746 1698 4844; baseline 0.016 -32"><span class='ocrx_word' id='word_1_677' title='bbox 157 4765 273 4828; x_wconf 76' lang='grc' dir='ltr'>ναῖος</span> <span class='ocrx_word' id='word_1_678' title='bbox 326 4770 483 4842; x_wconf 83' lang='grc' dir='ltr'>σῶμα</span> <span class='ocrx_word' id='word_1_679' title='bbox 541 4746 646 4825; x_wconf 18' lang='grc' dir='ltr'>καὶν</span> <span class='ocrx_word' id='word_1_680' title='bbox 684 4746 899 4842; x_wconf 53' lang='grc' dir='ltr'>ψυχὴν,</span> <span class='ocrx_word' id='word_1_681' title='bbox 939 4746 1077 4827; x_wconf 79' lang='grc' dir='ltr'>άλλά</span> <span class='ocrx_word' id='word_1_682' title='bbox 1105 4746 1222 4827; x_wconf 61' lang='grc' dir='ltr'><strong>⁷καὶ</strong></span> <span class='ocrx_word' id='word_1_683' title='bbox 1272 4746 1406 4844; x_wconf 77' lang='grc' dir='ltr'>πρὸς</span> <span class='ocrx_word' id='word_1_684' title='bbox 1453 4775 1556 4836; x_wconf 82' lang='grc' dir='ltr'><strong>τὰς</strong></span> <span class='ocrx_word' id='word_1_685' title='bbox 1587 4746 1698 4842; x_wconf 24' lang='grc' dir='ltr'><strong>*τῆς</strong></span> 
     </span>
    </p>
   </div>
   <div class='ocr_carea' id='block_1_93' title="bbox 1809 4746 3386 4844">
    <p class='ocr_par' dir='ltr' id='par_1_93' title="bbox 1809 4767 3386 4839">
     <span class='ocr_line' id='line_1_93' title="bbox 1809 4767 3386 4839; baseline 0.003 -17"><span class='ocrx_word' id='word_1_686' title='bbox 1809 4767 2021 4836; x_wconf 81' lang='lat' dir='ltr'><strong>spiritu,</strong></span> <span class='ocrx_word' id='word_1_687' title='bbox 2060 4778 2114 4822; x_wconf 91' lang='lat' dir='ltr'><strong>ct</strong></span> <span class='ocrx_word' id='word_1_688' title='bbox 2159 4783 2426 4837; x_wconf 86' lang='lat' dir='ltr'><strong>generoso</strong></span> <span class='ocrx_word' id='word_1_689' title='bbox 2465 4772 2712 4839; x_wconf 89' lang='lat' dir='ltr'><strong>corporis</strong></span> <span class='ocrx_word' id='word_1_690' title='bbox 2742 4782 2796 4825; x_wconf 89' lang='lat' dir='ltr'><strong>et</strong></span> <span class='ocrx_word' id='word_1_691' title='bbox 2832 4773 2996 4826; x_wconf 88' lang='lat' dir='ltr'><strong>animi</strong></span> <span class='ocrx_word' id='word_1_692' title='bbox 3032 4773 3226 4827; x_wconf 87' lang='lat' dir='ltr'><strong>robore</strong></span> <span class='ocrx_word' id='word_1_693' title='bbox 3267 4782 3386 4826; x_wconf 90' lang='lat' dir='ltr'><strong>erat</strong></span> 
     </span>
    </p>
   </div>
   <div class='ocr_carea' id='block_1_94' title="bbox 159 4854 1695 4935">
    <p class='ocr_par' dir='ltr' id='par_1_94' title="bbox 159 4854 1695 4935">
     <span class='ocr_line' id='line_1_94' title="bbox 159 4854 1695 4935; baseline 0 -21"><span class='ocrx_word' id='word_1_694' title='bbox 159 4854 304 4927; x_wconf 76' lang='grc' dir='ltr'>μάχης</span> <span class='ocrx_word' id='word_1_695' title='bbox 351 4861 633 4925; x_wconf 84' lang='grc' dir='ltr'>διαλύσεις</span> <span class='ocrx_word' id='word_1_696' title='bbox 693 4861 991 4932; x_wconf 83' lang='grc' dir='ltr'>εὐγνώμων</span> <span class='ocrx_word' id='word_1_697' title='bbox 1044 4881 1104 4915; x_wconf 91' lang='grc' dir='ltr'><strong>τε</strong></span> <span class='ocrx_word' id='word_1_698' title='bbox 1154 4864 1249 4916; x_wconf 80' lang='grc' dir='ltr'>καὶ</span> <span class='ocrx_word' id='word_1_699' title='bbox 1308 4864 1408 4916; x_wconf 81' lang='grc' dir='ltr'>οὐκ</span> <span class='ocrx_word' id='word_1_700' title='bbox 1457 4856 1695 4935; x_wconf 72' lang='grc' dir='ltr'>ἄχαρις,</span> 
     </span>
    </p>
   </div>
   <div class='ocr_carea' id='block_1_95' title="bbox 158 4947 1699 5022">
    <p class='ocr_par' dir='ltr' id='par_1_95' title="bbox 158 4947 1699 5022">
     <span class='ocr_line' id='line_1_95' title="bbox 158 4947 1699 5022; baseline 0.002 -20"><span class='ocrx_word' id='word_1_701' title='bbox 158 4947 420 5017; x_wconf 75' lang='grc' dir='ltr'>πράγματα</span> <span class='ocrx_word' id='word_1_702' title='bbox 451 4952 554 5022; x_wconf 77' lang='grc' dir='ltr'>μὲν</span> <span class='ocrx_word' id='word_1_703' title='bbox 586 4953 818 5006; x_wconf 89' lang='grc' dir='ltr'>συνιδεῖν</span> <span class='ocrx_word' id='word_1_704' title='bbox 843 4953 1048 5017; x_wconf 78' lang='grc' dir='ltr'>ἱκανὸς,</span> <span class='ocrx_word' id='word_1_705' title='bbox 1080 4953 1355 5017; x_wconf 78' lang='grc' dir='ltr'>ἐξικέσθαι</span> <span class='ocrx_word' id='word_1_706' title='bbox 1379 4953 1437 5006; x_wconf 81' lang='grc' dir='ltr'>δὲ</span> <span class='ocrx_word' id='word_1_707' title='bbox 1464 4955 1598 5022; x_wconf 76' lang='grc' dir='ltr'>πρὸς</span> <span class='ocrx_word' id='word_1_708' title='bbox 1631 4952 1699 5005; x_wconf 87' lang='grc' dir='ltr'><strong>τά</strong></span> 
     </span>
    </p>
   </div>
   <div class='ocr_carea' id='block_1_96' title="bbox 158 5040 1697 5115">
    <p class='ocr_par' dir='ltr' id='par_1_96' title="bbox 158 5040 1697 5115">
     <span class='ocr_line' id='line_1_96' title="bbox 158 5040 1697 5115; baseline 0.008 -32"><span class='ocrx_word' id='word_1_709' title='bbox 158 5044 509 5112; x_wconf 80' lang='grc' dir='ltr'>συνεωραμένα</span> <span class='ocrx_word' id='word_1_710' title='bbox 543 5043 895 5113; x_wconf 84' lang='grc' dir='ltr'>δραστήριος,</span> <span class='ocrx_word' id='word_1_711' title='bbox 928 5045 1226 5115; x_wconf 86' lang='grc' dir='ltr'>οἰκτίρμων</span> <span class='ocrx_word' id='word_1_712' title='bbox 1253 5061 1314 5097; x_wconf 89' lang='grc' dir='ltr'><strong>τε</strong></span> <span class='ocrx_word' id='word_1_713' title='bbox 1339 5045 1406 5097; x_wconf 86' lang='grc' dir='ltr'>τὸ</span> <span class='ocrx_word' id='word_1_714' title='bbox 1431 5040 1564 5115; x_wconf 81' lang='grc' dir='ltr'>ἦθος</span> <span class='ocrx_word' id='word_1_715' title='bbox 1605 5046 1697 5097; x_wconf 83' lang='grc' dir='ltr'>καὶ</span> 
     </span>
    </p>
   </div>
   <div class='ocr_carea' id='block_1_97' title="bbox 157 5130 1694 5206">
    <p class='ocr_par' dir='ltr' id='par_1_97' title="bbox 157 5130 1694 5206">
     <span class='ocr_line' id='line_1_97' title="bbox 157 5130 1694 5206; baseline 0 -19"><span class='ocrx_word' id='word_1_716' title='bbox 157 5130 386 5197; x_wconf 70' lang='grc' dir='ltr'>κρηστὸς,</span> <span class='ocrx_word' id='word_1_717' title='bbox 411 5136 503 5187; x_wconf 69' lang='grc' dir='ltr'>καὶ</span> <span class='ocrx_word' id='word_1_718' title='bbox 528 5136 595 5205; x_wconf 83' lang='grc' dir='ltr'><strong>τῇ</strong></span> <span class='ocrx_word' id='word_1_719' title='bbox 631 5135 730 5205; x_wconf 76' lang='grc' dir='ltr'>μὲν</span> <span class='ocrx_word' id='word_1_720' title='bbox 767 5135 1028 5206; x_wconf 81' lang='grc' dir='ltr'>εὐτολμίᾳ</span> <span class='ocrx_word' id='word_1_721' title='bbox 1058 5135 1250 5198; x_wconf 82' lang='grc' dir='ltr'>δεινῶς</span> <span class='ocrx_word' id='word_1_722' title='bbox 1278 5135 1554 5204; x_wconf 85' lang='grc' dir='ltr'>ἀπότομος</span> <span class='ocrx_word' id='word_1_723' title='bbox 1575 5175 1591 5200; x_wconf 90' lang='grc'><strong>,</strong></span> <span class='ocrx_word' id='word_1_724' title='bbox 1627 5137 1694 5206; x_wconf 81' lang='grc' dir='ltr'>τῇ</span> 
     </span>
    </p>
   </div>
   <div class='ocr_carea' id='block_1_98' title="bbox 156 5211 1696 5300">
    <p class='ocr_par' dir='ltr' id='par_1_98' title="bbox 156 5211 1696 5300">
     <span class='ocr_line' id='line_1_98' title="bbox 156 5211 1696 5300; baseline 0.011 -31"><span class='ocrx_word' id='word_1_725' title='bbox 156 5211 199 5264; x_wconf 64' lang='grc' dir='ltr'><strong>δὲ</strong></span> <span class='ocrx_word' id='word_1_726' title='bbox 242 5226 534 5297; x_wconf 77' lang='grc' dir='ltr'>μετριότητι</span> <span class='ocrx_word' id='word_1_727' title='bbox 589 5227 976 5299; x_wconf 79' lang='grc' dir='ltr'>φιλάνθρωπός</span> <span class='ocrx_word' id='word_1_728' title='bbox 1028 5246 1090 5280; x_wconf 89' lang='grc' dir='ltr'><strong>τε</strong></span> <span class='ocrx_word' id='word_1_729' title='bbox 1136 5229 1230 5282; x_wconf 70' lang='grc' dir='ltr'>καὶ</span> <span class='ocrx_word' id='word_1_730' title='bbox 1277 5230 1559 5300; x_wconf 83' lang='grc' dir='ltr'>μειλίχιος.</span> <span class='ocrx_word' id='word_1_731' title='bbox 1604 5231 1696 5282; x_wconf 81' lang='grc' dir='ltr'><strong>Διὸ</strong></span> 
     </span>
    </p>
   </div>
   <div class='ocr_carea' id='block_1_99' title="bbox 159 5309 1697 5393">
    <p class='ocr_par' dir='ltr' id='par_1_99' title="bbox 159 5309 1697 5393">
     <span class='ocr_line' id='line_1_99' title="bbox 159 5309 1697 5393; baseline 0.004 -23"><span class='ocrx_word' id='word_1_732' title='bbox 159 5309 328 5379; x_wconf 55' lang='grc' dir='ltr'>σῖαάδρα</span> <span class='ocrx_word' id='word_1_733' title='bbox 375 5317 470 5386; x_wconf 84' lang='grc' dir='ltr'>μὲν</span> <span class='ocrx_word' id='word_1_734' title='bbox 507 5321 713 5388; x_wconf 88' lang='grc' dir='ltr'>περιὼν</span> <span class='ocrx_word' id='word_1_735' title='bbox 750 5323 865 5383; x_wconf 89' lang='grc' dir='ltr'>τοῖς</span> <span class='ocrx_word' id='word_1_736' title='bbox 893 5321 1174 5390; x_wconf 87' lang='grc' dir='ltr'>πολεμίοις</span> <span class='ocrx_word' id='word_1_737' title='bbox 1209 5323 1439 5392; x_wconf 81' lang='grc' dir='ltr'>φοϐερὸς</span> <span class='ocrx_word' id='word_1_738' title='bbox 1479 5319 1569 5393; x_wconf 82' lang='grc' dir='ltr'>ἦν,</span> <span class='ocrx_word' id='word_1_739' title='bbox 1602 5324 1697 5376; x_wconf 78' lang='grc' dir='ltr'>καὶ</span> 
     </span>
    </p>
   </div>
   <div class='ocr_carea' id='block_1_100' title="bbox 160 5398 1692 5485">
    <p class='ocr_par' dir='ltr' id='par_1_100' title="bbox 160 5398 1692 5485">
     <span class='ocr_line' id='line_1_100' title="bbox 160 5398 1692 5485; baseline 0.005 -25"><span class='ocrx_word' id='word_1_740' title='bbox 160 5398 328 5467; x_wconf 81' lang='grc' dir='ltr'>πάντες</span> <span class='ocrx_word' id='word_1_741' title='bbox 371 5409 530 5463; x_wconf 73' lang='grc' dir='ltr'>αὐτὸν</span> <span class='ocrx_word' id='word_1_742' title='bbox 578 5411 976 5482; x_wconf 70' lang='grc' dir='ltr'>κατωρρώδουν</span> <span class='ocrx_word' id='word_1_743' title='bbox 1023 5413 1244 5467; x_wconf 70' lang='grc' dir='ltr'>ἐπειδὰν</span> <span class='ocrx_word' id='word_1_744' title='bbox 1297 5416 1692 5485; x_wconf 78' lang='grc' dir='ltr'>ἀπεχθάνοιτο,</span> 
     </span>
    </p>
   </div>
   <div class='ocr_carea' id='block_1_101' title="bbox 159 5488 1694 5573">
    <p class='ocr_par' dir='ltr' id='par_1_101' title="bbox 159 5488 1694 5573">
     <span class='ocr_line' id='line_1_101' title="bbox 159 5488 1694 5573; baseline 0.016 -41"><span class='ocrx_word' id='word_1_745' title='bbox 159 5488 249 5547; x_wconf 81' lang='grc' dir='ltr'>τοῖς</span> <span class='ocrx_word' id='word_1_746' title='bbox 265 5489 304 5541; x_wconf 81' lang='grc' dir='ltr'>δ’</span> <span class='ocrx_word' id='word_1_747' title='bbox 338 5495 656 5568; x_wconf 77' lang='grc' dir='ltr'>ἀρχομένοις</span> <span class='ocrx_word' id='word_1_748' title='bbox 686 5501 889 5568; x_wconf 86' lang='grc' dir='ltr'>γλυκύς</span> <span class='ocrx_word' id='word_1_749' title='bbox 917 5520 975 5555; x_wconf 90' lang='grc' dir='ltr'><strong>τε</strong></span> <span class='ocrx_word' id='word_1_750' title='bbox 1003 5505 1097 5556; x_wconf 73' lang='grc' dir='ltr'>καὶ</span> <span class='ocrx_word' id='word_1_751' title='bbox 1124 5504 1354 5573; x_wconf 78' lang='grc' dir='ltr'>ἥμερος.</span> <span class='ocrx_word' id='word_1_752' title='bbox 1386 5504 1578 5558; x_wconf 85' lang='grc' dir='ltr'>Ἔνθεν</span> <span class='ocrx_word' id='word_1_753' title='bbox 1599 5507 1694 5558; x_wconf 81' lang='grc' dir='ltr'>καὶ</span> 
     </span>
    </p>
   </div>
   <div class='ocr_carea' id='block_1_102' title="bbox 161 5575 1688 5661">
    <p class='ocr_par' dir='ltr' id='par_1_102' title="bbox 161 5575 1688 5661">
     <span class='ocr_line' id='line_1_102' title="bbox 161 5575 1688 5661; baseline 0.017 -39"><span class='ocrx_word' id='word_1_754' title='bbox 161 5575 386 5637; x_wconf 84' lang='grc' dir='ltr'>τελευτῶν</span> <span class='ocrx_word' id='word_1_755' title='bbox 428 5591 594 5644; x_wconf 83' lang='grc' dir='ltr'>πόθον</span> <span class='ocrx_word' id='word_1_756' title='bbox 637 5592 802 5646; x_wconf 81' lang='grc' dir='ltr'>αὑτοῦ</span> <span class='ocrx_word' id='word_1_757' title='bbox 839 5593 1101 5649; x_wconf 88' lang='grc' dir='ltr'>κατέλιπε</span> <span class='ocrx_word' id='word_1_758' title='bbox 1130 5596 1321 5661; x_wconf 80' lang='grc' dir='ltr'>πολὺν,</span> <span class='ocrx_word' id='word_1_759' title='bbox 1353 5595 1447 5649; x_wconf 80' lang='grc' dir='ltr'>καὶ</span> <span class='ocrx_word' id='word_1_760' title='bbox 1492 5596 1688 5659; x_wconf 79' lang='grc' dir='ltr'>πένθος</span> 
     </span>
    </p>
   </div>
   <div class='ocr_carea' id='block_1_103' title="bbox 161 5664 1687 5755">
    <p class='ocr_par' dir='ltr' id='par_1_103' title="bbox 161 5664 1687 5755">
     <span class='ocr_line' id='line_1_103' title="bbox 161 5664 1687 5755; baseline 0.005 -24"><span class='ocrx_word' id='word_1_761' title='bbox 161 5664 317 5740; x_wconf 65' lang='grc' dir='ltr'><strong>ἤγειρε</strong></span> <span class='ocrx_word' id='word_1_762' title='bbox 353 5677 426 5748; x_wconf 83' lang='grc' dir='ltr'>τῷ</span> <span class='ocrx_word' id='word_1_763' title='bbox 459 5681 608 5752; x_wconf 84' lang='grc' dir='ltr'>πόθῳ</span> <span class='ocrx_word' id='word_1_764' title='bbox 654 5683 966 5755; x_wconf 73' lang='grc' dir='ltr'>ἐνάμιλλον.</span> <span class='ocrx_word' id='word_1_765' title='bbox 1011 5686 1069 5738; x_wconf 86' lang='grc' dir='ltr'>Ὀ</span> <span class='ocrx_word' id='word_1_766' title='bbox 1117 5685 1175 5739; x_wconf 78' lang='grc' dir='ltr'>δὲ</span> <span class='ocrx_word' id='word_1_767' title='bbox 1215 5686 1407 5740; x_wconf 87' lang='grc' dir='ltr'>τούτου</span> <span class='ocrx_word' id='word_1_768' title='bbox 1460 5687 1687 5754; x_wconf 77' lang='grc' dir='ltr'>ἁδελφὸς</span> 
     </span>
    </p>
   </div>
   <div class='ocr_carea' id='block_1_104' title="bbox 1798 4860 3381 4929">
    <p class='ocr_par' dir='ltr' id='par_1_104' title="bbox 1798 4860 3381 4929">
     <span class='ocr_line' id='line_1_104' title="bbox 1798 4860 3381 4929; baseline 0.004 -17"><span class='ocrx_word' id='word_1_769' title='bbox 1798 4860 2076 4929; x_wconf 58' lang='lat' dir='ltr'><strong>praeditus.</strong></span> <span class='ocrx_word' id='word_1_770' title='bbox 2128 4860 2265 4926; x_wconf 86' lang='lat' dir='ltr'><strong>Quin</strong></span> <span class='ocrx_word' id='word_1_771' title='bbox 2314 4871 2369 4915; x_wconf 91' lang='lat' dir='ltr'><strong>et</strong></span> <span class='ocrx_word' id='word_1_772' title='bbox 2396 4861 2463 4914; x_wconf 90' lang='lat' dir='ltr'><strong>ad</strong></span> <span class='ocrx_word' id='word_1_773' title='bbox 2499 4864 2902 4918; x_wconf 86' lang='lat' dir='ltr'><strong>controversias</strong></span> <span class='ocrx_word' id='word_1_774' title='bbox 2936 4864 3197 4918; x_wconf 87' lang='lat' dir='ltr'><strong>bellorum</strong></span> <span class='ocrx_word' id='word_1_775' title='bbox 3242 4865 3381 4918; x_wconf 90' lang='lat' dir='ltr'><strong>diri-</strong></span> 
     </span>
    </p>
   </div>
   <div class='ocr_carea' id='block_1_105' title="bbox 1799 4952 3381 5024">
    <p class='ocr_par' dir='ltr' id='par_1_105' title="bbox 1799 4952 3381 5024">
     <span class='ocr_line' id='line_1_105' title="bbox 1799 4952 3381 5024; baseline 0.005 -22"><span class='ocrx_word' id='word_1_776' title='bbox 1799 4952 2021 5004; x_wconf 90' lang='lat' dir='ltr'><strong>mendas</strong></span> <span class='ocrx_word' id='word_1_777' title='bbox 2042 4960 2096 5005; x_wconf 90' lang='lat' dir='ltr'><strong>et</strong></span> <span class='ocrx_word' id='word_1_778' title='bbox 2126 4953 2530 5020; x_wconf 86' lang='lat' dir='ltr'><strong>componendas</strong></span> <span class='ocrx_word' id='word_1_779' title='bbox 2562 4969 2776 5023; x_wconf 67' lang='lat' dir='ltr'><strong>aequum</strong></span> <span class='ocrx_word' id='word_1_780' title='bbox 2813 4954 3125 5024; x_wconf 89' lang='lat' dir='ltr'><strong>bonumque</strong></span> <span class='ocrx_word' id='word_1_781' title='bbox 3157 4970 3216 5010; x_wconf 92' lang='lat' dir='ltr'><strong>se</strong></span> <span class='ocrx_word' id='word_1_782' title='bbox 3238 4970 3381 5024; x_wconf 78' lang='lat' dir='ltr'><strong>prac-</strong></span> 
     </span>
    </p>
   </div>
   <div class='ocr_carea' id='block_1_106' title="bbox 1796 5041 3380 5114">
    <p class='ocr_par' dir='ltr' id='par_1_106' title="bbox 1796 5041 3380 5114">
     <span class='ocr_line' id='line_1_106' title="bbox 1796 5041 3380 5114; baseline 0.004 -18"><span class='ocrx_word' id='word_1_783' title='bbox 1796 5043 1976 5107; x_wconf 86' lang='lat' dir='ltr'><strong>bebat,</strong></span> <span class='ocrx_word' id='word_1_784' title='bbox 2023 5056 2123 5113; x_wconf 86' lang='lat' dir='ltr'><strong>nec</strong></span> <span class='ocrx_word' id='word_1_785' title='bbox 2173 5041 2470 5098; x_wconf 78' lang='lat' dir='ltr'><strong>difﬁcilem.</strong></span> <span class='ocrx_word' id='word_1_786' title='bbox 2507 5045 2588 5098; x_wconf 91' lang='lat' dir='ltr'><strong>Ad</strong></span> <span class='ocrx_word' id='word_1_787' title='bbox 2644 5045 3079 5114; x_wconf 87' lang='lat' dir='ltr'><strong>perspiciendum</strong></span> <span class='ocrx_word' id='word_1_788' title='bbox 3121 5061 3208 5102; x_wconf 91' lang='lat' dir='ltr'><strong>res</strong></span> <span class='ocrx_word' id='word_1_789' title='bbox 3261 5048 3380 5103; x_wconf 91' lang='lat' dir='ltr'><strong>ido-</strong></span> 
     </span>
    </p>
   </div>
   <div class='ocr_carea' id='block_1_107' title="bbox 1799 5134 3377 5204">
    <p class='ocr_par' dir='ltr' id='par_1_107' title="bbox 1799 5134 3377 5204">
     <span class='ocr_line' id='line_1_107' title="bbox 1799 5134 3377 5204; baseline 0.005 -19"><span class='ocrx_word' id='word_1_790' title='bbox 1799 5147 1953 5197; x_wconf 90' lang='lat' dir='ltr'><strong>neus,</strong></span> <span class='ocrx_word' id='word_1_791' title='bbox 1998 5139 2054 5186; x_wconf 89' lang='lat' dir='ltr'><strong>et</strong></span> <span class='ocrx_word' id='word_1_792' title='bbox 2097 5134 2165 5185; x_wconf 90' lang='lat' dir='ltr'><strong>ad</strong></span> <span class='ocrx_word' id='word_1_793' title='bbox 2195 5135 2599 5204; x_wconf 82' lang='lat' dir='ltr'><strong>exsequendum</strong></span> <span class='ocrx_word' id='word_1_794' title='bbox 2646 5137 2784 5191; x_wconf 88' lang='lat' dir='ltr'><strong>bene</strong></span> <span class='ocrx_word' id='word_1_795' title='bbox 2830 5137 3205 5193; x_wconf 86' lang='lat' dir='ltr'><strong>consideratas</strong></span> <span class='ocrx_word' id='word_1_796' title='bbox 3238 5149 3377 5193; x_wconf 81' lang='lat' dir='ltr'><strong>stre-</strong></span> 
     </span>
    </p>
   </div>
   <div class='ocr_carea' id='block_1_108' title="bbox 1803 5225 3382 5296">
    <p class='ocr_par' dir='ltr' id='par_1_108' title="bbox 1803 5225 3382 5296">
     <span class='ocr_line' id='line_1_108' title="bbox 1803 5225 3382 5296; baseline 0.005 -18"><span class='ocrx_word' id='word_1_797' title='bbox 1803 5241 1956 5278; x_wconf 88' lang='lat' dir='ltr'><strong>nttns.</strong></span> <span class='ocrx_word' id='word_1_798' title='bbox 2003 5225 2221 5296; x_wconf 86' lang='lat' dir='ltr'><strong>Ingenio</strong></span> <span class='ocrx_word' id='word_1_799' title='bbox 2272 5236 2327 5281; x_wconf 86' lang='lat' dir='ltr'><strong>et</strong></span> <span class='ocrx_word' id='word_1_800' title='bbox 2377 5227 2623 5282; x_wconf 88' lang='lat' dir='ltr'><strong>moribus</strong></span> <span class='ocrx_word' id='word_1_801' title='bbox 2669 5227 2930 5293; x_wconf 87' lang='lat' dir='ltr'><strong>clemens,</strong></span> <span class='ocrx_word' id='word_1_802' title='bbox 2985 5230 3297 5286; x_wconf 87' lang='lat' dir='ltr'><strong>misericors</strong></span> <span class='ocrx_word' id='word_1_803' title='bbox 3325 5242 3382 5286; x_wconf 89' lang='lat' dir='ltr'><strong>et</strong></span> 
     </span>
    </p>
   </div>
   <div class='ocr_carea' id='block_1_109' title="bbox 1800 5316 3383 5388">
    <p class='ocr_par' dir='ltr' id='par_1_109' title="bbox 1800 5316 3383 5388">
     <span class='ocr_line' id='line_1_109' title="bbox 1800 5316 3383 5388; baseline 0.003 -15"><span class='ocrx_word' id='word_1_804' title='bbox 1800 5319 2098 5373; x_wconf 86' lang='lat' dir='ltr'><strong>beneﬁcus.</strong></span> <span class='ocrx_word' id='word_1_805' title='bbox 2134 5316 2192 5371; x_wconf 91' lang='lat' dir='ltr'><strong>ln</strong></span> <span class='ocrx_word' id='word_1_806' title='bbox 2227 5318 2482 5386; x_wconf 90' lang='lat' dir='ltr'><strong>periculis</strong></span> <span class='ocrx_word' id='word_1_807' title='bbox 2529 5320 2746 5388; x_wconf 83' lang='lat' dir='ltr'><strong>quidem</strong></span> <span class='ocrx_word' id='word_1_808' title='bbox 2798 5322 3064 5376; x_wconf 85' lang='lat' dir='ltr'><strong>adeundis</strong></span> <span class='ocrx_word' id='word_1_809' title='bbox 3091 5321 3244 5376; x_wconf 78' lang='lat' dir='ltr'><strong>ferox</strong></span> <span class='ocrx_word' id='word_1_810' title='bbox 3277 5342 3291 5378; x_wconf 89' lang='lat'><strong>:</strong></span> <span class='ocrx_word' id='word_1_811' title='bbox 3327 5337 3383 5378; x_wconf 90' lang='lat' dir='ltr'><strong>at</strong></span> 
     </span>
    </p>
   </div>
   <div class='ocr_carea' id='block_1_110' title="bbox 1806 5412 3378 5480">
    <p class='ocr_par' dir='ltr' id='par_1_110' title="bbox 1806 5412 3378 5480">
     <span class='ocr_line' id='line_1_110' title="bbox 1806 5412 3378 5480; baseline 0.003 -17"><span class='ocrx_word' id='word_1_812' title='bbox 1806 5413 1858 5464; x_wconf 90' lang='lat' dir='ltr'><strong>in</strong></span> <span class='ocrx_word' id='word_1_813' title='bbox 1890 5420 2089 5466; x_wconf 81' lang='lat' dir='ltr'><strong>caetera</strong></span> <span class='ocrx_word' id='word_1_814' title='bbox 2139 5412 2247 5465; x_wconf 89' lang='lat' dir='ltr'><strong>vita</strong></span> <span class='ocrx_word' id='word_1_815' title='bbox 2295 5426 2554 5480; x_wconf 86' lang='lat' dir='ltr'><strong>perquam</strong></span> <span class='ocrx_word' id='word_1_816' title='bbox 2588 5414 2854 5468; x_wconf 85' lang='lat' dir='ltr'><strong>humanus</strong></span> <span class='ocrx_word' id='word_1_817' title='bbox 2882 5424 2937 5471; x_wconf 91' lang='lat' dir='ltr'><strong>et</strong></span> <span class='ocrx_word' id='word_1_818' title='bbox 2995 5416 3187 5470; x_wconf 90' lang='lat' dir='ltr'><strong>comis.</strong></span> <span class='ocrx_word' id='word_1_819' title='bbox 3232 5413 3378 5476; x_wconf 77' lang='lat' dir='ltr'><strong>ldco,</strong></span> 
     </span>
    </p>
   </div>
   <div class='ocr_carea' id='block_1_111' title="bbox 1798 5502 3375 5577">
    <p class='ocr_par' dir='ltr' id='par_1_111' title="bbox 1798 5502 3375 5577">
     <span class='ocr_line' id='line_1_111' title="bbox 1798 5502 3375 5577; baseline 0.004 -25"><span class='ocrx_word' id='word_1_820' title='bbox 1798 5502 2034 5570; x_wconf 80' lang='lat' dir='ltr'><strong>quandiu</strong></span> <span class='ocrx_word' id='word_1_821' title='bbox 2065 5502 2212 5556; x_wconf 91' lang='lat' dir='ltr'><strong>salva</strong></span> <span class='ocrx_word' id='word_1_822' title='bbox 2257 5503 2306 5556; x_wconf 90' lang='lat' dir='ltr'><strong>ei</strong></span> <span class='ocrx_word' id='word_1_823' title='bbox 2337 5502 2447 5556; x_wconf 90' lang='lat' dir='ltr'><strong>vita</strong></span> <span class='ocrx_word' id='word_1_824' title='bbox 2477 5506 2698 5568; x_wconf 78' lang='lat' dir='ltr'><strong>muns-it,</strong></span> <span class='ocrx_word' id='word_1_825' title='bbox 2737 5506 2982 5562; x_wconf 85' lang='lat' dir='ltr'><strong>hostibus</strong></span> <span class='ocrx_word' id='word_1_826' title='bbox 3008 5524 3168 5577; x_wconf 90' lang='lat' dir='ltr'><strong>quam</strong></span> <span class='ocrx_word' id='word_1_827' title='bbox 3201 5511 3375 5562; x_wconf 74' lang='lat' dir='ltr'><strong>maxi-</strong></span> 
     </span>
    </p>
   </div>
   <div class='ocr_carea' id='block_1_112' title="bbox 1803 5593 3374 5665">
    <p class='ocr_par' dir='ltr' id='par_1_112' title="bbox 1803 5593 3374 5665">
     <span class='ocr_line' id='line_1_112' title="bbox 1803 5593 3374 5665; baseline 0.004 -19"><span class='ocrx_word' id='word_1_828' title='bbox 1803 5609 1887 5646; x_wconf 86' lang='lat' dir='ltr'><strong>me</strong></span> <span class='ocrx_word' id='word_1_829' title='bbox 1917 5593 2315 5648; x_wconf 77' lang='lat' dir='ltr'><strong>formidabilem</strong></span> <span class='ocrx_word' id='word_1_830' title='bbox 2342 5596 2424 5661; x_wconf 85' lang='lat' dir='ltr'><strong>(ut</strong></span> <span class='ocrx_word' id='word_1_831' title='bbox 2464 5610 2656 5648; x_wconf 88' lang='lat' dir='ltr'><strong>omnes</strong></span> <span class='ocrx_word' id='word_1_832' title='bbox 2690 5598 3017 5665; x_wconf 85' lang='lat' dir='ltr'><strong>quibuscum</strong></span> <span class='ocrx_word' id='word_1_833' title='bbox 3061 5598 3374 5652; x_wconf 81' lang='lat' dir='ltr'><strong>inimicitias</strong></span> 
     </span>
    </p>
   </div>
   <div class='ocr_carea' id='block_1_113' title="bbox 1800 5689 3498 5756">
    <p class='ocr_par' dir='ltr' id='par_1_113' title="bbox 1800 5689 3498 5756">
     <span class='ocr_line' id='line_1_113' title="bbox 1800 5689 3498 5756; baseline 0.006 -20"><span class='ocrx_word' id='word_1_834' title='bbox 1800 5695 2134 5752; x_wconf 58' lang='lat' dir='ltr'><strong>susceperat,</strong></span> <span class='ocrx_word' id='word_1_835' title='bbox 2181 5700 2304 5738; x_wconf 89' lang='lat' dir='ltr'><strong>eum</strong></span> <span class='ocrx_word' id='word_1_836' title='bbox 2346 5690 2807 5756; x_wconf 78' lang='lat' dir='ltr'><strong>expavescerent),</strong></span> <span class='ocrx_word' id='word_1_837' title='bbox 2850 5689 2944 5744; x_wconf 89' lang='lat' dir='ltr'><strong>scd</strong></span> <span class='ocrx_word' id='word_1_838' title='bbox 2989 5691 3200 5746; x_wconf 80' lang='lat' dir='ltr'><strong>civibus</strong></span> <span class='ocrx_word' id='word_1_839' title='bbox 3246 5706 3376 5746; x_wconf 83' lang='lat' dir='ltr'><strong>sua-</strong></span> <span class='ocrx_word' id='word_1_840' title='bbox 3485 5723 3498 5734; x_wconf 68' lang='grc' dir='ltr'><em>κ</em></span> 
     </span>
    </p>
   </div>
   <div class='ocr_carea' id='block_1_114' title="bbox 1397 5782 2092 5837">
    <p class='ocr_par' dir='ltr' id='par_1_114' title="bbox 1397 5782 2092 5837">
     <span class='ocr_line' id='line_1_114' title="bbox 1397 5782 2092 5837; baseline 0.001 -3"><span class='ocrx_word' id='word_1_841' title='bbox 1397 5783 1632 5836; x_wconf 68' lang='lat' dir='ltr'><strong>VARUS</strong></span> <span class='ocrx_word' id='word_1_842' title='bbox 1685 5783 1812 5837; x_wconf 66' lang='grc' dir='ltr'>ιεα</span> <span class='ocrx_word' id='word_1_843' title='bbox 1834 5782 1979 5836; x_wconf 76' lang='grc' dir='ltr'><strong>ΗοΝ</strong></span> <span class='ocrx_word' id='word_1_844' title='bbox 1993 5782 2092 5835; x_wconf 62' lang='lat' dir='ltr'><strong>ss.</strong></span> 
     </span>
    </p>
   </div>
   <div class='ocr_carea' id='block_1_115' title="bbox 231 5858 3124 5948">
    <p class='ocr_par' dir='ltr' id='par_1_115' title="bbox 231 5858 3124 5948">
     <span class='ocr_line' id='line_1_115' title="bbox 231 5858 3124 5948; baseline 0.004 -27"><span class='ocrx_word' id='word_1_845' title='bbox 231 5858 389 5933; x_wconf 59' lang='lat'><strong>“17,5.</strong></span> <span class='ocrx_word' id='word_1_846' title='bbox 428 5872 698 5944; x_wconf 70' lang='grc' dir='ltr'>τὸνλόγον</span> <span class='ocrx_word' id='word_1_847' title='bbox 730 5892 787 5939; x_wconf 74' lang='grc' dir='ltr'>ς.</span> <span class='ocrx_word' id='word_1_848' title='bbox 870 5877 912 5913; x_wconf 74' lang='grc'><strong>³⁸</strong></span> <span class='ocrx_word' id='word_1_849' title='bbox 950 5877 1194 5948; x_wconf 67' lang='grc' dir='ltr'>στέργειν</span> <span class='ocrx_word' id='word_1_850' title='bbox 1233 5895 1291 5942; x_wconf 73' lang='grc' dir='ltr'>ς.</span> <span class='ocrx_word' id='word_1_851' title='bbox 1379 5879 1786 5933; x_wconf 67' lang='grc' dir='ltr'>¹⁶τὲ6αείλευςεν</span> <span class='ocrx_word' id='word_1_852' title='bbox 1813 5895 1872 5942; x_wconf 72' lang='grc' dir='ltr'><strong>τ.</strong></span> <span class='ocrx_word' id='word_1_853' title='bbox 1955 5878 1994 5907; x_wconf 59' lang='grc' dir='ltr'><strong>’λ’</strong></span> <span class='ocrx_word' id='word_1_854' title='bbox 2031 5875 2154 5930; x_wconf 76' lang='lat' dir='ltr'><strong>libri</strong></span> <span class='ocrx_word' id='word_1_855' title='bbox 2186 5875 2757 5946; x_wconf 72' lang='grc' dir='ltr'>δημεκρατικώτατον.</span> <span class='ocrx_word' id='word_1_856' title='bbox 2841 5879 2878 5910; x_wconf 72' lang='grc' dir='ltr'>’δ</span> <span class='ocrx_word' id='word_1_857' title='bbox 3032 5881 3075 5932; x_wconf 73' lang='grc' dir='ltr'>Α</span> <span class='ocrx_word' id='word_1_858' title='bbox 3114 5901 3124 5938; x_wconf 69' lang='grc' dir='ltr'><strong>ς</strong></span> 
     </span>
    </p>
   </div>
   <div class='ocr_carea' id='block_1_116' title="bbox 1163 6045 1176 6074">
    <p class='ocr_par' dir='ltr' id='par_1_116' title="bbox 1163 6045 1176 6074">
     <span class='ocr_line' id='line_1_116' title="bbox 1163 6045 1176 6074; baseline 0 0"><span class='ocrx_word' id='word_1_859' title='bbox 1163 6045 1176 6074; x_wconf 80' lang='lat'><strong><em>\</em></strong></span> 
     </span>
    </p>
   </div>
   <div class='ocr_carea' id='block_1_117' title="bbox 3158 5882 3303 5944">
    <p class='ocr_par' dir='ltr' id='par_1_117' title="bbox 3158 5882 3303 5944">
     <span class='ocr_line' id='line_1_117' title="bbox 3158 5882 3303 5944; baseline 0.021 -12"><span class='ocrx_word' id='word_1_860' title='bbox 3158 5882 3210 5933; x_wconf 76' lang='grc' dir='ltr'>ἰν</span> <span class='ocrx_word' id='word_1_861' title='bbox 3244 5898 3303 5944; x_wconf 78' lang='grc' dir='ltr'>ς.</span> 
     </span>
    </p>
   </div>
  </div>
