3994 6398
175 433 265 494 885
1164 434 1693 505 ΒΙΒΕῘΟΤΗΕΟΛ.
1724 457 1737 469 ·

1842 436 1969 495 ἷΟΒ.
2003 437 2297 497 CCXXIV.
3281 434 3383 496 836

172 572 274 606 πων
313 549 685 612 ἁποπτάντος,
742 548 840 601 καὶ
882 549 1163 619 Κρατεροῦ
1218 551 1353 620 πρὸς
1407 549 1574 602 Φίλαν
1616 549 1713 619 τὴν

1842 566 1933 606 'am
1968 549 2184 605 fecisset
2218 564 2462 613 uxorem,
2519 550 2744 603 Cratero
2784 550 2895 619 (qui
2947 551 3085 605 inter
3135 552 3384 605 charissi-

181 641 514 709 Ἀντιπᾶτρου
574 636 991 703 ἀποκλίναντος,
1052 640 1247 711 γνώμῃ
1309 631 1429 692 τοῦ¹
1464 640 1717 704 λιπόντος

1842 656 1941 696 nos
1969 641 2017 694 ei
2070 641 2191 705 fuit)
2246 649 2470 709 nuptum
2506 640 2747 695 dederat.
2788 642 2857 693 At
2892 656 3034 705 cum,
3082 642 3390 721 Alexandro

170 730 406 799 Διονυσίῳ
433 730 465 799 ἠ
498 729 799 799 Ἀμαστρις
823 728 1205 791 συνοικίζεται.
1248 728 1337 793 Ἐξ
1362 722 1431 801 οὗ⁵
1455 730 1545 782 ἐπὶ
1574 732 1717 798 μέγα

170 823 198 889 ἡ
222 820 352 889 ἀρχὴ
377 817 522 887 αὐτῷ
543 816 738 887 διήρθη
766 816 999 870 πλούτου
1021 836 1079 870 τε
1114 818 1373 893 τεριὸολῇ
1406 822 1475 893 τῇ
1508 819 1595 873 διὰ
1623 821 1720 889 τῆς

172 887 449 979 ἐπιγαμίας
479 909 837 980 προστεθείσῃ
866 910 960 962 καὶ
993 910 1097 981 ἰδίᾳ
1125 887 1412 981 φιλοκαλίᾳ.
1430 887 1583 966 ίοιαὶ
1612 887 1720 983 γαρ

173 1004 254 1055 καὶ
287 1002 381 1072 τὴν
414 999 508 1054 τοῦ
559 1002 833 1055 Διονυσίου
888 1004 1066 1055 πᾶσαν
1108 1003 1405 1071 ἐπισκευὴν
1440 1002 1533 1055 τοῦ
1566 1005 1721 1056 Σικε-

140 1093 274 1155 λίας
332 1092 768 1162 τυραννήσαντος
811 1093 971 1146 αὑτὸν
1027 1093 1259 1163 ἐπῆλθεν
1316 1093 1714 1164 ἐξωνήσασθαι,

172 1186 258 1253 τῆς
280 1184 447 1254 ἀρχῆς
473 1184 680 1239 ἐκείνου
716 1186 1128 1256 διαφθαρείσης.
1158 1187 1233 1240 Οὐ
1259 1186 1434 1239 ταῦτα
1468 1187 1523 1239 δὲ
1562 1187 1721 1255 μόνον

174 1278 431 1346 αὐτῷτὴν
475 1278 650 1349 ἀρχὴν
693 1280 1096 1351 ὲπεκρόιτυνεν,
1136 1279 1273 1331 ἀλλὰ
1302 1280 1396 1331 καὶ
1444 1279 1723 1351 εὐπραγία

176 1368 255 1422 καὶ
274 1367 449 1423 εὔνοια
469 1369 579 1422 τῶν
609 1370 885 1439 ὑπηκόων,
920 1372 1013 1423 καὶ
1042 1369 1249 1423 πολλῶν
1270 1363 1343 1423 ὧν
1371 1370 1473 1422 οὐκ
1501 1370 1723 1440 ἐκράτει

176 1458 416 1527 πρότερον
454 1460 487 1526 ή
528 1459 807 1529 κυριότης.
840 1460 950 1511 Καὶ
993 1460 1278 1529 Ἀντιγόνῳ
1304 1460 1361 1511 δὲ
1389 1458 1485 1531 τὴν
1540 1460 1724 1514 Ἀσίαν

178 1547 435 1617 κατέχοντι
464 1548 735 1620 λαμπρῶς
766 1552 1157 1620 συμμαχήσας,
1182 1551 1343 1603 ὁπότε
1375 1550 1473 1622 τὴν
1499 1550 1723 1622 Κύπρον

176 1639 478 1708 ἐπολιόρκει,
520 1642 613 1694 τὸν
654 1642 967 1709 ἀδελφιδοῦν
1016 1642 1349 1712 Πτολεμαῖον
1398 1644 1726 1715 (στρατηγὸς

175 1733 222 1785 δὲ
240 1726 382 1796 οὗτος
411 1729 480 1804 ἦν
510 1735 620 1787 τῶν
647 1736 775 1807 περὶ
805 1736 896 1788 τὸν
939 1734 1366 1807 Ἑλλήσποντον)
1415 1738 1726 1807 φιλοτιμίας

177 1824 387 1896 ἀμοιϐὴν
417 1825 618 1895 εὕρατο
644 1828 776 1898 παρ’
822 1828 1112 1898 Ἀντιγόνῳ
1148 1829 1397 1899 γαμῦρὺν
1425 1828 1608 1882 λαϐεῖν
1633 1830 1726 1882 ἐπὶ

1824 732 1986 786 rebus
2047 732 2357 786 mortaliqu
2424 747 2651 801 propere
2707 742 2977 801 exempto,
3022 732 3278 787 Craterus
3322 735 3390 787 ad

1822 819 2051 885 Philam,
2082 821 2371 891 Antipatro
2394 833 2595 885 natam,
2634 824 2870 877 animum
2917 822 3198 891 adjiceret,
3227 823 3391 877 Ama-

1825 913 1943 975 tris,
1983 914 2257 968 desertore
2298 930 2402 968 non
2444 916 2631 981 invito,
2683 916 2899 970 domum
2941 930 2971 969 a
3012 915 3265 987 Dionysio
3303 916 3393 970 du-

1823 1001 1984 1056 citur.
2018 1003 2097 1056 Ex
2139 1018 2248 1072 quo
2297 1004 2363 1058 ad
2412 1021 2666 1074 magnum
2695 1005 2744 1060 ei
2780 1014 3126 1075 augmentum
3156 1004 3392 1060 domina-

1825 1105 1908 1149 tus
1935 1110 2058 1151 sese
2082 1097 2295 1162 extulit,
2328 1106 2437 1150 tum
2467 1112 2627 1165 opum
2658 1113 2688 1151 e
2719 1096 3025 1152 recentibus
3066 1096 3268 1166 nuptiis
3298 1112 3392 1151 ac-

1825 1186 2091 1250 cessione,
2130 1195 2243 1241 tum
2290 1188 2458 1255 ipsius
2498 1188 2661 1241 etiam
2708 1186 2967 1257 principis
2997 1186 3177 1240 studio
3202 1194 3256 1239 et
3282 1200 3396 1239 ma-

1824 1277 2153 1345 gniﬁcentia.
2189 1277 2321 1331 Nam
2351 1287 2405 1333 et
2448 1278 2712 1349 Dionysii,
2761 1279 2853 1348 qui
2886 1278 3084 1334 Sicilia:
3109 1288 3394 1349 tyrannum

1826 1379 2033 1438 egerat,
2086 1385 2304 1425 omnem
2359 1370 2408 1426 ei
2457 1371 2844 1439 supellectilem
2900 1370 3134 1425 facultas
3182 1370 3395 1425 emendi

1828 1462 2072 1530 contigit,
2105 1466 2320 1531 quando
2349 1464 2414 1517 de
2453 1465 2678 1533 imperio
2730 1464 2871 1518 illius
2920 1474 3100 1517 actum
3136 1462 3255 1517 luit.
3288 1462 3399 1517 Nrc

1827 1566 1957 1605 vero
1987 1552 2073 1606 his
2102 1562 2308 1606 tantum
2336 1554 2696 1608 roborabatur
2725 1554 2772 1608 ei
2805 1562 3068 1622 potestas,
3107 1552 3200 1606 sed
3234 1553 3395 1605 etiam

1827 1658 1892 1698 eo
1926 1646 2067 1713 quod
2099 1659 2359 1714 prospero
2396 1660 2648 1699 successu
2676 1652 2731 1698 et
2762 1643 2944 1698 favore
2973 1644 3167 1697 civium
3215 1646 3403 1697 uteba-

1830 1746 1937 1796 tur,
1985 1744 2041 1789 et
2085 1736 2373 1804 imperium
2413 1736 2709 1803 usurpabat
2748 1735 2801 1787 in
2848 1734 3044 1788 multos
3087 1743 3246 1787 antea
3296 1749 3402 1787 non

1831 1824 2120 1893 subjectos.
2176 1825 2449 1894 Antigono
2499 1825 2684 1889 etiam,
2714 1824 2826 1891 jam
2880 1824 3163 1893 magnifice
3218 1823 3401 1876 Asiam

178 1915 399 1988 θυγατρί.
449 1918 515 1970 Ἦ
548 1918 604 1971 δὲ
631 1922 760 1982 παῖς
806 1923 868 1973 ἐκ
902 1921 1187 1992 προτέρων
1216 1917 1285 1992 ἦν
1317 1921 1466 1991 αὑτῷ
1495 1938 1724 1990 γεγενη-

1842 1916 2023 1988 224ὁ
2078 1918 2300 1981 tenenti,
2350 1917 2625 1993 suppetias
2668 1916 2827 1980 tulit,
2880 1915 3095 1985 quando
3165 1914 3402 1985 Cyprum

181 2009 292 2079 μένη
308 2011 353 2041 ’⁵
379 2010 600 2080 γάμων.
636 2012 791 2066 Οὕτω
819 2013 949 2081 γοῦν
980 2015 1059 2077 είς
1098 2016 1239 2084 μέγα
1287 2014 1444 2085 δόξης
1488 2014 1727 2068 ἀνελθὼν

1842 2012 2184 2083 oppugnavit,
2233 2022 2289 2067 et
2342 2010 2704 2075 Ptolemaeum,
2760 2011 2903 2065 illius
2964 2011 3131 2065 fratre
3212 2020 3398 2065 natum

178 2100 365 2153 καὶτὸν
402 2100 671 2171 τύραννον
698 2102 1018 2168 ἀπαξιώσας
1047 2104 1107 2157 τὸ
1138 2105 1401 2174 βασιλέως
1434 2106 1727 2159 ἀντέλαδεν

1842 2105 1937 2173 [cui
1978 2103 2313 2173 Hellesponti
2363 2105 2657 2174 satrapiam
2687 2104 3055 2173 commiserat)
3078 2104 3231 2173 quasi
3258 2118 3401 2174 prte-

179 2189 343 2260 δνομα.
387 2190 516 2263 [569
549 2190 638 2263 [1.]
673 2193 858 2247 Φόὸων
886 2194 941 2247 δὲ
968 2195 1061 2247 καὶ
1090 2195 1386 2265 φροντίδων
1417 2194 1730 2267 ἐλευθεριά-

182 2295 261 2343 σας
316 2282 405 2335 καὶ
456 2284 590 2347 ταῖς
643 2283 1037 2354 καθημεριναῖς
1089 2288 1324 2356 τρυφαῖς
1370 2287 1731 2359 ἐκδιαιτηθεὶς

179 2368 443 2442 ὲξωγκώθη
486 2390 555 2425 τε
599 2374 658 2426 τὸ
693 2374 885 2445 σῶμα,
940 2377 1032 2428 καὶ
1063 2377 1156 2430 τοῦ
1210 2378 1348 2431 κατὰ
1395 2377 1556 2447 φύσιν
1594 2380 1730 2433 πολὺ

181 2462 318 2515 πλέον
353 2465 646 2536 ὲλιπάνθη.
688 2465 810 2536 Ὑφ’
848 2462 921 2522 ὧν
964 2470 1023 2522 οὐ
1060 2470 1221 2539 μόνον
1271 2470 1399 2543 περὶ
1431 2472 1530 2542 τὴν
1559 2471 1733 2543 ἀρχὴν

183 2555 411 2625 ῥᾳθύμως
436 2554 627 2629 εἶχεν,
662 2559 798 2614 ἀλλὰ
847 2563 941 2615 καὶ
970 2564 1192 2619 ἐπειδὰν
1226 2564 1597 2634 ἀφυπνώσειε,
1643 2566 1733 2636 βε-

181 2645 332 2711 λόναις
359 2652 608 2720 μακραῖς
646 2652 707 2704 τὸ
740 2652 899 2724 σῶμα
940 2654 1356 2727 διαπειρόμενος
1393 2658 1438 2689 ’⁸
1483 2657 1611 2729 [712
1640 2656 1733 2730 Ιὶ.]

183 2739 344 2805 (τοῦτο
380 2742 486 2812 γὰρ
512 2743 654 2805 ἄκος
692 2744 851 2812 μόνον
876 2745 970 2798 τοῦ
1007 2747 1179 2817 κὰρου
1214 2748 1310 2801 καὶ
1338 2748 1436 2817 τῆς
1471 2750 1731 2821 ἀναισθη-

186 2829 283 2893 σίας
308 2832 640 2886 ὑπελείπετο
666 2835 757 2903 ³⁸),
799 2837 950 2905 μόλις
971 2838 1069 2907 τῆς
1095 2839 1235 2892 κατὰ
1258 2839 1349 2894 τὸν
1373 2841 1539 2893 ὕπνον
1564 2860 1736 2895 κατα-

184 2923 328 2991 φορᾶς
350 2922 696 2988 ἐξανίστατο.
730 2926 1155 2998 Τεκνωσάμενος
1188 2931 1243 2984 δὲ
1274 2934 1422 3002 τρεῖς
1444 2934 1639 2996 παῖδας
1674 2934 1737 2987 ὲκ

186 3013 268 3081 τῆς
310 3016 640 3089 ’Δμὰστριος
661 3020 737 3085 ’⁷,
786 3020 1087 3091 Κλέαρχον,
1124 3022 1392 3094 Ὀξάθρην
1438 3024 1535 3077 καὶ
1568 3025 1738 3094 θυγα-

188 3118 300 3175 τέρα
337 3108 630 3181 ὁμώνυμον
656 3115 723 3182 τῇ
756 3113 946 3184 μητρὶ,
985 3113 1191 3185 μέλλων
1238 3117 1497 3188 τελευτᾷν
1533 3118 1738 3189 ταύτην

189 3210 235 3246 τε
255 3197 348 3249 τῶν
374 3201 509 3254 ὅλων
537 3201 829 3258 δέσποιναν
852 3204 1254 3275 καταλιμπάνει
1278 3208 1375 3261 καὶ
1405 3207 1513 3261 τῶν
1535 3207 1737 3262 παίδων
1765 3243 1812 3303 c

190 3290 358 3362 κομιδῇ
394 3294 609 3364 νηπίων
647 3294 817 3349 ὄντων
850 3296 945 3350 σόν
975 3315 1117 3351 τισιν
1164 3299 1375 3369 ἑτέροις
1422 3300 1736 3372 ἐπίτροπον,

191 3377 316 3445 βιοὺς
350 3383 447 3451 μὲν
478 3383 579 3452 ἐτη
609 3391 652 3437 ε’
685 3387 778 3439 καὶ
799 3392 862 3450 ν’,
887 3382 962 3440 ὧν
985 3388 1077 3442 ἐπὶ
1104 3388 1205 3458 τῆς
1234 3391 1405 3461 ἀρχῆς
1434 3390 1475 3443 λ’
1515 3390 1740 3463 ἐγνωρί-

192 3467 331 3537 Cato,
378 3475 689 3544 πραότατος
744 3478 802 3530 ὲν
841 3478 1019 3549 αὐτῇ,
1080 3479 1157 3543 ὼς
1208 3480 1445 3551 εἴρηται,
1500 3481 1739 3549 γεγονὼς

191 3560 269 3611 καὶ
312 3563 369 3616 τὸ
404 3566 658 3637 Χρηστὸς
712 3568 1001 3639 ἐπίκλησιν
1051 3571 1114 3623 ὲκ
1164 3570 1273 3623 τῶν
1316 3571 1466 3640 ἠθῶν
1512 3573 1738 3640 ἐνεγκά-

190 3666 360 3791 μενος,
393 3658 485 3710 καὶ
530 3657 704 3713 πολὺν
734 3660 898 3714 πόθον
932 3664 1041 3726 τοῖς
1074 3662 1179 3715 ὑπὸ
1220 3666 1378 3733 χεῖρα
1419 3666 1513 3717 καὶ
1546 3664 1741 3729 πένθος

219 3744 353 3791 ιπών-

219 3744 356 3803 ιπών.

1834 2200 2001 2252 mium
2037 2198 2205 2252 studii
2232 2199 2315 2251 sui
2348 2199 2488 2267 apud
2529 2197 2857 2266 Antigonum
2891 2197 3116 2262 invenit,
3153 2208 3212 2251 ut
3235 2212 3399 2268 gene-

1834 2306 1952 2344 rum
1990 2288 2137 2343 illum
2190 2289 2433 2351 haberet,
2479 2286 2591 2341 filia
2613 2301 2732 2355 qua:
2762 2301 2827 2341 ex
2857 2286 3037 2355 priore
3068 2285 3245 2341 fuerat
3276 2302 3401 2341 sus-

1832 2390 1987 2450 cepta
2014 2380 2286 2449 conjugio,
2324 2380 2376 2433 in
2412 2378 2813 2433 matrimonium
2871 2378 2921 2432 ei
2946 2378 3177 2433 elocata.
3218 2377 3405 2446 Itaque

1835 2471 1901 2524 ad
1941 2484 2190 2540 magnam
2236 2470 2412 2524 elatus
2457 2468 2683 2537 gloriam
2706 2506 2725 2530 ,
2752 2466 2968 2534 tyranni
3017 2480 3214 2520 nomen
3259 2464 3411 2520 dedi-

1836 2571 2050 2631 gnatur,
2080 2570 2135 2617 et
2170 2560 2313 2631 regis
2367 2558 2619 2614 assumit.
2650 2557 2877 2627 Jamque
2915 2566 3059 2611 metu
3086 2566 3141 2611 et
3167 2556 3317 2611 curis
3348 2556 3411 2609 li-

1838 2657 2076 2717 beratus,
2111 2668 2237 2708 cum
2284 2652 2341 2705 in
2377 2650 2709 2721 quotidianis
2745 2650 2912 2703 vitam
2952 2649 3161 2704 deliciis
3194 2656 3405 2717 ageret,

1839 2746 1891 2799 in
1934 2761 2173 2801 crassam
2231 2742 2486 2813 corporis
2521 2741 2717 2796 molem
2767 2740 3029 2807 excrevit,
3084 2740 3414 2810 pinguedine

1837 2853 2002 2909 supra
2034 2846 2241 2891 natura:
2266 2835 2483 2889 modum
2518 2833 2801 2888 adauctus.
2835 2831 2989 2887 Unde
3013 2830 3194 2885 evenit
3223 2840 3283 2884 ut
3306 2846 3412 2884 non

1841 2931 1998 2987 modo
2031 2929 2366 3000 negligenter
2399 2941 2628 2997 regnum
2654 2924 3080 2987 administraret,
3119 2925 3216 2978 sed
3247 2922 3414 2977 etiam

1841 3039 2030 3080 somno
2059 3035 2372 3092 oppressus,
2419 3017 2663 3083 aciculis,
2708 3017 2835 3071 licet
2877 3015 3148 3085 oblongis,
3190 3015 3245 3069 in
3295 3029 3417 3070 cor-

1840 3132 1971 3188 pore
2000 3115 2121 3169 ﬁxis
2152 3114 2230 3185 (id
2255 3112 2398 3168 enim
2418 3110 2593 3166 solum
2630 3108 2839 3164 veterni
2868 3118 2924 3163 et
2950 3105 3191 3177 stuporis
3213 3120 3412 3176 super-

1841 3218 1963 3266 erat
2016 3204 2340 3276 remedium)
2395 3203 2482 3257 vix
2532 3212 2709 3256 tamen
2757 3216 2788 3255 a
2860 3199 3071 3271 scporis
3125 3198 3419 3269 gravedine

1843 3301 2295 3357 exsuscitaretur.
2353 3295 2553 3351 Tribus
2600 3303 2778 3349 autem
2824 3308 2893 3345 ex
2942 3292 3182 3346 Amastri
3226 3290 3418 3347 liberis

1844 3394 1947 3449 sibi
1980 3390 2301 3463 procreatis,
2330 3389 2616 3451 Clearcho,
2641 3385 2907 3449 Oxathre,
2946 3394 3001 3437 et
3030 3382 3137 3435 filia
3172 3381 3417 3451 ejusdem

1844 3495 1965 3536 cum
2001 3490 2173 3532 matre
2217 3478 2474 3541 nominis,
2502 3477 2613 3546 jam
2662 3474 2823 3529 morti
2869 3473 3221 3541 propinquus,
3254 3469 3411 3525 uxori

1848 3572 2373 3628 administrationem
2453 3578 2730 3633 cunctam,
2805 3574 2860 3621 et
2936 3566 3256 3633 liberorum,
3328 3564 3421 3632 qui

1848 3664 2022 3719 adhuc
2061 3674 2264 3720 tenera:
2297 3663 2587 3718 admodum
2636 3660 2813 3714 aetatis
2843 3666 3023 3721 erant,
3054 3656 3278 3711 tutelam
3307 3654 3425 3723 (ad-

1842 3755 2047 3823 junctis
2096 3756 2420 3826 quibusdam
2476 3752 2617 3820 aliis)
2666 3749 2963 3819 relinquit:
3019 3764 3141 3802 cum
3192 3747 3423 3803 vixisset

194 3849 340 3891 annos
368 3853 453 3905 LV,
484 3840 536 3894 in
566 3840 796 3909 imperio
828 3853 1008 3900 autem
1032 3848 1362 3917 conspicuus
1388 3848 1581 3903 fuisset
1608 3864 1736 3911 xxx,
1778 3850 1830 3902 in
1870 3862 1978 3916 quo
2028 3864 2088 3903 se
2138 3848 2487 3903 mitissimum
2559 3847 2725 3916 (quod
2778 3843 2912 3912 dixi)
2971 3841 3161 3913 gessit,
3216 3843 3294 3898 ita
3368 3853 3428 3899 ut

192 3938 583 3994 cognomentum
624 3932 851 4005 Benigni
899 3949 967 3991 ex
1003 3936 1245 3992 moribus
1302 3936 1567 4004 referret;
1616 3953 1977 4009 magnumque
2012 3939 2223 3994 civibus
2274 3938 2602 3994 desideriqu
2667 3948 2721 3993 et
2768 3939 2975 4007 luctum
3039 3947 3160 4006 post
3228 3950 3289 3991 se
3350 3951 3429 3991 re-

196 4018 348 4087 liquit.

250 4114 403 4168 Οὑδὲν
421 4116 477 4170 δὲ
502 4112 668 4191 ἦττον
693 4119 788 4172 καὶ
816 4121 955 4189 μετὰ
982 4121 1081 4191 τὴν
1113 4120 1323 4175 ἐκείνου
1353 4121 1411 4187 ἐξ
1438 4123 1742 4194 ἀνθρώπων

195 4202 513 4279 ἀναχώρησιν
553 4210 623 4264 τὰ
670 4213 767 4282 τῆς
798 4212 1007 4277 πόλεως
1048 4214 1185 4283 πρὸς
1227 4215 1574 4285 εὐδαιμονίαν
1616 4218 1743 4285 ἐφέ-

200 4310 303 4362 ρετο
322 4339 337 4363 ,
381 4302 688 4370 Ἀντιγόνου
736 4305 844 4357 τῶν
874 4321 931 4357 τε
978 4305 1181 4359 παίδων
1212 4308 1488 4360 Διονυσίου
1522 4310 1614 4361 καὶ
1641 4308 1747 4361 τῶν

198 4388 403 4444 πολιτῶν
448 4393 509 4447 οὐ
567 4396 864 4466 παρέργως
909 4399 1333 4467 ¹ιιιρονοουμένου.
1394 4400 1638 4454 Ἐκείνου
1686 4401 1743 4454 δὲ

1922 4118 2103 4175 Nihilo
2134 4126 2314 4174 tamen
2364 4116 2567 4180 minus,
2596 4125 2715 4185 post
2752 4114 2869 4183 ejus
2900 4130 2929 4167 a
2959 4114 3278 4171 mortalibus
3316 4114 3427 4167 dis-

1850 4228 2085 4277 cessum,
2114 4228 2201 4267 res
2233 4210 2474 4266 civitatis
2505 4209 2559 4263 in
2586 4211 2824 4265 secundo
2854 4208 3085 4261 fortunae
3145 4222 3273 4261 casu
3298 4221 3427 4275 per-

1854 4306 2165 4370 manebant,
2224 4303 2496 4371 Antigono
2550 4302 2782 4356 ﬁliorum
2833 4300 3076 4370 Dionysii
3123 4309 3177 4354 et
3225 4299 3425 4352 civium

1861 4416 1968 4454 non
2020 4398 2198 4453 obiter
2247 4410 2432 4451 curam
2473 4408 2717 4466 gerente.
2772 4394 2872 4461 Qui
2913 4395 3004 4448 ubi
3039 4394 3108 4447 ad
3160 4393 3264 4446 alia
3306 4402 3427 4445 stu-

201 4480 314 4547 πρὸς
353 4484 513 4555 ἔτερα
565 4486 665 4550 τὰς
710 4488 995 4557 φροντίδας
1027 4490 1398 4560 τρεψαμένου,
1432 4492 1737 4562 Λυσίμαχος

1850 4491 1997 4544 dium
2032 4490 2251 4551 avertit,
2278 4488 2638 4560 Lysimachus
2663 4489 2717 4542 in
2745 4488 3081 4542 curationem
3110 4486 3425 4541 lleraclien-

202 4570 340 4624 πάλιν
371 4577 475 4630 τῶν
504 4579 636 4649 περὶ
677 4579 1003 4648 Ἡράκλειαν
1032 4584 1131 4635 καὶ
1161 4581 1268 4635 τῶν
1306 4582 1516 4635 παίδων
1545 4583 1748 4653 ἐπεμε-

202 4656 340 4725 λεῖτο,
366 4663 422 4727 ὃς
461 4668 558 4720 καὶ
594 4668 901 4740 Ἀμαστριν
934 4671 1169 4723 ποιεῖται
1197 4673 1451 4738 γυναῖκα.
1487 4672 1601 4725 Καὶ
1626 4673 1748 4725 κατ’

204 4748 355 4820 ἀρχὰς
378 4755 476 4823 μὲν
509 4757 632 4811 λίαν
656 4758 901 4831 ἔστερξε,
934 4762 1283 4831 πραγμάτων
1310 4764 1368 4817 δὲ
1398 4764 1549 4835 αὑτῷ
1578 4782 1749 4837 προσ-

206 4844 452 4901 πεσόντων
482 4850 656 4920 αὐτὴν
698 4852 796 4920 μὲν
846 4854 905 4905 ὲν
951 4854 1250 4925 Ἡρακλείᾳ
1289 4855 1488 4920 λείπει,
1515 4857 1679 4922 αὐτὸς
1706 4859 1752 4911 δ’

206 4932 358 5003 εἴχετο
390 4939 499 4994 τῶν
530 4942 881 5010 ἐπειγόντων.
922 4944 1017 5009 Εἰς
1048 4946 1273 5017 Σάρδεις
1303 4948 1361 5001 δὲ
1396 4950 1514 5018 μετ’
1553 4951 1617 5003 οὐ
1657 4968 1753 5004 ποο

208 5022 287 5078 λὺν
307 5031 511 5100 χρόνον,
537 5034 647 5089 τῶν
680 5036 889 5091 πολλῶν
911 5039 1089 5093 πόνων
1114 5041 1331 5110 ῥαΐσας,
1364 5042 1754 5112 μετεπέμψατο

209 5118 405 5207 ταύτην,
435 5127 528 5179 καὶ
572 5126 828 5199 ἔστεργεν
857 5131 1079 5201 ὁμοίως.
1108 5133 1373 5204 Ὕστερον
1400 5135 1458 5187 δὲ
1486 5136 1621 5206 πρὸς
1655 5136 1754 5207 τὴν

212 5205 461 5298 θυγατέρα
487 5218 535 5250 ’⁸
564 5220 897 5291 Πτολεμαίου
951 5222 1046 5277 τοῦ
1085 5223 1417 5294 Φιλαδέλφου
1467 5205 1750 5298 (Ἃρσινόη

211 5296 258 5349 δὲ
278 5297 339 5371 ἦν
361 5306 420 5359 τὸ
442 5308 651 5381 ὄνομα)
676 5313 768 5365 τὸν
801 5313 979 5383 ἔρωτα
1007 5315 1279 5384 μεταθεὶς,
1306 5296 1629 5387 διαζυγῆναι
1657 5296 1756 5389 τὴν

218 5392 496 5471 ’Ἄμαστριν
517 5404 679 5459 αὐτοῦ
702 5407 977 5477 παρέσχεν
1001 5408 1203 5475 αἰτίαν,
1229 5410 1323 5462 καὶ
1346 5410 1757 5463 καταλιποῦσαν

216 5482 380 5541 τοῦτον
402 5494 723 5549 καταλαϐεῖν
750 5498 850 5569 τὴν
883 5498 1234 5568 Ἡράκλειαν.
1272 5500 1509 5571 Ἐγείρει
1535 5501 1591 5553 δὲ
1616 5501 1754 5570 αὕτη

219 5585 609 5655 παραγενομένη
637 5588 730 5642 καὶ
759 5590 1051 5655 συνοικίζει
1086 5592 1245 5645 πόλιν
1281 5594 1610 5665 Ἄμαστριν.

1776 4732 1831 4791 D

1850 4582 1991 4636 sium
2035 4592 2091 4637 et
2122 4598 2414 4651 puerorum
2449 4582 2735 4637 successit.
2764 4582 2867 4646 Qui
2903 4589 2959 4634 et
2986 4580 3259 4634 Amastrin
3293 4594 3428 4633 uxo-

1855 4687 1967 4727 rem
2003 4673 2104 4726 sibi
2126 4672 2344 4737 ascivit,
2377 4682 2431 4726 et
2456 4672 2613 4727 initio
2646 4672 2876 4725 mirifice
2920 4670 3124 4723 amavit
3152 4681 3166 4719 :
3198 4670 3291 4723 sed
3331 4670 3422 4739 gli-

1857 4764 2136 4819 scentibus
2198 4764 2431 4833 negotiis
2490 4764 2638 4818 illam
2694 4761 2971 4817 Heraclea;
3005 4760 3288 4829 relinquit,
3318 4761 3432 4829 ipse

1858 4859 2019 4912 rebus
2070 4858 2387 4924 urgentibus
2419 4865 2737 4925 occupatur.
2789 4855 2900 4910 Nec
2945 4855 3105 4923 longo
3146 4853 3433 4907 intervallo

1856 4957 1999 5018 post,
2059 4962 2182 5002 cum
2236 4946 2481 5000 laborum
2532 4946 2886 5001 distractione
2922 4945 3162 5016 quietem
3228 4952 3431 5006 ageret,

1860 5041 2061 5095 Sardes
2102 5040 2249 5094 illam
2300 5043 2621 5095 accersitam
2650 5040 2765 5109 pari
2793 5052 2982 5093 amore
3009 5036 3431 5107 complectitur:

1860 5142 2146 5203 postquam
2203 5146 2334 5187 vero
2384 5132 2452 5187 ad
2506 5131 2781 5187 Ptolemaei
2835 5128 3179 5199 Philadelphi
3226 5137 3431 5195 natam,

1866 5228 1951 5280 cui
1986 5240 2180 5281 nomen
2218 5225 2474 5289 Arsinoe,
2504 5238 2747 5279 amorem
2789 5224 3177 5287 transtulisset,
3214 5235 3434 5276 causam

1864 5317 2103 5373 Amastri
2154 5318 2385 5388 praabuit
2429 5316 2830 5383 disiunctionis,
2879 5323 3045 5387 utque
3094 5314 3310 5370 deserto
3344 5312 3436 5366 illo

1866 5411 2181 5467 Heracleam
2235 5420 2550 5480 occuparet.
2588 5408 2971 5480 Quozreversa,
3029 5405 3304 5461 Amastrin
3342 5419 3435 5456 ur-

1862 5504 1983 5559 bem
2016 5503 2210 5571 erexit,
2240 5512 2294 5559 et
2334 5504 2538 5559 colonis
2574 5501 2957 5570 l'requcntavit-~.

1467 5707 1699 5762 VAliM‘I
1734 5708 2137 5767 LECTIONES.

301 5782 341 5813 ιδ

389 5795 720 5869 ἷεγενημένη
762 5798 871 5869 Α)
927 5799 1290 5869 γεγαμημένη
1342 5818 1400 5863 ς.

228 5847 264 5878 ,τ
299 5801 720 5878 ῖζηζὶγενημξνη
927 5801 1290 5878 γεγαμημένῃ
1342 5818 1400 5878 ς.
1430 5802 1541 5878 m”
1577 5801 1991 5878 dramatpopavo;
2038 5816 2181 5854 corr.
2208 5802 2286 5878 AA

312 5854 598 5933 Αμάστρηξ
626 5867 686 5922 A.
708 5854 791 5941 ’ἥδ
821 5854 1114 5941 Ουγάτέρὲι]
1136 5854 1403 5941 ’“ὰᾶ;λφῆν
1430 5854 1949 5943 ὶνεεευιίίιε.ὐί›δε.
1973 5854 2097 5927 ἶέιιε.
2130 5885 2169 5938 ι,
2203 5870 2292 5927 20.

2338 5820 2347 5853 ;
2387 5801 2813 5873 διαπειρώμενος
2846 5819 2901 5865 ς.
2992 5800 3032 5830 ²⁶
3059 5796 3348 5849 ὑπελίπετο
3374 5812 3434 5858 ς.
