3994 6398
602 403 705 472 33.7

1758 421 2017 482 ΡΗΟΤΙΙ
2050 424 2158 484 PA'.

2262 426 2552 487 [sacrm
2581 430 2688 490 (τι).
3714 448 3799 513 333

602 510 724 570 CAR.
792 512 876 567 Vl.
927 544 996 553 —
1037 512 1323 577 Clearchus
1374 522 1609 597 princeps
1674 526 1737 583 γ.
1796 528 1931 594 Eius
2033 534 2193 655 om?
2263 535 2467 595 bellica.
2534 536 2775 594 Fortuna
2844 544 3132 601 mutabilis.
3180 545 3537 618 Degener-alio.
3587 510 3799 614 Parrus.

2160 621 2287 655 tum.

2160 621 2287 660 tum.

667 697 964 755 Clearchus
1010 710 1214 769 autem,
1257 705 1324 758 ad
1377 705 1588 761 virilem
1623 717 1752 767 tunc
1786 719 2000 767 aetatem
2047 727 2158 783 pro-

670 804 821 814 ,ιιι--..ρ
890 799 937 814 ,ιι
983 790 1185 814 ..ξ-,ΣιΑιε
1235 791 1429 814 11-..ΑΑ1
1477 813 1480 814 ,
1544 813 1548 814 ,
1657 798 1676 814 ιι
1713 800 1745 814 ο.
1871 813 1876 814 ,
1930 803 1942 814 ι
2013 805 2024 814 .
2080 804 2131 814 ι..

2346 720 2627 814 Κλέαρχος
2666 726 2722 779 δὲ
2761 728 3059 801 ἀνδρωθεὶς
3084 731 3185 804 ήδη
3209 732 3312 802 τῆς
3338 751 3397 787 τε
3427 736 3626 804 πόλεως
3661 736 3799 814 ἦρχε,

500 826 507 832 -
600 804 845 860 gressus,
886 799 942 846 et
979 790 1187 848 civitati
1233 791 1511 853 Heracleae
1541 798 1774 867 praefuit,
1828 813 1886 858 et
1929 803 1982 859 in
2012 804 2165 861 bellis

600 897 707 937 non
749 882 956 953 paucis,
998 899 1119 955 qua:
1151 885 1235 941 vel
1280 902 1383 957 ope
1413 904 1512 944 sua
1544 891 1885 960 propulsaret
1915 895 1985 951 ab
2018 897 2163 963 aliis,

599 974 686 1028 vel
746 974 895 1030 illata
960 977 1062 1032 sibi
1109 977 1449 1047 defenderet,
1504 985 1779 1052 specimen
1846 988 2164 1055 praclarum

599 1065 789 1121 edidit.
826 1065 971 1122 Inter
1015 1082 1134 1139 quae
1177 1071 1372 1139 etiam,
1417 1073 1614 1144 225a
1651 1076 1777 1131 dum
1838 1076 2164 1149 Lysimacho

597 1166 786 1216 contra
847 1157 1014 1215 Getas
1063 1160 1405 1233 belligeranti
1464 1180 1686 1236 operam
1738 1180 1922 1238 navat,
1974 1182 2165 1242 captus

595 1259 681 1308 est
730 1265 853 1306 cum
894 1267 1065 1322 rege:
1096 1268 1271 1325 eoque
1320 1271 1390 1312 ex
1423 1260 1739 1328 captivitate
1792 1262 1991 1329 soluto,
2047 1264 2162 1334 ipse

594 1343 760 1398 etiam
788 1346 1074 1414 prudentia
1113 1346 1418 1418 Lysimachi
1450 1360 1635 1411 postea
1662 1364 1747 1408 est
1776 1354 2055 1411 dimissus.

663 1435 960 1495 Clearchus
986 1439 1172 1507 itaque
1206 1448 1262 1495 et
1283 1440 1454 1495 frater
1486 1442 1541 1495 in
1578 1457 1744 1513 regno
1780 1455 2010 1515 paterno
2039 1464 2162 1504 suc-

593 1541 859 1594 cessores,
918 1529 1143 1586 lenitate
1210 1542 1269 1587 et
1308 1531 1665 1589 beneﬁcentia
1724 1550 1853 1606 erga
1914 1541 2161 1597 subditos

591 1629 746 1687 patre
794 1619 952 1691 longe
1000 1622 1289 1677 inferiores
1356 1635 1664 1681 evaserunt.
1724 1625 1867 1693 Quid
1903 1632 2047 1698 quod
2095 1632 2161 1686 ad

590 1707 860 1765 nefarium
901 1719 957 1768 et
989 1714 1325 1769 exsecrabile
1357 1713 1566 1779 facinus
1611 1726 1738 1771 sunt
1775 1718 2004 1789 delapsi.
2045 1720 2161 1775 Ma-

600 1809 735 1855 trem
770 1802 937 1868 enim,
992 1818 1111 1872 quae
1133 1804 1266 1858 nihil
1321 1806 1376 1859 in
1423 1820 1519 1861 eos
1565 1808 1769 1876 grande
1815 1823 2158 1879 peccaverat,

590 1906 713 1944 cum
747 1894 875 1947 navi
908 1909 967 1949 se
998 1895 1385 1961 commisisset,
1424 1897 1621 1969 insigni
1652 1912 1958 1958 commento
1982 1914 2036 1960 et
2064 1903 2161 1959 ﬂa-

586 1983 739 2053 gitio,
777 1986 910 2041 mari
937 1986 1299 2043 suil'ocandam
1334 2003 1615 2045 curarunt.
1887 2000 1893 2007 '

2271 813 2367 866 καὶ
2390 813 2649 886 πολέμοις
2672 820 2772 873 οὐκ
2788 821 2989 890 ὀλίγοις
3015 823 3083 877 τά
3114 825 3212 894 μὲν
3236 830 3541 899 συμμαχῶν
3568 832 3799 903 ᾶλλοιςυ,

2268 903 2338 958 τὰ
2355 905 2412 959 δὲ
2431 908 2524 961 καὶ
2544 911 2660 973 τοῖς
2690 912 3106 983 ἐπιφερομένοις
3124 916 3273 988 αὐτῷ
3304 919 3608 990 ἐξητάζετο.
3633 924 3713 978 Ἐν
3733 924 3800 995 οἷς

2269 998 2366 1051 καὶ
2389 999 2530 1055 κατὰ
2558 1001 2741 1056 Γετῶν
2772 1006 3074 1077 Λυσιμάχῳ
3091 1008 3135 1039 ³⁸
3162 1012 3586 1083 στρατευόμενος
3607 1016 3648 1048 ’ί
3674 1018 3799 1073 νέάλω

2266 1105 2327 1141 τε
2353 1091 2449 1144 σὺν
2474 1093 2644 1164 αὐτῷ,
2676 1096 2770 1148 καὶ
2797 1096 3080 1161 ἀνεθέντος
3100 1099 3203 1169 τῆς
3221 1101 3593 1172 αἰχμαλωσίας
3620 1109 3799 1163 ἐκείνου

2265 1181 2361 1233 καὶ
2401 1182 2563 1248 αὐτὸς
2613 1185 2837 1239 ὕστερον
2884 1190 2949 1258 τῇ
2990 1190 3310 1263 Λυσιμάχου
3353 1197 3575 1267 προνοίᾳ
3619 1199 3798 1267 ἀφίετο.

2332 1441 2501 1513 Οὗτος
2529 1451 2558 1501 ό
2577 1451 2858 1523 Κλέαρχος
2878 1455 2994 1525 ἅμα
3018 1456 3098 1526 τῷ
3126 1457 3342 1529 ἀδελφῷ
3356 1460 3454 1530 τῆς
3472 1461 3641 1531 ἀρχῆς
3659 1479 3801 1515 κατα-

2268 1541 2495 1604 στάντες
2522 1542 2756 1613 διάδοχοι
2797 1546 2935 1615 πρὸς
2990 1549 3087 1615 μὲν
3118 1551 3437 1622 ἡμερότητα
3469 1555 3563 1606 καὶ
3598 1555 3803 1625 χρηστό-

2265 1647 2408 1701 τητα
2437 1632 2570 1686 πολὺ
2613 1633 2709 1687 τοῦ
2742 1637 2946 1708 πατρὸς
2979 1638 3234 1705 ἐλάττους
3270 1646 3382 1706 τοῖς
3415 1644 3668 1714 ὑπηκόοις
3711 1646 3801 1699 άπ-

2268 1722 2470 1793 έόησαν
2490 1766 2506 1791 ,
2539 1728 2619 1789 είς
2655 1727 2922 1799 ἔκθεσμον
2955 1731 3013 1785 δὲ
3051 1734 3146 1786 καὶ
3178 1735 3523 1806 μιαρώτατον
3559 1737 3706 1808 ἔργον
3730 1739 3803 1804 ἐξ·

2270 1816 2499 1869 έπεσον·
2525 1817 2623 1888 τὴν
2667 1818 2774 1892 γάρ
2811 1823 3025 1893 μητέρα
3079 1826 3243 1896 μηδὲν
3293 1829 3423 1899 περὶ
3466 1829 3654 1894 αὐτοὺς
3685 1832 3803 1902 μέγα

2268 1909 2763 1982 πλημμελήσασαν,
2810 1919 3025 1986 μηχανῇ
3056 1916 3202 1989 δεινῇ
3237 1921 3333 1972 καὶ
3369 1924 3670 1994 κακουργίᾳ
3698 1924 3800 1977 ἐπι-

2271 2001 2446 2056 ϐᾶσαν
2472 2003 2598 2073 νηὸς
2634 2004 2880 2078 θαλάσσῃ
2913 2008 3287 2080 ἀποπνιγῆναι
3312 2014 3745 2084 κατειργάσαντο.

1024 2099 1156 2155 CAP.
1209 2099 1318 2155 νη.
1359 2131 1432 2143 -—
1473 2104 1761 2161 Parricidii
1796 2108 2312 2181 ultio.LysimacIms
2360 2115 2433 2169 Vl
2484 2118 2726 2174 dominus
2768 2131 3012 2177 externus
3048 2134 3096 2178 et
3134 2125 3401 2195 benignus.

652 2216 824 2285 Quam
874 2217 946 2271 ob
983 2230 1199 2272 causam
1246 2218 1626 2288 Lysimachus,
1668 2224 1863 2292 smpius
1896 2224 1949 2278 in
1988 2225 2157 2283 histo-

2327 2234 2404 2285 Δι’
2446 2234 2514 2304 ἦν
2560 2236 2741 2290 αἰτίαν
2791 2238 2887 2291 καὶ
2924 2237 3235 2308 Λυσίμαχος
3265 2241 3294 2293 ὁ
3341 2240 3601 2306 πολλάκις
3644 2242 3805 2311 ῥηθεὶς

585 2310 667 2364 ria
700 2310 803 2364 ista
847 2319 1184 2365 memoratus
1206 2310 1225 2381 (
1249 2312 1301 2364 in
1333 2310 1651 2367 Macedonia
1683 2323 1863 2368 autem
1897 2325 2025 2371 tunc
2067 2334 2157 2373 re-

585 2418 705 2455 rum
734 2400 1091 2474 potiebatur),
1124 2402 1227 2457 etsi
1255 2411 1475 2472 propter
1504 2405 1766 2460 Arsinoes
1804 2410 2157 2463 consuetudi-

586 2507 708 2547 nem
747 2491 1025 2548 Amastrin
1074 2508 1103 2546 a
1153 2506 1213 2547 se
1261 2494 1624 2561 abalienarat,
1652 2511 1773 2551 cum
1810 2507 1987 2554 tamen
2040 2500 2156 2569 pri-

584 2584 710 2638 stini
755 2585 808 2637 in
844 2598 902 2638 se
935 2584 1139 2640 amoris
1170 2600 1268 2640 ceu
1291 2585 1583 2655 igniculum
1612 2588 1803 2657 ferret,
1840 2599 1895 2645 et
1923 2592 2157 2647 immane

585 2685 751 2746 atque
784 2674 1107 2731 detestabile
1136 2677 1240 2733 hoc
1278 2677 1455 2733 scelus
1487 2694 1593 2733 non
1628 2680 1962 2735 tolerandum
1994 2683 2156 2738 duce-

583 2774 713 2820 ret:
750 2767 916 2821 animi
962 2767 1180 2836 quidem
1227 2768 1368 2838 apud
1411 2784 1471 2824 se
1519 2771 1732 2825 decreta
1760 2787 1920 2842 quam
1961 2776 2157 2829 arctis-

586 2857 722 2911 sime
752 2858 1042 2926 continuit,
1087 2860 1323 2929 antiquae
1344 2860 1564 2915 interim
1598 2864 2022 2921 necessitudinis
2044 2875 2157 2921 stu-

584 2948 731 3004 dium
775 2947 1042 3004 Clearcho
1075 2958 1404 3005 ostentans:
1454 2951 1549 3006 sed
1589 2962 1768 3007 tamen
1811 2961 1931 3009 arte
1961 2954 2152 3023 multa,

583 3048 640 3095 et
667 3041 1065 3113 strategematis
1094 3044 1162 3097 ad
1192 3042 1485 3097 fallendum
1518 3045 1835 3113 compositis
1857 3046 2156 3115 (occultare

584 3132 726 3186 enim
756 3147 876 3201 quae
902 3133 1089 3198 vellet,
1118 3134 1429 3189 mortalium
1465 3135 1943 3206 ingeniosissimus
1976 3140 2155 3208 perhi-

582 3222 763 3294 betur)
812 3223 1150 3290 Heracleam,
1198 3240 1296 3281 ceu
1329 3225 1545 3295 publico
1592 3228 1974 3297 recipientium
2007 3246 2155 3286 com-

583 3316 745 3368 modo
785 3315 836 3368 id
874 3315 989 3380 (lat,
1031 3315 1339 3387 ingreditur
1376 3333 1389 3369 :
1433 3326 1489 3370 et
1539 3318 1663 3371 dum
1702 3319 1948 3374 intimam
1981 3322 2153 3391 patris

583 3402 929 3459 an‘ectionem
963 3406 1113 3459 larva
1148 3408 1379 3476 quadam
1424 3406 1691 3464 Clearcho
1731 3410 1893 3479 eique
1922 3413 2155 3469 addictis

2260 2322 2623 2389 (Μακεδονίας
2670 2326 2728 2378 δὲ
2759 2327 3075 2381 ἐϐασίλευεν
3126 2327 3218 2398 ³³),
3268 2331 3317 2381 εί
3364 2331 3462 2383 καὶ
3511 2332 3607 2401 τὴν
3650 2332 3799 2401 Ἀμα-

2261 2431 2415 2485 στριν
2440 2416 2529 2470 διά
2565 2418 2665 2487 τὴν
2693 2420 2741 2451 ³³
2774 2420 3072 2488 συνάφειαν
3116 2421 3406 2492 Ἀρσινόης
3451 2421 3624 2477 λιπεῖν
3664 2424 3799 2477 αὑτὸν

2258 2508 2733 2577 παρεσκευάσατο,
2790 2511 2904 2563 ἀλλ’
2959 2511 3052 2565 οὖν
3105 2511 3199 2565 τοῦ
3242 2529 3303 2566 τε
3355 2516 3617 2585 προτέρου
3659 2515 3797 2569 πόθου

2259 2597 2440 2670 φέρων
2475 2598 2533 2651 ἐν
2584 2599 2761 2670 ἐαυτῷ
2816 2600 2876 2652 τὸ
2928 2600 3286 2672 ἐμπύρευμα,
3324 2604 3420 2656 καὶ
3475 2603 3537 2656 τὺ
3588 2604 3798 2675 μυσαρὸν

2257 2688 2353 2739 καὶ
2390 2686 2539 2757 ώμὸν
2586 2688 2685 2760 τῆς
2724 2688 2978 2759 πράξεως
3023 2688 3122 2742 οὐκ
3156 2689 3457 2758 ἀνασχετὸν
3491 2689 3795 2759 ποιούμενος,

2259 2775 2641 2844 στεγανώτατα
2674 2777 2771 2848 μὲν
2802 2777 2903 2848 τὴν
2925 2776 3089 2831 αὑτοῦ
3124 2781 3374 2849 κατεῖχεν
3403 2780 3550 2833 ἔνδον
3582 2778 3696 2852 [370
3719 2775 3795 2848 [1.]

2257 2868 2502 2939 γνώμην,
2523 2869 2621 2941 τὴν
2648 2870 2882 2941 ἀρχαίαν
2916 2870 2974 2924 δὲ
3005 2870 3191 2941 φιλίαν
3213 2872 3348 2943 πρὸς
3374 2873 3501 2935 τοὺς
3529 2872 3653 2943 περὶ
3680 2870 3795 2924 Κλέ-

2256 2977 2422 3029 αρχον
2446 2959 2525 3032 τῷ
2562 2964 2804 3032 σχήματι
2828 2962 3136 3026 ἐπιδεικνὺς
3162 2962 3253 3016 διὰ
3283 2961 3497 3017 πολλῶν
3541 2979 3598 3016 τε
3636 2978 3797 3033 μηχα-

2257 3048 2364 3101 νῶν
2390 3050 2484 3103 καὶ
2520 3049 2628 3103 τῶν
2656 3050 2750 3103 τοῦ
2784 3050 3065 3105 λανθάνειν
3091 3054 3567 3123 στρατηγημάτων
3598 3050 3797 3123 (κρύψαι

2256 3141 2365 3213 γὰρ
2394 3142 2454 3195 τὸ
2479 3143 2799 3214 βουλόμενον
2826 3143 2871 3174 ³⁸
2897 3144 3201 3208 δεινότατος
3222 3144 3318 3197 ἀνθ
3329 3144 3528 3214 ρώπων
3548 3142 3797 3213 γεγονέναι

2256 3233 2521 3305 λέγεται),
2557 3237 2614 3289 ἐν
2647 3235 2691 3267 ³⁸
2726 3235 3024 3308 Ἡρακλείᾳ
3058 3238 3157 3307 μὲν
3194 3238 3271 3300 ὡς
3298 3238 3393 3290 ἐπὶ
3422 3237 3504 3307 τῷ
3543 3235 3648 3290 τῶν
3675 3235 3799 3304 δεχο-

2261 3325 2437 3396 μένων
2493 3328 2791 3380 συνοίσοντι
2838 3328 3224 3399 παραγίνεται,
3268 3329 3481 3400 πατρὸς
3507 3330 3560 3383 δὲ
3595 3325 3796 3395 στοργὴν

2255 3415 2335 3486 τῷ
2383 3416 2711 3489 προσωπείῳ
2749 3420 2860 3482 τοῖς
2891 3420 3020 3490 περὶ
3054 3421 3337 3490 Κλέαρχον
3395 3419 3797 3493 προϐαλλόμενος

584 3510 697 3566 prta
730 3511 789 3552 se
821 3496 946 3565 fert,
995 3499 1298 3567 parricidas
1346 3499 1469 3554 illos
1497 3514 1529 3554 e
1573 3500 1750 3556 medio
1780 3502 1942 3568 tollit,
1978 3506 2153 3574 primo

2262 3507 2471 3576 ἀναιρεί
2520 3506 2618 3576 μὲν
2652 3508 2778 3572 τοὺς
2809 3509 3233 3579 μητροκτόνους,
3285 3510 3507 3581 πρῶτον
3542 3510 3635 3579 μὲν
3679 3506 3794 3561 Κλέ-

583 3592 931 3661 Clearchum,
968 3592 1167 3648 deinde
1206 3595 1367 3649 etiam
1410 3594 1688 3652 Oxathren
1724 3615 1736 3651 :
1788 3608 1843 3653 et
1872 3600 1951 3655 sic
1980 3598 2155 3667 justas

2262 3614 2443 3668 αρχον,
2486 3593 2603 3651 εἶτα
2662 3599 2758 3652 καὶ
2828 3599 3131 3671 Ὀξάθρην,
3191 3603 3469 3673 μητρικῆς
3523 3601 3796 3670 ἀπαιτήσας

583 3695 843 3739 maternae
869 3686 1032 3741 caedis
1069 3702 1257 3757 pmnas
1286 3689 1471 3759 exigit.
1512 3688 1671 3755 Hinc,
1712 3682 1800 3744 u'hi
1841 3693 2055 3747 redacta
2099 3692 2153 3747 in

2262 3692 2576 3760 μιαιφονίας
2597 3690 2752 3754 δίκας
2776 3707 2790 3720 ο
2825 3691 2953 3763 [7Ιῦ
2982 3692 3075 3765 R.]
3114 3696 3207 3747 καὶ
3255 3696 3355 3767 τὴν
3409 3695 3565 3749 πόλιν
3600 3690 3797 3762 ποιησάο

583 3777 893 3832 clientelam
933 3792 1089 3833 suam
1145 3781 1384 3847 civitate,
1455 3796 1590 3852 opes
1648 3792 1999 3852 tyrannorum
2053 3786 2154 3842 do-

2262 3801 2422 3853 μενος
2462 3784 2564 3838 ὑπὸ
2590 3787 2688 3856 τὴν
2734 3785 2988 3856 πρόνοιαν
3028 3787 3127 3856 τὴν
3172 3786 3361 3851 αὐτοῦ,
3397 3789 3497 3842 καλΙ
3541 3786 3607 3841 τὰ
3651 3781 3795 3838 πολλὰ

585 3868 793 3923 minatu
834 3868 1091 3925 collectas
1148 3870 1202 3925 in
1256 3872 1492 3941 praedam
1540 3889 1692 3928 suam
1745 3876 2032 3945 vertisset,
2102 3888 2157 3933 et

2262 3877 2314 3930 δὲ
2363 3877 2841 3950 λαφυραγωγήσας
2873 3872 2948 3932 ὧν
2989 3879 3022 3949 ἡ
3053 3880 3306 3952 τυραννὶς
3335 3879 3583 3951 ἡθροίκει
3613 3877 3795 3950 χρημά-

588 3961 753 4032 (quod
796 3962 884 4017 diu
928 3962 1400 4033 exspectaverant)
1457 3962 1681 4020 liberam
1738 3967 1946 4023 civibus
2010 3984 2154 4022 rem-

2262 3988 2387 4033 των,
2424 3970 2609 4025 ἄδειάν
2642 3989 2702 4024 τε
2734 3970 3362 4042 δοὺςςδημοκρατεῖσθαι
3406 3974 3537 4036 τοὺς
3582 3970 3793 4033 πολίτας,

588 4052 861 4123 publicam
888 4054 1235 4120 restituisset,
1280 4056 1333 4110 in
1374 4058 1653 4126 pr0prium
1707 4074 1769 4113 se
1800 4075 2027 4130 regnum
2063 4077 2148 4114 re-

2262 4059 2317 4119 οὗ
2346 4064 2579 4134 ἐφίεντο,
2610 4065 2747 4136 πρὸς
2784 4064 2882 4136 τὴν
2910 4064 3043 4117 ἰδίαν
3073 4065 3355 4135 βασιλείαν
3384 4065 3676 4119 ἐστέλλετο.

591 4146 755 4215 cepit.

1236 4264 1364 4319 CAP.
1412 4263 1949 4321 Vlll.—Heraclius
2031 4275 2284 4334 tyrannus
2320 4263 2450 4317 VII.
2510 4261 2784 4317 Muliebris
2844 4265 3173 4333 impotentia.

657 4379 931 4437 Reversus
963 4383 1125 4452 igitur
1155 4385 1220 4439 ad
1248 4401 1365 4451 sua,
1390 4387 1665 4443 Amastrin
1695 4389 1946 4444 laudibus
1974 4389 2155 4443 extol-

2333 4387 2646 4458 Λυσίμαχος
2696 4387 2756 4441 δὲ
2806 4388 2907 4457 τὴν
2962 4387 3097 4440 ίδίαν
3147 4387 3323 4457 ἀρχὴν
3380 4383 3691 4439 καταλασὼν
3734 4380 3791 4433 δι’

585 4473 718 4535 lere,
770 4472 993 4542 ejusque
1031 4490 1209 4531 mores
1238 4487 1296 4531 et
1326 4479 1609 4549 imperium
1644 4482 1927 4544 demirari,
1970 4492 2028 4533 ut
2052 4482 2157 4535 hoc

2262 4480 2499 4532 ἐπαίνων
2527 4478 2627 4549 μὲν
2663 4480 2764 4549 τὴν
2792 4480 3100 4549 Ἄμαστριν
3122 4474 3289 4547 εἶχεν,
3319 4477 3595 4547 ἐθαύμαζε
3622 4475 3674 4527 δὲ
3713 4472 3791 4526 αὑ-

583 4564 652 4618 ad
695 4564 746 4617 id
774 4564 1190 4635 magnitudinis,
1239 4573 1498 4636 potentia:
1529 4581 1585 4626 et
1612 4572 1913 4639 majestatis
1950 4572 2153 4626 elatum

2262 4572 2360 4639 τῆς
2406 4570 2533 4632 τούς
2573 4587 2632 4623 τε
2686 4570 2924 4641 τρόπους
2968 4569 3063 4623 καὶ
3113 4570 3212 4640 τὴν
3241 4568 3440 4639 ἀρχὴν,
3476 4569 3609 4639 πρὸς
3656 4565 3787 4632 ὄγκον

582 4658 1014 4723 corroborasset,
1044 4660 1305 4729 uniceque
1334 4664 1629 4733 praedicare
1658 4662 1973 4718 Heracleam
2008 4681 2024 4719 :
2058 4668 2154 4719 sed

2262 4666 2353 4718 καὶ
2402 4662 2630 4731 μέγεθος
2678 4662 2772 4715 καὶ
2809 4663 2959 4730 ίσχὺν
2985 4662 3059 4723 ὼς
3092 4660 3446 4728 ἐκρατύνατο,
3474 4660 3689 4729 ἐξαίρων
3708 4654 3787 4757 μέν

582 4749 637 4801 ul
678 4749 729 4802 in
770 4760 979 4817 partem
1010 4751 1183 4807 laudis
1224 4754 1474 4807 venirent
1511 4755 1676 4808 etiam
1712 4754 1843 4809 Tius
1884 4763 1939 4811 et
1989 4758 2155 4811 Ama—

2262 4756 2351 4824 τὴν
2414 4754 2763 4824 Ἡράκλειαν,
2823 4752 2987 4824 μέρος
3026 4752 3083 4804 δὲ
3134 4769 3242 4804 των
3295 4752 3531 4805 ἐπαίνων
3581 4750 3666 4803 καὶ
3708 4749 3787 4812 τὴν

581 4840 734 4902 stris,
773 4855 932 4910 quam
982 4845 1201 4897 nomine
1242 4858 1342 4898 suo
1371 4846 1640 4899 celebrem
1673 4846 1761 4899 illa
1793 4847 2151 4902 condidisset.

2262 4847 2377 4899 Τίον
2432 4847 2526 4900 καλ⁸
2590 4846 2689 4917 τὴν
2748 4847 3091 4914 Ἄμαστριν,
3144 4843 3211 4913 ἢν
3270 4845 3554 4914 ἐπώνυμον
3601 4842 3788 4910 ἡγειρεν

585 4933 715 4989 Haec
761 4934 952 4988 crebro
987 4936 1190 4990 habens
1227 4937 1277 4990 in
1320 4951 1433 5001 ore,
1469 4939 1737 4993 Arsinoen
1786 4940 2156 4994 exstimulavit

2262 4938 2461 5005 ἐκείνη,
2495 4938 2838 5006 ποιούμενος.
2863 4936 2973 4989 Καὶ
2992 4934 3165 4987 ταῦτα
3188 4935 3362 5002 λέγων
3401 4934 3445 4965 ³⁸
3499 4932 3594 5002 τὴν
3634 4930 3787 4998 Ἀρσι-

583 5037 643 5081 ιιι
669 5026 881 5080 urbium
914 5038 1194 5098 tantopere
1226 5030 1620 5085 celebratarum
1652 5032 1996 5087 dominatum
2026 5033 2155 5087 affe-

2262 5030 2381 5100 νόην
2425 5029 2647 5099 ἠρέθιζε
2694 5031 2945 5083 δεσπότιν
2967 5032 3075 5082 τῶν
3120 5030 3529 5099 ἐπαινουμένων
3576 5026 3617 5059 ³⁷
3663 5018 3789 5091 γενέ-

582 5129 793 5184 ctaret,
823 5135 1049 5190 quaeque
1079 5122 1370 5177 allectabat
1399 5125 1498 5178 sibi
1521 5126 1713 5180 donari
1746 5136 1975 5195 peteret.
2004 5128 2075 5180 At
2109 5127 2155 5182 is

2262 5123 2405 5176 σθαι.
2451 5122 2513 5173 Ἡ
2543 5122 2600 5174 δὲ
2652 5122 2822 5173 ἐδεῖτο
2848 5124 3032 5191 τυχεῖν
3070 5115 3145 5175 ὧν
3187 5122 3393 5174 ἐπόθει.
3426 5121 3533 5173 Καὶ
3575 5118 3602 5170 ό
3645 5111 3832 5217 Λυσίῖῖ

583 5211 907 5281 gravitatem
958 5216 1199 5268 muneris
1230 5217 1587 5282 praetendens,
1638 5218 1793 5271 initio
1824 5231 2014 5286 preces
2046 5234 2152 5273 non

2262 5232 2431 5285 μαχος
2487 5214 2771 5283 σεμνύνων
2822 5214 2885 5266 τὸ
2953 5214 3124 5284 δῶρον
3195 5214 3318 5266 κατ.
3372 5214 3545 5282 ἀρχὰς
3600 5210 3690 5279 μὲν
3734 5210 3782 5254 οὐ

552 5302 923 5370 admittebat,
965 5305 1059 5359 sed
1100 5316 1301 5367 tamen,
1344 5320 1630 5374 progressu
1667 5307 1925 5375 temporis
1959 5323 2147 5362 exoraa

2262 5306 2530 5376 προσίετο,
2565 5306 2953 5375 ἐκλιπαρηθεὶς
2976 5306 3033 5358 δὲ
3060 5307 3237 5377 χρόνῳ
3269 5305 3541 5375 παρέσχεν
3566 5318 3581 5333 ·
3610 5297 3673 5369 ἦν
3697 5294 3785 5364 γὰρ

583 5406 691 5459 tus,
718 5396 1011 5450 concessit.
1044 5394 1321 5464 Ingeniosa
1352 5396 1496 5449 enim
1522 5399 1588 5451 ad
1617 5399 2150 5453 circumveniendum

2262 5400 2401 5468 δεινὴ
2456 5398 2763 5469 περιελθεῖν
2791 5397 2843 5467 [ἡ
2906 5398 3154 5469 ’Λρσινόη
3181 5437 3198 5461 ,
3246 5398 3342 5450 xui.
3386 5399 3446 5449 τὸ
3496 5396 3660 5464 γῆρας
3701 5385 3785 5455 ήδη

582 5484 683 5541 fuit
722 5488 976 5553 Arsinoe,
1029 5496 1084 5541 et
1120 5486 1232 5554 jam
1268 5496 1522 5542 senectus
1573 5489 1687 5557 ipsa
1718 5488 2146 5545 mansuefactum

2262 5490 2573 5560 Λυσίμαχον
2631 5492 2893 5560 παρεῖχεν
2948 5490 2992 5525 ³⁸
3050 5490 3478 5559 εὐεπιχείρητον.
3540 5478 3782 5550 Δεξαμένη

1886 5628 2122 5684 VARl/E
2170 5626 2569 5682 LECTIONES.

1524 5726 1569 5756 '°
1603 5726 1918 5796 Λυσιμάχου
1953 5743 2012 5789 ς.
2091 5725 2132 5755 ⁸¹
2167 5722 2664 5801 συστρατευόμενος
2683 5720 2951 5801 _Sciil'iger.
3056 5720 3133 5801 ³⁸,

1827 5784 1868 5829 δ’
1925 5784 1980 5849 ἐν
2018 5797 2139 5849 add.
2179 5802 2243 5848 Α.
2308 5784 2571 5845 ’δθταῦτα
2640 5784 2737 5861 μὲν
2765 5784 2937 5858 λέγων
2987 5805 3046 5853 ς.
3124 5793 3166 5822 ³⁷

3056 5720 3099 5751 ³⁸
3138 5716 3483 5771 ἐϐασίλευσεν
3515 5729 3573 5775 ς.
3644 5704 3683 5737 ³³
3709 5699 3781 5755 διά

653 5725 697 5754 ’9
730 5723 910 5785 ἄλλοις
950 5724 995 5779 Α
1030 5740 1044 5775 ³
1083 5722 1334 5792 ἀλλήλοις
1372 5742 1433 5789 ς·
1524 5726 1569 5756 ³⁰
1603 5726 1918 5796 Λυσιμάχου
1953 5743 2012 5789 ς’-
2091 5725 2132 5755 ⁸¹
2167 5722 2664 5793 συστρατευόμενος
2691 5722 2951 5787 δεείιίίόθτ·
3056 5722 3099 5751 ﬂ
3127 5722 3483 5801 ,ἐδαςδῐλευσεν
3515 5729 3573 5775 ς.
3644 5722 3683 5737 ⁸⁸
3709 5722 3777 5797 om:

688 5795 787 5853 τήν
823 5812 884 5853 ς.
963 5793 1010 5823 ³⁸
1054 5792 1436 5853 βουλευόμενον
1486 5810 1628 5848 corr.
1684 5798 1745 5849 Α.
1827 5800 1868 5829 ³⁵
1925 5799 1980 5849 ἐν
2018 5797 2139 5849 add.
2179 5802 2243 5848 Α.
2326 5794 2371 5825 ³⁸³
2401 5791 2571 5845 ταῦτα
2640 5792 2737 5853 μὲν
2765 5790 2937 5853 λέγων
2987 5805 3046 5853 ς.
3124 5793 3166 5822 ⁴⁷
3237 5785 3631 5853 επᾳινουμένων
3686 5776 3719 5828 Α
3766 5809 3777 5822 .

582 5810 640 5843 τε
688 5795 787 5860 τήν
823 5812 884 5855 ς.
963 5793 1020 5860 ³⁸,
1054 5792 1436 5860 βουλευόμενον
1486 5810 1628 5848 corr.
1684 5798 1745 5849 Α.

583 5858 820 5915 ἐπαίνων
849 5880 905 5924 ς.
988 5858 1029 5894 ³⁸
1056 5858 1062 5860 ⁷
1086 5858 1341 5930 παρεῖχεν
1375 5869 1416 5919 A
1456 5884 1466 5917 :
1496 5862 1637 5931 εἶχεν
1662 5883 1717 5927 ς,
