3994 6404
191 446 300 509 889

1248 437 1770 500 BIBLIOTHECA.
1804 461 1875 474 -·
1919 436 2083 495 COD.
2124 432 2421 495 CCXXIV.

3330 424 3439 491 890

188 558 236 613 δ’
263 551 359 611 οὖν
389 556 423 627 ἡ
474 554 721 627 ’Δρσινόη
764 554 865 626 τῆς
924 552 1252 626 Ἡρακλείας
1284 554 1384 625 τὴν
1410 554 1589 626 ἀρχὴν
1618 553 1763 623 πέμ-

1873 548 2088 605 dederat
2130 546 2530 618 Lysimachum.
2580 544 2754 599 Potita
2796 544 2957 614 igitur
3020 541 3291 599 Heraclea:
3344 544 3439 599 do-

188 668 285 704 πει
316 649 433 703 -τὸν
490 649 741 719 Κυμαῖον
798 646 1171 718 Ἡράκλειτον,
1217 646 1383 718 ἄνδρα
1434 646 1533 718 μὲν
1579 645 1770 698 εὖνουν

189 742 359 811 αὐτῇ,
390 740 664 811 ἀπότομον
693 738 751 792 δὲ
778 737 953 801 άλλως
986 738 1081 790 καὶ
1109 736 1281 791 δεινὸν
1297 738 1357 791 ἐν
1390 736 1768 806 βουλευμάτων

188 832 479 903 ἐντρεχείᾳ
510 830 607 885 καὶ
634 830 874 902 ὀξύτητι.
919 828 979 883 '0
1007 828 1065 882 δέ
1090 830 1189 899 τῆς
1222 827 1548 900 Ἡρακλείας
1576 825 1770 890 ἐπιϐὰς

186 925 261 978 τά
315 942 375 978 τε
426 924 563 979 ἀλλα
617 923 821 994 σφόδρα
885 921 1229 993 ἐπιστρόφως
1271 920 1379 974 τῶν
1428 919 1769 990 πραγμάτων

191 1017 471 1087 ἐξηγεῖτο,
522 1018 618 1071 καὶ
647 1016 878 1080 πολλοὺς
909 1015 1115 1078 αἰτίαις
1158 1012 1476 1068 ὑποϐάλλων
1524 1012 1633 1066 τῶν
1678 1028 1772 1066 ποθ

188 1108 361 1162 λιτῶν
392 1111 493 1163 οὐκ
529 1109 783 1172 ἐλάττους
824 1108 1170 1179 ἐτιμωρεῖτο,
1222 1104 1297 1168 ὡς
1346 1104 1510 1159 πάλιν
1554 1102 1765 1157 ἀποϐα-

190 1200 311 1251 λεῖν
343 1199 537 1265 αὐτοὺς
561 1198 661 1271 τὴν
693 1198 849 1269 μόλις
870 1198 1229 1267 ἐπιφανεῖσαν
1254 1192 1623 1263 εὐδαιμονίαν.

326 1401 457 1456 CAP.
510 1401 601 1462 IX.
652 1432 723 1444 —
776 1400 855 1455 De
897 1398 1196 1471 Lysimachi
1218 1397 1504 1463 parricidia
1545 1396 1602 1450 t'tt
1651 1396 1822 1465 ﬁlium

276 1517 340 1570 '0
394 1516 574 1588 μέντοι
622 1515 936 1586 Λυσίμαχος
982 1515 1284 1587 περιδρομῇ
1346 1512 1631 1583 ’Δρσινόης
1674 1511 1766 1565 τόν

189 1610 422 1679 ἄριστον
461 1608 569 1660 τῶν
614 1608 821 1661 παίδων
876 1608 970 1660 καὶ
1014 1606 1389 1677 πρεσϐύτερον
1432 1604 1767 1673 Ἀγαθοκλέα

188 1702 280 1769 (ἐκ
315 1697 594 1769 προτέρων
632 1697 689 1749 δὲ
730 1698 833 1765 φὺς
874 1692 942 1767 ἦν
976 1694 1124 1765 αύτῷ
1176 1695 1391 1764 γάμων)
1436 1694 1559 1746 κατ’
1593 1694 1767 1765 ἀρχάς

190 1793 297 1861 μὲν
327 1790 643 1844 λανθάνοντι
673 1789 970 1859 φαρμάκῳ,
1000 1772 1210 1840 ἐκείνου
1249 1786 1307 1838 δὲ
1342 1786 1480 1839 κατά
1511 1785 1765 1856 πρόνοιαν

1870 642 2074 695 minata
2128 640 2384 705 Arsinoe,
2427 638 2762 692 Heraclitum
2811 651 2878 692 eo
2918 636 3196 710 Cymmum
3251 637 3439 701 mittit,

1868 732 2062 804 2250
2094 734 2269 788 virum
2304 732 2447 788 illius
2477 732 2853 788 observantem
2884 740 2941 784 et
2994 730 3320 795 studiosum,
3345 730 3441 785 sed

1869 826 2071 896 alioqui
2107 824 2476 895 praefractum,
2516 831 2571 877 et
2600 821 2655 877 in
2690 820 2933 876 consiliis
2962 820 3156 875 dandis
3190 827 3246 873 et
3282 832 3443 874 exse-

1868 917 2098 988 quendis
2128 930 2389 985 perquam
2432 913 2762 969 industrium
2799 922 2857 969 et
2884 927 3085 968 acrem.
3117 910 3214 967 Hic
3250 910 3444 981 praefe-

1868 1017 1987 1063 ctus
2018 1007 2313 1071 Heracleae,
2346 1022 2469 1062 cum
2498 1006 2633 1061 alias
2675 1021 2765 1060 res
2792 1005 2957 1060 nimis
2990 1003 3159 1074 rigide
3203 1002 3441 1056 admini-

1870 1109 2029 1165 3trat,
2081 1111 2193 1154 tum
2228 1100 2425 1154 multos
2466 1098 2665 1154 civium
2718 1097 3042 1152 criminibus
3078 1106 3291 1161 onerat,
3342 1110 3442 1151 nec

1871 1192 2155 1263 pauciores
2201 1192 2461 1262 supplicio
2505 1189 2669 1245 allicit
2700 1209 2712 1244 :
2749 1199 2803 1245 et
2835 1189 2916 1245 sic
2963 1189 3277 1245 felicitatem
3318 1190 3438 1243 vix-
3470 1240 3473 1263 λ

1873 1286 2001 1340 dum
2032 1294 2278 1338 exortam
2314 1284 2459 1339 cives
2490 1283 2665 1339 denuo
2702 1282 3049 1338 amittebant.

1868 1396 2227 1467 Agathoclem,
2261 1395 2474 1450 consilio
2530 1411 2784 1461 novercaz,
2821 1394 3035 1465 ejusque
3061 1394 3298 1450 interitu.

1920 1512 2189 1566 Caeterum
2258 1509 2632 1583 Lysimachus,
2710 1509 2896 1564 fraude
2964 1509 3245 1572 Arsinoes,
3311 1519 3440 1563 natu

1872 1604 2167 1659 maximum
2239 1604 2577 1672 etoptimum
2658 1602 2920 1665 filiorum,
2968 1602 3341 1671 Agathoclem,
3411 1618 3444 1657 e

1870 1697 2053 1764 priore
2104 1695 2205 1749 sibi
2256 1695 2483 1764 conjuge
2517 1704 2725 1758 natum,
2773 1695 2949 1764 primo
2978 1694 3194 1762 quidem
3235 1708 3445 1747 veneno

1873 1786 2221 1850 clanculario,
2266 1786 2359 1841 sed
2403 1796 2623 1855 postea,
2662 1787 2762 1841 hoc
2799 1800 2897 1857 per
2921 1787 3185 1839 vomitum
3222 1785 3445 1854 reiecto,

186 1882 274 1946 ἐξε
285 1881 562 1949 μεθέντος,
594 1879 954 1948 ἀναιδεστάτῃ
980 1877 1373 1948 διαχειρίζεται
1396 1876 1611 1948 γνώμῃ·
1644 1876 1765 1930 δεσ-

1873 1880 2132 1934 sententia
2164 1878 2630 1945 impudentissima
2654 1878 2967 1932 damnatum
3021 1887 3197 1931 necat.
3233 1876 3289 1930 lu
3324 1891 3444 1929 car-

190 1974 460 2046 μωτηρίῳ
506 1973 761 2044 ἐμϐαλὼν
801 1973 1012 2026 κελεύει
1042 1974 1442 2043 κατακοπῆναι,
1474 1971 1767 2041 ἐπιϐουλὴν

184 2066 339 2137 αύτῷ
377 2066 864 2135 καταψευσάμενος
889 2066 953 2118 ³⁸.
1003 2065 1135 2117 ὐδὲ
1168 2065 1524 2133 Πτολεμαῖος,
1566 2064 1630 2128 ὃς
1679 2065 1768 2118 αύ-

184 2157 375 2227 τόχειρ
426 2157 519 2210 τοῦ
556 2159 865 2227 μιάσματος
895 2157 1160 2225 ἐγεγόνει,
1195 2156 1422 2223 ἀδελφὸς
1456 2152 1524 2227 ἦν
1582 2157 1766 2227 Ἀρσι-

181 2252 339 2322 νόης,
364 2252 460 2304 καὶ
491 2250 778 2319 ἐπώνυμον
804 2250 891 2303 διὰ
920 2250 1017 2321 τὴν
1049 2249 1346 2318 σκαιότητα
1384 2250 1476 2302 καὶ
1508 2248 1766 2303 ἀπόνοιαν

182 2345 280 2397 τὸν
318 2343 591 2414 Κεραυνὸν
633 2343 849 2413 ἔφερεν.
895 2343 952 2396 '0
983 2342 1164 2395 τοίνυν
1189 2342 1503 2412 Λυσίμαχος
1550 2342 1638 2395 διὰ
1668 2342 1766 2414 τὴν

181 2434 569 2487 παιδοκτονίαν
616 2436 775 2505 μῖσός
819 2452 879 2487 τε
928 2434 1136 2487 δίκαιον
1184 2432 1335 2504 παρὰ
1365 2434 1472 2486 τῶν
1508 2434 1766 2503 ὑπηκόων

182 2527 485 2596 ἐλάμϐανε,
530 2527 626 2580 καὶ
672 2528 937 2591 Σέλευκος
978 2526 1153 2581 ταῦτα
1199 2526 1528 2596 πυθόμενος,
1557 2526 1652 2580 καὶ
1689 2525 1764 2590 ὼς

183 2619 416 2688 εὐχερὲς
445 2618 531 2689 εῖη
558 2617 748 2671 τοῦτον
781 2616 1096 2687 παραλῦσαι
1143 2617 1248 2687 τῆς
1283 2617 1477 2686 ἀρχῆς,
1510 2616 1620 2669 τῶν
1671 2617 1769 2670 πό-

182 2704 329 2755 λεων
386 2704 770 2776 ἀφισταμένων
823 2704 1034 2769 αὑτοῦ,
1088 2706 1267 2776 μάχην
1322 2707 1584 2759 συνάπτει
1629 2705 1767 2776 πρὸς

182 2795 379 2849 αὐτόν.
434 2797 542 2849 Kal.
593 2797 782 2850 πίπτει
835 2798 895 2850 ἐν
946 2796 1027 2865 τῷ
1076 2797 1304 2868 πολέμῳ
1357 2796 1674 2867 Λυσίμαχος
1717 2796 1764 2829 ⁸ο

186 2886 382 2957 παλτῷ
426 2887 641 2958 βληθείς
665 2907 681 2920 ·
709 2891 738 2942 ὁ
776 2889 831 2941 δὲ
874 2888 1054 2959 βαλὼν
1083 2889 1221 2960 ἀνὴρ
1261 2887 1648 2959 Ἡρακλεώτης
1673 2885 1763 2959 ἦν,

185 2980 319 3053 [371
346 2982 440 3054 [1.]
469 2983 637 3053 ὄνομα
664 2984 960 3047 Μαλάκων,
998 2983 1102 3036 ὑπὸ
1135 2983 1385 3054 Σελεύκῳ
1411 2983 1760 3053 ταττόμενος.

184 3074 457 3136 Πεσόντος
495 3074 553 3126 δὲ
600 3076 634 3144 ἡ
666 3073 853 3128 τούτου
886 3074 1029 3145 ἀρχὴ
1055 3076 1498 3146 προσχωρήσασα
1547 3077 1614 3146 τῇ
1666 3074 1761 3128 τοῦ

182 3166 461 3219 Σελεύκω
512 3167 674 3238 μέρος
725 3168 981 3239 κατέστη.
1040 3168 1180 3221 Ἀλλ’
1228 3166 1462 3222 ἐνταῦθα
1523 3167 1624 3238 μὲν
1667 3168 1762 3223 καὶ

180 3259 246 3311 τὸ
276 3257 346 3328 ιβ’
369 3259 469 3329 τῆς
494 3259 770 3331 Μέμνονος
793 3260 1036 3331 ἱστορίας
1058 3260 1236 3333 λήγει.

1870 1987 2046 2027 cerem
2096 1972 2240 2026 enim
2291 1980 2631 2040 compactum
2686 1971 2947 2025 trucidari
2995 1970 3170 2040 jubet,
3217 1970 3443 2024 insidias

1870 2066 2007 2135 patri
2049 2075 2284 2120 structas
2321 2064 2459 2120 falso
2499 2064 2838 2119 criminatus.
2874 2062 3196 2117 Ptolcmmns
3237 2071 3442 2127 autem,

1869 2157 1960 2226 qui
2009 2170 2104 2209 sua
2146 2172 2305 2210 manu
2359 2158 2536 2212 scelus
2583 2156 2635 2211 id
2692 2158 3040 2226 perpetravit,
3102 2158 3272 2210 frater
3323 2165 3445 2211 erat

1866 2250 2147 2317 Arsinoes,
2197 2259 2251 2304 et
2294 2248 2528 2304 Cerauni
2575 2248 2650 2321 [id
2712 2257 2795 2303 est
2826 2248 3092 2321 fulminis]
3120 2264 3446 2319 cognomen-

1867 2349 1978 2394 tum
2022 2341 2090 2394 ab
2154 2340 2560 2409 importunitate
2602 2356 2810 2394 morum
2862 2351 2915 2396 et
2950 2341 3199 2395 vecordia
3240 2341 3443 2395 retulit.

1865 2428 2222 2500 Lysimachus
2265 2432 2427 2501 igitur
2452 2438 2675 2500 propter
2714 2431 2805 2485 filii
2841 2433 3039 2487 emdem
3082 2434 3134 2486 in
3169 2433 3294 2486 odio
3327 2441 3445 2485 erat

1865 2522 2225 2578 subditorum.
2270 2521 2337 2575 Et
2370 2520 2654 2588 Seleucus,
2699 2523 2783 2577 his
2813 2524 3065 2593 cognitis,
3094 2533 3151 2578 et
3192 2524 3333 2593 quod
3363 2523 3447 2577 fa-

1865 2615 1969 2669 cile
2002 2615 2072 2668 sit
2104 2628 2269 2683 regno
2302 2614 2579 2668 hominem
2617 2626 2894 2683 excutere,
2929 2616 3240 2671 civitatibus
3282 2618 3349 2670 ab
3379 2632 3447 2672 eo

1864 2705 2262 2772 deficientibus,
2311 2706 2561 2777 prtelinm
2612 2722 2734 2762 cum
2793 2723 2857 2763 eo
2909 2709 3166 2775 conserit,
3225 2708 3278 2763 in
3340 2725 3447 2778 qum

1866 2795 2244 2867 Lysimachus,
2290 2798 2415 2850 dum
2468 2797 2679 2852 fortiter
2728 2798 2985 2863 dimicat,
3029 2800 3136 2868 pilo
3188 2799 3446 2869 trajectus

1865 2891 2114 2945 occubat.
2172 2888 2412 2960 Trajecit
2456 2902 2635 2945 autem
2693 2892 2778 2946 vir
2815 2889 3198 2955 lleraclicusis,
3229 2893 3447 2947 nomine

1864 2979 2132 3048 Malacon,
2166 2980 2395 3037 Seleuco
2421 2982 2684 3047 militans,
2712 2982 3082 3051 subversoque
3110 2997 3195 3045 eo,
3224 2996 3445 3050 regnum

1865 3076 1931 3128 ad
1984 3072 2195 3129 Seleuci
2244 3075 2503 3130 ditionem
2539 3079 2623 3145 (ut
2673 3074 2819 3145 pars)
2856 3074 3107 3130 accessit.
3146 3074 3212 3129 Et
3242 3075 3329 3130 hic
3371 3091 3442 3130 ml

1866 3168 2165 3226 Memnonis
2213 3169 2352 3225 liber
2380 3169 2671 3225 historicus
2706 3167 2922 3223 desinit.

786 3371 918 3426 CAP.
956 3370 1024 3429 X.
1060 3402 1131 3413 —
1162 3370 1550 3439 Heraclienses,
1597 3372 1817 3443 expulso
1846 3384 2094 3443 tyranno,
2130 3389 2183 3426 se
2213 3371 2270 3426 in
2312 3372 2605 3425 libertatem
2639 3382 2903 3427 asserunt.

271 3488 364 3540 Ἐν
406 3486 463 3540 δὲ
513 3486 591 3556 τῷ
637 3492 705 3555 ιγ’
744 3487 870 3549 τοὺς
909 3485 1292 3557 Ἡρακλεώτας
1329 3488 1477 3558 λέγει
1522 3487 1766 3560 πυθομὲ·

183 3597 317 3643 νσυς
350 3580 393 3609 δι
416 3579 515 3649 τὴν
546 3578 830 3648 ἀναίρεσιν
856 3578 1174 3649 Λυσιμάχου
1199 3580 1292 3632 καὶ
1315 3579 1391 3643 ὡς
1418 3581 1502 3650 είη
1522 3582 1550 3633 ὁ
1581 3580 1769 3633 τοῦτον

186 3670 510 3733 ἀπεκτονὼς
548 3668 953 3741 Ἡρακλεώτης,
984 3671 1084 3733 τάς
1119 3686 1180 3723 τε
1216 3670 1441 3741 γνώμας
1487 3671 1769 3743 ἀναρρών-

185 3764 384 3819 νυσθαι
408 3764 502 3816 καὶ
528 3765 662 3835 πρὸς
684 3764 775 3816 τὸν
805 3763 903 3833 τῆς
928 3763 1242 3832 ἐλευθερίας
1275 3765 1767 3835 ἀνδραγαθίζεσθαι

187 3855 381 3921 πόθον,
433 3856 500 3927 ἢν
550 3856 591 3909 δ’
645 3856 740 3909 καὶ
788 3861 842 3907 π’
895 3855 1069 3908 ἐτεσιν
1097 3856 1201 3907 ύπό
1238 3873 1298 3908 τε
1328 3856 1437 3911 τῶν
1491 3856 1767 3925 ἐμφυλίων

184 3948 471 4016 τυράννων
520 3948 612 3999 καὶ
668 3946 787 4017 μετ’
837 3946 1080 4008 ἐκείνους
1132 3946 1237 3999 ὑπὸ
1278 3947 1594 4018 Λυσιμάχου
1621 3947 1763 4018 ἀφῄ-

189 4056 376 4110 ρηντο.
410 4038 719 4108 Προσῆλθον
772 4035 866 4092 οὖν
908 4039 1177 4110 πρότερον
1212 4038 1595 4113 -Ἦρακλείδῃ,
1639 4042 1762 4093 πεί-

1946 3488 2004 3542 ln
2039 3504 2136 3542 xm
2198 3489 2456 3558 deinceps
2511 3488 2625 3541 ha’c
2673 3498 3099 3551 commemorat,
3138 3486 3450 3561 Heraclien-

1873 3593 2002 3643 ses,
2060 3579 2245 3633 audito
2298 3578 2607 3651 Lysimachi
2664 3578 2918 3649 interitu,
2968 3592 3023 3638 et
3070 3586 3211 3652 quod
3259 3596 3291 3635 a
3351 3596 3449 3650 po-

1875 3670 2048 3740 pulari
2098 3686 2200 3727 suo
2261 3689 2364 3728 nex
2415 3676 2465 3729 ei
2524 3676 2671 3733 illata
2729 3687 2912 3740 esset,
2977 3674 3189 3731 animos
3246 3676 3449 3729 contir-

1876 3776 2065 3832 ntant,
2122 3775 2178 3820 et
2237 3782 2335 3837 pro
2409 3769 2681 3825 libertatis
2744 3770 3129 3840 recuperanda:
3183 3768 3451 3822 desiderio

1865 3855 2034 3911 fortes
2069 3872 2128 3912 se
2166 3858 2318 3914 viros
2368 3860 2674 3928 declarant,
2721 3877 2883 3930 quam
2915 3876 3012 3929 per
3051 3876 3221 3915 annos
3251 3859 3322 3915 84
3362 3870 3447 3930 ty-

1865 3954 2029 4005 ranni
2076 3952 2384 4017 domestici,
2416 3962 2470 4007 et
2512 3963 2631 4021 post
2676 3968 2770 4008 eos
2797 3952 3174 4023 Lysimachus,
3205 3961 3446 4023 ereptam

1866 4052 2172 4096 tenuerant.
2233 4042 2413 4111 Quare
2474 4044 2813 4100 Heraclidem
2867 4046 3221 4109 conveniunt,
3272 4055 3330 4099 et
3390 4056 3449 4100 ut

188 4129 375 4191 θοντες
416 4128 577 4182 αὑτὸν
608 4129 707 4198 μὲν
741 4131 1006 4199 ἐκχωρεῖν
1044 4130 1146 4198 τῆς
1182 4130 1411 4195 πόλεως,
1441 4132 1541 4184 ούκ
1574 4131 1759 4203 ἅπαθῆ

1873 4134 1981 4186 non’
2030 4142 2236 4187 tantum
2293 4135 2481 4191 salvus
2514 4146 2568 4191 et
2595 4136 2909 4200 incolumis,
2957 4138 3049 4191 sed
3079 4137 3241 4191 etiam
3266 4137 3450 4206 splen-

188 4218 377 4270 κακῶν
430 4217 614 4287 μόνον,
638 4216 774 4271 ἀλλὰ
806 4218 902 4271 καὶ
928 4218 1201 4288 λαμπροῖς
1244 4217 1437 4289 δώροις
1486 4220 1767 4291 ἐφοδιαζό-

1873 4224 1997 4278 dido
2027 4241 2309 4280 munerum
2332 4228 2532 4282 viatico
2561 4228 2859 4283 instructus
2888 4228 3131 4293 excedat,
3164 4227 3448 4298 pristinam

190 4326 373 4377 μενον,
432 4308 519 4377 ἐφ’
550 4302 593 4377 ᾧ
645 4309 743 4379 τὴν
783 4310 1101 4380 ἐλευθερίαν
1148 4311 1393 4375 ἐκείνους
1449 4313 1761 4368 ἀναλαϐεῖν.

1873 4318 2031 4370 modo
2072 4316 2376 4372 libertatem
2424 4320 2734 4384 obtineant,
2791 4320 3043 4374 suadent.
3082 4321 3154 4375 At
3184 4336 3306 4375 eum
3340 4330 3448 4375 tam

199 4402 285 4463 Ὠς
333 4401 393 4453 δὲ
444 4401 505 4453 ού
551 4400 710 4469 μόνον
754 4401 854 4454 οὐκ
901 4400 1138 4466 ἔπειθον,
1180 4402 1319 4456 ἀλλὰ
1347 4404 1441 4456 καὶ
1469 4406 1548 4467 είς
1593 4406 1763 4476 ὀργὴν

1873 4410 2057 4479 procul
2114 4410 2285 4465 abfuit
2320 4420 2379 4465 ut
2415 4416 2831 4481 persuaderent,
2869 4426 2924 4469 ut
2958 4414 3123 4468 etiam
3152 4414 3231 4469 ira
3264 4425 3448 4485 tyran-

188 4496 492 4549 ἐκπεσόντα
550 4492 687 4549 εἶδον
740 4497 834 4549 καί
883 4513 1035 4559 τινας
1082 4497 1262 4550 αὐτῶν
1318 4497 1413 4549 καὶ
1470 4496 1762 4567 τιμωρίαις

1873 4518 2000 4556 num
2034 4503 2383 4569 inﬂammari,
2424 4516 2479 4559 et
2522 4507 2814 4561 nonnullos
2848 4509 2913 4562 de
2943 4508 3057 4561 suis
3085 4508 3152 4563 ad
3184 4508 3447 4577 supplicia

190 4587 487 4653 ὑπάγοντα,
545 4586 671 4657 [716
715 4586 806 4658 IL]
862 4588 1135 4657 συνθήκας
1179 4588 1397 4659 θέμενοι
1450 4588 1587 4658 πρὸς
1635 4588 1762 4650 τοὺς

191 4678 569 4749 φρουράρχους
592 4679 640 4730 οἱ
668 4680 906 4745 πολῖται,
962 4680 1019 4733 αἳ
1060 4682 1159 4751 τήν
1195 4680 1241 4711 ⁸⁸
1290 4697 1353 4732 τε
1404 4678 1763 4732 ἰσοπολιτείαν

192 4776 364 4834 αὐτοῖς
412 4773 605 4842 ἔνεμον
648 4773 741 4825 καὶ
785 4774 911 4836 τοὺς
956 4773 1181 4843 μισθοὺς
1245 4772 1432 4826 λαϐεῖν
1485 4764 1561 4824 ὧν
1613 4771 1765 4823 ἐστέ-

192 4883 349 4934 ρηντο
371 4866 440 4929 ⁸³,
472 4864 904 4933 συλλαμϐάνουσι
923 4864 1013 4916 τὸν
1049 4864 1407 4935 Ἡρακλείδην
1437 4863 1533 4917 καὶ
1558 4862 1762 4931 φυλατ-

187 4959 408 5027 τόμενον
457 4952 601 5025 εἶχον
640 4959 733 5010 ἐπὶ⁸
769 4959 978 5029 χρόνον.
1017 4958 1261 5009 Ἐκεῖθεν
1290 4957 1550 5026 λαμπράς
1576 4954 1761 5017 ἀδείας

1871 4593 1985 4661 rapi
2012 4592 2079 4646 ab
2116 4608 2181 4647 eo
2220 4593 2486 4656 viderent,
2525 4604 2684 4662 pacto
2728 4609 2849 4647 cum
2907 4594 3145 4663 prmsidii
3180 4592 3448 4664 praefectis

1869 4684 2023 4749 inito,
2056 4694 2113 4735 ut
2145 4686 2339 4752 aequali
2372 4686 2426 4738 in
2460 4687 2734 4755 republica
2757 4686 2879 4755 jure
2910 4697 3212 4749 uterentur,
3255 4697 3306 4740 et
3333 4686 3451 4755 qni-

1865 4774 1966 4830 bus
2014 4776 2250 4830 fraudati
2291 4788 2475 4831 essent
2523 4779 2791 4846 stipendia
2839 4782 3165 4849 reciperent,
3204 4778 3448 4833 Heracli-

1865 4868 1987 4919 dem
2038 4867 2091 4919 in
2142 4868 2354 4922 vincula
2391 4870 2697 4939 conjectum
2744 4873 2811 4925 ad
2850 4879 3061 4942 tempus
3107 4873 3446 4927 custodiunt.

1864 4954 2007 5008 Metu
2048 4957 2247 5011 dehinc
2300 4959 2489 5022 soluti,
2546 4964 2746 5015 tutnttia
2798 4963 2941 5015 arcis
2980 4962 3045 5014 ad
3099 4963 3447 5017 fundamenta

188 5048 466 5109 λαὸὀντες,
501 5048 599 5115 τῆς
637 5065 696 5101 τε
760 5049 1109 5120 ἀκροπόλεως
1170 5049 1363 5119 μέχρις
1412 5048 1643 5115 ἐδάφους
1694 5047 1762 5098 τά

1873 5063 2038 5115 usque
2064 5049 2279 5119 226a
2305 5050 2544 5118 diruunt,
2590 5063 2643 5107 et
2677 5056 2839 5108 missa
2871 5053 2935 5107 ad
2974 5053 3261 5109 Seleucum
3299 5055 3450 5123 lega-

188 5142 332 5211 τείχη
358 5141 681 5203 κατέϐαλον,
706 5141 798 5193 καὶ
832 5141 968 5211 πρὸς
999 5141 1261 5193 Σέλευκον
1290 5138 1759 5209 διεπρεσϐεύοντο,

1873 5143 2035 5208 tione,
2075 5141 2394 5199 Pltucritum
2443 5147 2680 5203 civitatis
2728 5148 3030 5218 principem
3062 5158 3116 5203 et
3141 5157 3453 5203 curatorem.

186 5232 276 5301 τῆς
304 5231 518 5293 πόλεως
545 5233 879 5302 ἐπιμελητὴν
912 5234 1357 5303 προστησάμενοι
1388 5231 1688 5301 Φώκριτον.
1868 5235 2075 5289 faciunt

1061 5352 1190 5407 Car.
1218 5351 1309 5405 XI.
1331 5380 1403 5392 --
1438 5349 1662 5420 Ziptetes
1704 5346 1960 5418 Bithynas
2001 5344 2360 5401 Heraclienses
2398 5347 2630 5417 infestat.

1940 5466 2010 5519 At
2040 5464 2297 5531 Zipaatcs,
2324 5462 2594 5535 Bithyniae
2636 5466 2875 5535 regulus,
2906 5465 3237 5521 lleracleotis
3278 5466 3453 5521 infen-

1869 5572 1981 5621 sus,
2017 5567 2198 5611 'autea
2246 5554 2578 5624 Lysimachi,
2628 5568 2753 5613 tunc
2809 5560 2971 5614 etiam
3018 5558 3229 5613 Seleuci
3285 5573 3450 5613 causa

252 5464 513 5534 Ζιποίτης
562 5465 617 5517 δὲ
668 5468 696 5519 ὁ
739 5466 980 5520 Βιθυνῶν
1032 5468 1309 5537 ἐπάρχων,
1356 5465 1567 5536 ἐχθρῶς
1622 5464 1761 5534 ἔχων

201 5554 610 5625 Ἡρακλεώταις
658 5558 925 5629 πρότερον
980 5558 1080 5627 μὲν
1130 5556 1219 5611 διὰ
1252 5558 1587 5627 Λυσίμαχον,
1635 5556 1757 5608 τότε

1466 5717 1705 5773 VARUE
1743 5715 2159 5774 LEGTIONES.

257 5809 301 5841 ⁸⁵
339 5810 802 5881 καταέιευδόμενος
831 5830 885 5877 ς.
968 5813 1010 5842 ’νο
1048 5811 1165 5865 πολ.
1199 5813 1225 5864 ὁ
1252 5811 1561 5881 Ᾱισῖμαχος
1598 5830 1653 5876 τ.
1736 5813 1774 5841 ³¹
1812 5810 2164 5878 πιθομένοις
2196 5827 2253 5872 ς’,

196 5879 335 5935 συλλ.
372 5898 429 5943 ς.

2333 5814 2370 5844 υ
2414 5815 2533 5867 αἴΛ
2573 5814 2665 5869 :9?
2692 5830 2750 5875 τ.

2833 5814 2873 5845 ¹·³
2906 5814 3190 5882 ἐστέρηντο
3224 5811 3286 5881 ἢλ
3300 5831 3350 5864 :::
3364 5810 3445 5874 ζον
