3994 6434
638 411 737 478 891

639 526 789 590 (nam
821 529 942 569 cum
961 522 1190 583 utroque
1211 513 1512 568 simultates
1536 513 1815 583 habebat),
1876 515 2218 569 excursioni-

644 616 745 665 bus
770 610 823 663 in
867 621 1000 677 agro
1032 620 1218 659 eorum
1258 607 1437 671 lactis,
1471 623 1499 660 a
1531 606 1676 659 nullo
1705 606 2094 661 maleﬁciorum
2130 623 2215 676 ge-

642 717 774 756 nere
827 700 1106 754 abstinuit.
1160 698 1445 752 Exercitus
1505 708 1680 752 tamen
1723 699 1863 767 ejus,
1916 699 2040 751 dum
2089 700 2215 753 huic

643 796 862 864 negotio
888 790 1172 855 incumbit,
1219 789 1450 843 cladium
1474 804 1581 841 non
1612 804 1808 857 expers
1852 798 1955 856 est,
1984 788 2076 843 sed
2106 802 2212 842 non

643 889 810 941 multo
847 886 1113 947 mitiores,
1138 896 1296 949 quam
1328 879 1508 942 infert,
1542 881 1754 946 recipit.

1788 409 2051 470 PHOTII
2085 406 2592 469 PA'l‘RIARCH/E
2629 406 2741 466 ΟΡ.

2247 525 2291 579 Α
2321 512 2379 564 δὲ
2428 513 2515 565 διά
2559 512 2819 565 Σέλευκον
2870 509 3151 585 (διάφορος
3190 511 3298 579 γάρ
3338 506 3410 582 ἣν
3442 511 3718 584 ἑκατέρῳ),
3758 520 3838 583 τὴ,

2310 605 2431 657 κατ’
2483 603 2658 655 αὐτῶν
2689 602 3008 674 ἐπιδρομὴν,
3041 602 3177 674 ἔργα
3214 603 3508 667 κακώσεως
3538 606 3837 676 ἀποδεικνὺς,

2311 697 2551 747 ἐποιεῖτο
2583 710 2598 725 ο
2654 696 2715 748 ού
2769 694 2877 766 μὴν
2901 695 3020 748 οὐδὲ
3049 697 3109 748 τὸ
3140 693 3306 748 αὐτοῦ
3350 695 3661 767 στράτευμα
3690 703 3840 755 κακῶν

2311 787 2541 851 ἀπαθεῖς
2584 789 2856 858 ἔπραττον
2894 787 3035 858 ἆπερ
3076 786 3364 857 ἔπραττον,
3413 786 3647 859 ἔπασχον
3679 793 3729 844 δὲ
3768 798 3839 847 καὶ

2312 881 2465 934 αὐτοὶ
2491 873 2566 934 ὦν
2594 881 2763 951 ἔδρων
2789 880 2847 932 οὐ
2873 878 3014 933 κατὰ
3044 878 3180 933 πολὺ
3210 879 3538 950 ἀνεκτότερα
3569 880 3632 935 ⁸⁸.

871 1018 998 1075 CAP.
1028 1016 1147 1071 XII.
1173 1045 1242 1057 --
1264 1016 1464 1071 Seleuci
1493 1016 1557 1068 ab
1592 1014 2017 1070 Heracliensibue
2050 1016 2606 1073 alienatio.E:rsulum
2638 1019 2834 1071 reditus
2854 1027 2904 1071 et
2936 1016 3233 1086 reipublij
3263 1016 3599 1071 instauratio.

716 1134 829 1189 Sub
851 1136 963 1187 lucc
993 1131 1249 1185 Seleucus
1308 1128 1691 1197 Aphrodisium
1719 1142 2123 1196 procuratorem
2156 1130 2209 1184 in

641 1228 834 1294 oppida
884 1224 1155 1292 Phrygia),
1202 1236 1320 1289 quae
1368 1220 1615 1288 adjacent
1660 1219 1852 1281 Ponto,
1900 1220 2083 1277 mittit.
2113 1220 2215 1275 Hie

642 1319 805 1373 rebus
838 1329 1069 1384 quarum
1113 1329 1276 1369 causa
1326 1322 1549 1366 venerat
1597 1312 1879 1378 confectis,
1922 1325 2043 1383 post
2074 1316 2213 1370 redi-

642 1419 780 1475 tum,
823 1409 873 1461 in
927 1406 1152 1459 aliarum
1189 1406 1410 1474 quidem
1447 1405 1725 1459 civitatum
1765 1406 1925 1477 laude
1971 1407 2215 1475 prolixus

639 1512 761 1557 erat
787 1542 802 1564 ,
836 1498 1213 1552 Ileraclienses
1253 1506 1431 1550 autem
1480 1497 1871 1551 criminabatur
1900 1509 1957 1553 ut
1988 1499 2214 1555 Seleuco

639 1607 828 1661 parum
867 1588 1130 1642 addictos.
1180 1584 1438 1640 Seleucus
1480 1600 1633 1654 ergo,
1678 1584 1782 1639 hoc
1822 1586 2089 1651 irritatus,
2130 1588 2211 1643 Ie-

640 1691 795 1750 gatos
827 1678 893 1731 ad
920 1693 979 1731 se
1016 1676 1291 1746 profectos
1329 1673 1558 1737 fastidit,
1588 1683 1643 1727 et
1680 1674 1841 1728 minis
1880 1675 2209 1743 increpitans

639 1780 829 1825 terret.
886 1768 1129 1835 Quorum
1177 1775 1357 1820 tamen
1401 1781 1538 1820 unus
1571 1765 1921 1821 Chamaeleon
1954 1769 2088 1822 nihil
2120 1770 2205 1825 his

637 1861 944 1931 perculsus,
997 1860 1071 1913 ita
1100 1875 1280 1928 regem
1327 1858 1658 1925 compellat:
1712 1856 1966 1913 Hercules
2018 1877 2210 1915 carron

640 1950 855 2006 Seleuco
886 1951 1131 2021 (κάρρων
1160 1959 1340 2002 autem
1382 1947 1733 2002 Dorieusibus
1776 1964 1897 2002 eum
1939 1949 2209 2018 signiﬁcat

644 2042 740 2114 qui
768 2053 853 2098 est
880 2042 1114 2110 fortior).
1156 2043 1326 2107 Quam
1365 2056 1549 2094 vocem
1577 2057 1697 2095 cum
1731 2056 1822 2095 rex
1859 2057 1962 2096 non
2011 2042 2211 2097 intelli-

640 2148 814 2212 geret,
855 2145 1109 2205 concepta
1140 2136 1192 2189 in
1227 2135 1305 2188 ira
1343 2134 1665 2204 persistens,
1699 2149 1758 2189 se
1787 2137 2005 2190 avertit.
2040 2136 2213 2206 Lega-

643 2234 712 2287 tis
736 2231 919 2302 igitur,
954 2244 1126 2297 neque
1157 2228 1373 2282 domum
1403 2227 1602 2290 redire,
1626 2241 1802 2295 neque
1833 2227 1941 2281 illic
1970 2244 2209 2293 manere,

638 2338 819 2391 opera:
853 2320 1082 2389 pretium
1108 2319 1416 2372 videbatur.
1442 2317 1571 2383 Quae
1603 2333 1725 2372 cum
1766 2315 2212 2375 Heracliensibus

639 2413 1103 2476 renuntiarentur,
1148 2419 1259 2463 tum
1309 2409 1523 2463 caeteris
1571 2424 1629 2463 se
1656 2410 1929 2475 muniunt,
1978 2419 2088 2465 tum
2116 2426 2211 2466 co-

638 2505 756 2573 pias
793 2502 1088 2557 anxiliares
1130 2501 1409 2569 colligunt,
1460 2508 1514 2554 et
1548 2516 1642 2569 per
1681 2501 1888 2571 legatos
1922 2501 2209 2558 Mithrida-

638 2604 770 2660 tem,
822 2592 981 2647 Ponti
1034 2608 1237 2660 regem,
1270 2600 1324 2644 et
1372 2592 1701 2661 Byzantinos
1734 2602 1788 2646 et
1816 2589 2210 2650 Chalcedonios

637 2687 703 2740 de
730 2701 832 2755 ope
861 2684 1081 2740 ferenda
1151 2684 1463 2738 sollicitant.
1496 2686 1563 2737 At
1606 2684 1818 2739 exsules
1853 2686 1921 2739 ab
1954 2685 2210 2741 Heraclea

641 2779 733 2848 qui
780 2786 1121 2845 supererant,
1163 2778 1236 2830 ita
1296 2778 1507 2830 tandem
1554 2778 1907 2832 conveniunt.
1953 2776 2209 2848 Nymphi-

636 2871 778 2937 dius,
823 2870 1040 2938 quidam
1079 2884 1145 2922 ex
1182 2884 1368 2922 eorum
1411 2882 1656 2933 numero,
1700 2867 1933 2922 reditum
1963 2869 2043 2923 eis
2081 2883 2209 2923 sua-

635 2962 767 3015 det:
802 2974 900 3014 nec
934 2959 1216 3015 dilﬁeilem
1260 2959 1405 3013 hunc
1449 2973 1572 3013 esse
1605 2960 1965 3025 demonstrat,
1995 2961 2041 3015 si
2072 2961 2209 3016 nihil

634 3068 822 3107 eorum
858 3068 975 3121 qua:
1007 3052 1243 3120 majores
1278 3052 1592 3107 amisissent
1632 3053 1854 3109 moleste
1898 3055 2208 3112 viderentur

632 3150 689 3196 et
731 3142 1035 3196 turbulente
1084 3157 1390 3212 reposcere,
1426 3153 1479 3197 et
1519 3160 1680 3213 quam
1718 3146 1941 3200 minimo
1990 3151 2206 3220 negotio

633 3234 925 3301 persuasit.
979 3233 1161 3299 Quare
1205 3250 1328 3289 cum
1374 3250 1440 3291 eo
1484 3252 1593 3306 quo
1636 3239 1989 3294 consuluerat
2046 3242 2206 3296 modo

635 3325 843 3379 felicem
878 3327 1149 3381 inveniret
1191 3342 1506 3382 successum
1555 3330 1784 3394 reditus,
1824 3340 1932 3386 tum
1973 3334 2204 3400 reducti,

633 3428 746 3471 tum
778 3432 897 3486 qua:
942 3418 1148 3487 recepit
1188 3420 1312 3474 illos
1346 3423 1516 3489 patria
1568 3423 1618 3477 in
1654 3425 1927 3479 communi
1967 3434 2021 3479 et
2052 3440 2204 3494 aequa

632 3509 991 3564 versabantur
1036 3508 1222 3563 ltetitia
1257 3523 1307 3565 et
1338 3513 1643 3583 voluptate.
1676 3514 1807 3568 Nam
1842 3525 1892 3570 et
1925 3517 2204 3571 humanis-

632 3602 770 3653 sime
817 3615 911 3654 eos
955 3601 1101 3654 cives
1150 3604 1477 3667 tractabant,
1512 3615 1566 3659 et
1600 3607 1734 3660 nihil
1766 3610 1957 3661 horum
1983 3624 2103 3677 qute
2134 3610 2202 3663 ad

632 3691 960 3746 mediocrem
1009 3693 1131 3747 vita:
1175 3699 1624 3753 sustentationem
1656 3701 1985 3765 conducunt,
2014 3702 2201 3755 deﬁeri

630 3783 1002 3850 patiebantur.
1045 3783 1157 3839 Hoc
1196 3787 1375 3855 itaque
1418 3789 1577 3842 modo
1608 3790 1659 3842 in
1689 3790 1971 3859 antiquum
2010 3792 2204 3847 nobili-

635 3871 760 3927 tatis
788 3881 844 3928 et
870 3874 1280 3943 gubernationis
1320 3877 1486 3932 decus
1516 3893 1634 3933 sese
1664 3879 2028 3933 vindicarunt.

2396 1130 2485 1183 Ἑν
2533 1131 2705 1201 τούτῳ
2734 1128 2790 1181 δὲ
2839 1129 3101 1193 Σέλευκος
3135 1130 3474 1198 Ἀφροδίσιον
3508 1130 3705 1200 πέμπει
3738 1132 3837 1185 6w.-

2314 1220 2489 1291 κητὴν
2538 1219 2619 1280 εἷς
2665 1236 2723 1271 τε
2772 1217 2868 1279 τὰς
2904 1220 2961 1271 ἐν
2992 1218 3202 1289 Φρυγίᾳ
3249 1219 3437 1281 πόλεις
3466 1218 3683 1281 καὶτὰς
3708 1220 3840 1289 ὑπερ-

2315 1311 2575 1381 κειμένας
2596 1309 2688 1362 τοῦ
2714 1310 2939 1364 Πόντου.
2984 1309 3041 1363 ’0
3077 1310 3157 1373 δὲ,
3193 1309 3629 1381 διαπραξάμενος
3656 1310 3687 1365 ἂ
3717 1310 3839 1364 ἐδού-

2315 1402 2435 1455 λετο
2464 1404 2557 1455 καὶ
2584 1400 2841 1465 ἐπανιὼν,
2872 1402 2981 1454 τῶν
3015 1402 3113 1471 μὲν
3140 1401 3316 1456 ἄλλων
3364 1402 3574 1455 πόλεων
3614 1405 3670 1455 ὲν
3714 1405 3839 1457 ἐπαί-

2314 1509 2423 1554 νοις
2454 1487 2542 1562 ἦν,
2589 1489 2982 1561 Ἡρακλεωτῶν
3027 1490 3083 1542 δὲ
3141 1492 3441 1561 κατηγόρει
3493 1490 3567 1561 μὴ
3623 1492 3842 1554 εὐνοϊκῶς

2313 1581 2455 1650 ἔχειν
2490 1583 2601 1643 τοῖς
2649 1578 2744 1632 τοῦ
2795 1578 3061 1632 Σελεύκου
3106 1580 3449 1650 πράγμασιν.
3521 1580 3638 1649 Ὑφ’
3682 1574 3737 1633 οὗ
3772 1583 3842 1634 Σέ-

2312 1673 2504 1735 λευκος
2536 1671 2893 1741 παροξυνθεὶς
2925 1670 3052 1733 τούς
3083 1688 3142 1723 τε
3172 1674 3307 1742 πρὸς
3331 1671 3496 1724 αὑτὸν
3526 1673 3841 1742 ἀφικομένους

2314 1765 2572 1836 πρέσϐεις
2610 1764 2981 1833 ἀπειλητικοῖς
3014 1763 3334 1832 ὲξεφαύλιζε
3390 1764 3574 1832 λόγοις
3611 1765 3698 1816 καὶ
3740 1782 3842 1818 κατ-

2240 1844 2283 1898 B
2313 1861 2601 1931 έπληττεν,
2620 1860 2737 1923 ἑνὸς
2761 1858 2857 1910 τοῦ
2882 1858 3289 1927 Χαμαιλέοντος
3306 1857 3461 1909 οὐδὲν
3478 1857 3841 1928 ὀρῤωδήσαντος

2312 1954 2411 2016 τὰς
2460 1952 2710 2017 ἀπειλὰς,
2757 1952 2890 2005 ἀλλὰ
2930 1951 3198 2020 φαμένου,
3244 1951 3546 2020 Ἡρακλῆς
3568 1951 3611 1982 ⁸⁵
3648 1952 3839 2019 adﬁgitur

2315 2048 2573 2103 Σέλευκε
2609 2048 2861 2117 (κάῤῥων
2902 2048 2948 2078 ⁸⁸
2978 2048 3034 2100 δὲ
3075 2050 3102 2101 6
3139 2047 3487 2116 ἰσχυρότερος
3524 2046 3669 2117 παρὰ
3707 2049 3839 2116 Δωρι-

2313 2140 2509 2208 εῦσιν).
2530 2141 2587 2193 '0
2615 2141 2659 2193 δ’
2698 2137 2789 2193 οὖν
2814 2141 3072 2202 Σέλευκος
3107 2139 3169 2190 τὸ
3208 2139 3308 2209 μὲν
3338 2138 3504 2208 ῥηθὲν
3533 2140 3591 2190 οὐ
3626 2136 3836 2206 συνῆκεν,

2312 2232 2483 2304 ὀργῆς
2521 2232 2565 2284 δ’
2593 2231 2667 2294 ὡς
2726 2228 2862 2301 εἶχε,
2926 2233 3020 2284 καὶ
3068 2230 3431 2300 ἀπετρέπετο.
3490 2230 3614 2291 Τοῖς
3656 2228 3707 2280 δὲ
3744 2227 3837 2280 οὔτε

2313 2324 2374 2377 τὸ
2405 2325 2705 2394 ἀναχωρεῖν
2730 2324 2932 2388 οἴκαδε,
2960 2323 3083 2377 οὔτε
3114 2324 3177 2376 τὸ
3230 2323 3566 2393 προσμένειν
3612 2320 3839 2381 λυσιτελὲς

2313 2416 2507 2469 ἐδόκει.
2566 2417 2749 2470 Ταῦτα
2808 2417 2865 2471 δὲ
2926 2415 3303 2487 ἰἰρακλεῶται
3349 2414 3643 2483 πυθόμενοι
3697 2412 3757 2465 τά
3796 2428 3839 2463 τε

2312 2506 2450 2562 ἄλλα
2508 2505 2983 2576 παρεσκευάζοντο
3055 2506 3151 2559 καὶ
3215 2504 3541 2575 συμμάχους
3592 2501 3836 2573 ἤθροιζον,

2313 2599 2451 2668 πρός
2494 2615 2556 2650 τε
2598 2597 2937 2669 Μιθριδάτην
2980 2597 3071 2649 τὸν
3108 2595 3311 2649 Πόντου
3344 2593 3573 2665 βασιλέα
3620 2593 3837 2659 διαπρεσ-

2312 2689 2597 2759 ϐευόμενοι
2640 2691 2735 2743 καὶ
2785 2688 2921 2761 πρὸς
2972 2688 3302 2753 Βυζαντίους
3330 2688 3430 2741 καὶ
3468 2683 3833 2754 Χαλκηδονίους.

2312 2783 2375 2834 Οἱ
2413 2781 2469 2834 δὲ
2496 2781 2938 2852 περιλειπόμενοι
2964 2779 3075 2834 τῶν
3105 2779 3214 2833 ἀπὸ
3252 2778 3581 2850 Ἡρακλείας
3609 2774 3833 2845 φυγάδων.

2311 2872 2610 2942 Νύμφιδος,
2640 2876 2731 2926 καὶ
2762 2872 2926 2925 αὑτοῦ
2957 2872 3079 2934 ἑνὸς
3109 2870 3450 2943 ὑπάρχοντος
3472 2868 3689 2933 τούτων,
3732 2863 3835 2918 κάθ-

2310 2964 2427 3017 οδον
2489 2964 2879 3034 βουλεύσαντος
2906 2965 3111 3031 αὐτοῖς,
3148 2965 3244 3017 καὶ
3279 2963 3475 3034 ῥᾳδίαν
3509 2956 3643 3013 εἶναι
3674 2957 3836 3023 ταύτην

2310 3055 2736 3120 ἐπιδεικνύντος,
2775 3058 2824 3107 εἰ
2859 3055 3023 3125 μηδὲν
3051 3072 3127 3108 ων
3149 3054 3194 3085 ⁵⁷
3240 3054 3289 3106 οἱ
3341 3054 3599 3122 πρόγονοι
3645 3046 3836 3103 ἀπεστέ-

2314 3165 2477 3219 ρηντο
2526 3147 2683 3200 αὐτοὶ
2732 3149 2949 3215 φανεῖεν
2993 3145 3327 3216 διοχλοῦντες
3370 3142 3503 3214 [372
3529 3141 3620 3213 ιι]
3674 3136 3835 3204 ἀναλή-

2310 3239 2530 3309 ψεσθαι,
2563 3238 2751 3291 ἔπεισέ
2782 3254 2843 3290 τε
2877 3238 2974 3291 σὺν
3005 3237 3083 3309 τῷ
3122 3239 3325 3309 ρᾴστῳ,
3371 3238 3469 3289 καὶ
3509 3238 3605 3303 τῆς
3651 3229 3837 3285 καθόδου

2310 3332 2368 3384 ὃν
2401 3330 2689 3383 ἐϐούλευσε
2722 3331 2924 3403 τρόπον
2952 3329 3327 3399 γεγενημένης
3356 3330 3414 3380 οῖ
3439 3344 3497 3379 τε
3528 3323 3837 3393 καταχθέντες

2310 3423 2402 3474 καὶ
2435 3425 2467 3493 ἡ
2499 3420 2769 3492 δεξαμένη
2803 3422 2959 3484 πόλις
2991 3423 3048 3473 ἐν
3073 3421 3287 3491 ὁμοίαις
3316 3421 3533 3489 ἡδοναῖς
3567 3418 3653 3469 καὶ
3679 3415 3836 3481 εὐφρο-

2311 3514 2498 3576 σύναις
2546 3515 2961 3585 ἀνεστρέφοντο,
3018 3512 3357 3581 φιλοφρόνως
3385 3511 3497 3563 τῶν
3538 3511 3592 3561 ἐν
3621 3509 3681 3576 τῇ
3718 3503 3834 3555 πόλει

2308 3606 2529 3669 τούτους
2586 3605 2996 3675 δεξιωσαμένων
3051 3604 3141 3657 καὶ
3199 3603 3368 3673 μηδὲν
3411 3602 3521 3655 τῶν
3561 3602 3636 3663 εἰς
3670 3594 3833 3663 αὐτάρ·

2311 3714 2465 3750 κείαν
2522 3699 2707 3759 αὐτοῖς
2760 3696 3158 3750 συντελούντων
3222 3693 3712 3765 παραλελοιπότων.
3751 3686 3835 3740 Καὶ

2310 3793 2358 3843 οἱ
2404 3790 2805 3861 Ἠρακλειῶται
2836 3790 2929 3841 τὸν
2966 3789 3255 3860 εἰρημένον
3297 3789 3499 3860 τρόπον
3527 3787 3619 3856 τῆς
3645 3778 3834 3837 παλαιᾶς

2313 3882 2594 3950 εὐγενείας
2622 3899 2681 3934 τε
2703 3882 2797 3934 καὶ
2832 3880 3109 3944 πολιτείας
3139 3880 3597 3951 ἐπελαμϐάνοντο.

1092 4007 1221 4064 CAP.
1252 4008 1391 4066 XIII.
1419 4042 1487 4052 ——
1515 4014 1761 4067 Seleucus
1788 4015 1841 4068 in
1866 4017 2190 4085 expeditione
2217 4017 2554 4072 Macedonica
2588 4036 2618 4071 a
2658 4017 2794 4071 Ptol.
2822 4016 3063 4071 Cerauno
3090 4017 3411 4070 trucidatur.

700 4122 769 4176 At
820 4120 1103 4188 Seleucus,
1141 4138 1395 4177 successu
1448 4135 1639 4180 contra
1678 4126 2064 4195 Lysimachum
2093 4127 2206 4182 ela-

633 4224 737 4279 tus,
774 4216 1061 4269 transitum
1115 4217 1168 4270 iu
1223 4216 1595 4272 Macedoniam
1649 4220 1885 4274 instituit
1944 4222 2206 4291 (impulit

629 4307 774 4359 enim
814 4321 966 4359 amor
1023 4306 1234 4375 patriae,
1283 4323 1349 4362 ex
1414 4324 1519 4376 qua
1548 4312 1687 4377 [cutn
1721 4310 2027 4363 Alexandro
2061 4312 2199 4365 mili-

629 4408 797 4451 tatqu
828 4399 999 4452 iverat
1022 4397 1066 4477 ),
1107 4398 1288 4467 ibique
1324 4398 1585 4468 reliquum
1642 4403 1764 4454 vita:
1799 4411 2008 4469 tempus
2032 4403 2201 4455 conﬁ-

628 4503 753 4542 cere
800 4489 1079 4542 destiuans
1124 4489 1274 4558 (nam
1311 4489 1465 4543 senio
1499 4489 1779 4543 conlectus
1813 4491 1974 4559 erat),
2014 4492 2197 4545 Asiam

625 4581 823 4650 226b
874 4580 985 4633 ﬁlio
1032 4580 1304 4649 Antigono
1381 4579 1805 4634 commendavit.
1875 4580 2201 4639 Ptolemaeus

628 4684 806 4725 autem
862 4670 1165 4735 Ceraunus,
1215 4670 1521 4740 Lysimachi
1573 4687 1739 4741 regno
1788 4675 1888 4728 sub
1916 4676 2201 4729 arbitrium

628 4763 839 4818 Seleuci
896 4766 1135 4827 redacto,
1189 4773 1244 4818 et
1283 4765 1397 4832 ipse
1434 4764 1534 4818 sub
1570 4780 1636 4819 eo
1684 4765 1941 4822 vivebat:
1974 4782 2077 4822 nec
2116 4778 2202 4822 ta-

626 4872 770 4921 men,
831 4870 929 4909 ceu
983 4855 1181 4923 captivi
1222 4854 1363 4919 loco,
1408 4857 1718 4923 neglectim,
1773 4858 1870 4913 sed
1925 4868 1984 4914 ut
2054 4860 2199 4928 regia

624 4943 860 5011 soboles,
896 4944 951 4997 in
983 4944 1188 5000 honore
1216 4956 1272 5000 et
1302 4948 1649 5002 accuratione
1682 4948 1918 5014 habitus,
1954 4950 2063 5004 imo
2088 4966 2202 5003 ma-

624 5032 838 5101 gniﬁcis
886 5035 1049 5088 etiam
1085 5034 1369 5104 promissis
1396 5048 1625 5092 ornatus
1651 5054 1681 5092 a
1711 5038 1959 5104 Seleuco,
1998 5040 2116 5095 fore
2147 5052 2207 5094 ut

625 5122 880 5176 defuncto
922 5137 1143 5193 parente
1176 5126 1229 5179 in
1263 5137 1546 5195 paternum
1576 5126 1799 5197 Egypti
1832 5145 2056 5199 regnum
2106 5131 2203 5185 de-

626 5213 935 5269 duceretur.
1001 5213 1075 5269 lta
1124 5232 1255 5271 sane
1310 5217 1612 5273 liberaliter
1661 5229 1716 5273 et
1762 5221 2059 5279 honoriﬁce
2113 5225 2203 5280 ille

625 5303 976 5357 tractabatur.
1030 5307 1101 5360 At
1145 5308 1417 5362 hominem
1464 5310 1770 5379 improbum
1825 5314 1965 5368 bene
2007 5318 2202 5373 merita

626 5394 798 5448 nihilo
832 5397 1111 5450 meliorem
1146 5398 1345 5453 fecere.
1375 5399 1514 5453 Nam
1554 5402 1960 5459 benefactorem
1991 5407 2203 5464 insidiis

627 5499 943 5555 Oppressum
971 5490 1227 5556 trucidat,
1263 5501 1316 5545 et
1345 5492 1469 5561 equi
1508 5508 1673 5550 cursu
1699 5496 1918 5566 adjutus
1954 5496 2202 5568 Lysima-

2374 4130 2637 4191 Σέλευκος
2681 4128 2737 4180 δὲ
2790 4130 2905 4191 τοῖς
2955 4126 3410 4197 κατωρθωμένοις
3461 4125 3597 4177 κατά
3627 4124 3666 4153 ⁵⁸
3703 4124 3831 4173 Λυσι·

2306 4222 2479 4290 μάχου
2513 4220 2794 4290 ἐπαρθεὶς,
2822 4221 2901 4283 είς
2949 4217 3049 4287 τὴν
3080 4217 3421 4270 Μακεδονίαν
3451 4217 3721 4270 διαϐαίνειν
3746 4214 3828 4279 ὥρα

2306 4329 2463 4381 μητο,
2519 4311 2683 4364 πόθον
2713 4312 2852 4380 ἔχων
2890 4311 2988 4379 τῆς
3031 4308 3307 4378 πατρίδος,
3354 4309 3413 4372 ἐξ
3468 4304 3533 4379 ἧς
3564 4310 3652 4359 σὺν
3692 4302 3831 4363 Ἀλεξ-

2301 4403 2480 4473 άνδρῳ
2526 4402 2873 4473 ἐστράτευτο,
2924 4402 3087 4455 κάκεῖ
3144 4400 3238 4452 τοῦ
3297 4400 3413 4469 βίου
3460 4400 3520 4452 τὸ
3574 4397 3737 4450 λεῖπον
3766 4391 3825 4443 δι-

2304 4494 2501 4548 ανύσαι
2558 4496 2783 4563 γηραιὸς
2811 4495 2909 4564 ἤδη
2939 4493 3015 4546 ὣν
3064 4492 3468 4562 διανοούμενος,
3492 4490 3586 4560 τὴν
3607 4490 3659 4540 δὲ
3684 4483 3827 4537 Ἀσίαν

2310 4588 2601 4658 Ἀντιγόνῳ
2626 4588 2670 4618 ⁸9
2704 4586 3155 4657 παραθέσθαιτῴ
3204 4584 3376 4638 παιδί.
3439 4581 3739 4651 Πτολεμαῖος
3785 4571 3826 4621 δὲ

2308 4681 2337 4731 6
2360 4679 2660 4749 Κεραυνὸς,
2688 4679 2794 4731 τῶν
2815 4678 3131 4745 Λυσιμάχου
3157 4677 3494 4747 πραγμάτων
3514 4674 3613 4726 ὑπὸ
3630 4663 3825 4727 Σελεύκῳ

2309 4770 2723 4839 γεγενημένων,
2760 4769 2855 4821 καὶ⁷
2900 4768 3066 4831 αὐτὸς
3109 4769 3201 4819 ὑπ’
3232 4767 3392 4819 αὑτὸν
3436 4765 3618 4824 ἐτέλει,
3648 4760 3728 4825 οὐχ
3766 4752 3822 4811 ὡς

2308 4862 2654 4932 αἰχμάλωτος
2686 4859 3101 4930 παρορώμενος,
3131 4858 3244 4911 ἀλλ’
3266 4855 3351 4910 οἷα
3373 4858 3437 4925 δὴ
3467 4858 3590 4916 παῖς
3609 4845 3822 4922 βασιλέως

2308 4957 2475 5025 τιμῆς
2511 4971 2571 5007 τε
2596 4954 2693 5007 καὶ
2721 4952 2979 5022 προνοίας
3013 4952 3358 5022 ἀξιούμενος,
3394 4951 3454 5003 ού
3485 4950 3577 5018 μὲν
3604 4938 3720 4997 ἀλλὰ
3752 4935 3821 4987 καὶ

2310 5045 2638 5114 ὑποσχέσεσι
2710 5042 3201 5112 λαμπρυνάμενος,
3265 5042 3331 5104 ἃς
3399 5038 3543 5109 αὑτῷ
3611 5032 3820 5087 Σέλευκος

2308 5135 2651 5207 προύτεινεν,
2693 5137 2743 5187 εἰ
2773 5134 3148 5203 τελευτήσειεν
3193 5135 3221 5186 6
3271 5134 3608 5201 γεινάμενος,
3645 5122 3747 5189 τὴν
3784 5114 3819 5207 δέ

2307 5206 2605 5297 Αῖγυπτον,
2642 5226 2909 5298 πατρῴαν
2938 5224 3107 5280 οὖσαν
3138 5226 3334 5296 ἀρχὴν,
3368 5221 3696 5290 καταγαγεῖν.
3725 5206 3819 5281 [7”

2310 5323 2404 5394 IL]
2454 5322 2593 5376 Ἀλλ’
2622 5324 2651 5375 6
2678 5322 2775 5392 μὲν
2796 5319 3052 5389 τοιαύτης
3083 5318 3407 5389 κηδεμονίας
3450 5316 3652 5405 ἠξίωτο,
3671 5299 3820 5405 Δκιιῗιςιν

2309 5414 2367 5467 δὲ
2392 5408 2513 5484 ’ἄρα
2538 5414 2594 5467 αἱ
2622 5412 2933 5483 εὐεργεσίαι
2960 5411 3114 5464 οὐδὲν
3137 5411 3413 5464 ὲὸελτίουν
3439 5409 3505 5462 “.
3548 5394 3818 5493 Ἐπιὸουλην

2312 5504 2420 5574 γὰρ
2471 5505 2765 5575 συστήσας,
2790 5501 3118 5575 προσπεσὼν
3165 5503 3254 5555 τὸν
3304 5501 3589 5572 εὐεργέτην
3630 5492 3815 5551 ἀναιρεῖ,

1908 5610 2145 5665 νΑΙιιΑε
2178 5612 2585 5668 LEC'I'IONES.

700 5689 747 5721 ⁸⁸
773 5692 1127 5777 ἀῖεδξξότὲρον
1163 5713 1221 5759 ς·-
1300 5697 1343 5730 ⁸⁵
1396 5701 1673 5777 Ἡρακλῆς
1698 5718 1853 5777 corr.
1885 5705 1924 5756 A
1962 5721 1987 5777 εΔ
2022 5705 2313 5777 Ἡρακλεῖς
2340 5723 2421 5777 ς..
2473 5704 2523 5777 Α’δθ
2550 5702 2794 5777 κάρρων]
2843 5701 2963 5777 libri
2998 5701 3202 5777 καρῴν.
3236 5698 3491 5777 ηδτμηδέχ

632 5758 848 5847 “mare
882 5758 1305 5847 Rhodot't‘taunus
1344 5788 1356 5824 :
1393 5758 1529 5844 μετά
1554 5758 1668 5838 τ.”
1696 5774 1738 5806 ³³
1774 5758 2368 5847 ἈντιγόνῳῘΛντιόχηῖ
2400 5758 2713 5832 Ροιιιιοιῆυδ.
2754 5758 2797 5807 ⁵⁵
2834 5770 2952 5842 τὴν]
2984 5758 3189 5842 εἰς’τήν
3234 5758 3575 5827 ιιωεοὶιειὶυυ.

633 5830 786 5886 τίουν
815 5832 860 5886 Α
892 5851 905 5887 :
941 5834 1225 5891 ἐπετέλουν
1255 5856 1313 5901 ς.

3631 5680 3745 5755 μηδέ
3768 5694 3811 5755 ξ’

2479 5704 2523 5804 :5
2843 5701 2963 5789 libri
2998 5701 3202 5785 καρῴν.
3276 5698 3491 5777 δτμηδέν
3517 5695 3557 5747 Α

2498 5791 2691 5804 ....ι.......
2778 5780 2797 5804 ο
2834 5770 2952 5804 ,ωλι
2987 5788 3062 5804 ει-
3091 5789 3189 5804 μνη,
3236 5766 3572 5804 ΙιιιιιικιηιοιιηνιΔ
3751 5786 3793 5802 ,,
