3994 6396
173 426 276 486 893
1255 419 1779 480 BIBLIOTHECA.
1817 404 1892 457 '—'
1917 419 2078 482 con.
2111 421 2411 486 CCXXIV.
3300 424 3408 486 894

186 537 268 590 xui
296 535 452 586 ἵππου
481 533 674 597 ἐπιϐὰς
714 533 850 603 πρὸς
899 532 1246 603 Λυσιμαχίαν
1302 533 1526 601 φεύγει·
1581 535 1639 586 έν
1689 528 1763 604 ﬁ,

1828 531 2007 585 chiam
2054 530 2326 601 profugit:
2362 531 2452 585 ub.
2489 531 2870 602 Impositusihi
2913 533 3241 597 diademate,
3278 549 3399 587 cum

179 628 391 695 διάδημα
418 624 771 696 περιθέμενος
795 625 932 695 μετὰ
953 624 1214 695 λαμπρᾶς
1236 625 1558 695 δορυφορίας
1584 642 1722 676 κατ-

1834 623 2120 678 satellitum
2152 639 2311 676 manu
2336 624 2738 691 speciosissima
2780 626 2846 678 ad
2880 626 3178 680 exercitum
3211 627 3400 680 tendit.

182 717 374 770 ἔϐαινεν
419 717 496 777 εἰς
557 715 620 767 τὸ
662 717 1009 784 στράτευμα,
1060 715 1365 784 δεχομένων
1409 715 1571 768 αὑτὸν
1617 714 1722 768 ὑπὸ

1832 715 1913 769 lbi
1954 714 2276 769 necessitate
2309 715 2574 784 compulsi
2628 732 2751 770 eum
2803 717 3092 787 recipiunt,
3121 725 3174 770 et
3227 733 3406 785 regem

180 809 266 876 τῆς
317 807 554 874 ἀνάγκης
595 808 693 859 xui.
733 806 959 876 βασιλέα
996 807 1303 861 καλούντων
1357 808 1405 860 οἳ
1457 807 1721 877 πρότερον

1832 807 2091 871 salutant,
2139 807 2226 874 qui
2272 807 2430 875 paulo
2476 817 2600 862 ante
2651 808 2877 865 Seleuco
2925 811 3254 864 sacramenti
3283 809 3408 862 reli-

180 896 406 965 Σελεύκῳ
435 899 728 966 ὑπήκουον.

1835 901 1994 970 gione
2022 900 2228 958 astricti
2263 909 2440 953 erant.

314 1015 438 1070 CAP.
481 1013 620 1068 XIV.
657 1045 728 1054 —
758 1015 1006 1084 Antigoni
1049 1013 1310 1080 expeditio
1359 1013 1410 1065 in
1450 1009 1775 1076 Ceraunum,
1814 1009 2230 1064 Heracliensium
2261 1009 2460 1064 auxilio
2487 1013 2825 1064 instructum.
2858 1011 3100 1081 Antigoni
3121 1011 3271 1081 fuga.

254 1108 544 1175 ’Δντίγονος
574 1107 630 1160 δὲ
665 1108 694 1160 6
721 1107 1035 1178 Δημητρίου
1074 1106 1144 1160 τά
1182 1103 1574 1175 συνενεχθέντα
1622 1121 1730 1174 μα·-

1903 1103 2208 1171 Antigonus
2250 1112 2427 1156 antem
2487 1102 2744 1158 Demetrii
2795 1104 2960 1167 filius,
2990 1106 3093 1159 hoc
3128 1105 3409 1161 intellecto

185 1205 296 1264 θὼν,
331 1201 421 1254 ἐπὶ
456 1199 794 1254 Μακεδονίαν
836 1199 1131 1253 διαϐαίνειν
1153 1197 1428 1268 ἐπεχείρει
1463 1195 1612 1265 πεζῷ
1635 1197 1729 1248 καὶ

1873 1209 1987 1257 asu,
2023 1194 2424 1262 expeditionem
2473 1195 2710 1264 suscepit
2736 1196 2788 1249 in
2825 1197 3215 1263 Macedoniam,
3245 1205 3410 1268 pede-
3447 1240 3450 1271 ξ

184 1291 320 1361 νηΐτῃ
349 1287 739 1358 στρατεύματι,
763 1286 1076 1357 προφθάσαι
1109 1285 1354 1338 σπεύδων
1394 1284 1486 1336 τὸν
1525 1283 1732 1335 Πτολε-

1838 1287 2042 1341 stribus
2100 1298 2153 1340 et
2195 1286 2428 1340 nauticis
2468 1287 2640 1356 cepiis
2689 1287 3040 1344 Ptolemreum
3102 1292 3415 1346 antevenire

187 1380 342 1448 μαῖον.
395 1375 454 1429 '0
488 1375 546 1428 δὲ
579 1377 915 1444 Πτολεμαῖος
938 1373 1038 1435 τὰς
1068 1372 1382 1441 Λυσιμάχου
1410 1372 1545 1442 νῆας
1590 1369 1730 1439 ἔχων

1836 1390 2156 1447 properans.
2191 1377 2260 1429 At
2293 1373 2617 1432 Ptolemaeus
2684 1380 2966 1447 expeditas
3020 1381 3223 1435 habens
3253 1380 3413 1452 Lys‘-

183 1469 378 1538 ἀπήντα
406 1467 501 1520 καὶ
533 1465 1048 1536 ἀντιπαρετάττετο.
1092 1459 1274 1518 Ἦσαν
1328 1462 1374 1516 δ’
1421 1463 1479 1514 ἐν
1536 1462 1727 1524 αὑταῖς

1838 1465 2010 1520 machi
2063 1479 2247 1530 naves,
2319 1466 2580 1520 instructa
2623 1469 2740 1522 acie
2793 1471 3070 1524 occurrit:
3103 1472 3246 1525 inter
3283 1488 3415 1541 quas

182 1557 316 1612 ἄλλαι
347 1572 404 1608 τε
436 1554 536 1609 καὶ
563 1556 664 1626 τῆς
705 1554 1030 1626 Ἡρακλείας
1084 1556 1139 1607 αἱ
1185 1554 1591 1624 μετάπεμπτοι,
1631 1553 1725 1619 ἐξ·-

1840 1572 1994 1616 erant
2024 1570 2137 1615 tum
2177 1561 2316 1628 alim,
2353 1571 2464 1614 tum
2494 1562 2560 1615 ab
2593 1562 2849 1617 Heraclea
2888 1567 3166 1618 accersita:
3189 1567 3417 1622 hexeres

182 1651 317 1719 ἠρεις
348 1665 404 1700 τε
434 1649 531 1700 xui.
557 1649 848 1717 πεντήρεις
875 1663 936 1699 τε
978 1645 1074 1699 xui
1102 1645 1394 1716 ἄφρακτοι,
1432 1643 1528 1697 καὶ
1565 1645 1728 1714 ὀκτή-

1843 1663 2186 1724 etpenteres,
2217 1665 2269 1709 et
2303 1655 2499 1722 quibus
2532 1655 2823 1724 Aphractis
2853 1668 2938 1712 est
2960 1673 3152 1712 nomen
3189 1667 3281 1711 ιρι
3312 1674 3415 1712 una

187 1758 270 1812 ρης
298 1741 392 1811 μία
418 1743 451 1810 ἡ
478 1741 832 1809 λεοντοφόρος
849 1739 1180 1810 καλουμένη,
1208 1737 1472 1808 μεγέθους
1490 1737 1536 1768 ⁸⁸
1565 1735 1728 1788 ἕνεκα

1838 1745 2064 1811 octeris,
2100 1745 2272 1800 leonis
2303 1744 2432 1800 fera:
2493 1745 2710 1800 nomine
2740 1746 2995 1818 insignis,
3033 1764 3153 1816 qnze
3207 1749 3415 1816 magni-

184 1837 264 1888 xui.
295 1834 522 1896 κάλλους
545 1833 755 1904 ἥκουσα
780 1835 859 1896 είς
885 1830 1069 1900 θαῦμα
1093 1847 1106 1861 ο
1143 1832 1202 1883 ὲν
1223 1828 1398 1901 ταύτῃ
1417 1829 1526 1899 γὰρ
1559 1834 1603 1900 ρί
1632 1828 1731 1898 μὲν

1843 1835 2029 1889 tudine
2075 1842 2128 1889 et
2169 1835 2433 1904 elegantia
2488 1835 2541 1889 in
2589 1836 3005 1902 admirationem
3061 1839 3331 1891 veniebat.
3360 1836 3415 1889 ln

183 1924 347 1993 ἄνδρες
386 1925 619 1978 ἕκαστον
669 1925 879 1992 στοῖχον
907 1922 952 1954 ⁸³
981 1921 1228 1992 ἤρεττον,
1263 1920 1338 1982 ὡς
1379 1927 1437 1972 ω’
1468 1921 1533 1972 ὲκ
1576 1919 1735 1972 θατέ-

1844 1927 1939 1980 hac
1958 1925 2104 1978 enim
2130 1924 2233 1980 100
2262 1926 2381 1992 viri,
2408 1941 2521 1981 suae
2549 1927 2749 1996 quique
2783 1929 3042 1982 centuriae
3090 1929 3300 1990 ordine,
3338 1941 3421 1980 re-

185 2035 261 2090 ρου
293 2018 485 2088 μέρους
512 2015 790 2086 γενέσθαι,
817 2015 876 2079 ἐξ
909 2013 1194 2084 ιέκατέρων¹
1212 2013 1268 2067 δὲ
1297 2011 1500 2083 χιλίους
1537 2009 1630 2064 καὶ
1650 2013 1730 2080 χ’·

1844 2031 1960 2069 mos
1980 2015 2266 2079 ducebant,
2297 2025 2355 2069 ut
2407 2032 2472 2070 ex
2527 2017 2695 2072 altera
2734 2027 2890 2088 parte
2922 2018 3047 2082 800,
3075 2035 3140 2073 ex
3193 2032 3421 2087 utraque

184 2110 224 2162 οί
258 2109 308 2162 δὲ
331 2109 433 2162 ἀπὸ
464 2108 579 2161 τῶν
626 2104 1110 2176 καταστρωμάτων
1161 2101 1531 2172 μαχησόμενοι
1573 2099 1732 2170 χίλιοι

1844 2114 2022 2157 autem
2056 2101 2194 2157 1600
2229 2117 2451 2158 numero
2483 2113 2663 2159 essent
2697 2120 2712 2158 :
2745 2106 2838 2174 qni
2883 2121 3015 2169 vero
3057 2107 3122 2161 de
3151 2105 3286 2160 foris
3322 2121 3421 2175 pu-

183 2200 263 2254 xui
297 2205 338 2252 σ⁹
362 2240 376 2264 ,
410 2200 506 2252 καὶ
553 2198 882 2270 κυϐερνῆται
922 2195 988 2267 β’.
1023 2195 1131 2266 Τῆς
1155 2194 1248 2248 οὖν
1278 2191 1553 2263 συμϐολῆς
1589 2207 1735 2259 γενο-

1848 2204 2095 2263 gnarent,
2142 2194 2303 2249 1200.
2335 2195 2405 2249 Et
2433 2196 2536 2250 duo
2577 2197 2788 2252 inerant
2811 2199 3225 2266 gubernatores.
3264 2198 3425 2252 Post-

188 2287 354 2357 μένης,
378 2289 576 2358 κρατεῖ
609 2285 945 2355 Πτολεμαῖος
986 2283 1047 2337 τὸ
1091 2283 1348 2338 ναυτικὸν
1391 2281 1737 2352 τρεψάμενος

1844 2303 2006 2357 qnam
2035 2288 2089 2342 in
2123 2289 2293 2344 aciem
2328 2289 2653 2344 descensum
2681 2289 3050 2359 est,superior
3085 2290 3265 2344 evadit
3294 2288 3419 2343 Pto-

183 2378 262 2431 τοῦ
287 2378 621 2448 Ἀντιγόνου,
654 2379 1022 2451 ἀνδρειότερον
1046 2376 1156 2430 τῶν
1188 2375 1362 2430 ἄλλων
1388 2371 1737 2442 ἀγωνισαμέ-

1846 2379 2154 2444 lemzcus,in
2182 2378 2366 2450 fugam
2404 2395 2558 2436 versa
2589 2381 2845 2450 Antigoni
2883 2381 3080 2435 classe.
3102 2380 3200 2436 Ubi
3227 2380 3423 2435 fortius

185 2489 270 2526 νων
314 2473 358 2505 ⁸⁸
409 2473 467 2526 αϊ
512 2467 660 2543 ἦσαν
702 2472 761 2540 ἐξ
808 2468 1238 2542 Ἡρακλεώτιδος
1263 2484 1276 2498 ·
1313 2467 1494 2522 αὐτῶν
1523 2466 1584 2521 δὲ
1623 2465 1734 2519 τῶν

1852 2473 2057 2528 ceteris
2098 2483 2406 2542 pugnarunt
2443 2489 2614 2528 naves
2674 2488 2740 2526 ex
2796 2473 3194 2538 Heracleotide,
3229 2482 3283 2526 et
3312 2472 3429 2541 pal-

193 2565 620 2638 Ἦρακλεωτίδων
650 2566 712 2619 τὸ
759 2565 1036 2637 ἐξαίρετον
1076 2565 1273 2636 ἔφερεν
1307 2565 1341 2634 ἡ
1386 2561 1736 2632 λεοντοφόρος

1844 2579 1986 2618 mam
2020 2563 2164 2618 inter
2199 2564 2296 2618 has
2330 2565 2452 2618 tulit
2487 2564 3085 2620 octoremisleonifera.
3124 2565 3419 2618 Sinistram

185 2657 411 2729 ὀκτήρης.
453 2656 618 2712 Οὖτω
653 2656 839 2721 κακῶς
883 2655 1190 2725 Ἀντίγονος
1216 2653 1295 2725 τῷ
1322 2652 1493 2724 στόλῳ
1523 2653 1737 2724 πράξας

1853 2656 2030 2726 itaque
2059 2657 2326 2710 fortunam
2347 2656 2540 2712 classis
2568 2668 2822 2726 expertus
2837 2658 3165 2727 Antigonus,
3195 2659 3245 2712 in
3266 2657 3430 2712 Boeo-

186 2747 252 2810 είς
293 2747 386 2819 τὴν
443 2747 716 2801 Βοιωτίαν
763 2747 1100 2818 ἀνεχώρησε.
1156 2746 1491 2814 Πτολεμαῖος
1538 2744 1598 2798 δὲ
1644 2744 1738 2797 ἐπὶ

1857 2750 1980 2804 tiam
2008 2765 2070 2805 se
2096 2751 2340 2819 recepit:
2366 2761 2420 2805 et
2453 2749 2803 2816 Ptolemaeus,
2833 2751 3065 2805 transitu
3097 2751 3150 2804 in
3187 2749 3434 2806 Macedo-

187 2841 496 2896 Μακεδονίαν
525 2841 701 2913 διέϐῃ,
728 2841 822 2895 καὶ
849 2841 1082 2911 βεϐαίως
1111 2840 1236 2912 ἔσχε
1266 2839 1366 2911 τὴν
1397 2840 1594 2910 ἀρχήν.

1569 2857 1594 2892 ν.
1849 2842 1996 2896 niam
2032 2841 2198 2906 facto,
2225 2842 2338 2910 jam
2370 2843 2603 2896 firmiter
2637 2857 2860 2914 regnum
2909 2843 3146 2898 tenebat.

527 2957 660 3013 CAP.
691 2955 808 3010 XV.
832 2985 899 2998 ——
926 2956 1152 3012 Cerauni
1199 2956 1405 3026 ﬂagitia
1436 2966 1485 3010 et
1542 2956 1808 3014 interitus.
1830 2956 2081 3026 Antigoni
2113 2957 2172 3010 in
2203 2972 2361 3026 regno
2393 2953 2721 3010 Macedonia:
2751 2957 3033 3010 successio.

245 3048 438 3102 Αύτικα
460 3049 624 3117 γοῦν,
662 3049 761 3118 τὴν
785 3049 993 3102 οἰκείαν
1023 3049 1222 3120 μᾶλλον
1247 3049 1524 3119 ὲκφαίνων
1562 3049 1742 3102 σκαιό-

1926 3047 2122 3104 Statim
2153 3049 2337 3118 igitur,
2375 3058 2434 3102 ut
2497 3048 2817 3118 improbitas
2876 3047 2995 3118 ejus
3051 3062 3116 3102 eo
3171 3045 3344 3115 magis
3378 3047 3429 3100 in

189 3155 325 3210 τητα,
363 3141 652 3212 Ἀρσινόην
679 3141 799 3211 μὲν,
824 3140 901 3203 ὡς
951 3140 1184 3209 πάτριον
1221 3138 1379 3193 τοῦτο
1419 3140 1533 3200 τοῖς
1572 3138 1742 3205 Αἰγυ-

1855 3139 2038 3196 oculos
2072 3141 2354 3194 hominum
2390 3141 2654 3205 incurrat,
2685 3140 2959 3194 Arsinoen
2987 3153 3256 3202 sororem,
3288 3139 3432 3207 quod

190 3232 494 3303 πτίοις,την
541 3233 779 3302 ἀδελφὴν
831 3234 1020 3300 γαμεῖ,
1047 3234 1173 3296 τοὺς
1225 3231 1290 3284 ὲκ
1320 3229 1639 3302 Λυσιμάχου
1685 3228 1742 3282 δὲ

1854 3233 2087 3302 patrium
2124 3233 2227 3287 hoc
2262 3232 2333 3286 sit
2380 3231 2651 3302 Egyptiis
2682 3232 3042 3301 pratendens,
3102 3230 3431 3285 matrimonii

190 3326 363 3390 παῖδας
407 3327 547 3397 αὐτῇ
574 3326 977 3394 γεγενημένους
1003 3325 1216 3395 ἀναιρεῖ
1239 3341 1254 3355 ο
1294 3324 1411 3395 μεθ’
1441 3321 1536 3386 οὓς
1556 3321 1741 3376 κάκεί-

1858 3326 2052 3382 ﬁndere
2080 3323 2182 3379 sibi
2234 3325 2506 3394 astringit,
2557 3331 2612 3378 et
2657 3332 2812 3379 natos
2860 3323 2912 3379 ei
2991 3339 3056 3379 ex
3110 3321 3435 3392 Lysimacho

189 3431 273 3485 νην
295 3418 386 3487 τῆς
428 3417 706 3488 βασιλείας
733 3416 1052 3486 ἐξεκήρυξε.
1088 3416 1198 3469 Καὶ
1226 3412 1396 3467 πολλά
1422 3413 1518 3467 καὶ
1547 3412 1742 3483 παρά-

1856 3417 2087 3473 trucidat
2121 3435 2134 3470 :
2167 3417 2296 3486 quin
2323 3432 2446 3470 mox
2474 3415 2639 3470 etiam
2673 3417 2868 3485 ipsam,
2899 3431 3001 3469 non
3043 3415 3181 3469 citra
3239 3422 3433 3468 contu-

191 3524 311 3578 νομα
343 3511 399 3562 ὲν
439 3511 562 3562 δυσὶ
639 3507 1082 3578 διαπραξάμενος
1122 3507 1167 3540 ⁸³
1220 3505 1387 3570 ἔτεσι,
1438 3501 1742 3557 Γαλατικοῦ

1856 3509 2096 3572 meliam,
2158 3523 2326 3578 regno
2375 3507 2615 3579 expellit.
2663 3507 2906 3574 Cumque
2953 3505 3184 3575 plurima
3247 3515 3433 3559 contra

194 3598 303 3672 [375
343 3601 435 3673 ιι]
484 3604 691 3671 μέρους
739 3601 839 3670 τῆς
888 3599 1146 3671 πατρίδος
1179 3598 1616 3667 μεταναστάντος
1656 3595 1746 3648 διὰ

1863 3599 2022 3652 deum
2050 3597 2440 3666 hominumque
2481 3598 2628 3667 leges
2647 3597 2789 3651 intra
2820 3595 3096 3649 biennium
3125 3603 3436 3663 perpetras-

194 3692 350 3763 λιμὸν,
375 3693 467 3746 καὶ
491 3692 840 3747 Μακεδονίαν
877 3689 1295 3744 καταλαϐόντων
1316 3687 1412 3740 καὶ
1451 3689 1530 3750 είς
1563 3686 1744 3756 μάχην

1858 3703 1963 3758 set,
2018 3692 2218 3747 accidit
2276 3700 2334 3744 ut
2393 3706 2520 3762 pars
2575 3692 2820 3760 quaedam
2877 3688 3152 3743 Gallorum
3188 3685 3332 3738 fame
3372 3699 3435 3738 ex

195 3785 326 3854 αὐτῷ
353 3785 729 3855 συναψάντων,
761 3783 928 3847 ἀξίως
951 3781 1051 3850 τῆς
1074 3780 1351 3850 ὠμότητος
1379 3779 1744 3849 καταστρέφει

1862 3785 2030 3853 patria
2088 3784 2324 3853 migrare
2395 3791 2606 3845 coacta,
2647 3779 3020 3835 Macedoniam
3074 3769 3439 3841 inva'deret,a

195 3874 272 3928 τὸν
320 3876 448 3945 βίον,
501 3876 941 3947 διασπαραχθεὶς
988 3874 1095 3926 ὑπὸ
1133 3871 1241 3924 τῶν
1286 3870 1581 3923 Γαλατῶν·
1637 3868 1746 3933 ζῶν

1858 3876 2068 3944 quibus,
2125 3883 2380 3930 conserto
2415 3875 2630 3942 proelio,
2690 3888 2788 3927 rex
2848 3871 3001 3925 vivus
3041 3870 3278 3940 capitur,
3326 3866 3435 3920 ele-

195 3968 290 4038 γὰρ
319 3970 544 4041 ἐλήφθη,
581 3969 677 4022 τοῦ
705 3969 1018 4038 ἐλέφαντος,
1045 3969 1102 4019 ὲν
1127 3958 1171 4032 ᾧ
1203 3964 1414 4033 ὠχεῖτο,
1448 3960 1748 4032 τρωθέντος

1864 3967 2081 4036 phanto,
2115 3980 2222 4035 quo
2274 3965 2593 4027 vehebatur,
2651 3961 2896 4016 sauciato
2951 3975 3235 4025 excussus,
3285 3955 3441 4011 etab

197 4065 278 4113 xui.
303 4064 698 4126 καταϐαλόντος
736 4062 920 4115 αὐτόν.
967 4057 1270 4122 Ἀντίγονος
1295 4056 1353 4109 δὲ
1383 4057 1410 4108 6
1433 4051 1749 4124 Δημητρίου

1864 4055 2106 4110 hostibus
2156 4055 2482 4124 discerptus,
2513 4054 2730 4122 dignum
2756 4052 3196 4107 crudelitatesua
3239 4047 3441 4116 227a

199 4153 428 4224 ἡττηθεὶς
475 4156 522 4187 ³⁸
571 4154 648 4225 τῷ
688 4153 949 4224 ναυτικῷ,
1003 4149 1339 4221 Πτολεμαίου
1397 4145 1748 4220 ἀνῃρημένου

1865 4150 2062 4203 exitum
2092 4147 2316 4202 invenit.
2355 4146 2660 4216 Antigonus
2686 4154 2866 4199 autem
2920 4143 3204 4206 Demetrii,
3224 4141 3313 4209 qui
3343 4154 3442 4206 pu-

196 4246 281 4316 τὴν
308 4248 632 4302 Μακεδόνων
665 4246 932 4318 λαμϐάνει
959 4247 1154 4317 ἀρχήν.

1865 4256 1962 4310 gna
1991 4238 2153 4308 (quod
2204 4239 2407 4292 dictum
2440 4237 2543 4307 est)
2594 4236 2770 4290 navali
2803 4233 3319 4300 Sttccnbuerat,jant
3347 4233 3442 4283 ho-

1864 4341 1947 4388 ste
1966 4331 2200 4394 sublato,
2229 4327 2566 4383 Macedoniae
2589 4343 2814 4398 regnum
2841 4334 3088 4395 occupat.

557 4449 688 4504 CAP.
723 4446 862 4501 XVI.
895 4477 964 4487 —
1004 4447 1274 4502 Patrocles
1311 4447 1562 4502 Antiochi
1611 4447 1894 4514 prazfectus
1939 4464 1971 4498 a
2048 4443 2291 4514 Bithynis
2352 4459 2472 4496 cum
2513 4442 2744 4496 exercitu
2797 4439 3020 4495 creditur

270 4539 324 4592 ὐ
344 4539 397 4593 δὲ
427 4541 692 4595 Σελεύκου
736 4542 1007 4610 Ἀντίοχος
1040 4540 1252 4603 πολλοῖς
1280 4539 1560 4608 πολέμοις,
1587 4539 1634 4591 εἰ
1659 4537 1753 4590 καὶ
1786 4540 1830 4593 D

1927 4533 2228 4590 Antiochus
2269 4533 2511 4599 interim,
2549 4531 2762 4586 Seleuci
2816 4531 2989 4594 filius,
3025 4545 3146 4584 cum
3187 4528 3272 4582 vix
3322 4535 3445 4580 tan-

206 4631 337 4701 pAt;
362 4635 454 4688 xui.
481 4635 606 4688 οὐδὲ
644 4636 847 4698 πᾶσαν,
878 4635 1028 4703 ὅμως
1069 4631 1494 4700 ἀνασωσάμενος
1528 4631 1629 4699 τὴν
1653 4647 1759 4682 πα-

1870 4629 1988 4682 dem
2019 4627 2205 4680 multis
2273 4625 2458 4689 bellis,
2514 4638 2635 4678 nec-
2674 4623 2987 4676 universum
3029 4632 3211 4675 tamen
3276 4619 3447 4688 patris

201 4724 362 4795 τρῲαν
410 4727 608 4798 ἀρχὴν,
667 4728 876 4797 πέμπει
935 4726 1241 4794 στρατηγὸν
1292 4722 1610 4792 Πατροκλέα
1662 4721 1761 4774 σὺν

1870 4734 2092 4788 regnum
2126 4725 2523 4786 recuperasset,
2591 4715 2899 4782 expeditam
2956 4727 3178 4766 manum
3222 4712 3274 4765 in
3307 4711 3447 4765 ulte-

205 4815 623 4890 ὲκστρατεύματι
672 4820 753 4880 εἰς
797 4819 894 4888 τὴν
939 4818 1158 4870 ἐπιτάδε
1191 4817 1286 4869 τοῦ
1336 4816 1582 4885 Ταύρου·
1627 4818 1655 4868 ὁ
1701 4816 1760 4869 δὲ

1870 4811 2012 4866 riora
2046 4809 2208 4863 Tauri
2229 4809 2419 4871 mittit,
2445 4807 2697 4860 Patrocle
2721 4806 2877 4871 duce,
2907 4806 2999 4875 qui
3030 4805 3447 4874 Hermogenem,

216 4906 531 4981 Ἑρμογένην
554 4913 598 4944 ⁸⁷
628 4913 1028 4982 προσαιρεῖται,
1062 4912 1124 4963 τὸ
1161 4911 1316 4978 γένος
1358 4909 1668 4962 Ἀσπένδιον
1690 4908 1759 4974 ⁵⁸,

1871 4902 2199 4972 Aspendium
2243 4915 2468 4970 genere,
2499 4899 2736 4967 legatum
2771 4897 2874 4950 sibi
2903 4897 3142 4967 adoptat.
3181 4895 3278 4950 llic
3324 4911 3448 4949 cum

207 4997 256 5062 ὃς
299 5003 384 5056 ἐπί
437 5021 499 5057 τε
553 5004 736 5068 πόλεις
781 5003 945 5063 ἄλλας
995 5003 1091 5055 xui.
1135 5003 1228 5055 ἐπὶ
1275 5001 1373 5071 τὴν
1430 5000 1762 5068 Ἡράκλειαν

1875 4996 2014 5050 alias
2055 4994 2237 5058 urbes,
2269 5001 2384 5046 tum
2427 4989 2745 5045 Heracleam
2785 5002 3000 5057 quoque
3034 4988 3293 5041 infestare
3314 5003 3447 5040 con-

209 5088 413 5162 ὧρμητο
439 5094 733 5149 εἰσϐαλεῖν.
764 5095 886 5147 Τῶν
914 5094 973 5147 δὲ
1014 5092 1410 5164 Ἡρακλεωτῶν
1437 5092 1574 5162 πρὸς
1601 5089 1765 5142 αὑτὸν

1873 5087 2119 5142 stituerat
2153 5101 2166 5137 :
2201 5099 2390 5138 verum
2434 5080 2865 5135 Hcracliensium
2900 5078 3168 5147 legatione
3203 5077 3450 5148 placatus

211 5182 687 5252 πρεσϐευσαμένων
713 5186 781 5248 δ’,
805 5185 904 5254 τῆς
933 5183 1117 5254 χώρας
1145 5183 1418 5253 ἀναχωρεῖ
1455 5181 1549 5233 xui.
1583 5179 1766 5248 φιλίαν

1869 5192 1895 5232 e
1913 5176 2109 5230 finibus
2131 5189 2318 5229 eorum
2337 5172 2571 5235 excedit,
2591 5181 2646 5224 et
2671 5185 2931 5240 percusso
2954 5170 3206 5224 amicltiaa
3223 5169 3446 5233 fuadere,

214 5275 521 5342 συντίθεται,
548 5277 640 5330 ἐπὶ
684 5276 783 5346 τὴν
816 5276 1068 5328 Βιθυνίαν
1111 5275 1200 5328 διὰ
1230 5275 1331 5344 τῆς
1361 5271 1602 5344 Φρυγίας
1635 5289 1769 5341 τρα-

1873 5284 1967 5339 per
1990 5267 2240 5338 Phrygiae
2273 5281 2436 5336 agros
2467 5266 2520 5318 in
2554 5262 2869 5334 Bithyniam
2906 5277 2967 5318 se
3017 5262 3307 5318 convertit.
3343 5260 3450 5312 Ex-

215 5366 449 5437 πόμενος.
491 5368 855 5441 Ἐνεδρευθεὶς
877 5369 932 5421 δὲ
964 5370 1067 5422 ὑπὸ
1097 5368 1204 5420 τῶν
1233 5366 1473 5421 Βιθυνῶν
1503 5365 1768 5435 διεφθάρη

1871 5371 2060 5431 ceptus
2095 5375 2219 5414 vero
2250 5357 2604 5427 Bithynorum
2658 5357 2894 5421 insidiis,
2928 5370 3032 5409 una
3065 5367 3189 5407 cum
3204 5352 3445 5406 exercitu

215 5473 270 5508 τε
297 5461 452 5525 αὐτὸς
487 5462 585 5515 xui.
621 5466 654 5534 ἡ
701 5467 798 5516 σὺν
829 5462 977 5533 αὐτῷ
1007 5461 1256 5531 στρατιὰ,
1291 5460 1483 5529 ἀνδρὸς
1525 5457 1664 5528 ἔργα
1707 5457 1768 5510 τὸ

1879 5453 2255 5510 internecione
2307 5451 2555 5513 caeditur,
2596 5467 2722 5506 cum
2776 5449 2983 5507 strenui
3030 5445 3132 5501 viri
3186 5444 3450 5508 facinora,

219 5549 328 5604 καθ’
361 5554 548 5609 ἑαυτὸν
573 5557 649 5620 εἰς
677 5556 967 5625 πολεμίους
989 5556 1033 5586 ⁶⁰
1058 5552 1484 5622 ἐπιδειξάμενος.

1202 5552 1484 5622 .ιξάμενος.
1880 5563 1980 5603 suo
2003 5547 2143 5610 loco,
2185 5546 2239 5600 in
2274 5543 2458 5599 hostes
2497 5545 2779 5600 edidisset.

1471 5667 1707 5722 VARIAS
1743 5662 2150 5721 LECTIONES.

285 5758 326 5789 δ’
359 5760 474 5815 καλ.
512 5763 543 5829 ή
579 5762 836 5831 μεγέθους
863 5780 922 5825 ς.
999 5762 1042 5792 ⁵³
1073 5761 1300 5813 ἕκαστον
1335 5763 1544 5829 στοῖχον
1577 5759 1878 5832 Palmetjius
1899 5798 1914 5819 .
1961 5759 2167 5832 ἕκατον.
2192 5768 2402 5831 στοιχον
2499 5771 2511 5805 :
2564 5751 2942 5832 éxu‘togtotxov
2968 5764 3028 5810 ς.
3105 5745 3150 5777 ⁵⁵

220 5827 365 5901 ξίένου
390 5813 472 5896 ς(
525 5813 978 5893 δι’έιὲιξιαάτὲιεῖτός
1019 5849 1077 5894 ς.
1155 5833 1200 5862 ⁵⁶⁵
1236 5813 1488 5901 ἡττηθείξ
1520 5813 1612 5884 Αᾎ
1641 5829 1844 5900 ἡττήθη
1867 5813 1923 5896 έ-
1963 5824 2236 5886 addendos
2272 5813 2556 5879 articulus.
2633 5822 2675 5854 ⁵⁷
2715 5813 3048 5890 Ἐρμόγένης
3079 5833 3138 5881 ς·
3185 5813 3460 5889 ⁵⁸.Ἀ⁶πέ’

214 5895 310 5950 διον
333 5895 406 5956 Α(
467 5902 513 5933 δ’
542 5902 1137 5975 ὃιαττρεσϐευπαμένων
1165 5920 1224 5965 τ.
1258 5895 1268 5901 ⁷
1307 5895 1368 5932 ⁶⁰⁷
1404 5895 1746 5971 πολέμουςς.
