3994 6442
548 414 648 477 8θέ

1704 403 1972 472 ΡΗΟΤΙΙ
2005 400 2515 469 ΡΑΤΒῙΑΒΟΗΙΕ
2555 402 2667 463 CP.

3714 392 3817 459 896

953 521 1083 578 CAP.
1137 518 1423 582 XVII.,-—
1452 520 1876 576 Heracliemium
1939 532 2061 573 cum
2123 513 2410 569 Nicomede
2458 514 2706 566 uarietas
2741 519 2791 566 et
2845 511 3051 565 urbium
3082 508 3425 577 recuperatio.

618 638 732 694 Hac
748 639 814 694 de
845 652 1031 705 causa,
1060 637 1331 692 Antiocho
1365 637 1418 692 in
1445 636 1710 706 Bithynos
1736 634 2134 704 expeditionem

2310 628 2412 681 Διά
2455 627 2630 682 ταῦτα
2658 628 2721 696 δὴ
2756 626 3176 696 ἐπιστρατεύειν
3204 622 3507 693 ἐγνωκότος
3539 621 3816 692 Ἀντιόχου
3891 606 3905 624 ’

548 731 891 794 instituente,
932 745 1026 785 rex
1055 730 1246 785 horum
1266 729 1585 784 Nicomedes
1612 742 1707 797 per
1734 727 1937 797 legatos
1954 725 2131 781 subsi-

550 824 698 878 dium
729 825 794 877 ab
827 822 1272 877 lleracliensibus
1312 822 1449 889 petit
1494 832 1550 877 et
1589 821 1872 891 impetrat:
1898 820 2128 887 gratiam

549 929 608 968 se
636 914 953 979 relaturum,
986 914 1075 968 ubi
1112 914 1164 968 in
1198 914 1360 969 simili
1403 913 1733 967 necessitate
1768 919 1983 981 tempus
2033 909 2130 965 ﬂa-

554 1006 707 1074 gitet,
749 1005 1045 1074 pollicitus.
1095 1004 1208 1061 llac
1245 1005 1534 1059 occasione
1556 1004 1798 1066 Cierum,
1845 1015 1900 1057 et
1948 1000 2130 1069 Tium,

551 1106 607 1150 et
650 1096 932 1151 'l‘binidem
968 1106 1189 1162 terram,
1223 1096 1409 1150 multis
1438 1098 1692 1165 expensis
1730 1094 1796 1149 ad
1860 1108 1920 1149 se
1971 1093 2132 1148 redu-

552 1194 773 1241 xerunt.
813 1187 1089 1241 Amastrin
1133 1186 1344 1241 interea
1376 1189 1520 1256 (qua:
1566 1196 1619 1240 et
1659 1184 1773 1254 ipsa
1832 1198 1954 1239 cum
2014 1182 2134 1238 aliis

554 1279 805 1347 adempta
840 1278 1039 1347 fuerat)
1078 1286 1189 1332 tam
1220 1278 1362 1333 bello
1404 1293 1565 1347 quam
1596 1280 1774 1348 pretio
1808 1291 2132 1347 recuperare

555 1372 680 1425 dum
710 1370 1054 1440 percupiunt,
1091 1384 1346 1427 successu
1371 1378 1561 1426 carent
1610 1370 1766 1425 felice
1795 1387 1810 1431 ;
1848 1377 2131 1440 propterea

555 1462 699 1530 quod
738 1463 829 1532 qui
860 1462 1004 1516 illam
1040 1463 1261 1518 tenebat
1320 1464 1613 1529 Eumenes,
1647 1462 2001 1529 Ariobazaui,
2034 1462 2134 1516 Mi-

556 1553 810 1607 thridatis
837 1553 966 1617 ﬁlio,
1016 1555 1185 1625 gratis
1242 1569 1361 1608 eam
1409 1554 1652 1618 tradere,
1685 1568 1847 1623 quam
1905 1554 2131 1625 pecunia

554 1647 852 1703 revendere
887 1647 1557 1713 tleracliensibusimallet,
1590 1649 1812 1702 vesania
1862 1646 1957 1703 ira:
2003 1649 2134 1704 sub-

555 1746 731 1791 actus.

2236 720 2380 777 κατά
2403 720 2667 785 Βιθυνῶν,
2691 722 2721 773 ὁ
2744 718 2949 773 τούτων
2971 717 3228 789 βασιλεὺς
3248 714 3568 786 Νικομήδης
3591 715 3818 785 διαπρε·

2236 814 2490 869 σϐεύεται
2543 812 2681 885 πρὸς
2748 810 3078 881 Ἡράκλειαν
3132 808 3449 880 συμμαχίαν
3480 808 3674 873 αίτῶν,
3722 807 3819 860 καὶ

2234 906 2494 979 τυγχάνει
2516 908 2613 977 τῆς
2637 906 2893 976 σπουδῆς,
2923 907 2982 959 ἐν
3008 903 3219 976 ὁμοίοις
3239 904 3454 975 καιροῖς
3476 903 3573 957 καὶ
3603 901 3815 973 χρείαις

2233 998 2334 1071 τὴν
2364 999 2599 1070 ἀμοιϐὴν
2633 998 3018 1069 ὑποσχόμενος.
3081 998 3171 1051 Ἐν
3200 996 3376 1066 τούτῳ
3401 996 3460 1049 δὲ
3501 992 3816 1065 Ἡρακλεῶ-

2234 1111 2324 1147 ται
2353 1095 2456 1164 τήν
2497 1110 2555 1145 τε
2590 1091 2689 1145 Κίε
2701 1110 2791 1163 ρον
2820 1092 2916 1145 καὶ
2941 1091 3039 1162 τὴν
3065 1092 3191 1144 Τίον
3226 1088 3572 1143 ἀνεσώσαντο
3598 1087 3693 1140 καὶ
3721 1086 3817 1155 τὴν

2233 1187 2432 1241 Θυνίδα
2467 1187 2591 1257 γῆν,
2638 1185 2768 1258 [720
2804 1184 2896 1257 IL]
2932 1184 3106 1239 πολλά
3150 1183 3259 1238 τῶν
3302 1182 3604 1255 χρημάτων
3646 1179 3817 1234 δαπαο

2234 1279 2521 1350 νήσαντεςο
2552 1278 2650 1350 τὴν
2679 1279 2737 1331 δὲ
2767 1278 3073 1348 ’Ἄμαστριν
3106 1272 3208 1347 (ἦν
3239 1273 3349 1346 γάρ
3381 1274 3477 1329 καὶ
3506 1272 3648 1344 αὑτὴ
3681 1270 3818 1343 μετά

2234 1371 2345 1425 τῶν
2390 1370 2567 1425 ἄλλων
2614 1370 2987 1442 ἀφῃρημένη)
3035 1369 3130 1424 καὶ
3176 1367 3398 1439 πολέμῳ
3431 1366 3525 1421 καὶ
3570 1366 3818 1437 χρήμασι

2241 1462 2602 1534 βουληθέντες
2626 1462 2765 1525 τέως
2795 1462 3084 1517 ἀναλαϐεῖν
3117 1460 3291 1531 αὐτὴν
3320 1461 3382 1514 οὐ
3420 1457 3817 1530 κατώρθωσαν,

2237 1556 2333 1609 τοῦ
2373 1556 2701 1625 κατέχοντος
2747 1556 2920 1627 αὐτὴν
2962 1556 3240 1625 Εὐμένους
3294 1552 3698 1625 Ἀριοϐαρζάνῃ
3744 1550 3820 1621 τῷ

2239 1646 2572 1716 Μιθριδάτου
2596 1648 2747 1702 παιδὶ
2768 1650 2975 1720 προῖκα
3000 1647 3202 1717 μᾶλλον
3226 1644 3562 1717 παραδοῦναι
3592 1643 3816 1712 ταύτην,

2239 1740 2273 1810 ἢ
2323 1741 2626 1813 παρέχουσι
2672 1742 2934 1813 χρήματα
2977 1743 3093 1805 τοῖς
3148 1738 3557 1811 Ἡρακλεώταις
3581 1777 3599 1803 ,
3634 1736 3727 1791 διά
3764 1735 3821 1789 τὸ

2236 1833 2338 1904 τῆς
2366 1834 2536 1906 ὀργῆς
2562 1833 2899 1905 ὑπαχθέντος
2924 1834 3233 1903 ἀλόγιστον.

1130 1938 1261 1995 CAP.
1304 1938 1493 1995 XVIII.
1518 1969 1589 1979 —
1627 1936 2054 1998 Heracliemium
2084 1960 2199 1997 cum
2224 1944 2422 2015 Zipazta
2456 1947 2667 2017 bellum,
2689 1948 2865 2004 clades
2895 1959 2942 2006 et
2971 1950 3212 2006 victoria.

616 2059 961 2131 Subjtempus
988 2061 1140 2124 illud,
1160 2060 1361 2115 bellum
1384 2060 1643 2116 adversus
1674 2060 1919 2131 Zipmten
1942 2061 2134 2134 Bithy-
2166 2073 2211 2128 Β

558 2170 711 2219 num,
733 2155 824 2223 qui
854 2153 1191 2224 Thyniacam
1222 2168 1345 2207 cum
1387 2154 1618 2221 imperio
1667 2153 1961 2209 Thraciam
1994 2156 2136 2210 obti-

558 2247 748 2310 nebat,
778 2244 1153 2301 Heraclienses
1189 2246 1423 2314 excepit.
1478 2244 1596 2311 Quo
1651 2246 1705 2301 in
1765 2245 1906 2301 bello
1969 2244 2139 2301 Hera-

564 2340 861 2395 cleotarum
901 2338 1039 2393 bona
1058 2352 1205 2408 pars,
1236 2336 1454 2392 fortiter
1485 2337 1813 2404 dimicando,
1845 2353 1985 2393 caesa
2015 2337 2137 2394 fuit.

561 2433 631 2486 Et
664 2430 887 2487 victoria
921 2432 1137 2501 quidem
1170 2446 1380 2485 summa
1409 2431 1458 2483 vi
1512 2431 1717 2500 potitur
1751 2430 1986 2500 Zipmtes
2007 2448 2021 2487 :
2046 2432 2141 2489 sed

561 2525 652 2579 ubi
693 2524 965 2578 sociorum
1032 2524 1231 2579 auxilia
1287 2532 1722 2592 supervenerant
1783 2524 2139 2595 Heracleotis,

565 2617 689 2685 fuga
712 2617 857 2670 illam
877 2617 1221 2671 dehonestat.
1251 2618 1392 2687 Ergo
1423 2620 1511 2687 qui
1534 2621 1693 2673 modo
1721 2618 2140 2686 succubuerant,

564 2711 828 2764 cadavera
894 2726 1116 2766 suorum
1168 2721 1439 2775 asserunt,
1491 2722 1544 2765 et
1590 2719 1838 2766 cremant
1901 2726 2139 2766 secure:

563 2801 829 2855 etexinde
852 2804 952 2857 sub
986 2802 1274 2856 arbitrium
1304 2817 1459 2856 suum
1497 2802 1770 2872 redigunt,
1834 2801 1903 2856 de
1941 2802 2141 2871 quibus

562 2896 707 2967 bello
733 2895 1158 2965 disceptabatur,
1191 2904 1247 2949 et
1303 2909 1425 2949 ossa
1498 2894 1909 2949 interfectorum
1947 2895 2005 2949 in
2044 2908 2139 2947 ur-

562 2990 685 3043 bem
726 2989 915 3053 relata,
951 2987 1240 3057 magniﬁce
1294 2990 1347 3043 in
1382 2988 1641 3056 praeclare
1700 2988 2021 3043 meritorum
2075 2984 2145 3041 de

567 3083 743 3151 patria
780 3090 1131 3137 monumento
1165 3080 1499 3136 conducunt.

2327 2065 2461 2119 Ὑπὸ
2486 2066 2543 2120 δὲ
2570 2067 2695 2130 τοὺς
2723 2067 2923 2131 αὐτοὺς
2946 2067 3172 2139 χρόνους
3194 2067 3471 2137 ἐκδέχεται
3496 2068 3627 2128 τοὺς
3656 2064 3817 2136 Ἦρα-

2244 2155 2499 2220 κλεώτας-
2525 2159 2553 2211 ὁ
2602 2158 2740 2227 πρὸς
2770 2159 3031 2229 Ζιποίτην
3063 2159 3156 2213 τὸν
3191 2158 3415 2211 Βιθυνὸν
3461 2156 3701 2227 πόλεμος
3720 2198 3737 2222 ,
3766 2155 3820 2218 ὃς

2242 2250 2344 2318 τῆς
2369 2249 2645 2319 Θυνιακῆς
2671 2249 2881 2321 ἐπῆρχε
2910 2250 3158 2322 Θρᾴκης.
3199 2251 3287 2302 Ἑν
3316 2243 3361 2318 ᾧ
3388 2248 3611 2320 πολέμῳ
3644 2246 3820 2301 πολλοὶ

2244 2342 2353 2393 τῶν
2389 2340 2787 2411 Ἡρακλεωτῶν
2810 2342 3078 2410 γενναίως
3103 2340 3488 2412 ἀνδρισάμενοι
3515 2341 3823 2409 κατεκόπη-

2248 2453 2367 2500 σαν,
2409 2436 2502 2489 καὶ
2530 2436 2655 2508 νικᾷ
2683 2435 2784 2506 μὲν
2824 2434 2967 2491 κατά
2993 2437 3036 2467 ⁶¹
3081 2436 3283 2507 κράτος
3303 2436 3331 2488 ὁ
3363 2434 3625 2504 Ζιποίτης
3644 2473 3662 2499 ,
3693 2451 3822 2504 συμ-

2248 2531 2473 2601 μαχίδος
2498 2530 2556 2583 δὲ
2576 2530 2861 2601 δυνάμεως
2893 2533 3005 2595 τοῖς
3034 2528 3440 2602 Ἡρακλεώταις
3469 2526 3820 2598 ἐπελθούσης,

2244 2626 2389 2693 φυγῇ
2421 2622 2520 2693 τὴν
2551 2621 2706 2691 νίκην
2737 2623 3118 2693 καταισχύνει.
3164 2622 3228 2675 Οἱ
3259 2620 3319 2674 δὲ
3367 2620 3665 2690 ἡττημένοι
3704 2619 3822 2681 τοὺς

2244 2715 2547 2786 σφετέρους
2587 2716 2816 2787 νεκροὺς
2854 2716 3028 2780 ἀδεῶς
3058 2715 3422 2775 ἀναλαϐόντες
3454 2716 3551 2767 καὶ
3589 2714 3820 2767 καύσαν-

2244 2829 2357 2877 τες,
2382 2807 2505 2867 εἷτα
2526 2810 2621 2865 καὶ
2652 2812 2871 2865 πάντων
2898 2810 3083 2881 κύριοι
3110 2852 3124 2875 ,
3155 2809 3284 2880 περὶ
3318 2804 3393 2863 ὧν
3412 2804 3481 2880 ἦν
3513 2810 3542 2861 ὁ
3568 2808 3818 2877 πόλεμος,

2248 2904 2639 2969 καταστάντες,
2669 2904 2764 2957 καὶ
2803 2902 2873 2955 τὰ
2901 2905 3036 2958 ὀστᾶ
3068 2901 3175 2955 τῶν
3221 2901 3586 2973 ἀνῃρημένων
3627 2901 3795 2953 ἀνακο

2253 2995 2513 3065 μίσαντες
2547 2996 2627 3058 εἰς
2653 2992 2754 3065 τὴν
2800 2993 2979 3057 πόλιν,
3024 2993 3302 3063 ἐπιφανῶς
3352 2994 3412 3046 ἐν
3452 2989 3533 3062 τῷ
3563 2989 3679 3046 τῶν
3711 2988 3825 3062 ἀρι-

2256 3085 2428 3141 στέων
2462 3085 2668 3156 ἔθαψαν
2694 3085 2964 3156 μνήματι.

1059 3198 1189 3253 (ΖΜ).
1232 3194 1715 3253 XIX—Antiochi
1734 3211 1855 3249 cum
1882 3194 2145 3267 Antigono
2168 3208 2217 3252 et
2246 3197 2533 3254 Nicomede
2564 3198 2752 3253 bellum
2774 3207 2823 3252 et
2860 3196 3080 3251 Heracl.
3115 3194 3339 3250 auxilia.

636 3314 790 3367 Circa
821 3312 937 3368 haec
977 3312 1407 3382 tempora.inter
1459 3310 1783 3366 Antiochum
1845 3310 2062 3367 Seleuci
2087 3322 2143 3367 et

566 3402 898 3473 Antigonum
952 3400 1453 3469 Demetrii,ingens
1514 3411 1762 3455 movetur
1809 3401 2053 3457 bellum:
2089 3412 2144 3457 et

2322 3313 2480 3368 Κατά
2522 3313 2581 3366 δὲ
2624 3313 2751 3376 τοὺς
2791 3311 2991 3373 αὐτοὺς
3039 3309 3265 3381 χρόνους
3314 3308 3577 3379 Ἀντιόχῳ
3620 3305 3702 3378 τῷ
3742 3307 3826 3360 Σε-

2250 3408 2445 3461 λεύκου
2470 3408 2562 3460 καὶ
2601 3405 2891 3473 Ἀντιγόνῳ
2918 3402 2998 3474 τῷ
3034 3400 3377 3473 Δημητρίου,
3412 3399 3671 3469 μεγάλων
3704 3400 3824 3453 ἐκα-

567 3496 695 3550 dum
736 3506 961 3560 magnos
999 3491 1259 3558 utrinque
1298 3500 1596 3560 apparatus
1626 3490 1835 3545 faciunt
1863 3492 1916 3545 in
1956 3491 2141 3562 copias

2252 3498 2309 3549 τέ
2318 3496 2486 3567 ρωθεν
2501 3494 2922 3566 στρατευμάτων
2939 3493 3036 3546 ἀντ
3044 3508 3379 3561 ιπαραταττο
3385 3491 3589 3559 μένων,
3608 3490 3824 3544 κινεῖτα.

567 3574 851 3649 militares,
904 3592 1119 3653 tempus
1157 3584 1290 3637 satis
1333 3582 1550 3653 longum
1574 3588 1930 3639 consumitur.
1971 3584 2143 3641 Alteri

565 3676 889 3731 Nicomedes
921 3676 1116 3744 227b
1150 3675 1418 3745 Bithynim
1455 3690 1549 3729 rex
1607 3690 1827 3745 Operam
1865 3678 2142 3743 navabat;

571 3768 843 3822 Antiocho
907 3767 1214 3836 complures
1296 3767 1411 3823 alii.
1472 3766 1713 3822 Necdum
1803 3769 2143 3837 eruptionem

572 3861 779 3914 fecerat
824 3857 875 3911 in
933 3858 1265 3928 Antigonum
1302 3858 1626 3920 Antiochus,
1654 3875 1775 3912 cum
1818 3859 2014 3913 bellum
2047 3860 2145 3915 ad-

569 3966 761 4005 versus
786 3950 1131 4005 Nicomedem
1174 3950 1429 4005 instituit.
1467 3949 1564 4005 llic
1619 3951 1783 4020 igitur
1822 3950 2143 4007 Nicomedes

569 4054 623 4099 et
656 4044 869 4098 aliunde
894 4044 1094 4097 auxilia
1126 4043 1353 4109 colligit,
1386 4052 1441 4098 et
1468 4044 1533 4098 de
1565 4044 1688 4097 belli
1720 4045 1983 4100 societate
2034 4043 2147 4099 Hc-

573 4137 807 4191 racleam
864 4136 1048 4190 missis
1097 4136 1310 4204 legatis,
1338 4135 1405 4190 i5
1436 4136 1493 4191 in
1532 4135 1832 4191 subsidium
1892 4138 2145 4192 triremes

570 4227 787 4295 accipit,
849 4236 903 4280 et
958 4236 1067 4280 tum
1108 4226 1324 4281 demum
1401 4226 1632 4281 classem
1680 4241 1833 4280 suam
1884 4228 2144 4282 Antiochi

570 4321 732 4375 classi
772 4320 1015 4389 opponit.
1066 4319 1180 4373 Etsi
1216 4329 1401 4373 autem
1433 4320 1691 4374 adversas
1725 4318 2037 4388 aliquandiu
2073 4330 2145 4373 te-

572 4416 770 4468 nebant
793 4414 960 4478 acies,
997 4414 1173 4468 neutri
1208 4424 1388 4469 tamen
1412 4429 1605 4484 pugna:
1654 4415 1867 4467 initium
1909 4413 2139 4477 faciunt,

568 4505 663 4559 sed
696 4504 899 4573 absque
916 4502 1109 4559 eﬁectu
1143 4504 1365 4558 tandem
1408 4502 1764 4558 divelluntur.

2250 3592 2279 3642 ὁ
2311 3588 2565 3659 πόλεμος,
2594 3588 2688 3641 καὶ¹
2716 3586 2911 3656 χρόνον
2943 3584 3138 3657 συχνὸν
3181 3582 3499 3654 κατέτριψε·
3540 3582 3822 3653 συνεμάχει

2251 3682 2308 3736 δὲ
2331 3682 2410 3752 τῷ
2442 3680 2541 3752 μὲν
2569 3683 2597 3734 ὁ
2623 3680 2720 3751 τῆς
2756 3678 3010 3742 Βιθυνίας
3040 3675 3294 3748 βασιλεὺς
3318 3676 3637 3748 Νικομήδης
3657 3714 3675 3741 ,
3717 3676 3819 3728 Ἀν-

2250 3775 2415 3846 τιόχῳ
2439 3774 2497 3826 δὲ
2514 3772 2699 3827 πολλοὶ
2722 3774 2920 3843 ἕτεροι.
2955 3770 3029 3824 Οὔ
3040 3789 3121 3825 πω
3140 3770 3199 3824 δὲ
3230 3771 3531 3841 συρῤαγεὶς
3561 3768 3814 3837 Ἀντίοχος

2264 3866 2554 3936 Ἀντιγόνῳ
2584 3864 2675 3919 τὸν
2700 3864 2838 3934 πρὸς
2854 3861 3174 3934 Νικομήδην
3200 3860 3500 3933 χειρίζεται
3522 3859 3767 3929 πόλεμον·
3791 3856 3817 3908 ὁ

2252 3960 2310 4014 δὲ
2337 3957 2656 4028 Νικομήδης
2696 3955 2995 4025 ἀλλαχόθεν
3024 3971 3086 4007 τε
3126 3953 3385 4023 δυνάμεις
3411 3950 3655 4024 ἀθροίζει
3676 3990 3691 4015 ,
3736 3947 3816 4001 καὶ

2250 4050 2564 4120 συμμαχεῖν
2634 4046 2772 4119 πρὸς
2820 4043 3208 4116 Ἡρακλεώτας
3270 4041 3818 4114 διαπρεσϐευσάμενος

2246 4143 2494 4212 τριήρεις
2522 4138 2593 4210 ιγ’
2623 4138 2753 4211 [574
2782 4136 2876 4210 Η.]
2904 4136 3228 4207 συμμάχους
3262 4134 3556 4205 λαμϐάνει,
3603 4132 3695 4186 καὶ
3718 4130 3814 4182 λοι-

2249 4232 2349 4286 πὸν
2385 4231 2836 4286 ἀντικαθίσταται
2885 4229 2965 4299 τῷ
3011 4226 3108 4280 τοῦ
3148 4226 3426 4296 Ἀντιόχου
3484 4224 3671 4294 στόλῳ.
3712 4219 3814 4273 Ἐπὶ

2247 4326 2439 4396 χρόνον
2480 4323 2538 4377 δέ
2566 4340 2689 4375 τινα
2731 4318 3233 4381 ἀντικαταστάντες
3259 4317 3535 4387 ἀλλήλοις,
3568 4315 3811 4384 οὐδέτεροι

2254 4417 2435 4488 μάχης
2462 4412 2655 4488 ἧρξαν,
2684 4413 2800 4467 ἀλλ’
2832 4413 3107 4484 ἄπρακτοι
3136 4411 3182 4442 ⁵³
3215 4409 3562 4481 διελύθησαν.

1272 4620 1399 4677 CAP.
1434 4619 1551 4674 XX.
1575 4652 1645 4660 —
1671 4619 1945 4676 Gallorum
1970 4625 2025 4677 in
2050 4622 2232 4676 Asiam
2256 4618 2670 4687 transmigratio,
2701 4628 2747 4670 et
2775 4616 2920 4670 sedes
2952 4614 3224 4696 distincta.

643 4732 935 4801 Postquam
966 4746 1095 4786 vero
1122 4730 1259 4786 Galli
1285 4732 1351 4785 ad
1402 4731 1726 4803 Byzantium
1751 4733 1934 4797 delati,
1971 4733 2149 4787 maxi-
2182 4736 2226 4790 Ι)

571 4844 715 4880 mam
747 4824 967 4879 ditionis
998 4835 1207 4894 partem
1261 4824 1749 4892 depopularentur,
1810 4825 1968 4880 fracti
2008 4825 2151 4880 bello

570 4917 879 4987 Byzantini,
925 4917 1226 4979 sociorum,
1260 4916 1367 4969 huc
1399 4916 1527 4968 illnc
1561 4916 1920 4981 missitantes,
1953 4918 2152 4972 auxilia

572 5010 894 5077 implorant,
917 5017 971 5062 et
1000 5008 1233 5075 quisque
1252 5022 1349 5075 pro
1386 5008 1581 5060 virium
1616 5008 1777 5063 modo
1820 5009 2150 5078 suppeditat.

571 5102 952 5157 lleraclienses
981 5103 1143 5156 etiam
1180 5115 1379 5154 aureos
1422 5101 1569 5154 mille
1596 5100 1831 5171 (tantum
1886 5102 2031 5157 enim
2077 5102 2155 5156 le-

571 5195 685 5265 gati
714 5193 1005 5263 petierant)
1033 5192 1469 5247 subministrant.
1519 5192 1631 5248 Nec
1655 5193 1869 5263 longum
1899 5193 1951 5247 in
1977 5193 2156 5248 medio

574 5288 832 5357 spatium,
884 5301 1007 5340 cum
1047 5285 1370 5340 Nicomedes
1408 5284 1578 5340 Gallis
1637 5284 1732 5357 [αι.
1798 5285 2027 5358 Calatis]
2067 5288 2155 5356 qui

573 5381 871 5438 ineursatis
909 5380 1086 5435 adhuc
1145 5378 1572 5451 Byzantinorum
1639 5379 1857 5442 ﬁnibus,
1935 5379 2153 5434 tametsi

2338 4730 2489 4784 Ἐπεὶ
2517 4730 2573 4782 δὲ
2603 4728 2839 4782 Γαλάται
2863 4727 3001 4799 πρὸς
3032 4727 3095 4779 τὸ
3118 4724 3416 4789 Βυζάντιον
3451 4719 3587 4793 ἧκον
3620 4721 3704 4774 καὶ
3727 4715 3810 4785 τὴν

2261 4824 2522 4895 πλείστην
2552 4823 2722 4892 αὐτῆς
2755 4820 3018 4893 ἐδῄωσαν,
3053 4819 3132 4888 τῷ
3164 4817 3390 4887 πολέμῳ
3415 4811 3813 4870 ταπεινωθέντες

2260 4918 2310 4972 οἱ
2371 4920 2430 4970 ὲν
2490 4914 2768 4984 Βυζαντίῳ
2821 4914 3100 4984 πέμπουσι
3153 4911 3287 4981 πρὸς
3345 4911 3471 4973 τοὺς
3527 4905 3814 4979 συμμάχους

2258 5010 2501 5080 δεόμενοι
2526 5008 2813 5077 ὠφελείας.
2845 5007 2955 5059 Καὶ
2992 5005 3266 5076 παρέσχον
3296 5003 3394 5072 μὲν
3436 5004 3639 5063 πάντες
3663 4999 3729 5060 ὡς
3750 4989 3814 5047 εἶ-

2261 5120 2355 5173 χον
2390 5103 2571 5171 ἰσχύος
2595 5143 2610 5165 ,
2644 5101 2919 5170 παρέσχον
2945 5098 3001 5151 δὲ
3034 5097 3128 5150 καὶ
3150 5097 3200 5149 οἱ
3230 5097 3328 5165 τῆς
3364 5093 3679 5165 Ἡρακλείας
3709 5091 3811 5157 (το-

2262 5196 2457 5249 σοῦτον
2503 5192 2614 5263 γὰρ
2652 5192 2684 5261 ή
2734 5189 3001 5263 πρεσϐεία
3038 5188 3179 5259 ᾔτει)
3232 5185 3469 5258 χρυσοῦς
3499 5194 3810 5255 τετρακισχιο

2262 5287 2433 5349 λξους.
2472 5284 2605 5338 Μετ’
2650 5284 2711 5336 οὐ
2758 5283 2891 5335 πολὺ
2930 5282 2989 5334 δὲ
3036 5279 3355 5349 Νικομήδης
3388 5279 3515 5340 τοὺς
3558 5273 3808 5331 Γαλάτας,

2264 5372 2345 5440 οἷς
2367 5377 2401 5447 ή
2430 5374 2750 5444 καταδρομὴ
2772 5373 2879 5427 τῶν
2908 5370 3214 5436 Βυζαντίων
3238 5368 3552 5437 ἐγεγένητο,
3582 5360 3812 5419 πολλάκις

582 5489 963 5545 smpenumero
994 5473 1049 5529 in
1099 5474 1288 5528 Asiam
1342 5472 1598 5539 trajicere
1628 5474 1831 5537 conati,
1882 5474 2041 5528 toties
2094 5473 2147 5527 al

2269 5468 2371 5537 μὲν
2401 5468 2859 5539 ἐπιχειρήσαντας
2884 5465 2983 5536 τὴν
3025 5463 3211 5518 Ἀσίαν
3232 5461 3627 5533 περαιωθῆναι,
3654 5466 3814 5508 rosav-

580 5570 797 5639 incepto
815 5568 1101 5633 desistere,
1134 5566 1555 5623 adversantibus
1618 5564 1954 5634 Byzantinis,
1985 5564 2158 5619 coacti

584 5668 788 5728 essent,
816 5660 982 5715 certis
1009 5668 1190 5714 tamen
1243 5656 1656 5713 conditionibus
1693 5654 1985 5708 transitum
2037 5668 2157 5707 con-

2266 5561 2424 5623 τάκις
2456 5560 2514 5612 δὲ
2563 5558 2955 5629 ἀποτυχόντας,
2984 5557 3083 5609 οὐκ
3127 5556 3472 5627 ἀνεχομένων
3523 5551 3617 5624 τὴν
3644 5543 3810 5618 πρᾶξιν

2269 5652 2599 5717 Βυζαντίων,
2636 5651 2727 5705 ἐπὶ
2764 5650 3060 5719 συνθήκαις
3113 5648 3264 5716 ὅμως
3306 5641 3701 5717 παρασκευάζει
3727 5648 3809 5688 πει·

1866 5789 2102 5843 VARUS
2145 5785 2551 5845 LECTIONES.

661 5890 706 5924 ⁶¹
738 5889 878 5947 κατὰ
908 5892 951 5947 Δ
976 5908 989 5951 ;
1019 5891 1121 5946 ἀνά
1146 5909 1203 5956 ς.
1286 5891 1327 5923 εκ
1359 5888 1635 5956 ἄπρακτοι
1669 5886 1713 5941 Α
1750 5906 1755 5939 :
1799 5886 2159 5955 izzpiﬁzzzo:
2194 5901 2254 5946 ς.
