3994 6398
175 392 263 455 607

1211 380 1742 443 BIBLIOTHECA.
1784 406 1853 417 -
1890 380 2057 443 COD.
2094 384 2397 448 CCXXIV.

3288 389 3398 453 898

170 501 452 577 ραιωθῆναι.
489 499 555 553 Δί
577 498 634 552 δὲ
677 498 965 569 συνθῆκαι,
998 495 1302 567 Νικομήδει
1334 494 1438 566 μὲν
1465 494 1701 556 καὶτοῖς

1825 492 2030 549 :iliavit.
2057 494 2446 550 Conditionum
2474 496 2710 551 formula
2735 496 2851 553 haec
2872 506 3027 553 erat:
3062 495 3133 554 Ut
3177 499 3395 554 barbari

165 593 377 663 ἐκγόνοις
419 591 504 643 ἀεὶ
534 590 660 659 φίλα
692 592 911 659 φρονεῖν
950 590 1075 650 τοὺς
1105 588 1417 660 βαρϐάρους
1438 626 1454 652 ,
1484 587 1579 640 καὶ
1604 585 1704 656 τῆς

162 684 359 755 γνώμης
397 681 490 735 τοῦ
538 682 882 751 Νικομήδους
937 680 1111 751 χωρὶς
1158 681 1348 750 μηδενὶ
1394 680 1705 749 συμμαχεῖν

160 779 247 832 τῶν
278 776 402 847 πρὸς
446 776 645 839 αὐτοὺς
678 774 1247 845 διαπρεσϐευομένων,
1280 772 1396 826 ἀλλ’
1428 769 1570 825 εἶναι
1614 769 1705 838 φί-

160 872 263 932 λους
297 869 388 938 μὲν
413 870 521 931 τοῖς
566 868 763 936 φίλοις,
797 866 1097 937 πολεμίους
1124 866 1181 919 δὲ
1212 868 1326 929 τοῖς
1356 864 1417 917 οὐ
1466 862 1705 932 φιλοῦσι,

160 960 435 1031 συμμαχεῖν
476 958 532 1011 δὲ
579 960 672 1011 καὶ
709 958 1029 1023 Βυζαντίοις
1055 998 1069 1022 ,
1100 957 1173 1010 ἐἶ
1210 974 1312 1010 που
1360 956 1579 1026 δεήσοι,
1614 955 1708 1009 καὶ

90 1110 101 1131 δ
159 1054 342 1115 Τιανοίς
366 1050 423 1104 δὲ
452 1052 546 1105 καὶ
586 1051 1001 1121 Ἡρακλεώταις
1030 1052 1125 1105 καὶ
1172 1049 1564 1119 Καλχηδονίοις
1613 1049 1708 1101 καὶ

159 1144 413 1213 Κιερανοῖς
448 1145 541 1197 καί
579 1160 721 1197 τισιν
756 1145 966 1215 ἐτέροις
1013 1144 1183 1197 ἐθνῶν
1227 1144 1513 1214 ἄρχουσιν.
1583 1140 1708 1193 Ἐπὶ

160 1236 349 1298 ταύταις
373 1236 470 1305 μὲν
490 1238 610 1299 ταῖς
635 1237 935 1306 συνθήκαις
964 1235 1287 1305 Νικομήδης
1315 1234 1375 1287 τὸ
1404 1232 1709 1285 Γαλατικὸν

164 1326 333 1397 πλῆθος
358 1328 435 1389 είς
474 1326 663 1381 Ἀσίαν
684 1326 1011 1391 διαϐιϐάζει·
1034 1321 1109 1380 ὧν
1138 1328 1458 1399 περιφανεῖς
1485 1326 1584 1393 μὲν
1614 1324 1709 1376 ἐπὶ

164 1418 212 1471 τὸ
236 1418 274 1449 ⁸³
301 1416 482 1488 ἄρχειν
518 1417 583 1483 ιζ’
622 1419 713 1471 τὸν
746 1419 979 1489 ἀριθμὸν
1029 1415 1195 1490 ἦσαν,
1233 1420 1281 1471 oi
1316 1418 1373 1471 δὲ
1403 1418 1495 1470 καὶ
1527 1415 1707 1471 αὐτῶν

164 1508 336 1563 τούτων
386 1511 814 1581 προκεκριμένοι
866 1510 963 1564 καὶ
1016 1513 1304 1581 κορυφαῖοι
1360 1506 1709 1578 Λεωννώριος

164 1603 305 1671 ήστην
346 1602 435 1654 καὶ
468 1602 818 1674 Λουτούριος.

220 1758 341 1833 [721
392 1759 498 1834 IL]
562 1761 712 1833 Αὖτη
784 1763 961 1816 τοίνυν
1026 1764 1135 1817 τῶν
1206 1766 1463 1821 Γαλατῶν
1519 1770 1552 1838 ή
1616 1770 1708 1822 ἐπὶ

1806 586 2090 643 Nicomedi
2136 586 2365 657 ejusque
2398 588 2634 656 posteris
2679 598 2946 658 perpetuo
2991 590 3246 645 amicitiae
3303 591 3398 645 fa:-

1807 681 1941 738 dere
1984 681 2259 750 conjuncti
2304 692 2614 748 manerent,
2666 683 2873 753 absque
2906 682 3214 739 Nicomedis
3272 698 3397 739 sen-

1810 774 1977 829 tentia
2010 784 2065 830 et
2092 776 2369 830 voluntate
2404 776 2632 839 nemini,
2672 790 2703 828 a
2740 790 2849 845 quo
2876 790 2975 845 per
3007 775 3212 845 legatos
3244 776 3396 831 solli.

1808 866 2135 931 citarentur,
2171 867 2224 922 in
2246 868 2401 922 bellis
2423 882 2578 935 opem
2619 868 2823 921 ferrent
2849 884 2861 920 :
2893 866 2986 921 sed
3018 867 3210 922 amicis
3238 868 3397 934 hujus

1808 960 1994 1026 amici,
2020 968 2072 1016 et
2093 961 2330 1016 inimicis
2357 962 2544 1016 hostes
2572 959 2768 1015 forent.
2792 960 2839 1013 A
2885 959 3199 1031 Byzantinis
3231 960 3397 1015 etiam

1809 1061 2046 1117 starent,
2106 1052 2151 1107 si
2208 1069 2314 1123 qua
2364 1052 2666 1107 necessitas
2720 1052 3004 1106 incideret.
3059 1050 3395 1105 Societatem

1809 1154 2077 1211 prmterea
2103 1144 2353 1200 colerent
2383 1141 2722 1199 cum'Tianis
2743 1153 2799 1199 et
2842 1144 3308 1209 Heraclicnsibus,
3341 1153 3397 1198 et

1814 1234 2218 1299 Chalcedoniis,
2266 1246 2315 1290 et
2371 1235 2645 1299 Cieranis,
2697 1246 2754 1291 et
2806 1237 3082 1291 nonnullis
3113 1236 3205 1306 qui
3261 1236 3397 1290 alias

1810 1328 1910 1382 sub
1956 1328 2341 1398 iurisdictione
2388 1337 2575 1397 gentes
2630 1328 2911 1382 haberent.
2971 1327 3067 1382 His
3115 1339 3396 1397 pactorum

1810 1417 2025 1487 legibus
2058 1415 2386 1471 Nicomedes
2424 1417 2701 1471 Gallorum
2760 1416 2861 1488 [αι.
2885 1416 3223 1490 Galatarum]
3258 1417 3399 1472 mul-

1813 1510 2097 1562 titudiuem
2138 1510 2190 1563 in
2225 1511 2410 1563 Asiam
2449 1510 2779 1564 transmisit.
2810 1508 3014 1563 llorum
3053 1512 3318 1579 principes
3342 1510 3397 1564 in

1809 1600 2039 1668 imperio
2072 1599 2312 1654 illustres
2342 1600 2409 1654 17
2439 1598 2613 1665 fuere,
2663 1601 2808 1655 inter
2861 1615 2999 1669 quos
3043 1601 3298 1671 praecipui
3343 1608 3401 1655 et

1810 1690 2032 1754 summi,
2066 1688 2371 1744 Leonorius
2404 1700 2457 1744 et
2484 1689 2765 1744 Lutarius.

1885 1780 2013 1837 Haec
2056 1782 2224 1852 igitur
2279 1782 2558 1838 Gallorum
2609 1782 2662 1835 in
2723 1781 2909 1836 Asiam
2967 1780 3397 1850 transmigratio,

162 1854 237 1924 τήν
292 1854 470 1908 Ἀσίαν
516 1855 772 1919 διάϐασις
827 1858 950 1910 κατ’
1010 1858 1184 1928 ἀρχὰς
1238 1859 1338 1929 μὲν
1395 1860 1489 1913 ἐπὶ
1552 1861 1708 1933 κακῷ

1825 1874 1995 1944 primo
2031 1874 2277 1943 quidem,
2310 1873 2373 1928 ad
2411 1873 2714 1927 incolarum
2744 1874 3128 1927 detrimentum
3150 1886 3400 1941 progres-

162 1946 247 1997 τῶν
288 1948 581 2017 οἰκητόρων
640 1948 923 2020 προελθεῖν
977 1950 1273 2022 ἐνομίσθη,
1337 1952 1399 2005 τὸ
1452 1953 1507 2006 δὲ
1557 1954 1711 2017 τέλος

166 2038 332 2103 ἔδειξεν
376 2039 675 2110 ἀποκριθὲν
706 2040 841 2112 πρὸς
871 2042 931 2094 τὸ
970 2042 1281 2114 συμφέρον·
1333 2045 1445 2099 τῶν
1479 2046 1588 2119 γὰρ
1616 2048 1712 2118 βα-

165 2130 323 2185 σιλέων
354 2132 449 2202 τὴν
489 2132 603 2186 τῶν
630 2134 839 2188 πόλεων
884 2135 1260 2206 δημοκρατίαν
1301 2138 1521 2207 ἀφελεῖν
1546 2158 1714 2193 σπου-

162 2223 411 2291 δαζόντων,
451 2225 614 2279 αὐτοὶ
648 2227 849 2297 μᾶλλον
882 2227 1089 2299 ταύτην
1120 2230 1164 2261 ⁸⁸
1205 2230 1511 2297 ἐϐεϐαίουν,
1559 2233 1712 2287 ἀντι-

165 2314 513 2387 καθιστάμενοι
541 2320 655 2382 τοῖς
681 2319 1108 2391 ἐπιτιθεμένοις.
1142 2321 1462 2394 Νικομήδης
1485 2322 1541 2376 δὲ
1570 2324 1712 2379 κατὰ

168 2404 367 2458 Βιθυνῶν
398 2409 638 2480 πρῶτον,
694 2410 1131 2482 συμμαχούντων
1174 2412 1325 2482 αὐτῷ
1359 2414 1453 2467 καὶ
1498 2415 1605 2467 τῶν
1651 2413 1713 2481 ἐξ

175 2494 494 2567 Ἡρακλείας,
530 2502 662 2565 τοὺς
694 2500 1003 2573 βαρϐάρους
1029 2502 1319 2567 ὲξοπλίσας
1341 2543 1356 2567 ,
1385 2506 1486 2573 τῆς
1511 2521 1569 2558 τε
1601 2505 1710 2575 χώ-

171 2607 248 2659 ρας
272 2593 528 2664 ἐκράτησε
573 2594 672 2648 καὶ
713 2596 841 2657 τοὺς
892 2594 1237 2657 ἐνοικοῦντας
1270 2595 1542 2665 κατέκοψε
1564 2636 1579 2660 ,
1612 2596 1712 2667 τὴν

170 2684 303 2755 ἄλλην
339 2684 486 2740 λείαν
534 2686 646 2740 τῶν
687 2686 947 2740 Γαλατῶν
982 2687 1199 2750 ἑαυτοῖς
1246 2686 1709 2757 διανειμαμένων.

172 2769 303 2830 Οὗτοι
337 2777 389 2830 δὲ
419 2777 625 2846 πολλὴν
663 2778 986 2839 ἐπελθόντες
1016 2776 1203 2849 χώραν
1237 2772 1395 2841 αὖθις
1427 2778 1713 2851 ἀνεχώρη-

173 2884 268 2931 σαν,
295 2869 383 2922 καὶ
412 2870 511 2940 τῆς
544 2870 864 2941 αἱρεθείσης
898 2871 1085 2933 αὐτοῖς
1120 2871 1463 2941 ἀπετέμοντο
1491 2872 1590 2943 τὴν
1618 2873 1714 2927 νῦν

172 2959 399 3013 Γαλατίαν
431 2960 797 3031 καλουμένην,
829 2964 909 3025 εἰς
948 2965 1098 3032 τρεῖς
1136 2963 1329 3034 μοίρας
1360 2963 1566 3031 ταύτην
1596 2965 1713 3018 δια-

171 3052 458 3120 νείμαντες,
509 3054 767 3117 καὶτοὺς
812 3055 913 3125 μὲν
961 3055 1267 3125 Τρωγμοῦς
1313 3055 1711 3125 ὀνομάσαντες,

170 3144 267 3205 τοὺς
294 3144 345 3196 δὲ
374 3144 855 3212 Τολοστοϐογίους,
888 3144 1015 3209 τοὺς
1041 3146 1098 3199 δέ
1128 3147 1502 3213 Τεκτοσάγας.
1544 3148 1712 3201 Ἐδεί-

173 3248 311 3299 μαντο
339 3236 393 3288 δὲ
426 3238 615 3300 πόλεις
646 3236 909 3307 Τρωγμοὶ
939 3237 1037 3307 μὲν
1057 3238 1366 3315 Ἄγκυραν,
1388 3238 1713 3292 Τολοστοϐό-

171 3340 258 3394 γιοι
281 3328 332 3383 δὲ
358 3330 589 3396 Ταϐίαν,
623 3330 965 3399 Τεκτοσάγες
991 3329 1047 3383 δὲ
1081 3330 1441 3385 Πισινοῦντα.“

1812 1982 1939 2022 sura
1966 1966 2380 2023 existimabatur
2414 1986 2427 2022 :
2472 1968 2563 2019 sed
2594 1966 2789 2030 exitus,
2824 1965 3122 2019 commodis
3160 1965 3397 2029 ipsorum

1813 2060 2142 2115 destinatum
2167 2062 2271 2116 hoc
2287 2061 2549 2115 ostendit.
2577 2057 2707 2111 Dum
2734 2057 2877 2109 enim
2909 2055 3398 2126 regespOpularem

1813 2148 2123 2205 civitatibus
2159 2159 2365 2207 statum
2426 2152 2692 2219 abrogare
2740 2160 3029 2215 satagunt,
3067 2147 3225 2210 Galli,
3284 2148 3401 2198 haec

1814 2237 2175 2294 molientibus
2212 2240 2549 2300 obsistendo,
2601 2236 2776 2307 magis
2825 2236 2972 2289 illam
3023 2236 3397 2291 corroborant.

1814 2326 2142 2385 Nicomedes
2172 2330 2337 2401 igitur
2363 2339 2555 2384 contra
2597 2328 2862 2399 Bithynos
2887 2329 3147 2397 primum,
3182 2328 3401 2382 illorum

1813 2423 2017 2477 auxilio
2039 2432 2094 2477 et
2122 2438 2259 2491 quos
2289 2438 2355 2477 ex
2384 2422 2648 2478 Heraclea
2711 2431 2980 2475 armasset
3018 2421 3399 2487 barbarorum,

1815 2519 1869 2565 et
1903 2512 2241 2580 provinciam
2288 2512 2536 2583 subegit,
2580 2521 2636 2565 et
2682 2512 2923 2567 concidit
2971 2512 3219 2567 incolas:
3260 2513 3402 2581 quod

1815 2602 2058 2670 alioquin
2114 2614 2232 2658 erat
2263 2605 2479 2672 prada;
2534 2604 2678 2656 inter
2721 2618 2780 2658 se
2820 2604 3092 2674 dispertiti
3128 2615 3253 2659 sunt
3287 2603 3403 2659 Ga-

1815 2691 1955 2748 latae.
2007 2694 2071 2748 lli
2131 2697 2275 2748 enim
2332 2694 2489 2764 longe
2538 2694 2755 2763 lateque
2828 2705 3029 2750 terram
3094 2696 3405 2766 depopulati

1818 2796 1966 2839 retro
2000 2787 2214 2840 demum
2250 2798 2568 2842 cesserunt:
2604 2796 2661 2842 et
2692 2787 2758 2842 de
2789 2788 3021 2843 subacta
3052 2788 3105 2843 id
3142 2788 3247 2844 sibi
3287 2806 3405 2842 am-

1814 2884 2095 2943 putarunt,
2138 2877 2279 2945 quod
2311 2892 2453 2932 nunc
2494 2876 2718 2933 Galatia:
2750 2894 2948 2932 nomen
2984 2878 3168 2940 habet,
3192 2879 3405 2949 228a

1815 2966 1869 3020 in
1899 2978 2012 3022 tres
2039 2977 2227 3037 partes
2258 2970 2631 3025 diStributum.
2654 2971 2804 3026 Alios
2832 2972 2978 3023 enim
3010 2968 3277 3039 Trogmos
3306 2986 3407 3023 no-

1816 3060 2074 3125 minant;
2127 3060 2307 3126 alios,
2358 3061 2790 3132 Tolistobogios;
2840 3062 3004 3128 alios,
3053 3061 3405 3130 Tectosages,

1816 3151 1994 3208 Urbes
2019 3153 2181 3208 etiam
2204 3154 2565 3209 condiderunt
2597 3169 2614 3210 :
2648 3153 2867 3225 Trogmi
2904 3154 3198 3225 Ancyram,
3223 3151 3406 3210 'l‘olis-

1824 3246 2026 3317 tobogii
2065 3245 2314 3312 Tabiam,
2354 3244 2681 3318 Tectosages
2710 3247 3058 3302 Pesinuntem
3091 3242 3234 3318 (65).

563 3440 697 3493 Car.
728 3438 874 3493 XXI.
913 3468 987 3480 —
1023 3437 1097 3493 De
1124 3439 1318 3493 Astaco
1358 3450 1406 3494 et
1437 3439 1751 3499 Nicomedia
1793 3446 2025 3500 urbibus.
2045 3447 2392 3520 Bithynorum
2424 3450 2719 3519 principum
2763 3449 2942 3503 series.

236 3557 288 3610 Ὀ
312 3557 363 3610 δὲ
390 3557 715 3628 Νικομήδης
745 3558 824 3619 είς
851 3554 1114 3627 λαμπρὰν
1146 3554 1493 3625 εὐδαιμονίαν
1534 3556 1724 3627 ἀρθεὶς

174 3646 303 3699 πόλιν
331 3647 506 3717 ἐαυτῷ
530 3644 834 3715 ὁμώνυμον
864 3645 1139 3716 ἀνεγείρει
1160 3644 1389 3715 ἀντικρὺ
1433 3646 1720 3701 Ἀστακοῦ.

175 3736 266 3807 Τὴν
323 3739 584 3792 Ἀστακὸν
643 3738 700 3791 δὲ
771 3735 1070 3807 Μεγαρέων
1103 3746 1115 3799 ‘1
1143 3735 1354 3807 ᾤκισαν
1406 3737 1450 3769 ⁸⁸
1506 3737 1723 3791 ἄποικοι

186 3827 514 3901 ὐλυμπιάδος
549 3829 852 3900 ἱσταμένης
885 3830 970 3894 ιζ’,
1016 3828 1282 3881 Ἀστακδν
1312 3828 1545 3897 ἐπίκλην
1584 3828 1723 3883 κατὰ

176 3925 391 3994 χρησμὸν
421 3925 643 3995 θέμενοι
679 3922 786 3976 ἀπό
819 3939 964 3984 τινος
988 3921 1099 3973 τῶν
1124 3920 1433 3991 λεγομένων
1466 3919 1723 3993 σπαρτῶν

177 4016 253 4067 καλ.
273 4016 511 4085 γηγενῶν
532 4015 643 4068 τῶν
660 4016 705 4046 ⁶⁶
727 4013 1012 4081 ἀπογόνων
1031 4012 1139 4065 τῶν
1160 4012 1219 4064 ἐν
1252 4011 1479 4083 Θήϐαις,
1523 4012 1721 4064 Ἀστα-

177 4104 256 4158 κοῦ
283 4107 371 4178 τὴν
401 4107 619 4177 κλῆσιν,
648 4104 840 4174 ἀνδρὸς
868 4103 1122 4171 γενναίου
1166 4101 1261 4154 καὶ
1300 4100 1724 4171 μεγαλόφρονος.

178 4194 303 4269 Αὕτη
348 4197 546 4261 πολλὰς
594 4195 871 4258 ἐπιθέσεις
915 4193 1067 4264 παρά
1115 4210 1174 4246 τε
1228 4192 1337 4247 τῶν
1384 4192 1727 4264 ὁμορούντων

180 4288 432 4343 ὐποστᾶσα
489 4289 589 4343 καὶ
646 4288 905 4356 πολέμοις
968 4286 1232 4349 πολλάκις
1283 4284 1731 4355 ἐκτρυχωθεῖσα,

190 4380 460 4450 Ἀθηναίων
488 4380 621 4452 [375
649 4377 742 4450 H.]
769 4377 940 4448 αὐτὴν
963 4378 1100 4447 μετὰ
1122 4377 1419 4448 Μεγαρέας
1447 4374 1733 4445 ἐπῳκηκό-

181 4490 271 4525 των
295 4474 441 4543 ἔληξε
466 4490 527 4526 τε
560 4462 669 4525 τῶν
701 4469 999 4540 συμφορῶν
1031 4470 1125 4522 καὶ
1155 4470 1249 4521 ἐπὶ
1284 4469 1426 4538 μέγα
1452 4467 1612 4536 δόξης
1640 4467 1736 4521 καὶ

186 4562 345 4633 ίσχύος
376 4566 629 4633 ἐγένετο,
681 4558 952 4614 Δυδαλσοῦ
997 4559 1301 4630 τηνικαῦτα
1352 4559 1453 4629 τὴν
1496 4557 1735 4611 Βιθυνῶν

1900 3561 2223 3617 Nicomedes
2247 3571 2450 3629 autem,
2496 3562 2551 3616 in
2608 3562 2898 3632 conspicuo
2920 3561 3197 3619 felicitatis
3232 3566 3399 3638 gradu

1828 3655 2061 3724 positus,
2085 3654 2153 3708 de
2175 3654 2394 3707 nomine
2442 3668 2541 3708 suo
2564 3655 2833 3708 exstruxit
2879 3654 3068 3709 urbem
3111 3671 3142 3710 e
3183 3657 3406 3727 regione

1829 3744 2038 3797 Astaci.
2087 3742 2260 3810 Quam
2314 3742 2708 3815 Megarensium
2758 3744 2969 3800 colonia
3022 3748 3125 3802 sub
3190 3748 3404 3802 initium

1827 3835 2163 3905 Olympiadis
2231 3852 2343 3890 xvn
2415 3835 2812 3905 frequentaret,
2882 3835 3139 3890 Astacum
3197 3835 3405 3891 oraculi

1820 3922 1977 3993 jussu
2032 3924 2436 3979 denominatam
2462 3963 2477 3988 ,
2513 3923 2582 3977 ab
2621 3925 2822 3977 Astaco
2864 3923 3097 3992 quodam
3143 3936 3406 3990 generoso

1828 4025 1881 4071 et
1913 4015 2145 4071 cordato
2196 4016 2340 4079 viro,
2370 4030 2437 4068 ex
2470 4029 2657 4069 eorum
2704 4014 2952 4083 prosapia
2992 4014 3084 4082 qui
3126 4014 3309 4085 Sparti
3348 4022 3406 4069 et

1832 4108 2119 4178 terrigenae
2149 4106 2278 4161 olim
2316 4105 2517 4162 Thebis
2546 4106 2903 4159 vocabantur.
2938 4102 3063 4158 Haec
3114 4104 3340 4158 multum
3370 4118 3405 4160 a

1836 4199 2082 4255 finitimis
2113 4197 2373 4269 appetita,
2394 4208 2449 4254 et
2470 4198 2679 4253 crebris
2699 4198 2880 4252 accisa
2912 4196 3088 4261 bellis,
3107 4197 3405 4251 Athenien-

1830 4293 1971 4347 sium
2035 4292 2257 4347 colonis
2318 4290 2664 4361 postmodum
2727 4288 2983 4359 adjectis,
3056 4289 3407 4343 vexationum

1833 4382 2021 4447 finem,
2056 4392 2111 4438 et
2144 4383 2480 4439 incrementa
2535 4381 2721 4453 gloria:
2753 4390 2808 4436 et
2856 4382 3110 4452 potentia:
3142 4396 3245 4436 non
3290 4395 3407 4434 me-

1832 4475 2036 4529 diocria
2087 4476 2279 4545 adepta
2335 4484 2440 4541 est,
2484 4475 2719 4545 Dytlalso
2768 4483 2897 4528 tunc
2953 4475 3096 4529 inter
3144 4473 3408 4544 Bithynos

1833 4580 2014 4619 rerum
2067 4568 2333 4634 potiente.
2391 4562 2510 4631 Quo
2566 4564 2853 4626 defuncto,
2912 4562 3124 4618 Botiras
3195 4573 3406 4634 regnat,

185 4654 334 4725 ἀρχὴν
365 4655 614 4725 ἔχοντος*
660 4647 721 4707 οὗ
763 4652 1189 4721 τελευτήσαντος
1232 4650 1389 4720 ἄρχει
1438 4648 1719 4719 Βοτείραςτ

1836 4658 1902 4711 ad
1932 4657 2002 4710 '76
2030 4672 2204 4711 annos
2232 4665 2392 4711 aetate
2429 4657 2708 4726 producta.
2745 4655 2805 4709 Ei
2833 4654 2976 4708 illius
3000 4653 3106 4708 Bas
3129 4654 3408 4709 succedit:

188 4742 334 4815 ζήσας
362 4752 412 4811 ς’
444 4748 541 4799 καὶ
570 4745 610 4798 o'
645 4745 761 4814 ἔτη.
794 4742 995 4796 Τοῦτον
1032 4741 1337 4811 διαδέχεται
1367 4739 1479 4802 Βᾶς
1502 4740 1530 4791 ὁ
1578 4739 1693 4803 υἱὸς
1716 4782 1732 4807 ,

188 4833 236 4898 ὃς
267 4839 355 4892 καὶ
384 4839 664 4894 Κάλαντον
688 4838 731 4869 ⁵⁷
797 4834 1151 4904 Ἀλεξάνδρου
1197 4832 1523 4904 στρατηγὸν,
1555 4832 1736 4887 καίτοι

189 4941 241 4993 γι
264 4927 373 4982 λίαν
400 4928 916 5001 παρεσκευασμένον
950 4926 1085 4999 πρὸς
1113 4926 1213 4995 τὴν
1246 4924 1446 4995 μάχην,
1479 4940 1735 4992 κατηγω-

192 5017 380 5084 νίσατο,
424 5024 520 5075 καὶ
566 5022 663 5091 τῆς
696 5018 946 5082 Βιθυνίας
979 5016 1361 5090 παρεσκεύασε
1390 5017 1516 5078 τοὺς
1546 5016 1737 5069 Μακε-

193 5105 328 5174 δόνας
356 5112 711 5183 ἀποσχέσθαι.
764 5110 969 5165 Τούτου
1022 5110 1135 5179 βίος
1184 5108 1283 5178 μὲν
1314 5107 1557 5175 ἐγεγόνει
1601 5104 1738 5157 ὲτῶν

197 5204 335 5255 α’καὶ
361 5211 420 5269 o',
454 5198 529 5257 ὧν
564 5203 881 5258 ἐϐασίλευσε
912 5200 977 5256 ν’.
1009 5200 1085 5254 Ob
1113 5201 1243 5261 παῖς
1261 5240 1277 5263 ,
1302 5198 1399 5268 τῆς
1426 5197 1599 5267 ἀρχῆς
1626 5196 1741 5248 διά-

197 5292 347 5362 δοχος,
377 5298 664 5367 Ζιποίτηςξ,
694 5295 950 5365 λαμπρὸς
979 5295 1037 5347 ἐν
1070 5292 1327 5360 πολέμοις
1350 5289 1623 5358 γεγονὼς,
1648 5287 1743 5340 καὶ

198 5387 307 5451 τοὺς
342 5391 653 5461 Λυσιμάχου
684 5388 1026 5462 στρατηγοὺς
1059 5387 1149 5441 τὸν
1175 5387 1275 5457 μὲν
1305 5382 1532 5449 ἀνελὼν,
1561 5381 1652 5436 τὸν
1681 5380 1739 5434 δὲ

1841 4745 1931 4815 qui
1949 4747 2112 4801 etiam
2138 4745 2448 4811 Calantum,
2467 4744 2754 4799 Alexandri
2775 4745 3050 4814 copiarum
3070 4744 3410 4813 praefectum,

1842 4835 1968 4891 licet
2015 4836 2219 4905 Optime
2262 4838 2333 4891 ad
2398 4850 2630 4905 pugnam
2695 4836 3044 4898 instructum,
3107 4832 3413 4903 proﬂigavit

1844 4927 1979 4992 acie,
2010 4938 2063 4981 et
2092 4938 2149 4983 ut
2178 4928 2496 4984 Macedones
2515 4944 2543 4982 a
2567 4929 2815 5000 Bithynia
2845 4928 3178 4984 abstinerent
3207 4927 3407 4983 effecit.

1845 5016 1997 5073 Vixit
2031 5021 2121 5075 hic
2176 5020 2239 5073 71
2289 5035 2481 5087 annos,
2514 5029 2569 5075 et
2618 5019 2682 5074 de
2724 5020 2791 5073 iis
2831 5018 2901 5074 50
2959 5034 3184 5090 regnum
3220 5019 3411 5084 tenuit,

1851 5109 2129 5177 ﬁliumque
2163 5109 2351 5163 habuit
2374 5126 2744 5165 successorem
2772 5110 3040 5180 Zipaaten,
3070 5112 3187 5181 qui,
3235 5112 3415 5166 clarus

1850 5200 2027 5267 bellis,
2061 5216 2091 5255 e
2120 5200 2421 5273 Lysimachi
2456 5203 2726 5272 prcefectis
2754 5203 2919 5258 alium
2970 5205 3201 5268 occidit,
3246 5204 3415 5259 alium

1850 5306 2011 5360 quam
2059 5291 2374 5359 longissime
2430 5308 2459 5347 ιι
2504 5292 2703 5348 ﬁnibus
2745 5293 2859 5349 suis
2897 5292 3121 5362 depulit.
3176 5293 3313 5359 Quin
3358 5302 3418 5349 et

1848 5381 2025 5451 ipsum
2099 5380 2480 5454 Lysimachum
2521 5385 2795 5453 repressit.
2856 5384 3089 5442 Posthac
3144 5385 3415 5442 Antiocho

1442 5512 1677 5570 VARIIE
1719 5511 2119 5569 LECTIONES.

266 5618 307 5649 "
332 5620 419 5671 ἐπὶ
440 5617 525 5689 τό]
546 5619 651 5675 imo
672 5619 763 5673 ἐπὶ
789 5618 889 5690 τῷ.
963 5616 1009 5649 ⁸⁵
1040 5614 1209 5684 αὐτὴν
1234 5630 1292 5677 ς.

1372 5612 1417 5644 ⁸⁸
1442 5610 1562 5665 libri
1588 5608 1832 5680 ᾤκησαν.
1908 5610 1956 5641 ⁸⁸
1981 5610 2090 5667 τῶν
2112 5622 2234 5681 post
2254 5613 2502 5684 γηγενῶν
2530 5629 2639 5672 om.
2669 5614 2735 5670 A.
2812 5614 2854 5646 ⁸⁷
2876 5612 3058 5669 Κάλαν
3084 5613 3177 5668 τὸν
3210 5613 3318 5666 Ἀλ.
3356 5630 3419 5679 ς’.

1677 5721 1907 5780 ΝΟΤᾹΖ.

269 5825 372 5897 (65)
404 5826 520 5885 Vid.
545 5831 637 5888 lib.
667 5843 705 5884 ιι
729 5827 856 5884 iter.
890 5822 1039 5881 Boic.
1072 5818 1237 5877 Marci
1265 5814 1491 5880 Velscri,
1522 5829 1577 5884 p.
1609 5814 1697 5870 7t.
