3994 6398
597 376 703 438 899

1772 373 2031 434 PHOTII
2082 370 2589 433 PATRIARCIIIE
2613 371 2721 430 ΕΡ.

3744 360 3844 423 9θύ

599 480 832 545 Seleuci,
868 480 958 550 qui
1012 478 1196 533 Asiam
1250 486 1427 532 tamen
1476 487 1529 531 et
1581 478 1901 534 Macedones
1954 481 2162 549 imperii

2284 479 2377 531 ἐπὶ
2406 480 2667 549 μήκιστον
2690 478 2788 545 τῆς
2814 477 3019 539 οἰκείας
3050 476 3326 538 ἀπελάσας
3355 476 3553 547 ἀρχῆς,
3581 477 3717 529 ἀλλὰ
3754 479 3841 531 καὶ

599 574 905 638 coercebat,
948 572 1197 643 superior
1226 571 1422 633 lactus,
1464 570 1650 626 urbem
1686 572 1868 626 condit
1900 573 1964 625 ad
2008 572 2181 641 Lype-

599 681 723 720 rum
748 674 1014 729 montem,
1040 663 1273 717 nomine
1312 677 1412 715 suo
1434 661 1726 731 insignem.
1770 661 1867 716 llic
1892 661 1978 715 vbi
2010 664 2174 715 vitam

599 758 653 812 in
681 757 769 822 76,
802 766 858 811 et
892 753 1425 810 administrationem
1456 752 1604 822 regni
1654 753 1705 805 in
1746 752 1814 806 48
1846 767 2017 806 annos
2080 767 2174 805 ex-

599 851 870 914 tenderat,
902 848 936 900 4
969 846 1108 899 filios
1151 844 1389 914 reliquit.
1444 845 1694 910 Eumque
1738 843 1789 895 in
1820 858 1985 912 regno
2016 842 2172 896 Nico-

598 940 782 993 niedes
812 948 939 992 natu
965 938 1231 991 maximus
1267 935 1503 1003 excepit,
1539 933 1802 988 fratribus
1834 949 1937 987 non
1980 933 2172 998 frater,

596 1031 690 1085 sed
748 1031 907 1085 lictor
980 1031 1175 1083 factus.
1227 1026 1582 1081 Conlirmavit
1637 1037 1814 1080 tamen
1863 1025 2025 1081 etiam
2087 1028 2173 1081 hic

597 1122 861 1192 Bithyniae
892 1137 1139 1191 regnum,
1178 1121 1411 1173 maxime
1439 1134 1524 1181 eo,
1559 1121 1701 1187 quod
1742 1118 1965 1173 Galatas
2012 1120 2169 1174 sedes

593 1215 648 1267 in
690 1216 868 1268 Asiam
902 1213 1297 1267 transferentes
1346 1212 1573 1279 adjuvit,
1604 1213 1925 1281 urbemque,
1957 1220 2015 1264 ut
2052 1211 2166 1281 jam

593 1303 887 1357 indicatum
922 1312 1028 1365 est,
1053 1302 1135 1356 sui
1172 1301 1409 1355 nominis
1446 1301 1650 1354 eduxit.

2281 569 2448 624 αὑτοῦ
2479 571 2793 639 Λυσιμάχου
2818 569 2885 631 ⁸⁸,
2918 565 3033 622 εἶτα
3072 569 3166 622 καί⁵
3212 569 3484 636 Ἀντιόχου
3529 567 3623 621 τοῦ
3658 569 3839 632 παιδὸς

2281 662 2543 713 Σελεύκου
2575 662 3031 730 ἐπικρατέστερος
3055 659 3426 733 γεγονὼς,τοῦ
3456 677 3515 712 τε
3537 660 3637 727 τῆς
3666 660 3841 723 Ἀσίας

2280 754 2653 825 βασιλεύοντος
2688 753 2900 807 καὶτοῦ
2938 754 3285 817 Μακεδόνων,
3324 753 3499 815 κτίζει
3542 752 3699 805 πόλιν
3744 754 3843 805 ὑπὸ

2275 846 2353 915 τῷ
2383 845 2617 916 Λυπερῷ
2637 848 2751 916 ὄρει
2776 886 2788 909 ,
2819 848 2883 915 τῇ
2917 843 3080 898 αὑτοῦ
3113 850 3301 917 κλήσει
3336 845 3645 915 ἐπώνυμον.
3680 838 3840 907 Οὗτος

2280 940 2427 1006 βιοὺς
2463 942 2561 1008 μὲν
2603 940 2698 1010 ἔτη
2727 948 2778 1005 ς’
2809 942 2902 994 καὶ
2926 949 2987 1003 ο’,
3024 943 3305 1010 κρατήσας
3340 941 3400 993 δὲ
3451 942 3547 1009 τῆς
3592 943 3766 1009 ἀρχῆς
3797 938 3839 1010 η’

2276 1032 2371 1082 καὶ
2403 1038 2476 1100 μ’,
2509 1032 2828 1084 καταλείπει
2861 1033 3055 1095 παῖδας
3093 1034 3155 1084 δ’.
3192 1032 3392 1086 Τοῦτον
3418 1034 3462 1071 ⁸⁸
3492 1035 3520 1084 6
3549 1032 3841 1102 πρεσϐύτε·

2278 1138 2371 1191 ρος
2396 1122 2502 1173 τῶν
2532 1124 2739 1175 παίδων
2771 1124 3086 1194 Νικομήδης
3111 1123 3429 1195 διαδέχεται,
3461 1126 3573 1186 τοῖς
3599 1124 3839 1191 ἀδελφοῖς

2272 1214 2372 1264 οὐκ
2395 1213 2615 1279 ἁδελφὸς
2645 1215 2779 1267 ἀλλὰ
2806 1215 2996 1283 δήμιος
3020 1216 3281 1283 γεγονώς.
3322 1216 3690 1285 Ἐκρατύνατο
3720 1215 3838 1284 μὲν-

2268 1321 2350 1355 τοι
2385 1306 2477 1357 καὶ
2516 1300 2669 1370 οὗτος
2710 1306 2807 1378 τὴν
2846 1308 3086 1361 Βιθυνῶν
3126 1309 3320 1379 ἀρχὴν,
3356 1308 3588 1377 μάλιστά
3630 1325 3694 1374 γε
3726 1306 3839 1370 τοὺς

591 1394 836 1456 Γαλάτας
868 1394 959 1445 ἐπὶ
1004 1393 1101 1462 τὴν
1141 1392 1325 1445 Ἀσίαν
1358 1392 1823 1463 διαπεραιωθῆναι
1857 1394 2249 1464 συναράμενος·
2274 1401 2369 1447 καὶ
2406 1396 2578 1464 πόλιν,
2658 1398 2733 1461 ώς
2766 1401 3106 1470 προείρηται,
3174 1401 3271 1469 τὴν
3340 1398 3504 1454 αὑτοῦ
3572 1413 3837 1471 προσηγο-

595 1488 715 1558 ρίαν
745 1488 1009 1557 ἁνέστησε
1035 1487 1327 1556 φέρουσαν.

1070 1606 1203 1660 Car.
1233 1603 1396 1659 XXII.
1429 1635 1498 1644 —-
1534 1604 1953 1673 Byzantinorum
1987 1605 2177 1657 bellum
2222 1623 2338 1659 cum
2376 1606 2670 1661 Calatianis
2698 1605 3135 1661 'Ileracliensium
3161 1605 3390 1660 colonia.

660 1723 957 1791 lnterlapso
990 1722 1117 1775 hinc
1151 1731 1394 1789 tempore
1427 1720 1632 1787 aliquo,
1677 1720 1991 1789 Byzantinis
2043 1718 2160 1772 bel-

588 1816 698 1869 lum
749 1817 1009 1869 adversus
1057 1814 1368 1867 Calatianos
1400 1812 1871 1882 (Heracleotarum
1943 1812 2161 1866 colonia

2344 1723 2418 1774 Οὐ
2477 1722 2657 1793 πολλῷ
2683 1723 2739 1776 δὲ
2782 1722 3010 1794 ὕστερον
3056 1722 3232 1791 χρόνῳ
3281 1722 3518 1789 πόλεμος
3563 1722 3831 1792 ἀνερράγη

2269 1811 2585 1877 Βυζαντίοις
2655 1813 2792 1882 πρὸς
2846 1813 3223 1875 Καλατιανοὺς
3278 1814 3529 1882 (ἄποικοι
3589 1814 3649 1865 δὲ
3700 1810 3833 1868 οὗτοι

589 1911 703 1961 haec
726 1908 829 1974 est)
864 1916 918 1961 et
952 1906 1213 1959 lstrianos
1269 1906 1472 1974 erupit,
1530 1913 1753 1972 propter
1787 1902 2007 1969 Tomin,
2046 1919 2162 1958 em-

2281 1904 2673 1973 Ἡρακλεωτῶν
2704 1901 2868 1975 ἦσαν)
2914 1906 3009 1957 καὶ
3047 1904 3181 1974 πρὸς
3226 1904 3553 1973 Ἰστριανοὺς
3581 1906 3713 1976 περὶ
3742 1905 3831 1957 Τόο

586 2000 795 2069 parium
821 1998 1115 2053 Calatianis
1139 1998 1399 2061 vicinum,
1433 1996 1576 2067 quod
1617 1997 1983 2065 monopolium
2016 2012 2080 2048 ex
2100 2010 2165 2048 eo

586 2091 769 2146 facere
840 2091 1020 2143 animo
1074 2099 1446 2158 conceperant
1512 2088 1804 2145 Calatiani.
1866 2086 2161 2155 Propterea

590 2185 849 2252 utrinque
883 2183 949 2237 ad
990 2182 1369 2237 Heraclienses
1399 2183 1465 2236 de
1488 2181 1613 2236 belli
1643 2182 1903 2235 societate
1930 2181 2164 2233 mittitur

587 2276 802 2345 legatio.
828 2272 902 2325 At
935 2273 989 2326 1ιί
1029 2274 1207 2326 neutri
1268 2273 1466 2341 2286
1522 2274 1657 2341 parti
1710 2271 1954 2325 bellicam
2004 2287 2160 2339 opem

590 2368 855 2431 tribuunt,
887 2365 980 2419 sed
1010 2364 1192 2435 legant
1221 2364 1285 2417 ad
1324 2376 1600 2431 utrosque,
1639 2364 1729 2433 qui
1780 2365 2001 2432 pacilice
2032 2380 2149 2417 corr

588 2458 905 2511 troversiam
930 2458 1237 2523 transigant
1272 2474 1285 2510 :
1342 2457 1553 2511 tametsi
1604 2457 1807 2525 absque
1836 2455 2029 2509 effectu
2060 2456 2163 2509 hoc

586 2548 720 2617 ipsis
767 2549 1007 2601 studium
1053 2548 1241 2603 exivit.
1276 2547 1456 2602 Multis
1502 2548 1667 2617 igitur
1711 2549 2053 2603 detrimentis
2085 2548 2164 2602 af-

586 2638 711 2692 fecti
736 2637 995 2693 Calatidis
1029 2638 1238 2702 incolae,
1273 2639 1339 2691 ad
1374 2640 1525 2707 pacis
1554 2639 1770 2692 demum
1823 2640 2170 2694 conditiones

585 2728 996 2783 descenderunt.
1023 2727 1135 2783 Nec
1158 2728 1454 2798 quidquam
1484 2729 1596 2783 fere
1626 2729 1694 2783 ab
1726 2730 1830 2783 ista
1858 2729 2169 2784 calamitate

584 2820 782 2873 virium
820 2827 1115 2889 potuerunt
1146 2822 1405 2888 recipere.

2275 2014 2419 2066 μεως
2445 1996 2537 2049 τοῦ
2580 1998 2845 2067 ἐμπορίου
2870 2035 2885 2059 ,
2917 1997 2944 2050 ὂ
2987 2000 3097 2059 τοῖς
3124 1997 3484 2059 Καλατιανοῖς
3524 1997 3728 2066 ὅμορον
3751 1992 3827 2067 ἦν,

2274 2089 2609 2162 μονοπώλιον
2655 2088 2813 2141 τοῦτο
2856 2090 3254 2158 διανοουμένων
3296 2092 3704 2142 κατασκευάσαι
3733 2090 3828 2141 τῶν

2268 2181 2646 2237 Καλατιανῶν.
2678 2180 3138 2250 Διεπρεσϐεύοντο
3164 2175 3258 2232 οὖν
3287 2179 3423 2249 πρὸς
3461 2178 3828 2249 Ἡρακλεώτας

2270 2273 2364 2324 ἐπὶ⁹
2392 2269 2708 2340 συμμαχίαν
2734 2270 2778 2301 ⁷ο
2804 2270 3075 2339 ἑκάτεροι.
3108 2272 3169 2322 Οί
3198 2270 3253 2323 δὲ
3287 2270 3588 2340 πολεμικὴν
3625 2270 3723 2339 μὲν
3751 2274 3827 2339 ῥο-

2270 2364 2379 2433 πὴν
2425 2363 2691 2433 οὐδετέρῳ
2721 2362 2913 2431 ἔνεμον
2961 2364 3138 2432 μέρει,
3174 2362 3625 2433 διαλλακτηρίους
3660 2363 3714 2415 δὲ
3748 2364 3826 2415 άν-

2269 2456 2399 2524 δρας
2447 2454 2726 2526 ἑκατέροις
2763 2454 3114 2517 ἀπέστελλον,
3147 2454 3249 2507 κᾶν
3286 2456 3567 2524 ἄπρακτος
3600 2455 3821 2523 αὐτῶνὴ

2273 2547 2476 2617 σπουδὴ
2506 2548 2626 2599 τότε
2649 2546 2859 2614 γέγονε.
2893 2546 3019 2617 [724
3038 2545 3132 2617 8.]
3165 2546 3343 2599 Πολλὰ
3364 2548 3420 2598 δὲ
3450 2547 3495 2599 oi
3526 2547 3625 2617 τῆς
3656 2548 3823 2600 Καλα-

2268 2638 2411 2701 τίδος
2450 2640 2554 2692 ὑπὸ
2584 2639 2691 2691 τῶν
2725 2639 3001 2707 πολεμίων
3038 2640 3333 2702 παθόντες,
3374 2638 3600 2709 ὕστερον
3627 2640 3702 2704 εἰς
3726 2640 3821 2691 δια-

2271 2728 2453 2791 λύσεις
2485 2725 2671 2797 ἧλθον,
2698 2731 2807 2782 ἀπὸ
2832 2730 3033 2800 ταύτης
3054 2731 3155 2799 τῆς
3182 2731 3469 2801 συμφορᾶς
3500 2731 3683 2783 οὐκέτι
3714 2748 3821 2799 σχε-

2266 2822 2355 2873 δὸν
2386 2821 2674 2874 ἀναλαῦεῖν
2700 2823 2896 2884 αὐτοὺς
2924 2822 3263 2893 δυνηθέντες.

711 2933 843 2986 CAP.
868 2929 1055 2986 XXIII.
1086 2962 1157 2972 —
1184 2932 1572 2987 Testamentum
1619 2934 1929 2989 Nicomedis
1953 2978 1968 3002 ,
2015 2946 2060 2988 et
2103 2934 2263 2987 Zeila:
2315 2936 2513 2988 exclusi
2545 2936 2735 2989 bellum
2774 2953 2891 2989 cum
2925 2935 3185 3006 Bithynis,
3222 2955 3316 3006 ope
3373 2937 3708 2993 Galatarum.

660 3056 767 3112 Nec
804 3056 1032 3110 multum
1073 3058 1331 3126 temporis
1372 3057 1603 3121 efﬂuxit,
1649 3073 1776 3113 cum
1816 3072 1914 3112 rex
1976 3058 2163 3129 Bithy-

588 3163 785 3203 norum
834 3149 1156 3204 Nicomedes
1209 3151 1520 3219 (postquam
1576 3165 1606 3203 e
1661 3151 1843 3219 priore
1897 3151 1945 3202 ei
2001 3159 2164 3203 natus

586 3240 841 3310 coniugio
894 3239 1075 3294 Zeilas
1100 3240 1163 3294 ad
1197 3241 1577 3294 Armeniorum
1618 3255 1794 3309 regem
1817 3240 2164 3308 profugisset,

586 3333 844 3402 expulsus
898 3347 1154 3385 noverca:
1204 3332 1441 3385 Etazetaa
1489 3331 1779 3395 machinis,
1826 3331 1980 3399 cujus
2008 3330 2163 3384 liberi

586 3427 763 3479 adhuc
795 3424 848 3476 iu
885 3433 1066 3478 tenera
1089 3433 1250 3477 aetate
1274 3423 1471 3493 erant),
1491 3433 1662 3477 morte
1683 3424 1793 3489 jam
1822 3421 2159 3484 imminente,

585 3532 651 3571 ex
710 3515 878 3569 altera
914 3524 1070 3569 natos
1103 3529 1269 3568 uxore
1321 3513 1561 3567 limredes
1608 3513 1755 3581 regni
1806 3513 2024 3581 scripsit
2059 3530 2073 3566 :
2110 3521 2164 3565 et

585 3617 898 3670 curatores,
957 3606 1307 3660 Ptolemaeum
1380 3619 1501 3658 cum
1549 3604 1823 3673 Antigono
1868 3612 1922 3657 et
1969 3605 2163 3673 populo

586 3698 1159 3769 Byzantinorum,nec
1203 3713 1309 3751 non
1362 3696 1788 3751 Ileracliensium
1841 3695 2164 3751 Cianorum-

586 3806 711 3859 que,
744 3790 1061 3859 designavit.
1096 3788 1271 3843 Zeilas
1296 3798 1474 3841 autem
1511 3802 1633 3841 cum
1668 3790 1943 3843 instructa
1975 3803 2158 3852 manu,

585 3881 673 3932 cui
704 3894 734 3933 e
760 3878 965 3933 Galatia
999 3878 1352 3948 Tolistobogii
1386 3878 1596 3935 animos
1630 3881 1899 3949 augebant
1926 3918 1939 3941 ,
1983 3883 2037 3933 In
2071 3893 2158 3933 re-

582 3984 746 4039 gnum
780 3979 1062 4038 paternum
1098 3970 1257 4024 redit.
1302 3971 1371 4022 At
1397 3968 1638 4040 Bithyni,
1677 3972 1800 4024 dum
1831 3985 2157 4026 conservare

582 4061 913 4114 dominatum
987 4061 1225 4131 parvulis
1302 4071 1602 4130 satagunt,
1658 4072 1884 4116 matrem
1960 4064 2153 4116 horum

582 4149 889 4207 Nicomedis
920 4153 1076 4207 fratri
1122 4154 1177 4206 in
1230 4154 1635 4206 matrimonium
1684 4154 1915 4213 elocant.
1948 4165 2002 4207 et
2053 4154 2154 4221 ipsi

580 4252 805 4311 accepto
834 4259 863 4295 a
894 4244 1236 4297 curatoribus
1264 4244 1504 4297 exercitu
1536 4242 1739 4296 Zeilam
1781 4246 2154 4313 opperiuntur.

579 4334 644 4389 Ει
665 4334 870 4389 crebris
894 4335 1180 4401 utrobique
1207 4334 1412 4402 prwliis
1436 4343 1491 4387 et
1521 4334 1725 4386 viribus
1750 4334 1849 4397 usi,
1879 4349 2064 4402 pacem
2089 4334 2154 4386 ad

576 4435 885 4480 extremum
964 4426 1150 4479 ineunt
1201 4440 1377 4479 :cum
1436 4422 1812 4479 Ileraclienses
1856 4424 1909 4477 in
1964 4427 2155 4494 pugnis

578 4518 686 4571 illis
718 4516 1136 4580 excelluissent,
1166 4525 1221 4569 et
1252 4516 1303 4569 in
1336 4516 1727 4584 compositione
1761 4516 1881 4570 belli
1915 4518 2154 4584 egissent

575 4613 770 4678 quaain
808 4626 922 4665 rem
960 4609 1153 4664 forent.
1212 4609 1419 4662 Idcirco
1471 4608 1671 4663 Galatae
1711 4608 2047 4673 licraclcam,
2095 4620 2152 4664 ut

2343 3061 2416 3111 Οὐ
2448 3058 2643 3111 πολλοῦ
2670 3059 2725 3111 δὲ
2765 3060 2905 3114 πάνυ
2931 3060 3170 3131 ζρυέντος
3196 3060 3388 3129 χρόνου
3418 3062 3444 3111 ὁ
3469 3058 3578 3111 τῶν
3608 3059 3820 3111 Βιθυνῶν

2274 3152 2528 3217 βασιλεὺς
2558 3153 2877 3224 Νικομήδης
2899 3194 2913 3217 ,
2943 3155 3067 3206 ἐπεὶ
3100 3157 3126 3205 6
3155 3155 3253 3223 μὲν
3286 3155 3349 3206 ἐκ
3384 3153 3666 3224 προτέρων
3694 3153 3821 3222 αὑτῷ

2271 3244 2464 3312 γάμων
2494 3244 2729 3311 γεγονὼς
2755 3247 2885 3307 παῖς
2916 3244 3116 3314 Ζηῖλας
3142 3246 3319 3314 φυγὰς
3356 3242 3424 3317 ἦν
3460 3245 3597 3316 πρὸς
3621 3245 3708 3297 τὸν
3730 3246 3822 3297 τῶν

2190 3376 2234 3437 C
2286 3335 2587 3404 Ἀρμενίων
2636 3336 2880 3403 βασιλέα,
2908 3339 3026 3399 ταῖς
3074 3337 3175 3405 τῆς
3219 3340 3491 3408 μητρυιᾶς
3557 3338 3823 3403 Ἐταζέτας

2271 3428 2543 3495 μηχαναῖς
2572 3427 2786 3490 ἐλαθεὶς
2806 3467 2820 3489 ,
2868 3430 2915 3480 οἱ
2945 3428 3001 3481 δὲ
3034 3429 3097 3481 ὲκ
3132 3430 3337 3499 ταύτης
3367 3430 3517 3499 αὐτῷ
3557 3432 3825 3499 γεγονότες

2266 3514 2581 3583 ὲνηπίαζον,
2614 3518 2751 3585 πρὸς
2770 3518 2849 3587 τῷ
2864 3519 2907 3549 ⁷¹
2935 3518 3191 3590 τελευτᾷν
3213 3520 3451 3589 γεγονὼς
3475 3523 3825 3594 κληρονόμους

2266 3607 2365 3675 μὲν
2394 3608 2520 3671 τοὺς
2568 3610 2633 3661 ἐκ
2666 3610 2764 3679 τῆς
2797 3609 3054 3682 δευτέρας
3083 3614 3338 3680 γυναικὸς
3365 3614 3567 3683 γράφει
3612 3617 3821 3679 παῖδας,

2264 3696 2592 3767 ἐπιτρόπους
2639 3699 2697 3751 δὲ
2745 3701 3079 3771 Πτολεμαῖον
3130 3706 3224 3757 καὶ
3271 3705 3581 3775 Ἀντίγονον
3630 3711 3718 3761 καὶ
3745 3710 3821 3761 τὸν

2264 3788 2435 3858 δῆμον
2465 3791 2573 3842 τῶν
2603 3791 2913 3856 Βυζαντίων
2940 3797 3033 3847 καὶ
3070 3795 3133 3866 δὴ
3165 3797 3263 3849 καί⁵
3292 3796 3401 3853 τῶν
3443 3800 3819 3871 Ἡρακλεωτῶν

2266 3881 2489 3934 καὶτὸν
2522 3882 2631 3936 τῶν
2678 3885 2899 3938 Κιανῶν
2950 3888 3254 3956 ἐφίστησιν.
3306 3890 3363 3943 '0
3409 3893 3591 3962 μέντοι
3642 3893 3818 3962 Ζηῖλας

2269 3974 2405 4041 μετὰ
2431 3974 2712 4045 δυνάμεως
2736 4016 2751 4041 ,
2788 3978 2854 4047 ἥν
2886 3978 3033 4049 αὐτῷ
3061 3982 3168 4033 τῶν
3198 3982 3453 4037 Γαλατῶν
3496 3987 3543 4038 oi
3579 3986 3815 4038 Τολοστο-

2264 4066 2435 4133 εόγιοι
2468 4069 2705 4139 θάρσους
2737 4071 3032 4141 ἐπλήρουν,
3061 4075 3153 4126 ἐπὶ
3180 4076 3279 4145 τὴν
3311 4077 3592 4146 βασιλείαν
3621 4078 3809 4148 κὰτῄει.

2264 4157 2481 4212 Βιθυνοὶ
2507 4162 2563 4213 δὲ
2614 4163 2712 4232 τὴν
2743 4164 2919 4233 ἀρχὴν
2950 4165 3142 4229 σώζειν
3189 4171 3300 4230 τοῖς
3338 4170 3553 4238 νηπίοις
3597 4172 3807 4223 σπουδά-

2261 4249 2463 4313 ζοντες,
2498 4250 2595 4321 τὴν
2626 4254 2725 4322 μὲν
2753 4254 2958 4307 τούτων
2988 4258 3199 4328 μητέρα
3228 4259 3444 4330 ἁδελφῴ
3476 4262 3805 4324 συνοικίζουσι

2258 4338 2337 4408 τῷ
2366 4341 2729 4411 Νικομήδους,
2762 4344 2917 4397 αὐτοὶ
2948 4347 3004 4398 δὲ
3032 4349 3346 4420 στράτευμα
3375 4353 3525 4422 παρὰ
3548 4354 3648 4406 τῶν
3672 4355 3804 4422 εἰρη-

2261 4431 2436 4500 μένων
2482 4435 2793 4505 ὲπιτρόπων
2849 4436 3103 4499 λαϐόντες
3149 4441 3418 4509 ὑπέμενον
3473 4444 3563 4496 τὸν
3610 4444 3799 4514 Ζηῖὶαν.

2259 4523 2485 4592 Συχναῖς
2510 4524 2565 4576 δὲ
2596 4527 2795 4595 μάχαις
2836 4529 2928 4580 καὶ
2963 4530 3281 4598 μεταϐολαῖς
3306 4532 3555 4604 ἑκάτεροι
3583 4534 3696 4606 [576
3720 4531 3797 4600 Η.]

2261 4616 2738 4687 άποχρησάμενοι,
2764 4622 2824 4673 τὸ
2847 4622 3152 4675 τελευταῖον
3182 4626 3521 4697 κατέστησαν
3545 4627 3793 4697 εἰςζδιαλύ-

577 4703 874 4767 inimicam,
900 4703 1241 4763 invaserunt,
1275 4699 1343 4752 ad
1388 4699 1644 4754 Calletem
1678 4716 1852 4769 usque
1879 4701 2097 4755 fluvium
2137 4720 2149 4753 :

2267 4724 2393 4773 σεις,
2430 4709 2819 4778 Ἡρακλεωτῶν
2846 4716 2905 4765 ἐν
2927 4717 3049 4776 ταῖς
3076 4715 3276 4784 μάχαις
3306 4718 3687 4786 ἁριστευόντων
3711 4719 3795 4768 κάν

575 4795 851 4862 multaque
882 4794 1035 4847 dilati
1062 4794 1262 4860 praeda,
1300 4792 1518 4843 domum
1555 4792 1903 4859 repetierunt.

576 4881 811 4938 Γαλάται
839 4884 915 4945 ώς
944 4882 1144 4953 ἐχθρὰν
1178 4881 1276 4949 τὴν
1316 4879 1642 4949 Ἡράκλειαν
1684 4881 2026 4953 κατέδραμον
2052 4882 2155 4945 ἓως
2190 4888 2474 4961 Κάλλητος
2558 4905 2804 4973 ποταμοῦ
2827 4922 2841 4936 .

576 4976 723 5038 λείας
758 4976 939 5029 οἴκαδε
970 4974 1350 5044 ἀνεχώρησαν.

2258 4802 2378 4863 ταῖς
2415 4805 2715 4873 συμϐάσεσι
2761 4808 2822 4859 τὸ
2858 4809 3136 4878 συμφέρον
3184 4816 3682 4883 καταπραττόντων.
3720 4813 3796 4866 Διὸ

2895 4906 2987 4959 καὶ
3068 4900 3265 4971 πολλῆς
3312 4910 3490 4981 κύριοι
3547 4911 3793 4981 γεγονότες

1108 5087 1237 5141 CAP.
1274 5085 1465 5140 XXIV.
1491 5117 1561 5131 —
1596 5084 2011 5138 lleraclieusium
2045 5090 2347 5156 paciﬁcatio
2369 5096 2508 5150 inter
2535 5102 2852 5158 Antiochum
2872 5118 2918 5159 et
2949 5108 3295 5177 Byzantinos.

646 5202 758 5256 Sub
790 5203 905 5255 [nec
933 5200 1245 5269 Byzantinis
1298 5201 1562 5253 inlerente
1610 5198 1807 5252 bellum
1861 5200 2153 5264 Antiocho,

576 5295 646 5349 40
673 5292 983 5345 triremibus
1031 5291 1363 5345 Heracleota:
1412 5290 1741 5342 auxiliantur
1784 5304 1799 5339 :
1857 5298 1910 5342 et
1964 5291 2156 5342 horum

577 5386 775 5439 factum
819 5394 902 5437 est
948 5396 1107 5449 opera
1160 5391 1219 5435 ut
1282 5380 1350 5434 ad
1405 5379 1580 5435 minas
1622 5378 1988 5433 tantummodo
2031 5394 2156 5447 pro-

577 5489 821 5547 gressum
854 5474 1084 5529 haberet
1117 5472 1338 5529 bellum.

2333 5188 2661 5255 Βυζαντίους
2715 5197 2773 5249 δὲ
2836 5196 3109 5268 Ἀντιόχου
3164 5202 3525 5272 πολεμοῦντος
3579 5202 3787 5268 τριήρεσι

2261 5284 2646 5352 συνεμάχησαν
2689 5294 2740 5356 μ’
2783 5289 2831 5340 οἱ
2891 5290 3293 5359 Ἡρακλεῶται,
3329 5298 3424 5352 καὶ
3473 5296 3558 5348 τὸν
3590 5294 3786 5358 πόλεμον

2258 5377 2678 5443 παρεσκεύασαν
2704 5380 2749 5410 ⁷⁸
2791 5379 2984 5451 μέχρις
3014 5384 3254 5436 ἀπειλῶν
3283 5388 3566 5458 προκόψαι.

1873 5610 2101 5667 ὟΛΒΙιΕ
2155 5611 2561 5667 LECTIONES.

653 5714 697 5745 “
721 5714 881 5789 αὐτὸν
910 5715 1216 5789 Λυσίμαχον
1284 5730 1424 5771 corr.
1484 5714 1547 5769 A.
1627 5716 1668 5747 °°
1700 5712 1900 5767 τούτων
1938 5728 2077 5767 corr.
2103 5711 2170 5765 A.
2249 5713 2311 5789 ⁷ος
2327 5708 2614 5781 συμμαχίᾳ
2644 5707 2964 5779 Stephanus.

575 5784 873 5838 εσκεύασαν
902 5803 959 5849 ς.

3079 5712 3120 5742 ⁷⁸
3168 5712 3241 5781 τῷ
3266 5714 3308 5766 Α
3339 5733 3351 5768 :
3386 5717 3444 5769 τό
3472 5733 3525 5778 ς.
3618 5712 3655 5742 τε
3678 5722 3777 5761 κατ’
