3994 6444
142 421 234 489 901

1223 410 1751 470 BIBLIOTHECA.
1804 434 1874 446 —
1913 409 2078 470 COD.
2120 410 2424 473 CCXXIV.
2651 440 2674 469 ι

3289 412 3396 479 902

368 523 525 581 CAP.
555 521 721 579 XXV.
740 553 808 564 -
833 519 1047 575 lleracl.
1082 518 1383 573 Mithridati
1415 519 1751 572 auxiliantur
1781 529 1964 574 contra
2001 517 2181 573 Gallos
2207 559 2222 584 ,
2247 519 2338 572 sed
2371 533 2516 570 caro.
2559 515 2818 595 Nymphis
2848 518 3150 574 historicus;

201 646 396 718 Συνέϐη
428 646 486 699 δὲ
511 645 630 716 μετ’
657 643 718 697 οὐ
751 641 885 696 πολῦ
913 641 971 708 ἐξ
1000 639 1305 711 ἀνθρώπων
1348 640 1707 712 Ἀριοϐαρζά-
1734 685 1743 706 λ

1879 639 1992 694 Nec
2029 640 2191 710 longe
2221 647 2342 708 post
2386 653 2416 692 e
2457 639 2565 692 vita
2600 640 2912 694 mortalium
2942 642 3204 696 eximitur
3229 645 3394 698 Ario-

139 761 222 814 νην
249 738 524 809 γενέσθαι,
558 736 721 790 παῖδα
748 734 1087 804 Μιθριδάτην
1113 734 1482 788 καταλιπόντα
1521 735 1618 788 καὶ
1650 735 1706 786 ἐν

139 834 350 904 διαφορᾷ
381 833 522 902 πρὸς
555 831 680 893 τοὺς
723 829 969 891 Γαλάτας
993 827 1280 897 γεγονότα·
1327 826 1394 880 δι’
1429 827 1496 899 ἦν
1525 827 1706 881 αἰτίαν

140 925 634 996 καταφρονήσαντες
673 920 766 975 τοῦ
799 921 988 984 παιδὸς
1021 914 1167 975 οὗτοι
1215 919 1315 991 τὴν
1354 919 1519 974 αὑτοῦ
1555 918 1708 988 βασι-

141 1020 269 1071 λείαν
317 1016 582 1071 ἐσίνοντο.
619 1015 732 1068 Καὶ
779 1014 1016 1085 ἀπορίας
1061 1013 1258 1076 αὐτοὺς
1288 1009 1708 1080 καταλαϐούσης

141 1109 495 1177 ἀνελάμϐανον
518 1109 570 1161 οἱ
598 1107 704 1161 ἀπὸ
733 1108 830 1174 τῆς
873 1105 1224 1176 Ἡρακλείας,
1259 1106 1403 1156 σῖτον
1435 1104 1514 1165 είς
1550 1103 1706 1172 Ἀμι-

143 1203 272 1256 nov”
299 1202 633 1272 πέμποντες,
660 1201 722 1266 ἐξ
739 1195 807 1272 ἦς
836 1201 966 1270 ῥᾷον
994 1195 1062 1270 ἦν
1089 1200 1214 1261 τοὺς
1243 1197 1336 1250 τοῦ
1372 1195 1703 1266 Μιθριδάτου

145 1297 360 1362 σιτηγεῖν
399 1295 616 1356 ἑαυτοῖς
669 1294 763 1347 καὶ
806 1291 1121 1358 ἐξακεῖσθαι
1175 1289 1273 1359 τὴν
1326 1288 1554 1341 ἔνδειαν.
1605 1287 1706 1339 Διὰ

143 1386 290 1440 ταῦτα
315 1385 478 1439 πάλιν
505 1387 556 1438 οἱ
588 1385 823 1438 Γαλάται
861 1385 942 1447 εἰς
980 1383 1078 1453 τὴν
1126 1379 1498 1452 Ἡρακλεῶτιν
1533 1377 1706 1448 ἔπεμ-

143 1479 231 1544 ψαν
257 1476 608 1546 στράτευμα,
643 1476 740 1528 καὶ
785 1475 990 1544 ταύτην
1023 1473 1375 1542 κατέτρεχον,
1415 1471 1607 1540 μέχρις
1637 1465 1703 1520 ἂν

146 1573 183 1622 ol
212 1569 578 1640 Ἡρακλεῶται
602 1568 1093 1640 διεπρεσϐεύσαντο
1130 1562 1266 1634 πρὸς
1296 1560 1516 1622 αὐτούς.
1553 1558 1703 1629 Νύμ-

147 1681 218 1730 et;
242 1664 294 1716 δὲ
330 1659 398 1734 ἦν
451 1665 480 1715 ό
517 1663 788 1734 ἱστορικὸς
816 1664 844 1715 ὁ
893 1661 1192 1732 κορυφαῖος
1229 1656 1339 1710 τῶν
1389 1653 1697 1726 πρέσϐεων·

147 1750 190 1812 ὃς
211 1749 289 1803 τὸν
323 1751 420 1820 μὲν
447 1753 682 1823 στρατὸν
711 1752 769 1803 ἐν
794 1749 871 1820 τῷ
900 1749 1065 1819 κοινῷ
1088 1749 1313 1819 χρυσοῖς
1344 1761 1701 1814 πεντακισχι-

148 1841 274 1907 λίοις,
307 1845 429 1906 τοὺς
464 1843 524 1897 δὲ
553 1843 830 1914 ἡγεμόνας
866 1842 972 1912 ἰδίᾳ
1001 1841 1297 1902 διακοσίοις
1321 1834 1702 1908 ὑποθεραπεύ-

153 1948 250 1998 σας,
272 1933 361 2003 τῆς
384 1933 572 2004 χώρας
601 1933 983 2003 ἀπαναστῆναι
1011 1931 1447 2002 παρεσκεύασεν.

1812 731 2104 798 barzanes,
2165 728 2445 798 ﬁliumque
2505 730 2766 798 relinquit
2812 731 3182 788 Mithridatem
3237 754 3251 788 :
3305 733 3396 789 cui

1808 823 1934 878 lites
1966 837 2088 877 cum
2140 820 2350 876 Galatis
2388 822 2772 876 intercessere.
2828 823 3000 888 Quam
3049 823 3120 878 ob
3169 839 3392 881 causam

1818 915 1895 979 hi,
1921 922 2231 983 contempta
2267 913 2420 981 pueri
2475 920 2659 978 nitate,
2691 927 2922 984 regnum
2965 915 3083 982 ejus
3114 915 3390 971 divexant.

1807 1004 2051 1074 Cumque
2074 1006 2254 1074 inopia
2280 1021 2458 1059 rerum
2485 1005 2798 1060 laborarent
2819 1004 2950 1075 regii
2975 1044 2990 1070 ,
3014 1003 3391 1062 l’leraclienses

1807 1113 1903 1154 eos
1954 1105 2291 1160 sustentant,
2357 1095 2631 1150 frumento
2662 1096 2919 1150 'Amisum
2969 1097 3218 1159 advecto,
3248 1099 3394 1152 unde

1807 1190 2022 1245 facilior
2055 1199 2202 1245 esset
2231 1188 2622 1244 Mithridaticis
2653 1190 2832 1243 victus
2865 1189 3016 1258 copia
3038 1231 3053 1253 ,
3091 1197 3146 1244 et
3174 1199 3390 1259 egesta-

1810 1284 1879 1339 tis
1931 1283 2163 1339 medela.
2197 1280 2429 1350 Propter
2481 1281 2598 1336 luec
2651 1283 2848 1336 iterum
2902 1281 3128 1336 hostiles
3173 1283 3226 1334 in
3285 1281 3394 1334 lle-

1805 1375 2158 1430 racleolidem
2209 1374 2398 1442 copias
2457 1375 2697 1441 mittunt,
2754 1389 2985 1443 eamque
3054 1373 3393 1441 depopulan-

1766 1476 1895 1522 tur
1938 1486 1952 1522 :
1997 1481 2170 1538 usque
2242 1467 2370 1522 dum
2419 1469 2488 1522 ab
2545 1465 2986 1522 lleracliensibus
3042 1481 3139 1536 per
3189 1467 3394 1534 legatos

1804 1559 2137 1629 mitigantur.
2171 1557 2435 1628 Princeps
2465 1568 2643 1614 autem
2677 1557 2888 1627 legatus
2933 1566 3054 1611 erat
3105 1555 3389 1626 Nymphis,

1814 1653 2056 1708 historia:
2123 1653 2362 1722 scriptor
2412 1670 2427 1708 :
2483 1652 2574 1721 qui
2607 1667 2728 1704 cum
2768 1650 3066 1704 exercitum
3105 1649 3301 1717 229a
3337 1648 3390 1702 in

1804 1759 2092 1800 commune
2137 1747 2320 1800 aureis
2355 1744 2514 1812 5000,
2552 1745 2824 1814 ducesque
2859 1757 3107 1798 seorsum
3139 1741 3245 1795 200
3291 1741 3387 1794 de-

1804 1837 2088 1906 linivisset,
2128 1847 2188 1894 ut
2222 1854 2251 1892 a
2278 1838 2474 1892 ﬁnibus
2502 1835 2870 1902 discederent,
2901 1835 3105 1891 effecit.

960 2047 1089 2103 Car.
1128 2046 1316 2101 XXVI.
1340 2077 1413 2087 —
1439 2045 1712 2100 Ptolemwi
1753 2043 2042 2098 liberalitas
2073 2044 2126 2097 in
2174 2041 2560 2096 Ileraclienses.

207 2177 512 2246 Πτολεμαῖος
543 2177 601 2230 δὲ
633 2177 661 2230 ὁ
688 2178 786 2248 τῆς
812 2175 1090 2246 Αἰγύπτου
1120 2176 1375 2248 βασιλεὺς
1413 2179 1492 2240 εἰς
1517 2175 1689 2247 ἄκρον

151 2267 453 2336 εὐδαιμονίας
512 2268 725 2332 ἀναϐὰς
795 2269 1212 2340 λαμπροτάταις
1293 2267 1392 2339 μὲν
1463 2268 1692 2339 δωρεαῖς

154 2360 420 2427 εὐεργετεῖν
479 2360 582 2424 τὰς
637 2361 821 2424 πόλεις
871 2362 1164 2432 προήγετο,
1223 2357 1437 2430 ἔπεμψε
1496 2358 1552 2411 δὲ
1599 2358 1694 2412 καὶ

152 2452 238 2512 τοῖς
288 2451 696 2520 Ἡρακλεώταις
765 2453 1009 2524 ἀρτάϐας
1065 2451 1240 2524 πυροῦ
1303 2451 1690 2517 πεντακοσίας,

156 2547 227 2594 καί
250 2542 371 2595 νεὼν
406 2545 597 2608 αὐτοῖς
631 2546 1031 2617 Προκοννησίας
1061 2545 1267 2618 πέτρας
1309 2546 1367 2599 ἐν
1411 2547 1476 2616 τῇ
1528 2546 1697 2614 ἀκροο

156 2634 276 2687 πόλει
316 2635 612 2704 Ἡρακλέος
639 2638 980 2708 ἀνεδείματο.

1867 2174 2188 2231 Ptolemaeus
2228 2184 2407 2231 autem
2451 2190 2544 2230 rex
2587 2173 2807 2246 Egypti
2841 2214 2854 2239 ,
2909 2172 3232 2228 altissimum
3289 2174 3388 2226 be-

1803 2269 1980 2339 nignae
2053 2267 2281 2322 fortuna:
2355 2268 2580 2339 gradum
2651 2276 2973 2330 assecutus,
3029 2265 3388 2335 magniﬁcen-

1800 2361 2021 2416 tissimis
2047 2361 2297 2415 civitates
2327 2361 2642 2415 muneribus
2685 2359 2950 2414 demereri
3007 2358 3383 2412 constituerat.

1800 2449 1988 2521 Itaque
2019 2451 2184 2505 etiam
2233 2449 2671 2504 lleracliensibus
2702 2448 2808 2502 500
2841 2447 3062 2502 artabas
3096 2447 3192 2516 (sic
3211 2445 3388 2499 Persa:

1803 2545 2123 2598 medimnum
2151 2542 2357 2611 vocant)
2401 2540 2567 2595 tritici
2602 2541 2767 2606 misit,
2785 2549 2837 2594 et
2872 2537 3128 2607 templum
3143 2536 3389 2591 Herculis

1801 2654 1831 2694 e
1857 2637 2224 2692 Proconnesio
2248 2650 2382 2691 saxo
2408 2635 2460 2689 in
2493 2648 2619 2689 arce
2647 2635 2726 2688 eis
2755 2633 3046 2688 exstruxit.

157 2773 258 2828 Ctr.
307 2776 516 2834 XXVII.
565 2807 639 2818 —
680 2777 901 2834 Summa
967 2781 1334 2834 narrationum
1379 2781 1442 2834 de
1496 2778 1672 2832 Roma:
1726 2779 1894 2832 initiis
1948 2789 1998 2832 et
2045 2779 2414 2840 incrementis,
2461 2793 2640 2846 regno,
2705 2773 3027 2834 consulibus,
3103 2771 3390 2838 imperato-

999 2853 1164 2912 ribus,
1190 2852 1336 2905 bellis
1374 2866 1489 2904 cum
1505 2849 1733 2920 Pyrrho,
1775 2851 2052 2917 Annibale,
2089 2847 2304 2914 Perseo,
2328 2849 2606 2902 Antiocho.

210 2981 362 3052 Μέχρι
400 2983 592 3038 τούτου
637 2987 852 3054 φθάσας
890 2989 918 3042 ὁ
959 2990 1308 3060 συγγραφεὺς
1336 2991 1419 3054 εἰς
1458 2988 1557 3061 τὴν
1586 2989 1699 3042 τῶν

170 3067 413 3142 Ῥωμαίων
457 3078 826 3149 ἐπικράτειαν
858 3079 958 3152 τὴν
1008 3081 1237 3153 ἐκϐολὴν
1284 3083 1541 3144 ποιεῖται,
1579 3081 1700 3135 ὅθεν

159 3180 203 3215 τε
225 3165 392 3231 γένους
416 3165 650 3235 ἔφυσαν,
681 3170 776 3222 καὶ
812 3170 937 3223 τίνα
966 3170 1167 3240 τρόπον
1215 3171 1313 3240 τῆς
1348 3169 1575 3232 Ἰταλίας
1607 3171 1697 3221 ἐν-

159 3254 296 3309 ταῦθα
321 3259 670 3330 κατῴκησαν,
688 3261 790 3313 ὅσα
816 3278 875 3313 τε
905 3263 985 3323 εἰς
1008 3262 1107 3332 τὴν
1135 3263 1236 3332 τῆς
1269 3263 1488 3335 Ῥώμης
1517 3265 1695 3319 κτίσιν

161 3349 393 3417 προύλαϐέ
415 3370 473 3406 τε
501 3354 601 3407 καὶ
629 3353 903 3423 ἐπράχθη,
938 3356 1033 3407 κοιλ⁸
1061 3354 1170 3408 τῶν
1207 3357 1565 3427 ἐπαρξάντων
1597 3360 1696 3412 αύ-

160 3441 243 3552 7th
262 3444 572 3552 ἐπιτρέχων,
595 3449 690 3500 καὶ
715 3448 852 3518 πρὸς
877 3447 971 3512 οὒς
995 3448 1252 3519 πολέμοις
1276 3451 1695 3522 διηγωνίσαντο,
1725 3491 1770 3552 C

165 3532 233 3583 καὶ
272 3536 360 3602 τήν
387 3555 444 3591 τε
475 3540 586 3592 τῶν
633 3539 901 3610 βασιλέων
957 3541 1294 3596 κατάστασιν
1337 3545 1433 3600 καὶ
1475 3545 1575 3618 τὴν
1621 3548 1702 3610 είς

165 3621 360 3691 ὑπάτους
409 3630 506 3701 τῆς
569 3632 872 3703 μοναρχίας
927 3633 1251 3706 μεταϐολὴν,
1283 3635 1432 3700 ὅπως
1487 3654 1546 3690 τε
1597 3637 1702 3691 ὑπὸ

164 3713 374 3771 Γαλατῶν
412 3721 675 3792 Ῥωμαῖοι
705 3725 1021 3796 ἡττήθησαν
1054 3727 1124 3793 ⁷⁵,
1166 3729 1262 3780 καὶ
1290 3727 1407 3798 ἥλω
1438 3727 1505 3782 ἂν
1537 3731 1570 3800 ή
1599 3731 1698 3783 πό-

165 3803 246 3870 λις,
287 3811 330 3861 εἰ
375 3812 446 3882 μὴ
485 3813 773 3884 Κάμιλλος
801 3815 849 3846 ⁷⁵
879 3815 1254 3887 ἐπιϐοηθήσας
1295 3816 1392 3887 τὴν
1427 3817 1585 3871 πόλιν
1620 3821 1706 3890 ἐρ-

167 3895 346 3963 ρύσατο.
370 3901 495 3973 [7‘25
530 3905 622 3976 IL]
650 3905 839 3970 Ὅπως
864 3925 922 3960 τε
953 3909 1046 3960 ἐπὶ
1069 3910 1168 3980 τὴν
1208 3909 1397 3964 Ἀσίαν
1453 3909 1704 3976 Ἀλεξάν-

165 3987 252 4060 ερῳ
276 3993 618 4060 διαϐαίνοντι,
667 4000 758 4052 καὶ
802 4000 1078 4070 γράψαντι
1103 4003 1137 4073 ἢ
1185 4004 1432 4074 κρατεῖν,
1470 4002 1566 4055 ἐὰν
1607 4001 1706 4073 ἅρ-

167 4096 257 4148 χειν
275 4084 545 4156 δύνωνται,
577 4089 610 4158 ἦ
647 4093 761 4152 τοῖς
797 4091 1103 4162 κρείττοσιν
1135 4094 1400 4158 ὑπείκειν,
1441 4095 1703 4164 στέφανον

170 4176 361 4243 χρυσοῦν
393 4182 497 4235 ἀπὸ
533 4182 734 4235 ἱκανῶν
758 4183 1034 4236 ταλάντων
1068 4186 1328 4253 Ῥωμαῖοι
1354 4188 1700 4260 ἐξέπεμψαν

171 4267 243 4317 καὶ
274 4271 341 4334 ὡς
372 4275 502 4344 πρὸς
531 4275 903 4345 Ταραντίνους
944 4277 1038 4328 καὶ
1073 4277 1287 4348 Πύρρον
1311 4280 1357 4311 ⁷⁸
1387 4281 1477 4333 τὸν
1517 4281 1706 4335 Ἤπει-

174 4357 318 4430 ρώτην
371 4366 762 4437 συμμαχοῦντα
808 4367 1022 4430 τούτοις
1077 4369 1442 4444 ἐπολέμησαν,
1495 4375 1588 4426 κα)⁴
1636 4375 1705 4429 τὰ

176 4445 251 4509 μὲν
277 4454 560 4522 παθόντες,
595 4457 664 4510 τὰ
693 4457 749 4510 δὲ
777 4457 962 4521 κακῶς
1010 4459 1138 4522 τοὺς
1197 4461 1488 4533 πολεμίους
1523 4465 1704 4519 διαθέ-

177 4551 314 4607 μενοι,
343 4544 706 4616 Ταραντίνους
739 4549 837 4618 μὲν
862 4549 1233 4619 ὑπηγάγοντο,
1255 4551 1472 4624 Πύρρον
1502 4555 1559 4608 δὲ
1594 4557 1704 4611 τῶν

177 4627 250 4696 τῆς
285 4634 498 4705 Ἰταλίας
523 4643 836 4712 ἀπήλασαν.
875 4643 1015 4696 Ὅσα
1044 4661 1102 4695 τε
1133 4644 1271 4713 πρὸς
1301 4646 1708 4717 Καρχηδονίους

178 4720 250 4772 καὶ
287 4723 516 4782 Ἀννίϐαν
552 4731 848 4801 Ῥωμαίοις
895 4731 1167 4801 ἐπράχθη,
1224 4733 1319 4783 καὶ
1351 4733 1450 4784 ὅσα
1486 4735 1529 4765 ⁷⁷
1570 4735 1707 4807 πρὸς

1877 2990 1997 3044 Huc
2020 2997 2212 3045 auctor
2253 3005 2578 3059 progressus
2627 2989 2695 3044 ad
2761 2987 3049 3058 imperium
3085 2986 3389 3042 Romanum

1809 3080 2191 3137 excursionem
2220 3079 2352 3136 fecit
2381 3095 2531 3151 :quo
2565 3095 2764 3150 genere
2808 3081 2938 3146 orti,
2969 3081 3239 3150 quomodo
3274 3081 3390 3136 haec

1805 3174 1972 3230 Italiae
1998 3174 2118 3230 loca
2162 3173 2464 3230 insederint
2493 3190 2508 3227 :
2535 3188 2766 3243 quaeque
2805 3183 2932 3229 ante
2964 3175 3152 3228 urbem
3195 3175 3388 3227 condi-

1805 3275 1915 3321 tam
1944 3267 2230 3323 evenerint
2259 3274 2315 3321 et
2349 3275 2501 3335 gesta
2539 3267 2666 3322 sint.
2719 3266 2864 3332 Quos
2912 3267 3077 3320 etiam
3117 3267 3391 3334 principes

1806 3357 2095 3414 habuerint
2127 3399 2142 3425 ,
2167 3357 2487 3428 perstringit
2540 3375 2553 3411 :
2583 3373 2704 3428 qua:
2729 3373 2850 3412 cum
2885 3358 3004 3412 aliis
3039 3357 3180 3411 bella
3209 3370 3393 3426 gesse-
3429 3372 3433 3378 ·

1804 3452 1934 3518 rint,
1964 3451 2095 3519 quid
2141 3450 2360 3505 condito
2407 3464 2572 3516 regno
2609 3450 2900 3514 acciderit;
2959 3458 3012 3504 et
3062 3456 3121 3502 ut
3176 3447 3391 3502 tandem

1806 3543 1950 3613 regia
1971 3553 2216 3612 potestas
2242 3541 2296 3596 in
2324 3541 2618 3606 consulare
2646 3550 2849 3595 mutata
2875 3541 3038 3595 fuerit
3077 3539 3392 3610 imperium,

1808 3643 1972 3704 utque
2017 3649 2048 3688 a
2078 3633 2246 3689 Gallis
2275 3633 2508 3689 Romani
2540 3633 2764 3698 devicti,
2814 3643 2971 3702 capta
2996 3632 3391 3702 propemodum

1805 3743 1932 3782 arce
1969 3743 2094 3782 cum
2120 3727 2254 3781 urbe
2283 3769 2298 3792 ,
2336 3726 2438 3780 nisi
2494 3737 2711 3780 maturo
2756 3726 3147 3794 superveniens
3185 3724 3392 3780 auxilio

1803 3816 2063 3871 Camillus
2102 3831 2223 3871 eam
2274 3816 2564 3872 liberasset
2597 3834 2610 3870 :
2639 3825 2699 3869 ut
2736 3815 2900 3870 etiam
2947 3813 3281 3878 Alexandro,
3333 3819 3389 3870 in

1787 3908 1990 3963 {Asiam
2024 3907 2336 3977 trajicienti,
2365 3915 2422 3962 et
2448 3923 2545 3978 per
2575 3907 2784 3963 litteras
2809 3907 2889 3962 eis
2921 3906 3288 3971 denuntianti,
3327 3917 3386 3960 ut

1807 4010 1900 4055 aut
1932 4001 2234 4066 vincerent,
2286 4001 2331 4056 si
2382 4000 2624 4070 gerendo
2671 3999 2898 4068 imperio
2937 4009 3122 4054 essent
3176 3999 3386 4063 idonei,

1806 4101 1898 4147 aut
1929 4092 2330 4162 potentioribus
2383 4094 2660 4156 cederent,
2698 4106 2918 4145 auream
2957 4105 3213 4146 coronam
3243 4091 3386 4160 (qua:

1805 4184 2022 4240 talentis
2049 4199 2153 4238 non
2179 4184 2367 4254 paucis
2393 4185 2690 4254 constaret)
2719 4191 2910 4238 contra
2934 4182 3201 4236 miserint.
3239 4182 3306 4234 Et
3334 4191 3394 4234 ut

1806 4279 1946 4333 bella
1986 4279 2255 4349 gesserint
2303 4279 2564 4332 adversus
2593 4277 2961 4342 Tarentinos,
3011 4285 3068 4331 et
3116 4275 3388 4347 Pyrrhum

1804 4369 2098 4438 Epiroten,
2153 4369 2255 4424 bos
2300 4369 2502 4424 auxilio
2553 4369 2884 4439 juvantem:
2925 4377 2981 4424 et
3019 4377 3099 4431 ut,
3144 4383 3250 4437 qua
3294 4381 3392 4435 pa-

1803 4463 2006 4526 tiendo,
2048 4477 2154 4531 qua
2201 4461 2484 4516 inferendo
2524 4463 2739 4527 clades,
2781 4462 2966 4516 hostes
3019 4461 3234 4514 tandem
3291 4461 3392 4514 do-

1806 4555 2088 4618 muerint,
2144 4564 2198 4607 et
2252 4555 2521 4624 Pyrrhum
2577 4553 2731 4608 Italia
2786 4554 3108 4623 expulerint.
3155 4552 3393 4621 Quaeque

1807 4662 1927 4700 cum
1960 4647 2483 4716 Carthagineusihus
2529 4655 2584 4700 et
2630 4646 2896 4701 Annibale
2945 4646 3159 4713 negotia
3201 4645 3391 4699 conle-

1810 4737 1981 4789 rerint
2014 4753 2027 4788 :
2059 4745 2114 4788 et
2147 4749 2266 4803 qua:
2319 4746 2505 4790 contra
2570 4735 2873 4805 Hispanos,
2930 4749 3055 4789 cum
3104 4734 3218 4799 alii,
3278 4743 3390 4786 tum

184 4809 365 4885 Ἴϐηρας
393 4822 572 4886 ἄλλοις
609 4840 669 4875 τε
702 4824 793 4875 καὶ
821 4824 1080 4877 Σκιπίωνι
1113 4823 1473 4896 κατωρθώθη,
1514 4827 1606 4879 καὶ
1630 4828 1706 4892 ὡς
1739 4841 1743 4895 j

1815 4825 2013 4894 Scipio,
2052 4825 2222 4879 Marte
2257 4827 2495 4882 secundo
2535 4828 2849 4897 peregerint
2888 4845 2901 4881 :
2937 4836 3102 4895 utque
3136 4827 3222 4880 hic
3265 4824 3391 4880 llis-

181 4907 301 4970 παρὰ
322 4909 420 4964 τῶν
463 4914 684 4982 Ἰϐήρων
719 4914 969 4984 βασιλεὺς
1011 4915 1308 4986 ψηφισθεὶς
1334 4918 1436 4971 ούκ
1463 4918 1701 4988 ἐδέξατο,

184 4990 297 5059 ὅπως
326 5018 380 5054 τε
410 5006 882 5078 καταπολεμηθεὶς
920 5008 1122 5078 ἔφυγεν
1158 5007 1426 5072 Ἀννίϐας.
1479 5012 1592 5066 Καὶ
1629 5013 1706 5077 ὡς

186 5085 323 5154 πέραν
349 5096 436 5149 τοῦ
475 5100 682 5152 Ἰωνίου
728 5100 985 5171 Ῥωμαῖοι
1014 5101 1272 5170 διέϐησαν
1295 5116 1310 5132 °
1342 5103 1436 5156 καὶ
1465 5102 1542 5168 ὡς
1567 5105 1708 5174 Περ-

189 5179 288 5243 σεῦς
311 5185 614 5245 tantum»
638 5192 737 5262 τὴν
765 5193 1091 5247 Μακεδόνων
1124 5194 1300 5265 ἀρχὴν
1329 5195 1706 5267 ἐκδεξάμενος,

189 5272 261 5321 καὶ
285 5276 370 5342 τὰς
401 5286 668 5355 συνθήκας
692 5285 818 5357 [577
867 5285 962 5355 Π.]
991 5285 1092 5348 τὰς
1118 5288 1255 5356 πρὸς
1284 5287 1377 5340 τὸν
1406 5287 1574 5341 αὐτοῦ
1604 5306 1709 5341 πα-

187 5358 295 5428 τέρα
341 5369 619 5446 Ῥωμαίοις
664 5379 1036 5448 γεγενημένας
1085 5379 1298 5450 νεότητι
1342 5381 1527 5446 κινῶν,
1582 5399 1715 5435 κατ·

189 5454 474 5537 επολεμήθη,
524 5469 736 5523 Παύλου
783 5470 847 5523 τὸ
884 5470 1008 5524 κατ’
1058 5472 1285 5526 αὐτὸνπ⁵
1315 5473 1716 5543 ἁναστήσαντος

1785 5038 1794 5043 -
1814 5009 2023 5064 miserit
2077 5025 2092 5062 :

1810 4932 2074 4987 panorum
2107 4919 2326 4972 decreto
2359 4933 2453 4972 rex
2484 4919 2810 4988 appellatus,
2847 4919 3105 4973 honorem
3149 4933 3256 4972 non
3288 4918 3391 4971 ad-

2147 5020 2206 5062 ut
2260 5009 2560 5065 debellatus
2604 5011 2839 5064 Annibal
2903 5011 3124 5079 fugerit.
3159 5009 3281 5066 .Hic
3333 5021 3393 5064 ut

1813 5099 2021 5154 Ionium
2054 5104 2629 5188 maretransmissum',
2656 5109 2710 5154 et
2737 5116 2858 5154 cum
2888 5101 3107 5166 Perseo,
3160 5101 3389 5169 Philippi

1814 5193 1870 5245 in
1901 5205 2069 5261 regno
2115 5191 2474 5246 Macedonum
2531 5191 2780 5256 haerede,
2839 5193 2966 5246 dum
3019 5193 3195 5246 ltedus
3266 5208 3388 5246 cum

1815 5298 1973 5356 patre
2001 5301 2029 5339 a
2058 5282 2933 5353 Romanisfpereussum,juvenili
2966 5285 3271 5339 temeritate
3304 5300 3389 5336 re-

1817 5378 2052 5443 scindit,
2103 5378 2176 5433 sit
2229 5377 2591 5442 debellatum,
2655 5375 2882 5432 AEmilio
2928 5376 3093 5431 Paulo
3157 5376 3224 5430 de
3273 5377 3391 5444 ipso

1825 5471 2210 5539 triumphante.
2240 5468 2311 5526 Ut
2355 5471 2708 5535 Antiochum,
2764 5469 2937 5540 Syriae
2975 5479 3032 5524 et
3072 5469 3394 5537 Comagem-e

1410 5644 1646 5702 VARUE
1703 5645 2103 5701 LECTIONES.

250 5763 528 5859 ξξξᾹιιξηοᾲν
559 5800 621 5847 ς.
641 5853 652 5859 _
679 5783 745 5859 _"‘
777 5785 1110 5856 ἡττήθησαν,
1167 5785 1488 5856 ἡττηθέντες
1513 5788 1576 5843 Α.
1652 5787 1977 5859 ⁷³,Κὰμηλος
2023 5789 2087 5841 A.

197 5831 324 5888 “5-0,-
376 5831 396 5859 ι.
431 5831 520 5878 τήν
568 5831 652 5865 δ’,
782 5831 1110 5856 -ιν--ιν-μ--ς
1173 5831 1423 5872 ...τηρ-ἠ

259 5867 271 5885 υ
313 5859 326 5891 ι
369 5847 608 5922 beahgcr.
639 5855 780 5911 idem
834 5872 955 5911 mox
987 5869 1241 5928 exptlllgll
1277 5875 1432 5926 προς,

2171 5789 2237 5859 ,⁷⁸
2296 5787 2469 5860 Πύρον
2500 5789 2563 5840 Α.
2653 5790 2714 5860 ⁵⁷⁷
2743 5787 2842 5840 ὃσα
2887 5801 2946 5838 τε
2978 5804 3036 5850 ς.
3113 5787 3158 5818 ⁷⁸
3210 5784 3394 5858 αὑτὸν]
