3924 6390
624 356 728 420 903

1798 358 2060 421 PHOTII
2099 363 2191 422 PA

2301 363 2603 424 IA'BCII/E
2634 364 2740 424 ΕΡ.
3715 366 3795 429 9οἱ

620 483 677 526 et
731 470 932 528 Iudaea:
982 485 1196 541 regem,
1257 471 1469 527 duabus
1512 472 1704 543 pugnis
1758 475 2069 540 Infractum,
2114 490 2177 530 ex

2294 477 2586 546 τρόπαιονο
2626 477 2776 538 ὅπως
2816 492 2875 528 τε
2916 476 3052 545 πρδς
3090 474 3356 543 Ἀντίοχον
3402 472 3491 523 τὸν
3535 472 3707 542 Συρίας
3725 481 3796 529 καὶ

621 562 836 635 Europa
864 564 1151 635 eiecerint.

2300 569 2636 639 Κομαγήνης
2689 568 2783 622 καὶ
2824 568 3082 632 Ἰουδαίας
3131 570 3178 601 ⁷⁸
3228 566 3455 636 βασιλέα
3490 565 3605 617 δυσὶ
3644 567 3798 637 μάχαις

2296 660 2614 729 νικήσαντες
2640 662 2737 730 τῆς
2762 658 3030 730 Εὐρώπης
3061 659 3340 725 ἐξέϐαλον.

987 788 1119 844 CAP.
1144 786 1378 843 XXVIII.
1406 814 1475 828 —
1494 787 1908 843 Heraclicusium
1939 788 2092 858 legati
2132 806 2163 843 a
2199 788 2449 845 Romanis
2490 792 2543 844 in
2570 792 2696 844 Asia
2724 792 2941 846 ducibus
2983 792 3281 846 humaniter
3302 787 3513 857 σαφῆ.

697 913 793 969 Illa
824 913 987 984 igitur
1014 913 1120 968 huc
1140 927 1311 983 usque
1344 912 1412 968 de
1435 912 1676 981 iimperio
1702 912 1943 967 Romano
1990 929 2201 969 comme

626 1016 802 1062 morat
826 1014 1035 1061 auctor.
1074 1004 1281 1059 Exinde
1322 1004 1650 1073 propositam
1675 1003 1774 1057 sibi
1810 1004 2092 1058 historiam
2122 1006 2195 1060 ita

626 1098 925 1153 continuat.
944 1095 1343 1158 Ileraclienses.
1364 1095 1730 1149 Romanorum
1763 1096 1927 1149 duces
1951 1096 2002 1149 in
2020 1097 2202 1150 Asiam

629 1199 1016 1255 transgressos,
1050 1187 1230 1239 missis
1263 1187 1452 1254 legatis
1475 1186 1827 1250 conveniunt,
1862 1186 1949 1255 qui
1980 1188 2206 1238 comiter

626 1282 854 1351 accepti,
882 1280 1088 1333 litteras
1106 1279 1301 1348 22917
1328 1280 1680 1333 humanitatis
1699 1280 1886 1349 plenas
1898 1281 1963 1334 ab
1982 1280 2200 1335 Emilin

628 1372 793 1426 Paulo
824 1371 937 1441 (al.
977 1370 1169 1424 Publio
1202 1369 1447 1447 IEmilio)
1493 1372 1790 1425 retulerant
1836 1388 1850 1423 :
1891 1372 2085 1441 quibus
2146 1382 2200 1426 et

628 1463 859 1516 amicum
892 1462 1021 1530 ipsis
1057 1461 1173 1515 fore
1207 1471 1481 1525 senatum,
1515 1476 1615 1516 nec
1644 1461 1751 1515 ulla
1793 1463 1842 1515 in
1870 1478 1928 1516 re
1969 1464 2199 1531 pruden-

630 1553 758 1607 tiam
806 1552 1172 1606 Romanorum
1222 1561 1277 1607 et
1326 1568 1511 1607 curam
1544 1554 1624 1621 (si
1672 1556 1887 1623 quando
1944 1555 2196 1610 hisindi-

627 1642 823 1713 geant)
866 1642 1175 1697 defuturam
1232 1644 1537 1712 pollicetur.
1584 1645 1844 1715 Deinceps
1890 1646 2047 1699 etiam
2129 1649 2193 1699 ad

626 1733 943 1789 Cornelium
1001 1734 1332 1801 Scipionem,
1377 1737 1466 1804 qui
1503 1737 1739 1793 Africam
1772 1736 2031 1792 Romanis
2061 1739 2197 1793 bello

628 1827 884 1891 asseruit,
929 1826 1251 1896 legationem
1300 1829 1519 1895 misere,
1568 1839 1817 1883 testatam
1856 1831 2005 1901 prius
2057 1833 2195 1884 ami-

627 1919 807 1972 citiam
839 1927 895 1972 ut
928 1919 1336 1973 confirmarent.
1362 1921 1425 1975 Et
1451 1923 1709 1989 posthaec
1733 1924 1978 1977 eumdem
2009 1938 2198 1977 rursus

626 2025 725 2077 per
747 2010 954 2079 legatos
986 2021 1164 2077 orant,
1203 2022 1262 2066 ut
1293 2014 1619 2069 Antiochum
1651 2014 1703 2068 in
1729 2015 1952 2085 gratiam
1973 2027 2198 2084 reponat

627 2105 769 2170 apud
796 2104 1071 2159 Romanos
1102 2121 1115 2157 :
1147 2116 1202 2160 et
1229 2108 1531 2176 perscripto
1568 2109 1643 2162 ad.
1674 2124 1850 2179 regem
1891 2108 2194 2177 plebiscito,

626 2205 687 2249 nt
721 2195 915 2249 bellum
970 2205 1156 2251 contra
1202 2196 1476 2251 Romanos
1523 2200 1775 2269 deponat,
1821 2201 2195 2255 adhortantur.

625 2286 909 2341 Cornelius
947 2288 1111 2341 etiam
1167 2287 1354 2356 Scipio
1386 2325 1401 2351 ,
1461 2288 1799 2347 Ileracleotis
1842 2292 2146 2350 rescribens
2179 2331 2194 2357 ,

627 2377 731 2431 hac
769 2378 1123 2447 inscriptione
1180 2379 1393 2433 utitur:
1437 2379 1615 2447 Scipio
1647 2384 1955 2451 imperator,
1989 2402 2193 2451 procos.

630 2466 1012 2536 Romanorum,
1041 2470 1248 2525 senatui
1275 2469 1567 2541 populoque
1598 2472 2010 2528 Ileracliemium
2059 2474 2198 2528 salu-

629 2572 749 2614 tem.
779 2561 842 2615 Et
884 2562 967 2615 his
997 2562 1195 2617 litteris
1232 2562 1663 2617 benevolentiam
1689 2580 1815 2633 erga
1854 2567 1997 2634 ipsos
2020 2576 2194 2621 ratam

623 2663 677 2705 et
705 2653 909 2706 firmam
942 2668 1094 2717 esse,
1141 2662 1198 2705 et
1228 2653 1425 2707 bellum
1457 2669 1578 2709 cum
1620 2657 1889 2711 Antiocho
1945 2658 2191 2725 solvisse,

625 2742 895 2799 Romanos
978 2743 1234 2800 affirmat.
1315 2745 1517 2801 Eadem
1574 2763 1693 2818 qua:
1742 2747 1963 2815 Lucius,
2030 2751 2191 2805 etiam

623 2834 683 2888 P.
716 2834 1002 2890 Cornelius
1055 2835 1237 2903 Scipio
1281 2836 1399 2906 ejus
1445 2836 1637 2904 frater,
1682 2846 1735 2892 et
1770 2839 1959 2894 classis
1988 2840 2193 2908 praefe-

620 2936 765 2990 ctus,
796 2925 1257 2991 lleracliensibns,
1301 2937 1424 2995 post
1472 2929 1689 2983 missam
1735 2929 2059 2999 legationem
2109 2948 2194 2987 re-

622 3017 859 3085 spondit.
888 3017 1045 3071 Brevi
1072 3026 1195 3087 post
1224 3018 1525 3072 Antioclms
1558 3018 1754 3073 bellum
1798 3020 2058 3076 adversus
2085 3020 2193 3074 Ro-

2370 915 2451 967 Τά
2471 916 2515 946 ⁸⁸
2559 914 2658 984 μὲν
2700 909 2791 967 οὖν
2828 914 2957 980 περὶ
3002 913 3101 983 τῆς
3147 908 3461 979 Ῥωμαῖκῆς
3498 906 3659 976 ἀρχῆς
3686 909 3801 977 μέχρι

2300 1008 2451 1060 τοῦδε
2490 1007 2680 1060 δίεισιν
2733 1010 2761 1059 6
2801 1004 3149 1075 συγγραφεύς
3182 1020 3197 1035 ’
3235 999 3518 1055 ἀναλαϐὼν
3555 998 3609 1050 δὲ
3655 1001 3803 1068 γραεξι

2302 1101 2448 1159 ὅπως
2508 1098 2902 1170 Ἡρακλεῶται,
2956 1094 3516 1165 διαπρεσϐευσάμενοι
3558 1090 3680 1157 πρὸς
3718 1094 3805 1153 τοὺς

2303 1192 2410 1243 τῶν
2451 1190 2737 1259 Ῥωμαίων
2764 1189 3104 1259 στρατηγοὺς
3135 1187 3226 1240 ἐπὶ
3260 1186 3358 1256 τὴν
3400 1182 3584 1235 Ἀσίαν
3607 1182 3808 1248 διαδείη-

2306 1280 2491 1343 κὸτας,
2540 1281 2790 1349 ἁσμένως
2819 1297 2876 1332 τε
2915 1277 3290 1347 ἀπεδείχθησαν
3336 1276 3429 1327 καὶ
3472 1273 3733 1341 ἐπιστολῆς
3750 1294 3807 1341 ςε-

2305 1369 2726 1440 λοφρονούμενοι
2764 1370 2951 1438 ἔτυχον
2989 1369 3058 1432 ⁸¹,
3103 1366 3338 1421 Ποπλίου
3378 1364 3585 1428 ταύτην
3612 1366 3810 1417 ἀποστεί-

2304 1463 2515 1524 λαντος,
2545 1463 2605 1515 ὲν
2700 1463 2884 1531 φιλίαν
2915 1479 2975 1513 τε
3017 1460 3152 1531 πρδς
3194 1458 3390 1519 αὐτοὺς
3427 1457 3531 1525 τῆς
3569 1458 3811 1522 συγκλήτου

2306 1554 2503 1623 βουλῆς
2549 1554 2883 1624 ὑπισχνεῖτο,
2926 1553 3019 1605 καὶ
3073 1551 3140 1603 τὰ
3199 1550 3331 1603 ἄλλα
3380 1547 3633 1618 προνοίας
3662 1564 3711 1598 τε
3750 1549 3815 1599 καὶ

2304 1646 2641 1713 ἐπιμελείας,
2674 1644 2892 1698 ἐπειδάν
2931 1660 3075 1705 τινος
3124 1640 3302 1694 αὐτῶν
3343 1639 3571 1695 δέοιντο.
3604 1636 3815 1703 μηδεμιὶς

2308 1737 2670 1807 ὑστερεῖσθαι.
2705 1737 2972 1806 ’Ὕστερον
3014 1734 3071 1786 δὲ
3116 1733 3210 1785 καὶ
3244 1732 3378 1800 πρὸς
3413 1728 3701 1797 Κορνήλιον
3728 1729 3815 1779 Σκι-

2302 1830 2477 1883 πίωνα
2498 1830 2587 1881 τὸν
2606 1828 2703 1897 τὴν
2724 1827 2931 1894 Λιϐύην
2954 1825 3246 1894 Ῥωμαίοις
3280 1822 3622 1891 στησάμενον
3640 1819 3814 1886 διαπέμ-

2299 1936 2461 1973 πουσι
2503 1919 2816 1989 πρεσϐείαν,
2854 1918 2953 1988 τὴν
3007 1914 3429 1983 ιῖιμολογημένην
3464 1913 3646 1980 φιλίαν
3683 1911 3815 1961 tam

2304 2012 2539 2082 ροῦντες.
2566 2012 2721 2064 Μετὰ
2741 2009 2910 2063 ταῦτα
2932 2008 2988 2061 δὲ
3011 2007 3171 2060 πάλιν
3196 2007 3329 2075 πρὸς
3349 2006 3439 2056 τὸν
3466 2003 3629 2056 αὑτὸν
3646 2003 3811 2068 διατρε-

2299 2102 2603 2165 σόεύονται,
2659 2101 2993 2156 διαλλάττειν
3038 2100 3173 2169 πρὸς
3228 2098 3541 2167 Ῥωμαίους
3597 2094 3814 2161 ἀξιοῦντες

2296 2196 2389 2248 τὸν
2448 2193 2671 2264 βασιλέα
2717 2194 3019 2264 Ἀντίοχον·
3074 2193 3168 2246 καὶ
3215 2190 3471 2259 ψήφισμα
3537 2187 3664 2255 πρὸς
3701 2188 3815 2238 auria

2298 2286 2539 2359 ἔγραψαν
2562 2287 2630 2352 δ’,
2660 2285 3049 2358 παραινοῦντες
3082 2284 3242 2337 αὑτὸν
3271 2282 3369 2352 τὴν
3392 2280 3537 2349 πρὸς
3572 2277 3815 2346 Ῥωμαίους

2296 2381 2650 2435 διαλύσασθαι
2684 2382 2730 2413 ⁸³
2777 2380 3002 2450 ἔχθραν.
3048 2379 3106 2430 '0
3168 2378 3222 2429 δὲ
3287 2374 3591 2443 Κορνήλιος
3632 2373 3817 2424 Σκιπίων

2296 2473 2724 2530 ἀντεπιστέλλων
2769 2474 2882 2535 τοῖς
2930 2468 3331 2540 Ἡρακλεώταις
3371 2465 3667 2532 ἐπιγράφει
3695 2461 3815 2512 οὗτοι

2296 2568 2555 2622 Σκιπίων
2653 2565 2990 2635 στρατηγὸς
3018 2603 3033 2623 ,
3122 2560 3465 2623 ἀνθύπατος
3549 2556 3817 2623 Ῥωμαίων.

2305 2656 2729 2728 Ἡρακλεωτῶν
2749 2652 2824 2723 τῇ
2841 2653 3045 2721 ,βουλῇ
3082 2652 3179 2706 καὶ
3210 2648 3288 2715 τῷ
3317 2647 3484 2717 δήμῳ
3528 2649 3752 2716 χαίρειν,
3778 2648 3817 2693 ἐν

2295 2753 2467 2825 ταύτῃ
2510 2753 2607 2822 τήν
2632 2769 2691 2804 τε
2722 2750 2860 2821 πρὸς
2886 2750 3081 2813 αὐτοὺς
3114 2748 3332 2801 εὔνοιαν
3367 2742 3713 2802 ἑπιϐεϐαιῶν,
3753 2740 3819 2791 καί

2293 2848 2369 2910 ῶς
2426 2844 2767 2898 διαλύσαιντο
2799 2844 3062 2913 Ῥωμαῖοι
3097 2840 3198 2910 τὴν
3247 2838 3386 2906 πρὸς
3431 2834 3699 2902 Ἀντίοχον
3743 2836 3817 2900 μάν

2293 2957 2417 3009 χην.
2480 2938 2561 2989 Τὰ
2606 2937 2746 2989 αὐτὰ
2807 2935 2866 2987 δὲ
2917 2932 3135 3002 Λευκίῳ
3167 2931 3213 2962 ⁸⁵
3273 2927 3511 2988 Πόπλιος
3573 2924 3817 2994 Κορνήλιοξ

2293 3028 2533 3082 Σκιπίων
2577 3027 2606 3079 ὁ
2641 3026 2867 3095 ἀδελφὸς
2898 3026 2994 3078 καὶ
3022 3023 3322 3093 στρατηγὸς
3343 3020 3436 3073 τοῦ
3468 3017 3716 3072 ναυτικοῦ
3740 3019 3819 3075 toi;

620 3121 810 3160 rnanos
841 3107 1198 3177 redintegrat,
1248 3116 1303 3162 et
1336 3108 1527 3177 prmlio
1553 3109 1780 3163 summis
1805 3109 2012 3164 viribus
2039 3125 2187 3163 eom-

2305 3113 2711 3190 Ἡρακλεώταις
2743 3112 3337 3185 διαπρεσϐευσαμένοις
3364 3109 3695 3178 ἀντέγραψε.
3725 3105 3818 3160 Μετ’

620 3200 786 3251 misso
840 3199 1038 3265 victus,
1092 3215 1242 3253 arma
1315 3201 1555 3269 deponit,
1602 3202 1751 3270 pacis
1792 3202 2193 3257 conditionibus

620 3288 875 3356 acceptis.
913 3288 1043 3354 Quae
1072 3298 1126 3343 et
1162 3299 1273 3343 tota
1305 3305 1426 3344 eum
1472 3290 1600 3343 Asia
1637 3290 1845 3346 Minore
1877 3292 2189 3358 excludunt,

618 3389 674 3433 et
700 3380 1005 3449 elephantis
1055 3382 1378 3449 naviumque
1437 3382 1602 3437 classi
1634 3398 1756 3437 eum
1807 3386 2042 3453 privant,
2090 3385 2193 3439 Co-

620 3487 844 3538 magena
889 3482 943 3527 et
992 3472 1147 3544 Syria
1191 3485 1243 3528 et
1286 3473 1480 3542 {Iudam
1527 3478 1904 3532 tantunnnodo
1963 3478 2188 3533 relictis.

620 3562 1048 3618 lleraclieusinm
1101 3566 1298 3620 dehinc
1355 3569 1549 3622 civitas
1597 3567 1735 3637 apud
1782 3568 2190 3637 imperatorum,

618 3656 795 3724 (quos
835 3655 992 3708 modo
1016 3656 1169 3723 dixi)
1207 3658 1400 3713 missos
1431 3674 1461 3712 a
1508 3658 1768 3714 Romanis
1819 3673 2190 3723 successores,

616 3748 804 3800 eadem
831 3742 1004 3818 gratia
1037 3757 1092 3803 et
1120 3748 1455 3805 humanitate
1514 3752 1717 3821 potitur
1744 3770 1757 3806 :
1796 3754 1967 3809 donec
1995 3756 2061 3809 ad
2096 3754 2193 3810 bas

618 3840 829 3892 tandem
863 3840 1004 3908 leges
1029 3840 1171 3894 inter
1202 3840 1475 3898 Romanos
1501 3854 1553 3898 et
1581 3844 1928 3900 Ileraclcotas
1978 3862 2193 3916 proces-

616 3945 732 3984 sum
751 3942 863 3985 est:
891 3942 945 3984 ut
973 3950 1072 3986 non
1095 3936 1247 3987 modo
1267 3936 1551 4015 amicitiam
1568 3938 1706 3991 inter
1731 3953 1809 4003 se,
1834 3955 2011 3992 verum
2034 3941 2192 3992 etiam

614 4024 929 4090 societatem,
972 4034 1155 4079 contra
1192 4043 1321 4095 quos
1357 4038 1404 4081 et
1460 4045 1680 4096 quorum
1714 4030 1890 4098 gratia
1938 4048 2066 4100 opus
2093 4033 2183 4096 sit,

613 4112 808 4166 colant.
847 4114 1091 4184 Suntque
1123 4116 1342 4171 ftederis
1385 4117 1542 4186 hujus
1588 4128 1777 4187 pacta,
1826 4119 2063 4188 ejusdem
2101 4130 2186 4173 te-

614 4205 764 4260 noris
813 4217 867 4259 et
939 4205 1148 4274 formae,
1207 4209 1258 4261 in
1314 4208 1522 4264 tabulas
1592 4225 1769 4265 teneas
1818 4212 1983 4265 relata
2028 4212 2184 4277 duas,

612 4311 841 4361 quorum
868 4297 1036 4352 altera
1086 4314 1250 4368 penes
1300 4298 1596 4364 Romanos,
1648 4302 1700 4355 in
1730 4301 2053 4371 Capitolino,
2088 4302 2184 4357 Jo-

610 4388 695 4441 vis
720 4390 936 4458 templo,
967 4391 1136 4446 altera
1174 4389 1465 4455 Heraclcte,
1499 4390 1661 4448 etiam
1688 4394 1801 4464 ipsa
1832 4398 1885 4449 in
1914 4394 2066 4449 Jovis
2092 4412 2182 4450 sa-

612 4482 788 4532 crario
812 4489 895 4535 est
920 4480 1099 4535 afﬁxa.

2292 3208 2351 3262 οὐ
2404 3208 2539 3262 πολὺ
2581 3207 2639 3261 δὲ
2683 3206 2847 3259 πάλιν
2903 3206 2983 3268 είς
3031 3208 3209 3273 μάχην
3258 3203 3535 3270 Ἀντίοχος
3578 3199 3818 3268 Ῥωμαίοις

2290 3300 2555 3368 κατέστη,
2614 3299 2710 3352 καὶ
2761 3298 2866 3352 ἀνὰ
2897 3297 3098 3367 κράτος
3130 3294 3385 3365 ἡττηθεὶς
3423 3294 3519 3345 ἐπὶ
3577 3291 3820 3353 συνθήκαις

2287 3392 2568 3446 διελύσατο
2608 3391 2709 3461 τὴν
2772 3390 2995 3461 ἔχθραν,
3060 3389 3116 3442 αἳ
3178 3386 3414 3456 καὶτῆς
3472 3386 3659 3445 Ἀσίας
3702 3382 3821 3436 αὐτὸν

2289 3487 2507 3555 ἀπάσης
2537 3487 2824 3553 ἀπεῖργον,
2857 3484 2951 3537 καὶ
2978 3483 3104 3546 τοὺς
3129 3483 3429 3550 ἐλέφαντας
3461 3483 3559 3534 καὶ
3590 3480 3693 3531 τῶν
3716 3476 3823 3541 νηῶν

2293 3576 2702 3645 συναφῃροῦντο
2741 3576 2832 3628 τὸν
2858 3574 3062 3637 στόλον,
3100 3574 3199 3641 τῆς
3230 3574 3617 3643 Κομμαγὴνης
3647 3568 3772 3633 αὖτῷ
3794 3568 3823 3592 ﬂ

2291 3668 2386 3719 καὶ
2427 3668 2524 3733 τῆς
2570 3666 2828 3727 Ἰουδαίας
2864 3666 2943 3719 εἰς
2989 3664 3163 3734 ἀρχὴν
3202 3662 3671 3729 ὑπολειπομένων.
3708 3657 3760 3709 'll
3785 3656 3824 3706 δὲ

2289 3756 2397 3811 τῶν
2439 3756 2828 3823 Ἡρακλεωτῶν
2870 3754 3025 3816 πόλις
3078 3752 3214 3823 πρὸς
3239 3752 3363 3813 τοὺς
3412 3747 3823 3817 ἐκπεμπομένοις

2290 3847 2442 3914 παρὰ
2465 3847 2572 3899 τῶν
2624 3843 2914 3914 Ῥωμαίων
2962 3842 3070 3896 τῶν
3112 3838 3437 3911 στρατηγῶν
3482 3837 3745 3905 διαδόχους
3777 3831 3823 3881 τὰ

2291 3936 2429 3989 αὐτά
2478 3952 2537 3987 τε
2590 3932 3029 4004 διεπρεσϐεύετο,
3081 3930 3174 3983 καὶ
3221 3932 3339 3991 ταῖς
3392 3928 3603 3995 ὁμοίαις
3651 3920 3820 3976 artari:-

2294 4026 2471 4091 ξιοῦτο
2498 4026 2730 4087 εὐνοίαις
2780 4026 2875 4076 καὶ
2910 4023 3348 4093 φιλοφρονήσεσι.
3400 4021 3508 4071 Καὶ
3546 4018 3690 4078 τέλος
3732 4030 3823 4064 συν·

2293 4117 2454 4185 Θῆκαι
2505 4116 2771 4185 προῆλθον
2820 4114 3110 4183 Ῥωμαίοις
3164 4130 3223 4164 τε
3294 4110 3387 4162 καὶ
3433 4105 3818 4179 Ἡρακλεώταις,

2297 4208 2369 4278 μὴ
2394 4208 2578 4276 φίλους
2604 4202 2740 4259 εἶναι
2770 4205 2951 4275 μόνον,
2978 4205 3113 4258 ἀλλὰ
3134 4204 3227 4256 καὶ
3250 4202 3571 4271 συμμάχους
3594 4197 3817 4263 metu;

2292 4300 2412 4352 καθ’
2442 4292 2516 4351 ὧν
2549 4316 2607 4350 τε
2630 4299 2723 4350 καὶ
2750 4298 2890 4367 ὑπὲρ
2927 4290 3001 4349 ὧν
3030 4297 3267 4366 δεηθεῖεν
3299 4294 3574 4361 ἑκάτεροι.
3612 4289 3728 4361 [728
3752 4284 3813 4351 IL}

2290 4390 2404 4443 Καὶ
2456 4392 2646 4458 χαλκοῖ
2696 4389 2923 4451 πίνακες
2972 4387 3065 4440 δύο
3115 4388 3211 4448 τὰς
3253 4386 3547 4453 ὁμολογίας
3594 4386 3728 4441 ἴσους
3751 4378 3817 4429 καὶ

2286 4480 2477 4545 ὁμοίας
2495 4479 2688 4548 ἔφερον
2711 4499 2722 4511 ·
2744 4473 2817 4532 ὧν
2840 4480 2867 4530 6
2900 4477 2998 4548 μὲν
3026 4478 3177 4548 παρά
3216 4475 3509 4545 Ῥωμαίοις
3541 4478 3595 4527 ὲν
3615 4473 3685 4540 τῷ
3712 4467 3816 4521 κατὰ

2286 4569 2348 4621 τὸ
2412 4568 2758 4621 Καπιτώλιον
2782 4568 2913 4636 ἱερῷ
2956 4567 3049 4620 τοῦ
3078 4567 3199 4629 Διὸς
3231 4566 3546 4636 καθηλώθη,
3576 4566 3603 4616 6
3638 4563 3685 4615 δὲ
3707 4558 3814 4611 κατὰ

2284 4661 2383 4733 τὴν
2422 4661 2750 4731 Ἡράκλειαν
2786 4659 2879 4713 καὶ
2918 4659 3079 4721 αὐτὸς
3108 4662 3153 4690 ⁸⁸
3192 4660 3249 4711 ἐν
3296 4658 3372 4726 τῷ
3401 4657 3495 4710 τοῦ
3538 4656 3654 4717 Διὸς
3692 4648 3809 4718 ἱερῷ.

1125 4745 1256 4802 CAP.
1288 4747 1478 4803 XXIX.
1506 4781 1577 4790 —
1598 4748 1959 4805 Ileraclienses
1986 4769 2019 4805 a
2052 4750 2245 4806 Prusia
2271 4754 2325 4807 in
2355 4756 2623 4823 angustias
2660 4754 2827 4806 coacti
2850 4769 2871 4817 ;
2897 4751 3149 4820 Imjusque
3175 4752 3366 4806 clades.

681 4856 806 4911 llazc
854 4868 1145 4930 postquam
1181 4876 1278 4915 χιιι
1312 4871 1367 4916 et
1402 4876 1489 4915 xtv
1540 4862 1791 4916 Historiae
1837 4863 1978 4918 libro
2008 4878 2177 4933 expo-
2210 4868 2254 4922 D

608 4948 741 5011 Suit,
774 4963 843 5001 xv
898 4965 1125 5005 exorsus
1177 4953 1291 5006 haec
1326 4953 1513 5008 refert.
1564 4952 1810 5021 Prusias,
1854 4953 2045 5022 inquit,
2090 4953 2181 5007 Bi-

608 5038 898 5106 thynorum
944 5058 1064 5104 rex.
1111 5043 1339 5097 mirifice
1368 5044 1663 5097 industrius
1691 5054 1745 5098 et
1778 5060 2006 5113 gnarus,
2040 5045 2180 5099 mul-

615 5130 795 5199 tisque
824 5135 983 5187 rebus
1012 5137 1177 5205 gestis
1200 5137 1399 5202 clarus,
1433 5136 1575 5191 inter
1602 5137 1703 5190 alia
1745 5139 1908 5192 etiam
1938 5136 2179 5203 Cierum,

612 5224 977 5280 Ileracliensis
1050 5229 1272 5283 ditionis
1325 5230 1533 5296 urbem,
1583 5230 1723 5285 bello
1781 5230 2029 5301 subjecit,
2081 5246 2179 5299 pro

611 5316 772 5370 Ciero
808 5316 1128 5373 Prusiadem
1172 5335 1507 5389 nuncupans.
1553 5321 1710 5375 Tium
1749 5322 1912 5375 etiam
1964 5337 2178 5376 eorum-

610 5406 734 5460 dem
762 5407 1125 5476 jurisdictioni
1173 5411 1458 5466 obnoxiam
1496 5413 1641 5480 cepit
1681 5429 1696 5465 :
1735 5424 1792 5465 ut
1836 5413 1915 5467 sic
1945 5414 2178 5482 undique

612 5497 809 5567 230a
837 5514 985 5553 mare
1005 5500 1476 5556 circumscriberet
1499 5501 1831 5557 Heracleam.
1861 5502 1991 5556 Inde
2013 5504 2174 5557 etiam

2357 4865 2543 4919 Ταῦτα
2602 4862 2890 4930 διεξελθὼν
2929 4863 2958 4915 6
2990 4863 3338 4933 συγγραφεὺς
3377 4860 3520 4913 κατὰ
3568 4858 3628 4910 τὸ
3655 4860 3713 4923 ιγ’
3740 4852 3813 4907 καὶ

2302 4958 2362 5010 ιδ’
2396 4956 2494 5025 τῆς
2550 4957 2809 5023 ἱστορίας,
2858 4954 2939 5017 εἰς
2995 4956 3093 5023 τὴν
3155 4959 3215 5005 ιε’
3270 4948 3535 5004 εἰσϐαλὼν
3583 4947 3812 5014 διηγεῖται

2284 5049 2433 5111 ὅπως
2460 5047 2732 5115 Προυσίας
2762 5048 2791 5098 6
2812 5045 3056 5099 Βιθυνῶν
3088 5043 3362 5113 βασιλεὺς,
3404 5042 3715 5112 δραστήριος
3756 5032 3814 5083 ὧν

2284 5139 2382 5194 καὶ
2408 5137 2579 5192 πολλὰ
2606 5137 2842 5209 πράξας,
2874 5136 3010 5207 μετὰ
3039 5136 3145 5189 τῶν
3172 5135 3347 5189 ἄλλων
3370 5134 3463 5187 καὶ
3484 5134 3672 5202 Κίερον
3689 5127 3812 5179 after

2292 5230 2689 5303 Ἡρακλεωτῶν
2722 5225 2887 5283 οὖσαν
2931 5228 3022 5297 ὑφ’
3048 5227 3237 5281 ἑαυτὸν
3280 5226 3431 5279 ἔθετο
3480 5224 3553 5294 τῷ
3591 5221 3812 5287 πολέμῳ.

2283 5326 2402 5377 ἀντὶ
2434 5324 2635 5393 Κιέρου
2680 5321 2988 5393 Προυσιάδα
3013 5321 3267 5383 καλέσας,
3295 5314 3406 5371 εἷλε
3428 5319 3483 5371 δὲ
3502 5314 3716 5385 xa‘t[378
3736 5305 3811 5375 IL]

2284 5418 2382 5485 τὴν
2418 5416 2563 5479 Τῖον,
2594 5414 2693 5467 καὶ
2722 5414 2890 5482 αὐτὴν
2915 5414 3155 5482 ὑπήκοον
3183 5411 3368 5471 αὐτοῖς
3400 5409 3574 5470 οὖσαν,
3610 5404 3742 5458 ὥστε
3764 5402 3815 5451 ἐκ

2284 5505 2551 5574 θαλάττης
2573 5505 2653 5567 εἰς
2682 5503 2955 5558 θάλασσαν
2984 5502 3082 5574 τὴν
3121 5501 3450 5573 Ἡράκλειαν
3487 5494 3811 5567 περιγράψαι.

1913 5622 2143 5679 ΥΑΠΙᾹΞ
2180 5626 2583 5681 LECTIONES.

684 5729 730 5801 7'
770 5729 985 5801 καὶτῆς
1032 5735 1290 5798 Ἰουδαίας
1322 5754 1381 5801 ς.

1485 5739 1531 5771 ⁸ο
1556 5739 1624 5792 τά
1654 5740 1697 5793 Α
1735 5758 1746 5793 :
1778 5739 1947 5793 ταῦτα
1979 5760 2037 5806 ς.

616 5797 661 5831 ⁸³
676 5797 983 5857 διαλύεσθαι
1013 5822 1070 5869 ς.

1150 5806 1196 5837 ⁸⁸
1230 5808 1445 5880 Λευκίῳ
1478 5810 1519 5863 A
1553 5829 1563 5864 :
1605 5811 1870 5881 Σελευκίῳ
1906 5830 1961 5876 ς.

2115 5742 2159 5773 ιιι
2188 5742 2506 5814 φιλοφρόνου
2532 5743 2628 5812 μὲν
2658 5742 2845 5864 έτυῆον
2880 5759 2944 5823 ς,

2115 5813 2255 5864 αὐτῶ
2310 5814 2369 5864 ΙΙ.
2395 5815 2699 5864 Stephanus
2729 5832 2740 5864 :
2794 5815 2889 5864 tbrt
2940 5833 2944 5861 :

2038 5814 2083 5844 ⁸³
2108 5813 2255 5883 αὐτῷ
2310 5813 2369 5868 ll.
2395 5815 2699 5883 Stephanus
2729 5832 2740 5866 :

3040 5740 3086 5771 ⁸³
3108 5738 3245 5809 ψηφ.
3272 5730 3737 5809 προσαντέγρειψιν
3760 5744 3810 5789 τ·

2794 5814 2889 5865 ibri
2940 5810 3138 5865 αὐτῶν.
3174 5807 3180 5809 Ἴ
3213 5810 3258 5841 ⁸⁸
3315 5807 3444 5862 αὑτό
3492 5823 3545 5868 ς.
