3994 6396
203 338 297 400 905

1250 333 1772 395 BlBLlOTI-IECA.
1798 361 1866 370 —-
1884 337 2047 397 COD.
2087 337 2383 398 CCXXIV.

3315 338 3430 406 906

212 450 317 519 Ἐφ’
336 444 421 512 αἷς
446 444 707 517 κάκείνην
733 445 1009 517 κραταιῶς
1049 445 1374 516 ἐπολιόρκει,
1407 445 1498 498 καὶ
1530 445 1756 509 πολλοὺς

1863 447 2099 501 violenta
2128 462 2249 502 eam
2279 446 2567 501 obsidione
2606 447 2829 517 pressit,
2856 456 2910 503 et
2955 448 3217 518 plurimos
3239 448 3427 507 obses-

201 538 289 609 μὲν
314 537 418 590 τῶν
458 535 926 608 πολιορκουμένων
973 534 1319 600 ἀπέκτεινεν,
1382 535 1549 603 ἐγγὺς
1594 535 1640 588 δ’
1684 534 1753 590 ἂν

197 630 283 682 καὶ
322 630 368 698 ζὴ
414 627 564 690 πόλις
612 626 706 680 τοῦ
754 626 958 680 ἁλῶναι
1014 627 1285 694 κατέστη,
1342 628 1391 678 εί
1425 629 1499 696 μὴ
1536 626 1626 679 ἐπὶ
1653 625 1754 694 τῆς

196 720 443 790 κλίμακος
492 718 795 773 ἀναϐαίνων
845 719 1122 789 Προυσίας
1173 718 1305 788 λίθῳ
1340 719 1591 789 βαλόντος
1635 719 1754 783 ἐνὸς

197 813 291 867 τῶν
317 812 422 866 ἀπὸ
452 813 548 881 τῆς
576 812 854 878 ὲπάλξεως
883 812 1175 882 συνετρίϐη
1206 813 1265 865 τὸ
1284 813 1498 875 σκέλος,
1527 811 1624 866 καὶ
1646 813 1746 879 τὴν

197 904 497 975 πολιορκίαν
551 905 613 957 τὸ
661 904 833 968 πάθος
892 905 1136 959 διέλυσε*
1196 906 1437 975 φοράδην
1485 906 1593 975 γὰρ
1647 904 1744 957 ὁδτ

196 995 415 1065 βληθεὶς,
452 995 551 1049 οὐκ
588 996 714 1049 ἄνευ
740 996 973 1064 ἀγῶνος,
1005 997 1110 1048 ὑπὸ
1133 995 1243 1048 τῶν
1275 996 1516 1048 Βιθυνίαν
1553 995 1751 1047 ἀνακο-

199 1088 396 1156 μισθεὶς
434 1089 513 1149 είς
544 1086 612 1139 τά
644 1088 817 1140 οἰκεῖα
851 1086 1173 1157 ἀνέστρεψε,
1203 1087 1366 1138 κάκεῖ
1398 1085 1547 1155 βιοὺς
1570 1082 1664 1153 ἐτη
1686 1083 1748 1136 οὗ

196 1181 371 1241 πολλὰ,
407 1180 501 1232 καὶ
538 1180 709 1250 χωλὸς
753 1182 844 1234 καὶ
875 1180 951 1234 ὢν
980 1180 1075 1233 καὶ⁵
1114 1177 1468 1249 καλούμενος,
1506 1176 1596 1231 τὸν
1638 1176 1750 1246 βίον

196 1272 544 1343 κατέστρεψεν
573 1270 642 1324 ⁸⁸.

1855 555 2039 593 sorum
2076 537 2368 593 interfecit.
2420 538 2487 593 Et
2508 537 2621 606 jam
2668 554 2835 609 prope
2857 549 2975 595 erat
3007 551 3066 594 ut
3095 542 3226 599 urbs
3256 557 3424 613 cape-

1856 639 2028 695 retur,
2071 630 2173 684 nisi
2210 628 2436 693 Prusiae,
2470 629 2596 684 dum
2639 629 2799 683 scalis
2836 645 3049 685 sursum
3092 633 3308 697 nititur,
3342 634 3425 687 la-

1854 717 1979 787 pide
2005 718 2306 788 cujuspiam
2330 719 2397 772 de
2425 719 2842 789 propugnaculis
2871 720 3001 786 icto,
3032 736 3158 778 crus
3190 722 3426 780 fractum

1853 819 2019 876 esset,
2048 819 2101 864 et
2128 810 2215 864 hic
2262 825 2420 864 casus
2462 811 2531 865 ab
2565 813 2964 881 Oppugnatione
3007 814 3273 871 desistere
3300 830 3422 871 eum

1852 902 2141 972 coegisset.
2175 902 2250 955 lta
2285 901 2428 957 enim
2454 918 2768 972 percussus,
2795 903 3009 968 lectica,
3043 920 3150 959 non
3181 906 3301 961 sine
3330 908 3427 959 (lo-

1851 991 1985 1047 Ioris
2014 994 2332 1060 acerbitate,
2387 995 2605 1048 domum
2654 1009 2684 1047 a
2724 994 2973 1066 Bithynis
3005 997 3120 1051 suis
3151 995 3424 1059 refertur,

1850 1098 1952 1139 nec
1986 1084 2169 1139 multis
2214 1093 2344 1154 post
2363 1085 2536 1151 ,attnis
2580 1086 2806 1148 exactis,
2842 1087 3063 1143 nomine
3105 1097 3160 1143 et
3184 1101 3243 1143 re
3274 1087 3429 1144 clauc

1854 1177 1973 1243 dus,
2007 1176 2169 1231 finem
2195 1176 2409 1233 vivendi
2440 1173 2592 1231 fecit.

1104 1385 1231 1441 CAP.
1259 1384 1428 1440 XXX.
1453 1413 1522 1425 ——
1554 1383 1825 1438 Heraclea:
1852 1382 2112 1436 obsidium
2140 1399 2172 1435 a
2202 1378 2430 1436 Galatia.

254 1483 310 1534 Οί
336 1480 390 1534 δὲ
427 1482 569 1554 ὑπὲρ
615 1482 707 1536 τὸν
737 1482 938 1536 Πόντον
961 1483 1200 1537 Γαλάται
1232 1526 1246 1547 ,
1283 1484 1436 1537 οὔπω
1467 1484 1573 1538 τῶν
1614 1483 1739 1537 Ῥω·

1925 1481 2174 1536 Nondum
2207 1479 2262 1534 in
2292 1481 2474 1535 Asiam
2508 1480 2735 1536 Romani
2784 1482 3131 1553 trajecerant,
3167 1500 3288 1540 cum
3322 1480 3433 1542 (ἴσα

199 1576 375 1644 μαίων,
420 1576 501 1637 είς
534 1574 631 1645 τὴν
673 1576 862 1629 Ἀσίαν
890 1576 1313 1648 διαϐεϐηκότων,
1337 1577 1501 1631 πόθον
1537 1576 1753 1647 ἔχοντες

1863 1573 1995 1637 latae,
2027 1571 2183 1627 Ponti
2216 1571 2435 1635 accolae,
2478 1572 2641 1626 maris
2682 1575 2927 1628 tentandi
2973 1575 3288 1643 cupiditate,
3319 1575 3427 1632 ile-

194 1668 371 1734 πεῖραν
391 1666 577 1719 λαϐεῖν
598 1667 698 1736 τῆς
721 1666 995 1738 θαλάσσης
1024 1669 1276 1739 προελεῖν
1314 1668 1630 1740 ἐπεχείρουν
1654 1669 1752 1737 τὴν

1863 1666 2089 1719 racleam
2133 1663 2286 1733 prius
2332 1677 2599 1733 occupare
2640 1675 2927 1732 conantur,
2971 1683 3077 1721 non
3130 1667 3343 1723 difﬁcile
3375 1668 3429 1723 id

206 1757 536 1825 Ἡράκλειαν,
571 1760 665 1812 κα)⁵
686 1760 746 1812 οὐ
773 1759 1009 1829 χαλεπὸν
1044 1760 1291 1831 ἐνόμιζον
1315 1778 1328 1791 ⁸
1356 1761 1492 1815 πολὺ
1518 1762 1628 1831 γὰρ
1650 1761 1751 1829 τῆς

1863 1757 1972 1813 fore
2025 1756 2449 1812 existimantes:
2501 1758 2765 1826 siquidem
2806 1761 2871 1814 de
2914 1761 3134 1829 antiqua
3189 1762 3428 1831 potentia

194 1850 407 1913 παλαιᾶς
438 1850 659 1922 Ῥώμης
682 1851 870 1920 ὑφεῖτο
905 1852 998 1905 καὶ
1014 1854 1148 1924 πρὸς
1166 1854 1225 1907 τὸ
1236 1854 1745 1925 καταφρονούμενον

1863 1847 2080 1902 multum
2102 1848 2210 1917 jam
2235 1846 2583 1912 diminutum,
2620 1858 2675 1901 et
2711 1850 2777 1902 ad
2818 1859 3186 1918 contemptum
3214 1850 3422 1919 prolabi

194 1940 423 2011 ὑπέρρει.
466 1942 835 2012 Στρατεύουσι
876 1944 932 1997 δὲ
963 1943 1083 1997 κατ’
1113 1945 1282 2015 αὐτῆς
1339 1946 1577 2007 άπάσαις
1624 1946 1745 2006 ταῖς

1863 1939 2054 1995 sensim
2095 1947 2355 2009 coeperat.
2393 1936 2520 1993 Ideo
2556 1940 2826 1994 universis
2872 1956 2992 1994 eam
3033 1941 3201 2010 copiis
3248 1940 3429 2011 impu-

195 2032 487 2102 δυνάμεσιν,
521 2033 631 2087 οὐδ’
653 2034 823 2106 αὐτῆς
845 2036 1149 2107 συμμάχων
1165 2035 1493 2106 ἀμελούσης,
1526 2034 1640 2087 ἀλλ’
1667 2035 1747 2099 είς

1863 2042 2040 2103 gnam.
2076 2029 2195 2102 Ipsa
2231 2042 2411 2086 tamen
2439 2033 2709 2087 sociorum
2743 2032 2956 2087 interim
2990 2048 3095 2087 non
3124 2039 3208 2089 est
3238 2034 3429 2089 immea

193 2126 277 2179 ὅσα
300 2130 560 2197 παρεῖχεν
581 2128 608 2180 6
634 2128 827 2198 καιρὸς
845 2130 1371 2200 παρασκευαζομένη
1382 2148 1424 2191 ς.
1467 2129 1746 2198 Ἐπολιορ-

1863 2139 1990 2190 mor,
2018 2124 2113 2179 sed
2148 2133 2408 2192 quantum
2450 2124 2669 2177 occasio
2712 2138 2945 2193 praesens
2991 2124 3267 2179 facultatis
3294 2140 3427 2179 con~

193 2221 322 2272 κεῖτο
370 2219 469 2288 μὲν
502 2219 601 2273 οὖν
651 2219 818 2290 αὕτη,
842 2222 939 2274 καὶ
984 2223 1175 2291 χρόνος
1219 2221 1486 2293 ἐτρίϐετο,
1524 2222 1582 2285 ὃς
1622 2226 1748 2288 τοὺς

1863 2218 2015 2281 cadit,
2052 2232 2113 2272 se
2139 2225 2328 2271 contra
2376 2216 2568 2270 munit.
2606 2214 2898 2272 Obsidione
2942 2216 3105 2287 igitur
3134 2217 3187 2272 in
3216 2225 3429 2287 tempus

191 2310 413 2374 Γαλάτας
477 2313 563 2375 είς
611 2312 821 2365 ἔνδειαν
866 2312 973 2366 τῶν
1022 2314 1340 2381 ἀναγκαίων
1398 2314 1696 2385 συνήλαυνε
1731 2333 1743 2345 ·

1863 2308 2068 2377 aliquod
2118 2317 2384 2373 extracta,
2435 2316 2832 2363 commeatuum
2891 2308 3070 2378 inopia
3116 2309 3169 2364 in
3218 2320 3429 2365 arctnm

194 2401 329 2473 θυμῷ
383 2403 490 2475 γὰρ
546 2405 639 2457 καὶ
691 2404 752 2457 οὐ
799 2408 1115 2476 παρασκευῇ
1159 2409 1226 2477 τῇ
1264 2405 1457 2477 δεούσῃ
1502 2407 1749 2478 Γαλάτης

1863 2411 2119 2471 :oguntur
2150 2400 2375 2457 Galatae.
2419 2400 2502 2455 lra
2550 2402 2718 2465 enim,
2752 2416 2858 2455 non
2890 2411 3148 2471 apparatu
3181 2419 3429 2458 necessa-

192 2492 311 2561 ἀνὴρ
357 2492 446 2546 τὸν
483 2493 732 2563 πόλεμον
778 2494 1060 2567 διαφέρειν
1090 2492 1240 2551 οἶδε.
1293 2498 1436 2568 Πρὸς
1480 2496 1574 2553 οὖν
1626 2502 1749 2554 συλ-

1863 2494 1935 2549 rio
1974 2493 2291 2557 instructus,
2320 2492 2517 2547 bellum
2554 2493 2757 2547 inferre.
2797 2494 3016 2549 Galatas
3048 2494 3219 2550 novit.
3250 2493 3433 2561 Quare

194 2581 335 2654 λογὴν
382 2585 487 2639 τῶν
524 2587 850 2657 ἐπιτηδείων
879 2590 940 2642 τὸ
987 2590 1348 2660 στρατόπεδον
1394 2591 1749 2645 ἀπολελοιπό-

1863 2599 1975 2639 cum
2007 2583 2073 2638 ad
2100 2586 2546 2655 comportandum
2574 2587 2879 2641 necessaria
2906 2587 3100 2641 castris
3127 2586 3430 2642 abscessis-

197 2691 307 2741 ταν,
349 2677 718 2749 ἐκδραμόντες
764 2680 812 2732 οί
868 2680 966 2749 τῆς
1012 2680 1219 2745 πόλεως
1260 2682 1354 2735 κα)⁸
1393 2682 1678 2750 ἀδοκήτοις
1702 2683 1748 2713 ⁸⁸

1863 2686 1989 2741 sent,
2021 2676 2190 2744 cives,
2220 2677 2505 2747 eruptione
2546 2678 2711 2741 facta,
2740 2686 2793 2732 et
2823 2681 3021 2733 castris
3047 2678 3347 2747 potiuntur,
3374 2687 3433 2732 et

198 2768 526 2834 ἐπιπεσόντες
569 2772 703 2827 αὑτό
744 2790 806 2826 τε
851 2767 995 2825 είλον
1025 2774 1120 2829 καὶ
1158 2772 1387 2835 πολλοὺς
1416 2774 1623 2828 ἀνεῖλον
1655 2774 1750 2828 καὶ

1863 2768 2117 2836 plurimos
2159 2770 2397 2824 caedunt.
2442 2769 2781 2838 Dispalantes
2815 2771 2978 2824 etiam
3009 2785 3104 2840 per
3132 2786 3289 2839 agros
3323 2786 3425 2823 non

195 2862 302 2924 τοὺς
338 2864 429 2916 ἐπὶ
466 2864 568 2934 τῆς
616 2864 800 2935 χώρας
839 2865 1237 2928 σκεδασθέντας
1263 2866 1323 2919 οὐ
1350 2866 1597 2936 χαλεπῶς
1626 2884 1751 2920 συν·

1863 2874 2048 2929 magno
2078 2861 2294 2930 negotio
2324 2863 2811 2932 comprehendunt.
2851 2864 3025 2931 Atque
3058 2863 3132 2917 ita
3164 2878 3263 2918 nec
3294 2877 3427 2931 pars

198 2953 494 3022 ελάμϐανον,
531 2954 610 3018 ὼς
658 2956 790 3026 μηδὲ
822 2956 923 3027 τὴν
957 2955 1147 3028 τρίτην
1181 2960 1375 3028 μοῖραν
1400 2957 1496 3011 τοῦ
1523 2958 1751 3011 Γαλατι-

1863 2952 2019 3006 tertia
2066 2954 2292 3010 Galatici
2322 2955 2599 3009 exercitus
2647 2954 2701 3007 in
2746 2954 3010 3009 Galatiam
3041 2954 3349 3008 revertitur.
3383 2953 3429 3008 At

199 3040 280 3093 κοῦ
305 3048 710 3115 στρατεύματος
746 3049 826 3109 είς
858 3047 1121 3101 Γαλατίαν
1150 3048 1506 3118 ἀναστρέψαι.
1563 3049 1658 3103 Ἐκ
1686 3049 1743 3102 δὲ

1863 3058 1959 3113 quo
2000 3059 2313 3100 successum
2357 3044 2423 3097 ad
2470 3044 2753 3112 pristinam
2801 3045 3115 3115 emergendi
3154 3044 3432 3101 fortunam

199 3133 278 3186 τοῦ
326 3137 757 3207 κατορθώματος
816 3140 979 3193 πάλιν
1038 3142 1118 3202 εἰς
1173 3140 1270 3213 τὴν
1329 3143 1604 3214 προτέραν
1656 3143 1749 3196 εὖ·
1852 3142 1908 3187 ει
1933 3132 2302 3188 εθίθυΐῖιῧιθηι
2349 3146 2474 3202 Spes
2500 3135 2769 3204 οοιιεερῑισ

196 3221 358 3330 ινξλειαν
383 3229 429 3259 ⁸⁸
469 3230 568 3283 καὶ
607 3229 952 3300 εὐδαιμονίαν
999 3230 1222 3296 ἐλπίδας
1258 3233 1566 3304 ἐλάμϐανον
1611 3234 1750 3289 ἀνα·
1779 3271 1823 3330 C

196 3315 313 3388 εῆνα
323 3337 358 3373 ι.

783 3463 911 3519 Cap.
945 3463 1136 3519 XXXI.
1171 3496 1235 3507 -—
1273 3468 1597 3526 Ilerarlcolaz
1634 3470 1883 3528 Romanis
1920 3475 2275 3531 auxiliantur.
2314 3475 2610 3531 Marrucini
2645 3476 2846 3545 populi.

265 3551 545 3622 Ῥωμαίοις
577 3553 633 3607 δὲ
662 3554 796 3625 πρὸς
832 3557 1089 3625 Μάρσους
1111 3575 1170 3610 τε
1200 3560 1295 3611 καὶ
1329 3562 1621 3627 Πελιγνοὺς
1652 3563 1748 3616 καὶ

197 3642 552 3715 Μαρουκίνους
576 3647 618 3676 ⁹¹
650 3646 796 3717 (ἔθνη
827 3647 1004 3701 δὲεὶσι
1026 3650 1196 3703 ταῦτα
1215 3651 1355 3722 ὑπὲρ
1380 3654 1586 3724 Λιϐύης
1614 3673 1747 3708 κατ-

200 3739 455 3806 ῳκημένα,
507 3740 782 3811 Γαδείρων
819 3742 1014 3813 ὅμορα)
1042 3742 1162 3795 δυσί
1192 3762 1251 3796 τε
1302 3747 1551 3816 τριήρεσι
1582 3749 1629 3779 ’³
1654 3766 1751 3802 κα-

200 3830 510 3897 ταφράκτοις
570 3832 948 3900 Ἡρακλεῶται
1002 3834 1409 3904 συνεμάχησαν,
1468 3837 1562 3889 κα)⁴
1618 3854 1751 3905 συγ-

202 3924 628 3993 κατορθώσαντες
675 3925 767 3977 τὸν
817 3926 1055 3995 πόλεμον
1087 3928 1178 3979 καὶ
1220 3927 1427 3981 πολλῶν
1462 3930 1753 4000 ἀριστείων

202 4010 505 4081 ἀξιωθέντες
569 4023 640 4069 ια’
693 4016 804 4069 ἔτει
851 4017 987 4087 πρὸς
1043 4018 1144 4088 τὴν
1193 4020 1429 4091 πατρίδα
1497 4022 1757 4093 ἀνεκομί-

207 4106 415 4173 σθησαν.

1928 3570 2190 3625 Romanis
2220 3570 2383 3624 etiam
2435 3569 2573 3623 bello
2600 3578 2787 3623 contra
2818 3566 3044 3631 Marsos,
3074 3561 3344 3636 Pelignos,
3376 3572 3432 3623 et

1854 3662 2193 3719 Marrucinos
2220 3661 2499 3732 (gentium
2543 3663 2733 3716 harum
2765 3663 2923 3714 sedes
2980 3668 3061 3717 est
3099 3674 3258 3728 supra
3282 3658 3433 3717 Afri-

1855 3767 1996 3814 cam,
2041 3751 2094 3805 iu
2145 3750 2396 3805 confiniis
2440 3748 2713 3820 Gadium)
2754 3748 2964 3803 duabus
2996 3748 3433 3818 quadriremibus

1856 3844 2015 3899 tectis
2065 3844 2399 3898 Heracleota:
2465 3843 2819 3897 auxiliantur.
2866 3841 2934 3895 Et
2979 3842 3122 3901 bello
3171 3856 3428 3912 prospere

1858 3936 2129 4000 confecto,
2177 3936 2359 3990 multis
2399 3936 2614 3991 eximia:
2675 3936 2893 3989 virtutis
2954 3934 3131 3989 ornati
3175 3934 3431 4003 prartuiis,

1866 4028 2154 4083 undecimo
2183 4028 2402 4082 tandem
2439 4042 2583 4081 anno
2613 4027 2666 4081 in
2698 4028 2928 4097 patriam
2958 4035 3083 4081 sunt
3114 4024 3338 4081 revecti.

931 4222 1061 4277 Car.
1093 4219 1310 4280 XXXII.
1344 4253 1413 4265 -—-
1439 4224 1640 4278 Bellum
1693 4225 2022 4279 Mithridatis
2051 4240 2167 4277 cum
2199 4222 2444 4277 Romanis
2465 4233 2512 4277 et
2540 4238 2735 4278 cauam.

260 4316 401 4371 Μετὰ
441 4319 617 4372 ταῦτα
666 4318 721 4371 δὲ
767 4321 795 4372 6
840 4320 974 4390 πρὸς
1013 4321 1313 4390 Ῥωμαίους
1348 4320 1517 4390 βαρὺς
1566 4322 1759 4393 Μιθριο

205 4404 317 4477 δάτῃ
347 4409 420 4478 τῷ
445 4410 649 4462 Πόντου
685 4409 900 4479 βασιλεῖ
944 4413 1174 4481 συνέστη
1207 4413 1464 4482 πόλεμος,
1494 4413 1758 4481 φαινομέ-

205 4512 286 4565 νην
304 4498 476 4550 λαϐὼν
500 4501 683 4554 αἰτίαν
716 4502 815 4569 τὴν
852 4502 951 4569 τῆς
982 4502 1379 4564 Καππαδοκίας
1413 4502 1715 4572 κατάληψιν
1738 4518 1753 4533 ’

205 4589 384 4657 ταύτης
412 4591 520 4663 γὰρ
552 4591 620 4644 δι’
650 4593 865 4663 ἀπάτης
905 4593 998 4645 καὶ
1031 4593 1211 4663 ὅρκων
1240 4593 1631 4663 συμϐατηρίων
1666 4595 1758 4649 τὸν

207 4679 492 4748 ἀδελφιδοῦν
532 4684 772 4755 Ἀράθην
826 4684 1105 4737 συλλαϐὼν
1142 4686 1170 4737 6
1205 4683 1563 4754 Μιθριδάτης,
1596 4686 1757 4739 αὑτο-

208 4775 365 4845 χειρία
394 4778 741 4845 ἀποσφάξας,
777 4776 1053 4846 ἐκράτησε
1082 4791 1097 4805 °
1135 4778 1265 4839 παῖς
1291 4775 1347 4828 δὲ
1369 4777 1397 4828 6
1443 4776 1676 4847 ’Δράθης
1697 4778 1760 4831 ὲκ

207 4863 294 4930 τῆς
327 4867 558 4938 ἀδελφῆς
592 4867 687 4919 τοῦ
732 4867 1065 4937 Μιθριδάτου
1107 4868 1421 4939 ’Λριαράθῳ
1471 4869 1756 4940 γεγένητο.

210 4951 555 5021 Φονικώτατος
610 4958 654 5012 δ’
705 4959 770 5010 ὲκ
825 4958 1013 5021 παιδὸς
1055 4959 1083 5010 6
1121 4960 1457 5030 Μιθριδάτης
1492 4956 1562 5030 ἦν
1591 4975 1606 4990 ⁸
1661 4961 1763 5029 τὴν

210 5044 307 5114 γὰρ
330 5048 499 5119 ἀρχὴν
520 5050 1008 5121 τρισκαιδεκαὲτης
1035 5050 1366 5120 παραλαϐὼν
1408 5050 1602 5120 μετὀὑ
1627 5050 1760 5103 πολὺ

210 5136 297 5203 τὴν
330 5142 555 5210 μητέρα,
580 5142 833 5194 κοινωνὸν
873 5141 1020 5211 αὐτῷ
1072 5142 1220 5211 παρὰ
1261 5141 1356 5194 τοῦ
1416 5142 1618 5211 πατρὸς
1663 5142 1761 5211 τῆς

215 5222 465 5293 βασιλείας
494 5231 965 5299 καταλειφθεῖσαν,
994 5232 1123 5303 1729
1144 5231 1234 5302 R.]
1267 5232 1623 5303 δεσμωτηρίῳ
1654 5249 1757 5285 κα-

212 5320 404 5390 τασχὼν
437 5322 524 5393 βία
541 5326 634 5377 καὶ
662 5324 838 5396 χρόνῳ
857 5322 1163 5389 ἐξανάλωσε
1189 5324 1256 5389 9³,
1291 5325 1384 5375 καὶ
1413 5324 1503 5377 τὸν
1526 5324 1754 5393 ἀδελφὺν

215 5406 499 5469 ἀπέκτεινε,
542 5416 964 5487 Κατεστρέψατο
986 5415 1044 5469 δὲ
1077 5414 1299 5487 πολέμῳ
1334 5416 1428 5468 κα)⁸
1464 5418 1591 5480 τοὺς
1622 5418 1751 5489 περὶ

1930 4321 2060 4374 Post
2094 4322 2205 4375 haec
2232 4322 2558 4374 acerrimum
2579 4320 2909 4374 Mithridatis
2946 4320 3207 4375 adversus
3234 4320 3432 4374 Roma-
3508 4314 3515 4323 ’

1858 4428 1956 4467 nos
1992 4412 2189 4466 belltttn
2241 4412 2522 4465 conflatur.
2546 4411 2900 4480 Cappadocia:
2929 4412 2980 4465 in
3013 4413 3245 4481 speciem
3268 4427 3431 4468 causa

1856 4506 2143 4573 arripitur.
2181 4504 2332 4558 Hanc
2386 4506 2527 4559 enim
2587 4503 2947 4568 Mithridates,
2995 4520 3116 4558 cum
3152 4504 3433 4559 Ariathum

1860 4597 2062 4649 sororis
2092 4595 2657 4664 ﬁlium,jurisjnrandi
2696 4595 2905 4664 pacifici
2930 4594 3052 4648 dolo
3102 4596 3153 4649 in
3191 4604 3435 4664 potesta-

1865 4698 1969 4740 tem
1994 4688 2297 4750 redactum,
2331 4702 2425 4739 sua
2464 4701 2622 4738 manu
2646 4687 3045 4747 obtruncasset,
3075 4700 3169 4754 per
3194 4686 3299 4737 vim
3327 4686 3433 4739 sibi

1864 4779 2183 4834 vindicarat.
2210 4777 2497 4832 Ariathum
2522 4778 2663 4831 hunc
2686 4777 2891 4848 230!)
2917 4791 2981 4832 ex
3012 4789 3199 4831 sorore.
3225 4776 3434 4830 Mithri-

1863 4870 2007 4923 datis
2049 4880 2314 4938 genuerat
2354 4868 2633 4921 Ariathus.
2687 4867 2821 4922 Nam
2875 4883 2903 4922 a
2932 4884 3096 4937 puero
3144 4868 3209 4920 ad
3262 4869 3436 4922 cmdes

1866 4960 2331 5031 propensissimus
2362 4970 2478 5013 erat
2506 4958 2870 5025 Mithridates,
2905 4977 3026 5013 cum
3059 4960 3201 5013 enim
3244 4960 3310 5015 15
3338 4977 3436 5014 an-

1866 5068 2055 5106 norum
2089 5052 2409 5107 adolescens
2436 5066 2660 5122 regnum
2692 5054 3006 5121 accepisset,
3033 5052 3244 5106 modico
3267 5036 3437 5106 inter;

1864 5141 2018 5211 lapso
2056 5149 2320 5211 tempore,
2367 5150 2622 5208 matrem,
2665 5142 2815 5210 regni
2858 5150 3166 5199 consortem
3209 5157 3238 5194 a
3285 5150 3436 5209 patre

1863 5234 2213 5299 destinatam,
2263 5233 2390 5289 dum
2422 5246 2639 5288 carcere
2675 5234 2913 5287 vinctam
2966 5244 3132 5299 tenet,
3177 5232 3434 5286 violentia

1866 5324 1993 5390 ista,
2045 5335 2100 5381 et
2148 5326 2407 5395 temporis
2456 5324 2817 5379 diuturnitate
2876 5325 3129 5379 confecit.
3184 5322 3428 5376 Fratrem

1855 5418 2018 5472 etiam
2053 5418 2285 5473 necavit.
2319 5416 2469 5472 Bello
2497 5427 2676 5471 autem
2708 5417 2924 5487 subegit
2951 5434 3101 5488 reges
3133 5416 3274 5470 circa
3300 5413 3443 5468 Pha.

1412 5574 1649 5630 VARIAS
1682 5575 1973 5631 ηιξἸίοΝ
1984 5578 2086 5633 ES.

223 5676 442 5776 "uss
486 5682 576 5766 καὶ
605 5685 631 5736 6
656 5703 727 5776 ις.
837 5684 882 5715 ⁸⁸
910 5684 1271 5776 μεῖέστρεσξιεν

290 5752 552 5818 πιλιγνοὺς
584 5758 679 5807 καὶ
742 5752 1136 5824 μαργουκίνους
1172 5752 1231 5813 Α.

431 5844 697 5907 Panos.
732 5849 847 5906 (in.
883 5845 1037 5907 CIII.

1468 5685 1513 5716 δ’
1538 5686 1631 5737 κατ¹
1682 5685 1964 5757 ἀδοκήτοις
1994 5685 2038 5739 Α
2074 5704 2086 5739 :
2123 5687 2401 5757 ἀδοκήτως
2432 5705 2492 5752 ς.
2567 5690 2612 5721 ⁹⁰
2642 5688 2892 5741 εὔκλειαν
2920 5688 2963 5739 Α
2992 5705 3006 5741 :
3039 5686 3325 5741 εὐλάϐειαν
3372 5703 3442 5751 ςο

1309 5758 1354 5788 θ’
1384 5770 1442 5808 τε
1481 5753 1751 5827 τριήρεσι]
1800 5753 2085 5827 τετρήρεσι
2129 5753 2453 5826 Stephanus.
2528 5760 2898 5829 ⁹³ἐξηνάλωσε
2930 5776 2990 5821 ς’.

2980 5844 3059 5904 29

2602 5896 2629 5930 ἃ
