3994 6414
594 338 697 401 907
1728 339 1990 401 PI'IO'I‘II
2030 338 2535 402 PATRIARCII/E
2570 338 2678 399 ΟΡ.
3710 339 3802 404 908

591 458 698 521 sin,
732 468 908 524 usque
954 455 1022 509 ad
1061 454 1278 510 climata
1313 465 1464 510 trans
1510 454 1856 511 Caucasum:
1894 472 2165 528 regnoque

2275 453 2361 507 τὸν
2381 454 2549 507 Φᾶσιν
2580 451 2818 518 ξασιλεῖς
2854 450 2961 515 ἕως
2983 450 3092 506 τῶν
3127 450 3404 521 κλιμάτων
3431 450 3539 506 τῶν
3569 452 3703 525 ὑπὲρ
3732 455 3808 509 τὸν

590 548 801 617 magnis
837 548 1041 603 viribus
1067 549 1419 619 amplilicato,
1456 566 1707 619 magmun
1733 551 2053 619 arrogantim
2079 560 2166 603 tu-

2275 546 2585 611 Καύκασον,
2633 548 2739 599 και
2780 546 2880 617 τήν
2931 544 3104 616 ἀρχὴν
3147 544 3375 616 ηὔξησε,
3417 547 3513 599 καὶ
3555 547 3643 599 ἐπὶ
3688 548 3811 618 μέγα

589 657 793 696 morem
844 642 1187 709 jostentabat.
1244 640 1632 707 Quamobrem,
1700 657 1820 695 cum
1883 656 1949 695 eo
1996 642 2167 712 magis

2275 638 2588 703 ἀλαζονείας
2640 636 2947 706 ἐξώγκωτο.
3003 638 3082 690 Δι’
3116 637 3152 692 ἃ
3194 639 3391 708 μᾶλλον
3428 638 3686 709 Ῥωμαῖοι
3729 642 3812 711 τὴν

586 733 816 787 consilio
871 732 989 801 ejus
1032 743 1282 801 suspecta
1339 732 1600 787 haberent
1658 731 1886 785 Romani
1918 743 2168 785 senatus-

588 824 896 878 «onsnltum
931 823 1200 886 fecerant,
1227 832 1285 876 ιιι
1320 832 1538 893 paterna
1587 823 1800 891 regibus
1840 822 2163 891 Scytharum

589 927 756 984 regna
804 913 1176 969 constitueret.
1218 913 1289 968 At
1337 915 1383 968 is
1446 913 1721 967 moderate
1762 914 1978 983 quidem
2015 929 2169 967 man-

590 1006 731 1061 datis
776 1005 1003 1074 obsequi
1051 1021 1065 1058 :
1102 1006 1195 1060 sed
1236 1007 1449 1061 interim
1502 1004 1735 1061 Parthos
1763 1015 1811 1061 et
1858 1005 2062 1072 Medos,
2114 1014 2169 1060 et

590 1097 883 1169 Tigranem
911 1098 1256 1165 Armenium,
1288 1114 1553 1169 regesque
1576 1101 1927 1169 Scytharum,
1963 1109 2016 1154 et
2047 1100 2168 1153 lbe-

592 1202 703 1254 ras,
736 1188 790 1242 in
838 1189 1155 1243 societatem
1216 1189 1339 1243 belli
1367 1191 1675 1246 asciscere:
1735 1192 1977 1261 aliasque
2038 1190 2160 1245 belli

592 1295 788 1336 causas
818 1281 1132 1351 adjungere.
1170 1279 1306 1336 Cum
1340 1292 1567 1337 senatus
1596 1282 1741 1336 enim
1781 1284 1965 1337 Romae
2006 1282 2168 1339 Nico-

592 1374 829 1438 medem,
855 1388 919 1427 ex
963 1372 1253 1428 Nicomede
1295 1385 1349 1428 et
1371 1374 1511 1446 Nysa
1569 1373 1942 1446 progenitum,
1983 1373 2170 1445 Bithy-

590 1463 696 1519 nia:
724 1478 901 1533 regem
930 1465 1274 1531 instituisset,
1298 1464 1636 1522 Mithridates
1653 1465 2019 1532 Nicomedem,
2036 1466 2172 1519 Fru-

590 1555 642 1624 gi
672 1568 1051 1625 cognomento,
1089 1556 1162 1611 illi
1196 1560 1470 1627 opposuit.
1501 1556 1792 1613 Praevaluit
1828 1568 2007 1613 tamen
2059 1556 2171 1613 ele-

591 1647 703 1702 ctio
734 1645 1122 1713 Romanorum,
1157 1645 1467 1702 Mithridate
1500 1648 1687 1702 invito.

2274 729 2438 783 αύτοῦ
2484 728 2725 781 διάνοιαν
2765 724 3008 781 ’ὕποπτον
3047 728 3175 799 [3'78
3238 728 3292 783 b.
3355 726 3445 799 H.]
3504 728 3810 798 ποιούμενοι,

2266 823 2384 885 τοῖς
2440 819 2666 873 Σκυθῶν
2714 818 3031 891 βασιλεῦσιν
3066 818 3398 890 ἐψηφίσαντο
3438 820 3540 882 τὰς
3582 819 3815 890 πατρῴας

2268 912 2436 966 αὑτὸν
2470 910 2647 983 ἀρχὰς
2679 911 3151 981 ἀποκαταστῆσαι.
3186 912 3244 964 Ὀ
3260 911 3317 965 δὲ
3342 911 3583 981 μετρίως
3604 911 3698 979 μὲν
3719 913 3815 976 τοῖς

2271 1006 2768 1075 προσταττομένοις
2788 1005 3054 1076 ὑπήκουε,
3070 1003 3391 1073 συμμάχους
3411 1002 3471 1055 δὲ
3489 1002 3727 1073 Πάρθους
3737 1006 3815 1057 καὶ

2268 1094 2490 1165 Μήδους
2518 1096 2613 1149 καὶ
2639 1093 2919 1166 Τιγράνην
2955 1096 3237 1164 Ἀρμένιον
3264 1094 3360 1147 καὶ
3387 1094 3517 1155 τοὺς
3545 1092 3816 1156 Σκυθικοὺς

2272 1186 2515 1257 βασιλεῖς
2559 1187 2765 1240 καὶτὸν
2790 1187 2987 1257 Ἴϐηρα
3018 1184 3491 1257 προσηταιρίζετο.
3526 1185 3816 1255 Προσετίθει

2270 1276 2326 1329 δὲ
2360 1275 2455 1330 καὶ
2485 1276 2679 1347 ἐτέρας
2710 1276 2804 1329 τοῦ
2844 1276 3083 1345 πολέμου
3126 1275 3337 1339 αίτίας·
3379 1274 3486 1344 τῆς
3521 1275 3629 1346 γὰρ
3672 1276 3727 1326 ἐν
3760 1278 3815 1345 τῇ

2281 1369 2468 1441 Ῥώμῃ
2502 1369 2808 1439 συγκλήτου
2843 1368 3161 1440 Νικομήδην
3190 1368 3281 1422 τὸν
3316 1371 3363 1400 ’⁵
3405 1370 3474 1421 ἐκ
3504 1368 3817 1437 Νικομήδους

2271 1461 2367 1515 καὶ
2386 1458 2572 1531 Νύσης
2600 1460 2820 1531 βασιλέα
2835 1460 3089 1525 Βιθυνίας
3114 1458 3481 1529 καθιστώσης,
3510 1458 3818 1529 Μιθριδάτης

2270 1551 2364 1605 τὸν
2426 1552 2661 1623 χρηστὸν
2709 1550 3073 1621 ἐπικληθέντα
3133 1550 3455 1621 Νικομήδην
3510 1550 3556 1582 ’⁸
3618 1552 3817 1602 ἀντεκα-

2273 1642 2433 1711 θίστη
2457 1656 2472 1671 '
2516 1640 2812 1713 ἐπεκράτει
2856 1640 2900 1693 δ’
2948 1640 3099 1711 ὅμως
3131 1641 3166 1711 ἡ
3218 1640 3508 1712 Ῥωμαίων
3544 1637 3717 1711 κρίσις
3742 1639 3821 1692 καὶ

2274 1734 2500 1797 ἄκοντος
2521 1731 2877 1804 Μιθριδάτου.

976 1845 1103 1901 CAP.
1136 1842 1371 1902 XXXIII.
1401 1873 1470 1885 --
1498 1842 1819 1897 Mithridatis
1848 1844 2078 1900 uictoriw
2101 1845 2165 1899 de
2205 1843 2511 1910 Nicomede,
2542 1856 2589 1901 et
2619 1857 2817 1918 strages
2844 1845 3035 1901 civium
3059 1844 3212 1899 Rom.
3242 1845 3300 1899 in
3337 1844 3494 1901 Asia.

659 1939 953 2009 Interio-to
987 1950 1248 2009 tempore,
1280 1954 1403 1996 cum
1428 1938 1587 2011 Sylla:
1628 1946 1683 1994 et
1739 1936 1896 1992 Marii
1928 1938 1981 1992 in
2015 1953 2171 2008 repu-
2206 1944 2252 2004 Β

591 2033 735 2089 bliea
761 2033 1005 2088 Romana
1031 2033 1229 2088 seditio
1269 2033 1595 2096 exarsisset,
1632 2028 1959 2086 Archelaum
1991 2030 2173 2098 copia-

592 2140 711 2180 rum
734 2127 923 2180 ducem
962 2123 1299 2179 Mithridates
1330 2123 1499 2178 45000
1519 2121 2005 2193 peditum,et1000
2021 2122 2175 2192 equi-

594 2224 741 2277 tum,
778 2216 829 2267 in
880 2212 1143 2283 Bithynos
1181 2214 1382 2268 ducere
1421 2211 1606 2282 jussit,
1647 2212 1966 2281 collatisque
2002 2211 2173 2281 signis

595 2308 770 2361 victor
802 2308 987 2360 evadit
1015 2305 1339 2361 Archelaus.
1366 2306 1432 2360 Et
1460 2306 1595 2377 fugit
1625 2320 1747 2360 cum
1778 2307 1967 2377 paucis
2008 2306 2169 2360 etiam

594 2397 934 2453 Nicomedes.
953 2398 1069 2464 Quo
1085 2398 1304 2467 cognito
1336 2397 1699 2462 Mithridates,
1721 2413 1842 2453 cum
1869 2398 1974 2452 sub
2010 2413 2170 2453 tnauu

590 2501 776 2552 essent
809 2490 1131 2555 auxiliares,
1166 2491 1362 2545 castris
1387 2504 1418 2545 e
1449 2490 1691 2560 subjecto
1717 2490 1949 2545 Amasia:
1980 2504 2172 2559 campo

594 2586 775 2651 molis,
790 2601 885 2655 per
904 2581 1319 2657 PaphIagoniam
1344 2580 1447 2641 iter
1472 2579 1623 2647 facit,
1646 2578 1853 2636 I50000
1869 2582 2170 2636 exercitum

593 2678 886 2731 adducens.
918 2676 1119 2732 Marius
1148 2687 1326 2732 autem
1350 2677 1451 2731 sub
1482 2678 1653 2748 signis
1684 2671 1889 2732 habens
1915 2670 2169 2733 Nicome-

594 2770 678 2823 dis
706 2771 890 2837 copias
937 2772 1077 2840 (qua:
1107 2771 1173 2824 ad
1200 2769 1374 2825 solam
1412 2769 1738 2826 Mithridatis
1764 2769 1962 2824 famam
2006 2770 2169 2825 dissi-

594 2860 904 2931 pabantur),
933 2877 1057 2916 cum
1085 2862 1275 2931 exigua
1312 2860 1683 2917 Romanorum
1716 2878 1877 2916 manu
1910 2876 2030 2917 sese
2045 2864 2169 2918 sub-

589 2953 724 3021 jecit
776 2953 1122 3024 Ileuophaui,
1161 2955 1494 3010 Mithridatis
1552 2955 1789 3019 tribuno,
1822 2964 1878 3009 et
1924 2955 2169 3024 repulsus

592 3043 754 3114 fugit,
786 3048 933 3100 omni
965 3048 1210 3100 exercitu
1252 3045 1474 3100 amisso.
1523 3044 1726 3100 Secure
1779 3044 1943 3114 igitur
1986 3044 2170 3115 Bithy-

593 3138 741 3192 niam
786 3138 1052 3193 invadens
1088 3137 1450 3203 Mithridates,
1482 3146 1538 3193 et
1583 3137 1747 3193 urbes
1794 3148 1850 3193 et
1891 3140 2167 3209 regionem

594 3230 731 3285 citra
775 3246 1011 3302 pugnam
1048 3231 1259 3286 obtinet
1290 3248 1304 3284 :
1334 3240 1766 3299 catterarumque
1797 3231 1941 3286 Asia:
1972 3232 2165 3286 civita-

2359 1939 2628 2010 ’Υστερον
2658 1939 2715 1994 δὲ
2754 1938 2929 1994 Σύλλα
2956 1941 3052 1993 καὶ
3078 1936 3292 2009 Μαρίου
3322 1938 3452 2006 περὶ
3482 1935 3583 2007 τὴν
3614 1935 3818 2005 Ῥωμαῖ-

2272 2030 2375 2103 κὴν
2400 2032 2677 2086 πολιτείαν
2702 2031 3181 2105 ἀναρριπισάντων
3198 2030 3295 2101 τὴν
3326 2030 3543 2094 στάσιν,
3577 2028 3819 2096 τέσσαρας

2275 2120 2545 2191 μυριάδας
2609 2122 2791 2187 πεζῶν
2837 2122 2935 2175 καὶ
2971 2121 3196 2192 μυρίους
3226 2120 3273 2151 ⁸⁸
3322 2118 3529 2182 ἱππέας
3570 2116 3818 2187 Ἀρχελάῳ

2271 2211 2349 2282 τῷ
2372 2212 2664 2283 στρατηγῷ
2705 2213 2983 2282 παραδοὺς
3008 2215 3037 2266 ὁ
3068 2212 3409 2283 Μιθριδάτης
3441 2213 3585 2266 κατὰ
3607 2208 3818 2263 Βιθυνῶν

2272 2303 2527 2357 ἐκέλευσε
2556 2305 2896 2375 στρατεύειν.
2942 2307 3051 2359 Καὶ
3082 2306 3277 2377 κρατεῖ
3306 2308 3406 2375 τῆς
3437 2304 3613 2374 μάχης
3633 2301 3816 2372 συμϐα-

2272 2393 2379 2447 λὼν
2405 2396 2721 2465 Ἀρχέλαος,
2778 2397 2970 2465 φεύγει
3014 2397 3071 2450 δέ
3102 2397 3194 2450 καὶ
3223 2396 3549 2467 Νικομήδης
3589 2394 3698 2464 μετ’
3729 2386 3817 2443 ὀλί-

2271 2501 2403 2553 γων.
2432 2486 2618 2539 Ταῦτα
2646 2485 2833 2556 μαθὼν
2860 2487 3203 2559 Μιθριδάτης
3226 2487 3665 2555 παραγεγονότος
3691 2483 3815 2551 αὐτῷ

2271 2577 2369 2633 καὶ
2392 2577 2486 2629 τοῦ
2516 2594 2580 2629 συ
2590 2578 2891 2649 μμαχικοῢ,
2921 2579 3059 2650 ἄρας
3079 2580 3189 2633 άπὸ
3214 2579 3310 2633 τοῦ
3337 2580 3470 2651 πρὸς
3494 2583 3560 2648 τῇ
3581 2578 3815 2648 Ἀμασεία

2271 2668 2454 2721 πεδίου
2498 2668 2589 2722 διὰ
2616 2669 2715 2739 τῆς
2756 2670 3143 2740 Παφλαγονίας
3170 2672 3279 2743 ᾔει,
3330 2671 3711 2726 πεντεκαίδεκα
3735 2688 3815 2741 μυ-

2273 2758 2464 2836 ριάδας
2483 2760 2718 2837 στρατὸν
2750 2762 3113 2832 ἑπαγόμενος.
3151 2763 3358 2827 Μάνιος
3396 2766 3442 2797 ⁸⁷
3479 2764 3534 2817 δὲ
3559 2763 3663 2816 τῶν
3695 2761 3813 2832 ἀμφὶ

2268 2856 2589 2928 Νικομήδην
2648 2854 3168 2930 συστρατευομένων
3223 2854 3372 2932 αὐτῷ
3420 2854 3561 2933 μόνῃ
3619 2855 3678 2929 τῇ
3734 2856 3807 2910 τοῦ

2269 2949 2607 3022 Μιθριδάτου
2637 2953 2796 3022 φήμῃ
2824 2952 3341 3019 διασκεδασθέντων,
3371 2954 3516 3023 μετὰ
3560 2952 3812 3021 Ῥωμαίων

2269 3041 2467 3111 ὀλίγων
2493 3043 3031 3113 ἀντιπαρατάσσεται
3067 3045 3384 3116 Μηνοφάνει
3406 3044 3487 3115 τῷ
3521 3042 3812 3113 Μιθριδάτου

2271 3133 2591 3205 στρατηγῷ,
2641 3135 2737 3188 καὶ
2768 3137 3000 3206 τραπεὶς
3028 3137 3241 3206 φεύγει,
3286 3138 3472 3189 πᾶσαν
3501 3136 3596 3206 τὴν
3617 3134 3813 3204 δύναμιν

2272 3225 2589 3282 ἀποϐαλών.
2625 3226 2913 3297 Ἐμϐαλὼν
2961 3227 3017 3281 δὲ
3062 3228 3162 3282 σὺν
3209 3228 3363 3299 ἀδείᾳ
3403 3227 3725 3298 Μιθριδάτης
3750 3225 3814 3285 είς

593 3332 710 3378 tum
769 3324 889 3380 alia:
920 3324 1228 3394 capiuntur,
1251 3323 1372 3378 alia:
1399 3323 1456 3377 in
1484 3322 1642 3377 fidem
1672 3324 1814 3393 regis
1847 3324 2166 3378 concedunt.

2275 3316 2372 3385 τὴν
2399 3318 2653 3373 Βιθυνίαν
2680 3294 2777 3383 τάς
2800 3336 2860 3372 τε
2894 3319 3078 3382 πόλεις
3118 3322 3211 3374 καὶ
3236 3294 3350 3390 τὴν
3386 3294 3573 3391 χώραν
3610 3313 3810 3386 άμαχὶ’¹

593 3413 662 3469 Ει
697 3427 915 3484 repente
974 3417 1170 3487 ingens
1221 3415 1274 3469 lit
1317 3430 1498 3469 rerum
1537 3415 1910 3481 commutatio,
1946 3414 2171 3471 Rhodiis

594 3508 937 3564 solummodo
960 3507 1013 3562 in
1047 3507 1285 3562 amicitia
1323 3505 1693 3561 Romanorum
1727 3504 2167 3576 perdurantibus.

596 3599 826 3667 Ideoque
866 3606 1011 3651 terra
1050 3597 1294 3666 marique
1335 3595 1535 3651 bellant
1563 3604 1757 3649 contra
1806 3595 1953 3665 ipsos
2001 3594 2171 3648 movit

598 3687 963 3751 Mithridates,
999 3686 1126 3742 licet
1154 3686 1348 3743 Rhodii
1378 3688 1579 3741 virtute
1599 3696 1655 3741 et
1675 3685 1889 3740 fortuna
1916 3685 1988 3739 ita
2021 3695 2173 3739 aute-

593 3780 877 3843 cellerent,
898 3789 1138 3851 utprupe
1167 3789 1314 3836 esset
1362 3781 1537 3850 ipsum
1567 3793 1749 3850 regem
1783 3778 1959 3834 navali
1987 3778 2171 3847 praalio

598 3875 651 3925 in
702 3873 936 3927 hostium
986 3873 1173 3927 venire
1223 3887 1436 3928 manus.
1485 3871 1761 3928 Intellecto
1807 3881 1927 3941 post
1966 3869 2171 3942 231a

596 3962 958 4027 Mithridates,
983 3964 1133 4019 cives
1163 3963 1438 4018 Romanos
1461 3977 1559 4033 per
1592 3962 1763 4018 urbes
1788 3960 1932 4017 Asia:
1957 3963 2171 4031 disper-

595 4069 689 4108 sos
730 4055 972 4112 consiliis
1010 4055 1123 4110 suis
1175 4054 1564 4124 impedimequ
1606 4069 1749 4120 esse,
1798 4054 1865 4108 ad
1918 4055 2169 4109 civitates

596 4148 840 4218 scripsit,
883 4158 942 4204 ut
968 4164 1077 4203 uno
1110 4149 1198 4201 die
1227 4163 1417 4203 omnes
1449 4148 1590 4219 apud
1623 4162 1684 4203 se
1718 4149 1994 4203 Romanos
2018 4148 2170 4203 occi-

597 4242 807 4295 derent.
844 4240 908 4294 Et
947 4240 1217 4309 pleraeque
1262 4240 1407 4296 dicto
1441 4239 1560 4310 ejus
1601 4239 1917 4306 audientes,
1968 4241 2169 4293 caedem

498 4337 511 4352 '
600 4342 806 4385 tantam
855 4339 1175 4401 patrarunt,
1226 4340 1286 4386 ut
1337 4347 1444 4387 uno
1495 4333 1794 4401 eodemque
1846 4331 1935 4386 die
1996 4330 2171 4387 80000

597 4424 779 4494 gladio
808 4434 1037 4480 mortem
1076 4434 1420 4494 oppeterent.

2276 3410 2508 3483 κατέσχε
2535 3428 2548 3442 ·
2585 3413 2681 3466 καὶ
2724 3412 2833 3466 τῶν
2862 3412 3041 3468 ἄλλων
3065 3413 3123 3467 δὲ
3171 3414 3381 3467 πόλεων
3426 3414 3536 3467 τῶν
3581 3412 3711 3466 κατά
3734 3410 3813 3479 τὴν

2283 3503 2470 3559 Ἀσίαν
2506 3505 2563 3557 αἱ
2606 3506 2705 3576 μέν
2739 3504 3029 3575 ἡλίσκοντο
3067 3509 3123 3560 αἱ
3145 3506 3201 3561 δὲ
3231 3507 3616 3578 προσεχώρουν
3641 3503 3711 3574 τῷ
3737 3502 3812 3571 βα-

2274 3596 2429 3661 σιλεῖ,
2479 3596 2573 3650 καὶ
2627 3597 2898 3671 μεταϐολὴ
2948 3600 3057 3653 τῶν
3121 3601 3257 3655 ὅλων
3310 3600 3492 3671 ἁθρόα
3533 3599 3809 3657 καθίστατο,

2285 3685 2502 3740 Ῥοδίων
2546 3688 2706 3758 μόνον
2755 3690 2853 3761 τὴν
2887 3690 3026 3761 πρὸς
3058 3690 3366 3761 Ῥωμαίους
3401 3690 3721 3762 στεργόντων
3743 3702 3812 3749 φι-

2274 3778 2418 3833 λίαν.
2467 3779 2547 3833 Δι’
2593 3781 2662 3852 ἢν
2709 3783 2830 3836 κατ’
2855 3783 3037 3836 αὐτῶν
3080 3782 3423 3854 Μιθριδάτης
3464 3784 3555 3837 καὶ
3579 3779 3707 3835 κατὰ
3730 3777 3812 3847 γῆν

2275 3873 2372 3927 καὶ
2428 3875 2571 3929 κατὰ
2603 3875 2873 3929 θάλατταν
2930 3876 3098 3931 ἐκίνει
3144 3876 3237 3929 τὸν
3280 3877 3536 3947 πόλεμον,
3585 3876 3630 3928 εί
3663 3869 3810 3927 καὶτὸ

2277 3966 2441 4020 πλέον
2475 3968 2671 4022 Ῥόδιοι
2701 3968 2879 4040 ἔσχον,
2918 3968 2994 4033 ὡς
3027 3970 3123 4023 xui.
3163 3970 3326 4025 αὐτὸν
3358 3970 3680 4044 Μιθριδάτην
3702 3982 3805 4018 ναυ-

2279 4060 2560 4129 μαχοῦντα
2595 4062 2761 4129 ἐγγὺς
2789 4061 2883 4115 τοῦ
2913 4062 3119 4115 ἁλῶναι
3149 4062 3349 4116 ἐλθεῖν.
3400 4063 3553 4117 Μετὰ
3579 4061 3632 4115 δὲ
3668 4058 3809 4112 ταῦτα

2282 4151 2471 4223 μαθὼν
2510 4153 2851 4225 Μιθριδάτης
2879 4154 2954 4218 ὡς
2981 4157 3031 4207 oi
3066 4156 3204 4209 κατὰ
3233 4156 3334 4218 τάς
3370 4154 3554 4218 πόλεις
3585 4149 3808 4221 σποράδες

2292 4246 2559 4317 Ῥωμαῖοι
2596 4249 2708 4302 τῶν
2756 4252 2889 4322 παρ’
2941 4251 3108 4304 αὑτοῦ
3151 4251 3553 4320 διανοουμένων
3598 4243 3808 4319 ἐμποδὼν

2278 4337 2549 4401 ἵστανται,
2591 4342 2792 4412 γράφει
2824 4344 2959 4415 πρὸς
2986 4346 3169 4409 πάσας
3199 4345 3304 4398 ὑπὸ
3336 4346 3468 4414 μίαν
3491 4343 3690 4415 ἡμέραν
3708 4338 3805 4396 τοὺς

2276 4432 2407 4501 παρ’
2424 4432 2613 4497 αὐταῖς
2652 4434 2958 4505 Ῥωμαίους
2972 4436 3243 4504 φονεύειν.
3264 4437 3376 4491 Καὶ
3398 4436 3580 4489 πολλοὶ
3600 4427 3804 4485 πεισθέν-

592 4535 685 4582 τες
712 4516 967 4572 τοσοῦτον
1015 4518 1177 4587 φόνον
1212 4518 1575 4588 εἰργάσαντο,
1605 4518 1682 4582 ὡς
1726 4516 1994 4589 μυριάδας
2021 4516 2166 4573 ὀκτὼ
2210 4518 2271 4574 ἐν
2312 4527 2414 4597 μιᾷ
2448 4529 2543 4581 καὶ
2591 4531 2659 4601 τῇ
2691 4530 2830 4600 αὐτῇ
2875 4529 3061 4601 ἡμέρᾳ
3118 4528 3208 4583 τὸν
3235 4529 3323 4583 διὰ
3395 4532 3580 4602 ξίφους
3628 4522 3806 4593 ὀλεθρον

596 4609 916 4678 ὑποστῆναι.

1097 4723 1226 4779 Cap.
1261 4720 1498 4778 XXXIV.
1528 4754 1590 4763 —
1619 4721 1784 4793 Syllw
1807 4724 2037 4778 victarim
2062 4725 2128 4778 de
2154 4724 2338 4780 Taxile
2373 4734 2423 4779 et
2449 4726 2704 4781 Archelao
2736 4726 3067 4783 Mithridatis
3092 4729 3332 4785 ducibus.

671 4836 770 4892 Ubi
806 4851 935 4893 vero
969 4836 1175 4891 Eretria
1206 4846 1261 4892 et
1287 4836 1503 4891 Chalcis
1529 4838 1774 4905 adeoque
1810 4848 1918 4894 tota
1978 4839 2179 4894 Eubwa
2212 4843 2259 4900 ι)

594 4932 662 4983 ad
700 4930 1061 4984 Mithridatem
1094 4944 1217 4984 sese
1255 4929 1633 4998 applicarant,
1673 4929 1900 4999 aliaeque
1941 4933 2007 4986 ad
2050 4949 2171 4986 emn

596 5023 845 5077 civitates
880 5023 1270 5087 transiverant,
1314 5021 1474 5076 victis
1519 5023 1683 5076 etiam
1727 5020 2172 5084 Lacedzcmoniis,

596 5111 799 5183 Syllam
834 5126 957 5165 cum
990 5112 1138 5181 justo
1169 5115 1385 5183 agmine
1433 5110 1661 5164 Romani
1695 5112 1970 5165 emittunt.
2007 5110 2175 5179 Cujus

597 5208 830 5260 adventu
848 5205 1123 5271 civitates,
1142 5205 1337 5275 partim
1371 5212 1562 5271 sponte
1582 5201 1912 5256 deditionem
1938 5200 2172 5267 faciunt,

597 5299 792 5372 partim
845 5299 894 5353 vi
950 5299 1002 5353 in
1075 5305 1390 5366 potestatem
1442 5294 1561 5364 ejus
1618 5293 1868 5351 veniunt.
1900 5292 2012 5347 Nec
2057 5294 2175 5348 exi-

595 5407 732 5462 guas
767 5391 1113 5447 Ponticorum
1155 5389 1339 5458 copias
1393 5386 1570 5440 fundit
1614 5396 1666 5440 et
1714 5385 1885 5457 fugat.
1934 5386 2180 5441 Athenas

595 5485 756 5540 etiam
790 5484 934 5552 cepit
964 5500 978 5536 :
1006 5492 1060 5536 et
1097 5479 1213 5536 solo
1258 5480 1387 5534 urbs
1416 5488 1623 5547 aequata
1659 5487 1823 5544 esset,
1872 5478 1977 5532 nisi
2025 5478 2178 5532 ocius

2366 4839 2650 4910 Ἐρετρίας
2681 4840 2737 4894 δὲ
2776 4842 2871 4894 καὶ⁸
2901 4842 3165 4907 Χαλκίδος
3194 4845 3292 4899 καὶ
3325 4845 3455 4915 ὅλης
3481 4841 3691 4903 Εύόοίας
3716 4837 3805 4895 τοῖς

2279 4928 2375 4983 τοῦ
2431 4931 2761 5003 Μιθριδάτου
2805 4933 3231 5004 προσθεμένων,
3279 4938 3374 4989 καὶ
3426 4936 3595 4991 ἄλλων
3639 4931 3805 4985 πόλεων

2281 5022 2433 5091 αὐτῷ
2472 5024 2969 5094 προσχωρούντων,
3002 5027 3099 5079 καὶ
3139 5026 3246 5099 μὴν
3286 5029 3379 5081 καὶ
3419 5022 3802 5095 Λακεδαιμονίων

2282 5114 2661 5183 ἡττηθέντων,
2706 5116 2914 5171 Σύλλαν
2935 5120 2979 5150 ’³
3029 5119 3406 5189 ἐκπέμπουσιν
3452 5122 3501 5174 oi
3553 5114 3799 5185 Ῥωμαίων

2283 5205 2476 5277 ἱκανὴν
2505 5207 2654 5277 αὐτῷ
2685 5210 3170 5281 συνεκπέμψαντες
3194 5213 3476 5284 στρατιάν.
3518 5211 3573 5263 ’0
3593 5208 3643 5262 δὲ
3663 5216 3802 5272 παραυ

2283 5298 2522 5368 γεγονὼς
2551 5299 2661 5353 τῶν
2700 5300 2908 5354 πόλεων
2945 5301 3044 5365 τὰς
3075 5303 3173 5372 μὲν
3215 5305 3549 5374 ἐκουσιότητι
3584 5291 3802 5370 μεταὸαλ-

2282 5390 2546 5458 λομένας,
2578 5392 2677 5455 τὰς
2708 5392 2762 5445 δὲ
2792 5392 2888 5446 καὶ
2915 5392 3008 5465 βίᾳ
3038 5396 3325 5466 κατέσχεν,
3357 5398 3456 5451 οὐκ
3481 5394 3647 5459 ὀλίγον
3674 5384 3796 5456 arpi

2281 5499 2458 5554 τευμα
2481 5482 2590 5537 τῶν
2618 5484 2896 5539 Ποντικῶν
2940 5486 3091 5558 μάχῃ
3134 5487 3489 5560 τρεψάμενος.
3516 5481 3632 5539 Εἵλε
3662 5481 3708 5533 δὲ
3732 5474 3802 5529 καὶ

1876 5621 2112 5677 VARIIE
2160 5623 2564 5686 LECTIONES.

666 5722 715 5752 θ’
742 5720 834 5772 τὸν
866 5734 977 5774 οιη.
1009 5720 1073 5773 Α.

597 5794 642 5824 ⁸⁸
671 5791 872 5860 ἀμαχεὶ
901 5808 964 5854 ς.
1039 5792 1083 5823 ⁹⁹
1118 5790 1284 5842 σεξλαν
1319 5793 1379 5847 Α.

1168 5719 1215 5801 1⁸
1246 5718 1422 5801 τὸν-α
1446 5717 1789 5791 Νικομήδην]
1822 5718 2118 5790 Σωκράτην
2138 5720 2623 5795 τὸν-Νικομήδει
2650 5722 2969 5780 Palmerius.
3039 5725 3083 5801 ’7‘
3111 5726 3314 5797 μυρίας
3344 5744 3403 5792 ς’.
3476 5725 3516 5758 ³⁷
3546 5719 3727 5789 Μάριος
3750 5726 3794 5773 ς·
