3994 6418
241 326 350 390 909

1312 329 1833 395 BIBLIOTHECA.
1855 356 1920 366 —
1948 330 2109 391 COD.
2131 330 2426 393 CCXXIV.

3372 323 3476 388 910

238 440 344 503 τὰς
395 436 627 509 Ἀθήνας
652 454 669 470 ο
724 438 822 491 καὶ
875 437 1221 494 κατέσκαπτο
1254 439 1321 495 ἂν
1366 443 1400 511 ἡ
1441 440 1615 506 πόλις,
1658 442 1708 493 εί
1744 440 1818 511 μὴ

1928 452 2138 497 senatus
2165 442 2439 495 ltomanus
2461 437 2619 509 Sylla:
2640 437 2974 510 propositum
3008 436 3331 510 init-egisset.
3352 434 3478 493 Post

242 532 459 586 θάττον.
484 531 518 602 ἡ
545 527 849 601 σύγκλητος
881 530 1166 599 Ῥωμαίων
1193 530 1290 601 τὴν
1339 531 1434 584 τοῦ
1478 532 1652 585 Σύλλα
1678 529 1819 599 γνώ-

242 637 355 690 μην
384 620 638 690 ἀνέκοψε.
672 618 887 687 Συχνῶν
918 618 972 672 δὲ
1001 621 1355 689 παρατάξεων
1386 622 1814 691 συνισταμένων,

237 715 299 768 ὲν
326 708 417 777 αἷς
446 714 506 767 τὸ
534 713 718 766 πλεῖον
746 707 896 783 εἶχον
926 715 977 766 οἱ
1008 714 1284 773 Ποντικοὶ.
1314 716 1407 767 καὶ
1434 714 1819 786 συμμεταϐαλ-

236 803 488 873 λομένων
526 802 633 857 τῶν
668 803 1013 875 πραγμάτων
1064 806 1177 860 τοῖς
1211 803 1699 875 κατορθουμένοις,
1733 804 1819 857 ἐν·

235 895 359 948 δεια
389 898 502 957 τοῖς
554 894 855 965 βασιλικοῖς
888 896 989 965 τῆς
1033 895 1240 964 διαίτης
1275 896 1495 964 ἐπέστη,
1546 896 1673 969 [752
1720 894 1816 967 R.]

235 986 470 1050 ἀσώτως
506 1003 567 1038 τε
602 986 736 1055 πρὸς
782 986 985 1056 ταύτην
1016 984 1144 1056 [579
1180 982 1270 1055 ιι]
1317 985 1682 1054 διακειμένοις
1722 984 1817 1037 καὶ

233 1082 525 1153 ταμιεύειν
562 1082 632 1135 τά
669 1082 938 1153 κτηθέντα
967 1084 983 1113 ⁸
1030 1083 1104 1153 μὴ
1138 1083 1543 1155 ἐπισταμένοις.
1583 1083 1693 1137 Καὶ
1734 1082 1815 1145 είς

239 1174 541 1245 συμφορῶν
574 1175 639 1228 ἂν
669 1173 925 1239 ἐξέπεσον
948 1175 1048 1244 τὴν
1078 1177 1334 1247 ἐσχάτην,
1366 1179 1415 1230 εί
1446 1175 1520 1247 μὴ
1550 1174 1817 1245 Ταξίλλης

252 1265 581 1336 Ἀμφίπολιν
639 1265 807 1329 ἐλὼν,
850 1264 944 1319 καὶ
974 1265 1065 1319 διὰ
1112 1267 1285 1320 ταῦτα
1333 1268 1433 1337 τῆς
1478 1252 1818 1328 Μακεδονίας

238 1359 383 1431 πρὸς
444 1358 603 1411 αὑτὸν
658 1357 1131 1429 μεταϐαλομένης,
1163 1359 1371 1412 ἐκεῖθεν
1418 1361 1515 1428 τὴν
1556 1357 1819 1427 ἀφθονίαν

240 1450 552 1521 ἐχορήγησε
581 1448 689 1501 τῶν
720 1448 1061 1518 ἐπιτηδείων.
1104 1443 1271 1511 Οὗτος
1306 1448 1363 1501 δὲ
1396 1447 1491 1500 καὶ
1529 1446 1821 1517 Ἀρχέλαος

243 1541 617 1614 συμμίξαντες
636 1541 705 1595 τά
730 1540 1115 1613 στρατεύματα
1132 1542 1153 1572 ³
1185 1540 1324 1609 ὑπὲρ
1350 1537 1447 1601 τάς
1466 1537 1525 1603 ἒξ
1552 1540 1821 1611 μυριάδας

241 1633 303 1687 τὸ
358 1634 559 1705 πλῆθος
582 1635 601 1665 ³
639 1630 793 1706 ἦγον.
842 1633 952 1687 Καὶ
1000 1630 1511 1702 στρατοπεδεύονται
1551 1633 1692 1687 κατὰ
1719 1632 1820 1704 τὴν

244 1726 462 1780 Φωκίδα
492 1725 710 1798 χώραν,
743 1724 1169 1787 ὑπαντιάσοντες
1195 1723 1274 1793 τῷ
1306 1721 1502 1792 Σύλλᾳ.
1547 1723 1604 1775 ὐ
1638 1723 1693 1776 δὲ
1725 1724 1821 1777 καὶ

1916 535 2137 589 crebros
2186 543 2365 587 autem
2413 530 2734 596 conﬂictus.
2785 531 2844 585 in
2900 530 3097 600 quibus
3148 530 3483 585 excellebant

1914 624 2147 690 Pontici,
2169 641 2290 680 cum
2308 624 2450 679 felici
2466 624 2575 693 jam
2607 638 2862 679 successu
2885 638 2975 680 res
2997 634 3479 683 eotnmutarentur.

1918 717 2191 771 alimonia:
2223 716 2402 785 inopia
2430 717 2593 787 regiis
2616 715 2879 783 incubuit,
2915 716 3058 785 quod
3083 716 3306 784 prodige
3335 715 3483 769 victu

1922 810 2300 873 abuterentur,
2320 817 2375 863 et
2400 807 2665 875 acquisita
2689 815 2836 862 recte
2857 806 3172 877 dispensare
3187 805 3482 861 nescirent.

1919 898 1986 952 Et
2018 899 2069 953 in
2100 908 2394 953 extremam
2429 899 2715 954 deventum
2760 910 2905 953 esset
2937 898 3335 964 calamitatem,
3381 897 3485 954 nisi

1919 989 2157 1056 Taxiles,
2205 1000 2360 1059 capta
2408 990 2738 1059 Amphipoli,
2789 991 3017 1060 ideoque
3061 984 3372 1045 Macedonia
3417 992 3485 1046 ad

1918 1082 2092 1153 ipsum
2154 1081 2457 1147 deﬁciente,
2530 1082 2733 1151 largam
2792 1084 3120 1138 cibariorum
3176 1083 3486 1138 facultatem

1918 1175 2043 1231 inde
2074 1176 2564 1231 subministrasset.
2606 1175 2703 1230 llic
2740 1185 2795 1231 et
2827 1176 3149 1243 Archelaus,
3187 1171 3487 1232 comuiistis

1919 1269 2245 1337 agminibus,
2298 1267 2418 1338 plus
2456 1282 2615 1337 quam
2649 1267 2823 1323 60000
2872 1268 3148 1323 hominum
3190 1270 3289 1323 sub
3320 1269 3488 1339 signis

1919 1359 2210 1425 ducebant,
2237 1369 2292 1413 et
2325 1360 2600 1414 occursuri
2636 1360 2797 1431 Syllae
2843 1360 2895 1416 in
2929 1359 3165 1416 Phocide
3218 1360 3490 1415 habebant

1919 1452 2139 1506 stativa.
2175 1449 2266 1505 Ille
2286 1465 2433 1516 vero,
2469 1449 2531 1505 L.
2572 1450 2861 1507 Hortensio
2891 1461 3190 1522 assumpto,
3226 1453 3315 1522 qtti
3347 1451 3488 1506 6000

1919 1555 1984 1595 ex
2022 1540 2168 1594 Italia
2213 1539 2537 1608 adduxerat,
2575 1542 2710 1597 satis
2742 1541 2957 1613 longum
3009 1542 3064 1596 in
3102 1543 3279 1599 medio
3321 1543 3491 1597 inter-

1924 1633 2121 1688 vallum
2157 1634 2492 1704 relinquens,
2511 1644 2690 1689 castra
2713 1637 2883 1705 ponit.
2906 1636 3155 1692 Archelai
3187 1646 3365 1690 autem
3393 1636 3495 1689 mi.

1922 1726 2108 1780 litibus
2164 1727 2523 1795 incomposite
2567 1728 2633 1783 ad
2700 1728 3135 1784 frumentandum
3194 1729 3493 1791 conversis.

244 1813 482 1867 Λούκιον
515 1814 832 1885 Ὀρτήνσιον
859 1815 880 1844 ⁸
915 1812 1058 1883 ὑπὲρ
1093 1813 1193 1876 τὰς
1217 1811 1276 1877 ἓξ
1300 1811 1544 1882 χιλιάδας
1564 1811 1584 1842 ⁵
1609 1813 1811 1877 άγοντα

1928 1816 2215 1885 improviso
2244 1816 2464 1872 adortus
2490 1826 2690 1883 castra,
2737 1828 2999 1891 quotquot
3018 1821 3207 1875 rob‘ore
3233 1819 3497 1890 pollentes

246 1905 307 1969 ἐξ
347 1904 578 1967 Ἰταλίας
606 1903 1076 1976 συμπαραλαϐὼν,
1101 1904 1206 1957 ἀπὸ
1239 1900 1434 1973 συχνοῦ
1454 1902 1821 1973 διαστήματος

243 1996 858 2069 άντεστρατοπεδεύετο.
922 1996 1044 2050 Ἐπὶ
1102 1996 1401 2064 σιτολογίαν
1459 1995 1516 2049 δὲ
1561 1996 1712 2067 παρὰ
1762 1996 1823 2049 τὸ

242 2090 463 2160 πρέπον
496 2088 604 2142 τῶν
636 2088 767 2161 περὶ
795 2089 887 2141 τὸν
929 2088 1219 2159 Ἀρχέλαον
1260 2086 1577 2158 τραπέντων
1598 2127 1613 2151 ,
1645 2087 1823 2157 ἀπρο-

242 2179 431 2241 ὀπτως
462 2178 665 2243 Σύλλας
702 2178 1002 2232 ἐπιτίθεται
1030 2178 1106 2249 τῷ
1130 2177 1241 2231 τῶν
1281 2177 1552 2247 πολεμίων
1595 2193 1824 2248 στρατο-

244 2272 428 2341 πέδῳ,
460 2269 554 2324 καὶ
583 2271 707 2332 τοὺς
739 2270 838 2340 μὲν
868 2267 1173 2341 εὐρώστους
1219 2256 1325 2322 τῶν
1352 2269 1588 2322 ἁλόντων
1618 2266 1817 2321 αὐτίκα

242 2362 473 2426 κτείνει,
502 2363 560 2427 ἐξ
589 2355 662 2415 ὧν
690 2362 746 2415 δὲ
769 2362 933 2432 φόϐον
964 2361 1258 2424 ἐπιθέσεως
1296 2361 1395 2414 οὐκ
1433 2357 1568 2431 εἶχε,
1603 2360 1825 2424 τούτους

1927 1907 2069 1975 cepit
2099 1906 2266 1978 Sylla,
2316 1909 2515 1963 occidit
2548 1927 2561 1964 :
2593 1925 2622 1964 a
2666 1911 2865 1980 quibus
2899 1922 3077 1966 autem
3122 1912 3299 1971 nullus
3344 1913 3496 1967 iuva-

1927 1995 2087 2049 dendi
2130 2006 2302 2051 metus
2335 2008 2475 2061 erat,
2522 1998 2620 2054 hos
2652 1998 2772 2054 loco
2802 2000 3167 2056 circumdatos
3211 2001 3361 2070 ignes
3401 2014 3494 2053 ae-

1926 2085 2155 2140 cendere
2169 2087 2343 2153 jubet,
2365 2099 2471 2143 uta
2499 2089 2838 2159 pabulatione
2863 2100 3195 2146 revertentes
3221 2092 3500 2161 Opperiau-

1933 2186 2040 2240 tur,
2078 2178 2222 2233 nulla
2252 2180 2465 2235 adversi
2497 2197 2656 2236 casus
2687 2182 2995 2252 suspicione
3026 2183 3267 2253 praebita.
3303 2182 3412 2239 Hoc
3442 2192 3502 2238 ut

1928 2269 2224 2337 prudenter
2262 2273 2330 2326 ab
2377 2273 2705 2340 imperatore
2760 2276 3034 2344 provisum
3077 2287 3219 2342 erat,
3270 2276 3501 2331 feliciter

1930 2363 2102 2415 exivit
2140 2381 2153 2416 :
2197 2367 2591 2439 magniﬁcaque
2616 2369 2840 2426 victoria
2868 2374 3145 2443 potiuntur
3179 2372 3406 2445 Syllani.

243 2458 564 2529 περιίστησι
605 2458 682 2528 τῷ
717 2458 900 2530 χωρίῳ
928 2456 1025 2511 καὶ
1063 2457 1213 2527 πυρά
1248 2456 1459 2510 κελεύει
1514 2456 1714 2520 καίειν,
1762 2456 1837 2520 ὡς
1883 2457 2011 2520 τοὺς
2055 2458 2163 2511 ἀπὸ
2240 2461 2339 2531 τῆς
2404 2466 2709 2533 σιτολογίας
2767 2467 3197 2539 ἀφικνουμένους
3266 2469 3502 2540 δέχοιντο

244 2552 523 2623 μηδεμίαν
568 2552 825 2605 ὑπόνοιαν
884 2550 1247 2621 παρεχόμενοι
1286 2549 1381 2603 τοῦ
1424 2550 1666 2613 πάθουςο
1726 2550 1821 2604 καὶ
1868 2550 2070 2623 συνέϐη
2116 2553 2194 2617 ὡς
2240 2556 2663 2632 ἐστρατηγήθη,
2697 2561 2792 2616 καὶ
2840 2562 3103 2634 λαμπρὰν
3177 2563 3276 2634 τὴν
3346 2564 3503 2635 νίκην

245 2650 413 2720 ἔσχον
451 2650 502 2701 οἱ
541 2650 669 2719 περὶ
704 2648 795 2701 τὸν
826 2646 1055 2701 Σύλλαν.

658 2770 786 2826 CAP.
821 2768 1038 2824 XXXV.
1069 2799 1137 2810 -—
1170 2768 1533 2823 Heraclienses
1586 2767 1741 2821 Chios
1794 2785 1827 2821 a
1873 2767 2106 2841 Dorylae
2151 2771 2205 2825 in
2234 2774 2526 2829 servitutem
2555 2778 2790 2830 redactos
2822 2777 3108 2835 uindicant.

322 2867 492 2929 Χίους
538 2867 594 2919 δέ
641 2866 715 2930 ώς
783 2865 1009 2927 Ῥοδίοις
1061 2864 1530 2935 συμμαχήσαντας
1583 2862 1834 2916 αἰτιασά-

247 2978 418 3031 μενος
446 2961 474 3012 ὁ
496 2958 856 3031 Μιθριδάτης,
884 2958 1002 3009 κατ’
1024 2956 1200 3009 αὐτῶν
1230 2956 1509 3025 Δορύλαον
1532 2955 1834 3024 ἐκπέμπει,

2007 2863 2170 2920 Chios
2204 2876 2329 2922 tunc
2376 2867 2633 2925 incusans
2664 2869 3019 2936 Mithridates,
3083 2870 3229 2939 quod
3280 2866 3506 2923 Rhodiis

1936 2958 2139 3011 auxilia
2189 2958 2488 3019 misissent.
2553 2958 2765 3031 Dorylai
2823 2974 2985 3029 opera
3045 2960 3367 3030 impugnat:
3403 2957 3497 3027 qui

242 3051 336 3114 ὃς,
377 3051 424 3102 εἰ
454 3049 546 3103 καὶ
575 3046 756 3118 πολλῷ
793 3047 962 3117 πόνῳ,
993 3046 1092 3115 τὴν
1123 3044 1280 3097 πόλιν
1314 3044 1568 3113 κατέσχε,
1602 3043 1697 3096 καὶ
1734 3042 1823 3112 τὴκ.

1937 3048 2130 3119 (multo
2164 3048 2289 3104 licet
2327 3048 2535 3121 labore)
2574 3060 2627 3103 et
2657 3051 2841 3104 urbem
2876 3048 3038 3117 cepit,
3070 3059 3124 3103 et
3164 3062 3322 3118 agros
3368 3046 3511 3101 Pon-

248 3143 363 3213 μὲν
405 3139 587 3211 χώραν
615 3138 906 3208 κατένειμε
951 3140 1063 3200 τοῖς
1102 3136 1403 3199 Ποντικοῖς,
1448 3134 1572 3197 τοὺς
1599 3133 1655 3187 δὲ
1686 3132 1832 3186 πολί-

1939 3139 2061 3194 ticis
2086 3140 2289 3203 divisit,
2314 3150 2367 3194 et
2395 3141 2541 3195 cives
2586 3141 2811 3210 navlgiis
2857 3140 3048 3211 2311:
3097 3139 3373 3209 impositos
3401 3138 3506 3192 huc

245 3248 359 3294 τας
389 3229 592 3292 πλοίοις
614 3226 870 3298 ἐμϐαλὼν
899 3226 1147 3297 διέφερεν
1166 3226 1257 3277 ἐπὶ
1284 3225 1374 3278 τὸν
1402 3225 1617 3278 Πόντον.
1664 3219 1823 3296 Ἥρω

1942 3231 2067 3287 illuc
2095 3235 2146 3287 in
2176 3232 2351 3288 Ponto
2385 3234 2611 3289 distulit.
2656 3236 2727 3287 At
2767 3228 3160 3296 lleraclienses,
3192 3229 3335 3297 quod
3372 3230 3511 3283 anti-

246 3318 495 3373 κλεῶται
528 3317 607 3385 δὲ,
638 3317 758 3369 ἐπεὶ
782 3317 933 3386 φιλία
967 3316 1149 3377 αὐτοῖς
1178 3315 1314 3386 πρὸς
1341 3314 1504 3375 Χίους
1531 3310 1621 3385 ἦν,
1658 3315 1719 3369 ἐν
1754 3315 1832 3387 τῷ

248 3410 533 3479 παράπλῳ
568 3410 667 3471 τὰς
699 3408 962 3470 Ποντικάς
999 3408 1154 3477 νῆας,
1195 3406 1251 3460 αἲ
1291 3408 1418 3468 τοὺς
1455 3406 1831 3476 αἰχμαλώτους

247 3498 417 3572 ἦγον,
451 3503 863 3571 ἐφορμήσαντες
886 3500 1075 3563 αὑταῖς
1106 3499 1216 3553 οὐδ’
1241 3497 1664 3567 ἀνθισταμέναις
1688 3497 1830 3567 (οὐδὲ

252 3595 373 3662 γάρ
404 3592 703 3664 ἐξήρκουν)
735 3592 974 3663 κατῆγον
1010 3594 1103 3645 ἐπὶ
1133 3593 1230 3664 τὴν
1261 3592 1440 3647 πόλιν.
1470 3590 1580 3645 Καὶ
1618 3606 1830 3661 παραυ-

250 3689 391 3740 τίκα
432 3687 502 3740 τά
537 3687 673 3757 πρὸς
700 3689 798 3759 τὴν
827 3688 1013 3758 χρείαν
1040 3688 1403 3759 χορηγοῦντες
1438 3686 1687 3756 ἀφθόνως
1718 3688 1830 3749 τοῖς

252 3782 503 3846 Χιώταις
549 3783 769 3847 τούτους
812 3784 1220 3854 ἀνελάμϐανον,
1261 3784 1355 3838 καὶ
1397 3782 1835 3852 ὖστερονμεγα-

253 3874 556 3944 λοπρεπῶς
602 3876 978 3946 δωρησάμενοι
1029 3877 1087 3928 ἐν
1151 3877 1218 3947 τῇ
1292 3873 1511 3946 πατρίδι
1557 3872 1835 3927 ἀπεκατέ-

257 3985 489 4038 στησαν.

1938 3328 2065 3382 citia
2092 3326 2220 3396 ipsis
2242 3341 2363 3381 cum
2387 3325 2539 3381 Chiis
2561 3326 2884 3390 intercessit,
2916 3324 3171 3379 Panticas
3195 3323 3248 3377 in
3278 3321 3510 3376 transitu

1939 3437 2122 3485 naves,
2150 3436 2266 3491 qua:
2300 3421 2543 3489 captivos
2562 3419 2848 3482 vehebant,
2872 3418 3066 3479 adorti,
3100 3431 3167 3469 ne
3198 3414 3512 3469 resistentes

1937 3515 2151 3584 quidem
2196 3515 2326 3581 (non
2373 3513 2515 3567 enim
2564 3522 2650 3567 sat
2697 3512 2893 3585 viriunt
2928 3508 3067 3578 erat)
3104 3508 3155 3562 in
3191 3507 3379 3562 urbem
3419 3507 3509 3560 «ιιι

1937 3611 2157 3665 duxere.
2190 3606 2254 3662 Et
2272 3621 2415 3662 nunc
2442 3604 2656 3677 quidem
2682 3600 2829 3675 large
2855 3602 3015 3660 rebus
3037 3601 3358 3659 necessariis
3381 3614 3513 3668 supc

1936 3701 2192 3772 peditatis
2257 3699 2504 3756 reficiunt
2536 3698 2757 3753 Chiotas
2791 3716 2803 3751 :
2836 3697 3177 3767 postmodum
3220 3709 3371 3759 vero,
3399 3695 3513 3749 esi-

1944 3792 2070 3847 miis
2096 3791 2319 3846 allectos
2345 3789 2659 3845 muneribus
2678 3825 2696 3855 ,
2724 3787 2779 3843 in
2808 3789 3037 3859 patriam
3068 3787 3377 3842 restituunt.

489 4081 619 4137 CAP.
660 4081 901 4136 XXXVI.
936 4113 982 4124 —
1045 4081 1283 4137 Valerius
1306 4078 1551 4148 Flaccus,
1592 4096 1860 4135 successor
1885 4076 2068 4148 Syllae,
2111 4072 2406 4126 trucidatur
2426 4085 2459 4123 a
2478 4064 2721 4123 Fimbria
2742 4067 3003 4137 hujusque
3028 4075 3315 4121 successus.

2022 4197 2136 4253 Sub
2160 4211 2223 4251 ea
2260 4194 2445 4249 Romae
2473 4203 2695 4249 senatus
2725 4189 2942 4244 Valerio
2972 4186 3168 4242 Flacco
3188 4195 3241 4242 et
3266 4184 3517 4239 Fimbria:

350 4209 412 4262 'H
440 4210 497 4263 δὲ
529 4208 829 4279 σύγκλητος
861 4208 1111 4262 Φλάκκον
1133 4206 1426 4276 Οὐαλέριον
1453 4208 1549 4261 καὶ
1574 4205 1845 4277 Φιμϐρίαν

263 4302 476 4369 πέμπει
508 4276 763 4371 πολεμείν
801 4300 1132 4373 Μιθριδάτῃ,
1167 4299 1504 4370 ἐπιτρέψασα
1541 4299 1637 4351 καὶ
1667 4297 1823 4368 Σύλλς

1950 4289 2146 4345 bellum
2174 4285 2591 4341 Mithridaticum
2621 4280 2910 4337 committit
2939 4295 2955 4332 :
2986 4294 3107 4333 cum
3138 4276 3424 4340 mandatis,
3458 4288 3515 4330 ut
3582 4328 3599 4349 ,

263 4370 671 4464 συλλαμϐάνειν
723 4392 801 4463 τῷ
853 4370 1149 4464 πολέμῳ),
1204 4394 1366 4462 ὃμοια
1432 4390 1718 4463 φρονοῦντι
1773 4393 1823 4459 τῇ

1949 4382 2183 4451 Syllum,
2225 4382 2269 4435 si
2316 4388 2498 4448 partes
2537 4385 2762 4431 senatus
2807 4382 3043 4435 tueatur,
3093 4370 3391 4440 adjuvent;
3433 4370 3517 4423 sin

266 4487 593 4557 συγκλήτῳ’
626 4485 752 4539 είδέ
785 4486 881 4555 μὴ,
902 4485 1003 4555 τὴν
1037 4484 1175 4557 πρὸς
1217 4485 1379 4537 αὐτὸν
1412 4484 1678 4554 πρότερον
1714 4500 1823 4536 συνι

1951 4476 2151 4539 minus,
2183 4488 2304 4529 cum
2334 4471 2450 4541 ipso
2484 4468 2633 4538 prius
2679 4481 2869 4521 manus
2894 4474 3200 4520 conserant.
3235 4464 3326 4518 Ille
3357 4464 3523 4530 igitur

266 4579 402 4647 ἅψαι
451 4556 652 4647 μάχην.
710 4568 880 4638 Οὗτος
915 4574 1035 4630 κατ’
1076 4575 1252 4646 ἀρχὰς
1282 4574 1380 4646 μὲν
1417 4574 1689 4633 ποικίλαις
1714 4574 1823 4627 ἐπάη

1952 4568 2117 4622 variis
2154 4567 2307 4621 initio
2340 4561 2736 4619 colluctabatur
2776 4559 2941 4615 sortis
2987 4558 3229 4613 adversa:
3282 4556 3520 4611 casibus.

268 4668 383 4719 λαιε
416 4666 722 4735 συμφοραῖς
755 4664 933 4735 (λιμόν
961 4680 1021 4717 τε
1050 4664 1159 4735 γὰρ
1187 4665 1279 4717 καὶ
1300 4664 1367 4716 τά
1402 4662 1512 4716 ἀπὸ
1536 4663 1634 4733 τῆς
1666 4662 1823 4732 μάχης

1950 4658 2083 4713 Nam
2109 4668 2163 4710 et
2191 4659 2390 4711 famem
2430 4666 2486 4710 et
2526 4653 2715 4708 Martis
2750 4652 3093 4720 iniquitatem
3119 4648 3378 4703 sustinuit
3415 4666 3429 4701 :
3467 4647 3520 4699 in

230 4766 250 4775 ‘
269 4758 591 4827 πταίσματα
622 4755 812 4826 ἔσχε),
842 4755 1171 4826 κατώρθωσε
1205 4754 1389 4825 μέντοι
1416 4754 1487 4807 τά
1518 4754 1686 4806 πλείω
1710 4770 1723 4785 ο
1758 4755 1823 4806 δι;

1950 4751 2222 4820 plerisque
2261 4758 2438 4802 tamen
2485 4762 2746 4818 prospero
2788 4746 3018 4800 fortunae
3064 4757 3322 4797 successu
3370 4756 3521 4794 usus.

272 4851 325 4904 δὲ
361 4850 673 4913 Βυζαντίων
704 4850 798 4901 ἐπὶ
826 4847 1077 4900 Βιθυνίαν
1116 4846 1424 4910 διαϐαλὼν,
1465 4845 1719 4899 κάκεῖθεν
1758 4846 1823 4897 ἐπ

1951 4843 2159 4910 Perque
2199 4840 2617 4911 Byzantinorutn
2662 4838 2798 4893 ﬁnes
2845 4838 2895 4891 in
2942 4835 3241 4906 Bithyniam
3273 4849 3526 4903 progres-

272 4942 527 5003 Νίκαιαν,
567 4941 664 5010 τῆς
711 4938 936 5009 πορείας
968 4937 1121 5008 ἔστη.
1165 4938 1438 5000 Ὡσαύτως
1486 4938 1544 4991 δὲ
1578 4938 1672 4989 καὶ
1715 4938 1823 5006 Φιμ

1953 4950 2068 4999 sus,
2128 4943 2180 4987 et
2227 4933 2347 4986 inde
2387 4930 2623 4985 Nic-(enm
2679 4945 2893 4993 versus,
2945 4929 3139 4981 stativa
3191 4926 3399 4980 habuit.
3454 4926 3523 4977 At

276 5033 433 5104 ϐρίας
470 5034 589 5101 ἆμα
618 5033 731 5094 τοῖς
782 5034 879 5083 σὺν
916 5029 1064 5099 αὒτῷ
1091 5028 1475 5097 διεπεραιώθη.
1504 5026 1755 5079 Φλάκκου
1794 5027 1821 5078 δ

1956 5022 2249 5085 Flaccum,
2288 5023 2416 5075 dum
2467 5021 2685 5088 indigne
2733 5019 2836 5073 fert
2882 5019 2948 5072 ab
2983 5018 3224 5071 exercitu
3276 5014 3527 5069 Fimbria!

277 5122 717 5193 δυσχεραίνοντος
751 5122 832 5174 ὅτι
871 5119 1143 5190 Φιμϐρίαν
1181 5120 1383 5189 μᾶλλον
1404 5157 1419 5181 ,
1452 5120 1545 5172 άτε
1576 5117 1639 5188 δὴ
1670 5118 1823 5186 φιλαν

1958 5116 2075 5183 plus
2123 5114 2333 5175 faveri,
2395 5113 2791 5181 imperiumque
2832 5110 2978 5181 ejus,
3014 5120 3199 5177 utpote
3244 5109 3426 5162 mitius
3474 5117 3528 5160 et

278 5215 511 5285 θρώπως
552 5215 820 5285 ἄρχοντα,
876 5212 939 5265 τὸ
985 5212 1185 5282 πλῆθος
1222 5209 1466 5281 Ῑάρχειν]
1499 5210 1712 5277 ἠγάπα,
1762 5226 1823 5261 κα

1962 5209 2268 5270 humanius,
2302 5205 2570 5274 pra'ferri,
2613 5208 2841 5273 ideoque
2884 5213 2939 5257 et
2984 5203 3158 5271 ipsum
3195 5213 3251 5254 et
3298 5201 3526 5254 militum

280 5307 778 5376 ὃιαλοιδορουμένου
810 5305 959 5374 αὐτῷ
997 5322 1056 5357 τε
1092 5305 1184 5356 καὶ
1214 5302 1323 5354 τῶν
1356 5302 1705 5371 στρατιωτῶν
1746 5304 1823 5353 τοί

1962 5300 2254 5356 nobiliores
2288 5299 2634 5359 criminatur,
2670 5300 2775 5347 duo
2813 5312 2920 5365 pne
2951 5295 3071 5347 aliis
3098 5295 3173 5346 ira
3213 5293 3525 5346 inﬂammat.-

282 5398 752 5467 ἑπιφανεστέροις,
784 5395 877 5449 δύο
908 5396 1017 5448 τῶν
1044 5394 1218 5448 ἄλλων
1266 5394 1425 5445 πλέον
1449 5393 1526 5454 είς
1574 5392 1745 5464 ὀργὴν
1773 5389 1823 5457 ἐξ

1962 5394 2250 5448 trucidant.
2299 5393 2415 5458 Quo
2444 5392 2661 5445 nomine
2690 5399 2910 5443 senatus
2941 5386 3193 5443 Fimbriae
3222 5386 3387 5441 i‘rasci’
3412 5386 3530 5455 qui-

282 5490 541 5559 αφθέντες
563 5491 996 5555 ἀποσφάττουσιν
1022 5488 1207 5541 αὐτόν.
1237 5485 1353 5555 Ἑφ-
1385 5479 1466 5551 οἷς
1488 5486 1528 5556 ὴ
1557 5484 1823 5556 σύγκλητο

1965 5487 2112 5550 dem,
2146 5489 2239 5539 sed
2277 5494 2454 5538 tamen
2497 5484 2835 5538 dissimulata
2877 5482 3246 5553 indignatione
3281 5478 3530 5537 consula-

1548 5595 1789 5654 VAlllAS
1816 5599 2217 5654 LECTlONhS.

390 5691 407 5765 ξ
440 5690 725 5744 κτισθέντα
754 5704 813 5754 ς’.
870 5692 913 5765 γ’
941 5690 1001 5765 ab
1032 5691 1346 5765 στράτευμα
1380 5706 1439 5759 ς,
1492 5694 1536 5765 ί³
1572 5696 1769 5762 π).ἦοος
1812 5696 1875 5747 Δ.
1898 5695 1974 5765 τὸ
2024 5694 2206 5747 πλεῖον
2236 5711 2297 5765 ς.
2412 5692 2795 5765 δλουκίνσιονη
2821 5688 3089 5759 ὀρτίνσιον
3141 5686 3206 5741 Α.
3268 5683 3538 5739 λουϐίσιον

289 5761 518 5826 όρτίσιον
553 5777 613 5827 ς’.
673 5764 905 5818 correxit
950 5761 1209 5833 Scaliger.
1274 5761 1305 5797 ’⁸
1338 5764 1574 5831 χιλιάδας
1606 5766 1685 5818 Ᾱε
1720 5784 1823 5831 pug.

1928 5782 1984 5827 ας
2019 5782 2080 5829 ς.
2158 5767 2179 5796 ⁶
2210 5764 2301 5817 τοῦ
2344 5764 2577 5828 πολέμου
2618 5764 2939 5818 Schtxfcrus.
