3994 6404
571 330 672 394 911
1720 320 1984 391 PHOTII
2024 330 2138 389 PA']

2241 327 2523 388 fARCH/E
2560 328 2668 389 (ΣΡ.
3710 319 3813 383 912

558 460 671 503 tum
699 446 747 501 ei
800 445 1195 502 decernendum
1247 459 1456 503 curare.
1498 445 1596 501 IIic
1633 462 1784 516 ergo,
1813 462 2000 502 onmes
2044 446 2138 501 sub

2243 445 2383 498 κατὰ
2403 442 2669 513 Φιμϐρίου
2693 442 3092 511 ἠγανάκτησεν.
3120 438 3311 509 Ὅμως
3353 438 3444 493 οὖν
3473 439 3571 510 τὴν
3614 440 3817 508 ἀγανάσ

565 541 786 610 imperio
812 542 995 611 c0pias
1030 540 1258 603 habens,
1292 540 1561 602 civitates.
1595 539 1729 595 alias
1760 540 2032 594 voluntate
2070 540 2138 608 ip-

2246 553 2438 606 κτησιν
2457 534 2773 604 κρύπτουσα
2796 532 3057 586 ὑπατείαν
3075 531 3222 601 αὐτῷ
3244 530 3581 601 ψηφισθῆναι
3598 531 3818 601 διεπρά-

564 650 767 699 sarnm,
792 633 926 688 alias
948 633 996 687 vi
1027 648 1121 686 sua
1145 628 1407 701 adjunxit.
1429 630 1752 685 Mithridatis
1781 640 1955 685 autem
1980 632 2141 695 lilius,

564 742 681 779 cum
724 724 911 779 Taxile
945 734 999 779 et
1050 723 1350 793 Diopltanto
1394 733 1448 777 et
1493 722 1810 789 Menandro,
1850 724 2137 777 ductorum

564 818 1022 887 przestantissimis
1063 818 1403 886 conjunctus,
1442 825 1495 870 et
1543 832 1738 886 magno
1785 821 2000 886 agmine
2059 817 2143 870 in-

565 919 824 974 structus,
859 907 1114 963 Fimbriae
1158 920 1409 963 occursat
1438 927 1451 963 :
1477 917 1531 961 et
1562 908 1736 977 primo
1778 907 2140 962 Barbarorut‘n

566 1001 711 1054 vires
738 1000 1075 1070 praecellunt.
1114 999 1293 1067 Quare
1322 1000 1651 1055 detrimenta
1679 1000 1730 1052 in
1763 1000 2015 1053 conflictu
2044 1015 2142 1054 ac‘

565 1102 759 1161 cepta,
825 1101 1207 1161 stratagemate
1271 1094 1539 1147 resarcire
1592 1093 1835 1162 cogitans
1898 1091 2140 1147 Fimbria

566 1182 758 1251 (hostis
782 1184 924 1238 enim
959 1198 1180 1238 numero
1215 1183 1442 1237 militum
1465 1184 1708 1251 superior
1736 1183 1898 1255 erat),
1924 1200 2044 1238 cum
2076 1184 2141 1238 ad

567 1272 760 1328 llutnen
794 1275 1065 1343 quoddam
1114 1286 1431 1345 perventum
1463 1286 1643 1340 esset,
1686 1277 1826 1344 quod
1858 1285 2145 1344 utrumque

566 1366 859 1421 exercitum
876 1366 1170 1432 divideret,
1193 1366 1365 1421 imbre
1385 1369 1483 1422 sub
1509 1383 1759 1423 auroram
1788 1368 1928 1423 forte
1950 1366 2142 1433 eIl‘uso,

565 1473 631 1513 ex
672 1458 959 1528 improviso
1006 1458 1278 1513 Romanus
1334 1459 1629 1527 imperator
1674 1459 1892 1513 [luvium
1959 1470 2141 1513 trans-

566 1562 807 1617 gressus,
861 1549 1043 1604 hostes
1092 1549 1145 1605 in
1198 1552 1446 1604 tentoriis
1497 1564 1687 1604 somno
1746 1563 1997 1621 gravatos
2065 1549 2141 1605 ita

566 1641 855 1709 oppressit,
889 1651 945 1695 ut
978 1656 1045 1697 ne
1078 1642 1343 1697 sentirent
1372 1642 1586 1712 quidem
1617 1659 1630 1695 :
1662 1654 1717 1698 et
1746 1658 1934 1712 magna
1961 1653 2143 1713 strage

566 1731 732 1797 edita,
781 1731 1154 1802 praefectorum
1214 1748 1317 1787 non
1375 1734 1527 1788 multi
1583 1744 1637 1789 et
1687 1736 1895 1804 equites
1953 1752 2139 1790 necem

2244 626 2391 694 ξατο.
2442 626 2499 679 Ὀ
2530 626 2608 690 δὲ,
2643 626 2824 695 πάσης
2855 623 3094 693 γεγονὼς
3133 622 3357 694 ἡγεμὼν
3385 623 3482 693 τῆς
3510 622 3818 694 δυνάμεως,

2241 719 2340 782 τὰς
2371 719 2469 788 μὲν
2505 718 2737 778 ἑκούσας
2777 718 2873 780 τὰς
2903 715 2958 768 δὲ
2990 715 3086 769 καὶ
3113 715 3428 783 βιαζόμενος
3461 714 3571 767 τῶν
3610 714 3819 767 πόλεων

2243 814 2578 885 προσήγετο.
2619 811 2675 865 '0
2703 811 2757 864 δὲ
2787 809 2882 863 τοῦ
2917 808 3247 879 Μιθριδάτου
3269 808 3406 873 υίὸς,
3433 807 3705 879 Ταξίλλην
3729 808 3823 861 καὶ¹

2242 907 2533 975 Διόφαντον
2575 905 2671 960 καὶ
2703 902 3011 972 Μένανδρον
3036 900 3163 964 τοὺς
3195 900 3450 971 ἀρίστους
3486 899 3594 954 τῶν
3622 916 3821 971 στρατ-

2242 999 2393 1070 ηγῶν
2430 999 2568 1069 ἔχων
2604 997 2723 1068 μεθ’
2750 994 2943 1050 ἑαυτοῦ
3004 994 3098 1047 καὶ
3145 992 3353 1060 πολλὴν
3391 991 3540 1059 ἄγων
3569 990 3822 1059 δύναμιν,

2242 1092 2321 1162 τῷ
2348 1090 2590 1162 Φιμϐρίᾳ
2617 1088 2935 1161 ὑπηντίαζε.
2963 1087 3044 1141 Τὰ
3072 1086 3169 1157 μὲν
3200 1084 3330 1157 [580
3363 1083 3458 1157 IL]
3496 1080 3588 1137 οὗν
3632 1083 3827 1153 πρῶτα

2243 1183 2304 1238 τὸ
2346 1183 2811 1254 ὲπικρατέστερον
2840 1181 2889 1231 οἱ
2921 1176 3188 1248 βάρϐαροι
3228 1174 3443 1246 ἔφερον.
3470 1172 3749 1243 Φιμϐρίας
3776 1172 3828 1226 δὲ

2243 1271 2673 1331 ἀνασιὲιιτασθαι¹1
2725 1270 3143 1341 στρατηγήματι
3201 1266 3298 1330 τὰς
3348 1266 3412 1319 ὲκ
3465 1263 3829 1335 παρατάξεως

2243 1363 2563 1427 ἐλαττώσεις
2587 1362 2965 1431 διανοούμενος
2995 1359 3092 1431 (τί)
3121 1358 3231 1429 γὰρ
3278 1352 3536 1427 πολέμιον
3564 1356 3830 1424 ὑπερεῖχε

2246 1456 2499 1527 πλήθει),
2536 1456 2611 1518 ὡς
2640 1453 2731 1507 ἐπί
2761 1471 2881 1506 τινα
2927 1438 3169 1522 ποταμὸν
3202 1450 3309 1503 τῶν
3341 1448 3668 1519 μαχομένων
3701 1447 3831 1499 ἐκα-

2242 1551 2374 1621 τέρα
2398 1548 2626 1620 δύναμις
2657 1542 2758 1620 ἧκε
2795 1546 2921 1618 [755
2952 1544 3045 1616 IL]
3074 1545 3169 1598 καὶ
3200 1544 3364 1615 μέσον
3395 1543 3602 1611 ἀμφοῖν
3634 1538 3829 1592 τοῦτον

2244 1643 2604 1713 ἐποιήσαντο,
2660 1640 2870 1710 ὄμϐρου
2924 1638 3051 1708 περὶ
3103 1638 3195 1691 τὸν
3231 1637 3254 1668 ⁸
3312 1635 3507 1706 ὄρθρον
3564 1632 3832 1703 ῥαγέντος

2242 1735 2649 1807 ἀπροσδόκητος
2674 1733 2696 1764 ⁰
2738 1733 2767 1785 ὁ
2800 1732 2907 1785 τῶν
2952 1728 3238 1800 Ῥωμαίων
3270 1725 3574 1798 στρατηγὸς
3608 1721 3828 1777 διαϐαί-

565 1819 884 1890 effugerunt.
921 1822 1062 1877 luter
1088 1838 1223 1893 quos
1254 1826 1415 1877 etiam
1441 1801 1767 1881 Mithridatis
1794 1827 1939 1895 regis
1970 1827 2130 1892 ﬁlius,

2244 1801 2338 1883 ver
2376 1828 2468 1881 τὸν
2503 1801 2781 1897 ποταμὸν,
2832 1823 2927 1877 καὶ
2970 1821 3124 1892 ὕπνῳ
3164 1820 3271 1874 τῶν
3305 1815 3581 1888 πολεμίων
3618 1816 3679 1868 ἐν
3709 1816 3832 1877 ταῖς

567 1910 885 1982 Pergamum
939 1914 1003 1967 ad
1060 1925 1302 1984 patrem,
1334 1931 1435 1970 una
1480 1931 1601 1970 cum
1661 1919 1903 1986 equitum
1957 1921 2130 1974 comi-

2249 1919 2472 1989 σκηναῖς
2503 1916 2885 1987 κατεχομένων
2920 1911 3197 1967 ὲπιπεσὼν
3234 1909 3359 1982 μηδ’
3397 1907 3829 1976 αἰσθανομένους

572 2012 704 2071 tatu,
759 2007 955 2077 232a
996 2007 1181 2061 salvus
1224 2012 1413 2063 evasit.
1454 2010 1586 2063 Tam
1653 2013 1832 2079 gravis
1879 2012 2041 2081 igitur
2085 2022 2138 2065 et

2244 2008 2618 2073 κατέκτεινεν,
2649 2008 2844 2076 ὀλίγων
2871 2004 2979 2058 τῶν
3009 2006 3066 2057 ὲν
3102 2003 3423 2075 ἡγεμονίαις
3459 1997 3831 2066 διαπεφευγό-

574 2096 805 2162 insignis
850 2096 1028 2151 clades
1058 2097 1147 2151 ubi
1178 2098 1341 2167 regiis
1368 2099 1585 2167 accidit,
1615 2100 1859 2170 plurimae
1886 2102 2136 2157 civitates

2241 2118 2349 2157 των
2386 2101 2477 2154 τὸν
2515 2100 2736 2172 ὄλεθρον
2769 2100 2866 2152 κα)⁵
2898 2098 3004 2152 τῶν
3036 2097 3267 2152 ἱππέων.
3305 2094 3442 2150 Μεθ’
3482 2084 3556 2147 ὧν
3580 2091 3679 2144 καὶ
3720 2090 3831 2143 Μι-

568 2190 635 2241 ad
674 2186 948 2243 Romanos
976 2189 1342 2245 desciverunt.

2254 2192 2511 2264 θριδάτης
2542 2194 2570 2246 ὁ
2601 2190 2956 2262 Μιθριδάτου,
2984 2190 3080 2243 καὶ
3116 2187 3253 2258 πρὸς
3282 2187 3342 2240 τὸ
3376 2186 3667 2257 Πέργαμον
3692 2180 3832 2252 πρὸς

568 2280 659 2333 τὸν
690 2282 907 2353 πατέρα
937 2282 1275 2354 Μιθριδάτην
1328 2285 1444 2355 ἅμα
1483 2288 1595 2350 τοῖς
1640 2287 2198 2359 συνεξιππασαμένοις
2260 2288 2603 2354 διασώζεται.
2660 2285 2819 2341 υῦτω
2878 2286 2935 2339 δὲ
2984 2284 3208 2355 βαρείας
3259 2281 3361 2351 τῆς
3400 2280 3685 2352 συμφορᾶς
3738 2274 3833 2329 καὶ

567 2373 826 2446 λαμπρᾶς
855 2379 967 2440 τοῖς
999 2377 1296 2447 βασιλικοῖς
1344 2382 1727 2453 συμπεσούσης
1747 2424 1762 2448 ,
1790 2386 1845 2439 αί
1876 2385 2123 2439 πλεῖσται
2148 2388 2259 2440 τῶν
2283 2387 2490 2440 πόλεων
2513 2385 2649 2456 πρὸς
2671 2386 2796 2448 τοὺς
2830 2382 3132 2453 Ῥωμαίους
3168 2379 3473 2453 μετέθεντο.

1568 2498 1693 2555 (ΞΜ).
1740 2500 2000 2557 XXXVII.
2028 2533 2097 2541 —
2128 2503 2292 2575 Sylla:
2320 2519 2426 2573 pas:
2480 2520 2597 2557 cum
2631 2502 2960 2557 Mithridate.

641 2601 847 2660 Interea
888 2607 1059 2665 Mario
1086 2626 1117 2666 e
1158 2612 1277 2682 fuga
1321 2615 1535 2670 domum
1587 2632 1846 2685 reverso,
1900 2629 2142 2676 metuens

573 2695 717 2765 Sylla
765 2698 910 2767 (nam
956 2702 1020 2755 de
1056 2702 1393 2757 inimicorum
1430 2706 1547 2772 ejus
1591 2706 1823 2761 factione
1867 2710 1953 2763 ille
2003 2712 2145 2778 erat)

574 2802 641 2839 ne
688 2789 895 2853 simile,
939 2800 1157 2860 propter
1195 2794 1419 2863 injurias
1452 2797 1503 2850 in
1541 2797 1722 2863 illum,
1766 2801 1864 2853 sibi
1896 2803 2142 2856 exsiliqu

577 2876 878 2947 irrogaret,
909 2883 1070 2937 missa
1119 2885 1415 2955 legatione,
1458 2889 1523 2941 de
1556 2904 1687 2957 pace
1724 2907 1843 2944 cum
1887 2891 2145 2949 Romanis

572 2970 795 3023 consilia
850 2970 1149 3029 Mithridati
1202 2979 1489 3047 suggessit.
1546 2979 1663 3045 Quo
1718 2997 1900 3049 pacein
1953 2984 2145 3052 cupide

2316 2621 2531 2691 Μαρίου
2581 2621 2638 2674 δὲ
2671 2618 2778 2673 ἀπὸ
2821 2619 2918 2689 τῆς
2960 2617 3139 2686 φυγῆς
3178 2613 3556 2676 ἀνασωθέντος
3596 2614 3679 2676 εἰς
3733 2613 3830 2684 τὴν

2258 2714 2478 2784 Ῥώμην
2498 2758 2511 2778 ,
2541 2713 2746 2775 Σύλλας
2775 2709 2958 2772 δεδιὼς
2986 2710 3116 2780 (τῶν
3152 2705 3592 2762 ἀντιστασιωτῶν
3620 2706 3731 2776 γὰρ
3762 2703 3829 2777 ἦν

2248 2804 2490 2874 ἐκεῖνος)
2543 2804 2616 2875 μὴ
2670 2806 2736 2875 τῇ
2787 2803 2949 2872 ὁμοίᾳ
3000 2802 3146 2870 φυγῇ
3192 2798 3290 2870 τὴν
3337 2798 3414 2860 εἰς
3454 2797 3618 2850 αὑτὸν
3667 2796 3824 2865 ὓϐριν

2246 2897 2523 2968 ἀπαιτήσῃ
2546 2896 2619 2959 ¹⁰,
2654 2893 2791 2965 πρὸς
2825 2892 3163 2962 Μιθριδάτην
3192 2886 3646 2961 διεπρεσϐεύετο,
3687 2905 3824 2955 συμ-

2249 2990 2435 3051 ϐάσεις
2462 2987 2611 3057 αύτῷ
2632 2987 2673 3017 ¹¹
2707 2988 2803 3049 τὰς
2830 2986 2966 3055 πρὸς
3018 2982 3323 3053 Ῥωμαίους
3366 2979 3823 3049 ὑποϐαλλόμενος.

572 3063 839 3130 amplexo,
864 3075 916 3119 et
947 3078 1166 3136 rogante
1191 3078 1246 3122 ut
1279 3072 1343 3123 ad
1375 3062 1750 3137 paciscendum
1771 3077 2138 3141 convenirent,

2246 3070 2352 3134 Τοῦ
2389 3082 2444 3134 δὲ
2491 3080 2583 3132 καὶ
2625 3081 2743 3141 ταῖς
2790 3077 3125 3148 συμϐάσεσιν
3172 3073 3595 3144 ἀσμενίσαντος,
3636 3072 3823 3138 ἀφικέσ

572 3149 660 3205 ille
684 3165 926 3222 prompte
948 3171 1005 3209 se
1033 3156 1123 3211 dat
1154 3158 1207 3212 in
1250 3161 1415 3214 viam.
1445 3161 1685 3232 Cumque
1714 3180 1806 3233 per
1841 3166 2054 3235 aliquod
2089 3168 2138 3219 in

2247 3175 2371 3227 σθαι
2408 3190 2467 3227 τε
2501 3174 2593 3226 ἐπὶ
2637 3173 2864 3235 ταύταις
2906 3171 3256 3239 αἰτήσαντος,
3313 3166 3475 3228 αὐτὸς
3520 3164 3822 3234 προθύμως

572 3245 748 3299 medio
775 3247 1029 3313 spatium,
1059 3248 1191 3302 alter
1213 3250 1263 3304 in
1294 3251 1514 3307 alterius
1538 3252 1817 3309 occursum
1844 3257 2138 3326 processis-

2241 3265 2541 3317 ἐστέλλετο.
2569 3261 2725 3316 Οὕτω
2749 3260 2876 3330 γοῦν
2906 3260 3013 3312 τῶν
3040 3254 3351 3327 ἀναμεταξὺ
3383 3254 3629 3325 ἀλλήλων
3689 3270 3820 3324 προ-

572 3345 729 3401 sent,
771 3338 1111 3406 Dardanum,
1150 3341 1215 3394 ad
1261 3343 1698 3413 transigendtun,
1734 3349 1811 3402 eis
1848 3348 2138 3417 hospitium

2245 3355 2608 3426 εληλυθὸτων,
2646 3353 2916 3425 Δάρδανον
2955 3351 3150 3412 αὐτοὺς
3176 3352 3217 3381 ’³
3251 3349 3495 3409 ὲπὶταῖς
3531 3346 3822 3416 συνθήκαις

570 3428 733 3481 dedit.
787 3427 885 3494 Ibi,
923 3430 1089 3500 jussis
1131 3436 1383 3491 secedere
1436 3439 1698 3494 ministris
1742 3450 1796 3495 et
1831 3441 2138 3508 comitibus,

2246 3448 2599 3517 ὑποδέχεται,
2635 3448 2729 3500 καὶ
2774 3444 2885 3497 τῶν
2931 3443 3060 3512 περί⁹
3089 3441 3287 3502 αὐτοὺς
3342 3437 3817 3508 ὑποχωρησάντων

570 3529 725 3586 pacta
747 3523 877 3575 ﬁunt
910 3522 961 3577 in
988 3524 1130 3579 hunc
1153 3528 1371 3582 modum
1417 3547 1431 3583 :
1469 3547 1489 3580 ι
1519 3529 1855 3587 Mithridates
1889 3532 2138 3589 Romanis

2244 3538 2526 3608 ὁμολογίαι
2548 3537 2808 3604 γίνονται,
2833 3531 3171 3602 Μιθριδάτην
3200 3531 3299 3600 μὲν
3335 3529 3632 3595 Ῥωμαίοις
3655 3530 3817 3596 ἐκχω-

568 3610 695 3703 ᾼεῑιι
748 3615 1025 3703 concedat,
1050 3617 1288 3689 Bithynis
1307 3630 1356 3675 et
1388 3620 1797 3693 Cappadocibus
1835 3640 1986 3694 reges
2010 3630 2138 3694 prae-

2244 3633 2356 3703 ρεῖν
2386 3630 2481 3700 τῆς
2522 3629 2727 3692 Ἀσίας,
2751 3627 2845 3680 καὶ
2875 3627 2917 3657 ¹³
2945 3624 3182 3678 Βιθυνῶν
3211 3623 3266 3676 δὲ
3310 3622 3403 3675 καὶ
3428 3619 3816 3679 Καππαδοκίας

569 3701 706 3800 sintn
726 3701 969 3769 gentiles.
1032 3703 1325 3765 Mithridati
1379 3713 1545 3768 totius
1594 3712 1748 3767 Ponti
1799 3729 2023 3781 regnum
2072 3717 2138 3769 slt

2241 3701 2430 3790 ἀρχειν
2489 3719 2613 3781 τοὺς
2646 3719 2709 3771 ἐκ
2754 3717 2944 3785 γένους
3000 3713 3284 3784 βασιλέας,
3346 3710 3716 3781 βεϐαιωθῆναι
3757 3708 3811 3800 δὲ.

569 3791 969 3849 confirmatum.
1008 3794 1361 3855 Peculiariter
1393 3818 1521 3857 vero
1552 3802 1711 3875 Syllae
1756 3806 2004 3874 expediat
2041 3805 2138 3859 tri-

2241 3812 2548 3885 Μιθριδάτῃ
2578 3812 2671 3866 τοῦ
2703 3813 2903 3866 Πόντου
2929 3811 3128 3871 παντὸς
3163 3808 3259 3878 τὴν
3301 3803 3603 3875 βασιλείαν,
3638 3791 3811 3872 παραλ

570 3898 744 3977 remes
768 3885 837 3940 80
865 3896 917 3941 et
960 3887 1099 3945 5000
1144 3891 1396 3947 talentum
1417 3935 1433 3959 ,
1465 3897 1530 3950 ad
1573 3897 1804 3951 reditum
1837 3913 1996 3967 quem
2030 3898 2138 3967 ipse

2243 3910 2390 3977 σχεῖν
2421 3906 2465 3959 δ’
2501 3906 2643 3968 ἰδίως
2681 3904 2856 3974 Σύλλᾳ⁴
2886 3903 3134 3973 τριήρεις
3163 3906 3213 3953 π’
3243 3898 3334 3950 καὶ
3378 3895 3619 3950 τάλαντα
3652 3910 3800 3963 τρισ-

566 3975 791 4032 Romam
823 3980 1156 4038 instituisset.
1174 3983 1494 4042 Civitatibus
1517 3989 1657 4058 apud
1695 3988 1969 4044 Romanos
1992 3990 2132 4044 haud

2241 3975 2386 4066 χίλια
2418 3996 2556 4066 πρὸς
2596 3995 2694 4066 τὴν
2739 3993 2873 4046 ἰδίαν
2900 3992 2993 4044 ἐπὶ
3026 3990 3125 4060 τὴν
3163 3988 3384 4058 Ῥώμην
3424 3984 3653 4039 κάθοδον
3674 4024 3688 4047 ,
3723 3983 3806 4036 καί

568 4072 639 4123 sit
670 4087 819 4126 noxae
855 4077 994 4142 quod
1023 4079 1088 4129 ad
1117 4076 1474 4134 Mithridatem
1524 4081 1840 4136 defecerint.
1881 4102 1898 4133 ι
1923 4082 1977 4136 Id
1997 4083 2137 4152 quod

2250 4092 2559 4162 Ῥωμαίους
2611 4091 2777 4162 μηδὲν
2829 4091 2951 4151 ταῖς
2998 4085 3187 4140 πόλεσι
3239 4082 3651 4155 μνησικακῆσαι
3703 4078 3807 4132 ἀνθ’

566 4170 779 4229 tamen,
806 4164 1133 4238 juxta'pacis
1161 4169 1469 4237 formulam,
1502 4189 1606 4227 non
1642 4174 1829 4229 habuit
1859 4187 2133 4230 eventum.

2241 4177 2312 4238 ὧν
2361 4184 2651 4255 μετέϐαλον
2685 4184 2765 4246 εἰς
2804 4180 3161 4250 Μιθριδάτην,
3198 4177 3245 4229 εἰ
3276 4175 3377 4235 κοιλ.Δ
3426 4172 3675 4244 μὴκατά
3717 4171 3804 4231 τὰς

454 4312 465 4327 ,
563 4252 697 4307 Nam
733 4257 927 4313 multas
970 4272 1153 4329 postea
1200 4264 1384 4318 servili
1425 4265 1554 4335 jugo
1584 4281 1987 4337 oppresserunt.
2032 4269 2137 4325 Ilo-

2241 4252 2530 4346 ὁμολογίας
2562 4274 2723 4329 τοῦτο
2772 4272 2974 4340 συνέϐη
2997 4288 3010 4300 ’
3066 4269 3267 4331 πολλὰς
3308 4268 3415 4334 γὰρ
3449 4263 3682 4334 ὕστερον
3710 4261 3807 4314 τῶν

564 4348 791 4401 norilice
821 4350 1014 4405 dehinc
1049 4351 1191 4423 Sylla
1226 4355 1277 4408 in
1309 4355 1513 4409 Italiam
1557 4369 1781 4412 remeat.
1814 4358 2123 4429 Mariusque

564 4439 738 4494 denuo
769 4441 900 4494 urbe
925 4445 1137 4498 excedit
1160 4462 1174 4509 ;
1208 4455 1260 4500 et
1284 4445 1617 4503 Mithridates
1641 4450 1706 4501 ad
1731 4466 1825 4504 sua
1850 4467 1908 4505 se
1931 4451 2094 4506 refert
2118 4470 2132 4506 :

2240 4369 2447 4423 πόλεων
2470 4368 2855 4422 ἐδουλώσαντο.
2881 4365 3086 4427 Σύλλας
3125 4364 3223 4433 μὲν
3253 4359 3345 4413 οὖν
3371 4357 3515 4411 οὕτω
3540 4353 3803 4425 λαμπρῶς

2237 4463 2316 4524 είς
2364 4460 2463 4531 τὴν
2519 4460 2749 4513 Ἰταλίαν
2795 4458 3054 4526 ἀφίκετο,
3112 4455 3208 4507 καὶ
3265 4452 3476 4520 Μάριος
3524 4444 3683 4510 αὖθις
3720 4446 3803 4515 τῆς

561 4529 867 4600 multasque
920 4531 1095 4587 denuo
1140 4545 1352 4603 gentes,
1399 4552 1521 4606 qua:
1575 4549 1795 4608 propter
1848 4544 2130 4598 adversata

2241 4529 2445 4614 πόλεως
2510 4550 2871 4621 ὑπεχώρησε,
2929 4549 3024 4601 καὶ
3085 4543 3421 4612 Μιθριδάτης
3486 4537 3802 4611 ἀνέστρεψεν

557 4621 676 4689 ejus
710 4623 979 4678 fortunam
1011 4624 1370 4689 desciverant,
1411 4630 1512 4683 sub
1548 4645 1761 4685 manum
1794 4636 2014 4706 redegit.

2166 4612 2211 4669 ι)
2242 4612 2463 4701 οίκαδεῗ,
2495 4612 2668 4693 πολλά
2831 4636 2921 4691 διὰ
2960 4636 3056 4705 τὴν
3092 4638 3150 4688 ὲν
3269 4629 3580 4701 κατηνέχθη
3605 4628 3648 4660 ⁸⁵
3676 4642 3800 4694 συμο

2240 4728 2413 4800 φορὰν
2438 4730 2794 4784 ἀποστάντων
2821 4728 2991 4781 ἐθνῶν
3022 4727 3080 4793 ἐξ
3108 4723 3359 4797 ὑπαρχῆς
3382 4719 3795 4792 χειρωσάμενος·

695 4854 824 4912 Car.
851 4854 1141 4911 XXXVIII.
1172 4887 1240 4896 —
1275 4858 1499 4913 Murena
1538 4860 1727 4917 bellum
1777 4865 2025 4921 adversus
2060 4867 2419 4925 Mithridatem
2469 4880 2703 4927 renovat.
2743 4871 3111 4925 Ileraclieuses
3157 4865 3331 4920 neutri
3378 4861 3723 4929 opitulantur.

635 4965 765 5021 Post
789 4967 901 5021 haec
929 4967 1144 5023 Murena
1170 4969 1313 5024 bello
1338 4971 1655 5038 praeficitur.
1691 4976 1767 5028 Ad
1804 4991 1961 5046 quem
1988 4979 2133 5048 lega-

556 5070 643 5115 tos
670 5062 923 5115 amaudat
953 5061 1325 5129 Mithridates,
1370 5065 1516 5133 pacis
1547 5081 1666 5119 cum
1701 5066 1845 5139 Sylla
1884 5072 2031 5126 initae
2054 5072 2130 5127 le-

567 5166 661 5221 ges
685 5159 1009 5222 praatexens,
1030 5163 1084 5207 et
1110 5164 1167 5208 ut
1198 5164 1329 5209 ratas
1356 5157 1462 5209 siut
1485 5157 1756 5226 Iirmaaque
1777 5163 2128 5217 contendens.

555 5242 627 5291 At
674 5240 718 5293 is
754 5237 1017 5308 legatione
1059 5258 1166 5294 non
1207 5243 1454 5311 placatus
1495 5248 1693 5312 (erant
1740 5248 1881 5302 enim
1914 5252 2130 5307 natione

552 5328 749 5395 Graaci,
778 5337 831 5384 et
888 5331 1009 5385 vita:
1065 5334 1270 5390 ratione
1309 5336 1637 5405 philosophi,
1695 5339 1785 5408 qui
1844 5341 1963 5409 plus
2014 5344 2128 5398 cul-

2307 4983 2466 5056 Παρά
2508 4985 2607 5054 τῆς
2651 4984 2955 5054 συγκλήτου
2988 4981 3044 5035 δὲ
3082 4978 3377 5049 Μουρήνας
3410 4973 3637 5044 ἡγεμὼν
3675 4970 3797 5034 πέμ⁶

2235 5091 2420 5139 πεται,
2462 5077 2557 5130 καὶ
2596 5076 2933 5147 Μιθριδάτης
2961 5069 3416 5142 διαπρεσϐεύεται
3457 5066 3597 5136 πρὸς
3626 5062 3791 5121 αὑτὸν,

2233 5167 2332 5229 τὰς
2367 5167 2503 5239 πρὸς
2531 5166 2738 5220 Σύλλαν
2776 5165 3065 5236 ὁμολογίας
3093 5164 3210 5232 ἅμα
3238 5179 3296 5214 τε
3318 5160 3361 5191 ¹⁸
3393 5158 3691 5229 προτείνων
3715 5154 3793 5205 καί

2210 5257 2487 5326 βεϐαίους
2517 5258 2686 5325 ἀξιῶν
2719 5252 2880 5310 εἰναι.
2921 5257 2980 5308 Ὀ
3005 5254 3060 5307 δὲ
3089 5255 3162 5323 μὴ
3195 5253 3423 5322 θέμενος
3451 5252 3517 5320 τῇ
3548 5246 3790 5318 πρεσϐείᾳ

2234 5347 2350 5418 (καὶ
2396 5351 2503 5421 γὰρ
2540 5350 2633 5403 καὶ
2675 5350 2726 5403 οἱ
2771 5346 3050 5419 πρέσϐεις,
3089 5345 3351 5414 Ἕλληνες
3399 5342 3553 5402 ὄντες
3596 5340 3683 5393 καὶ
3712 5337 3787 5387 τὸν

1845 5496 2077 5552 vanus:
2123 5492 2523 5560 LECTIUNES.

619 5609 641 5641 ⁷
671 5606 943 5685 ἀνασῶσαι
981 5625 1039 5685 ς.
1116 5609 1138 5640 ⁸
1164 5609 1256 5685 τδν
1306 5625 1415 5685 om.
1452 5611 1516 5685 A_.
1592 5614 1621 5685 ’7
1652 5612 2072 5685 ἀπροσδοκήτως
2104 5635 2162 5681 ς.

553 5680 769 5759 Currant}
804 5691 818 5728 :
845 5677 1133 5759 aptoigng.
1166 5680 1255 5759 m"
1278 5681 1387 5759 3ιαί
1412 5752 1421 5759 _
1448 5677 1958 5759 abuttdare'ceusct'
1978 5677 2238 5759 Scaliger.

553 5764 604 5813 ρ,
648 5746 747 5798 185
775 5763 805 5799 a
840 5748 1060 5803 15.206
1096 5771 1124 5804 ιι
1153 5751 1239 5805 ιε.
1275 5751 1381 5805 eos
1406 5752 1432 5804 ι)
1468 5753 1550 5805 I8.

2241 5619 2283 5651 '°
2319 5619 2550 5695 ἀποτίσῃ
2598 5619 2877 5695 Scaliger.
2972 5622 3192 5695 ’ἰαύεῳ
3247 5624 3369 5677 add.
3405 5622 3468 5678 Α.
3536 5625 3578 5657 ¹²
3606 5625 3778 5695 αὐτοὺς

2337 5686 2379 5719 ’⁵
2409 5686 2823 5760 κατηνέχθησαν
2856 5708 2897 5754 ς·
2986 5693 3028 5723 ¹⁸
3056 5686 3175 5762 ἅμα
3214 5710 3274 5746 τε
3310 5696 3373 5748 Α.
3410 5710 3422 5745 :
3461 5695 3555 5749 ἀτε
3616 5713 3669 5760 ς.
3712 5692 3771 5747 cf.
