3994 6418
224 455 332 522 913

1260 461 1613 522 ΒΙΒΙᾸΟΤΗ
1621 463 1779 523 ECA.
1795 488 1864 497 ·--
1878 462 2042 525 COD.
2072 464 2259 524 CCXX
2268 464 2365 526 1V.

3362 449 3462 514 914

222 567 346 642 βίον
374 569 673 640 φιλόσοφοι,
723 571 817 625 τὸν
859 570 1195 642 Μιθριδάτην
1233 572 1432 642 μᾶλλον
1464 572 1712 642 διέσυρον
1760 571 1792 642 ἢ

1897 582 2088 643 parent
2118 573 2482 628 Mithridatem
2507 582 2667 640 quam
2692 564 3157 635 commendarem)
3188 564 3241 619 in
3277 576 3459 633 regem

223 661 527 727 συνίστων)
564 661 788 733 ὥρμητο
820 660 915 714 ἐπὶ
950 661 1041 715 τὸν
1074 661 1430 731 Μιθριδάτην.
1464 660 1579 714 Kal
1621 660 1699 730 τῷ
1731 677 1791 713 τε

221 752 628 817 Καππαδοκίας
671 753 1061 825 Ἀριοϐαρζάνῃ
1094 753 1193 824 τὴν
1234 751 1406 824 ἀρχὴν
1442 751 1792 822 βεὸαιοτέραν

219 844 441 906 ἐποίει,
489 845 585 897 καὶ
632 847 724 898 ἐπὶ
770 848 889 909 ταῖς
928 845 1194 909 εἰσϐολαῖς
1222 846 1267 878 ¹⁶
1307 847 1405 915 τῆς
1458 845 1791 915 Μιθριδάτου

224 934 513 1004 βασιλείας
565 936 738 1001 κτίζει
770 929 925 991 πόλιν
972 935 1260 990 Ἐκίνειαν.
1314 936 1402 989 Ἐν
1441 935 1653 999 τούτοις
1676 936 1705 990 ὅ
1731 953 1791 989 τε

219 1028 525 1098 Μουρήνας
558 1031 652 1084 καὶ
681 1031 711 1083 ὀ
758 1030 1093 1101 Μιθριδάτης
1137 1030 1622 1102 διαπρεσϐεύονται
1657 1030 1793 1101 πρὸς

235 1119 647 1189 Ἡρακλεώτας,
694 1122 798 1176 ἀνά
828 1121 994 1195 μέρος
1022 1123 1279 1193 ἐκάτερος
1309 1121 1448 1176 κατὰ
1479 1122 1574 1176 τοῦ
1604 1122 1790 1193 ἐτέρου

216 1210 412 1264 καλῶν
463 1212 557 1265 ἐπὶ
608 1214 913 1286 συμμαχίᾳ.
957 1212 1079 1267 Τῶν
1111 1214 1210 1283 μὲν
1252 1208 1344 1267 οὗν
1383 1212 1667 1284 Ῥωμαίων
1692 1211 1791 1283 τὴν

223 1301 385 1371 ἰσχὺν
410 1303 648 1373 φοϐεράν
697 1305 945 1375 ἡγοῦντο,
991 1303 1280 1377 ὠρρώδουν
1318 1304 1377 1357 δὲ
1418 1306 1513 1361 καὶ
1536 1304 1640 1375 τήν
1676 1319 1793 1372 γει-

217 1395 439 1446 τνίασιν
471 1395 565 1447 τοῦ
626 1397 979 1468 Μιθριδάτου.
1019 1396 1112 1451 Διὸ
1164 1396 1550 1468 ἀποκρίνονται
1578 1397 1621 1428 ³⁷
1678 1397 1791 1459 τοῖς

214 1481 351 1554 [381
390 1484 480 1557 ιι]
529 1488 657 1559 παρ’
688 1489 865 1543 αὐτῶν
896 1489 1191 1562 πρέσὸεσιν
1222 1489 1298 1557 ὡς
1323 1488 1591 1543 τοσούτων
1630 1487 1788 1542 πολέ-

222 1593 348 1644 μων
378 1578 795 1649 ἀναρραγέντων
826 1582 975 1651 μόλις
1004 1582 1071 1635 ἂν
1099 1580 1197 1652 τὴν
1233 1581 1369 1635 ἰδίαν
1405 1582 1593 1652 τηρεῖν
1631 1579 1790 1635 δύνα-

220 1666 375 1732 σθαι,
411 1670 541 1739 μήτι
580 1686 644 1739 γε
686 1671 892 1742 ἑτέροις
932 1673 1268 1742 ἐπικουρεῖν.
1314 1670 1473 1725 Ἀλλὰ
1506 1670 1614 1741 γὰρ
1646 1671 1792 1723 Μου-

223 1758 372 1828 ρήνᾳ
403 1758 501 1829 μὲν
530 1762 909 1817 συνεϐούλευον
936 1763 1035 1816 οὐκ
1058 1763 1228 1834 ὀλίγοι
1254 1763 1389 1832 πρὸς
1415 1762 1514 1833 τὴν
1539 1760 1790 1830 Σινώπην

215 1849 406 1920 ὀρμᾷν
437 1851 527 1903 καὶ
571 1853 821 1924 περὶτοῦ
859 1854 1131 1925 βασιλείου
1172 1857 1343 1910 κινεῖν
1379 1855 1471 1908 τὸν
1517 1855 1785 1924 πόλεμον,

1895 666 2063 721 movit
2096 684 2111 721 :
2145 673 2201 720 et
2237 663 2583 719 Ariobarzani
2630 676 2852 732 regnum
2887 657 3235 726 Cappadocia:
3291 655 3463 725 magis
3515 690 3521 732 ς

1893 755 2177 813 confirmat
2209 772 2225 809 :
2254 764 2308 811 et
2343 754 2486 810 circa
2528 754 2836 821 ingressum
2877 750 3028 819 regni
3072 747 3455 813 Mithridatici,

1893 851 2081 905 urbem
2110 849 2293 907 condit
2317 845 2571 902 Nicaeam.
2598 845 2740 900 Inter
2768 844 2882 898 hate
2912 841 3133 897 Murena
3163 851 3219 895 et
3244 840 3453 913 Mithri-
3508 832 3511 835 ’

1892 942 2067 1006 dates,
2090 955 2189 1012 pno
2222 955 2282 998 se
2310 941 2538 1012 quisque
2568 945 2759 993 contra
2790 936 3019 991 alterum
3043 933 3251 1003 legatis,
3285 933 3461 987 Hera-

1892 1035 2120 1090 clienses
2164 1034 2230 1089 de
2281 1033 2498 1088 auxiliis
2548 1031 2857 1088 sollicitant.
2909 1028 3015 1082 Sed
3052 1042 3172 1082 cum
3218 1024 3456 1095 potentia

1891 1120 2256 1178 Romanorum
2288 1119 2645 1179 formidabilis
2672 1118 2944 1173 videretur
2975 1114 3125 1184 ipsis,
3150 1123 3203 1168 et
3242 1111 3455 1166 Mithri-

1892 1211 2032 1266 datis
2062 1210 2389 1268 vicinitatem
2417 1210 2575 1273 etiam
2601 1208 2872 1269 timerent,
2904 1205 3091 1274 legatis
3111 1202 3452 1273 respondent,

1891 1302 1946 1357 in
1983 1310 2133 1359 tanta
2188 1301 2452 1360 bellorum
2496 1307 2833 1368 tempestate,
2878 1294 3161 1359 diﬂiculter
3206 1294 3452 1364 proprios

1891 1406 1951 1448 se
1978 1391 2120 1447 lares
2151 1390 2312 1455 tueri,
2346 1390 2540 1444 nedum
2573 1387 2696 1442 aliis
2733 1384 2936 1457 232b
2990 1383 3234 1447 auxiliari
3275 1396 3453 1452 posse.

1890 1481 2127 1539 Murena:
2205 1491 2382 1537 tamen
2447 1494 2552 1535 non
2610 1478 2767 1548 pauci
2826 1478 2955 1532 dant
3026 1476 3343 1537 consilium,
3398 1482 3458 1526 ut

1891 1575 2143 1644 Sinopem
2189 1564 2565 1647 invadens,de
2604 1570 2746 1640 regia
2776 1570 2887 1645 ipsa
2914 1568 3111 1623 bellum
3138 1576 3366 1641 moveat.
3398 1565 3454 1619 Si

1889 1669 2031 1722 enim
2067 1667 2206 1721 hanc
2237 1666 2462 1734 ceperit,
2506 1663 2661 1718 facile
2702 1664 2862 1718 etiam
2899 1670 3089 1715 caetera
3131 1660 3184 1714 in
3218 1668 3455 1729 potesta-

1890 1769 1995 1815 tem
2022 1768 2269 1812 ventura.
2309 1757 2379 1812 At
2410 1756 2767 1818 Mithridates.
2810 1754 3001 1808 validis
3043 1753 3149 1807 hac
3194 1752 3457 1821 praesidiis

1893 1854 2244 1913 communita,
2275 1848 2391 1920 ipse
2434 1847 2573 1902 bello
2598 1846 2833 1916 gerendo
2877 1844 3161 1898 incumbit.
3204 1841 3456 1910 Interque

213 1938 297 2002 ὡς
338 1942 387 1992 εί
418 1942 620 2014 ταύτην
651 1944 780 2010 ἐλοι,
807 1946 915 1998 τῶν
954 1946 1154 2001 λοιπῶν
1189 1947 1455 2018 κρατήσει
1500 1947 1732 2019 ῥᾳδίως·
1764 1946 1793 1999 ὁ

1897 1943 2050 1997 initia
2083 1942 2169 1996 ubi
2201 1942 2266 1995 ad
2304 1955 2495 1994 manus
2522 1948 2741 1993 ventum
2761 1946 2897 2003 erat,
2932 1938 3063 2005 regii
3094 1935 3297 1989 viribus
3320 1949 3457 2002 pra:-

213 2031 278 2083 δὲ
336 2033 671 2105 Μιθριδάτης
712 2037 885 2107 πολλῇ
954 2037 1183 2109 δυνάμει
1243 2039 1792 2109 κατασφαλισάμενος

212 2120 432 2193 ταύτην
463 2125 542 2187 είς
565 2126 986 2198 αὐτοπρόσωπον
1014 2128 1250 2199 πόλεμον
1277 2128 1647 2200 καθειστήκει.
1683 2130 1792 2183 Kal

214 2214 450 2285 πείραις
482 2218 578 2286 μὲν
623 2223 741 2283 ταῖς
792 2221 913 2274 κατ’
941 2221 1115 2292 ἀρχὰς
1144 2224 1585 2294 ἐπικρατέστερα
1618 2219 1685 2298 ἦν
1721 2223 1791 2277 τὰ

211 2305 317 2359 τοῦ
372 2307 669 2377 βασιλέωςο
721 2311 841 2367 εἶτα
883 2315 963 2377 είς
1012 2314 1403 2389 άγχὼμαλονή
1465 2317 1613 2387 μάχη
1670 2334 1795 2371 συν-

213 2400 494 2471 εστράφη,
533 2404 626 2455 καὶ
657 2405 735 2468 είς
760 2404 913 2459 δκνον
945 2406 977 2476 ή
1014 2406 1160 2476 μάχη
1216 2406 1276 2459 τὸ
1321 2406 1600 2478 πρόθυμον
1640 2424 1795 2477 περι-

1896 2035 2118 2107 pollent.
2150 2034 2340 2089 Postea
2378 2033 2589 2087 fortuna
2624 2046 2813 2102 pugna:
2845 2038 3174 2098 exaequetur.
3211 2026 3452 2081 Tandem

1896 2128 2166 2199 praeliandi
2205 2127 2415 2182 taedium
2447 2126 2689 2179 hostibus
2720 2123 3054 2177 alacritatem
3084 2120 3247 2174 animi
3290 2119 3458 2174 demi-

1898 2220 2031 2274 nuit.
2070 2216 2193 2271 Ideo
2228 2218 2293 2271 ad
2333 2216 2589 2270 interiora
2635 2214 2777 2269 circa
2825 2214 3020 2267 Phasin
3058 2221 3111 2265 et
3152 2211 3452 2265 Caucasum

1899 2327 1957 2368 se
1978 2311 2262 2370 convertit.
2290 2309 2509 2363 Murena
2539 2322 2668 2363 vero
2690 2306 2874 2376 cOpias
2903 2306 2955 2359 in
2987 2305 3167 2358 Asiam
3202 2300 3455 2367 traducit,

1899 2416 1954 2460 et
1979 2420 2073 2471 sua
2099 2413 2207 2456 tum
2231 2401 2461 2472 quisque
2488 2400 2848 2455 administrat.

212 2485 429 2558 έστησε
475 2491 580 2547 τῶν
607 2495 899 2566 πολεμίων.
940 2495 1069 2569 [756
1090 2495 1181 2569 IL]
1221 2497 1312 2561 Διὸ
1339 2498 1434 2550 καὶ
1469 2497 1804 2568 Μιθριδάτης
1828 2494 1924 2567 μὲν
1953 2496 2031 2559 είς
2062 2494 2130 2546 τὰ
2159 2492 2287 2561 περὶ
2316 2491 2404 2544 τὸν
2447 2492 2616 2544 Φᾶσιν
2681 2488 2775 2543 καὶ
2824 2487 2916 2541 τὸν
2961 2485 3250 2541 Καύκασον
3296 2483 3458 2555 ἐτρά-

210 2601 382 2651 πετο,
425 2587 718 2660 Μουρήνας
761 2590 817 2645 δὲ
846 2593 1061 2663 ἀπῆρεν
1103 2595 1182 2657 είς
1208 2593 1307 2665 τὴν
1365 2593 1570 2658 Ἀσίαν,
1599 2592 1695 2646 καὶ
1725 2593 1791 2646 τά
1820 2593 1993 2646 οἰκεῖα
2021 2590 2247 2651 ἕκαστος
2279 2586 2517 2640 διετίθει.

930 2707 1059 2765 Cap.
1100 2707 1342 2765 XXXIX.
1370 2738 1441 2749 —
1464 2708 1676 2788 Luculli
1703 2717 1751 2764 et
1783 2706 1948 2763 Cotta:
1982 2707 2033 2760 in
2078 2703 2436 2765 Mithridatem
2488 2700 2765 2768 expeditio.

290 2819 433 2873 Μετ’
479 2821 537 2874 ού
574 2824 739 2878 πολὺν
785 2826 842 2879 δὲ
873 2827 1066 2896 χρόνον
1106 2826 1312 2891 Σύλλας
1362 2829 1422 2881 ἐν
1465 2827 1652 2900 Ῥώμῃ
1697 2844 1791 2880 τε-

212 2911 429 2983 λεν-τᾷ,
468 2914 563 2967 καὶ
608 2917 917 2986 πέμπουσιν
967 2922 1001 2990 ή
1051 2919 1354 2990 σύγκλητος
1400 2922 1491 2975 ἐπὶ
1543 2922 1641 2992 μὲν
1692 2921 1791 2992 τὴν

212 3002 480 3056 Βιθυνίαν
509 3006 775 3078 Δύρήλιον
804 3010 1037 3073 Κότταν,
1070 3012 1163 3065 ἐπὶ
1192 3011 1250 3064 δὲ
1293 3011 1393 3083 τὴν
1438 3012 1619 3069 Ἀσίαν
1650 3013 1791 3066 Λεύ-

213 3110 348 3146 κιον
386 3096 679 3151 Λεύκολλον
706 3140 720 3163 ,
765 3093 845 3161 οἷς
882 3103 912 3168 ή
950 3102 1137 3172 ἐντολὴ
1166 3103 1426 3171 πολεμεῖν
1459 3104 1786 3176 Μιθριδάτῃ.

214 3184 562 3257 Μιθριδάτης
590 3188 646 3241 δὲ
676 3190 832 3242 ἄλλον
861 3208 921 3243 τε
965 3195 1194 3263 στρατὸν
1226 3195 1417 3264 συχνὸν
1449 3196 1791 3265 παρεσκευά-

1968 2822 2077 2878 Nec
2102 2821 2260 2892 longe
2289 2828 2408 2889 post
2436 2817 2584 2888 Sylla
2616 2818 2800 2872 Romae
2822 2831 2851 2871 e
2880 2816 3016 2870 vivis
3038 2816 3232 2885 migrat
3256 2830 3272 2869 :
3299 2820 3353 2870 et
3376 2828 3462 2869 ee-

1898 2926 2054 2971 natus
2110 2917 2164 2969 in
2217 2912 2523 2983 Bithyniam
2577 2910 2741 2964 mittit
2792 2908 3068 2964 Aurelium
3118 2907 3351 2970 Cottam,
3406 2905 3460 2960 in

1894 3005 2076 3061 Asiam
2102 3018 2227 3059 vero
2253 3002 2314 3057 L.
2350 3000 2667 3063 Lucullum,
2719 3012 2839 3052 cum
2870 2996 3138 3050 mandatis
3180 3003 3238 3048 ut
3266 2991 3459 3046 bellum

1896 3097 2191 3157 Mithridati
2225 3095 2516 3151 facessaut.
2548 3091 2617 3145 At
2647 3090 3004 3153 Mithridates,
3041 3103 3162 3142 cum
3194 3085 3355 3140 alium
3402 3083 3457 3137 in

1899 3190 2180 3259 procinctu
2225 3187 2426 3241 habens
2451 3184 2752 3237 exercitum
2786 3179 3314 3250 frequentissimum,
3348 3188 3458 3231 tum

213 3278 375 3342 ζετο,
403 3280 496 3331 καὶ
533 3281 774 3351 τριήρεις
815 3283 914 3352 μὲν
942 3282 1007 3349 υ⁸,
1049 3285 1156 3337 τῶν
1187 3285 1243 3339 δὲ
1274 3286 1611 3356 μικροτέρων
1650 3284 1792 3355 νηῶν

1898 3282 2145 3336 triremes
2177 3279 2281 3335 400
2308 3277 2633 3344 naviumque
2664 3275 2957 3336 minorum,
3000 3285 3137 3341 quas
3171 3281 3461 3339 penteoon-

212 3370 667 3439 πεντηκοντέρων
693 3373 734 3404 ³⁸
760 3390 818 3426 τε
850 3376 944 3427 καὶ
976 3375 1292 3443 κερκούρων
1330 3378 1561 3447 ἀριθμὸς
1590 3374 1657 3448 ἦν
1691 3380 1793 3431 οὐκ

211 3459 429 3526 ὀλίγος.
469 3462 747 3534 Διοφάντῳ
795 3464 852 3517 δὲ
900 3465 977 3536 τῷ
1027 3467 1259 3539 Μιθάρῳ
1290 3468 1332 3500 ⁸⁸
1385 3469 1614 3538 δύναμιν
1668 3470 1791 3534 δοὺς

215 3550 436 3617 πέμπει
464 3552 597 3621 πρὸς
621 3554 718 3622 τὴν
757 3556 1174 3623 Καππαδοκίαν,
1207 3560 1449 3630 φρουρὰς
1489 3563 1605 3622 ταῖς
1638 3560 1793 3613 πόλε-

218 3656 313 3693 σιν
355 3641 770 3709 ἐγκαθιστάναι,
805 3648 854 3699 εί
889 3647 945 3700 δὲ
993 3650 1293 3717 Λεύκολλος
1338 3653 1420 3716 εἰς
1451 3654 1541 3707 τδν
1593 3655 1793 3707 Πόντον

212 3730 510 3799 ἐφίκοιτο,
586 3736 934 3804 ὑπαντιάζειν
996 3743 1092 3795 καὶ
1151 3745 1251 3811 τῆς
1311 3746 1498 3816 πρόσω
1570 3747 1794 3816 πορείας

216 3822 529 3891 ἀπείργειν.
567 3826 733 3891 Αὐτὸς
762 3829 817 3882 δὲ
859 3832 975 3900 μεθ’
1005 3833 1201 3885 ἐαυτοῦ
1243 3834 1406 3898 πεζὸν
1436 3836 1532 3905 μὲν
1562 3837 1792 3904 στρατὸν

219 3910 331 3980 ἦγε
356 3920 417 3966 ιε’
451 3918 733 3986 μυριάδας,
768 3921 949 3986 ἱππεῖς
971 3923 1027 3976 δέ
1047 3925 1332 3995 δισχιλίους
1354 3927 1398 3957 ²⁰
1422 3928 1515 3979 ἐπὶ
1546 3929 1659 3991 τοῖς
1693 3946 1795 3998 μυ-

222 4005 383 4070 ρίοις.
438 4006 695 4077 ’Δρματά
740 4028 799 4065 τε
839 4013 1232 4086 δρεπανηφόρα
1262 4018 1565 4088 συνεπῆγεν
1614 4017 1664 4069 κ’
1700 4018 1794 4072 καὶ

221 4110 291 4161 ς,
344 4097 440 4149 καὶ
496 4100 678 4153 πᾶσαν
718 4103 883 4173 ἄλλην
937 4108 1305 4176 μηχανοποιὺν
1354 4109 1454 4161 οὐκ
1506 4110 1793 4169 ἐνδέουσαν

220 4186 457 4257 πληθύν.
503 4189 789 4259 Ἦπείγετο
824 4194 881 4248 δὲ
923 4195 1011 4249 διὰ
1038 4196 1137 4267 τῆς
1167 4198 1524 4268 Τιμωνιτίδος
1571 4201 1793 4268 Παφλα-

222 4279 411 4344 γονίας
441 4280 521 4344 είς
545 4282 644 4352 τὴν
670 4284 956 4354 Γαλατίαν,
1000 4290 1094 4342 καὶ
1125 4290 1373 4355 ἐναταῖος
1399 4294 1478 4355 εἰς
1512 4294 1611 4363 τήν
1638 4294 1795 4347 Βιθυ-

220 4369 340 4423 νίαν
366 4371 701 4439 ἀφικνεῖται.
738 4377 1041 4442 Λεύκολλος
1069 4380 1125 4432 δὲ
1154 4382 1365 4435 Κότταν
1393 4383 1491 4453 μὲν
1533 4386 1792 4456 ἐφορμεῖν

223 4460 438 4516 κελεύει
480 4462 560 4533 τῷ
590 4464 971 4537 Καλχηδονίων
999 4470 1178 4541 λιμένι
1216 4474 1381 4535 παντὶ
1414 4475 1492 4545 τῷ
1530 4476 1790 4548 ναυτικῷ.

1897 3388 2038 3431 teres
2055 3384 2109 3428 et
2144 3386 2399 3429 cercuras
2454 3369 2716 3433 vocitant,
2744 3382 2847 3421 nou
2883 3365 3108 3436 exiguus
3130 3372 3249 3417 erat
3271 3356 3476 3415 nume?

1897 3485 2005 3525 rus.
2038 3467 2396 3536 Diopltantum
2419 3464 2579 3517 etiam
2609 3461 2920 3525 Mitharum,
2939 3474 3058 3511 cum
3078 3456 3249 3510 valida
3271 3469 3458 3515 manu,

1898 3563 1950 3616 in
1994 3558 2389 3629 Cappadociam
2437 3554 2680 3615 dimittit,
2738 3561 2796 3606 ut
2843 3549 3087 3619 praesidia
3134 3548 3186 3601 in
3240 3546 3463 3601 urbibus

1899 3651 2127 3706 collocat
2156 3666 2177 3706 :
2208 3658 2285 3714 et,
2316 3647 2363 3703 si
2397 3645 2646 3700 Lucullus
2684 3644 2913 3698 Pontum
2961 3640 3292 3709 ingrediatur
3314 3680 3329 3704 ,
3370 3652 3463 3692 oc-

1897 3753 2112 3809 currat,
2162 3752 2218 3798 et
2266 3753 2604 3812 progressum
2646 3736 2762 3804 eius
2796 3734 3139 3790 intercludat.
3177 3731 3292 3800 Ipse
3331 3744 3460 3785 vero

1901 3834 2110 3891 150000
2148 3835 2385 3904 peditum
2425 3832 2523 3886 sub
2571 3827 2782 3884 vexillis
2830 3827 2968 3897 apud
3020 3840 3081 3879 se
3127 3823 3362 3886 retinet,
3408 3832 3465 3876 et

1900 3928 2072 3981 12000
2104 3926 2378 3995 equitum,
2402 3936 2539 3992 quos
2566 3921 2749 3976 falcati
2785 3929 3081 3989 sequuntur
3112 3929 3302 3970 currus
3331 3910 3462 3979 120,

1898 4034 2000 4074 nec
2041 4018 2146 4072 ulla
2192 4017 2565 4072 machinarum
2614 4014 2792 4071 omnis
2827 4012 3041 4082 generis
3086 4010 3240 4080 copia
3286 4006 3458 4060 abest.

1899 4108 2180 4165 Concitan
2225 4108 2386 4177 igitur
2425 4107 2639 4170 itinere,
2682 4120 2779 4175 per
2807 4102 3210 4165 Timouitideut,
3247 4098 3462 4167 Cappa-

1901 4203 2111 4258 dociam
2150 4211 2205 4259 et
2237 4201 2503 4256 Galatiam
2564 4212 2814 4269 pergens,
2854 4197 2921 4251 ad
2970 4196 3108 4251 diem
3145 4208 3343 4248 nouum
3378 4191 3465 4244 Bi-

1905 4296 2145 4366 thyniam
2174 4295 2409 4364 attingit.
2432 4292 2684 4348 Lucullus
2711 4290 2934 4346 interim
2960 4288 3173 4343 Cottam
3216 4285 3269 4339 in
3301 4282 3463 4339 Chal-

1900 4386 2248 4441 cedoniorum
2298 4395 2453 4456 portu
2532 4383 2818 4441 stationem
2873 4379 3076 4436 habere
3135 4377 3288 4447 jubet
3339 4389 3461 4429 eum

1900 4479 2047 4533 omni
2080 4477 2273 4532 classe.

502 4574 630 4634 CAP.
673 4577 783 4634 XL.
809 4609 881 4621 —
926 4579 1289 4639 Heraclienses
1331 4585 1629 4641 Mithridati
1678 4605 1733 4642 se
1785 4588 2076 4658 adjungtmt
2115 4597 2164 4643 et
2195 4587 2499 4657 publicanos
2542 4586 2804 4641 Romanos
2840 4582 3182 4652 interﬁciunt.

290 4692 366 4745 Τὸ
400 4692 459 4745 δὲ
504 4694 835 4766 Μιθριδάτου
865 4702 1118 4755 ναυτικὸν
1148 4705 1461 4776 παραπλέον
1490 4707 1588 4776 τὴν
1624 4707 1797 4779 ἹΙρά-
1831 4713 1876 4767 D

225 4783 407 4838 κλειαν
449 4786 583 4857 παρ’
622 4788 793 4861 αὐτῆς
840 4793 940 4845 οὐκ
991 4794 1219 4867 ἐδέχθη,
1273 4797 1387 4851 ἀλλ’
1426 4800 1630 4870 ἀγοράν
1694 4801 1794 4870 μὲν

225 4876 604 4946 αἰτησαμένων
658 4882 956 4951 παρέσχον.
1004 4878 1106 4939 Οἴα
1151 4886 1208 4940 δὲ
1264 4888 1444 4952 εἰκὸς,
1509 4890 1794 4960 ἐπιμιξίας

225 4967 519 5037 γενομένης
590 4969 881 5042 Ἀρχέλαος
944 4977 972 5030 ό
1026 4976 1122 5031 τοῦ
1184 4978 1437 5031 ναυτικοῦ
1491 4982 1794 5052 στρατηγὸς

226 5055 479 5109 συνέλαϐε
552 5059 774 5129 Σιλῆνον
804 5064 848 5094 ’³
903 5065 999 5118 καὶ
1057 5067 1296 5138 Σάτυρον
1357 5071 1640 5138 ἐπιφανεῖς
1693 5074 1791 5144 τῆς

226 5144 562 5245 ,Ἡρακλείας
598 5149 818 5221 ἄνδρας,
851 5160 945 5208 καὶ
986 5158 1085 5210 οὐκ
1128 5158 1328 5229 ἀνῆκεν
1361 5161 1464 5225 ἕως
1499 5163 1564 5215 ἂν
1606 5162 1793 5217 ἔπεισε

227 5237 404 5289 λαϐεῖν
428 5238 596 5291 πέντε
629 5244 872 5313 τριήρεις
900 5249 1246 5318 συμμαχίδας
1273 5254 1353 5314 εἰς
1387 5253 1479 5305 τὸν
1521 5254 1661 5307 κατὰ
1684 5255 1794 5309 τῶν

237 5322 520 5397 Ῥωμαίων
570 5332 828 5403 πόλεμον.
865 5337 978 5391 Καὶ⁹
1023 5340 1132 5392 ἀπὸ
1172 5341 1375 5410 ταύτης
1402 5345 1501 5414 τῆς
1544 5345 1795 5413 πράξεως

231 5416 379 5488 (ἶπερ
439 5422 534 5473 καὶ
586 5420 875 5494 Ἀρχέλαος
928 5428 1277 5502 ἐμηχανᾶτο)
1339 5432 1438 5503 τὴν
1510 5434 1795 5504 Ῥωμαίων

230 5508 519 5578 ἀπέχθειαν
566 5514 596 5566 ὁ
650 5514 1037 5589 ’ίίρακλεώτης
1068 5520 1239 5592 δῆμος
1276 5525 1565 5594 ἐκτήσατο.
1608 5529 1790 5597 Δημο-

233 5604 447 5668 οιωνίας
494 5605 552 5659 δὲ
593 5605 703 5661 τῶν
764 5608 1050 5680 Ῥωμαίων
1104 5612 1162 5665 ἐν
1210 5616 1332 5678 ταῖς
1368 5614 1555 5679 ἄλλαις
1606 5616 1793 5671 πόλεσι

1971 4708 2294 4765 Mithridatis
2320 4718 2499 4763 autem
2521 4707 2707 4763 classis
2729 4706 3035 4761 lleraeleam
3060 4700 3464 4775 prazterlegens,

1891 4801 1967 4855 ab
2005 4815 2069 4854 ea
2103 4816 2206 4854 non
2240 4801 2498 4870 recipitur
2527 4816 2542 4855 :
2578 4800 2751 4854 forum
2792 4808 2970 4854 tamen
2996 4798 3185 4853 venale
3226 4796 3468 4864 roganti-

1900 4892 1998 4945 bus
2030 4892 2271 4960 prmbeut
2307 4906 2321 4944 :
2352 4901 2403 4946 et
2427 4890 2804 4957 commerciis,
2835 4899 2895 4945 ut
2933 4889 3047 4945 fieri
3083 4889 3255 4963 solet,
3296 4889 3465 4955 initis,

1899 4982 2194 5038 Archelaus
2235 4984 2511 5053 copiarum
2560 4980 2830 5036 navalium
2878 4981 3088 5044 ductor,
3129 4980 3367 5037 Silenum
3412 4992 3468 5035 et

1900 5072 2178 5146 Satyrum,
2210 5073 2418 5128 nobiles
2443 5090 2507 5130 ex
2536 5073 2795 5129 Heraclea
2826 5073 2995 5137 viros,
3021 5073 3465 5140 comprehendit:

1898 5181 1999 5220 nec
2039 5166 2187 5234 prius
2225 5166 2463 5230 dimisit,
2512 5181 2672 5235 quam
2718 5166 3081 5236 persuasisset
3131 5174 3187 5218 ut
3227 5166 3466 5234 quinque

1903 5259 2214 5313 triremibus
2259 5260 2432 5328 ipsum
2463 5259 2515 5313 in
2546 5259 2647 5313 hoc
2676 5274 2795 5312 cum
2838 5258 3098 5313 Romanis
3139 5259 3277 5313 bello
3312 5258 3462 5326 adju.

1899 5360 2109 5405 varent.
2153 5348 2266 5405 lloc
2310 5348 2451 5405 facto
2494 5350 2658 5420 (quod
2702 5360 2756 5405 et
2798 5350 3100 5405 Archelaus
3142 5352 3467 5404 veteratorie

1902 5440 2122 5496 molitus
2149 5441 2287 5513 erat)
2333 5441 2696 5495 Romanorum
2737 5442 3071 5495 inimicitiam
3106 5440 3332 5511 populus
3362 5438 3467 5492 lle-

1898 5529 2180 5584 racliensis
2201 5530 2305 5585 sibi
2336 5530 2663 5583 conciliavit.
2688 5529 2822 5583 Cum
2863 5529 3027 5599 igitur
3059 5529 3335 5584 auctiones
3369 5543 3466 5596 pn-

1900 5619 2067 5675 blicas
2088 5619 2314 5675 Romani
2349 5620 2404 5674 in
2444 5622 2567 5676 aliis
2595 5621 2909 5676 civitatibus
2946 5621 3314 5686 instituerent,
3356 5622 3463 5676 lle-

1460 5707 1694 5763 VARIIE
1742 5710 2143 5767 LECTIONES.

300 5788 743 5881 :hélfﬁplfﬁs'ga
791 5794 834 5827 "
854 5794 1212 5881 ἐπεκρίνοντο
1236 5816 1299 5867 ς.
1340 5798 1416 5834 ³⁸³
1448 5801 1567 5858 libri
1592 5805 2057 5879 πεντηκοντήρων.
2140 5806 2180 5839 ⁸⁸
2215 5803 2461 5875 Μιθάρου
2496 5806 2577 5863 vel
2602 5808 2861 5881 Μιοάρεω
2914 5807 3175 5877 Scaliger,

231 5856 429 5924 Χιλίους
459 5862 497 5914 Α
538 5878 554 5916 :
588 5856 681 5916 δύο
716 5880 777 5927 ς.
854 5866 896 5897 ’⁸
926 5856 1123 5921 σιλῖνον
1148 5874 1211 5924 Α.

3276 5806 3323 5838 ²⁰
3347 5806 3462 5860 δισα
