3924 6396
566 414 670 484 ιιι

1717 426 1943 487 ΡΗΟΤΙ
1950 427 1977 486 Ι
2017 426 2144 486 PA'I

2247 425 2517 486 ARCH/E
2555 425 2665 485 (ΣΡ.
3664 430 3745 493 916

571 535 801 589 rucleam
840 550 1055 607 quoque
1077 580 1092 602 ,
1121 547 1344 609 propter
1373 553 1593 594 causam
1623 546 1751 593 ante
1781 539 1979 594 dictam
1998 577 2013 601 ,
2059 537 2143 591 his

2247 535 2647 599 καθιστώντων,
2674 532 2769 586 καί⁵
2794 531 2893 601 τὴν
2924 528 3255 602 Ἡράκλειαν
3279 528 3367 583 διὰ
3391 528 3482 602 τὴν
3504 532 3744 613 εἰρημένην

567 637 949 696 exposuerunt.
1014 629 1257 700 Cumque
1325 630 1728 685 auctionatores
1799 630 1986 681 urbem
2047 627 2145 681 in-

569 718 739 787 gressi
762 759 777 785 ,
808 729 995 775 contra
1016 721 1324 793 reipublicae.
1342 736 1545 776 morem
1565 728 1848 791 argentum
1866 720 2146 788 exigerent

562 810 786 882 233a,
817 811 869 866 in
904 828 1189 869 mterorem
1251 815 1396 869 cives
1437 813 1809 884 coniecerunt,
1844 810 1937 881 qui
1973 811 2147 865 servi-

572 905 701 958 tutis
722 905 936 960 initium
972 908 1072 962 hoc
1100 923 1223 963 esse
1254 907 1662 963 existimabant.
1696 906 1875 973 Quare
1902 918 2025 959 cum
2048 920 2146 975 per

565 991 889 1063 legationem
930 998 998 1051 ad
1053 1008 1298 1053 senatum
1363 998 1667 1053 Romanum
1722 996 2138 1066 publicationem

570 1084 830 1141 bonorum
876 1087 1154 1159 deprecari
1204 1104 1293 1145 res
1336 1091 1658 1161 postularet.
1689 1089 1789 1158 ipsi
1837 1104 1867 1143 a
1906 1088 2138 1160 quodam

568 1175 622 1229 itt
665 1178 798 1233 urbe
829 1181 1194 1238 audacissimo
1224 1186 1512 1253 persuasi,
1554 1182 1872 1253 publicanos
1902 1197 1934 1237 e
1965 1180 2140 1236 medio

568 1267 801 1336 tollunt,
852 1281 962 1326 tam
1002 1284 1246 1341 secreto,
1296 1283 1355 1329 ut
1393 1275 1461 1329 de
1498 1288 1632 1330 nece
1679 1273 1895 1329 illorum
1938 1270 2138 1327 nemini

566 1360 858 1433 quidquam
893 1374 1188 1420 constaret.

2246 630 2427 684 αίτίαν
2474 628 2699 690 ταύταις
2750 624 3069 678 ὑπέϐαλλον.
3118 625 3182 677 Ol
3209 623 3267 676 δὲ
3300 623 3609 694 δημοσιῶναι
3646 636 3750 702 πρὸς

2243 722 2342 794 τὴν
2394 722 2550 775 πόλιν
2584 719 2909 789 ἀφικόμενοι
2954 715 3108 787 παρά
3158 714 3228 769 τά
3259 714 3353 786 ἔθη
3403 716 3492 786 τῆς
3529 721 3749 790 πολιτείας

2244 815 2338 868 καὶ
2378 813 2641 885 ἀργύριον
2697 808 3058 871 ἀπαιτοῦντες
3106 808 3237 870 τοῦς
3288 806 3501 872 πολίτας
3547 811 3751 884 ἐλύπουν,

2242 907 2420 979 ἀρχήν
2450 922 2575 958 τινα
2620 902 2864 965 δουλείας
2914 900 3074 954 τοῦτο
3115 898 3451 971 νομίζοντας.
3479 902 3534 953 Οί
3557 903 3623 966 δὲ,
3657 907 3753 960 δια-

2245 996 2684 1069 πρεσϐεύσασθαι
2728 996 2847 1049 δέον
2877 997 3015 1066 πρὸς
3060 993 3162 1062 τὴν
3200 991 3497 1064 σύγκλητον
3537 995 3658 1050 ὥστε
3682 1001 3755 1070 τῆς

2244 1090 2611 1160 δημοσιωνίας
2656 1086 2993 1155 ἀπολυθῆναι
3014 1127 3029 1151 ,
3064 1084 3482 1150 ἀναπεισθέντες
3516 1088 3609 1141 ὑπό
3647 1107 3757 1157 τινος

2246 1182 2588 1255 θρασυτάτου
2628 1180 2737 1234 τῶν
2787 1180 2846 1232 ὲν
2878 1181 2943 1250 τῇ
2979 1178 3135 1232 πόλει
3164 1179 3292 1240 τοὺς
3316 1175 3546 1241 τελώνας
3580 1180 3759 1250 ἀφανεῖς

2246 1274 2530 1346 ἐποίησαν,
2554 1271 2631 1336 ὡς
2660 1272 2756 1326 καὶ
2779 1270 2872 1324 τδν
2902 1270 3133 1325 θάνατον
3160 1268 3343 1324 αὐτῶν
3376 1270 3678 1335 ἀγνοεῖσθαι.

1061 1477 1192 1535 CAP.
1227 1478 1365 1533 XLI.
1397 1511 1468 1521 —-
1506 1478 1696 1551 Pugna
1726 1482 1796 1536 ad
1834 1480 2215 1537 Chalcedonem
2260 1490 2377 1529 cum
2429 1471 2762 1537 Mithridate,
2803 1468 3053 1524 Romanis
3090 1469 3318 1539 funesta.

637 1587 831 1644 Prtelio
874 1592 1071 1649 dehinc
1110 1597 1288 1651 navali
1318 1599 1385 1653 ad
1420 1599 1817 1655 Chalcedonam
1858 1600 2001 1654 inter
2030 1599 2142 1653 lto-

568 1692 758 1734 manus
787 1690 841 1735 et
870 1682 1127 1741 Ponticos
1167 1690 1485 1753 commisso,
1522 1690 1649 1744 dum
1678 1689 1820 1761 regis
1843 1699 1899 1744 et
1936 1688 2139 1745 Roma-

2321 1588 2567 1658 Πολέμου
2594 1588 2651 1642 δὲ
2678 1586 2937 1643 ναυτικοῦ
2964 1587 3107 1641 κατὰ
3137 1585 3456 1657 Καλχηδόνα
3491 1587 3632 1641 πόλιν
3664 1590 3767 1644 Ῥω-

2252 1682 2433 1755 μαίοις
2487 1699 2547 1734 τε
2588 1681 2682 1735 καὶ
2726 1681 3008 1742 Ποντικοῖς
3057 1678 3387 1746 συστάντος,
3414 1679 3505 1732 καὶ
3545 1679 3693 1751 πεζῆς
3724 1682 3764 1734 δὲ

466 2728 471 2735 .
565 2686 875 2739 concidere.
909 2687 1014 2742 Sed
1045 2687 1303 2746 Lucullus
1344 2691 1409 2743 ad
1460 2689 1781 2763 Sangarium
1806 2691 2025 2748 ﬂuvium
2052 2712 2144 2750 ca-

570 1785 759 1823 norum
792 1773 1068 1842 pedestres
1124 1780 1267 1833 inter
1296 1793 1353 1834 se
1385 1781 1683 1852 conﬂigunt
1713 1781 1857 1837 acies
1890 1782 2138 1853 (quarum

2247 1775 2530 1845 δυνάμεως
2554 1774 2656 1845 τῆς
2685 1790 2746 1827 τε
2787 1772 3077 1845 βασιλικῆς
3112 1772 3207 1825 καὶ
3237 1772 3337 1841 τῆς
3395 1771 3682 1842 Ῥωμαῖκῆς
3712 1776 3769 1835 είς

566 1856 694 1912 huic
726 1858 905 1927 Caua,
940 1863 1011 1917 illi
1045 1864 1383 1923 Mithridates
1409 1869 1686 1941 praeerat),
1726 1869 2000 1925 Basternae
2036 1868 2140 1923 Ita-

2256 1868 2437 1940 μάχην
2502 1866 2760 1934 ἀλλήλαις
2807 1864 2954 1937 [382.
2997 1863 3094 1937 11.]
3149 1864 3514 1936 συρραγείσης
3566 1863 3768 1935 (έστρστα

566 1950 741 2005 lorum
768 1954 975 2019 pedites
1016 1957 1069 2011 in
1114 1959 1292 2030 lugam
1322 1971 1559 2030 vertunt,
1587 1973 1643 2018 et
1681 1964 1945 2034 prolixam
1974 1965 2141 2017 edunt

2247 1961 2373 2032 ήγει
2402 1960 2458 2013 δὲ
2492 1960 2593 2028 τῆς
2627 1960 2724 2029 μὲν
2753 1958 2985 2021 Κόττας,
3018 1958 3117 2026 τῆς
3138 1958 3193 2011 δὲ
3216 1956 3567 2028 Μιθριδάτης)
3587 1958 3771 2051 τρέπουέ

564 2052 826 2115 stragem.
862 2045 1061 2103 Eadem
1092 2052 1309 2107 fortuna
1338 2054 1500 2108 etiam
1529 2054 1719 2109 classis
1758 2070 1851 2109 usa
1874 2062 1975 2120 est,
2000 2070 2142 2108 uno-

2252 2069 2336 2104 σιν
2367 2051 2417 2104 oi
2470 2050 2775 2121 Βαστέρναι
2806 2048 2948 2103 κατὰ
2974 2048 3034 2101 τὸ
3080 2049 3242 2114 πεζὸν
3266 2049 3395 2110 τοὺς
3430 2048 3664 2113 Ἰταλοὺς,
3703 2050 3772 2101 καί

568 2145 675 2200 que
710 2133 797 2189 die
843 2151 993 2190 mare
1026 2148 1078 2193 et
1118 2149 1259 2194 terra
1306 2142 1658 2197 cadaveribus
1692 2141 1954 2198 Romanis
1999 2140 2143 2197 fmde

2249 2142 2418 2198 πολὺν
2472 2142 2654 2195 αὐτῶν
2702 2142 2862 2211 φόνον
2921 2142 3270 2211 εἰργάσαντο.
3315 2141 3397 2193 Τά
3430 2140 3562 2194 αὐτὰ
3607 2141 3657 2194 δὲ
3703 2142 3774 2195 καὶ

568 2223 855 2291 υρριοηιιιι·
896 2226 1037 2283 8000
1091 2231 1145 2283 in
1205 2230 1456 2287 conﬂictu
1507 2232 1684 2287 navali
1740 2234 1953 2300 occisis,
1999 2233 2142 2288 4500

2254 2235 2383 2307 περὶ
2410 2234 2510 2298 τάς
2543 2234 2674 2297 ναῦς
2719 2234 2958 2301 ἐγένετο,
3010 2234 3105 2285 καὶ
3155 2233 3260 2286 ὑπὸ
3323 2234 3453 2302 μίαν
3498 2231 3687 2303 ἡμέραν
3721 2236 3772 2303 γῇ

568 2318 778 2386 captis;
816 2318 880 2373 de
902 2322 1136 2388 pedestri
1167 2332 1348 2378 autem
1387 2324 1629 2378 exercitu
1666 2323 1941 2388 Italorum,
1980 2324 2140 2381 3500.

2251 2348 2311 2384 τε
2364 2329 2459 2383 καὶ
2506 2328 2752 2402 θαλάσσῃ
2797 2328 2910 2391 τοῖς
2955 2326 3245 2397 Ῥωμαίων
3284 2325 3656 2396 διελελύμαστο
3697 2329 3777 2378 σώ-

566 2411 613 2466 Λ
653 2422 805 2481 parte
843 2423 1020 2467 autent
1068 2415 1394 2471 Mithridatis
1450 2417 1725 2473 Basternae
1764 2418 1983 2475 circiter
2029 2418 2139 2485 50;

2258 2439 2414 2493 μασι,
2446 2420 2856 2491 διαφθαρέντων
2886 2420 2945 2472 ὲν
2978 2419 3080 2489 μὲν
3122 2421 3191 2489 τῇ
3239 2419 3516 2488 ναυμαχίᾳ
3565 2417 3775 2470 ὀκτακισ-

565 2517 635 2555 ex
667 2503 873 2572 reliqua
914 2507 1260 2562 multitudine
1285 2508 1412 2574 700,
1444 2509 1775 2565 ceciderunt.
1800 2510 1912 2565 lloc
1942 2511 2144 2566 Mithri-

2248 2514 2457 2585 χιλίων,
2491 2512 2942 2585 τετρακισχιλίων
2966 2513 3010 2542 ²¹
3037 2511 3094 2563 δὲ
3127 2513 3221 2564 καὶ
3248 2508 3621 2563 πεντακοσίων
3646 2509 3778 2561 ἑαλω-

566 2595 714 2651 datis
750 2612 1000 2652 successu
1042 2601 1282 2653 omnium
1329 2602 1496 2656 animi
1539 2603 1790 2658 servilem
1829 2604 1879 2658 in
1926 2606 2142 2660 modum

2250 2608 2424 2660 κότων
2457 2622 2472 2638 ο
2529 2604 2622 2659 τοῦ
2678 2605 2736 2658 δὲ
2791 2604 2958 2669 πεζοῦ
3026 2602 3438 2675 στρατεύματος
3487 2601 3661 2654 Ἰταλοὶ
3704 2602 3777 2670 μὲν

2248 2698 2555 2770 τριακόσιοι
2590 2698 2686 2752 καὶ
2717 2697 3170 2767 πεντακισχίλιοι,
3207 2696 3317 2749 τῶν
3346 2695 3404 2748 δὲ
3438 2694 3780 2763 Ῑκίιθριδατείων

566 2784 681 2829 Stra
722 2777 963 2842 habens.
995 2783 1208 2847 cognita
1251 2799 1313 2838 ea
1361 2783 1545 2850 clade,
1586 2786 1864 2855 perculsos
1909 2788 2141 2844 militum

2249 2792 2556 2863 Βαστέρναι
2595 2792 2693 2862 μὲν
2725 2792 2857 2863 περὶ
2888 2791 3205 2863 τριάκοντα,
3237 2789 3335 2843 τοῦ
3379 2790 3438 2843 δὲ
3483 2785 3657 2840 λοιποῦ
3680 2786 3781 2853 πλή-

570 2866 784 2921 animos
821 2869 999 2924 verbis
1029 2872 1226 2928 erexit.

2262 2885 2391 2949 θους
2443 2886 2785 2941 ἑπτακόσιοι.
2846 2885 3031 2948 Οὕτως
3085 2884 3324 2958 ἀρθέντα
3380 2883 3452 2936 τά
3505 2879 3782 2951 Μιθριδάτου

566 2956 788 3010 πάντων
815 2960 873 3012 τὸ
918 2964 1174 3032 φρόνημα
1224 2964 1567 3022 κατεδούλου.
1622 2966 1923 3033 Λεύκολλος
1971 2970 2028 3025 δὲ
2095 2971 2188 3027 ἐπὶ
2242 2974 2337 3028 τοῦ
2399 2976 2710 3047 Σαγγαρίου
2774 2978 2819 3010 ³³
2866 2956 3136 3048 ποταμοῦ
3182 2972 3651 3047 στρατοπεδεύων,
3715 2968 3783 3024 καὶ

570 3049 760 3121 μαθὼν
786 3052 847 3107 τὸ
888 3055 1081 3119 πάθος,
1124 3056 1307 3125 λόγοις
1338 3058 1721 3130 ἀνελάμϐανεν
1766 3064 2155 3136 ἀθυμήσαντας
2185 3070 2315 3135 τοὺς
2348 3071 2709 3143 στρατιώτας.

978 3198 1104 3261 CAP.
1144 3200 1300 3257 XLII.
1348 3235 1418 3246 -
1460 3202 1912 3263 Mithridates'ad
1960 3209 2210 3281 Cyzicum
2261 3214 2434 3271 Marte
2484 3216 2693 3272 Luculli
2730 3228 2779 3271 et
2818 3218 3111 3288 naufragiis
3167 3218 3423 3272 domitus.

649 3316 749 3372 Ubi
789 3332 917 3373 vero
967 3334 1159 3389 magno
1192 3335 1251 3375 se
1282 3321 1471 3391 Spiritu
1516 3324 1582 3377 ad
1631 3324 1887 3397 Cyzicum
1931 3328 2143 3387 Mithri-

2322 3336 2453 3408 [757
2482 3336 2573 3409 R.]
2604 3337 2947 3409 Τρεπομένου
2975 3337 3031 3391 δὲ
3085 3336 3180 3390 ἐπὶ
3225 3335 3469 3401 Κύζικον
3493 3335 3586 3388 σὺν
3612 3334 3788 3404 μεγάλῳ

568 3410 726 3469 dates
761 3412 1046 3473 convertit,
1079 3414 1262 3483 copias
1303 3415 1419 3469 urbi
1453 3417 1745 3473 admovere
1789 3422 2033 3490 cupiens,
2073 3428 2144 3478 in-

2256 3432 2566 3503 φρονήματι
2614 3431 2970 3503 Μιθριδάτου,
3020 3430 3116 3483 καὶ
3169 3430 3482 3501 πολιορκεῖν
3528 3428 3621 3496 τὴν
3669 3427 3789 3479 πόλιν

567 3502 783 3557 cumbit
813 3518 841 3554 a
871 3513 1018 3573 tergo
1045 3502 1302 3560 Lucullus
1334 3524 1348 3561 :
1384 3517 1439 3561 et
1480 3507 1676 3563 infesta
1702 3511 1853 3582 signa
1892 3513 2144 3583 inferens,

2255 3502 2607 3592 βουλομένου,
2654 3502 2954 3584 Λεύκολλος
3011 3520 3463 3589 ἐπακολουθήσας
3499 3520 3589 3570 καὶ
3620 3517 3790 3586 συμδα·

573 3598 913 3653 memorabili
965 3599 1220 3657 Ponticos
1271 3603 1494 3659 victoria
1523 3605 1791 3676 proﬂigat,
1844 3617 1900 3664 et
1944 3592 2144 3668 viribus

2252 3613 2359 3667 λὼν
2388 3612 2613 3684 πολέμῳ
2639 3614 2766 3685 νικᾷ
2789 3613 2915 3677 τοὺς
2948 3613 3247 3673 Ποντικοὺς
3287 3613 3392 3665 ἀνά
3439 3611 3652 3681 κράτος,
3690 3609 3790 3678 βρα-

564 3691 743 3742 exuit.
770 3689 1059 3759 Aliquanto
1084 3692 1228 3751 enim
1260 3694 1440 3763 plures
1467 3696 1642 3752 10000
1671 3699 1722 3752 in
1750 3698 1867 3755 acie
1897 3703 2072 3770 caedit,
2096 3714 2144 3758 et

2252 3706 2339 3774 χεῖ
2384 3703 2432 3735 ’⁸
2498 3704 2598 3775 μὲν
2644 3703 2861 3766 πλείους
2918 3702 3178 3773 μυριάδος
3223 3700 3457 3763 ἀνελὼν,
3507 3698 3790 3769 τρισχιλίους

573 3780 752 3835 15000
770 3782 935 3848 capit.
973 3781 1319 3841 Fimbrianus
1348 3797 1526 3841 autem
1564 3790 1721 3844 miles
1749 3802 2031 3860 suspectos
2066 3796 2144 3850 ha-

2251 3794 2311 3849 δὲ
2352 3794 2448 3848 καὶ
2492 3793 2718 3865 μυρίους
2748 3792 2927 3847 λαϐὼν
2957 3790 3363 3861 αἰχμαλώτους.
3393 3788 3467 3842 Τὸ
3494 3789 3549 3842 δὲ
3571 3788 3791 3859 Φιμϐρια-

572 3870 709 3925 bens
741 3871 927 3936 duces,
950 3874 1103 3941 quasi
1135 3886 1355 3944 propter
1377 3878 1795 3934 audacissimum
1820 3880 1875 3935 in
1899 3882 2144 3939 Flaccum

2252 3884 2361 3939 νῶν
2402 3886 2451 3917 ³⁸
2486 3886 2803 3955 στράτευμα
2838 3884 3097 3947 ὑπόπτως
3144 3883 3267 3953 ἔχον
3319 3884 3398 3947 ὡς
3455 3881 3544 3935 διά
3597 3881 3651 3934 τὸ
3695 3877 3790 3948 περὶ

575 3966 791 4021 facinus
824 3984 927 4022 non
968 3970 1199 4040 amplius
1220 3972 1390 4027 'ﬂdem
1430 3974 1562 4044 ipsis
1600 3975 1857 4042 habeant,
1897 3980 2055 4035 tacite
2081 3981 2144 4035 ad

2251 3978 2497 4032 Φλάκκον
2531 3978 2788 4048 τόλμημα
2828 3977 2927 4029 οὐκ
2975 3975 3041 4030 ἂν
3084 3977 3283 4039 αὐτοὺς
3326 3977 3411 4028 ἑτι
3458 3973 3716 4045 νομίσειαν
3754 3972 3789 4021 σί

2252 4067 2520 4139 ἡγεμόνες
2562 4066 2774 4131 εὔνους,
2812 4067 3062 4137 ἔπεμπον
3094 4066 3280 4135 κρύφα
3319 4065 3465 4138 πρὸς
3501 4064 3791 4135 Μιθριδάτην

2250 4161 2577 4231 αὐτομολίαν
2610 4159 3049 4230 ὑπισχνούμενοι.
3094 4158 3152 4211 '0
3184 4158 3242 4212 δὲ
3269 4157 3507 4228 ἕρμαιον
3533 4157 3629 4227 τὴν
3655 4153 3788 4225 πρόσ-

2252 4253 2444 4323 κλησιν
2492 4253 2537 4284 ¹⁶
2577 4253 2946 4323 ἡγησάμενος,
2986 4250 3064 4312 ὡς
3095 4249 3192 4314 νὺξ
3236 4248 3515 4303 ἐπέλαϐεν
3550 4242 3791 4314 ⁸⁷,Ἀρχέ-

2251 4343 2380 4398 λαον
2408 4344 2619 4414 πέμπει
2652 4342 2951 4413 βεϐαιῶσαι
2983 4359 3043 4395 τε
3086 4341 3186 4405 τὰς
3229 4340 3535 4411 ὁμολογίας
3574 4339 3659 4391 καὶ
3693 4334 3788 4393 τοὺς

2252 4440 2753 4509 προσχωρήσαντας
2782 4435 2959 4503 ἄγειν.
2990 4435 3055 4488 υί
3086 4434 3144 4487 δὲ
3178 4433 3534 4506 Φιμϐριανοὶ,
3564 4431 3675 4483 ἐπεὶ
3701 4425 3791 4479 τούο

572 4055 939 4113 Mithridatem
981 4062 1334 4130 missitando,
1386 4067 1758 4123 transitionem
1807 4071 2147 4141 pollicentur.

569 4150 675 4216 Qui
715 4153 767 4205 in
796 4151 949 4206 lucro
976 4168 1181 4221 ponens
1202 4156 1341 4211 hanc
1371 4158 1437 4213 ad
1460 4175 1519 4214 se
1546 4160 1968 4226 inclinationem,
1995 4152 2151 4220 nocte

570 4241 785 4305 oborta,
812 4243 1135 4298 Archelaum
1165 4250 1442 4317 amandat,
1466 4251 1556 4320 qui
1581 4266 1733 4320 pacta
1766 4260 2073 4320 contirmet,
2097 4268 2151 4313 et

571 4337 639 4389 ad
680 4349 865 4405 partes
902 4340 1043 4410 regis
1091 4357 1150 4396 se
1195 4343 1555 4414 adjungentes
1597 4348 1851 4405 adducat.
1896 4353 1969 4405 At
2003 4351 2148 4406 Fim-

569 4426 744 4481 briani
784 4428 1111 4489 Archelaum
1158 4436 1223 4485 ad
1261 4435 1407 4504 ipsos
1456 4438 1755 4505 profectum
1827 4442 1881 4495 in
1932 4443 2149 4500 vincula

568 4520 945 4589 compingunt.
973 4531 1029 4577 et
1053 4538 1172 4592 qua:
1206 4541 1326 4580 cunt
1351 4543 1416 4581 eo
1447 4540 1668 4586 venerat
1700 4548 1915 4588 manum
1945 4536 2144 4591 interli-

2251 4548 2364 4593 τοις
2405 4530 2696 4599 Ἀρχέλαος
2746 4526 3103 4596 παρεγένετο,
3151 4526 3315 4579 αὐτὸν
3376 4525 3480 4596 μὲν
3526 4518 3786 4624 συνέλαϐονῖ

570 4612 737 4667 ciunt.
775 4613 903 4672 Post
935 4618 1038 4669 hoc
1076 4615 1456 4683 infortunium,
1482 4623 1648 4677 etiam
1684 4623 1856 4680 fames
1887 4629 2144 4701 opprimit

2251 4626 2378 4686 τοὺς
2402 4624 2458 4676 δὲ
2488 4624 2586 4677 σὺν
2617 4621 2766 4691 αύτῷ
2800 4620 3217 4691 διεχειρίσαντο.
3244 4620 3377 4672 Ἐπὶ
3419 4619 3597 4687 τούτῳ
3626 4614 3690 4682 τῷ
3718 4627 3785 4661 του

564 4705 866 4759 exercitum
910 4710 1116 4774 regium
1141 4752 1157 4774 ,
1210 4721 1264 4764 et
1300 4711 1481 4767 multis
1521 4715 1795 4770 interitum
1828 4682 2003 4776 aﬂ'eri.
2046 4720 2144 4777 Tot

2255 4682 2519 4786 βασιλέως
2554 4682 3001 4785 ἀτυχήματι
3053 4712 3210 4781 λιμὸς
3240 4710 3540 4763 ἐπιπίπτει
3579 4701 3782 4807 αὑτοῦῇ

568 4804 750 4850 tamen
801 4798 1041 4855 adversis
1086 4802 1223 4855 ictus
1266 4804 1505 4866 casibus,
1552 4823 1581 4859 ιι
1631 4808 1810 4880 Cyzici
1863 4812 2144 4867 obsidione

2252 4810 2500 4881 στρατιᾷ,
2533 4807 2627 4861 καὶ
2666 4807 2891 4868 πολλοὺς
2915 4804 3188 4858 ἀπώλλυε.
3229 4802 3382 4874 Πλὴν
3434 4801 3578 4855 οὕτω
3624 4798 3787 4897 militi;

570 4904 678 4942 non
706 4890 941 4956 absistit,
990 4894 1081 4946 sed
1120 4895 1289 4960 brevi,
1324 4896 1447 4950 licet
1486 4899 1650 4951 multa
1690 4916 1972 4968 perpessus
2001 4917 2144 4960 esset

2250 4903 2539 4974 παθήμασι
2592 4901 2817 4970 κάμνων
2871 4897 3112 4963 Κυζίκου
3166 4895 3267 4965 τῆς
3327 4893 3650 4963 πολιορκίας
3687 4890 3787 4941 τέως

562 4989 621 5030 et
647 4980 870 5049 egisset,
902 4983 1037 5038 urbe
1083 5000 1191 5038 non
1250 5001 1553 5061 expugnata
1593 4993 1819 5046 recessit
1848 5010 1862 5046 :
1895 5003 1950 5046 et
1984 4996 2144 5063 pede-

2247 4998 2348 5051 οὐκ
2383 4994 2651 5064 ἀφίστατο
2682 5009 2694 5021 ·
2728 4992 2848 5060 μετ’
2886 4989 3065 5058 ὀλίγον
3097 4989 3154 5042 δὲ
3186 4988 3361 5041 πολλὰ
3397 4987 3497 5039 καὶ
3520 4980 3692 5037 παθὼν
3719 4975 3789 5029 καί

566 5074 663 5125 stri
713 5073 927 5142 quidem
988 5079 1188 5145 agmini
1246 5079 1438 5152 233b
1487 5082 1789 5136 llermartnn
1825 5094 1879 5137 et
1914 5084 2140 5140 Marium

2248 5086 2481 5156 πράξας,
2512 5086 2659 5154 ὅμως
2689 5083 2963 5137 ἀνάλωτον
2982 5080 3154 5133 λιπὼν
3181 5081 3279 5149 τὴν
3310 5078 3475 5131 πόλιν
3500 5072 3787 5143 ἀνεχώρησεν

566 5162 812 5230 νὲδιίίεἰι,
853 5168 942 5235 qui
974 5170 1150 5224 50000
1192 5172 1470 5225 hominum
1516 5172 1643 5228 illnc
1682 5177 1989 5232 ducebant:
2030 5178 2144 5245 ipse

2247 5180 2343 5232 τοῦ
2375 5179 2472 5249 μὲν
2502 5175 2670 5240 πεζοῦ
2712 5176 2973 5245 Ἑρμαῖον
3006 5173 3100 5225 καὶ
3124 5170 3339 5240 Μάριον
3377 5165 3630 5238 ἡγεῖσθαι
3663 5176 3791 5213 κατα·

566 5265 746 5311 antem
782 5275 880 5328 per
919 5278 1067 5316 mare
1114 5264 1345 5318 reditum
1406 5266 1735 5322 instituerat.
1789 5268 2144 5340 lngressoqne

2251 5271 2621 5340 στησάμενος,
2682 5267 2912 5337 στρατὸν
2970 5265 3109 5333 ὑπὲρ
3156 5262 3529 5332 τρισμυρίους
3581 5256 3790 5321 ἄγοντας,

569 5349 839 5413 triremes,
870 5352 1050 5407 multae
1083 5357 1350 5424 variaque
1395 5358 1657 5411 malorum
1696 5359 1884 5416 forma:
1909 5363 1955 5415 ei
1981 5363 2144 5417 simul

2248 5363 2409 5425 αὐτὸς
2452 5362 2508 5415 δὲ
2541 5361 2629 5413 διὰ
2672 5359 2949 5429 θαλάσσης
2995 5354 3317 5424 ποιούμενος
3373 5352 3478 5421 τὴν
3528 5342 3792 5440 ἀνάζευξὶν-

574 5441 917 5511 ingruerunt.
960 5442 1098 5502 Nam
1132 5447 1257 5500 dum
1282 5449 1483 5503 milites
1512 5452 1766 5515 soluturi,
1792 5469 1977 5519 naves,
2018 5471 2144 5525 qua-

2262 5455 2663 5516 Ἐπιῦαίνοντος
2701 5452 2757 5503 δὲ
2787 5450 2953 5503 αὑτοῦ
2982 5448 3090 5501 τῶν
3112 5444 3360 5518 τριηρῶν
3397 5440 3593 5496 πολλαὶ
3636 5433 3789 5488 mile

1869 5614 2099 5669 VARI/8
2134 5612 2536 5669 LECTIONICS.

638 5728 681 5756 “
712 5740 985 5791 carpaxta‘
1016 5769 1029 5781 .
1066 5728 1121 5780 δὲ
1152 5728 1190 5781 Α
1226 5747 1236 5782 :
1280 5747 1373 5781 και
1408 5746 1723 5800 τετοακισγ,
1755 5752 1816 5785 r.
1893 5734 1936 5764 ’³
1967 5745 2019 5785 et
2075 5735 2143 5787 όΟ
2182 5734 2231 5785 b.
2310 5731 2575 5805 σαγαρίου
2628 5729 2769 5784 lihri.
2848 5732 2892 5762 ’⁵
2923 5729 3093 5799 βραχῦ
3124 5746 3178 5791 εἷ’
3258 5727 3301 5757 ﬂ
3330 5720 3692 5810 ξραμδριωίίῗν
3717 5708 3752 5761 Δ
3783 5737 3792 5783 ἶ

640 5794 885 5832 ﬁnit-turtur
926 5745 1006 5832 ul.
1084 5799 1128 5829 ³6
1168 5780 1515 5832 ρηΑρυῖσιριυ.
1559 5801 1583 5832 Α
1657 5820 1666 5831 ι
1691 5780 1896 5832 ⁸υίῖῖυυι.
1969 5823 2003 5832 ..
2083 5806 2385 5832 Ωιιηιιιιι...ηη
2469 5802 2788 5832 αλλ’-Λ.ηη.
2931 5804 2973 5832 27
3010 5797 3269 5832 ἑοέῖηιζτυ
3310 5790 3622 5832 thmfvl‘ll:
3649 5821 3663 5832 .
3700 5780 3792 5832 Illi“

566 5781 885 5874 φαΰριανῶν
1084 5799 1128 5829 ³⁸
1168 5781 1515 5871 πρόσκλησιν.
1552 5801 1588 5853 Α
1657 5781 1896 5868 ε’δκλδῆσιν
1965 5823 2021 5870 ς.
2083 5808 2142 5860 St

2247 5781 2806 5873 ιίὶιι-ιίέμδπρόσκλισιν.
2923 5781 2973 5835 ’ἢ
3008 5781 3269 5857 ἐπέλαϐεν
3310 5781 3663 5852 Semeleius:
3700 5781 3794 5833 lthn

565 5863 859 5922 ἐπέϐαλεν.
925 5870 1083 5941 ςί.ρ.
1139 5863 1850 5940 n.'ttst.'5et15t5,3~z.
1974 5863 1992 5870 ’
