3924 6460
204 431 294 493 917
1216 428 1715 488 BIBLIOTHECA
1755 452 1823 461 —
1861 427 2024 487 COD.
2062 428 2356 488 CCXXIV.
3300 430 3406 496 918

204 542 319 598 ἰδέαι
343 538 659 594 συνέπιπτον
691 554 706 569 ⁸
738 540 788 594 oi
839 538 950 611 γὰρ
996 538 1278 610 ἐμϐαίνειν
1323 538 1612 609 μέλλοντες
1656 538 1736 600 είς

1855 551 1955 589 -um
1992 535 2111 590 aliae
2145 536 2255 605 jam
2301 534 2517 602 repletae
2541 576 2558 601 ,
2598 535 2717 591 alia:
2742 552 2865 592 mox
2904 538 3172 609 replenda:
3198 555 3404 612 essent,

200 632 347 695 αὖτάς
377 630 470 695 τὰς
506 632 605 701 μὲν
634 631 732 702 ἤδη
763 631 1199 704 πεπληρωμένας
1235 632 1335 695 τάς
1363 630 1419 684 δὲ
1468 629 1562 683 καὶ
1608 628 1736 698 μελ-

1853 626 2122 681 :nufertim
2170 635 2456 695 occupant,
2491 638 2544 682 et
2583 628 2818 698 undique
2850 628 2955 685 illis
2984 632 3278 699 adhmrent,
3320 634 3402 688 fac

198 720 372 782 λούσας
395 724 640 792 κατεῖχον
668 721 1059 792 ἐξαρτὼμενοι,
1092 721 1188 773 καὶ
1231 719 1383 787 παρά
1418 718 1480 771 τὸ
1528 716 1736 787 πλῆθος

1855 726 1983 770 ξιυιιι
2010 726 2096 772 est
2141 728 2323 787 utprxe
2351 718 3126 787 multitudineimminentium,
3168 739 3291 794 pars
3308 743 3404 780 na-

197 814 294 866 τῶν
344 809 489 866 τοῦτο
515 812 767 883 δρώντων
796 814 852 865 αί
902 813 1001 883 μέν
1034 812 1355 866 κατεδὺοντο
1396 811 1452 864 αἱ
1498 809 1554 863 δὲ
1586 826 1731 879 περιο

1853 808 1982 861 vium
2019 808 2406 876 deprimeretur
2426 849 2441 873 ,
2462 825 2588 878 pars
2626 812 2787 865 etiam
2808 813 3232 872 subverteretur.
3251 817 3402 883 Quod

197 898 480 969 ετρέποντο.
525 900 696 954 Τοῦτο
728 901 1023 972 Κυζικηνοὶ
1075 900 1402 971 θεασάμενοι
1463 899 1734 970 ὥρμησαν

1852 899 2132 967 :onspicati
2161 900 2437 970 Cyziceni,
2482 902 2679 970 impetu
2724 902 2776 956 iu
2822 912 3004 958 castra
3053 904 3401 961 Ponticarum

197 990 277 1044 ἐπὶ
320 988 383 1042 τά
424 987 531 1044 τῶν
554 991 832 1046 Ποντικῶν
872 991 1233 1062 στρατόπεδα,
1288 992 1385 1044 καὶ
1434 992 1561 1053 τοὺς
1603 991 1733 1042 ὑπο-

1855 990 2019 1053 ‘acto,
2060 1007 2229 1062 :egros
2273 994 2345 1048 ibi
2384 993 2601 1048 relictos
2644 994 2956 1062 trucidant,
2997 997 3125 1052 etsi
3157 999 3283 1066 quid
3315 1016 3404 1053 su-

195 1080 486 1150 λειφθέντας
526 1085 873 1155 καματηροὺς
916 1083 1346 1155 διαφθείροντες,
1386 1084 1439 1137 εί
1466 1100 1521 1135 τι
1552 1082 1735 1152 παρῆν

1853 1092 2049 1136 )ererat
2093 1084 2370 1152 diripiunt.
2426 1085 2496 1138 At
2542 1084 2818 1149 Lucullus,
2870 1088 3107 1156 peditum
3139 1104 3331 1159 agmen
3373 1106 3402 1144 a

196 1172 627 1244 ὑπολελειμμένον
650 1174 728 1246 τῷ
756 1176 1124 1247 στρατοπέδῳ,
1159 1176 1459 1246 διήρπαζον
1487 1174 1552 1230 ’⁸.
1590 1171 1731 1227 Λεύ-

1854 1190 1987 1244 ,ergo
2013 1189 2261 1244 premens
2285 1217 2302 1241 ,
2344 1175 2412 1231 ad
2435 1175 2682 1246 [Esipum
2732 1176 2951 1234 ﬂuvium
3001 1181 3305 1251 assequitur
3335 1182 3403 1235 de

194 1263 359 1326 κολλοί
385 1262 440 1317 δὲ
481 1263 671 1330 διώξας
711 1267 807 1321 ἐπὶ
847 1267 940 1321 τὸν
980 1268 1222 1336 Αἴσηπον
1276 1267 1321 1300 ¹⁹
1368 1265 1617 1335 ποταμὸν
1670 1262 1734 1317 τὸ

1850 1267 2161 1334 inproviso,
2224 1283 2579 1339 magnamque
2630 1273 2864 1326 hostium
2914 1277 3115 1329 eadem
3171 1276 3399 1345 peragit.

192 1357 333 1423 πεζὸν
401 1358 797 1433 ἀπροσδόκητος
840 1362 885 1395 ³⁰
932 1361 1365 1431 καταλαμϐάνει,
1423 1360 1519 1414 καὶ
1570 1357 1730 1427 φόνον

1853 1357 2169 1414 ilithridates
2211 1360 2452 1428 interim,
2505 1362 2747 1419 collectis
2782 1374 2838 1418 ut
2882 1367 3074 1435 potuit,
3126 1367 3181 1422 in
3228 1368 3402 1420 Pontn

192 1450 335 1504 πολὺν
364 1450 471 1503 τῶν
516 1451 786 1522 πολεμίων
830 1455 1084 1508 ποιεῖται.
1121 1452 1460 1524 Μιθριδάτης
1499 1449 1557 1504 δὲ
1596 1450 1728 1503 ἀνα-

1853 1450 2055 1513 viribus,
2084 1448 2404 1506 Perinthum
2425 1452 2771 1512 circumsidet
2796 1467 2850 1511 et
2877 1466 3148 1529 Oppugnat
3180 1474 3195 1511 :
3229 1473 3402 1528 eoque

189 1540 343 1596 λαὸὼν
396 1541 588 1594 ἐαυτὸν
641 1544 709 1607 ὡς
760 1545 1013 1616 ἠδύνατο,
1070 1544 1353 1614 Πείρινθον
1397 1542 1728 1613 ἐπολιόρκει,

1433 1542 1728 1613 πολιὸρκει,
1834 1556 1938 1597 nou
1971 1542 2192 1612 potitus,
2221 1542 2274 1597 in
2303 1541 2611 1615 Bythiniam
2644 1548 2982 1603 transmittit.

187 1634 363 1705 ταύτης
389 1633 444 1687 δὲ
472 1635 787 1708 διαμαρτὼν
821 1639 914 1692 ἐπὶ
935 1637 1190 1692 Βιθυνίαν
1221 1633 1655 1708 διαπεραιοῦται.

329 1749 452 1809 CAP.
492 1748 678 1809 XLIII.
702 1786 768 1799 -
805 1755 1000 1813 Triarii
1037 1775 1118 1813 res
1155 1765 1312 1827 gesta:
1347 1764 1528 1809 contra
1566 1747 1948 1805 Mithridatem.
1978 1744 2153 1801 Prusa
2188 1749 2332 1804 urbs.
2368 1747 2578 1806 Fabula
2610 1753 2675 1808 de
2715 1752 2901 1809 Nicwa
2936 1768 2982 1810 et
3018 1754 3245 1811 Baccho.

256 1862 396 1915 Ἐπεὶ
441 1863 493 1916 δὲ
543 1865 643 1919 καὶ
686 1868 900 1939 Βάρόας
947 1870 1179 1941 συχνοὺς
1222 1868 1440 1923 Ἰταλῶν
1494 1868 1719 1936 ἐπάγων
1753 1864 1798 1924 Β

1898 1858 2191 1931 Postquam
2213 1878 2342 1917 vero
2373 1861 2569 1929 Barba,
2600 1868 2871 1922 robustam
2905 1868 3157 1924 Italorum
3181 1886 3396 1925 manum

186 1951 289 2026 ἧκεν
318 1953 408 2007 καὶ
459 1956 559 2026 μὴν
618 1960 713 2012 καὶ
763 1961 1018 2031 Τριάριος
1070 1964 1098 2017 ὀ
1159 1962 1449 2032 Ῥωμαίων
1498 1959 1723 2030 ἡγεμὼν

1843 1951 2117 2014 tdducens,
2144 1952 2399 2016 venisset.
2426 1964 2481 2008 et
2502 1951 2747 2012 Triarius
2774 1957 2996 2029 insuper
3024 1958 3392 2015 Romanorum

187 2047 663 2116 ἀνασκευασάμενος
707 2053 770 2122 τῇ
828 2046 1100 2124 ’Δπαμέίᾳ
1146 2051 1456 2123 πολιορκεῖν
1490 2051 1719 2119 ἐπέστη,

1840 2043 1954 2106 lux,
1990 2042 2151 2099 motis
2178 2043 2301 2098 inde
2331 2046 2548 2109 castris,
2580 2047 2872 2115 Apameam
2899 2049 3192 2115 obsideret,
3221 2052 3389 2119 cives,

185 2140 226 2192 ol
262 2137 508 2206 Ἀπαμεῖς
557 2140 903 2213 ἀντισχόντες
956 2145 1056 2198 ὅσα
1111 2144 1393 2216 ἠδύναντο,
1440 2143 1571 2217 [583
1626 2142 1718 2215 ιι]

1850 2153 1938 2190 aut
1977 2136 2284 2207 aliquandiu
2322 2155 2419 2208 pro
2468 2139 2675 2195 viribus
2725 2143 2837 2197 suis
2870 2142 3077 2198 hostem
3112 2146 3399 2202 sustinuis-

183 2231 309 2293 τέλος
332 2231 631 2298 ἀνοίξαντες
656 2237 754 2298 τάς
788 2236 961 2298 πύλας
987 2237 1212 2300 τούτους
1245 2237 1601 2303 εἰσεδέξαντο.
1629 2233 1720 2291 Εἶ-

1841 2238 1962 2292 ;ent,
1982 2230 2184 2298 apertis
2211 2234 2429 2285 tandem
2455 2233 2627 2301 portis
2648 2248 2742 2289 eos
2768 2235 3132 2292 intromisere.
3163 2238 3390 2293 Prussm

184 2323 258 2375 λον
281 2322 332 2375 δὲ
353 2323 437 2375 καὶ
465 2324 719 2395 Προῦσαν
750 2329 850 2395 τὴν
878 2329 1031 2382 πόλιν
1063 2331 1096 2398 ἡ
1133 2329 1419 2397 Ῥωμαίων
1447 2330 1675 2398 δύναμις
1696 2345 1711 2360 ⁸

1844 2321 1979 2374 :tiam
2018 2323 2205 2377 urbem
2248 2320 2530 2378 Romanus
2568 2326 2842 2382 exercitus
2890 2329 3055 2397 cepit.
3097 2328 3249 2384 lucet
3280 2330 3393 2385 haec

185 2414 272 2467 ὑπὸ
286 2414 703 2472 δὲτδνἋσιανδν
731 2420 1013 2489 Ὄλυμπον
1033 2421 1268 2475 διέκειτο
1288 2423 1331 2453 ³¹
1359 2421 1518 2491 αῦτη.
1541 2423 1718 2475 Ἐκεῖ-

1843 2412 1885 2465 id
1928 2410 2218 2481 Olympum
2252 2415 2394 2469 Asia:
2422 2427 2681 2471 montem.
2724 2415 2864 2471 Hinc
2898 2416 3215 2472 Prusiadem
3256 2420 3392 2475 mari

184 2504 260 2557 θεν
310 2506 337 2557 ὁ
404 2506 650 2579 Τριάριος
696 2511 794 2563 ἐπὶ
838 2510 1142 2581 Προυσιάδα
1180 2513 1280 2582 τὴν
1335 2512 1719 2565 ἐπιθαλάσσιον

1843 2509 2130 2576 mpositam
2173 2522 2294 2560 cum
2320 2508 2565 2563 exercitu
2592 2509 2725 2578 petit
2754 2523 2769 2562 :
2804 2508 3023 2564 Cierum
3053 2510 3181 2564 olim
3214 2511 3391 2565 nomi—

187 2597 303 2665 μετά
335 2597 429 2666 τῆς
456 2601 729 2670 δυνάμεως
768 2603 1135 2673 παραγίνεται
1164 2619 1178 2635 ο
1211 2601 1350 2673 αὕτη
1372 2603 1429 2657 δὲ
1454 2602 1649 2674 Κίερος
1673 2606 1717 2636 ⁸¹

1844 2600 2039 2655 nabant.
2065 2598 2180 2666 Quo
2194 2598 2354 2652 etiam
2369 2600 2708 2670 Argonautas
2728 2601 3019 2670 appulisse,
3038 2612 3092 2657 et
3107 2603 3393 2659 evanuisse

184 2688 233 2740 τὸ
260 2689 463 2743 παλαιὺῖ
502 2693 771 2758 ἐκαλεῖτο,
804 2697 861 2749 ἐν
897 2689 1050 2768 ᾖκαὶ
1082 2697 1115 2766 ἡ
1143 2696 1244 2766 τῆς
1277 2696 1506 2767 ’Δργοῦς
1534 2697 1715 2766 ἄφιξις

1844 2689 2009 2761 lylam
2037 2700 2094 2746 et
2124 2690 2404 2745 llerculem
2427 2731 2444 2755 ,
2476 2693 2600 2747 dum
2631 2693 2859 2763 requirit
2888 2709 3009 2748 eum
3034 2736 3049 2761 ,
3086 2695 3393 2750 circumva-

182 2780 371 2846 λέγεται
396 2798 471 2834 κα
500 2784 529 2836 ὁ
557 2783 657 2837 τοῦ
686 2784 827 2839 Ὕλα
861 2786 1170 2856 ἀφανισμὸς
1204 2786 1300 2839 καὶ
1335 2788 1369 2857 ή
1405 2785 1499 2840 τοῦ
1550 2787 1717 2858 Ἠρα-

1836 2791 2022 2851 gatum,
2055 2782 2327 2851 multaque
2352 2783 2403 2836 id
2427 2797 2596 2853 genus
2619 2783 2724 2837 alia
2769 2785 3085 2855 contigisse,
3112 2785 3250 2840 fama
3283 2796 3385 2842 est.

184 2870 313 2933 κλέος
335 2873 424 2925 ἐπὶ
454 2874 537 2945 ὴν
561 2874 757 2929 τούτου
791 2876 1126 2947 ἀναζήτησιν
1172 2876 1349 2947 πλάνη
1402 2883 1498 2932 καὶ
1544 2878 1715 2932 πολλὰ

1840 2874 1887 2929 Jt
1910 2874 2029 2929 urbi
2056 2875 2529 2945 appropinquavit,
2569 2876 2726 2932 facile
2752 2877 3068 2934 Prusienses
3090 2895 3211 2934 eum
3240 2893 3389 2934 rece-

182 2965 381 3018 τοιαῦτα
434 2965 606 3038 ἐερα.
659 2970 1078 3040 Παραγεγονότα
1111 2969 1167 3023 δέ
1196 2970 1397 3042 ῥαδίως
1455 2970 1505 3022 oi
1544 2971 1717 3041 Πρου-

1843 2978 2031 3031 terunt,
2064 2966 2301 3023 Ponticis
2334 2967 2542 3037 ejectis.
2588 2968 2718 3023 Inde
2758 2968 2975 3033 Nicaaze,
3016 2985 3176 3039 quam
3209 2972 3392 3040 praesi-

182 3059 310 3120 σαείς
333 3058 375 3090 ³⁸
397 3057 651 3126 ἐδέξαντο,
675 3062 801 3124 τοὺς
817 3062 1106 3126 Ποντικοὺς
1127 3062 1717 3131 δωσάμενοι.Ἐκείθεν

1837 3060 1962 3113 lium
1992 3057 2317 3115 Mithridatis
2350 3061 2586 3125 tenebat,
2638 3061 2900 3118 imminet.
2950 3062 3155 3118 Pontici
3184 3071 3386 3132 autem,

180 3148 257 3199 ἐπὶ
314 3150 522 3203 Νίκαιαν
598 3154 1012 3225 φρουρουμένην
1082 3155 1451 3225 Μιθριδατείῳ
1500 3157 1713 3228 φρουρᾷ

1839 3146 2087 3202 ntellecto
2138 3149 2283 3203 cives
2332 3149 2527 3204 animis
2576 3150 2640 3204 ad
2698 3149 2972 3206 Romanos
3027 3153 3386 3223 propendere,

180 3237 539 3305 παραγίνεταιο
564 3242 690 3295 οίδὲ
720 3244 971 3296 Ποντικοὶ
1002 3243 1092 3296 τὸν
1130 3242 1255 3296 νοῦν
1280 3245 1390 3297 τῶν
1423 3247 1479 3298 ἐν
1507 3245 1712 3316 Νικαία

1931 3248 1979 3292 ιιι
2029 3254 2087 3294 se
2132 3240 2198 3293 ad
2248 3238 2615 3295 Mithridatem
2655 3240 3023 3298 Nicomediam
3058 3245 3386 3301 subducunt.

181 3327 454 3393 συνιδόντες
476 3331 554 3384 ἐτι
595 3332 901 3403 Ῥωμαίους
927 3334 1308 3398 ἀποκλίνοντα,
1344 3335 1431 3389 διὰ
1452 3335 1644 3400 νυκτὸς
1670 3335 1715 3367 ⁸⁸

1837 3328 2048 3385 ὶοιηιιηὶ
2091 3330 2251 3399 igitur
2296 3332 2415 3385 sine
2466 3332 2712 3388 molestia
2757 3336 2943 3390 urbem
2981 3351 3091 3391 sua:
3135 3341 3386 3406 potestati

178 3418 294 3487 πρὸς
334 3420 655 3494 Μιθριδιτην
691 3427 770 3489 είς
808 3425 1176 3497 Νικομήδειαν
1214 3426 1586 3497 ἀνεχώρησαν,
1618 3428 1715 3481 καὶ

1841 3421 2132 3490 objiciunt.
2171 3421 2296 3477 Haec
2342 3424 2473 3478 urbs
2515 3439 2709 3480 nomen
2751 3426 2964 3482 deducit
3003 3443 3032 3481 a
3068 3427 3232 3483 Naide
3261 3444 3390 3498 qna-

187 3509 419 3580 Ῥωμαῖοι
447 3514 834 3589 ἀταλαιπώρως
864 3518 1125 3590 κρατοῦσι
1154 3519 1255 3589 τῆς
1289 3519 1519 3583 πόλεως.
1560 3518 1708 3590 Δῦτη

1842 3514 1938 3565 Iam
1986 3514 2242 3583 nympha,
2292 3515 2379 3569 cui
2424 3514 2618 3571 Nicaaae
2667 3532 2884 3582 nomen,
2931 3527 2985 3573 et
3025 3534 3159 3589 Opus
3186 3529 3269 3575 est
3298 3519 3391 3574 Ni-

176 3600 224 3654 at
254 3603 282 3673 ὴ
310 3603 457 3666 πόλις
491 3608 525 3677 ὴ
550 3608 747 3663 Ἶίκαια
773 3609 872 3680 τὴν
908 3611 1008 3680 μὲν
1034 3611 1227 3681 κλῆσιν
1257 3610 1380 3679 ἄγει
1400 3611 1509 3664 ἀπὸ
1533 3612 1709 3674 ναῖδος

1840 3606 2100 3660 mensium
2126 3647 2141 3671 ,
2173 3608 2264 3677 qui
2303 3609 2355 3662 iu
2406 3609 2699 3666 Alexandri
2741 3613 2984 3667 exercitu
3037 3612 3255 3669 fuerunt
3287 3633 3301 3669 :
3333 3623 3389 3669 et

176 3691 387 3763 νύμφης,
416 3696 570 3769 δνομι
592 3698 864 3771 λαχούσης
899 3701 996 3771 τὴν
1013 3702 1267 3767 Νίκαιαν,
1284 3702 1443 3775 ἔργον
1474 3702 1529 3755 δὲ
1547 3718 1711 3770 γεγο-

1839 3705 1940 3749 post
1965 3696 2081 3766 ejus
2129 3698 2429 3763 interitum,
2473 3699 2600 3752 dum
2636 3700 2870 3769 patriam
2911 3713 3251 3771 receperunt,
3288 3703 3388 3758 hac

177 3783 248 3848 νὸς
262 3784 301 3819 ³³
315 3787 564 3843 Νικαέων
574 3790 686 3845 τῶν
722 3793 864 3863 μετά
893 3792 1241 3866 Ἀλεξάνδρου
1269 3796 1364 3866 μὲν
1380 3812 1441 3847 συ
1454 3812 1709 3865 στρατευ-

1839 3788 1945 3842 urbe
1972 3804 2002 3842 a
2032 3804 2091 3843 se
2113 3790 2329 3844 condita
2361 3802 2416 3845 et
2453 3791 2819 3860 frequentata,
2859 3792 2913 3848 in
2958 3794 3230 3850 civitatem
3261 3810 3388 3850 coa-

180 3875 380 3942 σάντων,
410 3882 546 3949 μετά
567 3881 620 3935 δὲ
651 3882 745 3936 τὸν
775 3884 986 3938 ἐκείνου
1017 3885 1245 3939 θάνατον
1288 3886 1431 3939 κατά
1482 3885 1711 3956 ζήτησιν

1839 3888 2049 3936 nerunt.
2089 3878 2219 3935 Nais
2258 3890 2440 3936 autem
2473 3881 2564 3937 illa
2608 3880 2784 3937 Nicaea
2819 3880 3109 3953 Sangario,
3154 3884 3257 3940 loci
3298 3901 3388 3939 re-

177 3976 406 4044 πατρίδος
440 3980 632 4051 ταύτην
653 3997 713 4034 τε
752 3982 1055 4035 κτισάντων
1090 3984 1187 4036 καὶ
1221 3984 1705 4055 συνοικισαμένων.

1838 3972 1957 4035 mlo,
1986 3982 2040 4026 et
2063 3971 2261 4043 Cybele
2294 3982 2418 4027 nata
2458 3972 2647 4029 fertur.
2676 3974 2806 4041 Quae
2840 3990 2963 4030 cum
2986 3975 3191 4044 majore
3218 3977 3387 4047 virgi~

177 4062 285 4139 [πο
313 4069 402 4143 3.]
449 4071 515 4125 Ἦ
559 4074 644 4143 ιέν
675 4069 770 4127 οὖν
795 4074 978 4147 νατςή
1025 4076 1233 4129 Νίκαια
1278 4075 1497 4145 λέγεται
1545 4075 1707 4145 φῦναι

1837 4063 1999 4118 litatis
2040 4065 2311 4120 desiderio
2343 4082 2504 4136 quam
2555 4068 2962 4123 consuetudinis
3008 4066 3221 4140 234a
3264 4086 3386 4124 cum

176 4154 456 4230 Σαγγαρίου
496 4163 583 4217 τοῐ
612 4164 753 4218 κατά
789 4165 889 4236 τὴν
932 4165 1116 4237 χώραν
1160 4166 1421 4220 δυνάστου
1467 4169 1560 4221 καὶ
1602 4170 1710 4222 Κυ-

1833 4154 1948 4222 tiro,
1976 4164 2269 4223 teneretur,
2300 4157 2353 4211 in
2382 4157 2653 4213 montibus
2681 4166 2738 4212 et
2769 4160 3048 4214 venatibus
3072 4160 3235 4213 vitam
3254 4160 3382 4231 egit.

176 4246 313 4319 δέλης
333 4267 348 4282 ο
380 4253 667 4325 παρθεκίαν
686 4256 743 4309 δὲ
788 4256 988 4327 μᾶλλον
1022 4258 1054 4328 ἢ
1099 4257 1199 4331 τὴν
1234 4260 1371 4330 πρὸς
1402 4259 1573 4330 ἀνδρα
1606 4278 1706 4314 πο-

1836 4247 2053 4303 lacchus
2086 4248 2303 4319 quidem
2348 4248 2592 4305 eﬂlictim
2634 4260 2779 4307 amat
2825 4251 3079 4321 puellam,
3131 4253 3228 4307 sed
3269 4252 3385 4308 haec

174 4336 319 4393 θοῦσα
348 4344 580 4414 ὁμιλίανε
605 4349 664 4400 ἐν
696 4347 847 4419 ὄρεσι
876 4350 972 4402 καὶ
1002 4348 1198 4421 θήραις
1225 4350 1314 4402 τὸν
1341 4349 1454 4420 βίον
1474 4351 1601 4422 ἔσχε
1635 4351 1701 4405 ³⁸.

1847 4357 2051 4398 morem
2086 4341 2400 4399 frustratur.
2435 4342 2662 4411 Quando
2693 4346 2858 4415 igitur
2890 4341 3004 4400 voti
3027 4358 3249 4413 compos
3279 4342 3386 4399 alia

172 4427 361 4503 Ταύτης
384 4435 438 4489 δὲ
469 4439 710 4504 Διόευσος
733 4441 830 4512 μὲν
856 4441 988 4512 ἦρα,
1013 4442 1154 4511 ἐρῶν
1188 4443 1245 4495 δὲ
1272 4443 1373 4496 οὐκ
1410 4444 1699 4514 ἐτύγχανε.

1838 4436 2021 4490 atione
2067 4436 2183 4491 fieri
2221 4436 2424 4506 nequit,
2456 4435 2687 4492 fallaciis
2717 4437 2935 4508 explere
2970 4438 3134 4492 animi
3169 4438 3386 4493 deside—

171 4519 249 4591 Μὴ
274 4529 548 4598 τυγχάνων
566 4531 621 4586 δὲ
649 4536 923 4604 μηχαναῖς
950 4535 1009 4587 τὸ
1039 4535 1225 4587 λεῖπον
1253 4538 1317 4607 τῇ
1345 4536 1541 4610 γνώμῃ
1562 4538 1695 4591 ἀνα-

1835 4528 1948 4583 ‘illltt
1981 4528 2231 4584 instituit.
2265 4530 2398 4583 Nam
2443 4529 2643 4584 fontem
2665 4568 2682 4594 ,
2721 4545 2789 4585 ex
2819 4545 2926 4601 quo
2955 4529 3127 4585 Nicaea
3161 4547 3189 4584 a
3221 4546 3384 4584 vena-

173 4612 384 4701 ¹κληροῦν
419 4624 703 4696 ἐπεχείρει.
750 4627 955 4697 Πληροϊ
994 4627 1177 4682 τοίνυν
1221 4629 1319 4700 τὴν
1349 4630 1578 4701 κρήνην,
1610 4630 1704 4700 ἀφ’

1832 4621 1959 4674 ,ἰοηθ
1990 4620 2199 4676 defessa
2233 4621 2416 4675 bibere
2462 4622 2701 4687 solebat,
2737 4622 2862 4676 vino
2895 4637 2993 4691 pro
3021 4637 3157 4692 aqua
3193 4621 3381 4690 replet.

171 4698 225 4776 ἧς
252 4708 424 4766 εἴωθεν
453 4716 497 4747 ³⁷
526 4720 553 4787 ᾖ
586 4718 791 4771 Νίκαια
815 4718 991 4772 πίνειν
1017 4720 1237 4774 ἐπειδάν
1263 4698 1495 4792 άπὸ-της
1513 4698 1703 4792 θήρας

1833 4712 1997 4779 anue
2045 4711 2174 4765 nihil
2223 4712 2520 4780 suspicata,
2568 4712 2692 4765 dum
2744 4726 2842 4781 pro
2893 4728 3043 4767 more
3081 4728 3180 4767 suo
3228 4711 3382 4774 bibit,

172 4800 438 4877 κοπωθείη,
468 4809 584 4863 ἀντὶ
605 4809 698 4863 τοῦ
737 4809 927 4873 ὕδατος
962 4812 1129 4864 οἴνου.
1180 4812 1245 4865 Ἣ
1277 4812 1333 4865 δὲ
1362 4813 1533 4883 μηδὲν
1571 4833 1700 4871 συν-

1834 4804 2055 4859 allacem
2088 4804 2223 4859 intra
2260 4820 2321 4859 se
2347 4805 2527 4859 haurit
2550 4805 2814 4875 liquorem
2844 4822 2859 4862 :
2894 4816 2949 4861 et
2984 4805 3065 4860 sic
3089 4804 3383 4875 quamlibet

172 4888 312 4944 ειδυῖα
340 4898 430 4950 καὶ
462 4899 518 4953 τὸ
552 4899 743 4965 εἰωθὸς
786 4900 1018 4955 ποιοῦσα
1057 4902 1103 4935 ⁸⁸
1146 4905 1470 4974 ἐμφορεῖται
1506 4923 1569 4958 τε
1602 4907 1696 4961 τοῦ

1832 4896 1996 4961 nvita,
2032 4896 2265 4951 amantis
2311 4896 2589 4965 cupiditati
2630 4897 2920 4955 subservit.
2966 4896 3113 4952 Mero
3158 4896 3381 4951 enimet

172 4980 414 5041 ἐπιὸώλου
466 4991 724 5063 νάματος,
784 4994 878 5047 καὶ
922 4995 1189 5067 ὑπηρετεί
1220 4998 1314 5051 καὶ
1369 4998 1577 5052 ἀκουσα
1630 4999 1708 5070 τῷ

1830 5003 1999 5042 μοιηηο
2036 4995 2340 5057 correptam
2374 4986 2535 5042 Liber
2573 4989 2918 5059 comprimit,
2948 4999 3002 5043 et
3032 4987 3285 5061 Satyrum
3315 5003 3379 5042 ex

172 5071 431 5145 βουλίματι
453 5083 547 5137 τοῦ
572 5085 804 5155 ἐραστοῦ
830 5103 846 5118 ο
875 5086 1048 5157 μέθης
1074 5087 1182 5159 γάρ
1214 5089 1384 5143 αὐτὴν
1416 5090 1511 5144 καὶ
1536 5090 1705 5145 ὕπνου

1831 5098 1869 5137 !a
1928 5082 2238 5153 liberosque
2279 5081 2415 5136 alios
2470 5083 2719 5151 suscipit.
2778 5080 3083 5137 Nicaeenses
3125 5093 3302 5136 autem
3351 5097 3380 5135 a

171 5160 399 5225 λαϐόπων
434 5175 461 5227 ὃ
487 5192 547 5229 τε
578 5176 830 5241 Διόνυσος
872 5179 1010 5249 αὐτῇ
1038 5179 1411 5248 ἐπιμίγνυται,
1446 5182 1540 5234 καὶ
1574 5184 1699 5234 τιατ⁴

1830 5173 2002 5245 luibus
2033 5174 2266 5229 excitata
2299 5182 2381 5228 est
2422 5172 2630 5238 Nicaea,
2659 5184 2715 5228 et
2746 5174 2965 5229 sedibus
3003 5175 3341 5243 frequentata
3363 5215 3379 5237 ,

170 5253 319 5325 δας²ἑξ
347 5264 515 5335 αὐτῆς
541 5268 666 5336 φύει
692 5269 933 5338 Σάτυρόν
973 5287 1033 5323 τε
1083 5272 1176 5323 καὶ
1219 5271 1463 5341 ἐτέρους.
1520 5273 1585 5325 υἱ
1639 5272 1696 5325 δὲ

1833 5265 2039 5319 η-ἰιιιιιιιι
2085 5275 2241 5320 erant
2281 5264 2446 5318 vicini
2508 5264 2780 5321 Phocidi:
2824 5266 2917 5319 sed
2964 5266 3106 5333 quod
3154 5264 3382 5318 subinde

171 5345 374 5419 Νικαεῖς,
422 5359 471 5412 οἳ
501 5359 598 5431 τὴν
641 5360 795 5414 πόλιν
828 5362 1055 5432 ἧγειραν
1098 5363 1191 5416 καὶ
1229 5362 1556 5433 συνῴκισαν,
1592 5364 1694 5417 Νί-

1833 5358 2170 5425 ‘ebellarent,
2221 5357 2528 5413 Phocenses
2564 5359 2776 5412 tandem
2821 5358 2992 5428 patria
3038 5372 3133 5412 eos
3164 5357 3382 5425 expule-

173 5451 305 5494 καιαν
326 5440 467 5517 εἶχον
494 5449 729 5520 πατρίδα
769 5452 1009 5517 Φωκίδος
1036 5453 1253 5522 γείτονα
1280 5472 1293 5486 ο
1333 5454 1472 5526 πρὸς
1501 5457 1566 5526 ἦν
1600 5455 1695 5508 καὶ

1828 5461 1969 5517 'unl,
2024 5462 2077 5506 ct
2111 5462 2168 5507 ut
2213 5452 2347 5508 urbs
2389 5467 2575 5506 eorum
2617 5466 2805 5507 eversa
2840 5451 3145 5516 deleretur,
3183 5467 3377 5521 magno

1382 5546 1620 5603 VARI/EI
1651 5544 2057 5601 LECTIONES.

226 5625 264 5712 ξ’
292 5629 703 5712 ξιήρπαζον
726 5635 1031 5712 διέφθειρον
1058 5657 1124 5712 ς.
1181 5711 1185 5712 ν
1227 5644 1272 5675 ¹⁹
1306 5642 1523 5695 αῖσιπον
1546 5645 1631 5696 A:
1664 5641 1925 5695 αίσιππον
1957 5659 2018 5706 ς.
2097 5641 2143 5672 ³⁰
2181 5641 2600 5712 ἀπροσδοκήτως
2642 5659 2703 5712 ςε
2813 5640 2865 5712 4³¹
2898 5638 3147 5709 διέκειτο]
3198 5640 3379 5712 ἔκειτο

292 5655 574 5699 υιηρπαςον
598 5655 643 5689 Α
682 5655 696 5691 :
726 5655 931 5705 οιεφυει
972 5655 1031 5692 ον
1058 5657 1117 5704 ς.
1228 5655 1272 5675 "
1306 5655 1523 5695 αισιπον
1546 5655 1631 5696 A:
1664 5655 1925 5695 αισιππον
1957 5659 2018 5706 ς’.
2097 5655 2143 5672 ’ν
2181 5655 2600 5712 απροσοοκητως
2642 5659 2702 5705 ς.
2825 5655 2865 5671 ο·
2898 5655 3147 5709 οιεκειτοι
3202 5655 3371 5694 εκειτο

174 5689 452 5782 ἓίθωῖεξῐυηε.
478 5772 508 5782 Α
564 5707 606 5738 ³¹
631 5706 867 5782 [ςίερος]
893 5655 1047 5782 Αιέίος
1100 5711 1418 5767 Palmerius.
1457 5714 1527 5766 cf.
1569 5712 1893 5782 Wesseliug.
1930 5716 1995 5765 ad
2029 5714 2273 5766 ltinerar.
2329 5712 2447 5765 Vet.
2502 5729 2553 5778 p.
2609 5711 2732 5764 69,6.
2803 5710 2851 5782 7”
2880 5712 3161 5782 προυσιεζς
3197 5710 3371 5782 Vales.

266 5748 452 5757 ~~vv—~-
631 5748 731 5759 .-ιν
775 5748 800 5759 ν
916 5748 1017 5762 ιιυν
1100 5748 1189 5765 ια.
1319 5748 1349 5764 ιι
1375 5748 1418 5765 δ.
1493 5748 1527 5765 ι.
1638 5748 1833 5766 ισενυιυι
1881 5755 1893 5767 ,
1930 5748 1995 5765 ιι..
2029 5748 2177 5765 uulnu-
2194 5748 2273 5766 ul.
2341 5748 2447 5765 ιυιο
2540 5750 2553 5764 ο
2610 5748 2732 5764 νυ¹υο
2886 5748 2918 5761 η
2957 5748 3157 5770 νυνυυυν
3209 5748 3351 5764 νει-’νιν

176 5748 360 5892 ἓιῖεηίι,
390 5772 444 5836 εξ,
476 5772 548 5878 ἢ,
638 5777 707 5857 δι’
735 5748 828 5829 ξιξ
850 5748 953 5849 θεῆς
985 5748 1620 5855 νδκτδς,ωω³διγε·ἶονὸξὶ
1655 5748 1870 5851 γέγονε.1⁵
1889 5784 2216 5851 Stephanus.
2320 5782 2364 5813 ³⁸³
2396 5748 2532 5852 Ξσχὲ
2566 5781 2607 5833 Α
2641 5799 2654 5833 :
2683 5748 2996 5851 κατέσχειῖς·
3098 5780 3139 5810 δ’
3169 5779 3351 5834 εἰώθει

241 5854 294 5893 ne
317 5857 450 5898 erus.
585 5862 784 5901 πιουσα
824 5866 879 5901 ς’.
