3994 6438
501 375 610 443 919
1651 377 1910 440 PHOTII
1949 377 2455 439 PATRIARCII/E
2495 379 2604 439 ΟΡ.
3651 371 3758 433 920

506 494 858 567 perfecerunt
896 496 1096 552 studio.
1128 495 1304 553 Nicaea
1332 507 1459 563 ergo
1495 493 1596 549 hoc
1629 493 1787 548 modo
1817 492 2078 563 appellata

2181 490 2443 554 πολλάκις
2475 490 2865 551 στασιάσαντες
2901 485 2994 541 ὑπ’
3034 485 3208 556 αὐτῆς
3255 483 3474 556 ἐκείνης
3523 482 3757 556 ὕστερον

501 597 564 642 et
594 587 810 642 condita
857 585 1002 643 fuit:
1040 597 1202 658 atque
1243 589 1297 643 in
1345 585 1715 642 Romanorum
1749 595 2070 656 potestatem

2180 583 2275 654 τὴν
2302 584 2540 654 πατρίδα
2571 581 2946 654 ἀφῃρέθησαν,
2973 579 3361 650 καταστροφὴν
3404 578 3614 648 ταύτης
3663 580 3758 632 καὶ

510 682 744 736 devenit.
2183 677 2486 748 ἀφανισμὸν
2515 676 2624 728 τῶν
2658 677 2714 728 ἐν
2755 677 2824 745 τῇ
2859 671 3059 726 Φωκίδι
3102 671 3272 742 πολλῇ
3329 671 3535 742 σπουδῇ
3587 686 3756 721 κατα-

511 774 899 846 πραξαμένων.
939 773 1082 829 ’Δλλ’
1107 776 1144 842 ἡ
1176 776 1272 847 μὲν
1293 775 1496 830 Νίκαια
1523 771 1671 829 οὕτω
1693 789 1754 827 τε
1773 773 1873 845 τὴν
1898 772 2092 843 κλῆσιν
2121 771 2216 824 καὶ
2273 771 2372 841 τὴν
2416 768 2702 840 οἰκοδομὴν
2780 765 2928 836 ἐσχε,
2979 765 3074 819 καὶ
3142 764 3286 818 οὕτω
3363 759 3754 836 προσεχώρησε

519 871 834 943 Ῥωμαίοις.

957 989 1083 1047 (ἕλει.
1126 987 1396 1044 χιινρ-
1416 987 1750 1044 Mithridates
1773 988 1906 1043 cedit
1934 985 2101 1041 Come
2125 996 2172 1041 et
2205 983 2440 1047 Triario,
2472 993 2524 1037 et
2556 991 2676 1036 astu
2713 979 3024 1036 Heracleam
3054 988 3292 1048 occupat.

599 1106 865 1163 Catterum
936 1106 1270 1162 Mithridates
1327 1107 1664 1163 Nicomedem
1729 1106 2079 1162 subsistebat.

2258 1102 2598 1174 Μιθριδάτης
2619 1101 2676 1155 δὲ
2709 1102 2767 1154 ἐν
2792 1103 2858 1170 τῇ
2889 1099 3229 1170 Νικομηδείᾳ
3250 1093 3499 1166 διέτριϐε.
3536 1095 3756 1160 Κόττας

510 1193 666 1248 Cotta
715 1205 917 1258 autem,
953 1195 1227 1262 superiora
1263 1196 1456 1248 damna
1502 1195 1770 1249 resarcire
1812 1193 2016 1257 volens,
2043 1207 2079 1246 a

2184 1193 2242 1248 δέ
2285 1194 2603 1264 βουλόμενός
2642 1210 2695 1246 τι
2738 1193 2848 1244 τῶν
2875 1190 3436 1263 προδιημαρτημινων
3465 1187 3510 1220 υ
3545 1187 3752 1240 ἀναλα-

511 1284 851 1340 Chalcedone
876 1327 892 1350 ,
922 1285 1010 1340 ubi
1059 1287 1453 1350 succubuerat,
1494 1285 1869 1340 Nlcomedeam
1896 1283 2081 1352 copias

2184 1287 2301 1340 δεῖν
2349 1280 2484 1358 ἧκεν
2530 1285 2639 1341 ἀπὸ
2681 1285 3022 1355 Καλχηδόνος
3051 1282 3120 1346 ⁸⁸,
3149 1285 3208 1336 ἐν
3250 1276 3294 1351 ᾧ
3339 1280 3563 1351 ἥττητο,
3611 1281 3754 1351 πρὸς

515 1375 808 1440 transfert,
847 1387 901 1432 ct
939 1377 1042 1432 150
1075 1377 1247 1432 stadia
1279 1377 1346 1430 ab
1385 1378 1516 1432 urbe
1551 1386 1726 1430 castra
1761 1383 2018 1440 metatus,
2047 1390 2078 1429 a

511 1467 861 1524 dimicatione
887 1478 1059 1524 cavet.
1092 1469 1189 1534 lbi,
1227 1485 1418 1539 magna
1442 1467 1680 1522 adhibita
1713 1467 2076 1532 festinatione,

510 1558 692 1614 citatis
727 1556 1008 1614 itineribus
1046 1558 1256 1613 Cottam
1293 1569 1484 1627 sponte
1524 1569 1619 1612 sua
1652 1557 1893 1612 Triarius
1928 1570 2079 1611 asse-

506 1651 710 1720 quitur,
753 1660 806 1705 et
857 1650 1195 1706 Mithridates
1240 1651 1294 1704 in
1336 1651 1520 1704 urbem
1571 1663 1633 1703 se
1677 1647 1887 1718 recipit.
1937 1646 2074 1701 Tum

505 1751 736 1810 uterque
780 1741 1054 1796 Romanus
1081 1741 1355 1796 exercitus
1381 1739 1446 1793 ad
1477 1739 1931 1809 oppugnationem
1961 1738 2075 1805 ejus

504 1848 566 1888 se
598 1842 773 1903 parat.
815 1834 884 1888 At
914 1849 1008 1888 rex
1037 1834 1256 1904 cognito
1287 1832 1500 1900 gemino
1549 1831 1799 1886 conﬂictu
1847 1831 2072 1897 navali,
2108 1867 2153 1926 Β

505 1938 609 1991 qua
643 1923 791 1979 circa
826 1921 1122 1988 Tenedum,
1168 1939 1274 1993 qua
1304 1924 1357 1976 in
1387 1922 1522 1978 mari
1561 1920 1732 1993 Egeo
1760 1920 2014 1978 Ponticos
2044 1937 2075 1976 a

506 2015 730 2071 Lucullo
759 2017 950 2083 victos,
979 2031 1080 2071 nec
1118 2031 1301 2086 parem
1331 2030 1389 2070 se
1419 2015 1484 2068 ad
1521 2017 1911 2070 occurrendum
1941 2031 2077 2084 prae-

502 2110 753 2164 sentibus
778 2109 1140 2163 Romanorum
1161 2108 1334 2176 copiis
1356 2121 1495 2172 esse,
1521 2105 1749 2162 classem
1774 2107 1828 2162 in
1857 2105 2074 2160 ﬂuvium

509 2210 658 2255 retro
695 2207 894 2262 movet,
922 2208 978 2254 et
1006 2198 1157 2270 gravi
1183 2208 1463 2267 correptus
1501 2207 1840 2267 tempestate,
1872 2198 2078 2266 aliquot

500 2293 758 2349 triremes
799 2293 1038 2347 amittit:
1074 2293 1188 2363 ipse
1218 2301 1396 2347 tamen
1437 2308 1558 2346 cum
1609 2292 1854 2357 plurimis
1885 2292 1935 2345 in
1968 2291 2078 2362 Hy-

497 2387 650 2455 pium
699 2383 921 2438 ﬂuvium
963 2383 1224 2440 defertur.
1267 2383 1401 2447 Hic,
1450 2399 1570 2439 cum
1617 2391 1913 2452 tempestas
1952 2399 2076 2438 eum

504 2487 771 2543 moratur,
825 2477 1009 2532 audito
1065 2474 1395 2531 Lamachum
1447 2475 1867 2539 Heracliensem,
1916 2491 2074 2546 quem

496 2571 728 2638 antiquo
766 2569 1020 2624 amicitiae
1071 2567 1275 2624 findere
1327 2568 1644 2623 obstrictum
1696 2569 1954 2634 haberet,
2008 2568 2076 2622 ad

507 2658 812 2728 reipublicae
843 2657 1261 2728 gubernaculum
1305 2659 1532 2722 sedere,
1575 2657 1757 2712 multis
1802 2660 2075 2712 hominem

501 2751 788 2820 promissis
845 2748 1091 2814 attraxit,
1132 2757 1194 2804 ut
1243 2749 1342 2802 sibi
1411 2748 1464 2802 in
1525 2749 1710 2804 urbem
1769 2750 2077 2818 recipiendo

498 2856 722 2912 operam
757 2843 932 2896 daret.
975 2840 1239 2896 Pecunias
1266 2841 1428 2894 etiam
1462 2842 1682 2895 miserat
1708 2840 1811 2895 hoc
1835 2843 2072 2896 nomine.

501 2933 605 2991 Hic
629 2948 748 3002 quae
789 2942 1091 3002 rogaverat,
1121 2932 1210 2987 ille
1233 2941 1470 3002 praestat.
1503 2932 1722 2988 Publico
1751 2933 1892 2985 enim
1924 2945 2075 2988 extra

511 3028 700 3083 urbem
747 3027 908 3096 epulo
953 3026 1162 3081 civibus
1230 3037 1508 3094 apparato,
1557 3027 1659 3079 snb
1701 3027 1842 3095 quod
1881 3023 2076 3094 2341)

499 3122 717 3176 clausas
761 3137 819 3176 se
864 3136 969 3174 non
1015 3121 1326 3174 habiturum
1375 3128 1560 3187 portas
1613 3119 1771 3174 iidem
1829 3119 2073 3183 dederat,

2181 1380 2281 1451 τὴν
2322 1378 2710 1449 Νικομήδειαν,
2759 1376 2853 1430 καὶ
2890 1374 3299 1445 στρατοπεδεύει
3327 1368 3369 1424 ν’
3399 1371 3495 1424 καὶ
3531 1378 3578 1441 ρ’
3611 1387 3747 1424 στα-

2183 1471 2312 1525 δίων
2355 1471 2454 1541 τῆς
2486 1469 2693 1532 πόλεως
2730 1467 2954 1532 ἄποθεν,
2981 1466 3084 1538 τὴν
3122 1464 3390 1537 συμϐολὴν
3417 1463 3517 1533 τῆς
3567 1463 3753 1534 μάχης

2183 1560 2676 1630 ὐπευλαὸούμενος.
2725 1558 3153 1628 Καταλαμὸἀνει
3190 1559 3239 1611 δὲ
3282 1558 3496 1611 Κότταν
3540 1558 3748 1626 σπουδῇ

2180 1654 2349 1724 πολλῇ
2401 1652 2728 1721 αὐτόκλητος
2781 1652 2809 1704 ό
2864 1650 2910 1682 ⁸⁸
2957 1651 3231 1720 Τριάριος,
3281 1648 3374 1702 καὶ
3411 1647 3752 1716 Μιθριδάτου

2179 1745 2638 1816 ὑποχωρήσαντος
2683 1743 2763 1806 εἰς
2802 1741 2900 1810 τὴν
2953 1742 3109 1795 πόλιν
3158 1738 3493 1808 ἑκατέρωθεν
3539 1737 3750 1808 ταύτην

2181 1835 2491 1908 πολιορκεῖν
2517 1834 2578 1886 τὸ
2617 1834 2922 1903 Ῥωμαϊκὸν
2948 1829 3389 1904 παρεσκευάζετο
3410 1827 3747 1899 στράτευμα.

2193 1930 2346 1983 Ἐπεὶ
2387 1929 2445 1982 δὲ
2491 1929 2521 1981 ό
2570 1927 2822 1997 βασιλεὺς
2868 1925 3198 1980 ἐπυνθάνετο
3236 1924 3356 1976 δυσὶ
3393 1922 3747 1990 ναυμαχίαις,

2178 2024 2243 2090 τῇ
2281 2019 2381 2089 μὲν
2419 2020 2550 2092 περὶ
2574 2018 2800 2072 Τένεδον
2825 2021 2892 2088 τῇ
2931 2017 2988 2070 δέ
3027 2016 3170 2070 κατὰ
3207 2015 3296 2070 τὸν
3333 2013 3570 2081 Αἴγαιον,
3608 2013 3750 2066 Λευ-

2179 2113 2368 2165 κόλλου
2413 2109 2778 2182 πολεμοῦντος
2806 2111 2931 2171 τοὺς
2961 2109 3252 2171 Ποντικοὺς
3280 2102 3608 2175 νενικῆσθαι,
3653 2103 3750 2156 καὶ

2177 2205 2278 2258 οὐκ
2321 2203 2620 2274 ἀξιόμαχον
2660 2202 2821 2256 αὑτὸν
2868 2202 3003 2273 πρὸς
3043 2201 3140 2271 τὴν
3173 2196 3426 2272 [5841].]
3469 2195 3749 2264 παροῦσαν

2176 2296 2403 2366 δύναμιν
2447 2295 2736 2365 Ῥωμαίων
2775 2297 2981 2366 ἠγεῖτο,
3021 2294 3119 2364 τὴν
3169 2292 3422 2345 ἐπίϐασιν
3573 2288 3748 2358 στόλῳ

2178 2391 2257 2450 εἰς
2300 2387 2392 2440 τὸν
2435 2387 2680 2456 ποταμὸν
2733 2386 2778 2417 ⁸³
2834 2385 3078 2448 ἀνέπλει,
3135 2385 3227 2436 καὶ
3262 2381 3480 2452 σφοδρῷ
3511 2379 3748 2450 χειμῶνι

2179 2478 2492 2551 περιπεσὼν
2516 2481 2672 2540 τινὰς
2725 2479 2824 2550 μὲν
2850 2478 2958 2531 τῶν
2990 2478 3232 2548 τριήρων
3252 2475 3554 2533 ἀποϐάλλει,
3579 2473 3746 2535 αὐτὸς

2177 2572 2234 2625 δέ
2281 2570 2421 2641 μετὰ
2456 2571 2564 2622 τῶν
2595 2569 2855 2623 πλειόνων
2884 2571 2964 2634 είς
2995 2567 3084 2622 τὸν
3116 2569 3314 2620 ’Ὑπιον
3351 2565 3577 2635 ποτιμδν
3608 2580 3746 2616 κατι

2176 2661 2401 2733 ηνέχθη.
2441 2661 2587 2713 Ἐκεῖ
2612 2659 2670 2713 δὲ
2704 2660 2794 2714 διὰ
2829 2659 2922 2713 τὸν
2955 2659 3200 2730 χειμῶνα
3229 2657 3504 2728 διατρίὸον
3553 2655 3745 2726 Λάμα-

2177 2773 2271 2826 χον
2295 2755 2386 2808 τὸν
2435 2752 2844 2824 Ἡρακλεώτην,
2873 2752 3058 2822 φιλίαν
3089 2752 3228 2822 ἔχων
3271 2751 3408 2820 πρὸς
3453 2747 3599 2800 ιύτδν
3633 2765 3742 2802 πα-

2177 2847 2354 2912 λαιὰν,
2387 2846 2573 2918 μαθὼν
2601 2846 2648 2878 ⁸³
2684 2845 2871 2918 ἄρχειν
2907 2845 3007 2914 τῆς
3032 2843 3328 2907 πολιτείας,
3365 2839 3571 2902 ποῖλαῖς
3607 2840 3744 2892 ὑπο-

2179 2941 2430 3012 σχέσεσιν
2459 2938 2640 2994 εἷλκεν
2661 2939 2802 2993 ὥστε
2841 2939 3255 3007 παρασκευάσαι
3293 2937 3445 2990 αὐτὸ»
3467 2936 3524 2986 ἐν
3546 2937 3614 3004 τῇ
3648 2935 3746 2988 πό-

2177 3035 2260 3088 λει
2307 3034 2746 3106 παραδεχθῆναι.
2784 3034 3041 3102 Ἔπεμπε
3081 3031 3138 3084 δὲ
3171 3031 3264 3085 καὶ
3303 3032 3541 3101 χρήματα
3566 3044 3581 3060 ο
3616 3029 3648 3080 ὁ
3837 3061 3846 3069 -

2179 3125 2452 3179 ἀντεδίδου
2502 3125 2603 3194 τὴν
2659 3125 2896 3194 αἴτησιν,
2957 3124 3052 3176 καὶ
3098 3121 3425 3192 δημοθοινίω
3483 3119 3589 3182 ἔξω
3635 3117 3742 3188 τῆς

506 3228 659 3266 luero
690 3211 943 3281 populum
981 3212 1221 3275 inescat,
1259 3219 1422 3278 utque
1449 3222 1514 3264 eo
1551 3208 1666 3277 ipso
1701 3208 1789 3262 die
1825 3224 1891 3262 ex
1925 3224 2101 3264 com-I

2185 3217 2395 3280 πόλεως
2437 3215 2831 3286 λαμπροτάτην
2882 3215 3424 3284 παρασκευασάμενς
3474 3213 3587 3273 τοῖς
3641 3226 3741 3263 που

509 3314 669 3370 pacto
725 3301 1063 3355 Mithridates
1112 3302 1456 3369 superveniat
1500 3298 1642 3365 illis,
1692 3299 1782 3353 dat
1831 3313 2072 3368 operam.

505 3393 695 3463 Itaque
729 3407 826 3448 nec
849 3391 1046 3447 olfactu
1085 3390 1410 3445 Mithridatis
1438 3391 1690 3455 adventu,
1727 3391 1856 3445 urbs
1877 3391 1928 3444 in
1962 3388 2079 3458 ejus

503 3485 794 3539 arbitrium
829 3483 996 3538 venit.
1033 3482 1301 3537 Postridie
1336 3482 1544 3552 plebem
1594 3497 1687 3536 rex
1731 3492 2077 3536 convocatam

513 3574 704 3631 amicis
752 3575 1000 3628 hortatur
1044 3575 1247 3637 verbis,
1305 3583 1470 3643 utque
1520 3573 1678 3628 ﬁdem
1728 3588 1854 3643 erga
1904 3573 2078 3643 ipsum

511 3678 726 3722 tueatur
786 3667 1082 3730 hortatus,
1156 3665 1558 3736 Connacorigi,
1628 3681 1750 3724 cum
1828 3667 2080 3736 praesidio

507 3755 544 3812 4
581 3755 828 3820 millium,
875 3757 1063 3811 urbem
1095 3755 1502 3810 custodiendam
1550 3757 1735 3809 tradit.
1777 3754 2080 3812 Praetextus

505 3855 649 3910 erat,
695 3848 1040 3902 defensurum
1072 3862 1131 3903 se
1159 3847 1326 3912 cives,
1372 3848 1417 3902 si
1460 3846 1692 3902 Romani
1724 3849 1853 3918 quid
1889 3859 2081 3908 contra

504 3939 822 4005 moliantur,
843 3949 900 3994 et
923 3949 1394 3995 conservaturum.
1426 3939 1565 3994 Hinc
1588 3940 1891 3996 distributis
1917 3942 1967 3994 in
1998 3941 2080 3996 ci-

505 4044 622 4094 ves,
657 4031 889 4084 maxime
913 4031 966 4085 in
996 4032 1364 4100 magistratus,
1403 4031 1667 4100 pecuniis,
1703 4047 1892 4087 versus
1918 4031 2080 4088 Sino-

503 4137 632 4192 pem
671 4125 1029 4194 navigationis
1055 4140 1272 4180 cursum
1305 4125 1508 4195 dirigit.

2177 3309 2376 3373 λίταις,
2399 3308 2494 3360 καὶ
2516 3308 2560 3338 ⁸⁸
2577 3307 2751 3378 ταύτῃ
2791 3307 2926 3378 μηδέ
2945 3306 3046 3370 τὰς
3071 3305 3247 3370 πύλας
3275 3305 3400 3374 ἕχευ
3420 3318 3746 3372 παρεγγυη-

2180 3399 2415 3470 σάμενος
2458 3397 2871 3466 κεκλεισμένας,
2912 3395 3153 3466 μεθύσας
3191 3412 3254 3448 τε
3306 3395 3382 3448 et»
3425 3392 3619 3461 δῆμον,
3678 3392 3744 3444 ἐκ

2179 3491 2528 3562 συνθήματος
2559 3489 2701 3542 κατὰ
2742 3488 2840 3560 τὴν
2875 3488 3046 3560 αὐτὴν
3075 3487 3292 3558 ἡμέραν
3329 3482 3601 3552 ἐιβστάναι
3648 3481 3746 3535 λά-

2181 3583 2286 3654 θρᾳ
2312 3578 2838 3653 προπαρασκευάζει
2863 3581 2907 3612 ⁸⁸
2935 3580 3026 3633 τὸν
3060 3578 3403 3650 Μιθριδάτην.
3429 3573 3542 3628 Καὶ
3566 3573 3742 3636 οὕτως

2181 3675 2216 3745 ὴ
2259 3673 2436 3736 πόλις,
2489 3672 2627 3742 μηδὲ
2670 3671 2769 3743 τὴν
2813 3671 2997 3740 ἄφιξιν
3047 3669 3369 3739 αίσθομένωυ
3410 3667 3519 3721 τῶν
3579 3666 3744 3736 Ἦρα-

2181 3763 2457 3830 κλεωτῶν,
2493 3764 2598 3817 ὑπὸ
2624 3765 2785 3835 χεῖρα
2831 3763 3141 3835 Μιθριδάτῃ
3187 3762 3398 3830 γίνετα.
3451 3759 3530 3829 Τῇ
3570 3757 3742 3812 ἐπαύ-

2185 3873 2299 3927 ριον
2329 3855 2388 3911 δὲ
2421 3857 2768 3925 συγκαλέσας
2797 3855 2859 3910 τὸ
2905 3855 3110 3926 πλῆθος
3143 3858 3172 3908 ό
3212 3853 3468 3926 βασιῖεὺς,
3506 3851 3603 3905 καὶ
3647 3868 3736 3918 qn-

2181 3947 2318 4011 λίοις
2363 3947 2764 4019 δεξιωσάμενος
2805 3947 3007 4016 λόγοις,
3059 3948 3156 4000 καὶ
3208 3947 3308 4017 τὴν
3347 3943 3560 3997 εὔνοιαν
3609 3941 3743 4012 πρὸς

2181 4039 2348 4093 αὐτὸν
2381 4039 2722 4110 παραινέσας
2747 4037 2964 4106 σώζειν,
2999 4035 3451 4110 τετρακισχιλίους
3483 4050 3541 4086 τε
3575 4051 3743 4104 φρου-

2187 4131 2312 4202 ροὺς
2349 4133 2765 4203 ἐγκαταστήσας
2819 4132 2913 4185 καὶ
2957 4129 3308 4202 φρούραρχον
3337 4125 3740 4197 Κοννακόρηκα,

422 4271 450 4288 ο
503 4216 782 4286 προφάσει
805 4217 922 4279 τοῦ,
952 4218 1000 4269 εἰ
1041 4217 1303 4286 Ῥωμαῖοι
1340 4216 1648 4288 βουληθεῖεν
1685 4217 2084 4286 ἐπιϐουλεύειν,
2133 4221 2235 4290 τῆς
2278 4222 2487 4286 πόλεως
2524 4222 2766 4286 ἐκείνους
2801 4223 3141 4292 ὑπερμαχεῖν
3195 4221 3292 4275 καὶ
3336 4218 3574 4290 ιωτῆρας
3605 4210 3739 4268 εἶναι

499 4313 616 4367 τῶν
644 4313 1019 4381 ἐνοικούντων,
1061 4309 1183 4369 εἶτα
1221 4313 1282 4369 δὲ
1331 4313 1424 4367 καὶ
1477 4314 1742 4384 χρήματα
1793 4314 2074 4387 διανείμας
2097 4319 2299 4385 τοῖςηὲν
2330 4319 2491 4391 αὐτῇ,
2519 4318 2757 4391 μάλιστα
2783 4318 2839 4372 δὲ
2867 4321 2980 4384 τοῖς
3018 4319 3077 4372 ἐν
3133 4317 3310 4383 τέλει,
3340 4316 3428 4371 ἐπὶ
3494 4313 3598 4384 τῆς
3657 4310 3738 4364 Σιο

503 4406 698 4478 ’κώπης
721 4405 1066 4475 ἐξέπλευσεν.

1327 4527 1454 4581 Car.
1488 4522 1648 4581 XLV.
1669 4555 1741 4567 -—
1764 4522 1966 4595 Pugna:
1991 4524 2143 4581 Rom.
2173 4544 2290 4582 cum
2335 4527 2577 4582 Blitltrid.
2625 4526 2896 4580 secundm.

581 4636 721 4694 Tum
754 4635 1010 4693 Lucullus
1038 4644 1093 4691 et
1120 4634 1278 4691 Capua
1307 4645 1361 4688 et
1382 4633 1628 4688 Triarius
1653 4601 1889 4688 Romani
1916 4636 2080 4690 duces

2255 4636 2555 4700 Λεύκολλος
2576 4636 2632 4688 δέ
2661 4635 2759 4688 καὶ
2787 4634 3000 4698 Κόττας
3039 4633 3133 4686 καὶ
3161 4631 3480 4702 Ὀτριάοιος,
3524 4629 3575 4682 οἱ
3612 4628 3736 4680 Ῥω·

506 4729 578 4787 ad
612 4730 991 4786 Nicomedeam
1040 4727 1344 4799 agminibus
1386 4726 1722 4796 conjunctis,
1765 4727 1816 4780 in
1850 4725 2080 4783 Pontum

505 4828 867 4897 irrnptionem
903 4827 1083 4880 facere
1122 4825 1482 4879 destinarunt.
1516 4823 1587 4876 At
1626 4824 1932 4877 remtntiata
1965 4822 2074 4878 lle-

507 4919 701 4978 raclea:
751 4919 1170 4990 Oppugnatioue,
1226 4932 1346 4972 cum
1392 4916 1458 4971 de
1503 4916 1802 4986 proditione
1853 4917 2118 4971 necdum-

512 5025 814 5078 constaret,
855 5013 949 5068 sed
987 5013 1152 5067 totius
1188 5011 1345 5067 simul
1392 5011 1626 5066 civitatis
1671 5011 1946 5066 voluntate
1988 5013 2082 5067 de—

506 5107 793 5163 fectionem
811 5107 1102 5176 contigisse
1121 5106 1537 5167 arbitrarentur,
1563 5104 1767 5158 Luculli
1795 5104 2079 5158 consilium

506 5209 624 5252 erat
653 5209 710 5249 ut
742 5197 857 5265 ipse
885 5213 1004 5251 cum
1039 5199 1230 5252 robore
1259 5197 1533 5251 exercitus
1562 5211 1657 5262 per
1689 5194 2076 5248 Mediterranea

500 5301 561 5346 et
603 5289 996 5360 Cappadociam
1048 5299 1287 5345 moveret
1333 5290 1386 5343 in
1429 5304 1607 5357 regem
1639 5298 1693 5341 et
1743 5296 1914 5340 totum
1962 5285 2080 5354 ejus

507 5399 755 5452 regnum,
795 5390 847 5435 et
882 5381 1193 5438 Heracleam
1227 5390 1561 5451 Oppugnaret
1590 5379 1774 5434 Cotta.
1838 5377 2080 5431 Triarius

502 5486 708 5542 autem,
739 5485 1015 5546 assumpta
1049 5476 1243 5540 classe,
1271 5475 1463 5528 missas
1484 5475 1539 5535 in
1569 5473 1782 5527 Cretam
1813 5480 1869 5523 et
1894 5469 2080 5538 Hispa—

2189 4731 2364 4800 μαίων
2399 4727 2800 4798 αὐτοκράτορες
2849 4725 3167 4796 στρατηγοὶ,
3215 4725 3306 4777 ἐπὶ
3360 4725 3449 4794 τῆς
3503 4721 3737 4789 Νικομη-

2182 4822 2334 4884 δείας
2384 4820 2506 4874 καθ’
2553 4819 2613 4872 ἒν
2655 4819 2938 4888 γενόμενοι
2991 4817 3251 4887 ὥρμηντο
3291 4816 3373 4878 εἰς
3412 4816 3505 4868 τὸν
3552 4811 3740 4865 Πόντον

2184 4914 2446 4984 ὲμσαλεῖν
2471 4929 2486 4945 ο
2522 4911 2644 4984 [7M
2674 4910 2766 4983 8.]
2802 4911 2925 4964 ἐπεὶ
2947 4910 3003 4964 δὲ
3030 4910 3214 4970 αὐτοῖς
3240 4909 3273 4978 ἠ
3297 4910 3399 4979 τῆς
3429 4904 3738 4976 Ἠρακίείας

2185 5005 2490 5076 κατάληψις
2543 5003 2808 5075 ἠγγέλθη,
2850 5004 2883 5072 ἡ
2911 5003 2967 5056 δὲ
3020 5001 3280 5073 προδοσία
3330 5002 3430 5053 οὐκ
3485 4995 3734 5065 ὲγνιὶσθη,

2184 5099 2320 5154 ἀλλὰ
2351 5099 2452 5168 τῆς
2493 5097 2704 5159 πόλεως
2740 5095 2865 5165 ὅλης
2897 5097 2931 5164 ἡ
2962 5093 3266 5157 ἀπόστασις
3307 5089 3587 5163 ἐνομίσθη,
3615 5088 3737 5140 Λεύ-

2184 5193 2371 5246 κολλον
2398 5191 2497 5261 μὲν
2528 5190 2703 5244 ἐδόκει
2746 5189 2884 5258 μετὰ
2910 5190 3009 5259 τῆς
3050 5186 3310 5256 πλείστης
3345 5184 3623 5254 δυνάμεως
3660 5181 3736 5241 εἰς

2182 5283 2280 5353 τὴν
2329 5281 2724 5336 Καππαδοκίαν
2781 5279 2869 5332 διὰ
2920 5279 3019 5349 τῆς
3077 5277 3362 5348 μεσογείου
3419 5277 3620 5345 χωρεῖν
3649 5271 3734 5324 ἐπί

2180 5383 2240 5426 τε
2285 5373 2624 5444 Μιθριδάτην
2668 5372 2763 5424 καὶ
2809 5371 2909 5439 τὴν
2961 5371 3142 5422 πᾶσαν
3195 5367 3496 5439 βασιλείαν,
3543 5365 3743 5420 -Κὰταν-

2181 5467 2238 5518 δὲ
2283 5464 2377 5518 ἐπὶ
2433 5463 2780 5534 Ἡρακλείας,
2825 5463 3131 5533 ὐτριάριον
3172 5460 3230 5514 δέ
3259 5459 3320 5514 τὺ
3348 5456 3600 5513 ναυτικὸν
3619 5456 3733 5509 m-

1714 5591 1718 5598 ‘
1793 5581 2024 5637 VARIIE
2058 5578 2465 5636 LECTIONES.

578 5687 622 5719 ⁸³
665 5683 807 5752 βουλ.
842 5701 902 5737 τε
938 5683 1046 5736 τῶν
1073 5679 1530 5753 διημαρτημένον)
1560 5698 1618 5743 ς·

1716 5678 1760 5709 "
1796 5673 2124 5745 καρχηδὸνος
2177 5673 2316 5745 libri.
2351 5742 2361 5745 _
2394 5673 2436 5704 ⁸¹
2536 5671 2656 5745 add.

2888 5663 3211 5745 δ’ἐπίδασιν
3235 5693 3306 5706 --
3336 5657 3602 5745 ποταμὸν]
3629 5656 3727 5745 fol:-

508 5731 807 5822 tasserlt;g:
855 5731 1588 5810 ἐπὶ⁷
1639 5750 1835 5822 Πόντον
1867 5731 2027 5801 ίνῗόέυ
2056 5731 2220 5800 etiam
2272 5742 2540 5799 Ptthtterio
2565 5740 2860 5811 placuisse.
2936 5737 2982 5768 "
3017 5733 3201 5806 φιλίαν
3228 5760 3312 5807 --_
3345 5734 3441 5792 καὶ
3463 5731 3647 5804 μαθὼν
3679 5741 3712 5794 ς
3720 5770 3723 5771 ν

503 5830 552 5862 ⁸⁸
590 5823 708 5898 καὶ]
736 5827 837 5878 κάν
862 5824 1188 5894 Stephanus.
1264 5823 1309 5854 "
1343 5821 1748 5890 παρασκευάζει
1778 5836 1836 5882 ς’.
