3994 6412
151 418 239 486 991

1178 422 1699 485 BIBLIOTHECA.
1724 447 1793 459 -·
1828 423 1989 485 COD.
2039 423 2330 487 CCXXIV.

3253 418 3359 484 922

150 511 367 564 λαϐόντα
394 509 523 582 περὶ
554 508 644 563 τὸν
688 509 1072 581 Ἑλλήσποντον
1100 512 1194 564 καὶ
1227 512 1326 580 τὴν
1356 512 1695 582 Προποντίδα

1809 513 1938 565 uiam
1973 510 2296 565 Mithridatis
2326 522 2509 569 naves,
2550 508 2606 563 in
2633 507 2829 581 reditu,
2861 507 3002 561 circa
3044 506 3360 577 Hellespon-

152 602 237 664 τὰς
265 600 355 653 ἐπὶ
386 601 612 672 Κρήτην
640 600 735 654 καὶ
769 601 1008 671 Ἰϐηρίαν
1044 602 1460 673 ἀπεσταλμένας
1503 602 1699 675 Μιθρι-

147 691 379 755 δατείους
436 686 568 754 ναῦς
609 692 1057 762 ὑποστρεφούσας
1120 675 1303 763 λοχᾷν.
1362 694 1699 765 Μιθριδάτης

147 782 198 835 δὲ
225 782 395 835 ταῦτα
425 782 641 836 ἀκούων
669 784 1135 855 παρεσκευάζετο,
1160 786 1254 838 καλ⁸
1287 785 1701 857 διεπρεσϐεύετο

146 875 274 944 πρός
302 892 362 928 τε
394 876 523 939 τοὺς
551 876 771 929 Σκυθῶν
809 876 1046 946 βασιλεῖς
1076 877 1171 930 καλ⁵
1202 877 1336 948 πρὸς
1363 877 1455 930 τὸν
1484 877 1701 947 Πάρθον

148 968 388 1038 καὶπρὸς
414 968 509 1020 τὸν
532 968 777 1039 γαμϐρὸν
800 968 962 1022 αὑτοῦ
982 969 1257 1040 Τιγράνην
1277 971 1367 1023 τὸν
1397 970 1699 1043 Ἀρμένιον.

158 1059 288 1111 ⁹Λλλ’
334 1061 381 1111 οἱ
445 1060 544 1128 μέν
588 1061 838 1127 ἀπεῖπον,
880 1061 1155 1130 Τιγράνης
1203 1062 1260 1115 δὲ
1307 1060 1410 1115 ὑπὸ
1449 1061 1550 1131 τῆς
1594 1062 1702 1114 Μι-

150 1150 386 1219 θριδάτου
444 1150 713 1223 θυγατρὸς
764 1152 1022 1216 πολλάκις
1064 1151 1373 1222 ἐνοχληθεὶς
1425 1152 1516 1204 καὶ
1569 1152 1704 1204 ἀνα-

151 1242 466 1312 ϐαλλόμενος
502 1244 651 1314 ὅμως
696 1245 901 1315 ὑπέστη
933 1247 1032 1317 τὴν
1062 1244 1397 1315 συμμαχίαν.
1445 1244 1554 1298 Kal.
1598 1245 1705 1297 Μι-

151 1335 391 1406 θριδάτης
422 1336 715 1407 διαφόρους
746 1336 979 1406 πέμπων
1010 1337 1151 1389 κατὰ
1167 1336 1466 1389 Λευκόλλου
1511 1352 1705 1401 στρατ-

152 1426 323 1492 ηγοὺς,
364 1425 462 1477 καὶ
499 1425 598 1494 τῆς
644 1426 957 1494 συμπλοκῆς
1009 1423 1399 1493 ἐπιγενομένης
1446 1421 1706 1490 πολύτρο-

152 1534 231 1569 ποι
263 1517 307 1548 “
342 1518 442 1585 μὲν
477 1517 791 1570 συνέϐαινον
831 1518 888 1569 αἱ
926 1516 1240 1584 μεταϐολαὶ,
1290 1517 1345 1567 ἐν
1393 1517 1503 1576 τοῖς
1554 1511 1707 1565 πλεί-

156 1628 284 1673 στοις
311 1610 461 1664 δὲτὰ
518 1610 804 1678 Ῥωμαίων
849 1611 891 1643 ⁸⁷
935 1611 1084 1679 ὅμως
1120 1606 1421 1677 κατώρθου.
1478 1603 1705 1673 Ἦθύμει

156 1704 241 1771 μὲν
263 1704 289 1755 ό
314 1702 573 1773 βασιλεύς
604 1718 619 1733 ·
668 1702 927 1774 ἀθροίσας
973 1701 1018 1754 δ’
1049 1697 1141 1754 οὗν
1174 1699 1354 1763 πεζῶν
1387 1697 1483 1769 μὲν
1517 1697 1557 1750 δ’
1592 1714 1708 1766 μυ-

159 1796 342 1865 ριάδας,
371 1797 565 1858 ἱππεῖς
594 1795 651 1848 δὲ
682 1793 1135 1864 ὀκτακισχιλίους,
1160 1790 1435 1862 ἐξέπεμψε
1472 1791 1703 1856 Διόφαν-

154 1905 231 1939 τον
270 1887 363 1939 καὶ
400 1886 670 1956 Ταξίλλην
709 1886 801 1938 ἐπὶ
836 1888 950 1950 τοῖς
983 1884 1535 1955 προαπεσταλμένοις.
1580 1880 1700 1934 Τῶν

156 1982 201 2034 δὲ
248 1983 355 2043 τοῖς
405 1978 743 2050 προλαϐοῦσι
787 1978 1166 2048 συναφθέντων
1210 1977 1330 2030 κατ’
1382 1975 1555 2046 ἀρχάς
1607 1974 1704 2044 μὲν

158 2069 558 2139 ἀκροϐολισμοῖς
615 2067 858 2137 ἀλλήλων
905 2069 953 2121 οἱ
1007 2066 1254 2135 πολέμιοι
1304 2064 1423 2119 καθ’
1470 2064 1707 2135 ἑκάστην

160 2160 326 2229 σχεδὸν
364 2160 769 2230 ἀπεπειρῶντο,
814 2156 931 2212 εἶτα
995 2158 1326 2229 ἱππομαχίαι
1372 2158 1706 2228 συνέστησαν

161 2253 213 2321 β’,
256 2245 326 2305 ὧν
366 2252 465 2321 τὴν
494 2252 595 2322 μὲν
624 2251 752 2323 [585
783 2250 876 2322 ιι]
927 2250 1121 2304 ἐνίκων
1168 2252 1216 2302 oi
1274 2251 1550 2320 Ῥωμαῖοι,
1608 2248 1706 2320 τὴν

159 2344 392 2414 δευτέραν
418 2344 477 2397 δὲ
507 2345 560 2396 οἱ
591 2345 859 2398 Ποντικοί.
890 2343 1220 2413 Τριϐομένου
1251 2343 1307 2395 δέ
1324 2342 1416 2395 τοῦ
1448 2343 1704 2412 πολέμου,

160 2436 432 2500 Λεύκολλος
467 2437 675 2507 ἀγορὰν
705 2437 928 2502 ἄξοντας
961 2439 1039 2499 είς
1067 2436 1465 2489 Καππαδοκίαν
1496 2435 1707 2505 ἐκπέμο

160 2544 255 2594 πει,
287 2532 377 2583 καὶ
409 2528 603 2601 μαθὼν
633 2528 899 2598 Ἰἀξίλλης
928 2528 1021 2581 καὶ
1064 2527 1351 2595 Διόφαντος
1386 2528 1581 2591 πεζοὺς
1616 2529 1708 2580 ἐκ·-

162 2620 411 2687 πέμπουσι
469 2619 942 2690 τετρακισχιλίους
997 2619 1090 2671 καὶΙ
1154 2618 1336 2680 ἱππεῖς
1394 2617 1703 2688 δισχιλίους,

161 2709 230 2776 ἐφ’
263 2704 304 2779 ᾧ
340 2711 658 2780 ἐπιθέμενοι
692 2711 1088 2780 ἀφαιρήσονται
1117 2711 1242 2771 τοὺς
1274 2708 1707 2778 ἀποκομίζοντας

161 2801 241 2863 τὰς
285 2802 514 2871 ἀγοράς.
573 2801 683 2855 Καὶ
711 2801 1095 2870 συμϐαλόντων
1125 2800 1170 2831 ⁸⁸
1195 2799 1443 2869 ἀλλήλοις
1474 2801 1707 2868 ἐπικρα-

161 2892 375 2962 τέστεροι
423 2893 719 2963 γεγόνασιν
790 2895 838 2946 οἱ
903 2892 1211 2961 Ῥωμαῖοι·
1273 2890 1588 2959 πέμψαντος
1652 2890 1707 2942 δὲ

162 2986 432 3040 Λευκόλλου
495 2986 752 3058 βοήθειαν
806 2987 918 3047 τοῖς
967 2987 1209 3049 οἰκείοις,
1268 2983 1442 3054 τροπὴ
1501 2984 1707 3050 γίνεται

165 3074 423 3149 βαρϐάρων
471 3079 807 3150 περιφανής.
862 3077 972 3132 Καὶ
1008 3080 1074 3148 τῇ
1103 3079 1250 3147 φυγῇ
1272 3074 1535 3144 τούτωνή
1578 3075 1708 3125 Ῥω-

1801 612 1911 657 tum
1942 611 1996 657 et
2029 601 2403 672 Propontidem
2444 601 2806 669 interciperet.
2838 599 3042 666 Quibus
3083 598 3362 654 Mithrida-

1802 705 1885 751 tes
1917 696 2113 749 auditis
2140 736 2154 759 ,
2185 695 2241 749 in
2290 709 2456 749 novos
2488 693 2607 749 belli
2651 704 2939 761 apparatus
2979 691 3270 753 incumbit,
3308 701 3361 744 et

1800 782 2123 855 Scytharum
2166 799 2351 854 reges,
2402 784 2767 851 Parthumque
2816 790 2870 837 et
2908 796 3161 851 generum
3206 796 3361 834 suum

1803 875 2086 947 Tigranem
2112 878 2422 932 Armenium
2448 876 2720 932 sollicitat.
2747 875 2935 929 Caeteri
2966 874 3180 943 quidem
3204 875 3366 927 deue-

1802 978 1934 1040 gant
1960 987 1975 1024 :
2008 980 2062 1023 at
2091 970 2375 1037 Tigranes,
2410 970 2535 1024 licet
2554 971 2643 1023 diu
2670 976 3037 1031 cunctaretur,
3061 966 3257 1035 stepius
3285 976 3363 1017 ta-

1805 1079 1925 1118 men
1964 1080 1991 1118 a
2017 1064 2121 1118 tilia
2149 1062 2498 1127 Mithridatis,
2530 1078 2635 1117 non
2671 1063 2788 1117 sine
2810 1060 3071 1121 molestia,
3108 1058 3368 1127 interpel-

1805 1154 1963 1221 latus,
2018 1155 2218 1209 auxilia
2277 1155 2490 1209 tandem
2536 1155 2804 1224 promisit.
2859 1153 3078 1207 Interim
3125 1152 3367 1207 diversos

1805 1254 1989 1299 contra
2023 1244 2299 1298 Lucullum
2343 1244 2678 1299 Mithridates
2710 1243 2989 1313 prmfectos
3021 1243 3276 1307 dimittit,
3317 1250 3371 1296 et

1805 1345 1926 1404 post
1974 1335 2291 1390 commissas
2338 1335 2513 1399 acies,
2561 1336 2725 1389 variae
2782 1334 3093 1388 acciderunt
3138 1333 3367 1387 fortuna:

1807 1426 1990 1479 vices:
2026 1425 2076 1478 in
2124 1425 2393 1494 plerisque
2442 1437 2616 1479 tamen
2654 1442 2909 1495 prospera
2965 1424 3191 1478 fortunae
3237 1437 3368 1479 aura

1808 1517 2007 1570 afﬂavit
2051 1517 2345 1581 Romanis,
2395 1528 2449 1570 et
2492 1517 2783 1571 Mithridati
2838 1517 3049 1569 animus
3103 1513 3365 1583 elanguit.

1808 1608 2115 1664 Contractis
2165 1610 2327 1679 igitur
2369 1610 2437 1663 40
2480 1609 2716 1677 peditum
2758 1618 2812 1663 et
2846 1609 2881 1663 8
2923 1607 3161 1677 equitum
3208 1590 3371 1660 milli-

1810 1702 1940 1762 bus,
1982 1701 2334 1769 Diopbantum
2383 1712 2438 1757 et
2484 1702 2737 1769 Taxilen,
2774 1702 2914 1755 ultra
2985 1701 3178 1756 missos
3222 1710 3368 1767 ante,

1808 1794 2050 1850 dimittit.
2114 1793 2211 1859 Qui
2264 1809 2384 1849 cum
2439 1797 2504 1849 ad
2562 1805 2929 1849 antecessores
2980 1793 3369 1858 accessissent,

1813 1885 2074 1955 principio
2116 1886 2515 1941 velitationibus
2552 1886 2664 1941 fere
2691 1887 2922 1940 assiduis
2956 1884 3180 1941 hostiles
3214 1899 3371 1939 exer-

1809 1979 1947 2031 citus
1994 1978 2135 2031 inter
2178 1993 2235 2033 se
2275 1980 2419 2033 vires
2466 1980 2836 2049 explorabant.
2888 1978 3075 2032 Postea
3117 1976 3185 2036 ad
3238 1977 3373 2030 duas

1808 2084 2014 2138 pugnas
2046 2080 2323 2139 equestres
2346 2060 2629 2126 deventitttt
2660 2080 2764 2135 est,
2808 2086 3032 2140 quarum
3064 2071 3231 2123 altera
3266 2069 3373 2123 Ro-

1812 2164 1977 2229 mani,
2005 2163 2172 2218 altera
2216 2163 2460 2231 Pontici,
2503 2165 2737 2220 victores
2778 2166 2979 2222 abiere.
3018 2166 3261 2235 Dumque
3297 2166 3369 2217 ita

1807 2255 2008 2327 bellum
2037 2257 2267 2322 ducitur,
2298 2255 2551 2311 Lucullus
2593 2257 2788 2327 235a
2852 2258 2903 2311 in
2943 2258 3370 2326 Cappadociam,

1809 2349 1898 2415 qtti
1933 2360 2288 2403 commeatum
2313 2350 2437 2404 inde
2464 2350 2740 2416 afferrent,
2775 2351 2937 2405 misit.
2974 2351 3091 2416 Quo
3111 2350 3369 2403 observa-

1792 2451 1883 2505 to,
1917 2442 2134 2495 Taxiles
2171 2454 2225 2497 et
2256 2442 2586 2512 Diophantus
2610 2444 2645 2497 4
2679 2443 2917 2512 peditum
2962 2456 3014 2497 et
3050 2442 3191 2497 2000
3216 2444 3374 2511 equi-

1811 2542 1919 2586 tum
1948 2544 2135 2586 contra
2183 2536 2438 2595 mittunt,
2472 2542 2529 2587 ut
2554 2575 2569 2598 ,
2598 2536 2809 2590 insidiis
2840 2536 2892 2588 in
2922 2535 3098 2589 medio
3145 2534 3332 2602 positis
3355 2572 3372 2598 ,

1809 2623 2189 2691 impedimenta
2240 2625 2636 2679 revertentibus
2677 2625 2993 2680 adimerent.
3026 2623 3127 2679 Ubi
3157 2628 3223 2679 ad
3262 2640 3376 2678 ma-

1810 2731 1911 2769 nus
1936 2724 2150 2769 ventum
2177 2724 2430 2784 superant
2458 2715 2709 2779 Romani,
2735 2725 2787 2771 et
2818 2717 3071 2772 subsidiis
3094 2716 3122 2770 Et
3152 2716 3377 2771 Lucullo

1812 2806 2012 2869 missis,
2038 2806 2158 2875 fuga
2187 2808 2545 2861 barbarorum
2573 2808 2800 2875 insignis
2824 2808 3201 2862 committitur.
3232 2808 3377 2873 Quo-

1812 2912 1927 2948 rtttn
1958 2898 2195 2964 vestigiis
2220 2897 2534 2950 insistentes
2560 2894 2810 2965 Romani,
2838 2899 2902 2951 ad
2938 2898 3051 2967 ipsa
3090 2897 3373 2965 Diophanti

1810 2996 1863 3040 et
1910 2985 2113 3041 Taxilis
2156 2998 2338 3041 castra
2380 2988 2774 3057 provehuutur.
2825 2990 2922 3044 Ubi
2972 2989 3144 3043 valido
3194 2998 3376 3042 certa-

1811 3078 1955 3131 mine
1990 3078 2140 3144 inito,
2170 3079 2236 3131 ad
2275 3080 2433 3133 breve
2471 3090 2678 3149 tempus
2708 3081 2966 3134 obstitere
2995 3079 3222 3134 Pontici.
3255 3079 3372 3132 Mox

166 3167 312 3234 μαίων
338 3168 573 3239 δύναμις
605 3169 942 3239 όδηγουμένη
975 3168 1019 3197 δ’
1053 3168 1144 3220 ἐπὶ
1169 3167 1231 3220 τὸ
1257 3165 1617 3237 στρατόπεδον
1648 3166 1704 3217 τὸ

1813 3171 1900 3223 ubi
1942 3172 2097 3239 printi
2143 3174 2523 3228 abscesserunt
2572 3174 2772 3237 duces,
2829 3183 2937 3226 tota
2987 3172 3242 3226 inclinata
3296 3182 3381 3225 cst

164 3260 267 3328 περὶ
290 3262 584 3331 Διόφαντον
627 3262 722 3313 καὶ
768 3258 1034 3330 Ταξίλλην
1085 3253 1240 3328 ἧκον,
1296 3258 1390 3311 καὶ
1436 3260 1709 3328 καρτερᾶς

164 3350 275 3419 πρὸς
300 3353 492 3416 αὐτοὺς
536 3352 635 3421 τῆς
666 3352 843 3422 μάχης
876 3350 1175 3421 γενομένης
1211 3351 1256 3381 ⁵ο
1290 3348 1377 3402 ἐπ’
1407 3349 1585 3416 ὀλίγον
1611 3350 1708 3418 μὲν

163 3442 388 3513 ἀντέσχον
413 3449 461 3499 oi
493 3446 774 3507 Ποντικοὶ,
807 3440 924 3498 εἶτα
967 3443 1075 3497 τῶν
1125 3442 1448 3513 στρατηγῶν
1492 3442 1709 3512 πρῶτον

1815 3264 1998 3317 acies:
2031 3273 2083 3316 et
2120 3264 2217 3333 ipsi
2253 3267 2529 3334 copiarum
2580 3266 2835 3320 ductores
2872 3264 3042 3318 nuntii
3076 3264 3245 3319 cladis
3287 3278 3382 3316 ve-

1817 3366 2011 3408 nerunt
2050 3355 2369 3413 Mithridati.
2418 3358 2681 3414 Occubuit
2711 3369 2837 3413 tunc
2878 3358 3066 3428 ingens
3122 3356 3383 3412 barbaro-

1816 3460 1931 3497 rum
1970 3449 2146 3502 turba.

164 3536 561 3608 ἀποχωρούντων
584 3537 781 3600 πάντες
805 3536 1099 3590 ἐνέκλιναν.
1132 3537 1240 3589 Καὶ
1267 3536 1569 3607 Μιθριδάτῃ
1635 3533 1728 3587 τοιῖ
1785 3537 2119 3609 πταίσματος
2176 3540 2227 3593 οἱ
2272 3542 2567 3613 στρατηγοὶ
2615 3541 2943 3611 αὐτάγγελοι
2996 3540 3382 3611 παρεγένοντο,

164 3629 238 3680 καὶ
263 3630 385 3681 πολὺ
418 3629 627 3700 πλῆθος
652 3629 775 3683 τότε
798 3628 907 3681 τῶν
932 3628 1222 3699 βαρϐάρων
1259 3627 1529 3681 ἀπώλετο.

1085 3750 1215 3804 Car.
1258 3746 1441 3802 XLVI.
1479 3777 1549 3789 —
1586 3746 1741 3819 Fuga
1786 3748 2109 3804 Mithridatis
2147 3749 2459 3817 periculosa.

223 3869 358 3923 Οὕτω
426 3870 735 3941 Μιθριδάτῃ
787 3870 895 3923 τῶν
958 3875 1299 3942 πραγμάτων
1375 3873 1691 3945 περιφανῶς

169 3959 578 4033 ἀποκεκλιμένων
614 3962 721 4014 τῶν
759 3979 818 4014 τε
861 3962 1144 4032 βασιλίδων
1171 3964 1447 4030 γυναικῶν
1474 3966 1508 4036 ἡ
1542 3965 1699 4019 ἀναί-

173 4067 291 4118 ρεσις
314 4056 624 4125 ἐπεποίητο,
653 4055 748 4107 καί
779 4055 1002 4123 φεύγειν
1040 4057 1103 4108 ὲκ
1128 4056 1237 4109 τῶν
1270 4056 1547 4127 Καϐήρων
1590 4059 1698 4111 αύ-

168 4143 321 4207 τδς,ἐν
342 4144 419 4211 οἷς
449 4148 709 4219 διέτριϐε,
738 4148 911 4218 λάθρα
938 4147 1049 4200 τῶν
1073 4148 1248 4202 ἄλλων
1279 4150 1536 4220 ὑπηκόων
1552 4150 1697 4221 ὁρμὴ

168 4233 346 4300 γέγονε.
390 4240 498 4291 Καὶ
546 4239 663 4308 ἥλω
689 4238 755 4292 ἂν
780 4240 837 4291 ἐν
879 4242 944 4309 τῇ
980 4243 1123 4310 φυγῇ
1156 4240 1265 4292 τῶν
1299 4242 1553 4295 Γαλατῶν
1582 4244 1705 4296 ἐπι-

169 4324 449 4391 διωκόντων,
472 4332 677 4402 καίπερ
712 4330 802 4386 τὸν
844 4332 1114 4400 φεύγοντα
1153 4332 1513 4399 ἀγνοούντων,
1544 4336 1593 4387 εί
1630 4335 1704 4406 μὴ

172 4420 514 4489 περιτυχόντες
560 4422 771 4490 ἡμιόνῳ
814 4421 1017 4490 χρυσὸν
1056 4424 1151 4476 καὶ
1190 4423 1427 4494 ἄργυρον
1460 4425 1567 4476 τῶν
1600 4426 1708 4477 Μι-

174 4502 447 4573 θριδατείων
498 4513 798 4582 χρημάτων
845 4513 1087 4585 φερούσῃ
1131 4516 1262 4586 περὶ
1312 4516 1411 4586 τὴν
1449 4516 1707 4585 ἁρπαγὴν

172 4599 343 4653 τούτων
383 4606 704 4675 ἐσχόλασαν.
745 4606 854 4659 Καὶ
886 4606 1048 4671 αὐτὸς
1072 4608 1151 4671 εἰς
1192 4608 1707 4679 Ἀρμενίανδιασὼ-

174 4688 312 4749 (erat.

1881 3872 2033 3927 llunc
2056 3874 2343 3928 admodum
2398 3875 2615 3929 fortuna
2654 3873 2987 3928 Mithridatis
3017 3873 3068 3925 in
3096 3871 3246 3941 pejus
3295 3871 3386 3925 de-

1808 3981 2088 4040 vcrgente,
2138 3982 2190 4024 et
2220 3970 2382 4036 regite
2422 3986 2615 4023 uxores
2662 3980 2906 4023 necatae:
2950 3980 3005 4021 et
3031 3984 3095 4019 ex
3151 3965 3383 4028 Cabiris,

1810 4062 1901 4117 ubi
1928 4066 2066 4116 clam
2103 4065 2217 4115 suis
2241 4062 2560 4130 aliquandiu
2594 4077 2653 4115 se
2682 4062 3049 4123 continuerat,
3079 4073 3173 4110 rex
3203 4058 3383 4123 fugam

1811 4153 2075 4221 arripuit:
2119 4154 2170 4206 in
2209 4169 2311 4221 qua
2351 4153 2516 4207 etiam
2553 4162 2741 4222 captus
2776 4142 2943 4216 esset,
2994 4149 3385 4203 insectantibus

1812 4246 2002 4309 Gallis,
2037 4247 2126 4314 qui
2163 4258 2339 4299 tamen
2381 4261 2560 4314 regem
2593 4246 2943 4313 ignorabant,
2980 4243 3080 4295 nisi
3120 4241 3261 4294 mula
3289 4240 3385 4292 ob-

1812 4342 1954 4394 viam
1987 4339 2127 4393 facta
2166 4340 2307 4409 (quae
2349 4339 2681 4393 Mithridatis
2706 4338 2921 4407 opibus,
2967 4343 3193 4403 argento
3227 4347 3387 4386 auro-

1812 4448 1919 4503 que
1948 4444 2142 4487 onusta
2176 4433 2316 4504 erat)
2346 4433 2649 4500 diripiendo
2674 4447 2882 4485 moratn
2907 4430 3245 4484 nexuissent.
3281 4426 3387 4479 Ita-

1813 4540 1921 4595 que
1955 4539 2049 4579 rex
2080 4526 2131 4579 itt
2160 4525 2475 4578 Armeniam
2505 4524 2759 4579 elabitur.

897 4817 1024 4872 Car.
1082 4814 1293 4872 XLV".
1336 4847 1407 4856 —
1440 4815 1694 4869 Lucullus
1737 4816 2080 4885 Eupatoria»:
2130 4825 2177 4869 et
2214 4814 2448 4868 Amisum
2474 4815 2633 4884 capit.

227 4936 499 4997 Λεύκολλος
546 4943 606 4996 δὲ
639 4944 731 4996 ἐπὶ
775 4942 873 5014 μὲν
924 4944 1015 4996 τὸν
1071 4941 1410 5012 Μιθριδάτην
1474 4939 1700 5010 Μάρκον

1876 4939 2138 4994 Lucullus
2180 4950 2361 4993 autem
2404 4939 2666 4993 adversus
2711 4938 3083 4992 Mithridatem
3137 4935 3380 4992 Marcum

177 5025 417 5103 Πομπήϊον
453 5038 701 5106 ἡγεμόνα
732 5035 1060 5106 ἐξέπεμψεν,
1090 5035 1249 5098 αὐτὸς
1297 5035 1351 5087 δὲ
1392 5034 1486 5087 ἐπὶ
1520 5034 1704 5105 Καϐή-

180 5135 264 5185 ρων
292 5128 398 5193 μεθ’
427 5130 551 5200 ὅλης
588 5130 847 5201 ἠπείγετο
877 5132 974 5201 τῆς
1008 5130 1309 5197 δυνάμεως.
1344 5130 1437 5182 καὶ
1475 5130 1575 5197 τὴν
1605 5128 1702 5180 πό-

175 5209 239 5265 λιν
274 5222 752 5292 περικαθισόιμενος
815 5224 953 5290 σφᾶς
1005 5222 1199 5285 αὐτοὺς
1254 5220 1703 5293 παραδεδωκότας

178 5304 276 5367 τοὺς
314 5308 609 5383 βαρϐάρους
650 5313 1017 5376 ὑποσπόνδους
1064 5313 1189 5381 ἐσχε
1234 5312 1327 5365 καὶ
1367 5312 1472 5364 τῶν
1508 5312 1701 5380 τειχῶν

177 5389 471 5463 ἐκυρίευσεν.
515 5403 750 5457 Ἐκεῖθεν
788 5404 843 5456 δὲ
878 5404 1013 5473 πρὸς
1053 5404 1152 5474 τὴν
1198 5404 1419 5471 Ἀμισὸν
1453 5419 1700 5473 παραγε-

178 5484 338 5553 τονὼς,
364 5493 453 5545 καὶ
476 5494 652 5563 λόγοις
679 5495 957 5567 παραινῶν
985 5496 1109 5558 τοὺς
1142 5496 1199 5549 ἐν
1225 5496 1360 5566 αὐτῇ
1396 5496 1700 5564 Ῥωμαίους

1808 5031 2125 5100 Pompeium
2152 5032 2318 5084 mittit
2348 5030 2565 5093 ducem,
2592 5031 2813 5098 ipseque
2840 5044 2963 5083 cum
2996 5030 3267 5082 universis
3293 5045 3387 5080 co-

1808 5123 1911 5191 piis
1962 5124 2012 5175 itt
2053 5123 2281 5176 Cabiros
2312 5131 2508 5185 movet,
2539 5123 2777 5189 urbeque
2821 5121 3209 5185 circumsessa,
3257 5120 3382 5171 dttnt

1808 5217 2024 5279 barbari
2053 5226 2202 5270 certo
2228 5232 2285 5269 se
2319 5224 2477 5284 pacto
2530 5216 2579 5269 ei
2617 5214 2957 5284 pertttittttut,
2990 5220 3044 5266 et
3074 5213 3216 5280 ipsos
3242 5211 3292 5264 itt
3320 5212 3384 5263 ii-

1807 5315 1928 5364 dettt
1963 5310 2181 5379 accipit,
2214 5320 2269 5364 et
2300 5309 2525 5363 castello
2560 5308 2782 5376 potitur.
2817 5304 2951 5359 llittc
2977 5304 3222 5358 Amisutn
3256 5318 3385 5372 pro-

1808 5403 2004 5467 fectus,
2048 5414 2100 5456 et
2131 5404 2197 5455 ad
2251 5403 2574 5457 deditionem
2607 5416 2702 5456 eos
2756 5396 3093 5459 cohortatus,
3127 5397 3217 5451 ubi
3274 5412 3381 5449 non

1785 5498 2121 5564 'persuadet,
2178 5497 2381 5553 omissa
2410 5494 2520 5559 illa,
2551 5495 2616 5548 ad
2651 5493 2996 5564 Enpatoriam
3044 5489 3379 5544 obsidionem

1425 5610 1663 5666 VARIA‘J
1694 5611 2111 5669 LECTIONES.

237 5694 275 5725 “
304 5699 632 5779 πολύτροποι]
675 5708 797 5760 ἐπεὶ
840 5708 1166 5778 πολύτροποι
1200 5709 1525 5778 Stephanus.

185 5762 298 5837 μένη
322 5769 362 5822 Λ
400 5790 414 5827 :
462 5762 792 5850 βοηθουμένη
834 5796 893 5844 ς.
967 5762 1024 5811 ’θ’
1048 5762 1417 5851 γεγενημένης
1451 5799 1509 5847 ς-

1634 5711 1677 5742 ⁸⁷
1702 5712 1761 5765 τὸ
1810 5714 1917 5768 τῶν
1964 5715 2223 5787 ρωμαίων
2259 5733 2318 5779 ς.

2428 5714 2470 5747 ⁸³
2492 5710 2904 5784 συμϐαλλόντων
2932 5726 2992 5774 ς.
3098 5706 3140 5739 δ’
3165 5704 3380 5775 όδηγου·
