3994 6396
650 392 755 454 923

1802 399 2055 459 ΡΠΟΤΙΙ
2095 398 2222 459 ΡΑἸ

2330 400 2528 459 ARCII
2541 399 2602 458 ,Ε
2639 400 2747 460 CI‘.
3765 400 3849 463 921

652 505 950 561 transfert:
982 515 1036 561 et
1079 506 1417 578 negligenter
1448 524 1510 565 se
1543 510 1685 564 illam
1714 529 2027 582 Oppugnare
2052 514 2222 568 simu-

2329 514 2687 581 προσχωρεῖν,
2714 511 2834 563 ἐπεὶ
2870 510 2970 565 οὐκ
3005 507 3212 571 ἔπειθε,
3253 506 3454 577 ταύτην
3492 506 3661 561 λιπὼν
3690 511 3758 575 είς
3775 513 3852 583 τὴν

650 594 724 647 lat
754 613 767 649 :
797 606 852 647 ut
878 596 1039 649 simili
1075 599 1413 667 negligentia:
1447 601 1693 669 exemplo
1717 606 2025 669 provocatis
2056 606 2225 661 hosti-

649 686 769 749 bus,
802 688 978 741 subita
1011 691 1337 753 nmtatione,
1368 692 1506 759 apud
1535 695 1773 746 animum
1804 696 2037 761 cogitata
2097 713 2222 765 pro-

650 793 807 845 Spere
831 782 1142 834 conliceret.
1183 780 1245 835 Et
1271 795 1500 838 eventus
1540 784 1843 851 respondit:
1878 802 2051 853 eoque
2083 799 2224 841 stra~

652 883 920 942 tagemate
952 874 1079 927 urbs
1113 886 1288 942 capta.
1321 875 1456 929 Dum
1500 877 1642 930 enim
1676 876 1929 931 custodes
1955 879 2083 932 nihil
2121 881 2226 937 tale

645 967 963 1035 opinantur,
1017 968 1111 1021 sed
1162 983 1353 1022 secure
1385 981 1567 1037 agunt,
1626 969 1714 1023 ille
1751 969 1919 1039 jussis
1981 972 2225 1039 arripere

650 1057 829 1111 scalas
866 1058 1126 1112 militibus
1160 1062 1357 1113 nitentia
1401 1059 1801 1114 conscendendi
1842 1062 2049 1129 cepiam
2074 1061 2226 1117 facit.

650 1152 712 1200 l-lt
742 1150 820 1205 sic
852 1160 1005 1218 capta
1027 1151 1315 1218 Eupatoria
1344 1153 1613 1220 extemplo
1640 1153 1889 1209 diruitur.
1928 1153 2038 1209 Nec
2063 1156 2228 1211 multo

651 1252 770 1305 post
816 1242 1028 1311 capitur
1079 1245 1242 1297 etiam
1301 1245 1558 1311 Amisos,
1594 1246 1865 1301 scalarum
1921 1248 2228 1304 admotioine

649 1332 817 1387 etiam
876 1335 966 1389 hic
1014 1337 1283 1404 superatis
1324 1338 1393 1389 ab
1428 1337 1579 1393 hoste
1630 1339 1920 1394 moenibus.
1961 1340 2026 1394 Et
2077 1340 2228 1395 initio

653 1426 827 1480 credes
881 1425 1075 1496 235!)
1130 1442 1236 1481 non
1277 1428 1568 1483 mediocris
1614 1430 1666 1483 in
1711 1429 1859 1483 cives
1906 1431 2223 1497 peragitur:

653 1518 746 1571 sed
773 1526 955 1586 postea
990 1519 1263 1585 Lucullus,
1292 1522 1440 1574 cazde
1475 1522 1723 1584 inhibita,
1758 1532 1807 1576 et
1844 1524 2028 1576 urbem
2055 1532 2107 1576 et
2142 1538 2227 1593 re-

653 1608 864 1675 gionem
917 1612 1299 1678 superstitibus
1332 1612 1527 1676 reddit,
1578 1622 1633 1668 et
1666 1613 1870 1681 majore
1894 1613 1946 1667 in
1980 1628 2075 1668 eos
2123 1613 2226 1669 cle-

655 1702 851 1754 mentia
888 1705 1023 1756 utitu
1033 1720 1077 1758 r.

2330 604 2670 672 Εύπατορίαν
2715 602 2942 673 μεθίστη
2976 602 3078 674 τὴν
3122 600 3460 673 πολιορκίαν.
3501 600 3627 672 [744
3658 601 3738 675 IL]
3769 606 3853 659 Kal

2334 696 2591 767 ῥαθύμως
2645 694 3113 763 καταγωνίζεσθαι
3164 694 3369 763 ταύτης
3401 696 3776 763 προσεποιεῖτο,
3796 698 3853 762 ὡς

2330 785 2396 840 ἂν
2434 787 2527 839 καὶ
2558 785 2741 848 τοὺςἨ
2767 783 3059 853 πολεμίους
3092 786 3172 847 εἰς
3214 785 3397 853 ὅμοιον
3432 782 3697 852 ῥᾳθυμίας
3724 784 3850 855 ζῆλον

2332 876 2766 945 ἔκκαλεσάμενος
2813 876 2871 941 ἐξ
2924 876 3190 944 αίψνιδίου
3235 875 3538 946 μεταϐολῆς
3581 879 3851 953 κατορθώσῃ

2331 970 2391 1022 τὸ
2421 968 2812 1040 μελετώμενον.
2853 968 2919 1020 '0
2953 968 3042 1019 xui.
3072 968 3284 1035 γέγονε,
3308 970 3401 1020 καὶ
3429 968 3529 1039 τὴν
3554 970 3696 1022 πόλιν
3718 971 3852 1035 οὕτως

2329 1055 2442 1114 εἷλε
2476 1059 2554 1129 τῷ
2585 1059 3037 1130 στρατηγήματιο
3067 1058 3219 1125 ἄφνω
3264 1058 3373 1127 γάρ
3418 1058 3685 1127 κλίμακας
3711 1061 3851 1129 ἀρπά.

2333 1171 2424 1207 σαι
2460 1152 2722 1215 κελεύσας
2761 1152 2889 1213 τοὺς
2939 1148 3295 1220 στρατιώτας,
3321 1151 3429 1202 τῶν
3454 1149 3699 1218 φυλάκων
3737 1154 3851 1205 οὐδὲν

2332 1243 2571 1297 τοιοῦτον
2610 1241 3122 1313 προσδεδοκηκότων
3153 1242 3267 1295 ἀλλ’
3310 1242 3367 1294 ἐν
3408 1243 3667 1313 ὀλιγωρία
3694 1243 3852 1296 διακει-

2334 1335 2533 1407 μένων,
2556 1334 2643 1388 διὰ
2666 1334 2774 1387 τῶν
2804 1333 3084 1402 κλιμάκων
3116 1331 3177 1385 τὸ
3198 1334 3376 1403 τεῖχος
3408 1333 3743 1404 ὑπερϐαίνειν
3760 1336 3852 1399 τοὺς

2334 1426 2670 1499 στρατιώτας
2718 1424 3006 1495 ἐπέτρεψε,
3049 1423 3142 1476 καὶ
3190 1423 3362 1487 οὕτως
3401 1423 3519 1494 ἦλω
3569 1425 3851 1495 Εὐπατορία,

2330 1520 2425 1573 καὶ
2462 1518 2660 1572 αὐτίκα
2698 1516 3064 1570 κατέσκαπτο.
3095 1515 3229 1567 Μετ’
3254 1515 3437 1583 ὀλίγον
3470 1514 3527 1567 δὲ
3552 1516 3640 1568 καὶ
3678 1517 3852 1586 ’Δμισδς

2330 1609 2494 1670 ἑάλω,
2512 1608 2599 1662 διὰ
2624 1608 2730 1661 τῶν
2760 1607 3043 1678 κλιμάκων
3071 1608 3166 1660 καὶ
3191 1607 3363 1676 αὐτῆς
3384 1606 3585 1677 ὁμοίως
3610 1607 3710 1660 τῶν
3733 1609 3855 1661 πολεο

2332 1701 2472 1772 μίων
2501 1700 2803 1754 ἐπιϐάντων
2840 1701 2956 1761 τοῖς
2993 1700 3219 1768 τείχεσι.
3265 1700 3374 1754 Καὶ
3423 1702 3547 1754 κατ’
3580 1700 3738 1771 ἀρχὰς
3781 1700 3853 1771 μὲν

654 1794 813 1863 φόνος
860 1795 968 1852 τῶν
1011 1798 1244 1852 πολιτῶν
1277 1799 1375 1853 οὐκ
1402 1798 1583 1869 ὀλίγος
1625 1799 1869 1868 γέγονεν,
1906 1798 2130 1871 ὕστερον
2165 1798 2221 1852 δὲ
2245 1795 2337 1851 τὸν
2360 1795 2578 1866 ὄλεθρον
2608 1792 2908 1857 Λεύκολλος
2932 1792 3151 1865 ἐπέσχε,
3199 1794 3294 1847 καὶ
3348 1793 3447 1866 τὴν
3507 1794 3657 1847 πόλιν
3710 1796 3851 1855 αὐτοῖς

652 1888 749 1942 καὶ
772 1888 868 1960 τὴν
896 1890 1080 1961 χώραν
1104 1896 1215 1956 τοῖς
1244 1893 1586 1947 διασωθεῖσιν
1604 1894 1647 1925 ⁸⁸
1664 1895 2099 1965 άπεκατέστησε,
2125 1892 2223 1947 καὶ
2249 1890 2581 1959 οίκειότερον
2610 1889 2829 1961 ἐχρῆτο.

1176 2010 1304 2065 Car.
1338 2009 1569 2065 XLVIII.
1608 2041 1677 2052 —
1701 2010 2037 2066 Mithridates
2062 2012 2130 2064 ad
2159 2008 2436 2080 Tigranem
2462 2006 2691 2078 profugit
2734 2015 2785 2061 et
2821 2010 3023 2075 [rustra
3052 2008 3364 2074 τωρωι-ξων.

723 2125 794 2178 At
823 2122 1159 2180 Mithridates
1211 2127 1278 2181 ad
1339 2143 1594 2195 generum
1647 2130 1884 2195 delatus,
1924 2131 2218 2200 expetitum

2392 2126 2731 2198 Μιθριδάτης
2768 2126 2824 2180 δὲ
2870 2126 3005 2197 πρὸς
3050 2126 3141 2179 τὸν
3199 2126 3450 2198 γαμϐρὸν
3490 2124 3850 2197 παραγεγονὼς,

651 2214 867 2283 quidem
901 2214 1227 2282 colloquium
1284 2232 1387 2269 non
1422 2218 1692 2285 impetrat,
1728 2220 1823 2274 sed
1856 2221 2101 2288 corporis
2136 2222 2218 2275 sui

651 2304 951 2357 custodiam
977 2305 1041 2357 ab
1064 2320 1129 2359 eo
1155 2308 1372 2375 accipit,
1400 2317 1452 2361 et
1480 2309 1600 2363 aliis
1632 2310 2013 2379 hospitalitatis
2033 2311 2222 2366 ofﬁciis

653 2391 905 2448 afﬁcitur.
944 2392 1269 2449 Misitetiam
1303 2395 1554 2453 Lucullus
1577 2402 1641 2453 ad
1674 2400 1956 2472 Tigranem
1991 2403 2221 2471 legatum

647 2482 879 2553 Appium
924 2484 1191 2547 Clodium,
1230 2489 1319 2557 qui
1372 2487 1740 2545 Mithridatem
1778 2504 2115 2561 exposceret.
2173 2494 2224 2549 Is

646 2589 779 2631 vero
804 2592 909 2631 non
939 2580 1127 2640 tradit,
1158 2583 1537 2636 universorum
1580 2599 1641 2638 se
1675 2585 2111 2641 criminationem
2135 2587 2225 2641 ho-

648 2668 853 2723 minum
917 2674 1151 2724 revereri
1207 2674 1557 2735 conﬁrmans.
1605 2676 1649 2731 si
1703 2678 1888 2731 uxoris
1948 2690 2221 2748 parentem

649 2758 789 2811 hosti
845 2759 1059 2827 prodat.
1101 2762 1255 2817 Scire
1282 2779 1341 2817 se
1362 2766 1578 2833 quidem
1616 2766 1914 2835 itnprobtttn
1954 2785 2075 2825 esse
2119 2771 2220 2825 Mi-

649 2848 961 2916 thridatem,
1017 2853 1113 2906 sed
1148 2862 1326 2908 tatnen
1385 2855 1661 2911 alIinitatis
1710 2875 1768 2912 se
1811 2858 2011 2915 habere
2060 2865 2224 2915 ratio-

648 2954 797 2997 nem.
851 2942 1145 3011 Epistolam
1178 2945 1342 2999 etiam
1387 2948 1454 2999 ad
1504 2945 1784 3006 Lucullum
1826 2950 1877 3003 in
1905 2952 2017 3006 haec
2058 2955 2221 3009 verba

648 3032 940 3087 rescribit:
976 3049 1096 3102 quae
1130 3035 1196 3089 ad
1241 3036 1375 3089 iram
1408 3038 1582 3104 ipsum
1636 3042 1965 3107 provocavit,
1993 3058 2057 3096 eo
2082 3046 2222 3114 quod

648 3136 745 3177 rex
778 3123 829 3176 in
882 3123 1231 3191 inscriptione
1290 3126 1631 3195 imperatoris
1687 3144 1883 3183 nomen
1928 3133 2220 3200 omisisset,

649 3213 931 3267 Lucullum
987 3229 1204 3284 quoque
1240 3218 1381 3282 regis
1404 3232 1584 3287 regum
1640 3220 2050 3288 appellationem
2118 3226 2221 3280 sibi

650 3320 756 3358 non
814 3305 1130 3361 attribuisse
1177 3306 1480 3362 cavillatus.
1528 3307 1629 3364 llic
1682 3325 1751 3364 xv
1789 3310 2042 3370 Historia:
2086 3315 2225 3371 liber

647 3399 783 3455 exit.

2326 2222 2419 2274 καὶ
2442 2221 2729 2285 συνουσίας
2757 2224 2941 2291 τυχεῖν
2959 2220 3149 2285 ἀξιῶν,
3181 2219 3383 2289 ταύτης
3418 2219 3519 2289 μὲν
3543 2220 3599 2272 ού
3620 2219 3850 2288 τυγχάνει,

2323 2311 2568 2382 φρουρὰν
2615 2311 2671 2364 δὲ
2720 2310 2815 2364 τοῦ
2858 2310 3109 2380 σώματος
3138 2311 3266 2380 παρ’
3292 2308 3462 2362 αὑτοῦ
3496 2307 3746 2377 λαμϐάνει
3782 2307 3853 2359 καὶ

2322 2404 2423 2473 τῆς
2452 2403 2621 2473 ἄλλης
2654 2402 2955 2469 δεξιώσεως
2986 2405 3255 2472 μετεῖχεν.
3292 2401 3550 2471 Ἐπεμψε
3578 2400 3695 2472 [586
3719 2398 3852 2471 11.]δὲ

2323 2498 2416 2553 καὶ
2464 2496 2763 2558 Λεύκολλος
2810 2498 2946 2566 πρὸς
2997 2495 3275 2567 Τιγράνην
3320 2494 3660 2564 πρεσϐευτὴν
3698 2495 3851 2545 Ἀπιον

2324 2589 2583 2651 Κλώδιον,
2636 2586 2974 2657 Μιθριδάτην
3034 2588 3282 2654 ἐξαιτῶν.
3351 2586 3412 2640 Ὀ
3463 2590 3521 2642 δὲ
3562 2589 3657 2642 οὐκ
3698 2587 3851 2653 ἔδωκε,

2324 2682 2503 2751 φήσας
2534 2680 2630 2751 τὴν
2672 2680 2775 2732 ὑπὸ
2815 2679 3031 2733 πάντων
3084 2679 3411 2750 ἀνθρώπων,
3442 2683 3493 2733 εί
3522 2681 3619 2751 τῆς
3650 2680 3851 2750 γαμετῆς

2322 2773 2531 2843 πατέρα
2558 2773 2861 2843 προδοίη⁸³,
2889 2771 3282 2826 διευλαϐεῖσθαι
3326 2776 3551 2843 μομφήν
3569 2790 3582 2803 ’
3613 2771 3732 2825 ἀλλά
3778 2786 3852 2836 μο-

2323 2864 2523 2936 χθηρὸς
2557 2865 2653 2935 μὲν
2673 2864 2747 2927 ὼς
2773 2864 2860 2934 εἴη
2880 2864 3214 2935 Μιθριδάτης
3242 2867 3333 2917 καὶ
3350 2865 3516 2918 αὑτὸν
3545 2862 3851 2923 είδέναι,δυσ-

2322 2958 2589 3011 ωπεῖσοαι
2653 2957 2709 3010 δὲ
2741 2958 2839 3026 τὴν
2866 2957 3201 3025 ὲπικηδείαν.
3232 2957 3443 3026 Γράφει
3472 2956 3529 3009 δὲ
3560 2957 3849 3009 καὶὲπιστο-

2323 3048 2420 3119 λὴν
2470 3050 2605 3118 πρὸς
2655 3030 2959 3103 Λεύκολλον
2996 3050 3122 3111 τοὺς
3178 3050 3509 3119 εἰρημένους
3537 3048 3713 3115 λόγους
3731 3045 3850 3114 ἔχου-

2326 3155 2445 3203 σαν,
2485 3139 2605 3207 ἦτις
2654 3138 2941 3211 παρώξυνε
2970 3137 3060 3192 τὸν
3087 3138 3411 3209 δεξάμενον⁹
3452 3140 3511 3193 ού
3542 3139 3643 3210 γὰρ
3672 3137 3848 3205 ἐνέγρα-

2322 3229 2422 3297 ψεν
2458 3230 2620 3282 αὑτὸν
2673 3231 3068 3301 αὐτοκράτορα,
3114 3232 3361 3299 ἐγκαλῶν
3411 3232 3497 3284 ὃτι
3558 3230 3685 3301 μηδὲ
3727 3226 3850 3287 αὐτὸς

2325 3323 2530 3374 ἐκεῖνον
2555 3320 2699 3375 κατὰ
2728 3321 2826 3383 τὰς
2859 3322 3147 3385 ἐπιστολὰς
3176 3323 3399 3393 βασιλέα
3452 3323 3703 3395 βασιλέων
3724 3334 3851 3388 προσο

2324 3412 2643 3480 ηγόρευσεν.
2685 3412 2949 3467 Ἐνταῦθα
2992 3415 3089 3485 μὲν
3130 3416 3223 3468 καὶ
3252 3416 3284 3487 ἡ
3312 3411 3755 3483 πεντεκαιδεκάτη
3780 3424 3851 3461 κα-

2247 3486 2291 3544 C
2322 3502 2548 3574 ταλήγει
2585 3504 2813 3575 ἱστορία.

1661 3633 1793 3693 CAP.
1828 3640 2011 3698 XLIX.
2048 3669 2121 3684 —
2149 3642 2303 3700 Cotta
2344 3644 2660 3701 Heracleam
2702 3646 2924 3703 obsidet.

721 3748 963 3819 Sequens
989 3759 1166 3806 autem
1203 3752 1425 3808 historia
1458 3755 1572 3809 haec
1592 3767 2001 3811 commemorat.
2059 3755 2215 3812 Motis

652 3837 1018 3893 Romanorum
1086 3841 1282 3896 castris
1315 3880 1332 3906 ,
1383 3843 1643 3898 adversus
1692 3842 2003 3900 Heracleam
2063 3847 2219 3900 Cotta

548 3993 553 3998 ⁸
650 3930 945 3985 contendit.
994 3930 1180 3985 Primo
1212 3942 1390 3987 tamen
1447 3934 1499 3988 in
1532 3934 1843 3989 Prusiadem
1875 3938 2041 3993 ducit.
2094 3937 2218 3993 Ilaec

650 4021 720 4075 ab
744 4036 903 4077 amne
932 4022 1333 4091 przeterlluente
1382 4024 1527 4079 Cieri
1564 4026 1972 4094 appellationem
2002 4028 2215 4093 tulerat,

649 4114 744 4167 sed
802 4113 1108 4181 ademptam
1143 4112 1581 4169 Heracliensihus
1622 4132 1712 4169 rex
1746 4115 2012 4187 Bithynia:
2035 4118 2101 4172 de
2160 4134 2219 4173 se

651 4203 1044 4261 denominavit.
1080 4205 1205 4259 Inde
1234 4208 1301 4260 ad
1337 4222 1486 4261 mare
1524 4205 1805 4261 Ponticum
1838 4209 2136 4272 descendit,
2168 4220 2224 4265 et

650 4297 978 4353 maritimam
997 4309 1419 4369 praetergressus
1444 4314 1620 4367 oram,
1638 4304 1907 4357 manibus
1937 4303 1988 4356 iu
2021 4304 2222 4359 vertice

648 4392 839 4462 positis
904 4403 1083 4448 castra
1171 4395 1478 4463 applicavit.
1550 4395 1674 4449 Loci
1742 4407 1919 4450 autem
1981 4396 2221 4451 [inuitati

648 4482 1025 4540 Ileraclienses
1061 4485 1316 4547 ﬁdebant,
1347 4497 1401 4540 et
1424 4486 1594 4542 Cottae
1616 4490 2073 4558 Oppugnatiooem
2104 4490 2217 4544 for-

649 4574 777 4631 titer
814 4578 1185 4643 urgenti,cum
1212 4578 1461 4648 praesidio
1502 4580 1889 4646 repugnabant,
1926 4590 1983 4633 et
2030 4581 2215 4649 plures

646 4683 679 4721 e
704 4667 1042 4721 multitudine
1060 4666 1301 4722 Romana
1326 4670 1611 4724 cadebant.
1630 4654 1831 4726 Crebra
1850 4681 2027 4725 tamen
2052 4672 2215 4726 etiam

2409 3757 2641 3830 Ἰστορία
2665 3760 2722 3814 δὲ
2756 3762 2789 3832 ἡ
2817 3762 3013 3831 ἐφεξῆς
3051 3760 3174 3813 τάδε
3207 3760 3503 3829 ἀφηγεῖται
3536 3774 3550 3789 ·
3598 3749 3849 3809 ’Λναλαόὼν

2343 3851 2531 3906 Κόττα
2561 3853 2627 3905 τὰ
2668 3854 2954 3923 Ῥωμαϊκὰ
2997 3851 3378 3923 στρατεύματα
3417 3848 3557 3903 κατὰ
3610 3847 3697 3914 τῆς
3723 3844 3845 3910 Ἤραο

2325 3942 2512 4007 κλείας
2554 3944 2772 4015 ἐχώρει.
2808 3946 2967 3999 Ἀλλὰ
3018 3945 3229 4015 πρῶτος
3268 3943 3367 4013 μὲν
3433 3943 3525 3995 ἐπὶ
3577 3933 3847 4012 Προυσιάδος

2324 4031 2459 4107 ἦγεν
2493 4037 2546 4106 (ἢ
2577 4036 2630 4089 δὲ
2666 4038 2935 4107 Πωυσιάς
2974 4037 3105 4106 πρὶν
3141 4037 3242 4107 μὲν
3271 4034 3387 4088 ἀπὸ
3431 4034 3526 4089 τοῦ
3564 4028 3837 4100 παραρρέον

2324 4146 2416 4191 τος
2446 4128 2615 4198 αὐτὴν
2635 4129 2681 4160 ’δ
2712 4128 2963 4198 ποταμοῦ
2990 4128 3192 4200 Κίερος
3222 4128 3471 4181 ἐκαλεῖτο
3492 4141 3506 4154 '
3534 4125 3561 4177 ό
3588 4124 3641 4177 δὲ
3675 4121 3761 4189 τῆς
3779 4117 3845 4179 BI:

2326 4220 2513 4283 θυνίας
2552 4219 2806 4290 βασιλεὺς
2830 4221 2940 4274 τῶν
2982 4219 3379 4289 Ἡρακλεωτῶν
3400 4216 3603 4286 ταύτην
3627 4210 3838 4281 ἀφελόμεο

2328 4329 2416 4375 νος
2447 4311 2506 4376 ἐξ
2554 4310 2750 4365 ἑαυτοῦ
2795 4311 3230 4380 μετωνόμασεν),
3261 4309 3515 4363 ἐντεῦθεν
3548 4308 3657 4361 δὲ⁸⁸
3677 4304 3755 4355 ἐπὶ
3774 4300 3845 4367 τὴν

2327 4401 2596 4470 Ποντικὴν
2624 4402 2859 4471 κατῆλθε
2894 4402 3190 4466 θάλασσαν,
3227 4402 3321 4453 καλ⁵
3349 4397 3631 4471 παρελθὼν
3658 4395 3743 4466 τὴν
3766 4406 3838 4443 παι

2331 4491 2518 4562 ραλίαν
2550 4494 2661 4555 τοῖς
2684 4492 2824 4546 κατὰ
2854 4492 3096 4562 κορυφὴν
3127 4490 3333 4561 τείχεσι
3362 4490 3423 4543 τὸ
3456 4489 3746 4561 στράτευμα
3772 4495 3840 4532 πε·

2328 4584 2630 4653 ριέστησεν.
2672 4583 2965 4655 Ἐθάρρουν
3003 4582 3104 4653 μὲν
3143 4584 3209 4653 τῇ
3260 4580 3354 4635 τοῦ
3404 4581 3604 4652 χωρίου
3637 4578 3680 4630 οί
3719 4572 3836 4639 Ἦρα·

2324 4674 2556 4728 κλεῶται
2578 4673 2889 4744 ὀχυρότητι,
2914 4674 3010 4725 καὶ
3041 4669 3325 4741 καρτερῶς
3345 4669 3439 4723 τοῦ
3474 4668 3650 4723 Κόττα
3674 4662 3838 4726 mtto?

650 4758 1077 4815 lleracliensium
1109 4762 1331 4815 vulnera
1361 4773 1519 4815 erant
1553 4777 1581 4816 a
1612 4763 1750 4818 telis.
1779 4762 2120 4835 Quapropter
2150 4765 2216 4819 ab

2327 4765 2541 4829 κοῦντος
2589 4766 2687 4819 σὺν
2729 4766 2842 4827 τοῖς
2876 4764 3133 4835 φρουροῖς
3177 4762 3584 4831 ἀντεμάχοντοο
3618 4757 3700 4810 καὶ
3721 4750 3841 4821 φόνος

648 4856 1049 4922 oppugnatione
1105 4857 1340 4923 receptui
1373 4853 1530 4910 Cotta
1588 4856 1704 4910 suis
1730 4856 1898 4921 canit,
1930 4867 1985 4911 et
2040 4871 2219 4911 remo-

648 4946 757 4999 tius
786 4946 1064 5016 aliquanto
1086 4958 1264 5003 castra
1308 4956 1561 5012 metatus,
1598 4957 1742 5002 totus
1768 4948 1822 5001 in
1863 4949 1966 5001 hoc
1992 4955 2077 5002 est
2137 4947 2222 5001 in-

649 5042 851 5100 tentus,
884 5048 943 5089 ut
975 5037 1180 5091 exitum
1217 5038 1283 5091 ad
1307 5052 1393 5091 res
1416 5039 2099 5094 necessariasintercludat
2124 5038 2224 5093 ob-

648 5125 832 5181 sessis.
898 5128 1138 5183 Annona;
1169 5128 1335 5197 igitur
1367 5130 1636 5184 charitate
1659 5132 1866 5195 oborta,
1894 5130 2132 5186 dimissis
2160 5130 2225 5184 ad

649 5216 891 5271 colonias
918 5220 1130 5288 legatis,
1167 5221 1423 5274 alimenta
1467 5221 1568 5276 sibi
1599 5221 1888 5277 venundati
1918 5231 2126 5292 petunt.
2156 5220 2223 5275 Et

650 5308 880 5379 benigne
902 5313 1168 5381 accipitur
1195 5311 1409 5380 legatio.

648 5401 874 5471 τηδείων
910 5402 1170 5474 πρεσϐεία
1210 5403 1347 5474 πρὸς
1376 5405 1501 5468 τοὺς
1553 5404 1816 5469 ἀποίκους
1843 5408 2201 5477 ἐξεπέμπετο,
2252 5409 2457 5477 τροφῆς
2514 5406 2582 5459 δι’
2641 5407 2785 5478 ὠνῆς
2863 5405 3089 5460 αἰτοῦσα
3149 5404 3445 5477 χορηγίαν’
3502 5401 3550 5454 οἱ
3574 5398 3618 5430 ⁸⁸
3670 5392 3719 5445 δὲ

655 5494 923 5566 ’πρεσϐεία
946 5494 1261 5565 ἠσμένιζον.
1368 5524 1375 5527 -

2326 4852 2396 4928 ἦν
2443 4855 2537 4910 τοῦ
2601 4854 2913 4925 Ῥωμαῖκοῦ
2970 4852 3209 4924 πλήθους
3258 4850 3441 4913 πλέον,
3508 4836 3840 4944 τραύματαξὲ

2329 4948 2501 5002 πολλὰ
2532 4947 2643 5002 τῶν
2674 4946 3069 5017 Ἡρακλεωτῶν
3096 4947 3161 4999 ὲκ
3189 4944 3298 4999 τῶν
3344 4943 3533 5014 βελῶν.
3566 4941 3749 4996 Κόττας
3772 4941 3840 4983 ουν

2328 5043 2679 5097 ἀνακαλεῖται
2729 5042 2826 5111 τῆς
2869 5038 3223 5110 τειχομαχίας
3270 5037 3332 5090 τὸ
3404 5036 3715 5106 στράτευμα,
3771 5018 3839 5075 καὶ

2330 5136 2527 5205 μικρὸν
2562 5132 3002 5203 στρατοπεδεύων
3030 5131 3232 5185 ἄποθεν
3259 5130 3379 5182 ὅλον
3418 5128 3611 5199 ἔτρεπε
3638 5124 3714 5174 τὸν
3744 5129 3837 5213 att-0'

2328 5225 2430 5277 πδν
2458 5226 2538 5287 είς
2570 5225 2631 5277 τὸ
2670 5225 2767 5287 τὰς
2796 5225 2889 5276 ἐπὶ
2919 5226 3036 5286 ταῖς
3070 5221 3280 5293 χρείαις
3304 5220 3515 5284 ἐξόδους
3544 5219 3727 5286 είργειν
3757 5218 3837 5257 των

2328 5316 2822 5387 πολιορκουμένων.
2862 5313 3242 5378 Σπανιζόντων
3275 5312 3331 5365 δὲ
3360 5313 3424 5383 τῇ
3453 5310 3599 5363 πόλει
3626 5303 3718 5357 τῶν
3745 5298 3836 5433 Et:

2328 5409 2457 5433 -.ο-ἐ-
2515 5406 2582 5433 2.0
2642 5407 2785 5433 .I...:-
2866 5405 3085 5433 -r--:-..
3149 5404 3445 5433 ..--....t.....
3502 5401 3547 5433 ..ἲ
3574 5398 3618 5430 u
3670 5392 3717 5433 δὲ
3783 5402 3832 5433 τ,

3783 5402 3833 5452 τι

1923 5637 2153 5693 νΛιιιΑῑ
2180 5632 2474 5693 LECTION
2484 5631 2585 5687 ES.

719 5753 759 5783 ⁵¹
794 5751 919 5811 τοὺς
954 5749 1076 5799 add.
1114 5748 1179 5801 Α.

657 5839 766 5877 om.
812 5826 873 5873 Λ.
960 5819 1006 5848 ⁸⁸
1038 5820 1087 5869 oi
1128 5819 1167 5870 A
1213 5819 1354 5885 τῆς

1268 5748 1312 5779 δ’
1342 5745 1603 5804 διαθεῖσιν
1637 5753 2049 5823 ἀποκατέστησε
2088 5770 2145 5817 ς.
2236 5750 2281 5783 ⁸³
2322 5748 2544 5821 προδοὲη
2582 5747 2621 5801 Α
2668 5745 2822 5815 εὸοίη
2864 5761 2922 5809 ςι
3001 5741 3046 5774 ⁵⁵
3081 5739 3246 5809 MM-
3302 5734 3396 5808 τὴν
3418 5731 3579 5804 “hil”
3607 5746 3661 5796 ς·
3725 5715 3825 5771 ubi
