3924 6406
144 450 229 512 925

1116 444 1635 507 BIBLIOTHECA.
1678 430 1746 482 ὲ-
1782 446 1946 509 001).
1978 448 2267 508 (Ἄλτιν.

3235 446 3341 511 99.6

791 556 945 611 CAP.
989 555 1052 612 L.
1106 589 1174 600 -
1209 559 1446 614 Triarius
1488 562 1747 630 reliquam
1778 560 2112 615 Mithridatis
2155 564 2370 615 classem
2417 558 2630 628 subigit.

196 653 293 725 Πρὸ
320 649 592 722 βραχέος⁸⁷
611 648 668 701 δὲ
722 648 995 721 Ὀριὰριος
1046 652 1138 704 τὸν
1190 654 1493 724 Ῥωμαϊκὸν
1542 628 1667 709 στόιι

1837 657 1907 710 Δι
1938 657 2083 711 brevi
2125 666 2252 710 ante
2310 654 2556 709 Triarius
2577 693 2592 717 ,
2622 628 2862 705 Romana
2893 649 3066 707 classe
3136 651 3343 706 instrn-

139 758 212 802 λον
232 738 355 815 ἔχων
387 743 634 813 ὥρμησεν
664 741 772 795 ἀπὸ
810 742 1176 815 Νικομηδείας
1207 746 1300 800 ἐπὶ
1342 747 1441 810 τάς
1470 749 1663 801 Ποντι-

138 840 220 901 xit;
244 838 496 907 τριήρεις,
532 832 599 896 ἀς
646 837 907 905 προεῖπεν
934 837 961 888 6
989 835 1146 904 λόγος
1190 835 1321 906 περί
1348 854 1409 890 τε
1439 839 1664 911 Κρήτην

138 932 215 985 καὶ
246 926 467 997 Ἰϐηρίαν
509 924 962 997 ὲξαποσταλῆναι.
989 926 1195 982 Μαθὼν
1227 927 1285 982 δὲ
1313 928 1413 994 τὰς
1443 930 1662 984 ὑπολοί-

136 1038 247 1084 πους
283 1022 334 1082 ές
378 1020 466 1073 τὸν
519 1021 719 1074 Πόντον
777 1021 1263 1093 ἀνακεχωρηκέναι
1313 1023 1527 1095 (πολλαὶ
1555 1024 1665 1096 γὰρ

134 1113 285 1167 αὐτῶν
315 1112 401 1163 καὶ
433 1111 661 1182 χειμῶνι
694 1113 790 1165 καὶ
822 1116 940 1177 ταῖς
964 1114 1105 1168 κατὰ
1136 1117 1304 1185 μέρος
1334 1118 1665 1189 ναυμαχίαις

133 1206 197 1267 εἰς
219 1202 495 1273 διαφθορὰν
522 1201 737 1272 έδυσαν)
772 1205 1185 1276 καταλαμϐάνει
1217 1225 1275 1260 τε
1303 1208 1533 1272 ταύτας,
1569 1209 1665 1261 καὶ

132 1299 210 1370 τὴν
229 1296 396 1367 μάχην
423 1296 551 1366 περὶ
578 1295 679 1367 τὴν
716 1296 941 1351 Τένεδον
981 1302 1292 1370 συγκροτεῖ,
1315 1299 1358 1353 o'
1386 1300 1486 1369 μὲν
1518 1300 1665 1371 έχων

130 1391 339 1461 τριήρεις
396 1386 579 1451 αὐτὸς,
641 1386 750 1440 τῶν
795 1388 852 1442 δὲ
902 1389 1181 1444 Ποντικῶν
1219 1391 1461 1460 ἀγόντων
1487 1392 1661 1464 βραχὺ

133 1479 322 1542 δεούσας
363 1477 470 1530 τῶν
506 1484 582 1533 π’.
624 1478 751 1551 [745
780 1478 873 1551 IL]
906 1481 1059 1535 Ἐπεὶ
1088 1482 1145 1535 δὲ
1185 1484 1413 1556 συνέστη
1446 1487 1474 1538 6
1503 1486 1665 1539 πόλε-

131 1585 227 1639 μος,
253 1566 369 1620 κατ’
388 1566 564 1638 ἀρχάς
590 1568 691 1637 μὲν
721 1570 968 1639 ἀντεῖχον
992 1571 1042 1623 oi.
1065 1572 1159 1625 τοῦ
1189 1571 1475 1641 βασιλέως,
1510 1573 1667 1627 ὕστε-

129 1679 203 1735 ρον
240 1659 292 1713 δὲ
321 1659 530 1734 τροπῆς
569 1660 753 1714 αὐτῶν
795 1661 1055 1735 λαμπρᾶς
1101 1667 1401 1737 γενομένης
1442 1668 1503 1721 τὸ
1540 1668 1667 1721 Ῥω-

128 1756 272 1827 μαίων
320 1754 421 1808 ἀνά
469 1754 674 1824 κράτος
719 1755 939 1826 ἐνίκησε
987 1758 1323 1828 στράτευμα,
1369 1761 1462 1813 καὶ
1495 1759 1668 1825 οὕτως

127 1849 245 1910 ἅπας
271 1847 298 1900 6
343 1846 729 1915 Μιθριδάτειος
768 1846 973 1915 στόλος,
1021 1847 1146 1913 ὅσος
1203 1850 1297 1903 ἐπὶ
1342 1851 1442 1920 τὴν
1486 1850 1668 1906 Ἀσίαν

126 1938 244 2010 αύτῷ
271 1938 714 2006 συνεξέπλευσεν,
744 1938 907 1994 ἑάλω.

1765 760 1906 814 ctus,
1932 763 1962 803 a
1992 747 2315 803 Nicomedea
2337 747 2597 815 impetum
2629 744 2832 799 fecerat
2862 742 2915 797 in
2946 741 3200 797 Ponticas
3248 741 3344 794 tri-

1766 856 1964 906 remes,
2027 857 2160 910 quas
2208 855 2368 909 supra
2406 839 2609 894 dictum
2649 844 2735 891 est
2779 850 2969 889 versus
3024 834 3238 888 Cretam
3288 841 3344 886 et

1764 934 2079 1004 Hispaniam
2131 933 2382 989 emissas.
2435 934 2503 987 At
2554 948 2676 988 cum
2725 930 2965 999 reliquas
2995 929 3047 982 iu
3107 927 3339 981 Pontqu

1764 1037 1911 1082 retro
1948 1028 2098 1082 abire
2150 1026 2464 1081 rescivisset
2503 1023 2707 1097 (multae
2736 1022 2880 1077 enim
2916 1021 2981 1075 de
3017 1020 3102 1074 his
3127 1029 3182 1072 et
3219 1033 3344 1087 pro-

1763 1120 1899 1175 cella
1924 1130 1977 1174 et
2008 1121 2224 1189 pugnis.
2249 1134 2349 1174 suo
2382 1132 2609 1188 qumque
2645 1116 2781 1181 loco,
2806 1112 3091 1168 navalibus
3122 1111 3345 1166 interie-

1763 1213 1930 1283 rant),
1961 1212 2157 1284 236a
2204 1222 2488 1265 assecutus
2534 1209 2651 1263 illas
2696 1209 2761 1261 ad
2792 1206 3092 1271 Tenedum,
3152 1219 3344 1258 manus

1763 1306 2039 1369 conserit;
2098 1302 2167 1356 70
2212 1301 2312 1370 ipsi
2352 1301 2602 1354 triremes
2663 1307 2847 1361 erant,
2898 1294 3108 1351 Pontici
3161 1302 3341 1348 autem

1762 1394 2049 1466 pauciores
2075 1393 2353 1464 aliquanto
2399 1390 2469 1446 80
2493 1391 2748 1460 agebant.
2785 1388 3080 1458 Postquam
3130 1384 3343 1439 infestis

1763 1496 2152 1546 concursatum
2203 1498 2287 1543 est
2320 1485 2522 1557 proris,
2557 1484 2689 1554 regii
2719 1486 2786 1539 ad
2831 1491 3044 1553 tempus
3077 1479 3183 1534 vim
3232 1479 3347 1534 ho—

1765 1582 1930 1639 Stium
1960 1580 2115 1635 initio
2173 1578 2492 1633 sustinent:
2533 1587 2716 1647 postea
2748 1574 3016 1629 universis
3056 1571 3110 1625 in
3161 1569 3343 1639 fugam

1763 1666 1968 1732 etinsis,
2001 1667 2212 1736 plenam
2248 1664 2523 1719 Romanus
2540 1662 2824 1718 victoriam
2847 1672 2901 1716 et
2925 1660 3194 1716 celebrem
3218 1672 3343 1712 con-

1766 1760 2031 1829 sequitur.
2067 1758 2245 1826 Atque
2268 1759 2340 1811 ita
2367 1756 2560 1812 classis
2591 1754 2920 1809 Mithridatis
2974 1761 3111 1819 tota,
3143 1759 3344 1821 quanta

1767 1852 1821 1907 in
1853 1852 2035 1905 Asiam
2062 1864 2186 1907 cum
2223 1851 2337 1921 ipsa
2374 1848 2638 1913 exiverat,
2670 1848 2896 1904 subacta
2928 1854 3032 1902 est.

780 2049 910 2107 CAP.
952 2048 1039 2105 LI.
1061 2081 1132 2092 —
1157 2050 1313 2107 Cotta
1339 2054 1409 2107 ad
1439 2053 1779 2110 obsidendam
1799 2054 2105 2111 Heracleam
2135 2051 2403 2107 Triarium
2431 2053 2660 2107 asciscit.
2718 2078 2734 2093 κ

174 2168 364 2232 Κόττας
390 2167 451 2223 δὲ
494 2167 651 2239 παρά
683 2168 782 2240 τὴν
827 2168 1157 2240 Ἡράκλειαν
1206 2172 1652 2242 στρατοπεδεύων
1683 2178 1729 2237 Β

122 2263 204 2333 ὅλῳ
220 2262 307 2332 μὲν
332 2262 393 2315 οὐ
423 2261 737 2331 προσέϐαλε
764 2263 831 2331 τῇ
851 2261 1137 2333 πολιορκίᾳ
1162 2263 1302 2328 τέως
1330 2264 1408 2336 τῷ
1426 2264 1662 2336 στρατῷ,

122 2354 235 2408 κατά
269 2354 426 2426 μέρος
480 2354 545 2407 δὲ
597 2354 894 2425 προσῆγεν,
951 2355 1127 2419 ένίους
1190 2358 1289 2428 μὲν
1353 2358 1462 2411 τῶν
1528 2358 1660 2411 Ῥωο

123 2445 284 2513 μαίων,
329 2445 568 2510 πολλοὺς
626 2446 684 2500 δὲ
747 2446 1189 2517 προϐαλλόμενος
1242 2449 1352 2503 τῶν
1401 2449 1661 2507 Βιθυνῶν.

120 2539 301 2593 Πολλῶν
326 2540 382 2593 δὲ
415 2540 517 2593 καί⁸
539 2540 991 2611 τιτρωσκομένων
1037 2541 1133 2595 καὶ
1180 2542 1591 2613 ἀναιρουμένων
1615 2542 1663 2575 ⁸⁸

122 2628 331 2698 μηχανὰς
363 2630 606 2693 ἐπενόει,
647 2624 723 2683 ὧν
764 2630 940 2683 ἐδόκει
970 2633 1081 2694 τοῖς
1115 2631 1603 2703 πολιορκουμένοις
1629 2634 1662 2705 ή

120 2716 290 2789 χελώνη
323 2718 701 2790 φοϐερωτέρα.
756 2719 983 2788 Ἐπὰγει
1011 2719 1141 2787 γοῦν
1164 2719 1370 2792 ταύτην
1410 2722 1537 2791 ὅλην
1564 2721 1664 2794 τὴν

119 2811 312 2881 δύναμιν
353 2813 693 2883 συγκινήσας
732 2812 926 2884 πύργῳ
956 2811 1079 2884 [387
1118 2810 1216 2885 H.]
1248 2813 1356 2865 τινὶ
1405 2812 1663 2876 ὑπόπτως

119 2904 261 2974 ἔχοντι
303 2906 436 2976 πρὸς
478 2907 546 2960 τὸ
590 2906 782 2960 παθεῖν
809 2923 822 2937 ·
859 2906 935 2969 ὡς
978 2906 1035 2959 δὲ
1078 2906 1227 2972 ἅπαξ
1267 2907 1363 2959 καὶ
1399 2905 1661 2977 δεύτερον

121 2995 316 3065 πληγεὶς
346 2999 408 3051 οὐ
441 2998 609 3068 μόνον
642 2998 793 3066 παρὰ
816 2997 972 3061 δόξαν
1002 2998 1367 3069 διεκαρτέρει,
1400 2999 1535 3051 ἀλλά
1567 3000 1663 3052 καὶ

118 3087 287 3157 όκριδς
312 3090 411 3159 τῆς
441 3090 617 3160 ἀλλης
643 3089 880 3159 ἐμϐολῆς
914 3090 1362 3159 πρωπεκλάσθη,
1396 3090 1662 3160 εὐθυμίαν

120 3178 199 3245 μὲν
218 3182 321 3243 τοῖς
356 3178 791 3250 Ἡρακλεώταις,
846 3179 1085 3246 ἀγωνίαν
1117 3180 1173 3233 δὲ
1198 3180 1440 3250 παρέσχε
1481 3180 1663 3251 Κόττα

116 3267 548 3339 διαταράττουσαν
589 3271 777 3334 αὐτὸν,
815 3270 892 3333 ὡς
931 3271 1031 3324 οὐκ
1061 3271 1127 3324 ἂν
1161 3273 1192 3343 ὴ
1226 3272 1381 3336 πόλις
1412 3271 1659 3344 αἱρεθείη

116 3361 239 3417 ποτέ.
293 3362 369 3433 Τῇ
426 3363 697 3435 ὑστεραίᾳ
757 3363 801 3415 δ⁴
852 3363 945 3416 οὖν
995 3364 1158 3417 πάλιν
1212 3365 1514 3434 ἐπαγαγὼν
1561 3367 1661 3436 τὴν

118 3453 334 3535 μηχανὴν
358 3454 453 3508 καὶ
487 3454 660 3524 μηδὲν
689 3454 894 3517 ἀνύσας
928 3455 1218 3509 κατακαίει
1254 3457 1351 3525 μὲν
1370 3456 1431 3508 τὸ
1477 3457 1660 3527 μηχά-

117 3532 258 3613 νημα,
276 3523 576 3616 ἀποτέμνει
614 3546 670 3599 δὲ
700 3546 796 3600 καὶ
812 3546 910 3609 τάς
938 3547 1046 3599 τῶν
1074 3523 1462 3618 μηχανοποιῶν
1478 3523 1662 3617 ’κέιρα-
1687 3523 1731 3581 C

116 3632 210 3699 λάς,
251 3639 342 3690 καὶ
376 3639 629 3709 φρουρὰν
664 3641 778 3702 τοῖς
804 3639 1008 3708 τείχεσι
1038 3639 1352 3693 καταλιπὼν
1396 3640 1533 3711 μετά
1568 3639 1663 3693 τοῦ

117 3725 273 3781 λοιποῦ
303 3729 547 3801 πλήθους
572 3731 653 3792 είς
678 3730 739 3783 τὸ
773 3730 1110 3800 καλούμενον
1144 3731 1327 3784 πεδίον
1358 3731 1602 3785 Λύκαιαν
1615 3732 1661 3765 ⁸³

117 3818 375 3892 διέτριϐεν,
438 3822 708 3893 ἀφθονίαν
757 3821 972 3893 ἔχοντος
1033 3822 1142 3876 τῶν
1194 3823 1514 3891 ἐπιτηδείων
1567 3822 1663 3877 τοῦ

116 3919 305 3988 χωρίου.
352 3919 631 3973 Κάκεῖθεν
664 3918 764 3989 τὴν
808 3921 939 3990 περὶ
970 3918 1072 3990 τὴν
1114 3918 1439 3990 Ἡράκλειαν
1481 3917 1665 3987 χώραν

117 4011 303 4066 ἃπασαν
341 4010 528 4083 ἐδῄου,
563 4012 646 4075 εἰς
694 4010 894 4081 πολλὴν
931 4010 1243 4080 ἀμηχανίαν
1280 4011 1406 4073 τοὺς
1443 4009 1666 4074 πολίτας

116 4104 444 4159 συνελαύνων.
473 4102 907 4175 Διεπρεσϐεύετο
940 4102 1073 4172 γοῦν
1100 4102 1263 4156 πάλιν
1289 4102 1425 4174 πρός
1449 4120 1507 4156 τε
1538 4103 1667 4166 τοὺς

114 4193 162 4245 ἐν
192 4194 388 4264 Σκυθίᾳ
436 4194 854 4266 Χερρονησίτας
884 4194 978 4247 καὶ
1009 4193 1391 4257 Θεοδοσιανοὺς
1419 4193 1666 4256 καὶτοὺς

115 4286 221 4357 περὶ
242 4287 328 4341 τὸν
360 4287 645 4358 Βόσπορον
677 4286 946 4350 δυνάστας
1000 4286 1142 4358 ὑπὲρ
1186 4284 1537 4355 συμμαχίας·
1572 4286 1667 4340 καὶ

114 4376 141 4445 ἡ
168 4379 420 4449 πρεσϐεία
442 4378 781 4448 ἀνέστρεφεν
807 4377 1145 4448 ἔμπρακτος.
1169 4376 1291 4430 Τῶν
1308 4376 1365 4429 δὲ
1393 4376 1667 4445 πολεμίων

116 4470 451 4539 ἐπικειμένων
473 4474 543 4543 τῇ
571 4470 747 4530 πόλει,
787 4469 848 4522 ού
878 4469 1013 4522 πολὺ
1057 4468 1280 4522 ἔλαττον
1309 4467 1447 4538 αὖ.τῇ
1475 4468 1543 4520 τά
1573 4467 1669 4519 λυ-

115 4561 292 4617 ποῦντα
335 4564 487 4617 ἔνδον
543 4562 824 4616 ἐπετίθετο
849 4579 863 4593 ο
897 4562 959 4615 οὐ
997 4560 1108 4633 γὰρ
1132 4558 1401 4631 ἠρκοῦντο
1423 4559 1473 4612 oi
1505 4575 1669 4630 φρου-

117 4651 184 4718 ροὶ
218 4648 293 4715 οἷς
320 4654 474 4723 διέζη
516 4653 579 4705 τὸ
605 4651 919 4721 δημοτικὸν,
952 4652 1249 4714 τύπτοντες
1280 4650 1337 4703 δὲ
1367 4652 1496 4713 τοὺς
1517 4649 1669 4703 πολί-

115 4758 194 4807 τας
236 4748 495 4817 χορηγεῖν
524 4745 559 4800 ἃ
601 4746 675 4815 μὴ
730 4746 860 4816 ῥᾷον
878 4745 923 4776 ⁸⁸
952 4740 1021 4815 ἦν
1071 4744 1254 4806 αὐτοῖς
1309 4742 1368 4809 ἐξ
1394 4742 1668 4813 ,ἀνάγκης

115 4836 353 4891 ἐκέλευον.
385 4837 504 4891 Καὶ
531 4836 638 4889 τῶν
669 4835 923 4906 φρουρῶν
953 4834 1033 4888 ἔτι
1069 4834 1271 4904 μᾶλλον
1318 4827 1385 4905 ἦν
1419 4831 1669 4903 χαλεπώ-

113 4928 294 4993 τεροςὸ
321 4923 644 4997 ἐφεστηκὼς
688 4925 869 4978 αὐτῶν
910 4922 1281 4994 Κοννακόρηξ,
1333 4922 1435 4975 οὐκ
1479 4922 1671 4993 ἀπείρ-

112 5030 204 5080 γων
231 5017 343 5069 ἀλλ’
368 5017 685 5087 έπιτρέπων
708 5018 821 5078 τοῖς
842 5015 885 5046 ⁸⁸
929 5013 1034 5066 ὑπὸ
1066 5015 1223 5083 χεῖρα
1259 5011 1357 5083 τὴν
1388 5011 1531 5081 βίαν.
1568 5012 1671 5064 Τε-

114 5109 267 5173 μὼν⁶¹
295 5108 353 5161 δὲ
399 5111 501 5178 τὴν
556 5106 742 5178 χώραν
794 5108 824 5159 6
878 5106 1089 5168 Κόττας
1132 5104 1292 5157 πάλιν
1341 5102 1670 5173 προσϐάλλει

110 5200 203 5260 τοῖς
248 5200 523 5270 τείχεσινο
567 5198 811 5267 ἀθύμους
861 5197 919 5249 δὲ
968 5197 1095 5258 τοὺς
1137 5194 1474 5264 στρατιώτας
1534 5195 1670 5265 πρὸς

112 5290 407 5362 πολιορκίαν
456 5292 599 5362 δρῶν
637 5290 840 5357 ἀπάγει
863 5290 961 5359 τῆς
992 5288 1366 5358 τειχομαχίας,
1394 5289 1486 5340 καὶ
1529 5287 1671 5357 πέμ-

109 5397 187 5433 πει
228 5382 408 5437 καλῶν
471 5383 778 5453 ὐτριάριον
832 5384 996 5451 τάχος
1044 5382 1165 5443 ταῖς
1211 5380 1495 5450 τριήρεσιν
1551 5380 1662 5449 ἁφ-

112 5475 356 5528 ικνεῖσθαι
384 5477 480 5528 καὶ
505 5473 739 5530 κωλύειν
764 5473 854 5528 τὸν
879 5473 969 5527 διὰ
1009 5473 1109 5542 τῆς
1143 5470 1419 5542 θαλάσσης
1446 5473 1672 5525 ἐπισιτι-

111 5566 231 5635 σμὸν
258 5570 324 5639 τῇ
354 5567 528 5624 πόλει.

1826 2172 1985 2229 Cotta
2016 2170 2144 2228 vero
2173 2172 2239 2225 ad
2270 2169 2579 2225 Heracleam
2613 2178 2791 2225 castra
2823 2168 3031 2223 habens
3056 2206 3072 2233 ,
3103 2165 3343 2220 nondum

1769 2273 1882 2321 toto
1932 2264 2387 2335 oppugnationem
2438 2262 2681 2318 exercitu
2733 2274 3020 2331 aggressus
3053 2268 3206 2323 erat,
3250 2272 3346 2313 sec.

1764 2356 1976 2427 aliquos
1998 2357 2062 2411 de
2086 2355 2347 2409 Romanis
2380 2353 2745 2424 particulatim
2776 2352 3120 2415 admovebat,
3150 2348 3346 2404 multos

1765 2446 1981 2518 Bithyni
2003 2446 2237 2501 nominis
2257 2454 2501 2499 statuens
2526 2446 2579 2497 in
2609 2443 2805 2498 fronte.
2828 2442 3072 2511 Dumque
3100 2439 3343 2507 complu-

1766 2554 1855 2595 res
1894 2537 2247 2592 vulnerantur
2283 2546 2337 2591 et
2358 2545 2654 2605 oppetunt,
2696 2534 2951 2603 operibus
2994 2540 3049 2586 et
3076 2531 3345 2585 machinis

1766 2632 2006 2686 animum
2044 2630 2272 2700 adjicit:
2320 2644 2549 2699 quarum
2602 2629 2816 2682 testudo
2853 2642 2964 2696 prie
3001 2625 3123 2679 aliis
3153 2622 3347 2679 formi-

1764 2722 1946 2777 dinem
1977 2721 2208 2777 incussit
2232 2720 2492 2776 obsessis.
2521 2718 2712 2772 Totam
2751 2718 2912 2787 igitur
2944 2716 3050 2770 vim
3089 2714 3345 2779 militum,

1765 2814 1960 2869 castris
1980 2814 2212 2869 excitam
2233 2852 2248 2876 ,
2290 2812 2545 2867 admovet
2570 2810 2708 2865 turri
2732 2809 2974 2873 cuidam,
3006 2808 3172 2862 ruina:
3194 2820 3345 2875 spem

1764 2905 2097 2977 praelerenti.
2126 2902 2324 2959 Verum
2352 2902 2442 2957 ubi
2465 2900 2630 2956 semel
2662 2912 2824 2970 atque
2848 2899 3045 2953 iterum
3065 2910 3345 2966 percussa,

1764 3014 1870 3052 non
1910 2999 2068 3053 modo
2096 3006 2288 3052 contra
2317 2995 2627 3065 opinionem
2662 2993 3012 3064 persisteret,
3047 2990 3142 3044 sed
3180 2989 3347 3043 etiam

1764 3091 1907 3145 aries
1939 3107 1968 3144 a
2006 3098 2200 3145 caetera
2235 3088 2485 3144 machina
2521 3085 2804 3141 dill‘ractus
2848 3083 3189 3147 avelleretur,
3230 3082 3350 3135 aui-

1763 3200 1884 3239 mus
1906 3183 2334 3240 Heracliensium
2363 3196 2632 3247 crescere,
2655 3190 2709 3234 et
2735 3178 3087 3249 perturbatus
3113 3189 3349 3230 maerore

1761 3276 1917 3331 Cotta
1962 3277 2153 3331 timere
2193 3275 2388 3345 coepit,
2431 3286 2709 3343 nunquam
2756 3271 2884 3325 urbs
2928 3284 2995 3323 ne
3038 3276 3346 3337 caperetur.

1762 3365 1988 3422 Postero
2030 3366 2193 3419 etiam
2236 3366 2356 3429 die,
2402 3379 2523 3419 cum
2567 3362 2827 3417 machina
2871 3361 3072 3415 iterum
3119 3358 3349 3426 impacta

1763 3459 1898 3514 nihil
1936 3457 2250 3527 proﬁceret,
2284 3456 2712 3510 instrumentum
2756 3452 2885 3507 illud
2918 3454 3266 3513 concremat,
3295 3456 3351 3502 et

1770 3553 1940 3608 labris
1956 3552 2130 3621 capita
2150 3549 2416 3619 praecidit,
2439 3549 2736 3617 relictoque
2755 3547 2822 3601 ad
2850 3544 3048 3601 mmnia
3072 3541 3348 3612 praesidio,

1771 3658 1894 3699 cum
1928 3650 2123 3696 castera
2159 3640 2389 3695 militum
2422 3640 2577 3695 turba
2608 3639 2661 3693 in
2690 3652 2884 3707 campo
2908 3637 3072 3707 (quod
3097 3634 3349 3705 Lycaeum

1769 3741 1989 3803 vocant)
2017 3732 2213 3788 stativa
2239 3730 2457 3801 delegit,
2488 3744 2597 3799 quo
2626 3728 2678 3782 in
2708 3728 2827 3782 loco
2860 3726 3008 3795 larga
3031 3735 3148 3780 erat
3177 3724 3350 3778 victus

1772 3827 1949 3896 copia.
2003 3826 2182 3895 Atque
2220 3824 2347 3880 inde
2384 3822 2531 3879 omni
2572 3822 2716 3877 circa
2760 3818 3078 3876 Heracleam
3130 3816 3349 3887 regione

1773 3920 2071 3983 devastata,
2089 3917 2139 3971 in
2162 3930 2410 3985 magnam
2432 3915 2579 3970 cives
2601 3911 2968 3967 diliicultatem
2987 3908 3149 3979 cogit.
3171 3908 3350 3974 Quare

1773 4013 1949 4067 denuo
1978 4011 2045 4065 ad
2065 4010 2318 4081 Scythas,
2341 4006 2672 4063 Chersonesi
2696 4003 2925 4069 incolas,
2950 4010 3004 4057 et
3021 3999 3354 4056 Theodosia-

1775 4120 1873 4160 nos
1891 4143 1908 4168 ,
1937 4113 1992 4158 et
2024 4102 2169 4159 circa
2197 4101 2533 4171 Bosphorum
2562 4100 2820 4169 dynastas
2841 4137 2859 4161 ,
2894 4095 2961 4150 de
2990 4095 3250 4150 societate
3275 4091 3353 4146 les

1774 4197 2045 4263 gationem
2080 4195 2264 4258 mittit,
2295 4208 2415 4263 qum
2448 4207 2555 4247 non
2582 4191 2785 4262 absque
2817 4187 3008 4245 ell’ectu
3040 4185 3347 4241 revertitur.

1774 4286 2021 4357 Dumque
2059 4287 2244 4342 hostes
2278 4285 2399 4340 urbi
2436 4284 2753 4339 incumbunt
2777 4322 2792 4349 ,
2828 4296 2933 4335 non
2967 4278 3135 4335 multo
3174 4276 3351 4331 minus

1775 4378 1845 4432 ab
1900 4379 2128 4433 internis
2168 4387 2400 4432 vexatur
2454 4374 2735 4430 molestiis.
2798 4368 3159 4427 Praesidiariis
3205 4366 3348 4421 enim

1774 4469 2035 4525 militibus
2064 4468 2117 4523 id
2143 4484 2246 4523 non
2272 4468 2407 4525 satis
2437 4475 2549 4521 erat
2574 4480 2681 4535 quo
2711 4462 2863 4534 plebs
2899 4462 3106 4517 urbana
3135 4459 3349 4513 victita-

1774 4565 1889 4621 bat.
1933 4564 2263 4620 Yerheribus
2295 4562 2459 4633 igitur
2495 4561 2753 4614 multatos
2786 4558 2968 4621 cives,
3003 4551 3351 4623 suppeditare

1775 4671 1897 4726 quae
1926 4653 1981 4710 in
2015 4664 2265 4725 promptu
2304 4668 2409 4707 non
2442 4660 2627 4715 erant,
2667 4665 2763 4721 per
2794 4648 2901 4703 vim
2928 4646 3140 4716 iubent.
3172 4641 3351 4710 Quid?

1775 4748 1917 4817 quod
1952 4745 2301 4816 praesidiariis
2333 4745 2494 4814 longe
2529 4740 2887 4812 importunior
2916 4747 3035 4793 erat
3067 4734 3353 4807 praal‘ectus

1777 4839 2141 4903 Connacorix,
2174 4854 2281 4894 non
2314 4837 2472 4891 modo
2501 4851 2606 4890 non
2640 4834 2935 4905 prohibens
2964 4831 3073 4884 vim
3102 4840 3345 4889 suorum,

1775 4934 1868 4989 sed
1908 4934 2073 4987 etiam
2108 4933 2275 4986 libere
2314 4930 2660 5001 permittens.
2691 4926 2830 4981 Tum
2867 4940 3025 4995 agros
3061 4921 3354 4993 populatus

1774 5026 1960 5087 Cotta,
2008 5038 2192 5079 muros
2234 5023 2429 5077 iterum
2476 5020 2742 5074 adoritur.
2766 5018 2839 5071 At
2882 5030 3003 5071 cum
3045 5027 3237 5083 segnes
3282 5012 3351 5067 ad

1774 5118 2225 5189 oppugnationem
2261 5112 2610 5180 remissisque
2646 5111 2843 5164 animis
2890 5106 3035 5161 videt
3066 5106 3283 5169 milites,
3317 5119 3349 5157 a

1776 5221 1972 5267 conatu
2002 5192 2294 5273 desistens,
2325 5217 2573 5260 vocatum
2609 5205 2776 5258 mittit
2807 5201 3102 5262 Triarium,
3142 5209 3199 5251 ut
3229 5212 3350 5251 cum

1778 5302 2090 5358 triremibus
2133 5301 2532 5371 quamprimum
2600 5296 2847 5360 advolet,
2883 5294 3075 5365 236i:
3112 5300 3168 5345 et
3203 5305 3354 5345 com-

1776 5404 1987 5450 meatus
2021 5394 2073 5449 in
2104 5393 2240 5448 mari
2272 5391 2583 5447 facultatem
2617 5386 2903 5460 oppidanis
2932 5381 3262 5453 intercipiat.

1344 5700 1581 5759 VARIE
1608 5702 2013 5761 LECTIONES.

169 5802 209 5833 "
245 5801 489 5872 βραχέως
530 5820 589 5866 ς.
668 5802 713 5833 ⁸⁸
749 5802 840 5855 καὶ
869 5796 1277 5870 ἀναιρουμένων
1306 5796 1432 5852 add.
1476 5797 1543 5851 A.
1624 5801 1667 5833 '9
1697 5799 1920 5855 idzatov
1949 5800 2274 5870 Stephanus.
2356 5799 2401 5830 ⁶⁰
2436 5794 2706 5870 piamina
2749 5795 2951 5868 ῥᾴδιον.
3028 5790 3070 5821 “
3108 5786 3213 5850 τοῖσι
3253 5786 3295 5844 Α
3337 5801 3346 5835 ι

110 5871 202 5924 τῶν
232 5871 290 5938 ςέ
355 5871 407 5905 ⁷⁸³
440 5875 647 5945 τέμνων
704 5891 761 5940 ςη
