3994 6480
561 464 670 531 927

1709 466 1971 529 ΡΗΟΤΙῙ
1997 468 2495 528 PATRIARCIHS
2529 467 2637 526 (ΣΡ.

3738 463 3837 525 928

948 582 1076 643 Car.
1109 580 1221 636 [Δί.
1246 613 1312 623 -
1341 580 1540 637 Triarii
1580 582 1803 637 victoria
1847 585 2049 639 navalis
2087 584 2150 639 de
2190 582 2407 639 lleracl.
2443 591 2493 636 et
2525 581 2746 650 gravia.
2779 578 2925 631 urbis
2960 577 3127 646 fante:
3156 592 3216 628 ac
3240 574 3431 645 pestis.

635 698 944 766 Assumptis
972 714 1099 769 ergo
1127 698 1370 755 Triarius
1402 714 1537 769 quies
1575 698 1844 765 habebat,
1885 701 2132 767 navibus,

2306 699 2501 755 Λαϐὼν
2558 694 2652 751 οὖν
2683 695 2750 759 ἂς
2794 692 2941 765 εἶχεν
2991 691 3321 762 ὐτριάριος,
3374 685 3486 741 καὶ
3522 681 3767 748 Ῥοδίους
3791 694 3839 739 κ’

477 816 486 849 ι
559 802 622 845 et
654 791 723 845 20
756 790 1014 855 Rhodiis,
1058 806 1291 859 quarum
1325 806 1536 845 summa
1578 790 1649 846 43
1698 792 2051 856 conﬁciebat,
2086 792 2138 844 iu

558 882 796 936 Pontum
827 880 1057 948 trajicit,
1088 888 1144 935 et
1179 881 1411 934 adventu
1444 880 1562 949 ejus
1604 880 1656 934 in
1693 890 1933 949 tempore
1973 879 2141 934 Cotta:

566 972 887 1042 signiﬁcato,
917 971 1106 1025 eodem
1138 972 1223 1025 die
1258 971 1555 1025 exercitum
1583 972 1651 1025 ad
1692 973 1888 1026 mania
1917 971 2142 1041 appellit

556 1062 758 1127 tCotta,
798 1071 855 1116 et
894 1061 1184 1116 imminens
1231 1061 1426 1114 Triarii
1475 1061 1667 1118 classis
1709 1074 1951 1132 apparet.
2000 1061 2138 1118 Tum

560 1153 849 1222 repentino
889 1153 1101 1207 navium
1139 1152 1369 1207 adventu
1408 1152 1779 1209 Heraclienses
1810 1155 2034 1218 turbati,
2070 1157 2139 1222 30

560 1244 785 1313 quidem
824 1257 991 1299 naves
1024 1243 1077 1298 in
1103 1257 1253 1298 mare
1288 1244 1577 1307 deducunt,
1606 1245 1699 1297 sed
1739 1258 1835 1298 eas
1864 1260 1967 1299 non
2007 1249 2141 1300 satis

484 1353 499 1388 .:
560 1335 859 1405 complent.
900 1335 1121 1406 Reliqua
1163 1335 1447 1391 multitudo
1487 1338 1552 1391 ad
1590 1336 2035 1404 prepugnandum
2079 1352 2138 1391 se

561 1430 860 1482 convertit.
916 1427 1159 1497 Dumque
1212 1428 1405 1485 classis
1462 1428 1892 1483 Heraclieusium
1948 1440 2141 1485 contra

571 1517 891 1575 accedentes
934 1520 1169 1574 hostium
1211 1534 1374 1575 naves
1422 1520 1472 1573 in
1518 1519 1684 1577 altum
1734 1520 1936 1585 tendit,
1982 1521 2139 1590 primi

572 1606 792 1675 Rhodii,
823 1610 1015 1679 peritia
1039 1619 1093 1665 et
1116 1610 1428 1665 fortitudine
1457 1611 1577 1669 aliis
1609 1612 1921 1681 praecellere
1956 1612 2143 1667 existi-

575 1702 727 1763 mati,
751 1701 803 1754 in
832 1698 1234 1757 Heracleoticas
1264 1702 1670 1771 impressionem
1696 1701 1919 1767 faciunt,
1946 1712 2000 1758 et
2028 1714 2141 1757 sta-

577 1789 670 1841 tim
709 1800 820 1843 tres
864 1789 1195 1844 Rhodiorum
1232 1799 1286 1843 ct
1321 1791 1557 1859 quinque
1590 1790 2014 1849 lleracliensium
2049 1792 2144 1846 de-

573 1881 900 1950 primuntur.
929 1879 995 1934 Et
1026 1896 1212 1951 pugna:
1247 1882 1373 1937 hinc
1408 1883 1850 1948 supervenientes
1886 1881 2141 1948 Romani,

576 1975 757 2031 multis
816 1978 1054 2046 acceptis
1109 1977 1355 2039 damnis,
1415 1975 1657 2044 pluribus
1716 1984 1895 2029 tamen
1956 1974 2138 2039 illatis,

573 2068 925 2123 lleracleotas
948 2068 1267 2131 fundunt,et
1286 2069 1350 2120 ad
1378 2068 1561 2120 urbem
1583 2066 1767 2137 tngere
1789 2068 2139 2135 compellunt,
2175 2058 2217 2117 Β

568 2160 607 2213 4
660 2171 716 2215 et
762 2161 829 2215 10
882 2161 1107 2214 navibus
1157 2159 1472 2227 deperditis.
1535 2158 1798 2213 Victrices
1851 2172 2030 2215 autem
2083 2162 2139 2215 in

573 2253 823 2323 Magnum
860 2251 1072 2305 subiere
1114 2261 1347 2319 portum.
1373 2249 1669 2303 Peditatum
1692 2251 1853 2305 etiam
1874 2251 1942 2305 ab
1969 2267 2141 2321 oppu-

573 2348 829 2411 gnatione
888 2354 1104 2397 revocat
1159 2342 1339 2399 Cotta.
1387 2342 1652 2397 Triariani
1713 2354 1890 2397 autem
1953 2345 2143 2400 indies

569 2435 810 2502 singulos
832 2449 861 2487 e
887 2444 1046 2503 portu
1078 2435 1340 2498 subvecti,
1369 2449 1462 2489 eos
1493 2435 1581 2504 qui
1610 2436 1876 2488 frumenta
1902 2435 2141 2489 circum-

572 2526 738 2579 sessis
784 2526 1076 2592 importare
1115 2536 1480 2590 conarentur,
1524 2526 1906 2596 impedierunt.
1953 2528 2142 2597 Ingens

573 2618 737 2681 igitur
773 2633 999 2672 annonae
1030 2618 1268 2672 charitas
1323 2618 1508 2672 urbem
1558 2620 1753 2682 lenuit,
1812 2631 1867 2671 ut
1911 2618 2141 2674 Chmnix

571 2713 714 2778 (qua:
753 2710 968 2779 dicitur)
1010 2711 1074 2763 ad
1114 2711 1182 2764 80
1225 2711 1432 2763 Atticos
1497 2712 1836 2779 procederet.
1876 2712 1938 2766 Et
1977 2728 2141 2781 super

574 2802 709 2855 alias
747 2816 1045 2864 aerumnas,
1080 2803 1241 2855 etiam
1281 2803 1445 2869 pestis
1494 2802 1739 2855 homines
1786 2802 2008 2865 invasit,
2054 2801 2137 2856 vel

571 2907 637 2945 ex
670 2892 816 2946 aeris
845 2893 1160 2957 mutatione,
1210 2893 1293 2946 vel
1346 2892 1659 2946 inconsueta
1712 2893 1883 2949 victus
1938 2895 2144 2947 ratione

574 2984 877 3047 exsistens,
920 2992 975 3036 et
1005 2998 1099 3052 per
1132 2985 1310 3036 varias
1340 2983 1704 3036 calamitatum
1739 2983 1936 3038 fortnas
1967 2985 2144 3037 varios

574 3074 851 3128 hominum
893 3075 1141 3128 interitus
1173 3072 1459 3128 eﬂiciebat.
1491 3072 1638 3128 Inter
1672 3091 1807 3143 quos
1847 3077 2009 3129 etiam
2041 3075 2144 3128 La-

574 3167 797 3219 machus
824 3166 977 3235 longe
1001 3167 1281 3221 acerbiore
1302 3183 1462 3234 quam
1490 3166 1602 3231 alii,
1624 3177 1676 3220 et
1704 3168 1929 3221 lentiore
1956 3169 2143 3223 mortis

572 3258 814 3311 cruciatu
851 3259 1229 3328 exstinguitur.
1270 3257 1409 3310 Lues
1448 3259 1561 3311 haec
1604 3258 1835 3311 maxime
1864 3261 2143 3328 praesidia-

573 3350 684 3403 rios
711 3350 1062 3419 corripiebat,
1100 3361 1153 3402 ut
1187 3351 1251 3403 de
1280 3348 1421 3402 5000
1454 3351 1595 3403 mille
1631 3350 1937 3404 interirent.

2240 791 2394 854 ναῦς.
2423 784 2496 843 ὧν
2536 788 2756 859 σύμπαν
2793 786 2853 840 τὸ
2883 783 3087 851 πλῆθος
3117 782 3195 845 είς
3223 785 3271 849 γ’
3299 781 3403 833 καὶ
3456 781 3517 847 μ’
3544 775 3742 841 ἐτέλει,
3764 778 3835 840 εἰς

2239 888 2330 941 τὸν
2359 886 2556 947 Πόντον
2592 883 2875 948 διαϐαίνει,
2910 881 3004 935 καὶ
3031 876 3223 950 μηνύει
3248 876 3445 945 Κόττα
3472 873 3580 926 καὶ
3607 871 3703 924 τὴν
3727 889 3835 924 και-

2242 981 2335 1050 ρὸν
2372 978 2467 1032 καὶ
2519 978 2619 1044 τήν
2682 975 2890 1045 ἄφιξιν.
2954 972 3093 1027 Ὑπὸ
3156 970 3214 1023 δὲ
3272 970 3377 1038 τὴν
3417 965 3607 1034 αὐτὴν
3638 963 3834 1033 ἡμέραν

2241 1073 2450 1134 Κόττας
2481 1088 2538 1123 τε
2590 1071 2703 1131 τοῖς
2751 1069 2957 1139 τείχεσι
3003 1067 3096 1119 τὸν
3131 1062 3364 1135 στρατὸν
3399 1059 3672 1129 προσῆγε
3700 1057 3835 1108 καὶὸ

2240 1165 2550 1227 κατάπλους
2578 1163 2688 1216 τῶν
2714 1161 2975 1233 Τριαρίου
3025 1158 3163 1212 νεῶν
3223 1153 3596 1224 ἐπεφαίνετο.
3653 1149 3833 1201 Συντα-

2242 1257 2531 1330 ραχθέντες
2553 1254 2646 1308 οὖν
2673 1255 2722 1307 οἱ
2770 1250 3148 1324 Ἡρακλεῶται
3177 1247 3313 1318 πρὸς
3339 1245 3410 1298 τὸ
3446 1241 3727 1330 αἰφνίδιον
3748 1238 3833 1330 τῆς

2240 1329 2351 1401 τῶν
2384 1346 2528 1416 νηῶν
2558 1345 2749 1412 ἐφόδου
2775 1345 2906 1405 ναῦς
2939 1341 3037 1411 μὲν
3069 1340 3159 1393 ἐπὶ
3183 1339 3282 1408 τὴν
3316 1335 3623 1389 Θάλασσαν
3646 1329 3690 1383 λ’
3715 1329 3832 1382 καθ-

2240 1438 2441 1500 εῖλκον,
2471 1434 2594 1489 οὐδὲ
2637 1434 2839 1496 ταύτας
2887 1431 3132 1503 ἀκριϐῶς
3162 1426 3544 1501 πληροῦντες.
3573 1422 3637 1476 τδ
3661 1421 3717 1475 δὲ
3741 1420 3835 1472 λοι-

2243 1530 2344 1582 πὸν
2379 1528 2515 1599 πρὸς
2564 1526 2664 1597 τὴν
2700 1525 3021 1596 πολιορκίαν
3059 1523 3375 1594 ἐτρέποντο.
3427 1517 3702 1586 Ἀνήγετο
3748 1513 3833 1585 μὲν

2241 1621 2271 1672 ό
2315 1615 2754 1689 Ἡρακλεωτικὺς
2793 1613 2976 1676 στόλος
3022 1613 3160 1683 πρὸς
3194 1611 3291 1665 τὰς
3318 1604 3715 1667 ἐπιπλεούσας
3739 1603 3832 1657 τῶν

2242 1710 2542 1780 πολεμίων.
2588 1708 2807 1781 Πρῶτοι
2853 1705 2985 1774 γοῦν
3038 1703 3229 1757 Ῥόδιοι
3280 1700 3405 1771 (καὶ
3462 1697 3583 1768 γὰρ
3631 1695 3832 1749 ἐδόκουν

2243 1802 2508 1872 ἐμπειρία
2534 1818 2595 1854 τε
2627 1799 2725 1854 καὶ
2761 1796 2984 1868 ἀνδρεία
3010 1795 3119 1849 τῶν
3156 1795 3329 1849 ἄλλων
3378 1788 3674 1865 προέχειν)
3707 1788 3831 1858 ἐνερ-

2246 1895 2491 1966 ράγησαν
2541 1894 2661 1955 ταῖς
2703 1890 2763 1955 ἐξ
2798 1888 3141 1960 Ἡρακλείας,
3181 1886 3277 1938 καὶ
3334 1881 3705 1953 παραχρῆμα
3739 1881 3828 1947 μὲν

2245 1984 2549 2038 κατέδυσαν
2585 1982 2805 2035 Ῥοδίων
2837 1981 2935 2050 μὲν
2958 1978 3014 2048 γ’
3046 1974 3491 2047 Ἠράκλεώτιδες
3509 1973 3571 2026 δὲ
3602 1969 3667 2025 ε’.
3693 1971 3829 2023 Ἐπι-

2242 2077 2522 2147 γενόμενοι
2564 2075 2621 2129 δὲ
2669 2076 2738 2145 τῇ
2766 2073 3042 2143 ναυμαχία
3088 2072 3183 2125 καὶ
3213 2070 3515 2138 Ῥωμαῖοι,
3544 2066 3645 2118 κα)⁸
3676 2062 3830 2115 πολλὰ

2242 2168 2510 2231 παθόντες
2540 2167 2635 2225 καὶ
2682 2166 3011 2236 ποιήσαντες
3066 2164 3181 2225 τοῖς
3231 2159 3552 2230 πολεμίοις,
3590 2155 3717 2228 ί748
3747 2152 3826 2222 ιη

2243 2260 2404 2313 πλέον
2445 2258 2503 2315 δὲ
2531 2259 2681 2328 ὅμως
2710 2254 3083 2318 κακώσαντες,
3111 2254 3416 2325 ἐτρέψαντο
3448 2251 3553 2321 τὰς
3578 2248 3640 2319 ἐξ
3676 2248 3828 2319 Ἡρα-

2243 2351 2429 2413 κλείας
2460 2350 2558 2402 καὶ
2595 2348 2819 2418 φεύγειν
2854 2347 3174 2417 ἠνάγκασαν
3228 2345 3365 2416 πρὸς
3423 2341 3532 2412 τὴν
3588 2340 3758 2397 πόλιν.
3789 2338 3823 2390 δ’

2242 2440 2620 2504 ἁποδαλούσας
2646 2440 2743 2493 καὶ
2778 2445 2829 2494 t'.
2861 2440 2925 2492 Al
2960 2437 3295 2508 τρεψάμεναι
3316 2434 3376 2488 δὲ
3412 2436 3562 2504 πρὸς
3614 2433 3704 2484 τὸν
3744 2431 3827 2501 μέν

2242 2551 2346 2603 γαν
2409 2532 2771 2603 ἐνωρμίζοντο
2812 2529 3028 2598 λιμένα.
3064 2527 3277 2596 Ἀνίστη
3312 2526 3357 2579 δ’
3390 2524 3490 2579 οὖν
3522 2525 3619 2579 καὶ
3650 2522 3707 2574 τὸ
3743 2539 3825 2573 πε-

2244 2625 2336 2691 ζὸν
2371 2623 2471 2692 τῆς
2501 2621 2817 2691 πολιορκίας
2848 2620 2877 2671 ό
2905 2619 3136 2680 Κόττας.
3169 2618 3231 2670 Οἱ
3262 2615 3317 2668 δὲ
3354 2615 3498 2684 περὶ
3535 2611 3823 2683 ὐτριάριον

2242 2715 2566 2783 ἀναγόμενοι
2583 2710 2701 2764 καθ’
2719 2710 2953 2778 ἑκάστην
2970 2709 3076 2761 ἀπὸ
3094 2707 3190 2760 τοῦ
3208 2708 3429 2775 λιμένος
3450 2705 3581 2767 τοὺς
3601 2703 3818 2772 σιτηγεῖν

2242 2804 2605 2877 ὡρμημένους
2657 2806 2767 2867 τοῖς
2793 2802 2921 2874 [588
2950 2799 3043 2872 [1.]
3078 2800 3577 2870 πολιορκουμένοις
3631 2792 3820 2847 emo.

2242 2896 2387 2960 λυον,
2429 2896 2526 2950 καὶ
2568 2894 2764 2956 σπάνις
2789 2891 2999 2963 χαλεπὴ
3041 2889 3141 2960 τὴν
3180 2888 3335 2942 πόλιν
3374 2890 3656 2955 κατεῖχεν.
3684 2883 3752 2945 ὡς
3772 2885 3816 2932 τ·’

2254 2989 2515 3042 Ἀττικῶν
2548 2987 2647 3057 τὴν
2674 2984 2972 3054 λεγομένην
3006 2983 3221 3053 χοίνικα
3274 2979 3372 3033 τοῦ
3427 2979 3582 3037 σίτου
3637 2974 3815 3042 προκό-

2240 3078 2362 3151 ψαι.
2411 3081 2537 3134 Ἒπ)⁵
2566 3080 2623 3133 δὲ
2661 3080 2775 3141 τοῖς
2802 3077 2984 3140 ἄλλοις
3011 3078 3201 3138 κακοῖς
3234 3076 3323 3128 καὶ
3354 3073 3552 3144 λοιμὸς
3579 3071 3624 3103 ⁸³
3652 3069 3813 3130 αὐτοῖς

2242 3171 2527 3226 ἐπιπεσὼν
2563 3171 2692 3242 (εἴτε
2720 3173 2783 3223 ὲκ
2812 3168 3023 3240 τροπῆς
3056 3168 3235 3238 ἀέρων
3261 3165 3373 3221 εἴτε
3408 3168 3475 3219 ἐκ
3510 3164 3612 3232 τῆς
3638 3158 3812 3226 ἀσυνή-

2247 3260 2372 3325 θους
2419 3260 2653 3331 διαίτης)
2701 3260 2955 3331 ποικίλην
3007 3260 3100 3312 ἐπὶ
3153 3257 3439 3320 ποικίλαις
3496 3254 3811 3322 παθημάτων

2245 3351 2408 3411 ίδέαις
2442 3351 2540 3420 τὴν
2573 3350 2780 3421 φθοράν
2811 3348 3178 3420 ἀπειργάζετο
3198 3365 3211 3378 ·
3244 3350 3302 3401 ὲν
3335 3342 3424 3411 οἷς
3450 3347 3548 3400 καὶ
3576 3346 3811 3411 Λάμαχος

577 3445 882 3512 πικροτέρῳ
912 3445 1005 3495 καὶ
1051 3442 1373 3513 μακροτέρῳ
1417 3442 1525 3495 τῶν
1558 3443 1731 3496 ἄλλων
1761 3443 1965 3512 ὀλέθρῳ
1995 3441 2308 3514 διέφθαρτο.
2355 3441 2571 3511 ”Ηψατο
2593 3441 2649 3494 δὲ
2704 3441 3047 3511 μάλιστακαὶ
3098 3439 3205 3492 τῶν
3260 3438 3524 3511 φρουρῶν
3573 3436 3605 3505 ή
3655 3432 3789 3493 νόσος

575 3536 650 3598 ὼς
685 3536 791 3587 ἀπὸ
844 3534 1158 3605 τρισχιλίων
1206 3534 1411 3604 χιλίους
1469 3535 1788 3589 ἀποθανεῖν.
1846 3536 1985 3598 Τοὺς
2028 3533 2335 3605 Ῥωμαίους
2372 3533 2428 3586 δὲ
2452 3534 2512 3586 τὸ
2543 3532 2714 3596 πάθος
2740 3534 2840 3586 οὐκ
2864 3532 3152 3586 ἐλάνθανεν
3168 3530 3238 3585 ⁸⁸.

1231 3650 1359 3705 CAP.
1385 3649 1602 3704 I.I||.—
1623 3649 1893 3707 Heraclea:
1917 3652 2169 3719 proditio,
2198 3651 2473 3721 direptio.:
2502 3648 2781 3702 dissidium
2807 3646 3182 3702 Romanorum.

646 3736 806 3807 Atqui
827 3735 1185 3803 Connaeorix,
1205 3738 1307 3793 hac
1329 3738 1676 3795 aﬂlictionunt
1704 3742 1844 3797 mole
1864 3743 2136 3804 fatiscens,

2314 3742 2426 3796 Καὶ
2472 3741 2501 3794 ὁ
2556 3737 2908 3808 Κοννακόρηξ
2963 3736 3296 3795 κακοπαθῶν
3340 3737 3470 3797 ταῖς
3525 3727 3803 3801 συμφοραῖς

580 3827 766 3880 urbem
802 3826 1060 3884 Romanis
1100 3833 1365 3900 prodere,
1406 3842 1462 3887 et
1500 3832 1943 3889 Heracleotarum
1980 3835 2148 3890 exitio

578 3932 731 3969 suam
758 3928 1071 3986 permutare
1100 3923 1327 3978 salutem
1368 3927 1574 3979 statuit.
1618 3925 1849 3997 Operam
1883 3928 1987 3981 huc
2016 3944 2147 3981 con-

578 4008 786 4063 ferebat
808 4009 967 4067 etiam
992 4011 1353 4071 Heracliensis
1383 4018 1636 4086 quidam,
1668 4019 2013 4076 consiliorum
2046 4018 2149 4074 La-

578 4101 757 4155 machi
796 4102 1109 4170 aemulator,
1154 4108 1239 4162 cui
1276 4124 1466 4163 nomen
1514 4110 1863 4179 Damophile,
1892 4113 2148 4182 pra‘sidio

578 4192 729 4246 urbis
767 4203 821 4247 et
860 4194 973 4262 ipse
1007 4195 1267 4252 Lamachi
1310 4199 1528 4253 interitu
1562 4201 1868 4269 praefectus.
1903 4202 1973 4254 At
2008 4201 2149 4256 Con-

578 4284 799 4337 nacorix
823 4298 853 4336 a
875 4284 1030 4338 Cotta
1058 4302 1214 4355 sane,
1244 4297 1301 4341 ut
1325 4289 1541 4343 homine
1566 4289 1804 4344 moribus
1827 4292 2150 4356 importunis

577 4387 635 4430 et
674 4378 836 4433 dubia
881 4380 1014 4449 ﬁde,
1061 4382 1161 4437 sibi
1197 4395 1353 4438 cavet
1379 4406 1391 4440 :
1420 4401 1541 4440 cum
1578 4384 1791 4465 Triario
1823 4398 2002 4442 autem
2035 4403 2147 4441 rem

577 4470 945 4525 communicat
973 4490 988 4527 :
1019 4486 1118 4527 nec
1151 4475 1369 4544 segnius
1392 4475 1444 4531 in
1479 4477 1667 4533 eodem
1700 4494 1823 4534 cum
1852 4479 1937 4533 his
1968 4479 2148 4533 studio

577 4560 923 4631 Damophiles
949 4564 1204 4629 decurrit,
1230 4575 1284 4620 et
1304 4568 1544 4636 acceptis
1569 4579 1849 4638 pactorum
1874 4571 2144 4629 conditio-

574 4653 766 4719 nibus,
796 4655 992 4726 237a
1028 4658 1223 4726 quibus
1255 4673 1315 4713 se
1347 4659 1534 4715 beatos
1588 4660 1707 4721 fore
1739 4661 2048 4731 sperabant,
2080 4663 2146 4717 ad

574 4744 937 4814 proditionem
966 4763 1025 4803 se
1050 4752 1359 4822 accingunt.
1390 4752 1576 4808 Obiter
1607 4763 1789 4809 autem
1814 4768 1934 4822 quae
1960 4769 1988 4806 a
2015 4769 2145 4821 pro-

575 4838 843 4894 ditoribus
869 4841 1190 4913 agebantur,
1225 4845 1277 4898 in
1315 4844 1503 4915 vulgus
1527 4856 1806 4900 emanant.
1843 4846 1898 4902 lu
1927 4846 2147 4903 concio-

574 4946 700 4984 nem
749 4931 914 5001 igitur
951 4935 1081 4990 urbs
1127 4937 1432 5004 concurrit,
1472 4939 1814 5007 praesidiique
1860 4939 2147 5009 praafectus

2251 3834 2393 3902 ἐγνω
2422 3834 2535 3895 τοῖς
2575 3831 2871 3901 Ῥωμαίοις
2905 3829 3211 3900 προδιδόναι
3259 3827 3360 3897 τὴν
3412 3824 3575 3883 πόλιν
3618 3820 3703 3875 καὶ
3745 3818 3796 3884 τῇ

2250 3926 2357 3980 τῶν
2401 3923 2797 3995 Ἡρακλεωτῶν
2836 3922 3086 3992 ἀπωλείᾳ
3130 3920 3227 3991 τὴν
3260 3920 3399 3972 ἰδίαν
3440 3915 3707 3985 σωτηρίαν
3729 3910 3801 3961 ἁλ-

2248 4016 2516 4083 λάξασθαι
2539 4016 2607 4070 ⁸⁵.
2641 4013 3172 4084 Συνελαμὸάνετονδὲ
3200 4011 3352 4081 αὐτῷ
3381 4012 3480 4064 καὶ
3524 4000 3799 4076 Ἡρακλεώο

2248 4126 2348 4179 της
2380 4109 2539 4179 ἀνὴρ,
2573 4108 2821 4178 ζηλωτής
2846 4106 2944 4175 τῆς
2992 4105 3259 4173 Λαμάχου
3288 4100 3684 4173 προαιρέσεως,
3708 4096 3796 4153 Δαα

2254 4200 2510 4271 μωφέλης
2533 4200 2577 4231 ⁸⁸
2619 4199 2812 4268 ὄνομα,
2848 4196 3194 4267 φρούραρχος
3241 4195 3338 4247 καὶ
3374 4193 3538 4254 αὐτὸς
3574 4192 3635 4259 τῇ
3668 4183 3793 4238 πόλει

2253 4290 2390 4361 μετὰ
2415 4291 2513 4361 τὴν
2541 4287 2801 4357 Λαμάχου
2833 4286 3039 4356 φθοράν
3065 4283 3362 4346 καταστάς.
3403 4284 3462 4334 '0
3485 4277 3657 4332 τοίνυν
3681 4273 3795 4361 Κονέ

2249 4360 2486 4454 νακόρηξ
2524 4382 2616 4434 τὸν
2651 4381 2861 4433 Κότταν
2892 4377 2992 4449 μὲν
3035 4377 3109 4441 ὡς
3140 4376 3309 4447 βαρὺν
3336 4376 3378 4407 ⁸⁷
3444 4372 3504 4425 τὸ
3553 4366 3673 4440 ἦθος
3714 4360 3790 4413 καὶ

2249 4476 2477 4530 ἄπιστον
2512 4471 2859 4540 ἐφυλάττετο,
2886 4469 3023 4541 πρὸς
3070 4468 3378 4540 Ὀτριάριον
3398 4466 3456 4519 δὲ
3484 4456 3785 4518 συνετίθετο·

2250 4563 2536 4636 συνέτρεχέ
2564 4564 2619 4617 δὲ
2645 4561 2855 4627 τούτοις
2908 4562 3003 4616 καὶ
3034 4559 3380 4630 Δαμωφέλης
3424 4558 3524 4611 οὐκ
3555 4550 3787 4606 ἐνδεές-τε·

2251 4674 2364 4730 ρον.
2398 4658 2507 4709 Καὶ
2536 4656 2795 4719 λαὸόντες
2843 4654 3140 4725 συνθήκας,
3169 4649 3256 4717 αἷς
3284 4650 3681 4723 εὐδαιμονήσειν
3702 4636 3779 4690 αὑ-

2246 4749 2331 4803 τοὶ
2370 4747 2616 4820 ἤλπιζον,
2665 4745 2801 4819 πρὸς
2850 4746 2949 4817 τὴν
2997 4746 3287 4817 προδοσίαν
3320 4735 3777 4816 παρεσκευάζοντο.

2258 4844 2351 4909 Ἐξ
2384 4841 2649 4911 ἐπιπολῆς
2693 4836 2789 4896 οὖν
2843 4841 2913 4894 τὰ
2957 4838 3311 4910 πραττόμενα
3364 4839 3479 4900 τοῖς
3533 4825 3780 4902 προδόταις

2242 4935 2527 4993 διέπιπτεν
2561 4936 2641 4995 si;
2666 4933 2757 4985 τὸν
2799 4931 2995 5001 δῆμον.
3029 4930 3123 4993 El;
3150 4929 3455 4999 ἐκκλησίαν
3481 4919 3572 4979 οὖν
3596 4922 3624 4989 ἡ
3651 4911 3777 4970 πόλις

574 5023 888 5078 advocatur.
933 5025 1069 5079 Tum
1119 5020 1506 5098 Britliagoras,
1546 5029 1631 5083 vir
1675 5030 1815 5085 inter
1857 5032 2144 5101 pepulares

2249 5025 2582 5096 συνέδραμον
2623 5025 2718 5077 καὶ
2748 5022 2840 5076 τὸν
2873 5021 3220 5093 φρούραρχον
3263 5019 3511 5075 ἐκάλουν.
3548 5001 3775 5083 Βριθαγά’

574 5113 852 5182 praecipuae
889 5119 1226 5173 auctoritatis
1248 5158 1263 5183 ,
1295 5119 1666 5188 Connacorige
1698 5128 1995 5184 convento,
2037 5136 2142 5189 quo

2249 5136 2349 5188 ρας
2381 5117 2438 5170 δὲ
2462 5117 2570 5171 τῶν
2600 5119 2657 5171 ἐν
2696 5115 2774 5186 τῷ
2801 5116 2958 5187 δήμῳ
2988 5114 3127 5187 ἀνὴρ
3155 5112 3423 5184 ἐπιφανὴς
3450 5107 3579 5181 πρὸς
3602 5102 3773 5189 Κοννα-

573 5202 693 5256 loco
724 5204 794 5257 sit
820 5202 1081 5261 Heraclea
1111 5209 1389 5273 edisserit,
1423 5218 1478 5263 et
1511 5211 1554 5263 si
1592 5211 1677 5263 ille
1709 5212 2044 5278 comprobet,
2074 5213 2141 5268 de

574 5297 842 5349 «τυιιιιηυιιί
876 5299 1113 5362 omnium
1150 5301 1325 5356 salute
1350 5317 1470 5355 cum
1500 5300 1714 5356 Triario
1751 5292 2138 5357 conferendum

574 5401 697 5439 esse
722 5399 929 5442 censet.
953 5388 1076 5444 Haec
1098 5406 1217 5445 cum
1270 5392 1669 5459 miserabiliter,
1693 5393 1875 5446 multis
1900 5393 2143 5447 intermi-

574 5480 673 5531 stis
709 5480 989 5548 precibus,
1025 5493 1330 5551 perorasset
1358 5482 1968 5553 Brithagoras,surgens
1998 5484 2142 5539 (20n-

571 5573 832 5639 naeorix,
883 5575 1313 5644 paciﬁcationem
1374 5590 1493 5631 eam
1555 5575 1960 5645 suscipiendam
2018 5590 2140 5630 esse

2250 5185 2462 5280 κόρηκα
2515 5185 3024 5277 παραγεγονῶςήτά
3075 5185 3135 5259 τε
3188 5206 3484 5275 κατέχοντα
3514 5198 3605 5269 τὴν
3642 5185 3770 5288 Ἥράς

2249 5301 2434 5355 κλειαν
2486 5299 2705 5371 διεξῄει,
2752 5300 2846 5352 καὶ
2894 5300 2943 5352 εἰ
2988 5297 3225 5368 κάκείνῳ
3246 5299 3289 5330 ⁸⁸
3321 5297 3485 5358 δοκεῖ,
3522 5288 3607 5343 ἐπὶ
3647 5289 3767 5371 κοίη]

2250 5395 2469 5449 πάντων
2525 5368 2769 5462 σωτηρία
2820 5390 3178 5461 διελάμϐανεν
3235 5384 3519 5459 Ὀτριαρίῳ
3562 5368 3765 5433 διαλέξ³ι’

2252 5484 2398 5539 σθαι.
2430 5484 2616 5537 Ταῦτα
2647 5461 2982 5554 Βριθαγόρου
3021 5482 3159 5552 μετὰ
3194 5480 3392 5550 πολλῆς
3431 5461 3765 5534 οἰκτισαμένου

2244 5576 2504 5647 δεήσεως,
2526 5574 2817 5638 διαναστὰς
2844 5574 2873 5626 ὁ
2894 5573 3245 5646 Κοννακόρηξ
3270 5570 3518 5638 τοιαύτην
3548 5560 3636 5633 μὲν
3657 5563 3759 5604 συν⁸

1852 5710 2080 5766 VARIA‘Z
2112 5710 2517 5769 LECTIONES.

646 5802 884 5876 ⁶³Αλιμὸς
917 5822 977 5869 ς’.
1073 5806 1119 5837 ⁸⁸
1146 5805 1413 5876 ἐλάμϐανε
1452 5824 1512 5873 ς.

581 5872 851 5945 Βάρϐαρον
889 5893 952 5940 ς.
1012 5878 1056 5908 ⁵⁸
1083 5872 1299 5930 κακεῐῖιο
1332 5895 1391 5942 ς.

1621 5807 1663 5840 ⁸⁸
1692 5806 1976 5874 άπαλλάξα
1986 5806 2103 5860 σθαι
2164 5824 2223 5872 ς.

2346 5804 2393 5837 ⁸⁸
2427 5802 2735 5875 δαμοφελὴς
2780 5806 2824 5858 Α
2859 5803 3205 5877 τΔαμοφιλὴς
3237 5821 3297 5871 ς.
3399 5803 3440 5834 ⁸⁷
3476 5790 3626 5869 βαρὺν
3672 5783 3708 5836 Δ
3741 5786 3753 5823 ε
