3994 6404
157 345 252 410 929
1189 330 1708 394 BIBLIOTHECA.
1741 355 1811 365 -—
1844 310 2006 391 con.
2039 328 2332 389 ccxxrv.
3273 327 3379 391 9m

156 464 313 533 θήκην
360 454 556 510 ἀπεῖπε
607 450 961 524 πράττεσθαι,
1015 449 1235 522 ἔχεσθαι
1257 452 1300 483 ⁸³
1335 451 1391 503 δὲ
1423 450 1521 519 τῆς
1550 450 1701 501 ἑλευ-
1732 502 1733 509 η

1805 456 1996 513 negat,
2045 446 2137 499 sed
2198 454 2252 497 ut
2296 441 2561 496 libertatis
2606 450 2660 495 et
2704 440 2948 496 melioris
2990 440 3218 496 fortuna)
3261 442 3373 512 spei

156 552 324 623 θερίας
374 545 468 600 καὶ
501 542 607 597 τῶν
662 544 989 612 κρειττόνων
1044 544 1375 613 ὑπεκρίνατο
1431 540 1698 593 ἐλπίδων·

1818 538 2164 600 inhaererent,
2212 549 2307 602 per
2349 533 2745 588 simulationem
2790 533 2984 587 suasit.
3025 532 3232 587 Etenim
3283 550 3382 600 per

159 644 239 696 καὶ
268 641 371 709 γὰρ
402 638 495 691 καὶ
520 636 614 688 τὸν
646 634 867 705 βασιλέα
900 635 1088 704 μαθεῖν
1112 635 1200 687 διά
1232 633 1573 704 γραμμάτων
1599 630 1704 685 ὑπὸ

1816 628 2028 684 litteras
2055 644 2112 682 se
2138 627 2450 695 cognovisse
2492 641 2668 696 regem
2709 640 2738 678 a
2778 623 3016 693 Tigrane
3050 638 3251 709 genero
3282 625 3376 680 be-

157 729 434 800 Τιγράνους
488 742 547 779 τε
592 724 688 777 τοῦ
732 724 980 795 γαμϐροῦ
1035 723 1372 794 φιλοφρόνως
1436 720 1702 792 δεδέχθαι,

1806 719 1968 789 nigne
2016 727 2346 787 susceptum,
2384 728 2482 769 nec
2506 714 2726 782 longum
2761 722 2879 782 post
2910 712 3246 769 intervallum
3269 715 3383 768 sur.

158 825 241 878 καὶ
267 821 361 874 οὐκ
388 820 464 882 εἰς
497 816 711 889 μακρὰν
743 817 952 870 ἐκεῖθεν
984 817 1291 887 προσδοκᾷν
1318 814 1415 885 τὴν
1456 812 1708 883 ἀποχρῶ-

1808 809 2003 864 ﬁciens
2037 808 2162 863 inde
2191 815 2509 877 exspectare
2540 805 2820 858 auxilium.
2852 802 2999 856 Hanc
3031 812 3140 856 tum
3174 804 3376 858 larvam

161 926 246 961 σαν
274 906 541 977 βοήθειαν.
588 904 728 957 Ἀλλ’
761 904 990 968 ἐκείνοις
1046 904 1145 975 μὲν
1177 904 1350 956 ταῦτα
1377 903 1406 956 ό
1431 901 1705 955 Κοννακό-

1808 901 2074 956 Scenicam
2119 900 2224 953 illis
2252 897 2618 967 praetendebat
2658 896 3016 951 Connacorix.
3048 894 3247 975 Quare
3298 897 3385 949 his

163 999 251 1071 ρηξ
290 996 703 1066 ὲσκηνικεύετο·
742 996 792 1050 οἱ
825 995 883 1050 δὲ
928 994 1303 1066 Ἡρακλεῶται
1346 995 1553 1057 τούτοις
1597 995 1709 1057 τοῖς

1809 992 1990 1046 verbis
2047 991 2259 1058 decepti
2307 989 2684 1043 Heraclienses
2737 989 2987 1057 (semper
3039 989 3181 1042 enim
3237 1002 3381 1056 quor.

159 1092 315 1157 λόγοις
356 1086 770 1157 ἐξηπατημένοι
798 1087 907 1156 (ἀεὶ
934 1085 1045 1157 γὰρ
1073 1078 1292 1156 αίρετδν
1335 1084 1397 1138 τὸ
1424 1083 1708 1155 ἐράσμιον)

1810 1083 2011 1137 adlibet
2060 1081 2349 1151 expetitur)
2396 1090 2569 1136 astute
2610 1080 2875 1144 confictis,
2923 1086 2981 1131 at
3026 1079 3192 1141 veris,
3222 1077 3385 1131 fidem

161 1184 223 1244 ὡς
248 1178 464 1249 ἀληθέσι
482 1178 595 1240 τοῖς
622 1176 1029 1249 τερατευθεῖσιν
1051 1178 1356 1229 ἐπίστευον.
1394 1174 1456 1227 '0
1485 1173 1543 1226 δὲ
1577 1174 1703 1226 Κον-

1815 1174 2129 1230 adhibuere.
2184 1172 2553 1236 Connacorix,
2607 1180 2667 1224 ut
2724 1172 2776 1225 in
2834 1169 3085 1223 fraudem.
3125 1169 3392 1223 deductos

162 1269 396 1341 νακόρηξ,
424 1269 501 1332 ὡς
530 1268 913 1339 ἠπατημένους
942 1269 1104 1338 ἔγνω,
1134 1268 1275 1322 κατὰ
1309 1267 1477 1337 μέσας
1509 1265 1712 1328 νύκτας

1817 1267 1975 1325 videt.
2008 1275 2167 1320 nocte
2216 1263 2834 1334 intempesta,~exercitu
2876 1260 3394 1328 navibuaimposito-

164 1363 464 1425 ἐπιϐιϐάσας
506 1361 723 1432 ἡσύχως
776 1362 895 1423 ταῖς
933 1361 1182 1431 τριήρεσι
1211 1359 1271 1410 τὸ
1299 1357 1615 1429 στράτευμα
1636 1356 1715 1426 (αἱ

1814 1355 1930 1425 (per
1956 1353 2132 1409 fmdus
2165 1354 2308 1408 enim
2332 1370 2454 1408 cum
2480 1353 2695 1407 Triario
2720 1353 2912 1406 initum
2944 1354 3106 1406 salvis
3133 1352 3303 1415 abire,
3329 1361 3390 1406 et

164 1456 256 1525 γὰρ
280 1453 410 1522 πρὸς
446 1452 758 1522 ὐτριάριον
788 1451 1056 1521 συνθῆκαι
1081 1449 1267 1503 κακῶν
1299 1448 1531 1512 ἀπαθεῖς
1558 1447 1715 1501 ἀπιέ-

1813 1447 1856 1501 si
1893 1446 2019 1514 quid
2070 1445 2203 1498 lucri
2250 1445 2540 1511 fecissent,
2585 1460 2767 1500 secum
2814 1457 3101 1514 asportare
3142 1444 3386 1513 licebat),

165 1565 254 1611 ναι,
278 1547 365 1599 καὶ
415 1546 467 1598 sl
491 1562 545 1597 τι
584 1544 1017 1614 κεκερδαγκότες
1037 1544 1083 1574 ⁷ο
1107 1542 1320 1613 εἴησαν,
1356 1540 1473 1611 μεθ’
1508 1539 1717 1592 ἑαυτῶν

1816 1536 1930 1603 ipse
1952 1552 2072 1589 cum
2099 1536 2356 1589 militibus
2379 1536 2627 1591 discedit.
2655 1536 3001 1604 Damopliiles
3019 1547 3221 1601 autem,
3240 1538 3383 1590 solu-

166 1640 298 1706 ἄγειν
347 1636 676 1706 ἐπέτρεπον)
727 1636 820 1687 καὶ
854 1634 1014 1696 αὐτὸς
1062 1632 1275 1695 τούτοις
1306 1631 1717 1695 συνεξέπλευσε.

1820 1628 1885 1681 tis
1936 1627 2145 1693 portis,
2201 1627 2523 1682 introfusum
2567 1627 2935 1682 Romanorum
2987 1628 3280 1681 exercitum
3331 1636 3386 1681 et

175 1726 489 1799 Δαμωφέλης
516 1727 574 1779 δὲ
607 1726 705 1789 τὰς
751 1724 926 1788 πύλας
977 1723 1192 1787 ἀνοίξας
1241 1721 1582 1792 εἰσχεόμενον
1627 1721 1717 1774 τὸν

1820 1720 2090 1775 Triarium
2130 1724 2357 1791 recipit:
2394 1738 2622 1792 quorum
2667 1725 2760 1778 alii
2808 1739 2905 1792 per
2947 1734 3162 1793 portam
3192 1724 3390 1776 irrum—

175 1819 455 1890 Ῥωμαῐκὺν
487 1817 719 1888 στρατὸν
763 1817 858 1871 καὶ
904 1815 995 1867 τὸν
1037 1813 1341 1884 ὐτριάριον
1394 1812 1714 1881 είσεδέχετο,
1744 1803 1752 1821 ³

1824 1824 1974 1883 punt,
2002 1816 2239 1869 twnnnlli
2270 1816 2432 1869 etiam
2478 1816 2612 1869 muri
2652 1818 2932 1885 pinnacula
2972 1816 3381 1869 transcendunt.

166 1913 271 1973 τοὺς
298 1912 393 1981 μὲν
428 1910 523 1963 διὰ
552 1913 650 1981 τῆς
688 1909 886 1980 πύλης.
915 1908 1089 1970 ένίους
1137 1908 1194 1960 δὲ
1242 1907 1338 1960 καὶ⁵
1380 1906 1480 1974 τὴν
1515 1905 1716 1973 στεφά-

1820 1907 1951 1960 Tum
2012 1909 2226 1960 demum
2286 1910 2527 1975 proditos
2591 1923 2648 1961 se
2698 1907 3073 1962 Heraclieuses
3123 1908 3383 1967 sentiunt,

168 2018 246 2069 νην
273 2001 720 2071 ὑπερϐαίνοντας.
749 1999 860 2053 Καὶ
877 1998 995 2052 τότε
1020 1998 1121 2069 τῆς
1144 1998 1434 2069 προδοσίας
1466 1998 1514 2049 oi
1550 1997 1611 2049 Ἦ
1623 2015 1719 2068 ρα-

1817 2012 2050 2066 parsque
2108 1999 2294 2051 borum
2346 2013 2404 2053 se
2448 1999 2616 2063 dedit,
2661 2013 2783 2066 pars
2828 1999 3143 2052 trucidatur.
3191 1997 3392 2052 Res-iu

168 2093 369 2146 κλεῶται
405 2093 726 2164 ἐπῄσθοντο.
779 2094 890 2146 Καὶ
923 2092 971 2144 oi
1009 2091 1108 2162 μὲν
1139 2093 1279 2159 σφᾶς
1325 2090 1521 2153 αὐτοὺς
1581 2106 1721 2159 παρ-

1819 2091 2001 2143 abdito
2037 2091 2283 2159 reposita:
2312 2101 2367 2144 et
2395 2090 2744 2159 supellectilin
2802 2092 3147 2160 diripiuntur,
3183 2102 3237 2145 et
3266 2107 3384 2145 ma-

170 2186 403 2251 εδίδοσαν,
456 2188 503 2238 oi
554 2186 608 2239 δὲ
646 2184 967 2250 ἐκτείνοντο,
989 2186 1059 2237 τά
1088 2201 1148 2236 τε
1202 2182 1457 2253 κειμήλια
1505 2183 1598 2235 καὶ
1654 2182 1721 2234 τὰ

1820 2196 1920 2251 gna
1962 2182 2283 2235 crudelitate
2331 2183 2384 2235 in
2431 2183 2577 2236 cives
2621 2182 2935 2237 desmvitur.
2976 2183 3108 2237 Nam
3156 2185 3385 2237 recurrit

167 2277 345 2330 ἔπιπλα
372 2277 728 2348 διηρπάζετο,
767 2280 859 2330 καὶ
889 2275 1061 2347 πολλὴ
1086 2277 1212 2337 τοὺς
1245 2275 1468 2337 πολίτας
1496 2274 1716 2344 ὠμότης

1821 2273 2000 2326 animo
2023 2271 2299 2337 Romanis,
2338 2282 2539 2340 quanta
2572 2272 2744 2325 navali
2773 2272 3022 2326 conflictu
3060 2274 3386 2326 detrimenta

168 2370 433 2439 ἐλάμϐανε,
471 2369 843 2439 μεμνημένων
876 2366 1161 2436 Ῥωμαίων
1206 2367 1306 2420 ὅσα
1348 2384 1405 2418 τε
1440 2367 1591 2436 παρά
1619 2366 1721 2436 τὴν

1821 2364 2189 2431 accepissent,
2241 2371 2293 2415 et
2334 2374 2565 2431 quantas
2601 2365 2980 2418 sustinuissent
3022 2379 3288 2417 mrumnas
3334 2364 3389 2417 in

167 2460 445 2529 ναυμαχίαν
477 2459 610 2531 [589
642 2458 735 2529 11.]
766 2458 989 2512 πάθοιεν
1030 2457 1153 2528 [749
1183 2455 1276 2527 IL]
1310 2456 1403 2510 καὶ
1426 2456 1525 2509 ὃσα
1562 2474 1720 2508 τετα-

1820 2452 2237 2521 oppugnatione.
2260 2453 2492 2522 Ideoque
2518 2469 2615 2506 nec
2637 2457 2703 2508 ab
2728 2455 2811 2508 bis
2835 2454 2922 2517 qui
2956 2455 3023 2507 ad
3047 2455 3205 2509 deum
3233 2470 3390 2508 sacra

169 2552 566 2621 ὶαιπωρηκότες
620 2552 713 2603 ἐπὶ
772 2554 839 2621 τῇ
893 2550 1179 2622 πολιορκίᾳ
1234 2550 1565 2620 ὑπέστησαν.
1611 2549 1724 2601 Οὐκ

1820 2544 2179 2611 confugerant
2209 2552 2585 2611 temperatum,
2618 2547 2709 2599 sed
2743 2545 2896 2615 juxta
2927 2561 3050 2599 aras
3082 2556 3137 2600 et
3168 2546 3391 2600 delubra

170 2644 424 2713 ἀπείχοντο
469 2643 609 2711 γοῦν
646 2642 764 2695 οὐδὲ
810 2643 918 2694 τῶν
963 2643 1057 2695 ἐπὶ
1102 2646 1213 2705 τοῖς
1267 2643 1430 2712 ἱεροῖς
1466 2640 1725 2708 πεφευγό-

1820 2635 2089 2704 supplices
2108 2636 2343 2688 mactati.
2366 2634 2622 2701 Quocirca
2644 2636 2791 2689 multi
2810 2649 2959 2689 trans
2981 2650 3166 2690 muros
3187 2635 3353 2703 elapsi
3369 2674 3386 2694 ,

170 2750 277 2796 των,
304 2734 432 2788 ἀλλά
461 2734 623 2804 παρά
645 2750 705 2785 τε
738 2734 853 2794 τοῖς
884 2731 1087 2802 βωμοῖς
1130 2733 1224 2785 καὶ
1265 2734 1377 2795 τοῖς
1413 2732 1725 2801 ἀγάλμασιν

1825 2727 2014 2783 mortis
2065 2727 2386 2781 inevitabilis
2429 2736 2604 2792 metu,
2644 2742 2739 2797 per
2788 2736 2953 2781 totam
3010 2728 3390 2795 disperguntur

174 2824 345 2886 αὐτοῦς
388 2825 683 2892 ἔσφαττον.
732 2824 824 2875 Διὸ
846 2823 1032 2876 πολλοὶ
1079 2823 1461 2885 διαπίπτοντες
1507 2825 1570 2876 ὲκ
1617 2822 1725 2876 τῶν

1897 2820 2098 2889 gionem
2132 2837 2146 2873 :
2185 2821 2458 2873 nonnullis
2502 2820 2663 2874 etiam
2695 2820 2760 2873 ad
2800 2818 3013 2874 Cottam
3050 2820 3391 2889 transfugere
3470 2828 3474 2831 ‘

180 2913 354 2982 τειχῶν
376 2916 526 2986 φόϐῳ
548 2913 644 2968 τοῦ
667 2915 911 2982 ἀφύκτου
939 2914 1171 2968 Θανάτου
1203 2914 1344 2967 κατὰ
1360 2917 1536 2968 πᾶσαν
1567 2915 1727 2967 ἔσκε-

1825 2912 2051 2967 coactis.
2082 2912 2124 2964 A
2157 2912 2351 2980 quibus
2382 2912 2472 2969 ille
2495 2911 2563 2966 de
2585 2911 2976 2981 expugnatione
3007 2911 3178 2975 urbis,
3211 2920 3266 2963 et
3292 2911 3390 2964 bo-

178 3002 402 3057 δάννυντο
427 3003 620 3075 χώραν
645 3018 659 3032 ⁸
687 3004 737 3056 οί
758 3003 815 3056 δὲ
850 3003 1170 3074 αὐτομολεῖν
1202 3005 1337 3074 πρὸς
1368 3006 1459 3057 τὸν
1504 3005 1718 3059 Κότταν

1827 3004 2030 3057 utilium
2055 3012 2238 3074 strage
2264 3012 2319 3057 et
2337 3002 2641 3072 direptione
2667 3004 2950 3069 bonorum,
2968 3003 3169 3057 certior
3194 3002 3391 3065 factus,

174 3094 538 3162 ἠναγκάζοντο,
576 3094 666 3160 Ἐξ
690 3088 764 3146 ὧν
793 3095 998 3157 ἐκεῖνος
1022 3096 1120 3164 τήν
1149 3112 1207 3147 τε
1251 3095 1453 3149 ἅλωσιν
1485 3096 1578 3148 καὶ
1620 3094 1713 3148 τὸν

1829 3096 1909 3151 ira
1954 3106 2096 3151 totus
2122 3097 2457 3162 exardescit,
2503 3104 2559 3151 et
2595 3111 2755 3163 quam
2795 3095 3076 3149 celerrime
3104 3096 3171 3148 ad
3205 3095 3391 3147 urbem

181 3159 351 3251 φθόρον
379 3159 486 3236 τῶν
525 3159 832 3252 ἀνθρώπων
874 3184 969 3234 καὶ
998 3159 1096 3253 τὴν
1118 3183 1426 3254 διαρπαγὴν
1457 3184 1563 3237 τῶν
1587 3202 1724 3255 χρη·
1753 3172 1758 3206 ⁴

1828 3189 2069 3245 festinat.
2107 3188 2332 3245 Moleste
2368 3190 2527 3245 etiam
2560 3189 2719 3243 simul
2767 3188 2888 3241 tulit
2923 3188 3214 3250 exercitus,
3251 3187 3394 3255 quod

182 3272 342 3341 μάτων
394 3274 764 3344 πυθόμενος’¹
823 3274 992 3343 ὀργῆς
1045 3276 1443 3345 ἀνεπίμπλατο,
1484 3277 1581 3329 καὶ
1638 3275 1729 3329 διὰ

1831 3296 1937 3334 non
1994 3282 2153 3335 modo
2210 3280 2378 3349 gloria
2436 3296 2614 3335 rerum
2670 3279 2881 3335 fortiter
2937 3288 3207 3343 gestarum
3261 3293 3392 3346 spo-

180 3366 358 3434 ταχέων
385 3367 520 3436 πρὸς
551 3366 655 3435 τὴν
704 3365 859 3419 πόλιν
900 3366 1178 3436 ἠπείγετο.
1216 3369 1644 3438 Συνεχαλέπαινε
1672 3368 1729 3421 δὲ

1829 3372 1965 3434 liati,
2021 3372 2214 3442 237i;
2241 3374 2330 3426 sed
2358 3373 2517 3425 etiam
2545 3371 2841 3425 commodis
2872 3371 3138 3424 universis
3162 3369 3392 3422 fraudati

181 3457 258 3507 καὶ
288 3457 343 3509 τὸ
370 3457 712 3527 στράτευμα,
742 3456 817 3519 ὡς
845 3458 905 3509 ού
943 3458 1103 3527 μόνον
1132 3457 1228 3529 τὴν
1253 3458 1343 3511 ἐπὶ
1365 3461 1476 3521 τοῖς
1515 3475 1732 3528 κατωρ-

1829 3474 2013 3517 essent
2052 3464 2119 3517 ab
2166 3465 2377 3518 iisdem.
2424 3464 2544 3517 ldeo
2592 3463 2912 3532 implacabili
2951 3478 3071 3516 cum
3105 3462 3397 3532 gentilibus

182 3544 419 3615 θωμένοις
445 3548 697 3614 εὐδοξίαν
726 3549 1099 3621 ἀφῃρημένων
1120 3552 1185 3616 ³⁷⁸,
1218 3550 1352 3604 ἀλλὰ
1385 3552 1479 3604 καὶ
1509 3552 1614 3603 τῶν
1638 3552 1727 3604 λυο

1831 3557 2127 3609 certamine
2172 3558 2433 3619 conserti,
2476 3556 2672 3608 mutuis
2700 3570 2758 3610 se
2786 3555 3025 3609 caedibus
3062 3555 3393 3620 hausissent,

184 3637 431 3692 σιτελειῶν
481 3640 704 3702 ἁπάσας
755 3641 907 3710 παρά
939 3641 1048 3693 τῶν
1081 3642 1260 3695 αὐτῶν
1306 3642 1723 3713 διηρπασμένοι.

1834 3646 1934 3701 ιιἰεί
1962 3647 2223 3707 Triarius,
2255 3646 2616 3700 concitatione
2648 3646 2857 3699 illorum
2890 3646 3178 3707 intellecta,
3214 3645 3396 3697 multis

186 3729 274 3781 Kal.
296 3733 370 3794 εἰς
399 3732 583 3803 μάχην
611 3732 677 3785 ἂν
707 3735 819 3796 τοῖς
838 3733 1126 3803 ὁμοφύλοις
1153 3736 1494 3805 κατέστησαν
1525 3737 1729 3790 άσπυν-

1835 3747 2080 3806 pacasset
2129 3739 2307 3792 verbis
2352 3737 2585 3802 Cottam,
2630 3746 2682 3792 et
2722 3738 2773 3790 in
2813 3752 3099 3791 commune
3145 3752 3204 3790 se
3247 3736 3395 3789 lucta

183 3819 254 3871 δον
280 3823 368 3875 καὶ
399 3823 791 3892 κατεκόπησαν
816 3824 887 3878 κᾶν
909 3825 1001 3877 ὑπ’
1028 3825 1295 3895 ἀλλήλων,
1321 3828 1368 3879 εί
1403 3828 1476 3897 μὴ
1520 3829 1730 3896 Ὀτριά-

1822 3831 2204 3898 espositurum
2252 3842 2439 3884 sam-te
2487 3829 2787 3899 premisso,
2843 3829 3036 3882 bellum
3082 3827 3395 3881 intestinum

188 3928 280 3990 ριος
302 3915 553 3982 ἐπιγνοὺς
583 3915 683 3986 τὴν
708 3914 887 3987 ὁρμὴν
930 3916 1133 3979 αὐτῶν,
1171 3918 1386 3981 πολλοῖς
1416 3918 1729 3987 ὲκμειλίξας

597 3915 683 3986 τὴν
708 3914 887 3987 ὁρμὴν
930 3916 1133 3979 αὐτῶν,
1171 3918 1386 3981 πολλοῖς
1416 3918 1729 3987 ὲκμειλίξας
1836 3920 2174 3973 inhibuisset.

185 4002 334 4069 λόγοις
360 4006 446 4059 τόν
494 4024 556 4060 τε
608 4008 825 4062 Κότταν
860 4008 1075 4062 καὶτὸν
1105 4010 1358 4081 στρατὸν,
1394 4009 1487 4063 καὶ
1530 4009 1610 4070 είς
1654 4006 1715 4060 τὸ
1742 4010 1924 4064 κοινὸν
1979 4011 2048 4064 τά
2105 4010 2271 4079 κέρδη
2325 4008 2636 4063 καταθεῖναι
2659 4008 2706 4041 ⁷³
2773 4006 3237 4079 βεϐαιωσάμενος,
3307 4004 3400 4058 τὸν

186 4091 416 4160 ἐμφύλιον
444 4095 757 4165 ἀνεχαίτισε
791 4096 1050 4164 πόλεμον.

241 4206 521 4263 θυέων.
551 4206 805 4265 -Εοιια
828 4210 1137 4264 Heracleam
1180 4210 1877 4292 εεδροιίαιαηιὶπεεηίίιὶῑὶει
1922 4208 1979 4262 in
2028 4206 2196 4259 reditu
2227 4221 2494 4274 .maguam
2547 4205 2740 4274 prmia:
2784 4214 2984 4272 partem
3031 4203 3328 4272 naufragiis

1644 4291 1859 4338 amttttt.

253 4389 393 4445 Ἐπεὶ
417 4392 475 4446 δὲ
503 4390 863 4446 ἐπυνθάνοντο
910 4392 1002 4447 τὸν
1030 4394 1427 4465 Κοννακόρηκα
1466 4394 1721 4467 κατειλη-

1904 4394 2003 4449 Ubi
2033 4407 2162 4446 vero
2186 4390 2391 4445 audivit
2413 4389 2834 4452 Connacorigem
2867 4389 3022 4442 Tium
3047 4400 3102 4444 et
3123 4390 3394 4446 Amastrin

186 4479 303 4545 φότα
326 4483 419 4552 τὴν
444 4484 572 4537 Τῖον
600 4483 697 4537 καὶ
743 4484 844 4555 τὴν
899 4486 1223 4555 Ἄμαστριν,
1282 4488 1481 4540 αὐτίκα
1512 4488 1724 4551 Κόττας

1828 4500 2143 4554 occupasse,
2170 4484 2287 4537 sine
2315 4496 2462 4536 mora
2496 4480 2761 4533 Triarium
2787 4480 2938 4533 Cotta
2962 4481 3191 4544 dimisit,
3224 4493 3280 4534 ut
3301 4485 3397 4536 bas

199 4570 475 4642 Ὀτριάριον
530 4574 808 4644 ἐκπέμπει
854 4577 1292 4647 ἀφαιρησόμενον
1346 4579 1525 4631 αὐτῶν
1556 4580 1603 4610 ⁷⁸
1630 4580 1729 4641 τάς
1761 4557 1776 4611 Ῑ

1832 4577 1912 4630 eis
1940 4578 2101 4627 urbes
2126 4574 2411 4626 adimeret.
2446 4568 2562 4638 Ipse
2595 4569 2835 4629 interim,
2870 4568 3109 4635 acceptis
3135 4567 3396 4622 dedititiis

193 4660 368 4726 πόλεις.
397 4665 569 4727 Αὐτὸς
599 4664 656 4718 δὲ
691 4665 818 4728 τούς
865 4683 924 4718 τε
958 4669 1491 4739 προσκεχωρηκότας
1520 4670 1722 4739 ἀνδρας

1832 4675 1885 4720 et
1906 4663 2367 4731 captivis,caetera
2393 4673 2487 4728 per
2517 4671 2731 4711 omnem
2760 4655 3020 4709 saevitiam
3054 4654 3398 4708 administra-

192 4749 346 4806 λαϐὼν
374 4756 466 4808 καὶ
494 4757 623 4819 τοὺς
652 4758 717 4809 ὲκ
750 4756 851 4824 τῆς
871 4758 1246 4827 αἰχμαλωσίας
1289 4760 1631 4830 ἀνθρώπους.
1662 4762 1731 4814 τὰ

1836 4757 1934 4810 vit.
1984 4753 2117 4808 Nam
2169 4753 2295 4805 dum
2339 4764 2470 4819 opes
2516 4749 2713 4817 passim
2763 4754 3068 4809 scrutatur,
3120 4759 3188 4799 ue
3229 4745 3401 4798 sacris

194 4840 331 4897 λοιπά
361 4846 494 4914 μετά
520 4845 702 4916 πάσης
734 4847 937 4901 διεῖπεν
960 4849 1261 4920 ὠμότητος.
1303 4852 1574 4923 Χρήματα
1600 4853 1733 4920 γοῦν

1837 4846 2051 4916 quidem
2084 4843 2273 4912 parcit.
2300 4842 2518 4895 Statuas
2545 4840 2687 4893 enim
2746 4848 2803 4891 et
2834 4836 3117 4905 imagines,
3144 4844 3252 4889 tam
3285 4835 3403 4904 pul-

197 4932 580 5007 διερευνώμενος
629 4937 752 4991 ούδὲ
800 4938 907 4991 τῶν
960 4940 1019 4992 ὲν
1074 4940 1235 5011 ίεροίς
1282 4942 1544 5009 ἐφείδετο,
1596 4942 1733 4994 ἀλλά

1838 4941 1998 4993 cliras
2031 4950 2189 5005 quam
2224 4934 2440 4997 multas,
2473 4933 2591 4987 loco
2619 4931 2788 4985 movit
2818 4948 2832 4984 :
2861 4928 2994 4997 quin
3030 4938 3082 4982 et
3117 4927 3399 4983 Herculem

199 5027 302 5089 τούς
321 5045 377 5080 τε
420 5029 741 5098 ἀνδριάντας
774 5029 869 5083 καὶ
901 5028 970 5082 τά
1014 5030 1304 5101 ἀγάλματα
1335 5032 1527 5100 ἐκίνει,
1563 5032 1733 5086 πολλὰ

1831 5048 1862 5085 e
1883 5029 2019 5093 foro,
2049 5039 2103 5083 et
2125 5036 2376 5081 ornatum
2405 5024 2521 5094 ejus
2550 5039 2578 5077 a
2602 5021 2905 5093 pyramidc,
2929 5029 3166 5088 sumptu.
3192 5020 3401 5088 magni.

200 5116 278 5167 καὶ
313 5117 502 5170 καλά⁷⁸
524 5117 678 5172 ὄντα.
714 5119 820 5171 Καὶ
847 5117 913 5188 δὴ
946 5119 1041 5171 καὶ
1071 5120 1163 5172 τὸν
1213 5121 1494 5190 Ἠρακλέα
1530 5122 1623 5175 τὸν
1670 5123 1734 5175 ὲκ

1831 5123 2039 5184 tudine,
2068 5134 2166 5173 nec
2196 5134 2300 5171 non
2335 5116 2548 5184 opifieio
2576 5124 2630 5168 et
2660 5124 2794 5181 arte,
2829 5110 2973 5165 nullo
3004 5110 3401 5164 latulatissimo-

202 5202 282 5271 τῆς
307 5206 503 5276 ἀγορᾶς
536 5206 726 5277 ἀνῄρει
754 5206 848 5260 καὶ
883 5208 1087 5279 σκευὴν
1130 5211 1293 5264 αὐτοῦ
1347 5211 1448 5281 τὴν
1482 5212 1590 5265 ἀπὸ
1638 5212 1735 5280 τῆς

1833 5228 1950 5267 rum
1980 5226 2202 5280 operum
2233 5208 2572 5271 inferiorem,
2608 5204 2851 5259 sustulit.
2887 5203 3013 5256 Erat
3043 5212 3223 5255 autem
3251 5199 3400 5254 clava

204 5296 498 5364 πυραμίδος,
536 5298 891 5362 πολυτελείας
938 5300 1037 5354 καὶ
1088 5303 1352 5370 μεγέθους
1384 5305 1481 5357 καὶ
1533 5304 1597 5374 δὴ
1642 5306 1737 5357 καὶ

1835 5303 2027 5357 malleo
2060 5318 2188 5357 cusa
2224 5316 2287 5356 ex
2324 5314 2456 5353 auro
2480 5298 2807 5364 purissimo:
2836 5305 2890 5350 et
2918 5295 3128 5350 leonina
3164 5294 3261 5362 ipsi
3294 5294 3404 5355 cir—

208 5385 389 5456 ῥυθμοῦ
421 5389 515 5442 καὶ
541 5390 762 5461 χάριτος
809 5391 905 5444 καὶ
955 5393 1150 5466 τέχνης
1178 5395 1391 5459 οὐδενὸς
1421 5395 1527 5450 τῶν
1582 5398 1741 5449 ἐπαι-

1837 5395 2103 5462 cumfusa,
2131 5407 2460 5465 corytusqnc
2486 5407 2553 5447 ex
2583 5394 2770 5446 eadem
2811 5389 3059 5453 materia,
3090 5403 3216 5443 arcu
3242 5396 3295 5439 et
3320 5399 3407 5439 sa-

1432 5550 1664 5607 VARIA‘I
1700 5550 2104 5608 LECTlONES.

226 5662 306 5749 in“?
333 5663 571 5749 δέχεσθαι
599 5671 679 5749 ‘A_.
753 5673 800 5705 '°
826 5670 1213 5749 κεκερδακότες
1373 5674 1443 5749 _"‘_
1468 5674 1785 5749 πειθόμενος
1828 5693 1898 5749 cy;
1931 5674 2005 5749 ﬂ"
2037 5674 2219 5743 ἀφηρη
2234 5657 2393 5749 μένον
2433 5671 2706 5749 Scaliger,
2740 5669 3082 5742 ἀφῃρημένοι
3151 5666 3407 5721 Παξςοίιεο

212 5726 315 5785 lius.
384 5737 427 5768 ⁷³
458 5740 761 5796 καταθεῖναι
804 5744 871 5796 τά
924 5726 1087 5816 κέρδη
1119 5726 1211 5809 ς.’
1253 5745 1297 5775 ⁷³
1328 5744 1487 5798 αὐτὸν
1522 5726 1783 5814 Scaliger:
1837 5726 1902 5776 ⁸⁷⁵
1928 5743 2055 5797 ὅντα
2087 5726 2388 5795 ’κ’ἑιι”καὶ.ὰ
2416 5760 2477 5804 ς.
