3994 6398
416 5618 489 5685 ,ηδ

594 290 691 357 93!
1767 284 2032 347 PHOTII
2066 280 2571 343 PATRIARCILE
2598 280 2707 341 cc.
3735 282 3822 348 932

590 407 740 480 gittis
761 404 1013 460 refertus.
1034 402 1201 458 Multa
1230 402 1393 459 etiam
1427 400 1529 457 alia
1552 415 1706 472 aeque
1740 401 1987 456 miranda
2023 408 2167 469 atqut

2247 425 2259 455 ι
2291 396 2569 466 νουμένων
2596 392 3056 466 ἀπολειπομένην.
3126 392 3203 445 Ην
3232 390 3291 445 δέ
3323 390 3554 464 ῥόπαλον
3583 396 3824 466 σφυρήλα.

594 500 840 571 pulchra,
862 512 894 552 e
920 496 1057 551 fanis
1082 506 1137 551 et
1160 496 1293 550 urbe
1320 494 1559 559 sublata,
1585 494 1809 548 navibus
1836 492 2070 546 intersit.
2095 492 2171 545 Ad

2277 505 2371 542 τον
2418 487 2664 558 ἀπέφθου
2718 488 2920 560 χρυσοῦ
2982 486 3373 556 πεποιημένον,
3419 486 3557 541 κατά
3584 487 3639 541 δὲ
3685 490 3823 544 αὐτοῦ

593 593 844 645 ultimum
890 590 1058 658 jussis
1106 590 1283 660 ignem
1324 588 1619 643 immittere
1659 586 1947 650 militibus,
1993 584 2170 640 multis

2285 580 2480 651 λεοντῆ
2514 581 2722 651 μεγάλη
2754 581 3003 651 ἐκέχυτο,
3039 578 3131 632 καὶ
3162 579 3406 650 γωρυτὸς
3442 580 3539 650 τῆς
3560 581 3717 652 αὐτῆς
3744 585 3826 653 μὲν

592 686 782 739 urbem
818 686 1066 755 partibus
1106 682 1408 737 succendit.
1451 679 1527 734 lta
1557 691 1716 751 capta
1752 690 1805 735 ct
1841 682 2063 735 subacta
2094 685 2169 732 esl

2286 673 2442 743 ὕλης,
2479 671 2652 742 βελῶν
2682 672 2737 724 δὲ
2764 672 2953 741 γέμων
2980 670 3074 723 καὶ
3094 668 3273 734 τόξου.
3310 668 3488 723 Πολλά
3512 670 3568 723 δὲ
3599 673 3689 725 καί¹
3715 673 3825 727 ἀλλα

594 777 809 838 civitas,
847 790 969 829 cum
1006 774 1143 828 duos
1180 772 1637 842 oppugnationem
1672 785 1843 824 annos
1882 769 2171 823 sustinuis-

2281 765 2425 819 καλά
2456 765 2553 819 καὶ
2580 764 2870 834 Θαυμαστὰ
2904 762 3233 833 ἀναθήματα
3258 763 3322 816 εκ
3348 780 3409 816 τε
3438 762 3545 815 τῶν
3577 763 3727 835 ίερῶν
3752 768 3826 820 καί

592 878 694 921 sel.
743 866 854 921 Sub
900 867 1016 920 haec
1068 865 1314 919 Triarius
1358 864 1425 918 ad
1481 865 1642 918 urbes
1685 863 1783 917 sibi
1828 861 2169 916 demandatas

2280 859 2380 928 τῆς
2410 857 2625 920 πόλεως
2659 855 2874 926 ἀφελὼν
2914 858 3033 920 ταῖς
3071 856 3263 908 ναυσὶν
3293 854 3637 923 ἐγκατέθετο.
3666 857 3760 909 Καὶ
3780 859 3826 911 τὺ

592 958 889 1028 profectus,
924 958 1281 1026 Connacorigi
1320 957 1390 1028 (is
1424 957 1567 1011 enim
1602 956 1965 1025 proditionem
1998 952 2169 1008 Hera-

2279 950 2595 1004 τελευταῖον
2621 948 2733 1020 πῦρ
2758 950 2956 1001 ἐνεῖναι
3000 950 3112 1009 τοῖς
3170 947 3535 1016 στρατιώταις
3600 946 3825 1013 κελεύσας

589 1048 720 1103 clere
753 1048 981 1102 aliarum
1029 1048 1387 1115 occupatione
1424 1044 1771 1101 dissimulare
1814 1045 1997 1100 animo
2038 1058 2166 1114 prae

2278 1044 2344 1112 τῇ
2381 1039 2700 1095 πόλεικατά
2730 1040 2900 1093 πολλὰ
2927 1040 3134 1110 ταύτην
3159 1039 3447 1111 ὑπέπρησε
3476 1040 3639 1111 μέρη.
3678 1039 3822 1094 Ἑάλω

589 1144 937 1211 sumpserat),
968 1142 1260 1198 securitate
1305 1140 1535 1194 abeundi
1581 1140 1720 1193 facta
1745 1178 1759 1203 ,
1795 1139 2041 1193 civitates
2075 1137 2166 1191 sub

2277 1133 2334 1187 δὲ
2384 1135 2417 1203 ὴ
2450 1133 2604 1196 πόλις
2637 1132 2728 1185 ἐπὶ
2782 1131 2877 1185 δύο
2922 1131 3018 1202 ἔτη
3057 1134 3122 1202 τῇ
3171 1131 3462 1203 πολιορκίᾳ
3506 1132 3822 1202 άντισχοῦσα.

588 1237 993 1292 conditionibus
1017 1236 1179 1288 certis
1204 1234 1417 1301 recipit.
1447 1233 1602 1288 Cotta
1635 1240 1814 1287 autem
1846 1233 2032 1298 rebus,
2055 1246 2162 1300 quo

2288 1225 2349 1276 '0
2395 1224 2453 1277 δὲ
2522 1224 2827 1295 Ὀτριάριος
2882 1222 3276 1293 παραγεγονὼς
3328 1223 3387 1275 ἐν
3423 1216 3514 1286 αἷς
3558 1222 3828 1279 ἀπέσταλτο

590 1330 795 1383 dictum
837 1338 922 1383 est
948 1329 1142 1392 modo,
1192 1325 1491 1391 confectis,
1527 1324 1811 1395 pedestres
1847 1322 2033 1390 copias
2071 1335 2167 1375 una

2283 1318 2496 1380 πόλεσι,
2526 1318 2911 1388 Κοννακόρηκι
2934 1311 3110 1387 (οὗτος
3141 1316 3250 1387 γάρ
3272 1318 3371 1385 τὴν
3391 1316 3493 1387 τῆς
3536 1315 3828 1387 Ἡρακλείας

588 1414 714 1478 cum
747 1423 988 1491 equitatu
1025 1420 1251 1475 Lucullo
1285 1419 1473 1482 tradit,
1510 1428 1565 1471 et
1594 1416 1805 1471 socium
1853 1415 2085 1478 auxilia,
2122 1415 2165 1468 in

2278 1411 2571 1481 προδοσίαν
2632 1410 2836 1478 ἐτέρων
2900 1409 3288 1479 κατασχέσει⁷⁶
3322 1408 3719 1477 συγκαλύπτειν
3765 1410 3828 1463 δι-

589 1530 745 1571 suam
788 1530 1016 1584 quaeque
1059 1514 1332 1583 patriam,
1380 1509 1607 1564 dimittit
1645 1528 1659 1563 :
1716 1509 1829 1577 ipse
1876 1523 2006 1561 vero
2053 1522 2166 1561 cum

2276 1503 2498 1573 ενοεῖτο)
2532 1502 2656 1565 δοὺς
2684 1502 2869 1556 ἄδειαν
2909 1500 3010 1571 τῆς
3052 1501 3473 1572 ἀναχωρήσεως,
3532 1501 3653 1555 καθ’
3674 1502 3829 1571 ὁμολο-

590 1609 762 1663 classe
788 1607 1061 1662 avehitur.
1087 1604 1161 1659 lbi
1194 1604 1412 1658 navium
1446 1616 1567 1670 qua:
1597 1601 1748 1654 urbis
1772 1600 1943 1669 spolia
1972 1610 2162 1655 vecta-

2278 1594 2408 1663 γίαν
2432 1594 2474 1625 ⁷⁷
2502 1593 2770 1663 λαμϐάνει
2799 1592 2898 1655 τάς
2929 1592 3139 1655 πόλεις.
3186 1592 3244 1645 '0
3267 1593 3323 1644 δὲ
3350 1592 3562 1655 Κόττας
3614 1593 3745 1663 άπερ
3766 1592 3827 1644 εί-

590 1696 756 1763 ltant,
794 1711 921 1767 pars
968 1711 1132 1764 supra
1179 1693 1395 1748 modum
1441 1699 1697 1753 onerata,
1746 1689 1886 1743 haud
1930 1689 2167 1757 procula

2250 1763 2252 1767 ι
2283 1704 2447 1757 ρηται
2474 1684 2924 1757 διαπραξάμενος
2953 1684 3014 1737 τὸ
3041 1683 3139 1753 μὲν
3177 1683 3343 1747 πεζὸν
3370 1683 3467 1735 καὶ
3504 1684 3634 1746 τοὺς
3670 1684 3827 1746 ἱππεῖς

589 1753 1059 1847 ίίιιονεεοινὶιυτ,
1102 1798 1230 1853 pars
1276 1779 1531 1850 Aparctia
1577 1787 1735 1833 vento
1771 1790 1958 1833 contra
1988 1778 2166 1844 ﬂante,

2251 1753 2558 1851 ‘sxnépnst
2587 1753 2897 1849 Λευκόλλῳ,
2953 1777 3048 1831 καὶ
3099 1777 3227 1840 τοὺς
3276 1777 3603 1848 συμμάχους
3650 1778 3828 1847 ἀφῆκεν

581 1877 641 1930 in
675 1879 809 1931 vada
855 1877 1110 1948 procellis
1152 1875 1379 1945 ejectaa,
1424 1870 1681 1940 pleraque
1722 1873 2158 1942 asportandorun;

2280 1874 2374 1927 ἐπὶ
2401 1872 2510 1926 τῶν
2536 1872 2831 1942 πατρίδων,
2858 1871 3020 1934 αὐτὸς
3046 1870 3092 1924 δ’
3122 1871 3355 1942 ἀνήγετο
3383 1870 3462 1939 τῷ
3511 1869 3699 1936 στόλῳ.
3730 1869 3828 1921 Τῶν

588 1986 902 2025 excussere.

2279 1967 2337 2019 δὲ
2369 1965 2506 2018 νεῶν
2528 1964 2584 2017 αἳ
2609 1966 2678 2017 τά
2701 1964 2801 2033 τῆς
2830 1964 3041 2027 πόλεως
3068 1963 3290 2033 λάφυρα
3325 1958 3487 2035 ἦγον,
3530 1964 3585 2017 αί
3619 1962 3709 2031 μὲν
3745 1979 3827 2014 κα-

585 2059 848 2132 τάφορτοι
888 2061 1182 2133 γενόμεναι
1210 2060 1409 2132 μικρὸν
1434 2062 1637 2117 ἄποθεν
1690 2059 1791 2130 τῆς
1861 2056 1965 2126 γῆς
2009 2054 2355 2127 διελύθησαν,
2404 2055 2461 2108 αί
2504 2054 2560 2108 δὲ
2614 2052 2921 2126 ἀπαρκτίου
2996 2049 3329 2115 πνεύσαντος
3380 2049 3831 2123 ἐξεϐράσθησανη

587 2156 667 2219 είς
704 2156 773 2211 τά
798 2157 1002 2225 τενάγη
1055 2156 1153 2211 καὶ
1202 2156 1375 2210 πολλά
1430 2157 1541 2211 τῶν
1598 2155 1898 2226 ἀγωγίμων
1946 2150 2303 2210 ἀπεσάλοντο.
3337 2162 3365 2193 ο

685 2310 813 2366 CAP.
845 2309 1365 2367 LV.—Cleocharis
1415 2309 1662 2380 Leanippi
1693 2319 1740 2364 et
1777 2308 1983 2365 Seleuci
2038 2306 2272 2377 praefeci.
2308 2304 2549 2358 Mithrid.
2582 2300 2793 2371 Sinope:
2818 2299 3118 2364 diuidium,
3154 2296 3393 2368 tyrannis
3440 2305 3490 2349 et
3522 2292 3751 2365 perﬁdia.

664 2442 802 2498 Tum
836 2445 1170 2516 Leonippus,
1199 2446 1286 2501 cui
1310 2461 1432 2501 cum
1464 2444 1746 2500 Cleochari
1780 2444 2013 2514 Sinopes
2036 2456 2165 2495 cura

2345 2438 2462 2511 [591
2493 2437 2586 2509 Η.]
2643 2436 2953 2497 Λεόνιππος
3011 2434 3067 2487 δὲ
3106 2434 3135 2487 ὀ
3195 2434 3293 2487 σὺν
3352 2431 3654 2502 Κλεοχάρει
3703 2427 3828 2494 παρά

593 2547 647 2592 et
666 2540 859 2593 tutatio
882 2540 1257 2594 commendata
1284 2538 1462 2593 fuerat
1484 2554 1513 2592 a
1538 2538 1869 2602 Mithridate,
1898 2553 1956 2590 re
1984 2537 2170 2605 despe«

2271 2531 2609 2599 Μιθριδάτου
2647 2530 2744 2601 τὴν
2797 2528 3049 2599 Σινώπην
3105 2524 3461 2597 ἐπιτραπεὶς,
3517 2522 3826 2591 ἀπεγνωκὼς

597 2640 733 2696 rata,
758 2630 822 2684 de
853 2631 1159 2699 proditione
1185 2634 1250 2683 ad
1278 2629 1562 2683 Lucullum
1593 2630 1783 2682 mittit.
1816 2629 1886 2682 At
1910 2627 2174 2681 Cleocha-

2271 2624 2381 2676 τῶν
2412 2624 2784 2695 πραγμάτων,
2822 2621 3031 2691 πέμπει
3061 2620 3190 2688 περὶ
3226 2618 3523 2689 προδοσίας
3561 2616 3691 2686 πρὸς
3714 2614 3832 2669 Λεύ-

591 2738 678 2777 res
728 2736 851 2775 cum
890 2721 1118 2777 Seleuco
1152 2724 1316 2791 (nam
1362 2733 1418 2776 et
1463 2723 1547 2776 hic
1585 2719 1915 2775 Mithridatis
1946 2718 2113 2788 238
2141 2733 2168 2770 a

2274 2720 2484 2774 κολλον.
2526 2720 2583 2771 '0
2614 2718 2670 2771 δὲ
2734 2717 3055 2787 Κλεοχάρης
3108 2715 3225 2783 ἀμα
3260 2711 3514 2780 Σελεύκῳ
3571 2710 3681 2779 (καὶ
3729 2711 3817 2779 γάρ

587 2822 706 2866 erat
728 2814 953 2882 legatus,
979 2813 1139 2868 ollicii
1163 2815 1493 2869 auctoritate
1520 2830 1642 2868 cum
1670 2812 1881 2867 caeteris
1907 2809 2164 2880 aequatus}

2279 2803 2435 2873 οὗτος
2461 2808 2571 2861 τῶν
2622 2807 2959 2879 Μιθριδάτου
3026 2804 3333 2876 στρατηγὸς
3385 2804 3691 2865 ἰσοστάσιος
3738 2800 3825 2853 τῶν

590 2902 849 2971 Leonippi
885 2904 1247 2971 proditionem
1291 2903 1543 2969 odorati,
1589 2903 1850 2956 advocma
1890 2902 2167 2964 concione,

2284 2902 2592 2973 εἰρημένων
2614 2897 2703 2969 ἦν)
2734 2902 2834 2971 τὴν
2877 2900 3187 2954 Λεονίππου
3237 2897 3505 2968 μαθόντες
3546 2894 3824 2966 προδοσίαν,

592 2996 865 3049 hominem
899 3005 1159 3051 :tCCUS:Iltl
1185 3015 1197 3050 :
1223 2997 1370 3051 cives
1396 3012 1522 3052 vero
1540 2996 1786 3051 criminis
1818 2994 1977 3061 hujus
1999 2993 2169 3046 actio-

2279 2992 2577 3061 ἐκκλησίαν
2606 2990 2965 3059 ἀθροίσαντες
2990 2988 3335 3061 κατηγόρουν
3359 2987 3551 3041 αὑτοῦ.
3581 2988 3641 3039 Οί
3685 2985 3736 3038 δὲ
3776 2983 3824 3036 οὐ

592 3100 710 3138 nem
738 3102 840 3138 non
867 3087 1179 3149 admittunt,
1199 3089 1340 3155 quod
1370 3089 1593 3157 probum
1618 3102 1739 3141 esse
1761 3085 2169 3140 existimabant.

2280 3085 2572 3155 προσίεντο
2591 3100 2605 3115 ·
2638 3082 2817 3136 ἐδόκει
2845 3083 2952 3153 γάρ
2974 3082 3158 3144 αὐτοῖς
3178 3076 3318 3134 εἶναι
3361 3080 3621 3152 χρηστός.
3653 3077 3748 3132 Καὶ
3786 3077 3824 3128 οἱ

590 3175 714 3230 Ideo
743 3176 1059 3232 Cleocharis
1094 3178 1292 3241 factio,
1343 3180 1574 3247 gratiam
1617 3177 1736 3247 ejus
1778 3179 1919 3247 apud
1964 3176 2167 3246 plebem

2279 3179 2407 3248 περὶ¹
2434 3176 2753 3248 Κλεοχάρην
2779 3175 3053 3238 δείσαντες
3089 3174 3187 3227 τοῦ
3215 3173 3453 3244 πλήθους
3503 3174 3603 3230 τὴν
3641 3171 3824 3225 εὔνοιαν

592 3278 876 3333 metuens,
936 3279 1097 3323 noctu
1148 3284 1216 3323 ex
1271 3268 1485 3323 insidiis
1546 3271 1821 3325 hominem
1878 3270 2168 3323 trucidant.

2279 3272 2337 3338 ἐξ
2368 3271 2588 3341 ἐνέδρας
2617 3268 2813 3333 νυκτὸς
2833 3269 3238 3337 ἀποσφάττουσι
3269 3267 3362 3321 τὸν
3382 3266 3577 3338 ἄνδρα.
3608 3267 3727 3339 [752
3750 3262 3822 3335 IL]

588 3356 825 3428 Populus
856 3361 1075 3429 quidem
1110 3362 1251 3415 hunc
1286 3376 1471 3415 casum
1505 3377 1647 3431 zegre
1679 3360 1844 3425 ferre,
1872 3362 1968 3417 sed
2006 3363 2165 3417 Cleo-

2280 3366 2392 3419 Καὶ
2419 3364 2477 3417 τὸ
2517 3364 2613 3434 μὲν
2643 3362 2938 3433 δημοτικὸν
2972 3360 3167 3432 ἤχθετο
3200 3358 3278 3429 τῷ
3332 3357 3520 3419 πάθει,
3545 3359 3595 3410 oi
3622 3356 3691 3411 δὲ
3720 3354 3825 3423 περὶ

590 3452 784 3505 chares
816 3466 939 3505 cum
971 3452 1085 3506 suis
1113 3468 1291 3505 rerum
1332 3454 1514 3522 potiri,
1545 3463 1602 3507 et
1648 3455 1926 3524 tyrannice
1961 3469 2046 3508 res
2079 3454 2167 3507 ad-

2276 3456 2596 3526 Κλεοχάρην
2658 3456 2768 3508 τῶν
2818 3455 3164 3525 πραγμάτων
3238 3451 3421 3522 κύριοι
3483 3449 3824 3508 καταστάντες

592 3543 902 3597 ministrare
934 3562 945 3596 :
984 3546 1080 3598 hac
1114 3547 1199 3598 via
1227 3546 1503 3613 parricidii
1539 3548 1590 3599 in
1624 3546 1953 3615 Leonippum
1986 3562 2169 3615 pmnas

2278 3549 2621 3619 τυραννικῶς
2642 3545 2833 3620 ἦρχον,
2854 3546 3027 3616 ταύτῃ
3074 3544 3386 3615 νομίζοντες
3418 3543 3698 3611 διαφυγεῖν
3745 3540 3824 3607 τῆς

590 3633 1059 3704 subterfugituros
1084 3651 1143 3689 se
1163 3638 1556 3693 existimantes.
1585 3638 1800 3692 Interim
1823 3638 2167 3703 Censorinus,

2275 3645 2369 3696 ἐπὶ
2427 3642 2720 3711 Λεονίππῳ
2772 3641 3089 3711 μιαιφονίας
3134 3637 3235 3707 τὴν
3293 3635 3471 3705 δίκην.
3557 3633 3644 3686 Ἐν
3678 3630 3823 3696 τούτῳ

590 3726 849 3781 Bouiania:
887 3727 1077 3781 classis
1121 3738 1354 3797 praetor,
1398 3729 1648 3784 triremes
1689 3746 1853 3800 agens
1894 3746 1962 3784 xv
2019 3747 2167 3785 com-

2274 3736 2622 3806 Κηνσωρῖνος
2649 3733 2923 3803 ναύαρχος
2965 3728 3283 3799 Ῥωμαίων,
3338 3726 3593 3797 τριήρεις
3620 3723 3754 3790 ἄγων
3776 3716 3822 3771 ιε’

592 3826 894 3871 meatum‘a
939 3816 1218 3887 Bosphoro
1258 3820 1626 3875 Romanorum
1661 3821 1857 3876 castris
1897 3823 2169 3876 advehen-

2283 3830 2430 3880 σῖτον
2475 3826 2586 3880 ἀπὸ
2635 3825 2916 3894 Βοσπόρου
2955 3821 3033 3891 τῷ
3055 3821 3101 3851 ’⁸⁸
3170 3817 3461 3887 Ῥωμαίων
3522 3811 3821 3884 κομιζούσας

591 3914 695 3969 tes,
727 3920 895 3974 prope
923 3906 1159 3976 Sinopen
1187 3910 1429 3978 appellit.
1453 3910 1652 3965 Contra
1679 3927 1837 3979 quem
1861 3911 2168 3966 Cleocharis

2275 3918 2625 3991 στρατοπέδῳ
2656 3958 2670 3983 ,
2713 3916 2940 3988 πλησίον
2999 3911 3249 3980 Σινώπης
3309 3908 3518 3977 κατῆγε
3540 3908 3586 3939 ⁸⁸
3613 3922 3626 3934 ·
3660 3905 3743 3958 καὶ
3780 3903 3816 3953 οξ

588 4007 644 4052 et
668 3998 879 4053 Seleuci
907 4000 1158 4055 triremes
1179 4001 1469 4071 Sinopicze,
1489 4004 1650 4058 ductu
1678 4004 1888 4059 Seleuci
1915 4020 2165 4075 egressae,

2275 4012 2407 4083 περὶ
2446 4010 2765 4080 Κλεοχάρην
2799 4007 2897 4061 καὶ
2924 4004 3186 4057 Σέλευκον
3212 3999 3638 4070 ἀνταναχθέντες
3672 3996 3814 4048 Σινω-

591 4089 763 4142 navali
795 4091 979 4159 prmlio
1015 4092 1336 4159 decernunt,
1363 4103 1420 4148 et
1448 4095 1605 4149 victis
1638 4095 1806 4163 Italis,
1845 4111 2007 4150 naves
2040 4112 2168 4152 one-

2274 4102 2466 4163 πικαῖς
2495 4100 2799 4170 τριήρεσιν,
2829 4094 3140 4167 ἡγουμένου
3169 4089 3461 4151 Σελεύκου,
3493 4087 3816 4140 καθίστανται

591 4183 765 4235 rarias
796 4183 848 4235 in
880 4197 1036 4237 suum
1063 4185 1228 4238 duces
1256 4184 1462 4239 lucrum
1493 4186 1768 4243 auferunt.
1797 4188 1980 4242 Elatns
2009 4189 2168 4257 igitur

2274 4194 2352 4255 εἰς
2374 4192 2705 4262 ναυμαχίαν,
2748 4190 2844 4243 καὶ
2896 4187 3089 4242 νικῶσι
3115 4186 3242 4247 τοὺς
3308 4180 3573 4245 Ἰταλοὺς,
3612 4179 3701 4232 καί¹
3737 4175 3816 4235 τὰς

589 4272 693 4326 hac
737 4272 969 4327 fortuna:
1016 4273 1350 4343 benignitate
1396 4273 1723 4332 Cleochares
1770 4292 1892 4331 cum
1941 4278 2166 4347 collega,

2272 4285 2578 4356 φορτηγοὺς
2609 4284 2705 4336 ἐπὶ
2735 4282 2813 4353 τῷ
2846 4281 2995 4349 σφῶν
3018 4275 3377 4350 ἀφαιροῦνται
3402 4273 3608 4345 κέρδει.
3642 4268 3813 4338 Ἐπήρ-

588 4366 872 4436 plusquam
911 4376 1069 4422 antea
1115 4367 1395 4437 lyrannico
1448 4370 1636 4423 urbem
1689 4370 1916 4439 imperio
1950 4370 2165 4439 prcutit.

2272 4379 2446 4447 θησαν
2474 4376 2568 4430 οὖν
2602 4378 2650 4429 oi
2683 4376 2811 4446 περὶ
2843 4373 3162 4444 Κλεοχάρην
3188 4368 3267 4439 τῷ
3292 4366 3692 4437 κατορθώματι,
3738 4360 3813 4413 καὶ

584 4455 719 4510 Nam
739 4458 921 4513 causis
944 4458 1183 4529 legitimo
1200 4460 1403 4528 judicio
1428 4476 1531 4516 non
1559 4462 1899 4530 disceptatis,
1922 4463 1987 4515 ad
2011 4476 2161 4516 neces

2270 4468 2740 4540 τυραννικώτερον
2770 4467 2849 4518 ἔτι
2901 4466 3000 4535 τῆς
3034 4463 3245 4526 πόλεως
3304 4456 3497 4530 ἦρχον,
3538 4458 3717 4526 φόνους
3763 4465 3810 4502 τε

585 4552 887 4620 oppidanos
916 4552 1151 4620 rapiunt,
1179 4562 1234 4607 et
1266 4552 1330 4606 ad
1368 4553 1534 4606 multa
1576 4554 1679 4607 alia
1711 4554 2033 4608 crudelitate
2069 4570 2162 4609 sua

2228 4561 2533 4633 ,ἀκρίτους
2559 4562 2669 4613 τῶν
2708 4557 2943 4613 πολιτῶν
2983 4554 3269 4614 ποιοῦντες
3325 4553 3420 4605 καί⁵
3470 4551 3538 4604 τά
3609 4546 3729 4603 ἄλλα
3753 4543 3805 4610 τῇ

585 4642 899 4694 abutuntur.
929 4642 1142 4696 Accidit
1168 4651 1345 4697 autem
1376 4653 1435 4696 ut
1466 4644 1518 4697 in
1548 4645 1823 4699 contraria
1852 4648 2162 4700 scinderen-

2228 4634 2241 4650 ’
2271 4654 2517 4724 ὠμότητι
2547 4651 2952 4724 ἀποχρώμενοι.
3001 4647 3252 4715 Ἐγένετο
3265 4645 3323 4698 δὲ
3350 4643 3444 4697 καὶ
3491 4642 3673 4703 στάσις
3699 4634 3805 4703 πρὸς

587 4741 673 4787 tnr
703 4734 878 4787 studia
907 4731 1233 4788 Cleochares
1280 4744 1335 4788 et
1370 4734 1650 4788 Seleucus.
1693 4735 1787 4789 llle
1818 4737 1963 4790 enim
1999 4738 2164 4805 persi-

2270 4744 2536 4815 ἀλλήλους
2585 4743 2874 4813 Κλεοχάρῃ
2926 4740 3021 4792 καὶ
3080 4736 3327 4804 Σελεύκῳ
3358 4751 3372 4765 ⁸
3422 4734 3501 4805 τῷ
3576 4732 3672 4803 μὲν
3719 4725 3805 4793 γὰρ

584 4829 832 4881 stendum
866 4827 916 4881 in
962 4828 1136 4893 bello,
1181 4828 1266 4881 hic
1296 4828 1578 4882 trucidatis
1621 4827 2012 4897 Sinopensibus
2047 4830 2161 4883 uni-

2270 4834 2473 4905 ἤρεσκε
2502 4834 2881 4905 διακαρτερεῖν
2911 4831 2987 4902 τῷ
3026 4830 3268 4899 πολέμῳ,
3307 4825 3553 4896 Σελεύκῳ
3603 4825 3656 4877 δὲ
3694 4819 3805 4871 πάν.

586 4919 777 4984 versis,
814 4920 999 4973 urbem
1040 4917 1324 4982 Romanis,
1370 4920 1674 4989 magnifica:
1712 4922 2163 4976 remunerationis

2270 4940 2371 4986 τας
2398 4925 2659 4988 Σινωπεῖς
2690 4925 2936 4993 ἀναιρεῖν
2973 4925 3068 4976 καὶ
3108 4921 3407 4991 Ῥωμαίοις
3459 4919 3551 4971 ἐπὶ
3603 4911 3803 4984 δωρεαῖς

585 5022 763 5078 pacto,
794 5011 1103 5064 tradendam
1133 5012 1409 5064 censebat.
1436 5012 1599 5078 Atqui
1649 5021 1838 5065 neutra
1869 5014 2161 5067 sententia-

2270 5016 2533 5085 μεγάλαις
2551 5018 2852 5087 παρασχεῖν
2871 5016 2970 5085 τὴν
3030 5014 3207 5068 πόλιν.
3260 5011 3405 5082 Πλὴν
3453 5008 3669 5078 οὐδεμία
3713 5001 3800 5054 τῶν

588 5118 705 5155 rum
738 5102 1120 5170 comprobata,
1166 5102 1425 5171 quidquid
1499 5102 1890 5170 possidebant,
1938 5105 2165 5159 navibus

2266 5109 2499 5176 γνωμῶν
2539 5108 2721 5178 κρίσιν
2768 5107 2914 5177 ἔσχε,
2967 5106 3036 5159 τά
3092 5105 3150 5158 δὲ
3204 5102 3518 5172 ὑπάρχοντα
3564 5092 3801 5165 λαθραίως

584 5194 850 5247 onerariis
871 5194 1135 5263 ingestum
1165 5212 1178 5247 :
1203 5197 1269 5245 ad
1298 5193 1586 5249 Macharen
1616 5195 1785 5249 lilium
1811 5195 2161 5262 Mithridatis,

2265 5201 2424 5253 ναυσὶ
2459 5202 2820 5272 στρογγύλαις
2845 5201 3123 5269 ἐνθέμενοι
3164 5197 3301 5267 πρὸς
3330 5194 3593 5265 Μαχάρην
3611 5191 3694 5243 τὸν
3717 5186 3799 5239 Μία

2265 5289 2518 5359 θριδάτου
2552 5292 2687 5354 υἱὸν,
2712 5293 2771 5354 ὃς
2799 5292 2920 5344 κατ’
2953 5292 3141 5344 ἐκεῖνον
3168 5286 3363 5359 καιροῦ
3394 5286 3526 5339 πεοὶ
3569 5284 3661 5353 τὴν
3690 5273 3798 5332 Κολ-

2267 5382 2394 5450 χίδα
2411 5378 2501 5447 εἶεν,
2532 5382 2859 5447 ἐξέπεμπονη

2199 4598 2242 4654 D

588 5296 697 5341 tum
729 5290 987 5358 temporis
1021 5287 1073 5342 in
1105 5286 1363 5342 Colchide
1399 5298 1673 5357 agentem,
1707 5287 2004 5343 dimittunt.

1901 5578 2133 5637 VARI/13
2174 5581 2579 5642 LECTIONES.

657 5700 703 5733 '°
736 5698 1096 5767 κατασχέσεσι
1127 5716 1187 5764 ς.
1263 5699 1305 5734 ⁷⁷
1346 5698 1466 5754 καθ’
1493 5699 1537 5753 Λ
1577 5716 1593 5755 :
1636 5698 1727 5753 καὶ
1776 5696 1897 5752 καθ’
1931 5716 1992 5765 ς.
2066 5698 2115 5733 ⁷⁸
2137 5702 2529 5777 ἐξεϐιάσθησαν
2562 5723 2620 5770 ς.
2709 5707 2752 5740 ⁷⁸
2781 5703 2854 5777 τῷ
2880 5707 2957 5761 Λι
2989 5704 3096 5760 τῶν
3126 5723 3186 5771 ς.
3297 5704 3341 5737 ³⁸
3377 5706 3573 5776 κατῆρε
3593 5712 3722 5757 corr.
3739 5693 3795 5749 Δ.
