3994 6408
147 336 239 400 933
1204 323 1728 389 ‘BIBLIOTHECA.
1781 348 1849 359 -·
1878 320 2044 383 COD.
2077 319 2374 381 CCXXIY.
3268 310 3373 375 934

138 452 244 504 Car.
279 441 405 499 LVI.
448 471 512 482 ——
550 437 799 495 Lucullus
850 436 1159 506 Macharen,
1236 433 1302 490 Ρ.
1341 434 1586 492 Mitltrid.
1624 435 1680 487 iu
1733 431 2019 485 amicitiam
2078 427 2284 497 recipit.
2336 423 2567 495 Tyranni
2624 420 2853 491 fugiunt.
2892 418 3086 490 Sinope
3143 419 3371 488 capitur.

210 560 289 615 Ἐν
324 556 497 627 τούτῳ
538 554 594 608 δέ
617 551 921 617 Λεύκολλος
970 554 999 607 ὁ
1029 551 1140 605 τῶν
1204 550 1494 622 Ῥωμαίων
1528 550 1688 603 αύτο-

1864 544 1977 599 Sub
2004 544 2145 599 idem
2181 551 2394 608 tempus
2419 537 2694 601 Lucul'lus,
2729 535 3098 590 Romanorum
3135 534 3372 601 impera-

139 653 337 723 κράτωρ
369 646 731 717 παραγίνεται
758 646 826 716 τῇ
856 643 1033 709 πόλει,
1083 641 1179 695 καὶ
1235 640 1516 714 κραταιῶς
1567 639 1694 691 ἐπο-

1821 657 1902 703 or,
1930 639 1994 691 ad
2027 638 2214 692 urbem
2247 635 2535 694 accedens,
2567 630 2744 685 valido
2769 643 2886 683 eam
2922 629 3047 680 nixu
3077 634 3371 696 oppugnat,

137 718 338 813 λίόρκεί.
382 737 770 809 Ἐπρεσδεύετο
797 737 855 791 δὲ
914 734 1010 789 καὶ
1048 733 1318 807 Μαχάρης
1382 733 1411 785 ὁ
1442 729 1537 783 τοῦ
1588 730 1695 783 Μι-

1818 748 1917 787 tum
1952 727 2236 782 Machares
2275 728 2437 781 etiam
2481 722 2735 777 amicitia:
2782 730 2837 775 et
2875 718 3154 774 societatis
3197 718 3375 773 ftedus

140 810 361 907 θριδάτου
392 832 528 903 πρὸς
571 829 875 884 Λεύκολλον
910 827 1038 901 περὶ
1084 826 1270 897 φιλίας
1305 842 1364 878 τε
1405 822 1500 877 καὶ
1553 839 1694 893 συμ-

1818 839 1891 880 ter
1937 822 2263 894 legationem
2310 821 2463 885 petit.
2507 814 2561 870 ls
2610 814 2797 885 igitur,
2845 812 3104 881 petitione
3145 810 3376 878 benigne

143 901 335 999 μαχίας.
371 901 521 977 Ὀγδὲ
544 920 798 991 ἀσμένως
830 919 1068 989 ἐδέχετο,
1113 917 1282 970 εἰπὼν
1304 914 1558 987 βεϐαίους
1603 929 1693 967 νο-

1818 916 2027 971 idmissa
2051 956 2066 981 ,
2100 912 2280 967 foedus
2314 926 2410 979 pro
2452 908 2607 961 ﬁrmo
2636 921 2693 961 se
2725 905 3038 959 habiturum
3078 901 3374 969 respondit,

145 1022 264 1093 μιείν
289 1017 381 1080 τάς
406 1015 732 1088 συμϐάσεις,
764 1015 814 1067 εἰ
872 1014 946 1086 μὴ
980 1013 1075 1068 καί
1137 1029 1247 1066 τισι
1269 1012 1313 1044 ⁸¹
1354 1009 1695 1065 Σινωπεῦσιν

1818 1009 1839 1063 LI
1864 1007 2041 1062 nullos
2064 1003 2446 1073 Sinopensium
2475 1005 2778 1054 commeatu
2826 996 2998 1066 juvet.
3029 994 3164 1048 Tum
3202 992 3247 1046 Is
3270 1007 3374 1045 non

143 1085 327 1181 ἀγορὰν
358 1085 680 1177 διαπέμποι.
722 1106 781 1159 ὐ
833 1105 891 1159 δὲ
923 1085 985 1159 ού
1019 1104 1181 1176 μόνον
1227 1103 1288 1157 τδ
1336 1103 1693 1173 κελευόμενον

1818 1102 1968 1157 olum
2000 1100 2263 1168 imperata
2289 1096 2440 1158 facit,
2474 1095 2566 1147 sed
2591 1091 2755 1145 etiam
2786 1088 3051 1142 destinata
3089 1085 3375 1139 Mithrida-

144 1175 401 1275 ἔπραττεν,
436 1175 576 1255 ἀλλά
610 1200 704 1253 xui.
732 1197 768 1253 ἀ
799 1197 1219 1270 παρεσκεύαστο
1284 1195 1531 1266 πέμπειν
1579 1195 1693 1258 τοῖς

1818 1193 1938 1255 icis,
1964 1191 2029 1243 ad
2061 1188 2340 1243 Lucullum
2371 1183 2660 1239 deferenda
2692 1181 2919 1235 curavit.
2949 1177 3075 1234 I’laac
3103 1177 3191 1232 ubi
3220 1175 3378 1231 Cleo-

144 1269 541 1363 Μιδριδατείοις,
602 1269 957 1356 ἐξαπέστειλε
1008 1286 1296 1358 Λευκόλλῳ
1315 1287 1383 1340 ⁸⁸.
1415 1284 1604 1340 Ταῦτα
1641 1285 1692 1338 οἱ

1818 1283 1976 1339 :haris
2000 1281 2160 1336 factio
2183 1278 2350 1341 videt,
2382 1291 2532 1346 spem
2566 1288 2782 1330 omnem
2806 1271 3093 1342 abjiciunt,
3134 1269 3377 1337 magnis-

1792 1391 1903 1445 que
1945 1374 1997 1427 in
2032 1386 2197 1427 naves
2223 1370 2415 1441 Opibus
2446 1366 2741 1437 congestis,
2771 1373 2825 1419 et
2852 1366 2986 1419 urbe
3020 1365 3086 1418 ad
3122 1362 3381 1431 direptio-

1793 1482 1918 1522 nem
1953 1465 2216 1519 militibus
2257 1475 2515 1516 concessa
2567 1460 2692 1529 (sub
2732 1466 2942 1511 noctem
2980 1457 3078 1509 ista
3123 1454 3376 1522 ﬁebant),

1793 1556 2025 1628 navigiis
2068 1556 2134 1609 ad
2183 1554 2442 1608 interiora
2480 1551 2676 1614 Ponti,
2729 1563 2849 1620 qtae
2893 1564 2921 1601 a
2968 1546 3275 1615 Sam-gibus
3325 1555 3380 1599 et

146 1667 189 1719 δὲ
213 1664 374 1718 ταῦτα
406 1663 734 1732 ἐπράττετο)
773 1662 863 1717 διὰ
900 1662 1011 1715 τῶν
1064 1660 1269 1715 πλοίων
1328 1658 1559 1729 ἔφευγον
1611 1658 1693 1720 εἰς

1818 1650 1952 1704 .azis
1981 1648 2309 1713 incoluntur,
2341 1646 2645 1717 aufugiunt,
2678 1658 2799 1696 cum
2830 1641 3098 1710 reliquam
3143 1639 3374 1693 classem

145 1729 603 1829 diutinam—1:06
652 1729 856 1811 Πόντου
901 1756 1175 1828 (Σάνηγας
1224 1755 1283 1810 δέ
1327 1756 1425 1808 καὶ
1476 1752 1692 1818 Λαζοὺς

1818 1742 2181 1797 ncendisseut.
2218 1739 2468 1794 Excitata
2511 1738 2676 1806 igitur
2720 1735 2933 1787 ﬂamma
2959 1774 2973 1796 ,
3023 1729 3148 1800 quid
3196 1737 3378 1781 actuut

149 1852 369 1912 ἐποίκους
399 1818 560 1919 ἐἶχον
588 1846 656 1902 τά
688 1818 1530 1919 χωρία),’ταῖςιύπολειφθείςαις
1581 1844 1691 1897 τῶν

1818 1835 1865 1887 sit
1898 1832 2148 1888 Lucullus
2178 1829 2600 1894 animadvertit,
2632 1825 2911 1893 scalasque
2957 1824 3023 1875 ad
3055 1819 3251 1875 mantia
3283 1818 3379 1871 ad-

148 1942 258 1997 νεῶν
277 1908 382 2010 πῦρ
415 1908 632 2005 ἐνέντες
662 1908 1006 2013 ’,αἰρομένης
1025 1908 1082 1993 δὲ
1109 1941 1209 2011 τῆς
1250 1908 1466 2011 φλογὸς,
1506 1938 1703 2010 ᾔσθετο

1818 1926 1991 1980 bibere
2009 1924 2144 1991 jussi
2176 1923 2378 1977 milites
2403 1919 2819 1974 transcendunt.
2845 1914 2931 1969 Fit
2952 1913 3180 1983 primum
3204 1908 3377 1963 (πόθε

150 2036 413 2100 Λεύκολλος
455 2032 552 2088 τοῦ
605 1998 782 2106 ἔργου,
816 1998 911 2089 καὶ
945 1998 1222 2103 κλίμακάς
1513 1998 1692 2102 ’προσ-

1818 2033 1907 2071 ton
1940 2016 2134 2087 238i:
2183 2015 2416 2077 modica,
2448 2013 2554 2074 sed
2578 2010 2835 2063 misertus
2871 2005 3239 2067 calamitatum
3268 1998 3379 2053 Lu-

149 2131 273 2198 ἀγειν
299 2127 371 2201 τῷ
394 2092 569 2199 τείχει
595 2144 608 2158 ·
638 2092 698 2181 ,οί
735 2126 792 2181 δὲ
826 2092 1216 2197 ὑπερέϐαινον.⁷
1237 2125 1345 2179 Καὶ
1374 2092 1580 2196 φθόρος.
1624 2119 1694 2194 ἦν

1818 2110 1992 2175 tullus,
2023 2123 2088 2163 ne
2118 2109 2371 2163 saeviatur
2399 2105 2625 2159 ulterius
2656 2099 2951 2157 interdicit.
2992 2097 3071 2150 Ad
3105 2096 3247 2150 hunc
3278 2092 3377 2161 igio

151 2185 246 2274 κάτ’
273 2185 439 2293 ἀρχὰς
473 2185 578 2274 315x
620 2219 801 2287 ὀλίγος
835 2234 851 2253 θ
886 2185 1023 2272 ἀλλά
1071 2218 1132 2270 τὸ
1182 2217 1355 2280 πάθος
1385 2185 1700 2280 ’Λεύκολλος

1822 2217 1884 2254 ur
1916 2200 2132 2254 modum
2165 2200 2328 2254 etiam
2362 2199 2564 2267 Sinope
2596 2197 2649 2251 in
2698 2195 3063 2249 Romanorum
3096 2185 3375 2240 arbitrium

149 2311 390 2383 οἰκτείρας
419 2314 524 2381 τὴν
560 2311 774 2380 σφαγὴν
806 2310 1036 2379 ἐπέσχεν
1056 2326 1072 2342 ο
1104 2309 1247 2364 οὕτω
1297 2308 1398 2379 μὲν
1438 2305 1531 2363 οὖν
1573 2309 1691 2380 ἥλω

1818 2293 1969 2347 renit.
2013 2290 2367 2361 Repugnabat
2389 2291 2687 2345 etiamnum
2711 2288 2962 2347 Amasea,
2991 2280 3085 2335 sed
3112 2295 3214 2333 non
3239 2280 3378 2331 mul-

152 2406 224 2456 καὶ
250 2372 556 2474 ὴΙΣινώπη.
592 2372 713 2455 ’ίΕτί
730 2372 796 2455 ’δὲ
818 2403 851 2471 ἠ
873 2372 1141 2471 Ἀμάσεια
1172 2372 1440 2472 ἀντείχεν,
1479 2372 1607 2453 an;
1633 2400 1696 2453 ού

1818 2400 1914 2436 um
1952 2384 2261 2437 intercessit
2296 2383 2480 2451 spatii,
2511 2396 2632 2435 cum
2664 2380 2827 2434 etiam
2859 2377 2974 2447 ipsa
3010 2372 3379 2426 Romanorum

153 2494 246 2562 μετ’
294 2495 350 2546 ού
372 2496 417 2527 ⁸⁸
482 2495 625 2548 πολὺ
684 2494 778 2547 καὶ
821 2488 1069 2565 [392E]
1110 2494 1249 2565 αὑτὴ
1300 2490 1692 2564 προσεχώρησε

1818 2494 1858 2531 χιι
1894 2477 2052 2531 Iidem
2084 2476 2375 2532 concessit.

160 2584 438 2655 Ῥωμαίοις.

145 1388 249 1457 περὶ
275 1385 585 1459 Κλεοχάρην
612 1385 942 1456 θεασάμενοι
975 1384 1071 1438 καὶ
1098 1382 1285 1436 τέλεον
1334 1381 1686 1450 ἀπογνόντες,

145 1480 345 1534 πλοῦτον
370 1480 541 1533 πολὺν
563 1481 683 1542 ταῖς
712 1478 905 1532 ναυσὶν
945 1476 1222 1546 ἐνθέμενοι
1254 1474 1353 1529 κάὶ
1384 1473 1486 1547 τὴν
1534 1471 1690 1526 πόλιν

145 1571 409 1644 διαρπάσαι
436 1574 552 1634 τοῖς
599 1569 963 1640 στρατιώταις
1010 1566 1294 1637 ἐφέντες⁸³
1352 1567 1479 1636 (ὑπὸ
1517 1564 1690 1620 νύκτα

707 2702 837 2757 CAP.
884 2699 1036 2758 LVII.
1066 2729 1136 2741 --
1163 2699 1498 2753 Mithridates
1540 2716 1677 2769 (egre
1713 2701 1919 2757 tandem
1951 2720 1981 2756 a
2025 2701 2246 2771 Tigrane
2271 2702 2475 2755 auxilia
2508 2703 2771 2769 impetrat.

207 2819 527 2892 Μιθριδάτης
554 2819 614 2873 δὲ
640 2820 884 2873 ἐνιαυτὸν
915 2819 1008 2871 καὶ
1037 2817 1214 2887 μῆνας
1252 2813 1302 2888 η’
1333 2818 1390 2869 ἐν
1417 2818 1533 2878 τοῖς
1592 2816 1691 2884 μέ-

161 2929 253 2981 ρεσι
270 2914 361 2983 τῆς
396 2914 693 2984 ’Δρμενίας
710 2910 1002 2983 διατρίϐων
1028 2909 1180 2963 οὔπω
1207 2910 1288 2973 εἰς
1312 2909 1436 2978 ὄψιν
1458 2908 1697 2977 κατέστη

160 3004 395 3075 Τιγράνου
422 3021 434 3034 °
471 3005 601 3059 ἐπεὶ
641 3004 698 3057 δὲ
737 3005 830 3071 Τιγ
845 3003 1013 3073 ράνης
1078 3001 1405 3072 ὲδυσωπήθη
1453 3001 1532 3064 είς
1574 2998 1705 3052 θέαν

161 3096 295 3149 αὐτὸν
325 3099 692 3168 καταστῆσαι,
732 3096 870 3167 μετά
922 3095 1183 3165 λαμπρᾶς
1224 3111 1285 3147 τε
1331 3093 1432 3162 τῆς
1476 3091 1702 3161 πομπῆς

161 3188 343 3258 ἀπήντα
368 3191 458 3243 καὶ
489 3189 789 3259 βασιλικῶς
828 3186 1102 3252 ἐδεξιοῦτο
1136 3202 1151 3217 °
1192 3188 1284 3239 ἐπὶ
1311 3186 1367 3240 δὲ
1390 3188 1540 3257 τρεῖς
1566 3187 1697 3256 ἡμέ-

164 3296 243 3347 ρας
272 3282 594 3354 ἁπορῤἡτως
624 3280 775 3351 αύτῷ
794 3282 1085 3352 ὁμιλήσας,
1142 3280 1337 3333 ἔπειτα
1378 3279 1699 3351 λαμπροτάο

1879 2817 2051 2873 I’arro
2079 2817 2413 2872 Mithridates
2445 2830 2644 2869 annum
2674 2824 2729 2868 et
2759 2811 2790 2865 8
2816 2823 3028 2864 menses
3054 2808 3107 2861 in
3140 2804 3381 2877 partibus

1808 2910 2081 2964 Armenia:
2110 2910 2444 2971 demoratus,
2472 2907 2699 2960 necdum
2734 2905 2785 2956 in
2818 2900 2998 2971 generi
3029 2906 3378 2965 conspectmn

1811 3003 2079 3056 admissus
2133 3010 2276 3055 erat.
2332 3000 2429 3054 I’Iic
2481 3010 2657 3052 tamen
2705 3003 2961 3049 exoratus
3022 2991 3275 3051 tandem,
3326 2995 3381 3037 ut

1813 3110 1994 3148 coram
2027 3108 2085 3148 se
2119 3093 2346 3147 sistendi
2399 3100 2721 3161 potestatem
2760 3088 2808 3141 ei
2847 3085 3070 3145 iaceret,
3104 3078 3382 3151 splendida

1808 3202 1927 3240 cum
1968 3201 2163 3255 pompa
2212 3184 2487 3246 occurrit,
2536 3193 2589 3237 et
2638 3180 2805 3249 regali
2847 3191 3096 3233 socerum
3134 3169 3386 3241 magniﬁ-

1806 3281 1981 3334 centia
2006 3280 2224 3346 excipit.
2256 3278 2361 3332 Sed
2390 3278 2621 3331 triduum
2652 3278 2853 3342 absque
2882 3269 3148 3338 colloquio
3173 3282 3292 3320 cum
3318 3281 3384 3317 en

163 3386 260 3434 ταις
282 3373 550 3426 ἑστιάσεσι
610 3372 1153 3442 φιλοφρονησάμενος
1205 3370 1434 3441 μυρίους
1489 3369 1703 3424 δίδωσιν

1818 3373 2086 3442 transegit.
2121 3371 2464 3425 Lautissimis
2499 3370 2621 3422 inde
2643 3367 3013 3421 conviviorum
3041 3358 3389 3431 apparatibus

166 3460 319 3527 ἱππεῖς
351 3465 441 3518 καὶ
479 3465 574 3519 ἐπὶ
595 3464 685 3517 τὸν
714 3463 912 3517 Πόντον
934 3462 1227 3533 ἐκπέμπει.

1821 3461 2247 3515 benevolentiam
2267 3461 2315 3514 ei
2340 3475 2492 3514 suam
2520 3474 2641 3511 eum
2668 3463 3013 3518 ostentasset,
3040 3450 3220 3505 decies
3245 3446 3391 3501 mille

1822 3552 2142 3607 instructum
2179 3550 2448 3620 equitibus
2475 3549 2527 3603 itt
2564 3548 2789 3602 Pontum
2826 3545 3070 3599 remittit.

472 3669 605 3726 Car.
640 3668 819 3725 LVIII.
844 3699 916 3711 -—
946 3668 1193 3723 Lucullus
1234 3667 1536 3720 Armeniam
1579 3664 1893 3734 populatur,
1942 3675 1991 3720 et
2032 3666 2259 3719 thesauri
2293 3664 2531 3735 Tigrani;
2562 3663 2647 3716 vix
2681 3668 2973 3716 servantur.

224 3764 500 3827 Λεύκολλος
518 3766 580 3820 δὲ
609 3768 686 3829 εἰς
708 3764 807 3836 τὴν
829 3762 1224 3817 Καππαδοκίαν
1268 3758 1565 3828 ἐληλυθὼς,
1613 3759 1708 3811 καὶ

171 3855 296 3921 φίλον
327 3857 461 3927 ἔχων
510 3857 605 3910 τὸν
656 3858 964 3926 ἐπάρχοντα
993 3855 1195 3923 ταύτης
1257 3852 1704 3923 Ἀριοϐαρζάνην,

170 3945 292 4016 διέδη
315 3965 370 4000 τε
400 3949 550 4019 παρὰ
574 3948 733 4013 δόξαν
767 3945 906 4017 πεζῇ
933 3946 1026 3999 τὸν
1062 3943 1374 4013 Εὐφράτην,
1412 3941 1506 3994 καὶ
1539 3956 1709 4010 προσ-

172 4034 251 4102 ῆγε
291 4036 333 4068 ⁸⁸
367 4039 455 4091 τὸ)
481 4038 715 4110 στρατὸν
756 4040 822 4107 τῇ
859 4036 1032 4099 πόλει,
1064 4037 1121 4089 ἐν
1146 4027 1191 4103 ᾧ
1213 4034 1313 4097 τάς
1347 4049 1407 4085 τε
1436 4031 1708 4100 Τιγράνου

172 4128 467 4193 παλλακίδας
502 4131 869 4199 φυλάττεσθαι
900 4128 1213 4199 μεμαθήκει
1267 4126 1363 4180 καὶ
1394 4122 1565 4178 πολλά
1600 4121 1711 4175 τῶν

174 4221 347 4290 σφόδρα
376 4224 596 4293 τιμίων.
629 4222 1027 4275 Καταλελοίπει
1050 4220 1107 4273 δὲ
1138 4219 1233 4274 καὶ
1281 4219 1409 4281 τοὺς
1442 4214 1711 4287 Τιγρανό-

172 4326 314 4378 κερτα
350 4315 829 4384 πολιορκήσοντας,
848 4313 942 4366 καὶ
974 4314 1292 4382 στράτευμα
1319 4308 1447 4362 ἄλλο
1480 4308 1575 4361 ἐπὶ
1603 4305 1713 4360 τῶν

174 4402 491 4474 πολισμάτων
519 4406 594 4459 τά
619 4405 1036 4475 σπουδαιότερα.
1074 4402 1200 4475 [755
1232 4401 1324 4473 8.]
1351 4400 1505 4455 Οὕτω
1532 4400 1587 4452 δὲ
1613 4399 1711 4469 τῆς

1884 3760 2026 3814 Inter
2058 3759 2171 3813 haec
2194 3758 2449 3813 Lucullus
2471 3758 2523 3810 iu
2555 3754 2952 3824 Cappadociam
2981 3749 3303 3820 ingreditur,
3336 3753 3392 3802 et

1812 3853 2183 3906 Ariobarzane
2234 3862 2392 3904 terra:
2442 3847 2629 3917 regulo
2669 3856 2828 3899 utens
2866 3844 3075 3906 amico,
3117 3842 3391 3910 inopinate

1813 3946 2145 4016 Euphratem
2172 3960 2293 3999 cum
2316 3943 2555 4011 equitatu
2580 3939 2797 3997 transit.
2824 3946 2879 3991 et
2900 3950 3090 4005 agmen
3112 3936 3180 3987 ad
3203 3933 3390 3986 urbem

1817 4038 2052 4102 adducit,
2085 4037 2175 4090 ubi
2210 4035 2460 4104 Tigranis
2492 4032 2733 4102 pellices,
2767 4041 2821 4084 et
2851 4030 2915 4081 de
2945 4027 3107 4081 rebus
3138 4025 3392 4094 pretiOsis

1816 4146 1880 4185 ac
1924 4130 2109 4185 charis
2158 4144 2261 4182 non
2315 4140 2482 4196 pauca
2537 4122 2804 4178 asservari
2856 4119 3142 4173 didicerat.
3195 4116 3393 4183 Capias

1816 4224 2004 4285 etiam,
2036 4237 2155 4290 qua:
2193 4219 2577 4289 Tigranocerta
2617 4221 2959 4283 oppugnent,
2996 4220 3049 4264 et
3080 4210 3241 4272 alias,
3274 4222 3393 4275 qua:

1816 4309 2085 4380 praecipua
2123 4310 2233 4364 illic
2272 4309 2465 4378 oppida
2516 4314 2746 4367 tentent,
2798 4301 3069 4370 relinquit.
3116 4299 3249 4352 Dum
3292 4298 3393 4351 hoc

1820 4402 1979 4454 modo
2017 4401 2270 4454 Armenia
2317 4400 2499 4453 multis
2539 4406 2882 4465 oppugnatur
2926 4391 3188 4461 partibus,
3228 4390 3390 4443 mittit

184 4493 440 4564 Ἀρμενίας
460 4499 603 4553 κατά
630 4498 801 4551 πολλὰ
830 4496 973 4567 μέρη
1005 4494 1473 4566 πολιορκουμένης
1495 4492 1704 4561 ἔπεμπε

1820 4490 2079 4560 Tigranes
2096 4495 2185 4561 qui
2210 4491 2573 4544 Mithridatem
2596 4496 2868 4543 revocent.
2895 4483 3203 4537 Exercitum
3228 4481 3388 4534 etiam

176 4585 420 4661 Τιγράνης
432 4592 721 4645 ἀνακαλῶν
743 4590 1104 4661 Μιθριδάτην.
1125 4588 1237 4642 Καὶ
1260 4586 1492 4657 στρατὸν
1505 4586 1562 4639 δὲ
1583 4600 1650 4636 πε
1660 4584 1704 4654 pi

1820 4582 1886 4635 ad
1920 4583 2197 4635 tutandum
2229 4581 2413 4635 urbem
2447 4583 2497 4634 in
2530 4596 2632 4649 qua
2665 4579 2884 4647 pellices
2910 4585 3071 4629 erant
3097 4570 3390 4640 dispositae,

177 4676 256 4744 τὴν
281 4680 522 4745 πόλιν,ἐν
553 4676 598 4749 ᾧ
637 4682 735 4746 τάς
784 4680 1119 4742 παλλακίδας
1156 4678 1327 4743 1ἔθετο,
1390 4675 1704 4745 διέπεμπεν,

1822 4673 1899 4726 ire
1921 4672 2092 4739 jubet.
2124 4671 2222 4738 Qui
2251 4687 2371 4725 cum
2399 4687 2464 4725 eo
2491 4671 2787 4731 venissent,
2828 4666 3134 4720 interclusis
3165 4662 3393 4732 sagitta-

178 4765 322 4822 (οἱκαὶ
369 4773 830 4844 παραγεγονὸτες,
886 4772 982 4825 καὶ
1038 4768 1223 4838 τοξείᾳ
1271 4764 1367 4819 τοῦ
1432 4763 1704 4834 Ῥωμαίωι

1819 4782 1938 4820 rum
1984 4765 2247 4833 grandine
2294 4763 2529 4816 exitibus
2573 4777 2603 4815 e
2650 4760 3018 4814 Romanorum
3067 4755 3297 4815 castris,
3339 4764 3396 4806 et

182 4864 505 4928 στρατοπέδου
537 4868 639 4927 τὰς
666 4862 879 4928 ἐξόδους
906 4861 1332 4923 διακλείσαντες,
1364 4858 1461 4920 τάς
1483 4873 1543 4909 τε
1575 4853 1704 4908 παλ-

1818 4858 2147 4912 concubinas
2177 4866 2230 4908 et
2252 4870 2414 4923 gazas
2455 4852 2694 4923 periculo
2724 4858 3005 4918 exemptae
3041 4856 3204 4901 noctu
3242 4861 3396 4915 pra:-

180 4943 371 5015 λακίδας
391 4956 483 5007 καὶ
506 4955 578 5009 τά
600 4954 902 5024 τιμιώτατα
933 4952 1044 5007 τῶν
1073 4948 1373 5021 κειμηλίων
1398 4948 1487 5002 διὰ
1515 4946 1704 5010 νυκτὸς

1822 4952 2060 5004 mittunt.
2091 4948 2188 5004 Ubi
2224 4948 2418 5010 illuxit,
2452 4945 2680 5000 Ronmni
2710 4954 2765 4999 et
2800 4941 3064 5003 Thraces,
3098 4940 3396 4994 certamine

182 5042 598 5117 προεξέπεμψαν.
649 5047 892 5116 Ἡμέρας
925 5046 983 5099 δὲ
1032 5043 1398 5113 ἀνασχούσης,
1464 5040 1559 5093 καὶ
1609 5037 1704 5092 τῶι

1823 5056 1944 5095 cum
1986 5039 2259 5094 Armeniis
2300 5039 2529 5092 ieiiciter
2575 5039 2735 5101 inito,
2780 5033 3043 5105 prolixam
3083 5032 3274 5086 horum
3318 5032 3367 5082 l‘a

193 5131 445 5205 Ῥωμαίων
486 5142 601 5211 ἃμα
627 5139 739 5191 τῶν
780 5136 1012 5209 Θρᾳκῶν
1065 5134 1327 5207 ἀνδρείως
1379 5129 1704 5199 ἀγωνιζομέ-

1823 5134 1974 5186 ciunt
2017 5139 2276 5201 stragem,
2324 5146 2422 5183 nec
2469 5129 2753 5200 pauciores
2792 5130 2942 5182 vivos
2975 5124 3196 5194 capiunt
3233 5136 3394 5191 quam

1825 5228 2060 5278 caedunt.
2083 5223 2365 5278 Praemissa
2390 5233 2568 5276 tamen
2600 5220 2665 5274 ad
2691 5217 3003 5291 Tigranem,
3037 5225 3151 5273 tuta
3180 5219 3397 5270 manent

1825 5328 1881 5373 et
1907 5317 2076 5373 Salva.

185 5238 288 5291 νων,
312 5230 462 5295 φόνος
505 5249 565 5286 τε
603 5232 769 5294 πολὺς
819 5231 928 5283 τῶν
986 5227 1287 5298 Ἀρμενίων
1344 5223 1577 5292 γίνεται,
1625 5222 1719 5274 καὶ

186 5313 387 5387 ζωγρίαι
434 5324 541 5376 τῶν
590 5322 953 5394 ἀνῃρημένων
984 5320 1231 5374 ἑάλωσαν
1261 5315 1363 5368 οὐκ
1416 5315 1713 5375 ἐλάττους·

186 5407 242 5459 τὰ
270 5413 439 5476 μέντοι
466 5433 527 5485 γε
574 5414 1058 5485 προαποσταλέντα
1112 5407 1401 5473 διεσώζετο
1445 5407 1583 5478 πρὸς
1626 5406 1720 5457 Τιο

188 5502 386 5575 γράνην.

1439 5585 1674 5641 νΑιὶΙᾹΞ
1725 5578 2129 5640 LECTIONES.

248 5687 390 5764 ξ’καί
440 5691 575 5764 τισι]
628 5695 736 5748 imo
806 5690 901 5764 uati
943 5692 1073 5750 τοῖς.
1132 5688 1191 5764 *τ’
1239 5683 1528 5764 Λευκόλλῳ
1563 5684 2059 5764 Rtl‘iodnmannusrr
2087 5676 2206 5759 libri
2264 5674 2525 5763 σελεύκῳ.
2619 5675 2667 5707 ⁸³
2696 5674 2927 5745 ἀφέντες
2966 5692 3027 5741 ς.

191 5754 265 5828 οὗ]
291 5758 531 5819 alterutra
558 5748 779 5835 ’negatio
814 5748 1054 5816 delenda.
1131 5756 1176 5789 ⁸⁸
1209 5756 1453 5828 προσῆγε
1481 5748 1571 5810 τὸν
1607 5752 1909 5810 δοιιωῖυτυε
1944 5766 1961 5803 :
2006 5748 2128 5803 libri
2170 5748 2497 5817 προσήγετο.

3104 5671 3150 5704 ⁸⁵
3180 5669 3238 5724 οὖ
3282 5682 3404 5742 μετ’
3506 5654 3517 5685 ³
