3924 6404
164 386 247 455 937
1158 385 1683 449 BIBLIOTHECA.
1722 414 1791 425 -
1827 389 1987 450 COD.
2026 388 2323 450 CCXXIV.

3250 390 3354 453 938

161 507 232 576 βία
261 497 356 554 τῶν
381 492 774 564 ἐπιτιθεμένων.
817 495 1182 566 Ἀπῳκτίζετο
1204 498 1264 551 δὲ
1290 498 1380 553 τόν
1406 517 1463 553 τε
1488 500 1533 532 ⁹¹
1565 500 1666 570 τῆς

1781 500 2039 556 lestructa
2073 499 2308 568 praedam
2337 495 2440 552 sibi
2470 497 2678 563 fecerit,
2699 504 2756 551 et
2790 498 2931 555 aedes
2954 512 3140 557 sacras
3160 502 3347 557 dirue-

161 594 327 653 πόλεως
352 586 686 659 ἐμπρησμὸν,
721 587 817 639 καὶ
838 589 938 642 ὃσα
964 589 1025 642 τὸ
1057 588 1170 659 πῦρ
1203 592 1477 659 ἀφανίσοι,
1519 592 1666 657 ὅπως

156 703 202 741 τε
222 683 280 739 τὰ
296 679 562 751 ἀγάλματα
586 678 801 743 Κόττας
830 680 1061 751 καθῄρει
1093 683 1186 735 καί⁵
1216 682 1367 737 λείαν
1390 684 1628 737 ἐποιεῖτο
1651 722 1667 745 ,

157 777 255 840 τούς
282 792 333 827 τε
374 775 522 836 ναοὺς
549 772 799 828 κατέσπα
817 812 834 837 ,
866 774 960 827 καὶ
984 774 1085 827 ὃσα
1116 775 1252 829 ἀλλα
1278 776 1346 829 δι’
1391 776 1673 846 ὠμότητος

156 866 296 921 ἐλθὼν
332 863 616 935 ἐπεπράγει
639 905 655 930 ,
684 865 779 918 τόν
817 883 877 919 τε
920 866 1121 937 χρυσὸν
1161 869 1255 920 καὶ
1297 868 1388 920 τὸν
1435 867 1674 939 ἄργυρον

154 963 232 1030 τῆς
255 959 437 1019 πόλεως
463 957 790 1027 ἀναγράφων
818 958 1210 1029 ἀναρίθμητον,
1262 958 1357 1014 καὶ
1383 958 1484 1031 τὴν
1505 959 1675 1029 ἄλλην

152 1056 231 1123 τῆς
248 1050 546 1122 Ἡρακλείας
561 1050 627 1120 ἢν
644 1050 1031 1121 ἐσφετερίσατο
1051 1051 1419 1121 εὐδαιμονίαν.
1440 1050 1675 1104 Τοιαῦτα

154 1144 226 1198 τοῦ
262 1140 627 1212 Θρασυμήδους
662 1142 782 1210 μετ’
808 1141 1056 1212 οἰμωγῆς
1090 1142 1185 1198 καὶ
1215 1143 1465 1211 δακρύων
1493 1141 1672 1213 διελη-

152 1234 331 1295 λυθότος
349 1274 363 1297 ,
392 1232 481 1285 καὶ
504 1231 612 1284 τῶν
638 1233 923 1303 ἡγεμόνων
946 1233 1383 1288 ἐπικλασθέντων
1403 1233 1483 1304 τῷ
1510 1233 1673 1290 πάθει

153 1328 251 1398 (καὶ
275 1327 372 1397 γάρ
410 1325 649 1395 παρῆλθε
681 1331 777 1379 καὶ
802 1328 864 1379 τὸ
901 1326 1012 1379 τῶν
1050 1327 1409 1397 αἰχμαλώτων
1434 1328 1637 1397 πλῆθος
1657 1366 1674 1389 ,

151 1420 303 1488 ἄνδρες
325 1416 450 1487 ὁμοῦ
478 1420 566 1469 καὶ
588 1419 847 1484 γυναῖκες
872 1418 1012 1484 μετὰ
1033 1419 1259 1481 τέκνων,
1294 1420 1351 1471 ἐν
1380 1417 1671 1487 πενθίμοις

152 1513 363 1585 ἐσθήσεσι
393 1511 614 1575 θαλλοὺς
671 1513 911 1575 ἱκεσίους
961 1514 1078 1583 μετ’
1105 1513 1428 1584 ὀλοφυρμῶν
1460 1513 1677 1585 προτεί-

151 1607 324 1674 νοντες)
364 1604 767 1677 ἀντιπαρελθὼν
800 1607 827 1657 6
863 1606 1072 1670 Κόττας
1118 1605 1324 1677 βραχέα
1367 1609 1432 1675 τῇ
1462 1606 1677 1675 πατρίῳ

150 1698 348 1767 διελέχθη
378 1699 420 1729 ⁹¹
470 1695 720 1768 γλώττῃ,
775 1694 895 1751 εἶτα
940 1698 1229 1768 ἐκαθέσθη.
1278 1700 1386 1750 Καὶ
1440 1698 1679 1768 Κάρϐων

150 1790 360 1855 άιαστάς,
393 1788 607 1857 Ἡμεῖς,
633 1784 680 1842 ὦ
710 1790 921 1853 Κόττα,
956 1789 1107 1860 φησὶ,
1144 1792 1325 1844 πόλιν
1354 1790 1516 1844 ἑλεῖν
1541 1790 1678 1843 ἀλλ’

1772 591 1862 655 rit,
1890 600 1946 646 et
1982 600 2234 646 sexcenta
2265 589 2369 643 alia
2389 588 2814 644 crudelissimum
2859 593 2911 645 in
2958 592 3176 649 modum
3224 608 3352 663 per-

1772 685 1963 755 egerit.
2026 683 2107 738 Ad
2160 684 2275 739 haec
2338 683 2456 739 auri
2508 691 2564 736 et
2620 684 2826 753 argenti
2879 683 3151 741 inﬁnitum
3184 700 3353 756 prope

1772 792 2079 845 numerum,
2119 787 2477 847 caateramque
2512 775 2662 831 urbis
2710 774 3050 844 felicitatem,
3078 793 3238 849 quam
3290 781 3343 834 in

1772 884 1927 925 suum
1958 872 2047 927 ille
2078 874 2417 927 commodum
2449 871 2746 939 averterit,
2798 873 3132 929 recensebat.
3192 873 3288 930 His
3317 891 3349 929 a

1773 961 2160 1035 Thrasymede,
2218 978 2339 1018 cum
2388 963 2637 1019 lamentis
2683 973 2737 1018 et
2775 961 2924 1031 ﬂetu,
2957 978 3350 1019 commemora-

1776 1058 1867 1121 tis,
1902 1064 1959 1111 et
1995 1055 2346 1124 optimatibus
2387 1054 2751 1111 Romanorum
2802 1056 2869 1109 ad
2919 1056 3353 1111 commiseratio-

1777 1161 1898 1201 nem
1930 1161 2093 1202 casus
2140 1146 2284 1202 illius
2326 1147 2535 1203 inﬂexis
2586 1147 2921 1218 (accesserat
2959 1146 3157 1221 2396
3205 1148 3351 1202 enim

1780 1236 2117 1306 captivorum
2149 1251 2365 1306 quoque
2386 1236 2691 1302 multitudo,
2724 1236 2825 1291 viri
2857 1246 2911 1290 et
2939 1248 3202 1291 matronae
3224 1251 3349 1292 cum

1778 1328 1986 1395 liberis,
2012 1328 2329 1400 lugubribus
2368 1328 2700 1382 vestimentis
2726 1328 2930 1395 amicti,
2958 1338 3013 1382 et
3036 1330 3351 1397 deprecato~

1777 1420 1908 1485 rios,
1945 1435 2064 1473 cum
2098 1418 2319 1487 eiulatu,
2360 1434 2469 1489 pra:
2495 1434 2553 1474 se
2603 1419 2882 1474 tendentes
2941 1420 3073 1475 olea!
3104 1418 3346 1488 ramos),

1780 1525 2099 1581 progressus
2156 1520 2344 1566 contra
2394 1512 2446 1565 in
2513 1513 2748 1566 medium
2802 1511 2979 1577 Cotta,
3048 1512 3135 1566 ubi
3180 1528 3351 1581 pauca

1781 1603 1958 1672 lingua
1994 1603 2167 1673 patria
2222 1603 2589 1666 disseruisset,
2644 1603 2845 1658 resedit
2896 1621 2909 1658 :
2962 1612 3016 1658 et
3055 1618 3352 1672 exsurgens

1780 1691 2000 1747 Carbo:
2036 1690 2172 1757 Nos,
2227 1691 2422 1761 inquit,
2477 1692 2651 1757 Cotta,
2700 1694 3009 1762 capiendam
3071 1693 3185 1759 tibi,
3248 1709 3352 1747 non

1782 1784 2206 1848 exscindendam,
2242 1786 2421 1839 urbem
2480 1785 2908 1841 demandavimus
2939 1804 2958 1843 :
2991 1796 3044 1839 et
3074 1795 3196 1856 post
3227 1800 3352 1844 eum

149 1881 250 1949 οὐχί
286 1846 1111 1950 καθελεῖν,ἐπετρέψαμελριηί
1139 1881 1257 1953 μετ’
1300 1882 1462 1935 αὑτὸν
1495 1883 1551 1936 δὲ
1582 1882 1676 1934 καὶ

1783 1877 1873 1930 alii
1899 1875 2167 1931 consimili
2195 1876 2249 1930 in
2280 1875 2493 1933 Cottam
2538 1878 2920 1934 criminatione
2965 1888 3091 1933 sunt
3129 1877 3349 1933 invecti.

149 1973 263 2026 ἄλλοι
299 1971 485 2041 ὁμοίως
530 1972 746 2025 Κότταν
793 1975 1107 2044 ᾐτιάσαντο.
1167 1973 1387 2037 Πολλοῖς
1438 1972 1539 2044 μὲν
1584 1969 1676 2027 οὖν

1782 1967 1961 2022 Multis
1996 1967 2158 2038 igitur
2182 1967 2375 2024 exsilio
2400 1968 2591 2037 dignus
2639 1969 2939 2023 videbatur.
2985 1968 3353 2023 Moderatinne

148 2063 305 2128 ἀξιοςό
344 2063 550 2125 Κόττας
584 2064 760 2118 ἐδόκει
790 2068 989 2136 φυγῆςο
1038 2066 1430 2137 μετριάσαντες
1456 2066 1500 2119 δ’
1527 2065 1676 2135 ὅμως

1787 2069 1964 2113 tamen
1996 2060 2259 2123 adhibita,
2313 2060 2479 2114 latum
2520 2062 2568 2115 ei
2604 2062 2816 2115 clavum
2864 2063 3143 2133 abrogant.
3186 2062 3355 2116 Hera-

146 2154 508 2227 ἀπεψηφίσαντο
532 2157 635 2227 τὴν
662 2156 910 2228 πλατῠση
920 2174 1019 2223 μον
1040 2156 1227 2211 αὑτοῦ.
1267 2156 1676 2227 Ἡρακλεώταις

1781 2149 2080 2203 cleensibus
2102 2162 2234 2203 vero
2269 2164 2455 2219 agrum
2490 2158 2545 2205 et
2581 2164 2727 2205 mare
2752 2159 2806 2208 ct
2827 2159 3016 2219 portus
3040 2152 3349 2216 restituunt,

146 2248 187 2300 δὲ
206 2250 287 2318 τήν
314 2264 368 2300 τε
392 2246 576 2318 χώραν
607 2248 701 2302 καὶ
743 2247 842 2319 τὴν
867 2249 1144 2303 θάλασσαν
1174 2248 1270 2303 καὶ⁹
1297 2249 1424 2311 τοὺς
1452 2247 1676 2319 λιμένας

1783 2241 2064 2308 rogatione
2090 2240 2322 2309 perlata,
2365 2251 2424 2296 ut
2453 2256 2615 2297 nemo
2646 2242 2838 2299 horum
2873 2242 3123 2299 servituti
3158 2241 3229 2296 sit
3258 2241 3353 2295 ad-

147 2340 563 2409 ἀποκατέστησαν,
590 2340 683 2393 καὶ
708 2340 914 2410 μηδένα
935 2338 1208 2393 δουλεύειν
1234 2339 1414 2410 ψῆφον
1442 2339 1649 2392 ἐθεντο.
1778 2334 1973 2386 dictus.

334 2452 457 2507 CAP.
494 2452 655 2508 LXII.
691 2452 1060 2524 Thrasymedis
1092 2462 1140 2509 et
1170 2453 1498 2524 Brithagorte
1521 2451 1753 2505 studium
1791 2447 1931 2500 circa
1954 2444 2392 2500 instaurationem
2417 2444 2689 2501 Herae-lete
2718 2456 2769 2501 et
2807 2446 3113 2503 libertatem.

196 2570 358 2627 Ταῦτα
379 2570 774 2643 Θρασυμήδους
798 2572 1243 2643 διαπραξαμένου
1262 2613 1277 2637 ,
1307 2572 1403 2626 ἐπὶ
1439 2571 1538 2643 τὴν
1568 2586 1674 2623 πα-

1852 2563 1951 2618 liis
1977 2578 2108 2633 ergo
2139 2564 2542 2635 Thrasymedes
2569 2566 2852 2631 confectis,
2887 2567 3095 2637 plebem
3144 2569 3356 2624 remisit

144 2664 265 2735 τρίόα
299 2665 389 2734 μὲν
414 2665 541 2727 τοὺς
574 2664 806 2728 πολλοὺς
851 2665 1185 2735 ἐξέπεμψεν,
1227 2664 1390 2728 αὐτὸς
1430 2663 1487 2715 δὲ
1538 2662 1675 2732 μετὰ

1781 2655 1835 2708 in
1877 2652 2106 2722 patriam
2141 2672 2154 2709 :
2185 2653 2301 2723 ipse
2327 2670 2454 2709 vero
2499 2670 2622 2711 cum
2663 2656 2981 2727 Britbagora
3011 2668 3066 2712 et
3101 2656 3351 2730 Propylo,

147 2756 427 2827 Βριθαγόρου
452 2772 511 2807 τε
538 2758 637 2810 καὶ
661 2755 944 2827 Προπύλου
978 2757 1141 2827 (⁸παίς
1169 2757 1215 2810 δ’
1243 2751 1311 2828 ἦν
1338 2757 1367 2808 6
1393 2754 1676 2827 Πρόπυλος

1782 2747 2118 2815 Βτίιιιεςοτιε
2171 2747 2303 2806 ﬁlio.
2372 2748 2439 2801 ad
2503 2757 2715 2819 tempus
2778 2750 2973 2807 dehinc
3024 2751 3351 2811 subsistens.

146 2847 471 2921 Ιιριθαγόρου)
500 2851 647 2902 κατά
680 2849 809 2913 τοὺς
834 2848 961 2920 ἑξῆς
983 2849 1260 2920 ἐπιμένων
1282 2848 1410 2921 [594
1434 2847 1525 2919 H.]
1553 2847 1676 2917 χρόα

1781 2851 1893 2906 quae
1915 2837 2106 2907 patriae
2144 2853 2275 2893 usus
2328 2838 2571 2909 exigeret
2610 2841 3026 2896 administravit.
3080 2840 3352 2897 Peractis-

144 2957 239 3003 νους
260 2941 320 2993 τὰ
355 2939 512 2994 λοιπά
534 2940 650 2994 τῶν
680 2941 1012 3008 ἐπειγόντων
1037 2941 1353 2996 καθίστατο.
1385 2940 1493 2994 Καί
1512 2956 1674 2992 τινων

1781 2945 1875 2999 que
1904 2930 2108 2999 aliquot
2131 2931 2311 2995 annis,
2350 2946 2472 2985 cum
2504 2932 2675 2988 tribus
2712 2934 2975 2988 onerariis
3024 2934 3251 2989 navibus
3297 2935 3351 2987 in

145 3031 250 3085 ἐτῶν
273 3032 603 3086 ἀνυσθέντων
649 3032 828 3103 τρισὶν
856 3032 1182 3103 ἐπακτρίσιν
1225 3034 1307 3097 είς
1350 3032 1449 3103 τὴν
1509 3031 1674 3103 Ἦρά-

144 3126 295 3179 κλειαν
321 3127 651 3192 ἐπανάγεται
680 3124 748 3179 ν’.
794 3125 1149 3196 Ἀφικόμενος
1186 3125 1243 3179 δέ
1271 3125 1450 3179 πάντα
1476 3122 1676 3195 τρόπον

145 3218 314 3270 ἐπενόει
342 3215 711 3282 ἀνοικίζεσθαι
740 3217 785 3249 ⁸⁸
832 3214 932 3287 τὴν
962 3215 1141 3281 πόλιν,
1171 3214 1424 3284 καθάπερ
1455 3214 1534 3276 είς
1566 3229 1674 3264 πα-

1771 3024 1999 3093 patriam
2056 3037 2357 3094 regressus,
2391 3036 2489 3079 ceu
2514 3025 2581 3079 ad
2616 3027 2841 3079 alterum
2888 3036 3196 3081 revocatant
3251 3040 3353 3081 na—

1784 3115 1941 3169 talem
1975 3115 2122 3170 omni
2152 3114 2332 3169 studio
2366 3130 2619 3184 reparare
2666 3117 2963 3172 contendit.
2996 3116 3192 3173 Verum
3224 3118 3353 3174 dum

1782 3206 1959 3259 omnia
1994 3206 2240 3271 molitur,
2277 3220 2367 3261 Vtx
2400 3216 2457 3260 ut
2484 3206 2624 3262 8000
2646 3208 2830 3264 vernis
2854 3210 3016 3263 etiam
3039 3224 3357 3266 annumera-

143 3308 441 3377 λιγγενεσίαν
480 3275 949 3378 ἀνακαλούμενός.
997 3275 1155 3361 Ἀλιλά
1196 3308 1371 3361 πάντα
1394 3275 1676 3375 ’πράττων

1783 3301 1872 3361 tis.
1898 3300 2301 3368 colligerentur,
2328 3298 2523 3356 decit.
2567 3300 2915 3372 Britbagoras
2959 3313 3159 3367 autem,
3215 3304 3353 3358 civi-

146 3400 269 3467 μόλις
299 3401 375 3464 είς
432 3399 876 3469 ὀκτακισχιλίους
899 3440 915 3463 ,
954 3398 1072 3469 ἅμα
1104 3403 1219 3463 τοῖς
1251 3401 1541 3461 οίκετικοῖς
1572 3396 1678 3450 σώ-

145 3506 280 3556 μασι,
315 3491 641 3559 συλλεγῆναι
672 3489 1073 3561 κατεπράξατο.
1102 3488 1445 3561 Βριθαγόρας
1471 3489 1548 3553 δέ,
1574 3488 1677 3558 ήδη

142 3580 220 3650 τῆς
263 3583 457 3645 πόλεως
505 3582 855 3653 αὐξομένης,
919 3582 1141 3644 ἐλπίδας
1196 3582 1491 3651 ἐποιήσατο
1542 3579 1679 3649 πρὸς

144 3671 412 3744 ἐλευθερίαν
440 3674 534 3727 τὸν
578 3674 751 3743 δῆμον
781 3675 1117 3742 ἀνενεγκεῖν,
1153 3672 1248 3727 καὶ
1284 3670 1678 3739 διαγεγονότων

145 3762 222 3830 μὲν
249 3764 447 3819 πολλῶν
474 3764 636 3830 ἐτῶν,
672 3764 774 3836 ἠδη
821 3764 880 3817 δέ
912 3764 1013 3832 τῆς
1065 3762 1350 3833 Ῥωμαίων
1381 3760 1677 3831 ἡγεμονίας

142 3857 201 3917 είς
217 3856 299 3908 ἕνα
318 3855 747 3926 περιισταμένης
768 3855 937 3925 ἀνδρα
962 3855 1121 3907 Γάϊον
1153 3854 1371 3906 Ἰούλιον
1400 3853 1675 3921 Καίσαρα,

142 3945 251 4013 up);
274 3946 449 3999 τοῦτον
476 3946 761 4017 ἠπείγετο.
796 3946 1235 4017 Συνεπρέσὸευον
1262 3945 1320 3997 δὲ
1348 3943 1498 4013 αὑτῷ
1526 3944 1676 3997 ἄλλοι

141 4037 185 4090 τέ
210 4056 337 4103 τινες
359 4040 467 4093 τῶν
515 4040 801 4109 ἐπιφανῶν
846 4040 942 4092 καὶ
972 4040 1000 4091 6
1037 4038 1150 4102 υίὸς
1198 4036 1499 4109 Πρόπυλος.
1533 4037 1678 4090 Γνω-

145 4130 260 4191 σἿεὶς
283 4127 369 4184 οὖν
396 4131 473 4203 τῷ
501 4132 745 4202 Καίσαρι
776 4130 1142 4202 Βριθαγόρας,
1174 4130 1268 4184 καὶ
1298 4128 1676 4198 διαπραξάμε-

142 4236 209 4280 νος
232 4223 500 4295 ἐγγυτέρω
530 4226 601 4295 τῇ
637 4223 793 4294 φιλία
830 4222 1169 4293 προσελθεῖν,
1218 4220 1284 4274 δι’
1330 4220 1677 4289 ὑποσχέσεως

141 4314 341 4381 ἐγένετο,
375 4318 437 4370 οὐ
467 4317 576 4388 μὴν
606 4315 667 4381 ἐξ
698 4316 888 4385 ἐφόδου
914 4332 979 4383 γε
1005 4315 1189 4368 λαῦεἶν
1226 4315 1325 4385 τὴν
1362 4312 1676 4383 ἐλευθερίαν

140 4400 375 4473 ἠδυνήθη,
410 4404 506 4458 ἆτε
557 4404 623 4476 δὴ
659 4405 759 4458 οὐκ
792 4405 851 4457 ἐν
897 4406 963 4475 τῇ
1016 4404 1205 4475 Ῥώμῃ
1243 4402 1357 4456 ἀλλ’
1394 4402 1481 4471 ἐφ’
1513 4402 1676 4472 ἔτερα

141 4492 215 4545 τοῦ
244 4495 389 4551 Paton
422 4496 868 4569 περιτρέχοντας.
900 4497 1017 4549 Οὐκ
1066 4497 1335 4564 ἀφίστατο
1380 4495 1564 4565 μέντοι
1612 4510 1677 4563 γε

1781 3401 1891 3445 tate
1916 3392 2025 3460 jam
2054 3403 2407 3462 augescente,
2431 3393 2684 3462 pupulum
2717 3395 2770 3448 in
2799 3396 3083 3462 pristinam
3134 3395 3355 3450 liberta~

1780 3491 1884 3537 tem
1924 3482 2231 3539 vindicandi
2270 3500 2421 3552 spem
2481 3485 2633 3552 facit,
2692 3488 2958 3557 annisque
2983 3488 3179 3557 elapsis
3209 3488 3355 3542 haual

1778 3574 1990 3641 paucis,
2019 3574 2385 3632 Romanorum
2418 3578 2643 3647 imperio
2663 3579 2772 3648 jam
2801 3581 2866 3633 ad
2922 3596 3085 3634 unum
3141 3580 3203 3635 C.
3244 3579 3351 3637 Jul.

1783 3664 2050 3720 Caesarem
2082 3666 2357 3734 devoluto,
2390 3670 2457 3724 ad
2480 3684 2604 3723 eum
2660 3672 2960 3726 contendit.
3012 3671 3353 3738 Legationetn

1777 3770 1901 3809 cum
1928 3772 1994 3811 eo
2025 3759 2271 3825 obibant,
2303 3776 2427 3815 cum
2459 3761 2549 3815 alii
2582 3776 2646 3816 ex
2676 3763 2976 3830 nobilitate,
3007 3774 3117 3817 tum
3149 3762 3356 3833 Propy-

1778 3847 1880 3901 lus.
1914 3847 1985 3901 lbi
2019 3851 2198 3905 notior
2221 3849 2396 3906 factus
2423 3851 2623 3908 Carsari
2651 3851 3022 3925 Britbagoras,
3058 3866 3112 3910 et
3138 3858 3358 3925 pmpins

1778 3941 1832 3993 in
1862 3940 2158 3995 amicitiam
2192 3943 2484 4009 admissus,
2527 3946 2945 4015 promissionem
2977 3948 3194 4017 quidem
3221 3949 3359 4004 accio

1777 4032 1875 4102 pit,
1905 4036 1999 4087 sed
2025 4034 2323 4091 libertatem
2352 4038 2524 4106 prima
2573 4039 2857 4094 occasione
2905 4056 3224 4109 recuperare
3273 4056 3361 4095 ne-

1780 4125 1921 4192 quit,
1955 4128 2097 4192 quod
2140 4141 2244 4180 non
2275 4126 2479 4194 Romae,
2512 4130 2606 4183 sed
2626 4129 2753 4184 alibi
2784 4140 3077 4195 terrarum,
3107 4129 3281 4186 Julius
3305 4131 3359 4185 in

1780 4219 2119 4286 negotiorum
2144 4218 2495 4275 distractione
2545 4221 2886 4276 versabatur.
2931 4220 3049 4275 Non
3080 4230 3258 4277 tamen
3292 4222 3360 4275 ab

1779 4308 1994 4380 incepto
2017 4311 2225 4365 destitit
2254 4311 2629 4381 Brithagoras,
2676 4314 2769 4368 sed
2797 4328 2895 4383 per
2920 4323 3087 4369 totum
3124 4314 3235 4368 fere
3278 4327 3363 4367 or.

1777 4403 1899 4458 betn
1938 4419 2062 4457 cum
2115 4403 2331 4461 Caesare
2376 4405 2806 4471 circumductus,
2843 4407 2956 4477 ipse
3000 4418 3055 4462 et
3097 4406 3365 4476 Propylus

1780 4494 1832 4548 in
1865 4494 2035 4549 oculis
2072 4494 2188 4564 ejus
2215 4507 2373 4552 erat:
2414 4507 2472 4552 ut
2494 4513 2598 4554 non
2619 4501 2850 4555 obscure
2882 4499 3174 4568 imperator
3194 4498 3362 4567 signi-

143 4580 465 4659 Βριθαγόρας,
491 4588 630 4643 ἀλλά
656 4589 785 4656 περὶ
816 4588 997 4640 πᾶσαν
1031 4587 1131 4658 τὴν
1159 4588 1486 4658 οἰκουμένην
1513 4588 1675 4651 αὐτός

1785 4584 1994 4653 llcaret,
2033 4588 2351 4655 petitionem
2388 4590 2623 4645 hominis
2670 4605 2729 4645 se
2767 4592 3087 4660 approbare.
3152 4588 3364 4643 Duode-

142 4688 189 4725 τε
210 4679 292 4729 καὶ
315 4680 595 4749 Πρόπυλος
619 4678 1129 4750 συμπεριαγόμενος
1144 4678 1225 4748 τῷ
1255 4678 1497 4748 Καίσαρι
1524 4680 1677 4734 ἐϐλέ-

144 4783 249 4822 πετο
272 4773 394 4842 παρ’
433 4772 632 4837 αὐτοῦ,
662 4773 739 4837 ὡς
772 4772 1265 4844 ἐπισημειούμενον
1293 4772 1385 4825 τὸν
1413 4772 1680 4843 αὐτοκρά-

142 4875 247 4928 τορα
275 4864 368 4933 τῆς
409 4865 763 4937 λιπαρήσεως
807 4866 972 4920 αὐτὸν
1018 4864 1400 4935 ἀποδέχεσθαι.
1435 4865 1682 4918 Δωδεκα-

1784 4680 1890 4733 cini
1954 4682 2173 4736 tandem
2230 4698 2404 4738 annos
2462 4684 2513 4737 in
2567 4683 2936 4737 familiaritate
2990 4682 3362 4736 Romanorum

1785 4781 2065 4839 emensus,
2113 4789 2237 4829 cum
2266 4773 2380 4844 jam
2427 4775 2608 4834 redire
2649 4774 2832 4831 Caesar
2883 4776 3202 4829 instituisset
3251 4772 3367 4829 Ro-

1788 4879 1959 4930 mam,
1992 4876 2215 4921 senecta
2250 4877 2305 4922 et
2366 4867 2611 4922 laborum
2684 4868 3005 4923 assiduitate
3066 4866 3364 4922 exhaustus

143 4952 263 5017 ετίας
291 4956 345 5009 δέ
375 4958 475 5029 τὴν
507 4960 812 5031 παρεδρίαν
833 4958 1260 5029 διαμετρούσης,
1290 4959 1387 5012 καὶ
1415 4960 1543 5029 περὶ
1582 4958 1676 5029 τῆς

1792 4955 2163 5029 Britbagoras,
2203 4961 2388 5015 vivere
2427 4961 2645 5024 desinit,
2677 4970 2733 5015 et
2771 4960 3026 5031 grandem
3073 4961 3259 5030 patriae
3288 4959 3367 5012 lu-

142 5043 205 5104 είς
252 5045 461 5120 Ῥώμην
500 5051 759 5104 ἐπανόδου
805 5050 900 5103 τοῦ
941 5050 1218 5121 Καίσαρος
1264 5050 1682 5120 διανοουμένου,

144 5129 227 5184 ὑπό
255 5152 309 5188 τε
354 5138 445 5191 τοῦ
475 5141 679 5211 γήρους
729 5140 825 5193 καὶ
869 5139 977 5193 τῶν
1012 5140 1254 5210 συνεχῶν
1302 5142 1483 5195 πόνων
1516 5158 1685 5195 κατα-

1793 5062 1937 5107 ctum
1967 5068 1995 5106 a
2025 5068 2085 5108 se
2119 5053 2399 5123 relinquit.
2439 5054 2618 5122 Atque
2652 5052 2725 5106 ita
2762 5068 2850 5107 xv:
2888 5053 3050 5105 etiam
3100 5052 3234 5105 liber
3258 5052 3362 5105 Hi-

1792 5144 2079 5198 storiarum
2108 5144 2411 5200 Memnonis
2438 5144 2782 5199 abbreviatus
2817 5143 2977 5197 linem
3002 5142 3186 5197 habet.

141 5228 402 5295 τρυχωθεὶς
434 5231 773 5302 Βριθαγόρας
796 5230 1040 5303 τελευτᾷ,
1079 5232 1221 5301 μέγα
1248 5231 1442 5296 πένθος
1466 5235 1530 5305 τῇ
1564 5234 1778 5306 πατρίδι
1831 5236 2169 5292 καταλιπών.
2210 5239 2304 5300 Ei;
2328 5234 2568 5291 τοιοῦτον
2593 5236 2640 5267 ⁸⁸
2688 5234 2788 5305 μὲν
2850 5233 3003 5298 τέλος
3056 5234 3153 5287 καὶ
3203 5236 3231 5286 6
3289 5237 3365 5298 ις’

143 5317 269 5388 λόγος
294 5325 390 5395 τῆς
418 5327 697 5399 Μέμνονος
726 5328 963 5399 ἱστορίας
994 5330 1243 5400 τελευτᾷ.

201 5417 342 5471 Ἐστι
369 5420 425 5472 δὲ
453 5424 486 5491 ἡ
520 5422 811 5494 συγγραφὴ
836 5424 1093 5495 νουνεχὴς
1128 5425 1227 5495 μὲν
1257 5425 1352 5480 καὶ
1384 5426 1474 5478 τὸν
1501 5427 1677 5497 ἰσχνὸν

1858 5424 2053 5498 2ωα
2082 5424 2321 5479 Prudens
2342 5432 2427 5477 est
2474 5423 2691 5492 quidem
2723 5421 2837 5476 haec
2887 5420 3142 5484 Historia,
3170 5426 3227 5472 et
3252 5419 3371 5471 exi-

145 5508 527 5570 μεταδιὼκουσα
556 5518 880 5587 χαρακτῆρα
900 5555 914 5579 ,
963 5517 1024 5568 οὐ
1061 5514 1168 5587 μὴν
1198 5516 1317 5570 οὐδὲ
1342 5517 1436 5571 τοῦ
1481 5519 1676 5589 σαφοῦς

1798 5518 1902 5574 lem
1970 5529 2271 5585 assequens
2330 5516 2725 5569 characterem.
2784 5510 3195 5579 Perspicuitatts
3257 5522 3369 5560 non

1392 5633 1627 5690 VARle
1660 5631 2067 5690 LECTIONES.

199 5719 313 5800 "_-.s
349 5723 566 5800 add.‘_A.
633 5726 680 5800 '_’
706 5724 943 5796 πατρῴῳ
980 5726 1245 5799 διειλέχθη
1276 5747 1334 5794 ς.
1412 5730 1457 5761 ³³
1484 5728 1899 5800 ἐπεστρέψαμεν
1929 5744 1990 5792 ς.

144 5786 305 5850 ζισθαι
331 5810 387 5857 ς.
462 5794 510 5825 ’⁸
530 5794 737 5848 τοιοῦτο
766 5786 827 5861 ςξ

390 5889 660 5953 Panos.
692 5894 810 5955 Ge.
848 5893 1005 5958 Clll.

2130 5722 2175 5756 "‘
2203 5720 2538 5791 ἐπανάγεται
2591 5722 2634 5777 Δ
2670 5739 2683 5776 :
2715 5722 2904 5791 ἄγεται
2929 5738 2991 5785 ς.
3095 5720 3141 5751 ’⁸
3169 5719 3368 5773 ἐνοικι-

2900 5881 2972 5943 30
