3924 6412
561 368 665 430 939
1703 367 1963 428 PHOTII
2008 368 2110 425 l’A'

2190 369 2508 429 {IARCIIzE
2539 370 2645 429 ce.
2718 370 2723 373 '
3656 381 3739 448 940

562 484 882 547 incuriosus,
917 479 1340 553 digressionibus
1388 490 1563 537 tamen
1609 481 1792 549 utitur,
1827 481 2111 550 praesertin:

2193 482 2498 554 _&pe).oﬁaa
2518 524 2533 545 ,
2564 480 2933 552 εὐλαϐουμένη
2966 482 3021 535 δὲ
3052 481 3145 536 καὶ
3172 483 3267 545 τὰς
3301 483 3539 549 ἐκϐολὰς,
3569 488 3685 559 πλὴν
3704 496 3742 546 εί

559 573 882 629 necessitate
907 573 1151 639 adactus,
1175 582 1231 627 et
1279 574 1514 627 externis
1570 574 1828 627 addendis
1858 574 1963 627 huc
1995 573 2108 625 hor-

2232 576 2305 644 μή
2358 575 2457 627 πού
2503 592 2588 636 τις
2636 575 2849 643 ἀνάγκη
2902 575 3251 643 συνυφαίνειν
3298 573 3420 646 [757
3462 575 3549 648 IL]
3576 582 3655 632 καὶ
3690 585 3744 637 τὰ

562 665 821 720 tantibus.
853 665 1039 735 Neque
1070 667 1118 719 id
1151 666 1346 720 accidit
1378 666 1708 735 frequenter,
1742 666 1833 719 sed
1886 664 1975 718 ubi
2028 664 2111 718 sti-

2228 664 2427 728 ἔξωθεν
2458 663 2805 732 ὲγκελεύεται
2835 666 2933 734 τῆς
2967 665 3300 736 προθέσεως.
3337 665 3469 719 Οὐδὲ
3499 668 3624 739 πρὸς
3646 673 3746 725 ruﬁ-

560 753 751 807 mulari
784 769 843 809 se
877 754 1059 809 sentit.
1092 754 1254 809 Redit
1281 769 1409 809 vero
1431 756 1495 808 ad
1523 755 1878 825 propositum.
1912 752 2109 819 Verbis,

2227 773 2327 825 την
2356 756 2413 809 δὲ
2439 757 2534 810 ἐπὶ
2566 756 2626 809 τὸ
2656 756 2851 827 συχνὸν
2881 758 3185 821 ἀποκλίνει,
3216 757 3351 811 ἀλλὰ
3377 758 3437 811 τὸ
3469 764 3747 831 κατεπεῖγον

558 846 660 900 nisi
697 860 819 900 raro
854 847 1171 909 immutatis,
1204 848 1415 929 usitatis
1463 848 1649 901 utitur.
1710 845 1784 911 De
1818 857 1941 900 oeto
1972 846 2107 899 libri:

2228 847 2625 917 ἐπιμνησθεῖσα
2664 847 2850 918 ἔχεται
2881 849 3044 903 πάλιν
3078 849 3486 918 εὑεπιστρόφως
3512 849 3605 920 τῆς
3640 868 3749 924 πρυ.

557 945 751 1006 praeter
779 937 1032 1002 sedecim,
1067 941 1209 1007 quod
1226 952 1319 992 eos
1348 939 1580 992 nondum
1600 938 1778 993 videre
1811 937 2106 1007 contigerit,

2226 939 2475 1009 τεθείσης
2509 940 2645 1009 αὐτῇ
2672 940 2791 992 κατ’
2817 939 2991 1009 ἀρχὰς
3019 938 3265 1010 γνώμης.
3302 941 3408 993 Καὶ
3436 939 3602 1006 λέξεσι
3626 942 3691 1005 δὲ,
3714 948 3750 999 εί

556 1044 663 1083 non
691 1028 862 1084 habeo
892 1028 1090 1083 dicere.

2235 1034 2308 1101 μή
2370 1049 2470 1085 που
2526 1032 2770 1095 σπανίως
2820 1032 3310 1098 ὲξαλλαττούσαις,
3368 1034 3487 1097 ταῖς
3541 1035 3752 1105 συνήθεσι

553 1126 756 1195 χρᾶται
782 1124 852 1177 ⁸⁷.
894 1123 1004 1186 Τὰς
1037 1122 1093 1176 δὲ
1131 1122 1353 1193 πρώτας
1382 1124 1432 1195 η’
1468 1126 1705 1194 ἱστορίας
1741 1124 1960 1188 καὶτὰς
1995 1125 2130 1195 μετὰ
2157 1124 2254 1195 τὴν
2311 1134 2389 1191 ις’
2444 1127 2597 1181 οὔπω
2649 1130 2824 1181 εἰπεῖν
2890 1130 2971 1191 είς
3054 1129 3183 1181 θέαν
3264 1127 3422 1198 ἡμῶν
3493 1129 3753 1200 ἀφιγμένας

555 1219 772 1289 ἔχομεν.

1387 1312 1464 1367 De
1493 1312 1743 1367 Clearcho
1770 1326 1993 1384 tyranno
2035 1311 2302 1365 Heraclew
2334 1310 2587 1365 Ponticae.
2625 1309 2706 1364 Ex
2738 1309 2928 1364 Suida.

628 1404 920 1460 Clearchus
968 1406 1221 1463 Ponticus
1268 1406 1508 1460 Athenas
1555 1406 1701 1460 venit
1736 1405 1985 1458 audiendi
2035 1401 2276 1475 Platonis
2308 1411 2370 1475 et
2424 1399 3468 1475 doctrinaeuphilosophicacupiditate.
3525 1401 3620 1475 Sed
3665 1407 3755 1475 ejus

566 1476 1094 1550 consuetudinemon
1137 1478 1240 1550 diu
1296 1491 1433 1550 usus
1470 1476 1610 1546 (erat
1645 1475 1789 1529 enim
1838 1477 1940 1550 diis
1985 1470 2270 1550 inimic_us)_
2297 1471 2363 1550 in
2395 1472 2598 1550 somnis
2622 1469 2755 1524 vidit
2792 1469 3081 1550 mulierem
3104 1471 3206 1526 sibi
3230 1469 3505 1550 dicentem
3536 1490 3548 1525 :
3581 1469 3755 1550 Excede

565 1545 1099 1617 academia,et|fuge
1133 1538 1526 1617 philosophiam
1558 1563 1571 1597 :
1602 1560 1773 1614 neque
1803 1546 1947 1597 enim
1982 1558 2043 1596 ea
2084 1538 2308 1617 l'rui
2342 1538 2423 1593 las
2443 1549 2546 1617 est,
2572 1554 2691 1617 quae
2714 1552 2767 1595 te
2823 1540 3178 1597 infestissimo
3205 1543 3356 1596 vultu
3384 1544 3631 1617 intuetur.
3657 1545 3760 1610 Qui-

564 1614 663 1667 bus
707 1614 926 1681 auditis,
960 1610 1206 1671 'rei'lit'in
1238 1610 1632 1683 expeditionem
1667 1610 1764 1669 {et
1789 1626 2080 1682 oppressus
2113 1610 2333 1683 invidia,
2361 1610 2529 1683 patria
2580 1610 2789 1683 relicta,
2836 1626 3241 1683 conscensaque
3282 1626 3441 1677 nave,
3482 1613 3600 1666 dum
3640 1618 3759 1671 exsul

566 1684 804 1752 oberrat,
846 1678 1095 1752 pervenit
1142 1687 1208 1740 ad
1258 1678 1649 1748 Mithridatem,
1675 1678 1978 1751 castrisque
2008 1681 2148 1751 apud
2184 1696 2302 1733 eum
2333 1680 2543 1752 positis,
2591 1678 2859 1752 laudatur.
2898 1680 3014 1735 Non
3066 1678 3409 1752 multogpost
3455 1683 3625 1751 gravis
3651 1686 3761 1740 inter

568 1749 915 1823 lleracleot—as
958 1757 1173 1809 exsistit
1217 1756 1429 1810 seditio.
1465 1756 1665 1808 Deinde
1707 1754 1759 1807 in
1793 1749 2021 1822 gratiam
2049 1749 2125 1803 'et
2163 1750 2523 1823 concordiam
2555 1749 2748 1823 redire
2771 1749 3514 1823 cupientes,_paciiicatorein
3561 1754 3763 1823 deligunt

562 1821 899 1892 Clearchum.
950 1825 998 1878 ls
1030 1826 1081 1879 in
1120 1827 1316 1887 reditu,
1352 1825 1403 1877 in
1462 1824 1759 1878 diversorio
1781 1817 2012 1890 quodam
2042 1834 2232 1892 rursus
2266 1819 2318 1871 in
2355 1817 2867 1892 soninisEvopintn,
2904 1817 3344 1876 Heracleotarum
3383 1817 3761 1892 tyrannum-sibi

563 1891 827 1964 dicentem
857 1896 1004 1948 audit
1031 1914 1045 1949 :
1078 1895 1303 1963 Oportet
1325 1904 1376 1948 te
1408 1906 1693 1964 tyrannum
1734 1889 1851 1946 esse
1888 1892 2097 1959 patriae.
2132 1890 2330 1964 sedet
2356 1890 2441 1942 hic
2473 1889 2866 1964 p_hi_los0phiam
2894 1905 3240 1964 eum‘cavere
3267 1889 3515 1964 iubebat,
3546 1907 3762 1948 renovata

561 1963 760 2015 sonmii
804 1959 1151 2021 Atheniensis
1203 1959 1483 2018 inertior-ia.
1534 1963 1736 2016 Rerum
1794 1966 2015 2032 potitus.
2049 1959 2612 2032 crudelissimusufuit,
2648 1970 2703 2013 et
2729 1960 3074 2029 insuperabili
3108 1962 3361 2031 superbia
3395 1964 3654 2023 incensus,
3684 1965 3763 2017 hu-

562 2046 717 2102 mana
753 2034 1061 2088 conditione
1103 2041 1434 2102 contempta,
1479 2034 1695 2087 adorari
1744 2029 1824 2096 se,
1854 2040 1909 2087 et
1952 2030 2164 2102 divinos
2208 2030 2394 2086 haberi
2409 2029 2541 2102 _sibi
2585 2030 2825 2102 honores
2854 2029 3262 2102 pos_tulavit,'et
3293 2041 3477 2087 vestes
3508 2032 3606 2102 diis
3634 2034 3763 2086 lami-

567 2101 736 2156 liares
789 2104 985 2166 induit,
1018 2098 1336 2171 eorumque'
1357 2098 1550 2157 statuis
1591 2103 1818 2171 decoras
1853 2119 1867 2155 :
1904 2112 1963 2171 et
2000 2101 2167 2154 lilium
2212 2114 2370 2171 suum
2398 2098 2706 2171 Ceraunon,
2744 2101 2794 2153 id
2823 2098 2907 2155 est
2935 2100 3162 2171 fulmen,
3186 2102 3496 2171 appellavit.
3534 2101 3766 2157 lnterl’ecit

562 2181 742 2243 autem
784 2188 905 2227 eum
946 2174 1181 2243 primum
1215 2168 1451 2228 vindicta
1486 2190 1500 2227 :
1534 2174 1728 2228 deinde
1772 2170 1999 2243 Chionis
2046 2185 2258 2243 manus,
2295 2169 2577 2243 fam_iliaris
2619 2168 2887 2243 Platonis,
2914 2180 2989 2243 et
3028 2170 3146 2243 ejus
3176 2168 3491 2243 ad'tempus
3517 2173 3765 2243 auditoris,

561 2242 663 2312 qui
697 2243 821 2296 odio
854 2237 1065 2312 tyranni
1096 2245 1146 2297 in
1189 2244 1334 2299 illius
1362 2244 1567 2298 antibus
1595 2244 1791 2297 hausto
1824 2242 2054 2310 patriam
2088 2240 2358 2312 liberavit.
2384 2237 2516 2291 Tam
2544 2239 2792 2309 praeclari
2821 2239 3084 2312 facinoris
3124 2241 3258 2312 socii
3293 2237 3518 2297 fuerunt
3542 2237 3766 2298 Leonides

560 2320 614 2365 et
640 2310 950 2381 Antitheus,
986 2314 1088 2383 ipsi
1116 2328 1332 2385 quoque
1366 2313 1693 2383 philosophi.
1730 2312 1915 2369 Justas
1945 2319 2124 2364 autem
2159 2311 2428 2365 scelerum
2460 2323 2651 2377 ptenas
2684 2324 2807 2364 eum
2838 2311 3074 2375 dedisse,
3103 2310 3308 2366 dictum
3340 2321 3451 2367 est.

1441 2404 1523 2458 Ea:
1556 2403 1788 2457 Diodoro
1814 2401 2014 2465 Siculo,
2048 2400 2142 2454 lib.
2171 2416 2261 2467 xv,
2300 2399 2375 2454 De
2405 2402 2582 2454 eodem
2611 2401 2888 2459 Cleareho.

641 2493 839 2548 Eadem
876 2508 1004 2549 vero
1043 2504 1358 2566 tempestate
1386 2496 1707 2561 Clearchus,
1736 2511 1801 2550 ex
1842 2494 2103 2566 Heraclea
2139 2491 2362 2547 Pontica
2391 2495 2674 2566 oriundus,
2712 2493 3057 2564 tyrannidem
3091 2494 3395 2566 aﬂectavit,
3439 2508 3503 2548 ac
3530 2494 3631 2550 voti
3650 2507 3766 2548 com-

566 2578 666 2634 pos
707 2568 916 2631 lactus,
947 2564 1228 2620 annulatus
1264 2576 1347 2620 est
1383 2567 1622 2637 Dionysii
1666 2570 1885 2636 tyranni
1935 2564 2205 2629 instituta,
2249 2574 2303 2617 et
2335 2564 2615 2633 splendide
2663 2566 3006 2633 tyrannidem
3048 2566 3101 2618 in
3136 2564 3489 2621 Heracleotas
3521 2579 3764 2627 exercens,

565 2650 849 2702 nnpertum
889 2638 1057 2690 tenuit
1090 2652 1185 2705 per
1217 2650 1390 2693 annos
1420 2639 1726 2692 duodecim.
1766 2688 1769 2689 ν

1796 2729 1880 2784 Ex
1906 2734 2083 2786 eodem
2105 2729 2337 2784 Diodoro
2365 2731 2454 2783 lib.
2490 2744 2599 2781 xvr.

628 2818 923 2896 Clearchus
979 2820 1255 2877 Heracleae
1289 2833 1569 2896 tyrannus,
1627 2839 1759 2896 cum
1775 2825 2028 2896 Dionysia
2062 2824 2139 2893 (id
2172 2836 2255 2878 est
2287 2822 2664 2891 Bacchanalia;
2691 2828 2899 2885 essent,
2930 2820 3056 2875 dum
3087 2826 3153 2877 ad
3185 2822 3500 2892 spectacula
3519 2821 3673 2889 vadit,
3695 2820 3767 2875 in-

564 2890 820 2946 terfectus
844 2899 951 2958 est,
984 2906 1082 2961 per
1115 2907 1285 2946 annos
1312 2890 1599 2947 duodecim
1639 2894 1865 2964 imperio
1892 2890 2118 2965 potitus.

1217 2984 1303 3038 Ea:
1327 2983 1652 3055 Theopompo
1681 2984 1830 3050 Citio,
1854 2986 1920 3041 de
1954 2988 2132 3040 eodem
2158 2983 2428 3050 Clearcho,
2455 2984 2593 3050 apud
2620 2984 2923 3038 Athencum
2949 2981 3039 3037 lib.
3065 2998 3144 3038 lli.

634 3074 830 3132 Multos
861 3087 1038 3132 morte
1068 3076 1301 3131 violenta
1326 3092 1355 3131 e
1388 3078 1566 3132 medio
1634 3078 1874 3144 tollebat,
1906 3093 1971 3132 ac
2049 3076 2744 3147 quamplurimis_cicutam
2800 3075 3101 3147 bibendam,
3121 3075 3455 3144 porrigebat.
3507 3076 3637 3131 Cum
3670 3090 3772 3131 vero

560 3147 890 3203 innotuisset
934 3148 1182 3202 oninibus
1216 3147 1564 3218 liicgtyranni
1615 3164 1753 3212 mos,
1787 3145 2105 3218 propinandi
2143 3145 2405 3201 venenum
2453 3145 2605 3218 illud,
2639 3154 2895 3212 tanquam
2949 3146 3200 3218 poculum
3234 3147 3379 3218 quod
3420 3148 3664 3201 amicitiae
3684 3157 3771 3218 tes-

559 3226 736 3272 tundat
765 3232 895 3286 ergo
940 3219 1214 3287 propinari
1253 3215 1411 3281 solet,
1447 3232 1513 3271 ex
1536 3219 1743 3274 aedibus
1778 3215 2333 3287 non—egrediebantur
2394 3217 2703 3285 priusquam
2740 3222 2915 3269 rutam
2947 3217 3206 3269 edisserit.
3236 3215 3350 3271 Hoc
3380 3218 3531 3271 enim
3562 3219 3646 3286 qui
3671 3217 3769 3271 ede-

570 3289 701 3354 rint,
738 3288 845 3342 illis
874 3288 1075 3343 aconiti
1108 3295 1294 3357 potum
1326 3287 1461 3341 nihil
1497 3303 1697 3343 nocere
1717 3290 1811 3343 ait.

918 3433 932 3446 ,
1034 3380 1112 3435 De
1139 3379 1406 3434 Timotheo
1434 3388 1661 3449 tyranno
1694 3380 1966 3435 Heraclea:
1996 3378 2254 3445 Pontiae,
2281 3378 2523 3433 Clearchi
2551 3378 2686 3447 ﬁlio,
2722 3377 2809 3432 Ea:
2837 3377 3073 3432 Diodoro
3098 3377 3193 3434 lib.
3223 3393 3335 3432 xvt.

630 3475 859 3544 Imperio
884 3474 1132 3531 Clearchi
1166 3488 1289 3530 cum
1321 3475 1677 3531 successisset
1701 3474 1843 3530 ﬁlius
1869 3474 2205 3540 Timotheus,
2234 3489 2299 3530 eo
2326 3476 2526 3543 potitus
2551 3482 2637 3527 est
2657 3487 2750 3542 per
2778 3486 2950 3527 annos
2982 3486 3070 3525 xv.

1684 3572 1771 3625 Ex
1797 3572 1979 3627 eodem
2016 3571 2272 3636 Diodoro,
2302 3571 2482 3625 eodem
2525 3570 2679 3623 libro.

634 3657 769 3712 Dum
796 3660 919 3731 haec
948 3667 1226 3731 geruntur,
1262 3660 1578 3715 Timotheus
1631 3658 1905 3715 Heraclea:
1943 3659 2180 3715 Ponticae
2212 3671 2474 3731 tyrannus
2500 3658 2638 3731 obit,
2679 3673 2805 3731 cum,
2833 3672 2931 3728 per
2958 3657 3267 3731 quindecim
3303 3673 3481 3715 annos
3507 3660 3773 3717 dominatus

560 3740 727 3784 esset.
767 3730 827 3784 Ei
861 3729 1120 3786 successit
1148 3730 1318 3786 frater
1349 3732 1654 3800 Dionysius,
1686 3732 1776 3798 qui
1807 3746 1904 3797 per
1940 3731 2075 3785 duos
2106 3740 2159 3786 et
2188 3729 2405 3799 triginta
2431 3744 2601 3784 annos
2622 3729 2910 3799 imperium
2939 3730 3193 3783 obtinuit.

1537 3821 1622 3877 Ea:
1658 3822 1906 3878 Athenwo
1938 3823 2070 3878 libro
2099 3838 2198 3888 xu,
2224 3824 2287 3876 de
2317 3822 2569 3877 Clearcho
2592 3823 2842 3877 secundo.

641 3913 899 3985 Nymphis
936 3914 1282 3971 Heracleotes
1312 3914 1449 3969 libro
1497 3916 1734 3971 secundo
1768 3916 1834 3970 de
1879 3914 2143 3970 Heraclea
2174 3914 2382 3979 scribit,
2418 3913 2760 3985 Clearchum,
2792 3913 2980 3983 patriae
3005 3927 3116 3967 sua:
3152 3923 3467 3983 tyrannum,
3497 3916 3615 3985 ejus
3637 3917 3772 3971 lilium

563 3984 654 4055 qui
693 3985 1032 4055 tyrannidem
1097 3987 1305 4055 primus
1350 3987 1652 4051 invaserat,
1688 3984 1818 4038 luxu
1867 3997 1921 4040 et
1960 3985 2274 4055 quotidiana
2304 3984 2600 4055 voracitate
2635 3985 2837 4037 sensim
2882 3985 2935 4037 in
2968 3993 3169 4036 tantam
3211 3985 3406 4038 molem
3438 3984 3619 4041 carnis
3646 3999 3771 4041 extu-

563 4053 787 4116 tituiSSe,
812 4064 869 4107 ut
908 4053 1131 4125 propter
1173 4055 1503 4123 crassitiem,
1533 4065 1587 4109 et
1617 4053 2272 4120 obesitatemfanhelitus
2300 4053 2612 4125 difﬁcultate
2635 4064 2923 4125 correptus
2957 4055 3027 4107 sit
3064 4063 3118 4106 et
3164 4054 3542 4122 strangulata,
3582 4059 3771 4125 ideoque

561 4126 802 4195 medicos
826 4123 1168 4195 praecepisse,
1195 4135 1252 4180 ut
1282 4128 1535 4180 tenuibus
1560 4126 1625 4178 ad
1655 4125 1707 4177 id
1729 4128 1935 4195 paratis
1966 4127 2188 4189 acubus,
2215 4134 2269 4179 et
2292 4124 2602 4195 praelongis,
2632 4123 2802 4195 latera
2832 4135 2891 4175 et
2916 4134 3159 4195 ventrem
3198 4126 3568 4190 conﬁgerent,
3596 4123 3771 4195 quoties

561 4195 616 4246 in
672 4192 1073 4261 profundiorem
1107 4209 1353 4249 somnum
1400 4196 1695 4251 laberetur.
1727 4193 1904 4250 Carne
1934 4197 1986 4249 in
2046 4196 2243 4249 callum
2274 4196 2506 4263 spissata
2530 4194 2599 4246 ob
2630 4193 2853 4246 nimiam
2897 4194 3296 4261 pinguedinem,
3322 4192 3639 4263 aliquandiu
3671 4196 3773 4250 lllhll

564 4262 655 4315 ille
687 4263 1009 4336 sentiebat;
1039 4278 1160 4336 cum
1191 4279 1318 4318 vero
1344 4265 1410 4319 ad
1441 4280 1627 4336 puram
1656 4266 1846 4319 adacta
1872 4280 2091 4319 carnem
2123 4279 2253 4319 acus
2283 4262 2637 4336 perforasset,
2660 4274 2771 4315 tum
2796 4264 3293 4336 expergiscebatur.
3325 4263 3399 4318 lis
3420 4262 3519 4334 qui
3550 4280 3771 4334 responsa

560 4334 843 4400 petebant,
884 4332 1167 4406 reddebat,
1196 4338 1409 4403 corpori
1438 4332 1652 4406 objecta
1679 4349 1830 4401 arca,
1860 4350 1978 4405 quae
2004 4345 2189 4405 partes
2226 4332 2462 4403 reliquas
2494 4334 2795 4403 obtegeret,
2827 4347 2887 4387 ut
2924 4332 3063 4387 facie
3088 4340 3295 4386 tantum
3320 4332 3515 4404 aperta
3539 4332 3770 4405 colloque—

562 4412 717 4475 retur
744 4415 866 4455 cum
896 4402 961 4456 iis
988 4403 1080 4472 qui
1107 4402 1522 4475 compellabant.

584 4539 595 4552 .
630 4471 924 4552 Aliquanto
974 4471 1097 4542 post
1124 4492 1139 4528 :
1169 4471 1344 4529 annos
1369 4475 2046 4552 quinquaginta__qttinque
2080 4483 2236 4529 natus
2266 4474 2408 4529 diem
2443 4473 2611 4552 obiit,
2631 4474 2918 4544 tyrannide
2950 4488 3047 4543 per
3074 4487 3247 4528 annos
3279 4475 3509 4545 triginta
3544 4485 3649 4532 tres
3674 4490 3769 4531 con-

559 4544 790 4609 tinuata,
820 4544 1144 4612 prioresque
1174 4558 1234 4598 se
1268 4544 1535 4617 tyrannos
1566 4544 1882 4602 aritecelluit
1909 4546 2162 4599 comitate
2187 4554 2242 4599 et
2278 4544 2706 4599 mansuetudine.

1090 4635 1170 4690 De
1198 4634 1398 4690 Zathra
1422 4648 1469 4691 et
1507 4637 1762 4694 Clearcho
1793 4639 2073 4707 fratribus,
2115 4638 2353 4708 tyrannis
2386 4635 2674 4701 Heracleae,
2702 4650 2766 4690 ea:
2792 4633 3027 4690 Diodoro
3060 4636 3152 4690 lib.
3187 4651 3279 4689 xx.

634 4727 768 4783 Dum
804 4727 919 4782 haec
949 4738 1234 4799 geruntur,
1262 4727 1550 4799 Dionysius
1572 4730 1845 4801 lleracleaa
1868 4729 2105 4801 Pontica:
2138 4741 2396 4801 tyrannus
2430 4727 2584 4801 obiit,
2622 4742 2743 4781 cum
2806 4730 3023 4799 triginta
3076 4732 3211 4784 duos
3253 4744 3429 4783 annos
3471 4732 3761 4801 imperasset.

561 4797 1159 4854 Successerunt'autem
1186 4801 1304 4867 ejus
1336 4797 1561 4867 imperio
1593 4799 1825 4856 Zathras
1859 4810 1913 4854 et
1943 4797 2261 4862 Clearchus,
2292 4798 2425 4865 filii;
2458 4799 2618 4867 idque
2645 4812 2744 4867 per
2772 4797 3156 4867 septemdecim
3194 4814 3366 4853 annos
3394 4797 3690 4857 tenuerunt.

1221 4913 1479 4970 CCXXV.
2168 4901 2209 4954 Β

2168 4901 2209 4954 Β
2932 4916 3100 4969 ΣκΕν.

558 5002 770 5073 Eulogii
818 5006 980 5075 episc.
1012 5008 1367 5061 Alexandrini
1409 5008 1541 5061 liber
1579 5020 1762 5062 contra
1807 5006 2059 5063 Severum
2087 5022 2107 5060 e

2244 5003 2541 5072 Εὑλογίου
2570 5003 2741 5056 mina
2787 5005 3232 5073 Ἀλεξανδρείας
3250 5003 3501 5070 βιϐλίον
3538 5008 3677 5061 κατὰ
3707 5011 3770 5061 Τι-

1036 5080 1359 5132 Timotheum
1384 5078 1679 5133 Iuereticos.

2690 5076 2910 5143 μυθέου
2940 5076 3036 5130 καὶ
3062 5079 3350 5145 Σευήρου.

632 5167 761 5238 Legi
791 5168 933 5224 beati
958 5167 1169 5239 Eulogii
1196 5170 1436 5239 episcopi
1464 5170 1799 5225 Alexandrni
1823 5184 1960 5238 opus
1982 5167 2135 5222 libris

2314 5163 2441 5235 [760
2489 5163 2581 5235 [1.]
2659 5167 2996 5240 Ἀνεγνώσοη
3045 5170 3140 5223 τοῦ
3192 5174 3251 5225 ὲν
3320 5177 3501 5243 ἁγίοις
3557 5172 3770 5239 Εὑλογίου

557 5259 1270 5329 duobusicomprehensum,
1283 5270 1471 5331 estque
1487 5262 1729 5318 defensio
1748 5262 1920 5317 sancti
1938 5261 2102 5315 Leoni

2243 5257 2402 5309 πάπα
2430 5256 2835 5327 Ἀλεξανδρείας
2855 5258 3056 5327 βιϐλίον
3072 5264 3130 5316 ἐν
3150 5263 3328 5332 λόγοις
3345 5267 3411 5336 β’.
3437 5268 3515 5320 Τὸ
3534 5267 3590 5320 δὲ
3609 5263 3770 5335 βιϐλίον

558 5349 834 5417 pontificis
881 5351 1135 5408 Romani.
1202 5354 1494 5409 Accusatio
1564 5370 1693 5409 vero
1760 5352 2034 5408 Timothei
2081 5366 2107 5406 e

2245 5348 2539 5417 συνηγορία
2572 5350 2670 5416 μέν
2695 5350 2811 5402 ἐστι
2844 5350 2949 5403 τῶν
2971 5352 3028 5402 ἐν
3056 5352 3132 5423 τῷ
3175 5356 3328 5426 τόμῳ
3373 5358 3603 5420 Λέοντος
3626 5354 3706 5408 τοῦ
3731 5353 3771 5404 ὲν

559 5436 771 5505 Severi,
803 5440 895 5509 qui
947 5439 1172 5496 Tomum
1204 5443 1690 5513 reprehendebant.
1723 5443 1934 5498 Etenim
1964 5444 2108 5497 luere

2245 5439 2417 5507 ἁγίοις
2450 5440 2549 5510 τῆς
2594 5440 2811 5512 Ῥώμης
2855 5444 3155 5515 ἀρχιερέως
3178 5488 3195 5515 ,
3219 5450 3437 5518 ἐλεγχος
3458 5449 3519 5503 δὲ
3549 5445 3771 5516 Τιμοθέου

560 5530 637 5585 sis
676 5538 963 5599 utrumque
1007 5533 1238 5602 superbe
1280 5535 1545 5606 synodum
1578 5550 1643 5590 ac
1692 5533 1921 5590 Tomum
1965 5546 2106 5601 oppu

2242 5532 2336 5582 καὶ
2362 5531 2604 5601 Σεὸήρου
2640 5533 2747 5586 τῶν
2773 5536 3141 5591 κατειπόντων
3170 5538 3264 5592 τοῦ
3288 5540 3480 5610 τόμουο
3508 5539 3603 5592 καὶ
3634 5536 3723 5604 γὰρ
3747 5536 3771 5601 ἡ

559 5636 726 5691 gnare
764 5624 1020 5691 compulit
1057 5643 1071 5679 :
1119 5626 1380 5681 Severum
1423 5628 1641 5696 quidem
1685 5627 2013 5696 planiorem,
2044 5640 2105 5678 ac

2243 5625 2453 5692 αἵρεσις
2494 5626 2758 5695 ἑκάτερον
2792 5628 2932 5683 κατά
2972 5629 3068 5700 τῆς
3114 5630 3333 5687 συνόδου
3368 5632 3466 5684 καὶ
3508 5628 3603 5683 τοῦ
3638 5627 3771 5695 τόμον

1863 5717 1892 5771 ὶ
1906 5724 1943 5772 Α
1956 5716 2019 5771 Ri
2033 5715 2092 5770 (Ε
2135 5713 2536 5769 LEC'l‘IONliS.

635 5807 677 5838 θ’
710 5805 902 5877 χρῆται
929 5823 987 5869 ς.
