3924 6426
463 419 568 487 943
1614 415 1879 479 ΡΗΟΤΙΙ
1909 410 2413 476 ΡΑΤΒΙΛΒΟΗιΕ
2456 411 2565 472 CP.

462 542 605 584 stros
631 526 890 593 ostendit,
919 533 979 583 ut
1013 523 1143 580 illud
1182 523 1424 595 adjungit
1458 541 1471 579 :
1525 523 1713 580 Patres
1749 540 1814 578 ea:
1845 524 2028 593 quibus

2144 518 2428 592 Ἐϐραίους
2451 519 2473 550 ⁸
2494 518 2720 588 γράφων
2755 516 2940 589 φησιν’
2964 515 3081 590 [761
3106 516 3199 589 8.]
3226 519 3322 585 ’ος
3340 517 3412 572 ἐν
3431 518 3565 584 ταῖς
3578 518 3715 588 rips-

459 632 534 675 est
563 618 805 674 Christus
851 619 1137 672 secundum
1182 632 1417 683 carnem,
1443 618 1532 686 qui
1570 626 1649 671 est
1678 634 1835 686 super
1862 614 2036 670 omnia

2144 625 2267 675 ραις
2285 608 2397 676 τῆς
2407 610 2631 678 σαρκὸς
2647 608 2830 662 αὐτοῦ
2853 608 3095 675 δεήσεις
3120 608 3223 663 καί
3253 609 3561 678 ικετήρίας
3573 608 3717 677 πρὸς

3619 409 3715 475 9“
3813 408 3822 435 .

462 709 760 771 benedictus
792 708 848 761 in
873 708 1091 768 stecula.
1124 704 1291 761 Amen
1338 708 1389 762 ι.
1432 705 1596 762 Certe
1633 716 1688 762 et
1726 706 1855 762 illud
1883 724 1898 761 :
1932 705 2036 772 Qui

464 817 584 856 cum
625 802 691 855 sit
747 800 996 870 splendor
1022 799 1230 871 glorias,
1268 809 1317 854 et
1352 798 1526 869 ﬁgura
1567 799 1873 854 substantiae
1898 800 2033 867 ejus,

469 903 785 963 portamque
846 892 1023 946 omnia
1094 888 1260 945 Verbo
1304 890 1513 946 virtutis
1562 907 1673 946 sua:
1717 888 1760 946 ι.
1804 888 2039 962 Haecque

461 986 653 1057 primis
704 985 1145 1049 accommodans,
1186 992 1242 1039 et
1277 981 1589 1038 Nestorium
1613 982 1835 1054 impium
1878 982 1931 1037 in
1955 981 2038 1038 bis

461 1076 766 1141 accusabit,
819 1075 1017 1148 251a
1065 1085 1119 1131 et
1175 1075 1434 1145 pietatem
1488 1074 1777 1130 clariorem
1829 1075 2036 1130 reddet.

460 1169 532 1224 Et
560 1169 640 1225 sic
668 1184 883 1224 rursum
923 1170 1135 1223 divinus
1163 1166 1395 1223 Basilius
1445 1168 1560 1223 ﬁeri
1598 1169 1664 1223 de
1700 1169 2038 1224 orationibus

458 1260 722 1331 judicium
762 1260 977 1326 suadet,
1029 1259 1226 1329 quibus
1252 1258 1319 1313 ad
1350 1257 1648 1314 monachos
1687 1258 1938 1329 ambigue
1965 1258 2040 1312 di-

462 1361 550 1406 cta
600 1351 915 1420 perscribit,
965 1361 1019 1406 et
1064 1350 1295 1406 obscure
1342 1349 1485 1405 dicta
1525 1348 1581 1404 in
1626 1347 1834 1419 aliquot
1872 1363 2041 1404 sacrae

466 1445 762 1514 Scriptum
796 1442 930 1499 locis
960 1443 1096 1510 visa,
1126 1452 1184 1497 ut
1214 1441 1317 1496 alia
1349 1441 1497 1499 clare
1525 1441 1671 1497 dicta
1703 1440 1823 1498 loca
1852 1452 2038 1496 osten-

463 1538 599 1592 dunt
628 1552 646 1592 :
685 1534 812 1590 Non
839 1544 1079 1602 oportere
1108 1550 1201 1603 per
1236 1532 1435 1602 aliquot
1469 1532 1772 1602 fragmenta
1801 1543 1848 1587 et
1870 1532 2041 1587 divul-

463 1626 638 1680 siones
663 1623 937 1691 scriptoris
970 1624 1216 1693 pietatem
1239 1621 1507 1692 judicare,
1534 1621 1672 1677 adeo
1710 1620 1918 1677 clarum
1950 1637 2039 1677 ra-

463 1714 614 1771 dium
665 1714 869 1771 emittit
920 1715 1143 1779 veritas,
1195 1725 1255 1769 ut
1311 1712 1573 1769 Severum
1633 1713 1688 1769 in
1738 1714 1824 1769 his
1864 1728 2042 1770 caecu-

370 1842 383 1849 —
470 1811 716 1874 tientem,
764 1818 948 1864 tamen
995 1821 1321 1863 consensum
1352 1806 1617 1863 suasisse.
1661 1807 1865 1863 Scribit
1894 1808 2040 1863 enim

2136 702 2244 754 τὸν
2257 700 2599 770 δυνάμενον
2614 698 2827 760 σώζειν
2842 700 3027 754 αὐτὸν
3041 701 3111 755 ἐκ
3132 701 3412 766 θανάτου,
3445 702 3542 754 καὶ
3574 700 3717 771 ἑξῆς.

2135 788 2262 865 'A‘p’
2289 794 2316 846 ὁ
2346 793 2688 863 συκοφάντης
2722 792 2820 846 καὶ
2859 793 2966 846 τῶν
2994 793 3213 847 οἰκείων
3252 793 3591 864 κλεμμάτων
3629 796 3719 847 καὶ

2138 888 2554 959 σπαραγμάτων
2592 885 2786 959 κριτὴν
2811 886 3007 940 ἑαυτὸν
3047 884 3222 941 ποιῶν
3250 887 3348 957 οὐχ
3388 886 3465 950 ὡς
3512 886 3719 957 ἀνθρω-

2138 998 2238 1034 πον
2273 980 2539 1049 λεγόντων
2561 979 2715 1050 ψιλὸν
2754 978 2847 1034 τὸν
2873 979 3079 1051 Κύριον
3107 978 3268 1049 ήμῶν
3322 979 3535 1049 Ἰησοῦν
3587 979 3720 1049 Χρι-

2140 1073 2284 1139 στὸν,
2311 1074 2412 1127 οὐκ
2439 1072 2506 1127 ἂν
2539 1071 2841 1143 καταγνοίη
2875 1071 2983 1125 τῶν
3013 1071 3273 1141 κηρύκων
3300 1072 3403 1142 τῆς
3429 1069 3723 1142 θεότητος⁶

2138 1164 2341 1231 αὐτοῦς
2372 1166 2492 1220 ἀλλ’
2514 1165 2615 1237 οὐχ
2646 1164 2792 1219 οὕτω
2827 1181 2893 1234 γε
2920 1164 3023 1236 τῆς
3049 1162 3312 1235 ἀληθείας
3334 1167 3364 1218 ὁ
3392 1164 3546 1234 φίλος
3566 1203 3583 1226 .
3608 1164 3721 1219 ἀλλ’

2139 1256 2477 1326 έπισυνάψας
2497 1259 2609 1321 τοῖς
2636 1256 3056 1328 προειρημένοις
3081 1255 3210 1329 [396
3233 1254 3361 1327 Η.]ἆ
3384 1256 3509 1310 καθ’
3536 1256 3722 1328 ἕτερον

2143 1348 2305 1420 μέρος
2337 1348 2468 1420 περὶ
2495 1348 2591 1402 τοῦ
2624 1349 2880 1420 Σωτῆρος
2908 1350 3021 1412 τοίς
3053 1348 3155 1420 τῆς
3183 1346 3467 1411 εὐσεϐείας
3494 1348 3722 1418 κήρυξιν

2138 1439 2495 1511 ὲθεολογήθη,
2529 1441 2712 1511 πάσης
2745 1440 2958 1511 ὐϐρεως
3010 1440 3318 1509 ἀνωτέρους
3348 1440 3478 1503 τοὺς
3505 1440 3608 1510 τῆς
3638 1439 3724 1492 εὐ-

2142 1531 2356 1596 σεϐείας
2397 1532 2674 1597 ἀποδείξει
2722 1530 3102 1595 διδασκάλους.
3162 1525 3290 1584 Οίον
3338 1529 3577 1600 συνάψει
3617 1531 3725 1592 τοῖς

2141 1624 2559 1697 προειρημένοις
2609 1625 2690 1691 τὸ,
2721 1619 2871 1679 Ὧνἵ
2923 1626 2979 1678 ol
3007 1622 3263 1693 πατέρες
3284 1664 3299 1688 ,
3328 1623 3427 1677 καί
3464 1623 3537 1689 ἐξ
3580 1616 3666 1677 ὧν
3692 1624 3725 1677 ὁ

2140 1719 2393 1788 Χριστὸς
2421 1719 2488 1773 τὸ
2534 1718 2685 1773 κατὰ
2712 1717 2932 1788 σάρκα,
2968 1721 3001 1774 ό
3032 1719 3117 1773 ὢν
3159 1716 3260 1772 ἐπὶ
3292 1716 3537 1772 πάντων
3585 1716 3723 1781 Θεὸς

2140 1808 2469 1879 εὐλογητὸς
2489 1810 2576 1875 εἰς
2597 1809 2619 1841 ⁸
2641 1808 2785 1876 τοὺς
2809 1808 3051 1875 αἰῶνας,
3072 1807 3279 1879 Ἀμήνο
3302 1810 3392 1862 ναὶ
3419 1808 3487 1878 δὴ
3515 1808 3614 1862 καὶ
3646 1808 3723 1870 τὸ,

468 1904 533 1957 ad
563 1900 837 1957 lulianum
880 1900 1370 1956 Halicarnassmum
1401 1915 1416 1953 :
1473 1896 1691 1969 Oportet
1716 1900 1879 1970 igitur
1900 1914 2039 1966 pra:-

2147 1902 2275 1989 Ὀςξ
2305 1898 2391 1954 ὢν
2416 1901 2785 1971 ἀπαύγασμα
2814 1898 2923 1971 τῆς
2948 1901 3134 1968 δόξης
3161 1900 3262 1954 καί
3280 1898 3589 1970 χαρακτὴρ
3616 1898 3723 1968 τῆς

466 1993 729 2063 ceptiones
767 2004 1072 2048 sanctorum
1120 2000 1320 2047 sancta:
1356 1990 1610 2047 Ecclesia:
1648 1992 1922 2046 doctorum
1952 2009 2044 2061 per

464 2087 791 2139 occasionem
844 2085 1074 2154 perfecte
1109 2084 1298 2154 legere,
1323 2093 1372 2138 et
1402 2100 1509 2138 non
1536 2084 1840 2154 singulatim
1867 2087 2044 2139 omnia

465 2176 722 2246 proferre,
754 2188 803 2231 et
830 2178 893 2231 de
937 2186 1046 2231 toto
1074 2192 1229 2230 sensu
1252 2177 1548 2246 periculose
1575 2177 1895 2246 conjectare.
1926 2176 2043 2230 Hoc

465 2272 520 2324 in
568 2270 874 2339 apostolicis
911 2279 1067 2340 atque
1096 2270 1409 2340 euangelicis
1446 2271 1681 2337 scriptis,
1728 2280 1883 2341 atque
1913 2272 2043 2324 adeo

465 2363 519 2417 in
566 2364 708 2417 omni
756 2363 1012 2416 divinitus
1066 2363 1332 2432 inspirata
1382 2362 1664 2433 Scriptura
1725 2362 2043 2418 servandum

465 2461 566 2517 est,
591 2452 803 2523 quando
836 2469 939 2508 non
966 2454 1021 2507 in
1049 2468 1155 2507 una
1181 2470 1301 2508 voce
1326 2455 1525 2509 scilicet
1552 2453 1785 2523 epistola:
1814 2452 1891 2509 uel
1919 2470 2043 2523 ope-

467 2545 539 2597 ris
580 2544 891 2600 collocanda
932 2555 1006 2599 est
1054 2547 1321 2614 scriptoris
1360 2548 1548 2615 pietas.
1587 2544 1680 2602 Sic
1720 2555 1777 2602 et
1814 2545 1928 2602 veri
1952 2560 2046 2601 ca-

468 2636 627 2690 nonis
656 2636 835 2706 fulgur
869 2636 1131 2693 Severum
1155 2652 1356 2693 aecum
1382 2639 1601 2709 proprio
1628 2638 1835 2717 fulgore
1862 2649 2042 2695 tamen

466 2726 574 2781 t'rni
609 2727 761 2795 sinit,
789 2729 884 2783 sed
921 2728 1305 2800 inexplicabile
1334 2730 1469 2803 legis
1505 2730 1673 2787 robur
1713 2747 2046 2804 cognoscere

466 2819 639 2874 licuit.
698 2818 788 2876 Uti
835 2834 964 2877 vero
1018 2831 1279 2877 consueta
1322 2824 1595 2879 sententia
1638 2824 1897 2896 neglexit.
1931 2825 2045 2881 Piae

466 2909 609 2965 enim
641 2910 915 2966 memoria:
946 2910 1091 2966 beati
1122 2909 1323 2967 Leonis
1364 2913 1563 2968 librum
1593 2928 1702 2970 non
1733 2913 1851 2984 lege
1880 2929 2043 2984 quam

469 3001 805 3069 praedicavit,
835 3001 933 3058 sed
962 3003 1235 3058 contraria
1282 3004 1594 3075 expendens
1627 3005 1833 3077 lingua,
1868 3015 1922 3063 et
1948 3020 2047 3076 per

470 3092 774 3162 fragmenta
816 3093 1062 3164 quaedam
1091 3104 1148 3150 et
1175 3096 1497 3165 perniciosis
1525 3098 1871 3155 sermonibus
1906 3113 2046 3169 prse-

471 3185 651 3250 I'ando,
708 3184 857 3239 visus
902 3195 988 3239 est
1033 3186 1102 3241 de
1147 3187 1421 3253 impietate
1464 3189 1549 3259 pie
1597 3188 1880 3245 scribere:
1933 3192 2045 3260 ipse

471 3290 598 3331 reus
621 3291 749 3331 vero
790 3280 1059 3336 exsistens
1081 3294 1267 3334 eorum
1304 3296 1422 3351 qua;
1456 3281 1579 3339 aliis
1602 3280 1844 3352 obiicere
1882 3296 2049 3338 ausus

470 3377 575 3422 est.
604 3366 756 3435 ,Quis
793 3370 939 3423 enim
986 3371 1123 3427 alius
1162 3374 1379 3428 acutius
1428 3375 1591 3428 telum
1641 3376 1695 3429 in
1733 3373 2049 3431 Nestorium

473 3459 698 3529 impium
736 3462 916 3525 torsit,
946 3476 1107 3532 quam
1143 3478 1274 3518 voce
1317 3465 1537 3520 robusta
1582 3464 1728 3521 Leo?
1757 3465 2053 3536 lmpatibi—

474 3552 539 3607 tis
570 3551 709 3608 Deus
736 3552 986 3623 dignatus
1010 3565 1086 3609 est
1115 3555 1267 3609 homo
1296 3556 1434 3625 ﬁeri,
1473 3568 1521 3612 et
1556 3558 1872 3614 immortalis
1910 3575 2056 3613 mor-

474 3646 541 3698 tis
583 3660 769 3713 parere
822 3644 1044 3715 legibus.
1079 3645 1206 3702 Hzec
1254 3651 1590 3720 sycophanta
1643 3653 2050 3723 praetermittit:

473 3734 580 3789 alia
611 3750 742 3791 vero
781 3737 1030 3806 quaedam
1082 3739 1227 3794 dicta
1273 3755 1528 3796 resecans
1566 3742 1633 3796 ad
1664 3759 1823 3799 suum
1860 3744 2054 3815 dogma

476 3827 641 3896 rapit,
700 3842 803 3885 nec
861 3830 1028 3900 pudet
1084 3832 1238 3887 vocis
1295 3832 1440 3889 illius
1500 3836 1802 3904 praedictas;
1877 3852 2054 3908 neque

479 3936 779 3989 agnoscere
810 3924 880 3979 ab
918 3923 1036 3992 ipso
1082 3925 1282 3979 cultam
1330 3927 1443 3981 vult
1478 3927 1669 3998 legem.
1702 3928 1760 3985 Si
1795 3931 1939 3985 enim
1971 3932 2053 3985 in-

476 4023 627 4085 tegra
677 4013 876 4071 Leonis
921 4016 1150 4087 epistola
1219 4033 1314 4087 per
1369 4020 1748 4090 ambiguitates
1811 4025 2055 4080 ambula-

473 4106 572 4169 vit,
620 4106 785 4162 etiam
823 4122 891 4163 ex
946 4123 1056 4179 quo
1106 4111 1391 4179 Acephali,
1428 4113 1589 4168 unius
1623 4128 1871 4184 persona:
1916 4117 2052 4171 divi.

477 4198 686 4254 sionem
717 4200 1003 4270 damnant,
1034 4202 1250 4259 facilem
1284 4204 1353 4259 iis
1384 4203 1656 4275 imperitia
1691 4206 2053 4263 calumniandi

474 4290 819 4346 occasionem
863 4290 1145 4350 afferebat.
1175 4294 1468 4365 Postquam
1507 4310 1638 4353 vero
1663 4311 1759 4368 per
1789 4300 2055 4355 innume-

476 4381 667 4437 rabilia
717 4384 890 4453 pietas
940 4395 1156 4443 ostensa
1204 4396 1313 4454 est,
1362 4391 1636 4458 quomodo
1675 4406 1783 4447 non
1835 4392 1993 4466 24],
2024 4395 2054 4448 b

475 4471 826 4542 sycophanta!
848 4475 1117 4545 arripiunt
1142 4475 1369 4532 alteram
1404 4492 1435 4533 a
1465 4480 1640 4550 prima
1674 4481 2057 4552 impietatem?

473 4564 571 4617 sed
600 4565 654 4618 in
687 4564 772 4621 bis
799 4567 974 4636 capita
1006 4567 1133 4621 duo.

2143 1992 2543 2061 ὑποστάσεως
2592 1992 2781 2049 αὐτοῦ
2796 2034 2812 2061 ,
2850 1993 3048 2063 φέρων
3080 2010 3144 2048 τε
3169 1993 3243 2047 τὰ
3279 1992 3478 2047 πάντα
3508 1990 3592 2057 τῷ
3616 1991 3723 2060 ρή-

2138 2104 2281 2158 ματι
2312 2086 2421 2157 τῆς
2447 2086 2758 2158 δυνάμεως
2806 2087 3015 2143 αὐτοῦ.
3056 2086 3115 2140 '0
3138 2087 3313 2141 ταῦτα
3338 2089 3455 2151 τοῖς
3491 2086 3723 2161 πρώτοις

2145 2181 2499 2253 συναρμόσας
2546 2183 2661 2242 ,καὶ
2712 2181 3011 2251 Νεστόριον
3039 2180 3266 2244 ,τούτοις
3302 2179 3611 2234 ἀσεϐοῦντα
3650 2180 3725 2233 δι-

2143 2276 2386 2347 ελέγξει,
2421 2278 2515 2332 καὶ
2554 2280 2654 2351 τὴν
2683 2277 2968 2333 εὐσέϐειαν
2995 2277 3385 2350 λαμπροτέραν
3432 2278 3717 2345 ἐπιδείξει.

2144 2369 2302 2424 Οὐτω
2331 2370 2387 2424 δὲ
2419 2370 2516 2425 καί⁸
2544 2372 2573 2425 ὀ
2617 2370 2923 2443 θαυμάσιος
2952 2370 3115 2426 πάλιν
3146 2370 3427 2435 Βασίλειος
3468 2370 3573 2441 τὴν
3607 2371 3726 2441 περὶ

2142 2462 2253 2517 τῶν
2304 2462 2479 2532 λόγων
2522 2465 2705 2536 κρίσιν
2748 2463 2997 2534 γίνεσθαι
3043 2464 3320 2534 παραινεῖ,
3367 2465 3425 2516 ὲν
3473 2457 3560 2525 οἷς
3597 2463 3730 2533 πρὸς

2144 2556 2268 2619 τοὺς
2289 2555 2558 2626 μοναχοὺς
2582 2556 2807 2628 γράφει·
2837 2555 2914 2610 Τὰ
2938 2556 3282 2626 ἀμφιϐόλως
3306 2557 3611 2625 λεγόμενα
3632 2552 3731 2608 καὶ

2143 2646 2713 2718 ἐπικεκαλυμμένως
2731 2646 3008 2717 εἰρῆσθαι
3041 2646 3342 2702 δοκοῦντα
3379 2647 3453 2701 ἐν
3481 2661 3606 2700 τισι
3640 2648 3735 2699 τό·

2144 2756 2281 2805 ποις
2300 2738 2413 2810 τῆς
2440 2740 2847 2795 θεοπνεύστου
2868 2736 3115 2809 Γραφῆς
3134 2740 3254 2794 ὑπὸ
3275 2736 3397 2793 τῶν
3423 2736 3500 2791 ἐν
3519 2737 3731 2803 ἄλλοις

2144 2833 2351 2898 τόποις
2406 2829 2902 2902 ὁμολογουμένων
2939 2828 3347 2899 σαφηνίζεται.
3383 2831 3509 2883 ὀτι
3548 2827 3619 2881 δὲ
3660 2828 3731 2882 οὐ

2145 2924 2261 2993 χρὴ
2278 2923 2376 2978 διά
2389 2940 2567 2979 τινων
2582 2922 3022 2994 σπαραγμάτων
3037 2922 3135 2977 καί
3153 2921 3614 2992 περικομμάτιον
3625 2920 3735 2989 τὴν

2144 3017 2252 3073 τοῦ
2275 3017 2663 3088 συγγραφέως
2683 3018 2907 3086 κρίνειν
2937 3014 3271 3078 εὐσέϐειαν,
3293 3014 3435 3068 οὕτω
3475 3015 3732 3085 λαμπρὰν

2144 3110 2338 3180 ἀφίησι
2362 3109 2461 3181 τὴν
2490 3111 2688 3163 ἀκτῖνα
2713 3110 2747 3178 ή
2769 3106 3002 3178 ἀλήθεια
3023 3106 3100 3170 ὡς
3131 3108 3229 3159 καὶ
3256 3104 3502 3175 Σεϐἦρον
3538 3105 3730 3166 αὐτὸν,

2150 3202 2328 3256 καίτοι
2357 3201 2487 3273 περὶ
2512 3199 2687 3257 ταῦτα
2715 3198 3118 3269 τυφλώττοντα,
3166 3198 3319 3268 ὅμως
3348 3198 3542 3250 πεῖσαι
3578 3195 3735 3249 τοῦτο

2152 3295 2399 3349 συνιδεῖνο
2433 3294 2633 3365 γράφει
2670 3292 2779 3364 γὰρ
2829 3292 2964 3363 πρὸς
3004 3289 3291 3344 Ἰουλιανὸν
3338 3290 3433 3342 τὸν
3479 3288 3737 3358 ’Δλικαρο

2148 3386 2332 3441 νασοῦ·
2372 3386 2473 3441 Δεῖ
2496 3388 2706 3441 τοίνυν
2738 3384 2847 3452 τὰς
2878 3384 3000 3437 τῶν
3045 3383 3236 3437 όσιων
3282 3382 3435 3435 κατὰ
3483 3380 3732 3448 καιροὺς

2147 3478 2260 3548 τῆς
2275 3478 2604 3549 ἁγιωτάτης
2620 3476 2985 3544 Ἔκκλησίας
3008 3474 3421 3545 μυσταγωγῶν
3449 3472 3737 3525 διδασκαο

2146 3570 2286 3635 λίας
2321 3567 2577 3632 ἐντελῶς
2606 3567 3067 3638 ἀναγινώσκειν,
3102 3566 3201 3621 καὶ
3225 3563 3311 3634 μὴ
3342 3564 3411 3617 ἐκ
3440 3563 3668 3630 μέρους
3693 3561 3732 3592 ¹’

2149 3658 2224 3713 τὰ
2258 3658 2508 3713 ἐκείνων
2535 3656 2858 3727 προφέρειν
2890 3656 2991 3711 καὶ
3018 3656 3129 3725 τῆς
3174 3655 3327 3723 ὅλης
3371 3652 3577 3708 αὐτῶν
3608 3654 3732 3707 δια·

2149 3752 2320 3818 νοίας
2339 3750 2736 3824 ἐπικινδύνως
2809 3748 3377 3817 καταστοχάζεσθαι.
3421 3747 3610 3801 Τοῦτο
3666 3745 3733 3799 δὲ

2150 3844 2251 3899 καί
2280 3844 2380 3899 ἐπι
2408 3843 2528 3898 τῶν
2555 3841 2984 3899 Μοστολικῶν
3011 3842 3113 3896 καί
3147 3838 3561 3911 εὐαγγελικῶν
3590 3855 3734 3908 συγ·

2148 3934 2505 4006 γραμμάτων
2533 3936 2631 3990 καί
2654 3936 2755 3991 ἐπὶ
2784 3934 2991 4003 πάσης
3016 3935 3130 4005 τῆς
3157 3933 3570 3989 θεοπνεύστου
3592 3934 3735 3999 Γρα-

2148 4026 2271 4098 sciit;
2296 4027 2593 4097 προσήκει
2622 4028 2837 4096 ποιεῖν,
2876 4028 3005 4082 ἐπεὶ
3029 4025 3189 4097 μηδὲ
3216 4025 3287 4079 ἐκ
3313 4022 3463 4095 μιᾶς
3487 4023 3731 4092 ρήσεως

2150 4120 2345 4191 ἤγουν
2367 4117 2698 4191 ἐπιστολῆς
2725 4122 2764 4191 ἣ
2797 4106 3219 4190 συντάγματος
3245 4118 3382 4172 ἔστι
3426 4114 3734 4185 παραστῆ-

2150 4228 2255 4268 σαι
2280 4213 2397 4282 τὴν
2423 4214 2579 4282 ὅλην
2616 4212 2739 4268 τοῦ
2761 4213 3155 4284 συγγραφέως
3184 4210 3523 4266 εὐσέϐειαν.
3580 4208 3733 4263 Οὖτιν

2154 4308 2252 4378 μὲν
2282 4309 2316 4379 ή
2363 4307 2463 4378 τῆς
2500 4306 2764 4380 ἀληθείας
2799 4305 2894 4360 τοῦ
2938 4304 3165 4368 κανόνος
3211 4302 3474 4375 ἀστραπὴ
3522 4300 3733 4355 καὶτὸν

2152 4401 2413 4472 Σεϐἧρον,
2471 4400 2649 4456 καίτοι
2700 4398 2903 4469 τυφλὸν
2951 4398 3102 4462 ὄντα,
3159 4396 3261 4467 τῆς
3306 4395 3518 4458 οἰκείας
3566 4393 3732 4462 αὐτῆς

2153 4492 2304 4562 ὅμως
2353 4490 2661 4545 ἀπολαῦσαι
2702 4487 3137 4562 παρεσκεύασεν.
3181 4487 3346 4542 Ἀλλά
3370 4487 3481 4557 γὰρ
3509 4484 3607 4538 τοῦ
3637 4483 3731 4553 μὲν

2078 4575 2134 4637 D
2159 4582 2326 4653 νόμου
2350 4582 2414 4635 τὸ
2434 4581 2646 4653 ἄμαχον
2677 4583 2880 4653 κράτος
2911 4581 3141 4634 συνιδεῖν
3167 4578 3315 4649 ἔσχε,
3343 4576 3651 4650 χρήσασθαι
3675 4574 3727 4628 δὲ

473 4656 827 4751 ῩῷΑάσξδνέτΨ
870 4661 975 4751 Ῐῆς
998 4661 1248 4751 *γνώμης
1295 4664 1396 4718 οὐκ
1430 4666 1751 4738 ἐμελέτησεο
1785 4671 1889 4723 Τδν
1933 4675 2043 4748 γὰρ
2075 4679 2171 4733 τοῦ
2199 4680 2259 4732 έν
2291 4677 2415 4749 ὁσία
2459 4680 2525 4749 τῇ
2556 4679 2747 4751 μνήμῃ
2772 4676 3002 4739 Λέοντος
3028 4675 3195 4746 τόμον
3223 4672 3285 4727 οὐ
3334 4671 3417 4743 τῷ
3482 4671 3632 4741 νόμῳ
3672 4667 3727 4719 ὃν

472 4746 728 4817 ἐκήρυξε,
764 4750 831 4820 τῇ
863 4748 922 4803 δὲ
961 4748 1062 4821 τῆς
1105 4750 1462 4815 ἀντιπαθείας
1518 4754 1742 4829 γλώσσῃ
1774 4746 2149 4835 ζυγοστα-τῶν,
2203 4768 2298 4821 καὶ
2350 4746 2441 4821 διά
2714 4746 3128 4838 σπαραγμάτων
3180 4765 3275 4819 καὶ
3330 4760 3602 4832 κιϐδήλων
3650 4758 3725 4809 λά-

472 4858 585 4910 γων
618 4842 843 4913 προῖὼν,
878 4844 1059 4912 ἔδοξεν
1103 4847 1190 4900 ὲπ’
1230 4846 1459 4919 ἀσεϐείᾳ
1490 4851 1726 4921 γράφειν
1778 4854 1817 4887 ⁸⁸
1879 4859 1973 4912 τὸν
2017 4862 2240 4932 εὐσεϐῆ,
2282 4862 2445 4925 αὐτὸς
2472 4861 2549 4917 ὢν
2590 4860 2808 4932 ἀληθῶς
2883 4860 2919 4915 ἃ
2964 4860 3275 4913 διαϐάλλειν
3339 4858 3541 4921 ἀλλους
3583 4854 3723 4909 ἐτόλ-

476 4956 639 5009 μησε.
665 4940 761 5004 Τίς
790 4941 900 5012 γὰρ
929 4938 1184 5012 ὀξύτερον
1211 4941 1371 5006 ἄλλος
1423 4942 1578 5014 βέλος
1617 4951 1760 5004 κατά
1833 4953 1928 5006 τοῦ
1978 4955 2279 5023 δυσσεϐοῦς
2348 4958 2529 5029 ἀφῆκε
2576 4958 2877 5029 Νεστορίω
2924 4958 3024 5029 τῆς
3080 4957 3314 5028 στερρᾶς
3378 4955 3592 5024 ἐκείνης
3641 4949 3727 5005 καὶ

473 5031 746 5096 λεοντείοις
788 5033 995 5104 φωνῆς,
1031 5032 1086 5086 Ὀ
1118 5033 1357 5103 ἀπαθὴς
1390 5036 1536 5103 Θεὸς
1584 5041 1698 5093 οὐκ
1745 5042 2056 5111 ἀπηξίωσε
2081 5049 2352 5117 παθητὸς
2382 5048 2665 5120 γενέσθαι
2690 5047 3025 5118 ἅνθρωπος,
3054 5050 3152 5104 καί
3204 5051 3238 5102 ὀ
3292 5047 3588 5112 ἀθάνατος
3632 5046 3729 5097 νό-

471 5144 609 5206 μοις
638 5128 993 5184 ὑποκεῖσθαι
1033 5132 1337 5196 θανάτουὶ
1381 5132 1518 5186 ἀλλά
1560 5135 1735 5190 ταῦτα
1781 5140 1880 5209 μὲν
1907 5144 1936 5195 ὁ
1969 5146 2313 5217 συκοφάντης
2355 5147 2731 5217 παρατρέχει,
2764 5144 2902 5198 ἀλλα
2959 5144 3017 5198 δέ
3093 5161 3215 5198 τινα
3266 5144 3407 5215 ῥητὰ
3474 5142 3605 5211 πρὸς
3674 5140 3729 5191 τὸ

473 5222 674 5277 οἰκεῖον
702 5222 1051 5294 περικόπτων
1081 5240 1141 5277 τε
1164 5225 1263 5277 καὶ
1282 5226 1625 5298 διαστρέφων
1650 5230 1901 5303 βούλημα
1928 5234 2052 5291 οὐτε
2075 5240 2174 5310 τὴν
2206 5240 2621 5312 προειρημένην
2650 5240 2833 5311 φωνὴν
2887 5239 3239 5303 δυσωπεῖται,
3288 5236 3413 5292 οὐτε
3467 5237 3556 5289 τὸν
3605 5224 3730 5301 παρ’

475 5312 641 5368 αὐτοῦ
689 5313 868 5383 λόγοις
895 5314 1197 5385 τιμηθέντα
1240 5316 1404 5386 νόμον
1429 5318 1511 5371 ἔτι
1540 5318 1791 5388 βούλεται
1830 5326 2054 5382 εἰδέναι.
2087 5330 2149 5383 Εἰ
2183 5331 2282 5401 μὲν
2311 5329 2423 5401 γὰρ
2452 5330 2702 5402 ἂπασαή
2744 5329 2835 5384 τοῦ
2866 5332 2926 5383 ὲν
2976 5329 3151 5397 ἁγίοις
3202 5328 3434 5390 Λέοντος
3483 5321 3730 5390 ἐπιστολὴ

472 5409 539 5463 δι’
566 5410 885 5480 ἀμφιδόλων
931 5410 1096 5464 τινῶν
1124 5409 1327 5476 ὥδευε,
1377 5414 1470 5466 καὶ
1508 5414 1567 5481 ἐξ
1599 5415 1726 5487 [597
1762 5417 1854 5491 IL]
1892 5416 1967 5476 ὧν
1998 5425 2049 5476 οἱ
2076 5425 2343 5496 ἀκέφαλοι
2370 5427 2471 5498 τὴν
2518 5427 2621 5498 τῆς
2671 5428 2801 5497 μιᾶς
2846 5425 3198 5485 ὑποστάσεως
3267 5423 3547 5476 αἰτιῶνται
3594 5418 3731 5471 διαί-

538 5554 561 5593 Ιι
602 5551 760 5607 Rom.
810 5567 889 5614 Ix,
922 5551 977 5606 5.
1060 5550 1079 5589 ι
1117 5550 1283 5607 ﬂebr.
1324 5568 1361 5617 ι,
1396 5552 1483 5607 51.

1789 5646 2027 5705 νΑιιιΑε
2067 5652 2475 5709 LECTIONES.

553 5782 579 5859 ’ξ
615 5779 799 5859 Ἐϐρ]
831 5796 883 5843 ν,
918 5783 969 5835 7.
1047 5779 1191 5859 {Ic-ip;
1218 5780 1472 5859 θεότητος
1492 5792 1546 5834 et
1572 5783 1803 5859 ya__add.
1836 5785 1903 5840 A.
1933 5857 1939 5859 _
1980 5788 2001 5819 "
2029 5782 2128 5859 ὧν]
2170 5787 2332 5844 Rom.
2363 5806 2440 5854 Ix,
2473 5790 2549 5859 5.7
2601 5789 2627 5859 κ’
2663 5789 2743 5853 εἰς
2769 5789 2836 5844 Α.
2869 5807 2881 5843 :
2919 5785 2970 5843 ei
2995 5778 3074 5850 εἰς
3099 5803 3159 5849 ς.
3238 5788 3258 5818 ⁸
3288 5783 3370 5857 ὃς]
3411 5783 3561 5840 llcbr.
3599 5798 3637 5847 ι,
3666 5784 3718 5837 3.

482 5852 527 5885 ι’)
563 5853 628 5904 ἐκ
658 5852 855 5921 μέρους
908 5866 1015 5923 Iug.
1048 5853 1091 5904 Α
1125 5869 1138 5905 :
1174 5853 1464 5922 ἑκατέρους
1500 5870 1560 5915 ς.
1642 5854 1682 5884 ¹¹
1717 5870 1805 5908 an.
1840 5852 2168 5927 γράφεσθιίι,
2219 5861 2342 5915 coll.
2377 5852 2433 5930 ρ.
2460 5858 2564 5915 949
2594 5858 2679 5912 B?
