3924 6388
562 402 669 472 917

1707 404 1971 465 ΡΗΟΤῙΙ
2009 405 2126 466 PA']

2233 405 2512 466 ῘΑΒΕΗιλΕ
2551 407 2655 467 CP.
3654 410 3735 471 9th

577 516 821 579 Verbum,
854 520 903 568 et
934 510 1161 568 Verbum
1194 521 1305 567 erat
1338 528 1477 583 apua
1522 512 1708 579 Deum,
1765 524 1813 569 et
1842 514 1980 568 Dens
2018 524 2126 567 erat

2233 513 2465 581 ἀληθῶς
2505 515 2636 581 Υἱὸς
2666 513 2979 581 ἀνθρώπου
3006 514 3308 581 τυγχάνει,
3334 513 3470 576 Θεὸς
3499 515 3733 583 μὲνκατὰ

576 606 797 664 Verbum
838 616 904 661 ιιι
965 622 985 658 ι
1042 604 1213 660 Homo
1252 620 1371 659 vero
1407 604 1692 659 secundum
1742 606 1900 668 illud,
1932 624 1951 657 ι
1996 604 2125 659 Ver-

562 700 687 755 bum
741 714 867 755 caro
918 697 1118 768 factum
1172 705 1271 763 est,
1323 704 1375 750 et
1426 697 1673 750 habitavit
1712 698 1768 751 in
1820 697 1968 750 nobis
2011 704 2058 760 ο,
2102 714 2121 748 ι

560 808 724 861 usque
751 792 820 851 ad
845 791 1019 846 illud:
1056 808 1077 841 ‹
1116 788 1280 854 Quem
1320 798 1379 843 ut
1414 790 1694 843 hominem.
1732 807 1749 839 ι
1794 788 1942 843 Certe
1982 788 2128 842 audit

561 884 816 937 daemonis
873 885 1098 944 astutia,
1139 881 1261 935 huic
1314 882 1467 949 quasi
1510 880 1649 935 Deus
1716 881 1785 934 sit
1825 879 2128 951 angelorum

562 974 691 1027 orilo
730 974 1014 1028 ministrat.
1056 972 1180 1027 Haec
1224 972 1369 1028 enim
1420 980 1551 1026 tunc
1582 970 1723 1026 dicta
1766 970 2004 1026 dilucide
2033 984 2129 1024 ex-

562 1065 747 1136 plicat,
790 1074 848 1121 et
888 1078 1221 1136 quiecunque
1267 1063 1491 1118 haeresis
1520 1061 1841 1118 calumniari
1885 1062 2133 1133 aggredi-

566 1168 674 1224 tur,
703 1165 760 1214 et
790 1157 941 1214 omni
964 1156 1233 1213 calumnia
1263 1154 1503 1211 ostendit
1546 1154 1846 1223 superiora.

628 1431 834 1500 Quarto
862 1441 1089 1503 carpunt
1112 1431 1249 1489 hanc
1278 1432 1643 1501 sententiamf:
1676 1433 1902 1498 Quando
1934 1450 1965 1485 a
1993 1449 2133 1501 pra:-

560 1540 775 1578 cursore
810 1522 1020 1579 Joanne
1068 1525 1217 1593 coepit
1259 1524 1574 1593 baptismus,
1610 1540 1674 1577 ne
1705 1525 1983 1594 ignoretur
2013 1525 2136 1593 quia

2230 608 2424 673 τοῦτο,
2444 608 2609 671 καθὸ,
2625 626 2641 658 ι
2665 607 2767 660 Ἐν
2786 606 2941 675 ἀρχῇ
2965 603 3040 675 ἦν
3068 608 3100 659 ό
3119 605 3309 675 Λόγος
3331 604 3424 658 και
3442 609 3471 658 ό
3492 608 3652 676 Λόγος
3678 609 3739 679 ἦν

2230 700 2379 766 πρὸς
2420 700 2525 753 τὸν
2564 698 2713 753 Θεὸν
2750 700 2845 753 καὶ
2881 698 3024 764 Θεὸς
3053 694 3129 765 ῆν
3153 699 3185 751 ό
3219 697 3458 766 Λόγος,»
3484 697 3741 767 ἄνθρωπος

2228 790 2297 842 δὲ
2330 792 2478 844 κατὰ
2508 778 2702 855 τοῦτο,
2723 790 2866 843 καθὸ
2902 807 2920 840 ι
2960 790 3022 842 '0
3052 790 3241 858 Λόγος
3262 787 3415 856 σὰρξ
3434 787 3643 857 ἐγένετο
3669 792 3744 847 καὶ

2229 882 2584 949 ἐσκήνωσεν
2606 884 2676 937 ἐν
2704 882 2899 952 ἡμῖν.)
2927 882 3071 945 Ἕως
3094 880 3211 944 τοῦ,
3237 883 3346 933 ’ον
3381 880 3459 946 ὠς
3488 879 3746 949 ἄνθρωπον

2229 975 2542 1043 τοιγαροῦν
2578 973 2829 1043 πειράζει
2866 974 2903 1039 ἠ
2950 972 3061 1027 τοῦ
3111 973 3396 1027 διαϐόλου
3446 974 3747 1041 πανουργία,

2230 1066 2419 1131 τούτῳ
2467 1066 2569 1119 ἅτε
2607 1065 2684 1129 δὴ
2742 1063 2864 1129 Θεῷ
2897 1065 3022 1117 ὄντι
3059 1064 3098 1131 ἠ
3156 1063 3276 1117 τῶν
3321 1061 3581 1133 ἀγγέλων
3616 1063 3747 1131 τάξις

2231 1156 2504 1210 διακονεῖ.
2549 1157 2631 1209 Τὰ
2656 1155 2764 1228 γὰρ
2811 1155 3045 1210 ἐνταῦθα
3097 1155 3329 1226 ρηθέντα
3386 1153 3563 1222 σαφῶς
3605 1155 3748 1226 ἑρμη-

2235 1246 2379 1298 νεύει
2404 1248 2497 1298 καὶ
2535 1246 2679 1316 ἅπερ
2710 1250 2743 1317 ὴ
2791 1248 3000 1318 αἵρεσις
3039 1246 3399 1316 συκοφαντεῖν
3440 1244 3655 1315 ἐπήρθη,
3678 1246 3751 1301 καὶ

2234 1337 2485 1407 διαϐολῆς
2515 1339 2735 1410 ἀπάσης
2755 1339 2989 1392 δεικνύει
3021 1336 3290 1409 ἀνώτερα.

2307 1431 2579 1501 Τέταρτον
2607 1430 2955 1485 διαϐάλλουσι
2981 1431 3080 1502 τὴν
3105 1431 3336 1502 ἔχουσαν
3370 1428 3525 1501 ῥῆσιν
3552 1428 3663 1501 [765
3682 1428 3752 1501 8.]

2240 1522 2377 1576 Ὅτε
2400 1521 2469 1577 δὲ
2490 1525 2640 1592 πρὸς
2669 1522 2736 1577 τὸ
2760 1522 2868 1578 τοῦ
2901 1523 3242 1594 προδρόμου
3278 1520 3495 1576 ἑαυτοῦ
3519 1520 3753 1575 Ἰωάννου

561 1612 783 1667 obscuro
829 1616 1007 1669 carnis
1038 1614 1324 1668 velamento
1352 1614 1545 1685 tegitur
1576 1614 1847 1671 divinitas.
1895 1612 2010 1667 Vox
2045 1614 2126 1667 Dei

2238 1616 2472 1687 ἔρχεται
2500 1618 2839 1686 βάπτισμα,
2873 1618 2976 1671 ἵνα
3008 1616 3092 1686 μὴ
3129 1614 3285 1684 λάθῃ
3314 1614 3515 1681 ὅτιπερ
3548 1610 3621 1677 τῷ
3647 1630 3758 1681 προ-

560 1703 739 1759 Patris
763 1704 961 1759 caelitus
992 1706 1219 1760 demissa
1265 1708 1339 1761 ait
1363 1721 1384 1762 :
1419 1724 1437 1759 ι
1472 1704 1572 1759 Hic
1598 1714 1671 1761 est
1700 1703 1872 1759 Filius
1893 1722 2038 1759 meus
2053 1707 2138 1759 di-

2238 1709 2577 1778 καλύμματι
2623 1706 2733 1775 τῆς
2774 1706 3002 1777 σαρκὸς
3052 1707 3091 1775 ἠ
3144 1707 3355 1771 θεότης
3391 1703 3754 1773 expuat/erant

557 1794 718 1848 lectus
766 1796 820 1847 in
879 1809 981 1864 quo
1020 1794 1150 1847 mihi
1210 1794 1334 1848 bene
1385 1792 1676 1861 complacui
1712 1803 1758 1847 P.
1806 1812 1824 1845 ι
1860 1791 1965 1847 Sed
2013 1807 2126 1847 mos

2240 1798 2347 1853 τοῦ
2385 1797 2612 1865 Πατρὸς
2636 1798 2806 1866 φωνὴ
2866 1798 3195 1866 οὐρανόθεν
3239 1793 3539 1850 ἐπιϐοῶσα
3584 1810 3756 1863 φησιν·

558 1885 723 1954 pudet
764 1885 884 1940 illos
934 1884 1157 1939 Romani
1192 1884 1460 1939 Pontiﬁcii
1519 1884 1817 1955 dignitatis.
1855 1884 1946 1939 Sic
1986 1885 2126 1938 enim

2237 1908 2256 1940 ‹
2295 1884 2482 1954 Οὗτός
2524 1888 2696 1941 ἐστιν
2720 1891 2753 1943 ό
2778 1889 2907 1954 Υίός
2930 1905 3050 1958 μου
3068 1890 3101 1941 ό
3124 1884 3533 1957 ἀγαπητὸς,ἐν
3556 1878 3755 1952 ᾧηὺόό-

556 1976 634 2029 ait
664 1991 680 2028 :
718 1973 869 2029 Venit
900 1976 1062 2044 igitur
1090 1976 1143 2028 in
1174 1974 1309 2027 hanc
1335 1974 1520 2029 mundi
1549 1975 1805 2029 vilitatem
1833 1974 1926 2029 Dei
1954 1972 2127 2029 Filius

554 2083 585 2121 ι
615 2066 808 2121 caelesti
857 2066 1171 2120 descendens
1212 2064 1420 2131 throno,
1457 2072 1506 2119 et
1548 2081 1579 2117 a
1604 2066 1778 2134 patria
1822 2080 1925 2118 non
1958 2065 2129 2119 disce-

555 2160 684 2213 dens
717 2158 906 2227 gloria,
938 2175 1067 2213 novo
1106 2160 1261 2213 modo
1314 2173 1545 2227 novaque
1580 2157 1921 2226 generatione
1949 2166 2124 2212 natus.

560 2246 710 2302 Novo
737 2248 946 2319 quidem
989 2250 1165 2313 modo,
1199 2258 1254 2301 ut
1288 2248 1379 2319 qui
1421 2246 1700 2302 invisibilis
1735 2256 1871 2312 erat,
1903 2248 2126 2300 visibilis

557 2340 731 2407 [nctus
780 2342 849 2394 sit
895 2341 1035 2408 apud
1084 2357 1197 2406 nos,
1236 2354 1405 2409 neque
1445 2339 1559 2394 ad:
1596 2338 1732 2393 Deus
1772 2355 1946 2406 verus,
1989 2339 2128 2393 idem

556 2436 717 2487 etiam
737 2450 887 2488 verus
900 2431 1072 2487 homo.
1088 2433 1155 2487 Et
1172 2441 1290 2503 post
1307 2432 1421 2487 haec
1438 2448 1455 2488 :
1474 2430 1923 2497 Quemadmodum
1944 2432 2127 2499 igitur,

558 2533 617 2577 ut
646 2523 810 2577 multa
844 2523 1182 2592 complectar,
1211 2539 1312 2577 non
1340 2522 1573 2591 ejusdem
1607 2531 1683 2576 est
1713 2531 1916 2577 natura:
1941 2525 2130 2593 deﬂere

555 2631 622 2670 ea:
651 2616 1102 2669 commiseratione
1143 2616 1371 2668 amicum
1415 2624 1705 2678 mortuum,
1740 2623 1790 2669 et
1830 2630 1953 2669 mox
1986 2618 2129 2668 redi-

554 2707 748 2773 vivum,
788 2707 1060 2775 divulgato
1101 2722 1217 2775 1am
1248 2706 1391 2760 obitu
1419 2706 1765 2775 quatriduani
1802 2708 2020 2771 mortui,
2056 2708 2125 2760 ad

555 2799 694 2853 vocis
728 2799 941 2869 jussum
992 2814 1283 2868 resurgere,
1308 2808 1362 2853 et
1390 2806 1584 2852 caetera
1638 2812 1808 2867 usque
1839 2800 1906 2853 ad
1941 2798 2069 2851 illud
2100 2814 2116 2851 :

557 2887 867 2961 Quicunque
888 2906 980 2957 per
1012 2890 1377 2943 reuelationem
1412 2885 1594 2943 Patris
1630 2888 1867 2943 eumdem
1900 2889 1998 2944 Dei
2026 2887 2128 2943 Fi-

552 2982 684 3035 lium
716 2983 985 3049 confessus
1012 2991 1063 3035 et
1100 2978 1389 3034 Christum.

2233 1996 2416 2047 κησα.
2439 1998 2457 2031 ›
2518 1978 2659 2031 Ἀλλ⁹
2680 1978 2841 2042 εὐθὺς
2874 1976 3461 2047 αὐτοὺςσκαταισχύνει
3518 1975 3609 2045 τῆς
3652 1976 3759 2029 Ῥω-

2237 2074 2441 2143 μαῖκῆς
2481 2070 2910 2142 Ἀρχιερωσύνης
2952 2070 3016 2122 τὸ
3063 2069 3469 2139 καλλώπισμα·
3494 2067 3628 2134 λέγει
3647 2066 3757 2137 γὰρ’

2234 2165 2589 2232 Προέρχεται
2626 2163 2836 2217 τοίνυν
2884 2163 2971 2228 είς
3016 2159 3084 2214 τὸ
3136 2158 3430 2213 ταπεινὸν
3482 2156 3645 2211 τοῦτο
3678 2154 3760 2209 τοῦ

2234 2255 2465 2323 κόσμου
2491 2257 2524 2308 ό
2540 2256 2670 2321 Υἱὸς
2697 2253 2805 2309 τοῦ
2824 2252 2993 2317 Θεοῦ,
3007 2252 3124 2306 ἀπὸ
3142 2251 3249 2305 τοῦ
3269 2249 3555 2317 οὐρανίου
3585 2250 3761 2315 θρόνου

2235 2347 2607 2400 καταϐαίνων
2627 2344 2723 2397 καὶ
2747 2345 2864 2399 ἀπὸ
2894 2343 3005 2411 τῆς
3026 2342 3317 2411 πατρικῆς
3346 2340 3535 2407 δόξης
3554 2342 3652 2393 οὐκ
3674 2339 3761 2407 ἀρ-

2235 2438 2573 2505 ιστάμενος,
2599 2434 2779 2503 καινῇ
2803 2435 2876 2503 τῇ
2903 2434 3068 2499 τάξει
3098 2434 3198 2487 καὶ
3216 2431 3399 2501 καινῇ
3433 2430 3506 2498 τῇ
3525 2431 3761 2501 γεννήσει

2235 2528 2575 2597 γενόμενος,
2618 2527 2799 2595 καινῇ
2834 2528 2951 2595 μὲν
2995 2525 3070 2594 τῇ
3103 2525 3302 2591 τάξει,
3328 2525 3534 2593 ὅτιπερ
3559 2524 3765 2591 ἀόρατος

2232 2617 2319 2672 ὢν
2346 2620 2415 2672 έν
2446 2618 2571 2684 τοῖς
2593 2618 2811 2673 ἑαυτοῦ
2839 2617 3051 2686 ὁρατὸς
3080 2616 3327 2687 γέγονεν
3348 2616 3422 2669 ὲν
3459 2615 3579 2680 τοῖς
3601 2614 3763 2682 παρ”⁶

2235 2708 2423 2777 ἡμῶν.
2445 2709 2623 2777 Μέχρι
2651 2708 2745 2761 τοῦ
2766 2724 2779 2738 ·
2824 2709 2887 2761 '0
2917 2710 3029 2778 γὰρ
3063 2706 3148 2761 ὢν
3174 2708 3319 2773 Θεὸς
3342 2707 3599 2775 ἀληθὴς,
3621 2704 3765 2769 αὑτός

2232 2800 2364 2853 ἐστι
2388 2801 2432 2831 ⁸⁸
2476 2799 2575 2854 καί
2625 2799 2934 2868 ἅνθρωπος
2977 2799 3233 2866 ἀληθής.
3273 2799 3382 2852 Καὶ
3428 2798 3564 2867 μετὰ
3608 2795 3763 2848 ταῦτα·

2236 2892 2465 2961 Ὠσπερ
2495 2885 2631 2954 οὖν,
2662 2892 2761 2943 ἵνα
2799 2891 2872 2943 τὰ
2912 2890 3115 2944 πολλὰ
3156 2889 3512 2958 παραλείψω
3538 2928 3553 2951 ,
3587 2890 3650 2941 οὺ
3685 2885 3769 2954 τῆς

2226 2980 2419 3049 αὐτῆς
2470 2981 2604 3034 ἐστι
2657 2981 2899 3049 φύσεως
2960 2980 3026 3033 τὸ
3072 2981 3309 3034 κλαίειν
3351 2980 3426 3032 ἐκ
3484 2977 3763 3041 διαθέσεως

551 3074 760 3130 οἴκτου
816 3074 927 3130 τὸν
974 3074 1426 3140 τελευτήσαντα
1484 3073 1689 3143 φίλον,
1753 3073 1854 3129 και
1908 3074 1976 3129 τὸ
2021 3076 2130 3129 τὸν
2173 3076 2359 3131 αὐτὸν
2432 3075 2660 3145 ἀναζῆν
2720 3075 3025 3144 μέλλοντα
3096 3074 3635 3140 διασκεδασθέντος
3690 3071 3769 3125 τοῦ

551 3169 987 3243 προσχώματος
1022 3168 1134 3239 τῆς
1167 3170 1519 3240 τεταρταίας
1545 3170 1662 3238 ἤδη
1695 3169 1891 3239 ταφῆς
1918 3170 2337 3241 ἐξαναστῆσαι
2372 3172 2521 3239 πρὸς
2550 3173 2616 3225 τὸ
2669 3172 2979 3240 κέλευσμα
3036 3169 3151 3238 τῆς
3204 3170 3439 3240 φωνῆς..
3476 3169 3594 3238 ,Καὶ
3676 3166 3772 3234 ἑξῆς

554 3263 718 3335 μέχρι
748 3262 844 3321 τοῦ
865 3279 881 3297 ο
925 3264 1135 3329 Ὅστις
1173 3261 1249 3316 δι’
1278 3262 1719 3330 ἀποκαλύψεως
1748 3261 1855 3315 τοῦ
1889 3262 2121 3331 Πατρός
2148 3264 2255 3318 τὸν
2284 3264 2472 3318 αὐτὸν
2502 3264 2601 3317 καὶ
2642 3263 2782 3317 Υίὸν
2809 3262 2960 3317 Θεοῦ
3005 3263 3050 3294 ²¹
3101 3263 3462 3331 ὡμολόγησε
3524 3259 3617 3314 καὶ
3668 3260 3771 3327 Χρι-

551 3361 729 3416 στόν.

625 3452 731 3509 Sed
758 3466 973 3506 rursum
1015 3449 1240 3506 hteresls
1270 3449 1473 3505 dictum
1503 3451 1728 3505 verbum
1781 3450 2069 3519 discerpsit
2104 3470 2116 3505 :
2148 3452 2195 3515 C

555 3543 675 3603 Etsi
722 3545 950 3599 maxime
987 3544 1041 3597 in
1092 3543 1319 3599 Domino
1345 3543 1472 3598 Jesu
1515 3542 1728 3599 Christo
1767 3544 1863 3598 Dei
1894 3542 2035 3597 Filio
2082 3554 2126 3598 et

2233 3540 2292 3591 Et
2330 3536 2428 3589 καὶ
2483 3538 2556 3589 τὰ
2598 3535 2867 3605 μάλιστα
2915 3536 2985 3588 ὲν
3039 3534 3117 3601 τῷ
3150 3535 3431 3602 Δεσπότῃ
3486 3533 3666 3601 Ἰησοῦ
3714 3530 3774 3594 τῷ

551 3636 781 3690 hominis
811 3652 919 3689 una
945 3644 1021 3691 est
1044 3651 1267 3705 persona
1297 3676 1313 3702 ,
1374 3646 1547 3690 tamen
1579 3636 1725 3690 aliud
1769 3646 1846 3689 est
1876 3636 2031 3701 illud,
2069 3652 2126 3689 επ

2233 3626 2462 3698 Χριστῷ
2502 3626 2608 3682 τοῦ
2663 3628 2812 3682 Θεοῦ
2857 3626 2956 3680 καὶ
3021 3627 3127 3681 τοῦ
3187 3626 3514 3695 ἀνθρώπου
3565 3626 3629 3679 ἓν
3672 3629 3775 3677 ἐστι

552 3744 654 3795 quo
676 3728 733 3783 in
765 3738 983 3798 utroque
1021 3730 1311 3783 communis
1349 3740 1425 3783 est
1479 3728 1684 3799 injuria
1723 3727 1939 3799 2a2b,
1969 3736 2019 3781 et
2049 3728 2126 3780 al-

2233 3723 2577 3789 πρόσωπον,
2612 3720 2769 3790 ὅμως
2801 3719 3006 3787 ἕτερόν
3052 3720 3224 3773 ἐστιν
3275 3719 3479 3774 ἐκεῖνο
3512 3720 3579 3783 ἐξ
3614 3714 3677 3773 οὗ
3724 3718 3775 3769 ἐν

556 3831 744 3885 terum,
778 3836 843 3874 ex
864 3836 965 3891 quo
992 3820 1283 3875 communis
1310 3821 1487 3891 opinio
1516 3832 1631 3874 orta
1659 3830 1755 3874 est.
1790 3820 1894 3873 Sed
1916 3827 2126 3874 sanctus

2233 3811 2489 3879 ἐκατέρῳ
2529 3814 2739 3866 κοινόν
2768 3812 2899 3865 ἐστι
2944 3811 3012 3865 τὸ
3039 3811 3149 3879 τῆς
3178 3811 3427 3879 ὕϐρεως,
3470 3809 3568 3864 καὶ
3609 3808 3773 3875 ἕτερον

557 3912 639 3966 vir
692 3912 1031 3981 impudentes
1064 3928 1160 3982 per
1222 3912 1326 3970 hoc
1369 3913 1637 3967 convertit
1697 3913 1912 3980 impios.
1980 3910 2126 3966 Dicit

2233 3907 2302 3971 ἐξ
2331 3902 2403 3962 οὗ
2440 3905 2646 3960 κοινὸν
2684 3905 2751 3957 τὸ
2793 3903 2904 3973 τῆς
2946 3905 3136 3971 δόξης
3173 3904 3574 3971 καθέστηκεν.
3608 3901 3775 3954 ’Δλλ’ὁ

552 3999 699 4057 enim
730 4016 745 4055 :
776 3998 907 4055 Post
933 3999 1145 4055 Domini
1174 4003 1598 4057 resurrectionem
1628 4018 1743 4071 qua:
1772 4002 2004 4055 videlicet
2027 4002 2126 4055 veri

2237 3999 2380 4068 ἱερὸς
2409 3999 2549 4069 ἀνὴρ
2593 3998 2690 4051 καὶ
2746 3996 3138 4068 ἀναισχύντους
3164 3995 3323 4059 ὄντας
3360 3995 3432 4048 δι’
3489 3991 3672 4048 ἑαυτοῦ
3706 3992 3772 4043 ὲν-

551 4093 785 4162 corporis
812 4094 975 4163 ipsius
1001 4094 1142 4163 facta
1169 4104 1267 4161 est,
1308 4112 1425 4149 cum
1452 4094 1591 4149 alius
1613 4111 1716 4148 non
1740 4104 1998 4164 resurgat,
2030 4093 2126 4147 nisi

2233 4091 2425 4160 τρέπει
2474 4092 2602 4153 τοὺς
2638 4089 2954 4153 δυσσεϐεῖςο
2995 4087 3145 4156 λέγει
3174 4086 3311 4157 γάρ’
3374 4087 3544 4141 Μετὰ
3585 4084 3648 4138 δὲ
3688 4082 3774 4147 τὴν

550 4184 698 4244 cruci
728 4186 913 4257 unicus
964 4197 1012 4240 et
1058 4195 1319 4251 mortuus,
1353 4201 1525 4257 usque
1554 4187 1622 4243 ad
1655 4204 1669 4241 :
1705 4187 1795 4241 sed
1836 4202 1999 4240 unum
2035 4185 2126 4239 Dei

2234 4183 2576 4237 ἀνάστασιν
2625 4182 2731 4237 τοῦ
2761 4180 3003 4249 Κυρίου,
3042 4180 3174 4247 ἥτις
3225 4178 3468 4247 δηλαδὴ
3520 4177 3620 4231 τοῦ
3660 4176 3771 4239 ἀλη-

551 4272 753 4332 Filium
801 4278 1107 4346 conﬁtemur
1130 4288 1177 4333 et
1205 4294 1434 4333 carnem.

2239 4273 2408 4328 θινοῦ
2458 4272 2730 4343 σώματος
2772 4272 2957 4328 αὑτοῦ
3030 4270 3377 4341 γεγένηται,
3431 4270 3635 4337 ἐπειδή
3687 4268 3770 4320 οὐκ

550 4367 743 4435 ἄλλος
768 4367 816 4399 ’³
845 4369 1075 4438 ἀνέστη
1116 4371 1167 4423 ει
1197 4369 1282 4439 μὴ
1346 4372 1383 4425 ό
1432 4367 1802 4437 σταυρωθεὶς
1842 4367 1941 4422 καὶ
1983 4364 2318 4421 ἀποθανών.
2378 4363 2557 4435 Μέχρι
2582 4362 2698 4428 τοῦ,
2756 4364 2911 4417 Ἀλλ’
2968 4360 3077 4415 ἕνα
3148 4361 3282 4416 Υίὸν
3333 4361 3491 4415 Θεοῦ
3548 4361 3640 4414 καὶ
3693 4361 3770 4413 τὸν

550 4461 745 4534 Λόγον
775 4466 1235 4536 ὁμολογήσομεν
1258 4466 1357 4521 και
1386 4464 1504 4534 τὴν
1532 4464 1755 4533 σάρκα.

624 4555 917 4627 Postquam
974 4574 1102 4613 vero
1154 4559 1353 4616 invasit
1401 4558 1653 4615 haeretica
1694 4558 1900 4628 opinio,
1930 4566 1985 4614 et
2027 4558 2131 4613 hoc

550 4648 847 4719 depravat:
878 4647 983 4705 Per
1004 4650 1141 4703 hanc
1174 4651 1336 4719 igitur
1373 4666 1607 4718 persona:
1626 4651 1880 4705 unitatem
1900 4649 1956 4702 in
1982 4656 2133 4704 utra-

548 4755 648 4809 que
666 4748 855 4793 natura
876 4738 1101 4793 debitam
1134 4740 1371 4809 intelligi.
1403 4739 1627 4797 Etiamsi
1647 4754 1774 4794 vero
1792 4740 1879 4794 hic
1902 4738 2126 4809 propriis

2236 4734 2454 4786 ἕνωσιν
2492 4731 2562 4783 ἐν
2588 4729 2837 4797 ἑκατέρᾳ
2883 4731 3064 4799 φύσει
3107 4731 3376 4786 νοεῖσθαι
3414 4733 3763 4802 ὀφείλουσαν.

550 4827 717 4886 armis
751 4828 1083 4897 sycophanta
1106 4829 1204 4884 hos
1229 4830 1453 4894 invadit,
1489 4830 1673 4885 dicens
1706 4848 1720 4885 :
1758 4828 1824 4885 In
1880 4830 2126 4901 importu-

2250 4822 2408 4876 Ἀλλὰ
2434 4820 2713 4875 κάνταῦθα
2736 4823 2848 4884 τοῖς
2875 4821 3022 4886 ἰδίοις
3044 4822 3231 4883 ὅπλοις
3257 4826 3285 4876 ὁ
3310 4823 3770 4892 συκοφαντούμενος

551 4919 715 4976 nitate
743 4920 907 4989 igitur
933 4920 1179 4987 hominis,
1227 4930 1277 4975 et
1303 4921 1486 4974 ultima
1544 4932 1756 4985 natura,
1816 4920 1958 4976 Deus
1999 4936 2123 4974 vero

2236 4917 2458 4978 τούτους
2506 4915 2859 4980 καταϐάλλει,
2890 4915 3096 4984 λέγων·
3144 4918 3249 4971 Ἔν
3287 4919 3541 4988 ἁκεραίᾳ
3580 4931 3768 4985 τοιγαρ-

550 5017 708 5065 natus
731 5018 809 5066 est
835 5016 974 5064 totus
995 5010 1051 5064 in
1074 5011 1161 5077 iis,
1187 5026 1302 5081 qua:
1344 5011 1510 5082 ipsius
1532 5051 1548 5077 ,
1571 5022 1617 5065 et
1641 5020 1779 5065 totus
1800 5011 1855 5065 in
1907 5010 2126 5073 nostris,

2233 5008 2345 5062 οῦν
2391 5005 2706 5075 ἀνθρώπου
2754 5008 2855 5061 καὶ
2898 5010 3097 5074 τελείᾳ
3152 5011 3333 5078 φύσει
3383 5011 3535 5076 Θεὸς
3578 5002 3769 5073 ἀληθῶς

548 5108 607 5161 et
647 5099 941 5172 deinceps:
971 5099 1042 5156 Ut
1081 5118 1295 5157 manens
1349 5104 1508 5171 igitur
1561 5103 1616 5156 in
1665 5103 1836 5170 forma
1869 5102 1984 5167 Dei,
2011 5102 2126 5171 {erit

2233 5100 2441 5167 ἐτέχθη
2474 5096 2618 5163 ὅλος
2646 5098 2692 5129 ’⁸
2728 5098 2798 5151 ὲν
2829 5097 2952 5163 τοῖς
2978 5098 3195 5152 ἑαυτοῦ
3232 5098 3333 5152 καὶ
3378 5098 3530 5165 ὅλος
3582 5097 3646 5151 ἐν
3678 5090 3769 5154 τοῖς

549 5194 806 5256 hominem
830 5238 846 5265 ,
877 5200 952 5254 sic
984 5200 1039 5255 in
1064 5199 1193 5263 servi
1221 5197 1393 5268 forma
1418 5198 1592 5269 factus
1610 5196 1761 5252 homo
1786 5208 1883 5251 est.

2238 5190 2423 5260 ἡμῶν.
2455 5191 2566 5243 Καὶ
2590 5188 2716 5259 ἑξῆς
2735 5204 2750 5219 ’
2785 5188 3109 5258 Τοιγαροῦν
3131 5190 3212 5256 ὡς
3232 5192 3277 5222 ²⁶
3302 5190 3511 5261 μένων
3529 5190 3599 5243 ἐν
3610 5180 3772 5257 μορςῇ

2237 5283 2387 5337 Θεοῦ
2425 5282 2756 5347 πεποίηκεν
2776 5280 3112 5349 ἄνθρωπον,
3142 5282 3328 5347 οὕτως
3348 5282 3420 5334 ἐν
3440 5278 3643 5351 μορφῇ
3666 5274 3772 5328 δούς

2234 5378 2351 5429 λου
2378 5374 2628 5445 γέγονεν
2655 5374 2987 5443 ἅνθρωπος.

2304 3445 2464 3499 Ἀλλὰ
2495 3444 2654 3498 πάλιν
2702 3445 2734 3513 ἡ
2762 3444 2971 3514 αἵρεσις
3014 3442 3258 3513 διασύρει
3298 3442 3362 3495 τὸ
3415 3442 3572 3509 λέγον
3603 3439 3738 3511 ῥητόν
3759 3454 3770 3467 ·

2317 4547 2456 4601 Ἀλλ’
2482 4546 2562 4600 ἔτι
2596 4547 2837 4618 ὲπιπηδᾷ
2868 4547 2928 4600 τὸ
2955 4548 3229 4619 αἱρετικὸν
3248 4548 3534 4621 φρόνημα,
3566 4548 3651 4601 καὶ
3678 4546 3765 4598 δια-

2236 4640 2421 4693 ϐάλλει
2449 4638 2529 4691 τό·
2554 4638 2654 4691 Διά
2684 4640 2909 4706 ταύτην
2923 4640 3131 4693 τοίνυν
3152 4640 3260 4695 τοῦ
3276 4641 3609 4709 προσώπου
3634 4638 3721 4705 τὴν
3734 4638 3767 4667 ’⁸

518 5486 525 5519 ;
607 5464 811 5523 “Joan.
846 5481 885 5532 t,
920 5465 972 5531 ι,
1007 5466 1063 5523 2.
1157 5472 1183 5502 ο
1213 5462 1447 5520 ἰὺίὸ.14.
1532 5473 1561 5514 ι’
1588 5463 1775 5520 Matth.
1810 5464 2016 5529 "11,3.

1836 5582 2068 5639 VARle
2101 5583 2505 5641 LECTIONES.

618 5735 681 5811 "_
700 5734 1416 5811 nap'_expultgitScaliger.
1439 5738 1533 5792 τοῦ
1574 5742 1603 5794 ὁ
1648 5740 1777 5811 γὰρ]
1817 5741 1925 5809 γὰρ
1946 5740 2040 5794 τοῦ
2062 5740 2091 5793 ὁ
2127 5740 2234 5811 γὰρ
2273 5740 2354 5793 A:
2389 5738 2496 5811 γὰρ
2523 5738 2621 5811 τοῦ
2646 5738 2758 5811 ὁ-ςε
2792 5806 2811 5811 _
2869 5739 2907 5769 ¹¹
2947 5738 3061 5811 ἐστι
3094 5738 3138 5793 Α
3173 5756 3185 5793 :
3219 5736 3298 5791 ἔτι
3327 5755 3381 5802 ς.
3467 5736 3511 5767 ²²
3542 5730 3661 5789 Υἱδν
3691 5723 3767 5782 τεὶῦ

546 5804 685 5861 Θεοῦ
714 5804 792 5874 ς(
838 5808 883 5840 ³³
920 5804 1081 5873 ἄλλος
1106 5810 1205 5864 οὐκ
1235 5804 1331 5874 ς.’
1365 5810 1529 5882 ¹⁶τὴν
1559 5804 1680 5868 add.
1717 5804 1781 5868 A.
1829 5804 1907 5853 'u'
1932 5811 2065 5877 ὅλως
2098 5804 2163 5855 «ἔ
2191 5804 2325 5874 ὅλως
2352 5804 2501 5878 ptati.
2580 5810 2626 5842 ³⁸
2656 5806 2755 5879 ὡς]
2788 5806 2841 5871 δέ
2874 5824 2955 5880 PI‘.
2993 5807 3053 5862 Λα
