3994 6428
259 390 375 457 949

1285 403 1812 466 BIBLIOTHECA.
1853 432 1922 441 -
1957 408 2123 470 COD.
2155 410 2451 474 CCXXVI.

3416 412 3523 488 950

337 503 513 558 Πάλιν
540 506 575 577 ἡ
596 507 808 579 αἵρεσις
842 509 1126 575 όπλίζεται
1153 512 1297 567 κατὰ
1324 513 1441 576 τοῦ,
1476 516 1626 568 Ποία
1656 516 1841 584 φύσις

2015 519 2247 577 Rursum
2297 523 2414 579 haec
2459 525 2679 580 haeresis
2729 537 3036 597 oppugnat:
3087 530 3274 596 Qualis
3332 543 3529 588 natura

251 595 689 669 ἐμπεπαρμένη
710 602 835 669 τοῖς
852 602 1027 671 ἣλοις
1045 604 1115 659 ἐν
1142 605 1270 678 [599
1297 607 1389 679 Η.]
1414 607 1495 673 τῷ
1520 609 1627 663 τοῦ
1658 626 1843 663 σταυ-

244 688 371 756 ροῦ
406 689 574 757 ξύλῳ
588 694 892 762 κρέμαται.
911 696 1021 749 Καὶ
1041 697 1201 751 πάλιν
1218 700 1245 751 ὁ
1260 699 1358 769 τῆς
1373 700 1655 763 εὐσεϐείας
1679 718 1844 769 στρα-

256 780 434 851 τηγὸς
469 785 663 855 τρέπει
692 786 752 838 τὸ
790 786 1068 857 πολέμιον,
1118 788 1348 850 πολλοὺς
1392 791 1570 861 ἐαυτῷ
1609 809 1845 846 συνεπα-

256 870 497 941 γόμενος
529 875 853 946 συμμάχους
873 894 884 909 ·
928 880 1069 949 πλὴν
1090 878 1227 933 ἀλλὰ
1259 882 1353 935 καλ⁸
1377 882 1499 934 καθ’
1527 882 1717 936 ἑαυτὸν
1743 876 1845 950 ᾦδε

256 964 598 1041 καταϐάλλει
636 967 882 1033 τούτους.
912 970 1049 1041 Περὶ
1077 970 1187 1042 γὰρ
1224 971 1496 1045 Εὐτυχοῦς
1532 972 1706 1041 λέγων
1738 991 1845 1042 φη-

258 1052 349 1104 σίν
371 1071 385 1084 ο
420 1057 525 1121 Ὃς
561 1056 676 1125 τὴν
703 1059 896 1127 φύσιν
916 1063 1033 1130 τὴν
1065 1062 1363 1133 ἡμετέραν
1382 1064 1453 1118 ἐν
1487 1062 1568 1129 τῷ
1591 1080 1847 1133 μονογε-

254 1144 362 1199 rei
390 1147 501 1212 ΥΙῷ
536 1150 642 1204 τοῦ
660 1152 808 1207 Θεοῦ
833 1154 980 1209 οὔτε
1001 1156 1098 1209 διὰ
1113 1154 1222 1224 τῆς
1250 1155 1673 1224 ταπεινότητος
1706 1157 1850 1213 οὔτε

255 1237 361 1291 διὰ
393 1239 507 1309 τῆς
531 1242 718 1312 δόξης
741 1244 974 1317 ἐπέγνω
1004 1247 1115 1316 τῆς
1143 1249 1557 1316 ἀναστάσεως.
1584 1250 1696 1304 Καὶ
1718 1250 1846 1322 ἑξῆς

262 1330 430 1403 μέχρι
472 1333 601 1387 τοῦθ
647 1336 708 1391 Tl
733 1336 801 1391 δέ
841 1338 973 1393 ἐστι
1028 1339 1097 1394 τὸ
1132 1340 1401 1409 διαιροῦν
1430 1341 1533 1395 τὸν
1582 1342 1839 1410 Ἰησοῦν,

260 1425 312 1476 εὶ
339 1424 428 1493 μὴ
464 1425 580 1495 τὴν
606 1428 994 1499 ἀνθρωπίνην
1015 1432 1119 1488 ἀπ’
1154 1434 1342 1488 αὐτοῦ
1374 1434 1566 1504 φύσιν
1604 1434 1832 1504 ἀποχω-

1949 610 2119 675 inﬁxa
2153 612 2316 668 claris
2349 613 2492 683 ligno
2520 615 2692 670 crucis
2713 616 2922 685 pendet.
2955 616 3021 670 Et
3052 633 3264 673 rursum
3306 620 3527 690 pietatis

1950 704 2106 759 miles
2143 707 2339 761 evertit
2375 708 2608 773 hostem,
2643 708 2840 766 multos
2887 709 2942 764 in
2968 725 3029 766 se
3056 712 3329 766 adducens
3371 727 3525 766 com-

1951 796 2249 863 militones,
2280 799 2381 853 nisi
2408 801 2552 869 quod
2583 811 2638 856 et
2660 802 2740 856 sic
2768 818 2865 871 per
2898 818 2958 859 se
2987 803 3087 858 hos
3115 803 3553 874 complectatur.

1951 888 2025 944 De
2076 889 2318 961 Eutyche
2348 894 2428 947 sic
2467 894 2610 948 enim
2659 894 2935 962 loquitur:
2969 895 3073 960 Qui
3132 906 3380 951 naturam
3438 912 3537 950 no-

1952 990 2123 1035 stram
2150 983 2206 1036 in
2241 985 2511 1054 unigenito
2544 985 2643 1041 Dei
2687 984 2848 1054 Filio,
2888 1004 3051 1059 neque
3076 988 3392 1050 humilitate,
3448 1005 3539 1041 ne-

1954 1089 2050 1143 que
2070 1074 2239 1144 gloria
2280 1079 2489 1145 agnouit
2525 1081 2940 1149 resurrectionis,
2971 1089 3025 1135 et
3082 1096 3204 1151 quae
3235 1088 3540 1149 sequuntur

1955 1180 2124 1232 “sane
2145 1169 2210 1222 ad
2245 1168 2373 1225 illud
2404 1186 2421 1224 :
2460 1170 2599 1236 Quid
2632 1181 2842 1240 separat
2868 1172 3070 1239 Iesum,
3109 1173 3210 1226 nisi
3236 1171 3539 1242 mysterium

1955 1256 2239 1311 humanam
2284 1261 2349 1314 ab
2384 1261 2496 1330 ipso
2524 1270 2773 1317 naturam
2801 1266 3090 1333 sejungere,
3121 1280 3212 1331 per
3245 1279 3398 1333 quem
3450 1277 3538 1314 so-

1950 1347 2059 1401 lum
2103 1350 2292 1405 saluati
2335 1369 2539 1419 sumus,
2591 1357 2773 1410 conari
2809 1356 3031 1411 stultum
3073 1371 3165 1424 per
3212 1356 3540 1425 impudentes

1951 1437 2187 1503 ﬁctiones
2222 1443 2452 1508 operari.

254 1512 445 1579 ρίζὲιν
474 1517 518 1548 ’⁷
557 1516 623 1570 τὸ
655 1518 1016 1588 μυστήριον,
1055 1521 1130 1575 δι’
1193 1519 1380 1591 οὗπερ
1424 1523 1734 1591 ἐσώθημεν
1773 1524 2004 1593 μόνου,
2057 1529 2375 1598 πειρᾶσθαι
2407 1531 2663 1601 μάταιον
2720 1534 2819 1590 διὰ
2868 1535 3241 1606 πλασμάτων
3282 1534 3540 1592 ἀναιδῶν

260 1608 713 1678 ἀπεργάζεσθαι.

334 1702 420 1756 Τὰ
464 1704 564 1774 μὲν
591 1700 684 1760 οὖν
731 1706 874 1779 ῥητὰ
918 1709 1013 1761 τοῦ
1046 1711 1104 1763 ὲν
1152 1710 1327 1776 ἁγίοις
1375 1711 1629 1776 Λέοντος,
1676 1712 1745 1765 τά
1784 1728 1843 1763 τε

261 1796 687 1867 ἐπηρεαζόμενα
721 1800 901 1869 μάτην
921 1802 1014 1854 καὶ
1048 1801 1086 1856 ἃ
1119 1804 1245 1865 τοὺς
1275 1802 1690 1873 ὲπηρεάζοντας
1710 1820 1847 1857 κατ-

262 1888 623 1958 αισχύνουσι,
678 1891 854 1945 ταῦτα
886 1905 897 1919 ⁸
969 1892 1005 1946 ἃ
1054 1893 1309 1946 τοσοῦτον
1385 1893 1681 1962 συσφίγγει
1754 1893 1851 1963 τὴν

2028 1713 2093 1768 Et
2114 1715 2332 1784 quidem
2363 1715 2504 1771 beati
2532 1716 2728 1772 Leonis
2755 1717 2898 1773 dicta
2934 1720 3181 1788 quaedam
3219 1730 3425 1775 temere
3453 1735 3543 1775 re-

1957 1805 2249 1871 prehensa,
2295 1816 2351 1860 et
2394 1821 2624 1874 quorum
2671 1807 2874 1877 pudeat
2912 1808 3059 1879 ipsos
3119 1810 3537 1875 calumniantes,

1960 1902 2077 1955 haec
2098 1911 2224 1956 sunt
2252 1918 2265 1956 :
2292 1918 2414 1972 quae
2445 1902 2607 1958 talem
2635 1904 3015 1976 constringunt
3046 1907 3331 1973 unitatem,
3364 1918 3423 1964 ut
3450 1910 3545 1964 ad—
3578 1944 3584 1952 -

263 1978 487 2041 ¹ἑνωσιν,
511 1979 651 2034 ὥστε
674 1980 977 2053 θαυμάζειν
1009 1983 1128 2047 πῶς
1159 1984 1225 2038 ἐκ
1251 1984 1457 2037 τούτων
1495 1985 1547 2037 οἱ
1582 1984 1851 2054 συκοφάν-

1963 1995 2233 2049 mirentur
2265 1995 2537 2064 quomodo
2568 1997 2620 2050 in
2648 1996 2733 2052 bis
2752 1999 3101 2068 sycophanta
3128 2015 3236 2056 non
3270 2001 3547 2057 confusio-

262 2088 357 2123 ται
399 2072 523 2143 οὐχὶ
562 2074 826 2144 σύγχυσιν
863 2075 960 2128 τοῦ
1013 2076 1208 2146 ἀνδρὸς
1256 2078 1537 2140 κατεῖπον,
1565 2073 1754 2146 ῶσπερ
1790 2076 1851 2128 ὲκ

1963 2101 2083 2141 nem
2113 2087 2214 2142 viri
2242 2088 2714 2158 reprehenderint,
2737 2091 3190 2159 quemadmodum
3213 2106 3245 2148 e
3274 2094 3545 2149 calumnia

262 2160 379 2213 τῶν
408 2163 861 2233 ἐπηρεασοέντων
892 2165 993 2234 τὴν
1026 2166 1294 2235 διαίρεσιν
1329 2165 1756 2219 συνεπλάσαντο.
1783 2164 1855 2217 Τὸ

264 2254 382 2323 γὰρ
415 2254 595 2323 λέγειν
625 2255 700 2317 ὡς
723 2258 752 2309 ὁ
779 2257 996 2329 ἀπαθὴς
1020 2257 1155 2321 Θεὸς
1174 2258 1275 2311 οὐκ
1300 2256 1583 2326 ἀπηξίωσε
1613 2256 1856 2326 παθητὸς

264 2348 527 2415 γενέσθαι
556 2348 863 2419 ἄνθρωπος,
889 2352 984 2405 καὶ
1033 2352 1061 2403 ό
1098 2352 1367 2414 ἀθάνατος
1400 2353 1584 2422 νόμοις
1633 2352 1856 2403 ὑποκεῖ-

268 2440 400 2493 σθαι
428 2440 676 2507 Θανάτου,
707 2443 802 2496 καὶ
825 2446 854 2497 ὁ
873 2444 1101 2513 ἄχρονος
1120 2441 1260 2498 εἶναι
1282 2445 1485 2516 ἤρξατο
1512 2443 1618 2498 ἀπὸ
1638 2444 1854 2515 χρόνον,

265 2531 395 2595 πῶς
419 2532 577 2586 ἔλαθε
620 2535 747 2597 τοὺς
794 2536 1028 2603 πικροὺς
1060 2537 1403 2604 συκοφάντας
1437 2537 1511 2605 μὴ
1539 2535 1857 2605 συγχύσεως

264 2626 371 2677 τὸν
429 2624 597 2697 ἄνδρα
648 2625 966 2696 γράψασθαι
996 2627 1084 2681 διὰ
1113 2627 1355 2692 τούτων;
1405 2628 1535 2700 [768
1571 2626 1665 2698 IL]
1718 2628 1859 2695 πλὴν

265 2715 415 2781 ἀλλ’,
444 2716 632 2789 ὥσπερ
664 2720 763 2788 τὴν
789 2719 1055 2790 διαίρεσιν
1098 2720 1454 2791 ἐπιρραπίζει
1489 2721 1684 2787 ταῦτα,
1716 2720 1858 2774 οὕτω

269 2809 510 2862 κάκεῖνα
548 2810 645 2881 τὴν
677 2811 940 2882 σύγχυσιν
970 2812 1435 2877 ἀποσκευάζεται.

348 2898 414 2952 Τί
452 2900 653 2971 δήποτε
694 2903 751 2957 δὲ
789 2906 818 2957 ὀ
863 2907 1215 2976 συγγραφεὺς
1245 2905 1333 2960 διὰ
1367 2906 1624 2959 τοιούτων
1654 2906 1858 2960 ὥδευσε

272 2993 583 3063 ρημάτων;
638 2995 817 3061 διττὸς
849 2998 1153 3070 τηνικαῦτα
1200 3000 1342 3053 κατὰ
1387 3000 1488 3068 τῆς
1531 2999 1861 3070 Ἐκκλησίας

273 3085 571 3161 συνίστατο
601 3088 861 3161 πόλεμος,
897 3091 1133 3145 ἐνταῦθα
1163 3091 1259 3161 μὲν
1284 3091 1374 3145 τὸν
1401 3091 1644 3162 Εὐτυχέα
1678 3090 1862 3161 φέρων

1957 2180 2237 2250 oppressis
2278 2180 2599 2237 divisionem
2655 2182 2989 2255 confingunt.
3042 2182 3232 2239 Dicere
3264 2185 3432 2248 enim,
3486 2195 3547 2240 ut

1958 2270 2274 2339 impatibilis
2305 2270 2448 2327 Deus
2472 2288 2577 2328 non
2606 2274 2928 2342 dedignatus
2949 2285 3034 2331 est
3073 2275 3188 2332 ﬁeri
3215 2279 3373 2332 homo
3396 2293 3547 2332 mor-

1959 2363 2103 2428 talis,
2131 2371 2187 2417 et
2214 2364 2403 2420 mortis
2426 2379 2535 2420 non
2566 2365 2779 2421 horruit
2811 2368 3156 2438 obsequium,
3190 2379 3246 2424 et
3272 2370 3392 2425 sine
3416 2380 3547 2425 tem-

1959 2469 2091 2524 pore
2126 2455 2301 2511 factus
2334 2465 2419 2512 est
2459 2471 2582 2512 cum
2612 2465 2877 2529 tempore.
2914 2459 3195 2527 Quomodo
3226 2461 3547 2532 ignorarunt

1960 2548 2088 2602 mali
2139 2547 2583 2616 calumniatores,
2617 2565 2723 2606 non
2770 2552 3055 2621 scripsisse
3077 2554 3254 2607 virum
3309 2570 3405 2624 per
3443 2556 3550 2610 hoc

1961 2638 2238 2704 confundi,
2283 2640 2387 2695 nisi
2411 2641 2557 2709 quod
2599 2651 2658 2695 ut
2688 2641 3009 2698 divisionem
3043 2643 3376 2714 redarguunt
3411 2646 3545 2711 haec,

1961 2732 2041 2787 sic
2067 2740 2123 2787 et
2153 2732 2241 2787 illa
2270 2730 2650 2788 confusionem
2684 2735 2971 2791 adornant.

2033 2891 2151 2959 Quo
2179 2894 2392 2948 tandem
2421 2895 2657 2963 scriptor
2702 2893 2791 2949 hic
2818 2894 3017 2968 2a3a
3047 2897 3252 2963 tendat,
3276 2898 3547 2968 geminum

1962 2984 2089 3038 hinc
2120 2986 2378 3041 adversus
2401 2984 2701 3041 Ecclesium
2728 2990 2976 3044 nascitur
3001 2988 3222 3045 bellum.
3248 2988 3387 3045 Hinc
3403 2992 3547 3045 enim

1964 3078 2263 3151 Eutychem
2320 3081 2566 3136 referens
2610 3082 2939 3153 principem,
2996 3084 3147 3140 illinc
3180 3099 3311 3139 vero
3358 3081 3555 3138 Nestoo

270 3178 694 3249 πρωτοστάτην,
744 3180 957 3234 ἐκεῖθεν
999 3182 1055 3235 δὲ
1090 3182 1184 3235 τὸν
1231 3182 1550 3254 Νεστόριον,
1598 3183 1691 3235 καὶ
1725 3183 1851 3253 μετὸ

1963 3173 2124 3237 rium,
2157 3183 2212 3229 et
2241 3183 2361 3242 post
2380 3182 2660 3245 acceptam
2708 3175 2947 3247 plagam,
2973 3176 3294 3248 lapsumque
3319 3191 3551 3247 pugnam

270 3266 381 3337 τὴν
408 3268 624 3341 πληγὴν
651 3271 748 3325 καὶ
782 3272 844 3326 τὸ
883 3273 1085 3344 πτῶμα
1116 3276 1423 3345 μαχόμενον
1446 3273 1546 3329 ἔτι.
1591 3273 1737 3344 Πρὸς
1769 3266 1851 3327 οὔκ

1965 3267 2395 3333 instaurantem,
2419 3283 2541 3323 cum
2567 3278 2800 3341 utroque
2817 3285 3063 3342 pugnans
3080 3270 3297 3337 pietatis
3319 3271 3409 3324 hic
3424 3271 3554 3334 dux,

273 3359 578 3433 ἑκατέρους
602 3362 630 3413 ό
658 3363 760 3433 τῆς
793 3364 1078 3429 εὐσεϐείας
1105 3366 1413 3436 στρατηγὸς
1451 3365 1851 3436 διαμαχόμενος

1965 3362 2082 3417 suis
2112 3359 2259 3430 ipsos
2288 3374 2355 3416 ac
2381 3364 2585 3418 mutuis
2616 3362 2738 3417 telis
2764 3362 3030 3419 vulnerat.
3067 3362 3276 3417 Etcum
3303 3361 3557 3419 Nestorin

271 3451 503 3515 οἰκείοις
529 3455 623 3507 καὶ
650 3456 1011 3527 καταλλήλοις
1029 3456 1208 3527 βέλεσι
1237 3460 1364 3523 τοὺς
1392 3458 1721 3521 ἀντιπάλους
1751 3457 1851 3511 ἐτί-

1969 3452 2187 3520 quidem
2253 3451 2543 3520 dimicans,
2585 3453 2959 3509 confusionem
2991 3457 3098 3525 'per
3157 3454 3557 3510 confessionem

273 3556 520 3610 τρωσκε,
554 3544 650 3596 καὶ
700 3544 983 3617 Νεστορίῳ
1014 3546 1113 3616 μὲν
1166 3548 1424 3618 πολεμῶν
1474 3548 1738 3617 σύγχυσιν
1777 3548 1851 3602 διδ

1967 3558 2193 3598 summae
2217 3543 2442 3598 unitatis
2472 3545 2652 3600 stultis
2684 3546 2938 3600 invehere
2968 3545 3198 3601 videtur.
3228 3544 3363 3601 Cum
3388 3545 3559 3617 Euty-

275 3631 387 3702 τὴν
429 3631 726 3701 ὁμολογίαν
775 3635 876 3705 τῆς
920 3635 1096 3707 ἄκρας
1141 3636 1387 3701 ὲνώσεως
1432 3639 1546 3702 τοῖς
1586 3636 1851 3699 ἀσυνέτοις

1972 3636 2074 3690 che
2104 3651 2233 3689 vero
2262 3645 2502 3700 certans,
2534 3649 2963 3706 naturarumque
2993 3637 3369 3693 diversitatem
3403 3652 3559 3692 accu-

274 3724 433 3776 δοκεί
477 3726 867 3796 παρεισάγειν,
896 3728 1132 3798 Εὐτυχεϊ
1166 3729 1222 3781 δὲ
1269 3729 1718 3799 συμπλεκόμενος
1774 3729 1851 3780 κα¹

1974 3735 2093 3779 rate
2113 3724 2430 3791 defendens,
2465 3725 2827 3783 dilferentiam
2850 3743 3205 3796 personarum
3230 3728 3284 3782 in
3318 3727 3554 3782 medium

272 3816 383 3885 τὴν
408 3815 518 3869 τῶν
556 3817 773 3885 φύσεων
816 3819 1082 3890 διαφορὰν
1111 3820 1640 3891 ἀκριϐολογούμενος
1681 3820 1851 3888 διαφο·

1985 3818 2248 3873 attulisse
2272 3828 2584 3874 accusatur.
2622 3818 2850 3890 Oportet
2871 3834 3001 3876 vero
3049 3821 3317 3890 integrum
3347 3820 3562 3874 audito-

280 3906 387 3978 ρὰν
466 3909 820 3965 ὑποστάσεων
896 3915 1289 3984 κατηγορεῖται
1368 3912 1699 3983 προτείνειν.
1777 3915 1842 3963 Δε

1976 3923 2089 3962 rem
2141 3910 2428 3978 scriptoris
2462 3924 2685 3979 scopum
2744 3911 3093 3982 investigare,
3125 3920 3180 3965 et
3226 3910 3389 3965 totius
3424 3912 3563 3964 scri-

274 3996 339 4050 δὲ
392 3997 485 4051 τὸν
540 3999 838 4055 ἀδέκαστον
896 4003 1175 4075 ἀκροατὴν
1214 4004 1307 4057 τὸν
1359 4003 1453 4057 τοῦ
1504 4002 1851 4073 συγγραφέως

1973 3999 2176 4068 ptionis
2194 4001 2390 4054 seriem
2425 4000 2793 4055 considerare.
2832 4001 2975 4055 Duos
3008 4011 3187 4055 autem
3228 4016 3351 4055 sese
3380 4002 3566 4057 hostes

278 4090 491 4145 σκοπὸν
560 4093 839 4160 ἐξετάζειν
904 4097 999 4149 καὶ
1056 4096 1148 4148 τὸν
1181 4096 1372 4169 εἱρμὸν
1407 4095 1526 4149 ὅλον
1579 4098 1678 4164 τῆς
1743 4112 1851 4163 συγ·

1978 4107 2225 4161 naCtum,
2250 4095 2494 4150 scribens
2522 4096 2638 4165 ipse
2666 4096 2732 4150 ad
2764 4095 3157 4165 pientissimum
3190 4093 3427 4148 Leonem
3458 4095 3564 4147 im-

278 4185 505 4255 γραφῆς
534 4186 579 4217 ”
605 4187 950 4244 ἐπισκοπεῖν.
986 4190 1110 4243 Ὅτι
1159 4189 1217 4243 δὲ
1259 4189 1653 4260 διχόθεν.αύτῷ
1701 4205 1851 4260 προσ·

1977 4197 2289 4258 peratorem
2314 4198 2370 4243 et
2410 4186 2723 4243 Nestorium
2751 4188 3100 4242 anathemate
3126 4185 3330 4241 feriens
3354 4195 3409 4241 et
3454 4187 3565 4247 Eu-

278 4268 447 4329 έϐαλε
479 4277 541 4330 τὸ
581 4278 871 4351 πολέμιον,
919 4280 1081 4346 αὐτὸς
1126 4283 1355 4353 γράφων
1408 4281 1547 4353 πρὸς
1579 4282 1672 4334 τὸν
1722 4282 1846 4333 εὺσε

1984 4278 2223 4350 tychem,
2251 4278 2397 4333 clare
2422 4280 2600 4335 docet.
2655 4277 2949 4349 Oportebat
2970 4287 3150 4333 autem
3176 4276 3396 4333 Patrum
3426 4278 3569 4348 vigi-

279 4368 546 4422 ϐέστατον
600 4370 845 4441 εβασιλέα
891 4374 1116 4441 Λέοντα,
1173 4375 1269 4427 καὶ
1318 4373 1621 4444 Νεστόριον
1679 4371 1844 4426 ἀναθε

1981 4370 2082 4425 lias
2112 4370 2508 4440 circumspecte
2538 4370 2754 4435 legisse,
2776 4379 2831 4431 et,
2871 4370 3325 4439 quemadmodum
3348 4369 3567 4424 Arianis

283 4458 534 4528 ματίζων
587 4462 682 4516 καὶ
736 4464 1021 4535 Εύτυχέα,
1058 4465 1256 4536 σαφῶς
1301 4464 1630 4519 ἐκδιδάσκει.
1680 4464 1851 4535 Ἐχρῆ

1982 4461 2145 4517 exilia
2197 4462 2384 4527 verba,
2408 4463 2827 4532 passionemque
2854 4463 2907 4517 in
2938 4461 3061 4516 Filii
3103 4463 3369 4518 Deitatem
3423 4460 3565 4516 refe-

278 4550 382 4605 οὖν
426 4552 672 4620 εὐλαϐῶς
718 4558 829 4620 τοῖς
863 4557 971 4609 τῶν
1020 4559 1281 4631 Πατέρων
1326 4559 1510 4621 πόνοις
1565 4557 1851 4629 προσέχειν

1985 4556 2251 4623 rentibus,
2284 4566 2344 4610 ut
2378 4556 2555 4625 ipsum
2600 4557 2865 4612 minorem
2894 4556 3101 4611 faciant
3140 4556 3321 4621 Patre,
3374 4554 3569 4609 Patres

287 4644 433 4698 ἀλλὰ
464 4646 541 4718 μὴ
588 4649 727 4718 πρὸς
748 4650 999 4720 διαϐολὴν
1026 4653 1147 4705 ἀντὶ
1188 4653 1284 4706 τοῦ
1331 4655 1698 4722 εὐγνωμονεῖν
1736 4650 1845 4704 ὲτοί

1989 4647 2173 4703 dicitis
2195 4642 2557 4703 crassioribus
2578 4648 2655 4702 uti
2679 4648 2886 4713 verbis,
2920 4648 3266 4704 Dominicum
3295 4644 3571 4718 appellan-

288 4753 431 4807 μους
457 4732 597 4792 εἶναι
616 4756 628 4769 ·
664 4740 758 4793 καὶ
787 4741 1040 4812 καθάπερ
1066 4743 1176 4797 τῶν
1210 4744 1507 4813 Ἀρειανῶν
1538 4744 1609 4796 τὰ
1637 4760 1851 4796 ταπεινι

1986 4752 2066 4796 tes
2099 4741 2399 4807 hominem,
2438 4740 2524 4796 vel
2546 4750 2909 4810 assumptum.

288 4833 518 4904 ῥήματα
552 4833 648 4886 καὶ
697 4834 757 4887 τὸ
790 4835 966 4900 πάθος
993 4839 1074 4903 εἰς
1104 4840 1203 4910 τὴν
1238 4841 1330 4892 τοῦ
1362 4840 1495 4894 Υἱοῦ
1530 4839 1762 4909 θεότητα
1789 4836 2234 4909 μεταφερόντων,
2255 4836 2332 4900 ὡς
2358 4835 2426 4888 ἂν
2452 4835 2616 4889 αὑτὸν
2663 4837 2743 4899 εἰς
2803 4836 2865 4889 τὸ
2926 4837 3151 4889 ἔλαττον
3214 4836 3570 4904 καταγάγωσι

283 4926 380 4978 τοῦ
426 4927 661 4999 Πατρὸς,
687 4931 813 4992 τοὺς
856 4931 1107 5000 Πατέρας
1139 4935 1275 5003 φατὲ
1303 4934 1664 5006 βιαζομένους
1725 4931 2062 5005 παχυτέραις
2126 4929 2438 5001 χρήσασθαι
2508 4928 2705 4996 λέξεσι,
2766 4930 2856 4984 τὸν
2899 4930 3183 5002 Κυριακὸν
3206 4930 3573 5001 ὀνομάζοντας

282 5021 577 5090 ἄνθρωπον
610 5024 705 5077 καὶ
734 5024 826 5080 τὸν
851 5026 1231 5096 ἀναληφθέντα
1253 5031 1320 5083 ’⁸.
1354 5070 1368 5084 .
1406 5068 1420 5082 .
1456 5069 1471 5083 .
1508 5069 1524 5083 .

995 5121 1184 5188 Σκσο.

293 5205 410 5261 Τοῦ
462 5208 650 5264 αὑτοῦ
685 5212 982 5281 ΕὐλογίΟυ
1030 5215 1192 5282 ἄλλη
1217 5214 1438 5281 βίϐλος
1491 5216 1643 5269 κατὰ
1678 5213 1886 5269 Θεοδο-

784 5284 930 5337 σίου
959 5284 1057 5337 κιιὶ
1083 5288 1373 5354 Σευήρου.

274 5380 280 5384 ‘
376 5369 719 5446 Ἀνεγνὼσθη
756 5375 1023 5444 Εὐλογίου
1048 5378 1140 5430 τοῦ
1163 5378 1468 5446 ἀγιωτάτου
1499 5378 1656 5433 πάπα
1699 5377 1851 5443 Ἀλεξ

2054 5376 2251 5431 Lectus
2297 5376 2434 5432 liber
2480 5376 2691 5446 Eulogii
2754 5375 3107 5432 Alexandrini
3158 5376 3418 5445 episcopi,
3469 5390 3576 5445 quo

294 5460 551 5534 ανδρείας
594 5463 774 5535 βίϐλος
796 5506 812 5533 ,
851 5464 969 5543 ὲνῇ
1012 5469 1265 5539 φαίνεται
1312 5472 1409 5539 μὲν
1436 5472 1547 5524 τῶν
1574 5471 1619 5502 ³⁰
1653 5470 1754 5540 τῆς
1786 5472 1844 5523 εὐ

1978 5471 2081 5537 pia:
2138 5469 2399 5523 doctrinae
2430 5484 2648 5524 causam
2693 5472 3001 5539 suscepisse
3045 5469 3284 5532 videtur,
3314 5468 3575 5537 pudorem

296 5552 514 5618 σεϐείας
547 5554 886 5631 ὑπερμαχῶν
914 5560 1222 5631 δογμάτων,
1251 5562 1375 5624 τοὺς
1402 5562 1459 5615 δὲ
1486 5565 1585 5635 τῆς
1617 5562 1851 5616 ἀσεϐείας

1980 5561 2473 5632 pr0pugnatoribus
2499 5562 2796 5631 impietatis
2822 5561 3112 5615 incutiens.
3156 5559 3414 5614 lnscribit
3445 5574 3578 5613 vero

1623 5679 1855 5736 VARUS
1889 5679 2299 5737 LECTIONES.

373 5771 427 5850 ’ξ
448 5774 631 5850 malim
651 5777 1126 5850 ἀποχωρίζοντας,
1197 5776 1598 5850 ’ἥσυγγραφῆς
1631 5781 1671 5832 Λ
1700 5797 1712 5831 :
1740 5781 1959 5850 γραφῆς
1977 5796 2037 5845 ς.
2117 5780 2159 5810 ²⁰
2186 5778 2723 5849 ροδι.ζὰναληφθέντα
2741 5778 2795 5834 in
2816 5779 2861 5835 A
2880 5776 3146 5834 columine
3166 5782 3357 5830 vacant
3385 5774 3421 5830 3
3454 5771 3583 5843 1/2t

300 5844 356 5897 in
387 5843 428 5900 C
458 5848 667 5918 paginae
697 5847 722 5901 1
760 5843 882 5916 ὅί-ί.
998 5850 1041 5882 ²⁰
1078 5849 1176 5920 μὲν
1205 5843 1475 5920 τῶνγὶιιὶο
1505 5843 1627 5903 ’τῶν
1660 5843 1778 5919 μέν.

2651 5114 2931 5171 CCXXV].

1990 5211 2203 5279 Eulogii
2246 5210 2478 5280 ejusdem
2528 5210 2658 5264 liber
2701 5223 2885 5265 contra
2927 5211 3275 5266 Theodosium
3313 5223 3361 5267 et
3425 5210 3578 5268 Seve-

2712 5300 2773 5335 ru
2782 5299 2849 5337 nt.
