3924 6434
511 396 613 468 951
1668 408 1930 470 PHOTII
1960 401 2462 468 PATRIARCH/E
2495 400 2606 463 cr.
3638 392 3727 457 952

514 510 712 565 librum
735 509 969 579 primum
995 511 1235 582 pontifici
1262 512 1449 581 Leoni,
1486 524 1775 570 accusatus
1814 528 1878 570 ac
1905 527 2063 582 repre

2197 508 2575 581 προασπιστὰς
2608 504 2738 579 [400
2766 500 2863 577 Η.]
2903 496 3298 570 καταισχύνων.
3344 492 3644 567 Προτίθεται
3682 502 3726 558 δὲ

516 603 717 657 Ιιεηευε
744 618 773 656 a
800 600 1129 673 Theodosio,
1160 605 1357 663 alicubi
1388 620 1519 665 vero
1549 623 1577 662 a
1604 607 1829 672 Severo,
1852 605 2065 675 Acepba

2204 600 2354 672 αὐτῷ
2381 596 2477 654 τοῦ
2506 600 2564 653 ὲν
2598 596 2776 667 ἁγίοις
2809 595 2970 650 πὰπα
3002 592 3232 654 Λέοντος
3272 588 3301 642 ό
3324 588 3503 659 τόμος,
3528 589 3727 661 ἐπηρεα.

518 694 605 749 lis.
639 694 967 766 Perstringit
994 712 1123 753 vero
1154 698 1366 756 illorum
1401 701 1730 757 dementiam
1777 699 2067 770 improbita

2207 694 2431 766 ζόμενος
2483 690 2583 763 μὲν
2651 690 2747 744 καὶ
2790 684 3295 756 συκοφαντούμενος
3339 681 3442 735 ὑπδ
3474 681 3728 751 Θεοδοσίου,

519 795 738 856 temque
793 786 928 842 nihil
985 790 1282 847 ostendens
1321 806 1511 848 verum
1555 808 1731 862 neque
1780 791 2068 848 concludcr

2207 787 2424 859 ἐνιαχοῦ
2457 786 2514 840 δὲ
2544 785 2639 839 καὶ
2669 783 2931 854 Σεϐήρου,
2958 779 3068 833 τῶν
3103 777 3413 847 Ἀκεφὰλων
3431 791 3444 804 ·
3476 775 3732 846 πηλιτεὺει

524 880 861 944 necessario,
890 879 1121 935 conficta
1149 891 1204 935 et
1239 881 1371 938 falsa
1413 884 1719 947 mendacia,
1756 891 1810 938 et
1839 898 1945 938 non
1974 898 2073 937 con

2208 881 2267 937 δὲ
2302 880 2401 952 τὴν
2427 878 2613 934 ἄνοιαν
2634 875 2815 930 αὐτῶν
2838 873 2932 928 καὶ
2956 870 3320 943 κακουργίαν,
3351 868 3502 922 οὐδὲν
3532 868 3618 934 μὲν
3641 872 3732 922 ἑπι-

522 976 603 1025 tra
648 971 795 1025 illum
825 972 996 1043 magis
1033 983 1293 1039 armatos,
1337 976 1558 1044 quicum
1595 985 1858 1048 pugnent,
1907 975 2071 1031 nihilo

2211 974 2426 1036 δεικνὺς
2467 969 2666 1041 ἀληθὲς
2696 966 2731 1037 ἢ
2761 964 3060 1034 ἀναγκαῖον
3104 960 3386 1029 λέγοντας,
3422 956 3734 1028 διεψευσμένσ

523 1061 705 1117 minus
755 1071 933 1118 tamen
990 1062 1253 1119 adversus
1319 1076 1536 1121 sanctos
1595 1080 1827 1133 omnes,
1876 1082 2072 1137 quorui

2212 1065 2271 1119 δὲ
2310 1064 2407 1118 καὶ
2436 1056 2933 1133 συμπεπλασμένα,
2954 1054 3050 1110 καὶ
3081 1054 3144 1107 οὑ
3188 1052 3313 1105 κατ’
3352 1048 3557 1102 ἐκείνου
3579 1048 3738 1117 μᾶλλον

524 1153 745 1208 nomina
771 1165 1067 1224 respuunt:
1098 1170 1205 1210 non
1228 1155 1392 1226 igitur
1425 1155 1757 1224 inficiantur,
1789 1165 1843 1213 et
1874 1172 1971 1228 pro
1999 1173 2073 1212 on

2215 1154 2612 1227 όπλιζομένους
2636 1146 2681 1221 ᾧ
2707 1147 3215 1220 διαπληκτίζονται,
3247 1143 3363 1198 ἀλλ’
3397 1142 3543 1196 οὐδὲν
3565 1140 3739 1195 ἔλαττον

525 1244 688 1301 nibus
735 1246 994 1302 audacter
1022 1246 1143 1302 illos
1168 1250 1442 1318 opposuit,
1477 1249 1675 1319 quibus
1705 1259 1951 1305 sanctum
1981 1249 2074 1305 Lec

2219 1250 2361 1304 κατὰ
2393 1248 2609 1301 πάντων
2640 1243 2778 1315 ὁμοῦ
2808 1243 2917 1297 τῶν
2956 1239 3155 1308 ἁγίων,
3187 1230 3265 1291 ὧν
3292 1234 3415 1290 οὐδὲ
3450 1234 3544 1297 τὰς
3565 1234 3742 1305 κλήσεις

528 1352 653 1393 nem
677 1348 1009 1409 oppugnant,
1060 1349 1116 1395 et
1138 1350 1327 1396 contra
1364 1341 1580 1395 beatum
1610 1342 1896 1412 Cyrillum,
1942 1345 2077 1412 quod

2218 1341 2295 1406 ὡς
2350 1340 2471 1412 οὐχὶ
2508 1337 2742 1411 τιμῶσιν
2790 1333 3057 1405 οὐμενοῦν
3087 1331 3186 1386 οὐκ
3217 1330 3357 1384 εἰσὶν
3419 1325 3634 1397 ἔξαρνοι.
3661 1327 3744 1380 Καὶ

526 1445 633 1499 que
659 1431 960 1487 mirandum
979 1432 1169 1502 magis,
1197 1434 1453 1489 adversus
1472 1448 1584 1499 eos,
1607 1436 1696 1504 qui
1719 1435 1935 1490 decreta
1952 1449 2075 1505 Oppt

2222 1434 2331 1506 πρό
2374 1450 2439 1502 γε
2472 1432 2516 1465 ³¹
2556 1432 2775 1487 πάντων
2817 1426 3151 1499 παρίστησιν
3192 1422 3393 1485 αὐτοὺς
3420 1418 3661 1488 ἐναργῶς,
3687 1414 3745 1482 οἷς

529 1533 686 1580 nunt.
725 1522 832 1577 Has
863 1524 1007 1578 enim
1042 1538 1205 1581 voces
1256 1540 1393 1594 quas
1427 1526 1701 1593 allatrant,
1737 1527 1994 1599 Cyrillum
2019 1543 2078 1582 sa

2221 1526 2314 1579 τὸν
2342 1522 2539 1594 εὐσεϐῆ
2568 1521 2885 1593 διασύρουσι
2897 1518 3123 1581 Λέοντα,
3150 1515 3293 1569 κατά
3317 1529 3377 1566 τε
3397 1510 3490 1565 τοῦ
3511 1510 3746 1563 θεσπεσίου

532 1616 651 1684 pius
664 1617 922 1689 objiciunt
941 1616 1135 1690 243!)
1154 1628 1509 1687 asserentem,
1535 1620 1875 1689 aliorumque
1903 1631 2081 1676 sanctc

2225 1615 2497 1688 Κυρίλλου
2531 1616 2626 1670 καὶ
2666 1614 2749 1685 (τὸ
2783 1607 3256 1681 θαυμασιώτερον)
3302 1606 3427 1660 καθ’
3464 1604 3651 1658 ἑαυτῶν
3676 1604 3748 1673 τὴν

535 1721 652 1763 rum
679 1701 903 1764 Patrum
938 1721 1233 1765 catervam.
1263 1710 1380 1778 Quo
1422 1712 1476 1766 in
1512 1727 1735 1767 numero
1759 1711 2084 1765 Athanasius

2224 1710 2405 1781 ψῆφον
2434 1707 2727 1780 φέρονταςσ
2753 1703 2971 1768 ὲκείνας
3007 1702 3119 1773 γὰρ
3163 1701 3263 1764 τὰς
3316 1698 3518 1769 φωνὰς,
3546 1691 3614 1750 ὧν
3648 1696 3751 1749 καθ-

536 1801 808 1872 Gregorii,
858 1802 1111 1865 Basilius,
1179 1803 1500 1860 Ambrosius
1576 1813 1632 1859 et
1688 1803 2085 1871 Amphilochius

2229 1804 2541 1870 υλακτοῦσι,
2588 1799 2857 1873 Κύριλλόν
2898 1816 2959 1853 τε
3008 1794 3336 1867 προκομίζει
3377 1792 3468 1845 τὸν
3516 1791 3752 1844 Θεσπέσιον

538 1892 777 1963 Denique
808 1895 1059 1950 amentia:
1109 1895 1433 1962 confutatio,
1484 1895 1743 1951 Severum
1787 1896 1963 1965 ipsum
1995 1896 2087 1950 ubi

2223 1895 2485 1959 πολλάκις
2513 1862 2739 1948 εἰπόντα
2763 1894 2829 1957 ³⁸,
2850 1891 2945 1946 καὶ
2968 1862 3076 1945 τῶν
3099 1862 3274 1944 ἄλλων
3311 1887 3484 1953 ἁγίων
3508 1885 3592 1937 τὸν
3610 1883 3750 1954 χορὸν,

538 1996 649 2054 que
698 1987 969 2057 dogmatis
1007 1996 1285 2042 auctorem
1316 1987 1556 2043 adducit.
1591 1988 1804 2054 Quibus
1856 2002 1987 2043 usus
2040 2003 2087 2043 et

2223 1992 2283 2046 ὃν
2321 1987 2639 2051 Ἀθανάσιός
2670 2004 2731 2039 τε
2776 1985 2873 2039 καὶ
2920 1983 3215 2055 Γρηγόριοι
3264 1981 3361 2034 καὶ
3400 1976 3656 2039 Βασίλειος
3686 1978 3755 2029 καὶ

535 2076 727 2133 beatus
750 2078 859 2132 Leo
882 2076 903 2151 [
934 2079 987 2134 in
1005 2079 1248 2134 numeris
1271 2079 1539 2135 haereseos
1567 2079 1586 2151 ]
1617 2079 1869 2134 convitiis
1887 2095 1915 2132 a
1947 2076 2084 2133 Tltet

2236 2078 2563 2152 Ἀμϐρόσιος
2584 2077 2680 2131 καὶ
2704 2074 3053 2146 Ἀμφιλόχιος
3082 2068 3376 2141 πληροῦσι.
3429 2069 3535 2121 Καὶ
3559 2069 3587 2119 ὃ
3612 2066 3754 2118 τελευ-

538 2170 692 2225 dosio
721 2181 778 2227 et
825 2171 1029 2227 Severo
1067 2171 1361 2242 excipitur.
1410 2171 1502 2226 Sic
1536 2171 1749 2226 illorum
1791 2171 2087 2226 dementiar

2225 2175 2379 2235 ταϊος
2422 2171 2525 2241 τῆς
2581 2167 2759 2222 αὐτῶν
2790 2167 2989 2238 μανίας
3042 2165 3288 2235 ἐλεγχος,
3343 2160 3504 2215 αὐτὸν
3540 2157 3755 2227 πολλαχοῦ

540 2263 796 2327 ostendit,
815 2263 1107 2319 etadversa
1119 2264 1252 2319 riatn
1296 2272 1510 2319 tuentes
1528 2273 1737 2333 partem
1762 2264 1929 2318 armis
1954 2264 2089 2318 exuit

2227 2264 2469 2336 παράγει
2508 2261 2749 2333 Σεϐἧρον
2786 2259 3158 2330 δογματιστὴν
3193 2253 3447 2318 ἐκείνων,
3487 2249 3564 2314 οἷς
3602 2268 3757 2321 κεχρη-

539 2362 601 2409 ut
634 2354 687 2409 in
714 2370 774 2410 se
802 2357 941 2410 ictus
959 2356 1213 2412 assiduos
1239 2356 1536 2412 inferentes
1564 2356 1697 2411 nihil
1726 2354 2005 2410 laederent.
2028 2353 2088 2410 Et

2232 2357 2393 2428 μένος
2428 2356 2456 2408 ὁ
2486 2355 2545 2408 ἐν
2579 2353 2755 2422 ἁγίοις
2782 2349 2934 2406 Λέων
2968 2350 3190 2420 μυρίαις
3233 2346 3499 2418 αἱρέσεως
3524 2344 3759 2412 λοιδορίαις

540 2453 721 2500 autem
767 2446 853 2502 hic
878 2448 1114 2517 scriptor
1150 2462 1318 2516 purus
1339 2463 1406 2504 ac
1444 2448 1651 2513 suavis,
1680 2457 1735 2501 et
1758 2446 2003 2501 breviter
2063 2460 2089 2499 a

2228 2448 2384 2521 παρά
2407 2466 2465 2501 τε
2502 2446 2785 2501 Θεοδοσίου
2839 2445 2935 2498 καὶ
2976 2441 3142 2497 αὐτοῦ
3172 2441 3419 2512 Σεϐήρου
3460 2437 3684 2508 βάλλεται
3702 2435 3756 2466 ³³·

543 2538 737 2593 leviter
790 2540 1170 2595 accusationes
1198 2540 1512 2604 instituens,
1540 2551 1595 2596 et
1625 2541 1747 2597 sine
1792 2557 1955 2597 causa
1994 2541 2084 2595 nih

2229 2540 2374 2594 οὓτω
2404 2537 2502 2609 τὴν
2544 2537 2743 2607 μανίαν
2799 2533 3117 2600 ἐπεδείξατο
3148 2531 3277 2594 τούς
3307 2528 3401 2582 ὑπ’
3430 2528 3589 2594 αὐτῆς
3613 2541 3760 2594 στρατ-

544 2627 599 2682 in
632 2627 868 2681 medium
902 2626 1203 2697 proferens.
1252 2627 1308 2683 In
1354 2630 1765 2699 quatuordecim
1806 2631 1982 2701 capita
2017 2629 2093 2684 hae

2233 2651 2370 2706 ηγου
2381 2632 2574 2704 μένους
2600 2630 2882 2696 ἐξοπλίσαι
2904 2628 2971 2691 ³⁸,
3004 2627 3143 2680 ὥστε
3164 2623 3289 2678 καθ’
3326 2621 3531 2675 ἑαυτῶν
3553 2617 3638 2679 τὰς
3661 2616 3760 2684 πλη-

540 2718 727 2773 reticis
756 2718 954 2773 librum
1003 2718 1145 2773 beati
1197 2719 1396 2776 Leonis
1437 2722 1826 2787 dividentibus,
1878 2738 1985 2777 non
2034 2737 2089 2777 ca

2232 2728 2337 2799 γὰς
2388 2725 2611 2798 καιρίας
2661 2723 2927 2795 φέροντας
2972 2718 3245 2791 μηδεμίαν
3292 2715 3342 2748 ³⁸
3392 2708 3760 2782 λαμϐάνειντοὺ

548 2811 762 2880 ptiones
810 2812 1276 2877 accusationesve,
1330 2814 1863 2885 vituperationesque
1922 2816 2097 2885 inepta

2235 2822 2441 2886 πάθους
2472 2817 2847 2889 συναίσθησιν.
2880 2815 3037 2868 Ἐστι
3078 2812 3176 2883 μὲν
3204 2805 3298 2863 οὖν
3328 2801 3485 2868 οὗτος
3504 2807 3531 2859 ὁ
3567 2819 3760 2871 συγγρα-

547 2898 800 2963 afferunt,
836 2910 891 2954 et
938 2900 1051 2970 ipse
1084 2901 1309 2956 totidem
1342 2903 1535 2957 dividit
1563 2904 1903 2960 refutationis
1932 2906 2096 2974 capita

2237 2917 2371 2985 φεύς
2398 2912 2639 2983 καθαρός
2665 2927 2726 2965 τε
2760 2909 2856 2962 καὶ
2911 2908 3065 2978 ἡδὺς,
3122 2904 3219 2957 καὶ
3265 2901 3357 2955 διὰ
3424 2898 3663 2965 συντόμου
3696 2894 3762 2946 καὶ

546 2994 740 3046 fortem
772 3007 835 3046 ac
862 2992 1091 3047 validam
1149 2994 1629 3064 reprehensionem
1659 2998 1943 3051 calumniae
1996 2998 2095 3052 Acs

2236 3010 2387 3072 λείας
2403 3007 2525 3061 ὁδοῦ
2556 3006 2685 3068 τούς
2712 3004 2969 3073 ἐλέγχους
2991 2997 3337 3067 ποιούμενος,
3366 2994 3459 3046 καὶ
3492 2991 3615 3060 πρδς
3642 2986 3764 3057 μηδὲν

550 3084 718 3153 phali.
773 3085 1005 3139 Additur
1065 3100 1191 3141 vero
1258 3086 1343 3141 his
1409 3086 1677 3142 absolutio
1743 3102 1773 3142 a
1835 3088 2099 3144 Chalcedo

2241 3101 2349 3154 τῶν
2380 3099 2486 3166 ἔξω
2511 3096 2605 3151 τοῦ
2638 3093 2939 3163 ἀναγκαίου
2965 3091 3292 3160 φερόμενος.
3338 3085 3435 3147 Ei;
3466 3082 3525 3136 ιδ’
3556 3080 3608 3133 δὲ
3641 3078 3766 3145 κεφά-

553 3175 705 3229 nensi
741 3177 968 3246 synodo,
1003 3191 1164 3245 quam
1197 3177 1577 3233 haereticorum
1611 3178 1748 3234 mala
1794 3180 1974 3250 lingua
2005 3196 2101 3252 pro

2238 3194 2366 3246 λαια
2399 3190 2507 3244 τῶν
2551 3187 2941 3259 αἱρετιζόντων
2970 3182 3099 3257 1769
3251 3174 3684 3278 κατατεμνόντων
3700 3172 3766 3223 τὸν

550 3269 771 3333 scindit,
807 3269 1071 3324 unitatem
1106 3284 1353 3341 persona:
1409 3271 1544 3341 ipsis
1573 3274 1752 3329 verbis
1779 3288 1887 3327 non
1912 3289 2099 3343 expres

2337 3298 2407 3335 ,ον
2428 3279 2523 3334 τοῦ
2550 3280 2608 3332 ἐν
2641 3278 2819 3346 ἁγίοις
2843 3275 3094 3338 Λέοντος,
3123 3265 3185 3326 οὐ
3217 3268 3395 3332 λαϐὰς
3430 3266 3521 3321 καὶ
3557 3264 3767 3323 αίτιάσεις

549 3374 685 3413 sam.
719 3360 990 3416 Plurimos
1009 3362 1152 3416 enim
1173 3361 1365 3418 Patres
1390 3364 1651 3431 ostendit,
1688 3379 1795 3420 non
1824 3367 1980 3420 modo
2012 3377 2098 3419 ant

2386 3372 2625 3444 μέμψεις
2677 3369 2910 3437 ἀλόγους
2970 3363 3335 3435 καταχέουσι,
3388 3359 3483 3412 καὶ
3534 3354 3674 3418 αὐτὸς
3713 3352 3771 3413 είς

554 3454 817 3523 synodum
884 3455 1239 3522 Ephesinam,‘
1298 3458 1393 3511 sed
1462 3467 1517 3513 et
1547 3470 1861 3527 sequentes,
1897 3460 1995 3513 hac
2024 3460 2103 3527 ips

2339 3463 2476 3518 αῦτα
2503 3460 2838 3516 καταδιεῖλεν
2877 3455 3191 3526 ἀνατροπῆς
3227 3452 3370 3523 μέρη
3411 3448 3500 3503 τὸν
3527 3445 3618 3516 τῆς
3651 3444 3768 3497 Ἀκε-

552 3558 687 3599 Voce
717 3562 822 3600 non
858 3561 985 3601 usos
1008 3545 1024 3618 [
1049 3563 1145 3617 per
1169 3548 1274 3603 alia
1301 3551 1464 3603 verba
1496 3550 1753 3618 pietatem
1772 3567 1925 3605 suam
1951 3561 2101 3605 osten

2242 3558 2414 3628 φάλου
2446 3552 2811 3623 συκοφαντίας
2838 3548 3058 3621 ἰσχυρόν
3096 3564 3159 3599 τε
3198 3546 3294 3598 καὶ
3316 3545 3552 3611 ἄφυκτον
3580 3539 3768 3628 ἔλεγχον.

552 3636 700 3691 disse
732 3636 751 3709 ]
783 3640 926 3707 quod
957 3648 1010 3692 et
1035 3640 1274 3709 synodus
1325 3641 1574 3709 perfecit.
1618 3641 1734 3697 Non
1769 3642 1940 3696 solum
1985 3658 2101 3696 vero

2254 3627 2647 3705 Ἒπισυνὰπτει
2690 3645 2750 3699 δὲ
2805 3642 3020 3705 τούτοις
3068 3640 3163 3694 καὶ
3206 3636 3305 3708 τὴν
3340 3633 3583 3691 ἁθώωσιν
3620 3630 3701 3699 τῆς
3730 3627 3770 3678 ὲν

554 3728 647 3780 sed
686 3708 747 3779 et
773 3728 988 3781 beatum
1020 3708 1285 3799 Cyrillum
1328 3708 1388 3784 in
1445 3732 1651 3786 unione
1709 3746 1831 3785 cum
1872 3730 2103 3786 Occiden

2337 3740 2553 3814 λχηδόνι
2584 3739 2629 3772 ³⁸
2669 3736 2889 3791 συνόδου
2933 3727 3009 3789 ὧν
3038 3730 3210 3801 αὐτὴν
3239 3730 3284 3762 ³⁷
3326 3730 3361 3800 ἡ
3409 3722 3642 3797 αἱρετικὴ
3674 3736 3771 3814 καῖ.

550 3818 757 3875 talibus
782 3821 1085 3888 hujusmodi
1111 3824 1291 3879 verbis
1324 3838 1431 3878 non
1464 3839 1620 3879 usum
1651 3823 1909 3878 ostendit.
1934 3823 2097 3880 Asser

2466 3831 2844 3903 γλωσσαλγία,
2869 3828 2969 3898 τὴν
3008 3824 3133 3881 καθ’
3164 3823 3468 3878 ὑπόστασιν
3500 3819 3673 3908 ἕνωσιν
3700 3811 3771 3908 αὐ-

558 3922 739 3966 autetn
788 3914 1047 3984 Cyrillum
1083 3918 1371 3973 ostendere
1409 3918 1676 3972 unitatem
1715 3919 1974 3983 voluisse,
2022 3927 2107 3972 tan

2398 3900 2612 3991 λέξεσιν
2640 3923 2702 3976 οὐ
2739 3900 2992 3993 φαμένην
3035 3917 3242 3988 φωνήν.
3282 3913 3532 3967 Δείκνυσι
3562 3907 3657 3978 γὰρ
3677 3903 3771 3957 πολ·

556 4016 721 4073 quam
755 4002 915 4059 Verbi
967 4007 1280 4075 bypostasis
1318 4009 1568 4063 humanae
1593 4008 1803 4078 absque
1843 4009 2105 4064 tnutation

2337 4036 2373 4084 μς
2396 4017 2505 4071 τῶν
2536 4017 2709 4085 ἁγίων
2754 4012 3041 4083 Πατέρων,
3067 4011 3129 4063 οὐ
3163 4008 3326 4080 μόνον
3363 4006 3473 4059 τῶν
3506 4001 3605 4073 πρὸ
3625 3999 3705 4069 τῆς
3733 3996 3773 4047 έν

555 4095 778 4148 uniatnr
812 4107 1039 4151 naturae.
1087 4097 1379 4154 Enimvero
1422 4100 1547 4169 quia
1594 4111 1785 4168 quarta
1826 4110 2016 4157 sancta
2051 4114 2104 4172 sy

2260 4112 2472 4181 Ἐφέσῳ
2506 4110 2724 4163 συνόδου
2747 4106 2883 4161 ἀλλὰ
2909 4104 3004 4158 καὶ⁹
3031 4102 3140 4155 τῶν
3166 4102 3282 4172 μετ’
3304 4098 3496 4169 αὐτὴν,
3514 4098 3577 4166 τῇ
3602 4086 3770 4181 τοιαύτῃ

560 4189 734 4244 nodus
774 4192 979 4259 scripta
1023 4190 1217 4261 Cyrilli
1258 4193 1324 4247 ad
1358 4190 1669 4248 Nestorium
1724 4196 2049 4261 verecunde,
2093 4210 2109 4249 ι

2252 4179 2352 4275 μὲν
2390 4179 2454 4254 οὑ
2504 4197 2882 4271 κεχρημένους
2919 4195 3095 4265 φωνῇ,
3125 4192 3194 4245 δι’
3238 4184 3535 4278 ἐτέρωνρδὲ
3569 4179 3771 4278 ρημάτυν

559 4278 904 4335 laudabiliter
967 4281 1108 4337 facta
1154 4284 1233 4352 (in
1282 4283 1480 4352 quibus
1548 4300 1657 4339 non
1717 4287 1907 4347 semel.
1958 4285 2052 4340 sed
2093 4301 2108 4340 ι

2248 4266 2347 4361 τὴν
2388 4266 3033 4356 αὑτὴν-δογ-ματίσαντας
3082 4278 3409 4333 εὐσέϐειαν·
3442 4275 3469 4329 ὃ
3504 4275 3589 4327 καὶ
3627 4266 3770 4361 nativ-

561 4368 671 4435 his,
708 4380 761 4423 et
793 4381 986 4438 quater
1020 4388 1268 4441 persona:
1298 4376 1483 4430 unitas
1521 4374 1681 4430 Verbi
1708 4375 1852 4430 clare
1900 4375 2110 4431 declara

2250 4357 2370 4444 06o;
2412 4378 2761 4450 διεπράξατο.
2794 4376 2870 4430 Οὐ
2906 4374 3066 4446 μόνον
3096 4373 3174 4437 δὲ,
3218 4370 3356 4425 ἁλλὰ
3402 4368 3496 4423 καὶ
3538 4363 3677 4419 αὐτὸν
3708 4357 3771 4411 τὸν

560 4470 669 4533 tur)
701 4464 1081 4519 bmreticorum
1129 4468 1365 4523 obstruit
1405 4484 1499 4523 ora
1536 4485 1552 4525 :
1590 4470 1789 4537 quibus
1818 4469 1989 4538 ipsam
2040 4485 2109 4525 no

2337 4472 2557 4525 ιὼτατον
2585 4467 2856 4542 Κύριλλον
2887 4468 2947 4520 ὲν
2966 4468 3033 4535 τῇ
3067 4465 3206 4536 πρὸς
3243 4465 3374 4525 τούς
3403 4461 3449 4492 ³⁸
3486 4450 3770 4512 ἀνατολικούς

560 4567 777 4621 sapere,
805 4570 979 4625 neque
1013 4557 1065 4611 in
1100 4573 1332 4624 persona
1368 4560 1635 4613 unitatem
1662 4561 2067 4626 conﬁnxerunt,
2096 4578 2109 4614 ι

2218 4577 2229 4624 t
2258 4566 2450 4620 ὲνώσει
2496 4565 2616 4626 ταῖς
2658 4561 2941 4623 τοιαύταις
2975 4558 3243 4630 προφέρει
3275 4554 3353 4625 μὴ
3381 4549 3689 4623 κεχρημένον
3711 4542 3767 4592 λέ-

560 4647 786 4701 omnino
828 4646 897 4701 de
958 4649 1372 4719 quibuscunque
1429 4648 1687 4718 Acephali
1718 4650 2109 4706 divumLeoneI

2255 4661 2393 4728 ξεσι.
2418 4657 2558 4727 Φησὶ
2588 4656 2647 4710 δὲ
2686 4656 2781 4709 καὶ
2819 4657 2902 4709 ὅτι
2948 4654 2982 4724 ἡ
3018 4652 3141 4706 καθ’
3183 4651 3488 4704 ὑπόστασιν
3516 4646 3682 4702 ἓνωσις
3716 4632 3766 4703 τῷ

560 4754 823 4797 accusare
882 4754 1009 4796 sunt
1047 4742 1165 4796 ausi
1199 4780 1215 4806 ,
1260 4753 1315 4797 et
1368 4742 1872 4799 Chalcedonensem
1911 4756 2109 4801 sancta:

2253 4750 2528 4820 θεσπεσίῳ
2555 4748 2807 4819 Κυρίλλῳ
2837 4746 3087 4817 βούλεται
3110 4743 3327 4813 δηλοῦν,
3354 4741 3433 4804 ὡς
3464 4741 3497 4811 ἡ
3530 4734 3615 4790 τοῦ
3646 4729 3766 4820 Λόγον

561 4834 852 4906 synodum,
882 4835 1029 4890 brevi
1083 4850 1338 4890 sermone
1364 4838 1747 4892 accusationes
1787 4837 2062 4905 refellens,
2100 4859 2110 4893 ι

2252 4818 2553 4907 ὑπόστασις
2590 4818 2906 4910 ἀνθρωπεία
2954 4838 3114 4907 φύσει
3159 4834 3346 4905 ήνώθη
3394 4831 3675 4902 ἀτρέπτως·
3714 4818 3768 4910 09

563 4925 949 4981 insolubilibus
994 4926 1329 4995 argumentis
1388 4927 1723 4983 adversariis
1755 4931 2015 4996 pudorem
2064 4931 2112 4985 in

2257 4930 2366 5001 μὴν
2395 4930 2510 4983 ἀλλ’
2551 4931 2635 4984 ὅτι
2681 4929 2837 5000 καὶὴ
2869 4909 3106 4998 τετάρτη
3144 4926 3275 4994 ἁγία
3314 4923 3531 4985 σύνοδος
3575 4918 3634 4972 τὰ
3663 4909 3770 4981 παρὰ

560 5018 797 5083 cutiens,
827 5018 1064 5072 ostendit
1106 5019 1253 5088 ipsos
1286 5033 1470 5073 secum
1501 5020 1699 5089 potius,
1728 5019 1893 5093 244
1927 5038 1961 5075 a
1989 5038 2109 5092 quat

2253 5023 2523 5095 Κυρίλλου
2573 5024 2712 5095 πρὸς
2755 5024 3054 5094 Νεστόριον
3102 5020 3379 5092 γραφέντα
3417 5016 3485 5070 δι’
3524 5010 3680 5072 αἰδοῦς
3707 5003 3770 5058 καὶ

563 5124 689 5162 cum
720 5107 789 5162 iis
829 5124 969 5177 quos
1003 5120 1339 5180 oppugnant,
1366 5120 1461 5165 aut
1494 5125 1618 5166 cum
1648 5115 1852 5168 sanctis
1877 5112 2112 5171 Patribu:

2253 5116 2531 5187 ἀποδοχῆς
2561 5113 2931 5189 ποιησαμένη,
2960 5116 3017 5167 έν
3044 5109 3126 5178 οἷς
3155 5113 3255 5183 οὐχ
3293 5110 3443 5177 ἁπαξ
3474 5107 3600 5164 ἀλλὰ
3622 5100 3698 5157 καὶ
3716 5096 3770 5156 δὶς

564 5209 662 5253 aut
693 5200 980 5255 nobiscum
1004 5210 1284 5257 certamen
1319 5202 1549 5258 habere.

2254 5213 2351 5266 καὶ
2384 5213 2643 5283 τετράκις
2681 5213 2717 5283 ἡ
2765 5210 2891 5264 καθ’
2922 5210 3223 5263 ὑπόστασιν
3271 5206 3468 5268 ἓνωσις
3516 5200 3602 5255 τοῦ
3642 5193 3770 5283 Λόγῳ

565 5292 885 5362 περιφανῶς
911 5296 1267 5366 ὲκηρύττετο,
1289 5295 1360 5349 τὰ
1388 5296 1499 5350 τῶν
1520 5297 1817 5367 αἱρετικῶν
1844 5301 2148 5372 ἐμφράττει
2187 5305 2456 5376 στόματα,
2482 5279 2575 5369 ⁷οἷς
2607 5279 2779 5375 αὺέὴν
2825 5305 2887 5357 οὐ
2933 5304 3150 5375 φρονεῖν
3197 5299 3321 5354 οὐδὲ
3348 5299 3453 5369 τὴν
3521 5290 3628 5348 καθ’
3680 5279 3772 5336 ὑπέ-

568 5404 761 5444 στασιν
819 5364 1030 5444 ἕνωσιν
1091 5389 1518 5443 συνεπλάσαντο.
1564 5364 1676 5442 Καὶ
1741 5364 2081 5456 ἁπλιῦςηὸσα
2114 5394 2182 5449 ἂν
2219 5364 2499 5452 αἰτιᾶσθαι
2549 5364 2600 5452 οἱ
2658 5364 3104 5467 Ἀκέφαλοιητὸν
3158 5364 3463 5464 θαυμάσιον
3517 5379 3774 5454 ἐπήρθησαν
3886 5364 3887 5385 Χ

566 5483 774 5539 Λέοντα
798 5484 894 5538 καὶ
914 5484 1018 5556 τὴν
1058 5485 1118 5540 ἐν
1146 5483 1455 5555 Καλχηδόνι
1484 5482 1740 5559 [401,Η.]
1773 5485 1939 5555 ἁγίαν
2008 5489 2279 5562 τετάρτην
2347 5492 2590 5558 σύνοδον,
2668 5490 2922 5563 συντόμῳ
2973 5489 3121 5560 λόγῳ
3165 5485 3262 5541 τοῦ
3320 5482 3628 5552 αίτιάματος
3674 5472 3775 5523 ἀπο·

1875 5631 2104 5690 νΑΒιιλΕ
2159 5636 2571 5695 LECTIONES.

658 5788 878 5869 ’ἶτε
955 5787 1237 5869 ῗ¹ὖτῖ⁶ντσδ
1268 5806 1327 5853 τε·
1409 5790 1453 5825 ³³
1487 5795 1849 5869 προϐάλλεται
1892 5814 1949 5862 ς.
2027 5796 2069 5829 υ
2100 5795 2397 5862 ἐξοπλίζων
2436 5813 2495 5863 ς.
2573 5795 2615 5829 ιε
2647 5792 2903 5865 οὐδεμίαν
2956 5808 3015 5858 ς.
3093 5790 3138 5823 ιο
3167 5785 3464 5858 Χαλκηδόνι
3493 5799 3546 5849 ς.
3630 5773 3668 5809 "
3700 5767 3771 5823 αθ-

567 5857 639 5943 τὴ
666 5857 734 5916 Δ.
812 5857 859 5893 ³⁸
889 5860 1016 5924 τούς
1044 5860 1168 5917 add.
1201 5862 1267 5915 A.
