3994 6422
239 398 360 461 953

1258 409 1788 476 BIBLIOTHECA.
1819 442 1890 453 —
1915 416 2078 481 COD.
2119 420 2450 484 CCXXVII.

3393 427 3501 493 954

237 506 447 619 λύω-’νη
474 508 885 619 ἀναντιρρητοις
930 511 1175 619 ἐλέγχοις
1206 518 1358 619 ’τοὺς
1393 522 1742 592 ἐπηρεαστάς
1770 525 2119 595 καταισχύνει
2149 529 2244 581 καὶ
2269 530 2509 585 δείκνυσι
2555 534 2756 603 μᾶλλον
2810 535 3008 601 αὑτοὺς
3040 538 3163 591 καθ’
3193 541 3401 596 ἑαυτῶν
3465 543 3500 614 ἢ

238 600 391 700 καθ’.
410 600 486 655 ὧν
523 604 891 674 παρετάξαντο
942 610 1036 662 καὶ
1092 612 1233 665 κατά
1280 613 1387 668 τῶν
1431 616 1602 684 ἁγίων
1653 617 1811 687 ἡμῶν
1859 618 2120 691 Πατέρων
2173 623 2205 694 ἢ
2246 624 2369 679 καθ’
2408 600 2568 697 ἡμῶν
2598 627 2835 699 πόλεμον
2867 628 3111 700 ἔχοντας.

320 694 485 796 (lino;
508 702 554 755 δ’
623 703 891 796 ὲνλάγίοις
922 705 1179 774 Βὺλόγιος
1207 710 1581 781 πρεσϐυτέρου
1611 711 1822 784 βαθμὸν

1994 718 2261 776 Caeterum
2307 722 2397 778 hic
2432 694 2700 794 ‘Eulogius
2738 694 3219 779 volimnsacerdotii
3276 728 3502 796 gradum

233 791 305 845 ἂν
342 791 641 865 Ἀντιοχείᾳ
677 794 802 866 ἔσχε
828 796 890 851 τὸ
917 798 1199 869 πρότερον,
1248 800 1343 853 καὶ
1369 802 1539 873 μονῆς
1573 805 1822 875 ἡγήσατο

234 887 348 958 τῆς
380 887 654 958 παναγίας
678 890 941 944 Θεοτόκου
977 891 1077 963 τῆς
1121 893 1424 966 λεγομένης
1450 895 1560 950 τῶν
1603 897 1830 952 Ἰουστι-

232 981 455 1037 νιανοῦ.
487 983 836 1037 Κατεϐάλετο
866 983 925 1038 δὲ
953 985 1047 1038 καὶ
1067 984 1264 1055 ἐτέρας
1296 988 1397 1042 οὑκ
1432 989 1649 1058 ἀγενεῖς
1679 1007 1826 1062 πρα-

234 1074 538 1143 γματείας.
590 1075 860 1148 Ὕστερον
913 1076 1099 1148 μέντοι
1151 1079 1247 1134 καὶ
1285 1081 1385 1152 τῆς
1414 1080 1829 1155 Ἀλεξανδρείας

234 1166 543 1240 ἀρχιερεὺς
572 1168 968 1242 ἐχρημάτισεν.

960 1265 1129 1320 ΣΚΖ’.

500 1355 613 1411 Τοῦ
656 1358 846 1414 αὐτοῦ
883 1361 1341 1429 στηλιτευτικὸς
1371 1364 1579 1433 λόγος.

318 1445 667 1520 Ἀνεγνὼσθη
732 1448 889 1520 λόγος
948 1453 1356 1522 στηλιτευτικὸς
1400 1455 1495 1508 τοῦ
1554 1455 1719 1510 αὑτοῦ
1769 1458 1832 1511 ὲν

237 1538 431 1605 ἁγίοις
456 1540 648 1611 ἀνδρὸς
668 1542 817 1615 λιατά
854 1543 953 1613 τῆς
980 1545 1361 1617 γεγενημένης
1396 1550 1512 1610 τοῖς
1544 1548 1831 1604 Θεοδοσια-

240 1634 361 1693 νοῖς
386 1648 449 1685 τε
474 1634 567 1687 καὶ
611 1634 885 1698 Γαῖνίταις
932 1638 1050 1700 τοῖς
1099 1638 1284 1701 αὐτοῖς
1326 1639 1620 1709 ἀκεφάλοις
1663 1659 1833 1714 προσ-

243 1724 451 1793 καίρου
497 1724 761 1789 ὲνώσεως.
787 1720 946 1781 Οὗτοι
973 1728 1085 1799 γὰρ
1131 1730 1463 1801 διιστάμενοι
1500 1733 1636 1805 πρὸς
1672 1734 1833 1807 ἀλλή-

243 1815 381 1879 λους
421 1817 707 1889 πρότερον,
736 1820 964 1892 ὕστερον
985 1816 1061 1875 ὧν
1090 1823 1499 1895 ὑπερέθνησκον
1521 1826 1830 1898 δογμάτων,

242 1907 434 1961 ταῦτα
486 1909 772 1981 προδόντες
814 1912 1062 1982 ἀλλήλοις
1098 1915 1179 1977 εἰς
1216 1914 1483 1984 ἑνωτικήν
1520 1933 1643 1971 τινα
1697 1918 1835 1988 πρὸς

1925 808 2233 867 Antiochiae
2264 813 2457 868 habuit
2505 815 2762 882 primum.
2808 814 3085 884 acdemque
3142 815 3319 871 solum
3363 818 3501 871 rexit

1930 901 2283 958 sanctissima:
2320 904 2563 974 Deipara:
2615 919 2734 975 quae
2777 902 3083 960 Justiniana
3134 920 3503 978 nuncupatur.

1928 995 2228 1066 Aggressus
2257 1004 2341 1052 est
2374 1007 2431 1052 et
2458 997 2563 1051 alia
2594 1012 2699 1052 non
2747 997 3004 1065 ignobilia
3042 1013 3250 1068 opera:
3286 1002 3507 1058 tandem

1928 1090 2090 1145 etiam
2121 1090 2466 1146 Alexandriae
2494 1090 2689 1161 praesul
2723 1092 3069 1148 renuntiatus
3103 1094 3230 1159 est.l

2564 1265 2867 1322 CCXXVII.

2211 1358 2424 1432 Eulogii
2459 1359 2697 1430 ejusdem
2725 1360 2979 1425 invectiva
3019 1362 3212 1414 oratio.

2004 1455 2167 1511 Leota
2200 1465 2283 1511 est
2314 1457 2581 1512 invectiva
2610 1454 2854 1525 ejusdem
2892 1467 3085 1513 contra
3122 1455 3387 1510 unitatem
3415 1470 3511 1511 su-

1930 1551 2042 1606 bito
2066 1561 2307 1605 exortam
2330 1550 2489 1605 .inter
2518 1548 2950 1614 Theodosianos,
2996 1559 3050 1603 et
3105 1548 3350 1602 Cainitas
3388 1561 3513 1600 ace—

1932 1642 2139 1713 phalos.
2169 1642 2233 1697 Hi
2258 1642 2400 1697 enim
2433 1642 2665 1709 primum
2709 1641 2850 1695 inter
2886 1655 2945 1694 se
2975 1655 3097 1693 cum
3135 1638 3510 1699 dissedissent,

1930 1738 2273 1806 postmodum
2295 1748 2359 1789 ea
2411 1748 2525 1803 quae
2552 1734 2619 1788 ad
2655 1748 2841 1787 necem
2868 1724 3228 1786 defendebant
3260 1730 3510 1798 dogmata

1932 1830 2165 1883 invicem
2197 1823 2583 1890 tradentes,1n
2629 1839 2812 1885 uuam,
2846 1823 2937 1877 sed
2970 1823 3185 1875 brevem
3222 1818 3511 1888 quamdam

1935 1918 2315 1985 conspirarunt
2373 1915 2727 1982 impietatem.
2794 1913 2920 1966 lude
2978 1911 3172 1965 iterum
3225 1907 3409 1962 refusa
3458 1907 3511 1960 in

242 1998 441 2068 ὀλίγον
469 2001 515 2034 ³⁸
572 2001 832 2057 ἀσέϐειαν
867 2003 1265 2074 συνεχύθησαν,
1310 2006 1523 2060 ἐκεῖθεν
1569 2008 1626 2061 δὲ
1672 2009 1835 2062 πάλιν

1948 2006 2171 2073 priorem
2229 2004 2558 2072 impietatem
2601 2018 2729 2072 pars
2764 2011 3025 2070 utraque,
3057 1998 3516 2054 discesseruutad

244 2092 623 2163 ἀναχυθέντες
654 2097 736 2157 εἰς
767 2094 869 2167 τὴν
900 2096 1175 2168 προτέραν
1211 2098 1471 2153 ἀσέϐειαν
1511 2101 1671 2173 μερὶς
1700 2101 1832 2155 ἔκαο-

245 2184 418 2245 τὲρα,
477 2183 537 2248 ἐξ
578 2177 652 2238 ὧν
703 2184 1085 2258 συνεφύρησαν
1115 2228 1130 2252 ,
1173 2189 1527 2262 διῃρέθησαν.
1592 2192 1837 2264 Ἐλέγχει

247 2281 442 2331 τοίνυν
466 2278 524 2331 ὲν
554 2279 693 2351 τῷδε
718 2280 797 2352 τῷ
826 2282 1142 2353 βιϐλιδαρίῳ
1171 2284 1270 2355 τὴν
1294 2285 1613 2342 δυσσέϐειαν
1636 2290 1836 2355 αὑτῶν,

248 2370 359 2423 καὶ
395 2369 663 2425 δείκνυσιν
720 2374 912 2443 ὅτιπερ
950 2375 1048 2445 οὑχ
1084 2375 1160 2439 ὡς
1203 2378 1434 2442 ἐκείνοις
1471 2379 1647 2447 ἔδοξεν
1692 2382 1838 2436 οἰκο-

248 2461 458 2526 νομίαν
497 2460 543 2492 ⁸⁸
587 2462 773 2525 αὐτοῖς
805 2466 839 2534 ἡ
884 2463 1079 2528 ἓνωσις
1127 2466 1503 2536 ἐξειργάσατο,
1551 2469 1667 2523 ἀλλ’
1707 2470 1838 2541 ὅλης

249 2550 445 2609 αὐτῶν
491 2552 592 2622 τῆς
643 2553 879 2618 πίστεως
919 2556 1211 2626 προδοσίαν
1245 2558 1605 2630 ὲμεθὼδευσε.
1628 2564 1840 2633 Διαιρεῖ

249 2644 324 2698 δὲ
366 2644 460 2697 καὶ
504 2645 563 2698 τὸ
600 2646 703 2715 τῆς
755 2648 1066 2719 οἰκονομίας
1114 2646 1276 2715 εἶδος,
1317 2652 1454 2722 ὅπερ
1507 2656 1540 2725 ἡ
1575 2654 1669 2707 τοῦ
1701 2654 1838 2709 Θεοῦ

252 2732 406 2790 οἶδεν
443 2737 759 2809 Ἐκκλησία,
786 2740 936 2810 τρισὶ
979 2740 1283 2812 διαφοραῖς,
1316 2745 1410 2797 καί
1437 2744 1519 2808 ὡς
1564 2745 1707 2799 κατά
1735 2764 1840 2818 μη-

251 2830 462 2899 δεμίαν
498 2831 609 2884 τῶν
638 2832 808 2902 τριῶν
867 2833 1135 2903 προῆλθον
1175 2836 1359 2899 αὐτοῖς
1392 2837 1471 2898 εἰς
1498 2837 1599 2908 τὴν
1631 2855 1842 2908 συμπε-

254 2923 552 2995 φυρμένην
601 2925 881 2990 ἀσέϐειαν,
921 2929 1154 2979 ποιεῖται
1187 2927 1278 2979 τὸν
1329 2928 1572 2999 ἔλεγχον,
1626 2934 1682 2984 αἰ
1731 2931 1842 2984 τῶν

255 3012 527 3081 ἀκράτων
587 3015 770 3077 αὐτοῖς
818 3014 1244 3086 δυσσεϐημάτων
1319 3020 1545 3072 σπονδαὶ
1581 3020 1624 3052 ⁸⁸
1646 3060 1661 3085 ,
1727 3022 1843 3076 ἀλλ’

258 3102 375 3169 (ὡς
416 3102 648 3172 ἔφημεν)
699 3106 800 3175 τῆς
854 3103 987 3174 ὅλης
1038 3105 1216 3157 αὐτῶν
1260 3105 1557 3176 θρησκείας
1610 3108 1846 3180 ἑκατέρα

264 3192 434 3263 μερὶς
452 3194 539 3246 ἐπ’
562 3193 789 3264 ὀνόματι
817 3194 917 3262 τῆς
947 3194 1195 3257 ένώσεως
1242 3196 1533 3266 προδοσίαν
1562 3198 1657 3250 καὶ
1684 3198 1845 3269 ἐξάρ-

1935 2112 2028 2152 eas
2060 2111 2124 2151 ex
2156 2096 2355 2166 quibus
2398 2096 2451 2150 in
2484 2110 2647 2150 unum
2679 2095 3020 2158 coaluerant,
3057 2093 3365 2162 Opiniones.
3407 2090 3513 2146 Os-

1936 2189 2107 2243 tendit
2134 2188 2300 2257 igitur
2336 2186 2481 2257 quod
2509 2202 2615 2241 non
2648 2195 2706 2241 ut
2729 2185 2837 2241 illis
2868 2185 3045 2240 visum
3076 2193 3184 2249 est,
3206 2183 3337 2254 ipsis
3367 2196 3516 2237 (eco-

1939 2281 2174 2336 nomiam
2211 2279 2324 2351 (66)
2371 2294 2470 2335 sua
2520 2280 2701 2334 unitas
2741 2287 2963 2347 operata
2998 2286 3084 2332 est
3122 2294 3138 2332 :
3192 2275 3285 2331 sed
3335 2274 3516 2343 potius

1938 2369 2061 2425 ﬁdei
2090 2370 2299 2425 illorum
2343 2370 2704 2440 proditionem
2748 2370 3018 2439 integram
3060 2366 3390 2437 propalavit.
3424 2364 3515 2418 Di-

1937 2461 2070 2516 vidit
2118 2470 2299 2515 autem
2344 2462 2662 2516 oeconomia:
2692 2460 2973 2530 speciem,
3011 2474 3171 2528 quam
3225 2457 3317 2512 Dei
3366 2456 3519 2510 novit

1941 2552 2177 2608 Ecclesia
2208 2551 2347 2623 (67),
2380 2552 2557 2625 tribus
2600 2552 2922 2607 diﬂ'erentiis
2969 2550 3319 2625 :‘arguitque
3380 2561 3518 2602 conv

1939 2654 2021 2700 tra
2059 2645 2495 2714 conduplicatam
2526 2659 2712 2698 eorum
2743 2643 3104 2712 impietatem,
3136 2642 3283 2710 quod
3321 2654 3521 2695 secun—

1940 2739 2066 2791 dum
2090 2737 2287 2791 nullam
2318 2736 2480 2790 trium
2510 2735 2721 2789 illarqu
2747 2738 3102 2804 procederent
3134 2733 3268 2786 inita
3296 2730 3366 2784 ab
3387 2729 3518 2799 ipsis

1943 2828 2269 2882 immortalia
2307 2827 2620 2896 ,impietatis
2672 2825 2879 2880 ftedera
2926 2844 2940 2880 :
3000 2825 3094 2879 sed
3142 2833 3200 2879 ut
3250 2823 3514 2885 diximus,

1944 2918 2211 2971 universa:
2263 2930 2453 2971 eorum
2502 2915 2780 2985 religionis
2812 2926 3043 2983 utraque
3094 2929 3267 2983 pars;
3301 2912 3522 2966 nomine

1945 3006 2169 3062 unitatis
2225 3006 2584 3076 proditionem
2639 3007 3097 3077 negationemque
3156 3003 3518 3075 perpetravit.

1946 3099 2013 3156 Et
2059 3102 2235 3170 primo
2282 3101 2499 3170 quidem
2554 3100 2633 3154 ait
2665 3103 2808 3169 quod
2845 3101 3167 3156 oeconomiae
3216 3098 3355 3153 ratio
3412 3110 3522 3150 non

1945 3192 2138 3247 obvios
2158 3206 2404 3261 quosque
2425 3191 2501 3246 rei
2524 3191 2897 3261 speculatores
2924 3200 2977 3244 et
3000 3189 3236 3244 arbitros
3256 3188 3519 3250 admittit,

263 3302 431 3355 νησιν
451 3284 804 3356 διεπράξατο.
837 3286 951 3339 Kal.
991 3286 1210 3356 πρῶτον
1253 3286 1352 3357 μέν
1382 3303 1548 3356 φησιν
1588 3287 1665 3351 ὡς
1691 3290 1720 3341 ὁ
1747 3291 1845 3359 τῆς

1950 3284 2043 3339 sed
2076 3282 2283 3339 Christi
2310 3283 2591 3339 ministros
2619 3291 2781 3353 atque
2812 3283 3221 3352 dispensatores
3246 3281 3525 3351 mysterio-

262 3376 591 3448 οἰκονομίας
638 3377 796 3445 λόγος
860 3377 923 3429 οὐ
971 3376 1041 3429 τὰ
1086 3376 1322 3447 τυχόντα
1377 3378 1488 3431 τῶν
1538 3377 1845 3449 προσώπων

1949 3391 2070 3430 rum
2113 3375 2208 3430 Dei
2246 3389 2310 3430 et.
2349 3374 2547 3443 quibus
2595 3374 2983 3445 pontiﬁcalium
3026 3374 3346 3428 thronorum
3378 3369 3526 3440 leges

266 3470 522 3532 ἐπόπτας
551 3469 645 3522 καί⁵
673 3468 956 3538 διαιτητὰς
1000 3467 1215 3533 καθίζει
1257 3470 1358 3538 τῆς
1388 3468 1661 3540 πράξεως,
1712 3470 1845 3524 ἀλλά

1952 3467 2322 3522 crediderunt.
2359 3466 2436 3520 De
2471 3464 2665 3535 quibus
2691 3464 2804 3535 jam
2833 3464 2975 3517 dicta
3002 3461 3233 3519 Cainitis
3257 3475 3320 3515 ac
3345 3458 3526 3512 Theo-

267 3563 407 3626 τοὺς
455 3562 740 3633 ὑπηρέτας
800 3561 1039 3633 Χριστοῦ
1077 3562 1173 3616 καὶ
1225 3562 1547 3633 οἰκονόμους
1596 3562 1708 3617 τῶν
1756 3562 1845 3617 τοῦ

1953 3560 2195 3616 dosianis
2223 3559 2403 3614 unitas
2436 3557 2707 3612 neminem
2743 3555 2981 3626 agnovit.
3008 3554 3154 3609 Sane
3177 3568 3244 3608 ex
3276 3561 3405 3607 tunc
3444 3550 3528 3605 ili-

273 3654 416 3709 Θεοῦ
451 3656 791 3726 μυστηρίων,
820 3657 916 3708 καὶ
952 3651 1035 3718 οἷς
1063 3654 1174 3708 τῶν
1217 3654 1621 3725 ἀρχιερατικῶν
1649 3654 1845 3725 θρόνων

1954 3659 2101 3705 recta
2141 3648 2207 3703 de
2261 3647 2375 3716 ipsa
2437 3646 2818 3700 incarnatione
2854 3643 3033 3698 oratio
3085 3642 3393 3706 inchoatur,
3434 3640 3526 3695 ubi

274 3749 329 3801 οἰ
374 3748 530 3818 νόμοι
562 3746 1090 3816 κατεπιστεὺθησαν,
1122 3744 1252 3817 [772
1283 3744 1377 3817 8.]
1406 3738 1481 3799 ῶν
1510 3746 1544 3816 ή
1586 3745 1845 3816 λεγομένη

1949 3740 2061 3810 jam
2097 3742 2289 3810 dogma
2326 3738 2546 3808 pietatis
2597 3752 2707 3791 non
2739 3736 2977 3791 laeditur.
3023 3733 3120 3788 Illo
3158 3734 3307 3789 enim
3344 3733 3529 3787 incor-

275 3841 389 3894 τῶν
416 3840 681 3895 Γαῖνιτῶν
715 3838 813 3892 καλ⁸
840 3838 1205 3892 Θεοδοσιανῶν
1230 3838 1424 3900 ἓνωσις
1447 3837 1638 3891 οὐδένα
1666 3838 1859 3906 ἐγίνω-

284 3950 434 3987 σκεν.
464 3934 697 3986 ¹Ἔπειτα
726 3931 783 3985 δὲ
831 3932 952 3985 τότε
979 3931 1080 3994 τὰς
1109 3928 1421 3999 οἰκονομίας
1443 3932 1473 3983 ὁ
1506 3929 1665 4000 ὀρθὸς
1701 3929 1859 3999 λόγος

287 4025 750 4098 μεταχειρίζεται,
776 4024 863 4077 ὅτε
902 4022 967 4076 τὸ
1016 4023 1193 4094 δόγμα
1226 4022 1329 4093 τῆς
1375 4021 1658 4085 εὐσεϐείας
1704 4022 1860 4076 οὐδὲν

282 4115 737 4186 παραϐλάπτεται
759 4129 774 4144 ⁸
816 4113 1024 4168 ἐκείνου
1056 4114 1166 4185 γὰρ
1206 4113 1484 4185 ἀκηράτου
1519 4114 1616 4167 καὶ
1641 4115 1863 4184 ἀκαπη-

284 4208 479 4261 λεύτου
525 4207 800 4277 μένοντος,
836 4207 870 4277 ἡ
914 4204 1201 4276 οἰκονομία
1237 4204 1365 4275 περί
1413 4222 1468 4257 τι
1500 4204 1610 4258 τῶν
1656 4204 1859 4271 ἔξωθεν

284 4300 453 4355 αὑτοῦ
498 4298 682 4369 χώραν
721 4298 968 4369 εὑρίσκει
993 4296 1039 4328 δ’
1072 4296 1448 4351 συνίστασθαι.
1492 4296 1762 4359 Πολλάκις
1800 4296 1861 4349 δέ

284 4409 369 4454 τις
389 4392 486 4444 καὶ
505 4391 840 4461 πρόσκαιρος
864 4389 1147 4460 οἰκονομία
1163 4387 1501 4459 προελήλυθε
1520 4389 1656 4459 πρὸς
1686 4385 1860 4459 βραχύ

286 4504 339 4539 τι
366 4485 476 4538 τῶν
522 4485 624 4537 οὑκ
661 4484 987 4553 ὀφειλόντων
1022 4479 1366 4551 ἀνασχομένη
1406 4480 1504 4533 καὶ
1550 4479 1789 4546 στέξασα
1811 4478 1863 4510 ⁸³

287 4579 384 4631 ἐπὶ
414 4576 495 4647 τῷ
522 4577 570 4608 ⁵⁸
602 4576 850 4646 διηνεκὲς
880 4574 982 4644 μὲν
1013 4575 1108 4627 καὶ
1132 4573 1432 4642 ἀκλόνητον
1453 4572 1551 4644 τὴν
1578 4572 1864 4626 εὐσέϐειαν

288 4667 588 4721 ἀπολαϐεῖν
634 4666 697 4720 τὸ
748 4666 987 4737 κράτος,
1019 4665 1325 4719 ὑπεκλῦσαι
1360 4664 1421 4718 δὲ
1468 4665 1565 4719 καὶ
1617 4664 1718 4727 τὰς
1753 4663 1863 4716 τῶν

1955 3841 2118 3903 rupto
2138 3846 2204 3886 ac
2234 3831 2449 3886 sincero
2478 3839 2851 3900 permanente,
2878 3826 3186 3883 incarnatio
3218 3839 3325 3880 non
3352 3833 3533 3894 potest

1957 3927 2103 3982 circa
2136 3924 2339 3993 aliquid
2374 3931 2680 3988 externum,
2712 3921 2888 3975 eidem
2923 3920 2974 3973 in
3009 3934 3120 3989 quo
3157 3918 3315 3973 sistat
3342 3915 3524 3970 locum

1960 4019 2219 4089 reperire.
2245 4017 2629 4087 Sapeunmero
2656 4013 2803 4068 enim
2828 4011 3008 4081 aliqua
3034 4007 3358 4078 temporaria
3382 4021 3534 4062 asco-

1960 4114 2141 4169 nornia
2187 4112 2254 4167 ad
2284 4111 2449 4166 breve
2482 4117 2694 4177 tempus
2740 4104 2940 4175 prodiit
2982 4101 3184 4171 aliquid
3231 4099 3531 4154 indebitum

1964 4205 2202 4261 tolerans
2231 4211 2286 4257 et
2307 4199 2660 4267 amplectens,
2687 4206 2747 4251 ut
2789 4194 3106 4251 continuum
3152 4200 3207 4245 et
3249 4189 3537 4242 inconcus-

1961 4311 2081 4351 sum
2128 4296 2293 4349 robur
2352 4291 2523 4361 pietas
2579 4288 2875 4357 acciperet,
2922 4293 2978 4339 et
3030 4283 3098 4336 ad
3160 4278 3537 4336 dissolvendos

1962 4386 2158 4459 2w
2205 4400 2390 4441 eorum
2425 4383 2519 4454 qui
2573 4379 2787 4437 veritati
2824 4377 3228 4435 insidiabantur
3269 4372 3534 4428 insultus:

1963 4482 2055 4548 qui
2091 4478 2309 4547 quidem
2339 4488 2591 4543 magnam
2632 4470 2832 4526 illaturi
2868 4468 3167 4540 perniciem
3200 4466 3309 4521 lata
3340 4476 3537 4519 omnes

1964 4572 2051 4624 via
2091 4577 2507 4640 prorumpentes
2538 4564 2688 4636 (dum
2748 4563 2965 4616 interim
3013 4560 3269 4614 Ecclesiae
3294 4564 3537 4610 rectores

1965 4663 2037 4717 de
2095 4670 2348 4716 accurata
2400 4657 2629 4713 veritate
2683 4652 2820 4707 nihil
2881 4651 3173 4719 quidquam
3230 4646 3540 4710 remittunt)

292 4762 713 4832 σκευωρούντων
737 4733 881 4813 κα.τά
907 4762 1008 4826 τῆς
1045 4759 1304 4829 ἀληθείας
1342 4756 1541 4828 ὁρμὰς,
1579 4757 1637 4811 αἰ
1671 4755 1845 4810 πολλα

1970 4767 2085 4808 rem
2114 4761 2280 4807 totam
2305 4751 2510 4818 absque
2540 4744 2910 4803 controversia
2935 4741 3257 4797 eﬂ‘ccerunt.
3281 4737 3372 4793 Sic
3402 4736 3542 4791 Pau-

294 4857 596 4928 φερόμεναι
621 4858 688 4926 τῇ
733 4854 881 4925 ῥύμῃ
913 4855 1058 4924 μέγα
1083 4854 1129 4886 ⁸⁸
1176 4870 1229 4905 τι
1286 4850 1459 4905 κακὸν
1497 4849 1860 4922 ἐργάσασθαι,

300 4947 378 5017 μὴ
405 4947 544 5016 πρὸς
575 4945 750 5016 βραχύ
794 4962 848 4998 τι
883 4943 993 4998 τῶν
1018 4943 1117 5016 τὴν
1154 4942 1483 5014 Ἐκκλησίαν
1513 4940 1865 5011 οἰκονομοῦν-

297 5055 408 5094 των
443 5039 852 5105 ὑπενδιδόντων,
882 5041 1144 5110 παρεῖχον
1164 5038 1226 5091 τὸ
1254 5036 1646 5108 ἀναμφίϐολον.
1677 5036 1867 5102 Οὑτως

373 5154 389 5187 ¹
410 5151 554 5207 Psal.
592 5165 741 5216 XXVI,
770 5150 824 5204 1.
898 5150 921 5181 ²
950 5149 1116 5206 Eccli.
1150 5165 1259 5213 xu,
1286 5150 1369 5203 l5.

1969 4844 2052 4898 lus
2085 4853 2304 4912 propter
2330 4837 2668 4894 inevitabiles
2698 4833 3007 4889 Judaeorum
3059 4831 3285 4886 insidias
3333 4837 3386 4883 et
3415 4843 3544 4897 pro-

1971 4949 2094 5009 pter
2125 4934 2442 4992 defectionis
2468 4932 2787 4987 occasiones
2804 4929 3148 4984 Timotheum
3178 4924 3542 4995 circumcidit.

1971 5031 2249 5087 Tondetur
2276 5037 2332 5084 et
2360 5028 2476 5096 ipse
2505 5031 2687 5095 caput,
2723 5032 2780 5077 et
2816 5019 3152 5092 puriﬁcatur,
3184 5018 3279 5088 qui
3321 5017 3389 5072 ad
3434 5015 3544 5071 Ga‘

1569 5257 1804 5313 VARUE
1846 5250 2248 5313 LECTIONES.

374 5361 420 5393 ⁸ο
454 5358 591 5429 πρὸς
616 5358 797 5425 ὀλίγον
825 5372 966 5412 corr.
994 5357 1040 5410 A
1073 5373 1087 5410 :
1122 5356 1227 5427 πρὸ
1263 5355 1465 5429 ὀλίγων
1497 5373 1558 5420 ς.
1624 5355 1680 5429 ’δᾲο
1710 5351 2145 5429 οἰκονομίανμῐ.
2170 5349 2315 5429 _Elias
2345 5339 2691 5429 Veieli‘us‘de
2719 5335 3234 5429 “dissimilem?
3254 5347 3550 5429 sacratio:—

303 5415 546 5485 ncribus.
570 5415 585 5423 ’
619 5429 663 5460 δι
685 5415 906 5481 σπονδαὶ
939 5443 1081 5482 corr.
1114 5415 1199 5481 A':
1242 5415 1468 5479 σπονδαὶ
1621 5425 1665 5495 ‘f
1704 5415 1969 5495 εὑρίσκει]
2008 5415 2107 5493 όῦχ
2132 5419 2376 5491 εὑρίσκει
2416 5429 2474 5470 rc
2498 5415 2545 5468 A
2573 5420 2629 5467 et
2656 5429 2716 5477 ς.

2811 5410 2858 5443 ⁵⁸
2888 5409 2982 5463 καὶ
3009 5406 3239 5473 στέξασα
3269 5404 3315 5457 Α
3345 5420 3360 5456 :
3394 5404 3551 5472 στέρ·

303 5502 444 5568 ξασα
465 5518 528 5566 ς’.
603 5498 652 5531 ⁸⁸
670 5499 748 5569 τῷ
772 5498 1010 5568 Scaliger
1042 5515 1056 5552 :
1092 5497 1212 5553 libri
1252 5497 1335 5551 τό.
1414 5497 1461 5529 ⁵⁸
1494 5493 1659 5567 μέγα]
1698 5496 1794 5548 καὶ
1824 5493 1967 5564 μέγα
2000 5496 2066 5547 Α.

1778 5585 2010 5641 NOTAE.

378 5682 491 5752 (εδ)
525 5682 952 5738 incarnationem
970 5697 1047 5738 sc.
1071 5684 1172 5737 hoc
1202 5681 1340 5747 loco,
1363 5679 1752 5735 incarnationis
1776 5693 1874 5732 ex-

311 5755 659 5827 positionem.

385 5825 496 5887 (67)
520 5824 691 5887 Quam
717 5821 859 5878 novit
885 5837 1003 5879 esse
1024 5820 1191 5878 divini
1208 5818 1367 5877 Verbi
1390 5819 1874 5890 dispensationem,

1982 5692 2086 5745 qua
2119 5690 2225 5729 una
2262 5685 2394 5745 voce
2444 5665 2922 5745 comprehenditur
2950 5661 3199 5745 ejusdem
3230 5655 3551 5745 Ygrhii‘per:

1982 5727 2416 5801 s'o—ualisﬁmissio
2458 5754 2551 5795 seu
2569 5727 2907 5794 'incarnatio,
2941 5727 2997 5789 εἰ
3029 5727 3343 5788 doctriualis
3384 5727 3550 5794 ipsius

1984 5815 2289 5872 distributio
2314 5819 2479 5880 atque
2508 5804 2927 5863 administratio.
