3994 6436
533 396 642 459 955
1686 396 1950 456 ΡΗΟΤΙΙ
1979 395 2119 455 PAT

2226 395 2489 455 sUiCH/E
2520 395 2631 456 (ΣΡ.
3688 393 3784 459 956

532 501 672 557 latas
706 500 989 557 scribens:
1016 499 1151 556 Ecce
1171 517 1264 572 ego
1292 500 1494 557 Paulus
1525 503 1644 557 dico
1675 504 2100 569 vobis,quouiam

2228 504 2256 555 ὁ
2301 502 2511 564 Παῦλος
2540 500 2629 554 διὰ
2676 500 2774 564 τὰς
2828 499 2935 553 τῶν
2986 497 3254 553 Ἰουδαίων
3286 498 3632 561 ἀκαθέκτους
3675 499 3786 554 ἐπι-

530 595 579 647 si
620 594 1091 660 circumcidamini,
1136 593 1377 648 Christus
1432 596 1571 649 vobis
1628 597 1756 649 nihil
1805 597 2036 663 proderit
2066 605 2114 648 τι.

2226 594 2421 657 ϐουλὰς
2471 594 2565 646 καὶ
2620 593 2719 656 τάς
2768 592 2903 662 πρὸς
2966 594 3083 663 τῆν’
3112 593 3451 647 ἀποστασίαν
3507 592 3790 661 προφάσεις

534 682 644 736 Sed
708 682 849 738 banc
902 684 1315 753 praeceptionem
1378 686 1444 739 ad
1496 689 1658 741 breve
1729 695 1941 754 tempus
1988 700 2117 739 con-

2226 686 2545 755 περι-τέμνει
2580 686 2679 755 μὲν
2707 685 2798 738 τὸν
2822 685 3106 755 Τιμόθεον,
3137 685 3364 756 ξυρᾶται
3413 684 3474 739 δὲ
3526 685 3622 744 καὶ
3646 684 3793 747 αὐτὸς

536 773 742 838 stituit,
776 773 1229 843 quemadmodum
1256 785 1311 829 et
1331 779 1759 844 experimentum
1796 776 1976 830 docet.
2014 775 2117 831 Per

2226 774 2323 846 τὴν
2369 774 2613 844 κεφαλὴν
2652 776 2747 828 καὶ
2795 774 3098 843 ἀγνίζεται,
3137 778 3166 828 ὁ
3198 777 3334 847 πρὸς
3388 775 3642 836 Γαλάτας
3667 775 3788 844 γρά-

534 863 719 918 omnia
753 864 899 919 enim
950 876 1004 920 et
1054 876 1316 935 perpetuo
1356 867 1595 922 Ecclesia
1627 867 1921 922 seditiones
1952 867 2104 933 vitat,

2226 883 2352 932 ρων·
2405 864 2528 919 Ἴδε
2565 866 2679 933 ἐγὼ
2721 866 2965 933 Παῦλος
3001 866 3156 937 λέγω
3192 867 3336 937 ὑμῖν
3372 866 3486 930 ὅτι,
3524 865 3603 920 ἂν
3630 881 3777 932 περι-

534 971 595 1017 et
627 962 993 1031 integritatem
1026 975 1206 1020 curat.

2226 964 2532 1032 ιέμνησθε,
2559 962 2815 1031 Χριστὸς
2851 962 3008 1032 ὑμᾶς
3042 963 3225 1017 οὐδὲν
3256 962 3587 1031 ὠφελήσει.
3632 960 3776 1014 Ἀλλά

534 1058 741 1129 ταύτην
769 1059 868 1129 μὲν
906 1060 1005 1130 τὴν
1038 1060 1350 1131 οἰκονομίαν
1402 1060 1607 1131 βραχύς
1674 1078 1759 1124 τις
1801 1062 1991 1132 χρόνος
2071 1058 2382 1126 ἐπίσταται,
2458 1058 2603 1113 καθά
2623 1058 2669 1089 ⁸⁸
2731 1057 2858 1130 [402
2907 1056 2996 1130 IL]
3028 1057 3269 1111 διδάσκει
3304 1056 3400 1110 καὶ
3445 1055 3510 1110 τὸ
3548 1054 3791 1125 παράδειι

538 1167 691 1221 γμα·
743 1150 831 1205 διὰ
871 1153 1072 1216 παντὸς
1125 1153 1181 1205 δὲ
1214 1155 1308 1207 καὶ
1344 1155 1519 1207 εἰσαεὶ
1555 1157 1589 1225 ἡ
1635 1153 1932 1225 Ἐκκλησία
1972 1152 2032 1207 τὸ
2079 1151 2445 1206 ἀστασίαστον
2480 1150 2779 1221 μεθοδεύει,
2808 1149 2906 1204 καὶ
2934 1149 3247 1220 ὁλόκληρον.

614 1247 799 1300 Altera
831 1260 963 1299 vero
994 1246 1403 1314 gubernationis
1451 1246 1629 1301 forma
1663 1247 1718 1300 in
1750 1248 1933 1300 verbis
1975 1247 2120 1314 capit

2292 1244 2367 1296 Τὸ
2400 1243 2455 1295 δὲ
2485 1244 2676 1315 ἕτερον
2701 1237 2841 1307 εἶδος
2879 1243 2978 1313 τῆς
3000 1241 3316 1312 οἰκονομίας
3342 1242 3473 1313 περὶ
3513 1240 3616 1303 τάς
3636 1239 3792 1305 λέξεις

544 1336 875 1390 ﬁrmitatem.
897 1336 1122 1402 Quando
1140 1337 1282 1390 enim
1317 1337 1570 1392 Ecclesiae
1611 1337 1951 1407 dogmatibus
1978 1345 2120 1390 recte

2226 1334 2490 1404 λαμϐάνει
2516 1336 2616 1404 τὴν
2655 1334 2941 1389 σύστασιν.
2973 1334 3101 1386 Ὅτε
3132 1335 3262 1403 γὰρ,
3292 1333 3400 1387 τῶν
3431 1332 3537 1401 τῆς
3580 1333 3791 1401 Ἐκκλη-

544 1425 728 1492 lactis,
770 1438 826 1482 et
864 1442 959 1495 per
994 1428 1129 1483 alias
1166 1443 1328 1483 voces
1365 1429 1603 1484 scandali
1650 1428 1964 1499 expertibus
1998 1444 2120 1498 pro-

2226 1428 2343 1490 σίας
2368 1426 2656 1496 δογμάτων
2691 1425 2866 1496 ὀρθῶς
2898 1426 3130 1495 ἐχόντων
3171 1426 3266 1478 καὶ
3286 1424 3355 1478 δι’
3380 1424 3793 1496 ἑτέρων’φωνῶν

541 1516 834 1588 mulgatas,
867 1519 1080 1573 tametsi
1126 1535 1230 1575 non
1277 1520 1410 1575 bene
1457 1520 1585 1575 dicti
1632 1522 1768 1575 ﬁunt
1804 1531 2120 1589 praetextus,

2226 1516 2769 1588 ἁνακηρυττομένων,
2819 1516 3041 1587 ῥήματά
3068 1533 3190 1569 τινα
3230 1518 3343 1579 τοῖς
3388 1516 3790 1588 ἀκεραιοτέροις

544 1610 709 1663 taceri
752 1610 866 1665 hinc
895 1613 1181 1681 contingit.
1214 1613 1312 1677 Qui
1350 1628 1479 1667 vero
1505 1628 1785 1668 sermones
1827 1629 1956 1668 suos
2006 1614 2118 1668 dis-

2227 1610 2529 1664 σκανδάλου
2586 1608 2690 1663 κᾶν
2750 1609 2850 1662 οὐκ
2905 1607 3119 1676 εὐλογοι
3179 1608 3438 1677 γίνωνται
3489 1608 3793 1677 προφάσεις,

542 1703 697 1771 ponit
732 1702 784 1756 in
810 1702 1019 1772 judicio
1049 1712 1103 1755 et
1137 1705 1374 1768 silentio,
1398 1720 1590 1760 sonum
1618 1707 1859 1775 priorum
1894 1707 2120 1776 dogma-

2226 1700 2650 1757 ἀποσιωπᾶσθαι
2703 1699 3125 1770 συγκαταϐαίνει
3171 1700 3366 1756 ταῦτα.
3412 1700 3475 1754 ’0
3505 1699 3565 1754 δὲ
3596 1701 3638 1731 ⁵⁷
3683 1700 3792 1762 τοὺς

545 1800 658 1846 tum
687 1808 784 1863 per
804 1809 1019 1849 omnem
1054 1805 1253 1849 terram
1285 1798 1461 1851 audiri
1489 1797 1640 1852 facit.
1666 1797 1912 1865 Qualiter
1932 1799 2120 1854 fecisse

2227 1794 2421 1863 λόγους
2462 1793 2629 1847 αὐτοῦ
2674 1792 2976 1861 οἰκονομῶν
3019 1792 3076 1845 ἐν
3118 1793 3295 1863 κρίσει
3329 1792 3426 1846 καὶ
3476 1794 3677 1862 σιωπῇ,
3700 1792 3795 1844 τῶν

545 1900 799 1954 magnum
824 1885 1175 1941 Athanasium
1198 1887 1492 1957 Gregorius
1517 1902 1876 1958 cognomento
1898 1890 2120 1945 Theolo-

2231 1886 2472 1938 εὐσεϐῶν
2506 1885 2795 1955 δογμάτων
2828 1884 2921 1937 τὸν
2963 1884 3201 1954 φθόγγον
3250 1885 3330 1947 εἰς
3369 1886 3557 1938 πᾶσαν
3600 1884 3695 1955 τὴν
3727 1885 3793 1936 oi-

541 1989 643 2044 gus
667 1984 928 2030 testatur:
956 1976 1267 2047 Postquam,
1289 1979 1481 2048 inquit,
1505 1981 1875 2033 consentientes
1903 1982 2117 2044 reperit,

2232 1977 2508 2047 κουμένην
2562 1976 2969 2049 περιηχηθῆναι
3024 1977 3649 2048 καταπραγματεύεται.
3706 1968 3793 2028 Dia

538 2077 592 2119 et
616 2067 766 2121 verba
790 2067 923 2119 nihil
944 2068 1299 2137 discrepantes
1321 2083 1339 2121 :
1362 2072 1573 2123 nomina
1602 2072 1753 2123 rebus
1780 2072 2120 2125 commiscent

2227 2069 2293 2139 δὴ
2311 2068 2357 2100 ⁸⁸
2388 2070 2482 2123 καὶ
2505 2069 2597 2122 τὸν
2625 2070 2798 2139 μέγαν
2829 2068 3146 2123 Ἀθανάσιον
3174 2070 3202 2121 ὁ
3231 2068 3486 2137 Θεολόγος
3516 2067 3794 2139 Γρηγόριος

542 2158 779 2229 colligat.
812 2159 880 2212 Et
899 2160 1144 2215 oratione
1176 2162 1227 2215 in
1254 2162 1595 2225 Pentecoste,
1625 2161 1939 2232 Magistrum
1965 2178 2120 2217 eum-

2229 2160 2569 2229 πεποιηκότα
2603 2159 3000 2214 ἐπιδείκνυσιν·
3043 2158 3284 2227 Ἐπειδὴ
3314 2159 3449 2228 γὰρ,
3490 2160 3792 2228 φησὶ,’συμο

545 2250 668 2304 dem
724 2250 915 2305 videas
966 2253 1141 2319 ipsum
1194 2253 1533 2321 gubernandi
1586 2253 1816 2306 formam
1862 2256 2117 2308 vincere:

2228 2252 2601 2323 φρονοῦντας
2630 2248 2769 2319 εὗρε
2810 2252 2910 2306 καὶ
2940 2252 3120 2306 οὐδὲν
3148 2251 3475 2315 διεστῶτας
3518 2250 3669 2304 κατὰ
3705 2249 3795 2301 τὸν

545 2339 651 2395 Sed
683 2342 919 2412 syllabis,
952 2343 1145 2411 inquit,
1191 2345 1520 2413 o/I‘endimini
1554 2388 1567 2410 ,
1601 2357 1648 2399 et
1677 2362 1797 2399 voce
1822 2364 1840 2408 ;
1865 2345 1988 2400 date
2016 2349 2120 2401 vim

2226 2348 2444 2415 λόγον,
2510 2347 2583 2400 τὰ
2640 2346 2903 2416 ὀνόματα
2952 2346 3366 2417 συγχωρήσας
3421 2342 3641 2399 συνδεῖ
3686 2341 3793 2413 τοῖς

545 2431 860 2499 divinitatis,
883 2443 931 2487 et
958 2434 1199 2489 dabimus
1225 2438 1364 2490 vobis
1394 2439 1595 2492 veniant
1620 2440 1779 2492 vocis.

2226 2437 2550 2507 πράγμασι.
2588 2438 2699 2492 Καὶ
2737 2438 2795 2490 ὲν
2827 2440 2894 2508 τῇ
2930 2438 3279 2507 Πεντηκοστῇ
3305 2436 3364 2489 δὲ
3412 2436 3577 2489 πάλιν
3606 2434 3692 2486 τὸν
3716 2433 3793 2486 αὐ-

546 2528 641 2582 τὸν
681 2529 998 2585 διδάσκαλον
1048 2532 1179 2596 ίδοις
1226 2534 1293 2586 ἂν
1332 2536 1432 2604 τῆς
1478 2536 1651 2605 αὐτῆς
1698 2533 2012 2603 οἰκονομίας
2092 2533 2154 2586 τὸ
2191 2529 2330 2597 εἶδος
2376 2534 2710 2603 κρατύνοντα
2730 2534 2807 2565 δ’·
2861 2532 3039 2587 Ἀλλὰ
3088 2532 3217 2598 ταῖς
3257 2530 3620 2597 συλλαϐαῖς,
3657 2532 3790 2599 φησί,

547 2624 996 2693 δυσχεραίνετε,
1041 2626 1142 2681 καὶ
1190 2630 1591 2694 προσπταίετε
1635 2628 1710 2695 τῇ
1757 2626 1946 2698 φωνῇ.
1989 2628 2131 2681 Δότε
2167 2626 2283 2693 τὴν
2336 2627 2593 2697 δύναμιν
2626 2627 2738 2696 τῆς
2783 2630 3062 2694 θεότητος
3088 2666 3102 2690 ,
3177 2627 3276 2680 καί
3347 2624 3623 2695 δώσομεν
3670 2619 3792 2693 ὑμῖν

546 2716 662 2785 τῆς
691 2716 898 2785 φωνῆς
930 2719 1044 2786 τὴν
1074 2720 1484 2790 συγχώρησιν.

620 2812 685 2867 Et
714 2814 929 2867 tertiam
968 2814 1043 2869 ait
1075 2830 1196 2869 esse
1241 2817 1577 2885 gubernandi
1620 2820 1879 2882 formam,
1908 2820 2120 2887 quando

2309 2813 2419 2865 Καὶ
2450 2811 2637 2881 τρίτον
2674 2810 2730 2863 δέ
2760 2826 2894 2879 φησι
2934 2811 3135 2880 τρόπον
3164 2808 3504 2878 οἰκονομίας,
3537 2807 3625 2860 ὅτε
3664 2821 3786 2873 παρ·

544 2920 692 2974 saepe
732 2920 981 2975 personas
1023 2906 1349 2975 despiciunt,
1400 2909 1798 2980 promulgatum
1846 2911 2120 2964 decretum

2232 2905 2469 2976 ορῶνται
2517 2902 2785 2972 πρόσωπα
2828 2899 3091 2963 πολλάκις
3131 2901 3476 2971 ἐκκήρνκτον
3507 2898 3680 2969 ψῆφον
3704 2897 3787 2966 τῆς

547 3004 798 3053 accurate
838 3005 1027 3051 contra
1081 2996 1203 3051 illos
1270 3001 1719 3066 pronuntiatum,
1765 3000 2120 3054 nihilominus

2234 2993 2525 3065 ἀκριϐείας
2547 2992 2669 3045 κατ’
2692 2990 2871 3045 αὐτῶν
2894 2990 3398 3061 ἀνακηρυττούσης,
3419 2990 3573 3044 οὐδὲν
3596 2991 3788 3043 ἔλαττον

551 3097 703 3142 recta
755 3087 1083 3155 praevalente
1120 3088 1387 3142 doctrina.
1436 3089 1745 3145 Secundqu
1795 3106 1983 3160 quam,
2025 3091 2120 3156 ait,

2230 3088 2341 3141 τῶν
2371 3085 2549 3157 ὀρθῶν
2572 3081 2991 3155 κρατυνομένων
3018 3083 3324 3152 δογμάτων.
3342 3082 3484 3137 Καθ’
3511 3084 3597 3153 ῆν,
3622 3082 3784 3150 φησίν,

543 3178 906 3233 ωσοηοηιίιιιη
942 3177 1277 3249 Theophilus
1314 3197 1438 3236 eum
1472 3181 1692 3237 Gelasio
1732 3182 2120 3248 communicat,

2233 3178 2551 3248 οἰκονομίαν
2581 3174 2843 3243 Θεόφιλος
2879 3174 2977 3244 μὲν
3009 3174 3085 3243 τῷ
3115 3174 3355 3244 Γελασίῳ
3390 3174 3683 3234 ἐκοινώνει,
3708 3174 3786 3239 ὲγ-

548 3269 603 3325 in
633 3270 828 3326 tabulis
858 3272 1090 3327 habente
1135 3273 1397 3343 scriptum
1432 3271 1717 3327 Eusebium
1757 3271 2120 3328 Palaestinum.

2232 3269 2625 3341 γεγραμμένον
2651 3267 2831 3336 ἔχοντι
2855 3269 2970 3329 τοῖς
2998 3267 3164 3335 ἱεροῖς
3188 3266 3471 3336 διπτύχοις
3495 3267 3585 3319 τὸν
3610 3266 3789 3319 Παλαιο

546 3361 785 3431 Cyrillus
815 3378 943 3417 vero
973 3380 1000 3418 a
1031 3362 1306 3420 Theodori
1342 3364 1684 3432 Mopsuestite
1730 3365 1998 3434 episcopi,
2026 3380 2120 3433 per

2235 3366 2414 3416 στίνον
2446 3362 2493 3393 ⁶⁰
2549 3358 2845 3424 Εὐσέϐιον,
2893 3360 3162 3431 Κύριλλος
3191 3360 3246 3412 δὲ
3288 3360 3388 3413 τοῦ
3438 3357 3787 3429 Μοψουεστίσς

548 3452 829 3510 Orientem
860 3456 1050 3511 eodem
1075 3458 1236 3512 modo
1265 3459 1458 3512 iterum
1485 3459 1828 3513 anathemate
1851 3459 2118 3529 percussi,

2226 3455 2532 3526 Θεοδώρου,
2565 3453 2709 3508 κατὰ
2739 3453 2839 3523 τὴν
2876 3452 3019 3524 ἑῴαν
3067 3453 3331 3517 ὡσαῦτως
3364 3451 3785 3525 ἀνακηρυττομέ-

547 3547 934 3601 communione
971 3563 1077 3603 non
1110 3550 1392 3603 abstinuit.
1445 3549 1671 3604 Videbat
1707 3551 1851 3603 enim
1880 3550 2118 3605 sinceris

2230 3564 2348 3611 νου,
2380 3548 2480 3616 τῆς
2507 3545 2795 3609 κοινωνίας
2823 3545 2924 3599 οὐκ
2960 3545 3225 3614 ἀφίστατο
3245 3562 3259 3577 ·
3288 3545 3436 3615 ἐώρα
3468 3548 3578 3617 γὰρ
3602 3543 3785 3613 ἀκηράο

548 3637 897 3705 dogmatibus
926 3640 1129 3693 servari
1180 3641 1482 3708 praecipuos
1527 3640 1806 3709 religionis
1837 3640 2118 3695 articulos.

547 3729 630 3783 Ad
653 3728 783 3783 illud
808 3730 955 3783 enim
987 3745 1158 3799 usque
1184 3740 1395 3798 tempus
1424 3746 1555 3786 sana
1590 3733 1833 3787 doctrina
1861 3732 2118 3794 obtinuit,

548 3835 726 3890 neque
753 3820 1019 3878 hactenus
1039 3824 1312 3894 quidpiam
1339 3825 1596 3881 Ecclesiae
1619 3826 1934 3897 dogmatum
1967 3826 2124 3879 iuno-

547 3922 758 3968 vatum.

612 4000 816 4074 ι245ιι
870 4002 1004 4060 Tres
1053 4005 1217 4077 igitur
1260 4008 1312 4063 in
1352 4020 1536 4078 partes
1582 4012 1943 4066 meonomiam
1980 4010 2120 4067 divi-

547 4092 704 4159 dens,
734 4103 789 4149 et
815 4098 1110 4153 secundum
1141 4100 1338 4154 nullam
1371 4100 1873 4157 Theodosianorum
1909 4113 1966 4157 et
1996 4102 2125 4158 Cai-

546 4185 784 4242 nitarum
819 4189 1079 4246 unitatem
1100 4195 1392 4260 procedere
1423 4195 1824 4262 demonstrans,
1857 4197 1910 4250 in
1942 4195 2125 4265 prodi-

549 4273 750 4330 tionem
784 4279 1091 4344 conclusos,
1110 4282 1347 4352 singulas
1366 4296 1554 4354 partes
1578 4286 1811 4354 prepriae
1835 4286 2117 4355 religionis

548 4366 851 4433 constituit,
897 4377 952 4423 et
984 4370 1174 4427 nullibi
1210 4375 1444 4441 stetisse,
1483 4376 1577 4430 sed
1615 4374 1900 4439 confusos,
1932 4391 2121 4431 rursus

549 4453 620 4508 ab
648 4454 877 4512 invicem
906 4459 1145 4517 divulsus
1173 4477 1316 4531 esse,
1352 4475 1409 4519 et
1451 4475 1693 4519 mutuum
1725 4467 1962 4535 gessisse
2005 4466 2122 4519 bel-

547 4543 681 4602 lum.
716 4546 842 4604 Haec
855 4558 910 4606 et
930 4551 1014 4607 his
1041 4553 1243 4609 similia
1272 4556 1700 4625 reprehendens,
1722 4557 2120 4625 Acepbalorum

546 4655 710 4710 quam
749 4641 933 4697 dicunt
970 4645 1230 4700 unitatem
1260 4646 1529 4713 referens,
1562 4663 1659 4717 per
1703 4648 1809 4702 alia
1847 4650 2010 4703 multa
2040 4648 2122 4702 di-

547 4730 727 4787 lucide
753 4733 1010 4789 ostendit.
1041 4735 1256 4791 Nullum
1291 4737 1360 4792 ab
1396 4738 1462 4793 iis
1516 4739 1902 4794 incarnationis
1952 4740 2121 4795 vesti-

548 4823 694 4894 gium
730 4824 1001 4899 relictum,
1043 4829 1139 4884 sed
1173 4829 1454 4886 manifesta
1505 4831 1742 4901 proditio
1789 4841 1844 4889 et
1885 4834 2121 4902 negatio,

546 4929 648 4987 pro
669 4914 866 4983 quibus
885 4918 1081 4975 millies
1101 4935 1162 4975 se
1182 4931 1412 4975 mortem
1432 4932 1686 4992 oppetere
1706 4924 1840 4979 velle
1855 4924 2116 4992 jactabat.

547 5002 641 5059 Sic
669 5003 784 5061 fere
809 5008 876 5065 de
912 5010 1198 5081 Acepbalis
1227 5012 1329 5069 hoc
1359 5013 1476 5083 ipso
1504 5014 1687 5069 libello
1716 5025 2033 5085 pertractat.

615 5181 1009 5255 Complectitur
1028 5198 1209 5246 autem
1266 5207 1401 5262 opus
1429 5192 1719 5261 epistolam
1746 5208 1961 5265 quoque
1985 5198 2122 5252 scri-

544 5288 695 5345 ptam
747 5274 1019 5346 Eutychio
1066 5281 1477 5351 archiepiscopo
1502 5282 2118 5355 Coustantltmpolitano,

545 5379 712 5435 quam
758 5366 1055 5436 etiamnum
1109 5374 1391 5442 presbyter
1432 5374 1677 5443 scripsit,
1732 5375 2116 5433 certitudinem

547 5455 922 5513 continentem
962 5461 1181 5531 pietatis
1213 5473 1270 5519 et
1304 5464 1426 5519 ﬁdei
1461 5465 1777 5521 orthodoxae
1822 5480 1887 5521 ac
1934 5466 2122 5523 catho-

546 5545 692 5603 licte.

610 5668 643 5711 «ι
664 5660 844 5718 Galat.
873 5680 927 5730 v,
958 5666 1014 5720 2.

2147 4781 2201 4841 D

2228 3654 2343 3701 τοις
2388 3637 2675 3707 σωζόμενα
2728 3638 2965 3707 δόγμασι
2998 3638 3067 3690 τὰ
3108 3639 3206 3707 τῆς
3249 3638 3535 3701 εὐσεϐείας
3583 3632 3782 3703 καιριώ-

2225 3747 2365 3784 τατα
2384 3730 2452 3784 ⁸⁸.
2486 3730 2666 3800 Μέχρι
2700 3730 2808 3802 γὰρ
2835 3728 3029 3783 τούτου
3059 3729 3127 3782 τά
3146 3729 3247 3799 τῆς
3274 3730 3586 3800 οἰκονομίας
3607 3729 3633 3779 δ
3652 3725 3785 3796 ὀρθὸς

2224 3822 2391 3891 λόγος
2432 3823 2705 3892 ἀνέχεται,
2741 3823 2934 3893 μέχρις
2966 3821 3032 3875 ἂν
3058 3821 3212 3875 οὐδὲν
3269 3823 3663 3892 καινοτομείται
3693 3816 3783 3868 τῶν

2225 3914 2326 3985 τῆς
2367 3914 2698 3985 Ἐκκλησίας
2729 3913 3036 3984 δογμάτων.

2296 4006 2469 4076 Τριχῆ
2492 4005 2670 4059 τοίνυν
2691 4004 2789 4076 τὴν
2810 4005 3122 4075 οἰκονομίαν
3146 4003 3359 4068 διελὼν,
3388 4005 3484 4057 καὶ
3513 4001 3630 4057 κατ’
3654 3997 3782 4052 οὐδεο

2229 4097 2357 4168 μίαν
2382 4096 2561 4150 αὐτῶν
2586 4096 2685 4167 τὴν
2706 4095 2813 4150 τῶν
2838 4096 3203 4149 Θεοδοσιανῶν
3226 4097 3321 4149 καὶ
3341 4095 3598 4149 Γαϊνιτῶν
3619 4088 3784 4160 προελ-

2225 4190 2337 4242 θείν
2354 4188 2762 4259 ἐπιδειξάμενος
2785 4187 2999 4254 ἕνωσιν,
3020 4190 3098 4250 εἰς
3119 4188 3410 4259 προδοσίαν
3430 4180 3780 4255 συγκλεισθέν-

2224 4300 2321 4344 τας
2342 4280 2600 4352 ἑκάτερον
2626 4280 2792 4352 μέρος
2813 4281 2912 4350 τῆς
2933 4280 3138 4341 οἰκείας
3160 4279 3457 4352 θρησκείας
3480 4276 3778 4347 παρέστησε.

2224 4375 2318 4426 καὶ
2363 4373 2557 4442 στῆναι
2604 4373 2704 4443 μὲν
2737 4372 2975 4443 οὐδαμοῦ
3001 4412 3015 4437 ,
3062 4372 3195 4425 ἀλλὰ
3239 4371 3606 4441 συγχυθέντας
3643 4363 3778 4417 πάλιν

2225 4465 2318 4517 ἀπ’
2361 4464 2607 4535 ἀλλήλων
2643 4464 3008 4536 διαρραγῆναι
3058 4466 3151 4518 καί⁸
3191 4465 3312 4518 κατ’
3346 4463 3590 4535 ἀλλήλων
3622 4457 3778 4526 φέρειν

2223 4556 2315 4609 τὸν
2347 4556 2607 4627 πόλεμον.
2657 4556 2842 4610 Ταῦτα
2874 4556 2970 4609 καὶ
2998 4557 3223 4610 τοιαῦτα
3254 4558 3439 4627 ἕτερα,
3481 4547 3775 4622 στηλιτεύων

2224 4648 2324 4719 τὴν
2348 4647 2457 4701 τῶν
2486 4648 2799 4717 Ἀκεφάλων
2824 4648 3356 4719 λεγομένηνλὲνωσιν,
3390 4643 3682 4714 διεξελθὼν,
3707 4636 3777 4690 διὰ

2229 4740 2489 4794 πλειόνων
2542 4739 2716 4795 ἄλλων
2764 4740 3013 4813 ἐναργῶς
3065 4738 3376 4806 ἐπεδείξατο
3420 4738 3548 4812 [775
3591 4731 3675 4802 11.!
3715 4729 3775 4787 ὡς

2227 4831 2379 4885 οὐδὲν
2414 4831 2597 4896 αὐτοῖς
2632 4832 2776 4902 ἴχνος
2806 4831 3120 4902 οἰκονομίας
3170 4831 3609 4902 διαπέπρακται,
3664 4819 3775 4876 άλλᾶ

2229 4924 2409 4995 σαφὴς
2435 4924 2696 4996 προδοσία
2712 4924 2805 4979 καὶ
2820 4925 3131 4996 ἑξάρνησις,
3152 4924 3293 4995 ὑπὲρ
3332 4917 3406 4977 ὧν
3424 4923 3673 4995 πρότερον
3696 4929 3775 4982 tw-

2227 5016 2412 5090 ριάκις
2436 5016 2686 5070 ὑπελθεῖν
2714 5016 2805 5070 τὸν
2828 5016 3055 5071 θάνατον
3080 5015 3415 5070 διετείνοντο.
3442 5013 3592 5071 Οὕτω
3618 5008 3704 5079 μὲν
3720 5002 3772 5056 τάι

2228 5108 2359 5175 περὶ
2384 5108 2492 5161 τῶν
2525 5108 2837 5177 ’Λκεφάλων
2857 5110 2914 5161 ἐν
2936 5107 3013 5178 τῷ
3032 5107 3343 5177 βιϐλιδαρίῳ
3372 5106 3541 5174 τούτῳ
3571 5098 3769 5163 διέξεισι.

2299 5200 2549 5270 Περιείχε
2596 5200 2654 5253 δὲ
2694 5200 2756 5253 τὸ
2801 5200 2991 5270 τεῦχος
3036 5200 3131 5252 καὶ
3168 5197 3460 5269 ἐπιστολὴν
3508 5190 3657 5249 αὐτοῦ
3696 5202 3769 5253 γε·

2226 5292 2555 5363 γραμμένην
2600 5292 2847 5364 Εὐτυχίῳ
2883 5292 2960 5363 τῷ
3002 5291 3420 5364 ἀρχιεπισκόπῳ
3465 5290 3769 5343 Κωνσταντι·

2228 5383 2531 5446 νουπόλεως
2551 5425 2566 5449 ,
2609 5385 2677 5455 ἢν
2719 5385 2958 5457 ἔγραψεν
2988 5386 3046 5439 ἐν
3084 5385 3471 5456 πρεσϐυτέροις
3505 5379 3576 5432 ἔτι
3612 5366 3767 5427 τελῶν.

2232 5474 2609 5548 πληροφορίαν
2648 5478 3009 5547 περιέχουσαν
3053 5478 3152 5545 τῆς
3192 5475 3469 5548 ὀρθοδόξου
3514 5468 3600 5525 καὶ
3636 5457 3764 5518 καθφ

2236 5564 2393 5635 λικῆς
2426 5566 2710 5631 εὐσεϐείας
2746 5569 2841 5623 καὶ
2866 5568 3121 5632 πίστεως.

1861 5770 2087 5828 νΑἰίΙᾸῦ
2128 5771 2529 5830 LECTIONES.

622 5848 672 5883 ⁸⁸
704 5852 838 5908 καθὸ
862 5870 921 5919 ς.
1011 5857 1055 5891 ’τ
1090 5858 1144 5913 δὲ
1176 5875 1282 5917 om.
1306 5862 1368 5917 Δ.
1448 5864 1489 5897 ⁸⁸
1518 5864 1580 5937 δὴ
1606 5868 1647 5919 Α
1692 5883 1703 5919 :
1743 5868 1881 5941 ὀὲς.
1962 5869 2004 5903 ⁸³
2036 5869 2364 5940 κρατύνοντσ
2395 5868 2456 5925 τὸ
2502 5868 2637 5933 εἶδος
2658 5887 2717 5935 ς’.
2796 5872 2837 5906 ⁵ο
2876 5872 3173 5927 [latitarit/0v
3202 5892 3258 5938 ς.
3339 5874 3379 5906 δι
3408 5869 3742 5945 κυριωτάτας.
