3994 6434
549 388 657 453 959

1697 382 1959 445 PHOTII
1991 379 2499 440 PATRIABCH/E
2528 379 2641 441 (ΞΡ.

3697 383 3794 451 960

546 498 763 569 quando
797 496 1105 552 Cherubma
1140 496 1323 551 cantio
1362 496 1415 550 in
1442 495 1640 566 triplici
1669 510 1805 550 sono
1834 492 2112 549 sanctitati

2217 490 2426 561 μεγάλη
2478 491 2687 559 γίνεται
2752 491 2894 546 κατὰ
2959 492 3063 563 τῆς
3115 491 3395 557 εὐσεϐείας
3462 494 3795 567 καταδρομὴ,

545 592 815 645 accedens
863 589 931 642 ab
977 589 1152 653 Initio,
1202 604 1363 657 super
1399 604 1614 643 omnem
1669 589 2017 646 sanctitatem
2058 596 2115 643 et

542 682 841 737 bonitatem
884 680 1168 735 Trinitatis
1197 690 1390 736 cantus
1436 695 1558 737 esse
1587 681 1959 751 cognoscitur.
2006 677 2113 734 Sed

550 775 668 828 sive
695 774 833 829 bene
866 788 962 828 seu
993 787 1152 828 secus
1181 774 1248 827 de
1280 771 1525 843 'l'risagio
1554 772 1639 826 hic
1668 772 1746 826 sic
1772 772 2002 841 judicat,
2037 769 2117 823 fa-

543 866 647 921 cile
713 868 859 921 enim
887 866 1105 921 occasio
1168 866 1269 935 ipsi
1327 866 1397 919 ita
1455 863 1734 931 judicaudi
1789 872 2115 933 praetextum

542 959 714 1023 dedit,
745 974 850 1013 non
884 974 1100 1029 possum
1125 958 1377 1028 equidem
1401 972 1547 1012 nunc
1584 957 1651 1012 de
1689 956 1856 1012 altera
1886 966 2113 1010 senten-

544 1048 616 1103 tia
665 1058 873 1105 certum
925 1048 1365 1117 ferrejudicium
1407 1067 1421 1103 :
1460 1049 1562 1104 nisi
1610 1050 1754 1119 quod
1806 1062 1911 1102 non
1960 1046 2111 1111 sinit,

542 1138 944 1197 Scholasticum
973 1142 1295 1206 admonens,
1340 1140 1410 1196 ab
1450 1140 1705 1197 Ecclesiae
1734 1154 1961 1209 corpore
2007 1154 2113 1194 non

541 1245 811 1299 separari.

2210 583 2433 645 εἰκότως
2462 582 2512 635 0i
2553 582 2701 637 ἄλλοι
2749 585 2994 656 Πατέρες
3023 585 3182 655 ήμῶν
3209 583 3497 648 παντελῶς
3538 588 3797 657 περιεῖλον

2214 675 2275 729 τὸ
2314 675 2442 746 [776
2483 674 2578 747 Ιὶ.]
2621 677 2696 746 μὴ
2750 675 2860 730 δεῖν
2906 678 3247 747 προσάπτειν
3298 678 3356 731 ἐν
3401 680 3475 748 τῇ
3533 677 3801 748 Τρισαγίῳ

2211 767 2491 839 δοξολογίᾳ
2534 770 2595 821 τὸ
2640 768 2693 821 Ὁ
2743 771 3110 838 σταυρωθείς
3162 770 3243 825 δι’
3292 769 3493 839 ἡμᾶς·
3561 770 3665 840 τῆς
3704 772 3801 841 γὰρ

2212 859 2500 929 τριαδικῆς
2554 860 2835 927 θεολογίας
2895 859 3063 932 ὕμνον
3114 857 3257 918 εῖναι
3307 862 3368 917 τὺ
3418 861 3799 932 δοξολόγημα,

2218 950 2342 1006 ἐπεὶ
2382 954 2475 1005 καὶ
2513 955 2542 1006 ό
2574 953 2908 1024 Χερουὸικὺς
2952 952 3123 1025 ὕμνος
3154 956 3213 1008 ὲν
3251 958 3319 1027 τῇ
3357 955 3632 1027 Τριαδικῇ
3664 960 3799 1028 φωνῇ

2218 1044 2317 1114 τῆς
2368 1044 2654 1114 ἁγιότητος
2699 1046 3103 1116 προερχόμενος
3148 1047 3243 1101 ἀπ’
3289 1048 3474 1116 ἀρχῆς
3525 1049 3628 1116 τῆς
3676 1046 3800 1119 ὑπὲρ

2222 1138 2402 1192 πᾶσαν
2444 1140 2707 1210 ἀγιότητα
2751 1141 2847 1193 καὶ
2884 1140 3197 1210 ἀγαθότητα
3240 1140 3477 1212 Τριάδος
3521 1140 3801 1212 μλῷδημα

2220 1230 2566 1301 ὲγνωρίζετο.
2602 1232 2743 1286 Ἀλλ’
2795 1233 2905 1287 εῖτε
2941 1232 3001 1287 εὖ
3034 1234 3145 1287 εῐτε
3176 1233 3272 1287 καὶ
3312 1233 3528 1303 ἑτέρως
3556 1231 3686 1300 περὶ
3718 1230 3800 1285 τοῦ

540 1326 836 1397 Τρισαγίου
868 1329 1119 1401 διῄτησεν
1147 1331 1176 1382 ό
1205 1328 1344 1399 ἀνὴρ
1373 1328 1537 1400 (τάχα
1568 1330 1678 1399 γάρ
1710 1327 1836 1401 [404
1861 1326 1955 1398 H.]
1990 1342 2112 1379 τινα
2149 1330 2410 1399 παρεῖχεν
2449 1329 2599 1399 αὐτῷ
2670 1331 2943 1401 πρόφασιν
2970 1330 3000 1383 ό
3032 1331 3226 1401 καιρὸς
3280 1327 3515 1383 τοιαῦτα
3566 1327 3799 1398 διαιτᾷν).

537 1420 639 1473 οὐκ
686 1420 793 1492 ἔχω
849 1423 944 1477 νῦν
996 1424 1116 1477 οὐδὲ
1162 1422 1324 1494 ἑτέρᾳ
1373 1422 1567 1495 γνώμῃ
1619 1423 1801 1495 κρίσιν
1848 1422 2117 1477 ἐπιθεῖναι
2151 1419 2495 1478 ἀδίστακτον.
2525 1422 2672 1496 Πλὴν
2698 1424 2800 1479 οὐκ
2823 1424 3012 1495 ἀνίησι
3037 1423 3130 1477 τὸν
3186 1419 3551 1493 σχολαστικὸν
3610 1435 3798 1492 παραι-

539 1515 648 1567 νῶν
673 1517 749 1587 τῷ
774 1518 871 1586 τῆς
907 1518 1231 1589 Ἐκκλησίας
1265 1518 1601 1589 συναφθῆναι
1633 1518 1867 1589 σώματι.

612 1610 669 1664 ln
717 1612 816 1665 hac
856 1611 1082 1683 epistola
1132 1627 1395 1667 canonem
1428 1625 1647 1680 quoque
1694 1611 1787 1681 qui
1837 1608 2111 1665 secundus

2299 1608 2389 1664 'Ev
2420 1608 2596 1681 ταύτῃ
2620 1608 2679 1663 δὲ
2705 1609 2772 1681 τῇ
2802 1606 3061 1679 ἐπιστολῆ
3092 1606 3190 1661 καὶ
3212 1605 3305 1660 τὸν
3329 1604 3567 1667 κανόνα,
3600 1601 3659 1666 δς
3686 1601 3795 1655 δεύ-

538 1709 622 1757 cst
653 1703 704 1757 in
735 1707 966 1759 secunda
994 1706 1201 1775 synodo
1232 1704 1836 1773 Constantinopolitana
1867 1701 1970 1758 150
1999 1701 2104 1756 Pa-

2216 1720 2363 1777 ιερος
2389 1700 2701 1771 ἀριθμεῖται
2733 1701 2793 1754 ὲν
2831 1703 2899 1771 τῇ
2926 1699 3157 1771 δευτέρα
3185 1697 3296 1750 τῶν
3341 1697 3401 1749 ὲν
3447 1696 3792 1749 Κωνσταντι-

539 1802 705 1861 trum,
732 1796 845 1864 ipse
874 1795 979 1852 166
1008 1812 1152 1861 esse,
1174 1797 1356 1851 nescio
1383 1811 1491 1865 quo
1518 1806 1763 1860 auctore,
1789 1808 1963 1863 neque
1988 1806 2111 1847 cum

541 1885 666 1941 aliis
689 1888 1035 1942 consentiens
1062 1899 1346 1943 numerat:
1373 1903 1550 1957 neque
1589 1888 1642 1941 in
1666 1888 1768 1942 hac
1790 1887 1901 1955 ipsa
1930 1884 2109 1949 modo,

539 1980 634 2029 sed
665 1988 719 2031 et
748 1976 800 2031 in
832 1976 951 2033 aliis
982 1978 1098 2048 ejus
1136 1978 1310 2042 libris,
1365 1978 1610 2033 eamdem
1653 1979 1766 2046 ipse
1794 1975 2113 2048 quantitatis

540 2068 803 2124 rationem
842 2070 962 2124 iuit.

609 2243 936 2315 Auspicatus
967 2259 1098 2301 vero
1129 2247 1363 2301 stadium
1388 2247 1702 2300 orthodoxa:
1737 2245 1887 2309 fidei,
1910 2243 2110 2315 praefa-

540 2344 652 2400 tur,
681 2336 1008 2390 conferenda
1051 2351 1155 2390 non
1197 2351 1316 2391 esse
1345 2352 1465 2404 qum
1494 2337 1561 2392 de
1592 2336 1907 2407 theologicis
1938 2351 1967 2390 a
2005 2336 2113 2391 Pa-

541 2425 717 2479 tribus
769 2425 973 2481 nostris
1022 2428 1239 2481 decreta
1286 2433 1435 2490 sunt,
1482 2441 1604 2480 cum
1654 2426 1812 2482 dictis
1854 2442 1883 2481 a
1927 2425 2113 2481 Leone

541 2516 797 2586 pontiﬁce
825 2518 891 2572 de
922 2516 1317 2575 incarnatione.
1344 2519 1453 2576 Sed
1478 2519 1636 2590 hujus
1664 2519 1962 2590 theologica
1987 2533 2110 2574 cum

543 2606 882 2676 tlieologicis,
913 2622 1033 2676 quae
1062 2623 1192 2664 vero
1220 2608 1286 2663 de
1316 2610 1713 2675 incarnatione,
1741 2625 1861 2665 cum
1896 2610 1963 2665 iis
1991 2624 2113 2679 qua:

540 2694 842 2766 analogiam
915 2698 1134 2755 habent.
1187 2698 1385 2771 2560
1451 2700 1727 2768 Quotquot
1790 2701 2112 2772 theologiam

540 2786 818 2857 oppenunt
849 2789 1237 2858 incarnatioui,
1276 2793 1327 2845 hi
1386 2793 1862 2861 reprehensionem
1900 2793 2114 2863 injuste:

543 2879 785 2945 prazbent
828 2880 1133 2949 sententiae,
1169 2882 1221 2935 in
1268 2897 1387 2951 qua:
1418 2883 1654 2952 linguam
1699 2892 1994 2947 exacuunt,
2029 2884 2114 2938 his

542 2982 677 3023 vero
708 2970 1061 3027 nihilominus
1090 2972 1195 3027 nisi
1230 2980 1573 3038 moveantur,
1603 2973 2112 3043 irreprehensibiles

538 3074 691 3121 sunt.
740 3066 838 3120 His
895 3066 1207 3134 praemissis,
1256 3069 1399 3123 dicta
1456 3068 1703 3138 quaedam
1760 3084 1825 3124 ex
1885 3055 2182 3139 epistolaC

543 3154 741 3213 Leonis
774 3158 984 3227 recitat,
1014 3174 1176 3230 quam
1208 3160 1275 3214 ad
1322 3170 1571 3216 sanctum
1601 3158 1914 3215 Flavianum
1943 3162 2114 3227 dedit,

553 3265 618 3304 ex
644 3265 707 3305 ea
754 3250 880 3305 item
912 3266 1073 3321 quam
1109 3253 1174 3306 ad
1227 3251 1461 3307 Leonem
1507 3251 1894 3320 imperatorem
1945 3255 2114 3321 misit,

541 3343 739 3411 quibus
768 3343 976 3399 claram
1007 3342 1248 3398 ostendit
1281 3342 1381 3397 viri
1400 3342 1757 3413 theologicam
1786 3343 2110 3408 doctrinam,

543 3435 905 3503 eamdemque
933 3449 1055 3489 esse
1089 3434 1179 3488 Dei
1216 3431 1438 3500 Filium,
1462 3443 1517 3488 et
1552 3434 1811 3499 hominis,
1834 3433 2117 3501 magnifice

544 3526 829 3599 praedicat,
859 3526 1139 3595 patibilem
1180 3535 1237 3580 et
1260 3525 1641 3596 impatibilem,
1676 3526 2033 3582 immortalem
2061 3537 2118 3583 et

543 3620 703 3675 morti
769 3619 1091 3675 obnoxium.
1148 3618 1216 3672 Et
1272 3633 1383 3673 uno
1433 3620 1623 3685 verbo,
1668 3634 1933 3675 summam
1998 3635 2119 3677 esse

547 3704 715 3760 Verbi
740 3717 791 3760 et
825 3705 1063 3762 hominis
1094 3707 1550 3773 unitatem,certo
1571 3718 1626 3763 et
1656 3709 1916 3765 divinitus
1937 3711 2119 3777 exiila-

540 3796 715 3866 nagjt.
772 3794 914 3863 Quin
960 3805 1015 3852 et
1063 3798 1250 3853 iisdem
1304 3798 1505 3855 litteris
1556 3798 1874 3856 Nestorium
1931 3812 2120 3871 aperte

538 3892 928 3946 communione
955 3890 1384 3946 interdicendum
1414 3893 1649 3960 censuit,
1686 3894 1778 3964 qui
1810 3896 2022 3951 beatam
2056 3910 2119 3951 ac

544 3983 829 4053 Deiparam
871 3983 1146 4055 Virginem
1202 4000 1306 4040 non
1356 3984 1475 4051 Dei,
1521 3987 1615 4041 sed
1670 3987 1905 4042 hominis
1942 3987 2119 4043 solum

546 4085 776 4131 matrem
805 4078 1076 4147 appellare
1109 4088 1193 4134 est
1222 4093 1408 4135 ausus.
1456 4078 1693 4135 Primum
1742 4095 1960 4150 quoque
1993 4082 2120 4137 bea-

547 4180 663 4223 tum
696 4168 931 4226 Leonem
977 4174 1264 4243 perspicue
1298 4173 1429 4242 ipsis
1468 4173 1690 4229 vocibus
1719 4173 2120 4245 pronuntiasse,

546 4261 642 4317 Dei
696 4274 924 4319 matrem
979 4280 1103 4321 esse
1156 4266 1371 4322 beatam
1428 4266 1676 4332 Mariam,
1715 4283 1839 4323 cum
1890 4269 2121 4324 aliorum

2214 1793 2465 1851 νουπόλει
2497 1796 2573 1862 ρν¹
2602 1789 2874 1861 ίερωτάτῃ
2924 1789 3161 1859 συνόδῳ,
3198 1784 3362 1850 αὐτὸς
3420 1784 3551 1855 ρξς¹
3580 1779 3798 1837 εἷναι⁸⁶ι

2211 1886 2314 1940 οὐκ
2353 1879 2452 1937 οἷδ’
2490 1881 2614 1935 ὅθεν
2659 1879 2840 1934 λαϐὼν
2891 1879 3013 1935 οὐδὲ
3057 1879 3201 1933 τίσιν
3252 1876 3437 1940 ἄλλοις
3476 1875 3796 1939 συντάττων,

2212 1976 2459 2049 ἀριθμεῖ.
2497 1973 2612 2028 Οὐκ
2643 1974 2704 2025 ὲν
2736 1971 2912 2044 ταύτῃ
2938 1971 2996 2025 δὲ
3028 1970 3209 2040 μόνον,
3244 1968 3379 2023 ἀλλά
3408 1968 3511 2021 καὶ
3539 1967 3601 2020 έν
3634 1966 3797 2029 ἀλλοις

2212 2067 2375 2125 αὐτοῦ
2401 2066 2580 2135 λόγοις
2603 2064 2704 2137 τὴν
2727 2063 2898 2135 αὐτὴν
2920 2062 3070 2134 αὐτῷ
3090 2062 3191 2131 τῆς
3212 2060 3524 2131 ποσότητος
3547 2058 3796 2125 ἀπονέμει

2214 2160 2422 2234 χώραν.

2297 2251 2621 2324 Ἀρχόμενος
2668 2249 2727 2304 δὲ
2777 2249 2879 2320 τῆς
2936 2247 3079 2318 ὑπὲρ
3131 2245 3244 2301 τῶν
3288 2243 3473 2317 ὀρθῶν
3531 2243 3798 2315 δογμάτων

2214 2345 2475 2414 σπουδῆς,
2512 2341 2929 2415 προοιμιάζεται
2963 2339 3039 2412 μὴ
3084 2338 3197 2393 δεῖν
3242 2336 3566 2410 συγκρίνειν
3605 2336 3641 2391 ὃ.
3683 2336 3794 2406 περὶ

2214 2436 2491 2507 θεολογίας
2536 2436 2754 2505 εἴρηται
2798 2434 2910 2496 τοῖς
2956 2430 3237 2503 Πατράσιν
3279 2429 3479 2499 ἡμῶν,
3528 2429 3642 2491 τοῖς
3681 2426 3794 2497 περὶ

2212 2525 2527 2596 οἰκονομίας
2571 2523 2883 2595 είρημένοις
2920 2522 3111 2577 Λέοντι
3152 2520 3233 2590 τῷ
3270 2517 3526 2590 Ῥώμης,
3569 2517 3699 2571 ἀλλά
3733 2515 3792 2568 τὰ

2217 2621 2315 2691 μὲν
2349 2618 2635 2687 θεολογικά
2667 2615 2858 2670 τούτου
2903 2616 3017 2679 τοῖς
3070 2613 3430 2682 θεολογικοῖς,
3465 2610 3539 2665 τά
3579 2608 3636 2663 δὲ
3678 2606 3792 2678 περὶ

2213 2711 2311 2781 τῆς
2343 2708 2654 2778 οἰκονομίας
2684 2709 2799 2771 τοῖς
2827 2705 3041 2776 ἔχουσιν
3078 2704 3375 2772 ἀναλόγως.
3420 2702 3584 2755 Ὅσοι
3618 2700 3672 2753 δὲ
3707 2697 3789 2768 τὴν

2215 2800 2491 2870 θεολογίαν
2518 2796 3005 2870 ἀντιπαρατιθέασι
3034 2796 3100 2865 τῇ
3132 2792 3439 2863 οἰκονομίᾳ.
3473 2782 3638 2845 Οὗτοι
3665 2785 3789 2856 γνώ-

2218 2909 2327 2964 μης
2359 2892 2456 2963 μὲν
2477 2890 2665 2947 ἀδίκου
2690 2890 2792 2960 τῆς
2820 2886 3033 2942 ἑαυτῶν
3058 2885 3390 2957 παρέχονται
3420 2882 3650 2952 στήλην,
3678 2877 3786 2933 καθ’

2212 2977 2287 3038 ὧν
2314 2983 2375 3037 δὲ
2403 2983 2502 3055 τὴν
2528 2982 2784 3051 γλῶσσαν
2813 2978 3056 3044 κινοῦσι,
3084 2976 3295 3039 τούτοις
3321 2974 3478 3029 οὐδὲν
3506 2969 3665 3048 ἦττον
3692 2971 3720 3041 ἢ
3744 2968 3785 3003 ⁸⁵

2214 3078 2263 3130 εί
2318 3075 2394 3146 μὴ
2442 3074 2759 3144 ὲκεκίνηντο
2805 3071 2868 3125 τὸ
2920 3070 3152 3141 ἄμωμον
3210 3066 3571 3138 συντηροῦσι.
3623 3061 3784 3116 Ταῦτα

2214 3164 2687 3239 προδιασκευάσας
2720 3165 2860 3235 ῥητὰ
2890 3162 3124 3235 προάγει
3156 3160 3278 3215 τινὰ
3307 3160 3409 3229 τῆς
3442 3157 3723 3226 επισεωλῆς
3746 3152 3786 3187 ⁵⁸

2214 3258 2309 3313 τοῦ
2339 3258 2647 3326 ἀγιωτάτου
2674 3256 2937 3321 Λέοντος,
2968 3253 3036 3325 ἢν
3066 3253 3272 3316 ἐκεῖνος
3304 3250 3517 3322 ἔγραψε
3555 3248 3685 3316 πρὸς
3709 3245 3787 3298 τὸν

2214 3353 2275 3405 έν
2312 3351 2488 3419 ἁγίοις
2515 3347 2835 3409 Φλαὸιανὸν,
2864 3348 2958 3400 καὶ
3004 3344 3111 3416 μὴν
3147 3348 3243 3399 καὶ
3285 3343 3384 3413 τῆς
3419 3341 3563 3411 πρὸς
3606 3338 3789 3393 Λέοντα

2214 3446 2315 3499 τὸν
2336 3443 2580 3515 βασιλέα,
2613 3444 2673 3496 ὲν
2698 3438 2786 3504 αῖς
2816 3437 3094 3506 θεολογίαν
3120 3453 3179 3489 τε
3203 3433 3469 3505 λαμπράν
3494 3433 3588 3485 τοῦ
3612 3428 3781 3499 ἀνδρὸς

2216 3535 2564 3598 ἐπιδεικνύει,
2628 3534 2724 3588 καὶ
2763 3533 2848 3587 ὅτι
2888 3531 2980 3585 τὸν
3023 3529 3184 3585 αὐτὸν
3228 3527 3357 3581 Υίὸν
3395 3526 3494 3581 τοῦ
3540 3522 3668 3579 Θεοῦ
3706 3520 3785 3575 καὶ

2216 3627 2434 3699 ἀληθῶς
2509 3626 2625 3681 υἱὸν
2698 3623 2992 3695 ἀνθρώπου
3071 3621 3330 3692 γενέσθαι
3408 3616 3784 3689 μεγαλοφώνως

2220 3718 2609 3789 ἀνακηρύττει,
2646 3714 2893 3786 παθητόν
2927 3731 2988 3769 τε
3021 3713 3113 3768 τὸν
3152 3712 3316 3766 αὐτὸν
3349 3710 3445 3765 καὶ
3480 3708 3678 3775 ἀπαθῆ,
3705 3703 3787 3757 καὶ

2217 3813 2310 3865 τὸν
2341 3812 2613 3867 ἀθάνατον
2642 3811 2831 3882 νόμοις
2860 3808 3138 3877 ὑποκύψαι
3184 3806 3417 3861 θανάτου
3445 3844 3462 3870 ,
3505 3803 3600 3858 καὶ
3624 3798 3786 3859 ἁπλῶς

2217 3906 2319 3977 τὴν
2351 3906 2526 3977 ἀκραν
2558 3905 2752 3960 ἕνωσιν
2776 3903 2871 3958 τοῦ
2900 3902 3075 3971 Λόγου
3102 3899 3196 3954 καὶ
3224 3901 3325 3970 τῆς
3352 3898 3557 3968 σαρκὸς
3581 3890 3787 3966 ἀμωμή-

2218 4016 2327 4064 τως
2374 4016 2436 4053 τε
2477 4002 2572 4054 καὶ
2618 3995 2941 4069 θεοπρεπῶς
2989 3995 3380 4065 διετράνωσεν.
3409 3992 3488 4045 Οὐ
3539 3988 3642 4059 μὴν
3670 3982 3785 4038 ἀλλὰ

2220 4093 2317 4146 καὶ
2360 4091 2658 4163 Νεστόριον
2706 4090 2939 4160 λαμπρᾷ
2954 4089 3022 4159 τῇ
3065 4087 3218 4157 φωνῇ
3260 4085 3323 4137 ὲν
3361 4084 3488 4147 ταῖς
3536 4076 3785 4135 τοιαύταις

2220 4182 2530 4247 ἐπιστολαῖς
2584 4180 2984 4252 ἀναθεματίσαι
3012 4218 3028 4244 ,
3085 4176 3162 4241 ὡς
3217 4175 3319 4247 τὴν
3373 4172 3646 4245 μακαρίαν
3703 4164 3780 4219 καὶ

2223 4273 2471 4329 θεοτόκον
2502 4272 2724 4343 Μαρίαν
2753 4272 2877 4342 οὐχὶ
2909 4269 3006 4324 τοῦ
3040 4267 3200 4335 Θεοῦ,
3232 4264 3526 4335 ἀνθρώπου
3554 4264 3610 4317 δὲ
3648 4258 3781 4331 μόνον

544 4359 674 4407 ante
700 4353 874 4421 ipsum
905 4353 1127 4409 Patrum
1158 4372 1320 4411 nemo
1352 4357 1405 4412 id
1434 4368 1541 4411 tam
1574 4356 1721 4413 clare
1750 4356 2031 4424 extulerit,
2067 4366 2117 4415 et

2223 4364 2573 4436 τολμήσαντα
2604 4364 2784 4417 εἰπεῖν
2833 4362 3046 4434 μητέρα
3072 4377 3087 4392 ο
3126 4361 3222 4414 καὶ
3259 4360 3341 4413 ὅτι
3379 4356 3593 4429 πρῶτος
3620 4354 3647 4406 ό
3670 4350 3708 4382 ⁸⁷
3735 4349 3781 4399 ὲν

549 4446 663 4499 haec
686 4446 903 4513 quidem
932 4448 1110 4516 capite
1134 4447 1309 4519 primo
1343 4447 1707 4519 persequitur.

2150 4425 2197 4481 Β
2224 4425 2400 4525 ἁγίοις
2441 4456 2593 4510 Λέων
2632 4425 3007 4518 ίδικῶςέίπεν
3038 4452 3229 4515 αὑταῖς
3270 4425 3483 4514 λέξεσιν
3514 4448 3588 4510 ὼς
3622 4442 3778 4514 μήτηρ

542 4543 680 4596 Θεοῦ
726 4543 874 4596 ἐστιν
923 4544 957 4614 ἡ
1013 4543 1143 4611 ἁγία
1186 4545 1467 4609 Θεοτόκος,
1516 4544 1626 4598 τῶν
1659 4545 1767 4615 πρὸ
1797 4544 1963 4601 αὐτοῦ
2008 4548 2272 4620 Πατέρων
2308 4552 2451 4607 οὕτω
2504 4550 2846 4622 διαπρυσίοις
2887 4548 3097 4621 ῥήμασι
3165 4545 3240 4618 μὴ
3309 4543 3466 4598 τοῦτο
3532 4536 3773 4611 φαμένων-

545 4630 621 4686 Τδ
665 4630 765 4701 μὲν
816 4628 910 4688 οὖν
952 4634 1168 4706 πρῶτον
1224 4634 1372 4707 αὐτῷ
1427 4636 1725 4704 κεφάλαιον
1775 4635 1950 4690 ταῦτα
2001 4638 2299 4696 διατάττει.

620 4728 833 4799 Excipit
863 4730 965 4786 hoc
1004 4732 1332 4801 proximum;
1375 4748 1483 4804 quo
1528 4734 1837 4788 ostenditur
1870 4744 2120 4789 sanctum

549 4822 784 4878 Leonem
815 4824 1039 4894 reliquis
1068 4825 1317 4880 Patrihus
1337 4825 1790 4893 consentientem,
1827 4841 1992 4880 unum
2027 4825 2121 4881 Fi-

548 4915 679 4969 lium
730 4930 852 4970 esse
901 4916 1191 4972 conﬁteri:
1226 4926 1392 4985 atque
1444 4917 1607 4971 unius
1661 4925 1717 4973 et
1765 4917 2011 4988 ejusdem
2062 4926 2122 4973 ut

547 5006 711 5064 aliam
759 5007 1010 5073 formam,
1040 5010 1119 5064 sic
1147 5018 1203 5064 et
1239 5009 1509 5065 diversam
1560 5018 1771 5065 naturae
1817 5010 2119 5076 actionem,

548 5094 817 5168 nusquam
858 5100 1179 5156 divisionem
1222 5101 1429 5155 unitate
1475 5102 1769 5165 adducens,
1816 5100 1914 5155 sed
1953 5115 2119 5156 unum

550 5193 825 5251 hominem
858 5191 1061 5248 factum
1118 5193 1283 5249 Deum
1319 5192 1553 5249 Verbum
1613 5193 1897 5263 praedicat.
1924 5191 2124 5261 Adjicit

548 5297 677 5337 vero
722 5281 918 5340 Leonis
942 5286 1226 5340 sententia!
1270 5296 1326 5340 et
1352 5283 1544 5354 Cyrilli
1598 5284 1872 5354 dogmata,
1905 5285 2125 5354 conspi-

553 5389 676 5429 rare
714 5374 854 5432 inter
900 5391 961 5433 se
1011 5379 1327 5444 ostendens,
1360 5386 1416 5432 et
1462 5376 1706 5445 Gregorii
1759 5376 2009 5447 Nysseni,
2066 5385 2123 5432 et

547 5462 676 5521 Julii
707 5466 960 5524 Romani.
1000 5470 1205 5525 Adluec
1231 5479 1287 5524 et
1320 5469 1482 5526 verba
1518 5468 1689 5540 ponit,
1716 5468 1916 5539 quibus
1964 5479 2121 5525 utens

2290 4738 2554 4811 Δεύτερον
2577 4738 2635 4793 δὲ
2664 4738 2817 4811 αὐτῷ
2849 4737 3178 4809 προάγεται,
3205 4735 3273 4789 δι’
3301 4730 3361 4789 οὗ
3389 4732 3653 4787 δείκνυται
3675 4722 3775 4784 ὧςό

2218 4830 2514 4897 ὁσιώτατος
2559 4832 2714 4887 Λέων
2758 4832 2872 4894 τοῖς
2922 4828 3174 4900 Πατρόισι
3231 4826 3541 4898 συμφωνῶν
3573 4823 3660 4876 ἕνα
3700 4814 3773 4867 τὸν

2218 4922 2383 4976 αὑτὸν
2411 4922 2665 4994 ὁμολογεῖ
2694 4921 2846 4986 Υίὸν,
2882 4922 2977 4974 καὶ
3004 4918 3099 4973 τοῦ
3146 4918 3315 4973 αὑτοῦ
3351 4918 3443 4971 καὶ
3475 4915 3591 4978 ὲνδς
3617 4909 3774 4974 ὥσπερ

2218 5016 2490 5087 ἑκατέραν
2544 5014 2782 5087 μορφὴν,
2828 5013 2971 5068 οὕτω
2999 5012 3096 5068 καὶ
3142 5012 3243 5083 τὴν
3284 5012 3541 5081 διάφορον
3571 4998 3771 5075 φυσικὴν

2219 5104 2524 5176 ἐνέργειαν,
2556 5104 2795 5176 οὐδαμοῦ
2821 5104 3085 5174 διαίρεσιν
3112 5104 3179 5173 τῇ
3212 5099 3404 5154 ἑνὼσει
3435 5092 3766 5169 παρεισάγων.

2218 5197 2335 5252 ἀλλ’
2386 5198 2483 5252 ινα
2536 5197 2627 5252 τὸν
2682 5196 3105 5267 σεσαρκωμένον
3150 5194 3381 5264 ἀνυμνεῖ
3429 5191 3557 5246 Θεὸν
3603 5184 3763 5252 Λόγον.

2218 5287 2563 5360 Παρατίθησι
2606 5288 2665 5342 δὲ
2710 5289 2836 5349 ταῖς
2880 5289 3087 5356 φωναῖς
3135 5285 3230 5339 τοῦ
3277 5283 3427 5339 ὁσίου
3471 5282 3680 5339 Λέοντος
3713 5270 3767 5324 τά

2218 5381 2488 5453 Κυρίλλου
2508 5381 2772 5452 δόγματα,
2789 5379 3005 5443 δεικνὺς
3031 5378 3172 5433 κατά
3191 5376 3369 5431 πάντα
3390 5367 3765 5446 συμφωνοῦνται

2217 5473 2316 5527 καὶ
2338 5474 2407 5540 δὴ
2430 5473 2522 5527 καὶ
2548 5473 2852 5545 Γρηγορίου
2880 5472 2973 5526 τοῦ
3006 5471 3252 5542 Νύσσης,
3286 5468 3425 5524 ἀλλά
3454 5466 3548 5521 καὶ
3581 5456 3766 5516 Ἰουλίου

1801 5584 2035 5640 VABIAS
2066 5584 2476 5642 LECTIONES.

497 5670 509 5679 “
627 5676 674 5747 ἕδ
700 5672 863 5747 εἶναι]
896 5678 989 5728 καὶ⁵
1036 5671 1261 5747 εἶναις.
1339 5676 1446 5747 "ﬂ
1484 5678 1603 5732 libri
1640 5694 1749 5734 om.

1827 5681 1874 5713 ⁵⁸
1905 5681 2171 5753 προσάγει
2202 5681 2326 5735 τινὰ
2350 5684 2415 5753 τῇ
2463 5680 2722 5753 ἐπιστολῇ
2755 5699 2815 5747 ς.

2910 5684 2953 5714 s'l
2978 5684 3006 5735 ὁ
3053 5682 3176 5737 add,
3213 5683 3278 5737 Λ,
3309 5681 3398 5747 qui
3434 5680 3485 5734 in
3516 5690 3596 5747 ΨΒ
3625 5688 3636 5723 ⁵
3669 5663 3761 5746 πῷς

551 5746 711 5825 τοῦῃῖό
747 5734 911 5825 enim
934 5763 948 5810 ;
974 5734 1241 5819 Κύριλλοξ
1278 5747 1385 5820 γὰρ
1413 5734 1502 5805 καὶ
1531 5749 1679 5804 ἄλλοι
1715 5734 2001 5824 προεῖπον,
2024 5734 2108 5809 fili.
2132 5734 2481 5807 δτινθεοτόᾶἱον
2504 5734 2896 5825 λέγουσιν,
2928 5734 3140 5825 μητέρα
3158 5734 3363 5806 δέθεοῧ
3388 5750 3487 5805 οὐκ
3507 5734 3758 5801 accinxit!

556 5817 727 5891 μηδὲν
756 5817 1083 5888 διενήνοχενζ

1679 6016 1703 6046 0
