3994 6404
162 410 251 479 961

1153 393 1678 458 BIBLIOTHECA.
1715 389 1970 451 ~COD.
2007 384 2373 449 CCXXVIII.

3283 373 3389 438 962

153 523 233 577 τοῦ
268 517 495 588 Ῥώμης.
547 514 667 569 Ἔτι
713 512 818 584 μὴν
861 510 1159 582 παρίστησι
1197 510 1295 579 τὴν
1335 508 1480 575 λέξιν
1506 547 1522 571 ,
1564 499 1709 579 ᾗπερ

1834 509 2005 555 teatus
2033 496 2167 565 Leo,
2197 495 2416 565 impiam
2447 490 2865 547 Severianorum
2893 487 3221 543 calumniam
3253 488 3387 542 sub-

152 578 477 685 χρησάμενος
524 608 554 661 ὁ
605 607 664 660 ἐν
714 578 898 673 άγίοις
942 578 1095 657 λέων
1145 578 1395 670 διαϐολὴν
1456 578 1713 662 ἀσεϐείας

1838 595 1954 661 icit,
1987 609 2092 649 non
2133 592 2298 648 semel
2349 600 2513 661 atque
2545 588 2740 643 iterum
2772 583 2866 639 sed
2900 581 3190 651 quinquies
3220 593 3250 633 a
3280 578 3389 650 Cy-

157 707 344 775 ὑπέστη
375 701 521 771 παρά
546 700 657 754 τῶν
687 698 795 752 ἀπὸ
822 696 1085 766 Σεϐήρου,
1114 694 1285 764 αὐτὴν
1305 691 1510 761 ταύτην
1541 691 1587 723 ⁸⁸
1617 690 1716 760 οὐχ

157 795 289 859 ἅπαξ
313 793 433 847 οὐδὲ
452 795 530 856 δίς
552 789 690 844 ἀλλὰ
714 789 811 844 καὶ
831 787 1091 849 πεντάκις
1117 783 1414 856 εἰρημένην
1440 780 1714 851 Κυρίλλῳ,

156 888 283 957 φημὶ
319 886 382 957 δὴ
435 885 496 938 τὸ
538 882 824 954 ἑκατέρας.
877 879 953 933 Οὐ
1001 876 1269 950 Κύριλλον
1314 876 1372 930 δὲ
1423 875 1584 945 μόνον
1625 874 1718 926 τὴν

156 975 428 1047 νικηφόρον
459 973 693 1046 χρῆσθαι
725 973 793 1045 τῇ
837 972 1013 1041 φωνῇ,
1044 969 1164 1023 καθ’
1220 962 1289 1039 ἧς
1319 964 1449 1038 [405
1474 962 1569 1036 IL]
1616 981 1716 1034 με-

160 1069 374 1140 μηνότες
403 1068 453 1120 οί
485 1067 595 1120 ἀπὸ
615 1066 857 1137 Σεϐήρου
877 1062 1194 1119 δυσσέϐειαν
1223 1062 1302 1131 τῷ
1322 1059 1567 1130 θεοφόρῳ
1596 1060 1716 1111 ἑπι-

155 1159 406 1230 γράφουσι
434 1158 645 1224 Λέοντι,
675 1157 813 1212 ἀλλὰ
835 1158 930 1211 καὶ
954 1155 1047 1210 τὸν
1073 1154 1385 1225 θαυμαστὸν
1414 1151 1715 1206 Βασίλειον.

158 1252 260 1305 Οὐκ
290 1251 346 1302 έν
377 1249 551 1322 ταύτῃ
583 1249 640 1303 δὲ
669 1249 808 1322 μόνῃ
838 1251 902 1320 τῇ
945 1250 1096 1319 φωνῇ
1131 1246 1444 1316 συμφωνεῖν
1471 1246 1582 1307 τοῖς
1610 1244 1722 1296 τῶν

156 1342 395 1413 Πατέρων
436 1340 626 1409 λογάσι
658 1340 751 1394 τὸν
788 1343 846 1394 ὲν
894 1340 1062 1401 ὁσίοις
1093 1336 1441 1392 ἀποδείκνυσι
1478 1335 1680 1389 Λέοντα
1702 1374 1716 1399 ,

160 1422 273 1492 i777
309 1431 401 1505 8.]
434 1433 572 1487 ἀλλὰ
598 1434 695 1487 καὶ
730 1432 788 1486 ἐν
816 1434 927 1496 τοῖς
965 1432 1145 1494 ἄλλοις
1178 1432 1349 1485 ἅπασι
1386 1428 1619 1499 δόγμασι
1659 1444 1720 1481 τε

160 1525 244 1577 καὶ
266 1525 492 1594 ῥήμασι,
517 1524 640 1577 καθ’
660 1516 735 1576 ὧν
757 1523 1008 1576 ὑλακτεῖν
1029 1522 1080 1575 οί
1100 1522 1418 1592 αἱρεσιῶται
1441 1522 1503 1575 ού
1525 1519 1722 1591 πεφρί-

158 1628 291 1665 κασι·
324 1612 452 1675 τούς
493 1628 553 1664 τε
595 1611 706 1682 γὰρ
746 1611 1066 1682 εἰρημένους
1100 1609 1345 1678 Πατέρας
1372 1607 1645 1677 ὁμοδοξεῖν
1674 1607 1720 1640 ⁸³

161 1719 211 1755 τε
240 1702 328 1755 καὶ
370 1702 655 1772 ὁμολογεῖν
682 1701 761 1773 τῷ
788 1702 970 1773 ἀνδρὶ,
1008 1701 1104 1755 καὶ
1144 1698 1251 1771 μὴν
1278 1700 1376 1753 καὶ
1407 1698 1723 1753 Ἀθανάσιον

160 1792 239 1843 τὸν
286 1791 586 1846 πολύαθλον
612 1833 628 1858 ,
685 1792 781 1846 καὶ
833 1792 925 1846 τὸν
979 1791 1039 1845 ὲν
1094 1790 1346 1863 θεολογίᾳ
1400 1790 1723 1863 περιϐόητον

159 1881 459 1952 Γρηγόριον,
514 1883 758 1954 Πρόκλον
778 1900 839 1936 τε
860 1883 951 1938 τὸν
977 1883 1603 1948 Κωνσταντινουπὸλεως
1628 1885 1721 1938 καὶ

1818 688 1941 744 rillo
2008 687 2329 756 irrogatam,
2387 683 2599 746 ambas,
2665 679 2906 747 inquam,
2962 684 3203 729 naturas.
3267 669 3388 727 Non

1816 778 2076 852 Cyrillum
2122 777 2283 832 modo
2308 776 2568 830 victorem
2623 772 2726 826 hac
2773 769 2852 824 uti
2884 781 3039 832 voce,
3075 765 3231 831 cujus
3271 778 3393 817 me-

1817 885 1999 928 mores
2031 868 2218 924 Severi
2258 864 2503 930 asseclae,
2532 862 2861 930 impietatem
2906 855 3077 911 Leoni
3124 856 3395 922 imputant

1818 965 1913 1019 sed
1963 970 2019 1018 et
2074 962 2292 1017 beatum
2326 955 2606 1018 Basiliam,
2644 968 2748 1006 non
2796 952 2848 1004 in
2891 951 2991 1004 hac
3030 948 3206 1002 solum
3260 958 3391 997 voce

1819 1068 1942 1110 cum
1970 1052 2175 1108 sanctis
2215 1049 2471 1105 Patribus
2515 1043 2822 1100 consentire
2873 1049 3122 1094 sanctum
3151 1036 3388 1092 Leonem

1819 1144 2078 1205 ostendit,
2125 1156 2311 1196 verum
2362 1139 2524 1194 etiam
2571 1136 2625 1189 in
2667 1133 2918 1186 omnibus
2951 1131 3085 1185 adeo
3110 1138 3165 1183 et
3214 1126 3398 1183 verbis

1818 1254 1873 1300 et
1909 1243 2103 1315 246!)
2175 1239 2537 1308 dogmatibus,
2599 1233 2795 1303 quibus
2841 1230 3113 1284 ohlatrare
3156 1223 3394 1280 haeretici

1822 1350 1929 1390 nou
1962 1336 2320 1388 erubueruut.
2355 1328 2653 1383 Praedictos
2698 1326 2841 1379 enim
2867 1323 3060 1377 Patres
3089 1327 3235 1373 recte
3271 1331 3394 1370 cum

1827 1427 1919 1481 illo
1945 1424 2170 1488 sentire,
2194 1432 2255 1478 ut
2288 1430 2344 1478 et
2376 1420 2651 1474 laboribus
2673 1416 2971 1472 exercitum
3004 1409 3391 1470 Athanasium,

1821 1526 1877 1573 et
1923 1515 2157 1584 theologi
2195 1512 2514 1583 cognomine
2560 1509 2842 1578 praeditum
2882 1502 3224 1573 Gregorium,
3263 1499 3396 1553 Pro-

1822 1611 1961 1665 clum
1992 1621 2208 1680 quoque
2256 1601 2820 1669 Constantinopoleos,
2860 1607 2915 1652 et
2958 1593 3393 1664 Amphilochium

1822 1700 1989 1757 lconii
2055 1698 2353 1770 praesules,
2390 1703 2447 1751 et
2488 1692 2872 1753 admirandum
2923 1688 3073 1742 illum
3134 1684 3398 1739 Joannem

1824 1794 2295 1864 Chrysostomum.
2331 1789 2399 1843 Et
2432 1789 2547 1842 haec
2569 1786 2785 1855 quidem
2820 1782 2997 1850 capite
3023 1776 3283 1833 secundo.

1770 1884 2115 1957 Ἀμφιλὸχιον
2139 1883 2231 1938 τὸν
2262 1880 2486 1936 Ἰκονίου
2507 1880 2603 1933 καὶ
2663 1877 2753 1931 τὸν
2813 1874 3112 1945 Θαυμάσιον
3146 1867 3401 1935 Ἰωάννην

169 1977 250 2030 τὸν
270 1976 670 2049 Χρυσὸστομον.
698 1977 861 2033 Ἀλλὰ
884 1978 1055 2033 ταῦτα
1078 1979 1179 2052 μὲν
1206 1979 1301 2033 καὶ
1329 1979 1390 2032 τὺ
1409 1979 1658 2050 δεύτερον
1678 1980 1723 2012 ⁶⁰
1760 1980 1907 2051 αὐτῷ
1935 1977 2470 2050 διαπραγματεύεται
2498 1973 2812 2045 κεφάλαιον.

218 2068 289 2122 To
312 2068 368 2121 δὲ
414 2069 621 2140 τρίτον.
662 2068 746 2122 ὅτι
773 2068 845 2123 τὰ
876 2069 1057 2142 ἄρθρα
1084 2073 1499 2143 προταττόμενα
1536 2071 1642 2126 τῶν
1675 2074 1731 2126 ὲν

1904 2073 2171 2153 ξΓει-ιίιιηι,
2196 2069 2456 2125 articulos
2484 2068 2732 2140 praziixos
2752 2074 3063 2119 naturarum
3082 2061 3134 2115 in
3158 2059 3399 2125 Christo,

160 2160 227 2230 τῷ
267 2158 490 2231 Χριστῷ
542 2159 758 2229 φύσεων
804 2161 1054 2232 οὐδαμῶς
1100 2162 1233 2216 υἱῶν
1276 2163 1441 2217 δυάδα
1492 2164 1725 2219 ἐπινοεῖν

159 2253 401 2322 οὐμενοῦν
444 2253 551 2323 οὐχ
603 2252 957 2319 ὑποτίθεται,
1012 2255 1127 2309 ἀλλ’
1172 2254 1320 2309 ἔστιν
1374 2256 1570 2327 ἰδίωμα
1624 2257 1725 2327 τῆς

164 2342 293 2407 θείας
320 2344 363 2375 ⁸⁸
392 2342 621 2415 Γραφῆς
649 2383 665 2410 ,
719 2344 782 2397 οὐ
837 2343 1143 2416 προσώπων
1192 2346 1291 2416 μὲν
1328 2346 1432 2419 (ὡς
1478 2346 1725 2418 εἴρηται)

162 2433 305 2487 δυάδα
331 2437 690 2506 παρεισάγον,
714 2437 813 2502 τὰς
839 2438 1129 2501 ὲνωθείσας
1150 2438 1207 2491 δὲ
1237 2438 1427 2508 φύσεις
1452 2440 1730 2511 ἀτμήτους

163 2539 213 2575 τε
236 2524 321 2576 καὶ
346 2524 698 2594 ἁδιαιρέτους
726 2526 1102 2595 διαφυλάττον.
1135 2527 1247 2579 Καὶ
1277 2526 1383 2599 γὰρ
1407 2529 1502 2582 καὶ
1525 2526 1730 2598 ταύτην

165 2616 249 2685 τὴν
290 2619 557 2688 ἐπήρειαν
607 2618 750 2672 κατὰ
796 2624 894 2690 τῆς
945 2618 1039 2673 τοῦ
1089 2618 1318 2681 Λέοντος
1364 2617 1652 2689 ἐπιστολῆς
1693 2620 1729 2690 ἡ

167 2707 389 2777 αίρετικὴ
416 2707 598 2762 λύσσα
619 2709 1159 2779 κατέχεεν,είπόντος
1187 2708 1376 2762 αὐτοῦ’
1408 2710 1633 2779 Ὠσπερ
1662 2710 1733 2764 ἐν

167 2795 235 2860 τῷ
262 2797 450 2851 ἐλεεῖν
497 2800 532 2852 ό
563 2798 709 2865 Θεὸς
760 2799 991 2867 τροπὴν
1022 2801 1136 2869 οὐχ
1170 2801 1511 2868 ὑφίσταται,
1544 2801 1733 2867 οὕτως

169 2890 196 2940 ὁ
227 2887 531 2955 ἄνθρωπος
559 2887 639 2955 τῷ
664 2888 899 2959 μεγέθει
935 2887 1046 2957 τῆς
1070 2889 1249 2956 ἀξίας
1274 2890 1385 2944 οὐκ
1416 2891 1734 2945 ἀναλίσκε-

170 2996 269 3034 ται.
299 2981 480 3050 Ὀπερ
511 2977 603 3034 οὗν
628 2982 863 3052 εἴρηται,
890 2982 1033 3036 κατὰ
1059 2980 1123 3035 τὺ
1148 2981 1329 3053 τρίτον
1355 2980 1647 3050 κεφάλαιον
1670 2980 1735 3035 ἐκ

170 3087 218 3122 τε
242 3071 341 3125 τῶν
363 3072 751 3141 Εὑαγγελικῶν
776 3072 971 3141 φωνῶν
996 3073 1090 3127 καὶ
1114 3075 1177 3127 ἐκ
1200 3072 1310 3127 τῶν
1337 3073 1729 3139 ἀποστολικῶν,

172 3165 251 3215 καὶ
270 3164 329 3233 δὴ
342 3166 435 3218 καὶ
458 3168 529 3218 ἐκ
554 3164 662 3218 τῶν
688 3165 976 3237 μακαρίων
997 3164 1258 3234 Πατέρων
1275 3164 1455 3235 ἡμῶν,
1473 3164 1732 3232 Ἰγνατίου

171 3253 250 3306 τοῦ
287 3255 548 3326 θεοφόρου
594 3257 689 3309 καὶ
727 3256 947 3309 Ἰουλίου
980 3256 1076 3310 καὶ
1116 3256 1436 3311 ’Δθανασίου
1467 3258 1559 3309 καὶ
1590 3257 1734 3327 Γρη-

173 3346 351 3415 γορίων
374 3348 470 3400 καὶ
506 3345 807 3413 Βασιλείου,
838 3344 1105 3415 διελέγχει
1137 3346 1265 3408 τοὺς
1294 3343 1575 3407 δυσσεϐεῖς
1599 3344 1674 3407 ὡς
1701 3344 1735 3414 ἠ

1834 2150 2171 2236 nequaquam
2222 2162 2363 2218 tilias
2406 2162 2541 2215 duos
2571 2158 2849 2222 exhibere,
2897 2170 3002 2209 non
3038 2153 3202 2223 igitur
3229 2150 3405 2220 subji-

1832 2258 1995 2326 citur,
2038 2256 2132 2312 sed
2163 2267 2247 2312 est
2284 2254 2534 2326 proprius
2579 2249 2833 2321 loquendi
2879 2262 3051 2302 sacra:
3103 2243 3401 2312 Scriptura:

1835 2350 2062 2412 modus;
2108 2363 2215 2403 non
2267 2348 2403 2402 duas
2440 2348 2659 2415 quidem
2718 2354 3003 2413 personas,
3041 2347 3102 2393 ut
3146 2337 3403 2396 diximus.

1835 2441 2167 2511 signiﬁcans,
2200 2441 2297 2495 sed
2332 2438 2515 2492 unitas
2551 2447 2772 2490 naturas
2802 2431 3193 2502 inseparabiles
3220 2439 3271 2483 et
3321 2427 3407 2480 in-

1839 2532 2085 2589 dividuas
2108 2544 2461 2586 conservans.
2487 2528 2697 2581 Etenim
2732 2525 2986 2579 haeretica
3017 2523 3197 2577 rabies
3218 2520 3409 2575 ell‘udit

1837 2622 2089 2693 iniuriam
2143 2629 2335 2677 contra
2388 2618 2587 2674 Leonis
2637 2617 2918 2687 epistolam
2978 2615 3060 2672 sic
3119 2613 3348 2667 dicentis
3390 2627 3406 2664 :

1840 2714 2293 2782 Quemadmodum
2355 2712 2654 2766 miserando
2710 2709 3053 2763 mulationem
3110 2705 3251 2760 Deus
3305 2720 3410 2757 non

1837 2807 2049 2877 suscipit
2076 2845 2091 2869 ,
2125 2807 2199 2860 sic
2229 2806 2380 2858 homo
2433 2803 2703 2874 dignitatis
2732 2801 3093 2872 magnitudine
3121 2814 3222 2852 non
3253 2798 3408 2865 perit.

1838 2898 1990 2965 Quod
2032 2898 2194 2967 igitur
2230 2897 2391 2952 tertio
2451 2896 2631 2965 capite
2661 2894 2863 2948 dictum
2895 2901 2978 2946 est
3003 2906 3069 2946 ex
3120 2888 3403 2956 Evangelii

1838 2998 1893 3041 et
1945 2987 2310 3056 apostolorum
2364 3001 2549 3049 sensu,
2580 2995 2742 3053 atque
2776 2982 2913 3037 adeo
2971 2997 3039 3036 ex
3097 2989 3409 3036 sanctorum

1841 3077 2061 3132 Patrum
2115 3078 2408 3145 sententia,
2440 3076 2608 3132 divini
2656 3071 3053 3146 lgnatii,Julii,
3101 3068 3407 3132 Athanasii,

1840 3169 2247 3241 Gregoriorum,
2286 3180 2341 3224 et
2390 3169 2600 3233 Basilii,
2632 3166 2983 3235 reprehendit
3018 3162 3235 3233 impios,
3268 3158 3413 3229 quod

1841 3263 2199 3318 articulorum
2253 3277 2383 3317 usus
2420 3263 2629 3331 (omnes
2679 3260 2822 3314 enim
2874 3258 2926 3311 lii
2964 3255 3071 3309 illis
3129 3254 3209 3314 nsi
3266 3252 3414 3323 sunt)

1845 3355 2049 3409 nullam
2074 3356 2373 3410 sectionem
2410 3363 2505 3408 aut
2532 3353 2848 3407 divisionem
2879 3347 3103 3403 unitatis
3123 3344 3413 3414 signiﬁcat,

173 3437 266 3489 τῶν
289 3439 510 3511 ᾷρθρων
542 3440 739 3510 χρῆσις
764 3440 987 3511 (πάντες
1021 3439 1129 3509 γὰρ
1158 3436 1305 3492 οὗτοι
1331 3437 1543 3502 τούτοις
1566 3439 1731 3509 ἐχρή-

1836 3448 2031 3515 quibus
2071 3446 2259 3500 addit:
2295 3445 2425 3510 Quia
2459 3456 2506 3499 et
2540 3455 2757 3514 utroque
2791 3456 2996 3497 versum
3048 3436 3214 3491 relata
3259 3442 3405 3487 sunt.

176 3539 338 3599 σαντο)
378 3534 638 3603 οὐδεμίαν
679 3534 911 3605 τομὴνῆ
940 3533 1205 3605 διαίρεσιν
1242 3536 1447 3587 ἐπινοεῖ
1501 3536 1600 3603 τῆς
1653 3533 1742 3586 έν-

175 3619 360 3687 ὠσεως.
395 3627 489 3679 Ἑν
523 3620 606 3689 οἷς
652 3625 915 3696 ὑποφέρει
978 3627 1062 3679 ὅτι
1099 3626 1195 3679 καὶ
1226 3625 1308 3689 τὸ,
1374 3626 1479 3680 Ἔν
1503 3625 1629 3689 ὅσῳ
1671 3623 1741 3679 τὰ

1852 3534 1962 3591 lloc
2010 3550 2041 3589 a
2089 3536 2272 3590 Leone
2300 3549 2640 3605 expressum,
2701 3546 2805 3585 non
2861 3528 3121 3597 temporis
3169 3524 3415 3579 declara-

1848 3628 2071 3694 tionem,
2100 3628 2195 3682 sed
2220 3643 2317 3697 pro
2348 3628 2465 3693 illo,
2491 3641 2587 3696 per
2611 3624 2812 3687 omnia,
2849 3621 3131 3688 accipitur.

177 3720 585 3787 συναμφότερα
600 3720 749 3788 μετὰ
775 3719 1068 3788 ἀλλήλων
1084 3719 1255 3773 ἐστὶν
1282 3719 1592 3790 (εἰρημένον
1617 3719 1674 3771 δέ
1697 3720 1813 3774 ἐστι
1848 3721 2008 3776 τοῦτο
2042 3722 2121 3794 τῷ
2161 3721 2437 3792 ὁσιωτάτῳ
2480 3716 2699 3789 Λέοντι)
2743 3716 2806 3769 ού
2845 3715 2891 3746 θ’
2930 3712 3120 3784 χρόνου
3162 3708 3415 3784 δήλωσιν⁹

177 3805 276 3858 ἀλλ’
298 3811 415 3863 ἀντὶ
455 3808 556 3862 τοῦ
583 3809 672 3863 διὰ
702 3810 904 3873 παντὸς
937 3806 1448 3879 παραλαμϐάνεται.

235 3896 500 3969 Τέταρτον
535 3897 591 3949 δὲ
636 3897 930 3967 κεφάλαιον
960 3899 1040 3960 είς
1072 3896 1279 3967 μέμψιν
1323 3898 1475 3969 παρὰ
1501 3896 1613 3952 τῶν
1663 3898 1749 3951 ai.-

182 3986 390 4051 ρετικῶν
446 3988 723 4058 προταθὲν
779 3986 1075 4041 ἀνεύθυνον
1123 3986 1408 4051 παντελῶς
1456 3986 1749 4057 ἀποφαίνει

178 4072 255 4128 διὰ
299 4078 395 4148 τῆς
442 4078 640 4148 ὁμοίας
696 4078 943 4148 μεθόδου,
997 4077 1182 4146 φωνὰς
1230 4076 1635 4147 συμϐαινούσας
1669 4076 1748 4148 τῷ

181 4167 458 4222 αἰτιαθέντι
494 4169 834 4239 παρατιθεὶς,
865 4163 955 4234 αἶς
991 4170 1020 4223 ὁ
1059 4168 1220 4239 χορὸς
1245 4168 1356 4223 τῶν
1401 4169 1570 4237 ἁγίων
1590 4168 1750 4240 ἡμῶν

180 4258 420 4331 Πατέρων
458 4260 698 4332 χρῆσθαι
742 4259 986 4316 είώθασι.
1032 4261 1107 4315 Τὸ
1141 4260 1199 4314 δὲ
1242 4259 1537 4330 κεφάλαιον
1572 4258 1750 4329 φωναὶ

185 4352 270 4418 μέν
297 4356 401 4405 εἱσι
430 4353 530 4406 τοῦ
560 4353 619 4406 ὲν
661 4353 839 4421 ἁγίοις
881 4352 1109 4415 Λέοντος
1129 4390 1146 4417 ,
1191 4351 1409 4420 λέγουσι
1447 4350 1503 4404 δὲ
1532 4349 1707 4403 ταῦτα
1729 4365 1747 4385 ο

186 4438 260 4493 Τῶ
290 4441 403 4511 μὲν
433 4443 672 4497 κλαίειν
703 4442 820 4511 τὴν
844 4443 1206 4512 βεϐαιότητα
1238 4442 1350 4512 τῆς
1377 4443 1566 4499 αὐτοῦ
1599 4456 1747 4510 σαρ-

184 4531 277 4598 κὸς
333 4534 720 4589 ἐπεδείκνυτο
742 4576 759 4600 ,
817 4534 897 4601 τῷ
952 4535 1022 4590 δὲ
1069 4534 1413 4604 ἀναστῆσαι
1471 4534 1623 4604 πρὸς
1675 4534 1744 4588 τὸ

183 4618 471 4692 κέλευσμα
501 4622 611 4691 τῆς
636 4623 823 4679 αὑτοῦ
860 4624 1065 4694 φωνῆς
1089 4623 1205 4693 τὴν
1228 4624 1532 4693 ἄχραντον
1554 4622 1742 4679 αὐτοῦ

185 4712 411 4779 θεότητα
434 4713 678 4779 ἐδήλου.
714 4714 887 4780 Ἐνὸς
912 4715 958 4745 ⁸³
985 4714 1055 4769 δὲ
1077 4714 1176 4768 καί
1202 4714 1311 4769 τοῦ
1337 4713 1522 4769 αὐτοῦ
1548 4714 1741 4783 ἀμφό-

184 4815 306 4869 τερα
338 4806 671 4874 πέπρακταί
700 4822 765 4860 τε
793 4805 892 4860 καί
918 4807 1219 4861 λέλεκται.

246 4895 493 4966 Πέμπτον
531 4898 589 4951 δὲ
620 4898 789 4970 λαϐὴν
826 4900 1190 4971 πρπαθείσαν
1228 4898 1381 4968 παρὰ
1419 4898 1528 4952 τῶν
1559 4897 1737 4952 αὐτῶν

1926 3898 2190 3965 Quartum
2224 3908 2355 3949 vero
2383 3900 2547 3963 caput
2578 3878 2771 3948 contra
2806 3889 3283 3961 reprehensionem
3316 3886 3420 3940 bte-

1849 3990 2170 4046 reticorum.
2203 3987 2553 4041 lnnocentem
2603 3995 2993 4053 usquequaque
3036 3978 3277 4034 ostendit
3322 3993 3419 4046 per

1852 4078 2086 4135 similem
2120 4076 2454 4140 methodum,
2478 4087 2641 4128 voces
2670 4086 2802 4126 vero
2827 4069 3226 4126 consentientes
3258 4082 3420 4122 accu-

1849 4179 1969 4224 sato
1995 4167 2283 4238 adjiciens,
2312 4165 2512 4234 quibus
2559 4171 2619 4216 ut
2652 4162 2793 4218 solet
2836 4170 3149 4216 sanctorum
3194 4157 3416 4212 Patrum

1849 4270 2023 4316 cauus
2078 4258 2266 4313 utitur.
2319 4255 2433 4311 Hoc
2475 4265 2654 4310 autem
2705 4263 2865 4323 caput
2918 4253 3080 4307 verba
3134 4251 3250 4320 ipsa
3290 4257 3420 4305 sunt

1848 4349 2049 4406 Leonis
2072 4349 2209 4421 (69),
2243 4364 2363 4419 quae
2394 4347 2474 4404 sic
2503 4347 2619 4403 fere
2659 4346 2898 4400 habent:
2942 4342 3100 4409 Fletu
3127 4344 3304 4397 carnis
3338 4358 3420 4396 oe-

1848 4444 2060 4497 ritatem
2098 4441 2346 4503 ostendit,
2378 4439 2729 4493 resurrexisse
2757 4452 2873 4493 vero
2886 4438 2955 4490 ad
2985 4436 3123 4490 vocis
3142 4435 3419 4503 imperium

1848 4532 2137 4597 Lazarum,
2186 4530 2581 4585 immaculatum
2635 4529 2751 4598 ejus
2780 4526 3116 4596 divinitatem
3159 4524 3414 4578 declarat.

1850 4625 1928 4678 Ab
1959 4640 2065 4678 uno
2096 4625 2234 4677 enim
2260 4633 2482 4694 utraque
2511 4632 2559 4677 et
2586 4623 2729 4675 dicta
2751 4629 2801 4674 et
2831 4619 2995 4688 facta.

1915 4886 2175 4955 Quintum
2208 4900 2337 4940 vero
2372 4883 2747 4939 haereticorum
2793 4889 3108 4953 praetextum
3159 4878 3417 4948 al‘ferens,

188 4985 458 5054 αἱρετικῶν
517 4992 657 5044 κατὰ.
720 4991 914 5060 φωνῶν
965 4992 1165 5062 ὁμοίων
1218 4991 1314 5046 τοῦ
1371 4990 1535 5045 αὐτοῦ
1591 4989 1731 5063 ἱεροῦ

1846 4991 2036 5038 contra
2090 4992 2285 5034 vocum
2336 4977 2742 5033 similitudinem
2783 4975 3022 5044 ejusdem
3054 4974 3157 5028 viri
3215 4974 3416 5036 sancti,

190 5073 362 5144 ἀνδρὸς
384 5078 473 5134 διὰ
499 5080 597 5150 τῆς
620 5083 812 5151 ὁμοίας
840 5082 1192 5154 ἐπιρραπίζει
1219 5081 1463 5152 μεθόδου.
1497 5082 1655 5134 Ἐστι
1681 5079 1731 5133 δὲ

1845 5090 1944 5145 per
1973 5074 2204 5129 similem
2245 5071 2564 5127 methodum
2609 5068 2824 5124 refellit.
2860 5067 3032 5121 Verba
3064 5065 3208 5121 illius
3240 5076 3369 5120 sunt
3400 5082 3415 5118 :

191 5162 219 5230 ή
244 5166 569 5263 (ξωνηηοία
590 5172 783 5263 φύσις
811 5172 1205 5243 διαπέπαρται
1232 5172 1357 5239 τοῖς
1381 5172 1552 5241 ἥλοις
1577 5168 1731 5235 ἐντῷ

1849 5168 2039 5261 Qualis
2085 5175 2281 5220 natura
2312 5166 2471 5219 clavis
2518 5164 2671 5234 animo
2718 5164 2773 5217 in
2811 5162 3007 5237 247a
3063 5160 3206 5232 ligno
3248 5166 3416 5213 crucis

191 5252 285 5307 τοῦ
353 5259 619 5328 σταυροῦ
687 5260 856 5327 ξύλῳ
925 5261 1032 5316 τοῦ
1096 5263 1595 5332 προσπεπηγότος
1662 5258 1731 5326 ﬂ:

1849 5252 2119 5327 compacta
2152 5259 2347 5312 cruce?
2394 5256 2505 5311 Hoc
2539 5254 2754 5325 quidem
2785 5256 2962 5325 capite
2987 5263 3041 5310 et
3079 5252 3271 5309 Isidori
3301 5269 3417 5307 tnu-

1449 5396 1688 5453 VARIA‘J
1719 5396 2124 5454 LECTIONES.

264 5552 315 5628 ’ᾗ
329 5554 529 5628 ταύτην
552 5556 682 5628 add.
708 5557 773 5611 A.
848 5558 892 5591 δ’
918 5556 1220 5628 ρρθοδοξεῖν
1255 5576 1312 5623 ς.

192 5559 316 5675 Sc".
329 5559 529 5628 ταύτην
557 5559 682 5610 add.
708 5559 773 5611 A.
848 5559 892 5591 δ’
918 5559 1220 5625 ὁρθοδοξεῖν
1255 5576 1312 5623 ς.
1409 5559 1452 5590 ⁶⁰
1470 5559 1620 5630 αὐτῷ
1647 5560 1743 5613 καὶ
1799 5560 1852 5614 τὸ
1880 5560 2136 5634 δεύτερον
2170 5563 2235 5617 A.

257 5625 437 5694 aliger.
522 5627 566 5660 "
597 5628 737 5699 ἑνὸς]
772 5629 902 5699 παρ’
921 5625 1040 5693 ἑνὸς
1068 5628 1320 5685 Rothont.

2365 5564 2403 5595 ⁶¹
2444 5562 2618 5635 θείας]
2652 5564 2798 5634 ἱερᾶς
2829 5582 2888 5629 ς.
2982 5563 3027 5594 ⁶²
3056 5558 3144 5632 οὐ]
3185 5555 3246 5612 οὗ
3278 5554 3413 5623 πρὸς

258 5808 362 5880 (69)
394 5810 566 5882 Supra
586 5814 700 5898 haec
721 5810 920 5871 Leonis
947 5816 1108 5871 verba
1141 5815 1207 5871 ab
1238 5813 1461 5886 Eulogio
1511 5718 1911 5869 θῆαι]ῗὲιῖίῦ
