3994 6412
568 363 682 427 963

1720 361 1985 425 ΡΗΟΤῙῙ
2010 360 2516 423 PATRIARCH/E
2546 361 2655 423 (ΖΡ.

3705 361 3815 427 964

575 475 734 530 nachi
770 473 923 538 clari,
963 472 1310 530 Alexandrini
1344 473 1525 529 ‘domo
1582 481 1638 529 et
1687 474 1831 530 inter
1874 476 2131 546 praesules

2239 473 2513 543 σταυρῷ;
2552 476 2612 527 ὲν
2640 471 2816 543 τούτῳ
2844 471 2922 544 τῷ
2954 470 3235 545 κεφαλαίῳ
3274 471 3370 529 καὶ
3393 469 3523 546 [406
3557 469 3653 544 IL]
3684 474 3817 527 Ἰσι-

567 565 821 630 illustris,
849 565 1107 635 epistolas
1150 566 1354 635 aliquot
1399 567 1467 619 de
1510 566 1694 621 multis
1746 568 1985 634 adducit,
2013 583 2131 637 qua:

564 670 664 726 per
690 656 871 711 omnia
897 657 1228 711 conveniunt
1256 672 1379 712 cum
1410 658 1505 723 iis,
1533 672 1651 727 qua:
1676 665 1735 714 ut
1774 657 1939 729 impia
1969 659 2133 714 haere-

566 746 659 802 tici
688 746 1011 802 calumniari
1042 747 1242 803 solent.

634 1023 812 1094 Atque
851 1025 903 1079 in
953 1026 1038 1080 his
1065 1026 1281 1096 quidem
1320 1028 1552 1098 epistola
1594 1031 1662 1085 ad
1691 1029 1985 1086 Zenobium
2012 1046 2135 1086 ver-

564 1129 734 1173 satur.
790 1119 922 1173 Aliaa
978 1121 1044 1174 ad
1096 1119 1457 1176 Iustinianum
1522 1123 1903 1192 imperatorem
1957 1124 2136 1179 missa:

564 1210 759 1264 littera:
792 1228 806 1263 :
845 1210 961 1265 haec
998 1212 1211 1280 quidem
1253 1212 1395 1268 illius
1432 1216 1685 1283 pietatem
1727 1216 2132 1282 commendans,

564 1298 655 1353 illa
693 1314 821 1355 vero
859 1302 925 1353 de
954 1300 1235 1353 monachis
1259 1301 1529 1371 religiosis
1566 1316 1807 1355 eremum
1842 1300 2129 1355 incolenti-

566 1393 668 1446 bus
717 1392 933 1460 pietatis
978 1392 1347 1449 testimonium
1399 1393 1730 1448 luculentum
1786 1395 1900 1447 dat.
1954 1391 2137 1448 Tertia

562 1495 693 1536 vero
721 1482 971 1535 Anthimi
1028 1482 1308 1553 synodalia
1339 1495 1596 1539 accurate
1623 1484 1691 1539 de
1726 1485 1847 1539 lidei
1879 1484 2140 1555 dogmati.

560 1574 683 1637 bus,
710 1582 766 1627 et
802 1573 965 1627 missa
1003 1583 1059 1627 et
1099 1574 1301 1642 scripta
1333 1590 1452 1628 esse
1493 1575 1765 1639 ostendit;
1801 1574 1966 1629 altera
2008 1589 2137 1628 vero

560 1666 629 1719 ad
670 1666 842 1734 ipsum
897 1666 1132 1720 mittitur
1176 1667 1491 1721 Anthimum
1530 1678 1652 1734 post
1698 1668 2003 1738 synodalia,
2041 1684 2136 1721 eo-

558 1774 678 1813 rum
706 1759 1069 1813 laudationem
1104 1774 1209 1813 non
1248 1774 1538 1822 excusans,
1580 1760 1735 1827 quasi
1786 1759 1918 1813 nihil
1947 1761 2139 1814 Anthi-

558 1849 632 1903 mi
660 1848 952 1917 impietatis
997 1849 1048 1901 in
1086 1847 1152 1902 iis
1190 1854 1467 1917 appareat,
1517 1845 1623 1900 nisi
1665 1845 1807 1913 quod
1843 1846 2141 1900 minutissi-

559 1951 672 2002 me,
713 1945 769 1989 et
835 1935 1245 1990 accuratissime
1282 1935 1596 1988 Anthimum
1657 1935 1892 2003 postulet
1942 1937 2136 2006 recipi;

557 2028 839 2099 Eutychen
871 2038 923 2081 et
954 2028 1216 2099 Eutychis
1246 2028 1500 2098 dogmata
1536 2028 2019 2083 excommunicari.

2229 566 2401 637 δώρου
2431 565 2524 619 τοῦ
2569 567 2626 619 ὲν
2662 565 2952 636 μονάιζουσι
2998 566 3362 637 περιϐλέπτου
3396 564 3819 637 (Ἀλεξανδρεὺς

2230 657 2287 711 δὲ
2312 658 2374 709 τὸ
2401 656 2557 725 γένος
2582 648 2735 718 οὐτος
2754 650 2843 725 ἦν,
2872 653 2968 707 καὶ⁵
2993 656 3105 717 τοῖς
3133 652 3486 727 ἀρχιερεῦσιν
3513 650 3816 721 αἰδέσιμος)

2230 748 2519 818 διαφόρους
2548 747 2607 813 ἐξ
2636 746 2937 801 ἐπιστολῶν
2970 747 3242 819 διαφόρων
3279 747 3504 819 χρήσεις
3539 744 3818 815 ἐπιφέρει,

2231 842 2287 894 αἳ
2312 841 2451 895 κατά
2481 841 2657 896 πάντα
2680 840 3042 912 συμϐαίνουσι
3065 844 3184 906 ταῖς
3209 841 3362 914 παρά
3381 841 3492 894 τῶν
3519 839 3821 911 αἱρετικῶν

2231 935 2306 998 ὡς
2334 935 2433 988 οὐκ
2462 934 2710 987 εὐσεϐέσι
2738 936 3294 1006 συκοφαντουμέναις,

2317 1026 2460 1079 Ἀλλ’
2494 1026 2667 1080 ταῦτα
2698 1027 2800 1097 μὲν
2857 1027 2891 1098 ἡ
2947 1027 3083 1098 πρὸς
3139 1026 3398 1097 Ζηνόϐιον
3445 1024 3711 1096 ἐπιστολὴ
3751 1024 3822 1078 τὰ

2235 1117 2502 1185 κεφάλαια
2534 1118 2692 1171 πόνον
2716 1120 2973 1172 ἐποιεῖτο.
3008 1119 3234 1190 Ἕτεραι
3281 1120 3339 1173 δὲ
3375 1119 3529 1190 αὐτῷ
3559 1119 3702 1189 πρὸς
3727 1119 3820 1171 τὸν

2237 1210 2461 1280 βασιλέα
2503 1210 2879 1263 ἰουστινιανὸν
2938 1210 3243 1281 γράφονται
3303 1211 3613 1275 ἐπιστολαὶ,
3650 1212 3686 1281 ἡ
3721 1210 3822 1281 μὲν

2235 1300 2399 1356 αὐτοῦ
2450 1300 2549 1373 τὴν
2600 1302 2886 1355 εὐσέϐειαν
2946 1301 3345 1373 ἀποδεχομένη,
3398 1303 3433 1374 ἡ
3463 1301 3522 1355 δὲ
3553 1301 3821 1372 ἀσκητῶν

2235 1410 2398 1445 τινων
2433 1392 2674 1446 εὐσεϐῶν
2722 1394 2821 1463 τὴν
2845 1392 3047 1464 ἔρημον
3084 1393 3379 1448 οἰκούντων
3409 1393 3825 1465 διαμαρτυρίαν

2238 1483 2378 1553 ὑπὲρ
2433 1483 2714 1547 εὐσεϐείας
2784 1486 3218 1556 προτεινομένη,
3278 1485 3442 1555 ἑτέρα
3492 1486 3549 1539 δὲ
3604 1484 3677 1537 τά
3726 1484 3819 1537 τοῦ

2250 1574 2504 1643 Ἀνθίμου
2572 1575 2825 1630 συνοδικά
2884 1576 3026 1630 κατὰ
3080 1577 3180 1647 τὴν
3235 1576 3523 1649 ἀκρίϐειαν
3576 1575 3693 1629 τῶν
3722 1576 3824 1645 τῆς

2251 1666 2580 1737 Ἐκκλησίας
2608 1669 2895 1738 δογμάτων
2942 1668 3169 1734 ἀξιοῦσα
3193 1668 3601 1739 διατυπωθῆναί
3635 1685 3698 1721 τε
3730 1668 3824 1721 καὶ

2240 1757 2633 1829 ἀποσταλῆναι.
2688 1760 2860 1830 Ἀλλη
2926 1760 2983 1813 δὲ
3036 1761 3171 1830 πρὸς
3194 1760 3357 1813 αὐτὸν
3408 1759 3501 1813 τὸν
3552 1758 3822 1827 Ἀνθιμον

2248 1852 2388 1920 μετά
2440 1851 2508 1903 τὰ
2555 1851 2810 1905 συνοδικά
2861 1853 3142 1906 στέλλεται
3182 1852 3249 1915 ⁸⁸,
3284 1850 3421 1923 [καὶ]
3474 1850 3575 1921 τὴν
3596 1851 3824 1904 ἐκείνων

2244 1942 2516 2014 ἀποδοχὴν
2547 1944 2607 1996 οὐ
2637 1946 3074 2016 παραιτουμένη,
3104 1945 3200 1999 ἀτε
3238 1944 3400 2015 μηδὲν
3432 1946 3489 1997 ὲν
3513 1945 3704 2007 αὐτοῖς
3727 1943 3820 1996 τοῦ

2257 2034 2509 2103 Ἀνθίμου
2541 2036 2942 2106 ἐμφανίσαντος
2979 2038 3076 2108 τῆς
3114 2036 3453 2098 δυσσεϐείας,
3486 2036 3628 2105 πλὴν
3651 2052 3822 2107 προσ·

556 2124 728 2179 θεῖναι
747 2124 837 2180 τὸν
867 2124 1129 2194 ’Δνθιμον
1188 2124 1390 2189 ἐξαιτεί
1420 2124 1918 2196 λεπτομερέστερόν
1949 2141 2010 2178 τε
2041 2127 2134 2180 xai.
2170 2129 2563 2203 ἀκριϐέστερον
2623 2133 2843 2205 Εὐτυχῆ
2864 2151 2922 2186 τε
2954 2137 3051 2187 καὶ
3098 2134 3167 2188 τὰ
3239 2133 3510 2204 Εὐτυχοῦς
3575 2134 3824 2203 δόγματα

555 2216 638 2281 εις
656 2216 902 2289 ἀνάθεμα
932 2216 1175 2272 θέεσθαι.

628 2308 861 2363 Mittitur
890 2318 946 2363 et
980 2308 1045 2362 ad
1073 2306 1435 2362 Domitianum
1467 2307 1717 2378 epistola,
1747 2307 1840 2377 qui
1872 2306 2137 2374 incidens,

555 2400 839 2463 ll|«St:l‘ibil,
866 2400 917 2453 in
941 2398 1059 2468 ejus
1078 2400 1321 2467 quaedam
1346 2400 1533 2466 verba,
1553 2399 1799 2454 turbatus
1826 2409 1910 2453 est
1937 2409 2139 2465 mente,

557 2498 613 2544 et
650 2492 784 2544 solvi
805 2492 1191 2545 dubitationem
1214 2492 1510 2560 exoptavit.
1538 2489 1710 2546 Verba
1744 2501 1921 2547 autem
1954 2501 2083 2546 sunt
2117 2509 2133 2547 :

565 2577 690 2633 Non
718 2590 885 2649 potest
922 2597 1145 2647 persona
1174 2597 1433 2649 personw,
1462 2598 1567 2651 qua
1598 2598 1820 2651 persona
1854 2594 1950 2649 est,
1971 2582 2139 2646 uniri,

556 2679 614 2722 ut
657 2667 846 2723 Petrus
870 2680 917 2722 et
954 2668 1157 2724 Paulus
1188 2688 1345 2724 unam
1374 2674 1710 2743 eamdemque
1724 2689 2000 2742 personam
2024 2690 2148 2726 con-

555 2761 794 2827 stituere,
830 2762 918 2815 sed
946 2778 1106 2832 neque
1134 2764 1429 2817 substantia
1473 2783 1590 2818 cum
1633 2767 1800 2819 altera
1827 2767 2145 2824 substantia,

557 2862 616 2905 ut
640 2869 733 2921 per
782 2871 896 2907 eam
932 2855 1326 2921 aliasubsistit,
1379 2857 1435 2909 in
1484 2857 1810 2911 identitatem
1835 2858 2146 2912 substantiw

555 2945 834 2998 convenire
863 2960 881 2999 :
919 2957 995 3011 ut,
1049 2948 1213 2999 animi
1247 2957 1294 3000 et
1334 2949 1567 3015 corporis
1596 2959 1813 3014 natura,
1851 2965 2011 3002 unam
2044 2964 2146 3001 non

554 3044 725 3102 potest
754 3037 1003 3104 perﬁcere
1032 3049 1302 3105 naturam,
1344 3039 1446 3092 nisi
1475 3041 1593 3109 quis
1624 3040 1759 3109 forte
1788 3042 1844 3094 in
1873 3055 2145 3093 commune

560 3125 693 3195 quid
721 3127 859 3195 quod
907 3129 1119 3197 alferat,
1148 3130 1436 3182 secundum
1465 3130 1586 3185 illas
1629 3138 1679 3185 et
1710 3131 1855 3199 prius
1890 3131 2029 3183 uniri
2060 3131 2141 3181 in-

2315 2306 2444 2378 [780
2473 2305 2566 2378 IL]
2585 2306 2793 2378 Γράφει
2815 2308 2871 2361 δὲ
2889 2309 2985 2361 καὶ
3007 2306 3141 2379 πρὸς
3162 2305 3485 2377 Δομετιανὸν
3502 2302 3811 2378 ἐπιστολὴν⁹

2243 2395 2302 2459 ὃς
2335 2398 2571 2466 ἐντυχὼν
2588 2397 2684 2468 (ὡς
2704 2399 2764 2451 τὸ
2786 2398 3023 2469 γράμμα
3047 2398 3217 2470 λέγει)
3244 2398 3453 2470 ῥήμασί
3478 2414 3592 2450 τισι
3616 2395 3714 2449 τοῦ
3729 2399 3823 2449 ἁν-

2243 2487 2368 2556 δρὸς
2401 2488 2727 2558 διεταράχθη
2784 2505 2846 2542 τε
2876 2490 3002 2553 τοὺς
3036 2488 3332 2558 λογισμοὺς
3374 2487 3469 2542 καὶ
3494 2485 3819 2555 ὲπιλυθῆναι

2245 2580 2344 2650 τὴν
2372 2580 2608 2651 ἀπορίαν
2636 2581 2894 2653 ἐζήτησε.
2952 2582 3032 2635 Ta
3076 2582 3133 2635 δὲ
3178 2582 3401 2651 ῥήματα
3432 2580 3589 2648 ἔλεγε
3605 2578 3816 2632 ταῦτα’

2254 2676 2375 2727 Οὐκ
2404 2675 2574 2727 ἐστιν
2608 2676 2952 2729 ὑπόστασιν
2980 2675 3316 2730 ὑποστάσει
3365 2672 3665 2740 ἐνωθῆναι
3689 2668 3820 2726 καθ’

2245 2768 2609 2829 ὑπόστασιν,
2632 2763 2762 2821 οἷον
2810 2767 3056 2821 Παῦλον
3089 2768 3189 2822 καὶ
3224 2767 3452 2836 Πέτρον
3480 2767 3633 2835 μίαν
3666 2765 3817 2821 exc.

2242 2874 2465 2911 στασιν
2480 2859 2843 2912 ἀποτελέσαι
2887 2858 3207 2914 ἀδύνατον.
3251 2858 3414 2915 Ἀλλ’
3431 2858 3571 2912 οὐδὲ
3597 2857 3819 2912 οὐσίαν

2240 2948 2411 3016 ἑτέρᾳ
2444 2951 2625 3018 οὐσίᾳ
2654 2951 2721 3015 ⁸⁵,
2752 2949 2899 3003 καθὸ
2930 2950 3303 3019 ἐτεροούσια,
3342 2951 3429 3017 εις
3486 2948 3819 3016 ταυτότητα

2240 3038 2562 3091 συνελθεῖν
2583 3040 2822 3105 οὐσίας,
2856 3030 2985 3095 οἷον
3024 3041 3233 3109 ψυχῆς
3282 3042 3380 3095 καὶ
3411 3041 3689 3110 σώματος
3716 3042 3817 3094 οὐ·

2248 3130 2394 3183 σίαν
2418 3131 2568 3198 μίαν
2625 3117 2846 3187 οὐσίαν
2905 3134 3270 3188 ἀποτελέσαι
3311 3134 3357 3167 ⁸⁸
3396 3134 3738 3204 ἀμήχανον.
3765 3133 3817 3187 εί

556 3219 716 3273 vicem
759 3220 971 3274 minime
994 3224 1336 3285 conducebat,
1370 3231 1425 3275 ut
1450 3223 1588 3291 quod
1620 3222 1675 3276 in
1722 3232 2017 3276 creaturam
2038 3223 2133 3290 [er-

2239 3220 2413 3289 μήπω
2440 3222 2555 3291 ἄρα
2578 3240 2669 3288 τις
2699 3226 2785 3289 εις
2804 3225 3123 3292 κοινότητα
3162 3243 3296 3281 τινα
3323 3198 3558 3295 ταύτας(
3597 3226 3815 3297 ἀνάγῃ,

557 3320 666 3373 tur,
697 3311 773 3363 vel
797 3314 914 3375 hoc,
948 3315 1000 3365 in
1047 3324 1298 3382 tempore,
1323 3316 1401 3369 vel
1427 3316 1643 3370 similia.
1686 3316 1837 3371 Tunc
1858 3317 1994 3369 enim
2030 3331 2135 3368 non

554 3402 781 3466 amplius
812 3406 1031 3460 diversa:
1083 3417 1287 3461 natura:
1324 3408 1378 3460 in
1408 3424 1567 3461 unam
1615 3418 1859 3461 naturam
1882 3423 2134 3461 convene—

554 3501 701 3545 runt.
738 3493 843 3548 Sed
870 3512 989 3565 qua:
1024 3497 1214 3553 habent
1259 3498 1569 3555 substantia:
1609 3501 1673 3554 ab
1704 3502 1856 3554 initio
1906 3503 2133 3555 consub-

553 3586 973 3642 stantialitatem
1044 3593 1420 3646 communitate
1498 3594 1727 3663 quadam
1802 3594 2132 3663 longissima,

553 3673 696 3727 idem
739 3676 830 3744 jus
878 3687 1050 3734 tenere
1088 3683 1351 3738 videntur.
1405 3683 1534 3751 Quae
1581 3687 1724 3741 enim
1771 3686 2132 3740 Domitianum

557 3766 802 3833 turbant,
840 3778 893 3823 et
952 3786 1182 3837 quorum
1228 3777 1519 3844 exoptabat
1562 3777 1907 3840 solutionem,
1945 3784 1999 3831 et
2037 3789 2134 3829 na-

552 3870 676 3914 ctus
708 3869 845 3927 erat,
881 3862 996 3917 haec
1025 3872 1202 3919 erant.
1237 3864 1478 3921 Primum
1508 3869 1725 3937 quidem
1754 3884 1859 3923 non
1894 3867 2131 3923 incredi-

553 3951 648 4006 bili
691 3965 943 4009 sermone
1000 3955 1395 4013 dubitationem
1434 3962 1766 4030 aggreditur.
1826 3961 2031 4015 Deinde
2079 3969 2135 4014 et

554 4054 653 4108 per
708 4053 1022 4098 sanctorum
1069 4044 1291 4100 Patrum
1347 4063 1510 4104 voces
1538 4052 1757 4121 propria
1786 4066 1850 4105 ac
1889 4050 2130 4119 subjecta

552 4132 716 4186 verba
765 4142 912 4188 recte
956 4135 1376 4195 concluduntur.
1423 4139 1492 4195 Et
1536 4141 1652 4197 haec
1677 4142 1892 4212 quidem
1939 4151 2133 4197 tractat

558 4221 791 4292 epistola
825 4223 895 4278 ad
936 4222 1325 4285 Domitianum.

624 4482 813 4540 Altera
866 4499 999 4540 vero
1042 4486 1110 4540 ad
1158 4486 1446 4555 quemdam
1488 4489 1876 4561 Synclcticum,
1914 4495 2130 4551 nomine

553 4575 920 4649 (Tarsensem)
980 4578 1271 4645 scribitur,
1324 4581 1605 4650 proferens
1666 4594 1721 4640 et
1776 4585 1967 4656 24Ὶὸ
2020 4587 2123 4643 ista

555 4669 978 4739 disputationem
1034 4685 1156 4724 cum
1198 4671 1505 4741 Acephalis.
1547 4675 1661 4742 Qua
1688 4687 1829 4745 ;post
1871 4679 2121 4733 unionem

556 4772 914 4833 agnoscentes
962 4772 1211 4816 naturam
1261 4760 1452 4819 Patres
1483 4765 1725 4833 adducit,
1772 4777 1827 4822 et
1858 4784 2123 4838 nusquam

555 4868 652 4922 per
681 4854 805 4908 illos
845 4853 1009 4907 ullam
1052 4862 1406 4922 personarum
1457 4858 1732 4924 unionem,
1772 4873 1945 4929 neque
1986 4860 2123 4914 divi-

554 4957 695 5008 sam,
736 4959 911 5013 neque
938 4956 1273 5016 separatam.
1305 4945 1373 5001 Et
1406 4949 1714 5003 testimonia
1749 4950 1888 5003 idem
1918 4961 2125 5004 testan-

556 5035 629 5085 tia
664 5033 1032 5101 proferuntur,
1065 5037 1273 5108 Cyrilli,
1308 5037 1551 5108 inquam,
1575 5040 1821 5109 Gregorii
1848 5040 2124 5110 Theologi,

553 5132 611 5176 et.
670 5121 923 5189 aliorum,
954 5125 1157 5197 Deique
1189 5128 1455 5193 Ecclesia,
1481 5145 1776 5207 omnesque
1800 5133 1932 5186 adeo
1960 5131 2125 5185 Chal-

554 5214 879 5270 cedonensis
923 5221 1113 5288 synodi
1163 5220 1374 5285 Patres,
1426 5238 1588 5276 unum
1632 5221 1914 5277 Trinitatis
1958 5223 2122 5278 Deum

552 5299 791 5356 Verbum
840 5303 1183 5361 incarnatum
1227 5317 1281 5362 et
1317 5310 1590 5365 hominem
1623 5325 1743 5366 esse
1765 5312 1991 5377 factum,
2024 5328 2121 5367 cu-

549 5391 640 5461 jus
663 5403 716 5447 et
745 5396 1041 5451 secundum
1072 5398 1382 5469 hypostasin
1412 5402 1669 5456 unitatem
1696 5412 1752 5457 et
1799 5416 2119 5471 senserunt,

553 5492 608 5536 et
633 5484 1085 5554 prmdicaverunt,
1135 5488 1481 5558 primumque
1529 5490 1624 5547 Dei
1684 5503 1913 5548 matrem
1971 5508 2119 5549 com-

2240 3314 2368 3367 καθ’
2399 3312 2479 3381 ἣν
2506 3316 2605 3369 καὶ
2635 3317 2777 3384 πρὶν
2794 3316 3088 3386 ἐνωθῆναι
3110 3319 3404 3389 ἀλλήλων
3420 3322 3491 3374 οὐ
3515 3319 3813 3390 διέφερον,

2239 3397 2373 3457 οἷον
2400 3404 2466 3456 τὸ
2499 3405 2541 3435 ⁸⁷
2570 3407 2657 3470 εἰς
2686 3405 2749 3458 τὸ
2771 3406 3017 3461 κτιστὸν
3055 3407 3343 3478 ἀναφέροι
3369 3411 3408 3478 ἢ
3436 3409 3502 3463 τὸ
3529 3410 3649 3465 ὑπὸ
3674 3412 3815 3480 χρόα

2239 3509 2354 3548 νον
2378 3495 2416 3562 ἢ
2442 3494 2515 3548 τὰ
2549 3496 2738 3565 ὅμοια.
2794 3501 2931 3553 Τότε
2977 3501 3085 3570 ⁴Γὰρ
3136 3502 3337 3555 οὐκέτι
3373 3502 3745 3571 ἐτεροούσιαι
3769 3502 3813 3535 ⁸⁸

2238 3585 2441 3638 οὐσίαι
2474 3588 2561 3652 εις
2599 3588 2643 3619 ⁶⁹
2666 3590 2816 3656 μίαν
2844 3592 3063 3645 οὐσίαν
3090 3592 3425 3661 συνῆλθον,
3452 3595 3592 3649 ἀλλ’
3620 3597 3683 3652 al
3710 3596 3812 3649 ἀπ’

2238 3673 2431 3744 ἀρχῆς
2480 3676 2734 3746 ἔχουσαι
2784 3682 2985 3734 οὐσίαι
3016 3682 3083 3736 τὸ
3133 3684 3458 3752 ὁμοούσιον
3505 3683 3661 3738 κατὰ
3697 3684 3813 3750 τὴν

2238 3769 2595 3835 πορρωτάτω
2644 3774 2959 3850 κοινότητα
2991 3773 3058 3827 τὸ
3099 3775 3244 3829 αὐτὸ
3271 3776 3687 3845 φυλάττουσαι
3709 3778 3809 3832 έπ-

2237 3859 2697 3928 εδειχθησαν.Ἃ
2719 3860 2921 3933 μὲνοῦν
2949 3865 3039 3918 τὸν
3062 3867 3390 3937 Δομετιανὸν
3415 3868 3685 3941 ἐθορύϐει,
3718 3869 3807 3923 καὶ

2237 3944 2312 4004 ὧν
2344 3954 2441 4023 τὴν
2471 3953 2624 4007 λύσιν
2681 3957 2939 4025 ἐπεζήτει
2969 3944 3062 4011 καὶ
3105 3958 3264 4029 ἔτυχε
3284 3997 3299 4023 ,
3353 3959 3527 4014 ταῦτα
3565 3956 3668 4032 ἦν·
3696 3963 3725 4014 ό
3752 3962 3804 4014 δὲ

2237 4040 2456 4108 πρῶτον
2489 4043 2588 4113 μὲν
2615 4044 2715 4097 οὐκ
2730 4045 2977 4117 ἀπιθάνῳ
2998 4047 3242 4119 λογισμῷ
3270 4050 3368 4120 τὴν
3400 4050 3804 4122 ἀμφισϐήτησιν

2237 4135 2613 4204 περιέρχεται,
2672 4133 2790 4189 εἶτα
2840 4138 2897 4191 δὲ
2935 4139 3029 4192 κα)⁵
3054 4139 3143 4193 διὰ
3168 4140 3277 4195 τῶν
3305 4142 3593 4211 Πατρικῶν
3617 4142 3798 4211 φωνῶν

2236 4222 2305 4275 τὰ
2336 4224 2511 4277 οἰκεῖα
2564 4226 2661 4279 xa‘t
2716 4228 3053 4300 προκείμενα
3103 4230 3283 4295 καλῶς
3310 4231 3454 4302 ἔχειν
3481 4232 3688 4302 βεϐαιοῖ
3704 4235 3795 4303 ῥή-

2237 4331 2407 4456 ἒιατα.
2437 4317 2606 4390 Καὶή
2646 4318 2746 4390 μὲν
2792 4321 2929 4391 πρὸς
2978 4323 3309 4393 Δομετιανὸν
3340 4324 3603 4397 ἐπιστολὴ
3636 4324 3795 4378 ταῦτα

2269 4422 2525 4456 ποαττεν-

2269 4422 2525 4475 πραττεν.

2316 4496 2485 4565 Ἄλλη
2533 4497 2591 4550 δὲ
2635 4499 2771 4570 πρὸς
2815 4500 3188 4571 Συγκλητικὸν
3227 4503 3790 4577 τούνομα(Ταρσοῦδὲ

2236 4589 2642 4661 μητροπολίτην
2674 4592 2836 4646 αὐτὸν
2881 4594 2941 4646 τὸ
2982 4596 3217 4666 γράμμα
3256 4593 3387 4667 οἶδε)
3411 4598 3786 4669 διαπέμπεται,

2230 4679 2321 4731 τὸν
2348 4680 2535 4748 ἀγῶνα
2565 4683 2660 4736 καὶ
2688 4683 2827 4754 αὐτὴ
2848 4684 2939 4737 τὸν
2958 4686 3003 4718 ’⁸
3027 4687 3169 4741 κατά
3187 4688 3295 4742 τῶν
3328 4690 3643 4760 Ἀκεφάλων
3667 4692 3788 4760 Προο

2231 4769 2457 4837 ἀγουσα.
2477 4772 2563 4825 Ἑν
2649 4774 2788 4844 μετὰ
2806 4776 2902 4845 τὴν
2929 4777 3122 4831 ἕνωσιν
3146 4781 3243 4842 τὰς
3272 4779 3464 4848 φύσεις
3486 4784 3610 4845 τούς
3633 4778 3788 4834 Πατέ-

2234 4877 2335 4930 ρας
2368 4864 2606 4932 παράγει
2631 4865 3017 4934 γνωρίζοντας,
3075 4869 3170 4922 καὶ
3214 4869 3451 4941 οὐδαμοῦ
3488 4872 3577 4926 διὰ
3607 4872 3791 4932 ταύτας

2232 4950 2359 5004 οὐτε
2410 4954 2510 5024 τὴν
2563 4955 2685 5008 καθ’
2746 4958 3046 5013 ὑπόστασιν
3074 4960 3266 5015 ἕνωσιν
3303 4961 3429 5015 οὔτε
3466 4964 3792 5035 τεμνομένην

2231 5039 2353 5093 οὐτε
2376 5042 2641 5114 διαίρεσιν
2672 5046 2765 5099 καὶ
2788 5046 3054 5119 διχασμὸν
3079 5049 3483 5120 ὑπομένουσαν.
3516 5054 3627 5106 Καὶ
3658 5071 3790 5125 μαρ-

2230 5132 2417 5203 τυρίαι
2451 5134 2615 5188 πάλιν
2632 5137 2993 5208 προέρχονται
3013 5140 3331 5210 βεϐαιοῦσαι
3352 5144 3414 5197 τὸ
3444 5145 3793 5217 προκείμενον

2231 5225 2503 5295 Κυρίλλου
2531 5246 2589 5280 τε
2614 5230 2711 5283 καὶ
2759 5232 2851 5284 τοῦ
2881 5231 3128 5301 θεολόγου
3172 5235 3476 5308 Γρηγορίου
3508 5240 3603 5293 καὶ
3630 5240 3792 5292 ἄλλων

2231 5315 2516 5387 Πατέρων.
2572 5321 2684 5373 Καὶ
2736 5323 2818 5375 ὅτι
2852 5324 2884 5392 ή
2930 5325 3222 5396 Ἐκκλησία
3264 5327 3358 5381 τοῦ
3401 5329 3539 5384 Θεοῦ
3570 5331 3791 5402 καὶήὲν

2230 5407 2540 5478 Καλχηδόνι
2599 5412 2642 5442 ⁷¹
2689 5411 2906 5477 σύνοδος
2951 5415 3044 5470 τὸν
3084 5417 3179 5471 ἕνα
3207 5416 3337 5489 [407
3373 5419 3462 5492 ΙΙ.]
3501 5422 3601 5494 τῆς
3638 5423 3787 5492 thyla;

2230 5499 2460 5569 Τριάδος
2498 5500 2632 5556 Θεὸν
2665 5504 2838 5573 Λόγον
2870 5506 3126 5578 ὁμολογεῖ
3153 5510 3502 5583 σαρκωθῆναι
3530 5516 3622 5569 καὶ
3650 5515 3787 5586 troiv-

1859 5610 2091 5667 VARl/E
2135 5613 2548 5672 LECTIONES.

625 5692 671 5725 “
694 5694 902 5752 στέλλει
927 5699 992 5754 Α.

1097 5700 1142 5791 ξ’
1169 5701 1571 5791 ἐντερούισιοιηςτ.⁸
1622 5706 1668 5791 ’ξ
1701 5707 2096 5791 ἀποτελέσαι.
2131 5724 2145 5760 :
2175 5708 2608 5791 ἀποτελεσθῆναι
2637 5731 2699 5780 ς.
2774 5716 2817 5750 ⁸⁷
2848 5713 2958 5774 οἷον
2997 5717 3079 5791 τὸ]
3108 5733 3287 5778 nonne
3317 5715 3430 5777 οἷον
3449 5721 3549 5778 sl?
3614 5720 3779 5775 "its-

558 5762 859 5836 ρούσιαις.
936 5771 981 5803 ⁸³
1016 5770 1118 5843 είς]
1157 5774 1206 5828 εἰ
1234 5762 1311 5839 εὶς
1340 5777 1407 5831 Λ.
1439 5762 1614 5830 τ(δ’τὸν
1641 5778 1683 5830 Λ
1721 5797 1733 5833 :
1768 5779 1873 5832 τῶν
1902 5795 1962 5842 ς.
2026 5780 2066 5811 ⁷¹
2108 5779 2400 5848 χαλκηδόνι
2433 5796 2489 5843 ς’.
