3924 6418
178 391 262 455 965
1135 374 1658 436 BIBLIOTHECA~
1688 400 1747 414 -
1786 376 1950 437 COD.
1985 375 2343 439 CCXXVIII.
3254 380 3361 444 966

182 494 445 569 θρωπῆσαι,
465 479 521 543 οὐ
540 486 629 541 καὶ
647 485 748 558 τὴν
764 483 887 540 καθ’
908 484 1209 538 ὑπόστασιν
1229 481 1336 538 οἶδε
1361 486 1457 539 καὶ
1480 503 1549 555 κη
1559 485 1655 554 ρύτ
1671 515 1685 525 -
1715 500 1731 548 Α

1811 488 2021 543 »ειιιιεεε
2071 486 2369 554 Elisabeth,
2412 500 2533 541 cum
2577 486 2654 542 ait
2685 504 2698 541 :
2730 486 2798 541 Et
2837 503 2973 544 unus
3005 489 3102 547 hoc
3123 492 3273 560 mihi,
3303 505 3360 549 ut

179 608 244 646 τει
268 587 440 640 ἕνωσιν
458 596 472 612 ⁸
500 578 592 633 καὶ
615 578 696 631 ὅτι
724 576 935 648 μητέρα
957 576 1092 630 Θεοῦ
1116 577 1327 647 πρῶτον
1353 577 1449 647 μὲν
1484 578 1518 647 ἡ
1561 576 1697 629 Ἐλι-

1812 592 1967 634 mater
1988 581 2200 636 Domini
2222 582 2323 635 mei
2340 582 2511 635 veniat
2534 582 2601 636 ad
2618 597 2699 636 me
2717 593 2738 619 ε
2762 580 2786 634 1
2814 581 3025 639 Clarius
3045 599 3173 640 vero
3199 602 3361 656 quam

177 676 316 732 σάὁετ
339 670 565 733 ἀνεῖπεν,
588 668 653 719 -ὲν
683 660 765 729 οἷς
787 665 956 733 λέγει·
987 664 1101 718 Kal
1130 666 1316 719 πόθεν
1339 682 1443 735 μοι
1495 666 1694 730 τοῦτο,

1813 673 1888 725 alii
1939 681 2121 741 postea
2160 672 2302 727 hanc
2351 686 2537 726 vocem
2572 672 2793 741 protulit
2839 672 2950 727 Leo
2980 674 3241 743 pontifex.
3279 678 3362 734 Ad

175 772 257 823 ira
286 765 319 832 ἠ
343 761 540 828 Μήτηρ
566 758 671 813 τοῦ
704 759 926 827 Κυρίου
941 774 1060 827 μου
1099 756 1247 825 ἔλθῃ
1269 758 1418 826 πρός
1448 772 1567 826 ps;
1599 774 1695 810 σα,-

1814 763 2027 817 θοιιθιιι
2062 762 2203 816 enim
2242 761 2622 829 imperatorem
2666 761 2747 817 sic
2778 761 3006 816 scribit:
3045 760 3363 818 Excommu-

174 859 396 928 φέστερον
423 851 479 905 δὲ
497 850 604 904 τῶν
630 848 805 905 ἄλλων
836 848 977 920 μετὰ
991 837 1166 902 ταῦτα
1186 849 1285 918 τὴν
1309 846 1452 912 λέξιν
1480 847 1694 917 πρῶτος

1814 854 1999 907 licetur
2049 852 2331 906 Nestorius
2392 852 2606 906 credens
2650 850 2881 905 Mariam
2942 869 3044 906 non
3098 853 3215 921 Dei,
3270 855 3363 909 sed

172 951 339 1010 ὁὸσιος
361 944 506 999 Λέων
534 944 563 997 ό
592 943 781 1006 πάπας
822 942 1183 1013 προήνεγκεν.
1217 940 1304 994 Ἐν
1327 941 1435 1010 γάρ
1455 941 1520 1010 τῇ
1553 938 1691 1008 πρὸς

1814 942 2026 996 hominis
2064 942 2319 996 duntaxat
2338 958 2448 996 esse
2489 941 2893 1007 Genilricem,et
2925 943 3039 998 ha:c
3066 944 3284 1014 quidem
3311 945 3363 999 in

170 1040 243 1094 τὸν
277 1036 464 1091 Λέοντα
508 1034 597 1089 τὸν
649 1033 873 1104 βασιλέα
918 1032 1179 1102 ἐπιστολῇ
1228 1031 1467 1101 ῥήμασιν
1515 1031 1699 1095 αὐτοῖς

758 1033 873 1086 ιλέα
918 1032 1179 1102 ἐπιστολῇ
1228 1031 1467 1101 ῥήμασιν
1515 1031 1699 1095 αὐτοῖς
1797 1032 2037 1101 Subiecta
2057 1033 2305 1100 epistola.

170 1134 312 1196 οὕτως
334 1127 550 1198 γράφει·
595 1125 1124 1195 Ἀναθεματιζέσθω
1167 1125 1486 1191 Νεστόριος
1513 1127 1546 1178 ό
1570 1125 1684 1190 τὴν
1728 1128 2027 1196 μακαρίαν
2092 1127 2192 1180 καὶ
2266 1130 2551 1183 θεοτόκον
2624 1130 2859 1199 Μαρίαν
2894 1130 3031 1201 οὐχί
3067 1129 3174 1185 τοῦ
3218 1134 3369 1189 Θεοῦ

168 1220 440 1291 ἀνθρώπου
455 1217 521 1271 δὲ
535 1220 728 1287 μόνον
756 1219 1056 1271 πιστεύων
1076 1213 1228 1270 εἶναι
1253 1216 1495 1286 μητέρα.
1530 1216 1689 1270 Ἀλλὰ
1724 1216 1897 1271 ταῦτα
1936 1218 2034 1288 μὲν
2069 1218 2165 1272 καὶ
2196 1220 2231 1290 ἡ
2265 1221 2602 1293 προκειμένη
2633 1221 2914 1293 ἐπιστολή.

223 1316 403 1388 Γράφει
437 1314 491 1366 δὲ
517 1314 545 1366 ὁ
575 1312 737 1376 αὐτὸς
797 1312 1050 1382 καὶπρὸς
1086 1312 1368 1382 Ἀνθιμιον
1398 1312 1697 1365 ἐπίσκοπον

1870 1312 2069 1368 Scribit
2107 1329 2237 1367 vero
2267 1314 2332 1367 ad
2363 1316 2676 1369 Antbimum
2713 1317 3024 1385 episcopum
3056 1317 3366 1386 Trapezun-

169 1402 558 1477 Τραπεζοῦντος,
584 1403 642 1455 ὲν
716 1402 809 1455 τόν
845 1418 903 1454 τε
942 1401 1166 1472 βασιλέα
1212 1402 1580 1455 Ἰουστινιανδν
1600 1402 1697 1472 τῆς

1824 1408 1888 1470 is,
1938 1406 1992 1459 in
2020 1421 2122 1475 qua
2155 1405 2515 1460 Justinianum
2551 1417 2609 1460 ut
2645 1408 2788 1476 pium
2821 1408 3067 1477 suscipit,
3102 1417 3155 1463 et
3182 1408 3369 1462 infeli-

168 1494 413 1559 εὐσεϐείας
430 1494 779 1564 ἀποδέχεται,
810 1494 904 1547 καὶ
930 1493 1022 1546 τὸν
1080 1493 1315 1564 δυστυχῆ
1346 1493 1561 1563 Εὐτυχῆ
1598 1493 1697 1561 τὴν

1821 1514 1916 1554 :em
1964 1497 2268 1568 Eutychem
2301 1497 2548 1550 hmresim
2590 1498 2942 1561 constituere,
2979 1497 3104 1566 quia
3136 1512 3242 1553 non
3277 1513 3370 1553 su-

167 1590 448 1662 καθαίρεσιν
474 1588 943 1658 ὑποστῆναι,διότι
968 1588 1042 1659 μὴ
1074 1588 1332 1659 ἠνέσχετο
1355 1588 1450 1642 δύο
1482 1589 1697 1658 φύσεων

1808 1590 1988 1645 stinuit
2041 1592 2175 1644 duas
2225 1598 2447 1642 naturas
2482 1589 2533 1641 in
2566 1604 2668 1641 una
2724 1589 3000 1659 hypostasi
3036 1588 3357 1654 subsistere,

168 1683 330 1736 ἕνωσιν
360 1679 533 1748 λέγειν
554 1681 613 1733 ὲν
656 1681 754 1751 μιᾷ
792 1678 1110 1746 ὑποστάσει,
1142 1679 1484 1744 διατείνεται,
1520 1680 1699 1733 καίτοι

1817 1692 2017 1749 ian-at;
2048 1690 2103 1736 et
2126 1680 2254 1735 illud
2285 1696 2383 1749 per
2412 1680 2542 1734 illud
2573 1682 2857 1751 perspicue
2886 1682 3074 1737 Patres
3107 1683 3172 1737 ad
3200 1698 3366 1737 unum

167 1790 219 1842 γε
239 1771 430 1840 τρανῶς
454 1770 560 1824 τῶν
605 1770 884 1843 θεοφόρων
930 1771 1190 1841 Πατέρων
1222 1772 1377 1842 ἡμῶν
1416 1771 1577 1824 τοῦτο
1612 1772 1694 1824 80-

1819 1789 2010 1839 imnes,
2067 1781 2121 1827 et
2157 1773 2352 1828 docent
2402 1781 2457 1826 et
2504 1773 2817 1841 prtedicant,
2867 1776 2959 1829 sed
3008 1775 3151 1830 illius
3198 1773 3368 1831 animi

166 1831 498 1936 γματιξόντων
546 1879 607 1915 τε
661 1831 756 1916 κάὶ
777 1831 1301 1933 ’ἀνακηρυττόντωνο
1337 1862 1454 1916 ἀλλ’
1489 1863 1695 1915 ἐκεῖνον

1821 1863 2172 1935 mpotentiam
2227 1861 2505 1916 ferendam
2565 1878 2669 1917 non
2721 1878 2859 1931 esse,
2908 1866 3001 1919 sed
3056 1881 3125 1921 ex
3165 1866 3370 1920 duabus

165 1956 236 2008 τὸν
254 1952 555 2023 παράφορον
584 1952 661 2023 μὴ
678 1952 989 2023 ἀνέχεσθαι,
1009 1952 1145 2007 ἀλλὰ
1166 1955 1231 2006 ἐκ
1249 1952 1342 2006 δύο
1365 1954 1463 2023 μὲν
1484 1952 1699 2022 φύσεων

1822 1956 2008 2011 laturis
2049 1963 2306 2010 constare
2348 1953 2651 2018 Christum,
2679 1965 2800 2025 post
2825 1957 3078 2011 unionem
3114 1972 3218 2011 non
3257 1972 3371 2011 am—

165 2042 444 2116 γεγενῆσθαι
497 2044 590 2097 τὸν
640 2043 863 2114 Κύριον,
917 2044 1055 2117 μετὰ
1085 2045 1143 2098 δὲ
1176 2044 1274 2115 τὴν
1296 2045 1488 2098 ἕνωσιν
1515 2045 1699 2098 οὐκέτι

1822 2045 1940 2101 ilius
1969 2045 2123 2110 duas,
2173 2058 2351 2115 neque
2392 2044 2445 2097 in
2497 2045 2703 2099 duabus
2738 2048 3012 2115 cognosci,
3044 2063 3205 2101 unam
3240 2061 3371 2101 vero

163 2138 237 2191 δύο
252 2136 359 2189 οὐδὲ
389 2134 445 2189 ὲν
465 2134 557 2188 δύο
586 2134 969 2207 γνωρίζεσθαι,
1006 2137 1134 2207 μίαν
1161 2137 1218 2191 δὲ
1254 2136 1415 2206 φύσιν
1445 2138 1583 2206 μετὰ
1601 2136 1700 2207 τὴν

1825 2147 2048 2191 taturam
2095 2145 2218 2206 post
2270 2136 2531 2191 unitatem
2586 2137 2894 2205 prodigiose
2933 2138 3127 2193 asseri.
3166 2138 3374 2204 Quibus

164 2230 326 2285 ἕνωσιν
350 2227 763 2300 τερατεύεσθαι.
812 2224 908 2292 Οἷς
959 2231 1271 2299 συμφωνεῖν
1314 2228 1578 2299 διελέγχει
1606 2230 1700 2282 καὶ

1821 2242 2105 2283 :onsonare
2148 2228 2224 2282 ait
2269 2228 2644 2297 praadatoriam
2698 2228 2841 2281 illam
2887 2229 2939 2282 in
2966 2229 3183 2299 Epheso
3209 2245 3370 2300 syno—

163 2324 241 2389 τὴν
258 2321 548 2392 λῃστρικὴν
614 2321 673 2373 ὲν
712 2319 924 2392 Ἐφέσῳ
952 2320 1191 2385 σύνοδον,
1224 2320 1407 2383 αὐτοῖς
1440 2319 1700 2374 εἰποῦσαν

1823 2320 1928 2373 lum
1956 2319 2069 2374 haec
2096 2329 2427 2375 asserentem
2459 2337 2472 2374 :
2516 2318 2614 2373 His
2649 2328 2698 2372 et
2729 2335 2821 2373 nos
2850 2336 3022 2374 omnes
3052 2323 3249 2375 conditi
3278 2338 3372 2375 ut-

162 2415 338 2483 ρήμασι
369 2427 385 2443 ·
432 2411 674 2476 Τούτοις
713 2411 811 2467 καὶ
833 2410 1004 2480 ἡμεῖς
1032 2411 1257 2478 πάντες
1282 2413 1697 2481 συντιθέμεθα.

1823 2429 1939 2474 nus,
1977 2421 2144 2480 utque
2183 2412 2375 2467 iisdem
2403 2412 2469 2465 de
2503 2412 2682 2465 causis
2707 2412 3169 2468 Chalcedonensis
3207 2428 3372 2485 syno-

165 2510 251 2560 Καὶ
278 2507 346 2570 ὡς
374 2507 407 2575 ἡ
458 2506 516 2558 ὲν
570 2504 874 2575 Καλχηδόνι
924 2504 1141 2570 σύνοδος
1179 2504 1269 2558 τόν
1302 2519 1364 2557 τε
1407 2505 1701 2574 Νεστόριον

1826 2506 1902 2559 Ius
1931 2502 2235 2559 Nestorium
2273 2511 2325 2557 et
2355 2502 2652 2572 Eutychem
2681 2505 3058 2559 condemnarit
3091 2522 3105 2562 :
3132 2514 3183 2558 et
3214 2520 3375 2562 nosse

162 2602 236 2652 καὶ
260 2600 342 2651 τὸν
371 2597 591 2668 Εὐτυχῆ
642 2599 747 2651 ὑπὸ
788 2598 888 2667 ἴσῳ
919 2596 1015 2651 καὶ
1062 2596 1231 2668 ὁμοίῳ
1283 2595 1361 2667 τῷ
1399 2595 1700 2666 ἀναθέματι

1829 2604 2025 2648 laturas
2050 2603 2176 2664 post
2217 2592 2477 2647 unitatem
2510 2594 2563 2646 in
2598 2607 2703 2647 una
2729 2608 2981 2661 persona,
3009 2592 3077 2647 ab
3106 2594 3254 2649 omni
3290 2602 3378 2649 est

161 2691 306 2742 ἔθετο.
334 2689 438 2741 Καὶ
465 2690 549 2741 ὅτι
589 2688 649 2740 τὸ
667 2688 864 2740 εἰδέναι
886 2688 984 2751 τὰς
1003 2686 1191 2757 φύσεις
1221 2687 1359 2757 μετὰ
1382 2686 1479 2755 τὴν
1510 2685 1702 2739 ἕνωσιν

1828 2686 2066 2741 Iivisione
2096 2685 2353 2740 alienum.
2390 2682 2643 2752 Idemque
2677 2674 2869 2739 beatus
2909 2684 3146 2755 Cyrillus
3170 2685 3377 2740 omnis-

164 2781 209 2831 ἐν
234 2780 319 2847 μιᾷ
347 2778 644 2831 ὑποστάσει
673 2778 851 2847 πάσης
874 2778 1021 2830 ἐστὶν
1051 2776 1329 2848 ἀλλότριον
1360 2774 1699 2845 διαιρέσεως,

1828 2792 1908 2846 |ue
1940 2779 2075 2832 adeo
2104 2784 2416 2831 sanctorum
2452 2776 2671 2830 Patrum
2721 2785 2897 2831 coetus
2928 2777 3091 2831 claris
3121 2776 3377 2846 praedicat

161 2873 236 2924 καὶ
264 2870 408 2924 τοῦτο
427 2871 596 2935 αὐτός
642 2888 703 2924 τε
760 2870 1027 2940 Κύριλλος
1057 2871 1150 2921 καὶ
1182 2869 1212 2921 ὁ
1243 2868 1430 2931 λοιπὸς
1452 2867 1560 2920 τῶν
1581 2867 1701 2920 θεο-

1829 2869 2049 2923 'ocibus.
2081 2869 2356 2939 Eutycbes
2385 2867 2610 2936 ejusque
2630 2868 2872 2932 asseclze,
2905 2883 3003 2936 pro
3032 2868 3237 2923 unitate
3257 2869 3378 2939 qui-

164 2962 314 3032 φὸρων
351 2962 557 3031 ἀνδρῶν
594 2964 754 3032 χορὸς
782 2963 1062 3032 λαμπραῖς
1112 2960 1553 3031 ἀνακηρύττουσι
1580 2960 1702 3023 ταῖς

1829 2963 1947 3025 lem,
1994 2961 2097 3016 hoc
2138 2970 2241 3028 est,
2279 2960 2476 3029 duplici
2524 2961 2735 3015 unitate
2766 2960 2819 3031 (ο
2846 2964 3118 3031 ingentem
3155 2962 3378 3015 demen-

161 3057 357 3120 φωναῖς,
386 3053 504 3125 [781
548 3054 645 3125 3.]
674 3054 918 3125 Εὐτυχὴς
960 3054 1017 3107 δὲ
1060 3055 1154 3109 καὶ⁹
1189 3055 1241 3109 οι
1273 3054 1440 3109 αὐτοῦ
1471 3054 1578 3126 πρὸ
1602 3054 1703 3125 τῆς

1830 3057 1936 3111 iam
1984 3067 2147 3124 atque
2190 3054 2583 3124 impietatem!)
2618 3056 2754 3109 duas
2799 3055 3098 3125 praedicant
3126 3064 3374 3115 naturas.

160 3146 371 3210 ὲνώσεως
404 3147 524 3217 μὲν,
579 3147 824 3201 τουτέστι
855 3147 977 3217 δίχα
1021 3148 1268 3211 ένώσεως
1314 3149 1381 3217 (ὣ
1414 3148 1580 3219 λήρου
1606 3148 1701 3202 καὶ

1829 3161 1912 3199 non
1963 3144 2193 3214 amplius
2238 3155 2360 3213 post
2406 3145 2682 3211 unionem,
2734 3155 2788 3199 et
2818 3144 2908 3214 qui
2952 3144 3243 3214 Eutycbem
3288 3160 3378 3200 sa-

158 3238 439 3302 δυσσεϐείας
472 3238 753 3310 ὑπερϐολή
780 3241 820 3307 l)
854 3240 953 3303 τὰς
981 3239 1074 3292 δύο
1114 3239 1444 3311 κηρύττουσι
1479 3240 1692 3309 φύσεις,

1828 3239 1914 3292 :ris
1947 3237 2303 3301 interdicunt,
2342 3235 2540 3307 2480
2578 3246 2638 3290 et
2683 3234 2798 3304 ejus
2825 3236 3129 3306 opiniones,
3159 3238 3224 3290 de
3258 3235 3377 3307 pla—

158 3330 314 3381 οὐκέτι
347 3330 403 3382 δὲ
442 3332 586 3400 μετά
641 3334 739 3401 τὴν
765 3332 979 3386 ἕνωσιν.
1024 3333 1136 3387 Καὶ
1173 3333 1254 3386 ὅτι
1287 3335 1337 3387 οἱ
1364 3334 1453 3388 τὸν
1480 3332 1699 3404 Εὐτυχῆ

1832 3345 1898 3393 ιο,
1933 3337 2095 3397 atque
2147 3328 2303 3381 inviti
2361 3329 2753 3383 (Bcumenicam
2777 3337 3025 3397 quartam
3082 3328 3381 3399 praedicant

158 3420 623 3489 ἀναθεματίζοντες
646 3425 739 3476 καὶ
778 3422 847 3477 τὰ
889 3424 1053 3478 αὐτοῦ
1088 3424 1328 3495 δόγματα
1359 3425 1702 3497 παραχρῆμα

1828 3423 2069 3491 ιγηοᾱυιη
2116 3434 2132 3474 :
2178 3436 2284 3474 non
2326 3420 2429 3474 alia
2461 3422 2605 3475 enim
2631 3420 2961 3475 mcumenica
2992 3422 3227 3491 synodus
3255 3419 3377 3483 fuit,

159 3513 236 3562 καὶ
263 3513 477 3576 ἄκοντες
505 3516 607 3583 τὴν
641 3516 1022 3586 οἱκουμενικὴν
1067 3516 1333 3587 τετάρτην
1375 3517 1703 3587 κηρύττουσι

1828 3513 1904 3567 ted
1946 3528 2007 3568 ea
2036 3511 2175 3581 sola,
2209 3522 2521 3583 susceptum
2554 3526 2677 3567 cum
2710 3511 2981 3581 pestiferis
3007 3511 3124 3579 ejus
3164 3511 3377 3578 opinio-

159 3602 348 3657 σύνοδον
372 3622 384 3637 ο
413 3606 515 3658 οὐκ
537 3604 673 3676 ἄλλη
691 3607 797 3676 γάρ
813 3608 1161 3678 οίκουμενικὴ
1184 3607 1546 3672 σύνοδος,ἀλλ’
1564 3607 1704 3678 αὕτη

1828 3603 1994 3669 libus,
2031 3613 2090 3658 ut
2144 3604 2400 3668 diximus,
2451 3605 2504 3658 in
2560 3603 2763 3673 perﬁda
2824 3603 2912 3657 illa
2957 3604 3164 3673 synodo
3198 3602 3377 3671 Ephe-

162 3696 275 3765 μόνη
300 3697 556 3766 δεχθέντα
589 3698 727 3765 μετὰ
755 3698 865 3753 τῶν
897 3698 1201 3769 βδελυκτῶν
1223 3700 1388 3753 αὐτοῦ
1416 3699 1701 3771 δογμάτων

1831 3696 1950 3761 Lina,
1982 3698 2083 3752 hoc
2113 3698 2336 3752 omnino
2363 3697 2551 3766 reiecit
2579 3707 2635 3752 et
2656 3696 2954 3751 damnavit.
2984 3698 3219 3766 Apparet
3252 3710 3380 3752 vero

159 3786 300 3853 (καθά
312 3789 401 3840 καὶ
430 3789 780 3860 προείρηται)
812 3790 959 3858 παρὰ
974 3792 1071 3861 τῆς
1092 3789 1388 3861 λῃστρικῆς
1407 3792 1463 3842 ἐν
1492 3790 1702 3860 Ἐφέσῳ

1831 3792 2063 3846 tntbimo
2091 3792 2220 3845 'haac
2268 3791 2555 3858 scripsisse
2606 3790 2657 3843 in
2691 3790 2835 3860 regia
2872 3789 3005 3844 urbe
3034 3790 3294 3853 versanti,
3324 3799 3380 3843 et

157 3876 387 3949 δευτέρας
443 3881 668 3934 συνόδου
722 3881 913 3935 τοῦτον
958 3883 1004 3912 ⁷³
1034 3882 1315 3945 παντελῶς
1370 3883 1596 3953 ὲξέτεμέ
1645 3900 1706 3936 τε

1830 3897 2087 3950 umquam
2141 3895 2329 3936 sacras
2368 3880 2511 3933 illius
2541 3879 2686 3949 leges
2726 3879 2973 3943 violasse,
3003 3893 3162 3946 quem
3199 3889 3256 3932 et
3284 3880 3379 3931 ad-

156 3970 235 4022 καὶ
262 3972 630 4043 ἀπεκήρυξεν.
672 3975 857 4027 Ἐοικε
892 3974 949 4028 δὲ
981 3974 1154 4027 ταῦτα
1185 3975 1419 4043 γράφειν
1464 3974 1703 4045 Ἀνθίμῳ

1827 3987 2001 4026 tersus
2035 3971 2393 4026 Nestorianos
2437 3977 2492 4024 et
2522 3969 2890 4040 Eutycbianos
2924 3978 3135 4024 certare
3163 3968 3376 4023 suadet.

155 4064 556 4130 παρουσιάζοντι
599 4065 697 4136 μὲν
727 4069 791 4136 τῇ
828 4065 1059 4136 βασιλίδι
1089 4065 1265 4130 πόλει,
1300 4065 1454 4119 οὔπω
1487 4066 1545 4119 δὲ
1578 4067 1704 4129 τοὺς

1438 4084 1454 4119 ›
1487 4066 1545 4119 δὲ
1578 4067 1705 4129 τοὺς
1814 4065 1934 4119 ﬂare
1965 4066 2180 4133 quidem
2209 4063 2432 4134 epistola
2468 4063 2557 4116 illa
2591 4061 2987 4129 complectitur.

154 4158 551 4230 ἀρχιερατικοὺς
612 4163 782 4231 αὐτῆς
859 4162 1145 4215 ὑπελθόντι
1203 4162 1435 4231 νόμους’
1498 4160 1557 4214 ὃν
1607 4160 1701 4213 καὶ
1740 4164 2001 4229 παραινεῖ
2060 4161 2204 4213 κατά
2248 4178 2307 4213 τε
2362 4159 2470 4211 τῶν
2497 4157 2875 4227 Νεστοριανῶν
2922 4156 3015 4210 καὶ
3075 4155 3185 4209 τῶν
3245 4173 3379 4228 φρο-

155 4255 361 4309 νούντων
382 4258 451 4311 τά
489 4257 765 4327 Εὐτυχοῦς
787 4258 1171 4325 ἀγωνίζεσθαι.
1209 4258 1370 4311 Ἀλλά
1398 4256 1569 4311 ταῦτα
1602 4259 1699 4327 μὲν
1740 4258 1835 4313 καὶ
1869 4258 2172 4329 ἡπαροῦσα
2198 4258 2344 4324 λέγει
2374 4254 2655 4325 ἐπιστολή.

222 4346 353 4401 Ἡδὲ
374 4347 512 4419 πρὸς
534 4348 750 4417 Βράζην
787 4349 878 4401 τὸν
909 4349 1145 4419 Πέρσην,
1179 4351 1301 4402 ἐπεὶ
1320 4350 1478 4401 τοῦτο
1505 4349 1709 4420 ᾔτησεν

1886 4354 2015 4418 Quae
2058 4364 2189 4404 vero
2228 4349 2294 4403 ad
2338 4347 2538 4402 Brasen
2569 4345 2787 4401 Persam
2837 4348 2957 4401 data
2989 4356 3092 4409 est,
3129 4361 3250 4401 cum
3280 4347 3381 4401 hoc

152 4437 353 4503 ἐκεῖνος,
389 4442 455 4495 ἐκ
485 4442 598 4495 τῶν
624 4442 785 4495 θείων
808 4442 1038 4512 Γραφῶν
1052 4442 1165 4495 ἀλλ’
1196 4443 1294 4495 οὐκ
1324 4444 1388 4495 ὲκ
1419 4443 1701 4515 Πατρικῶν

1829 4442 2139 4508 postulasset
2170 4456 2200 4495 e
2232 4455 2389 4496 sacra
2434 4438 2735 4507 Scriptura,
2768 4438 2860 4491 sed
2890 4451 2993 4490 non
3034 4452 3064 4492 e
3107 4436 3378 4503 Patribus,

155 4530 450 4599 μαρτυριῶν
477 4532 607 4601 περί
636 4548 695 4583 τε
719 4531 813 4599 τῆς
838 4530 999 4594 ἁγίας
1026 4530 1122 4584 καὶ
1156 4531 1441 4601 όμοουσίου
1471 4514 1701 4603 Τριάδος

1833 4534 1876 4588 Ie
1905 4544 2093 4588 sancta
2141 4541 2193 4586 et
2238 4527 2690 4586 consubstantiali
2741 4525 3008 4582 Trinitate
3035 4530 3297 4592 continet,
3325 4538 3382 4583 et

152 4619 482 4692 διαλαμϐάνει
507 4640 526 4657 ο
580 4623 675 4676 καὶ
708 4622 832 4694 [408
871 4621 962 4694 H.J
988 4625 1116 4694 περὶ
1152 4627 1250 4693 τῆς
1288 4625 1343 4675 ὲν
1373 4625 1535 4693 σαρκὶ
1570 4642 1701 4694 παρ-

1829 4626 1877 4680 Ie
1933 4626 2304 4679 incarnatione
2362 4621 2543 4686 Verbi,
2602 4622 2775 4689 deque
2827 4618 3059 4687 gloriosa
3106 4630 3162 4675 et
3193 4630 3378 4675 sancta

152 4710 318 4775 οὐσίας
338 4714 434 4769 τοῦ
468 4716 668 4784 Λόγου,
697 4717 791 4769 xal.
819 4715 950 4786 περὶ
977 4716 1075 4786 τῆς
1113 4716 1275 4783 ἁγίας
1299 4717 1391 4769 καὶ
1422 4717 1521 4768 ὐπε
1533 4717 1701 4786 ρενδό‹

1830 4715 2055 4781 Virgine,
2082 4723 2137 4769 et
2164 4714 2259 4767 Dei
2287 4713 2563 4769 Geuitrice
2597 4710 2784 4765 Maria.
2816 4710 2956 4764 Sunt
2983 4721 3163 4764 autem
3189 4726 3379 4766 eorum

152 4803 227 4865 ξου
264 4807 543 4878 Παρθένου
582 4809 677 4862 καὶ⁵
712 4810 977 4862 Θεοτόκου
1027 4810 1264 4879 Μαρίας.
1302 4810 1366 4862 At
1405 4810 1461 4862 δὲ
1491 4810 1701 4881 Γραφαί

1833 4808 2124 4875 icriplurae,
2154 4816 2208 4861 et
2256 4804 2426 4860 Vetus
2456 4803 2886 4867 Testamentum,
2920 4811 2975 4855 et
3016 4802 3224 4856 Domini
3261 4818 3382 4857 ver-

150 4896 269 4948 είσιν
289 4899 435 4969 αὐτῷ
468 4900 515 4930 ⁷³
536 4901 570 4969 ἥ
600 4918 660 4953 τε
687 4900 893 4954 παλαιὰ
917 4900 1158 4972 Διαθήκη
1187 4901 1282 4953 καὶ
1326 4900 1396 4953 τὰ
1447 4902 1699 4971 Κυριακὰ

1830 4914 1899 4966 ιιι,
1941 4898 2356 4969 apostolicacque
2402 4896 2832 4966 praedicationes,
2870 4893 3068 4964 quibus
3117 4896 3379 4964 quaestio-

150 4984 287 5051 λόγια
312 4991 405 5043 καὶ
431 4990 503 5043 τὰ
537 4992 872 5047 άποστολικὰ
928 4992 1278 5064 κηρύγματα,
1301 4995 1367 5048 δι’
1389 4988 1464 5049 ὧν
1486 4998 1540 5048 αί
1570 5013 1699 5065 προ·-

1831 5007 1937 5046 ιιιηι
1988 4992 2188 5047 veritas
2233 5000 2287 5045 et
2325 4988 2666 5044 conﬁrmatio
2703 4986 2862 5040 allata
2887 4993 2994 5048 est.
3025 5001 3135 5055 prae
3169 4990 3380 5044 exteris

154 5077 381 5146 κείμεναι
408 5081 518 5135 τῶν
549 5082 858 5137 ὑποθέσεων
892 5084 953 5136 τὸ
976 5084 1173 5154 ἀληθὲς
1191 5086 1286 5139 καὶ
1314 5086 1532 5155 βέϐαιον
1592 5089 1703 5141 ἁπ-

1831 5084 1935 5137 ιυὶο
1978 5082 2071 5135 υηὶ
2100 5081 2385 5151 quaestioni
2424 5080 2674 5143 inhaeret,
2720 5078 2771 5131 in
2807 5091 2910 5146 qua
2946 5076 3013 5132 de
3044 5079 3380 5135 incarnatio-

152 5165 454 5233 ηνέγκαντο.
480 5170 648 5224 Πλέον
667 5170 723 5225 δὲ
748 5172 855 5225 τῶν
880 5172 1055 5227 ἄλλων
1086 5173 1451 5246 ἐμφιλοχωρεϊ
1469 5179 1533 5246 τῇ
1570 5178 1701 5229 ὑπο-

1828 5192 1877 5232 ιο
1910 5176 2069 5232 Verbi
2117 5176 2470 5243 disceptatur,
2506 5171 2798 5228 occasione
2832 5170 3040 5226 scilicet
3083 5171 3377 5242 longiorem

155 5253 305 5323 θέσει,
343 5262 401 5313 ἐν
520 5262 675 5333 ἠτοῦ
721 5264 897 5331 Λόγου
952 5265 1228 5335 σάρκωσις
1265 5268 1704 5334 ἁναδιδάσκεται,

1831 5269 1971 5337 mjus
2022 5267 2446 5335 disputationem
2496 5264 2783 5340 exigente.
2815 5258 2930 5317 Hoc
2970 5274 3149 5318 autem
3194 5264 3246 5318 in
3280 5264 3380 5318 hac

159 5345 246 5400 ἆτε
264 5349 325 5421 δὴ
350 5351 443 5405 καὶ
474 5354 568 5405 τοῦ
621 5353 814 5425 καιροῦ
860 5354 1082 5409 πλείονα
1128 5354 1226 5428 τὴν
1263 5359 1392 5427 περὶ
1417 5360 1588 5429 αὐτῆς
1619 5358 1707 5425 ἐξ-

764 5353 814 5407 ιῦ
860 5354 1082 5409 πλείονα
1128 5354 1226 5428 τὴν
1263 5359 1392 5427 περὶ
1417 5360 1588 5429 αὐτῆς
1619 5358 1707 5425 ὲξ-
1812 5360 2036 5429 epistola
2068 5368 2313 5413 conatur.

152 5444 396 5509 ιργασίαν
443 5448 821 5512 ἀπαιτοῦντος.
873 5449 1128 5504 Τοιοῦτον
1158 5451 1257 5522 μὲν
1304 5452 1399 5505 καὶ
1442 5454 1503 5506 τὸ
1536 5454 1856 5525 σπούδασμα
1875 5458 2106 5527 ταυτησὶ
2134 5458 2233 5529 τῆς
2256 5458 2568 5529 ἐπιστολῆς.

211 5579 233 5609 ³
260 5574 383 5631 Luc.
420 5594 459 5645 ι,
491 5579 578 5635 45.

1442 5706 1673 5764 VAIil/E
1706 5706 1998 5768 [ΕΟΤίοΝ
2010 5712 2111 5769 ES.

215 5804 257 5835 ’³
283 5808 465 5863 τοῦτον
488 5811 530 5867 Α
563 5829 574 5867 :
600 5816 718 5869 τότε
749 5835 804 5881 ς.
885 5818 929 5850 ⁷³
952 5816 1126 5871 αὐτῶν
1161 5834 1221 5882 ς-
