3994 6404
520 371 625 435 967
1683 373 1949 434 ΡΙῘΟΤΙΙ
1992 373 2090 433 PA'

2194 371 2493 432 IARCH/E
2525 371 2633 431 CP.
3661 362 3766 427 968

593 483 800 540 Scribit
832 491 1011 539 autem
1048 483 1116 539 ad
1154 483 1367 555 aliquos
1410 484 1708 541 monachos
1737 486 1991 540 Ecclesiae
2012 485 2090 539 de

2271 483 2477 554 Γράφει
2528 484 2586 537 δὲ
2641 482 2736 536 καὶ
2788 480 2925 553 πρὸς
2958 480 3225 552 μοναχούς
3253 496 3424 543 τινας,
3454 478 3506 533 οῖ
3539 481 3639 551 τῆς
3673 477 3767 534 τοῦ

520 578 824 633 fensionem
872 576 1153 633 catholica:
1195 586 1249 631 et
1276 580 1587 647 apostolicae
1615 578 1921 643 molientes,
1959 591 2095 646 quos

526 680 845 725 sanctorum
885 668 1109 724 Palmm
1161 669 1552 725 monitionibus
1582 670 1908 740 conjungere
1939 668 2095 723 moli-

522 772 631 825 tur,
690 765 984 817 ostendens
1036 777 1223 817 eorum
1279 764 1602 817 sententiam
1653 778 1759 817 non
1802 761 1990 835 procul
2028 762 2097 817 ab

522 851 899 907 haereticorum
924 853 1271 923 opinionibus
1305 855 1527 919 distare,
1562 855 1873 924 nullumque
1900 869 1962 909 ex
1996 870 2086 919 ea,

521 946 970 1013 quemadmodum
999 947 1232 1001 haeretici
1258 946 1452 1011 solent,
1470 948 1808 1001 commodum
1829 948 2093 1015 accipere,

522 1036 623 1090 hoc
653 1037 818 1090 variis
843 1038 1162 1093 testimoniis
1191 1048 1497 1093 sanctorum
1532 1038 1751 1094 Patrum
1786 1040 2091 1095 confirmat.

520 1132 579 1183 In
610 1147 714 1185 una
745 1134 1043 1201 eademque
1070 1148 1301 1202 persona
1338 1133 1543 1185 variam
1582 1142 1789 1185 naturae
1823 1132 2093 1185 actionem

524 1224 780 1291 perspici,
818 1234 873 1277 et
895 1224 960 1277 ad
1005 1240 1218 1278 omnem
1262 1224 1482 1293 pietatis
1532 1224 1916 1293 plenitudinem
1951 1223 2096 1276 suill-

520 1328 667 1378 cere,
716 1313 996 1383 Deiparam
1037 1317 1261 1369 credere
1306 1326 1357 1369 ct
1386 1316 1661 1385 appellare
1690 1314 2094 1369 sanctissimam

522 1406 821 1473 Virginem.
856 1406 1142 1475 Postquam
1174 1408 1317 1461 enim
1345 1409 1467 1477 quis
1493 1408 1689 1461 dixerit
1718 1406 1885 1460 Deum
1922 1406 2097 1461 incar-

522 1506 705 1549 natum
753 1495 1030 1565 Virginem
1071 1497 1372 1568 peperisse,
1416 1497 1728 1568 angelorum
1781 1496 1855 1549 uti
1887 1496 2099 1551 videtur

522 1588 808 1657 theologia.

588 1666 789 1732 Scribit
824 1680 959 1733 idem
1026 1688 1080 1733 et
1125 1680 1347 1733 alteram
1396 1679 1679 1750 epistolam
1734 1679 1799 1732 ad
1845 1678 2094 1734 Callinici

516 1754 867 1836 desertores;
907 1772 1132 1838 cupiens
1172 1787 1302 1826 vero
1350 1786 1443 1826 eos
1492 1771 1747 1827 Eccleslte
1774 1771 1866 1825 Dei
1910 1772 2095 1825 conci-

519 1862 674 1924 liare,
699 1864 767 1917 ab
789 1864 938 1917 omni
980 1878 1101 1917 eam
1150 1864 1376 1918 liberam
1406 1864 1661 1918 haeretica
1693 1862 1811 1918 labe
1833 1864 2090 1928 ostendit,

516 1964 571 2009 et
600 1954 690 2022 qui
721 1955 787 2008 ad
813 1970 932 2009 eam
965 1954 1141 2009 labem
1171 1964 1469 2011 conventus
1492 1956 1649 2022 ﬁunt,
1677 1956 1943 2010 latronum
1976 1971 2095 2011 esse

518 2046 877 2115 speluncam:
944 2046 1170 2101 all‘ertur
1219 2048 1417 2102 imitari
1459 2059 1711 2117 oportere
1759 2047 2094 2111 SimeOuem,

516 2147 570 2190 et
628 2136 975 2205 Baradatum,
1014 2149 1067 2194 et
1117 2137 1400 2207 Iacobum,
1449 2139 1595 2195 viros
1622 2141 1839 2195 virtutis
1879 2141 2095 2195 nomine

517 2237 631 2283 toto
690 2238 959 2285 terrarum
1011 2232 1143 2286 orbe
1189 2232 1459 2295 celebres,
1531 2232 1623 2302 qui
1681 2230 1877 2304 2481)
1926 2233 2092 2286 vitam

516 2320 826 2375 universam
864 2320 918 2375 in
948 2320 1321 2376 ecclesiastica
1377 2322 1661 2391 disciplina
1694 2331 2092 2391 transegeruut.

518 2410 697 2481 Atque
733 2412 847 2469 hare
878 2414 1093 2483 quidem
1126 2414 1353 2485 epistola
1390 2415 1657 2469 continet.

588 2603 841 2659 Proxima
870 2620 998 2661 vero
1029 2606 1203 2662 oratio
1241 2605 1533 2677 Ephrazmii
1564 2607 1875 2678 synodicam
1925 2609 2095 2664 actio-

515 2710 639 2749 nem
674 2696 927 2765 explicat,
977 2696 1028 2750 in
1060 2712 1164 2766 qua
1193 2696 1534 2767 Syncleticus
1572 2698 1885 2753 nominatur
1910 2706 2091 2769 (quem

515 2785 673 2840 Tarsi
710 2787 1025 2857 episcopum
1065 2787 1232 2842 fuisse
1254 2787 1412 2856 paulo
1440 2798 1566 2843 aute
1604 2790 1920 2861 memoravi)
1952 2792 2094 2858 quod

515 2877 727 2933 libellos
752 2894 856 2933 non
885 2879 1188 2935 catholicos
1215 2882 1281 2935 ab
1308 2882 1577 2937 hatreticis
1604 2885 1920 2952 accepisset,
1953 2886 2095 2941 unde

517 2972 805 3027 haereticas
841 2972 1085 3026 hauserit
1132 2974 1436 3042 opiniones,
1478 2982 1531 3028 et
1562 2972 1868 3044 Stephanus
1903 2990 2091 3030 mona-

514 3064 651 3118 clius
682 3063 976 3134 Syucletiei
1006 3064 1279 3136 syncellus
1315 3066 1640 3136 appellatus,
1674 3075 1729 3121 et
1761 3080 1898 3135 pene
1934 3081 2094 3121 accu-

2194 577 2330 630 Θεοῦ
2396 577 2690 646 καθολικῆς
2741 576 2835 629 καὶ
2892 575 3257 645 ἀποπολικῆς
3310 572 3642 639 Ἐκκλησίας
3672 572 3771 643 τὴν

2195 672 2478 725 διάστασιν
2516 671 2767 723 ἐνόσουν·
2798 667 2892 732 οὒς
2930 668 3019 722 διὰ
3072 667 3360 739 Πατρικῶν
3392 664 3770 737 παραινέσεων

2197 765 2455 833 πειρᾶται
2486 761 2741 832 συνάψαι,
2775 762 2991 825 δεικνὺς
3015 760 3115 824 τὰς
3148 760 3371 814 ἐκείνων
3402 756 3590 827 φωνὰς
3614 757 3772 810 οὐδὲν

2192 856 2302 908 τῶν
2330 856 2505 911 ἄλλων
2527 855 2825 927 αῖρετικῶν
2848 853 3232 925 διαφερούσας,
3272 853 3366 906 καὶ
3407 849 3684 922 μηδεμίαν
3710 848 3772 915 ἐξ

2196 948 2393 1013 αὐτῶν,
2420 947 2608 1020 ὥσπερ
2645 947 2753 1002 οὐδ’
2780 947 3041 1011 ὲκείνους,
3070 946 3257 1016 ὄνησιν
3286 945 3610 1016 κερδαίνειν.
3642 945 3773 996 Συν-

2200 1041 2377 1110 ίστησι
2400 1040 2457 1093 δὲ
2479 1039 2758 1111 διαφόροις
2786 1038 3045 1109 Πατέρων
3071 1038 3393 1110 μαρτυρίαις
3427 1038 3511 1106 ἐφ’
3530 1036 3651 1099 ὲνδς
3678 1036 3774 1089 καὶ

2196 1132 2289 1184 τοῦ
2339 1130 2503 1185 αὐτοῦ
2565 1129 2857 1201 προσώπου
2912 1128 3166 1199 διάφορον
3206 1129 3441 1199 φυσικὴν
3484 1126 3773 1197 ἐνέργειαν

2196 1221 2540 1291 θεωρεῖσθαι,
2572 1220 2669 1275 καὶ
2697 1221 2889 1291 ἀρκεῖν
2932 1220 3069 1291 πρὸς
3104 1221 3287 1273 πᾶσαν
3319 1217 3521 1287 εὐσεϐῆ
3568 1217 3773 1285 πληρο-

2199 1312 2396 1382 φορίαν
2426 1312 2689 1365 Θεοτόκον
2748 1313 2964 1383 φρονεῖν
2996 1312 3090 1364 καὶ
3140 1309 3324 1379 λέγειν
3363 1310 3463 1379 τὴν
3495 1307 3775 1373 παναγίαν

2197 1404 2502 1475 Παρθένον
2553 1398 2775 1458 ἐπειδὰν
2815 1405 2924 1475 γάρ
2963 1421 3046 1466 τις
3087 1404 3217 1474 εἴπῃ
3243 1403 3377 1458 Θεὸν
3409 1401 3775 1472 ἑνανθρωπή-

2199 1512 2368 1548 σαντα
2393 1497 2573 1548 τεκεῖν
2590 1496 2687 1567 τὴν
2705 1495 2978 1563 παναγίαν
2998 1496 3295 1567 Παρθένον,
3322 1498 3391 1566 τῇ
3421 1494 3534 1548 τῶν
3554 1494 3774 1565 ἀρχαγ-

2197 1586 2374 1655 γέλων
2397 1588 2443 1619 "
2471 1583 2626 1651 οὗτος
2660 1587 2908 1658 θεολογίᾳ
2938 1587 3190 1656 φαίνεται
3219 1588 3583 1658 κεχρημένος.

2271 1675 2478 1748 Γράφει
2503 1679 2560 1732 δὲ
2585 1679 2679 1734 καὶ
2706 1681 2902 1750 ὲτέραν
2927 1678 3261 1750 ἐπιστολὴνό
3293 1680 3459 1743 αὐτὸς
3483 1678 3621 1749 πρὸς
3643 1680 3774 1742 τοὺς

2198 1770 2539 1840 ἀποσχιστὰς
2563 1770 2913 1835 Καλλινίκου,
2944 1771 3213 1825 νουθετῶν
3268 1772 3367 1841 μὲν
3391 1772 3458 1842 τῇ
3487 1770 3583 1822 τοῦ
3632 1769 3773 1822 Θεοῦ

2198 1860 2420 1925 τούτους
2466 1862 2732 1932 ἑνωθῆναι
2778 1861 3100 1935 Ἐκκλησία,
3155 1862 3403 1933 καθαρὰν
3449 1862 3776 1932 ἀποφαίνων

2194 1953 2398 2023 ταύτην
2420 1954 2605 2025 πάσης
2633 1956 2917 2027 αίρετικῆς
2966 1956 3204 2026 κηλῖδος,
3265 1955 3361 2009 καὶ
3407 1954 3489 2007 ὅτι
3517 1953 3590 2007 τὰ
3618 1954 3777 2024 παρὰ

2192 2046 2397 2116 ταύτην
2430 2048 2767 2117 συνακτήρια
2807 2047 3022 2120 λῃστῶν
3067 2049 3182 2101 ἐστι
3233 2047 3494 2119 σπήλαια.
3532 2048 3646 2100 Kal
3682 2064 3775 2117 μισ

2197 2140 2415 2209 μεῖσθαι
2442 2140 2553 2193 δεῖν
2582 2141 2889 2209 εἰσηγεῖται
2924 2140 3187 2209 Συμεῶνα
3216 2142 3311 2194 καὶ
3679 2138 3774 2191 καὶ

2206 2228 2481 2295 Ἰάκωϐον,
2513 2229 2712 2303 ἄνδρας
2744 2232 2834 2285 ἐπ’
2886 2233 3056 2303 ἀρετῇ
3090 2230 3195 2285 ἀνὰ
3222 2231 3403 2285 πᾶσαν
3425 2229 3526 2300 τὴν
3548 2230 3656 2301 γῆν
3682 2228 3774 2299 βε-

2193 2317 2517 2389 ϐοημένους,
2570 2320 2623 2373 οἶ
2679 2321 2778 2391 τὴν
2832 2320 3294 2391 ἑκκλησιαστικὴν
3329 2318 3418 2372 διὰ
3449 2318 3565 2390 βίου
3589 2319 3773 2389 ἠσπά-

2198 2411 2359 2463 σαντό
2386 2428 2447 2463 τε
2478 2412 2573 2466 καὶ
2599 2411 2919 2477 ὲξεθείασαν
2942 2413 3246 2468 κοινωνίαν.
3294 2413 3435 2467 Ἀλλ’
3463 2414 3523 2467 ἐν
3556 2415 3772 2480 τούτοις

2197 2502 2297 2572 μὲν
2320 2503 2419 2556 καὶ
2448 2504 2483 2574 ὴ
2519 2502 2772 2574 παροῦσα
2793 2504 3074 2576 ἐπιστολή.

2276 2593 2337 2646 '0
2365 2593 2422 2647 δὲ
2452 2593 2651 2663 ἑφεξῆς
2686 2594 2844 2663 λόγος
2875 2595 3162 2667 συνοδικὴν
3200 2595 3539 2650 ἀναπτύσσει
3569 2600 3773 2668 πρᾶξιν

2193 2684 2289 2738 τοῦ
2318 2684 2485 2739 αὑτοῦ
2514 2687 2825 2755 άγιωτάτου
2886 2688 3228 2759 πατριάρχου
3272 2689 3632 2760 Ἐφραιμίου,
3658 2686 3771 2763 ὲνῇ

2194 2779 2223 2830 ὅ
2262 2795 2323 2830 τε
2354 2779 2726 2849 Συγκλητικὺς
2757 2780 2877 2851 (τῆς
2924 2778 3138 2851 Ταρσοῦ
3190 2780 3249 2833 δὲ
3276 2780 3467 2834 τοῦτον
3506 2783 3537 2834 ό
3566 2782 3772 2853 προλα-

2195 2869 2306 2923 ϐὼν
2338 2870 2496 2939 λόγος
2522 2870 2819 2925 ἐπίσκοπον
2840 2870 2983 2944 εἷπε)
3016 2872 3380 2942 λογοθετεῖται
3408 2876 3456 2913 ’⁸
3483 2874 3586 2929 οὐκ
3612 2876 3771 2947 ὀρθο-

2193 2960 2381 3027 δόξους
2403 2960 2681 3026 λιϐέλλους
2711 2964 2864 3034 παρά
2915 2980 3080 3017 τινων
3114 2964 3430 3035 δεξάμενος,
3470 2965 3529 3032 ἐξ
3572 2960 3649 3021 ὧν
3675 2969 3771 3022 καὶ

2192 3053 2477 3123 αἱρετικὴν
2522 3054 2799 3125 παρέσχεν
2854 3056 3111 3109 ὑπόνοιαν
3137 3096 3150 3119 ,
3204 3059 3299 3111 zeal
3353 3059 3627 3130 Στέφανός
3687 3080 3771 3125 τις

514 3164 668 3210 satur
699 3164 929 3225 uterque
978 3156 1299 3225 praecedenti
1328 3157 1593 3223 oratione,
1638 3168 1918 3227 propterea
1949 3158 2089 3227 quod

2197 3148 2468 3217 μονάζων,
2510 3146 2802 3215 σύγκελλος
2835 3148 2901 3219 δὴ
2950 3149 3043 3203 τοῦ
3079 3151 3457 3223 Συγκλητικοῦ
3487 3154 3769 3225 καλούμε-

514 3245 877 3299 orthodoxam
924 3261 1029 3299 non
1072 3246 1511 3316 amplexarentur
1561 3248 1743 3315 fidem,
1794 3251 1887 3304 sed
1928 3249 2090 3322 Euty-

512 3338 633 3393 cltis
688 3336 806 3391 labe
860 3335 1044 3391 infecti
1102 3347 1303 3392 essent.
1344 3337 1547 3393 Tamen
1596 3354 1715 3394 cum
1754 3338 2091 3411 Syncleticus

513 3430 832 3499 religionem
866 3430 1105 3499 profiteri
1155 3430 1369 3486 tandem
1402 3440 1622 3486 coaetus
1655 3442 1821 3499 esset,
1853 3433 2089 3505 synodus

513 3521 760 3574 solvitur.
820 3518 1068 3593 [Tamen,
1101 3520 1299 3588 inquit,
1361 3520 1616 3590 pietatem
1659 3522 1873 3575 tandem
1915 3524 2089 3579 susci-

517 3611 722 3677 piente,
763 3611 989 3663 solvitur
1023 3607 1311 3682 synodus.]
1366 3608 1421 3663 In
1474 3610 1575 3665 bac
1611 3610 1820 3665 actione
1868 3611 2082 3667 beatum

518 3703 778 3772 Cyrillum
802 3702 993 3757 alicubi
1019 3712 1213 3757 natura
1237 3717 1334 3772 pro
1356 3718 1575 3770 persona
1594 3718 1746 3756 usum
1775 3718 1895 3758 esse
1919 3714 2096 3759 osten-

516 3795 619 3856 dit,
662 3809 783 3848 cum
827 3795 1118 3851 dicitunam
1146 3795 1381 3849 maxime
1413 3792 1571 3849 Verbi
1598 3803 1845 3849 naturam
1870 3810 2092 3850 carnem

515 3885 760 3940 induisse
786 3903 801 3940 :
836 3902 943 3941 non
979 3888 1151 3956 ipsum
1175 3886 1356 3941 dicere
1384 3900 1527 3956 saepe
1555 3900 1678 3940 eum
1705 3886 1843 3942 duas
1878 3887 2093 3942 confes-

517 3992 640 4031 sum
672 3987 918 4041 naturas,
949 3977 1404 4045 quemadmodum
1437 3985 1646 4031 mutato
1667 3977 1897 4032 consilio
1927 3992 2087 4030 unam

519 4082 796 4136 naturam,
835 4071 935 4126 nisi
968 4070 1107 4126 forte
1141 4086 1288 4125 nunc
1328 4080 1532 4125 natura:
1567 4085 1753 4125 vocem
1793 4084 1890 4139 pro
1912 4087 2092 4138 perso-

518 4179 600 4217 πω
652 4164 1016 4233 usurpaverit,
1063 4173 1117 4216 et
1144 4163 1494 4217 conﬁrmatur
1528 4162 1583 4217 id
1620 4178 1688 4217 ex
1734 4162 1857 4216 aliis
1900 4160 2088 4232 Cyrilli

518 4254 673 4319 locis,
724 4269 953 4321 eamque
1006 4268 1131 4309 esse
1180 4253 1440 4309 Ecclesia:
1482 4262 1742 4317 mentem,
1790 4253 2003 4324 aliaque
2040 4256 2089 4306 id

510 4358 681 4412 genus
714 4343 867 4397 utilia
896 4344 1158 4398 adversus
1200 4343 1512 4398 bareticam
1568 4341 1745 4396 labem
1776 4341 1891 4397 haec
1946 4341 2089 4397 actio

510 4434 814 4489 certamina
837 4435 1099 4489 continet.

2198 3255 2308 3303 νος.
2343 3240 2452 3293 Kal
2496 3240 2832 3311 διελέγχεται
2876 3244 2973 3311 μὲν
3014 3242 3156 3297 κατὰ
3208 3244 3405 3315 μικρὸν
3459 3246 3557 3298 τοῦ
3608 3246 3772 3313 λόγου

2198 3330 2483 3400 προϊόντος
2531 3330 2791 3401 ἑκάτερος
2850 3332 2926 3402 μὴ
2977 3333 3045 3385 τὰ
3096 3332 3233 3402 ὀρθὰ
3275 3335 3375 3404 τῆς
3437 3334 3774 3408 Ἐκκλησίας

2197 3421 2445 3492 στέργων
2498 3422 2764 3494 δόγματα,
2796 3424 2934 3477 ἀλλὰ
2982 3426 3120 3496 πρὸς
3153 3426 3251 3498 τὴν
3304 3428 3581 3499 Εὑτυχοῦς
3616 3432 3772 3484 νόσον

2200 3512 2642 3584 ὑποσυρόμενος·
2667 3516 2817 3586 ὅμως
2861 3513 2955 3571 οὖν
3002 3517 3097 3570 τοῦ
3134 3518 3511 3589 Συγκλητικοῦ
3554 3522 3656 3592 τὴν
3692 3525 3773 3575 εὑ-

2195 3606 2415 3660 σὲϐειαν
2435 3606 2529 3661 ἐπὶ
2550 3607 2695 3661 τέλει
2728 3610 3109 3674 συνελαθέντας
3139 3613 3314 3664 εἰπεῖν
3336 3614 3369 3682 ἡ
3392 3612 3621 3678 Σύνοδος
3648 3616 3773 3669 δια-

2192 3699 2399 3755 λύεται.
2434 3701 2567 3774 [784
2598 3702 2692 3775 8.]
2734 3703 2823 3758 Ἐν
2843 3704 3014 3775 ταύτῃ
3045 3706 3112 3776 τῇ
3136 3705 3334 3775 πράξει
3350 3704 3444 3759 τὸν
3473 3704 3767 3761 θεσπέσιον

2188 3795 2460 3867 Κύριλλον
2513 3795 2591 3867 τῇ
2640 3798 2825 3869 φύσει
2874 3797 2991 3851 ἀνθ’
3027 3798 3423 3865 ὑποστάσεως
3446 3798 3685 3869 ἀλλαχοῦ
3710 3818 3770 3853 τε

2188 3885 2519 3955 παρεισάγει
2570 3886 2902 3958 χρήσασθαι,
2948 3887 3045 3942 καὶ
3101 3888 3263 3959 ἡνίκα
3322 3888 3472 3958 λέγει
3530 3890 3768 3959 μάλιστα

2188 3977 2321 4047 μίαν
2361 3976 2524 4047 φύσιν
2549 3980 2643 4032 τοῦ
2694 3980 2866 4047 Λόγου
2919 3981 3381 4052 σεσαρκωμένηνο
3419 3980 3483 4033 οὐ
3532 3982 3644 4053 γὰρ
3702 3984 3767 4037 ἄν

2192 4068 2372 4121 εἰπεῖν
2398 4068 2581 4133 αὑτὸν,
2610 4070 2869 4135 πολλάκις
2889 4072 2986 4135 τὰς
3006 4071 3098 4125 δύο
3124 4073 3318 4142 φύσεις
3345 4073 3760 4145 ὡμολογηκότα,

2193 4156 2383 4231 ῶσπερ
2434 4163 2501 4214 ὲκ
2552 4162 2915 4234 μεταμελείας
2952 4163 3082 4233 μίαν
3130 4164 3316 4235 φύσιν,
3344 4167 3392 4219 εί
3417 4168 3495 4237 μὴ
3521 4167 3584 4221 τὸ
3612 4169 3761 4241 ῥῆμα

2191 4250 2311 4302 νυνὶ
2338 4249 2451 4319 τῆς
2472 4253 2711 4320 φύσεως
2742 4254 2865 4306 ἀντὶ
2896 4253 3006 4323 τῆς
3045 4256 3443 4324 ὑποστάσεως
3495 4262 3758 4330 παρειλή-

2191 4357 2305 4409 φει.
2347 4342 2458 4394 Καὶ
2504 4347 2797 4415 συγκροτεῖ
2832 4345 2991 4399 τοῦτο
3018 4347 3079 4411 ἐξ
3106 4348 3308 4420 ἐτέρων
3352 4365 3414 4401 τε
3439 4349 3639 4418 φωνῶν
3667 4350 3752 4404 τοῦ

2194 4434 2361 4487 αὐτοῦ
2384 4434 2676 4505 Κυρίλλου,
2709 4438 2805 4490 καὶ
2841 4438 2925 4491 ὅτι
2960 4437 3090 4510 [409
3114 4439 3467 4512 Η.]τοιοῦτον
3496 4442 3561 4496 τὸ
3585 4444 3635 4475 ⁷⁸
3656 4444 3751 4513 τῆς

514 4527 845 4596 Ἐκκλησίας
879 4527 1159 4599 φρόνημα.
1211 4527 1321 4581 Kal
1389 4525 1527 4582 ἄλλα
1577 4524 1637 4580 δέ
1693 4541 1816 4578 τινα
1874 4524 2124 4595 χρήσιμα
2161 4528 2305 4581 κατὰ
2357 4527 2456 4598 τῆς
2505 4529 2840 4600 ωγχυτικῆς
2888 4532 3155 4603 αἱρέσεως
3201 4535 3235 4601 ἡ
3293 4536 3496 4605 πρᾶξις
3566 4538 3751 4606 ἀγωνί-

509 4621 695 4689 σματα
716 4620 980 4689 περιέχει.

584 4710 717 4766 Post
764 4711 881 4765 hate
943 4710 1204 4780 inscripta
1256 4709 1396 4765 libro
1442 4707 1669 4778 epistola
1717 4708 1785 4763 ad
1834 4706 2086 4779 Magnum

2261 4707 2417 4761 Μετὰ
2441 4708 2614 4763 ταῦτα
2630 4708 2688 4762 δὲ
2718 4708 3090 4778 ἐνεγέγραπτο
3116 4711 3182 4780 τῇ
3204 4708 3371 4781 βίϐλῳ
3403 4711 3543 4778 πρὸς
3569 4712 3749 4780 Μέγαν

503 4804 819 4875 episcopum
855 4801 1111 4864 Bormam,
1142 4802 1264 4865 hoc,
1300 4801 1354 4853 in
1387 4800 1597 4855 duabus
1634 4798 1843 4852 naturis
1864 4797 2085 4852 Emma-

508 4895 720 4951 nueletn
764 4894 981 4963 agnosci
1028 4893 1111 4964 (ut
1164 4893 1218 4945 in
1254 4901 1447 4960 quarta
1496 4899 1551 4944 et
1587 4890 1826 4960 generali
1876 4889 2085 4958 synodo

504 4988 816 5060 asseritur),
839 4989 1039 5042 docens
1065 4995 1226 5053 atque
1258 4985 1577 5054 explanatis,
1601 4992 1655 5036 et
1686 4997 1839 5037 usum
1863 4995 1986 5036 esse
2006 4980 2087 5033 lo-

503 5079 728 5150 quendi,
785 5094 948 5132 unam
1002 5074 1164 5131 Verbi
1224 5083 1474 5127 naturam
1528 5073 1801 5126 hominem
1849 5086 1969 5126 esse
2014 5069 2087 5125 fa-

502 5184 673 5235 ctam,
728 5180 919 5228 contra
955 5184 1074 5233 eos,
1132 5168 1225 5237 qui
1280 5166 1415 5219 duas
1465 5165 1533 5218 ab
1577 5164 1809 5218 invicem
1864 5172 2086 5219 naturas

502 5274 758 5337 separant
798 5262 1064 5335 probandi
1114 5260 1280 5315 robur
1337 5257 1558 5310 habere.
1596 5254 1702 5309 Sed
1736 5269 1845 5309 non
1889 5265 2080 5310 contra

504 5370 770 5429 negantes
800 5369 1120 5414 naturarum
1147 5350 1512 5407 dill'erentiam
1544 5358 1764 5416 propter
1802 5347 2078 5401 unionem.

354 5457 407 5521 ’κ
503 5454 969 5518 Quemadmodum
1023 5464 1128 5503 una
1184 5444 1347 5501 Verbi
1394 5452 1587 5495 natura
1639 5442 1917 5493 incarnata
1957 5455 2080 5494 cum

504 5546 885 5613 separantibus
937 5544 1005 5598 ab
1060 5539 1292 5594 invicem
1343 5543 1583 5596 naturas,
1637 5542 1837 5601 pugnat
1871 5551 1884 5585 :
1922 5532 2002 5586 sic
2031 5540 2085 5587 et

2184 4800 2275 4855 τὸν
2296 4801 2601 4855 ,ἐπίσκοπον
2629 4800 2855 4871 Βεροίας
2886 4800 2934 4831 ’⁷
2967 4798 3245 4870 ἐπιστολὴ,
3272 4800 3331 4852 τὸ
3354 4801 3413 4854 ἐν
3432 4800 3531 4853 δύο
3557 4802 3743 4869 φύσεσι

2183 4894 2383 4964 χρῆναι
2411 4893 2458 4925 ⁷⁸
2486 4892 2774 4963 γνωρίζειν
2805 4892 2897 4945 τὸν
2927 4890 3250 4963 Ἐμανουὴλ,
3295 4892 3372 4954 ὡς
3405 4893 3501 4945 καὶ
3526 4897 3592 4964 τῇ
3623 4894 3741 4963 ἁγίᾳ

2185 4986 2283 5037 καὶ
2315 4986 2669 5055 οίκουμενικῇ
2707 4984 2941 5055 τετάρτῃ
2971 4984 3177 5054 συνόδῳ
3217 4984 3457 5055 είρηται,
3490 4984 3737 5055 δογματίο

2185 5076 2357 5139 ζουσά
2384 5093 2445 5128 τε
2478 5077 2573 5129 καὶ
2603 5077 2964 5147 ὲπικυροῦσα,
2997 5076 3091 5130 καὶ
3118 5077 3201 5129 ὅτι
3222 5079 3256 5148 η
3291 5076 3532 5145 λέγουσα
3560 5075 3737 5146 χρῆσις

2191 5167 2323 5237 μίαν
2374 5166 2538 5237 φύσιν
2600 5166 2695 5221 τοῦ
2742 5168 2917 5236 Λόγου
2973 5167 3405 5239 σεσαρκωμένην
3461 5169 3604 5221 κατὰ
3642 5164 3736 5217 τῶν

2183 5260 2538 5330 διαιρούντων
2562 5259 2657 5313 ἀπ’
2688 5259 2934 5330 ἀλλήλων
2962 5260 3061 5324 τὰς
3099 5260 3290 5327 φύσεις
3316 5258 3430 5329 ἔχει
3457 5259 3520 5312 τὸ
3550 5257 3733 5328 κράτος

2186 5350 2609 5421 προϐάλλεσθαι,
2639 5351 2755 5406 ἀλλ’
2804 5353 2865 5405 οὐ
2919 5351 3065 5406 κατὰ
3109 5351 3219 5405 τῶν
3257 5350 3627 5421 ἀναιρούντων
3648 5350 3732 5415 τὴν

2186 5442 2294 5497 τῶν
2326 5443 2539 5512 φύσεων
2566 5444 2830 5514 διαφορὰν
2861 5445 2951 5498 διὰ
2988 5445 3088 5515 τὴν
3126 5446 3339 5501 ἕνωσιν.
3370 5446 3583 5515 Ὥσπερ
3608 5441 3732 5497 δὲτὸ

2190 5534 2287 5605 μία
2315 5534 2477 5603 φύσις
2502 5534 2597 5588 τοῦ
2652 5538 2828 5605 Λόγου
2886 5538 3279 5609 σεσαρκωμένη
3309 5537 3422 5601 τοῖς
3452 5534 3729 5608 διαιροῦσίν

1807 5703 2037 5759 VARIIE
2072 5705 2477 5763 LEC'I‘IONES.

580 5815 627 5847 “
656 5815 902 5885 ἀγγέλων
936 5830 995 5875 ς’.

1076 5811 1119 5839 ⁷⁵
1157 5804 1431 5875 λογοθετεῖ
1460 5819 1519 5865 ς.
1598 5802 1723 5853 τ⁶τὸ
1750 5800 1792 5854 Λ
1829 5818 1841 5854 :
1887 5800 1979 5855 καὶ
2001 5800 2059 5853 τὸ
2092 5818 2155 5864 ς.

2254 5804 2299 5836 ⁷⁷
2331 5803 2594 5875 Βερροίας
2621 5822 2680 5868 ς.
2778 5804 2824 5838 ’⁸
2864 5804 3059 5875 χρῆναι
3105 5803 3225 5859 add.
3261 5803 3327 5859 Α.
