3994 6410
237 412 345 477 969

1310 410 1837 472 BlBLIOTHECA.
1860 437 1931 449 -
1957 407 2119 470 COD.
2152 409 2457 469 CCXXIX.

3413 414 3517 479 970

236 522 337 579 ἀπ’
392 521 638 590 ἀλλήλων
682 520 779 585 τὰς
828 521 1023 589 φύσεις
1080 520 1447 591 ἀπομάχεται,
1480 519 1622 573 οὓτω
1651 519 1827 572 καὶτὸ

1946 518 1989 570 ἱιι
2020 518 2230 573 duabus
2282 519 2492 572 naturis
2535 520 2787 572 unionem
2831 519 2880 571 in
2928 533 3159 587 persona
3192 520 3349 579 falerl
3386 537 3517 581 con-

238 616 303 667 ἐν
328 613 421 668 δύο
454 614 652 682 φύσεσι
682 613 781 682 τὴν
813 612 937 666 καθ’
986 612 1289 665 ὑπόστασιν
1326 613 1611 682 ὁμολογεῖν
1633 612 1829 664 ’ἐνωσιν

238 707 372 769 τοὺς
423 706 786 775 συγχυτικοὺς
840 704 1052 775 ἐλέγχει
1099 705 1192 758 καὶ
1242 703 1595 775 καταισχύνει
1626 703 1833 756 τούτων

237 800 304 852 τὸ
337 798 606 869 βούλημα.
665 794 852 859 Οὕτως
904 794 1000 849 οὖν
1066 799 1157 850 καὶ
1197 798 1231 868 ἡ
1280 800 1336 849 ὲν
1368 796 1461 849 δύο
1485 795 1681 865 φύσσει
1710 796 1831 847 καθ’

240 889 545 942 ὑπόστασιν
575 888 769 950 ἓνωσις
807 890 850 920 79
887 887 979 940 καὶ
1009 889 1043 958 ἡ
1076 889 1175 957 μία
1207 888 1302 940 τοῦ
1337 888 1513 955 Λόγου
1548 904 1831 956 σεσαρκω-

243 979 388 1051 μένη
419 980 582 1049 φύσις
632 980 774 1033 κατὰ
817 981 915 1049 μὲν
961 980 1069 1033 τῶν
1102 981 1496 1051 ἀντικειμένων
1520 981 1714 1039 αὑταῖς
1741 981 1834 1032 καὶ

237 1073 494 1144 ἀλλήλοις
533 1072 890 1141 δοξασμάτων
920 1073 1299 1142 ἀγωνίζονται,
1328 1074 1589 1145 οὐδετέρα
1616 1073 1671 1126 δὲ
1694 1072 1834 1127 κατά

238 1166 343 1234 τῆς
380 1166 575 1235 ἑτέρας
598 1164 913 1228 ὁπλίζεται·
969 1163 1093 1218 οὔτε
1141 1166 1250 1236 γάρ
1302 1168 1335 1236 ἡ
1393 1165 1489 1235 μία
1523 1166 1617 1218 τοῦ
1656 1166 1834 1233 Λόγου

242 1258 645 1328 σεσαρκωμένη
690 1258 852 1326 φύσις
908 1259 993 1310 ἐπ’
1042 1258 1319 1329 ἀναιρέσει
1341 1258 1441 1327 τῆς
1468 1259 1576 1311 τῶν
1616 1259 1834 1327 φύσεων

237 1351 510 1420 διαφορᾶς
531 1348 768 1418 λέγεται,
803 1349 925 1403 οὔτε
955 1353 987 1422 ἡ
1034 1352 1091 1403 ὲν
1115 1351 1207 1403 δύο
1232 1351 1425 1417 φύσεσι
1453 1352 1832 1423 γινωσκομένη

239 1442 371 1496 καθ’
443 1443 741 1496 ὑπόστασιν
791 1443 986 1506 ’ἐνωσις
1019 1444 1286 1515 διαίρεσιν
1330 1446 1425 1497 ἀπ’
1449 1445 1693 1514 ἀλλήλων
1721 1446 1834 1497 εἰσ-

239 1538 370 1603 άγει
410 1537 519 1590 τῶν
575 1537 813 1605 φύσεων.
842 1538 1005 1590 Ὥστε
1049 1542 1082 1608 ή
1125 1539 1234 1591 τῶν
1260 1539 1353 1591 δύο
1383 1538 1601 1609 φύσεων
1636 1539 1833 1601 ἓνωσις

241 1628 539 1697 βεϐαίωσίς
590 1631 710 1683 ἔστι
739 1630 841 1694 τῆς
875 1632 1001 1701 μιᾶς
1046 1630 1139 1684 τοῦ
1194 1631 1367 1700 Λόγου
1401 1633 1833 1702 σεσαρκωμένης

239 1721 604 1787 ὑποστάσεως
678 1722 989 1794 ἀσυγχύτου
1062 1727 1154 1779 καὶ
1216 1724 1480 1797 διαφορᾶς
1526 1726 1832 1795 ἀδιαιρέτου

1936 608 2223 665 fundentes
2270 611 2645 681 reprehendit,
2715 620 2769 663 et
2816 611 3007 665 horum
3054 622 3280 667 conatus
3335 625 3519 669 retun-

1936 702 2035 757 dit.
2073 700 2166 757 Sic
2196 703 2360 771 igitur
2391 712 2445 756 et
2483 704 2534 757 in
2571 704 2780 756 duabus
2806 702 3017 757 naturis
3051 703 3181 759 unio
3212 706 3513 760 secundum

1938 798 2293 869 hypostasim,
2352 808 2410 851 ιιι
2452 813 2555 852 una
2605 796 2762 851 Verbi
2808 806 2998 851 natura
3055 796 3359 863 incarnata,
3397 813 3517 853 cer-

1938 902 2044 945 tam
2080 902 2271 947 contra
2305 907 2401 948 eos
2420 892 2512 962 qui
2555 908 2737 947 secum
2773 891 2871 960 ipsi
2909 899 2962 945 et
2993 890 3133 945 inter
3169 905 3228 946 se
3260 902 3517 961 pugnam,

1937 999 2046 1038 non
2093 984 2259 1052 igitur
2300 985 2470 1040 altera
2514 1000 2633 1038 cum
2676 985 2849 1038 altera
2890 994 3119 1054 pugnat.
3159 982 3346 1051 Neque
3376 984 3517 1036 enim

1939 1092 2041 1130 una
2089 1077 2249 1131 Verbi
2283 1087 2475 1132 natura
2511 1077 2819 1143 incantata,
2854 1078 2906 1130 in
2949 1075 3256 1129 sublatione
3288 1076 3519 1144 quadam

1940 1182 2147 1225 naturae
2186 1171 2386 1226 dicitur
2424 1189 2435 1224 :
2474 1184 2650 1239 neque
2674 1170 2804 1223 unio
2834 1169 2886 1223 in
2925 1169 3135 1223 duabus
3162 1170 3373 1222 naturis
3404 1183 3521 1236 qua:

1937 1265 2233 1319 secundum
2283 1263 2619 1335 hypostasim
2679 1263 3031 1333 agnoscitur,
3098 1261 3417 1316 divisionem
3454 1260 3519 1313 ah

1940 1357 2167 1409 itu-irent
2218 1354 2370 1409 affert
2434 1365 2770 1409 naturarum.
2816 1354 2994 1420 Quare
3048 1352 3244 1424 249a
3292 1353 3518 1406 dnartun

1940 1444 2066 1497 uuin
2108 1456 2453 1508 naturarum,
2506 1444 2853 1497 conﬁrmatio
2900 1452 2981 1498 est
3031 1445 3193 1497 unius
3226 1441 3392 1497 Verbi
3435 1443 3521 1496 in-

1939 1547 2175 1591 eat-natae
2210 1552 2456 1607 persona:
2490 1536 2808 1601 inconfusus,
2834 1546 2887 1591 et
2921 1536 3250 1591 diversitatis
3279 1536 3525 1590 indivisa:

1940 1643 2060 1697 quae
2090 1630 2438 1699 praedicatur.
2466 1629 2591 1684 Haec
2617 1630 2792 1685 etalia
2823 1630 2873 1684 id
2907 1645 3076 1701 genus
3103 1645 3208 1683 non
3237 1643 3407 1698 pauca
3427 1642 3524 1697 pro

1949 1736 2005 1774 re
2064 1731 2188 1774 nata
2244 1720 2491 1791 epistola:
2559 1722 2935 1785 conscribens,
3001 1720 3218 1789 pietatis
3271 1720 3522 1789 dogmata

242 1816 686 1887 κηρυττομένης.
729 1816 916 1869 Ταῦτα
968 1817 1063 1870 καὶ
1096 1816 1322 1870 τοιαῦτα
1361 1816 1526 1889 ἕτερα
1557 1816 1655 1869 οὑκ
1679 1816 1835 1881 ὀλίγα

1946 1812 2249 1878 confirmat,
2289 1814 2636 1883 impudenter
2666 1829 2795 1869 vero
2832 1811 3275 1869 contendentium
3303 1825 3521 1865 sensum

240 1881 339 1960 διὰ
356 1908 461 1977 τῆς
488 1881 859 1980 προέειμένης
907 1908 1239 1980 ἀναγράφων
1297 1881 1589 1980 ἐπιστολῆς
1620 1909 1691 1962 τὰ
1733 1908 1831 1979 μὲν

1946 1905 2315 1976 redarguit,et
2338 1923 2461 1961 eum
2488 1908 2574 1962 cui
2608 1908 2816 1961 reddita
2848 1907 3073 1978 epistola
3098 1916 3179 1961 est
3202 1906 3520 1970 admonens,

238 1998 347 2069 τῆς
387 2000 669 2063 εὐσεϐείας
695 1999 956 2072 κρατύνει
989 2000 1256 2071 δόγματα,
1293 2000 1391 2071 τῆς
1409 2000 1463 2053 δὲ
1499 2001 1833 2072 συγχυτικῆς

1946 2001 2127 2071 augeri
2171 2012 2225 2056 et
2256 2002 2766 2071 crescere'scripta,
2800 2002 2954 2070 quasi
3003 2016 3109 2056 non
3142 1999 3405 2056 exhausta
3442 1998 3524 2050 la-

240 2092 527 2155 ἀναιδείας
555 2091 818 2163 διελέγχει
841 2093 939 2157 τὴν
970 2092 1230 2146 ἀπόνοιαν
1260 2092 1327 2147 ⁸⁸.
1362 2093 1470 2145 Καὶ
1497 2094 1834 2164 παραινέσας

1946 2092 2170 2159 cultate,
2210 2093 2483 2149 scribendi
2520 2094 2677 2148 linem
2713 2093 2862 2149 facit.

238 2183 341 2235 τὸν
368 2183 464 2253 τὴν
489 2183 779 2255 ἐπιστολὴν
808 2182 1102 2254 δεξάμενον
1136 2181 1446 2255 ἐπαυξῆσαί
1476 2200 1536 2237 τε
1563 2186 1658 2237 καὶ
1685 2183 1956 2256 πληθῦναι
1979 2183 2051 2237 τὰ
2077 2182 2468 2256 γεγραμμένα,
2489 2183 2585 2238 ἁτε
2644 2184 2738 2238 καὶ
2797 2182 3087 2252 δυνάμεως
3144 2181 3243 2235 οὑκ
3306 2182 3513 2253 ἄπορον

247 2274 799 2346 γαταλὴγειγρίςφων
836 2276 896 2328 τὸ
921 2275 1179 2346 γράμμα.

320 2370 456 2425 Μεθ’
496 2370 525 2424 ὃ
559 2371 696 2443 πρὸς
729 2371 948 2425 Εὐνόῖον
996 2371 1224 2443 μοναχὸν
1267 2372 1463 2445 ἑτέραν
1504 2372 1729 2445 γράφει,
1776 2375 1834 2428 ὲν

2008 2374 2138 2426 Dein
2207 2373 2273 2426 ad
2323 2373 2593 2426 Eunoiunt
2654 2373 2977 2425 monachum
3047 2369 3208 2423 aliam
3266 2367 3515 2424 scribit:

239 2454 287 2533 ᾖ
321 2459 545 2525 διέξεισι
574 2460 712 2531 μήτε
744 2459 995 2532 ἀλλήλοις
1027 2462 1164 2532 μήτε
1200 2462 1411 2525 ἑαυτοῖς
1448 2462 1835 2533 ἐναντιωθῆναι

1946 2481 2041 2536 qua
2087 2466 2316 2534 epistola
2384 2474 2591 2527 narrat,
2654 2479 2829 2532 neque
2888 2477 3073 2516 secum
3128 2462 3297 2530 ipsos,
3347 2474 3524 2528 neque

240 2553 379 2614 τοὺς
402 2552 581 2622 ἱεροὺς
608 2551 768 2623 ἡμῶν
798 2553 1071 2623 Πατέρας,
1104 2554 1324 2607 ἐπειδὰν
1354 2555 1483 2624 περὶ
1512 2554 1718 2625 φθορᾶς
1744 2554 1835 2608 καὶ

1946 2559 2080 2613 inter
2118 2572 2176 2611 se
2216 2571 2457 2626 pugnare
2491 2555 2668 2611 sancti
2714 2554 2926 2618 Patres,
2968 2554 3185 2623 quando
3224 2554 3291 2609 de
3333 2566 3525 2606 corru—

242 2643 564 2715 ἀφθαρσίας
619 2644 1047 2713 διαλαμϐάνωσι.
1090 2645 1199 2697 Καὶ
1233 2646 1313 2699 ὅτι
1343 2647 1377 2717 η
1415 2645 1515 2717 μὲν
1564 2645 1835 2717 ἁφθαρσία

1946 2649 2122 2720 ptione
2160 2657 2213 2702 ct
2258 2647 2664 2713 incorruptione
2712 2645 2992 2700 disserunt
3045 2655 3100 2699 et
3154 2644 3523 2712 incorruptio-

244 2736 412 2805 ὑγεία
438 2735 521 2800 τίς
556 2738 705 2790 ἐστιν
734 2736 848 2790 ἀλλ’
873 2737 973 2791 οὑκ
999 2737 1278 2809 ἀναίρεσις
1307 2738 1405 2807 τῆς
1437 2739 1709 2810 ἡμετέρας
1738 2738 1835 2808 φύ-

1946 2756 2067 2797 nem
2108 2743 2397 2796 sanitatem
2429 2739 2724 2821 quamdam
2762 2753 2907 2802 esse,
2950 2752 3055 2791 non
3087 2748 3269 2791 autem
3319 2746 3527 2790 natura:

244 2845 417 2894 σεως,
449 2832 483 2900 ὴ
515 2829 571 2883 δὲ
605 2829 813 2900 φθορὰς
853 2830 1007 2893 νόσος
1040 2846 1055 2861 ’
1086 2830 1209 2883 ὅθεν
1241 2830 1337 2883 καὶ
1386 2830 1476 2883 τὸν
1512 2829 1691 2901 Ἀδὰμ
1728 2830 1835 2901 πρὸ

1946 2846 2146 2890 nostrae
2169 2832 2533 2889 sublationem
2574 2872 2586 2886 .
2619 2831 3026 2901 corruptionem
3054 2839 3246 2884 contra
3278 2828 3526 2883 morbum

242 2923 353 2994 τῆς
381 2922 742 2994 παραΰὰσεως
764 2922 1040 2993 ἄφθαρτον
1066 2922 1259 2992 ἔχοντα
1287 2924 1464 2993 σάρκα
1486 2925 1628 2978 κατὰ
1655 2924 1833 2978 πάντα

1946 2928 2233 2997 quemdam
2282 2940 2423 2980 esse.
2468 2922 2622 2978 Unde
2653 2933 2708 2978 et
2748 2923 3017 2977 Adamnm
3044 2930 3169 2975 ante
3195 2921 3403 2989 lapsum
3447 2920 3527 2973 in-

245 3015 529 3087 ὐπάρχειν
562 3017 693 3087 ἡμῖν
735 3016 1041 3086 ὀμοούσιον.
1076 3015 1263 3068 Ταῦτα
1311 3020 1540 3089 χρήσεσι
1573 3018 1833 3088 Πατέρων

1946 3027 2252 3087 corruptam
2292 3017 2543 3070 habuisse
2572 3029 2815 3080 carnem,
2841 3022 2894 3068 et
2934 3028 3029 3082 per
3053 3015 3237 3069 omnia
3264 3013 3418 3068 nobis
3452 3014 3528 3070 si—

244 3105 609 3172 διαδεὸαιῶν,
645 3106 738 3160 καὶ
767 3106 931 3178 ἕτερα
960 3105 1059 3159 οὑκ
1085 3104 1243 3174 ὀλίγα
1276 3106 1410 3177 πρὸς
1434 3109 1529 3179 τὴν
1559 3108 1841 3161 εὐσέϐειαν

247 3200 511 3270 χρήσιμα
572 3196 985 3268 συγκαταλέξας
1038 3198 1108 3269 τῇ
1142 3196 1422 3269 ἐπιστολῇ,
1483 3198 1655 3269 πέρας
1702 3198 1839 3269 αὐτῇ

250 3290 583 3361 ἐπιτίθησιν.

338 3384 463 3437 Ἐπὶ
495 3384 720 3449 ταύταις
748 3386 807 3440 δὲ
844 3386 939 3441 καὶ
969 3387 1118 3457 λόγοι
1152 3388 1299 3459 αὑτῷ
1321 3388 1669 3459 διελέχθησαν
1703 3403 1841 3439 παν-

251 3478 517 3546 ηγυρικοὶ
549 3476 592 3509 ⁸⁸
627 3478 692 3543 ζ’,
736 3480 766 3532 ό
820 3480 918 3550 μὲν
964 3482 1045 3544 εἰς
1080 3480 1148 3534 τὰ
1193 3481 1446 3549 ὲγκαίνια
1489 3480 1599 3533 τῶν
1670 3478 1841 3547 ἁγίων

254 3571 581 3642 προφητῶν,
612 3572 642 3625 ὀ
677 3570 734 3625 δὲ
764 3573 844 3634 είς
874 3572 940 3625 τὰ
970 3572 1221 3641 γενέθλια
1255 3573 1350 3626 τοῦ
1406 3574 1658 3641 Σωτῆρος
1686 3572 1841 3642 ἡμῶν

270 3667 450 3741 Ἰησοῦ
472 3668 731 3741 Χριστοῦ,
784 3668 971 3741 ἕτερος
998 3669 1054 3724 δὲ
1082 3670 1187 3741 πρὸ
1212 3670 1321 3724 τῶν
1352 3672 1523 3740 ἁγίων
1551 3671 1837 3742 νηστειῶν,

258 3764 353 3814 καὶ
384 3762 543 3825 ἄλλος
573 3763 653 3825 είς
688 3760 787 3833 τὴν
828 3764 1132 3834 κατήχησιν
1166 3763 1273 3816 τῶν
1312 3764 1709 3833 νεοφωτίστων,
1748 3763 1842 3816 καὶ

256 3851 323 3923 δὴ
354 3852 452 3905 καὶ
483 3854 564 3917 είς
606 3854 677 3908 τὰ
714 3854 965 3924 θγκαίνια
1001 3855 1096 3909 τοῦ
1127 3856 1466 3927 ἀρχαγγέλου
1500 3855 1717 3926 Μιχαὴλ
1744 3854 1839 3908 τοῦ

258 3946 319 3999 ἐν
372 3945 582 4019 Δάφνῃ,
604 3948 699 3999 καὶ
734 3949 813 4010 είς
852 3948 949 4019 τὴν
972 3949 1131 4016 ἁγίαν
1159 3948 1637 4019 Τεσσαρακοστὴν,
1662 3947 1756 4001 καὶ
1782 3948 1839 4001 ἐν

264 4038 366 4109 μιᾷ
408 4037 511 4108 τῆς
571 4038 734 4107 ἁγίας
788 4040 1249 4112 Τεσσαρσκοστῆς
1306 4040 1492 4111 ἐνάτῃ.
1538 4039 1697 4092 Ἀλλὰ
1746 4038 1840 4093 καὶ

259 4130 356 4184 ini.
387 4130 599 4193 τούτοις
621 4130 804 4199 ὄγδοος
833 4134 861 4185 ὁ
891 4133 948 4185 ἐν
985 4134 1051 4203 τῇ
1091 4132 1225 4205 ἁγίᾳ
1252 4132 1471 4202 τετράδι
1507 4131 1721 4202 λεχθεὶς
1756 4133 1837 4198 εἰς

257 4221 383 4284 τοὺς
413 4221 828 4290 νεοφωτίστους.
1780 4244 1793 4257 ·

325 4312 541 4383 nam
586 4307 681 4367 οὖν
716 4313 934 4385 πρῶτον
986 4312 1113 4384 [410
1167 4313 1261 4386 Η.)
1314 4313 1600 4385 περιελθὸν
1632 4315 1711 4378 είς
1738 4313 1837 4379 τὰς

256 4404 533 4476 ἡμετέρας
559 4406 749 4475 χεῖρας
773 4400 965 4475 τεῦχος
993 4402 1167 4458 ταῦτα
1189 4406 1484 4475 περιεῖχεν.

641 4563 753 4619 Τοῦ
780 4494 1174 4631 αὑτοῦΣὲἳέη
1217 4563 1456 4630 βίϐλος.

1948 3109 2132 3165 milem
2189 3107 2359 3162 fuisse
2408 3105 2629 3159 Patrum
2710 3105 3042 3159 testimoniis
3082 3094 3442 3170 confirmans,
3468 3115 3523 3158 et

1950 3203 2050 3254 alia
2102 3204 2167 3255 ad
2204 3201 2459 3269 pietatem
2520 3198 2667 3252 utilia
2723 3198 2966 3269 epistola:
3027 3198 3313 3254 includens
3360 3198 3522 3253 linem

1870 3304 1912 3362 α
1947 3296 2094 3349 facit.

2022 3387 2337 3456 Sequuntur
2386 3386 2512 3441 hinc
2564 3382 2801 3449 eiusdem
2857 3383 3196 3453 panegyrieaz
3246 3383 3526 3438 orationes

1949 3489 2177 3549 septem.
2223 3480 2403 3533 Prima
2438 3480 2489 3533 in
2524 3477 2723 3533 festum
2773 3478 3242 3530 sanctissimorutn
3296 3476 3529 3546 prophe-

1950 3581 2170 3636 tarum;
2221 3572 2392 3625 altera
2443 3570 2494 3624 in
2534 3569 2659 3626 Jesu
2697 3570 2899 3624 Christi
2932 3568 3166 3621 natalem
3195 3569 3372 3635 diem;
3410 3576 3526 3623 ter-

1951 3665 2024 3719 tia
2070 3664 2123 3718 in
2158 3678 2312 3717 sacra
2353 3663 2481 3717 anni
2523 3660 2726 3733 jejunio
2753 3677 2769 3728 ;
2800 3671 2994 3730 quarta
3022 3660 3074 3713 in
3107 3661 3525 3716 eatecltttmeno-

1952 3773 2067 3811 rum
2098 3756 2547 3821 instructionem;
2582 3755 2710 3809 item
2758 3755 2810 3809 in
2852 3754 3046 3810 festum
3080 3754 3219 3807 diem
3248 3752 3527 3809 Michaelis

1947 3849 2260 3919 archangeli
2316 3849 2369 3903 in
2423 3848 2679 3918 Daphne;
2738 3858 2890 3901 sexta
2926 3848 2977 3900 in
3022 3862 3235 3901 sacram
3277 3846 3529 3911 Quadra-

1948 3942 2248 4011 gesimam;
2286 3941 2518 4009 denique
2547 3940 2599 3993 in
2632 3956 2793 3994 unam
2823 3937 3263 4008 Quadragesimm
3291 3952 3520 4002 nonam;

1945 4041 2136 4085 octava
2176 4029 2243 4084 ad
2284 4032 2397 4085 haec
2434 4032 2611 4085 oratio
2650 4044 2772 4099 qua:
2800 4029 2854 4083 in
2887 4041 3046 4083 sacro
3076 4026 3427 4097 quaternario
3454 4028 3523 4080 ad

1946 4122 2257 4195 Neophytos
2289 4122 2492 4176 habita.

2016 4300 2259 4356 Primum
2316 4298 2501 4366 itaque
2553 4295 2697 4366 quod
2741 4295 2794 4347 in
2844 4306 3036 4348 manus
3075 4305 3225 4348 meas
3272 4290 3521 4346 volumen

1944 4393 2152 4461 incidit,
2195 4392 2312 4447 haec
2344 4390 2676 4446 continebat.

2585 4479 2724 4535 ιϐοΧ
2738 4478 2875 4535 XIX.

2300 4553 2568 4622 Eplircmii
2578 4553 2816 4622 ejusdem
2850 4546 2982 4604 liber
3003 4549 3165 4603 alius.

327 4654 459 4728 [785
488 4654 583 4727 11.]
626 4654 966 4726 ’Δνεγνώσθη
997 4654 1199 4725 βιϐλίον
1227 4654 1322 4709 τοῦ
1350 4653 1517 4710 αὐτοῦ
1562 4656 1621 4710 ἐν
1662 4656 1835 4723 ἁγίοις

2015 4645 2143 4717 Legi
2161 4645 2398 4713 ejusdem
2432 4646 2601 4701 sancti
2623 4646 2851 4698 alterum
2885 4642 3105 4708 librum,
3130 4641 3221 4710 qui
3252 4641 3319 4695 de
3348 4644 3521 4695 sacris

268 4746 624 4816 Ἐφραιμίου,
670 4746 728 4807 ὃς
758 4746 868 4799 τῶν
918 4746 1079 4818 ἱερῶν
1108 4747 1205 4817 τῆς
1250 4746 1584 4817 Ἀντιοχείας
1627 4746 1843 4817 θεσμῶν

257 4838 471 4907 ἡγεῖτο,
505 4838 563 4891 ὲν
613 4836 791 4905 λόγοις
823 4838 887 4900 δ’,
918 4831 993 4891 ὧν
1020 4840 1047 4890 ὁ
1080 4838 1178 4909 μὲν
1209 4836 1257 4891 α’
1288 4837 1551 4909 περὶτῶν
1597 4837 1843 4908 ἐπηρεα-

256 4926 505 4999 ζομένων
556 4929 815 4999 ῥημάτων
866 4929 1157 5000 Κυρίλλου,
1214 4929 1250 4984 ἃ
1301 4931 1508 4991 ἐκεῖνος
1562 4928 1842 4998 παρέθηκε

256 5020 394 5091 πρὸς
432 5020 740 5090 Σούκηνσον
781 5022 924 5074 κατά
957 5021 1055 5092 τὴν
1082 5022 1341 5093 δευτέραν
1380 5020 1671 5092 ἐπιστολὴν
1706 5022 1841 5092 γρά-

257 5129 396 5182 φων,
428 5110 787 5181 διαλαμϐάνει
821 5113 962 5182 ’τὴν
987 5112 1248 5181 ἐπήρειαν
1293 5112 1349 5165 δὲ
1386 5113 1423 5178 ή
1469 5111 1563 5164 τοῦ
1598 5112 1841 5183 Σεόήρου

256 5202 472 5271 αἵρεσις
521 5199 740 5267 ἐπάγει.
802 5200 864 5255 '0
904 5201 969 5253 δὲ
1019 5199 1062 5270 β’
1090 5201 1384 5269 ἀπόκρισίς
1417 5203 1534 5255 ἐστι
1576 5202 1712 5273 πρὸς
1753 5202 1841 5255 τὸν

259 5293 618 5365 σχολαστικὸν
695 5293 998 5347 Ἀνατόλιον
1050 5294 1181 5364 περὶ
1246 5286 1319 5347 ὧν
1372 5294 1578 5356 ἐκεῖνος
1639 5293 1832 5361 μαθεῖν

255 5384 559 5455 ἠϐουλήθη.
595 5386 653 5437 'U
681 5385 738 5438 δὲ
778 5390 827 5452 γ’
867 5384 1165 5452 ἀπολογίαν
1214 5385 1354 5455 ὑπὲρ
1381 5385 1480 5455 τῆς
1529 5383 1689 5451 ἁγίας
1735 5383 1831 5438 καὶ

256 5476 642 5545 οἱκουμενικῆς
700 5478 760 5529 ἐν
816 5475 1118 5545 Καλχηδόνι
1181 5477 1395 5530 συνόδου
1450 5477 1651 5546 γράφει
1694 5476 1831 5545 πρὸς

257 5567 461 5637 Mme
492 5568 585 5619 καὶ
637 5568 888 5636 Ἰωάννην
930 5566 1055 5630 τοὺς
1110 5569 1165 5619 ἐν
1218 5570 1283 5636 τῇ
1316 5566 1561 5637 δευτέρᾳ
1611 5566 1831 5637 Κιλικίᾳ

1941 4739 2242 4793 Antiochiae
2268 4738 2475 4807 legibus
2506 4745 2690 4789 narrat
2738 4734 2889 4789 libris
2921 4744 3171 4803 quatuor.
3206 4733 3415 4787 Primus
3455 4735 3521 4787 de

1942 4830 2358 4901 verbisCyrilli,
2385 4828 2793 4883 in'calnmniam
2822 4827 3088 4889 adductis,
3119 4840 3238 4894 qum
3272 4825 3338 4877 ad
3381 4824 3517 4876 Sne-

1938 4938 2157 4976 censom
2187 4921 2281 4996 [al.
2315 4919 2662 4991 Successum]
2690 4918 2914 4988 epistola
2942 4918 3179 4972 secunda
3205 4916 3441 4983 scripsit,
3464 4924 3519 4968 et

1938 5014 2388 5083 oppugnationem
2441 5010 2752 5066 Severiana:
2805 5007 3012 5079 profert
3070 5007 3311 5060 haeresis.
3367 5007 3519 5058 Alter

1940 5106 2212 5175 responsio
2231 5115 2315 5160 est
2343 5106 2408 5157 ad
2438 5103 2747 5157 Anatolium
2788 5101 3196 5161 scholasticam,
3217 5099 3281 5151 de
3307 5098 3372 5150 iis
3398 5113 3517 5166 quze

1938 5198 2149 5251 discere
2183 5195 2413 5250 volebat.
2459 5193 2680 5247 Tertius
2741 5191 3056 5261 Apologiam
3104 5188 3314 5243 concilii
3356 5186 3516 5241 Chal-

1928 5288 2257 5342 cedonensis
2295 5289 2537 5340 continet
2579 5286 2645 5339 ad
2690 5284 2955 5339 Domuum
3003 5284 3223 5336 mittens
3257 5291 3311 5335 et
3353 5280 3516 5334 Joan-

1941 5391 2084 5438 nem,
2118 5377 2205 5444 qui
2232 5375 2434 5429 Cicilite
2456 5374 2706 5430 secundae
2723 5374 2971 5429 monachi
3000 5383 3174 5427 erant.
3195 5370 3427 5438 Quartus
3448 5370 3514 5423 ad

1940 5468 2182 5526 Orientis
2222 5470 2537 5533 monachos,
2571 5468 2660 5537 qui
2703 5475 2757 5521 et
2794 5468 2893 5536 ipsi
2940 5467 3233 5523 Severiana
3278 5464 3512 5534 correpti

1941 5565 2059 5619 labe
2092 5562 2327 5618 fuerunt.

192 5692 197 5695 -
261 5659 585 5720 ἀσκοῦντας
627 5658 685 5711 '0
708 5658 763 5710 δὲ
792 5656 831 5709 δ’
857 5656 991 5726 πρὸς
1022 5657 1147 5720 τοὺς
1169 5656 1517 5719 ἁνατολικοὺς
1541 5657 1831 5727 μοναχοὺς,
1870 5658 1966 5723 τῆς
2000 5653 2241 5724 Σεὸήρου
2272 5651 2589 5714 δυσσεϐείας
2612 5651 2705 5706 καὶ
2730 5648 2928 5713 αὐτοὺς
2956 5646 3371 5719 ἀντεχομένους.

1541 5775 1799 5833 VARUE-
1817 5770 2227 5831 LECTIONES.

326 5872 371 5906 "
409 5872 602 5936 ἒνωσις
632 5871 752 5923 καθ’
794 5870 1090 5924 ὑπόστασιν
1125 5889 1183 5935 ς.

615 5962 883 6024 ΡΑτιιοι..
916 5962 1030 6024 Gn.
1080 5963 1235 6025 Cll].

1260 5872 1305 5904 ⁸ο
1340 5872 1592 5929 ὑπόνοιαν
1626 5891 1687 5938 ς’.

1775 5874 1817 5905 ⁸⁸
1859 5888 2061 5943 πανηγ.
2096 5868 2229 5924 διελ.
2256 5883 2317 5931 ς.

3065 5956 3135 6018 3|
