3994 6398
555 408 655 478 971

1713 394 1975 458 ΡΠΟΤῘΙ
2018 393 2144 453 ΡΑἸ

2252 388 2527 449 ARCll/E
2558 388 2663 448 Cl‘.
3678 379 3766 442 9’72

620 519 789 576 Aﬂ‘ert
821 530 1000 574 autem
1032 517 1170 573 libro
1203 516 1377 586 primo
1409 512 1688 569 calumniae
1719 514 1863 567 illam
1913 507 2123 582 259i:

2300 498 2628 571 Προτίθησιν
2661 492 2757 549 οὖν
2806 494 2863 546 ἐν
2897 491 2974 562 τῷ
3022 498 3069 545 α’
3107 490 3249 561 λόγῳ
3292 488 3390 560 τὴν
3424 487 3766 558 ἐπηρεαζομέ-

544 628 765 675 vocem,
813 618 869 662 ut
907 609 1106 662 dictum
1152 616 1236 660 est
1275 620 1341 658 ex
1394 603 1629 658 secunda
1682 604 1746 657 ad
1792 602 2121 656 Succensum

545 702 797 773 cpistola,
830 701 910 754 Itis
943 698 1126 753 verbis
1162 715 1175 749 :
1210 696 1290 750 Sit
1322 697 1467 750 nobis
1494 696 1681 749 iterum
1707 692 1939 761 exemplo
1971 692 2122 744 homo

548 799 682 851 inter
714 812 804 849 nos
832 801 1086 846 t'crsattts.
1124 789 1266 842 Duas
1295 790 1431 841 enim
1474 789 1527 841 in
1568 786 1661 840 illo
1692 796 1919 839 naturas
1969 800 2125 852 agno-

549 891 740 943 scimus
778 902 795 939 :
829 902 983 937 unum
1006 884 1207 950 quidem
1242 881 1498 950 corporis,
1523 880 1742 931 alteram
1773 893 1888 930 vero
1915 878 2123 937 animle,

549 982 636 1033 sccl
670 979 721 1031 in
745 992 904 1046 puras
935 975 1165 1027 notiones
1202 972 1422 1035 divisas,
1456 981 1501 1024 et
1529 982 1580 1022 ut
1610 971 1663 1022 in
1690 969 1932 1022 tenuibus
1957 968 2127 1021 simu-

549 1068 731 1129 lucris,
791 1065 884 1118 hoc
924 1074 995 1118 est
1048 1063 1235 1116 mentis
1296 1061 1724 1130 cogitationibus,
1777 1059 2127 1128 diﬂ'erentiant

550 1159 909 1227 suscipientes,
932 1172 1032 1209 non
1056 1171 1147 1223 per
1167 1163 1343 1223 partes
1368 1162 1585 1207 naturas
1610 1151 1951 1215 collocamus,
1970 1165 2129 1217 neque

550 1251 794 1317 utrinque
841 1248 1081 1301 sectionis
1110 1248 1211 1299 rim
1256 1246 1381 1315 ipsis
1427 1245 1778 1308 concedimus,
1830 1242 1920 1295 sed
1975 1242 2130 1293 unius

550 1360 709 1395 unam
734 1357 843 1395 esse
877 1341 1235 1409 intelligimus,
1270 1354 1431 1407 quare
1459 1338 1581 1390 bina
1610 1353 1710 1389 non
1750 1334 1978 1401 amplius
2007 1333 2133 1387 bina

551 1446 692 1499 sunt,
743 1435 831 1488 sed
885 1444 1106 1502 utroque
1155 1441 1359 1484 tantum
1396 1446 1556 1483 unum
1602 1430 1872 1499 perﬁcitur
1899 1428 2129 1482 animal.

554 1527 679 1581 llzec
715 1536 838 1580 sunt
863 1540 982 1593 qua:
1013 1525 1064 1577 in
1097 1524 1423 1577 calumniam
1455 1531 1639 1573 vocata
1671 1530 1795 1575 sunt
1817 1520 1997 1573 verba.
2029 1518 2133 1589 Cy-

552 1621 705 1673 rillus
736 1618 876 1672 enim
916 1616 1081 1669 animi
1124 1624 1176 1668 et
1210 1614 1476 1681 corporis,
1502 1628 1530 1665 e
1558 1614 1753 1681 quibus
1795 1612 1954 1666 homo
1984 1625 2131 1665 cont-

552 1713 788 1777 ponitur,
818 1712 1038 1765 vocibus
1070 1709 1428 1763 dill‘ereutiam
1466 1707 1798 1761 constituere
1827 1704 2130 1758 recusabat.

552 1802 908 1869 Quamobrem
938 1801 1015 1855 sic
1042 1800 1116 1853 ait
1144 1814 1157 1852 :
1189 1798 1305 1852 Non
1326 1814 1416 1867 per
1437 1808 1611 1867 partes
1632 1805 1847 1849 naturas
1872 1795 2131 1863 ponim‘us,

2229 610 2325 662 νην
2379 590 2583 662 φωνὴν,
2634 589 2823 657 ὥσπερ
2865 585 3074 654 ἔφημεν
3122 584 3185 635 ἐκ
3224 582 3320 651 τῆς
3371 581 3616 648 δευτέρας
3658 582 3771 649 πρὸς

2230 683 2536 753 Σούκηνσον
2584 678 2897 747 ἐπιστολῆς,
2953 676 3181 745 ἔχουσαν
3213 673 3385 735 οὓτως
3417 686 3433 703 ο
3491 672 3675 724 Ἔστω
3718 670 3773 722 δὲ

2229 772 2374 842 ἡμῖν
2422 775 2509 836 είς
2558 768 2927 839 παράδειγμα
2960 764 3149 818 πάλιν
3177 766 3209 817 ό
3242 763 3371 816 καθ’
3403 760 3557 830 ἡμᾶς
3588 759 3777 827 ἀνθρω-

2232 879 2364 929 πος.
2421 864 2536 916 Δύο
2584 862 2700 930 μὲν
2741 860 2849 929 γὰρ
2879 859 2973 911 καὶ
3010 856 3101 909 ἐπ’
3132 854 3321 915 αὑτοῦ
3351 854 3395 884 ⁸¹
3421 853 3666 921 νοοῦμεν
3690 854 3777 919 τὰς

2233 958 2472 1026 φύσεις,
2516 955 2657 1020 μίαν
2680 952 2798 1021 μὲν
2829 950 2938 1017 τῆς
2966 947 3194 1017 ψυχῆς,
3228 945 3438 1013 ἑτέραν
3465 944 3532 997 δὲ
3560 943 3664 1012 τὴν
3689 944 3777 999 τοῦ

2231 1049 2529 1117 σώματος.
2595 1044 2749 1098 Ἀλλ’
2800 1043 2870 1095 ἐν
2910 1040 3121 1110 ψιλαῖς
3156 1038 3462 1103 διελόντες
3526 1037 3776 1103 ἐννοίαις,

2233 1139 2329 1192 καὶ
2364 1138 2444 1202 ὡς
2467 1136 2537 1189 ἐν
2575 1132 2818 1203 ἰσχνοῖς
2860 1131 3125 1197 θεωρίαις
3149 1128 3280 1197 ⁸ἦτοι
3304 1128 3416 1181 νοῦ
3449 1127 3778 1194 φαντασίαις

2234 1231 2349 1298 τὴν
2378 1226 2674 1297 διαφορὰν
2699 1224 3035 1294 δεξάμενοι,
3072 1224 3183 1276 οὐκ
3212 1221 3329 1275 ἀνὰ
3364 1218 3545 1289 μέρος
3581 1220 3783 1285 τίθεμεν

2233 1323 2340 1388 τὰς
2370 1322 2608 1391 φύσεις,
2649 1319 2787 1371 οὔτε
2811 1317 2939 1386 μὴν
2978 1316 3073 1369 καί
3104 1312 3369 1382 διαμπὰξ
3399 1310 3670 1379 διατομῆς
3699 1310 3785 1363 δέ-

2234 1432 2414 1484 ναμιν
2463 1412 2704 1481 ἐφίεμεν
2730 1408 2961 1474 αὑταῖς,
3006 1408 3166 1461 ἀλλὰ
3193 1408 3343 1475 μίαν
3372 1404 3511 1467 ἐνὸς
3534 1400 3678 1457 εἷναι
3705 1418 3786 1455 νο-

2238 1504 2446 1573 οῦμεν,
2478 1502 2633 1554 ὥστε
2654 1501 2724 1554 τὰ
2753 1499 2863 1553 δύο
2888 1498 3104 1567 μηκέτι
3129 1497 3247 1565 μὲν
3269 1494 3421 1549 εῖναι
3452 1493 3583 1556 δύο,
3610 1491 3676 1545 δι’
3703 1492 3789 1560 ἁμ-

2238 1597 2376 1667 φοῖν
2418 1596 2486 1648 δὲ
2534 1596 2600 1647 τὸ
2644 1593 2713 1647 ἓν
2765 1590 3191 1646 ἀποτελεῖσθαι
3247 1588 3411 1648 ζῶον.
3464 1588 3529 1639 Ai
3577 1586 3669 1653 μὲν
3716 1579 3788 1637 οὖν

2240 1686 2685 1758 ἐπηρεαζόμενοι
2720 1685 2896 1753 φωναὶ
2936 1677 3120 1737 αὗται.
3165 1681 3223 1732 Ὀ
3266 1680 3363 1749 μὲν
3393 1678 3503 1747 γὰρ
3536 1676 3672 1747 ἱερὸς
3706 1675 3791 1729 Κύ-

2244 1780 2422 1851 ριλλος
2475 1779 2655 1850 ψυχῆς
2688 1780 2781 1831 καὶ
2819 1776 3091 1846 σώματος,
3131 1774 3190 1837 ἐξ
3219 1766 3293 1825 ὧν
3337 1774 3364 1825 ὁ
3412 1772 3492 1832 είς
3539 1768 3790 1839 ἄνθρωπος

551 1894 640 1947 sed
688 1892 1113 1962 divisioniuquit.
1152 1890 1349 1943 Verum
1372 1888 1575 1942 addidit
1615 1904 1627 1941 :
1663 1886 1833 1940 Unam
1858 1902 1966 1940 esse
1983 1887 2137 1939 unius

2248 1874 2610 1935 ἀποτελεῖται,
2665 1871 2764 1940 τὴν
2798 1870 3064 1939 διαφορὰν
3120 1865 3394 1945 ἠόοοολήθη
3442 1863 3532 1916 διὰ
3569 1862 3672 1913 τῶν
3719 1861 3789 1912 λέ-

553 1985 917 2054 intelligimus.
938 1985 1002 2037 Et
1021 1982 1148 2052 quid
1167 1981 1303 2034 hoc?
1330 1996 1488 2034 unam
1515 1981 1658 2035 enim
1691 1980 1777 2034 hic
1802 1978 2134 2050 liypostasin,

553 2078 647 2130 sed
681 2090 787 2130 ηοω
828 2085 1076 2128 naturam
1114 2072 1328 2137 asserit,
1367 2072 1527 2141 idque
1580 2070 1919 2125 manifestius
1963 2070 2137 2125 reddit

554 2170 868 2232 ostendens,
906 2165 1135 2234 Utroque
1167 2181 1329 2219 unum
1375 2163 1574 2217 animal
1603 2163 1957 2217 constituitur.
1996 2161 2139 2228 Quo—

557 2258 715 2312 modo
753 2258 913 2327 igitur
943 2255 1057 2310 lieri
1085 2264 1262 2323 potest
1296 2269 1457 2308 unam
1491 2268 1610 2308 esse
1646 2253 1832 2317 animi,
1869 2252 2138 2320 corporis-

556 2362 660 2417 que
706 2346 993 2401 naturam?
1038 2346 1143 2399 Sed
1191 2346 1309 2399 vide
1346 2346 1536 2397 iterum
1587 2343 1809 2397 alteram
1871 2342 2139 2396 haereseos

556 2440 865 2501 amentiam,
901 2436 1203 2508 Intelligere
1259 2445 1493 2505 oportet,
1553 2436 1750 2504 inquit,
1797 2451 1901 2488 non
1945 2435 2137 2488 dicere.

556 2535 873 2599 Quanquam
904 2530 1025 2598 quis
1049 2529 1219 2582 nescit
1247 2536 1394 2581 recte
1424 2525 1777 2590 intellectum,
1804 2532 1951 2578 recte
1974 2522 2136 2576 etiam

557 2624 685 2686 dici,
718 2630 905 2675 contra
935 2634 1066 2673 vero
1100 2618 1237 2672 male
1264 2617 1623 2678 intellectum,
1652 2614 1790 2669 male
1820 2614 1981 2668 etiam
2012 2611 2137 2665 dici.

559 2714 615 2766 Si
654 2727 777 2766 vero
808 2710 929 2780 quia
963 2710 1093 2763 dicit
1130 2728 1142 2763 :
1176 2705 1363 2767 Unam,
1383 2707 1537 2760 unius
1571 2704 1972 2774 intelligimus?
2000 2701 2135 2755 illud

560 2818 709 2867 vero,
747 2820 906 2856 unam
957 2802 1243 2856 secundant
1278 2816 1370 2853 nos
1414 2810 1680 2863 naturam,
1738 2796 1875 2850 dixit
1916 2814 1929 2849 :
1983 2794 2141 2848 unius

560 2912 772 2966 quoque
802 2896 1063 2949 duntaxat
1098 2894 1345 2947 animalis
1392 2907 1511 2947 esse
1546 2890 1843 2958 intelligere
1881 2902 1978 2956 par
2019 2896 2138 2949 est,

560 2989 743 3041 dicere
774 3000 900 3040 vero
932 2999 1034 3037 non
1070 2984 1219 3037 item.
1252 2980 1366 3035 Non
1405 2982 1568 3051 igitur
1599 2979 1952 3033 assereudum
1979 2986 2034 3030 et
2060 2976 2140 3028 in-

566 3077 937 3147 telligendum,
970 3090 1130 3129 unam
1161 3088 1284 3127 esse
1315 3082 1583 3138 naturam,
1613 3070 1807 3139 quibus
1833 3070 1935 3123 huc
1966 3081 2142 3122 acces-

560 3172 647 3225 sit.
683 3173 751 3224 At
772 3168 1041 3238 quomodo
1066 3167 1207 3222 idem
1234 3169 1443 3233 integre
1471 3165 1627 3227 dixit,
1656 3178 1777 3232 qum
1802 3162 2003 3215 dixisse
2031 3174 2135 3214 non
2171 3213 2212 3238 ι,

561 3258 834 3331 oportuit?
885 3257 991 3313 Sed
1035 3258 1250 3310 valeant
1282 3256 1361 3309 lia:
1402 3269 1574 3322 nugae.
1626 3253 1823 3307 lterum
1852 3250 2021 3312 aiunt,
2064 3249 2144 3301 in-

560 3347 721 3418 quit:
761 3344 827 3400 Ut
873 3347 993 3399 bina
1037 3360 1141 3399 non
1184 3343 1412 3412 amplius
1449 3358 1558 3397 esse
1590 3341 1735 3402 bina.
1784 3342 1871 3394 sed
1927 3348 2147 3406 utroque

561 3450 769 3495 tantum
804 3454 961 3491 unum
988 3437 1258 3505 per/icitur
1281 3436 1500 3489 animal.
1530 3434 1697 3503 igitur
1723 3434 1858 3487 duas
1902 3446 2148 3487 asserere

565 3544 808 3595 naturas,
843 3548 946 3584 non
978 3532 1109 3585 duas
1150 3530 1377 3598 amplius
1400 3543 1638 3583 manere.
1668 3525 1724 3581 Si
1750 3540 1877 3581 vero
1900 3524 2149 3595 exemplo

564 3628 879 3694 loquuntur,
913 3626 1046 3678 duas
1087 3633 1311 3677 naturas
1344 3636 1450 3676 nou
1485 3620 1723 3690 amplius
1754 3620 1887 3675 dicit
1931 3633 2150 3675 manere

564 3718 722 3780 duas,
765 3714 1017 3768 videlicet
1065 3714 1133 3768 de
1177 3711 1396 3767 Christo
1458 3711 1597 3767 idem
1646 3724 1714 3765 ex
1766 3710 2151 3765 consecutione

565 3806 963 3861 consideratur.
983 3803 1048 3857 Et
1080 3804 1297 3873 quidem
1340 3817 1446 3858 non
1475 3801 1831 3871 intelligentes
1857 3800 2149 3864 afﬁrmant,

573 3899 800 3968 primum
840 3897 1079 3967 quidem,
1112 3906 1170 3950 ut
1214 3911 1319 3950 non
1351 3896 1532 3951 omnia
1574 3895 1624 3949 in
1658 3894 1905 3964 exetnplo
1936 3895 2149 3957 debent,

568 4004 621 4044 et
655 4005 750 4058 per
774 3990 1081 4060 exemplum
1116 3988 1389 4043 declarato
1422 3986 1779 4042 considerari.
1818 3986 2021 4040 Deinde
2046 3999 2151 4039 non

568 4081 799 4149 amplius
842 4094 963 4134 esse
1013 4080 1165 4145 duos,
1201 4080 1277 4132 ait
1314 4096 1327 4135 :
1361 4080 1460 4131 hoc
1504 4086 1608 4143 est,
1650 4092 1754 4132 nou
1787 4090 1850 4129 ex
1898 4084 2071 4145 parte,
2103 4083 2157 4129 et

570 4188 665 4241 per
699 4185 758 4225 se
798 4171 1115 4233 subsistere,
1149 4168 1279 4236 sed,
1325 4178 1384 4222 ut
1429 4178 1586 4223 antea
1631 4167 1885 4233 diximus,
1927 4175 2156 4234 utroque

570 4279 733 4317 unum
762 4262 958 4316 animal
987 4262 1273 4316 constitui.
1300 4262 1370 4316 Et
1402 4260 1709 4327 considera,
1746 4260 2018 4329 quomodo
2048 4272 2156 4312 non

569 4373 634 4411 ex
664 4366 917 4425 utroque,
967 4358 1059 4410 sed
1110 4370 1202 4425 per
1252 4366 1483 4425 utraque
1524 4354 1617 4409 liat
1653 4352 1875 4407 animal.
1935 4350 2159 4422 Signiﬁ-

492 4480 493 4483 η
571 4464 702 4505 caus
771 4458 1055 4517 utramque
1139 4456 1386 4501 naturam
1437 4448 1489 4500 in
1554 4446 1884 4501 absolvenda
1937 4442 2159 4510 animali

2244 1966 2380 2032 ξεων
2413 1964 2766 2035 παραστῆσαι
2798 1978 2811 1991 '
2842 1962 2921 2014 διὸ
2952 1960 3047 2013 καὶ
3094 1954 3273 2011 εἶπεν⁸
3316 1959 3437 2010 Οὐκ
3486 1954 3600 2008 ἀνὰ
3639 1952 3791 2022 μέρος

2250 2060 2489 2129 τίθεμεν
2526 2056 2634 2122 τὰς
2672 2056 2911 2125 φύσεις,
2950 2054 2988 2121 τ)
3029 2052 3098 2105 δὲ
3135 2052 3386 2119 αἵρεσις,
3439 2048 3606 2117 φησίν
3633 2064 3646 2077 ο
3700 2043 3793 2098 ἀλλ’

2248 2152 2517 2221 ἐπήγαγε,
2561 2148 2718 2201 Μίαν
2752 2144 2890 2210 ἑνὸς
2918 2139 3071 2197 εἶναι
3101 2140 3380 2209 νοοῦμεν.
3416 2139 3531 2191 Kal
3555 2137 3604 2190 τί
3633 2135 3793 2200 coitio;

2244 2242 2374 2312 μίαν
2409 2240 2519 2309 γὰρ
2546 2237 2783 2291 ἐνταῦθα
2809 2235 2907 2305 τὴν
2942 2234 3242 2288 ὑπόστασιν
3280 2230 3394 2285 ἀλλ’
3434 2228 3497 2282 οὐ
3524 2229 3620 2299 τὴν
3658 2227 3793 2297 φύσιν

2241 2331 2384 2389 εἷπε.
2432 2332 2543 2386 Kal
2592 2330 2752 2385 τοῦτο
2788 2328 3121 2397 σαφέστερον
3169 2324 3459 2395 ἐδήλωσεν,
3508 2319 3792 2389 ἐπαγαγὼν*

2242 2427 2322 2481 Δι’
2354 2424 2579 2495 ἀμφοῖν
2604 2423 2673 2477 δὲ
2713 2424 2779 2476 τὸ
2812 2420 2882 2475 ἐν
2909 2418 3334 2475 ἀποτελεῖσθαι
3365 2415 3535 2477 ζῶον.
3570 2414 3685 2478 Πῶς
3709 2412 3796 2483 γὰρ

2251 2518 2362 2578 οἶόν
2390 2524 2449 2576 τέ
2480 2524 2596 2576 ἐστι
2624 2523 2766 2576 νοεῖν
2799 2517 3051 2589 σώματος
3085 2518 3179 2569 καὶ
3204 2515 3383 2585 ψυχῆς
3424 2513 3559 2586 μίαν
3591 2512 3759 2567 οὐσίαν
3784 2526 3795 2571 ;

2240 2618 2353 2673 ἀλλ’
2394 2617 2497 2687 ὅρα
2529 2613 2689 2669 πάλιν
2715 2611 2911 2682 ἑτέραν
2940 2608 3126 2663 ἄνοιαν
3163 2608 3264 2678 τῆς
3311 2607 3581 2677 αἱρέσεως
3612 2621 3627 2638 ·
3650 2604 3799 2658 Νοεῖν

2243 2706 2397 2771 εῖπε,
2438 2708 2625 2778 φησὶν,
2667 2704 2978 2774 οὺλέγειν.
3012 2702 3208 2754 Καίτοι
3248 2717 3312 2769 γε
3340 2699 3422 2762 τίς
3448 2700 3551 2752 οὐκ
3582 2692 3710 2749 οἶδεν
3736 2697 3798 2757 ὡς

2241 2804 2303 2857 τὸ
2333 2801 2515 2864 καλῶς
2537 2800 2831 2869 νοούμενον
2862 2797 2954 2851 καὶ
2985 2794 3166 2858 καλῶς
3190 2793 3434 2861 λέγεται,
3466 2793 3529 2845 τὸ
3556 2792 3613 2844 δὲ
3640 2786 3797 2851 κακῶς

2248 2893 2541 2964 νοούμενον
2567 2891 2690 2945 οὐδὲ
2724 2889 2980 2957 λέγεσθαι
3009 2888 3255 2953 δίκαιον;
3289 2886 3350 2938 El
3377 2885 3432 2938 δὲ
3461 2884 3596 2937 διότι
3629 2882 3759 2949 λέγει
3786 2894 3800 2909 ·

2241 2986 2402 3040 Μίαν
2434 2984 2572 3048 ἐνὸς
2620 2980 2899 3049 νοοῦμεν,
2956 2978 3015 3031 τὸ
3063 2978 3120 3030 δὲ
3167 2978 3314 3047 μίαν
3361 2975 3497 3032 καθ’
3531 2972 3682 3043 ἡμᾶς
3708 2970 3803 3038 τὴν

2243 3080 2433 3146 φύσιν
2458 3070 2632 3135 εἶπεν,
2685 3074 2781 3126 καὶ
2835 3071 2952 3133 ἑνὸς
2988 3070 3087 3139 μὲν
3140 3064 3282 3121 εἶναι
3332 3066 3475 3131 ζὼου
3539 3067 3692 3137 μόνον
3738 3061 3804 3115 δεῖ

2246 3169 2409 3231 νοεῖν,
2446 3166 2624 3235 λέγειν
2650 3164 2706 3219 δὲ
2732 3163 2940 3226 οὐκέτι,
2993 3160 3188 3215 οὐκοῦν
3241 3160 3301 3213 οὐ
3350 3158 3459 3230 χρὴ
3489 3158 3662 3226 λέγειν
3697 3154 3804 3225 μίαν

2249 3260 2433 3329 φύσιν,
2489 3260 2537 3312 εί
2575 3257 2620 3289 ⁸³
2662 3256 2757 3310 καὶ
2792 3256 2932 3308 νοεῖν
2975 3270 3119 3306 τισιν
3151 3251 3356 3321 ἐπῆλθε
3389 3250 3574 3303 τοῦτο.
3619 3247 3731 3308 Πῶς
3759 3244 3804 3297 δὲ

2248 3351 2343 3405 καὶ
2367 3349 2528 3412 αὐτὸς
2551 3349 2688 3412 ὅλως
2718 3344 2870 3401 εἶπεν
2901 3346 2937 3400 ἃ
2966 3345 3151 3414 λέγειν
3172 3344 3271 3397 οὐκ
3304 3340 3447 3407 ἔδεις
3483 3340 3598 3396 ἀλλ’
3624 3341 3651 3393 6
3675 3337 3805 3398 κενὸς

2248 3436 2406 3505 οὗτος
2430 3444 2453 3495 ὲ
2463 3441 2641 3513 ρρέτω
2660 3441 2845 3511 λῆρος.
2870 3438 3041 3493 Πάλιν
3058 3438 3137 3501 δὲ,
3161 3436 3345 3507 φασὶν,
3366 3436 3593 3507 εἴρηκεν
3614 3452 3628 3466 ο
3655 3434 3807 3486 Ὥστε

2248 3536 2324 3591 τὰ
2355 3535 2465 3589 δύο
2484 3534 2699 3604 μηκέτι
2722 3532 2840 3601 μὲν
2867 3532 3023 3586 εἶναι
3050 3532 3174 3596 δύο,
3216 3530 3292 3584 δι’
3323 3529 3551 3599 ἀμφοῖν
3580 3527 3646 3581 δὲ
3672 3526 3728 3579 τὸ
3752 3523 3807 3577 ἐν

2252 3626 2678 3684 ἀποτελεῖσθαι
2708 3622 2876 3685 ζῶον.
2916 3622 3129 3677 Οὐκοῦν
3159 3622 3257 3686 τὰς
3290 3622 3383 3676 δύο
3405 3621 3599 3690 φύσεις
3616 3620 3748 3688 λέγει
3771 3616 3806 3646 ⁸⁵

2256 3721 2330 3792 μὴ
2371 3720 2551 3790 μένειν
2580 3720 2661 3773 ἐτι
2695 3718 2788 3772 δύο
2820 3718 3031 3787 φύσεις.
3078 3719 3139 3771 Εἰ
3176 3716 3233 3770 δὲ
3268 3717 3361 3770 ἐπὶ
3409 3715 3509 3769 τοῦ
3583 3712 3806 3785 παραδεί-

2256 3828 2490 3881 γματος,
2514 3812 2668 3879 φασὶ,
2693 3810 2790 3873 τὰς
2816 3810 2908 3862 δύο
2938 3810 3129 3879 φύσεις
3162 3808 3223 3862 οὐ
3256 3807 3405 3877 λέγει
3421 3806 3694 3877 διαμένειν
3714 3803 3809 3864 δύο,

2253 3904 2499 3975 δηλονότι
2531 3905 2629 3957 καὶ
2663 3903 3015 3974 ὲπὶΧριστοῦ
3060 3902 3221 3956 τοῦτο
3272 3899 3587 3964 ἀκολούθως
3629 3899 3807 3967 θεωρη-

2257 3996 2505 4067 θήσεται.
2552 3996 2663 4049 Καὶ
2711 3995 2886 4049 ταῦτὰ
2915 4013 3047 4065 φασι
3100 3995 3174 4066 μὴ
3202 3994 3475 4056 συνιέντες
3499 3992 3707 4065 πρῶτον
3728 3988 3810 4060 μὲν

2258 4088 2335 4151 ὡς
2365 4088 2486 4157 οὐχὶ
2535 4087 2714 4141 πάντα
2762 4089 2832 4140 τὰ
2879 4091 2937 4141 ἐν
2977 4088 3056 4158 τῷ
3104 4087 3515 4157 παραδείγματι
3564 4084 3679 4157 [411
3734 4078 3809 4149 H.]

2258 4178 2460 4248 ὀφείλει
2496 4180 2589 4231 καὶ
2630 4182 2686 4231 ὲν
2729 4178 2806 4250 τῷ
2837 4179 3465 4251 παραδειγματιζομὲνῳ
3495 4173 3810 4248 θεωρεῖσθαι,

2259 4269 2512 4341 δεύτερον
2542 4269 2597 4323 δὲ
2635 4269 2718 4322 ὅτι
2751 4269 2814 4322 τὸ
2846 4272 3041 4340 μηκέτι
3072 4271 3169 4341 μὲν
3203 4266 3342 4323 εἶναι
3376 4268 3471 4322 δύο
3504 4264 3645 4330 εἷπε,
3679 4280 3812 4318 τουτ-

2264 4363 2379 4415 έστι
2407 4362 2481 4433 μὴ
2504 4361 2608 4416 ἀνὰ
2643 4362 2809 4431 μέρος
2840 4362 2935 4415 καὶ
2966 4361 3349 4425 ῖδιοσυστάτως
3384 4361 3671 4431 ὑπάρχειν,
3696 4355 3810 4419 ἀλλ’,

2265 4452 2339 4516 ὡς
2390 4454 2638 4523 προεῖπε,
2689 4452 2757 4504 δι’
2804 4454 3007 4523 ἀμφοῖν
3049 4453 3111 4506 τὸ
3160 4452 3216 4505 ἓν
3251 4451 3635 4505 ἀποτελεῖσθαι
3676 4447 3807 4511 ζῶον.

574 4541 907 4595 conservari.
936 4538 1162 4605 Quando
1188 4539 1316 4608 quid
1343 4538 1620 4607 prohibuit
1644 4555 1737 4608 per
1763 4538 1852 4591 illo
1879 4553 1972 4606 per
2002 4546 2144 4590 utra-

2266 4545 2376 4599 Kal
2410 4546 2600 4598 σκόπει
2632 4544 2709 4608 ὡς
2738 4544 2839 4598 οὐκ
2878 4545 2936 4611 ἐξ
2964 4546 3171 4614 ἀμφοῖν
3202 4543 3339 4598 ἀλλὰ
3367 4544 3434 4598 δι’
3466 4545 3667 4615 ἀμφοῖν
3692 4540 3806 4593 ἁπο-

570 4650 669 4689 αιιε
708 4633 905 4695 dicere,
936 4647 1032 4701 pro
1070 4646 1230 4685 unam
1260 4645 1421 4684 unum
1453 4631 1639 4701 perﬁci
1670 4630 1889 4683 animal.
1917 4628 1972 4683 Si
2006 4628 2152 4684 enim

574 4728 697 4781 bina
734 4728 858 4781 bina
894 4740 997 4779 non
1043 4734 1321 4791 maneant,
1350 4725 1403 4778 in
1446 4740 1608 4779 unam
1661 4732 2030 4777 convenerunt
2059 4736 2155 4775 ua-

575 4832 776 4883 turam,
806 4835 903 4888 per
944 4834 1107 4872 unam
1140 4818 1244 4873 dici
1271 4818 1557 4887 oportebat
1608 4817 1720 4870 ﬁeri
1747 4855 1761 4879 ,
1793 4814 1989 4885 250a
2041 4814 2155 4867 ani-

575 4913 681 4965 mal
722 4927 907 4974 unum,
943 4921 995 4962 et
1029 4924 1202 4979 neque
1246 4911 1440 4963 iterum
1479 4908 1636 4971 dixit,
1673 4923 1737 4961 ea:
1800 4916 2020 4975 utroque
2049 4923 2155 4960 una

575 5014 765 5058 natura
822 5003 1055 5073 perfecta
1109 5012 1208 5067 est,
1278 5002 1370 5055 sed
1422 5016 1588 5054 unum
1638 5000 1837 5053 animal
1902 5002 2002 5054 boc
2053 5006 2154 5063 est,

575 5109 826 5164 persona.
865 5093 930 5147 Et
968 5104 1117 5149 recte
1163 5108 1268 5147 non
1307 5089 1441 5144 dixit
1480 5107 1492 5144 :
1529 5088 1645 5143 Una
1688 5099 1877 5142 natura
1934 5090 2163 5157 perfecta

575 5196 669 5238 est.
702 5184 812 5239 lloc
844 5185 987 5239 enim
1047 5197 1296 5238 asserere
1329 5180 1642 5251 Apollinarii
1692 5180 1915 5232 haeresis
1940 5188 2040 5242 est,
2069 5178 2162 5248 qui

577 5276 712 5330 dixit
749 5295 763 5332 :
808 5275 991 5331 Mistio
1020 5276 1200 5345 divina
1231 5273 1367 5326 Deus
1399 5280 1448 5326 et
1473 5272 1625 5325 homo
1649 5286 1808 5323 unam
1839 5281 1884 5324 et
1912 5273 2149 5325 eamdem

576 5378 845 5434 naturam,
881 5376 935 5425 et
961 5366 1211 5438 quamvis
1243 5364 1294 5417 in
1336 5363 1507 5432 prima
1544 5361 1608 5414 ad
1656 5359 1988 5415 Succensum
2051 5361 2163 5430 epi-

578 5460 714 5517 stola
747 5463 812 5516 de
840 5463 1030 5516 eodem
1061 5456 1310 5526 exemplo
1337 5453 1446 5522 agit
1473 5470 1487 5506 :
1522 5450 1610 5516 Et,
1656 5454 1700 5505 si
1728 5451 1947 5516 videtur,
1979 5452 2159 5521 capia-

580 5566 696 5605 mus
738 5550 960 5618 exempli
995 5546 1171 5619 gratia
1223 5543 1391 5599 nostri
1424 5542 1868 5611 compositionem,
1918 5557 2024 5610 qua
2065 5542 2159 5594 tio-

2261 4639 2534 4692 τελεῖσθαι
2565 4638 2723 4704 ζῶον,
2764 4639 3044 4710 σημαίνων
3070 4640 3144 4702 ὡς
3171 4639 3408 4709 ἑκατέρα
3452 4638 3617 4708 φύσις
3662 4637 3712 4689 ὲν
3748 4632 3808 4699 τῷ

2265 4732 2684 4786 ἁποτελεσϐἐντι
2731 4732 2964 4797 σώζεται
3010 4731 3156 4802 ζὼῳ.
3200 4733 3353 4785 Ἐπεὶ
3374 4732 3425 4785 τί
3459 4730 3688 4784 ἐκώλυεν
3713 4724 3809 4777 ἀντὶ

2260 4820 2353 4873 τοῦ
2376 4820 2451 4873 δι’
2479 4821 2703 4890 ἀμφοῖν
2739 4824 2912 4874 εἰπεῖν
2933 4821 3011 4873 ὅτι
3044 4820 3129 4873 διὰ
3165 4822 3291 4889 μιᾶς
3326 4820 3387 4873 τὸ
3416 4819 3473 4871 ἓν
3507 4813 3808 4879 ἀπετελέσθη

2262 4908 2408 4973 (div;
2450 4910 2511 4962 Et
2542 4910 2653 4981 γὰρ
2688 4911 2744 4963 αἱ
2772 4909 2865 4963 δύο
2897 4910 3078 4963 οὐκέτι
3111 4910 3333 4978 μένουσι
3370 4909 3484 4971 δύο,
3516 4911 3597 4972 είς
3633 4908 3747 4978 μίαν
3764 4904 3810 4957 δὲ

2269 5002 2533 5069 συνῆλθον
2570 5002 2752 5070 φύσιν,
2789 5001 2917 5074 [788
2961 5002 3051 5075 IL]
3081 5003 3167 5056 διὰ
3201 5005 3330 5073 μιᾶς
3362 5002 3466 5057 ἔδει
3497 5003 3655 5071 φάναι
3682 4998 3737 5051 τὸ
3766 4996 3811 5047 ἓν

2264 5089 2648 5144 ἀποτελεῖσθαι
2670 5091 2827 5156 ζῶον.
2862 5092 2972 5145 Kal
2997 5092 3117 5145 οὐδὲ
3150 5093 3313 5147 πάλιν
3339 5089 3483 5157 εἷπε,
3508 5092 3587 5145 Δι’
3619 5085 3810 5160 ἀμφοῖν

2263 5182 2302 5249 ἡ
2344 5182 2453 5251 μία
2487 5183 2673 5252 φύσις
2712 5183 3113 5251 ἀπετελέσθη,
3144 5184 3280 5237 ἀλλὰ
3315 5185 3375 5238 τὸ
3403 5184 3459 5238 ἒν
3490 5183 3650 5248 ζῶον,
3680 5194 3808 5232 τουτ-

2263 5270 2415 5324 έστιν
2439 5272 2472 5343 ἡ
2507 5272 2826 5336 ὑπόστασις.
2859 5273 2965 5326 Kal
2992 5272 3174 5336 καλῶς
3209 5275 3310 5327 οὐκ
3337 5270 3482 5338 εἷπε,
3508 5273 3624 5328 Μία
3654 5270 3810 5339 φύσις

2265 5362 2646 5431 ἀπετελέσθη
2674 5379 2689 5394 ·
2732 5363 2792 5417 τὸ
2815 5364 2922 5436 γὰρ
2953 5364 3133 5432 λέγειν
3156 5364 3313 5419 τοῦτο
3337 5366 3436 5436 τῆς
3462 5366 3521 5417 Ἀ
3532 5358 3809 5431 πολιναρίον

2266 5452 2451 5525 λὼἦης
2476 5452 2521 5487 ⁸⁵
2556 5454 2727 5522 ἐστὶν,
2752 5454 2811 5518 ὃς
2840 5455 2969 5526 ἔφη·
3002 5456 3177 5520 Μίξις
3200 5456 3495 5510 θεσπεσία
3543 5454 3681 5518 Θεὸς
3728 5446 3809 5501 καὶ

2266 5544 2580 5613 ἅνθρωπος
2608 5548 2755 5616 μίαν
2787 5546 2885 5602 καί
2926 5547 3043 5615 τὴν
3068 5548 3264 5617 αὐτὴν
3296 5546 3627 5604 ἀπετέλεσε
3653 5544 3696 5578 ⁸⁸
3717 5542 3811 5611 φύ-

1883 5656 2120 5715 ἾΑΒΙᾹΞ
2155 5659 2561 5719 LECTIONES.

679 5760 721 5792 "
754 5760 841 5812 ἐπ’
885 5760 925 5811 Α
966 5778 978 5812 :
1020 5757 1111 5809 ὑπ’
1142 5776 1203 5821 ς.
1279 5754 1327 5787 ⁸³
1360 5756 1406 5808 εἰ
1464 5753 1585 5808 add.
1631 5754 1690 5808 Δ.

581 5830 746 5883 λεςαν
774 5837 835 5882 Α.

1785 5755 1833 5787 ⁸³
1858 5753 2005 5824 λέγει
2037 5767 2198 5809 .c0rr.
2227 5755 2270 5806 Δ
2298 5774 2311 5809 :
2336 5755 2513 5825 λέγειν
2556 5774 2617 5822 ς.

2717 5755 2765 5791 ⁸⁸
2793 5758 2973 5833 λώϐης
2997 5760 3040 5814 Α
3096 5778 3108 5813 :
3177 5759 3347 5831 λάϐης
3376 5777 3436 5824 ς.
3567 5756 3613 5789 ⁸⁸
3636 5752 3809 5813 ἀπε-ςέο
