3994 6408
328 366 437 426 973

1300 361 1823 422 BIBLIOTHECA.
1852 384 1916 395 -
1950 358 2112 420 COD.
2150 359 2451 419 CCXXlX.

3479 357 3579 423 974

326 495 455 537 σιν.
501 480 612 532 Καὶ
657 476 763 550 μὴν
808 476 911 530 κάν
958 478 1024 548 τῇ
1059 476 1303 549 προτέρᾳ
1331 478 1468 549 πρὸς
1502 477 1804 549 Σούκηνσον
1851 477 1897 509 ⁸⁷

2009 478 2170 531 mines
2194 494 2393 529 sumus.
2423 476 2953 543 Componimurenim
2978 493 3042 529 ex
3073 478 3251 531 anima
3274 487 3319 530 et
3339 493 3573 544 corpore,

324 572 587 642 ἐπιστολῇ
644 571 738 623 ἐπὶ
784 569 878 623 τοῦ
924 569 1089 624 αὐτοῦ
1127 569 1569 639 παραδείγματος
1587 569 1754 637 λέγει·
1788 568 1899 623 Kal

321 668 376 717 εὶ
424 662 609 726 δοκεῖ,
645 662 943 732 δεξώμεθα
972 662 1017 694 ⁸⁸
1050 660 1200 730 πρὸς
1227 660 1595 731 παράδειγμα
1624 660 1739 729 τὴν
1770 659 1899 715 καθ’

319 755 482 825 ἡμᾶς
504 755 726 820 αὐτοὺς
760 754 1077 819 σύνθεσιν,
1102 753 1231 807 καθ’
1262 753 1340 820 ἣν
1364 752 1550 823 ἐσμεν
1580 752 1896 821 ἅνθρωποι.

320 850 369 902 Σ
376 846 723 915 υντιθέμεθα
748 846 817 899 δὲ
846 846 913 899 ἐκ
938 844 1145 913 ψυχῆς
1185 845 1283 897 καὶ
1314 845 1607 914 σώματος,
1641 844 1738 898 καί
1769 842 1903 910 ὀρῶ-

314 956 436 1008 μεν
456 939 563 993 δύο
584 940 819 1008 φύσεις,
840 938 1048 1006 ἑτέραν
1064 937 1290 1005 σαρκὸς
1314 938 1410 990 καί
1438 937 1647 1006 ἑτέραν
1670 935 1899 1006 ψυχῆς,

320 1030 467 1084 ὥστε
501 1032 559 1083 ὲν
590 1034 661 1101 τῇ
697 1029 942 1083 συνθέσει
966 1030 1065 1094 τὰς
1097 1030 1191 1085 δύο
1212 1031 1406 1100 φύσεις
1440 1029 1653 1102 Θεωρεῖ.
1693 1029 1901 1083 Οὐκοῦν

318 1123 405 1188 τδ,
442 1126 665 1190 Μηκέτι
688 1122 804 1191 μὲν
837 1119 990 1176 εἶναι
1023 1122 1132 1177 δύο
1158 1123 1278 1193 οὐχὶ
1316 1122 1445 1194 μίαν
1491 1122 1655 1191 φύσιν
1701 1121 1905 1185 ταύτας

324 1215 583 1284 γενέσθαι
607 1215 779 1287 λέγει,
808 1216 1013 1284 ἄπαγε,
1043 1215 1177 1269 ἀλλὰ
1206 1219 1279 1287 μὴ
1318 1216 1421 1269 ἀνὰ
1453 1216 1618 1288 μέρος
1648 1216 1742 1268 καὶ
1775 1215 1902 1268 ἰδιο-

322 1308 608 1371 συστὰτως
640 1308 930 1379 ὑπάρχειν.
968 1308 1092 1361 Ὅτι
1127 1308 1184 1360 δὲ
1223 1309 1478 1379 διάφορος
1512 1310 1545 1379 ἡ
1587 1308 1765 1379 ψυχῆς
1812 1309 1906 1362 καὶ

321 1399 577 1471 σώματος
616 1400 775 1470 φύσις
814 1404 908 1454 καὶ
942 1400 1082 1469 μετὰ
1109 1400 1208 1472 τὴν
1264 1400 1514 1454 σύνθεσιν
1552 1402 1610 1454 ὲν
1653 1401 1733 1471 τῷ
1779 1419 1905 1453 συν-

321 1494 463 1564 Θέτῳ
495 1494 800 1563 θεωρεῖται,
837 1494 932 1545 καὶ
961 1495 989 1547 ὁ
1024 1493 1283 1561 Θεολόγος
1310 1493 1607 1564 Γρηγόριος
1639 1495 1908 1563 μαρτυρεῖ

323 1586 382 1637 ὲν
405 1584 483 1654 τῷ
516 1584 654 1652 Περὶ
677 1584 778 1637 τοῦ
796 1584 1219 1652 βαπτίσματος
1245 1583 1468 1652 φάσκων
1497 1584 1659 1654 λόγον
1691 1583 1908 1637 Διττῶν

321 1674 392 1727 δὲ
424 1673 613 1727 ὄντων
638 1672 805 1742 ἡμῶν
838 1672 906 1725 ἐκ
942 1672 1150 1741 ψυχῆς
1191 1674 1289 1726 καὶ
1342 1672 1637 1742 σώματος,
1676 1673 1771 1726 καί
1800 1671 1907 1740 τῆς

317 1766 437 1835 μὲν
468 1763 688 1831 ὁρατῆς
716 1763 823 1816 τοῦ
852 1765 897 1795 ⁸9
920 1763 987 1817 δὲ
1012 1764 1270 1833 ἀοράτου
1300 1765 1560 1833 φύσεως,
1602 1764 1769 1831 διττὴ
1803 1764 1899 1816 καὶ

324 1855 364 1923 ή
397 1854 691 1923 κάθαρσις
722 1855 817 1908 καὶ
862 1854 1007 1925 ἑξῆς.
1067 1854 1229 1907 Ἀλλὰ
1267 1856 1363 1907 καὶ
1402 1857 1430 1907 6
1463 1855 1604 1922 ἱερὸς
1637 1854 1902 1926 Κύριλλος

324 1949 384 2001 ὲν
433 1947 509 2017 τῷ
539 1948 714 2015 ἐνάτῳ
759 1945 902 2016 λόγῳ
948 1945 1059 1998 τῶν
1103 1946 1569 2017 Ὑπομνημάτων,
1601 1947 1657 1999 ὲν
1682 1940 1764 2009 οἷς
1811 1945 1903 1998 τὸν

324 2036 718 2107 εὐαγγελιστὴν
777 2036 1031 2107 Ἰωάννην
1074 2037 1534 2106 ὑπομνηματίζει,
1563 2035 1705 2090 οὕτω
1745 2037 1904 2107 φησί’

322 2125 645 2179 Πιστεύειν
686 2124 754 2178 δὲ
774 2122 933 2192 ἡμᾶς
969 2127 1028 2178 al
1063 2124 1211 2179 θεῖαι
1246 2126 1475 2195 Γραφαὶ
1504 2126 1905 2181 διδάσκουσιν

321 2220 411 2283 εἰς
460 2217 568 2272 τὸν
596 2218 1034 2286 ῗσταυρωθέντα
1067 2222 1167 2272 καὶ
1216 2219 1596 2274 ἀποθανόντα
1628 2219 1727 2273 καί
1769 2220 1905 2291 ἐγη-

323 2310 619 2378 γερμένον
665 2310 736 2363 ἐκ
790 2311 1043 2379 νεκρῶν,
1073 2311 1155 2377 ὡς
1198 2314 1311 2380 οὐχ
1353 2312 1557 2380 ἓτερον
1604 2312 1748 2367 ὄντα
1798 2314 1907 2368 τὸν

324 2403 463 2458 flor
509 2403 555 2435 ⁹⁰
611 2403 773 2473 παρὰ
820 2404 929 2457 τὸν
979 2403 1048 2457 ἐν
1070 2405 1114 2436 ⁹¹
1142 2404 1301 2470 αὐτῷ
1326 2404 1540 2474 Λόγον.
1577 2401 1715 2460 Εἶτα
1741 2423 1755 2436 ·
1781 2408 1906 2477 Οὐχ

326 2497 481 2549 ὅσον
529 2497 618 2561 εὶς
657 2494 873 2561 οὐσίας
913 2495 1241 2561 ταυτότητὰ
1288 2513 1441 2565 φημι
1480 2495 1674 2565 (σῶμα
1701 2496 1810 2566 γὰρ
1841 2498 1906 2551 τὸ

327 2584 503 2655 σῶμα
540 2586 638 2639 καὶ
676 2587 748 2640 οὐ
778 2586 991 2655 Λόγος,
1039 2588 1091 2639 εὶ
1140 2586 1237 2639 καὶ
1290 2585 1464 2655 σῶμα
1512 2587 1621 2642 τοῦ
1665 2587 1904 2659 Λόγου),

328 2678 467 2732 ἀλλ’
502 2678 653 2731 ὅσον
674 2680 760 2745 εὶς
794 2679 859 2731 τὸ
903 2676 1013 2748 τῆς
1037 2677 1303 2745 ἀληθοῦς
1353 2678 1627 2747 υίότητος
1683 2679 1907 2749 χρῆμα.

330 2770 443 2823 Ποῦ
479 2766 572 2824 οὖν
602 2771 636 2841 ἡ
686 2771 782 2840 τῆς
818 2769 1007 2834 οὐσίας
1050 2770 1167 2841 ἦτοι
1218 2769 1434 2839 φύσεως
1467 2770 1647 2841 ψυχῆς
1678 2773 1773 2825 καὶ
1808 2771 1909 2823 odi-

332 2879 507 2933 ματος
555 2863 861 2934 ταυτότης;
911 2865 981 2915 Ἢ
1030 2863 1147 2926 πῶς
1174 2861 1349 2915 ταῦτα
1378 2862 1498 2933 μία,
1540 2857 1616 2916 ὦν
1657 2862 1758 2916 οὐκ
1796 2862 1911 2915 ἔστι

327 2952 518 3007 λαϐεῖν
573 2953 879 3023 ταυτότητα
930 2954 1148 3023 φύσεων
1204 2956 1299 3008 καὶ
1353 2953 1581 3019 οὐσίας;
1634 2952 1715 3006 Τὰ
1773 2954 1913 3007 αὐτά

328 3062 467 3115 φησι
508 3046 600 3098 καὶ
634 3045 931 3099 Εὖστάθιοε
965 3048 994 3098 ὁ
1029 3046 1222 3117 μέγας,
1248 3047 1276 3099 ὁ
1304 3046 1404 3114 τῆς
1432 3046 1751 3115 ’Δντιοχέων
1775 3046 1911 3115 ἀρχ-

1936 1821 1977 1873 Β

2000 571 2234 637 duasque
2268 568 2605 634 perspicimus
2634 577 2873 633 naturas,
2896 570 3127 632 corporis
3160 570 3401 635 alterum,
3447 571 3580 624 alte-

2002 678 2115 714 ram
2162 661 2323 713 animi
2355 676 2375 714 :
2414 674 2582 729 quare
2615 660 2666 712 in
2730 662 3118 727 compositione
3169 662 3302 717 duas
3358 675 3580 719 naturas

2002 753 2287 821 conspicit,
2324 768 2422 805 non
2452 752 2612 821 igitur
2649 752 2876 821 amplius
2906 768 3015 805 esse
3036 753 3188 817 duos,
3216 768 3386 823 neque
3419 772 3576 809 unam

2004 844 2117 898 lieri
2152 855 2402 899 naturam
2440 846 2655 905 asserit,
2684 845 2844 910 absit,
2872 846 2962 897 scd
2989 863 3090 899 non
3119 836 3179 898 ex
3214 858 3365 914 parte
3397 856 3449 901 ct
3490 864 3582 916 per

2002 950 2061 990 sc
2092 936 2410 991 subsistere.
2438 938 2714 991 Diversam
2758 952 2884 990 vero
2918 951 3035 991 esse
3066 938 3227 991 animi
3256 947 3309 991 et
3330 938 3582 1008 torporis

2005 1037 2277 1093 naturam,
2300 1038 2352 1084 et
2377 1039 2495 1099 post
2535 1031 2977 1099 compositimncm
3013 1030 3063 1083 in
3118 1037 3419 1100 composito
3456 1048 3577 1101 per-

2008 1121 2177 1190 spici;
2223 1131 2560 1190 testaturque
2613 1121 2906 1191 Gregorius
2954 1132 3316 1192 cognomento
3350 1124 3581 1178 Theolo-

2006 1226 2106 1279 gus
2158 1212 2240 1265 his
2310 1211 2420 1265 fere
2479 1211 2656 1265 verbis
2732 1213 2783 1265 in
2840 1214 3085 1267 oratione
3149 1213 3222 1265 De
3281 1216 3581 1279 baptismo:

2007 1300 2340 1357 Germinntos
2370 1319 2462 1357 nos
2494 1319 2521 1356 e
2551 1306 2751 1357 duobus
2791 1305 2994 1358 entibus
3041 1309 3217 1360 animo
3265 1318 3313 1361 et
3342 1326 3579 1375 corpore,

2008 1393 2106 1446 hoc
2128 1394 2338 1461 quidem
2365 1392 2578 1458 visibili,
2611 1394 2705 1447 illo
2747 1411 2863 1447 vero
2897 1396 3169 1458 invisibili,
3208 1400 3415 1466 gemina
3449 1416 3583 1467 quo-

2007 1502 2105 1553 que
2140 1486 2403 1555 purgatio,
2447 1495 2500 1538 et
2539 1501 2657 1555 qua:
2707 1498 3027 1555 sequuntur.
3088 1488 3229 1554 Quin
3285 1498 3339 1543 et.
3394 1491 3584 1547 beatus

2008 1577 2243 1648 Cyrillns
2275 1578 2412 1631 libro
2467 1593 2607 1631 nono
2651 1579 3171 1633 Commentariorum
3220 1582 3273 1634 in
3320 1582 3579 1635 Joannem

2009 1670 2391 1739 evangelistam
2424 1670 2498 1723 ita
2530 1670 2723 1723 scribit
2750 1688 2762 1723 :
2796 1669 2980 1725 Sacrw
3013 1689 3103 1724 nos
3126 1672 3309 1725 docent
3341 1673 3582 1737 Scriptu-

2011 1777 2085 1813 ra:
2148 1777 2166 1814 :
2207 1765 2413 1817 credere
2457 1764 2508 1817 in
2557 1764 2891 1831 cruciﬁxum,
2943 1776 3243 1827 mortuum,
3290 1775 3338 1819 et
3389 1782 3582 1818 amor-

2004 1854 2110 1907 tuis
2162 1856 2466 1915 excitatum,
2527 1866 2583 1908 ut
2644 1873 2744 1908 non
2793 1856 2952 1908 alium
3001 1857 3330 1910 exsislcntem
3384 1856 3579 1909 Filium

2003 1943 2102 2011 ipsi
2130 1960 2284 2013 quam
2331 1942 2572 2000 Verbum.
2600 1945 2832 2000 Deinde:
2878 1946 2995 2001 Non
3023 1960 3274 2016 quantum
3296 1949 3348 2001 in
3378 1961 3582 2002 natura:

2006 2036 2261 2088 unitatem
2287 2036 2629 2101 dico,corpus
2660 2038 2797 2090 enim
2842 2055 3030 2104 corpus
3081 2055 3182 2092 non
3236 2041 3463 2102 verbum,
3508 2052 3581 2091 ets

2006 2144 2193 2193 corpus
2237 2125 2406 2187 Verbi.
2438 2129 2527 2181 sed
2552 2138 2802 2197 quantum
2837 2131 2891 2181 in
2925 2146 3078 2183 usum
3112 2147 3243 2185 certe
3278 2130 3575 2198 ﬁliatioszis.

2009 2218 2110 2273 Ubi
2144 2219 2303 2288 igitur
2332 2220 2669 2285 substantias,
2714 2222 2817 2274 hoc
2856 2230 2939 2275 est
2987 2231 3174 2275 natura
3230 2224 3492 2291 corporis,
3526 2233 3582 2274 et

2008 2308 2202 2362 anima:
2252 2309 2540 2364 identitas?
2573 2310 2651 2364 vel
2698 2314 2969 2380 quomodo
3017 2312 3129 2365 huic
3184 2329 3312 2376 una,
3350 2329 3578 2382 quorum

2010 2415 2114 2455 non
2138 2400 2263 2455 licet
2287 2416 2485 2471 cupere
2514 2402 2846 2456 identitatem
2875 2413 3190 2458 naturarum
3220 2414 3275 2457 et
3298 2406 3542 2458 essentia:
3565 2444 3578 2458 .

2013 2493 2210 2547 Eadem
2242 2509 2457 2563 quoque
2484 2509 2716 2565 magnus
2744 2494 3081 2560 Eustathius,
3123 2496 3423 2551 Antiochia:
3447 2513 3584 2567 pra:—

2010 2585 2114 2650 sul,
2159 2587 2455 2641 Antiochus
2493 2602 2726 2656 quoque,
2762 2585 3107 2642 Ptolemaidis
3138 2590 3580 2658 episcopus,cum

2011 2683 2083 2735 ait
2116 2702 2129 2737 :
2170 2682 2406 2744 Domine,
2437 2683 2518 2749 fili
2560 2684 2747 2746 David,
2770 2694 2815 2736 et
2843 2686 3032 2752 duplex
3062 2700 3126 2737 ac
3171 2685 3411 2753 simplex,
3448 2702 3583 2739 unus

2011 2785 2057 2827 et
2088 2776 2213 2837 duo,
2252 2792 2353 2828 non
2385 2775 2566 2828 divism
2590 2777 2992 2839 incarnationis,
3042 2792 3142 2829 non
3172 2777 3475 2844 duplicatte‘
3496 2796 3581 2832 re-

2012 2864 2343 2931 demptionis,
2378 2878 2425 2918 et
2467 2881 2568 2919 non
2627 2865 2762 2918 Deus
2812 2866 3043 2932 patibilis
3100 2867 3361 2933 inventus,
3421 2886 3585 2938 neque

2013 2956 2165 3008 homo
2194 2972 2288 3025 per
2315 2972 2367 3009 se
2395 2958 2646 3008 mundum
2697 2972 2929 3010 servans.
2986 2956 3051 3009 Et
3076 2972 3298 3012 aureum
3357 2959 3483 3013 illud
3522 2975 3585 3013 os

2016 3046 2289 3111 Ecclesiae,
2324 3047 2523 3115 aliique
2587 3047 2804 3117 plurimi
2851 3048 2951 3103 SS.
3013 3048 3253 3115 Patrum,
3290 3051 3345 3105 in
3378 3052 3585 3105 duabus

330 3140 537 3207 ιερεὺς,
582 3139 676 3191 καὶ
720 3138 988 3208 ⁹Αντίοχος
1024 3140 1051 3191 6
1106 3138 1492 3208 Πτολεμαΐδος,
1529 3140 1585 3190 ὲν
1617 3132 1697 3200 οἷς
1747 3152 1904 3206 φησι·

2016 3138 2220 3191 naturis
2259 3147 2420 3205 atque
2460 3138 2710 3192 essentiis
2738 3155 2901 3192 unmn
2952 3149 3252 3210 agnoscunt
3280 3141 3579 3195 Christum.

330 3230 532 3297 Κύριε,
556 3228 648 3282 υἱὲ
670 3228 868 3291 Δαϐὶδ,
896 3232 927 3283 ό
950 3227 1204 3295 διπλοῦς
1232 3228 1330 3281 καὶ
1353 3229 1606 3293 ἁπλοῦς,
1630 3231 1663 3282 ὁ
1677 3227 1787 3282 δύο
1809 3228 1907 3282 καὶ

328 3321 421 3387 ἐν,
458 3321 543 3391 μὴ
578 3320 965 3391 μεριζομένης
1006 3319 1115 3389 τῆς
1163 3322 1525 3391 οἰκονομίας,
1555 3321 1641 3389 μὴ
1680 3320 1910 3389 διχοτοο

329 3416 638 3484 μουμένης
688 3414 857 3484 ἡμῶν
900 3414 1011 3483 τῆς
1042 3414 1361 3482 σωτηρίας,
1409 3415 1511 3468 ἵνα
1555 3412 1711 3481 μήτε
1767 3411 1910 3478 Θεὸς

328 3503 602 3573 παθητὸς
632 3504 846 3573 εὑρεθῆ
879 3504 1030 3574 μήτε
1058 3504 1365 3573 ἅνθρωπος
1393 3505 1522 3559 καθ’
1553 3504 1770 3558 ἑαυτὸν
1798 3503 1911 3571 τὴν

330 3597 697 3665 οἰκουμένην
724 3595 943 3655 σώζων.
973 3597 1082 3650 Καὶ
1110 3596 1170 3649 τὸ
1198 3597 1433 3669 χρυσοῦν
1460 3596 1514 3649 δὲ
1541 3597 1712 3665 στόμα
1740 3597 1785 3627 ’³
1809 3595 1909 3663 τῆς

342 3690 673 3760 Ἐκκλησίας
722 3690 818 3742 καὶ
850 3689 1042 3760 μυρίος
1082 3688 1241 3751 ἄλλος
1282 3688 1442 3759 χορὸς
1483 3687 1594 3741 τῶν
1636 3687 1910 3756 θεοφόρων

329 3783 494 3854 ἡμῶν
522 3782 782 3853 Πατέρων
819 3783 875 3834 ὲν
908 3783 1057 3835 δυσὶν
1085 3782 1297 3845 οὐσίαις
1327 3782 1422 3835 καὶ
1456 3780 1653 3851 φύσεσι
1685 3781 1776 3834 τὸν
1812 3780 1910 3835 ἕνα

330 3873 663 3945 γνωρίζουσι
691 3872 948 3945 Χριστόν.
986 3873 1109 3928 Ὅτι
1146 3872 1330 3942 μέντοι
1361 3890 1425 3941 γε
1457 3872 1515 3939 ἐξ
1540 3867 1617 3926 ὧν
1657 3874 1684 3925 6
1718 3868 1799 3935 εἷς
1823 3888 1910 3923 σε·

334 3965 698 4037 σαρκωμὲνος
728 3964 903 4033 Λόγος
933 3964 1209 4034 συνετέθη,
1244 3966 1300 4017 ὲν
1330 3965 1512 4027 αὐτοῖς
1542 3964 1636 4017 καὶ
1665 3963 1779 4016 ἔστι
1816 3963 1911 4017 καὶ

330 4057 686 4129 γνωρίζεται,
711 4057 979 4129 Κύριλλος
999 4057 1162 4111 πάλιν
1182 4056 1533 4126 βοᾷοὪσπερ
1566 4055 1696 4125 γὰρ,
1723 4055 1907 4124 φησὶν,

330 4153 407 4206 ἐν
450 4154 684 4219 θεότητι
733 4150 863 4222 [412
891 4150 982 4222 H.]
1014 4150 1263 4215 τέλειος,
1289 4150 1441 4203 οὕτω
1462 4149 1560 4202 καὶ
1589 4149 1658 4202 ὲν
1686 4149 1911 4217 ἀνθρω-

332 4244 547 4310 πότητι
571 4257 586 4275 ο
623 4243 719 4295 καὶ¹
754 4242 915 4294 πάλιν
936 4257 950 4271 ο
983 4243 1103 4293 οὐκ
1136 4239 1322 4293 αὐτὸν
1348 4239 1455 4293 τὸν
1477 4237 1775 4309 μονογενῆ
1807 4238 1910 4292 τοῦ

335 4335 486 4390 Θεοῦ
516 4339 652 4391 Υιὸν
680 4337 747 4401 ’³,
774 4338 916 4390 καθὸ
950 4335 1170 4389 νοεῖται
1206 4335 1301 4388 καί
1342 4336 1471 4389 ἔστι
1503 4333 1667 4400 Θεὸς,
1698 4332 1913 4387 παθεῖν

330 4432 423 4495 εἰς
450 4428 610 4482 ὶδίαν
637 4428 827 4497 φύσιν
848 4428 918 4481 τὰ
946 4430 991 4460 οδ
1020 4426 1292 4495 σώματος
1322 4425 1752 4495 ὶσχυριζόμεθα,
1785 4441 1908 4479 πα-

334 4519 465 4575 θεῖν
490 4520 558 4573 δὲ
589 4518 829 4588 μᾶλλον
875 4516 949 4587 τῇ
986 4516 1162 4587 χοτκῇ
1203 4518 1383 4586 φύσει
1406 4533 1422 4548 ο
1463 4519 1557 4569 καὶ
1588 4517 1747 4570 πάλιν
1770 4532 1784 4547 °
1820 4516 1919 4571 Δεῖ

332 4615 447 4681 γὰρ
491 4610 827 4679 ἀναγκαίως
870 4610 1172 4678 ἀμφότερα
1209 4606 1495 4666 σώζεσθαι
1536 4606 1615 4671 τῷ
1660 4608 1750 4660 ἐνὶ
1812 4608 1913 4661 καὶ

336 4703 491 4757 κατὰ
538 4702 829 4767 ἀλήθειαν
879 4700 1008 4765 ras,
1035 4700 1129 4753 καὶ
1172 4699 1233 4752 τὸ
1270 4699 1364 4767 Μὴ
1394 4698 1658 4767 πάσχειν
1686 4697 1909 4763 θιῖκῶς·

335 4795 532 4848 καὶτὸ
582 4793 875 4863 Λέγεσθαι
922 4792 1134 4846 παθεῖν
1185 4792 1565 4860 ἀνθρωπίνως
1600 4805 1613 4819 ·
1648 4790 1685 4857 ἡ
1729 4790 1913 4843 αὐτοῦ

338 4887 451 4958 γὰρ
497 4886 763 4940 πέπονθε
813 4884 992 4953 σάρξ.
1035 4884 1173 4937 Ἀλλ’
1210 4886 1237 4937 ὁ
1277 4884 1437 4952 σοφὸς
1491 4884 1591 4952 μὲν
1647 4881 1914 4950 Κύριλὶος

336 4977 511 5030 ταῦτα
537 4992 550 5005 '
597 4978 630 5045 ἡ
677 4976 733 5028 δὲ
785 4976 993 5044 αἵρεσις
1019 4975 1190 5043 λέγει,
1214 4974 1398 5029 ἔπαθε
1419 4973 1627 5039 θεϊκῶς
1660 4973 1780 5041 ἅμα
1814 4973 1914 5026 καὶ

337 5067 746 5134 ἀνθρωπίνως.
807 5066 948 5118 Ἀλλ’
996 5066 1024 5117 ὁ
1062 5065 1224 5128 αὐτὸς
1283 5065 1443 5119 πάλιν
1495 5066 1681 5135 φησιν,
1747 5064 1819 5118 Ἠ
1844 5063 1915 5116 ἐν

336 5161 749 5229 ἀνθρωπότητι
776 5159 1080 5225 τελειότης
1103 5157 1201 5210 καί
1228 5156 1334 5224 τῆς
1362 5159 1489 5211 καθ’
1518 5155 1676 5224 ἡμᾶς
1698 5157 1913 5221 οὐσίας

336 5254 379 5321 ἠ
416 5253 684 5322 δήλωσις
711 5252 1151 5321 εισκεκόμιστιιι
1184 5249 1281 5303 διὰ
1317 5250 1422 5303 τοῦ
1457 5253 1660 5317 λέγειν
1694 5263 1913 5317 σεσαρ-

339 5343 639 5413 κωμένην.
680 5345 790 5397 Καὶ
828 5343 1084 5415 ἀνωτέρω
1132 5341 1261 5411 περὶ
1304 5340 1405 5411 τῆς
1436 5339 1529 5393 τοῦ
1567 5341 1740 5409 Λόγου
1781 5357 1913 5410 σαρ-

344 5435 440 5500 κὸς
465 5435 609 5489 οὕτω
654 5434 837 5505 φησίν
870 5436 1018 5490 Οὔτε
1042 5435 1352 5505 μεμείωται
1370 5433 1506 5486 οὔτε
1532 5431 1697 5501 (καθά
1725 5431 1909 5502 φησιν)

2015 3229 2054 3283 Ε
2076 3229 2274 3299 quibus
2306 3230 2449 3283 enim
2474 3231 2809 3284 incarnatum
2846 3230 3076 3285 Verbum
3102 3235 3454 3302 compositum
3480 3244 3583 3297 est,
3662 3275 3667 3279 ς

2016 3323 2069 3375 in
2111 3324 2177 3378 iis
2206 3332 2260 3377 et
2294 3331 2375 3378 est
2415 3330 2469 3377 et
2510 3325 2854 3392 cognoscitur
2888 3343 2901 3378 :
2949 3324 3184 3396 Cyrillus
3234 3342 3442 3379 rursmn
3489 3341 3584 3379 es-

2010 3414 2207 3468 clamat
2242 3432 2254 3467 :
2292 3414 2766 3481 Quemadmodum,
2799 3416 2991 3483 inquit,
3024 3417 3073 3468 in
3100 3416 3371 3470 divinitate
3412 3418 3585 3484 perfe.

2010 3517 2143 3569 ctus,
2175 3508 2248 3558 ita
2284 3517 2331 3559 et
2373 3507 2564 3577 250i)
2614 3506 2666 3559 in
2707 3507 3031 3561 humanitate
3061 3518 3150 3573 ;et
3190 3508 3424 3562 iterum:
3461 3508 3585 3562 Non

2011 3597 2177 3662 ipsum
2205 3599 2526 3666 unigenitum
2557 3597 2649 3650 Dei
2686 3596 2909 3665 Filium,
2932 3614 3035 3669 qua
3065 3610 3214 3667 parte
3250 3604 3585 3670 cognoscitur

2010 3697 2059 3740 et
2092 3703 2263 3742 revera
2293 3698 2369 3742 est
2406 3688 2564 3752 Deus,
2606 3691 2717 3757 pati
2773 3692 2829 3744 in
2874 3692 3085 3759 prapria
3126 3700 3319 3746 natura
3368 3710 3584 3761 corpore

2012 3780 2330 3849 aﬂirmamus
2354 3798 2373 3834 :
2401 3782 2511 3850 pati
2538 3798 2655 3834 vero
2675 3783 2847 3850 potius
2875 3791 3081 3840 terrena
3106 3794 3318 3841 natura.
3361 3786 3423 3840 Et
3459 3803 3583 3840 rur-

2013 3886 2131 3925 sum
2170 3893 2179 3925 :
2216 3870 2427 3937 Oportet
2457 3873 2594 3926 enim
2627 3873 2828 3926 servari
2870 3876 3167 3929 necessario
3208 3885 3448 3946 utraque,
3480 3895 3583 3931 uno

2009 3973 2058 4018 et
2089 3979 2208 4017 vero
2237 3962 2397 4018 Filio.
2424 3965 2487 4018 Et
2515 3965 2639 4017 illud
2669 3984 2683 4020 :
2712 3965 2833 4018 Non
2870 3967 2983 4034 pati
3017 3968 3287 4021 divinitus.
3316 3968 3379 4022 Et
3412 3969 3537 4024 illud
3564 3988 3578 4025 :

2013 4050 2197 4105 Dicere
2220 4050 2521 4106 humanitus
2547 4052 2694 4122 pati;
2729 4054 2898 4121 ipsius
2944 4055 3083 4108 enim
3132 4072 3256 4109 caro
3294 4073 3451 4125 passa
3485 4070 3580 4113 est.

2012 4145 2210 4201 Verum
2249 4147 2435 4201 doctus
2467 4146 2700 4217 Cyrillns
2722 4148 2792 4202 ita
2820 4150 3011 4211 sensit,
3040 4158 3096 4203 at
3119 4159 3305 4204 contra
3345 4151 3582 4206 ltmretici

2011 4238 2299 4301 allirmant,
2330 4239 2501 4292 divine
2542 4256 2729 4308 passus
2759 4251 2831 4293 est
2881 4242 3041 4294 simul
3089 4258 3138 4294 et
3180 4241 3428 4297 humane.
3477 4243 3581 4297 Sed

2012 4333 2099 4387 hic
2124 4347 2332 4385 rursum
2364 4334 2438 4386 ait
2471 4351 2482 4385 :
2532 4333 2890 4388 Humanitatis
2920 4334 3167 4403 perfectio
3186 4347 3472 4406 nostraque
3489 4353 3585 4388 na-

2013 4436 2145 4480 turaz
2182 4425 2428 4480 exhibitio
2472 4426 2637 4478 allata
2677 4436 2775 4489 est,
2811 4429 2935 4494 dum
2983 4429 3244 4482 diceretur
3285 4430 3579 4482 incuruata.

1941 4500 1992 4559 D
2020 4519 2191 4588 Supra
2223 4533 2437 4589 quoque
2472 4520 2536 4573 de
2559 4534 2720 4572 carne
2750 4519 2779 4572 ξι
2808 4517 2981 4573 Verbo
3010 4531 3279 4589 assumpta
3306 4520 3383 4573 sic
3408 4518 3581 4588 loqui-

2016 4620 2103 4664 tur
2135 4630 2148 4665 :
2190 4609 2371 4681 Neque
2389 4611 2647 4663 diminuta
2670 4620 2743 4663 est
2776 4627 2937 4680 neque
2974 4613 3053 4680 (ut
3106 4612 3222 4681 ipse
3258 4611 3377 4680 ait)
3441 4611 3583 4679 furto

2011 4701 2215 4753 sublata
2240 4711 2339 4761 est,
2359 4702 2647 4754 necessario
2671 4701 2829 4770 igitur
2858 4713 3117 4756 servatur.
3145 4702 3209 4755 Et
3238 4702 3400 4769 paulo
3422 4712 3544 4755 ante
3567 4722 3577 4755 :

2014 4794 2131 4846 Etsi
2158 4792 2543 4859 compositionis
2563 4792 2726 4846 verbis
2773 4794 2902 4845 inest
2955 4793 3255 4862 differentia
3296 4794 3581 4846 secundum

2014 4894 2279 4945 naturam,
2313 4898 2491 4936 eorum
2524 4899 2640 4951 qua:
2678 4883 2747 4935 ad
2784 4885 3030 4936 unitatem
3085 4882 3278 4936 collata
3331 4892 3471 4936 sunt.
3518 4883 3583 4935 Et

2022 4976 2145 5027 alibi
2176 4992 2188 5028 :
2225 4972 2343 5028 Non
2373 4976 2701 5028 commistum
2739 4986 2811 5027 est
2833 4991 2923 5040 per
2951 4976 3064 5035 hoc,
3096 4983 3151 5026 ut
3186 4975 3308 5043 ipsis
3354 4974 3579 5034 videtur,

2022 5082 2082 5118 ne
2105 5067 2158 5118 in
2193 5067 2366 5119 carnis
2406 5066 2613 5133 quidem
2656 5076 2897 5118 naturam
2925 5067 3135 5119 transiit
3175 5065 3327 5120 Verbi
3367 5077 3579 5131 natura,

2018 5158 2108 5208 sed
2130 5173 2292 5224 neque
2323 5158 2496 5209 carnis
2546 5168 2735 5210 natura
2763 5157 2816 5210 in
2846 5156 3010 5219 illius,
3059 5159 3148 5211 sed
3180 5158 3234 5211 in
3264 5160 3582 5227 proprietate

2019 5248 2303 5300 secundum
2338 5257 2603 5314 naturam,
2632 5248 2795 5300 altero
2832 5257 3071 5301 manente
3088 5258 3243 5316 atque
3296 5248 3577 5313 intellecto,

2018 5341 2297 5409 ine/rabilis
2324 5350 2478 5410 atque
2517 5341 2897 5408 inexplicabilis
2945 5342 3093 5407 unio,
3121 5358 3276 5394 unam
3301 5342 3446 5394 nobis
3472 5338 3581 5393 Fili

2019 5445 2263 5485 naturam
2304 5433 2564 5499 ostendit;
2604 5432 2726 5499 nisi,
2788 5441 2846 5486 ut
2896 5433 3008 5499 ait,
3058 5434 3410 5487 incarnatam.
3446 5432 3582 5487 Ecce

1640 5590 1725 5643 VA
1738 5588 1875 5643 RI/E
1918 5589 2318 5646 LECTIONES.

976 5706 1023 5740 ⁸⁸
1087 5706 1386 5778 δεξιὼμεθα
1419 5725 1479 5771 ς.

975 5778 1020 5811 ⁸⁸
1048 5778 1294 5847 σώματα.

420 5711 465 5742 ⁸⁷
493 5710 792 5763 Σοὺκενσον
819 5708 882 5763 C.

345 5780 391 5811 ⁶³
408 5781 536 5834 Υίὺν
556 5780 649 5833 τοῦ
671 5778 805 5833 Θεοῦ
838 5796 897 5843 ς.

1584 5709 1628 5747 ⁸³
1653 5706 1769 5778 τοῦ]
1801 5707 1898 5770 τῆς
1926 5720 2063 5761 corr.
2095 5710 2156 5763 Α.

2264 5709 2309 5741 9°
2328 5716 2449 5763 ante
2466 5706 2591 5762 Υἱὸν
2617 5720 2724 5762 om.
2756 5708 2819 5761 A.
2911 5706 2953 5739 ⁹¹
2981 5705 3039 5757 ὲν
3064 5704 3185 5759 add.
3207 5704 3274 5764 A.
3332 5774 3335 5775 ν
3375 5705 3417 5761 β’
3440 5720 3499 5773 γε
3520 5719 3577 5772 ς,
