3924 6392
483 385 596 452 975

1637 385 1900 446 PIIOTII
1940 382 2448 445 PATRIARCIL’E
2487 383 2593 443 CP.
3631 390 3712 458 976

482 507 626 561 clare
650 505 810 560 etiam
849 514 966 572 post
993 501 1421 558 incarnationem
1453 503 1734 574 utriusque
1766 504 2062 565 unitorum,

2179 502 2398 556 ὑποκεκ
2414 499 2614 552 λέξεται
2641 512 2652 523 ·
2704 496 2931 551 οὐκοῦν
2964 497 3302 567 ἀναγκαίως
3335 497 3589 560 σώζεται,
3628 506 3715 560 Καὶ

480 609 608 654 ante
639 596 773 651 dixit
797 609 1018 650 manere
1055 595 1107 649 in
1138 595 1226 660 iis,
1257 610 1377 668 quae
1409 597 1704 652 secundum
1744 605 2014 649 naturam.

2174 589 2449 660 ἀνωτέρω
2472 589 2597 642 Κάν
2630 587 2752 653 τοῖς
2793 586 2906 655 τῆς
2934 586 3283 651 συνθέσεως
3325 589 3530 656 λόγοις
3572 589 3717 647 ἐνυπ.

481 690 648 761 ἀρχει
681 689 748 742 τὸ
781 687 1075 758 διάφορον
1101 688 1253 742 κατὰ
1279 689 1470 752 φύσιν
1495 688 1615 742 τῶν
1635 691 1715 755 εις
1755 689 2008 755 ἑνότητα
2026 682 2614 754 συγκεκομισμένων.
2643 681 2768 752 [789
2800 680 2895 753 IL]
2929 682 3036 734 Καὶ
3065 680 3322 751 ἀλλαχοῦο
3351 684 3431 735 Οὺ
3461 681 3717 753 πέφυρται

476 786 632 840 κατὰ
657 783 858 850 τοῦτο,
881 782 1033 836 κατὰ
1057 783 1124 837 τὸ
1145 784 1402 851 ἐκείνοις
1418 784 1641 839 δοκοῦν
1661 801 1674 814 θ
1698 783 1838 838 οὔτε
1849 783 1976 852 μὴν
1995 783 2081 847 εἱς
2095 779 2210 848 τὴν
2237 779 2346 848 τῆς
2364 779 2588 848 σαρκὸς
2605 777 3325 848 φύσινμεταπεφοίτηκεν
3349 777 3386 845 η
3417 777 3523 832 τοῦ
3547 783 3718 849 ,λέγευο

474 877 612 932 ἀλλ’
673 876 816 934 οὐδὲ
873 877 911 944 ἡ
948 875 1058 944 τῆς
1122 877 1352 945 σαρκὸς
1417 875 1622 944 είςτὴν
1669 874 1856 929 αὑτοῦ
1880 890 1894 904 °
1926 874 2067 928 ἀλλ’
2100 873 2170 926 ἐν
2200 872 2444 939 ἰδιότητι
2473 871 2624 926 κατὰ
2673 874 2864 941 φύσιν
2896 869 3183 939 ἐκατέρου
3241 869 3538 938 μένοντές
3563 889 3616 924 τε
3644 879 3718 930 καὶ

475 967 833 1036 νοουμένου,
862 969 900 1036 ἡ
922 969 1180 1037 ἄρῤητος
1203 965 1304 1022 καὶ
1324 967 1630 1036 ἄφραστος
1658 965 1879 1031 ἕνωσις
1907 966 2056 1035 μίαν
2083 964 2230 1033 ἡμῖν
2261 964 2494 1029 ἔδειξεν
2522 964 2658 1018 Υιοῦ
2696 963 3102 1032 φύσιν,πλὴν,
3138 963 3217 1028 ὡς
3242 963 3417 1032 ἔφην,
3450 976 3721 1032 occupito-

469 1063 689 1134 μένην.
737 1065 867 1120 ’1δοὺ
891 1065 1142 1136 φανερῶς
1159 1065 1253 1118 καὶ
1290 1064 1428 1136 μετὰ
1455 1065 1552 1133 τὴν
1591 1063 1864 1136 σάρκωσιν
1893 1063 2150 1134 ἑκάτερον
2181 1063 2225 1093 ⁸⁵
2253 1061 2360 1116 τῶν
2391 1061 2701 1115 ἑνωθέντων
2731 1063 2787 1114 ὲν
2811 1063 2923 1124 τοῖς
2947 1059 3088 1113 κατὰ
3121 1045 3282 1128 φύσιν
3319 1058 3503 1128 μένειν
3531 1054 3637 1111 εἷπε
3670 1063 3721 1118 εδ,

549 1177 795 1250 Scriptor
818 1181 931 1236 brae
966 1195 1230 1237 enarrans
1263 1182 1478 1244 scribit,
1508 1193 1563 1234 ut
1599 1180 2063 1237 consubstantiale

477 1271 938 1326 consubstantiali
991 1271 1288 1326 secundum
1343 1272 1660 1343 hypostasin
1708 1288 1812 1329 non
1857 1271 2062 1335 unitur,

478 1377 654 1431 neque
678 1364 824 1418 enim
860 1363 1043 1417 anima
1070 1362 1268 1417 anima:
1298 1363 1352 1418 in
1385 1378 1616 1433 persona
1647 1363 1857 1428 unitur,
1891 1377 2064 1431 neque

479 1469 677 1520 corpus
699 1455 933 1524 corpori.
965 1454 1097 1519 Qua:
1124 1470 1253 1509 vero
1293 1455 1505 1509 diversa
1538 1455 1839 1510 substantia
1865 1455 2061 1508 uniun-

481 1556 592 1610 tur,
643 1561 885 1613 persona:
938 1544 1203 1600 unitatem
1247 1545 1550 1610 absolvunt,
1609 1546 1663 1600 in
1705 1561 1870 1600 unam
1918 1544 2064 1599 enim

478 1637 800 1692 substantia:
840 1638 1252 1708 proprietatem,
1290 1654 1411 1707 quae
1437 1654 1499 1692 ex
1543 1638 1751 1694 unitate
1789 1647 1918 1692 sunt
1958 1652 2064 1691 non

477 1738 890 1784 convertuntur.
919 1729 1122 1796 Quare,
1155 1733 1201 1786 si
1229 1732 1500 1797 volumus,
1527 1747 1689 1785 unam
1728 1730 2064 1785 incarnatam

479 1821 641 1876 Verbi
681 1829 956 1887 naturam,
997 1822 1050 1877 id
1073 1832 1178 1889 est,
1212 1839 1375 1877 unam
1401 1838 1711 1889 personam,
1739 1823 1792 1876 in
1824 1823 2062 1891 seipsam

480 1914 836 1980 invalescere,
870 1915 1219 1985 agnoscimus
1264 1917 1541 1971 unitorum
1578 1916 1633 1970 in
1670 1924 1867 1971 natura
1909 1915 2064 1970 dilic-

449 2008 733 2072 ~rentiam,
780 2022 944 2063 unam
993 2007 1158 2079 igitur
1190 2006 1354 2064 Verbi
1401 2009 1744 2064 inearnatam
1788 2019 2060 2075 naturam,
2095 1991 2142 2051 Β

484 2114 645 2153 unam
693 2098 1050 2171 intelligimus
1084 2115 1392 2170 personam.
1428 2101 1486 2156 Si
1518 2103 1664 2158 enim
1707 2117 1870 2158 unam
1908 2111 2072 2158 natu-

481 2201 598 2241 ram
631 2188 972 2242 incarnatam
997 2196 1328 2255 asserentes,
1355 2190 1575 2261 proprie
1609 2199 1864 2246 naturam
1891 2191 2072 2246 incar-

483 2287 666 2333 natam
703 2279 1078 2350 intelligimus,
1114 2278 1329 2334 Patrem
1363 2290 1419 2336 et
1445 2281 1712 2352 Spiritum
1757 2281 2072 2338 incarnatos

481 2371 802 2427 asserimus.
850 2371 966 2427 Una
1011 2373 1159 2428 enim
1199 2380 1284 2427 est
1326 2373 1630 2443 eademque
1679 2382 1873 2430 natura
1925 2374 2069 2441 Filii,

481 2461 661 2518 Patris
681 2478 748 2518 ac
801 2463 1040 2534 Spiritus
1103 2466 1330 2520 sancti:
1370 2481 1561 2520 verum
1612 2467 2070 2521 considerandmn

483 2551 615 2607 illud
645 2554 975 2610 accuratius.
1013 2554 1118 2610 Sed
1152 2555 1376 2610 haeresis
1405 2555 1538 2625 quid
1559 2557 1799 2611 astruit?
1831 2555 2072 2609 Duarum

484 2658 800 2700 naturarum
843 2647 1096 2700 unitatem
1135 2647 1424 2702 asserimus
1453 2658 1567 2716 post
1597 2664 1763 2702 unam
1799 2649 2069 2703 unionem.

486 2736 689 2793 Verum
739 2739 787 2793 si
811 2749 1062 2796 naturam
1102 2749 1159 2795 et
1207 2740 1504 2796 essentiam
1545 2740 1754 2806 dicunt,
1798 2743 2074 2808 quomodo

415 2893 422 2898 _
486 2845 594 2884 non
627 2830 999 2887 confusionem
1028 2839 1082 2887 et
1110 2831 1743 2889 consubstantialitatem
1777 2833 2073 2888 sentientes

487 2921 798 2991 capiuntur.
833 2921 892 2976 Si
934 2937 1065 2978 vero
1102 2937 1268 2978 unam
1320 2939 1626 2994 personam.
1659 2925 1744 2980 vel
1785 2941 1948 2980 unam
1979 2925 2076 2994 by-

486 3015 731 3083 postasin
772 3023 921 3070 recte
960 3024 1238 3080 astruunt,
1281 3025 1620 3085 cognoscant
1665 3015 1863 3086 251a
1921 3032 2073 3072 surn-

487 3123 633 3162 mam
665 3117 720 3162 et
750 3107 1038 3163 indirisam
1070 3109 1358 3172 unitatem,
1387 3124 1560 3178 neque
1591 3109 1864 3178 suscipere
1887 3111 2077 3166 sectio-

492 3212 615 3251 ncm
677 3196 971 3264 unitalum,
1029 3212 1206 3268 neque
1259 3197 1658 3262 confusionem,
1713 3215 1890 3270 neque
1949 3216 2076 3255 con-

2241 1181 2426 1236 Ταῦτα
2459 1182 2684 1236 διελθὼν
2712 1183 2740 1236 ό
2784 1179 3132 1252 συγγραφεύς
3173 1197 3306 1249 φησι
3360 1178 3460 1250 μὲν
3507 1177 3581 1238 ὡς
3621 1181 3724 1248 ὁμου

2168 1274 2349 1328 οὑσιον
2379 1275 2479 1346 μὲν
2517 1274 2789 1346 ὀμοουσίῳ
2844 1273 2968 1326 καθ’
3025 1272 3329 1326 ὑπόστασιν
3386 1272 3488 1340 οὑχ
3547 1271 3726 1324 ἑνοῦται

2169 1366 2310 1432 (οὐδὲ
2344 1367 2456 1438 γὰρ
2487 1367 2635 1436 ψυχὴ
2665 1366 2810 1436 ψυχῇ
2854 1365 2976 1419 καθ’
3033 1365 3334 1417 ὑπόστασιν
3364 1361 3603 1424 ἑνοῦται,
3629 1363 3727 1416 οὔτε

2171 1458 2332 1528 σῶμα
2353 1457 2614 1528 σώματι),
2641 1458 2710 1510 τὰ
2731 1456 2788 1510 δὲ
2819 1457 3136 1527 ἑτεροούσια
3157 1456 3200 1487 ⁸⁷
3231 1456 3499 1524 ἑνούμενα
3518 1453 3609 1522 τὴν
3631 1455 3728 1507 καθ’

2171 1550 2475 1602 ὑπόστασιν
2513 1549 2706 1602 ἕνωσιν
2736 1549 2992 1602 ἀποτελεῖ
3025 1565 3036 1576 ·
3073 1549 3154 1611 είς
3183 1547 3311 1616 μίαν
3335 1546 3392 1598 δὲ
3425 1545 3612 1606 οὐσίας
3630 1561 3732 1597 ταυ-

2166 1643 2370 1713 τότητα
2407 1641 2474 1695 τὰ.
2528 1643 2593 1693 ἐκ
2633 1643 2734 1710 τῆς
2764 1638 3013 1704 ἑνὼσεως
3046 1640 3108 1692 οὑ
3161 1638 3447 1708 τρέπεται.
3503 1636 3654 1689 ’Ὥστε
3694 1639 3733 1690 εί

2169 1733 2502 1806 βουλοίμεθα
2541 1734 2640 1804 τὴν
2693 1733 2824 1804 μίαν
2857 1733 3021 1803 φύσιν
3058 1730 3155 1785 τοῦ
3187 1729 3324 1784 Θεοῦ
3355 1730 3540 1798 Λόγου
3569 1747 3736 1800 σεσαρο

2167 1827 2456 1898 κωμένην,
2501 1827 2751 1882 τουτέστι
2804 1828 2902 1896 τὴν
2959 1825 3090 1897 μίαν
3137 1825 3474 1888 ὑπόστασιν,
3539 1839 3736 1892 κρατννο

2167 1918 2352 1989 ϐῆναι,
2387 1919 2444 1971 ἑν
2467 1917 2607 1989 αὑτῇ
2647 1915 2990 1987 γνωρίζομεν
3019 1914 3130 1968 τῶν
3159 1914 3474 1968 ἑνωθέντων
3506 1911 3604 1982 τὴν
3631 1914 3737 1966 κατ’

2170 2009 2363 2063 οὐσίαν
2390 2009 2684 2079 διαφοράν.
2717 2007 2828 2079 Τὴν
2861 2002 2956 2062 οὖν
3006 2007 3054 2039 ’⁸
3099 2005 3230 2076 μίαν
3268 2003 3432 2075 φύσιν
3480 2004 3578 2055 τοῦ
3626 2002 3738 2055 Θεοῦ

2172 2101 2348 2170 Λόγου
2385 2101 2820 2173 σεσαρκωμένην
2861 2099 2991 2170 μίαν
3048 2097 3350 2152 ὑπόστασιν
3397 2094 3647 2165 νοοῦμεν.
3689 2095 3739 2148 Ei

2171 2193 2284 2265 γὰρ
2318 2193 2450 2264 μίαν
2491 2192 2655 2262 φύσιν
2685 2189 3118 2263 σεσαρκωμένην
3147 2189 3393 2250 είπόντες
3427 2185 3534 2258 τὴν
3567 2185 3741 2256 κυρίως

2173 2287 2336 2357 φύσιν
2380 2285 2811 2357 σεσαρκωμένην
2846 2284 3139 2356 νοήσομεν,
3183 2282 3275 2334 τὸν
3315 2279 3542 2351 Πατέρα
3585 2278 3668 2332 καὶ
3696 2278 3744 2333 τὸ

2175 2378 2448 2446 πανάγιον
2504 2375 2730 2447 Πνεῦμα
2795 2374 3220 2446 σεσαρκωμένον
3292 2371 3665 2442 εἰσφέρομεν*
3714 2373 3742 2439 ἡ

2173 2469 2314 2542 αὑτὴ
2345 2471 2452 2541 γὰρ
2493 2469 2654 2539 φύσις
2692 2466 2824 2522 Υίοῦ
2864 2469 2960 2522 καὶ
2991 2466 3209 2536 Πατρὸς
3254 2465 3350 2519 καὶ
3401 2465 3566 2532 ἁγίου
3603 2462 3745 2516 lived—

2117 2612 2119 2614 .
2177 2575 2369 2628 ματος.
2413 2557 2575 2612 Ἀλλὰ
2623 2559 2783 2611 τοῦτο
2821 2557 2920 2628 μὲν
2956 2554 3352 2627 ἀκριϐέστερον
3382 2551 3741 2606 ἐπισκεπτέον.

2188 2651 2253 2704 Ἦ
2297 2651 2354 2704 δὲ
2401 2650 2614 2722 αἵρεσις
2654 2651 2707 2704 τί
2747 2666 2916 2721 emat;
2956 2650 3072 2703 Δύο
3113 2649 3231 2719 μὲν
3265 2649 3521 2715 φύσεων
3551 2645 3746 2698 ἕνωσιν

2172 2741 2456 2811 λέγομεν,
2495 2741 2649 2811 μετὰ
2695 2740 2762 2794 δὲ
2800 2741 2918 2809 τὴν
2955 2741 3178 2795 ἕνωσιν
3201 2740 3370 2810 μίαν.
3414 2737 3562 2792 Ἀλλ’
3591 2738 3635 2789 εἰ
3665 2737 3745 2806 μὲν

2175 2834 2338 2904 φύσιν
2392 2836 2491 2888 καὶ
2534 2835 2723 2888 οὐσίαν
2771 2834 3015 2902 λέγουσι,
3070 2833 3186 2896 πῶς
3237 2833 3299 2886 οὑ
3353 2829 3632 2901 σύμφυσιν
3669 2827 3748 2879 καὶ

2177 2927 2535 2978 συνουσίωσιν
2589 2923 2921 2996 φρονοῦντες
2967 2922 3316 2986 ἁλίσκονται;
3371 2921 3436 2972 Εἰ
3496 2919 3553 2972 δὲ
3604 2918 3748 2987 πρός-

2175 3034 2324 3071 ωπον
2353 3016 2412 3071 ἓν
2443 3017 2476 3088 ἢ
2509 3016 2810 3071 ὑπόστασιν
2844 3015 2997 3085 μίαν,
3056 3013 3240 3076 καλῶς
3290 3029 3449 3081 φασι.
3506 3011 3544 3062 Γ
3552 3006 3749 3062 ινωσκέ-

2175 3125 2357 3164 τωσαν
2389 3107 2448 3163 δὲ
2473 3108 2550 3172 ὡς
2594 3110 2629 3180 ὴ
2679 3108 2826 3181 ἄκρα
2874 3108 2970 3162 καὶ
3025 3107 3345 3168 ἀδιάστατος
3396 3104 3596 3165 ἓνωσις
3643 3099 3749 3154 οὔτε

2176 3199 2350 3273 τομὴν
2404 3199 2714 3271 ἐπιδέχεται
2761 3200 2870 3252 τῶν
2898 3196 3209 3253 ἑνωθέντων
3242 3194 3367 3249 οὑτε
3423 3193 3683 3264 σύγχυσιν
3719 3189 3751 3259 ἢ

491 3284 1031 3340 substantialitatcm.
1066 3284 1158 3340 Sic
1187 3285 1330 3341 enim
1359 3285 1591 3341 allirmat
1623 3287 1810 3342 beatus
1839 3287 2074 3360 Cyrillus

2183 3292 2564 3347 cuvoucttbatv.
2599 3291 2758 3347 Οὑτω
2785 3292 2894 3362 γάρ
2930 3307 3065 3362 φησι
3111 3289 3208 3344 καὶ
3247 3288 3276 3340 ό
3319 3289 3378 3340 ὲν
3428 3285 3626 3390 ἁγίοις.
3653 3281 3752 3336 Κὺ-

491 3376 880 3431 Commentario
926 3377 983 3431 in
1014 3375 1274 3431 Joannem
1305 3393 1323 3431 :
1359 3376 1507 3431 Unus
1533 3389 1605 3431 est
1644 3376 1816 3432 Filius
1844 3389 1892 3434 et
1921 3379 2075 3435 Chri-

491 3480 626 3537 stus,
658 3469 964 3525 divisionem
1001 3486 1104 3523 non
1131 3469 1412 3524 admittens
1445 3471 1497 3523 in
1527 3471 1934 3536 humanitatem,
1979 3473 2080 3528 nisi

490 3562 629 3632 quod
665 3562 836 3616 dicere
883 3562 952 3614 ad
1000 3561 1340 3616 dividendum
1391 3562 1562 3616 solum
1605 3561 1758 3617 Verbi
1806 3574 1856 3620 et
1902 3565 2079 3620 carnis

494 3669 768 3719 naturam,
813 3670 915 3709 non
953 3655 1192 3708 eamdem
1238 3670 1348 3709 esse
1397 3656 1682 3723 cognitam.
1729 3654 2081 3728 Rursumque

494 3747 561 3801 ad
598 3747 880 3816 Eulogium
931 3749 1177 3804 scribens
1226 3763 1240 3799 :
1275 3748 1339 3802 Et
1376 3750 1507 3804 illud
1544 3767 1646 3804 non
1687 3750 1951 3820 ignorent,
1992 3751 2080 3806 ubi

495 3839 636 3892 enim
666 3837 793 3892 unio
822 3841 1149 3907 nominatur,
1188 3858 1290 3896 non
1321 3842 1477 3895 unius
1522 3844 1599 3896 rei
1647 3843 1886 3897 collectio
1919 3844 2085 3912 signi-

499 3933 715 3996 ﬁcatur,
749 3929 839 3984 sed
889 3930 1138 3997 duarum,
1169 3933 1245 3986 vel
1273 3933 1531 4002 plurium,
1561 3946 1609 3986 et
1657 3934 1722 3987 ab
1749 3934 1967 3988 invicem
1994 3935 2081 3988 di-

500 4037 792 4075 uersarum.
830 4022 1103 4090 Siquidem
1136 4025 1393 4078 unitatem
1433 4026 1654 4078 dicimus
1685 4040 1701 4078 :
1737 4025 2081 4094 Couﬁtemur,

499 4114 678 4168 carnis
710 4116 960 4170 animan
997 4117 1266 4185 perspicue
1309 4126 1355 4170 et
1395 4115 1550 4170 Verbi
1582 4117 1727 4185 facta
1755 4128 1830 4171 est
1853 4120 1997 4174 unio.
2021 4119 2085 4175 Et

496 4222 715 4264 rursum
745 4223 810 4262 ex
837 4207 1026 4262 eadem
1053 4209 1201 4263 verbi
1231 4209 1445 4264 actione
1469 4226 1483 4265 :
1513 4209 1652 4274 Quid
1677 4227 1823 4282 agas,
1849 4213 2083 4280 quando,

495 4296 585 4364 qui
639 4307 832 4348 natura
875 4294 1041 4359 nobis,
1085 4311 1202 4348 cum
1241 4296 1461 4364 simplex
1497 4308 1592 4362 est,
1643 4299 1813 4350 evadit
1848 4299 2086 4368 duplex?

497 4387 565 4441 Et
615 4387 813 4443 millies
864 4387 1172 4444 invenietur
1219 4400 1442 4444 sanctus
1489 4391 1572 4442 vir
1620 4389 1870 4446 conliteri
1915 4408 2083 4447 unttm

500 4473 778 4529 ChriStum
807 4490 839 4528 a
871 4475 1442 4532 consubstantialitate
1480 4475 1660 4532 Patris
1683 4488 1736 4532 et
1768 4481 1938 4534 nostri
1977 4495 2086 4536 non

497 4560 829 4631 discrepare.
851 4563 1268 4632 Amphilochius
1302 4579 1540 4634 quoque,
1574 4565 1741 4620 lcouii
1774 4569 2085 4650 episcopus,

2183 3385 2359 3456 ριλλος
2381 3386 2439 3440 ὲν
2459 3385 2538 3456 τῷ
2564 3384 2713 3438 κατὰ
2729 3381 3011 3452 Ἰωάννην
3023 3379 3427 3451 Ὺπομνήματι
3441 3395 3454 3407 ⁸
3475 3373 3584 3443 Εἷς
3600 3376 3752 3430 ἐστιν

2180 3479 2215 3532 ό
2257 3476 2389 3544 Υἱὸς
2421 3476 2523 3531 καὶ
2548 3476 2823 3546 Χριστὸς,
2853 3473 3047 3544 τομὴν
3079 3475 3193 3529 οὐκ
3217 3472 3376 3543 ἔχων
3405 3471 3508 3526 διὰ
3540 3469 3656 3538 τὴν
3679 3469 3755 3521 ὲν-

2179 3567 2592 3637 ανθρώπησιν,
2645 3566 2817 3635 πλὴν
2854 3564 3006 3621 ὅσον
3045 3564 3238 3620 εἰπεῖν
3285 3567 3374 3629 εὶς
3412 3563 3483 3616 τὸ
3521 3557 3756 3616 διαστεῖ-

2179 3662 2284 3714 λαι
2311 3659 2509 3728 μόνον
2542 3659 2738 3726 Λόγου
2773 3674 2837 3711 τε
2877 3656 2980 3711 καί
3008 3655 3237 3725 σαρκὸς
3278 3655 3498 3724 φύσιν,
3547 3655 3620 3707 οὐ
3655 3651 3756 3718 τὴν

2182 3751 2382 3819 αὐτὴν
2408 3745 2608 3806 οὖσαν
2656 3751 2744 3816 είς
2791 3748 3040 3819 γνῶσιν.
3087 3748 3197 3801 Καὶ
3238 3746 3400 3801 πάλιν
3429 3745 3573 3816 πρὸς
3607 3743 3756 3796 E616-

2183 3860 2302 3912 γιον
2348 3842 2600 3913 γράφων,
2623 3842 2881 3896 Κάκεῖνο
2931 3839 3062 3913 [M3
3099 3839 3196 3912 IL]
3235 3838 3304 3892 δὲ
3331 3839 3421 3908 μὴ
3460 3837 3758 3907 ἀγνοείτω-

2188 3951 2313 3991 σαν
2351 3953 2365 3968 ·
2418 3935 2573 3990 ὅπου
2624 3935 2735 4006 γὰρ
2791 3934 3011 4000 ἐνωσις
3053 3932 3422 4002 ὀνομάζεται,
3481 3933 3597 3985 οὐκ
3635 3927 3758 3993 ἑνὸς

2185 4029 2532 4098 πράγματος
2557 4028 2912 4096 σημαίνεται
2952 4025 3236 4092 σύνοδος,
3260 4025 3426 4080 ἀλλὰ
3459 4023 3574 4079 δύο
3609 4024 3647 4091 h
3671 4019 3759 4074 καί

2186 4123 2505 4185 πλειόνων,
2543 4121 2642 4175 καὶ
2687 4121 3092 4190 διαφερόντων
3130 4119 3434 4187 ἀλλήλοις
3471 4116 3626 4172 κατὰ
3663 4113 3761 4182 thr

2186 4215 2396 4283 φύσιν.
2439 4215 2510 4268 Et
2543 4215 2754 4268 τοίνυν
2780 4211 3041 4282 λέγομεν
3075 4211 3319 4277 ἕνωσιν,
3361 4208 3763 4280 ὁμολογοῦμεν

2187 4303 2277 4358 ὅτι
2315 4305 2544 4374 σαρκὸς
2581 4303 2979 4374 ἐψυχωμένης
3003 4302 3284 4373 ⁹⁹νοερῶς
3318 4302 3422 4357 καί
3449 4303 3650 4370 Λότου
3679 4298 3760 4368 τέ·

2188 4415 2371 4467 ¹γονον
2388 4397 2626 4463 ἕνωσις.
2653 4399 2763 4451 Καὶ
2787 4396 2949 4450 πάλιν
2978 4396 3042 4450 ἑκ
3063 4396 3164 4467 τῆς
3190 4394 3361 4466 αὐτῆς
3389 4393 3762 4468 πραγματείας

2188 4490 2284 4545 τοῦ
2319 4490 2482 4559 λόγου
2521 4489 2685 4543 Ἐπεὶ
2721 4489 2780 4543 τι
2801 4488 3099 4558 ποιήσεις,
3124 4487 3274 4542 ὅταν
3299 4486 3448 4556 ἡμῖν
3475 4489 3510 4541 ό
3542 4482 3760 4546 ἁπλοῦς

2190 4581 2306 4651 τὴν
2345 4582 2536 4652 φύσιν
2558 4580 2847 4636 είσὸαίνει
2877 4579 3172 4646 omnia;
3219 4579 3331 4632 Καὶ
3377 4579 3645 4648 μυριάκις
3686 4574 3762 4627 εὖ·

501 4652 574 4705 itn
609 4651 683 4705 ait
725 4669 739 4705 :
788 4654 1014 4722 Apparet
1051 4664 1188 4706 certe
1227 4662 1438 4707 sanctos
1472 4654 1660 4710 Patres
1715 4667 1921 4712 nostros
1959 4675 2074 4714 con-

2191 4672 2482 4747 ρεθήσεται
2519 4674 2548 4726 ό
2590 4670 2734 4746 ἱερὸς
2774 4663 2932 4735 οὗτος
2965 4671 3106 4741 ἀνὴρ
3135 4670 3234 4740 τῆς
3277 4685 3335 4723 τε
3373 4670 3388 4701 ¹
3423 4667 3526 4722 τοῦ
3568 4665 3761 4737 nardi;

500 4743 900 4797 substantialem
932 4759 1162 4797 asserere
1191 4743 1346 4798 Patri
1383 4743 1585 4798 Filium
1615 4750 1902 4802 secundum
1945 4750 2080 4805 divi-

503 4837 738 4904 nitatem,
773 4847 821 4891 et
855 4835 1354 4891 consubstantialem
1385 4837 1550 4892 Matri
1579 4841 1867 4894 secundum
1893 4841 2082 4898 huma-

503 4924 744 4988 nitatem,
773 4924 1033 4991 duplicem
1061 4925 1234 4994 quoad
1260 4928 1537 4980 essentiam
1561 4929 1666 4982 sive
1686 4939 1956 4995 naturam,
1984 4947 2082 4984 non

500 5017 763 5086 duplicem
808 5018 982 5085 quoad
1032 5033 1330 5087 personam.
1380 5017 1447 5073 Et
1497 5034 1626 5074 vero
1668 5021 2085 5090 Amphilochius

503 5109 644 5165 inter
677 5108 782 5164 lide
829 5110 1180 5178 dignissimos
1223 5123 1327 5165 est.
1373 5110 1610 5182 Cyrillus
1645 5113 1790 5168 enim
1833 5129 1900 5169 eo
1948 5125 2084 5169 teste

503 5200 676 5254 utitur
697 5210 886 5255 contra
915 5201 1138 5270 impium
1159 5199 1499 5270 Nestorium;
1525 5203 1849 5260 Ambrosius
1870 5221 2085 5276 quoque

503 5292 786 5362 confes-sor
831 5292 920 5353 ille
964 5293 1303 5349 admirabilis
1359 5295 1439 5348 sic
1487 5294 1751 5365 scriptum
1800 5298 2016 5367 reliquit
2067 5317 2080 5352 :

502 5381 720 5453 Appone
758 5384 981 5438 uniones
1011 5383 1304 5439 divinitatis
1340 5393 1388 5437 et
1421 5386 1617 5450 carnis,
1660 5403 1795 5440 unus
1829 5390 1883 5442 in
1918 5390 2086 5446 altero

505 5484 720 5529 vocatur
747 5473 892 5530 Deus
926 5473 1100 5529 Filius
1122 5475 1262 5542 quod
1292 5475 1346 5529 in
1373 5475 1483 5545 ipso
1515 5485 1736 5547 utraque
1767 5492 1959 5534 natura
1994 5485 2082 5537 sit.

2188 4766 2612 4839 ὁμοουσιότητος
2661 4767 2756 4818 καὶ
2796 4763 2898 4835 τῆς
2929 4763 3207 4835 ἡμετέρας
3254 4763 3347 4815 τὸν
3391 4762 3489 4816 ἕνα
3540 4760 3762 4833 Χρψτὸν

2191 4857 2469 4928 ὁμολογῶν
2523 4855 2598 4928 μὴ
2643 4855 2965 4925 ἀφεστάναι.
3014 4853 3125 4908 Καὶ
3169 4856 3197 4908 ὁ
3247 4854 3304 4906 ὲν
3337 4853 3517 4922 ἁγίοις
3573 4852 3630 4905 δὲ
3679 4847 3762 4902 τοῦ

2206 4947 2429 5003 Ἰκονίου
2459 4946 2722 5017 πρόεδρος
2739 4944 3087 5016 Ἀμφιλόχιος
3111 4944 3254 4998 οὑτω
3287 4946 3452 5015 φησὶν
3472 4960 3484 4972 ·
3523 4939 3723 5012 Ὁρᾶτε
3747 4941 3764 4972 ²

2184 5040 2505 5111 τοιγαροῦν
2528 5039 2689 5105 ὅπως
2719 5038 2816 5092 καὶ
2849 5041 2905 5092 oi
2934 5035 3246 5093 θεσπέσιοι
3280 5035 3541 5104 Πατέρες
3573 5031 3766 5103 ὁμοσύ-

2183 5150 2324 5189 σιον
2349 5132 2628 5202 εἰρήκασι
2652 5130 2762 5185 τὸν
2797 5128 2938 5185 Υιὸν
2983 5129 3064 5195 τῷ
3093 5129 3281 5198 Πατρὶ
3325 5131 3472 5182 κατὰ
3517 5127 3640 5194 thr
3663 5124 3768 5179 θεόο

2185 5241 2351 5292 τητα,
2403 5222 2502 5277 καὶ
2543 5223 2874 5292 όμοούσιον
2917 5223 2990 5292 τῇ
3020 5222 3212 5292 Μητρὶ
3239 5222 3394 5276 κατὰ
3422 5221 3536 5288 τὴν
3557 5218 3791 5292 ἀνηρωα,

2185 5312 2437 5380 πότητα,
2487 5311 2750 5367 διπλοῦν
2802 5311 2917 5381 τὴν
2947 5313 3170 5368 οὐσίαν
3209 5315 3342 5383 ἢτοι
3372 5313 3480 5380 τὴν
3517 5312 3540 5344 ³
3565 5295 3791 5380 setiam“

2194 5407 2268 5459 οὺ
2297 5404 2559 5459 διπλοῦν
2589 5404 2658 5458 δὲ
2688 5403 2803 5472 τὴν
2831 5407 3195 5461 ὑπόστασιν.
3239 5404 3362 5458 Τῶν
3414 5399 3761 5471 ἀξιολογωτά-

2193 5513 2302 5548 των
2331 5495 2390 5548 δὲ
2420 5496 2448 5547 ὁ
2493 5495 2842 5566 Ἀμφιλόχιος
2861 5512 2874 5526 ο
2906 5496 3174 5566 Κύριλλος
3201 5496 3310 5568 γὰρ
3347 5496 3577 5570 χρήσεις
3617 5489 3769 5546 αὑτοῦ

1790 5644 2027 5705 γΑΒιΑῑ
2063 5654 2475 5715 LECTIONES.

579 5757 625 5830 of
657 5754 924 5830 ἐκατέρῳ
951 5774 1027 5830 gr
1086 5758 1134 5790 ο⁶
1175 5749 1298 5830 εἶπε
1328 5757 1372 5830 Α
1396 5774 1410 5812 :
1439 5760 1667 5830 προεῖπε
1696 5780 1755 5826 ς.

509 5826 632 5883 add.
666 5829 729 5880 A.
806 5827 826 5858 ¹
849 5827 968 5884 libri
1006 5828 1220 5898 ὁρᾶται.
1279 5828 1300 5860 ³
1323 5829 1442 5900 ἦτοι
1471 5826 1613 5884 κατὰ
1647 5832 1744 5903 τὴν
1773 5851 1833 5898 ς’.

1854 5768 1897 5798 ’⁷
1922 5769 2209 5841 ἑτερούσια
2245 5793 2308 5840 ς.

2413 5779 2458 5810 ³⁸
2483 5777 2582 5846 τὴν
2610 5777 2709 5847 μὲν
2743 5772 2836 5832 οὖν
2874 5795 2933 5840 ς.
3011 5777 3058 5809 ’9
3089 5775 3480 5847 ἑμψυχωμένης
3517 5789 3587 5840 ς’.
3669 5776 3682 5804 ¹
3718 5788 3773 5824 τε
