3994 6406
296 453 398 518 977

1338 465 1863 526 BIBLIOTIIECA.
1905 492 1973 502 —-
2010 466 2174 528 COD.
2210 470 2514 533 CCXXIX.

3445 470 3550 533 978

291 567 434 622 κατά
469 572 558 622 τοῦ
583 570 874 636 δυσσεϐοῦς
897 573 1194 645 Νεστορίου
1224 578 1531 648 προήγαγε.
1571 579 1679 632 Καὶ
1734 579 1855 647 ’Λμι

1976 579 2114 632 Idem
2137 577 2250 634 fere
2275 581 2642 635 testimonium
2665 582 2881 635 adhibet
2901 590 3091 636 contra
3108 582 3418 636 Nestorium
3443 582 3550 653 Cy-

289 662 508 731 ϐρόσιος
551 662 608 716 δὲ
643 661 692 716 ’ὁ
745 664 1050 736 θαυμάσιος
1097 670 1306 732 ἔκεῖνος
1340 669 1678 740 ὁμολογητὴς
1730 671 1873 723 οὑτω

286 751 462 820 φησι·
503 754 776 820 Πρόσχες
857 756 974 824 τὴν
1017 755 1240 811 ἕνωσιν
1292 756 1400 824 τῆς
1446 760 1727 826 θεότητος
1774 761 1872 813 καὶ

282 842 400 910 τῆς
420 846 647 914 σαρκὸς
666 841 752 913 εἷς
784 847 855 900 ἐν
879 847 1058 917 ἑτέρῳ
1077 851 1254 904 καλεῖ
1284 850 1306 883 ’⁸
1337 854 1372 905 ό
1393 851 1501 906 τοῦ
1529 851 1674 906 Θεοῦ
1716 852 1868 918 Υἱὸς,

281 937 377 992 ὅτι
429 938 499 992 ἐν
542 938 703 1004 αὐτῷ
749 940 788 1009 ἡ
839 941 1092 1010 ἑκατέρα
1124 944 1311 1012 φύσις
1342 943 1495 998 ἐστί.
1550 943 1766 1013 Ταύτης
1813 943 1870 996 δὲ

277 1031 385 1099 τῆς
411 1031 658 1102 χρήσεως
682 1033 777 1085 καὶ
803 1034 948 1088 κατὰ
979 1034 1280 1104 Νεστορίου
1310 1035 1579 1106 κέχρηται
1611 1035 1632 1067 ³
1661 1036 1691 1088 ὁ
1727 1034 1869 1106 ἱερὸς

279 1121 572 1194 Κύριλλος.
634 1125 722 1180 Ἔν
775 1126 833 1180 δὲ
880 1127 958 1198 τῷ
1004 1127 1148 1199 λόγῳ
1197 1129 1256 1192 ὃς
1309 1128 1678 1199 ἐπιγράφεται
1727 1129 1870 1198 Περὶ

279 1212 416 1284 [799
462 1215 556 1288 R.]
593 1217 910 1286 ἑρμηνείας
946 1219 1058 1288 τῆς
1103 1221 1384 1288 πίστεως,
1429 1219 1572 1275 οὕτω
1620 1223 1787 1291 φησὶν
1839 1225 1868 1276 ὁ

275 1307 446 1371 αὐτὸς
471 1310 705 1380 ὁμολογη
718 1312 830 1381 τήςο
865 1311 1010 1378 Τοὺς
1031 1311 1099 1365 δὲ
1125 1311 1417 1381 λέγοντας
1431 1313 1620 1383 ψιλὸν
1640 1314 1862 1383 ἅνθρωα

274 1418 406 1455 πον
451 1404 557 1457 τὸν
602 1403 881 1471 Χριστὸν,
937 1404 974 1473 ἢ
1018 1405 1287 1472 παθητὸν
1333 1406 1440 1459 τὸν
1475 1403 1642 1470 Θεὸν,
1697 1407 1736 1474 ἢ
1779 1408 1866 1472 είς

273 1491 486 1560 σάρκα
538 1491 856 1560 τραπέντα,
911 1493 950 1562 ἢ
1002 1493 1498 1564 συνουσιωμένον
1538 1495 1866 1572 ἐσχηκέναι

275 1585 348 1638 τὸ
375 1583 567 1654 σῶμα,
591 1586 922 1655 οὐρανόθεν
940 1587 1118 1641 τοῦτο
1139 1586 1537 1657 κεκομικέναι,
1571 1589 1609 1656 ἢ
1637 1604 1861 1657 φαντα-

274 1675 429 1728 σιάν
450 1671 694 1744 εἶναι,’ἢ
719 1677 944 1743 θνητὸν
975 1676 1264 1746 λέγοντας
1312 1676 1419 1731 τὸν
1451 1677 1600 1731 Θεὸν
1645 1678 1859 1747 Λόγον,

270 1767 596 1836 δεδεῆσθαι
624 1769 693 1823 δὲ
733 1771 837 1838 τῆς
870 1770 1030 1839 παρὰ
1055 1771 1160 1826 τοῦ
1183 1773 1412 1840 Πατρὸς
1445 1769 1857 1837 ἀναστάσεως,

271 1858 311 1925 ἢ
338 1859 590 1928 ἄψυχον
612 1861 804 1930 σῶμα,
832 1863 869 1930 ἣ
896 1861 1088 1916 ἄνουν
1105 1862 1422 1931 ἄνθρωπον
1439 1860 1855 1930 ἀνειληφέναι,

1975 671 2132 750 rillus
2153 671 2206 726 in
2222 673 2623 743 orationerqure
2643 673 2962 728 inscribitur
2980 673 3056 726 De
3074 675 3394 742 expositione
3403 675 3549 743 ﬁdei.

1977 761 2066 818 Sic
2098 764 2241 817 enim
2277 763 2558 819 confessor
2592 764 2679 818 ille
2707 765 3249 819 scribitzAsserentes
3285 766 3552 820 Christum

1971 871 2161 922 purum
2208 855 2491 920 hominem,
2526 855 2603 909 rel
2635 856 2904 926 patibilem
2955 856 3139 921 Deum,
3161 858 3238 910 vel
3262 858 3313 910 in
3342 873 3552 911 carnem

1971 962 2272 1001 conversum
2288 947 2400 1001 :vet
2429 949 2876 1003 consubstantiale
2902 963 3093 1016 corpus
3109 946 3319 1010 habere,
3343 949 3421 1000 vet
3447 963 3550 1001 ('02-

1969 1037 2096 1092 litns
2118 1037 2371 1103 delatum,
2395 1054 2497 1091 non
2515 1038 2944 1106 imaginationem
2963 1055 3093 1101 esse,
3121 1056 3147 1091 v
3163 1040 3198 1092 ιι
3215 1038 3438 1093 mortale
3455 1038 3553 1092 Dei

1983 1122 2226 1192 Verbum,
2253 1126 2542 1195 indiguisse
2568 1143 2684 1182 vero
2706 1127 2759 1180 in
2784 1129 3158 1182 resurrectione
3176 1145 3333 1196 opera
3354 1128 3552 1181 Patris.

1969 1217 2069 1267 Aut
2101 1215 2450 1268 inanimatam
2486 1231 2594 1270 esse
2614 1231 2824 1284 corpus,
2859 1205 2934 1270 uel
2961 1216 3072 1269 sine
3093 1226 3258 1268 mente
3285 1216 3551 1268 hominem

1967 1306 2325 1372 resumpsisse,
2344 1315 2433 1359 aut
2447 1306 2579 1361 duas
2593 1306 2756 1362 Chisti
2774 1308 3023 1362 essentias
3043 1309 3284 1361 mistione
3302 1307 3550 1373 confusas

1966 1413 2124 1451 unam
2143 1398 2340 1467 [uetant
2356 1415 2467 1453 esse
2481 1400 2858 1454 substantiam:
2871 1409 2916 1454 et
2939 1415 3039 1454 non
3061 1399 3354 1468 conﬁtentes
3372 1398 3554 1453 Jesum

1964 1489 2228 1543 Christum
2247 1490 2380 1544 duas
2399 1509 2510 1546 esse
2521 1491 2846 1546 substantias
2861 1491 3218 1546 incummistas
3231 1533 3242 1550 .
3259 1509 3418 1546 unam
3436 1507 3553 1545 vero

1961 1596 2259 1649 personant,
2287 1598 2388 1652 qua
2411 1584 2612 1637 ratione
2633 1600 2766 1636 unus
2791 1582 3056 1648 Christus,
3082 1599 3216 1636 unus
3242 1581 3438 1648 Filius,
3458 1582 3551 1635 hos

1961 1685 2144 1729 sancta
2163 1679 2210 1724 et
2240 1672 2501 1726 catholica
2523 1675 2937 1727 excommunicat
2971 1672 3230 1728 Ecclesia.
3260 1671 3376 1726 Non
3405 1673 3550 1726 enim

1963 1766 2123 1822 Verbi
2148 1775 2202 1822 et
2223 1766 2404 1822 carnis
2428 1765 3073 1832 consubstantialitatem,
3122 1766 3173 1819 id
3225 1775 3330 1830 est,
3356 1763 3550 1833 251!)

1961 1876 2125 1916 unam
2144 1870 2393 1916 naturam
2409 1858 2865 1915 dixeruntPatres
2883 1858 3020 1923 ﬁeri,
3039 1872 3145 1912 non
3168 1865 3311 1912 certe
3332 1866 3551 1910 sanctus

268 1950 310 2017 ἦ
351 1950 461 2017 τὰς
497 1950 608 2004 δύο
650 1951 865 2017 οὐσίας
894 1952 999 2007 τοῦ
1029 1952 1286 2022 Χριστοῦ
1329 1953 1479 2008 κατὰ
1515 1952 1853 2022 ἀνάκρασιν

1960 1951 2271 2008 Ambrosius
2281 1961 2469 2013 contra
2482 1950 2867 2020 Apollinarium
2885 1949 3127 2007 scribens
3141 1949 3242 2004 ait:
3262 1947 3366 2002 Sed
3385 1949 3436 2000 in
3451 1965 3552 2018 quo

265 2044 692 2112 συγχυθείσας
713 2044 863 2114 μίαν
889 2045 1246 2116 γεγενῆσθαι
1278 2044 1498 2098 οὐσίαν
1523 2046 1565 2103 ⁸.
1616 2043 1716 2097 καὶ
1765 2043 1851 2112 μὴ

265 2133 722 2202 ὁμολογοῦντας
751 2136 857 2189 τὸν
881 2138 1102 2204 Κύριον
1123 2135 1293 2205 ἡμῶν
1326 2135 1572 2202 Ἰησοῦν
1595 2133 1855 2202 Χριστὸν

262 2223 383 2276 δύο
411 2221 563 2278 εἶναι
599 2226 814 2290 οὐσίας
853 2228 1257 2296 ἀσυγχύτους,
1287 2226 1358 2279 ἓν
1399 2226 1467 2278 δὲ
1503 2228 1850 2294 πρόσωπον,

1960 2041 2084 2095 illos
2115 2042 2384 2112 argnimus
2401 2042 2755 2111 pullularunt,
2782 2042 2875 2095 alii
2899 2043 3124 2095 dicentes
3157 2057 3174 2094 :
3203 2039 3415 2094 Domini
3435 2054 3552 2092 cor-

1958 2149 2056 2201 pus
2087 2150 2148 2187 ac
2168 2133 2498 2188 divinitatem
2520 2135 2675 2188 unius
2697 2144 2899 2187 natura:
2921 2150 3052 2187 esse.
3087 2134 3218 2198 Quis
3248 2148 3399 2186 orcus
3417 2131 3552 2186 hanc

1958 2225 2178 2278 evomuit
2202 2223 2623 2292 blasphemiam?
2653 2225 2835 2278 Ariani
2858 2241 2995 2288 vero,
3017 2239 3239 2292 quorum
3262 2239 3409 2276 error
3435 2237 3550 2274 nta-

260 2315 418 2369 καθὸ
441 2312 528 2382 εἷς
560 2318 814 2387 Χριστὸς
849 2313 937 2384 εἷς
976 2319 1126 2384 Υἱὸς,
1165 2319 1416 2383 τούτους
1443 2315 1850 2386 άναθεματίζὲι

1960 2317 2060 2382 iori
2085 2316 2416 2370 contentione
2441 2319 2702 2384 pervadit,
2725 2315 2962 2381 Patrem,
2990 2314 3188 2368 Filium
3217 2326 3260 2368 et
3287 2314 3566 2388 Spiritum,

256 2409 306 2477 ἡ
347 2413 641 2481 καθολικὴ
683 2413 782 2467 καὶ
817 2415 956 2484 ἁγία
987 2416 1005 2445 ⁷
1057 2413 1402 2480 Ἐκκλησία.
1442 2411 1578 2465 Οὑτε
1615 2411 1846 2483 γάρτοῦ

257 2502 444 2570 Λόγου
478 2503 570 2556 καὶ
599 2505 699 2575 τῆς
749 2504 954 2576 σαρκὸς
980 2505 1398 2575 ὁμοουσιότητα,
1438 2504 1682 2558 τουτέστι
1721 2503 1850 2570 μίαν

260 2593 432 2660 φύσιν
473 2591 627 2648 εἶπον
656 2597 704 2649 οἱ
741 2597 982 2666 Πατέρες
1006 2613 1019 2626 ’
1061 2597 1135 2667 μὴ
1171 2596 1418 2665 γένοιτο·
1467 2596 1544 2660 ὡς
1575 2597 1670 2649 καὶ
1715 2597 1744 2649 ὁ
1791 2596 1849 2649 ἐν

1956 2421 2196 2464 sanctum
2214 2427 2318 2464 non
2338 2411 2493 2464 unius
2516 2420 2725 2466 natura:
2741 2423 3060 2466 asserentes:
3083 2409 3280 2467 Christi
3300 2410 3548 2463 diuinita-

1957 2510 2081 2566 tem,
2099 2511 2145 2555 et
2161 2516 2370 2556 carnem
2387 2502 2542 2554 unius
2559 2512 2761 2556 natura:
2778 2519 2886 2556 esse
2899 2504 3070 2556 dicere
3087 2504 3265 2555 conati
3285 2510 3427 2555 sunt.
3443 2501 3538 2554 Ea-

1955 2594 2099 2660 dem,
2118 2594 2209 2649 sed
2224 2593 2447 2659 clarius,
2463 2593 2794 2650 Athanasius
2815 2595 2870 2649 in
2885 2595 3110 2664 epistola
3131 2595 3195 2648 ad
3215 2595 3544 2664 Epictetum.

259 2691 445 2759 ἁγίοις
485 2693 811 2764 Ἀμϐρὸσιος
841 2696 983 2750 κατὰ
1031 2695 1406 2768 Ἀπολιναρίου
1433 2697 1660 2768 γράφων
1687 2697 1853 2766 φησὶν
1888 2712 1901 2727 ·
1934 2694 2096 2750 Ἀλλ’
2121 2695 2191 2750 ἐν
2220 2695 2344 2760 ὅσῳ
2364 2695 2616 2758 τούτους
2637 2691 2986 2761 ἐλέγχομεν,
3028 2691 3388 2758 ἀνεφύησαν
3453 2687 3549 2740 ἕτ-

255 2801 392 2852 εροι
437 2785 720 2855 λέγοντες
764 2791 832 2841 τό
881 2805 945 2842 τε
982 2787 1154 2858 σῶμα
1227 2791 1332 2843 τοῦ
1371 2790 1594 2858 Κυρίου
1643 2789 1743 2843 καὶ
1780 2789 1896 2859 τὴν
1932 2789 2185 2858 θεότητα
2219 2787 2364 2858 μιᾶς
2408 2788 2651 2856 φύσεως
2699 2780 2872 2839 εἶναι.
2921 2782 3097 2848 Ποῐος
3146 2781 3352 2848 Ἀιδης
3433 2779 3547 2848 τὴν

257 2869 576 2946 τοσᾶύτην
610 2879 905 2946 ἠρεύξατο
931 2882 1381 2950 βλασφημία-νς
1428 2881 1713 2950 Ἀρειανοὶ
1734 2882 1846 2950 γὰρ
1883 2880 2000 2950 ἤδη
2024 2880 2434 2951 τυγχάνουσιν
2461 2878 2861 2945 ἀνεκτότεροι,
2901 2870 2990 2929 ὧν
3050 2877 3088 2942 ἡ
3121 2873 3372 2928 ἀπιστία
3447 2871 3546 2925 διὰ

261 2976 520 3042 τούτους
573 2977 928 3045 κρατύνεται
982 2980 1206 3050 μείζονι
1253 2979 1593 3049 φιλονεικίᾳ
1639 2978 1871 3050 Πατέρα
1942 2979 2043 3033 καὶ
2093 2978 2228 3034 Υίὸν
2269 2978 2370 3032 καὶ
2413 2977 2584 3046 ἅγιον
2617 2959 2858 3044 Πνεῦμα
2885 2971 3027 3042 μιᾶς
3060 2971 3276 3036 οὐσίας
3307 2970 3394 3039 μὴ
3439 2969 3542 3023 λέ-

259 3087 416 3142 γειν,
470 3071 792 3141 ἐπειδήπερ
831 3068 996 3129 οὗτοι
1027 3077 1142 3142 τὴν
1174 3077 1426 3143 θεότητα
1469 3075 1575 3130 τοῦ
1627 3076 1850 3143 Κυρίου
1888 3076 1986 3130 καὶ
2024 3075 2137 3143 τὴν
2166 3072 2366 3141 σάρκα
2397 3070 2535 3144 μιᾶς
2561 3071 2799 3139 φύσεως
2865 3065 3055 3124 ειπεῖν
3115 3065 3535 3134 ἐπεχείρησαν,

262 3166 352 3219 Τὰ
378 3166 518 3218 αὑτὰ
543 3167 601 3220 δὲ
630 3168 726 3222 καὶ
777 3169 1112 3239 σαφέστερον
1156 3169 1474 3234 Ἀοανάσιος
1514 3170 1572 3224 ὲν
1601 3172 1668 3240 τῇ
1706 3170 1845 3238 πρὸς
1894 3168 2220 3239 Ἐπίκτητον
2251 3166 2403 3234 λέγει
2438 3163 2720 3234 ἐπιστολῇ.

338 3257 528 3312 Ταῦτα
554 3259 724 3313 εἰπὼν
758 3263 784 3314 ὀ
806 3263 1154 3332 συγγραφεὺς
1197 3262 1397 3332 ἐφεξῆς
1436 3264 1566 3333 περὶ
1626 3263 1841 3331 φύσεως

2025 3261 2270 3334 Scriptor
2297 3260 2554 3330 deinceps
2577 3270 2769 3313 natura
2791 3257 2904 3312 sive
2925 3253 3250 3314 substantia,
3274 3259 3328 3306 et
3355 3250 3420 3305 de
3437 3249 3538 3318 hy-

262 3351 387 3419 ἤτοι
417 3352 607 3415 οὐσίας
644 3353 739 3405 καὶ
779 3355 910 3422 περὶ
966 3354 1321 3417 ὑποστάσεως
1371 3356 1494 3426 ἦτοι
1552 3358 1848 3426 προσώπου

265 3444 543 3512 πατρικὰς
585 3442 830 3516 MHR]
905 3445 1234 3516 προκομίζει
1265 3447 1594 3518 μαρτυρίας,
1661 3447 1738 3511 ὡς
1791 3448 1852 3502 τὸ

266 3536 446 3586 κοινὸν
480 3535 576 3604 μὲν
608 3536 854 3590 καλεῖται
883 3539 979 3591 καὶ
1017 3538 1180 3606 φύσις
1211 3541 1307 3594 καὶ
1335 3541 1491 3609 γένος
1512 3542 1608 3596 καὶ
1664 3541 1848 3606 οὐσία,

265 3621 568 3689 ὑπόστασις
593 3626 650 3680 δὲ
693 3628 788 3680 καί
814 3630 1106 3699 πρόσωπον
1137 3630 1198 3684 τὸ
1251 3632 1438 3686 ἰδικόν.
1501 3634 1612 3687 Καὶ
1659 3652 1850 3705 κυριο-

265 3714 451 3769 λεκτεῖ
481 3716 629 3787 μὲνὸ
663 3719 837 3787 λέγων
861 3722 962 3793 τὴν
1014 3721 1181 3790 φύσιν
1245 3723 1434 3778 οὐσίαν
1471 3726 1564 3779 καὶ
1611 3726 1670 3779 τὸ
1724 3727 1854 3780 ἀνά-

269 3807 453 3874 παλιν,
489 3812 947 3881 καταχρηστικῶς
969 3813 1025 3867 δὲ
1045 3813 1270 3868 δύναταί
1304 3833 1389 3879 τις
1413 3816 1720 3888 λαμϐάνειν
1753 3817 1849 3872 καὶ

266 3897 328 3950 τὸ
354 3897 457 3969 τῆς
479 3899 694 3968 φύσεως
719 3902 890 3973 ὄνομα
916 3906 1041 3959 ἀντὶ
1084 3907 1461 3971 ὑποστάσεως.
1518 3911 1612 3962 Δεῖ
1667 3910 1850 3980 μέντοι

268 4005 332 4056 γε
365 3989 465 4053 τὰς
479 3990 653 4058 λέξεις
681 3992 742 4046 οὐ
770 3994 903 4066 πρὸς
919 3996 1020 4068 τὴν
1036 3997 1145 4051 τῶν
1170 3997 1508 4052 ἀσεϐούντων
1536 3999 1791 4070 βούλησιν
1803 4001 1847 4066 ⁸,

269 4080 407 4150 πρὸς
428 4081 487 4135 δὲ
523 4083 621 4155 τὴν
651 4085 749 4155 τῆς
775 4086 1062 4152 εὐσεϐείας
1087 4088 1387 4158 λαμϐάνειν
1434 4091 1694 4146 διάνοιαν.
1743 4093 1851 4146 Καὶ

268 4174 319 4224 εἰ
352 4172 454 4242 μὲν
486 4175 580 4228 ἐπὶ
607 4176 902 4246 προσώπου
923 4179 1141 4248 λέγεται
1168 4184 1200 4252 ἡ
1235 4181 1385 4254 φωνὴ
1408 4184 1499 4236 καὶ
1527 4183 1622 4235 τοῦ
1649 4184 1848 4238 ἀποτεο

267 4263 551 4328 λεσθέντος
581 4267 726 4338 ἑνὸς,
761 4269 886 4323 ἀντὶ
915 4271 1271 4336 ὑποστάσεως
1318 4273 1400 4326 δεῖ
1445 4274 1849 4346 παραδέχεσθαι

265 4354 328 4408 τδ
351 4358 453 4427 τῆς
481 4358 699 4426 φύσεως
727 4359 901 4431 ὄνομα
929 4378 942 4390 ·
975 4363 1024 4416 εἰ
1054 4363 1111 4416 δὲ
1139 4365 1268 4434 περὶ
1293 4365 1402 4418 τῶν
1427 4365 1487 4431 ἐξ
1543 4361 1617 4420 ὧν
1656 4370 1852 4422 ἀπετε-

265 4444 432 4517 λέσθη
466 4446 684 4516 φύσεων
713 4451 741 4504 ὀ
777 4447 857 4514 εἷς
890 4453 1150 4522 Χριστὸς,
1203 4455 1324 4508 τότε
1357 4456 1456 4527 τὴν
1511 4459 1697 4529 φωνὴν
1750 4461 1850 4530 τῆς

265 4539 490 4606 φύσεως
535 4543 658 4595 ἀντὶ
713 4544 814 4614 τῆς
848 4546 1045 4616 κυρίας
1095 4547 1312 4617 φύσεως
1368 4551 1466 4605 καὶ
1514 4551 1612 4622 τῆς
1662 4553 1850 4616 οὐσίας

1953 3353 2162 3423 postasi
2195 3353 2313 3409 sive
2355 3364 2608 3421 persona,
2641 3348 2862 3402 Patrum
2903 3345 3168 3400 adhibens
3203 3340 3535 3405 testimonia,

1956 3444 2182 3516 utquod
2213 3457 2501 3519 commune
2525 3451 2610 3496 σει
2635 3449 2858 3495 νοοοιυν
2888 3448 3101 3500 natura,
3135 3450 3328 3506 genus,
3347 3449 3534 3488 CSSCII-

1956 3539 2059 3604 tia;
2081 3537 2223 3608 quod
2256 3551 2385 3589 vero
2421 3533 2699 3604 proprium
2735 3539 2840 3594 est,
2878 3528 3192 3599 bypostasis
3215 3535 3268 3580 et
3305 3540 3533 3596 persona

1957 3642 2179 3686 vocetur
2210 3637 2263 3683 et
2290 3627 2508 3698 proprie
2538 3624 2757 3695 quidem
2808 3621 3067 3692 loquitur,
3111 3635 3234 3674 cum
3279 3619 3534 3673 substan-

1955 3723 2085 3778 tiam
2108 3721 2241 3776 dicit
2274 3719 2590 3780 essentiam,
2625 3725 2678 3771 et
2718 3715 2834 3769 vice
2873 3728 3049 3769 versa.
3081 3711 3322 3766 Abusive
3353 3718 3533 3762 autem

1957 3827 2150 3881 capere
2199 3811 2322 3880 quis
2369 3817 2547 3880 potest
2603 3815 2812 3861 naturae
2839 3819 3037 3860 nomen
3091 3817 3188 3872 pro
3235 3799 3534 3872 bypostasi,

1953 3915 2164 3974 oportet
2203 3915 2377 3958 tamen
2425 3916 2531 3955 non
2581 3899 2649 3954 ad
2682 3899 2969 3968 impiorum
3003 3895 3306 3955 libidinem,
3339 3892 3431 3947 sed
3467 3891 3535 3946 ad

1955 4012 2173 4054 sensum
2202 3996 2412 4066 piorum
2443 3991 2762 4060 intelligere,
2794 3992 2860 4043 de
2887 4002 3118 4057 persona
3148 3986 3367 4056 quidem
3393 3983 3536 4037 allir-

1956 4099 2135 4146 matur
2169 4091 2270 4146 hoc
2297 4087 2644 4148 vocabulum,
2681 4096 2736 4138 et
2755 4083 2821 4138 de
2847 4080 3088 4151 perfecto
3112 4094 3218 4132 uno
3242 4092 3339 4146 pro
3367 4078 3534 4145 hypo-

1953 4185 2108 4248 stasi,
2142 4190 2356 4252 oportet
2385 4193 2578 4250 capere
2605 4188 2809 4232 natura:
2839 4189 3057 4230 nomen.
3095 4173 3152 4226 Si
3189 4186 3316 4226 vero
3342 4169 3407 4223 de
3447 4169 3533 4230 iis.

1953 4293 2021 4333 ex
2065 4277 2266 4346 quibus
2317 4289 2457 4328 unus
2502 4270 2782 4342 perﬁcitur
2821 4269 3072 4322 Christus
3106 4285 3120 4320 :
3156 4273 3284 4319 tunc
3329 4269 3537 4316 natura:

1954 4369 2302 4432 vocabulum,
2341 4381 2441 4436 pro
2469 4363 2685 4434 propria
2731 4370 2926 4416 natura
2955 4369 3010 4414 et
3055 4357 3292 4413 essentia
3338 4353 3540 4409 intelli—

1956 4477 2103 4532 gere.
2143 4462 2266 4516 ΙΙωο
2304 4459 2450 4515 enim
2499 4457 2880 4520 observantes,
2911 4467 3178 4522 nusquam
3215 4457 3438 4504 sanctos
3475 4460 3540 4499 ac

1955 4555 2192 4611 disertos
2226 4553 2414 4607 Patres
2443 4558 2655 4605 nostros
2687 4549 2828 4602 inter
2851 4561 2910 4602 se
2937 4559 3178 4615 pugnare
3206 4540 3535 4603 videbimus,

265 4633 429 4685 νοεῖν.
467 4633 654 4686 Ταῦτα
711 4637 820 4706 γὰρ
862 4638 1377 4707 παραφυλάττοντες
1435 4643 1672 4714 οὐδαμοῦ
1723 4648 1845 4710 τοὺς

1960 4647 2228 4714 talemque
2274 4659 2394 4698 esse
2425 4642 2644 4695 Patrum
2671 4647 2906 4694 mentem
2938 4649 3207 4705 cognosce
3253 4650 3284 4686 e
3311 4642 3538 4687 strenuo

269 4723 450 4793 ἱεροὺς
481 4725 576 4779 καὶ
605 4727 836 4796 λογάδας
867 4730 1028 4799 ἡμῶν
1064 4732 1316 4802 Πατέρας
1371 4735 1680 4806 εὑρήσομεν
1733 4738 1850 4792 δια-

269 4817 614 4885 μαχομένους
629 4819 902 4888 ἀλλήὶοις.
931 4823 1042 4875 Καὶ
1085 4824 1165 4878 ὃτι
1199 4825 1441 4879 τοιοῦτον
1481 4828 1543 4881 τὸ
1591 4829 1849 4901 φρόνημα

263 4907 371 4958 τῶν
400 4909 683 4976 Ματέρων,
713 4910 875 4966 ἄκουε
897 4913 991 4967 τοῦ
1020 4917 1320 4988 νικηφόρου
1352 4920 1624 4990 Κυρίλλου
1653 4923 1719 4975 ἐκ
1747 4925 1849 4992 τῆς

263 4997 401 5066 πρὸς
423 4998 730 5069 Σούκηνσον
781 5003 1004 5076 πρώτης
1047 5007 1340 5079 ἐπιστολῆς
1369 5027 1382 5042 ο
1439 5014 1520 5066 Οὺ
1551 5012 1661 5082 γάρ
1713 5014 1848 5068 ἐστι

268 5084 386 5139 τῶν
415 5087 677 5155 ἐφικτῶν
712 5093 799 5156 είς
830 5094 1115 5161 θεότητος
1163 5099 1386 5151 οὐσίαν
1434 5099 1566 5168 ἤτοι
1615 5103 1808 5170 φύσιν
1831 5105 1852 5138 ⁹

1957 4738 2162 4808 Cyrillo
2186 4737 2356 4806 prima
2389 4737 2455 4788 ad
2488 4735 2820 4788 Succensum
2843 4729 3066 4798 epistola
3097 4746 3112 4782 :
3149 4725 3270 4780 Non
3295 4735 3368 4779 est
3396 4725 3536 4778 enim

1956 4827 2156 4898 aliquid
2191 4827 2298 4880 ullo
2332 4825 2485 4879 modo
2506 4822 2755 4893 possibile
2779 4833 2830 4874 ut
2855 4821 2911 4875 in
2932 4819 3227 4874 divinitatis
3255 4817 3536 4872 essentiam

1951 4924 2058 4976 sive
2090 4929 2334 4974 naturam
2369 4919 2595 4974 transire
2647 4915 2846 4985 aliquid
2899 4925 3133 4967 creatum
3178 4919 3355 4980 queat.
3398 4907 3535 4962 Caro

1954 5015 2093 5068 enim
2123 5021 2368 5065 creatura
2410 5017 2768 5063 est:oonstat
2795 5006 2980 5074 itaque
3021 5012 3272 5056 naturam
3307 5000 3394 5054 hic
3439 5015 3536 5067 pro

1955 5104 2257 5161 substantia
2279 5102 2422 5171 capi.
2450 5101 2688 5156 Rursum
2722 5100 2774 5152 in
2811 5096 3037 5167 epistola
3073 5095 3138 5148 ad
3171 5092 3481 5147 Nestorium
3518 5107 3531 5143 :

256 5179 686 5246 μεταχωρῆσαί
711 5199 765 5234 τι
803 5182 1102 5239 δύνασθαι
1141 5186 1262 5241 τῶν
1303 5190 1648 5259 κτισμάτων
1677 5209 1691 5223 °
1729 5196 1854 5249 κτί-

1960 5197 2156 5249 Asserit
2183 5196 2322 5248 enim
2349 5193 2516 5247 Deum
2540 5208 2694 5246 suum
2724 5188 2964 5253 Patrem,
2998 5198 3050 5240 ut
3083 5197 3218 5240 certe
3247 5185 3389 5238 Deus
3413 5198 3531 5234 cum

261 5284 386 5336 σμα
415 5269 487 5322 δέ
508 5271 605 5324 καὶ
635 5275 669 5340 ἡ
696 5273 855 5343 σάρξ
875 5290 888 5303 °
919 5278 1089 5344 Δῆλον
1116 5280 1224 5351 γὰρ
1265 5281 1342 5344 ὡς
1398 5283 1496 5355 τὴν
1538 5284 1703 5355 φύσιν
1760 5291 1848 5342 ἐν·

1960 5289 2018 5342 sit
2046 5297 2229 5354 suapte
2258 5291 2452 5340 natura
2485 5293 2634 5352 atque
2655 5283 2906 5344 essentia,
2938 5279 3036 5333 etsi
3069 5267 3264 5330 natura
3290 5273 3530 5328 essentia:

261 5359 438 5414 ταῦοα
469 5362 591 5416 ἀντὶ
614 5365 711 5435 τῆς
740 5365 931 5431 οὐσίας
968 5371 1266 5439 παρέλαϐε.
1318 5375 1428 5427 Καὶ
1461 5377 1624 5431 πάλιν
1655 5381 1720 5434 ἐκ
1749 5381 1844 5453 τῆς

1960 5395 2256 5435 :oncursum
2297 5377 2515 5445 accepit.
2547 5374 2612 5428 Ει
2634 5389 2852 5428 rursum
2885 5387 2899 5425 :
2936 5370 3159 5434 Quamlo
3203 5365 3360 5419 enim.
3397 5362 3532 5414 divi-

265 5452 402 5522 πρὸς
432 5454 728 5526 Νεστὸριον
753 5460 1066 5531 ἐπιστολῆς
1093 5465 1243 5532 Ἔφη
1268 5464 1387 5534 μὲν
1406 5467 1518 5536 γὰρ
1538 5472 1684 5525 Θεὸν
1701 5452 1841 5528 ἑαύ-

1960 5474 2087 5528 titus
2135 5474 2197 5527 tle
2267 5489 2322 5528 se
2389 5473 2497 5541 ipse
2542 5479 2768 5524 testatur
2809 5482 2826 5518 ε
2882 5464 2982 5530 Qui
3031 5463 3166 5518 videt
3231 5476 3345 5523 me,
3396 5455 3529 5510 videt

264 5546 370 5602 τοῦ
398 5547 507 5602 τὸν
522 5550 776 5619 Πατέρα,
825 5554 1018 5608 καίτοι
1068 5556 1212 5622 Θεὸς
1240 5556 1326 5610 ὢν
1373 5561 1555 5628 φύσει
1588 5563 1686 5616 καὶ
1730 5563 1842 5633 τῆς

1960 5575 1990 5618 et
2015 5563 2230 5620 Patrem
2265 5565 2308 5619 ί.
2357 5563 2422 5618 Εῑ
2466 5581 2484 5619 :
2542 5560 2654 5632 Ego
2706 5568 2755 5613 ct
2809 5556 2972 5610 Pater
3039 5568 3200 5608 unum
3256 5564 3435 5604 sumus
3479 5554 3530 5598 υ.

335 5642 354 5680 ί
397 5639 558 5698 Joan.
591 5659 704 5710 xw,
739 5645 793 5701 9.
868 5657 896 5686 ιι
933 5645 1090 5703 Joan.
1132 5651 1299 5717 x,50.

1575 5747 1814 5804 νΑιιιΑς
1857 5745 2254 5803 LEGTIONES.

724 5833 746 5914 ξ
771 5833 1059 5914 κεχρῆται]
1087 5837 1209 5914 'imo
1252 5839 1547 5914 μέμνηται.
1627 5841 1647 5874 ⁸
1676 5842 1864 5897 οὐσίαν
1891 5841 2220 5914 γεγενῆσθαι
2251 5858 2311 5904 ς.

709 5903 728 5934 ⁹
754 5903 941 5974 φύσιν
975 5903 1120 5964 corr.
1149 5910 1194 5964 A
1236 5903 1497 5978 ε’φὺσεως
1531 5929 1587 5977 ς.

331 5827 354 5861 ⁵
376 5828 530 5883 λαλεῖ
559 5832 622 5888 Δ.

3061 5837 3080 5867 ⁸
3124 5834 3376 5905 βούλησιν
3433 5832 3524 5886 At

267 5899 535 5971 ὑπόληψιν
567 5919 628 5967 ς.

2424 5839 2442 5868 τ
2471 5836 2564 5890 καὶ
2594 5837 2724 5904 ἁγία
2751 5838 2871 5891 add.
2904 5837 2948 5891 Α
