3994 6400
200 392 290 456 985
1231 385 1756 453 BIBLIOTHECA.
1777 416 1847 426 --
1867 390 2027 450 COD.
2064 390 2356 451 CCXXIX.
3323 394 3427 457 986

200 502 332 554 Θεῖον
368 498 537 552 πάντα
586 497 830 552 σύνθετα.
874 497 996 551 Ὅτι
1038 496 1181 550 δὲτὸ
1225 496 1477 551 σύνθετον
1522 499 1777 559 δύναται,

1847 497 1949 555 sita
1971 507 2121 564 sunt,
2141 499 2268 570 quia
2286 498 2643 570 compositum
2666 506 2841 568 potest
2859 497 3226 555 etimmortale
3245 500 3356 555 lieri
3371 512 3423 557 et

200 592 282 646 καὶ
334 590 583 644 ἀθάνατον
639 591 856 659 μεῖναι,
922 587 1257 660 μαρτυροῦσι
1318 589 1416 660 μὲν
1466 590 1532 642 τά
1585 590 1745 661 νοερὰ

1850 590 2021 660 angeli
2057 591 2107 645 id
2133 601 2397 647 testantur
2416 591 2681 653 etanima,
2712 590 3083 658 ampliusvero
3108 592 3427 648 testiﬁcatur

197 684 428 751 τάγματα
472 680 563 734 καὶ
601 679 635 749 ἡ
680 679 846 752 ψυχὴ,
898 683 1168 752 μαρτυρεί
1210 680 1268 734 δὲ
1323 680 1522 751 μᾶλλον
1569 683 1660 734 καὶ
1709 685 1742 754 ἡ

1848 683 1897 736 id
1918 684 2259 745 resurrectio,
2275 698 2377 753 qua
2396 698 2499 737 non
2520 683 2695 737 minus
2716 693 2875 751 atque
2898 684 3068 753 primo
3092 689 3425 754 compositus

196 774 482 839 ἀνάστασις,
514 775 569 825 ὲν
664 772 919 834 σύνθετος
954 771 982 823 ὁ
1016 770 1299 841 ἄνθρωπος
1340 771 1491 825 οὐδὲν
1519 768 1680 843 ἦττον
1710 773 1741 843 ἣ

1848 775 2005 830 homo
2031 776 2095 829 ad
2123 777 2585 830 immortalitatem
2600 790 2886 843 resurgens
2904 778 3119 831 exsistit
3137 788 3425 845 corporeet

194 867 467 935 πρότερον,
512 864 866 935 ἀνιστάμενος
911 864 990 927 εἰς
1026 863 1355 929 ἀθανασίαν,
1403 865 1537 933 μετὰ
1567 864 1744 935 ψυχῆς

1847 870 2025 925 animo
2057 872 2334 940 praeditus.
2366 868 2577 938 Oportet
2607 870 2739 923 enim
2760 870 3094 936 corruptibile
3124 871 3219 922 hoc
3241 872 3424 924 indue-

194 959 274 1011 καὶ
304 957 542 1027 σώματος
571 957 878 1011 ἀνίσταται·
904 955 1004 1010 Δεῖ
1027 956 1071 989 ⁸⁸
1094 956 1202 1025 γὰρ
1226 955 1289 1009 τὸ
1319 956 1542 1024 θνητὸν
1569 957 1743 1012 τοῦτο

1846 977 1899 1016 re
1927 963 2412 1030 incorruptionem:
2451 971 2498 1015 et
2538 960 2753 1015 mortale
2803 960 2899 1013 hoc
2947 961 3162 1014 induere
3207 962 3423 1015 immor—

192 1049 532 1103 ἐνδύσασθαι
572 1049 931 1113 ἀθανασίαν,
965 1048 1064 1103 καὶ
1087 1048 1151 1102 τὸ
1175 1047 1435 1117 φθαρτὸν
1459 1049 1633 1103 τοῦτο
1649 1050 1743 1102 ἐν·

1845 1051 2100 1106 talitatem
2129 1068 2172 1103 ε.
2232 1052 2299 1107 Ει
2352 1066 2419 1107 ne
2465 1052 2663 1106 dixerit
2713 1051 2930 1119 aliquis,
2980 1065 3175 1120 corpus
3210 1059 3337 1104 tunc
3368 1051 3419 1104 in

190 1142 465 1195 ὃύσοσθαι
498 1142 860 1210 ἀφθαρσίαν.
880 1141 990 1194 Καὶ
1011 1140 1111 1193 οὐκ
1130 1138 1196 1193 ἄν
1228 1157 1307 1202 τις
1335 1140 1477 1192 εῐποι
1498 1140 1558 1194 τὸ
1583 1140 1742 1210 σῶμα

1845 1142 2037 1196 anima:
2099 1144 2462 1198 conditionem
2511 1143 2761 1212 migrare.
2801 1141 2856 1196 Si
2911 1143 3054 1195 enim
3113 1143 3328 1196 tenuius
3365 1142 3422 1196 lit

191 1236 294 1287 τότε
312 1238 384 1296 εἰς
421 1236 519 1306 τὴν
554 1236 739 1290 οὐσίαν
772 1235 1095 1305 μεταϐαλεῖν
1123 1234 1168 1266 ⁸³
1195 1234 1289 1304 τῆς
1310 1234 1509 1304 ψυχῆςο
1540 1236 1589 1288 εἰ
1634 1235 1741 1306 γὰρ

1846 1246 2010 1305 atque
2059 1236 2363 1305 angustius,
2418 1235 2513 1290 sed
2537 1233 2783 1302 corporis
2832 1233 3068 1309 speciem
3116 1242 3319 1300 servat,
3367 1243 3422 1287 et

191 1325 600 1397 καίλεπτὸτερον
631 1326 725 1379 καὶ
756 1325 1139 1396 διαυγέστερον
1170 1326 1397 1393 γίνεται,
1421 1324 1537 1377 ἀλλ’
1563 1321 1741 1380 οὖντά

1846 1325 2006 1381 homo
2061 1334 2144 1379 est
2202 1324 2437 1379 hominis
2488 1325 2691 1378 habens
2720 1322 2981 1389 insignia.
3051 1320 3309 1376 Testatur
3366 1321 3423 1375 id

190 1417 461 1485 ἰνδάλματα
497 1417 657 1483 σώζει
675 1418 767 1471 τοῦ
791 1416 1060 1488 σώματος,
1089 1418 1185 1471 καὶ
1209 1416 1499 1484 ἄνθρωπός
1518 1418 1654 1481 ἐστι,
1674 1418 1741 1470 τά

1844 1416 2052 1479 Enocb,
2085 1414 2255 1479 Elius,
2312 1424 2366 1470 et
2395 1414 2636 1470 Joannes
2690 1412 2910 1469 t0nitrui
2963 1412 3124 1477 ﬁlius,
3155 1412 3330 1467 adhuc
3367 1412 3421 1466 in

186 1502 445 1573 ἀνθρώπου
478 1505 660 1576 φέρων
685 1506 1062 1577 γνωρίσματα.
1085 1507 1369 1576 Μαρτυρεῖ
1383 1506 1437 1558 δὲ
1460 1509 1572 1570 τοῖς
1592 1507 1741 1577 εἰρη-

1845 1521 2073 1578 corpore
2105 1516 2348 1577 agentes.
2384 1506 2495 1561 Hos
2520 1508 2664 1561 enim
2697 1516 2751 1562 et
2780 1505 2929 1560 initia
2962 1505 3125 1559 totius
3155 1503 3422 1560 conditio-

186 1594 344 1662 μένοις
375 1594 544 1666 Ἑνὼχ
597 1597 691 1650 καὶ
735 1597 921 1661 Ἠλίας
975 1599 1069 1651 καὶ
1125 1600 1153 1651 6
1200 1598 1298 1668 τῆς
1345 1597 1572 1669 βροντῆς
1629 1600 1742 1664 υίὸς

1884 1597 1928 1651 is
1964 1608 2161 1653 nostra:
2185 1598 2445 1653 Conditor
2476 1598 2775 1668 abripiens,
2798 1596 3049 1652 omnibus
3077 1596 3336 1657 ostendit.
3362 1604 3425 1649 ut
3452 1615 3454 1621 π

194 1684 435 1758 Ἰωάννης,
467 1688 548 1741 ἔτι
578 1690 859 1761 περιόντες
887 1693 943 1742 ἐν
972 1689 1050 1760 τῷ
1085 1689 1317 1760 σώματι·
1356 1690 1447 1743 καὶ
1479 1692 1586 1760 γὰρ
1618 1691 1741 1743 τού-

1846 1690 1949 1746 nisi
1978 1690 2149 1744 Adam
2193 1690 2551 1759 peccavisset,
2601 1691 2779 1743 adhuc
2831 1688 3057 1753 viveret,
3121 1687 3225 1741 nisi
3278 1687 3421 1756 quod

182 1792 287 1839 τους
320 1778 391 1840 ὡς
420 1779 676 1850 ἀπαρχὴν
722 1779 817 1833 τοῦ
862 1779 984 1833 ὅλου
1020 1781 1338 1851 φυράματος
1372 1780 1529 1851 ἡμῶν
1578 1780 1606 1833 6
1631 1782 1740 1850 Δη-

1848 1782 2064 1855 longam
2095 1786 2260 1838 vitam
2310 1793 2534 1852 agentes
2558 1790 2776 1852 gustant
2832 1780 3120 1849 aliquando
3168 1788 3419 1842 mortem,

182 1870 414 1938 μιουργδς
459 1870 642 1923 λαὸὼν
688 1871 857 1936 ἔδειξε
908 1873 1074 1925 πᾶσιν
1112 1871 1187 1936 ὡς
1227 1874 1274 1924 εἰ
1325 1872 1397 1942 μὴ
1427 1872 1675 1943 ἥμαρτεν
1715 1874 1743 1925 ὁ

1846 1876 2066 1932 etiamsi
2117 1876 2168 1930 in
2203 1886 2480 1930 momento
2508 1874 2673 1930 oculi.
2714 1873 2845 1929 Vide
2879 1887 3066 1928 eorum
3100 1872 3282 1937 (idem,
3309 1880 3364 1925 et
3391 1885 3423 1924 e

191 1957 355 2029 Ἀδὰμ,
386 1959 464 2013 ἔτι
499 1960 567 2015 ἂν
600 1964 794 2033 περιῆν
831 1964 965 2033 μετὰ
1010 1963 1104 2015 τοῦ
1143 1963 1415 2032 σώματος.
1460 1963 1604 2035 Πλὴν
1640 1963 1735 2017 καὶ

1846 1967 2019 2023 tribus
2082 1965 2283 2038 255a
2354 1966 2793 2035 generationibus
2860 1965 3217 2024 adducnnlur.
3295 1973 3423 2017 ante

179 2043 300 2103 οὗτοι
354 2051 707 2124 πολυχρόνιον
773 2053 889 2124 βίον
948 2053 1202 2117 ἀνύοντες
1256 2053 1542 2122 γεύσονταί
1603 2070 1733 2107 ποτε

1844 2061 2014 2132 legem
2040 2061 2203 2114 latam
2248 2060 2348 2112 fuit
2380 2059 2584 2119 Enoch,
2624 2070 2741 2127 post
2773 2058 2941 2125 legem
2978 2057 3144 2119 Elius,
3180 2064 3421 2124 tempore

178 2142 399 2212 θανάτου,
430 2148 535 2201 κᾶν
572 2150 628 2203 ὲν
652 2150 785 2221 ῥιπῇ
817 2149 1118 2220 ὀφθαλμοῦ.
1150 2150 1291 2220 Ὅρα
1321 2150 1377 2203 δὲ
1404 2152 1502 2221 τὴν
1529 2151 1594 2205 δι’
1636 2151 1732 2204 αὑ-

1845 2154 2029 2223 ετοιίαξ
2060 2155 2223 2208 decus
2256 2152 2660 2222 discipulorum.
2692 2152 2871 2216 Quare
2894 2150 2937 2204 si
2963 2151 3131 2201 Adam
3164 2165 3267 2202 non
3296 2162 3422 2218 pec-

176 2234 266 2287 τῶν
294 2236 483 2302 πίςτιν,
526 2240 605 2303 ὠς
641 2241 704 2293 ὲκ
742 2242 850 2297 τῶν
877 2240 1046 2313 τριῶν
1079 2241 1381 2312 προάγεται
1410 2242 1632 2311 γενεῶν,
1666 2243 1731 2295 ἐκ

1503 2242 1632 2309 ηεῶν,
1666 2243 1731 2295 ὲκ
1840 2254 2038 2311 casset,
2074 2260 2193 2297 cum
2231 2246 2313 2299 his
2374 2243 2802 2312 incorruptibilis
2839 2243 3080 2297 vixisset.

177 2332 258 2400 μὲν
279 2335 374 2387 τῶν
397 2336 500 2408 πρὸ
529 2337 697 2407 νόμου
729 2338 1025 2410 ληφθέντος
1060 2339 1153 2392 τοῦ
1197 2339 1390 2411 Ἑνὼχ,
1425 2341 1487 2393 ὲκ
1519 2340 1575 2393 δὲ
1607 2340 1713 2393 τῶν
1746 2342 1884 2411 μετὰ
1908 2341 2000 2394 τὸν
2024 2342 2184 2413 νόμον
2217 2340 2311 2394 τοῦ
2355 2340 2528 2405 Ἠλία,
2554 2342 2617 2393 ὲκ
2645 2340 2700 2393 δὲ
2726 2338 2830 2392 τῶν
2861 2338 2999 2408 μετά
3025 2336 3121 2408 τὴν
3144 2336 3304 2407 χάριν
3325 2332 3418 2388 τοῦ

174 2427 456 2500 ἐπιστηθίου
473 2430 585 2482 τῶν
613 2433 887 2502 μαθητῶν.
914 2435 1120 2487 Οὐκοῦν
1152 2436 1245 2489 καὶ
1270 2436 1296 2486 6
1339 2435 1531 2505 Ἀδὰμ,
1568 2438 1615 2488 εἰ
1644 2434 1741 2505 τὴν
1790 2434 2009 2505 ἐντολὴν
2040 2434 2327 2502 ἐφύλαττε,
2358 2432 2569 2495 τούτοις
2613 2431 2676 2486 ἂν
2707 2431 3045 2493 ἀδιστάκτως
3082 2428 3421 2500 συμπεριῆνο

230 2523 341 2578 Ὀτι
390 2524 443 2577 δὲ
499 2525 782 2594 περίεστιν
833 2529 860 2579 ὁ
918 2528 1184 2599 παρθένος
1249 2528 1501 2597 Ἰωάννης
1534 2569 1547 2592 ,
1596 2528 1731 2597 ὅπερ

1903 2526 2179 2597 Virginem
2248 2535 2465 2590 autem,
2514 2522 2776 2578 Joannem
2843 2524 2923 2576 sic
2984 2538 3289 2592 superesse,
3361 2530 3420 2576 ut

172 2614 431 2685 ἐζήτησας,
465 2615 659 2686 ὥσπερ
688 2617 779 2669 τὸν
820 2618 987 2689 Ἑνὼχ
1021 2618 1148 2690 [M8
1174 2618 1263 2690 IL]
1293 2618 1385 2671 καὶ
1418 2619 1507 2671 τὸν
1549 2617 1730 2672 Ἠλίαν

1834 2620 2138 2689 postulasti,
2170 2629 2219 2671 et
2257 2619 2439 2674 Enoch
2487 2628 2541 2672 et
2584 2618 2776 2681 Eliam,
2808 2617 3099 2673 traditione
3133 2616 3411 2678 habemus,

170 2707 437 2777 παράδοσις
487 2712 781 2778 μαρτυρεῖ,
827 2709 967 2762 οὕτω
1013 2712 1107 2763 καὶ
1151 2710 1358 2765 τοῦτον.
1414 2710 1523 2763 Καὶ
1570 2711 1628 2762 τὸ
1672 2712 1729 2764 ἐν

1841 2722 1886 2765 et
1920 2711 2063 2779 quod
2095 2711 2148 2764 in
2183 2709 2475 2780 Evangelio
2504 2710 2751 2771 habetur,
2792 2709 2842 2761 in
2886 2709 3027 2761 hunc
3058 2724 3273 2761 sensum
3311 2719 3418 2761 tra-

168 2800 259 2860 τοῖς
286 2799 639 2867 Εὑαγγελίοις
685 2800 741 2852 δὲ
796 2802 1086 2872 εἰρημένον
1130 2806 1207 2866 εἰς
1245 2802 1338 2856 τὸν
1378 2802 1539 2856 αὐτὸν
1584 2805 1729 2873 ἡμᾶς

1842 2804 1995 2856 mitur.
2052 2802 2195 2856 Dixit
2238 2803 2491 2858 Christus
2553 2819 2655 2871 qua
2714 2812 2887 2855 morte
2945 2813 3086 2856 esset
3125 2802 3419 2856 moriturus

166 2888 271 2943 νοῦν
297 2891 458 2945 ἕλκει.
510 2889 649 2945 Eine
688 2894 785 2963 μὲν
814 2896 922 2966 γὰρ
954 2897 981 2948 6
1014 2895 1249 2966 Χριστὸς
1279 2895 1371 2950 τὸν
1396 2895 1599 2966 τρόπον
1631 2896 1724 2948 τοῦ

1840 2889 2050 2958 Petrus,
2084 2902 2137 2947 et
2169 2892 2505 2959 interrogans
2545 2892 2627 2944 his
2658 2891 2856 2945 auditis
2892 2891 2955 2945 de
2991 2888 3196 2945 Joanne
3237 2891 3417 2945 Evan-

168 2979 411 3047 θανάτου,
466 2982 525 3037 ὃν
578 2983 803 3053 ἔμελλεν
859 2984 998 3055 ὑπὲρ
1053 2986 1219 3043 αὐτοῦ
1281 2986 1646 3057 ἀποθνήσκειν
1700 2988 1727 3039 ὁ

1841 2983 2040 3053 ςριίδιδ.
2090 2982 2245 3037 Patet
2296 2982 2475 3051 itaque
2551 2984 2693 3036 hunc
2748 2982 2881 3035 nihil
2938 2981 3078 3035 aliud
3138 2997 3297 3048 quam
3351 2981 3418 3034 de

168 3072 363 3144 Πέτρος
399 3076 427 3128 6
466 3075 525 3128 δὲ
581 3076 787 3147 Πέτρος
835 3077 925 3130 τὸν
968 3080 1163 3132 οἰκεῖον
1220 3077 1449 3132 θάνατον
1489 3078 1728 3141 ἀκούσας

1847 3085 2000 3129 norte
2060 3074 2200 3131 illius
2239 3077 2516 3145 quaesisse.
2601 3073 2702 3129 llic
2773 3086 2943 3128 autem
2996 3074 3221 3145 quidr?
3276 3071 3418 3129 Nihil

165 3163 303 3228 εὐθὺς
355 3168 613 3239 ἐπερωτᾷ
678 3168 806 3239 περὶ
862 3169 957 3224 τοῦ
1018 3169 1406 3239 εὐαγγελιστοῦ
1456 3171 1725 3234 Ἰωάννου,

1841 3167 2063 3223 :diudde
2110 3169 2228 3239 ipso
2252 3185 2315 3224 ex
2371 3168 2649 3223 Salvatore
2705 3168 2931 3231 audivit,
2975 3166 3078 3219 alio
3114 3166 3418 3234 responsio-

164 3250 299 3321 δῆλον
339 3257 592 3311 κάκείνου
635 3258 735 3312 οὐκ
772 3258 900 3313 ἄλλο
940 3277 991 3311 τι
1030 3260 1143 3313 ἀλλ’
1187 3259 1219 3329 ἢ
1260 3261 1349 3315 τὸν
1388 3260 1586 3329 τρόπον
1633 3260 1727 3318 τοῦ

1840 3272 1953 3310 nem
1990 3297 2005 3324 ,
2040 3257 2287 3320 detorsit,
2336 3268 2590 3328 tauquam
2634 3258 2941 3327 despiciens
2994 3266 3047 3311 et
3088 3256 3237 3309 nihili
3298 3269 3417 3307 eam

164 3342 369 3399 θανάτου
400 3348 565 3403 αὑτοῦ
599 3350 792 3420 μαθεῖν
817 3351 1114 3421 ἐπιζητῶν,
1154 3348 1342 3417 Οὗτος
1370 3352 1438 3405 δὲ
1468 3352 1511 3383 δ”
1540 3352 1635 3417 τί;
1664 3354 1724 3406 οὐ

1835 3348 2039 3405 faciens
2085 3348 2321 3405 doctoris
2353 3351 2418 3405 de
2445 3325 2569 3419 ipso
2606 3325 2940 3420 prophetiam
2982 3368 2995 3403 :
3038 3360 3092 3403 et
3130 3347 3271 3401 Petri
3328 3346 3408 3400 iu-

164 3434 255 3502 γὰρ
281 3436 399 3490 ἄλλο
443 3440 542 3508 μὲν
583 3441 749 3509 ἤκουε
783 3440 935 3511 παρὰ
966 3442 1059 3495 τοῦ
1094 3442 1344 3512 Σωτῆρος
1374 3444 1502 3514 περὶ⁵
1537 3442 1725 3506 αὑτοῦ,

1841 3443 2200 3512 terrogatione
2263 3444 2327 3497 de
2386 3455 2559 3497 morte
2626 3443 3015 3510 interrOgantis
3073 3457 3141 3495 an
3181 3439 3418 3494 Joannes

162 3528 229 3581 εἰς
266 3528 385 3581 ἄλλο
414 3529 470 3582 δέ
504 3548 558 3583 τι
604 3533 963 3587 ἀνακόλουθον
1009 3533 1109 3604 τὴν
1154 3532 1423 3605 ἐρώτησιν
1467 3534 1723 3603 μετῆγεν,

1840 3546 1978 3588 esset
2010 3536 2332 3589 moriturus:
2390 3542 2442 3589 et
2492 3535 2851 3604 respondente
2900 3534 3159 3588 Uouiino:
3196 3530 3254 3587 Si
3300 3547 3417 3584 eum

164 3611 274 3685 [800
293 3619 380 3693 IL]
403 3620 593 3692 ὥσπερ
619 3625 875 3694 παρορῶν
892 3626 984 3678 καὶ
1006 3624 1158 3695 παρά
1181 3626 1383 3695 φαῦλον
1404 3625 1727 3690 ποιούμενος

1842 3625 1949 3679 volo
1975 3642 2183 3680 munere
2211 3626 2374 3683 donec
2405 3627 2604 3680 reniam
2652 3626 2780 3695 quid
2825 3628 2892 3680 ad
2925 3634 2971 3679 le
2997 3624 3070 3676 <1?
3141 3622 3419 3687 Quomodo

161 3705 244 3775 τὴν
272 3710 359 3762 τοῦ
391 3711 715 3767 διδασκάλου
756 3715 886 3784 περὶ
925 3715 1089 3769 αὑτοῦ
1135 3716 1492 3788 προφητείαν.
1528 3715 1641 3786 Τῆς
1668 3716 1726 3769 δὲ

1842 3732 1940 3772 non
1981 3718 2127 3772 illum
2184 3733 2501 3773 mansurum
2554 3717 2606 3771 in
2646 3718 2786 3771 hunc
2824 3731 2997 3786 usque
3038 3715 3179 3769 diem
3218 3714 3419 3767 veritas

161 3797 238 3849 τοῦ
266 3801 460 3872 Πέτρου
495 3805 821 3875 ἐρωτήσεως
852 3808 980 3878 περὶ
1008 3806 1102 3860 τοῦ
1136 3806 1388 3872 θανάτου,
1418 3807 1477 3861 ὃν
1503 3805 1725 3877 ἔμελλεν

1843 3811 2096 3880 praedicit.
2133 3808 2495 3877 Quamobrem
2535 3807 2723 3862 beatus
2749 3807 2986 3878 Cyrillus
3018 3805 3145 3859 illud
3175 3821 3188 3858 :
3225 3802 3420 3874 Seque-

160 3887 499 3960 ἀποθνήσκειν
543 3897 587 3929 δ’
634 3900 661 3951 6
700 3897 976 3971 Ἰωάννης,
1030 3900 1439 3967 ἐπερωτῶντος,
1490 3902 1585 3954 καὶ
1630 3902 1725 3955 τοῦ

1835 3916 1887 3956 re
1926 3916 2027 3962 me.
2097 3900 2163 3955 de
2197 3909 2369 3954 morte
2398 3898 2541 3954 Petri
2602 3900 2802 3955 dixisse
2862 3897 3139 3952 Christum
3191 3896 3412 3965 accipit.

162 3979 384 4055 Σωτῆρος
432 3988 681 4052 εἰπόντος
730 3990 877 4045 Ἐὰν
928 3990 1115 4045 αὑτὸν
1158 3993 1310 4046 θέλω
1360 3993 1567 4061 μένειν
1614 3991 1726 4058 ἕως

1842 3991 1963 4046 Illud
1994 4001 2209 4045 autem:
2275 3989 2450 4043 Exivit
2501 4006 2670 4042 sermo
2736 3989 2824 4041 ille
2864 3991 2998 4040 inter
3054 3988 3245 4057 fratres
3293 3990 3419 4056 quia

160 4068 399 4143 ἔρχομαι.
442 4080 499 4132 τί
540 4080 694 4147 πρὸς
737 4082 849 4148 σέ;
904 4083 1028 4145 Πῶς
1083 4082 1206 4152 οὐχὶ
1255 4082 1354 4153 τὴν
1414 4083 1575 4155 μέχρι
1625 4084 1725 4155 τῆς

1836 4084 2258 4153 discipulusipse
2310 4098 2413 4135 non
2454 4082 2680 4134 moritur
2720 4092 2762 4145 τ,
2801 4090 2853 4134 et
2898 4096 3016 4148 qua:
3078 4087 3413 4149 sequuntur;

160 4170 434 4235 παρουσίας
477 4173 648 4225 αὐτοῦ
682 4175 946 4245 διαμονὴν
987 4179 1020 4247 ἡ
1052 4178 1281 4249 ἀλήθειᾳ
1316 4178 1605 4248 προλέγει;
1640 4177 1721 4231 διδ

1837 4189 1938 4229 non
1968 4173 2126 4227 modo
2153 4172 2286 4227 nihil
2312 4182 2536 4243 pugnat.
2585 4173 2678 4226 sed
2706 4180 2762 4226 et
2795 4180 3100 4225 consonat:
3135 4185 3239 4224 non
3270 4168 3414 4222 enim

161 4254 239 4304 καὶ
264 4256 289 4306 ὁ
314 4257 367 4310 ὲν
396 4260 575 4329 ἁγίοις
608 4263 875 4334 Κύριλλος
904 4266 964 4319 τὸ
1002 4268 1331 4323 Ἀκολούθει
1351 4286 1453 4337 μοι
1476 4269 1604 4339 περὶ
1628 4268 1720 4322 τοῦ

1835 4266 1953 4338 quis
1987 4264 2349 4319 immortalem
2409 4264 2630 4329 dixerit,
2671 4263 2767 4318 sed
2799 4276 3023 4316 manere
3070 4276 3190 4316 cum
3228 4261 3412 4315 Enoeh

161 4342 365 4402 θανάτου
416 4355 511 4406 τοῦ
575 4355 734 4423 ἁγίου
788 4354 996 4427 Πέτρου
1054 4358 1308 4430 εἰρῆσθαι
1369 4360 1447 4428 τῷ
1507 4359 1721 4430 Σωτῆρι

1837 4357 2078 4425 et.Elia,
2120 4373 2301 4426 usque
2373 4356 2437 4409 ad
2488 4356 2783 4409 secundum
2844 4354 3052 4407 Domini
3102 4354 3414 4415 adventum,

159 4433 429 4509 ἐκδέχεται.
472 4445 547 4498 Τὸ
572 4446 651 4511 δὲ,
692 4448 775 4501 ὅτι
814 4448 1109 4517 Ἐξῆλθεν
1141 4453 1173 4505 ό
1205 4452 1386 4520 λόγος
1422 4445 1599 4517 οὗτος
1636 4454 1721 4519 εὶς

1835 4448 1970 4519 quod
2009 4458 2063 4502 et
2107 4446 2404 4516 discipulus
2451 4448 2549 4500 iste
2586 4446 2869 4499 eonlirmat
2913 4460 2927 4495 :
2961 4444 3024 4495 Ισῖι
3070 4462 3169 4497 non
3196 4445 3331 4497 dixit
3364 4445 3412 4497 ei

160 4528 282 4594 τοὺς
312 4536 605 4603 μαθητὰς,
653 4537 742 4591 ὅτι
784 4542 817 4593 ὁ
844 4540 1119 4608 μαθητὴς
1157 4541 1385 4607 ἐκεῖνος
1423 4544 1535 4596 οὐκ
1576 4544 1721 4597 ἁπο-

1839 4540 2002 4605 Iesus,
2029 4538 2151 4594 Non
2202 4540 2449 4603 moritur,
2491 4540 2602 4603 sed,
2627 4538 2673 4592 si
2710 4554 2827 4591 eum
2860 4536 2969 4588 volo
3016 4552 3224 4588 ntmtcrc
3255 4537 3416 4588 (lonec

160 4616 383 4684 θνήσκει
412 4628 505 4679 καὶ
533 4628 605 4681 τὰ
639 4628 767 4699 ἑξῆς
805 4631 865 4683 οὐ
900 4631 1060 4699 μόνον
1099 4630 1251 4685 οὐδὲν
1285 4632 1537 4701 μάχεται,
1583 4632 1720 4685 ἀλλά

1835 4633 2049 4700 veniam,
2074 4631 2198 4702 quid
2229 4632 2296 4683 ad
2331 4640 2377 4684 te
2413 4642 2434 4668 ³
2468 4631 2490 4683 ?
2543 4639 2597 4685 et
2630 4639 2847 4698 apparet
2870 4627 3011 4697 quod
3053 4627 3412 4681 immortalem

243 4679 252 4684 -
649 4679 763 4699 ’50'
813 4679 858 4683 τ’
900 4679 1051 4699 Γνη-
1105 4679 1242 4685 ""'
1285 4679 1537 4701 r"‘A""',
1585 4679 1719 4685 *τ’-’⁷⁷⁷

160 4710 241 4762 καὶ
290 4718 517 4787 συνᾴδει.
576 4722 651 4773 Οὐ
700 4723 809 4791 γάρ
857 4741 939 4786 τις
992 4725 1156 4777 αὑτὸν
1204 4724 1471 4778 ἀθάνατον
1506 4724 1550 4755 ³⁶
1580 4722 1719 4778 εἷναί

1832 4679 2049 4700 --η-πω,
2075 4679 2194 4702 ,ψη
2230 4679 2292 4683 πη
2332 4679 2372 4684 η
2473 4679 2484 4683 -
2548 4679 2595 4685 --
2632 4679 2760 4698 ,ηε
2808 4679 2840 4681 ρ
2887 4679 2899 4697 ,
3401 4679 3409 4681 ι

1832 4740 1946 4779 esse
1974 4725 2211 4795 negavit,
2246 4722 2466 4778 Manere
2491 4738 2606 4777 vero
2631 4723 2793 4775 donec
2822 4721 3013 4782 venint,
3047 4720 3409 4772 conﬁrmat-it.

164 4816 323 4872 φησιν,
362 4808 499 4864 ἀλλά
534 4812 815 4882 διαμένειν
849 4817 986 4884 μετά
1014 4816 1188 4887 Ἑνὼχ
1231 4817 1325 4871 καὶ
1358 4816 1514 4869 Ἥλία
1558 4818 1718 4888 μέχρι

1837 4818 1888 4873 Si
1924 4832 2051 4871 vero
2080 4816 2343 4870 Eusebius
2376 4813 2764 4867 Ecclesiasticm
2808 4812 3041 4879 scriptor
3069 4809 3329 4871 Itisloriw,
3361 4819 3414 4860 et

159 4893 242 4961 τῆς
294 4897 548 4972 δευτέρας
612 4906 705 4958 τοῦ
768 4909 1039 4961 Δεσποῦτου
1098 4908 1421 4979 παρουσίαςο
1477 4910 1505 4961 ὃ
1558 4910 1651 4962 καὶ
1696 4911 1723 4963 6

1835 4917 2071 4978 tempora
2106 4908 2300 4978 quibus
2330 4908 2465 4962 vixit
2510 4903 2833 4966 numeravit,
2885 4903 2946 4953 ad
2995 4916 3161 4969 usque
3194 4901 3412 4968 'l'rajani

165 4984 387 5061 μαθητὴς
417 4996 577 5058 αὑτὸς
607 4996 841 5067 βεϐαιῶν
867 5018 1049 5071 φησιν,
1080 5002 1163 5055 ὅτι
1181 5004 1303 5055 Οὐκ
1330 4999 1459 5055 εἶπε
1484 5000 1551 5053 δὲ
1566 5001 1724 5065 αὑτῷ

1833 5010 2073 5070 tempora
2123 4999 2393 5070 pervenit,
2447 4997 2579 5051 nihil
2637 4995 2907 5065 prohibet,
2968 4982 3184 5044 etiamsi
3239 4992 3406 5047 dient.

161 5075 188 5124 ό
224 5076 437 5149 Ἰησοῦς
483 5086 573 5140 ὅτι
616 5091 726 5142 οὐκ
768 5092 1160 5158 ἀποθνήσκει,
1205 5093 1341 5147 ἀλλ’
1390 5093 1498 5146 ἐὰν
1538 5092 1724 5145 αὐτὸν

1834 5090 1945 5145 lloc
1980 5092 2353 5161 unusquisque
2386 5100 2560 5143 mente
2592 5088 2874 5157 percipiat,
2911 5094 3167 5153 tanquam
3204 5093 3411 5152 tempo-

162 5163 292 5220 θέλω
317 5175 522 5238 μένειν
553 5177 663 5244 ἕως
689 5180 955 5249 ἔρχομαι,
998 5183 1055 5235 τί
1086 5187 1234 5250 πρὸς
1267 5182 1373 5245 σέ;
1404 5182 1513 5235 Καὶ
1553 5199 1719 5249 φανε‹

1834 5201 1913 5249 ra,
1942 5186 2125 5240 Enoch
2150 5187 2417 5249 ostendat,
2450 5194 2501 5237 et
2521 5194 2650 5253 quot
2680 5196 2850 5236 annos
2880 5181 3077 5234 vixerit
3102 5196 3270 5234 sacrae
3303 5179 3411 5232 Lit-

162 5254 241 5343 ξὸν
262 5256 337 5310 ὅτι
361 5262 420 5315 τὸ
453 5264 553 5333 μὲν
587 5267 854 5323 ἀθάνατον
879 5268 1017 5325 εἶναι
1042 5273 1327 5342 ἀνέτρεψε,
1360 5273 1419 5325 τὸ
1452 5272 1507 5325 δὲ
1540 5272 1720 5342 μένειν

1834 5285 1962 5331 tera:
1990 5276 2134 5333 clare
2169 5279 2476 5333 ostendunt.
2516 5275 2621 5330 Sed
2661 5292 2761 5329 non
2820 5282 3104 5343 prepterea
3132 5274 3255 5343 quis
3315 5270 3404 5337 ju-

162 5340 253 5436 ξ”ις
294 5351 389 5419 τῆς
433 5361 735 5428 παρουσίας
779 5363 1125 5418 ἐϐεϐαίωσεν.
1171 5340 1232 5417 Εἰ
1271 5365 1327 5417 δὲ
1365 5366 1393 5418 6
1438 5340 1724 5436 Παμφίλου

1836 5376 1951 5423 stus
1990 5371 2397 5424 translationem
2431 5384 2552 5424 cum
2584 5382 2807 5435 corpore
2841 5365 3187 5419 inliciabitur.
3215 5362 3407 5434 2540

164 5433 414 5513 Εὐσέϐιος,
461 5449 562 5521 τὴν
602 5451 1122 5523 ὲκκλησιαστικὴν
1159 5456 1383 5523 γράτων
1428 5433 1722 5521 ’Ῐσέορίαν

1830 5458 1967 5515 Huic
2014 5461 2297 5516 sententia:
2339 5459 2692 5517 consentiunt
2750 5456 2991 5511 actiones
3030 5453 3212 5508 dilecti
3243 5452 3407 5505 Joan-

220 5562 241 5585 ο
272 5551 431 5610 lCor.
466 5573 556 5626 xv,
580 5560 667 5615 55.
746 5570 772 5609 Ρ
799 5560 952 5616 Joan.
984 5579 1093 5627 xxi,
1116 5563 1207 5617 “ll.
1282 5574 1308 5614 t1
1342 5564 1469 5619 ibid.
1504 5564 1593 5619 22.
1674 5576 1694 5604 τ
1733 5568 1863 5623 ibid.
1903 5570 1995 5627 2'5.
2074 5578 2095 5606 '
2124 5572 2253 5627 ibid.

1449 5650 1678 5707 VARUE
1713 5654 2111 5714 LEC'l‘lONES.

166 5727 590 5863 ἀθηαὲίίἐνιρον·
617 5759 704 5809 xv’
748 5736 837 5801 33'
882 5793 886 5797 ⁴
943 5744 988 5777 ﬂ
1026 5745 1378 5817 μεταϐάλλειν
1405 5769 1463 5815 ς’.
1570 5744 1813 5826 Ηὀῦτος]
1836 5753 1989 5809 Jnan.
2037 5770 2147 5819 xxx,
2183 5753 2268 5811 ‘21.
2350 5752 2393 5783 ’⁸⁵
2419 5748 2639 5821 ἔμελλεν
2674 5747 2924 5817 Ἰωάννης
2952 5743 3313 5815 ἀποθνήσκειν
3344 5759 3405 5807 ς.

232 5841 243 5853 ·
341 5838 358 5861 ι
444 5830 506 5863 τ.

232 5841 243 5853 .
268 5830 419 5863 υιυῖΟν
444 5830 483 5876 τ
495 5856 506 5866 .
