  <div class='ocr_page' id='page_1' title='image "/cluster/home/n/w/nwhite01/storage/ocr_20150623/103/hvd.32044018872861/502.png"; bbox 0 0 3994 6438; ppageno 0'>
   <div class='ocr_carea' id='block_1_1' title="bbox 204 461 304 530">
    <p class='ocr_par' dir='ltr' id='par_1_1' title="bbox 204 461 304 530">
     <span class='ocr_line' id='line_1_1' title="bbox 204 461 304 530; baseline 0.02 -2"><span class='ocrx_word' id='word_1_1' title='bbox 204 461 304 530; x_wconf 79' lang='lat'>989</span> 
     </span>
    </p>
   </div>
   <div class='ocr_carea' id='block_1_2' title="bbox 1232 468 2401 539">
    <p class='ocr_par' dir='ltr' id='par_1_2' title="bbox 1232 468 2401 539">
     <span class='ocr_line' id='line_1_2' title="bbox 1232 468 2401 539; baseline 0.009 -11"><span class='ocrx_word' id='word_1_2' title='bbox 1232 468 1760 533; x_wconf 81' lang='lat' dir='ltr'><strong>BlBLIOTIlECA.</strong></span> <span class='ocrx_word' id='word_1_3' title='bbox 1799 496 1870 510; x_wconf 81' lang='grc'><strong>-·</strong></span> <span class='ocrx_word' id='word_1_4' title='bbox 1895 473 2058 537; x_wconf 89' lang='lat' dir='ltr'><strong>COD.</strong></span> <span class='ocrx_word' id='word_1_5' title='bbox 2096 475 2401 539; x_wconf 82' lang='lat' dir='ltr'>CCXXIX.</span> 
     </span>
    </p>
   </div>
   <div class='ocr_carea' id='block_1_3' title="bbox 3351 482 3459 548">
    <p class='ocr_par' dir='ltr' id='par_1_3' title="bbox 3351 482 3459 548">
     <span class='ocr_line' id='line_1_3' title="bbox 3351 482 3459 548; baseline 0.019 -2"><span class='ocrx_word' id='word_1_6' title='bbox 3351 482 3459 548; x_wconf 80' lang='lat'>990</span> 
     </span>
    </p>
   </div>
   <div class='ocr_carea' id='block_1_4' title="bbox 209 579 1766 661">
    <p class='ocr_par' dir='ltr' id='par_1_4' title="bbox 209 579 1766 655">
     <span class='ocr_line' id='line_1_4' title="bbox 209 579 1766 655; baseline 0.005 -20"><span class='ocrx_word' id='word_1_7' title='bbox 209 597 350 653; x_wconf 83' lang='grc' dir='ltr'>μασι.</span> <span class='ocrx_word' id='word_1_8' title='bbox 389 579 566 651; x_wconf 82' lang='grc' dir='ltr'>Δῆλον</span> <span class='ocrx_word' id='word_1_9' title='bbox 595 580 650 635; x_wconf 82' lang='grc' dir='ltr'>δὲ</span> <span class='ocrx_word' id='word_1_10' title='bbox 678 580 774 648; x_wconf 85' lang='grc' dir='ltr'>ὡς,</span> <span class='ocrx_word' id='word_1_11' title='bbox 803 581 931 636; x_wconf 74' lang='grc' dir='ltr'>ἔνθα</span> <span class='ocrx_word' id='word_1_12' title='bbox 954 583 1052 655; x_wconf 87' lang='grc' dir='ltr'>μία</span> <span class='ocrx_word' id='word_1_13' title='bbox 1079 585 1200 640; x_wconf 66' lang='grc' dir='ltr'>καθ’</span> <span class='ocrx_word' id='word_1_14' title='bbox 1239 587 1536 642; x_wconf 78' lang='grc' dir='ltr'>ὑπόστασιν</span> <span class='ocrx_word' id='word_1_15' title='bbox 1563 588 1766 653; x_wconf 77' lang='grc' dir='ltr'>ἒνωσις,</span> 
     </span>
    </p>
   </div>
   <div class='ocr_carea' id='block_1_5' title="bbox 1871 579 3459 661">
    <p class='ocr_par' dir='ltr' id='par_1_5' title="bbox 1885 588 3459 661">
     <span class='ocr_line' id='line_1_5' title="bbox 1885 588 3459 661; baseline 0.004 -16"><span class='ocrx_word' id='word_1_16' title='bbox 1885 588 1955 645; x_wconf 86' lang='lat' dir='ltr'>ibi</span> <span class='ocrx_word' id='word_1_17' title='bbox 1989 606 2205 649; x_wconf 87' lang='lat' dir='ltr'><strong>omnem</strong></span> <span class='ocrx_word' id='word_1_18' title='bbox 2241 591 2524 648; x_wconf 82' lang='lat' dir='ltr'>divisionis</span> <span class='ocrx_word' id='word_1_19' title='bbox 2560 591 2867 661; x_wconf 91' lang='lat' dir='ltr'><strong>opinionem</strong></span> <span class='ocrx_word' id='word_1_20' title='bbox 2899 608 3242 653; x_wconf 81' lang='lat' dir='ltr'>evanescere.</span> <span class='ocrx_word' id='word_1_21' title='bbox 3289 595 3459 652; x_wconf 79' lang='lat' dir='ltr'><strong>Nosse</strong></span> 
     </span>
    </p>
   </div>
   <div class='ocr_carea' id='block_1_6' title="bbox 203 674 1779 752">
    <p class='ocr_par' dir='ltr' id='par_1_6' title="bbox 203 674 1779 752">
     <span class='ocr_line' id='line_1_6' title="bbox 203 674 1779 752; baseline 0.004 -23"><span class='ocrx_word' id='word_1_22' title='bbox 203 676 344 729; x_wconf 79' lang='grc' dir='ltr'>πᾶσα</span> <span class='ocrx_word' id='word_1_23' title='bbox 363 674 679 743; x_wconf 76' lang='grc' dir='ltr'>διαιρέσεως</span> <span class='ocrx_word' id='word_1_24' title='bbox 706 675 931 730; x_wconf 78' lang='grc' dir='ltr'>ὑπόνοια</span> <span class='ocrx_word' id='word_1_25' title='bbox 951 675 999 710; x_wconf 65' lang='grc'><strong><em>³⁵</em></strong></span> <span class='ocrx_word' id='word_1_26' title='bbox 1029 678 1384 750; x_wconf 68' lang='grc' dir='ltr'>ἀπελήλαταια</span> <span class='ocrx_word' id='word_1_27' title='bbox 1413 679 1472 733; x_wconf 73' lang='grc' dir='ltr'>τὸ</span> <span class='ocrx_word' id='word_1_28' title='bbox 1498 681 1608 752; x_wconf 79' lang='grc' dir='ltr'>γὰρ</span> <span class='ocrx_word' id='word_1_29' title='bbox 1636 699 1779 750; x_wconf 81' lang='grc' dir='ltr'>γνω-</span> 
     </span>
    </p>
   </div>
   <div class='ocr_carea' id='block_1_7' title="bbox 204 765 1780 847">
    <p class='ocr_par' dir='ltr' id='par_1_7' title="bbox 204 765 1780 847">
     <span class='ocr_line' id='line_1_7' title="bbox 204 765 1780 847; baseline 0.006 -27"><span class='ocrx_word' id='word_1_30' title='bbox 204 765 362 839; x_wconf 67' lang='grc' dir='ltr'>ρίζεὶν</span> <span class='ocrx_word' id='word_1_31' title='bbox 401 766 515 821; x_wconf 82' lang='grc' dir='ltr'>τῶν</span> <span class='ocrx_word' id='word_1_32' title='bbox 566 769 762 823; x_wconf 81' lang='grc' dir='ltr'>οὐσιῶν</span> <span class='ocrx_word' id='word_1_33' title='bbox 809 771 871 824; x_wconf 61' lang='grc' dir='ltr'>τὸ</span> <span class='ocrx_word' id='word_1_34' title='bbox 926 770 1183 841; x_wconf 82' lang='grc' dir='ltr'>διάφορον</span> <span class='ocrx_word' id='word_1_35' title='bbox 1235 773 1336 826; x_wconf 77' lang='grc' dir='ltr'>οὑκ</span> <span class='ocrx_word' id='word_1_36' title='bbox 1386 773 1502 826; x_wconf 76' lang='grc' dir='ltr'>ἐστι</span> <span class='ocrx_word' id='word_1_37' title='bbox 1553 773 1780 847; x_wconf 84' lang='grc' dir='ltr'>διαιρεῖν</span> 
     </span>
    </p>
   </div>
   <div class='ocr_carea' id='block_1_8' title="bbox 200 859 1780 939">
    <p class='ocr_par' dir='ltr' id='par_1_8' title="bbox 200 859 1780 939">
     <span class='ocr_line' id='line_1_8' title="bbox 200 859 1780 939; baseline 0.006 -27"><span class='ocrx_word' id='word_1_38' title='bbox 200 859 410 925; x_wconf 85' lang='grc' dir='ltr'>ταύτας,</span> <span class='ocrx_word' id='word_1_39' title='bbox 444 861 590 916; x_wconf 79' lang='grc' dir='ltr'>κατὰ</span> <span class='ocrx_word' id='word_1_40' title='bbox 626 861 719 917; x_wconf 81' lang='grc' dir='ltr'>τὸν</span> <span class='ocrx_word' id='word_1_41' title='bbox 762 863 821 917; x_wconf 83' lang='grc' dir='ltr'>ὲν</span> <span class='ocrx_word' id='word_1_42' title='bbox 862 863 1044 932; x_wconf 79' lang='grc' dir='ltr'>ἁγίοις</span> <span class='ocrx_word' id='word_1_43' title='bbox 1069 863 1357 936; x_wconf 84' lang='grc' dir='ltr'>Κύριλλον.</span> <span class='ocrx_word' id='word_1_44' title='bbox 1397 867 1520 920; x_wconf 82' lang='grc' dir='ltr'>Ὀτι</span> <span class='ocrx_word' id='word_1_45' title='bbox 1549 867 1609 921; x_wconf 84' lang='grc' dir='ltr'>τὸ</span> <span class='ocrx_word' id='word_1_46' title='bbox 1643 869 1780 939; x_wconf 85' lang='grc' dir='ltr'>πρὸς</span> 
     </span>
    </p>
   </div>
   <div class='ocr_carea' id='block_1_9' title="bbox 198 953 1776 1028">
    <p class='ocr_par' dir='ltr' id='par_1_9' title="bbox 198 953 1776 1028">
     <span class='ocr_line' id='line_1_9' title="bbox 198 953 1776 1028; baseline 0.005 -22"><span class='ocrx_word' id='word_1_47' title='bbox 198 953 336 1024; x_wconf 76' lang='grc' dir='ltr'>ἡμᾶς</span> <span class='ocrx_word' id='word_1_48' title='bbox 387 955 718 1022; x_wconf 76' lang='grc' dir='ltr'>ὁμοούσιον</span> <span class='ocrx_word' id='word_1_49' title='bbox 737 954 830 1009; x_wconf 86' lang='grc' dir='ltr'>τοῦ</span> <span class='ocrx_word' id='word_1_50' title='bbox 859 956 1380 1028; x_wconf 84' lang='grc' dir='ltr'>ὲνανθρωπήσαντος</span> <span class='ocrx_word' id='word_1_51' title='bbox 1421 958 1554 1013; x_wconf 79' lang='grc' dir='ltr'>Θεοῦ</span> <span class='ocrx_word' id='word_1_52' title='bbox 1601 961 1776 1028; x_wconf 90' lang='grc' dir='ltr'>Λόγου</span> 
     </span>
    </p>
   </div>
   <div class='ocr_carea' id='block_1_10' title="bbox 203 1045 1778 1122">
    <p class='ocr_par' dir='ltr' id='par_1_10' title="bbox 203 1045 1778 1122">
     <span class='ocr_line' id='line_1_10' title="bbox 203 1045 1778 1122; baseline 0.006 -25"><span class='ocrx_word' id='word_1_53' title='bbox 203 1045 376 1114; x_wconf 76' lang='grc' dir='ltr'>σαφῶς</span> <span class='ocrx_word' id='word_1_54' title='bbox 426 1047 460 1116; x_wconf 78' lang='grc' dir='ltr'><strong>ἡ</strong></span> <span class='ocrx_word' id='word_1_55' title='bbox 509 1046 728 1112; x_wconf 79' lang='grc' dir='ltr'>σύνοδος</span> <span class='ocrx_word' id='word_1_56' title='bbox 779 1049 1101 1122; x_wconf 78' lang='grc' dir='ltr'>ἀνεκήρυξε,</span> <span class='ocrx_word' id='word_1_57' title='bbox 1153 1051 1614 1122; x_wconf 84' lang='grc' dir='ltr'>δογματιζόμενον</span> <span class='ocrx_word' id='word_1_58' title='bbox 1679 1053 1778 1122; x_wconf 84' lang='grc' dir='ltr'>μὲν</span> 
     </span>
    </p>
   </div>
   <div class='ocr_carea' id='block_1_11' title="bbox 200 1137 1778 1214">
    <p class='ocr_par' dir='ltr' id='par_1_11' title="bbox 200 1137 1778 1214">
     <span class='ocr_line' id='line_1_11' title="bbox 200 1137 1778 1214; baseline 0.006 -25"><span class='ocrx_word' id='word_1_59' title='bbox 200 1137 339 1207; x_wconf 81' lang='grc' dir='ltr'>παρᾶ</span> <span class='ocrx_word' id='word_1_60' title='bbox 377 1137 489 1190; x_wconf 87' lang='grc' dir='ltr'>τῶν</span> <span class='ocrx_word' id='word_1_61' title='bbox 532 1139 696 1194; x_wconf 82' lang='grc' dir='ltr'>ὁσίων</span> <span class='ocrx_word' id='word_1_62' title='bbox 728 1141 884 1212; x_wconf 75' lang='grc' dir='ltr'>ἡμῶν</span> <span class='ocrx_word' id='word_1_63' title='bbox 914 1143 1178 1214; x_wconf 87' lang='grc' dir='ltr'>Πατέρων</span> <span class='ocrx_word' id='word_1_64' title='bbox 1201 1185 1216 1210; x_wconf 89' lang='grc'>,</span> <span class='ocrx_word' id='word_1_65' title='bbox 1256 1143 1409 1198; x_wconf 79' lang='grc' dir='ltr'>οὑπω</span> <span class='ocrx_word' id='word_1_66' title='bbox 1443 1143 1502 1198; x_wconf 80' lang='grc' dir='ltr'>δὲ</span> <span class='ocrx_word' id='word_1_67' title='bbox 1533 1145 1634 1214; x_wconf 83' lang='grc' dir='ltr'>τῆς</span> <span class='ocrx_word' id='word_1_68' title='bbox 1664 1162 1778 1214; x_wconf 70' lang='grc' dir='ltr'>φω-</span> 
     </span>
    </p>
   </div>
   <div class='ocr_carea' id='block_1_12' title="bbox 199 1228 1776 1306">
    <p class='ocr_par' dir='ltr' id='par_1_12' title="bbox 199 1228 1776 1306">
     <span class='ocr_line' id='line_1_12' title="bbox 199 1228 1776 1306; baseline 0.007 -27"><span class='ocrx_word' id='word_1_69' title='bbox 199 1228 286 1296; x_wconf 84' lang='grc' dir='ltr'>νῆς</span> <span class='ocrx_word' id='word_1_70' title='bbox 315 1228 704 1302; x_wconf 81' lang='grc' dir='ltr'>οἰκουμενικῆς</span> <span class='ocrx_word' id='word_1_71' title='bbox 749 1233 968 1286; x_wconf 82' lang='grc' dir='ltr'>συνόδου</span> <span class='ocrx_word' id='word_1_72' title='bbox 1002 1233 1318 1304; x_wconf 76' lang='grc' dir='ltr'>ψηφίσμασι</span> <span class='ocrx_word' id='word_1_73' title='bbox 1352 1234 1453 1305; x_wconf 87' lang='grc' dir='ltr'>τὴν</span> <span class='ocrx_word' id='word_1_74' title='bbox 1488 1233 1776 1306; x_wconf 80' lang='grc' dir='ltr'>βεϐαίωσιν</span> 
     </span>
    </p>
   </div>
   <div class='ocr_carea' id='block_1_13' title="bbox 199 1325 1777 1402">
    <p class='ocr_par' dir='ltr' id='par_1_13' title="bbox 199 1325 1777 1402">
     <span class='ocr_line' id='line_1_13' title="bbox 199 1325 1777 1402; baseline 0.003 -24"><span class='ocrx_word' id='word_1_75' title='bbox 199 1325 477 1397; x_wconf 78' lang='grc' dir='ltr'>λαϐούσης.</span> <span class='ocrx_word' id='word_1_76' title='bbox 530 1329 624 1382; x_wconf 78' lang='grc' dir='ltr'>Διδ</span> <span class='ocrx_word' id='word_1_77' title='bbox 675 1329 894 1393; x_wconf 86' lang='grc' dir='ltr'>πάντως</span> <span class='ocrx_word' id='word_1_78' title='bbox 940 1328 1008 1383; x_wconf 82' lang='grc' dir='ltr'>ἂν</span> <span class='ocrx_word' id='word_1_79' title='bbox 1053 1329 1406 1402; x_wconf 74' lang='grc' dir='ltr'>ἐξεϐέϐλητο,</span> <span class='ocrx_word' id='word_1_80' title='bbox 1447 1330 1547 1401; x_wconf 82' lang='grc' dir='ltr'>τῆς</span> <span class='ocrx_word' id='word_1_81' title='bbox 1585 1330 1777 1383; x_wconf 86' lang='grc' dir='ltr'>δυσσε-</span> 
     </span>
    </p>
   </div>
   <div class='ocr_carea' id='block_1_14' title="bbox 201 1416 1776 1496">
    <p class='ocr_par' dir='ltr' id='par_1_14' title="bbox 201 1416 1776 1496">
     <span class='ocr_line' id='line_1_14' title="bbox 201 1416 1776 1496; baseline 0.006 -27"><span class='ocrx_word' id='word_1_82' title='bbox 201 1418 315 1480; x_wconf 71' lang='grc' dir='ltr'>ϐοῦς</span> <span class='ocrx_word' id='word_1_83' title='bbox 360 1416 460 1488; x_wconf 80' lang='grc' dir='ltr'>μὲν</span> <span class='ocrx_word' id='word_1_84' title='bbox 501 1418 664 1490; x_wconf 80' lang='grc' dir='ltr'>δόξης</span> <span class='ocrx_word' id='word_1_85' title='bbox 705 1420 980 1492; x_wconf 77' lang='grc' dir='ltr'>Εὑτυχοῢς</span> <span class='ocrx_word' id='word_1_86' title='bbox 1023 1424 1082 1476; x_wconf 82' lang='grc' dir='ltr'>ἐν</span> <span class='ocrx_word' id='word_1_87' title='bbox 1131 1425 1198 1494; x_wconf 81' lang='grc' dir='ltr'>τῇ</span> <span class='ocrx_word' id='word_1_88' title='bbox 1254 1423 1520 1496; x_wconf 79' lang='grc' dir='ltr'>λῃστρικῇ</span> <span class='ocrx_word' id='word_1_89' title='bbox 1573 1423 1776 1494; x_wconf 80' lang='grc' dir='ltr'>συνόδῳ</span> 
     </span>
    </p>
   </div>
   <div class='ocr_carea' id='block_1_15' title="bbox 200 1510 1771 1587">
    <p class='ocr_par' dir='ltr' id='par_1_15' title="bbox 200 1510 1771 1587">
     <span class='ocr_line' id='line_1_15' title="bbox 200 1510 1771 1587; baseline 0.006 -27"><span class='ocrx_word' id='word_1_90' title='bbox 200 1510 738 1581; x_wconf 73' lang='grc' dir='ltr'>παρρησιασαμένης,</span> <span class='ocrx_word' id='word_1_91' title='bbox 782 1513 874 1582; x_wconf 77' lang='grc' dir='ltr'>ὑφ’</span> <span class='ocrx_word' id='word_1_92' title='bbox 903 1513 1097 1583; x_wconf 78' lang='grc' dir='ltr'>ἐτέρας</span> <span class='ocrx_word' id='word_1_93' title='bbox 1124 1516 1178 1568; x_wconf 81' lang='grc' dir='ltr'>δὲ</span> <span class='ocrx_word' id='word_1_94' title='bbox 1217 1515 1292 1586; x_wconf 81' lang='grc' dir='ltr'>μὴ</span> <span class='ocrx_word' id='word_1_95' title='bbox 1323 1514 1771 1587; x_wconf 83' lang='grc' dir='ltr'>κατακριθείσης,</span> 
     </span>
    </p>
   </div>
   <div class='ocr_carea' id='block_1_16' title="bbox 201 1603 1773 1680">
    <p class='ocr_par' dir='ltr' id='par_1_16' title="bbox 201 1603 1773 1680">
     <span class='ocr_line' id='line_1_16' title="bbox 201 1603 1773 1680; baseline 0.004 -26"><span class='ocrx_word' id='word_1_96' title='bbox 201 1603 434 1655; x_wconf 78' lang='grc' dir='ltr'>κάκείνου</span> <span class='ocrx_word' id='word_1_97' title='bbox 469 1603 572 1673; x_wconf 83' lang='grc' dir='ltr'>μὲν</span> <span class='ocrx_word' id='word_1_98' title='bbox 609 1605 706 1674; x_wconf 83' lang='grc' dir='ltr'>τῆς</span> <span class='ocrx_word' id='word_1_99' title='bbox 735 1605 949 1671; x_wconf 79' lang='grc' dir='ltr'>δικαίας</span> <span class='ocrx_word' id='word_1_100' title='bbox 987 1607 1361 1680; x_wconf 72' lang='grc' dir='ltr'>καθαιρέσεως</span> <span class='ocrx_word' id='word_1_101' title='bbox 1387 1607 1773 1677; x_wconf 83' lang='grc' dir='ltr'>ἀπολυθέντος,</span> 
     </span>
    </p>
   </div>
   <div class='ocr_carea' id='block_1_17' title="bbox 199 1694 1772 1770">
    <p class='ocr_par' dir='ltr' id='par_1_17' title="bbox 199 1694 1772 1770">
     <span class='ocr_line' id='line_1_17' title="bbox 199 1694 1772 1770; baseline 0.005 -24"><span class='ocrx_word' id='word_1_102' title='bbox 199 1694 282 1746; x_wconf 79' lang='grc' dir='ltr'>ἐπὶ</span> <span class='ocrx_word' id='word_1_103' title='bbox 323 1695 620 1750; x_wconf 78' lang='grc' dir='ltr'>Φλαϐιανὺν</span> <span class='ocrx_word' id='word_1_104' title='bbox 662 1698 718 1752; x_wconf 82' lang='grc' dir='ltr'>δὲ</span> <span class='ocrx_word' id='word_1_105' title='bbox 753 1699 844 1752; x_wconf 75' lang='grc' dir='ltr'>τὸν</span> <span class='ocrx_word' id='word_1_106' title='bbox 885 1700 1148 1770; x_wconf 83' lang='grc' dir='ltr'>ἀοίδιμον,</span> <span class='ocrx_word' id='word_1_107' title='bbox 1192 1700 1250 1763; x_wconf 82' lang='grc' dir='ltr'>ὃς</span> <span class='ocrx_word' id='word_1_108' title='bbox 1295 1703 1500 1755; x_wconf 82' lang='grc' dir='ltr'>ἐκεῖνον</span> <span class='ocrx_word' id='word_1_109' title='bbox 1535 1700 1772 1769; x_wconf 80' lang='grc' dir='ltr'>καθεῖλε,</span> 
     </span>
    </p>
   </div>
   <div class='ocr_carea' id='block_1_18' title="bbox 199 1786 1775 1866">
    <p class='ocr_par' dir='ltr' id='par_1_18' title="bbox 199 1786 1775 1866">
     <span class='ocr_line' id='line_1_18' title="bbox 199 1786 1775 1866; baseline 0.006 -27"><span class='ocrx_word' id='word_1_110' title='bbox 199 1786 285 1857; x_wconf 82' lang='grc' dir='ltr'>τῆς</span> <span class='ocrx_word' id='word_1_111' title='bbox 328 1787 484 1859; x_wconf 78' lang='grc' dir='ltr'>δὶκης</span> <span class='ocrx_word' id='word_1_112' title='bbox 535 1789 740 1856; x_wconf 80' lang='grc' dir='ltr'>ἀδίκως</span> <span class='ocrx_word' id='word_1_113' title='bbox 785 1792 1221 1863; x_wconf 76' lang='grc' dir='ltr'>μετενεχθείσης,</span> <span class='ocrx_word' id='word_1_114' title='bbox 1277 1794 1454 1848; x_wconf 86' lang='grc' dir='ltr'>καίτοι</span> <span class='ocrx_word' id='word_1_115' title='bbox 1502 1793 1775 1866; x_wconf 84' lang='grc' dir='ltr'>λαμπρῶς</span> 
     </span>
    </p>
   </div>
   <div class='ocr_carea' id='block_1_19' title="bbox 200 1876 1769 1956">
    <p class='ocr_par' dir='ltr' id='par_1_19' title="bbox 200 1876 1769 1956">
     <span class='ocr_line' id='line_1_19' title="bbox 200 1876 1769 1956; baseline 0.006 -27"><span class='ocrx_word' id='word_1_116' title='bbox 200 1876 526 1949; x_wconf 74' lang='grc' dir='ltr'>κηρύττοντά.</span> <span class='ocrx_word' id='word_1_117' title='bbox 545 1882 680 1951; x_wconf 87' lang='grc' dir='ltr'>μίαν</span> <span class='ocrx_word' id='word_1_118' title='bbox 701 1883 800 1952; x_wconf 83' lang='grc' dir='ltr'>μὲν</span> <span class='ocrx_word' id='word_1_119' title='bbox 819 1883 911 1936; x_wconf 81' lang='grc' dir='ltr'>τοῦ</span> <span class='ocrx_word' id='word_1_120' title='bbox 938 1883 1112 1953; x_wconf 80' lang='grc' dir='ltr'>Λόγου</span> <span class='ocrx_word' id='word_1_121' title='bbox 1135 1883 1296 1954; x_wconf 81' lang='grc' dir='ltr'>φύσιν</span> <span class='ocrx_word' id='word_1_122' title='bbox 1320 1883 1769 1956; x_wconf 74' lang='grc' dir='ltr'>σεσαρκωμένην,</span> 
     </span>
    </p>
   </div>
   <div class='ocr_carea' id='block_1_20' title="bbox 1881 683 3456 751">
    <p class='ocr_par' dir='ltr' id='par_1_20' title="bbox 1881 683 3456 751">
     <span class='ocr_line' id='line_1_20' title="bbox 1881 683 3456 751; baseline 0.002 -12"><span class='ocrx_word' id='word_1_123' title='bbox 1881 683 2023 739; x_wconf 92' lang='lat' dir='ltr'><strong>enim</strong></span> <span class='ocrx_word' id='word_1_124' title='bbox 2063 685 2489 740; x_wconf 86' lang='lat' dir='ltr'><strong>substantiarum</strong></span> <span class='ocrx_word' id='word_1_125' title='bbox 2541 683 2921 751; x_wconf 70' lang='lat' dir='ltr'><strong>diderenliam,</strong></span> <span class='ocrx_word' id='word_1_126' title='bbox 2961 703 3062 741; x_wconf 87' lang='lat' dir='ltr'>non</span> <span class='ocrx_word' id='word_1_127' title='bbox 3104 699 3187 743; x_wconf 90' lang='lat' dir='ltr'>est</span> <span class='ocrx_word' id='word_1_128' title='bbox 3223 688 3340 744; x_wconf 89' lang='lat' dir='ltr'><strong>illas</strong></span> <span class='ocrx_word' id='word_1_129' title='bbox 3369 689 3456 742; x_wconf 90' lang='lat' dir='ltr'><strong>di-</strong></span> 
     </span>
    </p>
   </div>
   <div class='ocr_carea' id='block_1_21' title="bbox 1881 777 3455 849">
    <p class='ocr_par' dir='ltr' id='par_1_21' title="bbox 1881 777 3455 849">
     <span class='ocr_line' id='line_1_21' title="bbox 1881 777 3455 849; baseline 0.004 -19"><span class='ocrx_word' id='word_1_130' title='bbox 1881 777 2066 832; x_wconf 83' lang='lat' dir='ltr'><strong>videre</strong></span> <span class='ocrx_word' id='word_1_131' title='bbox 2098 778 2390 832; x_wconf 89' lang='lat' dir='ltr'><strong>secundum</strong></span> <span class='ocrx_word' id='word_1_132' title='bbox 2427 779 2643 834; x_wconf 90' lang='lat' dir='ltr'><strong>beatmn</strong></span> <span class='ocrx_word' id='word_1_133' title='bbox 2683 777 2972 849; x_wconf 83' lang='lat' dir='ltr'>Cyrillum,</span> <span class='ocrx_word' id='word_1_134' title='bbox 3007 782 3130 848; x_wconf 83' lang='lat' dir='ltr'><strong>quia</strong></span> <span class='ocrx_word' id='word_1_135' title='bbox 3172 780 3455 836; x_wconf 86' lang='lat' dir='ltr'><strong>nobiscum</strong></span> 
     </span>
    </p>
   </div>
   <div class='ocr_carea' id='block_1_22' title="bbox 1879 868 3459 926">
    <p class='ocr_par' dir='ltr' id='par_1_22' title="bbox 1879 868 3459 926">
     <span class='ocr_line' id='line_1_22' title="bbox 1879 868 3459 926; baseline 0.001 -3"><span class='ocrx_word' id='word_1_136' title='bbox 1879 869 2328 925; x_wconf 81' lang='lat' dir='ltr'><strong>consubstantiale</strong></span> <span class='ocrx_word' id='word_1_137' title='bbox 2376 871 2641 926; x_wconf 91' lang='lat' dir='ltr'><strong>incarnati</strong></span> <span class='ocrx_word' id='word_1_138' title='bbox 2685 870 2778 925; x_wconf 93' lang='lat' dir='ltr'><strong>Dei</strong></span> <span class='ocrx_word' id='word_1_139' title='bbox 2840 868 3000 925; x_wconf 85' lang='lat' dir='ltr'><strong>Verbi</strong></span> <span class='ocrx_word' id='word_1_140' title='bbox 3061 871 3204 926; x_wconf 89' lang='lat' dir='ltr'><strong>clare</strong></span> <span class='ocrx_word' id='word_1_141' title='bbox 3271 873 3459 926; x_wconf 85' lang='lat' dir='ltr'><strong>conci-</strong></span> 
     </span>
    </p>
   </div>
   <div class='ocr_carea' id='block_1_23' title="bbox 1881 961 3461 1032">
    <p class='ocr_par' dir='ltr' id='par_1_23' title="bbox 1881 961 3461 1032">
     <span class='ocr_line' id='line_1_23' title="bbox 1881 961 3461 1032; baseline 0.003 -16"><span class='ocrx_word' id='word_1_142' title='bbox 1881 961 2012 1016; x_wconf 90' lang='lat' dir='ltr'><strong>lium</strong></span> <span class='ocrx_word' id='word_1_143' title='bbox 2052 962 2386 1032; x_wconf 75' lang='lat' dir='ltr'>praedicavit,</span> <span class='ocrx_word' id='word_1_144' title='bbox 2423 963 2564 1032; x_wconf 89' lang='lat' dir='ltr'><strong>quod</strong></span> <span class='ocrx_word' id='word_1_145' title='bbox 2602 973 2759 1018; x_wconf 92' lang='lat' dir='ltr'><strong>antea</strong></span> <span class='ocrx_word' id='word_1_146' title='bbox 2792 962 2880 1017; x_wconf 83' lang='lat' dir='ltr'><strong>alii</strong></span> <span class='ocrx_word' id='word_1_147' title='bbox 2911 963 3236 1018; x_wconf 72' lang='lat' dir='ltr'><strong>sanctissimi</strong></span> <span class='ocrx_word' id='word_1_148' title='bbox 3271 964 3461 1020; x_wconf 82' lang='lat' dir='ltr'><strong>Patres</strong></span> 
     </span>
    </p>
   </div>
   <div class='ocr_carea' id='block_1_24' title="bbox 1881 1053 3458 1127">
    <p class='ocr_par' dir='ltr' id='par_1_24' title="bbox 1881 1053 3458 1127">
     <span class='ocr_line' id='line_1_24' title="bbox 1881 1053 3458 1127; baseline 0.002 -20"><span class='ocrx_word' id='word_1_149' title='bbox 1881 1053 2199 1120; x_wconf 89' lang='lat' dir='ltr'><strong>docuerunt,</strong></span> <span class='ocrx_word' id='word_1_150' title='bbox 2245 1069 2511 1125; x_wconf 81' lang='lat' dir='ltr'><strong>nusquam</strong></span> <span class='ocrx_word' id='word_1_151' title='bbox 2563 1064 2744 1109; x_wconf 90' lang='lat' dir='ltr'><strong>tamen</strong></span> <span class='ocrx_word' id='word_1_152' title='bbox 2792 1068 2924 1109; x_wconf 89' lang='lat' dir='ltr'><strong>voce</strong></span> <span class='ocrx_word' id='word_1_153' title='bbox 2963 1055 3313 1110; x_wconf 69' lang='lat' dir='ltr'><strong>(ecutnenicze</strong></span> <span class='ocrx_word' id='word_1_154' title='bbox 3366 1070 3458 1127; x_wconf 74' lang='lat' dir='ltr'>sy-</span> 
     </span>
    </p>
   </div>
   <div class='ocr_carea' id='block_1_25' title="bbox 1880 1144 3454 1216">
    <p class='ocr_par' dir='ltr' id='par_1_25' title="bbox 1880 1144 3454 1216">
     <span class='ocr_line' id='line_1_25' title="bbox 1880 1144 3454 1216; baseline 0.001 -18"><span class='ocrx_word' id='word_1_155' title='bbox 1880 1144 2007 1199; x_wconf 87' lang='lat' dir='ltr'><strong>nodi</strong></span> <span class='ocrx_word' id='word_1_156' title='bbox 2043 1145 2278 1201; x_wconf 79' lang='lat' dir='ltr'><strong>decretis</strong></span> <span class='ocrx_word' id='word_1_157' title='bbox 2311 1145 2652 1211; x_wconf 81' lang='lat' dir='ltr'><strong>coniirmata,</strong></span> <span class='ocrx_word' id='word_1_158' title='bbox 2703 1145 2906 1201; x_wconf 88' lang='lat' dir='ltr'><strong>idcirco</strong></span> <span class='ocrx_word' id='word_1_159' title='bbox 2943 1161 3166 1216; x_wconf 89' lang='lat' dir='ltr'><strong>prorsus</strong></span> <span class='ocrx_word' id='word_1_160' title='bbox 3195 1147 3454 1216; x_wconf 86' lang='lat' dir='ltr'><strong>rejectqu</strong></span> 
     </span>
    </p>
   </div>
   <div class='ocr_carea' id='block_1_26' title="bbox 1879 1236 3542 1310">
    <p class='ocr_par' dir='ltr' id='par_1_26' title="bbox 1879 1236 3542 1310">
     <span class='ocr_line' id='line_1_26' title="bbox 1879 1236 3542 1310; baseline 0.005 -20"><span class='ocrx_word' id='word_1_161' title='bbox 1879 1244 1983 1290; x_wconf 86' lang='lat' dir='ltr'><strong>est.</strong></span> <span class='ocrx_word' id='word_1_162' title='bbox 2033 1236 2200 1306; x_wconf 84' lang='lat' dir='ltr'><strong>Impia</strong></span> <span class='ocrx_word' id='word_1_163' title='bbox 2262 1238 2506 1292; x_wconf 91' lang='lat' dir='ltr'><strong>doctrina</strong></span> <span class='ocrx_word' id='word_1_164' title='bbox 2562 1237 2823 1309; x_wconf 80' lang='lat' dir='ltr'><strong>Eutychis</strong></span> <span class='ocrx_word' id='word_1_165' title='bbox 2879 1239 2931 1292; x_wconf 92' lang='lat' dir='ltr'>in</span> <span class='ocrx_word' id='word_1_166' title='bbox 2993 1237 3194 1308; x_wconf 85' lang='lat' dir='ltr'><strong>pernda</strong></span> <span class='ocrx_word' id='word_1_167' title='bbox 3253 1241 3459 1310; x_wconf 87' lang='lat' dir='ltr'><strong>synodo</strong></span> <span class='ocrx_word' id='word_1_168' title='bbox 3537 1294 3542 1298; x_wconf 86' lang='lat'><strong>.</strong></span> 
     </span>
    </p>
   </div>
   <div class='ocr_carea' id='block_1_27' title="bbox 1880 1329 3458 1401">
    <p class='ocr_par' dir='ltr' id='par_1_27' title="bbox 1880 1329 3458 1401">
     <span class='ocr_line' id='line_1_27' title="bbox 1880 1329 3458 1401; baseline 0.002 -18"><span class='ocrx_word' id='word_1_169' title='bbox 1880 1331 2155 1394; x_wconf 87' lang='lat' dir='ltr'><strong>damnata,</strong></span> <span class='ocrx_word' id='word_1_170' title='bbox 2193 1330 2260 1384; x_wconf 86' lang='lat' dir='ltr'>ab</span> <span class='ocrx_word' id='word_1_171' title='bbox 2286 1329 2388 1384; x_wconf 85' lang='lat' dir='ltr'><strong>alia</strong></span> <span class='ocrx_word' id='word_1_172' title='bbox 2440 1344 2545 1384; x_wconf 91' lang='lat' dir='ltr'>non</span> <span class='ocrx_word' id='word_1_173' title='bbox 2593 1332 2975 1386; x_wconf 87' lang='lat' dir='ltr'><strong>condemnata.</strong></span> <span class='ocrx_word' id='word_1_174' title='bbox 3011 1329 3146 1385; x_wconf 89' lang='lat' dir='ltr'><strong>Dum</strong></span> <span class='ocrx_word' id='word_1_175' title='bbox 3183 1331 3273 1386; x_wconf 88' lang='lat' dir='ltr'><strong>ille</strong></span> <span class='ocrx_word' id='word_1_176' title='bbox 3298 1332 3458 1401; x_wconf 63' lang='lat' dir='ltr'><strong>justas</strong></span> 
     </span>
    </p>
   </div>
   <div class='ocr_carea' id='block_1_28' title="bbox 1877 1421 3452 1479">
    <p class='ocr_par' dir='ltr' id='par_1_28' title="bbox 1877 1421 3452 1479">
     <span class='ocr_line' id='line_1_28' title="bbox 1877 1421 3452 1479; baseline 0.004 -6"><span class='ocrx_word' id='word_1_177' title='bbox 1877 1421 2350 1476; x_wconf 88' lang='lat' dir='ltr'><strong>condemnationis</strong></span> <span class='ocrx_word' id='word_1_178' title='bbox 2389 1421 2688 1477; x_wconf 85' lang='lat' dir='ltr'><strong>absolvitur</strong></span> <span class='ocrx_word' id='word_1_179' title='bbox 2719 1423 2964 1477; x_wconf 87' lang='lat' dir='ltr'><strong>traducta</strong></span> <span class='ocrx_word' id='word_1_180' title='bbox 2995 1423 3049 1477; x_wconf 93' lang='lat' dir='ltr'>in</span> <span class='ocrx_word' id='word_1_181' title='bbox 3085 1423 3452 1479; x_wconf 86' lang='lat' dir='ltr'><strong>venerabilem</strong></span> 
     </span>
    </p>
   </div>
   <div class='ocr_carea' id='block_1_29' title="bbox 1878 1508 3456 1584">
    <p class='ocr_par' dir='ltr' id='par_1_29' title="bbox 1878 1508 3456 1584">
     <span class='ocr_line' id='line_1_29' title="bbox 1878 1508 3456 1584; baseline 0.004 -20"><span class='ocrx_word' id='word_1_182' title='bbox 1878 1508 2194 1566; x_wconf 88' lang='lat' dir='ltr'><strong>Flavianum</strong></span> <span class='ocrx_word' id='word_1_183' title='bbox 2244 1513 2333 1582; x_wconf 88' lang='lat' dir='ltr'><strong>qui</strong></span> <span class='ocrx_word' id='word_1_184' title='bbox 2371 1513 2543 1583; x_wconf 91' lang='lat' dir='ltr'><strong>ipsum</strong></span> <span class='ocrx_word' id='word_1_185' title='bbox 2591 1514 2831 1582; x_wconf 88' lang='lat' dir='ltr'><strong>sustulit,</strong></span> <span class='ocrx_word' id='word_1_186' title='bbox 2885 1515 3060 1584; x_wconf 89' lang='lat' dir='ltr'><strong>culpa.</strong></span> <span class='ocrx_word' id='word_1_187' title='bbox 3112 1515 3262 1570; x_wconf 87' lang='lat' dir='ltr'><strong>Licet</strong></span> <span class='ocrx_word' id='word_1_188' title='bbox 3309 1516 3456 1572; x_wconf 88' lang='lat' dir='ltr'><strong>clare</strong></span> 
     </span>
    </p>
   </div>
   <div class='ocr_carea' id='block_1_30' title="bbox 1878 1604 3456 1675">
    <p class='ocr_par' dir='ltr' id='par_1_30' title="bbox 1878 1604 3456 1675">
     <span class='ocr_line' id='line_1_30' title="bbox 1878 1604 3456 1675; baseline 0.002 -18"><span class='ocrx_word' id='word_1_189' title='bbox 1878 1605 2338 1675; x_wconf 85' lang='lat' dir='ltr'><strong>pronuntiantem,</strong></span> <span class='ocrx_word' id='word_1_190' title='bbox 2372 1619 2531 1662; x_wconf 88' lang='lat' dir='ltr'><strong>unam</strong></span> <span class='ocrx_word' id='word_1_191' title='bbox 2561 1606 2778 1674; x_wconf 82' lang='lat' dir='ltr'><strong>quidem</strong></span> <span class='ocrx_word' id='word_1_192' title='bbox 2813 1604 2970 1660; x_wconf 84' lang='lat' dir='ltr'><strong>Verbi</strong></span> <span class='ocrx_word' id='word_1_193' title='bbox 3002 1618 3247 1659; x_wconf 83' lang='lat' dir='ltr'><strong>naturam</strong></span> <span class='ocrx_word' id='word_1_194' title='bbox 3277 1606 3456 1660; x_wconf 84' lang='lat' dir='ltr'><strong>incar-</strong></span> 
     </span>
    </p>
   </div>
   <div class='ocr_carea' id='block_1_31' title="bbox 1879 1697 3452 1766">
    <p class='ocr_par' dir='ltr' id='par_1_31' title="bbox 1879 1697 3452 1766">
     <span class='ocr_line' id='line_1_31' title="bbox 1879 1697 3452 1766; baseline -0.001 -15"><span class='ocrx_word' id='word_1_195' title='bbox 1879 1707 2093 1762; x_wconf 89' lang='lat' dir='ltr'><strong>natam,</strong></span> <span class='ocrx_word' id='word_1_196' title='bbox 2145 1697 2247 1752; x_wconf 85' lang='lat' dir='ltr'>hoc</span> <span class='ocrx_word' id='word_1_197' title='bbox 2299 1705 2382 1752; x_wconf 86' lang='lat' dir='ltr'>est</span> <span class='ocrx_word' id='word_1_198' title='bbox 2434 1712 2752 1766; x_wconf 87' lang='lat' dir='ltr'><strong>personam,</strong></span> <span class='ocrx_word' id='word_1_199' title='bbox 2805 1698 3072 1766; x_wconf 89' lang='lat' dir='ltr'><strong>simulque</strong></span> <span class='ocrx_word' id='word_1_200' title='bbox 3119 1707 3452 1751; x_wconf 83' lang='lat' dir='ltr'><strong>asserentem</strong></span> 
     </span>
    </p>
   </div>
   <div class='ocr_carea' id='block_1_32' title="bbox 1876 1785 3454 1853">
    <p class='ocr_par' dir='ltr' id='par_1_32' title="bbox 1876 1785 3454 1853">
     <span class='ocr_line' id='line_1_32' title="bbox 1876 1785 3454 1853; baseline -0.001 -10"><span class='ocrx_word' id='word_1_201' title='bbox 1876 1787 2390 1844; x_wconf 82' lang='lat' dir='ltr'><strong>consubstantialem</strong></span> <span class='ocrx_word' id='word_1_202' title='bbox 2442 1786 2596 1843; x_wconf 89' lang='lat' dir='ltr'><strong>nobis</strong></span> <span class='ocrx_word' id='word_1_203' title='bbox 2641 1803 2786 1853; x_wconf 87' lang='lat' dir='ltr'><strong>esse,</strong></span> <span class='ocrx_word' id='word_1_204' title='bbox 2825 1789 2975 1852; x_wconf 88' lang='lat' dir='ltr'><strong>dicit,</strong></span> <span class='ocrx_word' id='word_1_205' title='bbox 3015 1799 3231 1842; x_wconf 88' lang='lat' dir='ltr'><strong>sanctus</strong></span> <span class='ocrx_word' id='word_1_206' title='bbox 3264 1785 3454 1842; x_wconf 84' lang='lat' dir='ltr'><strong>Patres</strong></span> 
     </span>
    </p>
   </div>
   <div class='ocr_carea' id='block_1_33' title="bbox 1878 1873 3452 1947">
    <p class='ocr_par' dir='ltr' id='par_1_33' title="bbox 1878 1873 3452 1947">
     <span class='ocr_line' id='line_1_33' title="bbox 1878 1873 3452 1947; baseline 0.003 -19"><span class='ocrx_word' id='word_1_207' title='bbox 1878 1889 1986 1928; x_wconf 91' lang='lat' dir='ltr'>non</span> <span class='ocrx_word' id='word_1_208' title='bbox 2039 1873 2116 1928; x_wconf 93' lang='lat' dir='ltr'>uti</span> <span class='ocrx_word' id='word_1_209' title='bbox 2169 1874 2309 1928; x_wconf 89' lang='lat' dir='ltr'><strong>nuda</strong></span> <span class='ocrx_word' id='word_1_210' title='bbox 2359 1890 2512 1940; x_wconf 91' lang='lat' dir='ltr'><strong>voce,</strong></span> <span class='ocrx_word' id='word_1_211' title='bbox 2561 1885 2616 1931; x_wconf 87' lang='lat' dir='ltr'>et</span> <span class='ocrx_word' id='word_1_212' title='bbox 2668 1876 2912 1946; x_wconf 89' lang='lat' dir='ltr'><strong>improbe</strong></span> <span class='ocrx_word' id='word_1_213' title='bbox 2960 1877 3305 1947; x_wconf 76' lang='lat' dir='ltr'><strong>investigare,</strong></span> <span class='ocrx_word' id='word_1_214' title='bbox 3356 1878 3452 1933; x_wconf 89' lang='lat' dir='ltr'>sed</span> 
     </span>
    </p>
   </div>
   <div class='ocr_carea' id='block_1_34' title="bbox 198 1949 1766 2046">
    <p class='ocr_par' dir='ltr' id='par_1_34' title="bbox 198 1971 1766 2046">
     <span class='ocr_line' id='line_1_34' title="bbox 198 1971 1766 2046; baseline 0.004 -23"><span class='ocrx_word' id='word_1_215' title='bbox 198 1971 455 2025; x_wconf 77' lang='grc' dir='ltr'>τουτέστιν</span> <span class='ocrx_word' id='word_1_216' title='bbox 497 1973 832 2041; x_wconf 84' lang='grc' dir='ltr'>ὑπόστασιν,</span> <span class='ocrx_word' id='word_1_217' title='bbox 883 1976 1430 2046; x_wconf 83' lang='grc' dir='ltr'>συνανακηρύττοντα</span> <span class='ocrx_word' id='word_1_218' title='bbox 1477 1977 1533 2029; x_wconf 83' lang='grc' dir='ltr'>δὲ</span> <span class='ocrx_word' id='word_1_219' title='bbox 1579 1978 1672 2029; x_wconf 78' lang='grc' dir='ltr'>καὶ</span> <span class='ocrx_word' id='word_1_220' title='bbox 1711 1977 1766 2030; x_wconf 73' lang='grc' dir='ltr'>τὸ</span> 
     </span>
    </p>
   </div>
   <div class='ocr_carea' id='block_1_35' title="bbox 1871 1949 3451 2046">
    <p class='ocr_par' dir='ltr' id='par_1_35' title="bbox 1879 1966 3451 2038">
     <span class='ocr_line' id='line_1_35' title="bbox 1879 1966 3451 2038; baseline 0.002 -18"><span class='ocrx_word' id='word_1_221' title='bbox 1879 1973 2113 2020; x_wconf 91' lang='lat' dir='ltr'><strong>mentem</strong></span> <span class='ocrx_word' id='word_1_222' title='bbox 2160 1966 2418 2022; x_wconf 81' lang='lat' dir='ltr'><strong>adhibere</strong></span> <span class='ocrx_word' id='word_1_223' title='bbox 2473 1967 2726 2036; x_wconf 90' lang='lat' dir='ltr'><strong>scriptori</strong></span> <span class='ocrx_word' id='word_1_224' title='bbox 2784 1969 2908 2038; x_wconf 89' lang='lat' dir='ltr'><strong>pio,</strong></span> <span class='ocrx_word' id='word_1_225' title='bbox 2960 1978 3016 2022; x_wconf 92' lang='lat' dir='ltr'>et</span> <span class='ocrx_word' id='word_1_226' title='bbox 3065 1969 3451 2023; x_wconf 82' lang='lat' dir='ltr'><strong>admonitionis</strong></span> 
     </span>
    </p>
   </div>
   <div class='ocr_carea' id='block_1_36' title="bbox 199 2067 1771 2142">
    <p class='ocr_par' dir='ltr' id='par_1_36' title="bbox 199 2067 1771 2142">
     <span class='ocr_line' id='line_1_36' title="bbox 199 2067 1771 2142; baseline 0.003 -23"><span class='ocrx_word' id='word_1_227' title='bbox 199 2067 312 2138; x_wconf 72' lang='grc' dir='ltr'>ἡμῖν</span> <span class='ocrx_word' id='word_1_228' title='bbox 347 2067 654 2137; x_wconf 84' lang='grc' dir='ltr'>όμοούσιον.</span> <span class='ocrx_word' id='word_1_229' title='bbox 688 2068 812 2123; x_wconf 88' lang='grc' dir='ltr'>Ὅτι</span> <span class='ocrx_word' id='word_1_230' title='bbox 855 2070 1021 2138; x_wconf 77' lang='grc' dir='ltr'>φησὶν</span> <span class='ocrx_word' id='word_1_231' title='bbox 1059 2069 1106 2102; x_wconf 80' lang='grc'>⁸⁸</span> <span class='ocrx_word' id='word_1_232' title='bbox 1145 2070 1194 2123; x_wconf 89' lang='grc' dir='ltr'>οἱ</span> <span class='ocrx_word' id='word_1_233' title='bbox 1239 2068 1386 2139; x_wconf 82' lang='grc' dir='ltr'>ᾶγιοι</span> <span class='ocrx_word' id='word_1_234' title='bbox 1411 2070 1653 2140; x_wconf 86' lang='grc' dir='ltr'>Πατέρες</span> <span class='ocrx_word' id='word_1_235' title='bbox 1695 2069 1771 2142; x_wconf 83' lang='grc' dir='ltr'>μὴ</span> 
     </span>
    </p>
   </div>
   <div class='ocr_carea' id='block_1_37' title="bbox 197 2160 1772 2236">
    <p class='ocr_par' dir='ltr' id='par_1_37' title="bbox 197 2160 1772 2236">
     <span class='ocr_line' id='line_1_37' title="bbox 197 2160 1772 2236; baseline 0.001 -22"><span class='ocrx_word' id='word_1_236' title='bbox 197 2160 375 2232; x_wconf 82' lang='grc' dir='ltr'>χρῆναι</span> <span class='ocrx_word' id='word_1_237' title='bbox 421 2160 522 2232; x_wconf 78' lang='grc' dir='ltr'>τὴν</span> <span class='ocrx_word' id='word_1_238' title='bbox 565 2161 713 2229; x_wconf 77' lang='grc' dir='ltr'>λέξιν</span> <span class='ocrx_word' id='word_1_239' title='bbox 746 2163 959 2234; x_wconf 82' lang='grc' dir='ltr'>γυμνὴν</span> <span class='ocrx_word' id='word_1_240' title='bbox 998 2161 1125 2236; x_wconf 69' lang='lat'>[420</span> <span class='ocrx_word' id='word_1_241' title='bbox 1173 2161 1267 2236; x_wconf 85' lang='grc' dir='ltr'>ιι.]</span> <span class='ocrx_word' id='word_1_242' title='bbox 1307 2165 1404 2218; x_wconf 77' lang='grc' dir='ltr'>καὶ</span> <span class='ocrx_word' id='word_1_243' title='bbox 1445 2163 1772 2234; x_wconf 85' lang='grc' dir='ltr'>κακούργως</span> 
     </span>
    </p>
   </div>
   <div class='ocr_carea' id='block_1_38' title="bbox 197 2252 1769 2328">
    <p class='ocr_par' dir='ltr' id='par_1_38' title="bbox 197 2252 1769 2328">
     <span class='ocr_line' id='line_1_38' title="bbox 197 2252 1769 2328; baseline 0.003 -24"><span class='ocrx_word' id='word_1_244' title='bbox 197 2252 486 2320; x_wconf 72' lang='grc' dir='ltr'>ἐξετάζειν,</span> <span class='ocrx_word' id='word_1_245' title='bbox 537 2253 678 2310; x_wconf 86' lang='grc' dir='ltr'>ἀλλὰ</span> <span class='ocrx_word' id='word_1_246' title='bbox 721 2257 786 2327; x_wconf 78' lang='grc' dir='ltr'>τῇ</span> <span class='ocrx_word' id='word_1_247' title='bbox 829 2255 1044 2309; x_wconf 79' lang='grc' dir='ltr'>εύσεϐεῐ</span> <span class='ocrx_word' id='word_1_248' title='bbox 1089 2255 1300 2328; x_wconf 77' lang='grc' dir='ltr'>διανοίᾳ</span> <span class='ocrx_word' id='word_1_249' title='bbox 1345 2255 1634 2327; x_wconf 82' lang='grc' dir='ltr'>προσέχειν</span> <span class='ocrx_word' id='word_1_250' title='bbox 1675 2253 1769 2309; x_wconf 80' lang='grc' dir='ltr'>τοῦ</span> 
     </span>
    </p>
   </div>
   <div class='ocr_carea' id='block_1_39' title="bbox 198 2347 1772 2421">
    <p class='ocr_par' dir='ltr' id='par_1_39' title="bbox 198 2347 1772 2421">
     <span class='ocr_line' id='line_1_39' title="bbox 198 2347 1772 2421; baseline 0.002 -22"><span class='ocrx_word' id='word_1_251' title='bbox 198 2347 498 2417; x_wconf 77' lang='grc' dir='ltr'>γράφοντος.</span> <span class='ocrx_word' id='word_1_252' title='bbox 539 2349 653 2402; x_wconf 78' lang='lat' dir='ltr'><strong>Kal.</strong></span> <span class='ocrx_word' id='word_1_253' title='bbox 693 2348 1030 2421; x_wconf 84' lang='grc' dir='ltr'>παρατίθησι</span> <span class='ocrx_word' id='word_1_254' title='bbox 1067 2352 1169 2420; x_wconf 83' lang='grc' dir='ltr'>τῆς</span> <span class='ocrx_word' id='word_1_255' title='bbox 1204 2350 1580 2419; x_wconf 78' lang='grc' dir='ltr'>παραινέσεως</span> <span class='ocrx_word' id='word_1_256' title='bbox 1630 2365 1772 2420; x_wconf 84' lang='grc' dir='ltr'>μαρ-</span> 
     </span>
    </p>
   </div>
   <div class='ocr_carea' id='block_1_40' title="bbox 196 2439 1768 2513">
    <p class='ocr_par' dir='ltr' id='par_1_40' title="bbox 196 2439 1768 2513">
     <span class='ocr_line' id='line_1_40' title="bbox 196 2439 1768 2513; baseline 0.001 -19"><span class='ocrx_word' id='word_1_257' title='bbox 196 2441 366 2511; x_wconf 81' lang='grc' dir='ltr'>τυρίας</span> <span class='ocrx_word' id='word_1_258' title='bbox 397 2442 444 2473; x_wconf 82' lang='grc'>⁸⁸</span> <span class='ocrx_word' id='word_1_259' title='bbox 481 2440 807 2496; x_wconf 82' lang='grc' dir='ltr'>Ἀθανασίου</span> <span class='ocrx_word' id='word_1_260' title='bbox 843 2443 889 2475; x_wconf 84' lang='grc'>⁵⁷</span> <span class='ocrx_word' id='word_1_261' title='bbox 919 2442 1018 2513; x_wconf 80' lang='grc' dir='ltr'>μὲν</span> <span class='ocrx_word' id='word_1_262' title='bbox 1039 2443 1104 2496; x_wconf 81' lang='grc' dir='ltr'>ὲκ</span> <span class='ocrx_word' id='word_1_263' title='bbox 1129 2441 1225 2496; x_wconf 81' lang='grc' dir='ltr'>τοῦ</span> <span class='ocrx_word' id='word_1_264' title='bbox 1267 2439 1312 2474; x_wconf 79' lang='grc'>⁸⁸</span> <span class='ocrx_word' id='word_1_265' title='bbox 1343 2442 1506 2496; x_wconf 85' lang='grc' dir='ltr'>Κατὰ</span> <span class='ocrx_word' id='word_1_266' title='bbox 1546 2443 1768 2508; x_wconf 75' lang='grc' dir='ltr'>Ἀρεία-</span> 
     </span>
    </p>
   </div>
   <div class='ocr_carea' id='block_1_41' title="bbox 197 2530 1768 2604">
    <p class='ocr_par' dir='ltr' id='par_1_41' title="bbox 197 2530 1768 2604">
     <span class='ocr_line' id='line_1_41' title="bbox 197 2530 1768 2604; baseline 0.004 -20"><span class='ocrx_word' id='word_1_267' title='bbox 197 2530 319 2595; x_wconf 76' lang='grc' dir='ltr'>νῶν,</span> <span class='ocrx_word' id='word_1_268' title='bbox 343 2532 611 2604; x_wconf 86' lang='grc' dir='ltr'>Κυρίλλου</span> <span class='ocrx_word' id='word_1_269' title='bbox 628 2533 686 2587; x_wconf 83' lang='grc' dir='ltr'>δὲ</span> <span class='ocrx_word' id='word_1_270' title='bbox 710 2533 775 2588; x_wconf 82' lang='grc' dir='ltr'>ἐκ</span> <span class='ocrx_word' id='word_1_271' title='bbox 805 2533 924 2587; x_wconf 83' lang='grc' dir='ltr'>τῶν</span> <span class='ocrx_word' id='word_1_272' title='bbox 949 2532 1292 2603; x_wconf 81' lang='grc' dir='ltr'>θησαυρῶν,</span> <span class='ocrx_word' id='word_1_273' title='bbox 1329 2534 1576 2589; x_wconf 81' lang='grc' dir='ltr'>Ἰωάννου</span> <span class='ocrx_word' id='word_1_274' title='bbox 1595 2534 1651 2588; x_wconf 80' lang='grc' dir='ltr'>δὲ</span> <span class='ocrx_word' id='word_1_275' title='bbox 1674 2535 1768 2590; x_wconf 79' lang='grc' dir='ltr'>τοῦ</span> 
     </span>
    </p>
   </div>
   <div class='ocr_carea' id='block_1_42' title="bbox 198 2626 1770 2700">
    <p class='ocr_par' dir='ltr' id='par_1_42' title="bbox 198 2626 1770 2700">
     <span class='ocr_line' id='line_1_42' title="bbox 198 2626 1770 2700; baseline 0.005 -20"><span class='ocrx_word' id='word_1_276' title='bbox 198 2626 562 2698; x_wconf 81' lang='grc' dir='ltr'>Χρυσοστόμου</span> <span class='ocrx_word' id='word_1_277' title='bbox 641 2629 706 2682; x_wconf 83' lang='grc' dir='ltr'>ἐκ</span> <span class='ocrx_word' id='word_1_278' title='bbox 783 2628 1228 2699; x_wconf 81' lang='grc' dir='ltr'>’Υπομνήματος</span> <span class='ocrx_word' id='word_1_279' title='bbox 1282 2626 1395 2698; x_wconf 84' lang='grc' dir='ltr'>τῆς</span> <span class='ocrx_word' id='word_1_280' title='bbox 1449 2631 1602 2700; x_wconf 83' lang='grc' dir='ltr'>πρὸς</span> <span class='ocrx_word' id='word_1_281' title='bbox 1647 2637 1770 2688; x_wconf 83' lang='grc' dir='ltr'>Γα-</span> 
     </span>
    </p>
   </div>
   <div class='ocr_carea' id='block_1_43' title="bbox 196 2715 1768 2793">
    <p class='ocr_par' dir='ltr' id='par_1_43' title="bbox 196 2715 1768 2793">
     <span class='ocr_line' id='line_1_43' title="bbox 196 2715 1768 2793; baseline 0.005 -23"><span class='ocrx_word' id='word_1_282' title='bbox 196 2715 363 2784; x_wconf 73' lang='lat' dir='ltr'><strong>.la&#39;tac</strong></span> <span class='ocrx_word' id='word_1_283' title='bbox 377 2717 764 2785; x_wconf 75' lang='grc' dir='ltr'>Ἐπιστολῆς.</span> <span class='ocrx_word' id='word_1_284' title='bbox 785 2717 908 2772; x_wconf 85' lang='grc' dir='ltr'>Ὅτι</span> <span class='ocrx_word' id='word_1_285' title='bbox 932 2719 1085 2791; x_wconf 69' lang='grc' dir='ltr'>φησὶ,</span> <span class='ocrx_word' id='word_1_286' title='bbox 1113 2719 1174 2773; x_wconf 84' lang='grc' dir='ltr'>τὸ</span> <span class='ocrx_word' id='word_1_287' title='bbox 1193 2718 1374 2790; x_wconf 84' lang='grc' dir='ltr'>λέγειν</span> <span class='ocrx_word' id='word_1_288' title='bbox 1398 2722 1562 2793; x_wconf 78' lang='grc' dir='ltr'>σαρκὶ</span> <span class='ocrx_word' id='word_1_289' title='bbox 1576 2723 1768 2778; x_wconf 85' lang='grc' dir='ltr'>παθεῖν</span> 
     </span>
    </p>
   </div>
   <div class='ocr_carea' id='block_1_44' title="bbox 198 2807 1768 2887">
    <p class='ocr_par' dir='ltr' id='par_1_44' title="bbox 198 2807 1768 2887">
     <span class='ocr_line' id='line_1_44' title="bbox 198 2807 1768 2887; baseline 0.005 -27"><span class='ocrx_word' id='word_1_290' title='bbox 198 2807 591 2878; x_wconf 69' lang='grc' dir='ltr'>τὸνθεὸνΛόγον</span> <span class='ocrx_word' id='word_1_291' title='bbox 614 2809 868 2881; x_wconf 84' lang='grc' dir='ltr'>φρόνημα</span> <span class='ocrx_word' id='word_1_292' title='bbox 884 2810 984 2881; x_wconf 82' lang='grc' dir='ltr'>τῆς</span> <span class='ocrx_word' id='word_1_293' title='bbox 1022 2811 1349 2884; x_wconf 82' lang='grc' dir='ltr'>Ἐκκλησίας</span> <span class='ocrx_word' id='word_1_294' title='bbox 1381 2815 1550 2879; x_wconf 73' lang='grc' dir='ltr'>ἐστὶν,</span> <span class='ocrx_word' id='word_1_295' title='bbox 1582 2814 1768 2887; x_wconf 85' lang='grc' dir='ltr'>ὥσπερ</span> 
     </span>
    </p>
   </div>
   <div class='ocr_carea' id='block_1_45' title="bbox 200 2900 1769 2976">
    <p class='ocr_par' dir='ltr' id='par_1_45' title="bbox 200 2900 1769 2976">
     <span class='ocr_line' id='line_1_45' title="bbox 200 2900 1769 2976; baseline 0.003 -23"><span class='ocrx_word' id='word_1_296' title='bbox 200 2900 281 2955; x_wconf 74' lang='grc' dir='ltr'>καὶ</span> <span class='ocrx_word' id='word_1_297' title='bbox 325 2901 646 2974; x_wconf 79' lang='grc' dir='ltr'>βλάσφημον</span> <span class='ocrx_word' id='word_1_298' title='bbox 685 2903 780 2956; x_wconf 61' lang='grc' dir='ltr'>καὶ⁸</span> <span class='ocrx_word' id='word_1_299' title='bbox 821 2902 1127 2973; x_wconf 79' lang='grc' dir='ltr'>ἀπόϐλητον</span> <span class='ocrx_word' id='word_1_300' title='bbox 1167 2904 1228 2957; x_wconf 80' lang='grc' dir='ltr'>τὸ</span> <span class='ocrx_word' id='word_1_301' title='bbox 1270 2903 1562 2976; x_wconf 81' lang='grc' dir='ltr'>κηρύττειν</span> <span class='ocrx_word' id='word_1_302' title='bbox 1606 2904 1769 2958; x_wconf 79' lang='grc' dir='ltr'>αὑτὸν</span> 
     </span>
    </p>
   </div>
   <div class='ocr_carea' id='block_1_46' title="bbox 203 2994 1767 3070">
    <p class='ocr_par' dir='ltr' id='par_1_46' title="bbox 203 2994 1767 3070">
     <span class='ocr_line' id='line_1_46' title="bbox 203 2994 1767 3070; baseline 0.004 -24"><span class='ocrx_word' id='word_1_303' title='bbox 203 2994 372 3047; x_wconf 86' lang='grc' dir='ltr'>παθεῖν</span> <span class='ocrx_word' id='word_1_304' title='bbox 406 2998 469 3066; x_wconf 81' lang='grc' dir='ltr'>τῇ</span> <span class='ocrx_word' id='word_1_305' title='bbox 503 2995 667 3065; x_wconf 76' lang='grc' dir='ltr'>φύσει</span> <span class='ocrx_word' id='word_1_306' title='bbox 703 2995 806 3065; x_wconf 83' lang='grc' dir='ltr'>τῆς</span> <span class='ocrx_word' id='word_1_307' title='bbox 836 2994 1111 3067; x_wconf 82' lang='grc' dir='ltr'>θεότητος.</span> <span class='ocrx_word' id='word_1_308' title='bbox 1139 2997 1252 3051; x_wconf 73' lang='lat' dir='ltr'>Kal</span> <span class='ocrx_word' id='word_1_309' title='bbox 1281 2999 1520 3068; x_wconf 71' lang='grc' dir='ltr'>παράγει</span> <span class='ocrx_word' id='word_1_310' title='bbox 1555 3014 1767 3070; x_wconf 87' lang='grc' dir='ltr'>μαρτυ-</span> 
     </span>
    </p>
   </div>
   <div class='ocr_carea' id='block_1_47' title="bbox 204 3083 1768 3159">
    <p class='ocr_par' dir='ltr' id='par_1_47' title="bbox 204 3083 1768 3159">
     <span class='ocr_line' id='line_1_47' title="bbox 204 3083 1768 3159; baseline 0.005 -25"><span class='ocrx_word' id='word_1_311' title='bbox 204 3083 305 3153; x_wconf 81' lang='grc' dir='ltr'>ρίας</span> <span class='ocrx_word' id='word_1_312' title='bbox 330 3084 644 3157; x_wconf 83' lang='grc' dir='ltr'>διαφόρους,</span> <span class='ocrx_word' id='word_1_313' title='bbox 684 3085 954 3157; x_wconf 81' lang='grc' dir='ltr'>Κυρίλλου</span> <span class='ocrx_word' id='word_1_314' title='bbox 988 3088 1032 3118; x_wconf 77' lang='grc'><strong><em>⁵⁸</em></strong></span> <span class='ocrx_word' id='word_1_315' title='bbox 1062 3087 1162 3158; x_wconf 81' lang='grc' dir='ltr'>μὲν</span> <span class='ocrx_word' id='word_1_316' title='bbox 1192 3090 1257 3142; x_wconf 86' lang='grc' dir='ltr'>ὲκ</span> <span class='ocrx_word' id='word_1_317' title='bbox 1290 3089 1398 3142; x_wconf 85' lang='grc' dir='ltr'>τῶν</span> <span class='ocrx_word' id='word_1_318' title='bbox 1425 3088 1672 3159; x_wconf 72' lang='grc' dir='ltr'>σκολίων,</span> <span class='ocrx_word' id='word_1_319' title='bbox 1702 3091 1768 3142; x_wconf 77' lang='grc' dir='ltr'>ἐκ</span> 
     </span>
    </p>
   </div>
   <div class='ocr_carea' id='block_1_48' title="bbox 200 3176 1765 3251">
    <p class='ocr_par' dir='ltr' id='par_1_48' title="bbox 200 3176 1765 3251">
     <span class='ocr_line' id='line_1_48' title="bbox 200 3176 1765 3251; baseline -0.014 -10"><span class='ocrx_word' id='word_1_320' title='bbox 200 3176 283 3246; x_wconf 76' lang='grc' dir='ltr'>τῆς</span> <span class='ocrx_word' id='word_1_321' title='bbox 331 3177 460 3247; x_wconf 78' lang='grc' dir='ltr'>πρὸς</span> <span class='ocrx_word' id='word_1_322' title='bbox 510 3177 812 3232; x_wconf 88' lang='grc' dir='ltr'>Ζούκενσον</span> <span class='ocrx_word' id='word_1_323' title='bbox 864 3177 908 3248; x_wconf 85' lang='grc' dir='ltr'><strong>β’</strong></span> <span class='ocrx_word' id='word_1_324' title='bbox 955 3179 1279 3248; x_wconf 76' lang='grc' dir='ltr'>ἐπιστολῆς,</span> <span class='ocrx_word' id='word_1_325' title='bbox 1345 3181 1410 3234; x_wconf 78' lang='grc' dir='ltr'>ἐκ</span> <span class='ocrx_word' id='word_1_326' title='bbox 1466 3181 1568 3251; x_wconf 78' lang='grc' dir='ltr'>τῆς</span> <span class='ocrx_word' id='word_1_327' title='bbox 1628 3180 1765 3251; x_wconf 70' lang='grc' dir='ltr'>πρδς</span> 
     </span>
    </p>
   </div>
   <div class='ocr_carea' id='block_1_49' title="bbox 1873 2054 3446 2123">
    <p class='ocr_par' dir='ltr' id='par_1_49' title="bbox 1873 2054 3446 2123">
     <span class='ocr_line' id='line_1_49' title="bbox 1873 2054 3446 2123; baseline 0.001 -13"><span class='ocrx_word' id='word_1_328' title='bbox 1873 2054 2096 2112; x_wconf 83' lang='lat' dir='ltr'><strong>adhibet</strong></span> <span class='ocrx_word' id='word_1_329' title='bbox 2138 2065 2300 2111; x_wconf 89' lang='lat' dir='ltr'><strong>testes</strong></span> <span class='ocrx_word' id='word_1_330' title='bbox 2335 2075 2350 2111; x_wconf 90' lang='lat'><strong>:</strong></span> <span class='ocrx_word' id='word_1_331' title='bbox 2387 2057 2671 2113; x_wconf 84' lang='lat' dir='ltr'><strong>Athanasii</strong></span> <span class='ocrx_word' id='word_1_332' title='bbox 2724 2057 2914 2112; x_wconf 90' lang='lat' dir='ltr'><strong>librum</strong></span> <span class='ocrx_word' id='word_1_333' title='bbox 2955 2057 3154 2112; x_wconf 87' lang='lat' dir='ltr'><strong>Contra</strong></span> <span class='ocrx_word' id='word_1_334' title='bbox 3187 2059 3446 2123; x_wconf 64' lang='lat' dir='ltr'><strong>‘Ariunos,</strong></span> 
     </span>
    </p>
   </div>
   <div class='ocr_carea' id='block_1_50' title="bbox 1872 2148 3452 2221">
    <p class='ocr_par' dir='ltr' id='par_1_50' title="bbox 1872 2148 3452 2221">
     <span class='ocr_line' id='line_1_50' title="bbox 1872 2148 3452 2221; baseline -0.001 -17"><span class='ocrx_word' id='word_1_335' title='bbox 1872 2149 2057 2221; x_wconf 78' lang='lat' dir='ltr'><strong>Cyrilli</strong></span> <span class='ocrx_word' id='word_1_336' title='bbox 2108 2149 2453 2214; x_wconf 82' lang='lat' dir='ltr'><strong>Thesaurum,</strong></span> <span class='ocrx_word' id='word_1_337' title='bbox 2496 2148 2721 2205; x_wconf 82' lang='lat' dir='ltr'><strong>Joannis</strong></span> <span class='ocrx_word' id='word_1_338' title='bbox 2761 2149 3135 2221; x_wconf 80' lang='lat' dir='ltr'><strong>Clttysoslomi</strong></span> <span class='ocrx_word' id='word_1_339' title='bbox 3171 2150 3452 2205; x_wconf 86' lang='lat' dir='ltr'><strong>Commen-</strong></span> 
     </span>
    </p>
   </div>
   <div class='ocr_carea' id='block_1_51' title="bbox 1873 2238 3453 2308">
    <p class='ocr_par' dir='ltr' id='par_1_51' title="bbox 1873 2238 3453 2308">
     <span class='ocr_line' id='line_1_51' title="bbox 1873 2238 3453 2308; baseline 0.002 -15"><span class='ocrx_word' id='word_1_340' title='bbox 1873 2240 2070 2293; x_wconf 86' lang='lat' dir='ltr'><strong>tarium</strong></span> <span class='ocrx_word' id='word_1_341' title='bbox 2104 2239 2158 2292; x_wconf 89' lang='lat' dir='ltr'>in</span> <span class='ocrx_word' id='word_1_342' title='bbox 2196 2239 2489 2308; x_wconf 78' lang='lat' dir='ltr'><strong>Epistulam</strong></span> <span class='ocrx_word' id='word_1_343' title='bbox 2541 2239 2610 2292; x_wconf 71' lang='lat' dir='ltr'>ad</span> <span class='ocrx_word' id='word_1_344' title='bbox 2655 2238 2872 2293; x_wconf 80' lang='lat' dir='ltr'><strong>Galatas</strong></span> <span class='ocrx_word' id='word_1_345' title='bbox 2909 2241 3042 2294; x_wconf 83' lang='lat' dir='ltr'><strong>:Ait</strong></span> <span class='ocrx_word' id='word_1_346' title='bbox 3081 2240 3244 2306; x_wconf 89' lang='lat' dir='ltr'><strong>enim,</strong></span> <span class='ocrx_word' id='word_1_347' title='bbox 3288 2255 3453 2296; x_wconf 82' lang='lat' dir='ltr'><strong>carne</strong></span> 
     </span>
    </p>
   </div>
   <div class='ocr_carea' id='block_1_52' title="bbox 1873 2330 3453 2403">
    <p class='ocr_par' dir='ltr' id='par_1_52' title="bbox 1873 2330 3453 2403">
     <span class='ocr_line' id='line_1_52' title="bbox 1873 2330 3453 2403; baseline 0.001 -17"><span class='ocrx_word' id='word_1_348' title='bbox 1873 2334 1980 2403; x_wconf 88' lang='lat' dir='ltr'><strong>pati</strong></span> <span class='ocrx_word' id='word_1_349' title='bbox 2019 2331 2187 2386; x_wconf 90' lang='lat' dir='ltr'><strong>Deum</strong></span> <span class='ocrx_word' id='word_1_350' title='bbox 2237 2330 2454 2397; x_wconf 81' lang='lat' dir='ltr'><strong>Filium,</strong></span> <span class='ocrx_word' id='word_1_351' title='bbox 2494 2332 2820 2387; x_wconf 85' lang='lat' dir='ltr'><strong>sententiam</strong></span> <span class='ocrx_word' id='word_1_352' title='bbox 2857 2347 2979 2387; x_wconf 91' lang='lat' dir='ltr'><strong>esse</strong></span> <span class='ocrx_word' id='word_1_353' title='bbox 3011 2331 3266 2388; x_wconf 70' lang='lat' dir='ltr'><strong>Ecclesia:</strong></span> <span class='ocrx_word' id='word_1_354' title='bbox 3297 2351 3311 2387; x_wconf 91' lang='lat'><strong>:</strong></span> <span class='ocrx_word' id='word_1_355' title='bbox 3345 2332 3453 2401; x_wconf 90' lang='lat' dir='ltr'><strong>pati</strong></span> 
     </span>
    </p>
   </div>
   <div class='ocr_carea' id='block_1_53' title="bbox 1873 2425 3451 2495">
    <p class='ocr_par' dir='ltr' id='par_1_53' title="bbox 1873 2425 3451 2495">
     <span class='ocr_line' id='line_1_53' title="bbox 1873 2425 3451 2495; baseline 0.001 -15"><span class='ocrx_word' id='word_1_356' title='bbox 1873 2441 2000 2481; x_wconf 84' lang='lat' dir='ltr'><strong>vero</strong></span> <span class='ocrx_word' id='word_1_357' title='bbox 2039 2425 2343 2490; x_wconf 75' lang='lat' dir='ltr'><strong>divinitate,</strong></span> <span class='ocrx_word' id='word_1_358' title='bbox 2379 2425 2754 2480; x_wconf 72' lang='lat' dir='ltr'><strong>hwreticornm</strong></span> <span class='ocrx_word' id='word_1_359' title='bbox 2796 2440 2917 2481; x_wconf 86' lang='lat' dir='ltr'><strong>esse</strong></span> <span class='ocrx_word' id='word_1_360' title='bbox 2959 2437 3013 2480; x_wconf 89' lang='lat' dir='ltr'>et</span> <span class='ocrx_word' id='word_1_361' title='bbox 3050 2425 3451 2495; x_wconf 87' lang='lat' dir='ltr'><strong>blasphemnm.</strong></span> 
     </span>
    </p>
   </div>
   <div class='ocr_carea' id='block_1_54' title="bbox 1846 2518 3453 2591">
    <p class='ocr_par' dir='ltr' id='par_1_54' title="bbox 1846 2518 3453 2591">
     <span class='ocr_line' id='line_1_54' title="bbox 1846 2518 3453 2591; baseline 0.001 -18"><span class='ocrx_word' id='word_1_362' title='bbox 1846 2519 2041 2575; x_wconf 76' lang='lat' dir='ltr'><strong>.Aﬂ&#39;crt</strong></span> <span class='ocrx_word' id='word_1_363' title='bbox 2087 2529 2142 2574; x_wconf 85' lang='lat' dir='ltr'>et</span> <span class='ocrx_word' id='word_1_364' title='bbox 2189 2518 2335 2573; x_wconf 88' lang='lat' dir='ltr'><strong>varia</strong></span> <span class='ocrx_word' id='word_1_365' title='bbox 2395 2519 2702 2575; x_wconf 82' lang='lat' dir='ltr'><strong>testimonia</strong></span> <span class='ocrx_word' id='word_1_366' title='bbox 2750 2534 2816 2574; x_wconf 83' lang='lat' dir='ltr'><strong>ex</strong></span> <span class='ocrx_word' id='word_1_367' title='bbox 2866 2518 3056 2591; x_wconf 86' lang='lat' dir='ltr'><strong>Cyrilli</strong></span> <span class='ocrx_word' id='word_1_368' title='bbox 3098 2519 3351 2583; x_wconf 86' lang='lat' dir='ltr'><strong>Scholiis,</strong></span> <span class='ocrx_word' id='word_1_369' title='bbox 3385 2534 3453 2574; x_wconf 84' lang='lat' dir='ltr'>ex</span> 
     </span>
    </p>
   </div>
   <div class='ocr_carea' id='block_1_55' title="bbox 1871 2610 3452 2682">
    <p class='ocr_par' dir='ltr' id='par_1_55' title="bbox 1871 2610 3452 2682">
     <span class='ocr_line' id='line_1_55' title="bbox 1871 2610 3452 2682; baseline 0 -15"><span class='ocrx_word' id='word_1_370' title='bbox 1871 2611 2098 2682; x_wconf 87' lang='lat' dir='ltr'><strong>epistola</strong></span> <span class='ocrx_word' id='word_1_371' title='bbox 2129 2610 2363 2666; x_wconf 89' lang='lat' dir='ltr'><strong>secunda</strong></span> <span class='ocrx_word' id='word_1_372' title='bbox 2393 2610 2458 2664; x_wconf 88' lang='lat' dir='ltr'>ad</span> <span class='ocrx_word' id='word_1_373' title='bbox 2487 2611 2845 2673; x_wconf 78' lang='lat' dir='ltr'><strong>Succensum,</strong></span> <span class='ocrx_word' id='word_1_374' title='bbox 2871 2627 2933 2666; x_wconf 77' lang='lat' dir='ltr'>ex</span> <span class='ocrx_word' id='word_1_375' title='bbox 2970 2613 3139 2681; x_wconf 88' lang='lat' dir='ltr'><strong>prima</strong></span> <span class='ocrx_word' id='word_1_376' title='bbox 3169 2613 3232 2666; x_wconf 91' lang='lat' dir='ltr'>ad</span> <span class='ocrx_word' id='word_1_377' title='bbox 3263 2611 3452 2667; x_wconf 81' lang='lat' dir='ltr'><strong>Nesto-</strong></span> 
     </span>
    </p>
   </div>
   <div class='ocr_carea' id='block_1_56' title="bbox 1874 2704 3455 2780">
    <p class='ocr_par' dir='ltr' id='par_1_56' title="bbox 1874 2704 3455 2780">
     <span class='ocr_line' id='line_1_56' title="bbox 1874 2704 3455 2780; baseline -0.001 -21"><span class='ocrx_word' id='word_1_378' title='bbox 1874 2706 2043 2771; x_wconf 89' lang='lat' dir='ltr'><strong>rium,</strong></span> <span class='ocrx_word' id='word_1_379' title='bbox 2091 2720 2157 2760; x_wconf 85' lang='lat' dir='ltr'>ex</span> <span class='ocrx_word' id='word_1_380' title='bbox 2205 2704 2504 2768; x_wconf 77' lang='lat' dir='ltr'><strong>thesauris,</strong></span> <span class='ocrx_word' id='word_1_381' title='bbox 2551 2719 2620 2758; x_wconf 77' lang='lat' dir='ltr'><strong>ex</strong></span> <span class='ocrx_word' id='word_1_382' title='bbox 2673 2705 3120 2780; x_wconf 25' lang='lat' dir='ltr'><strong>interpretati-one</strong></span> <span class='ocrx_word' id='word_1_383' title='bbox 3173 2705 3455 2776; x_wconf 82' lang='grc' dir='ltr'>Ἀποπομ-</span> 
     </span>
    </p>
   </div>
   <div class='ocr_carea' id='block_1_57' title="bbox 1871 2794 3450 2867">
    <p class='ocr_par' dir='ltr' id='par_1_57' title="bbox 1871 2794 3450 2867">
     <span class='ocr_line' id='line_1_57' title="bbox 1871 2794 3450 2867; baseline 0 -15"><span class='ocrx_word' id='word_1_384' title='bbox 1871 2798 2056 2863; x_wconf 83' lang='grc' dir='ltr'>παίου,</span> <span class='ocrx_word' id='word_1_385' title='bbox 2090 2813 2154 2853; x_wconf 81' lang='lat' dir='ltr'><strong>ex</strong></span> <span class='ocrx_word' id='word_1_386' title='bbox 2196 2796 2453 2867; x_wconf 81' lang='lat' dir='ltr'><strong>Apologia</strong></span> <span class='ocrx_word' id='word_1_387' title='bbox 2503 2794 2810 2850; x_wconf 85' lang='lat' dir='ltr'><strong>duodecimi</strong></span> <span class='ocrx_word' id='word_1_388' title='bbox 2859 2797 3336 2862; x_wconf 82' lang='lat' dir='ltr'><strong>Anatltemalisnti,</strong></span> <span class='ocrx_word' id='word_1_389' title='bbox 3383 2813 3450 2852; x_wconf 81' lang='lat' dir='ltr'><strong>ex</strong></span> 
     </span>
    </p>
   </div>
   <div class='ocr_carea' id='block_1_58' title="bbox 1869 2886 3451 2958">
    <p class='ocr_par' dir='ltr' id='par_1_58' title="bbox 1869 2886 3451 2958">
     <span class='ocr_line' id='line_1_58' title="bbox 1869 2886 3451 2958; baseline -0.002 -12"><span class='ocrx_word' id='word_1_390' title='bbox 1869 2889 2094 2958; x_wconf 88' lang='lat' dir='ltr'><strong>epistola</strong></span> <span class='ocrx_word' id='word_1_391' title='bbox 2146 2903 2360 2958; x_wconf 85' lang='lat' dir='ltr'><strong>quoque</strong></span> <span class='ocrx_word' id='word_1_392' title='bbox 2393 2887 2458 2941; x_wconf 89' lang='lat' dir='ltr'>ad</span> <span class='ocrx_word' id='word_1_393' title='bbox 2494 2889 2734 2958; x_wconf 78' lang='lat' dir='ltr'><strong>reginas,</strong></span> <span class='ocrx_word' id='word_1_394' title='bbox 2769 2895 2822 2942; x_wconf 86' lang='lat' dir='ltr'>et</span> <span class='ocrx_word' id='word_1_395' title='bbox 2857 2903 2923 2942; x_wconf 83' lang='lat' dir='ltr'><strong>ex</strong></span> <span class='ocrx_word' id='word_1_396' title='bbox 2958 2886 3350 2942; x_wconf 82' lang='lat' dir='ltr'><strong>Commentario</strong></span> <span class='ocrx_word' id='word_1_397' title='bbox 3394 2891 3451 2943; x_wconf 80' lang='lat' dir='ltr'>in</span> 
     </span>
    </p>
   </div>
   <div class='ocr_carea' id='block_1_59' title="bbox 1871 2977 3451 3050">
    <p class='ocr_par' dir='ltr' id='par_1_59' title="bbox 1871 2977 3451 3050">
     <span class='ocr_line' id='line_1_59' title="bbox 1871 2977 3451 3050; baseline 0 -17"><span class='ocrx_word' id='word_1_398' title='bbox 1871 2979 2168 3050; x_wconf 83' lang='lat' dir='ltr'><strong>Epistulam</strong></span> <span class='ocrx_word' id='word_1_399' title='bbox 2202 2979 2272 3033; x_wconf 85' lang='lat' dir='ltr'>ad</span> <span class='ocrx_word' id='word_1_400' title='bbox 2307 2977 2578 3045; x_wconf 68' lang='lat' dir='ltr'><strong>Hebraeos,</strong></span> <span class='ocrx_word' id='word_1_401' title='bbox 2617 2980 2745 3034; x_wconf 91' lang='lat' dir='ltr'><strong>item</strong></span> <span class='ocrx_word' id='word_1_402' title='bbox 2788 2979 2839 3033; x_wconf 93' lang='lat' dir='ltr'>in</span> <span class='ocrx_word' id='word_1_403' title='bbox 2873 2979 3089 3046; x_wconf 86' lang='lat' dir='ltr'><strong>Isaiam,</strong></span> <span class='ocrx_word' id='word_1_404' title='bbox 3124 2989 3178 3033; x_wconf 86' lang='lat' dir='ltr'>et</span> <span class='ocrx_word' id='word_1_405' title='bbox 3212 2981 3263 3033; x_wconf 92' lang='lat' dir='ltr'>in</span> <span class='ocrx_word' id='word_1_406' title='bbox 3297 2990 3451 3034; x_wconf 87' lang='lat' dir='ltr'><strong>octa-</strong></span> 
     </span>
    </p>
   </div>
   <div class='ocr_carea' id='block_1_60' title="bbox 1868 3070 3448 3144">
    <p class='ocr_par' dir='ltr' id='par_1_60' title="bbox 1868 3070 3448 3144">
     <span class='ocr_line' id='line_1_60' title="bbox 1868 3070 3448 3144; baseline -0.001 -16"><span class='ocrx_word' id='word_1_407' title='bbox 1868 3089 1994 3128; x_wconf 88' lang='lat' dir='ltr'>vmn</span> <span class='ocrx_word' id='word_1_408' title='bbox 2049 3073 2334 3144; x_wconf 89' lang='lat' dir='ltr'><strong>psalmum,</strong></span> <span class='ocrx_word' id='word_1_409' title='bbox 2383 3081 2437 3127; x_wconf 91' lang='lat' dir='ltr'>et</span> <span class='ocrx_word' id='word_1_410' title='bbox 2485 3089 2548 3127; x_wconf 80' lang='lat' dir='ltr'><strong>cx</strong></span> <span class='ocrx_word' id='word_1_411' title='bbox 2593 3073 2839 3127; x_wconf 89' lang='lat' dir='ltr'><strong>oratione</strong></span> <span class='ocrx_word' id='word_1_412' title='bbox 2898 3070 2977 3125; x_wconf 89' lang='lat' dir='ltr'><strong>De</strong></span> <span class='ocrx_word' id='word_1_413' title='bbox 3033 3071 3448 3140; x_wconf 83' lang='lat' dir='ltr'><strong>impatibilitate,</strong></span> 
     </span>
    </p>
   </div>
   <div class='ocr_carea' id='block_1_61' title="bbox 1869 3163 3450 3236">
    <p class='ocr_par' dir='ltr' id='par_1_61' title="bbox 1869 3163 3450 3236">
     <span class='ocr_line' id='line_1_61' title="bbox 1869 3163 3450 3236; baseline -0.002 -15"><span class='ocrx_word' id='word_1_414' title='bbox 1869 3166 2065 3236; x_wconf 71' lang='lat'><strong>2550</strong></span> <span class='ocrx_word' id='word_1_415' title='bbox 2102 3167 2340 3235; x_wconf 88' lang='lat' dir='ltr'><strong>itemque</strong></span> <span class='ocrx_word' id='word_1_416' title='bbox 2372 3166 2448 3219; x_wconf 91' lang='lat' dir='ltr'><strong>De</strong></span> <span class='ocrx_word' id='word_1_417' title='bbox 2498 3164 2910 3232; x_wconf 83' lang='lat' dir='ltr'><strong>perturbatione,</strong></span> <span class='ocrx_word' id='word_1_418' title='bbox 2942 3179 3156 3219; x_wconf 82' lang='lat' dir='ltr'><strong>rursum</strong></span> <span class='ocrx_word' id='word_1_419' title='bbox 3189 3179 3254 3219; x_wconf 74' lang='lat' dir='ltr'>ex</span> <span class='ocrx_word' id='word_1_420' title='bbox 3289 3163 3450 3218; x_wconf 84' lang='lat' dir='ltr'><strong>Com-</strong></span> 
     </span>
    </p>
   </div>
   <div class='ocr_carea' id='block_1_62' title="bbox 201 3257 1766 3351">
    <p class='ocr_par' dir='ltr' id='par_1_62' title="bbox 201 3266 1758 3343">
     <span class='ocr_line' id='line_1_62' title="bbox 201 3266 1758 3343; baseline 0.001 -22"><span class='ocrx_word' id='word_1_421' title='bbox 201 3266 468 3339; x_wconf 82' lang='grc' dir='ltr'>Νεστόριον</span> <span class='ocrx_word' id='word_1_422' title='bbox 497 3268 570 3336; x_wconf 85' lang='grc' dir='ltr'>α’,</span> <span class='ocrx_word' id='word_1_423' title='bbox 609 3269 686 3343; x_wconf 7' lang='grc' dir='ltr'>,ἐκ</span> <span class='ocrx_word' id='word_1_424' title='bbox 725 3268 832 3322; x_wconf 85' lang='grc' dir='ltr'>τῶν</span> <span class='ocrx_word' id='word_1_425' title='bbox 875 3267 1184 3340; x_wconf 81' lang='grc' dir='ltr'>θησαυρῶν,</span> <span class='ocrx_word' id='word_1_426' title='bbox 1225 3271 1288 3322; x_wconf 83' lang='grc' dir='ltr'>ἐκ</span> <span class='ocrx_word' id='word_1_427' title='bbox 1320 3271 1418 3338; x_wconf 77' lang='grc' dir='ltr'>τῆς</span> <span class='ocrx_word' id='word_1_428' title='bbox 1461 3270 1758 3343; x_wconf 77' lang='grc' dir='ltr'>ἑρμηνείας</span> 
     </span>
    </p>
   </div>
   <div class='ocr_carea' id='block_1_63' title="bbox 1871 3257 3445 3351">
    <p class='ocr_par' dir='ltr' id='par_1_63' title="bbox 1871 3257 3445 3324">
     <span class='ocr_line' id='line_1_63' title="bbox 1871 3257 3445 3324; baseline -0.004 -10"><span class='ocrx_word' id='word_1_429' title='bbox 1871 3260 2124 3314; x_wconf 82' lang='lat' dir='ltr'><strong>mentario</strong></span> <span class='ocrx_word' id='word_1_430' title='bbox 2203 3261 2253 3312; x_wconf 83' lang='lat' dir='ltr'>in</span> <span class='ocrx_word' id='word_1_431' title='bbox 2281 3257 2565 3320; x_wconf 77' lang='lat' dir='ltr'><strong>Joannem,</strong></span> <span class='ocrx_word' id='word_1_432' title='bbox 2615 3257 2706 3310; x_wconf 87' lang='lat' dir='ltr'><strong>lib.</strong></span> <span class='ocrx_word' id='word_1_433' title='bbox 2766 3257 3076 3324; x_wconf 86' lang='lat' dir='ltr'><strong>septimum,</strong></span> <span class='ocrx_word' id='word_1_434' title='bbox 3125 3257 3445 3322; x_wconf 87' lang='lat' dir='ltr'><strong>secundum,</strong></span> 
     </span>
    </p>
   </div>
   <div class='ocr_carea' id='block_1_64' title="bbox 201 3360 1754 3433">
    <p class='ocr_par' dir='ltr' id='par_1_64' title="bbox 201 3360 1754 3433">
     <span class='ocr_line' id='line_1_64' title="bbox 201 3360 1754 3433; baseline 0.006 -21"><span class='ocrx_word' id='word_1_435' title='bbox 201 3360 280 3413; x_wconf 77' lang='grc' dir='ltr'>τοῦ</span> <span class='ocrx_word' id='word_1_436' title='bbox 325 3361 688 3431; x_wconf 78' lang='grc' dir='ltr'>ἀπομπαίου,</span> <span class='ocrx_word' id='word_1_437' title='bbox 743 3365 838 3417; x_wconf 75' lang='grc' dir='ltr'>καὶ</span> <span class='ocrx_word' id='word_1_438' title='bbox 889 3363 951 3416; x_wconf 83' lang='grc' dir='ltr'>ὲκ</span> <span class='ocrx_word' id='word_1_439' title='bbox 1001 3365 1100 3433; x_wconf 83' lang='grc' dir='ltr'>τῆς</span> <span class='ocrx_word' id='word_1_440' title='bbox 1167 3364 1488 3433; x_wconf 83' lang='grc' dir='ltr'>Ἀπολογίας</span> <span class='ocrx_word' id='word_1_441' title='bbox 1538 3366 1633 3419; x_wconf 75' lang='grc' dir='ltr'>τοῦ</span> <span class='ocrx_word' id='word_1_442' title='bbox 1686 3367 1754 3422; x_wconf 79' lang='grc' dir='ltr'>ιδ’</span> 
     </span>
    </p>
   </div>
   <div class='ocr_carea' id='block_1_65' title="bbox 201 3451 1756 3526">
    <p class='ocr_par' dir='ltr' id='par_1_65' title="bbox 201 3451 1756 3526">
     <span class='ocr_line' id='line_1_65' title="bbox 201 3451 1756 3526; baseline 0.005 -21"><span class='ocrx_word' id='word_1_443' title='bbox 201 3451 646 3524; x_wconf 82' lang='grc' dir='ltr'>ἀναθεματισμοῦ,</span> <span class='ocrx_word' id='word_1_444' title='bbox 674 3454 768 3508; x_wconf 75' lang='grc' dir='ltr'>καὶ</span> <span class='ocrx_word' id='word_1_445' title='bbox 796 3455 861 3507; x_wconf 80' lang='grc' dir='ltr'>ἐκ</span> <span class='ocrx_word' id='word_1_446' title='bbox 888 3453 988 3525; x_wconf 85' lang='grc' dir='ltr'>τῆς</span> <span class='ocrx_word' id='word_1_447' title='bbox 1017 3455 1153 3526; x_wconf 79' lang='grc' dir='ltr'>πρὸς</span> <span class='ocrx_word' id='word_1_448' title='bbox 1183 3454 1283 3518; x_wconf 83' lang='grc' dir='ltr'>τὰς</span> <span class='ocrx_word' id='word_1_449' title='bbox 1322 3455 1599 3526; x_wconf 80' lang='grc' dir='ltr'>βασιλίδας</span> <span class='ocrx_word' id='word_1_450' title='bbox 1631 3460 1756 3512; x_wconf 81' lang='grc' dir='ltr'>ἐπι-</span> 
     </span>
    </p>
   </div>
   <div class='ocr_carea' id='block_1_66' title="bbox 204 3544 1754 3617">
    <p class='ocr_par' dir='ltr' id='par_1_66' title="bbox 204 3544 1754 3617">
     <span class='ocr_line' id='line_1_66' title="bbox 204 3544 1754 3617; baseline 0.006 -22"><span class='ocrx_word' id='word_1_451' title='bbox 204 3544 580 3614; x_wconf 79' lang='grc' dir='ltr'>στολῆς,κα“ιὲκ</span> <span class='ocrx_word' id='word_1_452' title='bbox 599 3547 700 3617; x_wconf 83' lang='grc' dir='ltr'>τῆς</span> <span class='ocrx_word' id='word_1_453' title='bbox 737 3546 1054 3615; x_wconf 82' lang='grc' dir='ltr'>ἑρμηνείας</span> <span class='ocrx_word' id='word_1_454' title='bbox 1090 3546 1201 3616; x_wconf 83' lang='grc' dir='ltr'>τῆς</span> <span class='ocrx_word' id='word_1_455' title='bbox 1234 3549 1385 3616; x_wconf 79' lang='grc' dir='ltr'>πρὸς</span> <span class='ocrx_word' id='word_1_456' title='bbox 1425 3547 1754 3617; x_wconf 78' lang='grc' dir='ltr'>Ἐϐραίους,</span> 
     </span>
    </p>
   </div>
   <div class='ocr_carea' id='block_1_67' title="bbox 203 3633 1758 3710">
    <p class='ocr_par' dir='ltr' id='par_1_67' title="bbox 203 3633 1758 3710">
     <span class='ocr_line' id='line_1_67' title="bbox 203 3633 1758 3710; baseline 0.008 -27"><span class='ocrx_word' id='word_1_457' title='bbox 203 3633 284 3684; x_wconf 73' lang='grc' dir='ltr'>καὶ</span> <span class='ocrx_word' id='word_1_458' title='bbox 308 3635 365 3688; x_wconf 83' lang='grc' dir='ltr'>ὲκ</span> <span class='ocrx_word' id='word_1_459' title='bbox 391 3635 480 3689; x_wconf 81' lang='grc' dir='ltr'>τοῦ</span> <span class='ocrx_word' id='word_1_460' title='bbox 510 3639 590 3701; x_wconf 86' lang='grc' dir='ltr'>είς</span> <span class='ocrx_word' id='word_1_461' title='bbox 612 3636 704 3691; x_wconf 79' lang='grc' dir='ltr'>τὸν</span> <span class='ocrx_word' id='word_1_462' title='bbox 747 3637 974 3692; x_wconf 80' lang='grc' dir='ltr'>Ἡσαΐαν</span> <span class='ocrx_word' id='word_1_463' title='bbox 995 3637 1405 3710; x_wconf 85' lang='grc' dir='ltr'>ὑπομνήματος,</span> <span class='ocrx_word' id='word_1_464' title='bbox 1441 3641 1532 3693; x_wconf 78' lang='grc' dir='ltr'>καὶ</span> <span class='ocrx_word' id='word_1_465' title='bbox 1565 3641 1628 3694; x_wconf 81' lang='grc' dir='ltr'>ὲκ</span> <span class='ocrx_word' id='word_1_466' title='bbox 1657 3641 1758 3710; x_wconf 81' lang='grc' dir='ltr'>τῆς</span> 
     </span>
    </p>
   </div>
   <div class='ocr_carea' id='block_1_68' title="bbox 205 3725 1757 3800">
    <p class='ocr_par' dir='ltr' id='par_1_68' title="bbox 205 3725 1757 3800">
     <span class='ocr_line' id='line_1_68' title="bbox 205 3725 1757 3800; baseline 0.006 -24"><span class='ocrx_word' id='word_1_467' title='bbox 205 3725 472 3796; x_wconf 81' lang='grc' dir='ltr'>ἑρμηνείας</span> <span class='ocrx_word' id='word_1_468' title='bbox 504 3727 598 3782; x_wconf 83' lang='grc' dir='ltr'>τοῦ</span> <span class='ocrx_word' id='word_1_469' title='bbox 627 3735 675 3799; x_wconf 79' lang='grc' dir='ltr'>η’</span> <span class='ocrx_word' id='word_1_470' title='bbox 688 3728 926 3799; x_wconf 77' lang='grc' dir='ltr'>ψαλμοῦ,</span> <span class='ocrx_word' id='word_1_471' title='bbox 963 3731 1056 3784; x_wconf 73' lang='grc' dir='ltr'>καὶ</span> <span class='ocrx_word' id='word_1_472' title='bbox 1083 3731 1147 3783; x_wconf 85' lang='grc' dir='ltr'>ὲκ</span> <span class='ocrx_word' id='word_1_473' title='bbox 1176 3729 1270 3784; x_wconf 81' lang='grc' dir='ltr'>τοῦ</span> <span class='ocrx_word' id='word_1_474' title='bbox 1299 3731 1433 3800; x_wconf 75' lang='grc' dir='ltr'>Περὶ</span> <span class='ocrx_word' id='word_1_475' title='bbox 1466 3732 1757 3797; x_wconf 74' lang='grc' dir='ltr'>ἀπαθείας</span> 
     </span>
    </p>
   </div>
   <div class='ocr_carea' id='block_1_69' title="bbox 202 3815 1757 3893">
    <p class='ocr_par' dir='ltr' id='par_1_69' title="bbox 202 3815 1757 3893">
     <span class='ocr_line' id='line_1_69' title="bbox 202 3815 1757 3893; baseline 0.007 -25"><span class='ocrx_word' id='word_1_476' title='bbox 202 3815 360 3885; x_wconf 86' lang='grc' dir='ltr'>λόγου,</span> <span class='ocrx_word' id='word_1_477' title='bbox 377 3822 468 3874; x_wconf 71' lang='grc' dir='ltr'>καὶ</span> <span class='ocrx_word' id='word_1_478' title='bbox 482 3823 544 3875; x_wconf 79' lang='grc' dir='ltr'>ὲκ</span> <span class='ocrx_word' id='word_1_479' title='bbox 559 3821 656 3875; x_wconf 78' lang='grc' dir='ltr'>τοῦ</span> <span class='ocrx_word' id='word_1_480' title='bbox 677 3821 810 3890; x_wconf 74' lang='grc' dir='ltr'>Περὶ</span> <span class='ocrx_word' id='word_1_481' title='bbox 827 3823 1059 3890; x_wconf 74' lang='grc' dir='ltr'>πάθους</span> <span class='ocrx_word' id='word_1_482' title='bbox 1075 3822 1257 3893; x_wconf 87' lang='grc' dir='ltr'>λόγου,</span> <span class='ocrx_word' id='word_1_483' title='bbox 1276 3824 1371 3877; x_wconf 76' lang='grc' dir='ltr'>καὶ</span> <span class='ocrx_word' id='word_1_484' title='bbox 1387 3825 1450 3876; x_wconf 83' lang='grc' dir='ltr'>ὲκ</span> <span class='ocrx_word' id='word_1_485' title='bbox 1463 3824 1556 3877; x_wconf 76' lang='grc' dir='ltr'>τοῦ</span> <span class='ocrx_word' id='word_1_486' title='bbox 1571 3827 1648 3888; x_wconf 84' lang='grc' dir='ltr'>είς</span> <span class='ocrx_word' id='word_1_487' title='bbox 1666 3825 1757 3879; x_wconf 79' lang='grc' dir='ltr'>τὸν</span> 
     </span>
    </p>
   </div>
   <div class='ocr_carea' id='block_1_70' title="bbox 206 3908 1756 3986">
    <p class='ocr_par' dir='ltr' id='par_1_70' title="bbox 206 3908 1756 3986">
     <span class='ocr_line' id='line_1_70' title="bbox 206 3908 1756 3986; baseline 0.006 -28"><span class='ocrx_word' id='word_1_488' title='bbox 206 3908 568 3983; x_wconf 80' lang='grc' dir='ltr'>εὐαγγελιστὴν</span> <span class='ocrx_word' id='word_1_489' title='bbox 609 3911 862 3985; x_wconf 84' lang='grc' dir='ltr'>Ἰωάννην</span> <span class='ocrx_word' id='word_1_490' title='bbox 895 3913 1289 3986; x_wconf 84' lang='grc' dir='ltr'>ύπομνήματος</span> <span class='ocrx_word' id='word_1_491' title='bbox 1322 3913 1525 3984; x_wconf 77' lang='grc' dir='ltr'>βιϐλίου</span> <span class='ocrx_word' id='word_1_492' title='bbox 1569 3914 1636 3978; x_wconf 87' lang='grc' dir='ltr'>ζ’,</span> <span class='ocrx_word' id='word_1_493' title='bbox 1661 3918 1756 3968; x_wconf 67' lang='grc' dir='ltr'>καὶ</span> 
     </span>
    </p>
   </div>
   <div class='ocr_carea' id='block_1_71' title="bbox 204 3995 1758 4077">
    <p class='ocr_par' dir='ltr' id='par_1_71' title="bbox 204 3995 1758 4077">
     <span class='ocr_line' id='line_1_71' title="bbox 204 3995 1758 4077; baseline 0.004 -24"><span class='ocrx_word' id='word_1_494' title='bbox 204 3998 258 4051; x_wconf 79' lang='grc' dir='ltr'>ἐκ</span> <span class='ocrx_word' id='word_1_495' title='bbox 281 4000 362 4054; x_wconf 80' lang='grc' dir='ltr'>τοῦ</span> <span class='ocrx_word' id='word_1_496' title='bbox 384 4004 520 4072; x_wconf 73' lang='grc' dir='ltr'>Περὶ</span> <span class='ocrx_word' id='word_1_497' title='bbox 543 4003 1054 4072; x_wconf 79' lang='grc' dir='ltr'>ἐνανθρωπήσεως</span> <span class='ocrx_word' id='word_1_498' title='bbox 1091 4003 1208 4077; x_wconf 73' lang='grc' dir='ltr'>[καὶ</span> <span class='ocrx_word' id='word_1_499' title='bbox 1230 4005 1294 4057; x_wconf 78' lang='grc' dir='ltr'>ἐκ</span> <span class='ocrx_word' id='word_1_500' title='bbox 1315 4002 1423 4073; x_wconf 84' lang='grc' dir='ltr'>τῆς</span> <span class='ocrx_word' id='word_1_501' title='bbox 1443 3995 1758 4074; x_wconf 59' lang='grc' dir='ltr'>ἐρμηᾶοείας</span> 
     </span>
    </p>
   </div>
   <div class='ocr_carea' id='block_1_72' title="bbox 204 4091 1753 4168">
    <p class='ocr_par' dir='ltr' id='par_1_72' title="bbox 204 4091 1753 4168">
     <span class='ocr_line' id='line_1_72' title="bbox 204 4091 1753 4168; baseline 0.003 -24"><span class='ocrx_word' id='word_1_502' title='bbox 204 4091 296 4160; x_wconf 84' lang='grc' dir='ltr'>τῆς</span> <span class='ocrx_word' id='word_1_503' title='bbox 312 4096 452 4163; x_wconf 80' lang='grc' dir='ltr'>πρὸς</span> <span class='ocrx_word' id='word_1_504' title='bbox 482 4097 790 4165; x_wconf 80' lang='grc' dir='ltr'>Ἐϐραίους</span> <span class='ocrx_word' id='word_1_505' title='bbox 809 4095 900 4168; x_wconf 77' lang='grc'>⁶⁰].</span> <span class='ocrx_word' id='word_1_506' title='bbox 921 4099 1013 4150; x_wconf 65' lang='grc' dir='ltr'>καὶ</span> <span class='ocrx_word' id='word_1_507' title='bbox 1031 4099 1094 4149; x_wconf 81' lang='grc' dir='ltr'>ἐκ</span> <span class='ocrx_word' id='word_1_508' title='bbox 1122 4096 1214 4148; x_wconf 81' lang='grc' dir='ltr'>τοῦ</span> <span class='ocrx_word' id='word_1_509' title='bbox 1245 4096 1458 4166; x_wconf 85' lang='grc' dir='ltr'>ύπομνή</span> <span class='ocrx_word' id='word_1_510' title='bbox 1469 4113 1636 4165; x_wconf 87' lang='grc' dir='ltr'>ματος</span> <span class='ocrx_word' id='word_1_511' title='bbox 1658 4097 1753 4150; x_wconf 77' lang='grc' dir='ltr'>τοῦ</span> 
     </span>
    </p>
   </div>
   <div class='ocr_carea' id='block_1_73' title="bbox 204 4183 1756 4258">
    <p class='ocr_par' dir='ltr' id='par_1_73' title="bbox 204 4183 1756 4258">
     <span class='ocr_line' id='line_1_73' title="bbox 204 4183 1756 4258; baseline 0.003 -24"><span class='ocrx_word' id='word_1_512' title='bbox 204 4183 270 4245; x_wconf 85' lang='grc' dir='ltr'>εἰς</span> <span class='ocrx_word' id='word_1_513' title='bbox 308 4185 391 4238; x_wconf 76' lang='grc' dir='ltr'>τὸν</span> <span class='ocrx_word' id='word_1_514' title='bbox 432 4187 822 4258; x_wconf 74' lang='grc' dir='ltr'>εὖαγγελιστὴν</span> <span class='ocrx_word' id='word_1_515' title='bbox 867 4187 1122 4257; x_wconf 84' lang='grc' dir='ltr'>Ἰωάννην</span> <span class='ocrx_word' id='word_1_516' title='bbox 1150 4187 1190 4218; x_wconf 82' lang='grc'>⁶¹</span> <span class='ocrx_word' id='word_1_517' title='bbox 1221 4185 1425 4256; x_wconf 81' lang='grc' dir='ltr'>βιὸλίου</span> <span class='ocrx_word' id='word_1_518' title='bbox 1457 4185 1522 4256; x_wconf 84' lang='grc' dir='ltr'>β’,</span> <span class='ocrx_word' id='word_1_519' title='bbox 1566 4187 1659 4239; x_wconf 75' lang='grc' dir='ltr'>καὶ</span> <span class='ocrx_word' id='word_1_520' title='bbox 1693 4188 1756 4239; x_wconf 79' lang='grc' dir='ltr'>ἐκ</span> 
     </span>
    </p>
   </div>
   <div class='ocr_carea' id='block_1_74' title="bbox 205 4275 1758 4350">
    <p class='ocr_par' dir='ltr' id='par_1_74' title="bbox 205 4275 1758 4350">
     <span class='ocr_line' id='line_1_74' title="bbox 205 4275 1758 4350; baseline 0.002 -22"><span class='ocrx_word' id='word_1_521' title='bbox 205 4275 282 4326; x_wconf 80' lang='grc' dir='ltr'>τοῦ</span> <span class='ocrx_word' id='word_1_522' title='bbox 312 4277 430 4348; x_wconf 75' lang='grc' dir='ltr'>περὶ</span> <span class='ocrx_word' id='word_1_523' title='bbox 458 4281 500 4310; x_wconf 74' lang='grc'>⁸⁸</span> <span class='ocrx_word' id='word_1_524' title='bbox 529 4277 994 4350; x_wconf 85' lang='grc' dir='ltr'>ὲνανθρωπήσεως</span> <span class='ocrx_word' id='word_1_525' title='bbox 1027 4277 1211 4346; x_wconf 88' lang='grc' dir='ltr'>λόγου,</span> <span class='ocrx_word' id='word_1_526' title='bbox 1251 4276 1346 4330; x_wconf 77' lang='grc' dir='ltr'>καὶ</span> <span class='ocrx_word' id='word_1_527' title='bbox 1382 4277 1446 4330; x_wconf 75' lang='grc' dir='ltr'>ἐκ</span> <span class='ocrx_word' id='word_1_528' title='bbox 1484 4276 1580 4330; x_wconf 81' lang='grc' dir='ltr'>τοῦ</span> <span class='ocrx_word' id='word_1_529' title='bbox 1622 4277 1758 4332; x_wconf 80' lang='grc' dir='ltr'>ὑπο⁴</span> 
     </span>
    </p>
   </div>
   <div class='ocr_carea' id='block_1_75' title="bbox 207 4367 1758 4440">
    <p class='ocr_par' dir='ltr' id='par_1_75' title="bbox 207 4367 1758 4440">
     <span class='ocr_line' id='line_1_75' title="bbox 207 4367 1758 4440; baseline -0.01 -3"><span class='ocrx_word' id='word_1_530' title='bbox 207 4367 456 4437; x_wconf 80' lang='grc' dir='ltr'>μνήματος</span> <span class='ocrx_word' id='word_1_531' title='bbox 527 4369 624 4424; x_wconf 72' lang='grc' dir='ltr'>τοῦ</span> <span class='ocrx_word' id='word_1_532' title='bbox 674 4372 755 4434; x_wconf 73' lang='grc' dir='ltr'>εἰς</span> <span class='ocrx_word' id='word_1_533' title='bbox 798 4371 889 4424; x_wconf 66' lang='grc' dir='ltr'>τὸν</span> <span class='ocrx_word' id='word_1_534' title='bbox 940 4369 1333 4440; x_wconf 77' lang='grc' dir='ltr'>εὐαγγελιστὴν</span> <span class='ocrx_word' id='word_1_535' title='bbox 1374 4369 1626 4440; x_wconf 81' lang='grc' dir='ltr'>Ἰωάννην</span> <span class='ocrx_word' id='word_1_536' title='bbox 1677 4372 1758 4439; x_wconf 75' lang='grc' dir='ltr'>βιο</span> 
     </span>
    </p>
   </div>
   <div class='ocr_carea' id='block_1_76' title="bbox 205 4455 1756 4534">
    <p class='ocr_par' dir='ltr' id='par_1_76' title="bbox 205 4455 1756 4534">
     <span class='ocr_line' id='line_1_76' title="bbox 205 4455 1756 4534; baseline 0.004 -26"><span class='ocrx_word' id='word_1_537' title='bbox 205 4455 331 4511; x_wconf 79' lang='grc' dir='ltr'>δλίου</span> <span class='ocrx_word' id='word_1_538' title='bbox 354 4462 392 4514; x_wconf 88' lang='grc' dir='ltr'>θ’</span> <span class='ocrx_word' id='word_1_539' title='bbox 415 4463 503 4515; x_wconf 79' lang='grc' dir='ltr'>καὶ</span> <span class='ocrx_word' id='word_1_540' title='bbox 520 4470 592 4533; x_wconf 86' lang='grc' dir='ltr'>η’.</span> <span class='ocrx_word' id='word_1_541' title='bbox 620 4462 1076 4534; x_wconf 78' lang='grc' dir='ltr'>Συμπαρατίθησι</span> <span class='ocrx_word' id='word_1_542' title='bbox 1105 4462 1289 4532; x_wconf 85' lang='grc' dir='ltr'>μέντοι</span> <span class='ocrx_word' id='word_1_543' title='bbox 1313 4461 1409 4513; x_wconf 74' lang='grc' dir='ltr'>καὶ</span> <span class='ocrx_word' id='word_1_544' title='bbox 1430 4461 1756 4532; x_wconf 84' lang='grc' dir='ltr'>Γρηγορίου,</span> 
     </span>
    </p>
   </div>
   <div class='ocr_carea' id='block_1_77' title="bbox 1859 3349 3449 3413">
    <p class='ocr_par' dir='ltr' id='par_1_77' title="bbox 1859 3349 3449 3413">
     <span class='ocr_line' id='line_1_77' title="bbox 1859 3349 3449 3413; baseline -0.004 -3"><span class='ocrx_word' id='word_1_545' title='bbox 1859 3363 2110 3411; x_wconf 86' lang='lat' dir='ltr'><strong>octavum</strong></span> <span class='ocrx_word' id='word_1_546' title='bbox 2163 3360 2217 3406; x_wconf 92' lang='lat' dir='ltr'>et</span> <span class='ocrx_word' id='word_1_547' title='bbox 2285 3365 2486 3405; x_wconf 90' lang='lat' dir='ltr'><strong>nonum</strong></span> <span class='ocrx_word' id='word_1_548' title='bbox 2539 3349 2612 3403; x_wconf 89' lang='lat' dir='ltr'><strong>De</strong></span> <span class='ocrx_word' id='word_1_549' title='bbox 2652 3350 3037 3413; x_wconf 82' lang='lat' dir='ltr'><strong>incarnatione,</strong></span> <span class='ocrx_word' id='word_1_550' title='bbox 3081 3349 3196 3404; x_wconf 89' lang='lat' dir='ltr'><strong>loco</strong></span> <span class='ocrx_word' id='word_1_551' title='bbox 3238 3365 3344 3404; x_wconf 90' lang='lat' dir='ltr'>uno</span> <span class='ocrx_word' id='word_1_552' title='bbox 3393 3358 3449 3403; x_wconf 89' lang='lat' dir='ltr'>et</span> 
     </span>
    </p>
   </div>
   <div class='ocr_carea' id='block_1_78' title="bbox 1861 3437 3454 3508">
    <p class='ocr_par' dir='ltr' id='par_1_78' title="bbox 1861 3437 3454 3508">
     <span class='ocr_line' id='line_1_78' title="bbox 1861 3437 3454 3508; baseline -0.006 -6"><span class='ocrx_word' id='word_1_553' title='bbox 1861 3448 1988 3502; x_wconf 85' lang='lat' dir='ltr'><strong>item</strong></span> <span class='ocrx_word' id='word_1_554' title='bbox 2040 3443 2211 3497; x_wconf 88' lang='lat' dir='ltr'><strong>altero</strong></span> <span class='ocrx_word' id='word_1_555' title='bbox 2241 3481 2255 3507; x_wconf 93' lang='lat'>,</span> <span class='ocrx_word' id='word_1_556' title='bbox 2307 3457 2370 3496; x_wconf 82' lang='lat' dir='ltr'><strong>ex</strong></span> <span class='ocrx_word' id='word_1_557' title='bbox 2422 3439 2863 3506; x_wconf 82' lang='lat' dir='ltr'><strong>Interpretatione</strong></span> <span class='ocrx_word' id='word_1_558' title='bbox 2927 3437 3175 3508; x_wconf 73' lang='lat' dir='ltr'><strong>Epistoltt&#39;</strong></span> <span class='ocrx_word' id='word_1_559' title='bbox 3219 3439 3287 3492; x_wconf 86' lang='lat' dir='ltr'>ad</span> <span class='ocrx_word' id='word_1_560' title='bbox 3346 3438 3454 3494; x_wconf 77' lang='lat' dir='ltr'>He-</span> 
     </span>
    </p>
   </div>
   <div class='ocr_carea' id='block_1_79' title="bbox 1862 3531 3453 3603">
    <p class='ocr_par' dir='ltr' id='par_1_79' title="bbox 1862 3531 3453 3603">
     <span class='ocr_line' id='line_1_79' title="bbox 1862 3531 3453 3603; baseline -0.004 -10"><span class='ocrx_word' id='word_1_561' title='bbox 1862 3539 2051 3593; x_wconf 78' lang='lat' dir='ltr'><strong>brwos.</strong></span> <span class='ocrx_word' id='word_1_562' title='bbox 2093 3535 2376 3590; x_wconf 84' lang='lat' dir='ltr'><strong>Adduntur</strong></span> <span class='ocrx_word' id='word_1_563' title='bbox 2421 3544 2477 3589; x_wconf 91' lang='lat' dir='ltr'>ct</span> <span class='ocrx_word' id='word_1_564' title='bbox 2530 3531 2780 3603; x_wconf 78' lang='lat' dir='ltr'><strong>Gregorii</strong></span> <span class='ocrx_word' id='word_1_565' title='bbox 2837 3542 2891 3587; x_wconf 90' lang='lat' dir='ltr'>et</span> <span class='ocrx_word' id='word_1_566' title='bbox 2933 3532 3115 3587; x_wconf 82' lang='lat' dir='ltr'><strong>Basilii</strong></span> <span class='ocrx_word' id='word_1_567' title='bbox 3151 3533 3217 3587; x_wconf 89' lang='lat' dir='ltr'>de</span> <span class='ocrx_word' id='word_1_568' title='bbox 3251 3533 3453 3600; x_wconf 78' lang='lat' dir='ltr'><strong>gratia-</strong></span> 
     </span>
    </p>
   </div>
   <div class='ocr_carea' id='block_1_80' title="bbox 1865 3623 3453 3695">
    <p class='ocr_par' dir='ltr' id='par_1_80' title="bbox 1865 3623 3453 3695">
     <span class='ocr_line' id='line_1_80' title="bbox 1865 3623 3453 3695; baseline -0.008 -9"><span class='ocrx_word' id='word_1_569' title='bbox 1865 3646 1981 3686; x_wconf 87' lang='lat' dir='ltr'>rum</span> <span class='ocrx_word' id='word_1_570' title='bbox 2016 3629 2226 3684; x_wconf 89' lang='lat' dir='ltr'><strong>actione</strong></span> <span class='ocrx_word' id='word_1_571' title='bbox 2280 3627 2606 3689; x_wconf 86' lang='lat' dir='ltr'><strong>testimonia,</strong></span> <span class='ocrx_word' id='word_1_572' title='bbox 2645 3627 2770 3680; x_wconf 86' lang='lat' dir='ltr'><strong>item</strong></span> <span class='ocrx_word' id='word_1_573' title='bbox 2811 3640 2879 3680; x_wconf 86' lang='lat' dir='ltr'>ex</span> <span class='ocrx_word' id='word_1_574' title='bbox 2924 3625 3149 3695; x_wconf 82' lang='lat' dir='ltr'><strong>epistula</strong></span> <span class='ocrx_word' id='word_1_575' title='bbox 3189 3625 3254 3679; x_wconf 87' lang='lat' dir='ltr'>ad</span> <span class='ocrx_word' id='word_1_576' title='bbox 3289 3623 3453 3681; x_wconf 79' lang='lat' dir='ltr'><strong>Sosu-</strong></span> 
     </span>
    </p>
   </div>
   <div class='ocr_carea' id='block_1_81' title="bbox 1862 3713 3449 3789">
    <p class='ocr_par' dir='ltr' id='par_1_81' title="bbox 1862 3713 3449 3789">
     <span class='ocr_line' id='line_1_81' title="bbox 1862 3713 3449 3789; baseline -0.003 -16"><span class='ocrx_word' id='word_1_577' title='bbox 1862 3719 2054 3789; x_wconf 89' lang='lat' dir='ltr'><strong>politas</strong></span> <span class='ocrx_word' id='word_1_578' title='bbox 2119 3727 2172 3772; x_wconf 88' lang='lat' dir='ltr'>et</span> <span class='ocrx_word' id='word_1_579' title='bbox 2235 3717 2302 3771; x_wconf 88' lang='lat' dir='ltr'>ad</span> <span class='ocrx_word' id='word_1_580' title='bbox 2362 3715 2771 3785; x_wconf 80' lang='lat' dir='ltr'><strong>Apollinatiutn.</strong></span> <span class='ocrx_word' id='word_1_581' title='bbox 2849 3713 2987 3780; x_wconf 88' lang='lat' dir='ltr'><strong>Quin</strong></span> <span class='ocrx_word' id='word_1_582' title='bbox 3047 3725 3102 3768; x_wconf 92' lang='lat' dir='ltr'>et</span> <span class='ocrx_word' id='word_1_583' title='bbox 3166 3714 3449 3770; x_wconf 79' lang='lat' dir='ltr'><strong>Athanasii</strong></span> 
     </span>
    </p>
   </div>
   <div class='ocr_carea' id='block_1_82' title="bbox 1862 3805 3453 3878">
    <p class='ocr_par' dir='ltr' id='par_1_82' title="bbox 1862 3805 3453 3878">
     <span class='ocr_line' id='line_1_82' title="bbox 1862 3805 3453 3878; baseline -0.002 -13"><span class='ocrx_word' id='word_1_584' title='bbox 1862 3811 2081 3866; x_wconf 76' lang='lat' dir='ltr'><strong>athletae</strong></span> <span class='ocrx_word' id='word_1_585' title='bbox 2138 3809 2318 3878; x_wconf 84' lang='lat' dir='ltr'><strong>magni</strong></span> <span class='ocrx_word' id='word_1_586' title='bbox 2373 3824 2404 3863; x_wconf 88' lang='lat' dir='ltr'>e</span> <span class='ocrx_word' id='word_1_587' title='bbox 2454 3808 2685 3862; x_wconf 80' lang='lat' dir='ltr'><strong>diversis</strong></span> <span class='ocrx_word' id='word_1_588' title='bbox 2739 3805 3453 3870; x_wconf 26' lang='lat' dir='ltr'><strong>sermonibus,.Severiauis</strong></span> 
     </span>
    </p>
   </div>
   <div class='ocr_carea' id='block_1_83' title="bbox 1863 3899 3450 3971">
    <p class='ocr_par' dir='ltr' id='par_1_83' title="bbox 1863 3899 3450 3971">
     <span class='ocr_line' id='line_1_83' title="bbox 1863 3899 3450 3971; baseline -0.003 -13"><span class='ocrx_word' id='word_1_589' title='bbox 1863 3902 2133 3958; x_wconf 73' lang='lat' dir='ltr'><strong>luereticis</strong></span> <span class='ocrx_word' id='word_1_590' title='bbox 2161 3900 2539 3965; x_wconf 88' lang='lat' dir='ltr'><strong>delirantibus,</strong></span> <span class='ocrx_word' id='word_1_591' title='bbox 2565 3899 2911 3969; x_wconf 81' lang='lat' dir='ltr'><strong>intelligendo</strong></span> <span class='ocrx_word' id='word_1_592' title='bbox 2953 3899 3178 3954; x_wconf 84' lang='lat' dir='ltr'><strong>alteram</strong></span> <span class='ocrx_word' id='word_1_593' title='bbox 3214 3902 3450 3971; x_wconf 88' lang='lat' dir='ltr'><strong>speciem</strong></span> 
     </span>
    </p>
   </div>
   <div class='ocr_carea' id='block_1_84' title="bbox 1863 3991 3450 4061">
    <p class='ocr_par' dir='ltr' id='par_1_84' title="bbox 1863 3991 3450 4061">
     <span class='ocr_line' id='line_1_84' title="bbox 1863 3991 3450 4061; baseline -0.003 -11"><span class='ocrx_word' id='word_1_594' title='bbox 1863 4010 1926 4050; x_wconf 89' lang='lat' dir='ltr'>ac</span> <span class='ocrx_word' id='word_1_595' title='bbox 1971 3995 2240 4048; x_wconf 89' lang='lat' dir='ltr'><strong>diversam</strong></span> <span class='ocrx_word' id='word_1_596' title='bbox 2289 4002 2540 4046; x_wconf 90' lang='lat' dir='ltr'><strong>naturam</strong></span> <span class='ocrx_word' id='word_1_597' title='bbox 2596 3991 2651 4046; x_wconf 92' lang='lat' dir='ltr'>in</span> <span class='ocrx_word' id='word_1_598' title='bbox 2712 3993 2967 4045; x_wconf 82' lang='lat' dir='ltr'><strong>unionem</strong></span> <span class='ocrx_word' id='word_1_599' title='bbox 3021 3992 3450 4061; x_wconf 68' lang='lat' dir='ltr'><strong>incXpIicabilem</strong></span> 
     </span>
    </p>
   </div>
   <div class='ocr_carea' id='block_1_85' title="bbox 1863 4081 3454 4154">
    <p class='ocr_par' dir='ltr' id='par_1_85' title="bbox 1863 4081 3454 4154">
     <span class='ocr_line' id='line_1_85' title="bbox 1863 4081 3454 4154; baseline -0.003 -12"><span class='ocrx_word' id='word_1_600' title='bbox 1863 4085 2203 4150; x_wconf 83' lang='lat' dir='ltr'><strong>convenisse,</strong></span> <span class='ocrx_word' id='word_1_601' title='bbox 2255 4082 2609 4139; x_wconf 87' lang='lat' dir='ltr'><strong>asserendmn</strong></span> <span class='ocrx_word' id='word_1_602' title='bbox 2674 4081 2776 4137; x_wconf 80' lang='lat' dir='ltr'>nbn</span> <span class='ocrx_word' id='word_1_603' title='bbox 2834 4098 2955 4138; x_wconf 89' lang='lat' dir='ltr'><strong>esse</strong></span> <span class='ocrx_word' id='word_1_604' title='bbox 3004 4101 3018 4136; x_wconf 89' lang='lat'><strong>:</strong></span> <span class='ocrx_word' id='word_1_605' title='bbox 3068 4097 3319 4154; x_wconf 82' lang='lat' dir='ltr'><strong>magnum</strong></span> <span class='ocrx_word' id='word_1_606' title='bbox 3370 4085 3454 4137; x_wconf 87' lang='lat' dir='ltr'>vir</span> 
     </span>
    </p>
   </div>
   <div class='ocr_carea' id='block_1_86' title="bbox 1868 4175 3445 4248">
    <p class='ocr_par' dir='ltr' id='par_1_86' title="bbox 1868 4175 3445 4248">
     <span class='ocr_line' id='line_1_86' title="bbox 1868 4175 3445 4248; baseline -0.004 -13"><span class='ocrx_word' id='word_1_607' title='bbox 1868 4182 1988 4248; x_wconf 90' lang='lat' dir='ltr'><strong>pius</strong></span> <span class='ocrx_word' id='word_1_608' title='bbox 2021 4179 2188 4234; x_wconf 87' lang='lat' dir='ltr'><strong>risum</strong></span> <span class='ocrx_word' id='word_1_609' title='bbox 2218 4187 2415 4243; x_wconf 89' lang='lat' dir='ltr'><strong>movet,</strong></span> <span class='ocrx_word' id='word_1_610' title='bbox 2445 4187 2496 4232; x_wconf 90' lang='lat' dir='ltr'>et</span> <span class='ocrx_word' id='word_1_611' title='bbox 2523 4187 2646 4232; x_wconf 90' lang='lat' dir='ltr'><strong>ante</strong></span> <span class='ocrx_word' id='word_1_612' title='bbox 2681 4176 2822 4230; x_wconf 89' lang='lat' dir='ltr'><strong>hunc</strong></span> <span class='ocrx_word' id='word_1_613' title='bbox 2853 4176 3029 4230; x_wconf 91' lang='lat' dir='ltr'><strong>virum</strong></span> <span class='ocrx_word' id='word_1_614' title='bbox 3060 4175 3174 4244; x_wconf 90' lang='lat' dir='ltr'><strong>ipsa</strong></span> <span class='ocrx_word' id='word_1_615' title='bbox 3205 4189 3445 4229; x_wconf 88' lang='lat' dir='ltr'><strong>commu-</strong></span> 
     </span>
    </p>
   </div>
   <div class='ocr_carea' id='block_1_87' title="bbox 1868 4264 3447 4340">
    <p class='ocr_par' dir='ltr' id='par_1_87' title="bbox 1868 4264 3447 4340">
     <span class='ocr_line' id='line_1_87' title="bbox 1868 4264 3447 4340; baseline -0.004 -15"><span class='ocrx_word' id='word_1_616' title='bbox 1868 4272 1953 4325; x_wconf 90' lang='lat' dir='ltr'>nis</span> <span class='ocrx_word' id='word_1_617' title='bbox 1979 4269 2186 4340; x_wconf 90' lang='lat' dir='ltr'><strong>opinio,</strong></span> <span class='ocrx_word' id='word_1_618' title='bbox 2218 4277 2272 4322; x_wconf 87' lang='lat' dir='ltr'>et</span> <span class='ocrx_word' id='word_1_619' title='bbox 2311 4266 2461 4321; x_wconf 88' lang='lat' dir='ltr'><strong>Pauli</strong></span> <span class='ocrx_word' id='word_1_620' title='bbox 2496 4281 2618 4330; x_wconf 82' lang='lat' dir='ltr'><strong>vox,</strong></span> <span class='ocrx_word' id='word_1_621' title='bbox 2650 4275 2705 4321; x_wconf 86' lang='lat' dir='ltr'><strong>et</strong></span> <span class='ocrx_word' id='word_1_622' title='bbox 2751 4281 2872 4322; x_wconf 90' lang='lat' dir='ltr'>cum</span> <span class='ocrx_word' id='word_1_623' title='bbox 2916 4265 3046 4320; x_wconf 89' lang='lat' dir='ltr'><strong>dicit</strong></span> <span class='ocrx_word' id='word_1_624' title='bbox 3078 4285 3093 4322; x_wconf 91' lang='lat'><strong>:</strong></span> <span class='ocrx_word' id='word_1_625' title='bbox 3127 4264 3297 4321; x_wconf 80' lang='lat' dir='ltr'><strong>Corde</strong></span> <span class='ocrx_word' id='word_1_626' title='bbox 3331 4267 3447 4336; x_wconf 83' lang='lat' dir='ltr'><strong>qui-</strong></span> 
     </span>
    </p>
   </div>
   <div class='ocr_carea' id='block_1_88' title="bbox 1866 4358 3451 4430">
    <p class='ocr_par' dir='ltr' id='par_1_88' title="bbox 1866 4358 3451 4430">
     <span class='ocr_line' id='line_1_88' title="bbox 1866 4358 3451 4430; baseline -0.004 -14"><span class='ocrx_word' id='word_1_627' title='bbox 1866 4363 1982 4418; x_wconf 87' lang='lat' dir='ltr'>dem</span> <span class='ocrx_word' id='word_1_628' title='bbox 2018 4362 2255 4417; x_wconf 86' lang='lat' dir='ltr'><strong>creditur</strong></span> <span class='ocrx_word' id='word_1_629' title='bbox 2299 4360 2368 4414; x_wconf 83' lang='lat' dir='ltr'>ad</span> <span class='ocrx_word' id='word_1_630' title='bbox 2405 4360 2698 4430; x_wconf 80' lang='lat' dir='ltr'><strong>justitiam,</strong></span> <span class='ocrx_word' id='word_1_631' title='bbox 2736 4375 2824 4414; x_wconf 87' lang='lat' dir='ltr'>ore</span> <span class='ocrx_word' id='word_1_632' title='bbox 2861 4371 3040 4414; x_wconf 80' lang='lat' dir='ltr'><strong>autem</strong></span> <span class='ocrx_word' id='word_1_633' title='bbox 3085 4359 3351 4430; x_wconf 79' lang='lat' dir='ltr'><strong>confessio</strong></span> <span class='ocrx_word' id='word_1_634' title='bbox 3391 4358 3451 4426; x_wconf 82' lang='lat' dir='ltr'><strong>fit</strong></span> 
     </span>
    </p>
   </div>
   <div class='ocr_carea' id='block_1_89' title="bbox 1866 4455 2278 4512">
    <p class='ocr_par' dir='ltr' id='par_1_89' title="bbox 1866 4455 2278 4512">
     <span class='ocr_line' id='line_1_89' title="bbox 1866 4455 2278 4512; baseline -0.007 -1"><span class='ocrx_word' id='word_1_635' title='bbox 1866 4455 1936 4512; x_wconf 86' lang='lat' dir='ltr'>ad</span> <span class='ocrx_word' id='word_1_636' title='bbox 1971 4455 2197 4509; x_wconf 82' lang='lat' dir='ltr'><strong>salutem</strong></span> <span class='ocrx_word' id='word_1_637' title='bbox 2227 4461 2278 4508; x_wconf 80' lang='grc' dir='ltr'>ιι.</span> 
     </span>
    </p>
   </div>
   <div class='ocr_carea' id='block_1_90' title="bbox 205 4543 3449 4626">
    <p class='ocr_par' dir='ltr' id='par_1_90' title="bbox 205 4543 3449 4626">
     <span class='ocr_line' id='line_1_90' title="bbox 205 4543 3449 4626; baseline -0.002 -24"><span class='ocrx_word' id='word_1_638' title='bbox 205 4552 282 4603; x_wconf 74' lang='grc' dir='ltr'>καὶ</span> <span class='ocrx_word' id='word_1_639' title='bbox 316 4555 584 4610; x_wconf 83' lang='grc' dir='ltr'>Βασιλείου</span> <span class='ocrx_word' id='word_1_640' title='bbox 621 4559 684 4610; x_wconf 81' lang='grc' dir='ltr'>ἐκ</span> <span class='ocrx_word' id='word_1_641' title='bbox 724 4556 819 4609; x_wconf 83' lang='grc' dir='ltr'>τοῦ</span> <span class='ocrx_word' id='word_1_642' title='bbox 854 4556 982 4625; x_wconf 76' lang='grc' dir='ltr'>περὶ</span> <span class='ocrx_word' id='word_1_643' title='bbox 1027 4554 1376 4626; x_wconf 83' lang='grc' dir='ltr'>εὐχαριστίας</span> <span class='ocrx_word' id='word_1_644' title='bbox 1416 4555 1510 4607; x_wconf 73' lang='grc' dir='ltr'>καὶ</span> <span class='ocrx_word' id='word_1_645' title='bbox 1541 4555 1606 4606; x_wconf 80' lang='grc' dir='ltr'>ὲκ</span> <span class='ocrx_word' id='word_1_646' title='bbox 1651 4555 1750 4623; x_wconf 75' lang='grc' dir='ltr'>τῆς</span> <span class='ocrx_word' id='word_1_647' title='bbox 1789 4555 1923 4625; x_wconf 63' lang='grc' dir='ltr'>πρὸς</span> <span class='ocrx_word' id='word_1_648' title='bbox 1944 4548 2323 4616; x_wconf 80' lang='grc' dir='ltr'>Σωξοπολίτας</span> <span class='ocrx_word' id='word_1_649' title='bbox 2361 4544 2649 4615; x_wconf 77' lang='grc' dir='ltr'>ἐπιστολῆς</span> <span class='ocrx_word' id='word_1_650' title='bbox 2685 4545 2781 4598; x_wconf 77' lang='grc' dir='ltr'>καὶ</span> <span class='ocrx_word' id='word_1_651' title='bbox 2810 4546 2875 4598; x_wconf 80' lang='grc' dir='ltr'>ὲκ</span> <span class='ocrx_word' id='word_1_652' title='bbox 2906 4545 3008 4612; x_wconf 78' lang='grc' dir='ltr'>τῆς</span> <span class='ocrx_word' id='word_1_653' title='bbox 3073 4543 3209 4614; x_wconf 82' lang='grc' dir='ltr'>πρὸς</span> <span class='ocrx_word' id='word_1_654' title='bbox 3283 4544 3449 4605; x_wconf 78' lang='grc' dir='ltr'>Ἀπο-</span> 
     </span>
    </p>
   </div>
   <div class='ocr_carea' id='block_1_91' title="bbox 204 4636 3450 4718">
    <p class='ocr_par' dir='ltr' id='par_1_91' title="bbox 204 4636 3450 4718">
     <span class='ocr_line' id='line_1_91' title="bbox 204 4636 3450 4718; baseline 0 -28"><span class='ocrx_word' id='word_1_655' title='bbox 204 4638 432 4713; x_wconf 68' lang='grc' dir='ltr'>λινάριον,</span> <span class='ocrx_word' id='word_1_656' title='bbox 473 4649 562 4700; x_wconf 73' lang='grc' dir='ltr'>ναὶ</span> <span class='ocrx_word' id='word_1_657' title='bbox 609 4647 672 4718; x_wconf 83' lang='grc' dir='ltr'>δὴ</span> <span class='ocrx_word' id='word_1_658' title='bbox 739 4647 833 4700; x_wconf 66' lang='grc' dir='ltr'>καλ⁸</span> <span class='ocrx_word' id='word_1_659' title='bbox 873 4645 1194 4700; x_wconf 82' lang='grc' dir='ltr'>Ἀθανασίου</span> <span class='ocrx_word' id='word_1_660' title='bbox 1237 4644 1329 4699; x_wconf 77' lang='grc' dir='ltr'>τοῦ</span> <span class='ocrx_word' id='word_1_661' title='bbox 1408 4643 1708 4698; x_wconf 86' lang='grc' dir='ltr'>πολυάθλου</span> <span class='ocrx_word' id='word_1_662' title='bbox 1754 4647 1818 4698; x_wconf 82' lang='grc' dir='ltr'>ἐκ</span> <span class='ocrx_word' id='word_1_663' title='bbox 1855 4644 2129 4714; x_wconf 65' lang='grc' dir='ltr'>διαφόρων</span> <span class='ocrx_word' id='word_1_664' title='bbox 2148 4640 2344 4708; x_wconf 89' lang='grc' dir='ltr'>λόγων.</span> <span class='ocrx_word' id='word_1_665' title='bbox 2370 4639 2492 4691; x_wconf 86' lang='grc' dir='ltr'>’Ὁτι</span> <span class='ocrx_word' id='word_1_666' title='bbox 2515 4640 2624 4694; x_wconf 85' lang='grc' dir='ltr'>τῶν</span> <span class='ocrx_word' id='word_1_667' title='bbox 2651 4636 2758 4693; x_wconf 70' lang='grc' dir='ltr'>ἀπὸ</span> <span class='ocrx_word' id='word_1_668' title='bbox 2777 4637 3018 4707; x_wconf 79' lang='grc' dir='ltr'>Σεὸήρου</span> <span class='ocrx_word' id='word_1_669' title='bbox 3043 4636 3352 4708; x_wconf 83' lang='grc' dir='ltr'>ληρούντων</span> <span class='ocrx_word' id='word_1_670' title='bbox 3374 4639 3450 4697; x_wconf 81' lang='grc' dir='ltr'>ὡς</span> 
     </span>
    </p>
   </div>
   <div class='ocr_carea' id='block_1_92' title="bbox 206 4734 3442 4816">
    <p class='ocr_par' dir='ltr' id='par_1_92' title="bbox 206 4734 3442 4816">
     <span class='ocr_line' id='line_1_92' title="bbox 206 4734 3442 4816; baseline -0.001 -27"><span class='ocrx_word' id='word_1_671' title='bbox 206 4740 378 4795; x_wconf 77' lang='grc' dir='ltr'>ἐννοεῖν</span> <span class='ocrx_word' id='word_1_672' title='bbox 413 4745 505 4814; x_wconf 79' lang='grc' dir='ltr'>μὲν</span> <span class='ocrx_word' id='word_1_673' title='bbox 533 4744 641 4816; x_wconf 80' lang='grc' dir='ltr'>χρὴ</span> <span class='ocrx_word' id='word_1_674' title='bbox 663 4744 724 4796; x_wconf 80' lang='grc' dir='ltr'>τδ</span> <span class='ocrx_word' id='word_1_675' title='bbox 754 4743 1046 4814; x_wconf 78' lang='grc' dir='ltr'>ἑτεροειδὲς</span> <span class='ocrx_word' id='word_1_676' title='bbox 1083 4743 1177 4796; x_wconf 74' lang='grc' dir='ltr'>καὶ</span> <span class='ocrx_word' id='word_1_677' title='bbox 1209 4741 1497 4813; x_wconf 76' lang='grc' dir='ltr'>ἑτεροφυὲς</span> <span class='ocrx_word' id='word_1_678' title='bbox 1524 4741 1635 4795; x_wconf 87' lang='grc' dir='ltr'>τῶν</span> <span class='ocrx_word' id='word_1_679' title='bbox 1704 4743 1784 4804; x_wconf 84' lang='grc' dir='ltr'>εἰς</span> <span class='ocrx_word' id='word_1_680' title='bbox 1853 4740 2084 4810; x_wconf 80' lang='grc' dir='ltr'>ἑνότητα</span> <span class='ocrx_word' id='word_1_681' title='bbox 2137 4736 2414 4808; x_wconf 70' lang='grc' dir='ltr'>ἄφραστον</span> <span class='ocrx_word' id='word_1_682' title='bbox 2473 4735 2938 4804; x_wconf 87' lang='grc' dir='ltr'>συνεληλυθότων,</span> <span class='ocrx_word' id='word_1_683' title='bbox 2997 4734 3072 4806; x_wconf 80' lang='grc' dir='ltr'>μὴ</span> <span class='ocrx_word' id='word_1_684' title='bbox 3128 4735 3328 4805; x_wconf 79' lang='grc' dir='ltr'>χρῆναι</span> <span class='ocrx_word' id='word_1_685' title='bbox 3383 4735 3442 4787; x_wconf 76' lang='grc' dir='ltr'>δὲ</span> 
     </span>
    </p>
   </div>
   <div class='ocr_carea' id='block_1_93' title="bbox 205 4825 3452 4907">
    <p class='ocr_par' dir='ltr' id='par_1_93' title="bbox 205 4825 3452 4907">
     <span class='ocr_line' id='line_1_93' title="bbox 205 4825 3452 4907; baseline -0.002 -22"><span class='ocrx_word' id='word_1_686' title='bbox 205 4830 359 4900; x_wconf 80' lang='grc' dir='ltr'>λέγειν</span> <span class='ocrx_word' id='word_1_687' title='bbox 389 4839 573 4905; x_wconf 82' lang='grc' dir='ltr'>ταῦτα,</span> <span class='ocrx_word' id='word_1_688' title='bbox 617 4837 824 4891; x_wconf 77' lang='grc' dir='ltr'>πλατὺν</span> <span class='ocrx_word' id='word_1_689' title='bbox 857 4838 952 4907; x_wconf 82' lang='grc' dir='ltr'>μὲν</span> <span class='ocrx_word' id='word_1_690' title='bbox 984 4837 1196 4904; x_wconf 85' lang='grc' dir='ltr'>γέλωτα</span> <span class='ocrx_word' id='word_1_691' title='bbox 1259 4838 1357 4906; x_wconf 79' lang='grc' dir='ltr'>τῆς</span> <span class='ocrx_word' id='word_1_692' title='bbox 1395 4834 1582 4898; x_wconf 84' lang='grc' dir='ltr'>ἀνοίας</span> <span class='ocrx_word' id='word_1_693' title='bbox 1612 4846 1614 4848; x_wconf 83' lang='grc'><em>’</em></span> <span class='ocrx_word' id='word_1_694' title='bbox 1648 4834 1828 4889; x_wconf 78' lang='grc' dir='ltr'>αὐτῶν</span> <span class='ocrx_word' id='word_1_695' title='bbox 1866 4836 1894 4887; x_wconf 86' lang='grc' dir='ltr'>ὁ</span> <span class='ocrx_word' id='word_1_696' title='bbox 1924 4833 2069 4904; x_wconf 81' lang='grc' dir='ltr'>ἱερὸς</span> <span class='ocrx_word' id='word_1_697' title='bbox 2095 4833 2235 4904; x_wconf 83' lang='grc' dir='ltr'>ἀνὴρ</span> <span class='ocrx_word' id='word_1_698' title='bbox 2264 4832 2494 4902; x_wconf 85' lang='grc' dir='ltr'>καταχεῖ</span> <span class='ocrx_word' id='word_1_699' title='bbox 2522 4828 2652 4902; x_wconf 75' lang='grc'>[804</span> <span class='ocrx_word' id='word_1_700' title='bbox 2671 4827 2787 4897; x_wconf 73' lang='grc' dir='ltr'>Β.],</span> <span class='ocrx_word' id='word_1_701' title='bbox 2816 4827 2860 4858; x_wconf 83' lang='grc'>⁸³</span> <span class='ocrx_word' id='word_1_702' title='bbox 2889 4827 2982 4880; x_wconf 69' lang='grc' dir='ltr'>καὶ</span> <span class='ocrx_word' id='word_1_703' title='bbox 3008 4826 3112 4897; x_wconf 90' lang='grc' dir='ltr'>πρό</span> <span class='ocrx_word' id='word_1_704' title='bbox 3140 4843 3202 4894; x_wconf 87' lang='grc' dir='ltr'>γε</span> <span class='ocrx_word' id='word_1_705' title='bbox 3235 4825 3325 4879; x_wconf 80' lang='grc' dir='ltr'>τοῦ</span> <span class='ocrx_word' id='word_1_706' title='bbox 3356 4831 3452 4883; x_wconf 79' lang='grc' dir='ltr'>ἁν-</span> 
     </span>
    </p>
   </div>
   <div class='ocr_carea' id='block_1_94' title="bbox 205 4917 3446 5003">
    <p class='ocr_par' dir='ltr' id='par_1_94' title="bbox 205 4917 3446 5003">
     <span class='ocr_line' id='line_1_94' title="bbox 205 4917 3446 5003; baseline -0.006 -11"><span class='ocrx_word' id='word_1_707' title='bbox 205 4923 310 4995; x_wconf 66' lang='grc' dir='ltr'>δρός</span> <span class='ocrx_word' id='word_1_708' title='bbox 347 4931 474 5003; x_wconf 84' lang='grc' dir='ltr'>αὐτή</span> <span class='ocrx_word' id='word_1_709' title='bbox 519 4950 582 5001; x_wconf 90' lang='grc' dir='ltr'>γε</span> <span class='ocrx_word' id='word_1_710' title='bbox 629 4935 662 5002; x_wconf 81' lang='grc' dir='ltr'><strong>ἡ</strong></span> <span class='ocrx_word' id='word_1_711' title='bbox 707 4931 862 5003; x_wconf 80' lang='grc' dir='ltr'>κοινὴ</span> <span class='ocrx_word' id='word_1_712' title='bbox 906 4931 1083 4985; x_wconf 76' lang='grc' dir='ltr'>ἔννοια</span> <span class='ocrx_word' id='word_1_713' title='bbox 1131 4934 1226 4984; x_wconf 74' lang='grc' dir='ltr'>καὶ</span> <span class='ocrx_word' id='word_1_714' title='bbox 1262 4931 1296 5000; x_wconf 77' lang='grc' dir='ltr'>η</span> <span class='ocrx_word' id='word_1_715' title='bbox 1341 4927 1552 4981; x_wconf 83' lang='grc' dir='ltr'>Παύλου</span> <span class='ocrx_word' id='word_1_716' title='bbox 1571 4928 1722 5000; x_wconf 71' lang='grc' dir='ltr'>φωνὴ</span> <span class='ocrx_word' id='word_1_717' title='bbox 1761 4927 2016 4996; x_wconf 84' lang='grc' dir='ltr'>λέγουσα.</span> <span class='ocrx_word' id='word_1_718' title='bbox 2044 4923 2270 4993; x_wconf 80' lang='grc' dir='ltr'>Καρδίᾳ</span> <span class='ocrx_word' id='word_1_719' title='bbox 2292 4923 2337 4956; x_wconf 67' lang='grc'><strong>⁸⁸</strong></span> <span class='ocrx_word' id='word_1_720' title='bbox 2359 4922 2478 4994; x_wconf 84' lang='grc' dir='ltr'>μὲν</span> <span class='ocrx_word' id='word_1_721' title='bbox 2498 4919 2842 4976; x_wconf 81' lang='grc' dir='ltr'>πιστεύεται</span> <span class='ocrx_word' id='word_1_722' title='bbox 2897 4919 2985 4982; x_wconf 78' lang='grc' dir='ltr'>εις</span> <span class='ocrx_word' id='word_1_723' title='bbox 3025 4917 3446 4986; x_wconf 76' lang='grc' dir='ltr'>δικαιοσύνην,</span> 
     </span>
    </p>
   </div>
   <div class='ocr_carea' id='block_1_95' title="bbox 207 5009 1402 5098">
    <p class='ocr_par' dir='ltr' id='par_1_95' title="bbox 207 5009 1402 5098">
     <span class='ocr_line' id='line_1_95' title="bbox 207 5009 1402 5098; baseline 0.004 -23"><span class='ocrx_word' id='word_1_724' title='bbox 207 5024 424 5092; x_wconf 82' lang='grc' dir='ltr'>στόματι</span> <span class='ocrx_word' id='word_1_725' title='bbox 452 5028 518 5081; x_wconf 81' lang='grc' dir='ltr'>δὲ</span> <span class='ocrx_word' id='word_1_726' title='bbox 554 5027 928 5098; x_wconf 74' lang='grc' dir='ltr'>ὁμολογεῖται</span> <span class='ocrx_word' id='word_1_727' title='bbox 957 5030 1045 5092; x_wconf 81' lang='grc' dir='ltr'>είς</span> <span class='ocrx_word' id='word_1_728' title='bbox 1075 5009 1402 5094; x_wconf 55' lang='grc' dir='ltr'>σωτηρίανί</span> 
     </span>
    </p>
   </div>
   <div class='ocr_carea' id='block_1_96' title="bbox 267 5107 1752 5192">
    <p class='ocr_par' dir='ltr' id='par_1_96' title="bbox 267 5107 1752 5192">
     <span class='ocr_line' id='line_1_96' title="bbox 267 5107 1752 5192; baseline 0.001 -24"><span class='ocrx_word' id='word_1_729' title='bbox 267 5115 376 5171; x_wconf 87' lang='grc' dir='ltr'>’Ότι</span> <span class='ocrx_word' id='word_1_730' title='bbox 401 5123 582 5191; x_wconf 74' lang='grc' dir='ltr'>φησὶν,</span> <span class='ocrx_word' id='word_1_731' title='bbox 615 5121 672 5174; x_wconf 87' lang='grc' dir='ltr'>ἓν</span> <span class='ocrx_word' id='word_1_732' title='bbox 697 5120 1007 5192; x_wconf 84' lang='grc' dir='ltr'>πρόσωπον,</span> <span class='ocrx_word' id='word_1_733' title='bbox 1033 5119 1278 5172; x_wconf 82' lang='grc' dir='ltr'>τουτέστι</span> <span class='ocrx_word' id='word_1_734' title='bbox 1303 5117 1434 5188; x_wconf 81' lang='grc' dir='ltr'>μίαν</span> <span class='ocrx_word' id='word_1_735' title='bbox 1454 5107 1752 5172; x_wconf 76' lang='grc' dir='ltr'>ὑπόστασιν</span> 
     </span>
    </p>
   </div>
   <div class='ocr_carea' id='block_1_97' title="bbox 206 5207 1756 5284">
    <p class='ocr_par' dir='ltr' id='par_1_97' title="bbox 206 5207 1756 5284">
     <span class='ocr_line' id='line_1_97' title="bbox 206 5207 1756 5284; baseline -0.001 -22"><span class='ocrx_word' id='word_1_736' title='bbox 206 5207 286 5258; x_wconf 71' lang='grc' dir='ltr'>τοῦ</span> <span class='ocrx_word' id='word_1_737' title='bbox 312 5209 474 5278; x_wconf 80' lang='grc' dir='ltr'>Λόγου</span> <span class='ocrx_word' id='word_1_738' title='bbox 522 5211 949 5284; x_wconf 85' lang='grc' dir='ltr'>σεσαρκωμένην</span> <span class='ocrx_word' id='word_1_739' title='bbox 995 5211 1375 5282; x_wconf 84' lang='grc' dir='ltr'>κηρύττομεν,</span> <span class='ocrx_word' id='word_1_740' title='bbox 1427 5209 1616 5275; x_wconf 77' lang='grc' dir='ltr'>ἐπειδὴ</span> <span class='ocrx_word' id='word_1_741' title='bbox 1661 5208 1756 5261; x_wconf 72' lang='grc' dir='ltr'>καὶ</span> 
     </span>
    </p>
   </div>
   <div class='ocr_carea' id='block_1_98' title="bbox 209 5293 1757 5373">
    <p class='ocr_par' dir='ltr' id='par_1_98' title="bbox 209 5293 1757 5373">
     <span class='ocr_line' id='line_1_98' title="bbox 209 5293 1757 5373; baseline 0.004 -29"><span class='ocrx_word' id='word_1_742' title='bbox 209 5293 386 5361; x_wconf 78' lang='grc' dir='ltr'>ἁπλοῦς</span> <span class='ocrx_word' id='word_1_743' title='bbox 408 5301 450 5332; x_wconf 76' lang='grc'>⁸³</span> <span class='ocrx_word' id='word_1_744' title='bbox 478 5301 681 5373; x_wconf 81' lang='grc' dir='ltr'>Ἰησοῦς</span> <span class='ocrx_word' id='word_1_745' title='bbox 712 5301 968 5373; x_wconf 85' lang='grc' dir='ltr'>συνετέθη</span> <span class='ocrx_word' id='word_1_746' title='bbox 995 5299 1139 5354; x_wconf 86' lang='grc' dir='ltr'>κατὰ</span> <span class='ocrx_word' id='word_1_747' title='bbox 1163 5299 1255 5353; x_wconf 82' lang='grc' dir='ltr'>τὸν</span> <span class='ocrx_word' id='word_1_748' title='bbox 1279 5300 1336 5352; x_wconf 81' lang='grc' dir='ltr'>ὲν</span> <span class='ocrx_word' id='word_1_749' title='bbox 1361 5298 1536 5367; x_wconf 83' lang='grc' dir='ltr'>ἁγίοις</span> <span class='ocrx_word' id='word_1_750' title='bbox 1567 5298 1757 5370; x_wconf 80' lang='grc' dir='ltr'>Ἀρεο-</span> 
     </span>
    </p>
   </div>
   <div class='ocr_carea' id='block_1_99' title="bbox 211 5389 1756 5465">
    <p class='ocr_par' dir='ltr' id='par_1_99' title="bbox 211 5389 1756 5465">
     <span class='ocr_line' id='line_1_99' title="bbox 211 5389 1756 5465; baseline -0.003 -17"><span class='ocrx_word' id='word_1_751' title='bbox 211 5390 421 5464; x_wconf 80' lang='grc' dir='ltr'>παγίτην</span> <span class='ocrx_word' id='word_1_752' title='bbox 445 5395 735 5450; x_wconf 72' lang='grc' dir='ltr'>Διονύσιον.</span> <span class='ocrx_word' id='word_1_753' title='bbox 768 5393 880 5449; x_wconf 75' lang='lat' dir='ltr'><strong>Kal.</strong></span> <span class='ocrx_word' id='word_1_754' title='bbox 913 5393 1006 5448; x_wconf 78' lang='grc' dir='ltr'>ἐπὶ</span> <span class='ocrx_word' id='word_1_755' title='bbox 1045 5392 1144 5465; x_wconf 83' lang='grc' dir='ltr'>μὲν</span> <span class='ocrx_word' id='word_1_756' title='bbox 1169 5392 1271 5463; x_wconf 82' lang='grc' dir='ltr'>τῆς</span> <span class='ocrx_word' id='word_1_757' title='bbox 1301 5389 1424 5446; x_wconf 82' lang='grc' dir='ltr'>καθ’</span> <span class='ocrx_word' id='word_1_758' title='bbox 1455 5390 1756 5445; x_wconf 82' lang='grc' dir='ltr'>ὑπόστασιν</span> 
     </span>
    </p>
   </div>
   <div class='ocr_carea' id='block_1_100' title="bbox 299 5501 703 5575">
    <p class='ocr_par' dir='ltr' id='par_1_100' title="bbox 299 5501 703 5575">
     <span class='ocr_line' id='line_1_100' title="bbox 299 5501 703 5575; baseline 0.017 -17"><span class='ocrx_word' id='word_1_759' title='bbox 299 5501 322 5530; x_wconf 81' lang='grc'>¹²</span> <span class='ocrx_word' id='word_1_760' title='bbox 351 5502 496 5562; x_wconf 81' lang='lat' dir='ltr'><strong>Rom.</strong></span> <span class='ocrx_word' id='word_1_761' title='bbox 533 5525 586 5575; x_wconf 73' lang='grc' dir='ltr'>κ,</span> <span class='ocrx_word' id='word_1_762' title='bbox 615 5509 703 5565; x_wconf 80' lang='grc'>10.</span> 
     </span>
    </p>
   </div>
   <div class='ocr_carea' id='block_1_101' title="bbox 1931 5084 3444 5170">
    <p class='ocr_par' dir='ltr' id='par_1_101' title="bbox 1931 5084 3444 5170">
     <span class='ocr_line' id='line_1_101' title="bbox 1931 5084 3444 5170; baseline -0.016 -2"><span class='ocrx_word' id='word_1_763' title='bbox 1931 5110 2144 5167; x_wconf 84' lang='lat' dir='ltr'><strong>Asserit</strong></span> <span class='ocrx_word' id='word_1_764' title='bbox 2176 5116 2230 5164; x_wconf 93' lang='lat' dir='ltr'>et</span> <span class='ocrx_word' id='word_1_765' title='bbox 2258 5119 2444 5167; x_wconf 88' lang='lat' dir='ltr'><strong>unam,</strong></span> <span class='ocrx_word' id='word_1_766' title='bbox 2479 5099 2672 5170; x_wconf 91' lang='lat' dir='ltr'><strong>inquit,</strong></span> <span class='ocrx_word' id='word_1_767' title='bbox 2704 5109 3012 5166; x_wconf 88' lang='lat' dir='ltr'><strong>personam,</strong></span> <span class='ocrx_word' id='word_1_768' title='bbox 3044 5092 3146 5148; x_wconf 89' lang='lat' dir='ltr'>boc</span> <span class='ocrx_word' id='word_1_769' title='bbox 3173 5103 3254 5147; x_wconf 87' lang='lat' dir='ltr'>est</span> <span class='ocrx_word' id='word_1_770' title='bbox 3286 5084 3444 5147; x_wconf 71' lang='lat' dir='ltr'><strong>Verbi</strong></span> 
     </span>
    </p>
   </div>
   <div class='ocr_carea' id='block_1_102' title="bbox 1860 5186 3444 5268">
    <p class='ocr_par' dir='ltr' id='par_1_102' title="bbox 1860 5186 3444 5268">
     <span class='ocr_line' id='line_1_102' title="bbox 1860 5186 3444 5268; baseline -0.013 -8"><span class='ocrx_word' id='word_1_771' title='bbox 1860 5201 2128 5260; x_wconf 87' lang='lat' dir='ltr'><strong>incarnati</strong></span> <span class='ocrx_word' id='word_1_772' title='bbox 2189 5195 2522 5268; x_wconf 82' lang='lat' dir='ltr'><strong>bypostasim</strong></span> <span class='ocrx_word' id='word_1_773' title='bbox 2587 5189 3037 5262; x_wconf 88' lang='lat' dir='ltr'><strong>pronuntiamus,</strong></span> <span class='ocrx_word' id='word_1_774' title='bbox 3102 5186 3444 5258; x_wconf 83' lang='lat' dir='ltr'><strong>quandoqui-</strong></span> 
     </span>
    </p>
   </div>
   <div class='ocr_carea' id='block_1_103' title="bbox 1860 5280 3444 5362">
    <p class='ocr_par' dir='ltr' id='par_1_103' title="bbox 1860 5280 3444 5362">
     <span class='ocr_line' id='line_1_103' title="bbox 1860 5280 3444 5362; baseline -0.013 -10"><span class='ocrx_word' id='word_1_775' title='bbox 1860 5297 1987 5353; x_wconf 91' lang='lat' dir='ltr'>dem</span> <span class='ocrx_word' id='word_1_776' title='bbox 2033 5291 2335 5362; x_wconf 91' lang='lat' dir='ltr'><strong>simplicem</strong></span> <span class='ocrx_word' id='word_1_777' title='bbox 2382 5286 2534 5358; x_wconf 90' lang='lat' dir='ltr'><strong>ponit</strong></span> <span class='ocrx_word' id='word_1_778' title='bbox 2568 5283 2752 5340; x_wconf 86' lang='lat' dir='ltr'><strong>Jesum</strong></span> <span class='ocrx_word' id='word_1_779' title='bbox 2783 5282 2842 5336; x_wconf 93' lang='lat' dir='ltr'>D.</span> <span class='ocrx_word' id='word_1_780' title='bbox 2881 5281 3170 5353; x_wconf 84' lang='lat' dir='ltr'><strong>Dionysius</strong></span> <span class='ocrx_word' id='word_1_781' title='bbox 3201 5280 3444 5346; x_wconf 79' lang='lat' dir='ltr'><strong>Areopa-</strong></span> 
     </span>
    </p>
   </div>
   <div class='ocr_carea' id='block_1_104' title="bbox 1862 5372 3445 5462">
    <p class='ocr_par' dir='ltr' id='par_1_104' title="bbox 1862 5372 3445 5462">
     <span class='ocr_line' id='line_1_104' title="bbox 1862 5372 3445 5462; baseline -0.015 -17"><span class='ocrx_word' id='word_1_782' title='bbox 1862 5392 1995 5462; x_wconf 73' lang='lat' dir='ltr'><strong>gita,</strong></span> <span class='ocrx_word' id='word_1_783' title='bbox 2022 5397 2078 5444; x_wconf 90' lang='lat' dir='ltr'>et</span> <span class='ocrx_word' id='word_1_784' title='bbox 2104 5387 2170 5442; x_wconf 91' lang='lat' dir='ltr'>de</span> <span class='ocrx_word' id='word_1_785' title='bbox 2195 5382 2533 5456; x_wconf 80' lang='lat' dir='ltr'><strong>bypostatica</strong></span> <span class='ocrx_word' id='word_1_786' title='bbox 2577 5377 2794 5451; x_wconf 87' lang='lat' dir='ltr'><strong>quidem</strong></span> <span class='ocrx_word' id='word_1_787' title='bbox 2838 5372 3226 5444; x_wconf 84' lang='lat' dir='ltr'><strong>unione.juste</strong></span> <span class='ocrx_word' id='word_1_788' title='bbox 3257 5380 3445 5426; x_wconf 90' lang='lat' dir='ltr'><strong>contra</strong></span> 
     </span>
    </p>
   </div>
   <div class='ocr_carea' id='block_1_105' title="bbox 1473 5586 2156 5646">
    <p class='ocr_par' dir='ltr' id='par_1_105' title="bbox 1473 5586 2156 5646">
     <span class='ocr_line' id='line_1_105' title="bbox 1473 5586 2156 5646; baseline 0 -4"><span class='ocrx_word' id='word_1_789' title='bbox 1473 5586 1708 5645; x_wconf 66' lang='lat' dir='ltr'>VARIIE</span> <span class='ocrx_word' id='word_1_790' title='bbox 1747 5587 2156 5646; x_wconf 80' lang='lat' dir='ltr'>LECTIONES.</span> 
     </span>
    </p>
   </div>
   <div class='ocr_carea' id='block_1_106' title="bbox 273 5685 912 5763">
    <p class='ocr_par' dir='ltr' id='par_1_106' title="bbox 273 5685 912 5763">
     <span class='ocr_line' id='line_1_106' title="bbox 273 5685 912 5763; baseline 0.053 -51"><span class='ocrx_word' id='word_1_791' title='bbox 273 5685 315 5717; x_wconf 73' lang='grc' dir='ltr'>ιι</span> <span class='ocrx_word' id='word_1_792' title='bbox 336 5687 582 5763; x_wconf 49' lang='grc' dir='ltr'>διαίρεσις</span> <span class='ocrx_word' id='word_1_793' title='bbox 607 5691 832 5747; x_wconf 85' lang='grc' dir='ltr'>ὑπονοία</span> <span class='ocrx_word' id='word_1_794' title='bbox 847 5691 912 5763; x_wconf 66' lang='grc' dir='ltr'>Λ.</span> 
     </span>
    </p>
   </div>
   <div class='ocr_carea' id='block_1_107' title="bbox 232 5896 1691 5967">
    <p class='ocr_par' dir='ltr' id='par_1_107' title="bbox 232 5896 1691 5967">
     <span class='ocr_line' id='line_1_107' title="bbox 232 5896 1691 5967; baseline -0.01 -6"><span class='ocrx_word' id='word_1_795' title='bbox 232 5908 293 5944; x_wconf 76' lang='grc' dir='ltr'>υοα</span> <span class='ocrx_word' id='word_1_796' title='bbox 319 5912 370 5960; x_wconf 76' lang='grc' dir='ltr'>ς.</span> <span class='ocrx_word' id='word_1_797' title='bbox 409 5896 489 5955; x_wconf 54' lang='grc' dir='ltr'>τί.</span> <span class='ocrx_word' id='word_1_798' title='bbox 528 5896 678 5960; x_wconf 71' lang='lat' dir='ltr'><strong>Boni.</strong></span> <span class='ocrx_word' id='word_1_799' title='bbox 710 5920 763 5967; x_wconf 72' lang='grc' dir='ltr'>ιι,</span> <span class='ocrx_word' id='word_1_800' title='bbox 797 5902 882 5958; x_wconf 78' lang='grc'>10.</span> <span class='ocrx_word' id='word_1_801' title='bbox 962 5901 1009 5933; x_wconf 75' lang='grc'>⁸⁵</span> <span class='ocrx_word' id='word_1_802' title='bbox 1041 5899 1132 5952; x_wconf 72' lang='grc' dir='ltr'>καὶ</span> <span class='ocrx_word' id='word_1_803' title='bbox 1154 5913 1182 5949; x_wconf 90' lang='grc' dir='ltr'>ο</span> <span class='ocrx_word' id='word_1_804' title='bbox 1217 5896 1421 5958; x_wconf 74' lang='grc' dir='ltr'>ἁπλοῦς</span> <span class='ocrx_word' id='word_1_805' title='bbox 1453 5911 1590 5951; x_wconf 86' lang='lat' dir='ltr'><strong>corr.</strong></span> <span class='ocrx_word' id='word_1_806' title='bbox 1630 5897 1691 5948; x_wconf 80' lang='grc' dir='ltr'>Λ.</span> 
     </span>
    </p>
   </div>
   <div class='ocr_carea' id='block_1_108' title="bbox 989 5682 2585 5757">
    <p class='ocr_par' dir='ltr' id='par_1_108' title="bbox 989 5682 2585 5757">
     <span class='ocr_line' id='line_1_108' title="bbox 989 5682 2585 5757; baseline -0.006 -14"><span class='ocrx_word' id='word_1_807' title='bbox 989 5691 1034 5723; x_wconf 73' lang='grc'>⁵⁸</span> <span class='ocrx_word' id='word_1_808' title='bbox 1057 5696 1173 5757; x_wconf 82' lang='lat' dir='ltr'><strong>post</strong></span> <span class='ocrx_word' id='word_1_809' title='bbox 1207 5684 1372 5756; x_wconf 70' lang='grc' dir='ltr'>φησιν</span> <span class='ocrx_word' id='word_1_810' title='bbox 1398 5684 1960 5757; x_wconf 10' lang='grc' dir='ltr'>ἀοθειῄπαραινοῦσιν.</span> <span class='ocrx_word' id='word_1_811' title='bbox 2033 5685 2080 5757; x_wconf 23' lang='grc' dir='ltr'>⁸Α⁶</span> <span class='ocrx_word' id='word_1_812' title='bbox 2114 5683 2244 5757; x_wconf 84' lang='lat' dir='ltr'><strong>li_b_ri_</strong></span> <span class='ocrx_word' id='word_1_813' title='bbox 2279 5682 2585 5757; x_wconf 82' lang='grc' dir='ltr'>μάρτυρας.</span> 
     </span>
    </p>
   </div>
   <div class='ocr_carea' id='block_1_109' title="bbox 213 5751 2563 5830">
    <p class='ocr_par' dir='ltr' id='par_1_109' title="bbox 213 5751 2563 5830">
     <span class='ocr_line' id='line_1_109' title="bbox 213 5751 2563 5830; baseline 0 -24"><span class='ocrx_word' id='word_1_814' title='bbox 213 5751 520 5830; x_wconf 39' lang='lat' dir='ltr'><strong>silvani}.</strong></span> <span class='ocrx_word' id='word_1_815' title='bbox 562 5751 636 5797; x_wconf 70' lang='grc' dir='ltr'>’δ’</span> <span class='ocrx_word' id='word_1_816' title='bbox 669 5763 790 5818; x_wconf 90' lang='lat' dir='ltr'><strong>libri</strong></span> <span class='ocrx_word' id='word_1_817' title='bbox 825 5751 1114 5830; x_wconf 70' lang='grc' dir='ltr'>Κύριλλον.</span> <span class='ocrx_word' id='word_1_818' title='bbox 1191 5751 1236 5830; x_wconf 56' lang='grc' dir='ltr'>εξ</span> <span class='ocrx_word' id='word_1_819' title='bbox 1268 5751 1374 5830; x_wconf 64' lang='grc' dir='ltr'>καὶ.Δ</span> <span class='ocrx_word' id='word_1_820' title='bbox 1417 5756 1482 5808; x_wconf 84' lang='grc' dir='ltr'>ἐκ</span> <span class='ocrx_word' id='word_1_821' title='bbox 1507 5754 1606 5830; x_wconf 72' lang='grc' dir='ltr'>τῆς</span> <span class='ocrx_word' id='word_1_822' title='bbox 1646 5751 1926 5830; x_wconf 42' lang='grc' dir='ltr'>ξρμητῆς</span> <span class='ocrx_word' id='word_1_823' title='bbox 1966 5754 2102 5826; x_wconf 81' lang='grc' dir='ltr'>πρὸς</span> <span class='ocrx_word' id='word_1_824' title='bbox 2138 5751 2306 5830; x_wconf 54' lang='grc' dir='ltr'>ξΕᾷρζ</span> <span class='ocrx_word' id='word_1_825' title='bbox 2339 5751 2563 5830; x_wconf 55' lang='lat' dir='ltr'><strong>o&#39;t_n.&#39;A.</strong></span> 
     </span>
    </p>
   </div>
   <div class='ocr_carea' id='block_1_110' title="bbox 230 5819 2277 5903">
    <p class='ocr_par' dir='ltr' id='par_1_110' title="bbox 230 5819 2277 5903">
     <span class='ocr_line' id='line_1_110' title="bbox 230 5819 2277 5903; baseline -0.001 -24"><span class='ocrx_word' id='word_1_826' title='bbox 230 5819 688 5903; x_wconf 62' lang='lat' dir='ltr'><strong>&#39;lwdvvnv_b1ropv.</strong></span> <span class='ocrx_word' id='word_1_827' title='bbox 721 5850 783 5896; x_wconf 85' lang='grc' dir='ltr'>ς.</span> <span class='ocrx_word' id='word_1_828' title='bbox 807 5902 812 5903; x_wconf 13' lang='grc' dir='ltr'>ί</span> <span class='ocrx_word' id='word_1_829' title='bbox 859 5819 1032 5903; x_wconf 74' lang='grc' dir='ltr'>⁶²’καὶ</span> <span class='ocrx_word' id='word_1_830' title='bbox 1047 5826 1240 5903; x_wconf 34' lang='grc' dir='ltr'>ὲκ-τοῦ.</span> <span class='ocrx_word' id='word_1_831' title='bbox 1259 5824 1387 5903; x_wconf 52' lang='grc' dir='ltr'>περὶ.</span> <span class='ocrx_word' id='word_1_832' title='bbox 1412 5856 1480 5866; x_wconf 93' lang='lat'><strong>—</strong></span> <span class='ocrx_word' id='word_1_833' title='bbox 1507 5819 1690 5903; x_wconf 66' lang='grc' dir='ltr'>θ”καῖ</span> <span class='ocrx_word' id='word_1_834' title='bbox 1710 5819 1758 5894; x_wconf 75' lang='grc' dir='ltr'>η’</span> <span class='ocrx_word' id='word_1_835' title='bbox 1796 5827 1848 5882; x_wconf 88' lang='lat' dir='ltr'>in</span> <span class='ocrx_word' id='word_1_836' title='bbox 1881 5819 1988 5898; x_wconf 69' lang='lat' dir='ltr'><strong>ing.</strong></span> <span class='ocrx_word' id='word_1_837' title='bbox 2014 5819 2178 5894; x_wconf 71' lang='lat' dir='ltr'><strong>&#39;ponit</strong></span> <span class='ocrx_word' id='word_1_838' title='bbox 2214 5819 2277 5878; x_wconf 47' lang='lat' dir='ltr'>A&#39;.</span> 
     </span>
    </p>
   </div>
   <div class='ocr_carea' id='block_1_111' title="bbox 2663 5668 3434 5739">
    <p class='ocr_par' dir='ltr' id='par_1_111' title="bbox 2663 5668 3434 5739">
     <span class='ocr_line' id='line_1_111' title="bbox 2663 5668 3434 5739; baseline 0.012 -9"><span class='ocrx_word' id='word_1_839' title='bbox 2663 5681 2707 5712; x_wconf 87' lang='grc'><strong>⁵⁷</strong></span> <span class='ocrx_word' id='word_1_840' title='bbox 2754 5679 3070 5732; x_wconf 81' lang='grc' dir='ltr'>Ἀθανάσιον</span> <span class='ocrx_word' id='word_1_841' title='bbox 3105 5690 3166 5738; x_wconf 76' lang='grc' dir='ltr'>ς.</span> <span class='ocrx_word' id='word_1_842' title='bbox 3242 5672 3288 5705; x_wconf 80' lang='grc'>⁸⁸</span> <span class='ocrx_word' id='word_1_843' title='bbox 3317 5668 3434 5739; x_wconf 66' lang='grc' dir='ltr'>τοῦ]</span> 
     </span>
    </p>
   </div>
   <div class='ocr_carea' id='block_1_112' title="bbox 2665 5739 3428 5808">
    <p class='ocr_par' dir='ltr' id='par_1_112' title="bbox 2665 5739 3428 5808">
     <span class='ocr_line' id='line_1_112' title="bbox 2665 5739 3428 5808; baseline -0.008 -8"><span class='ocrx_word' id='word_1_844' title='bbox 2665 5751 2706 5782; x_wconf 82' lang='grc'>⁶¹</span> <span class='ocrx_word' id='word_1_845' title='bbox 2740 5751 2805 5802; x_wconf 80' lang='grc' dir='ltr'>ὲκ</span> <span class='ocrx_word' id='word_1_846' title='bbox 2831 5747 2925 5804; x_wconf 84' lang='grc' dir='ltr'>τοῦ</span> <span class='ocrx_word' id='word_1_847' title='bbox 2977 5747 3057 5808; x_wconf 78' lang='grc' dir='ltr'>εἰς</span> <span class='ocrx_word' id='word_1_848' title='bbox 3097 5744 3190 5796; x_wconf 79' lang='grc' dir='ltr'>τὸν</span> <span class='ocrx_word' id='word_1_849' title='bbox 3234 5739 3428 5807; x_wconf 85' lang='grc' dir='ltr'>εὑαγγ.</span> 
     </span>
    </p>
   </div>
   <div class='ocr_carea' id='block_1_113' title="bbox 2381 5809 3443 5893">
    <p class='ocr_par' dir='ltr' id='par_1_113' title="bbox 2381 5809 3443 5893">
     <span class='ocr_line' id='line_1_113' title="bbox 2381 5809 3443 5893; baseline -0.014 -17"><span class='ocrx_word' id='word_1_850' title='bbox 2381 5823 2426 5854; x_wconf 76' lang='grc'>⁸³</span> <span class='ocrx_word' id='word_1_851' title='bbox 2461 5822 2691 5893; x_wconf 85' lang='grc' dir='ltr'>κατηχεί</span> <span class='ocrx_word' id='word_1_852' title='bbox 2723 5837 2783 5885; x_wconf 87' lang='grc' dir='ltr'>ς.</span> <span class='ocrx_word' id='word_1_853' title='bbox 2891 5816 2937 5848; x_wconf 64' lang='grc'>⁸⁵</span> <span class='ocrx_word' id='word_1_854' title='bbox 2968 5813 3199 5888; x_wconf 84' lang='grc' dir='ltr'>καρδίαν</span> <span class='ocrx_word' id='word_1_855' title='bbox 3222 5838 3293 5852; x_wconf 88' lang='lat'>—-</span> <span class='ocrx_word' id='word_1_856' title='bbox 3320 5809 3443 5862; x_wconf 77' lang='grc' dir='ltr'>στύο-</span> 
     </span>
    </p>
   </div>
  </div>
