3994 6414
198 399 307 464 993

1242 393 1771 456 BIBLIOTHECA.
1796 418 1864 430 -
1897 391 2061 455 COD.
2093 394 2397 457 CCXXIX.

3365 408 3472 472 994

178 512 277 577 τὸ,
300 508 681 573 ἐσκήνωσεν,
718 504 1055 559 ἀναπτύσσει
1088 508 1386 576 σαφήνειαν
1424 501 1693 569 εἷναιτοῦ,
1732 503 1774 557 Ὅ

1892 513 2005 557 tum
2048 519 2167 560 esse
2208 504 2367 573 ejus:
2406 506 2629 562 Verbum
2671 526 2795 563 cmo
2824 515 3021 581 factum
3055 521 3149 577 est,
3185 523 3241 568 et
3289 531 3473 585 repre-

195 602 387 669 Λόγσς
413 599 574 667 σὰρξ
618 598 877 669 ἐγένετο,
925 597 1018 650 καὶ
1046 598 1264 667 ἔλεγχον
1288 596 1394 651 τῶν
1422 599 1631 669 τροπήν
1658 613 1774 651 τινα

1887 598 2201 651 hensionem
2227 601 2583 655 mutationem
2611 614 2773 672 atque
2797 603 3174 659 alteratinucm
3203 604 3360 661 Verbi
3389 625 3474 663 ac-

194 694 287 746 καὶ
340 692 628 745 ἀλλοίωσιν
674 690 772 744 τοῦ
829 690 1004 759 Λόγου
1064 691 1367 761 μελλόντων
1425 692 1775 760 κατηγορεῖν.

193 785 324 857 [803
376 784 470 855 IL]
496 786 604 838 Καὶ
645 785 754 855 γάρ
793 784 962 838 εἰπὼν
985 785 1013 837 ὁ
1051 783 1468 854 εὐαγγελιστής·
1515 783 1580 838 '0
1598 783 1780 849 λόγος

190 877 352 944 σὰρξ
390 876 647 946 ἐγένετο,
679 877 844 941 εὐθὺς
898 877 1124 947 συνῆψε,
1162 877 1270 932 Καὶ
1308 876 1665 944 ἐσκήνωσεν
1709 875 1780 928 ἐν

188 968 359 1037 ἡμὶν,
399 971 496 1040 τήν
528 986 588 1021 τε
634 972 716 1034 εἰς
770 970 899 1041 μίαν
947 970 1248 1023 ὑπόστασιν
1306 968 1525 1022 σύνοδον
1567 967 1661 1020 καὶ
1719 967 1781 1020 τὸ

189 1061 571 1132 ἁμετάΰλητον
608 1063 708 1134 τῆς
752 1064 799 1095 ⁷³
856 1063 1121 1133 ἑκατέρας
1162 1060 1378 1131 φύσεως
1408 1062 1473 1113 δι’
1512 1060 1781 1131 ἑκατέρας

190 1154 533 1208 ἐκδιδάσκων
569 1158 773 1227 φωνῆς.
811 1157 967 1209 Οὕτω
1011 1156 1073 1209 τὸ
1111 1156 1305 1224 Λόγιον
1341 1155 1653 1226 Θεωρήσας,
1688 1152 1780 1207 τόν

1883 692 2173 746 cusaluris.
2211 692 2349 747 Dicit
2376 696 2519 748 enim
2556 698 2925 767 evangelista:
2967 695 3185 751 Verbum
3228 715 3351 751 caro
3386 699 3471 767 fa-

1883 792 2017 835 ctum
2039 792 2135 847 cst,
2157 786 2336 839 statim
2362 789 2564 855 subdit,
2588 788 2651 841 Et
2673 788 2927 843 habitarit
2950 790 3004 843 in
3029 792 3210 855 nobis;
3234 791 3287 845 in
3313 808 3473 845 uuam

1884 887 2175 942 personam
2210 889 2556 947 conventum,
2591 894 2643 937 et
2688 885 2809 937 inde
2836 886 3150 939 mutabilem
3188 898 3475 956 utramque

1886 977 2136 1025 naturam
2186 982 2420 1043 utraque
2470 978 2749 1047 explicans
2790 995 2944 1035 voce.
2996 980 3089 1034 Sic
3134 979 3472 1048 Scripturam

1884 1065 2305 1135 contemplatus,
2324 1067 2773 1139 Chrysoszomum
2798 1083 2988 1125 testem
3011 1073 3251 1136 adhibet,
3269 1082 3321 1126 et
3343 1088 3477 1141 prte-

1887 1166 2035 1212 terea
2055 1156 2341 1228 Cyrillum,
2358 1162 2737 1227 Athanasium,
2760 1162 3082 1232 Gregorium
3113 1163 3472 1234 'l‘heolngum.

186 1266 247 1300 τε
298 1248 693 1321 Χρυσόστομου
748 1254 1001 1325 μάρτυρα
1045 1251 1201 1306 καλεῖ
1227 1252 1320 1305 καὶ
1345 1250 1442 1304 σὺν
1483 1250 1639 1320 αὑτῷ
1685 1247 1955 1321 Κύριλλον
2028 1253 2125 1308 καὶ
2190 1254 2513 1312 Ἀθανὰσιον
2565 1259 2657 1311 καὶ
2693 1260 2784 1312 τὸν
2823 1260 3084 1329 Θεολόγον
3151 1262 3470 1334 Γρηγόριον,

189 1346 594 1416 παραπλησίως
610 1348 671 1399 τὸ
707 1347 871 1418 ῥητὸν
902 1348 1286 1417 ἑννοήσαντας.

258 1437 534 1491 Κάκεῖθεν
598 1438 760 1490 πάλιν
811 1439 1048 1508 παράγει
1094 1438 1254 1509 ῥητὰ,
1306 1431 1380 1489 ὧν
1432 1437 1637 1508 Δόμνος
1684 1437 1779 1490 καὶ

187 1528 450 1599 Ἰωάννης
476 1531 820 1601 γεννήτορες,
841 1531 935 1584 καὶ
957 1531 1231 1583 δείκνυσιν
1254 1530 1450 1592 αὑτοὺς
1476 1531 1542 1583 δι’
1571 1528 1778 1583 ἑαυτῶν

185 1621 281 1673 καὶ
316 1621 555 1684 ἄκοντας
598 1622 882 1691 ὁμολογεῖν
926 1623 985 1675 ἑν
1023 1624 1137 1686 τοῖς
1172 1622 1447 1685 πλείστοις
1480 1622 1515 1676 ἀ
1540 1623 1635 1676 καὶ
1660 1624 1693 1692 ἡ
1720 1624 1778 1675 ἑν

185 1710 498 1783 Καλχηδόνι
525 1712 746 1777 ἑδόξασε
776 1714 1012 1779 συνόδος,
1039 1714 1132 1767 καὶ
1158 1715 1335 1785 μάτην
1358 1716 1556 1778 αὐτοὺς
1577 1714 1778 1784 ταύτην

183 1804 578 1872 ἐκτρέπεσθαι.
634 1807 708 1858 Τὸ
745 1806 929 1877 μέντοι
949 1805 1129 1875 λέγειν
1160 1807 1224 1858 ἑκ
1262 1806 1356 1859 δύο
1385 1806 1599 1875 φύσεων
1640 1800 1777 1858 εἶναι

181 1901 279 1952 τὸν
320 1897 533 1969 Κύριον
563 1898 720 1968 ἡμῶν
756 1897 966 1969 Ἰησοῦν
991 1897 1121 1971 [422
1145 1896 1237 1971 Η.]
1270 1897 1506 1970 Χριστὸν
1545 1896 1651 1968 πρὸ
1678 1897 1776 1968 τῆς

1957 1436 2090 1490 llinc
2120 1452 2334 1490 rursum
2373 1439 2518 1490 dicta
2549 1436 2723 1500 aﬂ‘ert,
2760 1455 2989 1508 quorum
3029 1451 3280 1499 auctores
3316 1446 3474 1500 Dom-

1883 1542 1986 1580 nus
2030 1536 2078 1580 et
2109 1526 2304 1599 25611
2345 1527 2601 1593 Joannes,
2658 1541 2712 1585 et
2768 1534 3003 1587 ostendit
3044 1534 3184 1602 ipsos
3245 1552 3340 1606 per
3391 1553 3472 1601 se,

1881 1618 2044 1670 etiam
2082 1617 2301 1681 invitos,
2343 1617 2503 1672 fateri
2562 1621 2702 1674 inter
2760 1622 2979 1688 multos,
3023 1640 3141 1693 quae
3205 1626 3257 1680 in
3316 1642 3472 1683 sacra

1884 1706 2313 1761 Clialeedoneusi
2347 1709 2554 1779 synodo
2583 1712 2795 1766 decreta
2838 1722 2984 1777 sunt,
3027 1726 3079 1766 et
3121 1724 3321 1769 temere
3356 1716 3473 1772 lucc

1885 1799 2033 1869 ipsos
2066 1800 2358 1857 invertere.
2392 1801 2523 1856 Illud
2558 1804 2781 1873 quidem
2809 1820 3071 1871 asserere,
3101 1805 3286 1862 Jesuu:
3323 1807 3476 1864 Chri«

1887 1900 2028 1946 stum
2063 1908 2092 1947 e
2120 1893 2323 1949 duabus
2380 1897 2591 1951 naturis
2627 1908 2881 1952 constare
2940 1898 3103 1953 etiam
3160 1911 3285 1956 ante
3318 1901 3473 1957 unio-

187 1964 448 2055 ὲνώσεως
497 1964 781 2055 παντελῶς
820 1964 1034 2062 titus]
1078 1964 1345 2061 tam;
1384 1964 1637 2053 ἀσεεείαὶς
1682 1964 1774 2042 κάι

1890 2000 2037 2051 nem,
2092 1986 2314 2058 impium
2353 1988 2569 2057 penitus
2623 1998 2677 2044 et
2732 1990 3024 2044 absurdum
3056 2007 3178 2047 esse
3212 1993 3471 2048 declarat.

179 2084 406 2153 ἂογον.
450 2084 513 2137 Ἤ
542 2084 641 2155 μὲν
671 2083 781 2155 γὰρ
825 2083 921 2136 τοῦ
950 2083 1127 2153 Λόγου
1182 2083 1343 2153 φύσις
1368 2082 1479 2150 ἀεὶ,
1510 2082 1654 2137 καθά
1682 2082 1777 2136 καὶ

185 2175 333 2246 μετά
357 2174 457 2247 τὴν
484 2174 901 2245 ἑνανθρώπησιν
927 2173 1000 2242 ⁸ο,
1039 2174 1312 2236 ωναῖδιος
1352 2174 1446 2228 καὶ
1491 2172 1778 2242 ὀμοούσιος

183 2267 409 2339 ὑπῆρχε.
440 2265 519 2338 τῷ
560 2266 737 2339 Πατρί
759 2282 773 2297 ⁸
827 2268 861 2337 ἠ
883 2266 939 2320 δὲ
974 2264 1111 2340 σὰρξ
1156 2264 1312 2320 οῠπω
1360 2264 1438 2337 τῷ
1469 2266 1628 2336 Λόγῳ
1661 2281 1779 2318 συν-

180 2358 430 2431 αφθεῖσα
466 2358 589 2413 οὐδὲ
620 2360 727 2412 τῶν
762 2359 1118 2431 ὑπαρχόντων
1146 2358 1284 2422 ὅλως
1310 2353 1399 2430 ἦν.
1433 2358 1559 2420 Πῶς
1578 2355 1693 2421 οὖν,
1727 2357 1776 2410 εἰ

188 2451 272 2522 μή
298 2468 383 2513 τις
423 2450 599 2503 ἕλοιτο
644 2451 928 2522 Νεστορίῳ
975 2451 1317 2512 συνασεϐεῖν.
1351 2453 1414 2504 ἑκ
1438 2450 1533 2504 δύο
1560 2449 1777 2519 φύσεων

179 2543 281 2597 τὸν
321 2542 527 2616 Κύριον
572 2543 679 2614 πρὸ
716 2544 817 2613 τῆς
868 2542 1394 2614 ἑνανθρωπήσεωςῆ
1436 2546 1571 2596 νοεῖν
1609 2542 1642 2612 ἢ
1687 2542 1776 2595 λέ-

180 2653 309 2704 γειν
342 2636 603 2703 δυνατόν;
652 2636 711 2689 τὸ
758 2637 942 2707 μέντοι
969 2652 1032 2705 γε
1067 2637 1205 2707 μετὰ
1236 2636 1335 2706 τὴν
1369 2636 1562 2689 ἑνωσιν
1599 2635 1776 2703 λέγειν

178 2731 257 2786 ἐκ
302 2729 400 2783 δύο
448 2728 685 2798 φύσεων,
753 2728 943 2799 ὥσπερ
992 2730 1088 2781 καὶ
1123 2730 1181 2781 ἑν
1224 2722 1373 2792 δυσὶ,
1404 2727 1495 2780 τὸν
1544 2727 1776 2800 Χριστὸν

181 2824 421 2892 Θεωρεϊν
476 2820 700 2883 εὐσεϐές
733 2837 794 2873 τε
824 2820 1056 2874 καὶτῶν
1094 2820 1391 2891 ὸρΟοδόξων
1431 2819 1712 2891 φρόνημα,
1748 2818 1777 2872 ὃ

180 2918 286 2971 καὶ
316 2918 352 2988 ἡ
385 2917 442 2971 ἑν
480 2912 786 2984 Χαλκηδόνι
813 2913 1151 2985 ἐπρέσϐευσε
1178 2912 1395 2975 σύνοδος
1419 2928 1433 2942 ·
1471 2913 1529 2964 ἑν
1563 2912 1775 2983 θεότητι

181 3012 305 3080 γὰρ
331 3008 538 3061 τέλειον
560 3007 652 3060 τὸν
691 3006 929 3077 Χριστὸν
975 3006 1071 3059 καὶ
1103 3005 1235 3059 Θεὸν
1266 3007 1425 3076 ἡμῶν
1462 3005 1555 3060 καὶ
1594 3007 1650 3059 ἑν
1678 3008 1774 3061 ἀνα

186 3099 509 3170 ορωπότητι
564 3098 781 3171 τρανῶς
838 3096 1201 3169 άνεκήρυξεν.
1240 3098 1303 3150 Ει
1358 3096 1414 3149 δέ
1442 3114 1526 3161 τις
1577 3098 1776 3169 μέρους

190 3194 309 3248 τῶν
346 3194 457 3249 ἀπὸ
489 3194 731 3265 Σεὸήρου
766 3193 900 3263 φαίη
936 3192 1013 3255 ὡς
1044 3192 1094 3245 εἰ
1145 3190 1192 3222 ⁸³
1235 3190 1328 3244 δύο
1368 3190 1558 3261 φύσεις
1604 3192 1660 3244 ἑν
1697 3190 1775 3260 τῷ

186 3286 441 3358 Χριστῷ,
486 3287 581 3339 καὶ
628 3286 897 3354 πρόσωπα
926 3283 1021 3337 δύο
1050 3282 1203 3336 ἑσται
1232 3282 1279 3315 ⁸⁸
1328 3284 1422 3336 καὶ
1452 3282 1775 3345 ὑποστάσεις

188 3382 380 3449 (φύσις
411 3378 521 3450 γάρ
542 3379 640 3431 οὐκ
667 3377 817 3430 ἐστιν
846 3375 1181 3448 ἀπρόσωπος
1213 3376 1335 3428 οὑδὲ
1358 3374 1773 3443 ἀνυπόστατος),

189 3474 436 3526 ἴστωσαν
466 3472 549 3524 ὅτι
607 3469 699 3523 τού
753 3468 967 3540 Πατρὸς
1005 3468 1185 3521 αὑτῶν
1232 3468 1334 3538 τὴν
1387 3466 1779 3538 ἀσχημοσύνην

187 3561 672 3623 ἀνακαλύπτοντες
711 3560 812 3613 οὐκ
861 3559 1209 3613 αἰσθάνονται
1237 3573 1251 3587 ·
1294 3558 1393 3612 καὶ
1418 3558 1527 3630 γάρ
1554 3558 1649 3610 καὶ
1679 3559 1777 3610 Σε-

187 3650 360 3723 ϐἦρος
385 3650 471 3721 ιτδ
498 3635 563 3703 ἑκ
605 3648 699 3703 δύο
736 3648 952 3719 φύσεων
995 3646 1191 3716 λέγων·
1218 3647 1283 3700 ἑκ
1328 3646 1422 3701 δύο
1470 3646 1778 3719 προσώπων

188 3745 287 3797 καὶ
326 3743 424 3797 δύο
462 3742 816 3796 ὑποστάσεων
871 3740 964 3795 τὸν
990 3740 1225 3811 Χριστὸν
1263 3740 1364 3794 οὑκ
1391 3740 1619 3811 ἐρυθριᾷ
1652 3757 1777 3792 συν-

186 3834 401 3887 τιθέναι
431 3834 528 3889 καὶ
565 3833 987 3903 ἀποφαίνεσθαι.
1039 3832 1187 3902 Πλὴν
1220 3832 1423 3885 εἰδέναι
1452 3849 1515 3899 γε
1560 3831 1665 3901 χρὴ
1703 3830 1778 3893 ὡς

188 3928 363 3980 πολλὰ
423 3927 533 3981 τῶν
585 3929 643 3981 ἑν
696 3928 809 3990 τοῖς
851 3921 971 3979 οὖσι
1036 3925 1199 3994 φύσις
1250 3927 1348 3997 μὲν
1383 3923 1621 3993 λέγεται,
1677 3923 1777 3976 οὑκ

187 4018 251 4084 ἑξ
310 4020 561 4088 ἀνάγκης
606 4019 663 4072 δὲ
706 4019 1017 4088 συνεισάγει
1054 4018 1151 4072 καὶ
1206 4018 1524 4088 πρόσωπον,
1587 4015 1776 4088 ὥσπερ

188 4111 355 4181 φύσις
401 4110 595 4175 ὓδατος
631 4113 741 4181 ﬁxa).
798 4112 963 4181 φύσις
1001 4112 1170 4182 ὀργῆς
1200 4110 1296 4164 καὶ
1326 4111 1485 4180 φύσις
1534 4108 1775 4180 πολέμου

188 4204 287 4258 καὶ
317 4204 502 4273 μάχης
526 4219 542 4235 ο
570 4203 674 4258 ποῦ
697 4204 805 4275 γάρ
830 4220 916 4267 τις
938 4202 1048 4257 τῶν
1069 4202 1378 4274 εἰρημένων
1409 4201 1562 4267 ποτὲ,
1585 4202 1776 4273 ὥσπερ

186 4291 313 4352 εἷπε
358 4295 546 4365 φύσιν,
590 4294 734 4349 οὑτω
772 4301 869 4350 καὶ⁹
911 4294 1225 4367 πρώσωπον
1284 4295 1634 4367 ἀπελήρησε;
1680 4295 1775 4349 καὶ

183 4390 355 4446 πάλιν
386 4389 551 4461 φύσιν
587 4388 689 4461 μὲν
719 4389 900 4459 ψυχῆς
926 4389 1021 4442 καὶ
1054 4387 1216 4458 φύσιν
1259 4385 1511 4457 σώματος
1542 4387 1774 4442 ἑκαστον

183 4482 295 4536 τῶν
319 4479 629 4554 ἀνθρώπων
647 4479 739 4551 ἔχε
750 4496 797 4533 ιν
821 4478 1056 4548 λέγομεν
1082 4493 1098 4509 '
1127 4477 1421 4549 πρόσωπον
1452 4477 1508 4531 δὲ
1529 4477 1706 4548 ψυχῆς
1736 4477 1770 4549 ἢ

184 4574 485 4646 πρόσωπον
538 4572 810 4643 σώματος,
853 4570 926 4643 ἢῗλ
939 4569 1121 4642 ψυχῆς
1155 4570 1457 4627 ὑπόστασιν
1508 4570 1543 4643 ἢ
1589 4570 1774 4643 σώμα-

184 4680 276 4729 τος
307 4662 421 4717 οὐδ’
447 4664 496 4718 οἱ
543 4662 703 4734 μῦθοι
733 4664 1137 4719 ἁνεπλάσαντο.

285 4756 388 4809 οτι
415 4753 472 4808 δὲ
496 4754 588 4808 δύο
610 4754 825 4824 φύσεων
849 4756 1044 4810 ἑνωσιν
1068 4754 1163 4809 καὶ
1187 4754 1315 4825 μίαν
1345 4754 1645 4807 ὑπόστασιν
1674 4754 1771 4809 καὶ

182 4846 485 4919 πρόσωπον
501 4846 558 4899 ἓν
578 4846 858 4916 ὁμολογεῖν
875 4846 968 4900 τοῦ
986 4846 1149 4917 ὀρθοῦ
1172 4844 1521 4917 φρονήματός
1537 4845 1652 4898 ἑστι
1676 4845 1771 4900 καὶ

180 4940 295 4993 τῶν
333 4937 601 5009 Πατέρων
650 4939 914 5009 κήρυγμα
935 4979 952 5005 ,
998 4937 1248 5008 Ἰωάννης
1283 4937 1380 5009 μὲν
1406 4940 1434 4991 ὁ
1462 4938 1771 5009 Χρυσόστοο

184 5047 290 5104 μος
310 5071 326 5095 ,
347 5028 409 5083 τδ
436 5031 575 5084 κατὰ
612 5029 864 5101 Ἰωάννην
905 5029 1265 5084 ἀναπτύσσων
1300 5028 1633 5098 Εὑαγγέλιον
1653 5068 1667 5094 ,
1710 5030 1769 5084 ὲν

179 5120 456 5193 ἑνδεκάτῃ
483 5121 672 5193 ὁμιλίᾳ
706 5124 1002 5194 μαρτυρεῖ,
1023 5122 1235 5190 λέγων·
1268 5120 1515 5176 Ἐνώσει
1555 5119 1652 5175 καὶ
1694 5117 1771 5188 τῇ

180 5215 491 5284 curassem
504 5214 574 5268 ἓν
586 5214 758 5268 ἐστιν
771 5218 809 5269 δ
818 5216 962 5281 Θεὸς
975 5215 1165 5285 Λόγος
1176 5214 1273 5269 καὶ
1286 5214 1323 5281 ἠ
1345 5214 1502 5283 σὰρξ
1509 5253 1521 5274 ,
1536 5216 1608 5269 οὺ
1623 5227 1771 5282 συγ-

178 5309 426 5379 χύσεως
451 5307 781 5377 γενομένης
822 5307 964 5361 οὐδέ
988 5307 1332 5377 ἀφανισμοῦ
1357 5306 1475 5361 τῶν
1517 5305 1762 5362 οὐσιῶν.

179 5402 297 5453 Καὶ
326 5398 598 5470 Κύριλλος
619 5399 675 5452 δὲ
702 5400 760 5453 ὲν
781 5401 848 5471 τῇ
882 5398 1018 5471 πρὸς
1061 5399 1435 5464 ’Λνατολικοὺς
1462 5398 1720 5469 ἐπιστολῇ
1746 5413 1761 5430 ⁶

180 5487 289 5557 Εἷς
298 5492 412 5561 γὰρ
428 5492 644 5562 Κύριος
660 5492 899 5559 Ἰησοῦς
913 5491 961 5546 Χ
954 5492 1189 5561 ριστύς,
1206 5491 1322 5547 κᾶν
1332 5491 1371 5560 ἠ
1391 5490 1509 5546 τῶν
1518 5492 1762 5561 φύσεων

174 5585 265 5654 μὴ
286 5583 580 5654 ἀγνοῆται
600 5583 870 5653 διαφορά.
889 5584 1001 5638 Καὶ
1030 5583 1353 5656 Ἀμσρόσιος
1372 5586 1399 5637 ό
1417 5581 1761 5638 Μεδιολάνων

182 5674 242 5727 δν
272 5675 348 5745 τῷ
374 5677 431 5728 ἐν
456 5675 595 5746 Περὶ
624 5674 1032 5747 ἀνθρωπήσεως
1058 5676 1202 5747 λόγῳ
1219 5693 1231 5707 ’
1261 5674 1411 5743 Τοὺς
1432 5674 1500 5728 δὲ
1511 5673 1597 5744 μὴ
1617 5677 1755 5743 ὀμο-

1804 3327 1849 3387 C

1795 4659 1850 4723 D

1886 2076 2119 2148 Semper
2163 2080 2307 2134 enim
2341 2079 2502 2135 Verbi
2546 2091 2737 2135 natura
2769 2093 2823 2137 et
2855 2082 3021 2138 veluti
3054 2094 3175 2153 post
3216 2085 3472 2141 incarna-

1887 2169 2085 2224 tionem
2123 2178 2394 2227 comterna
2434 2173 2577 2227 Patri
2609 2182 2663 2228 et
2691 2176 3174 2231 consubstantialis
3211 2178 3335 2233 fuit.
3365 2178 3473 2234 Sed

1887 2276 2164 2331 nunquam
2196 2276 2324 2318 caro
2384 2264 2559 2320 Verho
2592 2268 2763 2332 unita,
2823 2279 3009 2338 nequo
3056 2272 3467 2327 subsistentium

1887 2352 2092 2423 integre
2121 2363 2256 2410 erat.
2290 2355 2574 2422 Quomodo
2599 2358 2787 2429 igitur,
2831 2360 2933 2416 nisi
2964 2362 3089 2434 quis
3124 2378 3244 2418 cum
3276 2363 3468 2420 Nesto-

1885 2446 1969 2501 rio
2001 2446 2223 2511 sentiat,
2258 2447 2370 2503 fieri
2393 2459 2571 2514 potest
2603 2466 2633 2506 e
2657 2453 2866 2508 duabus
2895 2455 3125 2520 naturis,
3183 2466 3472 2526 antequam

1885 2536 2284 2602 incaruaretur,
2338 2536 2622 2592 Dominum
2658 2545 2897 2607 cogitare
2931 2544 3010 2597 vel
3044 2544 3226 2598 dicere
3273 2562 3288 2598 :
3325 2546 3473 2614 pium

1884 2629 2105 2698 quidem
2140 2642 2223 2684 est
2249 2641 2302 2685 et
2332 2632 2694 2687 orthodoxum
2723 2645 2842 2705 post
2876 2637 3128 2690 unionem
3150 2637 3261 2706 jam
3290 2653 3320 2692 e
3350 2638 3476 2692 dua-

1884 2722 1989 2777 bus
2028 2722 2243 2777 naturis
2309 2722 2516 2778 factum
2579 2725 2778 2790 dicere,
2840 2730 3296 2796 quemadmodum
3348 2745 3472 2783 eum

1884 2814 2143 2871 vidimus.
2175 2812 2288 2871 Hoc
2321 2827 2373 2870 et
2395 2827 2799 2871 sacrosanctum
2835 2819 3124 2872 concilium
3160 2818 3466 2875 Chalcedo-

1886 2923 2054 2962 nense
2086 2907 2398 2975 confirmat,
2452 2909 2601 2965 clare
2636 2919 2683 2963 et
2734 2911 3012 2966 evidenter
3060 2913 3375 2975 ostendens,
3412 2913 3467 2967 in

1886 3000 2171 3055 divinitate
2197 3000 2495 3070 perfectum
2528 3002 2807 3063 Christum
2841 3012 2895 3057 et
2932 3002 2984 3058 in
3016 3003 3376 3059 humanitate.
3409 3003 3469 3060 Si

1885 3093 2006 3161 quis
2076 3108 2241 3162 porro
2291 3094 2617 3150 Severianus
2678 3095 2877 3149 dixerit
2933 3096 3069 3150 duas
3125 3106 3349 3150 naturas
3415 3097 3467 3151 in

1886 3186 2110 3241 Christo
2141 3189 2276 3242 duas
2300 3203 2567 3257 personas
2619 3189 2968 3254 constituere,
3023 3198 3076 3243 et
3126 3191 3467 3259 hypostases,

1887 3288 2081 3331 natura
2114 3280 2256 3334 enim
2283 3281 2400 3334 sine
2456 3296 2688 3350 persona
2720 3296 2823 3334 non
2856 3291 2959 3346 est,
2993 3298 3167 3352 neque
3198 3299 3301 3337 non
3340 3287 3469 3336 sub-

1881 3373 2081 3426 sistens
2124 3390 2137 3426 :
2189 3372 2367 3426 sciant
2398 3372 2577 3428 Patris
2602 3374 2682 3427 sui
2716 3373 3099 3443 impudentiam
3133 3374 3471 3429 absconden-

1882 3472 1984 3527 tcs,
2020 3478 2123 3518 non
2149 3474 2324 3518 tamen
2350 3481 2562 3531 sapere.
2596 3466 2807 3521 Etenim
2842 3467 3078 3520 SeVerus
3112 3483 3215 3520 nou
3250 3466 3471 3521 erubuit

1881 3570 2153 3625 exponere
2191 3567 2245 3611 et
2289 3558 2681 3624 demonstrare,
2721 3574 2750 3613 e
2781 3559 2988 3613 duabus
3016 3560 3246 3622 naturis,
3280 3573 3468 3626 perso-

1882 3649 1985 3715 nis,
2014 3649 2500 3720 hypostasibusque
2526 3651 2734 3705 duabus
2757 3650 3032 3705 Christum
3059 3652 3329 3719 t:0tup0ui.
3356 3650 3467 3706 Nisi

1880 3744 2021 3811 quod
2053 3744 2336 3798 sciendum
2370 3744 2459 3806 sit,
2490 3744 2690 3811 smpius
2720 3744 2771 3797 in
2802 3743 3022 3799 antibus
3048 3751 3299 3796 naturam
3332 3744 3461 3810 dici,

1881 3849 1985 3887 non
2020 3836 2330 3890 necessario
2369 3844 2546 3890 tamen
2586 3835 2778 3889 adduci
2824 3844 2881 3890 et
2934 3851 3241 3904 personam,
3302 3835 3465 3889 veluti

1880 3945 2033 3999 aqua:
2058 3943 2268 3997 natura,
2293 3933 2406 3997 irae,
2442 3932 2589 3997 belli,
2622 3946 2939 4001 pugnaeque.
2970 3930 3093 3997 Ubi,
3134 3945 3336 4001 (μείρεο,
3363 3930 3466 3983 ali-

1880 4022 2003 4090 quis
2044 4036 2072 4074 e
2105 4022 2380 4090 prtedictis
2419 4032 2477 4076 ut
2510 4033 2762 4077 naturam
2816 4026 2887 4075 ita
2945 4038 3229 4089 personam
3265 4031 3466 4075 temere

1878 4113 2211 4182 appellavit?
2262 4122 2315 4169 et
2364 4129 2603 4180 rursum,
2652 4115 2882 4169 dicimus
2920 4113 3160 4184 singulos
3216 4112 3466 4169 homines

1878 4207 2073 4261 animae
2108 4216 2382 4271 naturan'i,
2417 4219 2469 4262 et
2504 4220 2752 4262 naturam
2784 4208 3027 4277 corporis
3051 4206 3255 4262 habere
3291 4224 3306 4259 :
3341 4206 3464 4259 aui.

1879 4313 1981 4353 tua:
2034 4307 2221 4354 autem
2274 4312 2563 4369 personam
2595 4309 2649 4354 et
2689 4301 2959 4370 corporis,
2996 4299 3080 4354 vel
3108 4299 3305 4353 animae
3335 4298 3465 4351 sub-

1876 4391 2211 4460 sisteutiam,
2234 4392 2319 4448 vel
2349 4395 2593 4463 corporis
2635 4394 2856 4457 habere,
2890 4409 2955 4448 ne
3002 4392 3197 4448 fabula:
3243 4391 3462 4464 quidem

1876 4482 2174 4541 ﬁnxerunt.

1951 4750 2057 4804 Sed
2088 4749 2317 4803 duarum
2340 4754 2659 4801 naturarum
2699 4758 2976 4808 unionem,
3015 4755 3175 4796 unam
3209 4741 3452 4812 hyposta-

1879 4842 1986 4905 sin,
2021 4854 2295 4909 unamque
2326 4852 2617 4909 personam
2669 4835 2947 4903 conﬁteri,
2976 4835 3138 4904 idque
3172 4838 3315 4904 piqu
3351 4841 3457 4897 est,

1876 4948 2029 5004 asque
2060 4944 2372 4989 sanctorqu
2400 4931 2624 4986 Patrum
2653 4930 2948 4984 sententia.
3002 4926 3241 4983 Joannes
3285 4924 3459 4996 Chry-

1874 5036 2146 5081 sostomus
2202 5024 2419 5093 quidem
2471 5020 2696 5077 Joannis
2747 5020 3089 5090 evangelium
3153 5032 3455 5089 exponens,

1874 5116 2157 5172 undecima
2190 5114 2410 5170 ltomilia
2440 5114 2522 5169 sic
2546 5113 2709 5169 habet
2740 5130 2752 5166 :
2792 5110 2994 5166 Uuione
3015 5120 3064 5166 et
3087 5110 3453 5179 conjunctione

1873 5208 2017 5263 Deus
2060 5206 2285 5262 Verbum
2317 5220 2362 5263 et
2393 5224 2518 5262 caro
2548 5222 2712 5261 unum
2737 5216 2882 5272 sunt,
2912 5204 3058 5260 nulla
3090 5206 3235 5275 facta
3267 5206 3455 5274 confu-

1875 5302 2043 5365 sione,
2106 5300 2355 5369 nullaque
2419 5299 2840 5354 substantiarum
2894 5299 3227 5366 corrupione.
3290 5296 3455 5367 quue

1884 5395 2197 5450 testaturin
2250 5392 2475 5462 epistola
2504 5391 2569 5445 ad
2624 5389 2928 5445 Orientales
2984 5389 3217 5460 Cyrillus
3256 5407 3270 5443 :
3314 5389 3450 5454 Etsi,

1872 5486 2065 5556 inquit,
2088 5484 2447 5554 diversitaslsit
2475 5493 2782 5538 naturarum
2805 5487 3001 5552 ignota,
3024 5498 3157 5534 unus
3183 5490 3349 5534 tamen
3375 5490 3452 5534 est

1871 5578 2134 5635 Christus.
2170 5577 2234 5632 Et
2254 5577 2533 5632 Mediolani
2558 5574 2752 5644 257a
2778 5574 2967 5642 pra-sul
2990 5572 3303 5626 Ambrosius
3325 5584 3453 5637 ora-

1874 5671 2018 5725 tione
2048 5668 2122 5723 De
2156 5670 2525 5725 incarnatione
2562 5684 2574 5721 :
2613 5668 2716 5720 Eos
2749 5676 2921 5719 autem
2948 5662 3451 5719 excommunicatio-

1506 5763 1744 5821 VARIIE
1776 5761 2178 5822 LECTIONES.

253 5858 295 5891 ”
328 5860 424 5931 τῆς
488 5874 598 5916 om.
628 5860 692 5912 Δ.

805 5860 850 5893 ⁸ο
878 5862 1228 5933 άνθρώπησιν
1256 5882 1319 5929 ς.
1398 5866 1437 5897 ⁸⁸
1466 5863 1511 5915 εἰ
1532 5861 1575 5915 Λ
1609 5876 1625 5915 :
1655 5860 1710 5915 al
1740 5878 1799 5924 ς’.

1878 5859 1924 5890 ⁸¹
1958 5856 2114 5911 ἔσται
2140 5872 2199 5918 ς.
