3994 6404
183 404 268 468 997
890 430 897 437 ι
1168 393 1694 455 BIBLIOTHECA.
1735 415 1805 428 τ-
1837 392 2000 456 COD.
2041 394 2348 456 CCXXIX.

3312 402 3421 468 998

182 512 265 579 τῆς
304 501 432 580 πρὸς
465 500 831 568 Σωζοπολίτας
876 500 1165 572 ἐπιστολῆς
1188 543 1201 566 ,
1250 503 1521 574 Κύριλλόν
1544 520 1604 556 τε
1643 501 1733 555 τὸν

1852 502 2167 568 :arnatione,
2212 519 2243 559 e
2289 502 2597 567 Thesauris,
2662 505 3005 580 epistolaque
3062 513 3296 568 secunda
3349 515 3418 569 ad

184 600 326 669 σοφὸν
368 599 430 651 ἐκ
473 594 564 649 τοῦ
593 593 729 661 Περὶ
767 592 1279 661 ἐνανθρωπήσεως
1327 595 1489 663 λόγου
1538 595 1632 648 καὶ
1673 594 1738 646 ἐκ

180 690 283 746 τῶν
312 684 623 757 θησαυρῶν
656 686 749 738 xui
783 685 846 737 ὲκ
887 685 990 754 τῆς
1030 686 1167 758 πρὸς
1201 686 1500 740 Σούκενσον
1535 685 1583 756 β’
1617 687 1738 738 ἐπι-

180 782 354 852 στολῆς
390 781 480 833 καὶ
500 780 565 833 ἐκ
595 779 689 848 τῆς
722 779 860 850 πρὶς
907 777 1193 850 Ἐϐραίους
1221 778 1518 850 ἑρμηνείας
1551 778 1644 831 xui
1672 779 1734 831 ἐκ

180 874 272 926 τῶν
298 873 545 942 Σχολίων.

240 963 411 1017 Ταῦτα
431 964 487 1017 δὲ
516 965 741 1020 διελθὼν
763 965 791 1018 6
818 965 1171 1036 συγγραφεὺς
1195 961 1336 1036 ῥητά
1358 959 1448 1015 τοῦ
1473 961 1532 1015 ἐν
1559 959 1738 1030 ἁγίοις

183 1054 322 1107 πὰπα
372 1053 597 1117 Λέοντος
648 1054 1007 1127 προκομίζει,
1054 1052 1090 1107 δι
1140 1053 1232 1106 καί
1284 1070 1417 1123 φησι
1448 1051 1590 1106 κατὰ
1629 1049 1739 1104 τῶν

178 1143 431 1196 δυσσεϐὦν
467 1143 827 1197 Οὐαλεντίνου
862 1148 956 1197 xui
980 1145 1309 1216 Μαρκίωνος
1340 1144 1431 1195 xui
1456 1144 1615 1215 Μάνη
1646 1142 1740 1197 xui

188 1235 543 1305 Ἀπολιναρίου
578 1236 670 1288 xui
700 1236 981 1305 Εὐτυχέως
1003 1237 1049 1267 ⁹⁰
1089 1236 1182 1288 xui
1213 1235 1320 1288 τῶν
1354 1235 1557 1303 ὁμοίων
1586 1236 1738 1306 αἶρε--

177 1328 325 1379 τικῶν
355 1326 800 1397 παρατάττεσθαι
822 1368 836 1393 ,
874 1329 967 1381 xui
1003 1327 1091 1381 διὰ
1120 1326 1277 1381 τοῦτο
1296 1327 1447 1399 παρὰ
1474 1327 1582 1381 τῶν
1609 1328 1739 1397 ὁμο-

178 1418 367 1485 φρόνων
390 1415 817 1486 ἐπηρεάζεσθαι.
848 1418 959 1471 Καὶ
991 1412 1205 1489 πρῶτον
1240 1418 1340 1489 μὲν
1367 1417 1524 1472 τοῦτο
1551 1434 1564 1449 ·
1595 1420 1738 1475 Ὥσ-

178 1520 272 1573 περ
300 1504 420 1576 [424
448 1506 543 1577 11.]
574 1508 642 1560 ἐν
676 1506 754 1573 τῷ
799 1508 994 1563 ἐλεεῖν
1021 1508 1063 1541 ⁸⁸
1101 1512 1133 1564 ό
1171 1510 1315 1576 Θεὸς
1360 1508 1592 1579 τροπὴν
1623 1512 1739 1581 οὐχ

176 1600 510 1667 ὑφίσταται,
558 1600 747 1667 οὕτως
775 1604 808 1655 ό
864 1592 1178 1671 ἄνθρωπος
1228 1602 1309 1669 τῷ
1344 1603 1578 1671 μεγέθει
1628 1601 1740 1672 τῆς

179 1692 322 1759 θείας
355 1692 531 1759 ἀξίας
547 1695 592 1725 ’³
615 1696 728 1748 οὐκ
761 1695 1189 1761 ἀναλίσκεται,
1217 1697 1471 1767 δεύτερον
1509 1695 1574 1749 τὸ
1614 1695 1737 1749 Ἐν-

178 1780 441 1849 εργεῖγὰρ
474 1781 727 1852 ἑκατέρα
755 1786 959 1855 μορφή
986 1787 1138 1857 μετὰ
1168 1786 1277 1857 τῆς
1321 1788 1574 1857 θατέρου
1615 1806 1735 1841 κοι-

1842 594 2196 663 Sui-censum,
2224 595 2292 653 de
2326 595 2778 666 interpretatione
2824 600 2890 653 ad
2933 599 3209 670 Hebraeos,
3252 615 3307 661 et
3351 620 3418 662 ex

1841 684 2097 742 Scholiis.

1912 954 2006 1009 llis
2040 955 2263 1024 allatis,
2318 957 2553 1015 Leonem
2615 975 2833 1031 quoque
2897 977 3087 1031 papam
3149 964 3418 1032 producit,

1841 1060 2033 1106 contra
2067 1052 2262 1121 impios
2287 1051 2409 1106 illos
2446 1053 2757 1117 haereticos,
2793 1055 3165 1123 Valentinum,
3192 1055 3423 1112 Marcio-

1842 1157 1985 1209 nem,
2019 1142 2249 1209 Manent,
2281 1143 2694 1213 Apollinarium,
2732 1146 3025 1217 Eurychem
3074 1148 3315 1218 aliosque
3354 1148 3422 1204 si-

1842 1234 1999 1289 miles
2024 1234 2433 1305 digladiantem,
2460 1248 2514 1291 et
2538 1237 2657 1292 ideo
2678 1239 2745 1294 ab
2776 1240 3073 1310 conjuratis
3101 1241 3204 1297 illis
3243 1256 3419 1311 repre-

1843 1324 2069 1381 hensum
2144 1338 2198 1382 ct
2264 1341 2661 1400 oppugnatum.
2732 1331 2842 1386 Hoc
2888 1334 3105 1401 quidem
3158 1334 3415 1403 primunt.

1844 1415 2298 1482 Quemadmodum
2337 1422 2474 1474 enim
2498 1438 2614 1476 cum
2645 1423 2926 1476 miseretur
2964 1425 3102 1478 Deus
3164 1428 3421 1482 mutatio-

1843 1524 1957 1562 nem
2007 1526 2109 1563 non
2162 1511 2299 1565 subit
2355 1512 2468 1584 (7i)
2501 1531 2513 1566 :
2549 1516 2623 1567 sic
2647 1516 2799 1568 homo
2835 1516 3195 1585 magnitudine
3228 1518 3419 1573 divina:

1840 1601 2023 1670 gloria:
2076 1619 2177 1655 non
2219 1607 2569 1658 consumitur.
2636 1604 2885 1671 Secundo
2927 1624 2943 1660 :
2982 1605 3219 1671 Utraque
3248 1608 3421 1678 [arma

1842 1706 1961 1742 cum
1998 1703 2219 1761 utraque
2259 1697 2623 1748 communione
2663 1706 2994 1761 cooperalur.
3031 1696 3242 1752 Asserit
3276 1700 3419 1753 enim

1845 1784 2089 1849 haeresis,
2121 1784 2254 1839 duos
2281 1784 2380 1839 hos
2410 1785 2672 1840 articulos
2701 1788 2971 1855 praefixos,
3002 1789 3137 1843 Deus
3172 1800 3218 1843 et
3244 1792 3421 1856 homo,

178 1847 414 1936 γωνίας.-
432 1873 598 1941 Λέγει
630 1847 793 1947 ἐὰρῆ
820 1847 1034 1946 ᾆξ”ρεὶςῖς
1072 1878 1147 1942 ὡς
1175 1847 1368 1933 τέίδύο
1392 1847 1497 1932 τίίξν
1522 1879 1741 1951 ἄρθρων

1852 1876 1982 1931 duas
2014 1891 2275 1944 personas
2300 1892 2441 1941 esse,
2478 1888 2532 1931 et
2566 1878 2888 1948 hypostases
2946 1880 3101 1936 binas
3135 1897 3424 1951 repraesen-

180 1966 518 2034 προτακτωιᾶ,
536 1969 568 2018 ὀ
594 1969 735 2033 Θεὸς
749 1969 847 2021 καὶ
869 1973 900 2024 ὁ
916 1970 1244 2038 ἅνθρωπος,
1269 1972 1740 2044 δύοιπροσώπωνιθδ

179 2057 267 2107 εἰσὶ
288 2057 375 2109 xui
404 2056 756 2114 ὑποστάσεων
783 2079 1166 2133 παραστατικσι
1191 2106 1207 2132 ,
1239 2067 1341 2119 xui
1381 2065 1562 2136 σχέσει
1604 2066 1739 2135 μονῇ

179 2146 262 2215 τὴν
280 2148 469 2202 ἐνωσιν
498 2154 950 2221 σχηματίζουσιν.
980 2154 1106 2226 [809
1133 2154 1226 2228 Κ]
1267 2155 1425 2210 Ἀλλὰ
1453 2156 1510 2209 τὸ
1529 2156 1743 2220 ἀναιδὲς

178 2240 362 2293 τούτων
401 2244 724 2307 Ἀθανάσιὸς
752 2262 813 2297 τε
860 2247 952 2299 xui
978 2249 1024 2300 οἱ
1061 2248 1352 2319 Γρηγόριοι
1380 2250 1475 2302 xui
1507 2250 1740 2319 Ἐπιφὰ-

180 2350 274 2395 νιος
295 2334 385 2387 xui
409 2336 436 2388 6
458 2336 849 2407 Χρυσόστομος
877 2338 971 2390 xui
998 2338 1158 2402 αὐτὸς
1178 2340 1206 2392 6
1227 2340 1435 2412 Κύριος
1455 2341 1744 2412 καταισχύ-

180 2441 338 2477 νουσιν
360 2467 374 2491 ,
400 2426 547 2491 ἴσαις
571 2431 774 2497 φωναῖς
805 2429 902 2483 xui
923 2430 1138 2500 ὁμοίαις
1168 2430 1263 2485 xui
1288 2432 1443 2485 αὐτοὶ
1470 2433 1740 2503 πολλαχοῦ

182 2518 498 2586 χρησάμενοι
521 2559 538 2585 ,
578 2519 670 2571 xui.
698 2519 988 2589 δηλοῦντες
1009 2520 1098 2575 διὰ
1126 2522 1224 2593 τῆς
1254 2523 1506 2594 τοιαύτης
1538 2542 1741 2593 προτα-

180 2605 271 2675 γῆς
314 2608 420 2662 τῶν
461 2608 685 2681 ἄρθρων
727 2611 787 2665 οὐ
826 2611 919 2665 τόν
968 2629 1090 2666 τινα
1135 2613 1424 2686 ἄνθρωπον
1477 2614 1613 2668 ἀλλὰ
1654 2615 1742 2669 τὸν

181 2696 339 2751 ὑλικὸν
357 2740 371 2764 ,
405 2700 527 2753 οὐδὲ
558 2702 656 2771 τὴν
681 2701 771 2755 τοῦ
801 2703 1013 2773 Πατρὸς
1037 2704 1070 2775 ἢ
1104 2705 1203 2775 τὴν
1233 2704 1327 2759 τοῦ
1350 2705 1481 2759 Υίοῦ
1507 2706 1748 2759 ὑπόστα-

185 2805 257 2843 σιν
285 2791 413 2845 ἀλλὰ
436 2792 538 2861 τὴν
579 2794 768 2866 κοινὴν
802 2794 962 2863 φύσιν
983 2838 998 2864 ,
1032 2797 1125 2852 καὶ
1149 2799 1209 2851 οὐ
1246 2800 1367 2851 κατ’
1395 2797 1610 2852 εὐθεῖαν
1644 2797 1744 2869 μό.

183 2902 258 2938 νον
284 2888 346 2940 τὰ
375 2888 564 2961 ἄρθρα
590 2889 726 2943 ἀλλὰ
753 2892 847 2943 xui
882 2891 1026 2945 κατὰ
1067 2892 1166 2957 τὰς
1213 2890 1447 2956 πτώσεις
1485 2893 1597 2955 τοῖς
1632 2891 1746 2945 ὀνό-

186 2996 300 3047 μασι
333 2982 838 3047 συνδιαπλέκοντες.
875 2983 1082 3038 Αὐτίκα
1101 2984 1404 3049 Ματθαὶοςο
1439 2985 1605 3052 Ὃς⁹⁷⁵
1637 2985 1746 3039 ἐὰν

183 3070 305 3140 εἴπῃ
329 3075 517 3143 λόγον
537 3114 552 3138 ,
584 3074 744 3144 φησι,
766 3078 917 3131 κατὰ
940 3077 1047 3132 τοῦ
1091 3077 1229 3133 Υίοῦ
1256 3078 1363 3133 τοῦ
1395 3078 1709 3147 ἀνθρώπου
1726 3120 1741 3145 ,

1850 1978 1987 2034 tare,
2022 1978 2076 2023 et
2110 1970 2224 2024 sola
2255 1970 2592 2024 connexione
2620 1970 2873 2025 unionem
2908 1972 3185 2027 denotare.
3222 1972 3420 2028 Verum

1848 2061 1989 2116 hanc
2020 2059 2409 2129 impudentiam
2443 2061 2791 2130 Athanasius,
2818 2062 3061 2132 Gregorii
3093 2065 3272 2131 ambo,
3304 2064 3425 2134 Epi-

1846 2154 2100 2224 phanius,
2153 2154 2598 2224 Chrysostomus,
2635 2165 2688 2210 et
2721 2154 2947 2225 ipsemet
2993 2156 3251 2213 Dominus
3288 2174 3421 2214 eon-

1846 2247 2041 2314 futanl,
2097 2247 2366 2303 similibus
2421 2262 2556 2317 pene
2618 2259 2672 2303 et
2727 2249 3023 2320 aequalibus
3079 2249 3279 2320 ubique
3339 2251 3422 2306 usi

1847 2338 2090 2392 vocibus.
2146 2336 2258 2392 Hac
2294 2337 2608 2408 praeﬁxione
2646 2338 2999 2393 articulorum
3063 2347 3421 2406 ostentantes,

1848 2446 1955 2484 non
2004 2429 2237 2499 aliquem
2272 2442 2479 2485 certum
2534 2429 2827 2495 hominem,
2884 2429 2979 2484 sed
3043 2429 3422 2496 universalem,

1847 2535 2026 2590 neque
2076 2520 2255 2576 Patris
2296 2529 2392 2575 aut
2446 2521 2566 2575 Filii
2630 2520 2961 2591 hypostasin,
3020 2520 3116 2576 sed
3174 2530 3423 2575 naturam

1850 2627 2191 2668 communem
2218 2613 2512 2683 designari,
2554 2621 2608 2667 et
2650 2628 2753 2666 non
2816 2612 2867 2666 in
2896 2621 3047 2667 recto
3085 2628 3216 2668 casu
3268 2611 3427 2667 modo

1849 2706 2129 2770 articulos,
2172 2706 2266 2761 sed
2302 2715 2358 2760 et
2382 2706 2597 2760 casibus
2620 2704 2742 2759 aliis
2772 2706 2935 2760 verbo
2968 2705 3235 2760 declinato
3259 2706 3422 2763 sumi.

1850 2797 2048 2853 Statim
2083 2798 2373 2853 Matthaaus
2406 2818 2421 2854 :
2455 2798 2764 2868 Quicunque
2791 2798 2984 2852 dixerit
3009 2799 3217 2852 verbum
3236 2808 3424 2854 contra

1850 2888 2053 2945 Filium
2094 2891 2339 2956 hominis,
2366 2892 2654 2944 remittitur
2680 2891 2728 2944 ei
2758 2890 2834 2944 δ’.
2874 2890 2937 2944 Ει
2974 2890 3168 2945 iterum
3205 2910 3220 2947 :
3248 2889 3425 2947 Filius

1850 2983 2075 3038 hominis
2110 2983 2307 3054 258a
2338 2994 2583 3037 venturus
2614 2993 2684 3036 cst
2722 2984 2781 3035 in
2828 2982 2997 3051 gloria
3026 2980 3205 3037 Patris
3251 2984 3335 3039 sui
3375 2994 3424 3040 ".

1852 3074 1917 3129 Et
1942 3074 2125 3128 subdit
2157 3092 2170 3127 :
2203 3072 2419 3127 Nemini
2459 3074 2699 3127 dixeritis
2744 3074 2989 3128 visionem
3049 3075 3210 3140 hanc,
3266 3075 3428 3128 donec

183 3161 523 3229 ἀφεθήσεται
554 3165 732 3231 αὐτῷ’
757 3167 852 3219 xui
881 3167 1065 3221 πάλινο
1095 3169 1321 3223 Μέλλει
1337 3170 1380 3201 9⁸
1412 3173 1443 3223 ὁ
1476 3171 1605 3236 Υἱὸς
1639 3169 1745 3222 τοῦ

1854 3161 2026 3217 Filius
2074 3162 2298 3216 hominis
2319 3179 2350 3216 a
2376 3164 2594 3217 mortuis
2650 3173 2887 3232 resurgat
2914 3161 2961 3217 ά.
3002 3163 3065 3216 Ει
3092 3161 3149 3217 S.
3192 3162 3427 3217 Paulus:

184 3254 477 3323 ἀνθρώπου
533 3258 817 3328 ἔρχεσθαι
849 3259 919 3313 ἐν
949 3259 1025 3329 τῇ
1053 3260 1204 3329 δόξῃ
1234 3261 1340 3316 τοῦ
1374 3263 1606 3331 Πατρὸς
1646 3264 1749 3316 αὺ-

185 3344 279 3397 τοῦ
303 3385 315 3407 ,
347 3348 438 3401 καὶ
468 3347 635 3401 πάλιν
658 3389 672 3413 ,
725 3349 949 3418 Μηδενὶ
968 3351 1014 3381 "
1054 3351 1261 3419 εἴπητε
1292 3352 1357 3404 τὸ
1386 3352 1577 3421 ὅραμα
1596 3394 1612 3417 ,
1642 3351 1753 3417 ἓως

186 3434 253 3488 ἂν
277 3440 307 3490 ό
341 3439 472 3506 Υἱὸς
490 3439 603 3494 τοῦ
642 3440 959 3510 ἀνθρώπου
988 3442 1055 3497 ἐκ
1089 3442 1319 3511 νέκρων
1351 3442 1609 3511 ἀναστῇ.
1646 3444 1754 3495 Καὶ

184 3529 209 3580 6
230 3527 508 3595 θεσπέσιος
547 3531 795 3599 Παῦλος,
830 3536 900 3588 El
921 3535 966 3567 ⁹⁷
996 3535 1106 3605 γὰρ
1134 3535 1216 3601 τῷ
1257 3534 1361 3588 τοῦ
1403 3536 1542 3602 ἐνὸς
1574 3550 1755 3604 παρα-

187 3623 429 3694 πτώματι
459 3628 515 3680 οἱ
544 3626 766 3681 πολλοὶ
803 3627 1110 3683 ἀπέθανον
1133 3668 1147 3693 ,
1183 3628 1393 3694 πολλῷ
1416 3627 1660 3699 μᾶλλον
1680 3626 1755 3697 τῇ

189 3717 368 3783 χάριτι
402 3719 510 3774 τοῦ
548 3719 697 3774 Θεοῦ
728 3719 825 3772 καί
854 3717 929 3787 τῇ
958 3718 1147 3787 δωρεᾷ
1171 3719 1240 3773 ἐν
1271 3718 1464 3789 χάριτι
1488 3719 1594 3773 τοῦ
1616 3717 1756 3783 ἐνὸς

189 3803 482 3873 ἀνθρώπου
531 3808 736 3875 Ἰησοῦ
774 3809 1035 3877 Χριστοῦ
1066 3810 1154 3875 είς
1187 3808 1328 3873 τοὺς
1359 3808 1629 3874 πολλοὺς
1651 3825 1756 3862 πε·-

182 3895 523 3962 ριέσσευσεν
540 3898 725 3969 ⁹⁸Ἷ⁹Εν
752 3899 861 3970 γὰρ
881 3900 1090 3964 τούτοις
1115 3900 1321 3955 ἅπασιν
1347 3902 1379 3972 ἡ
1410 3900 1504 3953 τοῦ
1538 3899 1756 3972 ἀνθρώ-

190 4000 280 4037 non
309 3989 494 4059 μνήμη
526 3989 665 4059 μετὰ
719 3988 814 4042 τοῦ
840 3988 1060 4059 γενικοῦ
1090 3989 1443 4061 προαγομένη
1469 3990 1512 4021 ⁹⁹
1551 3990 1754 4061 ἄρθρου

190 4075 421 4147 οὐδαμῶς
469 4079 634 4133 διεῖλε
664 4079 755 4133 τὸν
779 4080 877 4134 ἕνα
897 4081 914 4113 ¹
946 4079 1153 4153 Κύριον
1177 4081 1337 4153 ἡμῶν
1383 4080 1589 4152 Ἰησοῦν
1622 4081 1756 4149 Χρι-

191 4168 299 4221 στὸν
339 4171 416 4234 εἰς
442 4170 729 4243 ,διαφορὰν
771 4172 1141 4228 ὑποστάσεων.
1192 4173 1302 4227 Καὶ
1335 4175 1362 4225 6
1396 4172 1652 4242 θεοφόρος
1699 4169 1756 4224 δὲ

199 4255 437 4325 Ἰγνάτιος
518 4261 617 4314 xui
684 4261 896 4333 μάρτυς
924 4305 940 4332 ,
1000 4263 1332 4336 Σμυρναίοις
1404 4263 1754 4329 ἐπιστέλλων,

188 4344 369 4414 ὁμοίως
394 4350 662 4419 κέχρηται
690 4350 770 4421 τῷ
800 4351 1012 4423 ἄρθρῳ.
1042 4353 1167 4421 λΚαὶ
1196 4353 1225 4404 ὁ
1263 4351 1487 4423 Ῥώμης
1540 4350 1757 4415 Ἰούλιος

189 4437 238 4488 ὲν
262 4440 322 4510 τῇ
359 4441 493 4511 πρὸς
522 4441 718 4496 Δόκιον
746 4445 1001 4516 ἐπιστολῇ
1031 4460 1197 4515 φησιν
1216 4442 1356 4498 ὥστε
1384 4443 1480 4498 xui
1507 4443 1758 4513 ἀνάθεμα

1856 3256 1915 3310 Si
1943 3257 2080 3310 enim
2108 3258 2265 3309 unius
2287 3256 2474 3309 delicto
2505 3255 2658 3309 multi
2680 3258 2876 3309 mortui
2898 3266 3041 3322 sunt,
3072 3256 3235 3309 nmllo
3265 3257 3430 3327 magis

1856 3347 1909 3400 in
1947 3347 2120 3415 gratia
2160 3344 2275 3412 Dei,
2338 3356 2385 3399 et
2433 3348 2628 3399 donum
2669 3347 2722 3398 in
2772 3346 2947 3416 gratia
2995 3347 3148 3400 unius
3205 3346 3431 3402 hominis

1852 3438 1981 3492 Jesu
2008 3437 2202 3491 Christi
2235 3439 2287 3489 in
2328 3422 2502 3505 plures
2538 3434 2825 3490 abundavit
2854 3448 2898 3489 ο.
2948 3434 3003 3491 Ιιι
3051 3436 3137 3492 his
3182 3438 3433 3494 omnibus

1858 3534 2060 3588 mentio
2091 3534 2149 3586 iit
2184 3532 2420 3587 hominis
2468 3533 2520 3586 in
2553 3533 2807 3603 gignendi
2864 3548 3017 3598 casu,
3058 3546 3160 3587 nec
3200 3546 3430 3600 usquam

1855 3624 2058 3680 Christi
2118 3623 2242 3680 Jesu
2305 3639 2595 3694 personam
2647 3625 2853 3681 divisit.
2905 3624 3163 3680 Scribens
3220 3636 3434 3692 quoque

1859 3716 2157 3787 Smyrnaeis
2213 3718 2373 3772 divus
2426 3715 2687 3786 lgnatius,
2747 3718 2997 3773 similiter
3049 3719 3155 3772 hoc
3207 3714 3436 3770 articulo

1859 3810 2056 3865 utitur.
2084 3809 2153 3864 Et
2186 3807 2368 3865 Julius
2404 3809 2650 3880 pontifex
2702 3809 2985 3865 Romanus
3024 3809 3076 3863 in
3110 3808 3338 3879 cpistola
3364 3807 3433 3862 ad

1859 3900 2109 3961 Decium.
2145 3899 2292 3954 hunc
2320 3914 2442 3954 esse
2491 3899 2647 3968 jubet
2674 3900 2985 3962 anathema,
3027 3900 3118 3969 qui
3151 3899 3317 3953 Deum
3349 3898 3433 3953 in-

1858 3998 2142 4045 caritatum
2180 4005 2209 4044 e
2240 3988 2409 4043 Maria
2436 3989 2712 4043 hominem
2765 4004 2871 4042 non
2916 3989 3078 4044 fuerit
3128 3988 3431 4043 confessus.

1858 4082 2058 4137 Eadem
2097 4091 2153 4136 et
2186 4092 2441 4136 strenuus
2480 4081 2807 4135 Athanasius
2831 4081 2881 4134 in
2915 4081 3051 4136 libro
3106 4078 3184 4133 De
3209 4080 3337 4147 ﬁde,
3378 4089 3434 4133 et

1859 4175 2153 4247 Gregorius
2191 4174 2504 4245 'l'heologus
2538 4174 2590 4229 in
2633 4174 2861 4244 cpistola
2887 4173 2953 4228 ad
2987 4172 3306 4228 Cledonium
3344 4186 3430 4225 se-

1860 4266 2065 4331 cunda,
2099 4265 2263 4320 etiam
2302 4264 2471 4319 variis
2528 4263 2663 4318 locis
2710 4262 3005 4333 Gregorius
3035 4261 3334 4334 Nyssenus,
3376 4270 3432 4314 et

1859 4374 2018 4415 sacer
2056 4356 2285 4411 Basilius
2314 4355 2369 4410 in
2393 4356 2640 4411 oratione
2669 4354 2742 4408 De
2784 4354 2908 4423 ﬁde,
2932 4364 2987 4409 et
3034 4355 3086 4409 in
3129 4353 3222 4409 lib.
3266 4367 3308 4406 ιι
3362 4351 3437 4405 De

1861 4453 2050 4506 hwresi
2094 4448 2465 4521 Epiphanius;
2502 4449 2596 4503 sed
2636 4457 2692 4503 et
2717 4449 2933 4502 Atticus
2972 4445 3432 4514 ConstantinOpo-

190 4526 314 4582 ἔστω
340 4534 446 4596 πᾶς
489 4536 521 4588 6
546 4532 641 4587 τὸν
667 4535 730 4587 ἐκ
759 4534 976 4606 Μαρίας
1010 4534 1297 4606 ἄνθρωπον
1346 4535 1445 4606 οὐχ
1480 4534 1746 4605 ὁμολογῶι

1863 4545 1979 4600 leos
2013 4544 2068 4599 in
2101 4543 2329 4614 epistola
2364 4542 2429 4596 ad
2464 4539 2872 4612 Etnpsychium,
2899 4550 2954 4596 et
2990 4537 3229 4594 Joannes
3257 4536 3434 4608 Chry—

192 4615 315 4674 εἶναι
356 4624 623 4697 ἐνσαρκον
661 4625 814 4680 Θεόν.
861 4627 941 4679 Τὰ
1007 4626 1147 4681 αὐτὰ
1165 4627 1224 4681 δέ
1276 4628 1372 4681 xui.
1398 4630 1426 4681 6
1460 4626 1758 4690 πολύαθλος

200 4711 502 4782 Ἀθανάσιος
535 4720 593 4772 ἐν
638 4718 717 4789 τῷ
745 4719 885 4786 Περὶ
915 4719 1179 4787 πίστεως
1229 4720 1375 4792 λόγῳ
1397 4760 1412 4787 ,
1445 4720 1541 4775 xui
1568 4723 1596 4774 6
1625 4718 1756 4773 Θεο-

192 4800 330 4872 λόγος
359 4809 662 4881 Γρηγόριος
687 4813 746 4864 ἐν
793 4814 858 4884 τῇ
888 4813 1024 4885 πρὸς
1054 4813 1349 4883 Κληδὸνιον
1377 4813 1422 4883 β’
1461 4814 1716 4885 ἐπιστολῇ
1739 4852 1756 4881 ο

196 4895 276 4949 vui
302 4900 407 4970 μὴν
428 4902 523 4954 xui
543 4904 571 4955 6
596 4902 817 4973 Νύσσης
840 4904 1139 4977 Γρηγόριος
1168 4906 1226 4960 ἐν
1255 4905 1531 4976 διαφόροις
1555 4905 1754 4976 λόγοις,

194 4990 276 5044 καὶ
295 4993 569 5063 Βασίλειος
585 5000 613 5052 6
632 4997 918 5066 Θεσπέσιος
945 5001 1004 5054 ἐν
1036 5001 1113 5073 τῷ
1134 5001 1275 5071 Περὶ
1305 5002 1566 5069 πίστεως
1587 5001 1751 5072 λόγῳ,

261 5132 306 5173 δ’
342 5136 532 5195 Matth.
565 5154 664 5205 nt,
690 5138 782 5194 52.
868 5149 891 5179 ε
922 5138 1114 5196 Matth.
1146 5155 1258 5206 χιιι,
1285 5138 1378 5195 27.
1452 5138 1481 5179 ιι
1517 5139 1709 5197 Matth.
1739 5156 1846 5197 λνιι
1870 5141 1926 5197 8.

1856 4645 2137 4693 sostomns
2162 4634 2380 4689 humilia
2420 4636 2455 4689 5
2480 4634 2529 4688 in
2562 4631 2733 4701 Epist.
2770 4631 2923 4685 Pauli
2972 4630 3040 4685 ad
3076 4629 3340 4701 Ephesios
3382 4639 3436 4683 et

1857 4727 1910 4781 itt
1948 4724 2236 4779 Thesauris
2293 4723 2550 4795 Cyrillus,
2603 4731 2657 4778 et
2720 4721 3098 4792 Explicatione
3155 4719 3436 4775 Malachia:

1855 4816 2134 4887 prophetae
2169 4827 2225 4871 et
2257 4815 2485 4871 Joannis
2528 4815 2901 4885 evangelislze,
2932 4822 2985 4869 et
3015 4814 3069 4868 in
3106 4813 3244 4868 libro
3275 4829 3329 4867 ιι
3358 4812 3436 4867 De

1860 4910 2173 4965 adoratione
2196 4910 2251 4964 in
2300 4908 2501 4978 Spiritu
2557 4919 2603 4962 et
2645 4909 2859 4964 veritate
2913 4907 3047 4978 (72).
3088 4908 3261 4962 Habet
3294 4907 3436 4961 enim

1866 5004 1983 5058 ita:
2034 5001 2263 5057 Natura:
2302 5002 2439 5057 enim
2478 5017 2718 5071 superna:
2755 4999 3114 5054 habitaculum
3156 4997 3436 5069 locupletat

2006 5152 2031 5179 ο
2061 5140 2220 5196 Rom.
2239 5152 2293 5203 ν,
2322 5136 2413 5193 15.

1448 5298 1689 5357 VARIIE
1712 5298 2119 5358 LECTlONES.

258 5420 300 5493 Ῥ
326 5423 576 5493 εὐτυχέος
612 5442 674 5488 ς.
727 5423 803 5479 cl.
838 5437 893 5493 p.
920 5423 1026 5479 265
1067 5425 1099 5477 ιι
1155 5421 1251 5493 29,

198 5488 579 5567 Ἰτέάσιιὲὲττίςοζ
624 5495 671 5527 ⁸⁸
691 5492 774 5567 ὃς]
820 5488 1015 5567 Matth.
1046 5508 1145 5559 xtl,
1172 5491 1264 5547 52.

1360 5421 1407 5455 ’ί
1444 5419 1638 5490 ἐλεεῖν]
1667 5420 1846 5490 λέγειν
1873 5421 1942 5477 Α.
2017 5420 2064 5490 ’7’
2085 5417 2245 5490 ἀξίας
2277 5419 2364 5490 Δ)
2392 5415 2642 5490 ᾃρξης-ς.

1360 5421 1407 5455 ’ί
1444 5421 1615 5476 ἐλεεῖν
1667 5420 1846 5490 λέγειν
1873 5421 1942 5477 Α.
2017 5420 2064 5451 ⁹²
2085 5419 2245 5483 ἀξίας
2277 5419 2316 5470 Α
2351 5434 2364 5470 :
2392 5419 2471 5481 δόξ

1360 5491 1408 5526 ἐ
1440 5419 1651 5565 μέλλεᾶ
1682 5491 1815 5565 ibis.
1849 5506 1966 5565 xw.
1995 5489 2089 5546 27.
2165 5489 2211 5520 ὀ
2242 5484 2471 5560 μηδεν·ι].

2737 5411 2786 5445 ⁸³
2814 5406 3107 5482 προσὼπον
3135 5420 3293 5482 corr.
3347 5404 3387 5459 Α
3418 5414 3434 5453 :

2516 5476 2711 5540 Matth.
2737 5476 2871 5538 ινιιξ
2893 5481 2948 5535 8.
3024 5481 3069 5513 "
3100 5476 3172 5550 εί]
3200 5476 3356 5531 Rom.
3386 5490 3439 5539 γ,

202 5555 278 5611 l5.
346 5562 390 5594 ⁸⁸
418 5555 834 5636 ἐπερίσσευσεν.
911 5565 957 5596 θ’
989 5555 1379 5634 προσαγομένη
1402 5555 1463 5627 cf.
1542 5563 1562 5595 ¹
1589 5555 1688 5616 ἕνα
1713 5562 1838 5616 adt].
1869 5559 1938 5613 A.

1686 5674 1919 5733 ΝΟΤᾸΞ.

268 5763 373 5841 (Ἡ)
397 5766 469 5824 Ut
494 5768 883 5836 incarnatione,
923 5766 1067 5841 quod
1107 5770 1404 5828 niaximum
1436 5780 1520 5828 est
1550 5769 1768 5829 miscri-

203 5834 383 5890 cordize
410 5852 561 5907 opus.

1869 5840 1911 5894 ιι
1948 5768 2062 5841 (72)
2099 5769 2266 5894 1ἑςῖιίῑε
2292 5767 2549 5825 tredecim
2577 5775 2795 5824 exstant
2820 5763 3009 5836 Cyrilli
3037 5763 3111 5819 De
3134 5758 3444 5817 adcretione

1917 5857 2055 5894 0mm
2075 5856 2105 5894 ε
2148 5858 2161 5893 Ι
2192 5856 2226 5893 Ι.

1917 5857 2055 5897 οιιιειι
2075 5856 2226 5896 CCIII.
