3924 6412
534 413 642 478 999
1709 411 1974 474 PHOTII
2017 412 2116 473 PA'

2221 412 2521 474 IARCH/E
2559 413 2666 474 ΟΡ.
3661 413 3770 480 1000

530 523 788 596 rirginale
824 522 1098 591 templum.
1146 521 1272 577 llaec
1299 522 1482 576 omnia
1519 531 1573 578 et
1606 537 1728 578 cum
1774 523 2026 579 articulis
2066 533 2116 578 et

2225 523 2320 576 καὶ
2351 524 2379 575 ὁ
2417 520 2731 593 θαυμαστὸς
2770 521 3083 589 Ἐπιφάνιος
3125 522 3182 573 ὲν
3228 519 3306 589 τῷ
3339 520 3479 588 Περὶ
3521 521 3772 595 αἱρέσεως

531 617 769 670 divinam
805 622 860 667 et
887 612 1180 667 humanam
1219 619 1470 665 naturam
1500 613 1763 680 designat.
1820 611 1924 666 Sed
1977 625 2112 679 quo-

2221 611 2425 684 πρώτῳ
2483 611 2702 682 βιϐλίῳ,
2755 610 2894 665 ἀλλὰ
2949 611 3042 662 καὶ
3093 613 3120 663 ὁ
3185 612 3774 682 Κωνσταντινουπόλεως

533 707 694 762 modo
747 707 834 760 hic
883 714 1131 760 sanctum
1203 702 1441 758 Leonem
1501 704 1552 756 in
1600 703 1958 773 productione
2019 717 2110 754 ar-

2229 705 2470 768 Ἀττικὸς
2499 707 2555 758 ὲν
2579 707 2645 774 τῇ
2676 703 2814 774 πρὸς
2841 702 3112 774 Εὐψύχιον
3135 703 3388 774 ἐπιστολῇ
3419 744 3432 767 ,
3461 704 3556 758 καὶ
3593 706 3619 758 ὁ
3650 707 3774 776 Χρυι

534 798 821 852 ticulornm
862 807 1106 864 accusat,
1159 806 1213 851 et
1275 807 1500 851 caeteros
1555 793 1742 850 Patres
1801 809 1905 850 non
1975 793 2113 847 alla.

2221 798 2485 867 σόστομος
2517 797 2572 849 ἐν
2608 796 2876 867 ἑρμηνείᾳ
2906 797 3004 865 τῆς
3037 795 3140 865 πρὸ
3176 795 3459 863 Ἐφεσίους
3490 797 3774 869 ἐπιστολῆς,

537 902 663 946 trat.

2230 887 2423 958 τρίτῆς
2459 885 2674 956 ὁμιλίας
2693 927 2706 950 ,
2733 887 2828 938 καὶ
2859 885 3126 956 Κύωλλος
3147 885 3204 937 δὲ
3244 885 3302 937 ἐν
3330 884 3454 951 τοῖς
3481 889 3776 956 θησαυροῖς

532 983 625 1034 καὶ
649 983 704 1034 ἐν
727 985 792 1054 τῇ
818 981 1086 1055 ἑρμηνεία
1115 980 1208 1034 τοῦ
1239 983 1514 1052 προφήτου
1547 981 1828 1052 Μαλαχίου
1859 981 1953 1036 καὶ
2010 982 2067 1034 ὲν
2094 983 2158 1052 τῇ
2198 979 2465 1052 ἑρμηνείᾳ.
2489 978 2582 1032 τοῦ
2616 979 2757 1032 κατὰ
2795 979 3044 1050 Ἰωάννην
3069 979 3404 1047 Εὑαγγελίου
3480 980 3578 1033 καὶ
3623 982 3673 1033 ὲν
3716 984 3779 1050 τῷ

532 1078 672 1146 Περὶ
699 1078 809 1146 τῆς
828 1079 899 1131 ἐν
933 1079 1220 1147 πνεύματι
1246 1077 1526 1145 λατρείας
1555 1079 1728 1145 ἐνάτῳ
1761 1076 1947 1149 βιϐλίῳ
1970 1092 1984 1107 ·
2014 1075 2160 1145 λέγει
2181 1076 2289 1147 γὰρ
2311 1075 2482 1139 οὕτως
2502 1092 2516 1107 ο
2549 1075 2790 1142 Φύσεως
2824 1077 2932 1144 γὰρ
2962 1073 3070 1142 τῆς
3085 1075 3362 1129 ἀνωτάτω
3411 1079 3783 1132 καταπλουτεῖ

531 1171 641 1225 τὸν
696 1172 1070 1241 ἐναυλισμὸν
1111 1174 1142 1224 ὁ
1184 1171 1251 1224 ἐκ
1317 1171 1616 1238 παρθένου
1670 1171 1836 1236 ναός.
1907 1169 2125 1222 Τούτων
2165 1169 2418 1224 ἁπάντων
2468 1167 2606 1240 μετὰ
2643 1167 2757 1221 ’τῶν
2798 1167 3014 1239 ἄρθρων
3045 1169 3144 1238 τήν
3205 1184 3261 1220 τε
3297 1166 3448 1220 θείαν
3495 1167 3655 1236 φύσιν
3708 1174 3780 1225 καὶ

532 1269 632 1341 τὴν
670 1269 1017 1340 ἀνθρωπίνην
1063 1269 1448 1340 προαγόντων,
1482 1268 1597 1332 πῶς
1633 1270 1661 1321 ὁ
1705 1269 1796 1322 τὸν
1848 1270 1904 1321 ὲν
1954 1268 2129 1336 ἁγίοις
2157 1268 2364 1321 Λέοντα
2393 1263 2721 1336 αἰτιώμενος
2751 1264 2837 1318 διὰ
2869 1264 2967 1336 τήν
3006 1264 3116 1318 τῶν
3190 1262 3408 1335 ἄρθρων
3473 1264 3781 1335 προκομιδὴν

534 1365 656 1435 οὐχὶ
719 1363 863 1417 κατὰ
913 1364 1135 1416 πάντων
1191 1361 1346 1432 ἡμῶν
1395 1361 1502 1415 τῶν
1538 1361 1813 1433 θεοφόρων
1872 1361 2129 1433 Πατέρων
2167 1359 2419 1427 ὑλακτεῖ;

607 1457 712 1511 Sed
742 1456 868 1509 illud
892 1457 1050 1508 etiam
1083 1455 1399 1510 videamus:
1437 1456 1697 1525 Operatur
1733 1459 1868 1510 enim
1907 1469 2116 1528 utraque

2307 1453 2449 1510 Ἀλλ’
2509 1457 2705 1527 ἴδωμεν
2752 1454 2849 1509 καὶ
2906 1453 2966 1507 τό
2997 1469 3011 1484 ·
3081 1451 3335 1522 Ἐνεργεῖ
3409 1454 3524 1522 γὰρ
3567 1453 3782 1522 ἐιίατέρα

535 1550 708 1620 [arma
756 1565 870 1602 cum
915 1550 1182 1620 utriusque
1228 1549 1589 1618 conjunctione
1645 1551 1925 1603 secundum
1973 1565 2116 1601 suam

2220 1549 2422 1620 μορφὴ
2469 1550 2620 1620 μετὰ
2665 1548 2778 1616 τῆς
2815 1545 3064 1614 θατέρου
3095 1545 3412 1610 κοινωνίας
3463 1545 3615 1606 ὅπερ
3656 1545 3785 1599 ἴδιον

533 1644 926 1714 praprietatem.
999 1639 1112 1693 Hoc
1172 1643 1380 1711 quidem
1431 1654 1676 1710 operante
1741 1640 1925 1710 Verbo,
1983 1644 2116 1712 quod

2220 1633 2444 1711 ἔσχηκε
2471 1680 2486 1705 ,
2542 1641 2648 1695 τοῦ
2685 1639 2806 1710 μὲν
2851 1641 3041 1710 λόγου
3086 1637 3600 1708 κατεργαζομένου
3637 1637 3783 1690 τοῦτο

549 1731 700 1786 Verbi
739 1743 857 1785 est:
892 1746 1107 1799 corpore
1132 1746 1252 1783 vero
1301 1747 1363 1785 ea
1399 1731 1667 1801 efﬁciente,
1717 1747 1835 1800 qua:
1885 1731 2116 1799 corporis

2222 1734 2367 1802 ὅπερ
2401 1733 2534 1788 ἐστὶ
2561 1731 2674 1788 ’τοῦ
2699 1733 2895 1804 Λόγου
2917 1771 2933 1798 ,
2955 1729 3064 1786 τοῦ
3088 1730 3155 1784 δὲ
3187 1729 3462 1800 σώματος
3493 1728 3784 1784 ἐκτελοῦνο

533 1835 677 1880 sunt.
722 1825 786 1878 Et
834 1824 885 1878 in
916 1824 1003 1878 his
1047 1838 1166 1877 cum
1201 1823 1403 1878 sanctis
1439 1822 1694 1878 Patribus
1725 1823 2034 1879 consentire
2068 1830 2116 1878 et

2222 1845 2317 1894 τος
2360 1826 2486 1898 [4'25
2522 1824 2610 1898 IL]
2651 1825 2802 1894 ἅπερ
2853 1824 2985 1878 ἐστὶ
3036 1824 3145 1878 τοῦ
3195 1823 3492 1893 σώματος.
3543 1821 3655 1873 Καὶ
3698 1821 3785 1892 γὰρ

535 1916 830 1972 convenire
865 1915 1136 1969 videbitur
1179 1934 1191 1970 :
1233 1931 1423 1971 omnes
1457 1915 1598 1971 enim
1628 1915 1859 1969 lmntana
1891 1916 2115 1980 homini,

2223 1915 2502 1970 κάνταῦθα
2551 1913 2804 1986 ὁμόδοξὸς
2856 1931 2914 1969 τε
2969 1916 3063 1968 καὶ
3127 1914 3409 1983 ὁμόφωνος
3463 1914 3587 1974 τοῖς
3645 1911 3784 1982 ’ίεροις

534 2009 717 2064 divina
750 2009 861 2064 Deo
905 2009 1172 2063 tribuunt.
1241 2007 1712 2076 Quemadmodum
1778 2011 1972 2065 doctus
2031 2009 2116 2065 ille

2221 2009 2385 2080 ὴμῶν
2432 2008 2883 2080 ἀναδειχθήσεται
2917 2007 3165 2078 Πατράσι
3184 2010 3199 2024 ⁸
3229 2005 3430 2069 πάντες
3470 2004 3590 2074 γὰρ
3617 2003 3680 2056 τὰ
3707 2003 3786 2073 μὲν

533 2101 770 2174 Cyrillus
803 2102 854 2156 in
894 2100 1299 2157 Commentario
1329 2101 1394 2155 ad
1439 2098 1701 2155 Joannem
1738 2117 1752 2154 :
1791 2099 1875 2167 Si,
1921 2101 2118 2172 inquit,

530 2194 688 2251 Jesus
719 2195 972 2264 proﬁcere
998 2194 1273 2248 dicebatur
1294 2195 1557 2258 sapientia
1584 2205 1630 2249 et
1662 2203 1816 2249 wtate
1848 2193 1893 2260 ί,
1920 2205 1968 2248 et
2000 2211 2121 2265 gra-

533 2289 646 2355 tia,
707 2289 904 2360 258b
976 2288 1358 2342 incarnationis
1423 2304 1549 2358 opus
1616 2298 1713 2344 est.
1770 2287 2117 2342 Permittebat

532 2380 672 2434 enim
723 2379 817 2434 Dei
867 2379 1089 2434 Verbum
1123 2379 1511 2433 humanitatem
1555 2380 1664 2434 suis
1703 2381 1963 2448 moptibus
1989 2379 2120 2449 ferri

533 2481 587 2528 et
609 2473 662 2527 in
705 2471 965 2528 Oratione
1004 2473 1265 2528 adversus
1289 2472 1599 2528 Nestorium
1633 2489 1646 2526 :
1675 2472 1888 2542 Aspice,
1921 2472 2117 2541 inquit,

534 2575 588 2618 ut
625 2566 733 2634 ipse
760 2565 895 2619 nihil
925 2567 1191 2619 remittens
1238 2582 1320 2632 ne,
1358 2581 1476 2619 cum
1502 2574 1790 2633 pateretur,
1819 2565 2118 2632 permiserit

533 2657 685 2710 carni
719 2658 773 2710 in
803 2657 1066 2724 propriam
1101 2666 1348 2709 naturam
1397 2671 1586 2726 parum
1626 2672 1796 2725 posse,
1859 2655 1956 2708 etsi
1998 2671 2122 2725 pro-

532 2750 652 2819 pria
678 2749 788 2817 lege
815 2748 1062 2818 ferretur,
1098 2757 1148 2803 et
1185 2749 1356 2818 ipsius
1390 2765 1472 2803 res
1504 2747 1721 2813 dicitur,
1744 2763 1802 2801 eo
1837 2747 1975 2817 quod
1997 2764 2119 2817 pro-

532 2840 708 2910 prium
764 2841 829 2895 sit
881 2847 994 2911 ejus
1024 2857 1211 2910 corpus
1256 2860 1270 2896 :
1308 2849 1360 2896 et
1415 2841 1467 2895 in
1521 2839 1852 2894 Thesauris:
1896 2837 2120 2893 Turbari

533 2947 656 2985 vero
706 2933 976 3001 proprium
1029 2934 1203 2986 carnis
1237 2943 1309 2986 est
1359 2942 1713 3001 :potestatem
1764 2948 1882 2986 vero
1932 2930 2121 2985 habere

532 3021 780 3088 ponendi,
808 3029 856 3074 et
880 3021 1070 3073 iterant
1095 3021 1394 3074 resumenda
1435 3021 1686 3085 animam,
1727 3036 1854 3089 opus
1903 3029 1980 3074 est
2022 3036 2120 3086 po-

535 3108 711 3162 tentia:
771 3105 942 3160 Verbi.
979 3106 1047 3162 Et
1099 3117 1356 3163 sexcenta
1417 3107 1521 3162 alia
1577 3108 1623 3163 si
1660 3109 1782 3177 quis
1838 3107 2122 3164 voluerit'e

535 3211 728 3254 sancto
759 3201 1022 3273 colligere
1054 3201 1384 3271 reliquisque
1416 3202 1666 3256 Patribus
1694 3203 1956 3257 inveniet.
1981 3201 2118 3258 Gre-

2222 2096 2554 2171 ἀνθρώπινα
2579 2098 2658 2171 τῷ
2683 2097 2956 2171 ἀνθρώπῳ
2998 2097 3314 2152 ἀνατιθέασι
3332 2138 3345 2162 ,
3372 2094 3452 2166 τῷ
3498 2092 3624 2164 Θεῷ
3646 2093 3698 2146 δὲ
3732 2091 3787 2146 τὰ

2221 2189 2376 2255 θεῖα,
2413 2190 2608 2260 ὥσπερ
2655 2189 2751 2244 καὶ
2779 2191 2807 2243 ὁ
2836 2188 3000 2260 σοφὸς
3041 2186 3312 2259 Κύριλλος
3330 2190 3387 2240 ἐν
3433 2189 3500 2258 τῇ
3547 2183 3787 2255 ἑρμηνείᾳ

2219 2279 2314 2332 τοῦ
2363 2279 2507 2334 κατὰ
2557 2279 2811 2350 Ἰωάννην
2843 2278 3180 2349 Εὐαγγελίου
3205 2294 3223 2314 ο
3273 2275 3344 2332 El
3383 2274 3456 2330 δὲ
3493 2275 3578 2343 δὴ
3603 2315 3619 2341 ,
3649 2274 3784 2344 φησι,

2219 2372 2453 2442 λέγοιτο
2490 2374 2853 2440 προκόπτειν
2894 2374 2926 2424 ό
2965 2371 3208 2440 Ἰησοῦς
3253 2369 3461 2439 ἡλικίᾳ
3489 2368 3597 2422 καὶ
3631 2369 3788 2436 σοφίᾳ

2221 2464 2319 2517 καὶ
2344 2461 2536 2531 χάριτι
2553 2503 2567 2530 ,
2591 2463 2700 2532 τῆς
2727 2462 3074 2532 οἰκονομίας
3102 2462 3272 2515 ἔσται
3298 2459 3365 2513 τὸ
3397 2459 3636 2528 χρῆμιν
3659 2472 3786 2511 συν-

2220 2555 2425 2625 εχώρει
2455 2555 2564 2625 γὰρ
2594 2558 2626 2610 ό
2657 2553 2762 2609 τοῦ
2806 2553 2954 2609 Θεοῦ
2999 2553 3183 2623 λόγος
3227 2553 3325 2606 διὰ
3358 2548 3480 2604 τῶν
3515 2549 3628 2617 τῆς
3659 2547 3787 2614 ἰδίας

2221 2647 2459 2715 φύσεως
2480 2644 2635 2700 ἐθῶν
2664 2645 2812 2699 lerat
2837 2645 2900 2697 τὸ
2922 2645 3320 2712 ἀνθρώπινον.
3342 2641 3456 2695 Καὶ
3479 2637 3548 2694 ’ὲν
3570 2639 3646 2710 τῷ
3670 2639 3788 2693 κατὰ

2213 2729 2516 2810 Νεστορίου
2566 2739 2708 2810 λόγῳ
2732 2779 2748 2803 ,
2799 2738 2987 2807 Ἀθρει
3024 2737 3100 2806 δὴ
3123 2777 3138 2803 ,
3189 2736 3390 2807 φησὶν,
3430 2734 3598 2800 ὅπως
3635 2732 3789 2788 οὐδὲν

2221 2829 2509 2899 καθυφεὶς
2552 2830 2767 2895 αὐτὸς,
2819 2827 2958 2884 οὔτε
2997 2828 3126 2898 μὴν
3167 2830 3253 2894 etc
3301 2826 3464 2880 ἰδίαν
3509 2827 3700 2896 φύσιν
3733 2825 3786 2878 τὸ

2219 2923 2557 2994 ἀσθενῆσαι
2603 2923 2842 2991 παθὼν,
2888 2923 3312 2995 συγκεχώρηκε
3363 2921 3443 2990 τῇ
3495 2921 3680 2990 σαρκὶ
3707 2918 3789 2973 καί

2221 3018 2319 3074 διὰ
2357 3019 2474 3074 τῶν
2528 3019 2691 3074 ἰδίων
2727 3019 2874 3074 ἱέναι
2907 3019 3134 3089 νόμον·
3163 3017 3263 3072 καὶ
3299 3017 3486 3071 αὐτοῦ
3526 3017 3596 3070 τὸ
3617 3014 3789 3085 χρῆμα

2221 3113 2457 3183 λέγεται
2481 3112 2579 3167 διὰ
2605 3115 2670 3167 τὸ
2702 3112 2860 3166 ἴδιον
2887 3109 3040 3167 εἶναι
3088 3112 3154 3165 τὸ
3184 3111 3355 3181 σῶμα
3377 3110 3596 3165 αὐτοῦ.
3625 3111 3723 3164 Καὶ
3743 3109 3790 3160 ἐν

2221 3209 2334 3270 τοῖς
2364 3205 2720 3275 Θησαυροῖς,
2785 3208 2855 3260 Τὸ
2888 3206 2999 3274 μὲν
3031 3205 3419 3273 ταράττεσθαι
3443 3203 3560 3272 τῆς
3589 3201 3790 3270 σαρκὸς

536 3293 721 3361 gorius
779 3294 946 3358 enim,
1002 3294 1355 3360 Athanasius,
1415 3295 1843 3365 Amphilochius,
1879 3295 2116 3366 Chryso-

2228 3265 2382 3350 τδιον
2418 3265 2606 3362 έτάθος
2629 3337 2643 3361 ,
2777 3297 2844 3350 δὲ
2889 3265 3182 3361 ἕξουσί-αν
3209 3297 3374 3366 ἔχειν
3398 3265 3598 3349 θεῖναί
3625 3265 3685 3348 τέ
3709 3265 3789 3346 καί

537 3393 765 3451 slomus,
793 3385 1133 3451 Ambrosius,
1181 3386 1529 3456 reliquusque
1581 3396 1892 3441 sanctorum
1945 3397 2120 3443 ccetus

536 3474 676 3527 idem
712 3475 1140 3546 promulgarunt.

2228 3387 2413 3442 πάλιν
2441 3388 2649 3442 λαϐεῖν
2695 3389 2810 3458 τὴν
2837 3389 3048 3458 ψυχὴν
3077 3388 3191 3456 τὴν
3216 3388 3320 3443 τοῦ
3374 3388 3578 3458 Λόγου
3629 3383 3792 3440 δυνά·

2223 3497 2380 3550 μεως
2411 3481 2609 3550 ἔργον.
2641 3481 2750 3534 Καὶ
2777 3481 2942 3552 μυρία
2972 3480 3038 3534 ἄν
3064 3498 3148 3544 τις
3171 3479 3498 3550 βουλόμενος
3534 3477 3795 3546 συλλέγειν

535 3563 602 3618 ἐκ
639 3581 700 3618 τε
741 3565 967 3620 τούτου²
995 3566 1089 3621 τοῦ
1129 3565 1276 3620 θείου
1311 3565 1504 3638 ἀνδρὸς
1547 3567 1644 3620 καὶ
1669 3567 1733 3620 ἐκ
1775 3567 1885 3620 τῶν
1915 3566 2120 3622 λοιπῶν
2143 3568 2300 3640 ήμῶν
2331 3571 2594 3644 Πατέρων
2619 3572 2720 3626 οὐκ
2743 3571 2808 3625 ἂν
2834 3573 3086 3644 ἀπορήσῃ
3102 3565 3158 3604 ’³ο
3186 3570 3314 3643 [812
3335 3569 3428 3643 IL]
3479 3571 3538 3624 οἵ
3590 3588 3649 3623 τε
3702 3570 3793 3640 γὰρ

534 3655 832 3727 Γρηγὸριοι
862 3659 956 3712 καὶ
994 3657 1315 3720 Ἀθανάσιος
1351 3657 1699 3728 ’Λμφιλόχιὸς
1723 3663 1780 3710 τε
1807 3657 1899 3711 καὶ
1932 3661 1960 3712 ὁ
1984 3659 2369 3732 Χρυσόστομος
2423 3665 2517 3715 καὶ
2554 3662 2878 3734 ’Δμὸρόσιος
2905 3664 2999 3718 καὶ
3025 3665 3054 3717 ὁ
3085 3659 3241 3727 ἄλλος
3305 3663 3415 3716 τῶν
3486 3664 3666 3731 ἁγίων
3715 3679 3793 3733 χο-

538 3751 634 3824 ρὸς
663 3752 732 3806 τὰ
760 3752 898 3806 αὐτὰ
938 3751 1358 3822 διακεκράγασι.

613 3847 906 3916 Postquam
947 3861 1076 3900 vero
1124 3845 1647 3915 proposuerunt'qui
1699 3854 2019 3916 repugnant,
2061 3853 2116 3900 ut

2305 3841 2468 3900 ’Ἐπεὶ
2491 3846 2546 3898 δὲ
2577 3843 2897 3916 προέτειναν
2926 3835 2974 3899 οἱ
3011 3845 3079 3898 δι’
3117 3845 3362 3910 ἐναντίας
3391 3846 3469 3910 ὡς
3512 3845 3794 3919 Γρηγὸριος

539 3939 839 4011 Gregorius
871 3938 1354 4005 Neocmsariensis,
1389 3936 1744 4007 Athanasius,
1785 3939 1977 4005 Julius,
2013 3939 2116 4010 Cy-

2224 3941 2252 3992 ὁ
2308 3937 2741 4010 Νεοκαισαρείας
2773 3937 2868 3991 καὶ
2908 3931 3237 4002 ’Ἂθανάσιος
3298 3940 3392 3993 καὶ
3448 3939 3670 4002 Ἰούλιος
3711 3939 3792 3992 καὶ

538 4034 714 4098 rillus,
756 4033 1106 4098 Erechthius,
1146 4046 1306 4086 unam
1363 4031 1454 4087 Dei
1491 4041 1737 4087 naturam
1780 4034 2116 4088 incarnatam

538 4124 800 4178 sentiunt.
836 4122 996 4177 Clare
1035 4122 1180 4176 enim
1205 4122 1352 4177 vocis
1383 4138 1599 4178 sensum
1637 4125 1871 4194 explicat
1899 4125 2108 4191 dicens,

539 4223 597 4267 ut
619 4214 734 4285 ipsa
785 4212 1145 4268 differentiam
1205 4215 1475 4268 unitarum
1507 4223 1826 4270 naturarum
1870 4217 2115 4273 edoceat.

538 4301 651 4358 Nisi
685 4305 827 4357 ettim
862 4303 1100 4358 humana
1132 4315 1324 4358 natura
1370 4315 1424 4360 et
1479 4306 1660 4360 divina
1704 4307 1977 4374 differant,
2031 4311 2116 4366 vel

537 4400 760 4456 omnino
791 4401 976 4457 carnis
1005 4400 1058 4456 in
1101 4401 1399 4459 divinitatis
1447 4407 1740 4461 essentiam
1791 4407 2112 4477 invertatur,

540 4493 625 4548 vel
656 4493 709 4548 in
743 4509 965 4549 carnem
1000 4494 1280 4561 divinitas,
1307 4506 1363 4551 et
1395 4498 1472 4552 sic
1522 4514 1627 4553 una
1659 4497 1754 4554 ﬁat
1787 4514 1803 4554 :
1852 4502 1996 4570 quod
2034 4511 2118 4560 est

540 4582 864 4652 Apollinarii
922 4592 978 4638 el.
1033 4584 1291 4639 similium
1363 4589 1740 4643 luereticorum
1804 4589 1964 4660 impia
1999 4592 2116 4648 bla-

2225 4025 2493 4101 Κύριλλος
2525 4031 2630 4083 ’καὶ
2671 4028 2948 4102 Ἐρέχθιος
2985 4030 3118 4102 μίαν
3152 4029 3314 4100 φύσιν
3343 4029 3439 4084 τοῦ
3469 4029 3610 4083 Θεοῦ
3632 4031 3790 4099 Λόγου

2223 4123 2508 4189 δοξάζουσι
2541 4122 2974 4196 σεσαρκωμένην
2996 4166 3012 4192 ,
3054 4122 3309 4192 διασάφει
3346 4123 3446 4194 μὲν
3475 4123 3579 4193 τῆς
3625 4122 3790 4191 φωνῆς

2221 4216 2320 4288 τὴν
2342 4217 2616 4283 διάνοιαν,
2643 4217 2817 4286 λέγων
2860 4217 2936 4280 ὡς
2975 4215 3070 4272 καὶ
3109 4215 3248 4286 αὕτη
3293 4214 3357 4270 τδ
3398 4215 3658 4287 διάφορον
3694 4212 3787 4268 τῶν

2223 4308 2536 4363 ἑνωθέντων
2564 4309 2872 4363 ἐκδιδάσκει
2894 4307 3133 4377 φύσεων.
3159 4306 3224 4360 Ei
3253 4306 3362 4379 γὰρ
3400 4306 3478 4378 μὴ
3524 4308 3553 4378 ή
3590 4305 3784 4377 ἀνθρω·

2225 4399 2355 4471 πίνη
2388 4400 2550 4469 φύσις
2589 4402 2683 4456 καὶ
2725 4402 2761 4472 ή
2805 4401 2926 4455 θεία
2968 4400 3255 4472 διάφορος.
3298 4399 3524 4464 πάντως
3549 4398 3681 4470 γεῆ
3726 4397 3784 4451 τὰ

2220 4493 2323 4562 τῆς
2343 4490 2366 4522 ⁵
2398 4492 2601 4563 σαρκὸς
2631 4492 2713 4557 εἰς
2739 4492 2838 4564 τήν
2862 4495 2962 4564 τῆς
2991 4493 3244 4564 θεότητος
3275 4491 3464 4546 οὐσίαν
3489 4490 3726 4560 ἐτράπη,
3750 4489 3779 4558 ἢ

2221 4584 2302 4647 είς
2322 4582 2422 4655 τὴν
2443 4584 2544 4654 τῆς
2575 4583 2780 4655 σαρκὸς
2806 4586 2839 4657 ή
2866 4583 3058 4655 θεότης
3079 4623 3096 4649 ,
3125 4582 3225 4637 καὶ
3264 4580 3408 4636 οὕτω
3438 4583 3628 4651 γέγονε
3658 4579 3744 4652 μία
3761 4594 3775 4610 ο

540 4676 806 4746 spbemia.
849 4675 915 4730 Et
937 4675 1172 4748 Cyrillus
1207 4677 1260 4732 in
1291 4683 1524 4734 secunda
1552 4679 1619 4734 ad
1651 4679 1979 4737 Succensum
2013 4685 2116 4755 cpi.

2221 4676 2359 4747 ὅπερ
2411 4676 2794 4747 Ἀπολιναρίου
2837 4677 2933 4730 καὶ
2981 4674 3092 4729 τῶν
3137 4673 3471 4745 ὁμοστοίχων
3503 4669 3778 4744 αἱρετικῶν

541 4768 700 4836 stola,
736 4777 948 4823 natura:
975 4767 1360 4836 ditl‘erentiam,
1385 4779 1439 4825 et
1466 4787 1561 4841 per
1596 4773 1734 4828 hanc
1766 4789 1949 4830 vocem
1989 4775 2114 4830 inli-

541 4859 674 4913 ciari
706 4859 1074 4925 manifestum,
1104 4875 1226 4916 cum
1261 4861 1392 4916 dicit
1429 4879 1592 4918 uuam
1633 4857 1724 4920 Dei
1757 4864 1912 4921 Verbi
1959 4875 2115 4922 natu-

544 4963 657 5003 ratn
683 4949 1038 5016 incantatam,
1069 4951 1266 5007 attulit.
1299 4951 1362 5008 Si
1394 4971 1526 5020 vero,
1557 4965 1613 5009 ut
1638 4955 1768 5021 dixi,
1793 4957 2115 5012 incarnatio-

542 5056 607 5092 ne
641 5040 789 5091 illuni
822 5042 1015 5106 dicere,
1045 5042 1193 5095 clara
1231 5057 1304 5096 est
1332 5060 1430 5097 non
1454 5045 1611 5099 dubia
1641 5047 1798 5115 hujus
1831 5049 2112 5118 confessio,

541 5129 744 5198 facta»:
771 5145 880 5183 esse
908 5131 1189 5196 hominem,
1215 5133 1347 5186 nihil
1385 5144 1520 5189 vetat
1551 5137 1762 5201 se'n'tire,
1809 5141 1950 5208 quod
1979 5151 2114 5194 unus

541 5221 819 5286 exsistens,
844 5229 892 5274 et
929 5223 1114 5276 unicus
1149 5221 1322 5278 Filius
1352 5223 1614 5290 Christus,
1647 5229 1736 5296 qui
1787 5230 1924 5282 idem
1969 5230 2114 5285 Deus

541 5324 590 5368 et
628 5315 782 5367 homo
810 5327 910 5380 est,
937 5326 994 5369 nt
1018 5319 1072 5371 in
1105 5319 1379 5372 divinitate
1417 5320 1696 5387 perfectus,
1733 5323 1810 5374 sic
1830 5331 1879 5375 et
1909 5324 1965 5376 in
2008 5325 2110 5376 hu-

542 5421 699 5460 mana
733 5408 1046 5462 conditione.
1077 5407 1216 5464 Ecce
1248 5412 1528 5478 perspicuae
1557 5413 1814 5478 declarat,
1847 5417 2114 5484 quomodo

539 5498 611 5554 ab
644 5512 710 5552 eo
745 5501 944 5554 dictum
976 5504 1276 5556 consentiat
1320 5516 1444 5555 cum
1494 5501 1743 5560 Patribus
1793 5507 1918 5562 illud
1949 5525 1963 5562 :
1998 5506 2115 5562 Una

654 5608 673 5648 ί
716 5610 850 5668 Luc.
882 5627 944 5679 tt,
977 5610 1065 5664 55.

546 5843 652 5911 Χρ.
712 5845 834 5900 add.
864 5843 929 5902 Α.

2216 4767 2376 4822 ἄθεον
2403 4769 2675 4840 φρόνημα.
2710 4769 2769 4822 '0
2795 4768 2982 4839 μέντοι
3003 4784 3068 4837 γε
3093 4766 3360 4837 Κύριλλος
3391 4768 3450 4820 ὲν
3473 4768 3537 4837 τῇ
3566 4763 3777 4834 δευτέρᾳ

2217 4860 2354 4931 πρὸς
2390 4858 2687 4913 Σούκενσον
2717 4858 2974 4930 ἐπιστολῇ
3017 4858 3079 4910 τὸ
3113 4857 3372 4928 διάφορον
3419 4857 3529 4910 τῶν
3575 4854 3778 4924 φύσεων

2217 4953 2314 5007 καὶ
2359 4952 2447 5007 διὰ
2472 4952 2679 5024 ταύτης
2712 4951 2811 5023 τῆς
2852 4952 3036 5022 φωνῆς
3081 4949 3533 5022 ’ἀνομολογεῖσθαι
3577 4945 3775 5018 δηλῶν.

2224 5043 2361 5115 μετὰ
2402 5044 2463 5098 τὸ
2514 5035 2690 5096 εἰπεῖν
2736 5043 2899 5097 αὐτὸν
2958 5043 3086 5112 μίαν
3119 5041 3282 5110 φύσιν
3309 5039 3404 5094 τοῦ
3435 5037 3566 5092 Θεοῦ
3616 5036 3775 5102 Λόγον

2223 5135 2685 5206 σεσαρκωμένηνδ,
2716 5135 3020 5206 ἐπήνεγκεν
3040 5152 3056 5167 ν
3083 5131 3150 5185 Εἰ
3175 5130 3244 5184 δὲ
3267 5171 3282 5198 ,
3314 5131 3391 5194 ὡς
3418 5130 3579 5200 ἔφην,
3607 5128 3687 5181 -ἐν
3704 5121 3777 5187 τῷ

2219 5225 2644 5294 σεσαρκῶσθαι
2685 5225 2887 5294 ,λέγειν
2926 5224 3113 5278 αὑτὸν
3143 5223 3349 5291 σαφής
3378 5223 3510 5276 ἐστι
3540 5218 3637 5272 καὶ
3687 5217 3776 5271 ἀν-

2205 5319 2552 5388 ·αμφίλὸτος
2567 5319 2889 5388 ’,ὁμολογία
2904 5318 3028 5382 τοῦ,
3044 5318 3132 5372 ὅτι
3152 5320 3172 5349 ⁶
3195 5318 3445 5388 γέγονεν
3463 5317 3772 5382 ἅνθρωπος.

2219 5411 2419 5468 οὐδέν.
2441 5411 2571 5467 ’ωτι
2599 5414 2825 5468 ικωλύτι
2867 5413 3032 5467 νοεῖν
3053 5414 3133 5480 ὡς
3153 5407 3243 5479 εἷς
3260 5411 3544 5482 ὑπάρχων
3563 5411 3663 5461 καὶ
3681 5406 3777 5476 μέ⁵

2222 5515 2329 5568 νος
2351 5500 2540 5570 Υἱὸς-ό
2565 5493 2911 5573 ’Χριστὸςτϋ
2930 5505 3112 5568 αὐτός
3145 5503 3288 5569 Θεός
3311 5493 3776 5584 ἐστι’καὶῦνθρω·

1850 5685 2084 5741 vanuu
2113 5666 2531 5742 -LEC’l‘lONES.

616 5773 637 5804 ¹
672 5772 890 5850 ἐούςιτιιινΔ
912 5774 1035 5830 add.
1060 5774 1124 5829 A.
1202 5775 1223 5808 ³
1248 5775 1529 5847 ἀπορήσει
1556 5798 1612 5844 ς.
1691 5783 1713 5814 δ
1750 5784 1845 5850 τῆς
1886 5783 2038 5840 libris
2084 5785 2257 5841 deest.

2361 5780 2870 5853 ⁵ἀναμφί6ολοςς.
2945 5780 3071 5834 θὸτι
3136 5776 3258 5836 libri
3294 5776 3404 5830 ὅτε.
3499 5775 3518 5805 ⁷
3553 5769 3603 5826 ⁸6
3657 5780 3774 5826 ante
