3994 6428
175 440 322 507 1001

1275 445 1801 508 BIBLIOTHECA.
1834 474 1905 485 —
1942 451 2102 513 COD.
2146 450 2449 513 CCXXIX.

3300 458 3435 522 1002

169 571 333 621 πος,
384 552 586 623 ὥσπερ
639 554 708 609 ἐν
758 556 987 623 θεότητι
1034 554 1295 620 τέλειος,
1328 556 1481 610 οὕτω
1532 558 1630 611 καί
1686 557 1756 611 ἐν

1870 558 2271 614 Verbi'natura
2331 562 2629 615 incuruata.
2696 562 3020 617 Nalurarum
3084 566 3437 626 ilill'ivrcntiaiii

169 647 608 714 ἁνθρωπότητι.
656 646 789 701 ’1δοὺ
825 649 1073 718 φανερῶς
1108 648 1309 712 ἔδειξεν
1348 650 1495 713 ὅπως
1543 650 1756 721 εἴρηται

168 734 331 806 αὑτῷ
350 752 410 788 τε
430 736 519 789 καὶ
547 737 660 800 τοῖς
687 737 867 800 ἄλλοις
902 740 933 807 ἡ
942 738 1057 807 μῶν
1083 739 1331 808 Πατράσι
1352 740 1435 805 τὸ,
1460 741 1573 794 Μία
1597 741 1759 809 φύσις

164 824 274 878 τοῦ
311 826 483 893 Λόγου
518 827 933 897 σεσαρκωμένη.
964 829 1075 897 Τὴν
1112 826 1214 896 μὲν
1240 828 1346 881 τῶν
1390 831 1607 897 φύσεων
1643 831 1758 883 διας

169 918 353 988 φορὰν
386 916 655 987 σαφῶς⁸ἡ
686 919 836 989 φωνὴ
866 918 1104 972 διδάσκει
1132 961 1145 983 ,
1181 921 1423 989 παριστᾷ
1444 920 1500 973 δὲ
1532 922 1627 972 καὶ
1656 921 1753 991 τὴν

166 1009 357 1080 ἄκραν
384 1010 479 1062 καὶ
518 1009 888 1068 ἀδιάσπαστον
932 1011 1125 1064 ἕνωσιν
1156 1010 1250 1064 τοῦ
1295 1011 1429 1063 Θεοῦ
1458 1013 1631 1079 Λόγου
1668 1013 1759 1066 καὶ

167 1098 279 1168 τῆς
314 1100 519 1172 σαρκὸς
545 1141 560 1165 ,
598 1101 694 1154 καὶ
736 1101 809 1164 ὡς
854 1097 935 1166 εἷς
977 1103 1212 1173 ὑπάρχει
1250 1103 1345 1159 καὶ
1380 1104 1538 1173 μόνος
1575 1104 1697 1167 Υἱὸς
1730 1106 1760 1157 6

165 1190 455 1261 Χριστὸς⁹
494 1193 940 1264 σεσαρκωμὲνος,
987 1197 1081 1248 καὶ
1127 1198 1187 1248 οὑ
1238 1195 1332 1249 δύο
1374 1197 1480 1251 υἱοὶ
1506 1237 1519 1263 ,
1557 1197 1633 1262 ὡς
1657 1198 1763 1252 Νε-

167 1282 394 1351 στόριος
419 1282 720 1353 ἐδυσφήμει
736 1324 751 1348 ,
772 1286 905 1338 καθὸ
931 1289 1023 1339 καὶ
1046 1288 1185 1358 αὑτὴ
1210 1288 1585 1358 προϐέϐληται
1611 1292 1761 1361 αὑτῷ

165 1373 203 1441 ἡ
242 1374 399 1443 φωνή
432 1389 445 1401 ·
472 1373 524 1425 τί
550 1374 658 1446 γὰρ
685 1375 750 1427 ἂν
775 1375 903 1429 ἄλλο
928 1378 1020 1429 καὶ
1053 1382 1285 1449 σημανεῖ
1302 1380 1342 1411 ²⁰
1368 1380 1458 1445 τὸ,
1492 1379 1553 1434 '0
1582 1384 1763 1448 αὐτός

165 1462 310 1517 ἐστι
344 1464 492 1530 Θεὸς
528 1466 626 1521 καί
652 1468 965 1537 ἅνθρωπος
986 1510 1000 1534 ,
1038 1470 1071 1541 ἦ
1125 1470 1218 1524 δύο
1262 1472 1451 1541 φύσεις
1479 1474 1762 1545 ἡνωμένας

167 1556 231 1609 ἐν
258 1556 561 1611 ὑποστάσει
596 1559 728 1629 μιᾷ;
762 1559 969 1629 Ὠσπερ
990 1561 1083 1613 καὶ
1110 1562 1137 1614 6
1168 1561 1429 1631 Θεολόγος
1466 1564 1505 1616 Γ
1513 1565 1765 1635 ρηγόριος

169 1647 391 1709 εἰπὼν,
420 1650 536 1702 Δύο
581 1650 799 1719 φύσεις
849 1652 994 1716 Θεὸς
1045 1651 1145 1705 καὶ
1195 1652 1541 1722 ἄνθρωπος,
1591 1657 1765 1726 ἐρμηο

167 1738 354 1791 νεύων
389 1740 576 1791 ἑαυτὸν
604 1735 755 1793 εἶπεν
776 1782 792 1805 ,
833 1740 1016 1795 Ὥστε
1050 1745 1083 1796 ό
1128 1744 1322 1815 λέγων
1369 1745 1476 1799 τὸν
1512 1746 1767 1815 Χριστὸν

171 1830 335 1884 Θεὸν
360 1830 401 1862 ¹¹
429 1831 522 1884 καί
549 1832 866 1902 ἄνθρωπον
896 1834 1005 1887 δύο
1033 1836 1248 1903 φύσεις
1276 1836 1601 1903 ἐνωθείσας
1638 1837 1768 1891 καθ’

1864 652 1976 705 hinc
2007 666 2107 704 vox
2135 653 2363 707 dilucide
2388 654 2643 711 ostendit.
2669 664 2721 706 et
2747 669 3010 708 summam
3038 666 3090 710 et
3126 660 3437 715 continuam

1864 742 2117 797 unionem
2140 742 2231 797 Dei
2268 741 2425 797 Verbi
2465 751 2521 799 et
2550 744 2730 797 carnis
2781 745 3041 811 declarat,
3086 758 3249 816 utque
3300 766 3439 804 unus

1862 833 2087 888 exsistat
2103 831 2261 890 Jesus
2279 834 2524 890 Christus
2546 836 2877 905 incarnatus,
2900 848 2952 892 et
2980 854 3087 893 non
3113 842 3217 893 duo
3246 841 3360 906 lilii,
3383 858 3441 897 ut

1862 922 2089 979 Nestorii
2124 940 2282 993 prava
2312 935 2427 980 erat
2459 928 2661 994 opinio,
2699 932 2988 983 secundum
3030 932 3169 1001 quod
3225 944 3277 986 et
3326 934 3441 989 haec

1864 1017 1931 1069 ali
1962 1034 2026 1069 eo
2054 1033 2151 1070 vox
2182 1018 2415 1085 profecta
2462 1030 2564 1073 est.
2606 1021 2746 1084 Quid
2790 1022 2931 1074 enim
2964 1021 3104 1075 aliud
3144 1025 3242 1078 hoc
3275 1025 3439 1093 signi-

1866 1110 1994 1161 licat
2027 1124 2039 1160 :
2073 1107 2270 1179 259a
2303 1108 2451 1163 Idem
2483 1121 2555 1163 cst
2612 1110 2750 1163 Deus
2797 1120 2845 1165 et
2891 1110 3063 1173 Itonia,
3096 1129 3255 1182 quam
3304 1116 3439 1168 duas

1866 1211 2088 1253 naturas
2129 1202 2308 1254 unitas
2349 1201 2402 1254 in
2434 1217 2537 1254 una
2585 1200 2883 1272 hypostasi,
2939 1214 2995 1255 ut
3043 1214 3096 1256 et
3148 1205 3440 1274 Gregorius

1865 1289 2169 1361 Theologus
2200 1293 2386 1347 dicens
2426 1310 2439 1347 :
2478 1292 2627 1347 Duas
2676 1305 2919 1360 naturas,
2984 1294 3145 1348 Deum
3175 1308 3221 1348 et
3269 1298 3440 1351 uomi-

1866 1396 2009 1443 nem,
2050 1380 2441 1451 interpretatus
2470 1384 2707 1448 seipsum
2739 1385 2889 1450 dicit,
2944 1387 3085 1454 quod
3117 1387 3205 1454 qui
3241 1388 3431 1441 usserit

1867 1470 2130 1525 Christum
2186 1470 2349 1525 Deum
2381 1481 2428 1526 et
2469 1472 2747 1538 hominem,
2809 1478 2941 1528 duas
2991 1487 3209 1530 natura:
3265 1479 3440 1532 unitas

1865 1564 2207 1631 personaliter
2231 1562 2558 1633 proﬁteatur.
2603 1564 2669 1619 Et
2696 1576 2918 1621 sanctus
2948 1566 3179 1637 Cyrillus
3205 1570 3437 1625 addens:

1886 1654 2324 1719 )uemadmodum
2352 1656 2407 1708 in
2438 1655 2715 1711 divinitate
2740 1658 3049 1725 perfectum,
3077 1659 3153 1712 sic
3180 1669 3226 1712 et
3260 1661 3312 1714 in
3344 1662 3441 1715 liu-

1868 1745 2145 1809 manitate,
2204 1745 2256 1798 in
2309 1745 2517 1799 duabus
2574 1746 2782 1799 naturis
2844 1747 3093 1817 cognosci
3156 1748 3443 1804 Dominum

1869 1835 2127 1889 ostendit.
2174 1834 2352 1902 Quare
2405 1835 2585 1891 dicere
2631 1837 2803 1905 ipsum
2852 1852 3012 1890 unam
3070 1847 3318 1891 naturam
3354 1839 3443 1894 in-

168 1924 530 1999 ὐπόστασιν
559 1926 744 1992 ὁμολο
758 1925 862 1995 rei.
896 1926 1006 1979 Καὶ
1033 1928 1060 1979 ό
1099 1926 1242 1997 ἱερὸς
1275 1927 1330 1979 δὲ
1368 1926 1493 1999 [426
1525 1927 1617 2001 H.]
1647 1927 1759 1982 Κύ-

1870 1934 2171 1993 carnalam,
2232 1942 2336 1981 non
2392 1928 2442 1981 in
2488 1928 2760 1982 ablatione
2800 1928 3125 1997 cognitionis
3171 1930 3442 1985 unitorum

170 2015 366 2086 ριλλος
415 2015 741 2084 ἐπαγαγὼν,
793 2017 1023 2087 Ὥσπερ
1072 2019 1143 2073 ἐν
1200 2020 1433 2086 θεότητι
1490 2018 1720 2088 τέλειος
1747 2062 1762 2085 .,

167 2107 335 2161 οὕτω
365 2108 463 2162 καί
490 2108 560 2163 ἐν
580 2107 1018 2177 ἀνθρωπότητι,
1044 2113 1104 2163 τὸ
1127 2113 1183 2164 ἐν
1211 2111 1303 2165 δύο
1334 2112 1527 2181 φύσεσι
1558 2114 1761 2185 γνωρί-

169 2198 374 2263 ζεσθαι
406 2199 496 2253 τὸν
528 2198 730 2270 Κύριον
761 2200 1069 2255 ἐκδιδάσκει
1090 2243 1103 2267 ,
1130 2202 1272 2256 ὥστε
1310 2204 1369 2256 τὸ
1395 2203 1573 2272 λέγειν
1603 2204 1765 2259 αὑτὸν

172 2286 316 2358 μίαν
346 2289 507 2357 φύσιν
533 2288 624 2343 τοῦ
654 2290 831 2360 Λόγου
877 2294 1308 2364 σεσαρκωμένην
1340 2295 1440 2349 οὑκ
1486 2297 1574 2348 ἐπ’
1605 2297 1762 2351 ἀναι-

173 2379 332 2449 ρέσει
384 2381 478 2433 τοῦ
512 2382 873 2453 γνωρίζεσθαι
903 2384 973 2437 τὰ
1006 2385 1275 2439 ἐνωθέντα
1320 2386 1445 2441 καθ’
1468 2388 1763 2443 ὑπόστασιν

171 2471 400 2544 εἴρηται
418 2516 432 2539 ,
454 2472 570 2527 ἀλλ’
597 2476 678 2537 εἰς
704 2476 1050 2543 παράστασιν
1082 2477 1177 2531 τοῦ
1207 2478 1531 2551 ἀδιαιρέτως
1560 2479 1769 2552 ἄνθρω-

170 2582 285 2617 πον
324 2566 582 2633 γενέσθαι
607 2566 697 2619 τὸν
724 2566 857 2621 Θεὸν
880 2569 1052 2637 Λόγον
1109 2571 1203 2623 καὶ
1245 2571 1346 2624 οὑκ
1384 2573 1440 2626 ἐν
1494 2572 1770 2646 ἀνθρώπῳ

169 2657 259 2719 ὡς
300 2657 440 2709 ἐνὶ¹¹
476 2658 587 2712 τῶν
636 2660 933 2731 προφητῶν
989 2664 1394 2734 κατῳκηκέναι.
1450 2664 1559 2716 Καὶ
1602 2665 1771 2721 πολλά

170 2748 331 2811 τις¹³
372 2748 507 2801 ἄλλα
551 2751 607 2802 ἐν
630 2753 694 2820 τῇ
722 2751 859 2822 αὑτῇ
891 2749 1041 2821 εὖροι
1072 2753 1361 2825 ἐπιστολῇ,
1386 2754 1452 2808 δι’
1479 2748 1553 2808 ὧν
1584 2756 1771 2827 ήόμο-

170 2837 341 2905 λογία
371 2838 468 2908 μὲν
493 2839 602 2891 τῶν
624 2839 716 2893 δύο
747 2841 961 2911 φύσεων
995 2842 1086 2894 ἐπὶ
1114 2843 1207 2896 τοῦ
1244 2845 1485 2916 Χριστοῦ
1520 2846 1772 2917 βεϐαιοῦ-

170 2945 310 2997 ται,
352 2929 513 2999 μόνον
542 2928 599 2982 δέ
627 2930 688 2984 τὸ
714 2931 817 2985 ἀνὰ
854 2933 1019 3003 μέρος
1042 2933 1247 2988 τιθέναι
1276 2936 1375 3000 τὰς
1406 2935 1597 3005 φύσεις
1621 2939 1772 3010 αἱρε-

172 3021 344 3073 τικοῦ
398 3023 745 3092 φρονήματος
776 3024 1158 3095 ἀπελέγχεται.
1220 3026 1293 3078 Τὸ
1337 3027 1394 3080 δὲ
1447 3028 1578 3098 μίαν
1611 3028 1772 3099 φύσιν

173 3110 281 3165 τοῦ
311 3111 489 3181 Λόγου
526 3116 958 3187 σεσαρκωμένην
999 3117 1141 3170 κατὰ
1170 3117 1467 3191 Νεστορίου
1516 3121 1774 3192 προάγων

172 3202 246 3257 οὐ
288 3202 400 3257 τῶν
441 3205 657 3274 φύσεων
705 3206 805 3278 τὴν
861 3207 1123 3280 διαφορὰν
1189 3199 1436 3279 ἀνᾶιρεῖ,
1488 3210 1626 3266 ἀλλὰ
1672 3213 1771 3282 τὴν

172 3293 358 3349 δυάδα
400 3296 509 3349 τῶν
582 3297 930 3351 ὑποστάσεων
985 3298 1282 3368 φανεροῖ¹⁶.
1331 3299 1624 3372 Νεστόριος
1662 3304 1770 3373 γάρ

173 3386 247 3441 οὐ
271 3386 364 3440 διὰ
403 3387 465 3440 τὸ
510 3388 800 3459 γνωρίζειν
825 3392 921 3453 τὰς
959 3390 1052 3443 δύο
1084 3391 1274 3459 φύσεις
1299 3394 1341 3424 ⁸³
1381 3394 1472 3446 ἐπὶ
1498 3394 1767 3464 Χριστοῦ,

174 3477 327 3533 ἀλλὰ
354 3477 444 3531 διὰ
463 3478 505 3511 ⁸⁸
527 3479 590 3531 τὸ
612 3479 840 3550 διαιρεῖν
880 3480 969 3533 τὸν
999 3481 1304 3553 ἀδιαίρετον
1332 3484 1411 3549 εἰς
1444 3485 1770 3552 ὑποστάσεις

173 3569 281 3623 δύο
304 3571 405 3639 τῆς
441 3570 769 3643 Ἐκκλησίας
794 3573 1228 3642 ἐξωστράκισται
1255 3593 1267 3607 ·
1306 3575 1446 3630 ὥστε
1480 3580 1513 3649 ἡ
1540 3580 1636 3650 μία
1667 3582 1769 3650 φύ-

182 3677 275 3721 σις
306 3659 404 3714 τοῦ
451 3660 626 3730 Λόγου
672 3664 1067 3733 σεσαρκωμένη
1094 3664 1186 3718 τὸν
1218 3665 1518 3738 Νεστόριον
1560 3668 1766 3737 διελέγ-

179 3767 361 3822 χουσα
380 3793 398 3819 ,
429 3752 586 3806 οὑδέν
616 3753 801 3826 ἕτερον
829 3754 980 3823 δηλοῖ
1003 3756 1036 3827 ἢ
1062 3757 1144 3809 ὅτι
1176 3757 1307 3825 μίαν
1341 3759 1636 3813 ὑπόστασιν
1663 3761 1769 3831 χρὴ

179 3844 283 3897 τοῦ
318 3844 458 3897 Θεοῦ
507 3845 681 3913 Λόγου
721 3845 1009 3915 κηρύττειν
1061 3850 1518 3921 σεσαρκωμὲνην,
1554 3852 1689 3923 ὅπερ
1726 3852 1769 3885 ¹⁷

184 3936 450 4006 φρόνημα
499 3937 599 4006 τῆς
651 3938 930 4003 εὐσεϐείας
961 3941 1077 3993 ἐστὶ
1124 3943 1218 3994 καὶ
1262 3943 1295 4012 ἡ
1355 3944 1413 3997 ἐν
1460 3944 1768 4016 Καλχηδόνι

186 4026 410 4089 σύνοδος
440 4027 814 4098 ἐδογμάτισεν.
860 4030 1046 4083 Εἰπὼν
1080 4032 1261 4102 μέντοι
1300 4050 1363 4102 γε
1408 4036 1436 4087 ό
1470 4036 1767 4102 πολύαθλος

196 4117 523 4183 Ἀθανάσιος
543 4119 701 4189 φύσιν
730 4120 857 4191 μίαν
876 4122 969 4175 τοῦ
995 4123 1129 4177 Θεοῦ
1149 4126 1323 4194 Λόγου
1345 4129 1771 4199 σεσαρκωμένην

185 4211 292 4266 οὑκ
324 4212 405 4275 είς
432 4212 712 4284 ἀναίρεσιν
741 4212 843 4285 ἔφη
869 4213 962 4267 τοῦ
995 4214 1359 4286 γνωρίζεσθαι
1384 4219 1481 4288 τὴν
1503 4220 1767 4292 διαφορὰν

186 4304 301 4359 τῶν
331 4303 552 4372 φύσεων
575 4344 590 4370 ,
625 4305 680 4358 αῖ
707 4304 808 4376 τὴν
848 4304 972 4358 καθ’
1003 4306 1298 4361 ὑπόστασιν
1330 4308 1598 4381 ἐπλήρουν
1630 4310 1761 4364 ἔνων

192 4412 300 4461 σιν,
332 4394 473 4448 ἀλλὰ
503 4396 598 4449 καὶ
622 4395 782 4459 αὑτὸς
802 4395 970 4461 δεῖξαι
996 4395 1319 4468 βουλόμενος
1346 4399 1474 4473 [815
1499 4401 1592 4475 8,]
1633 4402 1765 4466 ὼςιδ

186 4482 331 4550 εἴς’⁸
369 4488 520 4540 ἐστιν
548 4487 639 4541 ό⁹⁶
674 4487 798 4553 Υἱὸς
840 4491 1260 4561 σεσαρκωμένος
1288 4493 1381 4547 καὶ
1412 4494 1763 4568 ἐνανθρωπή-

1866 2018 2159 2070 secundum
2190 2030 2477 2085 personam
2530 2018 2730 2069 dictum
2789 2028 2894 2080 est,
2940 2018 3034 2073 sed
3086 2027 3142 2072 ut
3186 2033 3447 2089 appareat

1868 2106 2269 2161 indivisihiliter
2296 2107 2567 2161 hominem
2600 2107 2713 2162 ﬁeri
2756 2108 2847 2163 Dei
2882 2107 3139 2177 Verbum,
3170 2119 3227 2164 et
3258 2125 3359 2165 non
3390 2111 3445 2165 in

1869 2197 2106 2262 homine,
2136 2206 2195 2251 ut
2236 2196 2287 2251 in
2312 2213 2419 2253 uno
2462 2196 2848 2268 prophetarum
2880 2199 3172 2255 habitasse.
3208 2200 3273 2255 Et
3296 2203 3446 2256 simi-

1870 2289 1939 2343 lia
1970 2289 2022 2345 in
2050 2291 2149 2344 hac
2178 2291 2301 2361 quis
2326 2292 2558 2359 reperiat
2588 2292 2836 2360 epistola,
2864 2293 3063 2363 quibus
3091 2293 3209 2349 duae
3231 2304 3445 2349 natura:

1871 2377 2070 2435 Christi
2107 2379 2519 2436 conﬁrmantur.
2558 2380 2747 2436 Solum
2798 2398 2929 2438 vero
2982 2384 3191 2439 divisim
3245 2400 3448 2455 ponere

1871 2485 2118 2539 naturas,
2154 2475 2467 2530 luereticum
2495 2484 2600 2529 est.
2651 2474 2824 2529 Unam
2851 2492 2980 2532 vero
3012 2486 3258 2533 naturain
3286 2480 3447 2535 Verbi

1872 2568 2204 2623 incarnatam
2245 2578 2433 2623 contra
2461 2566 2767 2622 Nestorium
2798 2568 3093 2634 adducens,
3146 2585 3257 2624 non
3311 2570 3449 2625 tollit

1872 2659 2191 2714 divisionem
2225 2668 2562 2723 naturarum,
2592 2660 2686 2713 sed
2718 2659 3027 2715 dualitateni
3063 2662 3447 2732 hypostascon.

1874 2749 2160 2806 Nestorius
2188 2751 2329 2805 enim
2359 2766 2464 2804 non
2503 2752 2627 2819 quia
2656 2762 2948 2820 cognoscat
2980 2752 3117 2807 duas
3147 2754 3198 2807 in
3231 2755 3450 2811 Christo

1876 2852 2126 2907 naturas,
2153 2842 2244 2896 sed
2270 2841 2560 2896 dividendo
2592 2842 2917 2898 indivisihile
2945 2844 2997 2897 in
3028 2846 3162 2899 duas
3185 2861 3452 2917 personas

1875 2934 1943 2989 ab
1984 2934 2228 2989 Ecclesia
2260 2935 2563 3003 expellitur.
2601 2933 2781 3000 Quare
2810 2950 2912 2988 una
2951 2945 3140 2990 natura
3171 2938 3447 2992 incarnaia

1875 3024 2187 3081 Nestorium
2224 3026 2647 3095 reprehendens,
2679 3023 2818 3078 nihil
2844 3024 2988 3080 aliud
3008 3027 3261 3091 ostendit,
3285 3044 3450 3096 quam

1878 3133 2038 3170 unam
2090 3131 2376 3187 personam
2433 3114 2526 3172 Dei
2586 3115 2748 3172 Verbi
2807 3125 3059 3188 oportere
3114 3117 3449 3171 incarnatani

1880 3204 2193 3271 przedicare.
2237 3203 2366 3269 Quae
2389 3203 2656 3257 sententia
2692 3213 2775 3258 est
2804 3203 2923 3259 ﬁdei
2948 3214 3147 3259 nostra:
3171 3211 3225 3259 et
3259 3207 3448 3276 synodi

1875 3295 2351 3351 Chalcedonensis.
2432 3295 2725 3351 Confe‘ssor
2776 3297 2918 3351 enim
2975 3297 3309 3351 Athanasius
3379 3298 3454 3350 ait

1874 3404 2038 3443 unam
2080 3396 2284 3442 tantum
2325 3397 2572 3442 naturam
2625 3388 2714 3442 Dei
2754 3388 2910 3444 Verbi
2953 3390 3309 3454 incarnatain,
3344 3404 3449 3443 non

1874 3478 1941 3532 ad
1976 3478 2268 3533 tollendam
2301 3490 2615 3532 naturarum
2648 3479 3030 3542 diﬂ‘ereiitiaui,
3064 3480 3161 3543 ait,
3196 3480 3447 3551 cognosci

1873 3580 2192 3624 naturarum
2225 3569 2539 3632 discrimen,
2589 3584 2709 3637 qua:
2764 3570 3163 3639 hypostaticam
3225 3570 3453 3639 implent
3505 3586 3512 3593 ·

1872 3662 2147 3726 unionem,
2183 3660 2276 3715 sed
2312 3669 2367 3715 et
2404 3660 2517 3730 ipse
2559 3659 2744 3714 volens
2773 3660 3059 3715 ostendere
3116 3676 3279 3715 unum
3333 3675 3453 3716 esse

1871 3752 2063 3808 Filium
2093 3754 2456 3817 incarnatum,
2481 3762 2535 3807 et
2568 3767 2691 3807 cum
2726 3750 2893 3807 Paulo
2919 3753 3289 3809 Sainosatensi
3312 3770 3453 3825 pra!-

1870 3844 2025 3915 cipue
2057 3855 2280 3914 pugnat,
2308 3845 2398 3915 qui
2436 3843 2602 3897 alium
2634 3852 2758 3897 ante
2787 3844 2983 3899 szccula
3036 3844 3255 3911 Filium,
3311 3847 3451 3901 alte-

1872 3951 1990 3989 rum
2021 3949 2152 3988 vero
2186 3943 2371 4003 postea
2410 3948 2619 3986 summa
2666 3931 2938 3989 dementia
2999 3935 3254 3990 asseruit.
3313 3936 3452 3991 San-

1872 4038 1957 4080 tus
1997 4041 2214 4099 quoque
2253 4024 2428 4080 Julius
2457 4026 2647 4081 eadem
2701 4026 2945 4094 graditur
2993 4025 3076 4079 via
3141 4038 3452 4098 pugnatque

1871 4120 2011 4173 idem
2061 4133 2182 4172 cum
2233 4119 2429 4173 eodem
2484 4116 2652 4173 Paulo
2705 4116 3078 4171 Samosateusi
3118 4127 3172 4172 et
3213 4116 3334 4173 aliis
3383 4120 3451 4174 de

1871 4211 1971 4265 hac
2022 4224 2172 4265 voce.
2240 4209 2586 4274 Erechthius,
2642 4208 2689 4263 si
2736 4207 2953 4277 quidem
3004 4218 3061 4262 ut
3095 4209 3449 4272 Athanasius,

1867 4300 2120 4375 Cyrillus,
2144 4310 2198 4356 et
2224 4299 2420 4367 Julius,
2458 4302 2600 4356 hanc
2627 4315 2815 4356 vocem
2848 4299 3034 4367 sumit,
3061 4302 3162 4356 hoc
3190 4311 3450 4371 praestau—

1870 4396 1977 4450 tius
2014 4394 2176 4448 fuerit
2210 4411 2223 4449 :
2258 4392 2301 4447 si
2334 4408 2459 4447 vero
2492 4402 2690 4463 praeter
2723 4407 2909 4447 eorum
2951 4392 3284 4463 opinionem,
3319 4393 3451 4448 nihil

1868 4486 2265 4543 admirandum.
2287 4483 2425 4540 Eum
2458 4486 2598 4541 enim
2642 4485 2898 4559 Eutychis
2958 4488 3148 4563 morbo
3196 4486 3448 4541 amictum

191 4594 323 4642 σας,
388 4579 485 4630 καὶ
524 4578 759 4647 μάλιστα
809 4582 951 4635 κατὰ
995 4584 1208 4637 Παύλου
1256 4584 1351 4637 τοῦ
1392 4586 1764 4657 Σαμωσατὲως

1876 4585 2025 4637 illiilli
2059 4582 2228 4637 sancti
2262 4581 2361 4636 viri
2413 4581 2905 4652 deprehenderunt,
2953 4578 3147 4651 259!)
3202 4597 3362 4652 quem
3397 4592 3454 4635 et

190 4669 620 4739 ἀγωνιζόμενος,
648 4670 705 4734 ὃς
734 4672 892 4727 ἄλλον
924 4674 1022 4744 μὲν
1054 4675 1144 4728 τὸν
1166 4677 1207 4708 ἰ
1234 4677 1340 4746 πρὸ
1366 4677 1578 4732 αἰώνων
1616 4679 1765 4745 Υίὸν,

188 4760 382 4831 ἓτερον
415 4760 473 4814 δὲ
506 4761 597 4814 τὸν
628 4763 714 4815 ἐπ’
745 4762 990 4834 ἐσχάτων
1018 4768 1399 4835 φρενοϐλαϐὦς
1423 4770 1763 4839 ἐδογμάτιζε.

1871 4676 1981 4744 ipse
2009 4673 2208 4741 prodit,
2244 4673 2322 4728 sic
2344 4672 2529 4727 dicens
2554 4688 2568 4725 :
2598 4671 2661 4727 Si
2679 4672 2886 4743 quidem
2908 4689 2972 4726 ea:
2994 4672 3225 4726 humano
3255 4674 3452 4727 semine

1869 4769 2110 4822 Christus
2140 4767 2261 4835 fuit,
2295 4765 2577 4818 concedam
2610 4763 2837 4832 fructum
2881 4779 2989 4817 esse
3042 4764 3329 4817 secundum
3365 4780 3453 4816 ra-

188 4850 297 4904 Καὶ
333 4854 363 4906 6
401 4854 463 4905 ἐν
495 4852 671 4919 ἁγίοις
700 4853 755 4905 δέ
794 4853 1009 4917 Ἰούλιος
1062 4854 1150 4909 διὰ
1200 4857 1297 4927 τῆς
1332 4858 1504 4928 αὑτῆς
1558 4861 1765 4925 ἐννοίας

1874 4861 2040 4913 dicent
2088 4874 2107 4910 .'
2147 4859 2191 4910 si
2226 4874 2346 4911 vero
2389 4873 2416 4909 e
2446 4866 2626 4909 sancto
2657 4854 2885 4921 Spiritu,
2927 4857 3208 4909 secundum
3233 4854 3453 4908 archan-

188 4942 388 4995 ὥδευε·
418 4942 557 4994 κατὰ
586 4942 799 4996 Παύλου
827 4944 937 5015 γὰρ
959 4946 1054 4999 καὶ
1088 4947 1250 5012 αὑτὸς
1276 4948 1369 5002 τοῦ
1394 4950 1765 5020 Σαμωσατέως

1872 4952 1973 5022 geli
2018 4948 2281 5003 Cabrielis
2344 4963 2514 5001 vocem
2577 4945 2719 5000 Deus
2774 4948 2978 5015 genitus
3042 4958 3152 5009 est,
3215 4946 3452 5017 quando-

188 5034 281 5086 καί
308 5031 424 5085 τῶν
455 5032 657 5103 ὁμοίων
702 5033 789 5085 διὰ
838 5034 942 5105 τῆς
990 5036 1161 5108 αὑτῆς
1208 5039 1391 5109 φωνῆς
1421 5040 1765 5107 ἐξωπλίζετο.

1871 5044 2079 5112 quidem
2109 5060 2139 5094 ιι
2167 5039 2273 5094 Deo
2306 5048 2581 5108 generatus
2629 5040 2717 5094 sit.
2742 5038 2833 5093 Sic
2864 5038 3079 5108 quidem
3107 5037 3449 5105 Erechthius,

197 5125 256 5178 '0
282 5125 471 5194 μέντοι
518 5141 579 5192 γε
618 5125 890 5195 Ἐρέχθιος
918 5129 967 5180 εί
1006 5128 1106 5198 μὲν
1130 5128 1206 5193 ὡς
1247 5130 1562 5197 ’Λθανάσιός
1593 5151 1652 5187 τε
1675 5138 1765 5187 καὶ

1874 5151 2034 5204 quem
2085 5132 2378 5187 verisimile
2422 5140 2505 5185 est
2548 5129 3018 5184 iion'intcllexisse
3070 5127 3233 5183 verba
3279 5127 3452 5185 Elisu-

188 5214 465 5284 Κύριλλος
496 5217 589 5267 καὶ
632 5214 848 5278 Ἰούλιος
874 5217 974 5287 τὴν
999 5222 1183 5288 φωνὴν
1212 5220 1541 5290 ἐκλαμϐάνει
1575 5264 1590 5289 ,
1613 5223 1765 5278 τοῦτο

1877 5228 2024 5292 hi-tli,
2054 5244 2173 5298 qua:
2221 5226 2398 5280 Maria:
2430 5226 2668 5294 Deiparie
2698 5223 3046 5287 benedicens,
3079 5224 3401 5281 exclamavit
3436 5242 3448 5275 :

186 5308 254 5359 ἂν
280 5306 371 5376 εἴη
400 5303 649 5373 ἄμεινον,
683 5308 731 5359 εί
758 5306 814 5359 δέ
842 5308 995 5379 παρὰ
1017 5308 1116 5378 τὴν
1155 5310 1382 5365 ἐκείνων
1409 5314 1565 5378 δόξαν
1589 5357 1603 5378 ,
1632 5316 1765 5371 θαυ-

1878 5318 2154 5376 Benedicta
2214 5320 2353 5372 tuin
2412 5316 2743 5380 mulieribus,
2788 5328 2835 5371 et
2900 5316 3199 5370 benedictus
3250 5316 3452 5385 fructus

190 5396 403 5467 μαστὸν
431 5395 581 5447 οὐδέν
603 5411 615 5422 ·
643 5398 721 5460 εἰς
757 5400 801 5429 ²¹
833 5399 939 5468 γὰρ
966 5398 1060 5469 τὴν
1101 5401 1369 5471 Εὑτυχοῦς
1399 5406 1551 5459 νόσον
1574 5407 1761 5461 πολλοὶ

1870 5412 2055 5465 ventris
2103 5409 2181 5461 tui
2221 5410 2267 5461 ε.
2304 5406 2407 5462 Sed
2458 5423 2632 5475 neque
2684 5408 2877 5462 Isaiam
2928 5406 3298 5462 intellexisse:
3338 5404 3453 5459 Erit

300 5500 325 5537 ιι
363 5490 499 5544 Luc.
529 5506 568 5553 ι,
592 5490 681 5543 42.

1480 5642 1483 5647 ί
1562 5565 1792 5624 νΑιιικΕ
1819 5570 2230 5628 LECTIONES.

261 5649 537 5735 ζσαφῷς]
578 5650 760 5735 σμῇὦξ
794 5649 1075 5735 ἡφῶξιῆο
1130 5724 1142 5735 ,
1169 5654 1190 5683 ’
1395 5657 1423 5707 6
1455 5657 1717 5735 “Xpw’tb;
1773 5679 1888 5735 σεσ.
1934 5670 1979 5717 Α
2021 5683 2037 5721 :
2087 5664 2295 5735 Ἰησοῦς
2357 5663 2592 5735 Χριστὸς
2632 5665 2661 5716 6
2697 5679 2811 5717 σεσ.
2869 5681 2929 5727 ς.
3009 5662 3344 5735 ’θ-σημαίνεῌι
3394 5682 3453 5729 ς’.

194 5727 237 5813 2
270 5720 793 5813 Θεὸν
1127 5724 1183 5813 ἐν
1214 5724 1497 5813 ἐνὶςζωύ
1516 5720 1602 5813 τις
1619 5720 1738 5813 post
1764 5732 2093 5813 ‘Dpoinonil-
2261 5720 2303 5767 ιῖ
2334 5720 2727 5813 φανεροίὶυη.
2754 5735 2843 5813 A_:
2877 5720 3125 5813 φανερῶν
3257 5732 3335 5813 ﬂ“

194 5790 435 5921 ξὲζέῒεῦ
772 5790 961 5925 εἱέ-διὰ
978 5790 1100 5845 add.
1125 5793 1190 5845 A.
1270 5796 1310 5825 ¹⁷
1338 5794 1481 5867 ἅπερ
1505 5797 1548 5852 Α
1576 5816 1589 5852 :
1618 5790 1646 5852 ὃ
1671 5816 1722 5853 τι
1751 5790 1844 5864 ς.’
1891 5790 2029 5871 ’δ’ὡς
2065 5790 2153 5860 Λῖ
2176 5806 2205 5859 6
2226 5824 2286 5871 ς.
2346 5790 2407 5835 ἠ
2437 5790 2516 5867 εἷς
2544 5819 2653 5859 om.
2688 5819 2769 5872 pr.
2800 5802 2863 5857 A.
2889 5790 2901 5802 ’
2939 5803 2983 5834 ²⁶
3012 5790 3181 5855 ὅσοιίῖ
3257 5801 3301 5833 ’⁸
3341 5803 3455 5876 τὸν]

196 5880 308 5920 των
349 5880 412 5921 Λ.
495 5880 538 5894 "
566 5880 740 5924 eicit:
772 5880 905 5925 εις.

522 5933 791 5993 ΡΑτιιοι..
832 5934 948 5992 Gn.
994 5931 1153 5992 CIII.
3014 5941 3090 6001 32
