3994 6396
176 475 294 540 1005
1161 466 1690 530 BIBLIOTHECA.
1730 492 1753 501 -

1829 466 1993 528 COD.
2035 467 2336 529 CCXXIX.
3261 451 3394 516 1006

179 584 351 644 ταύτας
400 580 678 651 ὴνωμένας
718 578 777 630 ὲν
823 580 889 648 τῇ
931 576 1052 630 καθ’
1082 578 1376 631 ὑπόστασιν
1401 580 1592 631 ἐνὼσει
1619 575 1715 629 τοῦ
1742 575 1917 643 Λόγου
1932 576 1999 640 δ’,
2031 577 2105 639 ὡς
2141 579 2174 647 ή
2209 558 2502 646 Ἐκκλησία
2530 592 2587 627 τε
2634 574 2727 626 καὶ⁵
2769 573 2802 642 ἡ
2833 571 2963 639 ἁγία
3016 567 3229 629 σύνοδος
3296 566 3393 619 καὶ

171 680 195 729 ὁ
225 677 397 738 πάπας
425 676 577 728 Λέων
616 672 949 743 ἐπρέσϐευεν
988 671 1150 724 Ἀλλὰ
1171 672 1217 702 ⁸³
1244 673 1336 724 καὶ
1385 671 1556 741 μυρία
1594 668 1726 739 ἄλλη
1757 668 1987 739 διαφορὰ
2021 671 2223 739 μεταξὺ
2246 670 2346 738 τῆς
2378 667 2632 729 ἀσεϐείας
2666 666 2759 718 καὶ
2788 664 2885 733 τῆς
2948 660 3246 722 εὐσεϐείας,
3301 657 3395 709 καὶ

170 770 255 835 ὅση
281 765 370 819 τοῦ
397 764 571 833 φωτὸς
595 762 734 832 πρὸς
758 761 819 814 τὸ
850 760 1059 822 σκότος.

231 861 344 911 Ὀτι
385 855 600 909 ἐπειδὰν
648 856 697 907 οἱ
741 854 847 908 ἀπὸ
888 854 1130 926 Σεϐήρου
1168 854 1552 923 διελέγχωνται
1596 853 1716 914 ταῖς
1744 859 1794 915 Α

1903 848 2040 916 Quia
2078 857 2360 920 postquam
2406 846 2681 902 Severiani
2738 844 3041 898 refutantur
3086 848 3394 893 sanctorum

169 952 264 1002 τῶν
295 948 562 1015 θεοφόρων
592 944 749 1015 ἡμῶν
782 944 1045 1015 Πατέρων
1076 947 1298 1013 φωναῖς,
1326 945 1375 1019 οςί
1404 943 1512 1013 πρὸ
1535 943 1634 1012 τῆς
1660 943 1720 995 ὲν

1826 940 2045 994 Patrum
2121 938 2476 999 testimoniis,
2543 936 2632 1005 qui
2705 944 2830 987 ante
2904 930 3395 985 Chalcedonensem

170 1039 449 1109 Καλχηδόνι
493 1037 709 1089 συνόδου
740 1036 1043 1105 διέλαμψαν
1066 1037 1159 1089 καὶ
1193 1035 1293 1098 τὰς
1321 1036 1413 1088 δύο
1440 1034 1631 1104 φύσεις
1662 1036 1720 1087 ἐν

1828 1033 2087 1103 synodum
2126 1031 2453 1093 ﬂoruerunt,
2495 1040 2550 1085 et
2575 1028 2711 1082 duas
2754 1025 3045 1079 naturasin
3076 1022 3271 1077 unione
3300 1021 3399 1091 hy-

170 1134 226 1201 τῇ
259 1130 371 1183 καθ’
401 1127 693 1180 ὑπόστασιν
737 1126 927 1181 ἑνώσει
973 1128 1067 1180 τοῦ
1104 1128 1278 1195 Λόγου
1314 1126 1608 1198 ἐκήρυξαν,
1641 1127 1721 1185 εἱς

1828 1126 2092 1194 postatica
2123 1124 2552 1193 promulgarunt,
2587 1121 2652 1173 ad
2699 1117 3170 1188 reprehensionem
3214 1126 3399 1166 eorum

170 1220 395 1288 διαϐολὴν
428 1218 607 1273 αὐτῶν
621 1219 668 1250 ⁸⁵
708 1219 870 1281 εὐθὺς
917 1220 1228 1288 τρέπονται,
1261 1222 1446 1290 σχῆμα
1476 1218 1596 1287 μὲν,
1646 1218 1721 1281 ὡς

1828 1230 1947 1270 sese
1967 1224 2306 1277 convertunt,
2337 1224 2653 1283 praetextum
2687 1211 2929 1281 quidem,
2960 1219 3019 1261 nt
3052 1214 3291 1275 apparet,
3312 1217 3402 1258 ea-

170 1310 433 1373 δοκοῦσιν,
483 1308 844 1379 εὐπρόσωπον
888 1312 955 1380 τῇ
1004 1308 1221 1379 διαϐολῇ
1267 1307 1718 1378 περιτιθέντεςδ⁸,

1829 1306 2045 1361 lumniae
2067 1307 2366 1375 speciosum
2386 1314 2745 1374 praetexentes
2767 1320 2781 1355 :
2803 1300 3021 1371 gravius
3042 1312 3169 1352 vero
3191 1293 3403 1350 nemine

173 1399 444 1470 βαθύτερον
486 1399 543 1452 δὲ
572 1399 680 1451 τῶν
709 1398 1075 1469 ἁπροσὼπους
1105 1399 1303 1461 αὐτοὺς
1322 1399 1367 1429 ⁸⁸
1392 1398 1723 1469 ὑϐριζόντων

1830 1400 2130 1462 nominato,
2163 1399 2310 1465 ipsos
2333 1398 2534 1452 veteris
2560 1393 2838 1450 comoediae
2866 1392 2973 1447 ritu
3012 1388 3398 1442 contviciantes.

170 1491 638 1560 διακωμῳδοῦντες.
669 1492 806 1543 Φασὶ
855 1491 964 1560 γὰρ
1006 1492 1083 1552 ὡς
1132 1490 1348 1561 εἴρηται
1396 1492 1496 1561 μὲν
1540 1491 1723 1553 αὐτοῖς

1829 1487 2065 1552 Etenim,
2100 1497 2156 1541 ut
2181 1488 2436 1552 diximus,
2472 1486 2547 1540 illi
2580 1484 2890 1539 dualitatem
2922 1489 3255 1542 naturarum,
3291 1489 3399 1528 non

170 1584 262 1637 τῶν
293 1583 501 1652 φύσεων
533 1583 595 1635 τὸ
625 1582 896 1648 δυαδικδν,
926 1583 1027 1635 οὐκ
1078 1583 1187 1635 ἀπὸ
1236 1582 1460 1653 γνώμης
1501 1583 1557 1636 δὲ
1594 1584 1725 1637 ὀὐδ’

1828 1595 1897 1635 ex
1922 1580 2214 1641 sententia,
2248 1591 2423 1647 neque
2460 1577 2714 1640 libenter,
2756 1587 2929 1641 neque
2960 1587 3025 1624 ex
3053 1570 3158 1624 ﬁde
3186 1565 3401 1623 confes-

171 1651 404 1740 ἑκουσίως
435 1676 553 1729 οὐδὲ
588 1675 729 1729 κατὰ
774 1675 1010 1737 πίστεως
1052 1651 1365 1743 ὁμολογίαν,
1397 1674 1510 1727 ἀλλ’
1539 1674 1615 1737 ὡς
1667 1676 1723 1728 ὲν

1830 1670 1999 1725 sionis
2047 1676 2299 1722 asserunt
2339 1684 2352 1719 :
2394 1678 2582 1718 verum
2636 1672 2695 1716 ut
2724 1661 2776 1715 in
2826 1655 3199 1726 contraposita
3252 1651 3401 1705 falsa:

170 1768 412 1822 ἀντιθέσει
440 1768 539 1836 τῆς
568 1766 921 1836 ψευδωνύμου
951 1766 1206 1834 γνώσεως
1233 1768 1329 1820 καὶ
1369 1768 1489 1819 κατ’
1505 1766 1549 1797 ⁸⁷
1574 1767 1713 1818 οἱκοο

1831 1760 2155 1829 cognitionis
2183 1756 2514 1828 cognitione,
2547 1754 2643 1809 sed
2671 1752 2966 1809 secundum
3003 1744 3397 1802 ordinationem

171 1859 338 1928 νομίαν
367 1858 460 1910 καὶ
484 1833 592 1910 ἐπὶ⁷
608 1856 800 1925 καιροῦ
822 1833 922 1909 ’καὶ
946 1856 1050 1909 ὑπό
1078 1874 1221 1918 τινος
1247 1856 1531 1925 αἰρετικῆς
1556 1854 1723 1919 ἀνάγ-

1830 1850 2312 1917 occasionemque,
2345 1855 2399 1902 et
2432 1846 2500 1899 ab
2531 1843 2781 1898 haeretica
2814 1839 3043 1909 quadam
3078 1833 3400 1889 necessitate

171 1926 256 2019 κης
282 1948 704 2019 ὲκϐιαζομένοις,
738 1949 847 2002 Καὶ
871 1948 922 2001 τί
948 1948 1013 2001 ἂν
1048 1946 1134 2017 εἴη
1160 1945 1320 2001 τοῦτο
1350 1946 1383 2016 ἢ
1420 1946 1547 2009 τοὺς
1576 1944 1724 1998 διδασ-

1832 1940 2116 2007 compulsi.
2148 1939 2213 1991 Et
2242 1938 2371 2007 quid
2394 1937 2495 1991 hoc
2521 1933 2670 1989 aliud
2703 1932 2861 1985 fuerit
2889 1929 2987 1982 nisi
3020 1926 3248 1982 eximios
3280 1938 3396 1976 ma—

173 2017 377 2106 σκάλους
409 2017 710 2111 ὑποκριτὰς
740 2042 1118 2111 ἀποφαίνειν⁸⁸
1148 2040 1355 2105 δειλούς
1392 2039 1520 2112 [428
1551 2038 1645 2110 Η.]
1666 2054 1724 2091 τε

1833 2034 2031 2103 gistros
2059 2031 2346 2086 ostendere
2374 2029 2672 2097 improbos,
2706 2036 2762 2080 et
2792 2022 3040 2076 veritatis
3071 2017 3395 2090 proditores.

173 2136 251 2187 καὶ
289 2134 381 2201 τῆς
426 2108 687 2204 ἀληθείας
741 2108 1026 2205 προδότας,
1064 2133 1157 2187 καὶ
1200 2132 1302 2202 τῆς
1332 2108 1542 2185 οἴκοθεν
1566 2108 1723 2183 εὐσε-

1834 2133 1888 2178 et
1912 2123 2144 2192 proprias
2177 2120 2363 2191 pietati
2396 2119 2628 2175 alienam
2663 2125 2718 2173 et
2748 2114 3056 2171 haereticam
3089 2108 3398 2181 opinionem

174 2222 301 2288 Θείας
323 2199 379 2277 τὸ
406 2199 684 2295 ἀλλότριον
707 2199 800 2278 καί
820 2224 1095 2296 αἱρετικὸν
1116 2199 1295 2295 δόγμα
1319 2222 1721 2295 προτιμῶντας,

1831 2223 2251 2284 anteponentes,
2283 2220 2335 2266 et
2369 2212 2435 2264 ad
2477 2210 2688 2265 illorum
2723 2207 3038 2263 barathrum
3070 2203 3250 2272 potius
3284 2209 3399 2254 tra—

173 2316 253 2367 καὶ
281 2290 637 2377 ὲλκυσθέντας
684 2290 893 2384 μᾶλλον.
915 2316 1053 2387 πρὸς
1081 2317 1145 2370 τὸ
1178 2290 1404 2370 ἐκείνων
1452 2315 1723 2386 βάραθρον

1829 2317 1945 2363 ctos
1968 2320 2129 2376 quam
2169 2303 2293 2358 inde
2340 2302 2552 2371 aliquos
2595 2301 2890 2354 trahentes.
2932 2296 3211 2362 Quomodo
3256 2290 3399 2346 enim

174 2406 202 2477 ἢ
242 2408 434 2460 ἐκεῖθέν
469 2424 627 2470 τινας
673 2385 1111 2474 ἀνελκύσαντας;
1165 2407 1273 2462 Ποῦ
1320 2407 1428 2478 γὰρ
1456 2385 1585 2460 ἔστι
1612 2409 1724 2469 τοῖς

1829 2398 1955 2452 talia
1987 2411 2109 2451 cum
2142 2392 2307 2447 Paulo
2351 2392 2533 2446 dicere
2566 2389 2761 2452 liceat,
2796 2385 2935 2451 Quia
2983 2398 3152 2438 sermo
3188 2388 3361 2435 noster
3384 2418 3399 2442 ,

174 2471 407 2562 τοιούτοις
434 2499 573 2568 μετὰ
608 2499 821 2554 Παύλου
846 2499 1047 2569 λέγειν,
1075 2471 1152 2564 ὧς
1190 2501 1253 2553 '0
1281 2471 1464 2568 λόγος
1492 2498 1662 2568 ἡμῶν
1692 2501 1724 2551 ό

1827 2491 1915 2559 qui
1946 2488 2044 2558 fuit
2084 2488 2223 2555 apud
2264 2500 2384 2548 vos,
2428 2499 2528 2536 non
2564 2490 2641 2535 est
2672 2485 2726 2532 in
2759 2478 2851 2531 illo
2892 2474 2983 2530 Est
3022 2485 3067 2529 et
3113 2472 3281 2527 Non:
3312 2471 3401 2526 scd

177 2588 304 2656 πρὸς
334 2565 487 2657 ὑμᾶς
517 2591 632 2644 οὐκ
670 2565 929 2659 ἐγένετο*
950 2565 1050 2645 ναί
1086 2590 1186 2644 καὶ
1225 2589 1318 2655 οὒ,
1346 2565 1625 2644 ἀλλάντααὶ
1659 2590 1728 2642 ἐν

1830 2582 1927 2635 Est
1959 2583 2013 2635 in
2046 2581 2157 2648 ipso
2184 2579 2384 2646 factum
2413 2584 2489 2628 est
2518 2574 2533 2613 ί
2564 2613 2578 2636 ,
2625 2573 2937 2627 innumeras
2979 2569 3031 2621 in
3087 2566 3193 2620 vita
3228 2565 3404 2618 varia-

177 2655 314 2743 αύτῷ
338 2655 565 2750 γέγονε,
605 2655 803 2752 μυρίας
835 2683 1045 2753 τροπὰς
1091 2683 1229 2753 πρὸς
1262 2684 1351 2735 τὸν
1406 2682 1517 2750 βίον
1530 2683 1575 2714 ’δ’
1598 2699 1726 2752 τρε-

1834 2677 2007 2730 tiones
2066 2669 2477 2726 admittentibus
2535 2676 2589 2720 et
2649 2662 2832 2730 Euripi
2879 2658 3207 2714 nmtationes
3278 2655 3402 2708 imi-

180 2744 422 2836 σειομένοις*
442 2772 535 2824 καὶ
552 2744 659 2835 τάς
670 2744 716 2803 έο
743 2744 973 2841 εύρίπου
1002 2744 1305 2843 μεταϐολὰς
1335 2744 1724 2842 μιμουμένοις

1833 2764 2115 2822 tantibus?
2158 2761 2264 2817 Sed
2304 2759 2430 2831 quid
2465 2769 2680 2811 rursum
2708 2752 2905 2808 asserit
2950 2748 3206 2805 haeresis?
3244 2744 3404 2800 Vem'a

190 2858 328 2915 Ἀλλὰ
371 2862 422 2915 τί
466 2863 629 2917 πάλιν
655 2838 824 2935 φησὶν
869 2865 902 2934 ἡ
953 2838 1196 2936 utipsam;
1230 2838 1558 2933 Συγγνώμη
1607 2864 1731 2931 τοῖς

1835 2858 2082 2915 Patribus
2105 2856 2302 2911 danda.
2328 2853 2520 2925 260!)
2543 2850 2601 2904 Si
2625 2848 2766 2903 enim
2792 2847 2843 2900 vi
2867 2846 3095 2914 quadam
3127 2838 3407 2896 sententiae

181 2952 456 3021 Πατράσιν
474 2971 488 2984 ·
512 2957 546 3026 ὴ
574 2932 685 3027 γὰρ
715 2932 806 3025 βία
827 2932 925 3027 τῆς
946 2932 1172 3027 γνωμης
1193 2932 1519 3027 ἐκράτησεν,
1542 2956 1732 3026 ὥσπερ

1833 2950 2091 3021 pervincit
2114 2990 2130 3015 ,
2170 2957 2425 3017 tanquam
2454 2950 2767 3013 potestatem
2792 2950 2948 2993 nacta
2970 2932 3330 2999 conviciandi,
3355 2942 3409 2984 et

181 3043 402 3107 ἐξουσίαν
426 3046 669 3100 λαϐοῦσα
698 3048 955 3120 λοιδορεῖν
991 3049 1088 3102 καὶ
1113 3049 1466 3120 κατακρίνειν
1502 3049 1590 3101 ὅτε
1615 3048 1734 3117 βού-

1835 3042 2227 3100 condemnandi
2258 3039 2399 3109 quod
2432 3037 2622 3099 libeat,
2648 3042 2703 3089 et
2729 3045 2943 3089 rursum
2975 3027 3248 3082 dimittere
3280 3037 3409 3093 pec-

182 3134 310 3190 λεται
338 3139 428 3192 καὶ
454 3140 637 3205 ,πάλιν
677 3139 897 3208 ἀφιέναι
921 3140 983 3193 τὸ
1000 3141 1045 3172 ⁸⁸
1077 3141 1404 3211 ἁμάρτημα,
1447 3141 1539 3193 καὶ
1575 3141 1733 3210 μόνον

1836 3146 2013 3190 catum
2038 3142 2096 3188 et
2121 3142 2329 3186 tantum
2355 3144 2459 3184 non
2494 3128 2574 3183 sic
2599 3124 2935 3181 exclamans:
2972 3120 3137 3174 Labia
3169 3127 3348 3173 nostra
3377 3131 3410 3166 a

181 3227 284 3297 οὐχὶ
330 3228 536 3299 βοῶσαο
590 3230 668 3285 Τὰ
698 3231 874 3301 χείλη
911 3230 1084 3301 ἡμῶν
1112 3209 1248 3300 ¹παρ’
1275 3209 1421 3300 ἡμῖν
1448 3209 1611 3286 ἐστι)
1642 3232 1734 3296 τίς

1940 3229 1982 3278 is
2010 3235 2153 3288 sunt,
2192 3225 2307 3293 quis
2346 3231 2519 3273 noster
2562 3217 2817 3271 Dominus
2854 3222 2928 3268 est
2961 3212 3011 3264 i?
3037 3209 3407 3277 Praeterquam

183 3319 330 3387 ἡμῶν
359 3322 573 3390 Κύριός
601 3299 773 3388 erret;
826 3299 973 3394 Πλὴν
1002 3324 1052 3376 εἱ
1081 3299 1215 3377 διότι
1244 3299 1382 3394 πρὸς
1410 3324 1653 3394 αἱρέσεις
1684 3325 1734 3377 οἱ

1838 3316 1984 3387 quod
2007 3332 2129 3370 cum
2157 3313 2429 3369 haereticis
2455 3310 2643 3364 Patres
2673 3313 2998 3378 pugnarunt,
3030 3301 3131 3357 etsi
3157 3314 3189 3355 a
3211 3299 3410 3369 pietate

183 3409 399 3485 Πατέρες
430 3388 719 3485 ἐμάχοντο,
748 3416 852 3469 κᾶν
873 3388 971 3486 τ’ῖίς
994 3388 1621 3482 εὐσεϐείας-ἐξέπιπτον,
1648 3415 1736 3468 διὰ

1838 3408 2175 3470 exciderunt,
2199 3415 2486 3475 propterea
2515 3402 2672 3455 venia
2700 3398 2866 3468 digni,
2890 3393 3160 3464 quomodo
3183 3388 3409 3461 aequalis

184 3502 318 3595 τοῦτο
347 3507 677 3577 συγγνώμης
704 3481 940 3573 ἐπάξιοι,
970 3506 1087 3571 πῶς
1118 3507 1216 3578 τῆς
1246 3509 1369 3579 ῐσης
1392 3508 1735 3579 συμπαθείας

1840 3496 2122 3552 nobiscum
2152 3492 2473 3553 aﬂectionis,
2500 3500 2557 3545 et
2596 3494 2639 3543 si
2676 3489 2805 3559 quid
2842 3485 3152 3541 adulterare
3185 3481 3408 3535 videan-

186 3592 392 3661 ὐμῶν⁸¹,
422 3598 470 3649 εἰ
500 3598 599 3651 καί
627 3576 679 3651 τι
710 3576 1399 3668 παραχαράσσεινήέδοξαν,
1433 3576 1484 3650 οἱ
1503 3599 1562 3651 ὲν
1584 3598 1737 3652 Καλ-

1844 3602 1952 3658 tur,
1982 3590 2075 3659 qui
2106 3584 2529 3644 Cbalcedonensi
2566 3582 2770 3654 synodo
2799 3594 2903 3635 non
2939 3576 3325 3635 interfuerunt,
3360 3580 3416 3633 ot

186 3685 346 3755 χηδόνι
389 3689 487 3741 οὐκ
534 3663 898 3759 ἀπήλαυσαν-ξ
931 3663 1041 3740 Καὶ
1069 3688 1205 3759 πρὸς
1232 3689 1326 3742 δύο
1357 3686 1465 3759 γὰρ
1498 3688 1739 3758 αἱρέσεις

1840 3685 1906 3740 ad
1937 3684 2071 3737 duas
2100 3683 2355 3744 haereses,
2382 3687 2435 3733 et
2467 3677 2518 3731 hi
2547 3680 2921 3745 Oppugnantes
2945 3666 3179 3725 Nestorii
3204 3663 3404 3735 opinio-

188 3778 268 3829 καὶ
291 3773 427 3834 οῦτοι
460 3756 949 3851 διαμαχεσάμενοι,
983 3779 1080 3849 τὴν
1114 3756 1413 3849 Νεστορίου
1436 3756 1536 3833 *καὶ
1562 3756 1741 3832 ΫΕύτυο

1841 3790 1964 3831 nem
1986 3784 2039 3828 et
2061 3773 2341 3843 Eutychis,
2376 3769 2733 3824 tradiderunt.
2758 3764 2865 3819 Sed
2888 3762 3086 3829 ubique
3112 3756 3247 3812 adeo
3267 3766 3410 3811 caeca

188 3868 315 3937 χοῦς,
343 3848 725 3943 ἐδογμάτισαν.
744 3871 884 3924 Ἀλλ’
904 3848 1076 3935 οὕτως
1102 3872 1219 3926 ἐστὶ
1242 3848 1517 3941 πανταχοῦ
1542 3870 1739 3938 τυφλὸν

1839 3877 1925 3924 est
1954 3881 2019 3921 ac
2047 3866 2211 3921 surda
2244 3862 2514 3931 impietas,
2546 3868 2601 3913 et
2632 3870 2807 3927 neque
2848 3864 3072 3908 cernere
3109 3848 3404 3919 quidquam

189 3960 268 4012 καὶ
296 3937 532 4032 κωφὸννή
571 3963 817 4027 ἀσέϐεια,
846 3962 941 4018 καὶ
990 3961 1114 4016 οὔτε
1164 3963 1381 4032 βλέπειν
1421 3937 1569 4014 οἶδεν
1614 3937 1739 4014 οὕτε

1871 3961 2012 4021 ιονὶι,
2041 3970 2217 4026 neque
2249 3954 2460 4015 audire,
2494 3964 2667 4019 neque
2698 3962 2818 4017 qua:
2858 3945 2948 4000 illa
2993 3944 3108 4012 ipsa
3138 3937 3409 4009 proponit.
3443 3979 3448 3985 .

192 4048 411 4118 ἀκούειν,
434 4055 544 4108 οὐδ’
581 4053 726 4125 ἅπερ
776 4053 912 4121 αὑτὴ
960 4053 1145 4123 ἐκείνη
1191 4052 1650 4125 προϐάλλεται.Ἢ
1680 4052 1739 4105 δὲ

1840 4049 2276 4107 Chalcedonense
2310 4042 2602 4099 concilium
2642 4039 2826 4094 statim
2868 4034 3046 4097 initio,
3078 4046 3198 4101 quae
3221 4038 3410 4084 contra

189 4141 237 4191 ὲν
264 4144 549 4215 Καλχηδόνι
584 4119 798 4208 σύνοδος
826 4119 989 4208 εὐθὺς
1040 4119 1143 4215 μὲν
1183 4119 1484 4215 ἀρχομένη,
1518 4144 1556 4197 ὃ.
1599 4144 1740 4197 κατὰ

1842 4139 2151 4196 Nestorium
2184 4137 2376 4191 beatus
2405 4132 2642 4203 Cyrillus
2685 4126 2879 4197 Ephesi
2914 4123 3188 4185 tractavit,
3221 4121 3290 4176 iis
3314 4119 3410 4174 de-

190 4211 456 4305 Nsatopiou
491 4237 759 4307 Κύριλλος
790 4238 848 4291 ὲν
889 4211 1103 4307 Ἐφέσῳ
1143 4211 1504 4308 διεπράξατο,
1532 4235 1739 4298 τούτοις

1839 4242 2045 4286 cretam
2084 4227 2465 4285 auctoritatem
2506 4220 2731 4285 addidit,
2770 4227 2827 4273 et
2860 4227 2988 4270 ante
3015 4216 3116 4270 hoc
3149 4214 3283 4266 duas
3314 4211 3412 4265 ba-

189 4321 241 4375 τδ
268 4303 418 4394 κῦρος
444 4303 688 4389 ἐπέθετο,
723 4327 818 4379 καὶ
849 4303 1093 4396 τὰς-πρδ
1126 4303 1329 4397 ταύτης
1364 4327 1457 4383 δύο
1490 4328 1739 4389 συνόδους

1840 4322 1982 4378 bitas
2015 4320 2252 4392 synodos
2283 4329 2536 4387 tanquam
2576 4313 2694 4368 ﬁdei
2726 4308 3066 4366 detinitrices
3097 4303 3320 4374 recepit,
3356 4309 3412 4355 et

190 4413 258 4477 εἱς
277 4417 391 4486 ὅρον
420 4419 643 4485 ἐδέξατο
680 4419 936 4484 πίστεως,
974 4420 1066 4473 καὶ
1104 4420 1319 4490 Ἀρειον
1350 4420 1405 4473 δὲ
1440 4421 1535 4474 καὶ
1558 4422 1741 4474 Μακε-

1840 4415 2058 4479 Arium,
2098 4410 2506 4472 Macedonium,
2552 4403 2863 4461 Nestorium
2904 4399 3091 4455 eodem
3138 4394 3412 4450 damnavit

190 4503 336 4560 δάνιον
362 4512 451 4562 καὶ
479 4509 775 4580 Νεστόριωο
812 4509 890 4579 τῷ
919 4509 1066 4580 αὐτῷ
1100 4489 1386 4581 συνέδησεν
1417 4511 1736 4581 ἀναθέματι,

1839 4507 2221 4562 anathemate:
2254 4514 2308 4559 et
2338 4502 2433 4572 qui
2464 4502 2515 4555 in
2551 4499 2781 4553 ﬁliorum
2811 4493 3128 4548 dualitatem
3160 4489 3410 4543 incarna-

192 4597 273 4649 καὶ
298 4601 413 4664 τοὺς
442 4604 519 4665 εἱς
542 4601 678 4654 υἱῶν
706 4601 873 4655 δυάδα
906 4600 967 4653 τὸ
998 4602 1097 4672 τῆς
1127 4601 1438 4671 οίκονομίας
1465 4601 1737 4655 διασπῶν-

1841 4598 2005 4653 tionis
2045 4606 2232 4652 secant
2265 4594 2616 4665 mysterium,
2657 4585 3110 4660 quemadmodum
3150 4581 3410 4635 audentes

191 4695 275 4747 τας
297 4690 603 4759 μυστήριον,
625 4688 812 4760 ὥσπερ
837 4690 934 4743 καὶ
957 4691 1082 4752 τοὺς
1109 4689 1358 4761 παθητὴν
1385 4689 1479 4742 τοῦ
1501 4692 1739 4757 Μονογε-

1841 4693 2023 4746 dicere
2048 4687 2327 4758 Unigeniti
2359 4684 2697 4741 divinitatem
2727 4676 3026 4749 patibilem,
3047 4671 3255 4744 pariter
3279 4684 3409 4723 con-

192 4774 297 4838 νοῦς
320 4778 627 4850 τολμῶντας
657 4780 837 4848 λέγειν
870 4780 971 4850 τὴν
1002 4780 1252 4849 θεότητα,
1285 4780 1634 4845 καταδικάζει
1661 4781 1739 4835 δι’

1842 4784 2119 4844 demnant,
2150 4780 2221 4832 ita
2256 4788 2313 4833 et
2339 4777 2474 4833 duas
2504 4782 2629 4828 ante
2663 4771 2915 4826 unionem
2950 4764 3160 4823 Domini
3190 4770 3414 4817 naturas

197 4864 431 4940 ἰσότητος.
468 4873 575 4926 Ναὶ
601 4872 668 4941 δὴ
699 4873 793 4925 καὶ
825 4872 951 4935 τοὺς
975 4872 1069 4926 δύο
1096 4873 1195 4942 μὲν
1230 4872 1336 4942 πρὸ
1362 4876 1462 4943 τῆς
1496 4872 1738 4936 ἑνώσεως
1771 4877 1774 4927 Ι

1844 4873 2237 4941 contingentes,
2271 4881 2431 4922 unam
2456 4872 2576 4935 post
2597 4864 2849 4918 unionem
2879 4859 3197 4920 formantes,
3225 4854 3414 4911 eadem

194 4957 359 5025 φύσεις
392 4965 483 5017 τοῦ
519 4964 724 5034 Κυρίου
757 4962 1092 5034 μυθεύοντας
1116 5005 1132 5029 ,
1164 4963 1294 5035 μίαν
1342 4963 1399 5018 δὲ
1452 4964 1593 5035 μετὰ
1642 4962 1740 5033 τὴν

1841 4962 2095 5030 compede
2133 4956 2477 5025 constringit.
2516 4951 2767 5008 Deﬁnivit
2809 4958 2989 5003 autem
3012 4988 3028 5013 ,
3061 4945 3418 5014 quemadmo-

194 5047 364 5104 ἕνωσιν
409 5054 848 5118 ἀναπλάττοντας
876 5056 991 5118 τοῖς
1022 5055 1206 5118 αὐτοῖς
1255 5053 1578 5124 συνέσφιγξε
1613 5054 1739 5125 βρό-

1841 5056 1964 5108 ιΙιιιη
2012 5066 2132 5121 qua:
2195 5060 2320 5104 ante
2374 5047 2514 5100 hanc
2560 5041 2857 5115 synodum,
2910 5039 3103 5093 nemini
3164 5038 3248 5107 fas
3308 5053 3418 5091 esse

196 5154 293 5208 χαις
315 5145 402 5197 τοῦ
426 5147 988 5218 ἀναθέματος.”Ωρισε
1008 5145 1089 5209 δὲ,
1114 5144 1367 5215 καθάπερ
1388 5145 1483 5199 καὶ
1503 5145 1616 5199 αἱ⁸³
1636 5145 1743 5216 πρὸ

1842 5146 2003 5201 aliam
2027 5142 2261 5214 proﬁteri
2290 5140 2473 5209 ﬁdem,
2504 5136 2608 5191 hoc
2640 5143 2725 5190 est
2756 5131 3132 5195 conscribere,
3163 5130 3248 5184 vel
3273 5144 3419 5183 com-

197 5231 363 5303 αὐτῆς,
394 5236 614 5305 Μηδενὶ
658 5236 879 5300 ἐξεῖναι
912 5236 1127 5290 πίστιν
1148 5235 1362 5306 ἑτέραν
1396 5236 1741 5306 προφέρειν,

1844 5249 2064 5306 ponere,
2098 5233 2180 5287 vel
2218 5230 2440 5294 sentire,
2473 5234 2667 5297 praeter
2705 5237 2869 5295 quam
2906 5220 3133 5276 tradidit
3161 5220 3333 5289 prima
3366 5229 3421 5272 et

197 5320 342 5390 ἤγουν
387 5329 719 5398 συγγράφειν
750 5327 783 5397 ἢ
819 5326 1124 5381 συντιθέναι
1172 5327 1206 5397 ἣ
1255 5330 1472 5397 φρονεῖν
1516 5329 1647 5398 παρ’
1674 5329 1740 5399 ἣν

1849 5327 2082 5381 secunda
2118 5323 2354 5393 synodus
2400 5318 2694 5389 generalis.
2725 5315 2826 5382 Qui
2856 5327 2987 5370 vero
3019 5312 3253 5367 audeant
3275 5311 3418 5364 aliud

200 5416 490 5484 παρέδωκαν
532 5421 568 5491 ἦ
597 5437 656 5474 τε
691 5419 883 5490 πρώτη
926 5419 1021 5473 καλ⁹
1053 5420 1086 5489 ἡ
1115 5419 1342 5488 δευτέρα
1387 5420 1738 5491 οἰκουμενικὴ

1854 5417 2134 5489 sytnbolon
2159 5423 2351 5485 pra-ter
2377 5414 2479 5467 hoc
2501 5411 2743 5466 scribere
2771 5407 2850 5462 vel
2874 5406 3094 5468 docere,
3122 5404 3212 5474 qui
3239 5404 3420 5458 volunt

296 5533 308 5571 δ
340 5532 379 5586 Il
401 5535 527 5590 Cor.
563 5537 714 5601 1,18,
828 5535 841 5583 i
892 5534 1135 5596 ἰδέαι-ιχ.
1159 5535 1194 5597 5

1442 5636 1676 5693 VARle
1699 5632 2105 5691 LECTIONES.

262 5733 303 5806 δξ
332 5736 419 5789 τοῦ
440 5737 594 5806 λόγου
624 5737 812 5792 ένώσει
839 5756 900 5803 ς.
980 5737 1024 5768 ⁸³
1052 5736 1211 5806 ἄλλη]
1240 5735 1355 5788 ἀλλ’
1380 5735 1412 5803 ἡ
1550 5803 1566 5806 Α
1583 5732 1629 5806 ᾗ*
1657 5729 1872 5806 ἑαυτῶν
1893 5746 1961 5806 ς...
2030 5726 2417 5806 ⁸⁸ἰπεριθέντες
2452 5742 2515 5790 ς,
2592 5724 2639 5755 ⁴⁶
2667 5723 2835 5806 αὐτας
2854 5723 3123 5806 ‘Scaliger.
3203 5718 3245 5750 ⁸⁷
3271 5716 3426 5806 ξξὶηὸ

203 5804 305 5854 κατ’
342 5823 406 5880 ςον
426 5877 438 5880 Α
468 5785 522 5840 ’⁵⁸⁸
546 5785 1269 5880 προκριτὰςῗὺποφαξνεινάς.
1346 5785 1518 5874 δ”τὴν
1545 5802 1662 5873 βίαν
1694 5785 2052 5854 Ηωέῦιιῦιὶιιε.
2088 5785 2204 5866 βίον
2228 5796 2319 5848 καὶ
2348 5785 2411 5849 ού
2432 5785 2517 5860 rp.
2550 5813 2608 5859 ς.
2685 5796 2729 5825 ⁵ο
2752 5785 2871 5863 τὰς]
2897 5794 2993 5854 τὰς
3012 5785 3124 5845 ’καὶ
3155 5806 3219 5854 ς.
3290 5785 3334 5817 ⁸¹
3370 5786 3419 5851 ὃ,

202 5885 243 5921 τι
277 5891 329 5937 ς,
401 5877 442 5907 δ’
469 5874 621 5948 ἡμῶν
820 5879 864 5910 ⁸³
889 5877 967 5948 αἱ]
998 5880 1025 5929 ό
1050 5874 1135 5946 ἰιτ.
1168 5876 1233 5929 Λ.
