3994 6400
511 367 641 434 1011

1659 373 1890 434 ΡΗΟΤΙ
1902 373 1923 431 ί
1954 368 2455 431 PATRIARCH/E
2491 369 2599 428 CP.

3628 359 3757 424 1012

507 478 721 547 quando
754 477 901 531 nobis
933 478 1153 544 simplex
1173 519 1187 542 ,
1235 486 1480 532 naturam
1522 479 1815 548 ingreditur
1848 476 2077 546 duplex;

2185 492 2289 529 νον
2316 471 2633 529 τεθεᾶσθαι
2674 484 2865 539 φησιν
2904 470 3003 525 ἐπὶ
3040 470 3446 540 στερεώματος
3475 472 3750 537 ὑπερκεί-

509 581 563 623 et
593 570 694 623 alia
733 577 1006 624 sexcenta.
1043 570 1322 637 Quomodo
1365 585 1469 625 non
1514 586 1580 626 ex
1619 570 1823 625 duabus
1869 567 2077 622 naturis

510 660 646 713 dixit
683 676 835 715 sacra
882 663 1119 732 synodus
1157 662 1433 717 Christum
1478 678 1616 728 esse,
1651 662 1951 716 luculenter
1978 658 2077 714 de-

510 752 751 817 clarans,
790 761 913 806 ante
941 752 1133 807 satcula
1163 767 1285 806 cum
1315 767 1349 807 e
1378 751 1539 808 Patre
1569 762 1749 806 natum
1776 749 2079 813 divinitate,

510 852 568 895 et
593 843 646 897 in
678 843 889 897 ultimis
911 843 1102 897 diebus
1139 854 1319 899 nostra
1352 858 1513 898 causa
1549 852 1604 897 et
1628 843 1694 897 ad
1719 851 1962 897 nostram
2000 855 2082 895 sa-

512 934 675 989 lutem
712 949 744 988 e
768 932 937 988 Maria
961 933 1189 1003 Delpara
1222 949 1543 1004 semperque
1580 933 1802 1002 Virgine
1831 929 2082 988 humani-

514 1034 641 1082 tate.
677 1026 888 1095 Alioqui
918 1026 964 1081 si
996 1026 1181 1098 Cyrilli
1220 1027 1477 1096 epistolas
1516 1026 1796 1096 amplexus
1831 1025 1937 1089 sit,
1964 1038 2085 1094 qua:

514 1116 715 1183 ubique
759 1114 886 1170 illud
923 1130 955 1172 e
1000 1116 1209 1171 duabus
1247 1116 1456 1170 naturis
1493 1115 1909 1171 vociferantur:
1950 1125 2086 1181 quo-

514 1207 673 1262 modo
719 1221 821 1261 non
863 1206 983 1262 sine
1034 1221 1197 1262 causa
1252 1207 1475 1262 haeresis
1526 1207 1785 1261 adversus
1834 1210 2082 1259 sanctum

511 1298 772 1368 synodum
805 1298 1026 1353 fremit?

2179 582 2368 634 μενον
2387 563 2505 617 τῶν
2529 562 2848 631 Χερουϐίμ·
2884 562 3000 631 ἔφη
3037 561 3105 615 δὲ
3133 562 3220 616 ὅτι
3249 563 3357 615 τὸν
3398 563 3499 615 ἐπὶ
3547 566 3759 630 θρόνου

2186 656 2525 725 καθήμενον
2559 655 2781 723 ἑώρακε
2824 653 3030 723 διφυᾶ.
3072 656 3185 707 Καὶ
3234 654 3397 708 πάλιν
3446 654 3762 725 ἑρμηνεύων

2185 749 2248 802 τὺ
2272 748 2413 801 κατὰ
2444 748 2698 817 Ἰωάννην
2725 745 3080 813 Εὑαγγὲλιον,
3111 747 3170 799 ὲν
3208 746 3285 816 τῷ
3313 747 3553 816 δευτέρῳ
3578 745 3765 816 βιϐλίῳ

2188 839 2351 906 φησίν
2369 854 2386 870 ·
2426 838 2581 893 Ἐπεὶ
2610 838 2667 892 τι
2688 837 2989 905 ποιήσεις,
3006 837 3151 890 ὅταν
3176 838 3319 907 ἡμῖν
3340 840 3372 890 ό
3395 837 3636 902 ἁπλοῦς
3657 836 3769 904 τὴν

2182 930 2373 999 φύσιν
2402 931 2675 998 εὶσόαίνῃ
2706 928 3006 995 malaue;
3040 930 3135 982 καὶ
3174 930 3343 999 μυρία
3385 929 3544 985 ἄλλα.
3570 928 3771 991 ungat

2182 1020 2281 1073 οὐκ
2316 1023 2381 1073 ὲκ
2413 1021 2508 1075 δύο
2533 1023 2750 1091 φύσεων
2794 1021 2947 1079 εἷπεν
2978 1026 3012 1095 ἡ
3052 1025 3186 1093 ἁγία
3216 1025 3433 1088 σύνοδος
3484 1024 3580 1077 τὸν
3637 1024 3773 1092 Χρι-

2184 1109 2329 1175 στὸν,
2359 1111 2657 1183 διαρρήδην
2684 1113 2876 1183 βοῶσα
2900 1114 3007 1184 πρὸ
3027 1114 3239 1168 αἰώνων
3270 1114 3362 1168 τὸν
3387 1114 3554 1169 αὐτὸν
3579 1116 3647 1167 ὲκ
3677 1112 3771 1166 τοῦ

2183 1199 2395 1272 Ha“:pr
2422 1204 2749 1275 γεννηθῆναι
2771 1206 2914 1259 κατὰ
2944 1205 3049 1277 τὴν
3074 1206 3325 1277 Θεὸτητα,
3356 1208 3453 1261 καὶ
3482 1204 3571 1258 ἐπ’
3604 1204 3772 1273 ἐσχά-

2187 1310 2297 1346 των
2320 1293 2428 1347 τῶν
2457 1296 2679 1368 ἡμερῶν
2709 1298 2801 1351 τὸν
2821 1298 2986 1351 αὐτὸν
3014 1297 3083 1351 δι’
3104 1299 3253 1368 ἡμᾶς
3281 1298 3375 1352 καὶ
3396 1296 3485 1351 διὰ
3508 1296 3613 1366 τὴν
3632 1296 3774 1365 ἠμε-

512 1390 673 1460 τέραν
723 1390 995 1461 σωτηρίαν
1039 1393 1102 1443 ἐκ
1149 1392 1366 1462 Μαρίας
1408 1391 1509 1462 τῆς
1540 1390 1802 1445 Θεοτόκου
1827 1388 1947 1462 [451
1987 1386 2083 1457 11,]
2125 1386 2219 1441 καὶ
2280 1386 2667 1462 ’Ᾱειπαρθένου
2700 1393 2841 1447 κατὰ
2882 1393 2981 1461 τὴν
3029 1392 3467 1464 ἀνθρωπότητας
3498 1391 3680 1453 ἄλλως
3714 1406 3773 1444 τε

510 1484 570 1537 δὲ
602 1484 762 1548 είτὰς
790 1486 1059 1556 Κυρίλλου
1092 1487 1378 1555 ἠσπάσατο
1413 1486 1734 1551 ἐπιστολὰς,
1779 1486 1836 1538 αἳ
1892 1479 2162 1550 πολλαχοῦ
2190 1481 2251 1535 τὸ
2296 1484 2361 1536 ὲκ
2407 1484 2501 1538 δύο
2559 1487 2776 1555 φύσεων
2822 1488 3241 1560 διακεκράγασι,
3270 1487 3384 1550 πῶς
3455 1486 3518 1539 οὐ
3595 1484 3776 1556 μάτην

511 1580 545 1648 ἡ
573 1579 783 1649 αἵρεσις
814 1578 952 1631 κατὰ
981 1580 1075 1650 τῆς
1113 1580 1264 1648 ἱερᾶς
1294 1579 1513 1633 συνόδου
1542 1581 1909 1649 φρυάττεταις

582 1670 778 1726 Verum
804 1672 1008 1741 inspice
1034 1672 1418 1742 malignitatem
1444 1674 1836 1727 haereticorum.
1865 1670 2081 1723 Dicente

509 1764 652 1816 enim
679 1765 919 1833 synodo:
940 1763 1015 1817 De
1044 1762 1208 1817 Patre
1232 1774 1279 1817 et
1310 1762 1452 1817 Filio
1474 1776 1521 1816 et
1543 1763 1746 1832 Spiritu
1777 1772 1953 1816 sancto
1986 1762 2081 1812 do-

2259 1669 2399 1723 Ἀλλ’
2416 1672 2516 1739 ὅρα
2540 1670 2602 1724 τὸ
2629 1671 2934 1742 κακοῦργον
2963 1671 3065 1741 τῆς
3093 1667 3646 1741 αίρέσεως.Φαμὲνης
3668 1666 3776 1738 γὰρ

2188 1761 2287 1829 τῆς
2312 1763 2529 1815 συνόδου
2546 1776 2558 1787 ·
2584 1764 2726 1829 Περι
2755 1779 2818 1816 τε
2848 1763 2963 1832 γὰρ
2982 1764 3087 1818 τοῦ
3117 1762 3350 1829 Πατρός
3377 1762 3473 1815 καὶ
3502 1759 3613 1814 τοῦ
3640 1758 3778 1813 Υίοῦ

510 1863 623 1907 cent
673 1854 1075 1922 perfectionem,
1127 1864 1175 1909 et
1230 1854 1443 1908 Domini
1487 1854 1899 1907 incarnationem
1951 1859 2079 1903 recte

2187 1854 2285 1905 καὶ
2307 1854 2412 1907 τοῦ
2429 1854 2601 1915 ἁγίου
2618 1854 2962 1921 [Iit-stipatae
2983 1853 3414 1907 ἐκδιδάσκουσι
3431 1852 3497 1905 τὸ
3516 1852 3775 1913 τέλειον,

510 1944 850 1999 sentientibus
884 1947 946 1999 ob
975 1947 1152 1999 oculos
1186 1958 1403 2012 ponunt.
1448 1948 1693 2013 Quatuor
1726 1946 1779 1997 in
1815 1942 2081 1997 Trinitate

510 2049 767 2104 personas
799 2037 943 2091 illam
961 2039 1141 2093 dicere
1165 2037 1410 2093 furenter
1435 2049 1719 2092 accusator
1738 2034 2077 2090 exclamavit.

510 2129 729 2196 Quare?
762 2132 911 2199 quia,
946 2144 1067 2183 cum
1096 2131 1319 2184 dixisset
1345 2127 1583 2192 Patrem,
1618 2127 1810 2181 Filium
1837 2132 1890 2179 et
1916 2123 2083 2193 Spiri-

511 2231 620 2276 tum
642 2233 915 2286 sanctum,
947 2232 1000 2277 et
1023 2222 1234 2276 Domini
1277 2220 1700 2276 incarnationem
1732 2234 1829 2289 pro
1856 2232 2080 2287 persona

507 2312 772 2382 adjunxit.
807 2311 1001 2367 Verum
1023 2313 1160 2368 hanc
1183 2312 1571 2382 blasphemiam
1599 2321 1818 2366 sanctus
1850 2311 2083 2379 scriptor

508 2404 565 2458 in
619 2412 780 2473 caput
825 2416 1105 2459 auctorum
1156 2414 1468 2473 retorquet,
1529 2404 1711 2459 multis
1759 2403 2081 2459 testimoniis

508 2497 729 2565 antiqua
766 2498 1056 2552 traditione
1083 2499 1223 2552 hunc
1251 2498 1495 2551 ordinem
1539 2512 1659 2551 esse
1683 2496 1993 2557 ostendens,
2025 2504 2083 2548 ut

509 2596 632 2656 post
676 2596 880 2641 sancta:
932 2596 986 2640 et
1045 2588 1471 2652 supernaturalis
1529 2586 1810 2641 Trinitatis
1856 2585 2077 2652 laudes,

509 2678 667 2732 unius
717 2677 768 2732 in
820 2677 1086 2733 Trinitate
1134 2680 1555 2734 incarnationem
1603 2687 1789 2732 sancta
1839 2677 2079 2732 Ecclesia

505 2770 833 2825 conﬁteatur
859 2814 871 2837 ,
919 2786 984 2825 ne
1026 2782 1207 2826 autem
1251 2773 1663 2840 quaternitatem
1708 2780 2080 2827 eonnumeret.

510 2861 601 2919 Sic
629 2864 880 2933 Cyrillus,
911 2866 1047 2920 libro
1070 2881 1143 2920 vn
1182 2865 1255 2920 De
1277 2868 1585 2921 adoratione
1614 2868 1671 2921 in
1692 2868 1882 2937 spiritu
1912 2877 1962 2922 et
1998 2883 2083 2921 ue-

506 2954 695 3017 ritate,
740 2955 1006 3025 loquitur;
1054 2957 1135 3011 sic
1178 2967 1231 3012 et
1264 2958 1317 3013 in
1366 2957 1714 3029 Evangelium
1765 2956 1991 3015 Joannis
2029 2966 2084 3011 et

507 3043 768 3111 Matthtei,
804 3047 1004 3115 aliique
1032 3049 1305 3117 permulti.

577 3310 736 3365 Clare
762 3325 889 3365 vero
918 3313 969 3365 in
1002 3311 1186 3367 multis
1218 3311 1336 3367 suis
1366 3311 1520 3366 libris
1555 3311 1711 3368 divus
1738 3310 1990 3381 Cyrillus,
2025 3320 2079 3365 et

509 3400 564 3455 in
594 3401 875 3456 divinitate
908 3402 1227 3472 perfectum.
1261 3413 1315 3458 et
1354 3403 1407 3457 in
1435 3404 1774 3459 humanitate
1800 3404 2077 3458 Christum

508 3494 767 3561 praedicat
793 3504 847 3549 et
877 3495 1063 3549 tradit.
1102 3494 1308 3561 Quibus
1338 3506 1393 3551 et
1420 3511 1575 3551 sacra
1610 3498 1962 3551 consentiens
1985 3510 2079 3567 sy-

510 3585 705 3651 nodus,
740 3601 903 3639 unum
935 3585 1292 3656 eamdemque
1312 3586 1497 3642 Jesum
1525 3588 1800 3644 Christum
1836 3588 2081 3659 unigeni-

509 3683 623 3728 tum
654 3675 707 3727 in
743 3674 948 3729 duabus
977 3675 1186 3730 naturis
1216 3676 1504 3730 inconfuse
1538 3685 1593 3730 et
1621 3677 1854 3731 indivise
1889 3677 2082 3745 praedi-

510 3766 672 3820 cavit.
709 3764 915 3831 Quibus
965 3766 1158 3822 iterum
1202 3766 1395 3837 262b
1451 3767 1683 3837 Cyrillus
1753 3768 1804 3821 in
1857 3767 2081 3837 epistola

509 3858 579 3911 ad
604 3858 936 3912 Succensum
971 3861 1263 3923 consentit,
1288 3859 1476 3915 dicens
1507 3877 1519 3913 :
1549 3858 1905 3929 lntelligentes
1938 3876 2077 3928 ergo,

510 3960 569 4003 ut
597 3951 747 4015 dixi,
790 3951 1173 4006 incarnationis
1220 3952 1477 4007 modum:
1508 3954 1781 4007 videamus
1824 3956 2083 4025 quomodo

508 4041 627 4095 dum
653 4053 875 4108 naturaz,
916 4058 1007 4111 per
1040 4044 1284 4097 unionem
1316 4042 1740 4112 inseparabilem,
1778 4044 2077 4112 inconfuse,

506 4131 857 4187 insolabiliter
876 4134 1009 4187 inter
1038 4150 1092 4188 se
1118 4137 1469 4189 convenerint.
1499 4133 1638 4189 Caro
1660 4137 1797 4189 enim
1831 4153 1953 4189 raro
1979 4145 2080 4200 est,

508 4240 611 4277 non
638 4224 886 4277 divinitas
905 4265 919 4288 ,
963 4223 1081 4278 licet
1111 4224 1209 4279 Dei
1236 4242 1359 4279 caro
1386 4226 1529 4295 facta
1565 4228 1651 4280 sit.
1697 4226 1893 4281 Eodem
1926 4228 2082 4281 modo

505 4323 557 4370 et
592 4314 815 4370 Verbum
857 4316 996 4369 Deus
1032 4326 1131 4381 est,
1163 4333 1266 4369 non
1296 4334 1452 4382 caro,
1487 4318 1601 4371 licet
1638 4335 1730 4387 per
1759 4320 2081 4381 incarnatio-

506 4422 623 4460 nem
647 4406 912 4474 propriam
938 4406 1040 4459 sibi
1070 4423 1277 4459 carnem
1302 4408 1499 4475 fecerit.
1530 4410 1593 4463 Et
1626 4410 1821 4464 deinde
1848 4430 1860 4465 :
1899 4408 2082 4475 Quan-

2182 1943 2280 1996 καὶ
2321 1942 2429 1997 τοῦ
2478 1944 2699 2012 Κυρίου
2731 1944 2847 2012 τὴν
2880 1943 3343 2012 ἐνανθρώπησιν
3385 1943 3507 2008 τοῖς
3548 1939 3779 2006 πιστῶς

2181 2034 2528 2103 δεχομένοις
2567 2036 2897 2104 παρίστησι
2914 2036 2957 2066 ⁸⁸
2980 2052 2992 2064 ·
3026 2036 3273 2105 Τετράδα
3304 2036 3481 2088 εἰπεῖν
3510 2032 3778 2104 ἐμμανῶς

2180 2127 2213 2193 ή
2246 2126 2549 2197 κατήγορος
2588 2126 2873 2196 ἀνεόόησε.
2902 2127 3002 2178 Διὶ
3030 2126 3114 2192 τί;
3151 2126 3268 2197 [ΒἫ
3309 2125 3402 2196 R.]
3451 2126 3590 2179 διότι
3639 2123 3781 2195 μετὰ

2180 2214 2243 2267 τὸ
2274 2216 2449 2268 εἰπεῖν
2486 2215 2706 2285 Πατέρα
2744 2217 2838 2269 καὶ
2882 2216 3012 2269 Υἱὸν
3061 2217 3157 2269 καὶ⁵
3204 2216 3430 2285 Πνεῦμα
3472 2215 3636 2283 ἅγιον
3679 2214 3782 2284 τὴν

2181 2304 2275 2359 τοῦ
2310 2306 2515 2377 Κυρίου
2541 2308 2821 2378 ἐπήγαγεν
2860 2305 3478 2380 ὲνανΟρώπησιν.Ἀλλὰ
3506 2308 3605 2362 καὶ
3639 2305 3781 2359 ταύ-

2180 2412 2281 2465 την
2313 2397 2341 2448 ὁ
2379 2396 2730 2466 συγγραφεὺς
2768 2397 2868 2465 τὴν
2905 2396 3271 2465 συκοφαντίαν
3300 2397 3380 2457 είς
3409 2395 3653 2457 τὰςτιῖνι
3687 2410 3782 2447 συ-

2182 2484 2466 2555 κοφαντῶν
2500 2486 2695 2557 ἔτρεψε
2738 2485 3003 2556 κεφαλὰς,
3030 2487 3250 2557 μυρίαις
3285 2485 3614 2557 μαρτυρίαις
3673 2486 3781 2555 ἀρ·

2182 2577 2611 2648 χαιοπαράδοτον
2634 2573 2776 2631 εἶναι
2807 2577 2904 2648 τὴν
2927 2577 3182 2648 τοιαύτην
3212 2577 3624 2645 ἐπιδειξάμενος
3646 2575 3777 2628 σύν-

2181 2668 2356 2736 ταξιν,
2394 2669 2469 2733 ὼς
2511 2669 2651 2739 μετὰ
2680 2670 2780 2741 τὴν
2807 2673 2905 2740 τῆς
2936 2670 3099 2737 ἁγίας
3135 2669 3229 2723 καὶ
3260 2668 3577 2739 ὑπερφυοῦς
3602 2669 3780 2739 Τριά-

2182 2762 2272 2826 δος
2318 2762 2621 2832 ἁνύμνησιν
2650 2762 2751 2833 τὴν
2785 2762 2879 2814 τοῦ
2912 2763 3031 2825 ἐνὸς
3063 2763 3157 2831 τῆς
3189 2763 3350 2831 ἁγίας
3378 2762 3609 2832 Τριάδος
3642 2761 3778 2841 σάρ-

2184 2870 2351 2907 κωσιν
2382 2854 2415 2924 η
2450 2852 2746 2921 Ἐκκλησία
2780 2852 3040 2921 θεολογεί,
3092 2851 3355 2922 μηδαμῶς
3386 2851 3649 2919 τετράδος
3684 2852 3775 2917 ἐγ-

2184 2945 2447 3015 κληθεῖσα
2469 2944 2693 3013 συναρίο
2703 2961 2889 3014 μησιν.
2909 2943 3067 2997 Οῦτω
3092 2943 3357 3014 Κύριλλος
3380 2944 3438 2995 ὲν
3460 2941 3535 3011 τῷ
3558 2942 3778 3011 ἑϐδόμῳ

2184 3037 2327 3105 λόγῳ
2359 3036 2460 3104 τῆς
2492 3035 2551 3085 ὲν
2582 3034 2861 3104 Πνεύματι
2905 3035 3159 3106 λατρείας
3194 3034 3363 3101 λέγει,
3395 3031 3573 3095 οὕτως
3606 3033 3668 3084 ὲν
3696 3031 3777 3101 τῷ

2186 3128 2326 3181 κατὰ
2363 3128 2613 3195 Ἰωάννην
2655 3126 2997 3197 Εὑαγγελίῳ,
3028 3126 3200 3190 οῦτως
3247 3128 3306 3180 ὲν
3334 3125 3411 3195 τῷ
3443 3125 3585 3179 κατὰ
3618 3125 3777 3179 Ματ-

2185 3222 2354 3287 θαίον,
2390 3221 2484 3273 καὶ
2512 3220 2693 3289 μυρίοι
2717 3218 2888 3273 ἄλλοι.

2253 3312 2535 3383 Λαμπρῶς
2565 3313 2620 3365 δὲ
2655 3312 2749 3366 καὶ
2784 3315 2841 3367 ὲν
2876 3311 3093 3374 πολλοῖς
3128 3310 3295 3363 αὑτοῦ
3338 3310 3521 3377 λόγοις
3552 3310 3584 3362 ὁ
3614 3326 3777 3380 νικηο

2183 3404 2348 3473 φόρος
2378 3402 2647 3473 Κύριλλος
2685 3403 2745 3455 τὸ
2775 3404 2834 3456 ὲν
2870 3402 3085 3472 Θεότητι
3116 3402 3320 3454 τέλειον
3352 3404 3445 3455 καὶ
3474 3403 3531 3453 ὲν
3565 3400 3779 3469 ἀνορω-

2184 3497 2377 3565 πότητι
2410 3495 2503 3548 τοῦ
2550 3494 2788 3565 Χριστοῦ
2815 3495 3023 3548 τέλειον
3056 3493 3421 3564 ἀνακηρύττει
3454 3493 3551 3545 καὶ
3590 3510 3776 3563 παρα·

2182 3579 2491 3658 δίδωσινῘῼ
2524 3588 2617 3640 καὶ
2662 3590 2695 3656 ὴ
2745 3586 2875 3655 ἁγία
2926 3586 3227 3655 συνᾴδουσα
3274 3585 3493 3647 σύνοδος
3538 3585 3635 3639 ἕνα
3684 3584 3777 3637 τὸν

2184 3678 2345 3732 αὑτὸν
2379 3678 2586 3749 Ἰησοῦν
2629 3678 2862 3749 Χριστὸν
2908 3676 3178 3747 Κύριοντο
3234 3676 3497 3746 μονογενῆ
3550 3676 3610 3726 ὲν
3655 3674 3778 3726 δυσὶ

2186 3768 2414 3838 φύσεσιν
2469 3767 2789 3839 ἁσυγχύτως
2841 3785 2905 3820 τε
2966 3768 3062 3820 καὶ
3111 3766 3433 3838 ἀδιαιρέτως
3480 3764 3771 3835 ἐκήρυξεν.

2186 3853 2281 3924 Οἷς
2310 3859 2471 3914 πάλιν
2516 3862 2544 3913 ὁ
2580 3860 2722 3928 ἱερὸς
2770 3858 3039 3931 Κύριλλος
3084 3858 3143 3911 ὲν
3192 3860 3260 3929 τῇ
3308 3858 3445 3928 πρὸς
3472 3857 3776 3911 Σούκενσον

2183 3952 2441 4024 ἐπιστολῇ
2491 3950 2902 4022 συμφθέγγεται
2926 3989 2940 4013 ,
2985 3948 3191 4017 λέγων’
3234 3947 3621 4011 Ἐννοοῦντες
3651 3946 3774 3999 eol-

2184 4060 2318 4109 νυν,
2354 4045 2435 4109 ὡς
2466 4043 2640 4111 ἔφην,
2686 4040 2794 4109 τῆς
2837 4038 3350 4109 ἑνανθρωπήσεως
3385 4037 3493 4091 τὸν
3520 4038 3770 4105 τρόπον,

2184 4130 2413 4202 όρὼμεν
2448 4131 2535 4184 ὅτι
2565 4131 2673 4184 δύο
2707 4131 2925 4199 φύσεις
2966 4128 3282 4196 συνῆλθον
3312 4128 3613 4194 ἀλλήλαις
3640 4128 3773 4181 καθ’

2183 4224 2402 4277 ἕνωσιν
2448 4222 2869 4278 ἀδιάσπαστον
2914 4222 3293 4290 ἀσυγχύτως,
3350 4219 3694 4288 ἀτρέπτωςο
3729 4220 3767 4287 ἡ

2184 4316 2294 4386 γὰρ
2320 4316 2478 4382 σὰρξ
2508 4314 2665 4382 σάρξ
2693 4315 2823 4369 ἐστι
2851 4313 2949 4367 καὶ
2979 4314 3051 4367 οὺ
3080 4316 3312 4380 θεότης,
3339 4314 3390 4366 εί
3421 4312 3518 4366 καὶ
3560 4314 3768 4381 γέγονε

2187 4409 2334 4463 Θεοῦ
2363 4408 2521 4477 σάρξ
2540 4425 2553 4439 ·
2584 4409 2798 4477 ὁμοίως
2829 4407 2897 4460 δὲ
2924 4407 3023 4460 καὶ
3056 4410 3087 4460 ό
3114 4408 3304 4476 Λόγος
3336 4407 3479 4472 Θεός
3510 4406 3643 4459 ἐστι
3669 4402 3767 4457 καὶ

506 4508 615 4560 tum
644 4496 877 4565 profecto
907 4499 1000 4551 sub
1035 4498 1432 4568 intelligentiam
1463 4507 1651 4554 cadere
1686 4502 1871 4566 possit,
1906 4512 1953 4554 et
1980 4504 2076 4555 sub

2186 4504 2255 4556 οὐ
2285 4501 2462 4569 σὰρξ,
2485 4503 2535 4554 εὶ
2561 4500 2658 4554 καί
2696 4500 2855 4553 ιδίαν
2875 4497 3204 4563 ἐποιήσατο
3237 4500 3352 4565 τὴν
3386 4497 3585 4565 σάρκα
3609 4498 3764 4550 οἱκο-

506 4589 683 4641 oculos
725 4590 946 4654 animaz,
976 4604 1076 4657 quo
1108 4590 1259 4641 modo
1286 4588 1597 4645 incarnatus
1640 4602 1715 4645 est
1748 4590 2079 4660 Unigenilus,

505 4680 639 4731 duas
686 4688 905 4732 naturas
948 4693 1058 4731 esse
1096 4678 1366 4732 dicimus:
1413 4696 1573 4733 unum
1623 4698 1741 4735 vero
1792 4681 2080 4747 Christum,

507 4766 741 4831 Filium,
786 4768 1090 4834 Dominum,
1138 4768 1233 4822 Dei
1270 4767 1491 4823 Verbum
1537 4773 1873 4825 incarnatum
1908 4783 1955 4828 et
1986 4777 2081 4827 Ito-

506 4860 697 4910 minem
728 4859 927 4927 factum
960 4876 979 4915 :
1012 4858 1078 4914 Et
1107 4860 1158 4914 in
1192 4861 1415 4929 epistola
1449 4864 1513 4916 ad
1550 4862 1854 4918 Orientales
1888 4882 1900 4918 :
1938 4864 2081 4917 Dua-

504 4967 619 5003 rum
647 4962 958 5005 naturarum
986 4954 1108 5007 unio
1154 4955 1298 5023 facta
1319 4964 1419 5022 est,
1459 4955 1576 5009 ideo
1600 4973 1758 5009 nnunt
1785 4956 2077 5019 Christum,

502 5056 667 5095 unum
717 5040 937 5107 Filium,
987 5061 1150 5097 unum
1206 5045 1487 5100 Dominum
1540 5048 1869 5115 conﬁtemur.
1913 5048 1978 5102 Et
2028 5049 2077 5103 in

502 5133 729 5201 cpistola
784 5134 850 5185 ad
903 5138 1154 5189 Acacium
1209 5137 1481 5192 Mclitenes
1518 5141 1826 5207 episcopum
1881 5158 1895 5194 :
1949 5141 2079 5195 Cum

504 5225 678 5291 itaque
716 5224 922 5276 curiose
962 5227 1342 5280 incarnationis
1390 5229 1573 5281 modus
1628 5232 1938 5297 inquiritur,
1973 5231 2078 5283 duo

500 5318 743 5382 quaedam
785 5316 921 5367 inter
950 5334 1002 5369 se
1028 5317 1365 5384 ine/fabiliter
1389 5330 1436 5370 et
1472 5322 1582 5372 sine
1630 5321 1955 5389 confusione,
1986 5339 2077 5388 per

505 5407 751 5459 unionem
791 5406 1069 5475 conjuncta
1109 5410 1339 5463 humana
1376 5428 1518 5464 mens
1556 5414 1767 5467 omnino
1798 5414 1951 5479 videt,
1989 5419 2072 5467 in-

503 5511 777 5551 carnatunt
825 5515 943 5553 vero
996 5515 1321 5569 nequaquam
1367 5504 1630 5575 intelligit,
1671 5508 1762 5558 sed
1808 5523 1966 5559 unum
2006 5523 2070 5559 ex

2182 4591 2459 4661 νομικῶς.
2490 4592 2601 4643 Καὶ
2634 4590 2752 4661 μεῡ’
2777 4590 2972 4661 ἕτεραο
3010 4590 3246 4643 Οὐκοῦν
3284 4588 3435 4642 ὅσον
3468 4588 3587 4658 μὲν

2180 4685 2268 4750 εἰς
2294 4683 2536 4736 ἔννοιαν
2578 4682 2677 4737 καί
2711 4684 2801 4748 είς
2840 4682 3033 4751 μόνον
3082 4682 3143 4734 τὸ
3176 4680 3324 4750 ὁρᾶν
3352 4681 3477 4746 τοῖς
3502 4680 3616 4748 τῆς
3646 4683 3761 4749 grv-

2181 4775 2296 4844 χῆς
2328 4774 2608 4843 ὄμμασιν,
2639 4774 2712 4829 ὃν
2740 4776 2962 4842 τρόπον
2991 4774 3459 4841 ἐνηνθρώπησεν
3504 4776 3537 4826 ό
3580 4790 3758 4841 μονο-

2179 4866 2382 4936 γενὴς,
2407 4867 2515 4920 δύο
2552 4868 2659 4933 τὰς
2684 4868 2903 4937 φύσεις
2947 4862 3101 4920 εἶναι
3134 4883 3350 4936 φαμεν,
3390 4867 3499 4920 ἕνα
3526 4867 3596 4919 δὲ
3631 4869 3757 4934 Χρι-

2180 4960 2331 5014 στὸν
2362 4960 2459 5013 καὶ
2506 4959 2642 5013 Υἱὸν
2682 4959 2775 5013 καὶ
2812 4962 3027 5027 Κύριον
3071 4960 3178 5012 τὸν
3222 4959 3327 5013 τοῦ
3381 4959 3531 5013 Θεοῦ
3572 4962 3759 5027 Λόγον

2180 5049 2730 5117 ἐνανθρωπήσαντα
2775 5051 2874 5103 καί
2916 5051 3396 5119 σεσαρκωμένογ.
3446 5051 3557 5102 Καὶ
3606 5050 3664 5101 ὲν
3694 5049 3754 5117 τῇ

2180 5144 2318 5213 πρὸς
2344 5145 2469 5206 τοὺς
2509 5142 2884 5205 Ἀνατολικοὺς
2910 5142 3197 5211 ἐπιστολῇ·
3231 5143 3345 5195 Δύο
3378 5141 3487 5210 γὰρ
3517 5143 3755 5210 φύσεων

2176 5235 2394 5300 ἕνωσις
2442 5234 2669 5304 γέγονε,
2696 5233 2788 5286 διὸ
2833 5234 2941 5287 ἕνα
2985 5232 3260 5300 Χριστὸν,
3286 5232 3392 5286 ἕνα
3448 5232 3604 5297 Υίὸν,
3650 5232 3752 5284 ἕνα

2182 5330 2400 5394 Κύριον
2428 5327 2856 5396 ὁμολογοῦμεν.
2890 5326 2998 5379 Καὶ
3026 5327 3083 5377 ἐν
3114 5328 3179 5395 τῇ
3218 5325 3353 5396 πρὸς
3386 5326 3639 5378 Ἀκάκιον
3665 5320 3751 5375 τὸν

2180 5416 2518 5485 Μελιτηνῆςο
2550 5415 2687 5468 Ὅτε
2710 5416 2751 5448 ⁷³
2790 5416 2997 5468 τοίνυν
3044 5417 3075 5467 ὁ
3117 5412 3227 5480 τῆς
3272 5413 3627 5482 σαρκώσεως
3650 5426 3749 5462 πο-

2178 5507 2680 5577 λυπραγμονεῖται
2707 5509 2945 5575 τρόπος,
2986 5507 3095 5561 δύο
3135 5508 3209 5560 τὰ
3247 5507 3544 5576 ἀλλήλοις
3568 5505 3744 5573 ἀπορο

1780 5646 2010 5703 νΑῐῖΙίΕ
2054 5648 2457 5705 LECTIONES.

574 5754 620 5787 ”
654 5756 973 5824 παρίστησι]
1010 5757 1117 5813 into
1144 5760 1463 5828 παριστὼσι.

1545 5762 1587 5794 ⁷⁵
1620 5763 1824 5834 Κύριον
1855 5773 1908 5821 ct
1928 5781 2052 5821 mox
2076 5783 2133 5819 τε
2169 5765 2291 5823 add.
2318 5765 2383 5820 Α.
2461 5765 2500 5797 ⁷¹
2531 5762 2644 5836 ὅτε]
2679 5764 2760 5817 ὅτι
2798 5765 2842 5818 A
2878 5762 3040 5819 εὸταν
3066 5779 3127 5826 ς.
