3994 6406
576 380 723 460 tota

1749 396 2011 463 ΡΗΟἹἹΙ
2050 395 2551 462 PATRIARCH/E
2573 396 2687 460 GP.»

3692 390 3814 461 ιιιι

586 513 879 567 ﬁcientibus
929 514 1077 566 nobis
1118 530 1279 566 unum
1312 512 1617 583 Dominum,
1648 513 1873 581 Filium,
1921 527 1970 570 et
2007 515 2142 571 Chii

2265 515 2345 581 ὡς
2390 513 2501 583 τῆς
2541 512 2660 566 τῶν
2689 510 2932 580 φύσεων
2974 506 3263 577 διαφορᾶς
3309 505 3698 576 ἀνῃρημένης
3730 508 3815 565 διὰ

584 615 746 669 stum,
774 605 1048 660 divinitate
1072 615 1121 659 et
1155 606 1502 672 humanitate,
1545 624 1637 676 per
1673 608 1990 677 ineﬁ‘abilem
2028 625 2151 661 con-

584 698 872 749 sensionem
908 700 1118 750 unione.
1169 696 1232 750 Et
1275 714 1486 765 rursum
1541 700 1592 754 in
1633 698 1908 773 Scholiis:
1947 699 2149 752 Adorat

580 787 813 852 quidem,
842 796 899 839 ut
932 787 1259 840 adorandum
1284 801 1532 855 naturam
1556 789 1783 856 capiens,
1816 800 1862 842 et
1893 789 2150 842 adoretur

582 878 773 932 iterum
820 880 987 945 idem,
1037 892 1285 949 tanquam
1334 882 1623 935 ndorandw
1673 882 1893 935 ulterius
1943 893 2149 936 natura:

582 966 1125 1035 exsistcns,quatemts
1139 968 1429 1037 percipitur
1447 967 1605 1023 Deus.
1632 968 1697 1021 El
1720 969 1862 1035 vide,
1889 978 1946 1021 ut
1974 983 2149 1037 neque

583 1058 877 1109 secundum
908 1068 1111 1111 rectum
1142 1072 1349 1123 casum,
1368 1073 1539 1128 neque
1556 1059 1851 1113 secundum
1877 1061 2148 1115 accusati—

566 1160 709 1199 vum
738 1147 954 1203 adducit
976 1148 1205 1219 Cyrillus
1226 1148 1541 1205 divisionem
1569 1152 1729 1205 unius
1751 1150 1972 1207 Christi.
2004 1151 2145 1205 itur-

583 1247 703 1287 sum
738 1234 853 1303 ipse
878 1233 931 1288 in
957 1235 1188 1290 Scholiis
1208 1236 1447 1304 loquitur
1472 1257 1483 1291 :
1507 1234 1631 1290 Non
1656 1238 1963 1293 dividendus
1986 1240 2148 1308 igitur

579 1342 715 1380 unus
754 1327 1010 1381 Dominus
1038 1326 1194 1382 Jesus
1226 1328 1462 1385 Christus
1485 1331 1696 1400 proprie
1722 1347 1741 1385 :
1776 1332 1868 1385 sed
1896 1348 2059 1385 unum
2096 1341 2146 1385 et

576 1417 813 1472 eumdem
844 1417 1027 1473 Iesum
1055 1421 1324 1474 Christum
1352 1430 1555 1489 oportet
1585 1424 1796 1486 sentire,
1829 1434 2145 1477 naturarum

576 1509 801 1565 dicimus
834 1512 1213 1580 di/ferentiam,
1260 1524 1307 1568 et
1345 1510 1618 1581 incon/use
1669 1500 1887 1569 invicem
1934 1517 2144 1569 easdem

578 1614 857 1657 servantes.
891 1605 955 1656 Et
999 1605 1051 1658 in
1090 1604 1375 1659 Thesauris
1412 1620 1431 1658 :
1460 1632 1529 1644 —
1557 1603 1791 1675 Denique
1834 1605 1963 1674 quid
1995 1604 2143 1658 aliud

576 1692 669 1755 sit,
694 1707 850 1756 quam
882 1693 1234 1761 ignorantiam
1265 1694 1398 1748 dixit
1447 1696 1777 1759 aeconomice,
1814 1694 2007 1764 263b
2038 1694 2143 1747 nisi

574 1785 763 1837 iterum
822 1800 1029 1839 servare
1086 1785 1401 1839 humanitati
1444 1788 1830 1840 convenientem
1869 1786 2145 1841 ordinem?

2260 603 2374 671 τὴν
2415 603 2654 666 ἕνωσιν,
2699 596 3174 655 ἀποτελεσασῶν
3200 595 3519 664 δὲμᾶλλον
3546 595 3694 663 ἡμῖν
3722 598 3817 651 τὸν

2257 696 2364 749 ἕνα
2398 694 2619 761 Κύριον
2640 692 2738 745 καὶ
2779 691 2916 745 Υίὸν
2933 690 3032 743 και
3056 688 3313 757 Χριστόν
3340 688 3623 754 θεότητός
3645 703 3712 739 τε
3733 688 3816 741 καὶ

2255 787 2710 855 ἁνθρωπότητος
2756 781 2854 835 διὰ
2891 777 3000 848 τῆς
3030 778 3341 848 ἀφράστου
3364 777 3463 832 καί
3484 777 3817 845 ἀπορρήτου

2255 877 2405 945 πρὸς
2426 876 2681 942 ἑνότητα
2690 869 3061 940 συνδρομῆς
3080 870 3175 923 καὶ
3190 868 3352 922 πάλιν
3366 870 3423 921 ὲν
3440 871 3554 931 τοῖς
3566 869 3607 919 Σ
3611 868 3815 937 χολιοκ·

2256 965 2598 1037 Προσκυνεῖ
2623 964 2741 1045 μὲν
2791 963 2902 1033 γὰρ
2938 962 3019 1028 ὡς
3054 960 3171 1029 τὴν
3210 960 3697 1029 προσκυνοῦσαν
3724 961 3819 1029 φύς

2254 1075 2359 1114 σιν
2387 1056 2606 1119 λαϐὼν,
2664 1052 3091 1123 προσκυνεῖται
3121 1052 3189 1105 δὲ
3221 1052 3409 1106 πάλιν
3452 1054 3487 1105 ό
3513 1050 3706 1115 αὐτὸς
3748 1050 3818 1119 ὡς

2253 1151 2365 1219 τῆς
2392 1144 2931 1218 προσκυνουμένης
2948 1145 3191 1213 φύσεως
3214 1142 3504 1212 ὑπάρχων
3522 1138 3816 1207 ἐπέκεινα,

2253 1240 2381 1295 καθ’
2408 1237 2440 1292 ὅ
2474 1238 2696 1293 νοεῖται
2748 1237 2914 1301 Θεός.
2969 1234 3080 1288 Καὶ
3133 1233 3326 1285 σκόπει
3356 1233 3431 1296 ὡς
3459 1232 3585 1286 οὕτε
3610 1231 3681 1284 τὰ
3708 1232 3817 1285 κατ’

2252 1330 2467 1383 εὐθεῖαν
2514 1329 2692 1399 ἄρθρα
2742 1327 2867 1381 οὔτε
2913 1326 2983 1378 τὰ
3028 1325 3150 1379 κατ’
3203 1324 3509 1395 αἰτιατικὴν
3559 1324 3819 1394 μερισμὸν

2252 1419 2459 1488 εἰσάγει
2484 1419 2561 1489 τῷ
2594 1418 2725 1489 ἱερῷ
2747 1415 3001 1487 Κυρίλλῳ
3029 1414 3124 1467 τοῦ
3146 1416 3262 1477 ἑνὸς
3283 1414 3544 1484 Χριστοῦ.
3578 1413 3751 1467 Πάλιν
3770 1412 3820 1466 α

2249 1513 2457 1574 όαὺτδς
2489 1512 2548 1563 ὲν
2587 1512 2700 1573 τοῖς
2749 1509 2934 1570 αὐτοῖς
2970 1506 3228 1582 ,Σχολίοις
3259 1507 3425 1576 φησὶν
3456 1546 3471 1569 ,
3504 1506 3591 1559 Οὐ
3655 1503 3821 1570 διορι-

2251 1604 2433 1661 στέον
2483 1604 2600 1670 ἄρα
2665 1602 2773 1655 τόν
2813 1602 2922 1654 ἕνα
2965 1602 3187 1669 Κύριον
3244 1596 3491 1665 Ἰησοῦν
3554 1595 3690 1667 1433
3735 1593 3819 1668 ιι]

2250 1696 2509 1767 Χριστὸν
2542 1692 2742 1759 ίδικῶς
2765 1693 2861 1747 καὶ
2882 1693 2969 1759 εις
3004 1693 3151 1746 Θεὸν
3188 1689 3409 1755 ίόικῶς,
3436 1690 3574 1743 ἀλλ’
3593 1688 3708 1742 ἕνα
3733 1688 3820 1742 καὶ

2251 1790 2358 1843 τὸν
2379 1788 2568 1843 αὐτόν
2594 1786 2828 1854 Ἰησοῦν
2860 1784 3121 1852 Χριστόν
3156 1783 3248 1838 δεῖ
3266 1782 3513 1854 φρονεῖν
3552 1781 3686 1847 τοῖς
3712 1778 3821 1834 τῶν

577 1873 930 1931 Humanitatis
970 1877 1104 1930 enim
1138 1878 1433 1946 proprium,
1458 1892 1561 1931 non
1585 1877 1718 1932 scire
1740 1876 1943 1945 futura.
1986 1878 2050 1931 Et
2084 1880 2134 1933 in

2249 1884 2489 1952 φύσεων
2515 1880 2712 1949 φαμὲν
2739 1877 2929 1932 είδόσι
2962 1876 3079 1944 τὴν
3100 1876 3394 1947 διαφορὰν
3428 1874 3527 1929 καὶ
3558 1872 3822 1943 ἀσυτχύ·

574 1967 807 2022 secunda
838 1968 1062 2036 epistola
1088 1968 1153 2021 ad
1178 1965 1510 2022 Succensum
1537 1982 1551 2019 :
1588 1968 1651 2023 Si
1673 1969 1808 2022 enim
1826 1977 1876 2022 et
1900 1985 2036 2023 unus
2057 1970 2141 2022 di-

2244 1990 2357 2037 τως
2378 1970 2679 2037 ἀλλήλαις
2694 1970 2985 2038 τηροῦσιν
3020 1969 3066 2002 ⁸⁸
3088 1967 3293 2034 αὐτάς.
3339 1967 3449 2020 Καὶ
3470 1968 3530 2020 ἰν
3569 1967 3687 2028 τοῖς
3717 1968 3820 2031 0n-

572 2069 726 2112 catur
746 2074 840 2127 pro
864 2059 1012 2114 nobis
1044 2055 1220 2112 Filius
1246 2058 1340 2113 Dei
1366 2060 1697 2125 incarnatus,
1735 2076 1837 2113 non
1858 2062 2139 2129 permistus

2249 2062 2493 2132 σαιφοῖς
2516 2078 2530 2093 ο
2567 2062 2746 2127 Τέλος
2782 2059 2851 2113 δὲ
2875 2059 2933 2114 τί
2962 2059 3039 2114 ἂν
3064 2059 3272 2127 ἕτερον
3302 2059 3395 2125 ειη
3447 2054 3529 2125 ἢν
3572 2055 3823 2125 ἇτνοιαν

572 2150 687 2203 ideo
717 2150 935 2204 invicem
963 2150 1153 2213 videri,
1186 2164 1345 2216 neque
1370 2149 1423 2202 in
1457 2150 1630 2203 carnis
1661 2159 1902 2203 naturam
1935 2161 2137 2205 mutata

2249 2156 2478 2224 ἔφησεν
2500 2154 2546 2187 ⁸³
2594 2151 3012 2223 οἰκονομικῶς.
3073 2150 3113 2219 ἢ
3151 2149 3481 2210 ἀποσώζειν
3517 2148 3717 2203 πάλιν
3753 2144 3821 2214 τῇ

570 2253 645 2296 est
695 2240 852 2296 Verbi
879 2251 1069 2295 natura
1088 2255 1107 2294 :
1129 2242 1217 2294 sed
1242 2256 1403 2311 neque
1436 2244 1609 2295 carnis
1640 2242 1695 2296 in
1743 2240 1921 2308 Verbi,
1962 2246 2053 2297 sed
2085 2244 2142 2299 in

2249 2246 2647 2312 ἀνθρωπότητι
2682 2245 2798 2312 τὴν
2813 2243 2965 2311 αὐτῇ
2982 2243 3338 2311 πρέπουσαν
3356 2239 3529 2306 τάξιν
3547 2254 3568 2304 ;
3601 2240 3823 2307 ἀνθρω-

570 2336 891 2401 proprietate
934 2335 1164 2389 naturali
1205 2348 1427 2406 utraque
1473 2347 1719 2392 manente
1762 2348 1809 2391 et
1852 2338 2137 2392 intellecta.

2249 2338 2499 2405 νεότητος
2530 2337 2637 2406 γὰρ
2677 2336 2835 2390 ἴδιον
2863 2334 2930 2388 τὸ
2958 2334 3044 2403 μὴ
3087 2334 3309 2388 ειδέναι
3362 2336 3435 2387 τὰ
3482 2331 3821 2400 μέλλοντα.

573 2423 703 2477 Hau:
724 2426 836 2491 ipsa
857 2425 931 2478 sic
954 2427 1203 2493 recipiens
1240 2427 1391 2481 solvit
1421 2428 1753 2492 scandalum,
1779 2430 1871 2483 sed
1910 2430 2001 2497 qui
2022 2445 2142 2484 con-

2249 2429 2353 2483 Καὶ
2384 2432 2448 2482 ὲν
2465 2432 2529 2499 τῇ
2564 2427 2701 2499 πρὸς
2731 2426 3025 2480 Σούκενσον
3046 2425 3277 2496 δευτέρᾳ
3306 2422 3586 2493 ἐπιστολῇ·
3622 2423 3700 2477 El
3725 2420 3827 2491 γὰρ

575 2518 740 2568 traria
774 2519 986 2583 asserit,
1022 2519 1302 2587 subjicitur
1334 2520 1558 2573 terribili
1586 2521 1754 2574 edicto
1790 2522 2142 2577 immaculata:

2249 2520 2339 2575 καὶ
2367 2514 2457 2587 εἷς
2486 2520 2721 2588 λέγοιτο
2742 2518 2891 2585 πρός
2918 2515 3085 2587 ήμῶν
3114 2520 3146 2570 ό
3170 2514 3505 2585 μονογενὴς
3538 2512 3688 2579 Υἱὸς
3726 2511 3824 2566 τοῦ

570 2608 707 2662 uocis
748 2610 949 2663 dicente
983 2611 1036 2662 in
1067 2612 1415 2678 evangelicis:
1452 2630 1471 2663 ι
1514 2612 1599 2667 Va
1638 2614 1837 2667 homini
1881 2630 1972 2681 per
1994 2630 2142 2685 quem

2249 2611 2394 2666 Θεοῦ
2446 2612 2906 2680 σεσαρκωμένος
2950 2608 3049 2663 καὶ
3072 2606 3567 2675 ἐνανθρωπήσας,
3608 2606 3692 2658 οὐ
3730 2604 3824 2656 xs-

571 2699 703 2750 venit
727 2699 1033 2752 scandalum
1056 2706 1101 2751 ο.
1133 2717 1153 2751 ι
1174 2699 1263 2754 Sic
1285 2699 1571 2754 concilium
1600 2711 1653 2755 et
1676 2700 1928 2771 Cyrillus.
1954 2702 2018 2756 Et
2036 2717 2141 2758 non

2249 2721 2460 2773 ξουρται
2492 2702 2589 2755 διὰ
2625 2703 2692 2756 τὸ
2719 2703 2975 2767 ἐκείνοις
2996 2699 3241 2763 δοκοῦν,
3275 2700 3415 2753 οὔτε
3428 2698 3558 2768 μὴν
3579 2701 3671 2763 είς
3721 2696 3825 2762 τὴν

574 2792 744 2846 solum
777 2792 1031 2863 Cyrillus,
1060 2793 1152 2849 sed
1180 2804 1230 2847 et
1257 2793 1345 2846 alii
1378 2794 1551 2849 sancti
1582 2793 1792 2859 Patres,
1821 2804 1879 2848 ut
1908 2809 2138 2849 consen-

2249 2795 2352 2862 τῆς
2399 2794 2624 2863 σαρκὸς
2648 2794 2839 2862 φύσιν
2868 2792 3384 2861 μεταπεςοοίτηκεν
3419 2790 3457 2855 ἡ
3488 2788 3595 2842 τοῦ
3631 2788 3824 2857 Λόγου

573 2880 766 2933 tientcs
795 2881 844 2934 in
878 2880 1003 2944 llde.
1036 2881 1106 2934 ita
1132 2888 1186 2935 et
1210 2882 1365 2934 unius
1396 2885 1678 2937 sententia
1709 2894 2131 2951 cognoscuntur.

2249 2889 2452 2956 φύσις,
2499 2886 2637 2941 ἀλλ’
2685 2884 2829 2939 οὐδὲ
2855 2884 2893 2951 ἡ
2927 2883 3044 2949 τῆς
3081 2883 3307 2950 σαρκὸς
3348 2885 3434 2948 είς
3471 2880 3590 2946 τὴν
3614 2878 3823 2941 αὐτοῦ.

568 2972 707 3031 ἀλλ’
735 2974 805 3027 ἐν
830 2971 1071 3040 ίδιότητι
1123 2974 1197 3042 τῇ
1221 2976 1369 3029 κατὰ
1402 2976 1593 3043 φύσιν
1624 2974 1907 3044 ἐκατέρου
1940 2977 2233 3045 μένον-τός
2290 2995 2356 3031 τε
2382 2978 2479 3033 καὶ
2528 2974 2886 3045 νοουμένου.
2956 2974 3020 3027 '0
3044 2972 3231 3026 ταῦτα
3284 2971 3437 3026 οὕτω
3498 2969 3826 3038 δεχόμενος

568 3064 701 3117 λύει
726 3064 790 3118 τὸ
813 3064 1167 3117 σκάνδαλον
1193 3079 1208 3094 ο
1252 3066 1285 3117 ό
1340 3064 1409 3117 δὲ
1463 3065 1747 3131 ἐναντίως
1816 3067 2142 3135 φερόμενος
2194 3070 2507 3122 ὑπόκειται
2570 3069 2648 3138 τῇ
2699 3066 2919 3138 φοϐερᾷ
2965 3064 3265 3135 ἀποφάσει
3336 3063 3448 3128 τῆς
3517 3060 3824 3129 ἀχράησυ

570 3155 791 3225 φωνῆς,
840 3157 1139 3225 λεγούσης
1158 3156 1226 3208 ἐν
1260 3157 1384 3222 τοῖς
1412 3159 1818 3227 Εὐαγγελίοις,
1837 3159 1983 3213 Οὐαὶ
2003 3160 2076 3213 δι’
2105 3156 2178 3216 οὗ
2222 3161 2454 3230 ἔρχεται
2488 3163 2554 3216 τό
2604 3162 2977 3217 σκάνδαλον.
3016 3158 3205 3221 Οὕτως
3259 3158 3293 3226 ἠ
3360 3155 3581 3217 σύνοδος
3649 3153 3752 3207 καὶ
3798 3152 3825 3204 ὸ

569 3248 857 3319 Κύριλλοςο
892 3247 984 3300 καὶ
1000 3247 1145 3316 οὑχὸ
1176 3246 1441 3317 Κύριλλος
1469 3250 1647 3319 μόνον,
1686 3250 1825 3305 ἀλλὰ
1871 3252 1965 3305 καὶ
2020 3253 2129 3316 πᾶς
2168 3255 2197 3306 ό
2222 3255 2379 3317 ἄλλος
2428 3254 2537 3308 τῶν
2564 3254 2724 3325 ἱερῶν
2765 3252 2973 3323 ἀνδρῶν
3038 3250 3218 3321 χορὸς,
3261 3246 3451 3319 ὥσπερ
3497 3245 3823 3317 ὁμόφρονες,

566 3344 708 3400 οὕτω
737 3346 1092 3417 γνωρίζονται
1125 3342 1219 3396 καὶ
1244 3343 1535 3413 ὁμόφωνοι.

637 3439 743 3495 Sed
782 3441 957 3497 adhuc
988 3443 1108 3498 vide
1152 3444 1425 3498 luereseos
1467 3441 1879 3512 impudentiam.
1918 3442 2128 3513 Repre-
2160 3453 2203 3512 ο

570 3532 919 3585 Henditenim
954 3550 1099 3595 etnn,
1136 3535 1225 3603 qui
1264 3534 1544 3603 epistolam
1581 3549 1729 3588 suam
1771 3534 1995 3589 Tomum
2042 3552 2137 3591 vo-

567 3634 803 3688 caverat,
839 3627 1138 3680 nescientes
1178 3627 1360 3692 rudes,
1407 3626 1677 3695 quomodo
1727 3626 1867 3681 idem
1905 3627 2137 3698 Cyrillus

568 3725 622 3769 et
650 3725 901 3770 strenuus
932 3717 1280 3781 Athanasius,
1317 3717 1659 3786 aliorumque
1684 3717 1905 3773 Patrum
1938 3730 2131 3784 cauus,

566 3805 687 3877 pios
740 3808 952 3864 labores
1003 3820 1177 3865 tomos
1224 3821 1438 3865 vocent.
1494 3810 1675 3877 Quare
1729 3810 1932 3865 frustra
1977 3811 2133 3867 Tomi

568 3911 764 3953 nomen
800 3898 916 3955 illos
949 3901 1178 3969 decepit,
1204 3910 1258 3956 et
1288 3900 1341 3956 in
1372 3902 1621 3957 lueresim
1657 3902 1885 3957 induxit.

2309 3440 2450 3494 Ἀλλ’
2494 3441 2574 3491 ἔτι
2644 3436 2926 3492 σκόπειτὸ
2976 3435 3331 3503 ἀναίσχυντον
3375 3431 3475 3501 τῆς
3518 3430 3819 3500 αἱρέσεως·

2244 3532 2495 3588 ἐπικαλεί
2522 3531 2626 3602 γὰρ
2646 3530 2792 3602 αὑτῷ
2817 3530 2915 3601 τὴν
2944 3526 3232 3597 ἐπιστολὴν
3254 3522 3484 3596 τόμονδδ
3503 3521 3821 3584 καλέσαντι,

2242 3625 2562 3692 ἀγνοοῦντες
2586 3625 2638 3676 οἱ
2687 3622 3050 3693 παραπλῆγες
3107 3622 3183 3684 ὡς
3220 3618 3385 3678 αὐτός
3432 3633 3494 3669 τε
3550 3613 3819 3684 supino;

2243 3716 2338 3767 καὶ
2368 3716 2396 3766 ὁ
2436 3713 2731 3776 πολύαθλος
2780 3710 3097 3773 Ἀθανάσιος
3156 3709 3284 3781 [825
3337 3706 3464 3778 R.],
3498 3706 3599 3759 καὶ
3660 3704 3821 3763 πολὺς

2241 3802 2398 3866 ἄλλος
2427 3802 2536 3855 τῶν
2570 3801 2742 3870 ἁγίων
2796 3800 2986 3871 ὅμιλος
3020 3800 3145 3861 τοὺς
3182 3798 3342 3860 ἰδίους
3367 3797 3508 3866 ὑπὲρ
3535 3792 3820 3854 εὐσεϐείας

2228 3895 2439 3959 πόνους
2479 3894 2680 3964 τόμους
2706 3894 2990 3957 ἐκάλεσαν,
3023 3890 3165 3945 ὥστε
3201 3890 3376 3960 μάτην
3405 3889 3593 3950 αὐτοῖς
3631 3887 3697 3940 τὸ
3730 3884 3818 3937 τοῦ

2242 3986 2424 4054 Τόμου
2480 3984 2653 4055 ὄνομα
2713 3984 2813 4053 τὴν
2882 3982 3055 4054 τομὴν
3128 3982 3403 4049 ὲφάντασε
3461 3979 3559 4031 καὶ
3621 3976 3819 4045 διαίρει

2244 4092 2350 4130 σιν.

638 4162 744 4217 Sed
787 4179 893 4219 non
943 4166 1255 4234 relinquunt
1297 4165 1539 4221 haeretici
1587 4166 1925 4235 impudentes
1961 4174 2017 4222 et
2054 4167 2135 4220 in-

566 4256 878 4319 verecundi,
905 4256 1027 4320 hoc,
1062 4258 1115 4309 in
1159 4274 1262 4326 quo
1304 4258 1658 4323 consentiunt,
1689 4268 1748 4313 ut
1782 4258 2132 4326 temporalem

565 4354 621 4400 et
685 4356 1045 4414 opportunam
1111 4348 1440 4403 annuntians
1492 4348 1969 4415 coniunctionem,
2030 4350 2132 4404 hoc

567 4450 717 4500 vero,
750 4438 804 4490 in
848 4449 1126 4507 quantum,
1156 4454 1254 4508 pro
1286 4442 1451 4493 donec
1484 4442 1639 4509 capi;
1678 4442 1771 4496 sed
1816 4456 1973 4496 sacer
2012 4442 2134 4510 qui-

565 4527 688 4583 dem
721 4529 960 4597 scriptor
988 4531 1229 4584 oratendit
1252 4532 1567 4586 adverbium
1601 4532 1653 4585 in
1684 4533 1857 4587 sacris
1886 4531 2129 4600 Litteris,

564 4634 672 4675 non
718 4620 893 4675 solum
942 4622 1295 4691 temporalem
1332 4638 1548 4678 sensum
1586 4627 1919 4694 signiﬁcare,
1950 4629 2043 4682 sed
2074 4628 2130 4683 in

564 4711 750 4767 multis
774 4726 915 4781 saepe
941 4722 995 4768 et
1022 4714 1309 4767 iuliuitum.
1332 4713 1437 4769 Sed
1461 4716 1591 4769 tnihi
1620 4718 1851 4781 videtur,
1880 4720 1931 4771 in
1960 4735 2130 4789 quan-

2303 4168 2463 4223 -’AD.'
2511 4169 2612 4222 οὐκ
2660 4166 3028 4220 ἐπιλείπουσιν
3054 4166 3103 4218 oi
3128 4165 3228 4235 τῆς
3292 4161 3562 4234 αἱρέσεως
3596 4156 3818 4229 ερασταὶ

2240 4259 2722 4328 καταισχυνόμενοι
2751 4258 2844 4312 καὶ
2861 4256 3268 4324 ἀναιδευόμενοι
3317 4254 3403 4319 τὸ,
3446 4253 3550 4308 Ἐν
3588 4249 3718 4317 ὅσῳ
3751 4246 3818 4301 τὰ

2238 4352 2664 4419 συναμφότερα
2704 4349 2829 4419 μετ’
2884 4348 3176 4417 ἀλλήλων
3222 4346 3419 4409 ἐστίν,
3448 4343 3525 4405 ὡς
3560 4340 3816 4413 χρονικὴν

2239 4443 2337 4495 καὶ
2396 4442 2725 4513 πρόσκαιρον
2780 4441 3207 4509 ὲπαγελλόμενον
3258 4439 3358 4509 τὴν
3400 4436 3735 4504 συνᾶφειανο
3759 4429 3814 4483 τὺ

2243 4534 2353 4605 γὰρ
2385 4535 2457 4589 ἐν
2503 4534 2626 4600 ὅσῳ
2656 4534 2773 4587 ἀντὶ
2797 4532 2890 4586 τοῦ
2918 4532 3027 4597 ἕως
3055 4528 3451 4600 λαμϐάνεσθαι.
3492 4525 3636 4579 Ἀλλ’
3666 4525 3695 4575 ὁ
3720 4522 3814 4591 μὲν

2243 4627 2385 4697 ἱερὸς
2445 4626 2794 4695 συγγραφεὺς
2832 4625 3071 4678 δείκνυσι
3102 4623 3164 4675 τὸ
3186 4622 3474 4691 ιπίρρημα
3530 4615 3686 4684 παρὰ
3708 4613 3810 4673 τοῖς

2241 4720 2407 4789 ἱεροῖς
2447 4719 2664 4785 Δογίοις
2684 4718 2744 4769 οὐ
2771 4715 3027 4786 χρονικὴν
3083 4714 3246 4784 μόνον
3272 4712 3514 4765 διάνοιαν
3534 4709 3581 4742 ⁸³
3614 4708 3811 4772 utrosq-

563 4806 697 4859 tum,
726 4797 814 4851 hic
844 4812 949 4851 non
985 4799 1151 4853 donec
1180 4800 1512 4867 signiﬁcare,
1550 4803 1644 4856 sed
1676 4804 1853 4873 potius
1882 4820 1978 4873 pro
1997 4823 2132 4876 qua—

2249 4812 2453 4881 μαῖνον,
2499 4809 2613 4863 ἀλλ’
2642 4812 2700 4862 ὲν
2724 4808 2939 4870 πολλοῖς
2962 4806 3222 4868 πολλάκις
3249 4805 3341 4857 καὶ
3372 4802 3434 4854 τὸ
3458 4800 3765 4869 ἀπέραντον
3793 4807 3808 4822 ⁸

566 4896 716 4941 tenus
743 4890 936 4957 accipi.
981 4888 1093 4943 Nisi
1134 4890 1279 4958 quod
1315 4892 1507 4947 beatus
1552 4892 1850 4963 Gregorius
1898 4895 2131 4951 Theolo-

563 4995 662 5047 gus
690 4982 905 5033 easdem
938 4995 1095 5036 voces
1124 4983 1403 5050 praulixit;
1429 4999 1592 5051 quem
1627 4984 1736 5041 Leo
1780 4989 2045 5057 sequitur.

2237 4903 2365 4971 ἐμοὶ
2392 4902 2449 4954 δὲ
2488 4901 2711 4955 δοκεῖτὸ
2747 4900 2816 4953 ἐν
2838 4898 2961 4963 ὅσῳ
2984 4895 3219 4949 ἐνταῦθα
3246 4894 3367 4948 οὐδὲ
3388 4894 3489 4962 τὴν
3520 4891 3632 4956 ἕως
3649 4887 3808 4939 δύνα-

2242 5010 2335 5061 μιν
2362 4994 2525 5064 ἔχειν,
2571 4992 2686 5045 ἀλλ’
2720 4990 2842 5046 ἀντὶ
2864 4989 2956 5041 τοῦ
2997 4988 3133 5041 καθὸ
3162 4984 3531 5056 παρειλῆφθαι
3592 4979 3807 5050 μᾶλλον.

563 5067 710 5137 Πλὴν
732 5067 869 5122 ἀλλὰ
898 5067 1005 5137 γὰρ
1027 5070 1121 5122 καὶ
1150 5070 1179 5123 ό
1215 5070 1471 5139 Θεολόγος
1526 5074 1826 5145 Γρηγόριος
1867 5076 1967 5139 τὰς
2026 5078 2195 5144 αὑτὰς
2249 5086 2473 5153 προεῖπε
2525 5083 2730 5150 φωνὰς,
2768 5075 2847 5144 οἷς
2896 5082 2925 5132 ὁ
2954 5081 3011 5135 ἐν
3041 5079 3215 5141 ἁγίοις
3246 5078 3398 5132 Λέων
3426 5072 3807 5145 ἠκολούθησεν.

634 5162 871 5216 Rursum
900 5177 1029 5218 vero
1057 5165 1280 5220 haeresis
1302 5165 1535 5221 Leonem
1555 5167 1940 5237 calumniatur,
1977 5178 2127 5241 quia,

568 5254 769 5321 inquit,
803 5256 960 5318 dixit,
994 5256 1150 5311 unius
1192 5268 1245 5311 et
1271 5257 1514 5327 ejusdem
1541 5258 1661 5325 hoc,
1699 5260 1977 5319 humilitas
2014 5281 2133 5320 car-

564 5343 647 5397 nis
690 5352 745 5397 ct
781 5345 1090 5415 magnitudo
1118 5344 1457 5410 divinitatis;
1489 5356 1543 5400 et
1579 5358 1725 5404 certe
1747 5349 1792 5405 si
1840 5365 1945 5405 non
1993 5367 2131 5421 pra:-

634 5481 654 5501 ι
685 5464 874 5521 Matth.
906 5484 959 5535 χ,
990 5510 1006 5534 ,
1039 5468 1089 5520 7.

2313 5177 2482 5231 Πάλιν
2512 5176 2566 5228 δὲ
2602 5176 2871 5246 ἠαϊρεσις
2926 5172 3203 5227 διαϐάλλει
3248 5171 3340 5223 τὸν
3390 5169 3539 5221 ὅσιον
3584 5166 3805 5225 Λέοντα,

2233 5267 2390 5332 διότι,
2429 5268 2614 5336 φησὶν,
2654 5261 2777 5319 εἷπε
2812 5265 2907 5319 τοῦ
2942 5266 3059 5328 ἑνὸς
3088 5263 3182 5317 καὶ
3204 5260 3298 5315 τοῦ
3342 5257 3511 5314 αὐτοῦ
3546 5256 3610 5309 τό
3638 5270 3697 5307 τε
3721 5269 3807 5305 τα-

2246 5358 2430 5412 πεινὸν
2458 5358 2558 5427 τῆς
2601 5357 2801 5429 σαρκὸς
2848 5358 2942 5411 καὶ
2994 5357 3055 5409 τὸ
3107 5353 3335 5426 μέγεοος
3385 5349 3485 5419 τῆς
3538 5344 3802 5413 θεότητος·

1826 5652 2063 5714 νΑΙιιλΕ
2105 5659 2395 5729 LEQTION
2402 5661 2502 5718 ES.

629 5738 977 5829 2,7390%}?
1145 5744 1436 5815 τηροῦντες
1482 5762 1542 5810 ς’
1615 5746 1664 5781 ⁸³
1700 5744 1805 5819 εφη
1841 5767 1901 5815 ς.
1978 5752 2024 5786 “
2067 5754 2216 5825 αὐτῷ
2252 5756 2348 5811 τὴν
2387 5756 2672 5829 ἐπιστολὴν
2717 5755 2884 5828 τόμον
2914 5755 2959 5812 Δ
2993 5772 3007 5811 :
3048 5756 3146 5827 τὴν
3192 5748 3492 5823 ἐπιστολὴν⁸
3523 5738 3686 5800 αὑτοῦ
3738 5754 3796 5804 ς’.

563 5803 610 5840 ⁸⁵
641 5803 881 5864 διάνοιαν
913 5812 1070 5879 μόνον
1096 5829 1156 5876 ς.
