3924 6402
151 385 266 456 ton
584 436 589 443 .
1159 342 1689 457 ΒιβιζιοτιιΕοΑ.

1795 413 1796 419 π
1833 386 1997 447 COD.
2039 385 2337 449 CCXXIX.
3207 386 3344 455 1018

148 498 310 555 Καίτοι
335 508 392 561 γε
426 486 472 543 il
499 488 598 560 μὲν
632 489 707 561 μή
747 488 1022 561 προειπὼν
1051 490 1156 546 τοῦ
1193 492 1335 557 ἐνὸς
1396 493 1496 547 καὶ
1562 494 1668 550 τοῦ

1796 494 1997 549 lixisset
2052 497 2210 549 unius
2243 508 2296 550 et
2356 497 2611 566 ejusdem,
2649 497 2758 554 cito
2803 497 3072 555 haereticis
3108 500 3345 555 occasio-

146 582 317 646 αὐτοῦ,
340 580 468 650 τάχα
489 578 556 633 ἂν
587 582 698 643 τοῖς
722 579 931 649 ἄφροσι
958 582 1184 652 παρεῖχε
1216 581 1387 652 λαϐῆς
1409 583 1667 636 ὑπόνοιαν

1797 599 1894 639 lem
1931 586 2201 642 haereseos
2223 589 2481 656 dedisset,
2506 591 2649 659 quod
2675 590 2791 659 ipse
2807 591 3020 645 divisim
3042 601 3206 661 ponat
3230 606 3346 647 car-

147 682 206 741 ὡς
228 677 317 729 ἀνὰ
364 674 515 743 μέρος
564 670 743 742 τίθησι
778 673 876 743 τὴν
902 672 1077 742 σάρκα
1095 675 1190 727 καὶ
1213 675 1315 745 τὴν
1340 676 1593 747 θεότητα,
1620 677 1670 729 εί

1797 690 1897 728 lem
1922 684 1978 729 et
2006 676 2369 733 divinitatem.
2400 679 2513 734 Etsi
2556 694 2659 734 vox
2697 680 2799 734 hoc
2828 689 2956 735 tunc
2987 696 3095 735 non
3137 682 3346 752 signiﬁ-

146 768 221 820 καὶ
271 762 389 832 μηδὲ
413 760 563 813 τοῦτο
590 761 623 831 ή
650 761 795 827 λέξις
853 762 989 832 μηδὲ
1022 762 1143 816 τότε
1197 764 1386 833 ὲδήλου
1407 782 1423 796 ’
1452 766 1577 819 its-el
1612 765 1670 819 δὲ

1795 765 1952 821 :sbat.
1999 766 2228 833 Quando
2276 784 2406 823 vero
2452 770 2587 823 dixit
2645 769 2800 822 unius
2852 778 2902 823 et
2941 770 3199 839 ejusdem,
3245 773 3344 825 ad.

146 851 401 924 προειπὼν,
434 845 545 903 Τοῦ
564 849 703 914 ἐνὸς
724 850 822 903 καί
856 851 967 905 τοῦ
986 852 1196 920 αὐτοῦ,
1215 855 1487 923 ἐπήγαγε,
1517 858 1586 909 τό
1608 871 1672 909 τε

1795 858 1970 923 unxit,
1991 858 2473 914 humilitas‘carnis
2490 860 2690 933 264a
2708 872 2755 914 et
2772 862 3080 930 magnitudo
3097 863 3344 916 divinita-

145 940 387 999 ταπεινὸν
399 938 505 1007 τῆς
523 940 749 1008 σαρκὸς
766 941 863 993 καὶ
890 942 959 995 τὸ
973 942 1223 1011 μέγεθος
1236 943 1346 1011 τῆς
1368 945 1668 1013 θεότητος,

1801 949 1865 1005 is.
1892 948 2177 1014 Quomodo
2202 967 2307 1007 non
2342 954 2543 1007 ultima:
2565 954 2930 1008 sitdementize
2960 955 3236 1009 innoxium
3252 970 3345 1007 ac-

144 1035 237 1096 πὼς
259 1032 346 1084 οὐκ
386 1030 614 1099 ἐσχάτης
665 1032 783 1084 ἐστὶ
810 1031 1006 1099 μανίας
1028 1033 1087 1085 ἑν
1114 1034 1320 1097 αἰτίαις
1365 1038 1539 1089 ποιεῖν
1579 1036 1672 1091 τὸν

1799 1054 1989 1096 :usare.
2044 1041 2178 1107 Quia
2215 1055 2527 1097 sanct0rutn
2562 1042 2781 1097 Patrum
2837 1044 2959 1097 libri
3005 1045 3092 1099 his
3127 1044 3348 1099 vocibus

143 1124 384 1183 bvalttov;
441 1122 519 1176 ὅτι
549 1121 605 1175 δὲ
646 1121 742 1176 καὶ
798 1123 909 1177 τῶν
978 1125 1140 1197 ιερῶν
1196 1127 1354 1197 ήμῶν
1412 1128 1674 1199 Πατέρων

1792 1138 2008 1195 scatent,
2067 1147 2527 1201 supervacaneum
2581 1135 2840 1190 existimo
2887 1134 3085 1190 all‘erre
3130 1135 3341 1203 copiam

142 1216 271 1285 γέμει
299 1212 361 1266 τὰ
409 1213 709 1283 γράμματα
752 1213 855 1278 τὰς
882 1216 1141 1281 τοιαύτας
1179 1218 1384 1286 φωνὰς,
1420 1222 1672 1290 περιττὸν

1796 1222 2176 1290 :xemplorum,
2202 1233 2257 1278 et
2285 1227 2330 1279 si
2377 1225 2506 1294 quid
2555 1226 2736 1281 simile
2778 1227 2830 1279 in
2866 1226 2950 1281 liis
2985 1226 3164 1281 verbis
3203 1225 3345 1281 beati

143 1300 265 1373 οἶμαι
282 1303 619 1372 παριστάνειν
643 1305 710 1374 τῇ
738 1306 1161 1375 παραθέσειτῶν
1178 1311 1425 1379 χρήσεων
1439 1309 1508 1364 ³⁸.
1536 1313 1676 1366 Καί·

1797 1311 1976 1367 .eonis
2019 1314 2362 1385 intelligitur,
2392 1317 2649 1384 oportuit,
2680 1319 2977 1371 secundum
3003 1318 3346 1388 Gregorium,

142 1412 206 1449 τοι
227 1396 307 1449 καὶ
334 1394 386 1446 εί
407 1412 457 1447 τι
484 1394 727 1449 τοιοῦτον
759 1395 1067 1457 ὑπονοεῖται
1120 1402 1233 1463 τοῖς
1257 1401 1351 1454 τοῦ
1397 1404 1673 1472 μακαρίου

1802 1404 2005 1458 Iubium
2033 1406 2099 1458 ad
2122 1406 2379 1475 pietatem
2405 1416 2561 1463 caule
2589 1409 2828 1471 trahere,
2848 1409 2942 1463 sed
2967 1423 3071 1462 non
3095 1409 3351 1463 audacter

142 1484 329 1547 Λέοντος
355 1482 472 1555 [454
500 1481 593 1555 H.]
618 1485 882 1555 ῥήμασιν,
908 1487 1077 1557 ἐχρῆν
1116 1488 1257 1541 κατὰ
1286 1490 1378 1544 τὸν
1409 1492 1469 1543 ὲν
1498 1492 1677 1559 ἁγίοις

1802 1496 1846 1549 ιιί
1881 1495 2215 1565 impietatem
2240 1509 2581 1553 convertere.
2616 1501 2673 1555 Si
2711 1502 2762 1554 in
2798 1501 2947 1555 nullo
2968 1500 3105 1555 libro
3122 1498 3351 1555 Theolo-

140 1575 398 1645 Γρηγόριον
422 1574 481 1627 τὸ
509 1575 809 1644 ἀμφίϐολον
844 1577 981 1647 πρὸς
1011 1578 1072 1632 τὸ
1098 1580 1486 1653 εὐσεϐέστερον
1515 1582 1675 1636 εὐλα-

1801 1601 1877 1650 ξυε
1929 1586 2224 1658 Gregorius
2266 1589 2386 1643 illos
2424 1591 2739 1657 confundat,
2775 1602 2998 1646 sanctus
3056 1590 3259 1646 Paulus
3297 1587 3350 1644 id

140 1666 227 1727 ϐὡς
263 1665 471 1718 ἑλκῦσαι
509 1665 647 1718 ἀλλὰ
679 1667 755 1738 μὴ
781 1666 1029 1738 θρασέως
1071 1668 1215 1723 οὕτω
1247 1670 1386 1742 πρὸς
1414 1671 1513 1742 τὴν
1537 1674 1665 1727 ἀσέ-

1803 1678 1937 1731 icit:
1970 1676 2037 1732 In
2066 1680 2417 1745 captivitatem
2459 1684 2751 1754 redigentes
2807 1699 3008 1738 omnem
3034 1683 3352 1739 intellectum

140 1757 261 1809 ϐειαν
300 1754 684 1811 ἐκϐιάσασθαι·
718 1760 767 1812 εί
796 1759 854 1813 δὲ
898 1760 957 1813 ὲν
1001 1760 1177 1813 οὐδενὶ
1212 1760 1356 1833 λόγῳ
1413 1765 1600 1829 αὑτοῖς
1639 1765 1671 1818 0

908 1760 957 1813 ὲν
1001 1760 1177 1813 οὐδενὶ
1212 1760 1356 1833 λόγῳ
1413 1765 1600 1829 αὐτοῖς
1639 1765 1671 1818 0
1778 1769 1830 1822 in
1863 1771 2164 1841 obsequium
2195 1772 2390 1829 Christi
2412 1786 2457 1830 Ρ.

138 1848 356 1916 Θεολόγος
386 1848 706 1920 Γρηγόριος,
750 1852 869 1907 ἀλλ’
915 1848 1010 1908 οὖν
1046 1871 1113 1922 γε
1141 1854 1531 1928 δυσωπηθῆναι
1573 1856 1667 1913 τὸν
1693 1860 1991 1917 ἀπόστολον
2025 1865 2238 1920 Παῦλον
2265 1867 2516 1935 λέγοντα,
2545 1869 3087 1938 Αἰχμαλωτίζοντες
3129 1868 3176 1902 ⁸⁷
3234 1867 3358 1925 πᾶν

136 1941 389 2008 νόημαεις
410 1940 527 2009 τὴν
557 1942 840 2011 ὑπακοὴν
871 1942 977 1997 τοῦ
998 1943 1281 2013 Χριστοῦ.

189 2037 239 2088 Ol
259 2034 312 2088 δὲ
347 2035 506 2091 πάλιν
534 2038 842 2107 ἐπιπηδῶσι
867 2041 981 2103 τοῖς
1004 2039 1097 2093 τοῦ
1128 2040 1322 2112 ἀνδρὸς
1348 2042 1590 2113 ῥήμασιν
1617 2043 1676 2096 ιν

1845 2041 1951 2100 Sed
1987 2058 2199 2099 rursum
2243 2044 2296 2099 in
2346 2044 2489 2099 illius
2573 2045 2735 2099 verba
2796 2044 3077 2110 invadunt,
3132 2045 3187 2098 in
3246 2044 3360 2113 qui-

135 2122 199 2189 οἷς
221 2142 389 2197 φησιν’
422 2128 690 2196 Ἔνεργεῖ
709 2134 820 2200 τὰρ
848 2132 981 2185 su”
1013 2133 1265 2201 ἑκατέρᾳ
1294 2133 1495 2203 μορφῇ
1525 2135 1677 2203 μετὰ

1811 2149 1873 2188 us
1920 2133 2037 2187 ait:
2094 2132 2419 2201 Coaperatur
2466 2144 2683 2201 utraque
2740 2133 2913 2202 forma
2973 2150 3093 2187 cum
3138 2142 3360 2203 utraque

135 2214 220 2283 τῆς
231 2218 461 2285 θατέρου
477 2221 792 2287 κοινωνίας
807 2221 953 2291 ὅπερ
974 2221 1130 2276 ίδιόν
1140 2222 1293 2286 ἐστι,
1311 2224 1418 2278 τοῦ
1436 2222 1553 2293 μὲν
1565 2226 1677 2278 Λό-

1811 2224 2157 2288 οηιηιιιηίοηε,
2217 2224 2355 2294 quod
2425 2227 2695 2291 proprium
2759 2235 2857 2279 est.
2924 2223 3108 2278 Verbo
3149 2224 3360 2296 quidem

138 2327 240 2377 του,
269 2310 765 2381 κατεργαζομένου
788 2314 949 2369 τοῦθ’
978 2314 1125 2383 ὅπερ
1162 2315 1293 2369 ἐστὶ
1316 2316 1421 2370 τοῦ
1453 2318 1671 2386 Λόγου,

1812 2324 2015 2377 perante
2059 2311 2155 2365 hoc
2191 2315 2330 2381 quod
2370 2322 2445 2366 est
2504 2310 2697 2375 Verbi,
2753 2323 2801 2366 et
2843 2328 3057 2383 corpore
3083 2330 3198 2384 qua:
3242 2316 3361 2367 sunl

135 2397 217 2451 τοῦ
233 2398 293 2451 δὲ
309 2398 580 2469 σώματος
603 2401 998 2471 ἐκτελοῦντος
1031 2404 1181 2472 ἅπερ
1209 2405 1343 2459 ἐστὶ
1400 2407 1506 2461 τοῦ
1553 2407 1673 2461 σώ-

1813 2406 2037 2475 orporis.
2093 2404 2254 2468 Ecce,
2306 2404 2576 2473 inquiunt,
2642 2404 2779 2461 duas
2839 2420 3100 2475 personas
3161 2405 3360 2472 posuit,

130 2508 301 2559 ματος.
341 2493 494 2557 Ἰδοὺ,
521 2495 676 2563 φασὶ,
706 2494 800 2548 δύο
846 2496 1110 2567 πρόσωπα
1137 2498 1376 2569 εἴρηκεν.
1410 2499 1506 2553 καὶ
1564 2499 1671 2571 ἰδίᾳ

1817 2504 1835 2550 ι
1883 2495 2098 2565 propria
2125 2509 2289 2565 opera
2346 2495 2611 2551 attribuit.
2663 2494 2729 2548 Et
2766 2511 2900 2551 Sane
2942 2496 3075 2549 nihil
3120 2495 3226 2550 tale
3271 2511 3364 2551 ne.

137 2584 214 2647 τὰς
259 2584 532 2656 ἐνεργείας
583 2587 838 2656 ἐκήρυξε.
890 2589 1081 2643 Καίτοι
1110 2606 1175 2657 γε
1224 2590 1377 2643 οὐδὲν
1434 2590 1673 2645 τοιοῦτον

1813 2602 1887 2656 {ue
1917 2602 2018 2642 vox
2064 2602 2239 2654 neque
2288 2588 2676 2656 consequentia
2725 2602 2919 2641 sensus
2964 2588 3220 2657 postulat.
3260 2584 3362 2641 Ubi

137 2673 281 2746 οὖτεή
312 2675 450 2741 λέξις
478 2675 607 2731 οὔτε
631 2679 664 2748 ή
699 2662 990 2733 ἀκολουθία
1016 2681 1239 2733 άπαιτεί
1264 2680 1359 2733 τοῦ
1381 2682 1672 2752 νοήματος.

1817 2681 1924 2734 nim
1964 2679 2123 2744 dixit,
2168 2688 2225 2732 ut
2284 2679 2500 2732 divisim
2556 2689 2785 2747 utraque
2837 2690 3023 2733 natura
3084 2688 3364 2747 operetur,

135 2762 222 2816 Ποῦ
247 2765 342 2835 γὰρ
371 2762 528 2818 εἶπεν
553 2766 629 2829 ὡς
654 2766 757 2819 ἀνὰ
782 2767 950 2837 μέρος
982 2766 1099 2838 [καὶ
1126 2767 1229 2821 ἀνὰ
1265 2766 1452 2838 μέρος]
1486 2768 1669 2840 μορφὴ

1820 2771 1869 2825 el
1913 2769 2000 2823 ubi
2038 2770 2292 2839 reliquit,
2332 2785 2451 2825 cum
2504 2770 2784 2839 utriusque
2817 2770 3230 2840 conjunctione,
3266 2771 3366 2824 hoc

134 2856 334 2927 ἑκατέρα
391 2858 697 2929 ὲνεργεῖ;ῆ
727 2859 830 2912 ποῦ
889 2859 1220 2928 παρέλιπεθθ
1249 2860 1310 2912 τὸ
1378 2860 1518 2929 μετὰ
1568 2861 1668 2931 τῆς

1816 2870 1878 2928 st,
1915 2863 2112 2916 unione
2156 2861 2513 2915 naturarum?
2546 2859 2601 2914 Si
2634 2875 2761 2915 vero
2801 2862 2914 2928 ipse
2944 2862 3034 2930 qui
3064 2864 3176 2916 lia'c
3210 2862 3365 2927 dixit,

135 2947 328 3019 Θατέρου
383 2950 691 3013 κοινωνίας.
726 2952 1004 3004 τουτέστιν
1028 2953 1085 3005 ἐν
1108 2954 1173 3022 τῇ
1206 2951 1396 3004 ὲνὼσει
1433 2955 1539 3005 τῶν
1574 2950 1675 3019 φύ-

1816 2963 2102 3017 ccusatur,
2160 2950 2391 3020 Cyrillus
2440 2967 2546 3006 non
2596 2952 2698 3005 alia
2738 2951 2924 3007 dicens
2962 2952 3013 3007 in
3047 2952 3198 3008 libris
3223 2951 3365 3007 Con-

134 3056 245 3093 σεων
270 3057 284 3107 ;
314 3042 372 3094 Ei
399 3043 442 3096 δ’
468 3037 627 3107 οὗτος
651 3043 825 3097 ταῦτα
858 3043 1027 3097 είπὼν
1059 3044 1150 3096 ὑπ’
1203 3045 1401 3108 αἰτίαν,
1443 3046 1537 3098 καὶ
1562 3043 1674 3097 Κύ-

1818 3058 1863 3094 Γτι
1898 3039 2228 3106 Nestorium,
2261 3042 2423 3097 etiam
2463 3052 2771 3100 accusetur.
2800 3042 3131 3098 Dicitenim:
3164 3042 3367 3112 Corpus

136 3130 281 3198 ριλλος
305 3132 399 3184 οὐκ
423 3132 561 3186 άλλα
584 3132 756 3200 λέγων
777 3134 835 3186 ἐν
882 3136 995 3196 τοῖς
1044 3134 1187 3187 κατὰ
1236 3134 1531 3203 Νεστορίου
1589 3134 1677 3188 λό-

1822 3137 2007 3202 rOpria:
2052 3146 2256 3187 natura:
2302 3132 2427 3205 [uti]
2484 3133 2716 3204 legibus,
2772 3144 2821 3189 et
2884 3146 3100 3189 mortem
3134 3148 3370 3205 gustasse

132 3239 225 3290 γοις
246 3225 334 3294 τῆς
364 3226 539 3295 αὐτῆς
590 3225 771 3296 ἔνοχος
834 3226 1094 3297 μέμψεως
1127 3244 1139 3255 ·
1188 3227 1519 3297 Παρεχώρει
1557 3226 1676 3296 μὲν

1823 3227 2027 3291 incedit,
2080 3238 2126 3279 et
2174 3226 2271 3279 hoc
2322 3244 2535 3295 passum
2582 3244 2690 3281 esse
2741 3228 2995 3295 adjuncto
3034 3226 3116 3279 illi
3172 3227 3372 3279 utiliter

129 3313 218 3382 τὰρ
239 3313 299 3367 τὸ
323 3314 517 3384 σῶμα,
550 3316 707 3386 φησι,
728 3316 773 3346 ⁵ο
811 3316 935 3382 τοῖς
965 3314 1071 3383 τῆς
1107 3316 1258 3382 ἰδίας
1284 3315 1540 3384 χρᾶσθαι
1564 3317 1674 3384 φύ-

1821 3324 1925 3373 nito
1987 3314 2176 3370 Verbo.
2239 3316 2301 3370 Et
2340 3332 2553 3371 rursum
2599 3316 2651 3370 in
2705 3316 2986 3370 Thesauris
3035 3332 3056 3370 .'
3109 3315 3370 3369 Permittit

128 3419 255 3472 σεως
278 3407 502 3476 νόμοις,
537 3408 637 3463 καί
670 3407 785 3476 τὴν
808 3408 916 3463 τοῦ
944 3408 1205 3463 θανάτου
1233 3408 1446 3477 γεῦσιν
1474 3408 1676 3477 ἐδέχε-

1822 3411 1981 3479 ›ι·ροι’ί
2030 3419 2078 3461 et
2140 3409 2459 3461 humanitati
2498 3424 2558 3461 ea
2601 3424 2716 3477 qua:
2766 3408 2875 3460 illis
2921 3406 3276 3468 conveniunt;
3324 3414 3371 3457 et

127 3514 197 3560 το,
223 3499 313 3554 καὶ
342 3500 521 3555 τοῦτο
533 3500 746 3556 παθεῖν
768 3501 1017 3570 ἐφέντος
1040 3499 1201 3565 αὐτῷ
1230 3501 1541 3570 χρησίμως
1568 3502 1675 3555 τοῦ

1825 3500 2183 3553 aclarationem
2218 3516 2390 3551 ueram
2428 3517 2637 3554 carnem
2674 3500 2862 3569 fuisse,
2890 3510 2937 3552 et
2970 3499 3247 3551 'ltoutinem
3291 3496 3374 3564 [a-

128 3587 413 3659 ὲνωθέντος
456 3594 678 3661 Λόγου.
712 3593 822 3646 Καὶ
866 3592 1027 3646 πάλιν
1080 3594 1136 3644 ὲν
1169 3596 1279 3656 τοῖς
1314 3593 1674 3661 Θησαυροῖς,

1520 3593 1674 3661 ροῖς,
1776 3604 1919 3647 ctum
1942 3592 2225 3644 secundant
2259 3589 2586 3659 Scripturas.
2621 3590 2725 3643 Sed
2761 3589 2875 3643 haec
2912 3603 3069 3642 mino.

139 3686 428 3754 Ἐπιτρέπει
456 3686 530 3741 δὲ
582 3686 661 3752 τῷ
687 3687 912 3757 σώματι
951 3687 1047 3740 καί
1073 3686 1146 3755 τῇ
1164 3688 1571 3755 ἁνθρωπότητι
1594 3688 1666 3741 τὰ
1687 3686 1892 3751 αὐτοῖς
1921 3686 1964 3719 ³⁸
2002 3685 2186 3755 φύσει
2218 3688 2547 3753 προσόντα,
2578 3688 2667 3752 εἰς
2694 3684 3005 3749 ἀπόδειξιν
3052 3683 3161 3738 τοῦ
3188 3683 3378 3749 ὄντως

128 3778 364 3836 καὶκατὰ
394 3778 687 3842 ἀλήθειαν
706 3777 967 3847 φορῆσαι
1009 3778 1205 3846 σάρκα
1250 3778 1347 3832 καί
1379 3776 1694 3846 ἄνθρωπον
1719 3776 1998 3847 γενέσθαι
2028 3777 2178 3831 κατὰ
2212 3779 2317 3844 τὰς
2348 3778 2615 3848 Γραφὰς.
2672 3777 2832 3832 Ἀλλά
2860 3778 3033 3833 ταῦτα
3057 3777 3157 3849 μὲν
3177 3777 3372 3851 ’ταύτῃ⁸

182 3884 291 3948 Ὅτι
316 3895 371 3949 δὲ
394 3895 430 3963 ή
454 3893 640 3965 μοριρὴ
659 3894 758 3963 οὐχ
783 3894 1131 3963 ὑπόστασιςῆ
1164 3895 1456 3963 πρόσωπον
1477 3896 1524 3927 ⁹²
1548 3897 1685 3947 νοεῖ-

1854 3892 1992 3959 Quia
2015 3893 2186 3947 farina
2213 3906 2318 3946 non
2344 3893 2650 3962 hypostasis
2680 3892 2761 3945 vel
2806 3906 3037 3960 persona
3076 3904 3264 3945 rursus
3292 3891 3373 3942 in-

126 4001 197 4038 ται
220 3986 324 4039 ἀλλ’
355 3987 537 4049 οὐσία,
565 3985 840 4048 Βασίλειος
869 3988 965 4056 μὲν
986 3987 1015 4038 0
1040 3986 1291 4056 λαμπρὸς
1318 3989 1416 4057 τῆς
1456 3985 1675 4055 Ἐκκλη-

1826 3986 2061 4052 :lligitur,
2080 3986 2172 4037 sed
2198 3986 2451 4038 essentia.
2486 3985 2967 4053 Egregiusquoque
2996 3982 3249 4037 Ecclesia:
3280 3982 3375 4035 do-

128 4077 225 4138 σίας
274 4080 442 4148 κῆρυξ
480 4082 541 4131 ὲν
596 4077 675 4148 τῷ
723 4079 843 4131 κατ’
886 4078 1155 4148 Εὐνομίου
1174 4079 1223 4110 ⁸³
1284 4078 1429 4149 λόγῳ
1474 4079 1677 4148 τρανῶς

1827 4085 1904 4128 lor
1939 4073 2166 4126 Basilius
2189 4073 2241 4127 in
2272 4074 2407 4128 libro
2437 4073 2635 4127 Contra
2658 4073 2995 4136 Eunomium,
3019 4072 3163 4125 clare
3192 4070 3376 4134 docet,

128 4166 356 4234 διδάσκει,
391 4172 489 4225 καὶ
525 4170 791 4240 Κύριλλος
819 4169 863 4223 δ’
889 4172 947 4224 ἐν
981 4173 1093 4234 τοῖς
1124 4170 1461 4240 Θησαυροῖς
1493 4173 1677 4240 λέγων1

1824 4166 2094 4236 tCyrillus
2118 4166 2169 4218 in
2196 4165 2502 4230 Tliesauris,
2526 4166 2801 4241 dicentes:
2836 4166 3009 4231 Quam
3034 4166 3229 4233 accepit
3259 4163 3372 4233 for-

132 4260 227 4314 Ἦν
259 4262 432 4315 ἔλαϐε
460 4260 705 4331 μορφὴν
742 4264 776 4316 ό
822 4263 892 4315 ἐν
925 4261 1129 4331 μορφῇ
1165 4263 1314 4317 Θεοῦ
1368 4261 1678 4331 ὑπάρχων,

1826 4274 1929 4312 iam
1971 4257 2022 4309 in
2058 4256 2233 4325 [arma
2263 4257 2357 4310 Dei
2378 4260 2652 4323 exsistens,
2684 4258 2829 4311 nobis
2850 4266 2928 4310 est
2951 4255 3375 4310 consubstantia-

129 4351 392 4417 ὁμοουσία
421 4351 592 4423 ἡμῶν
609 4352 654 4385 ’⁸
682 4353 873 4419 ἐστιν,
925 4353 1015 4408 ὅτι
1052 4354 1150 4407 καὶ
1190 4355 1259 4417 ἐξ
1292 4354 1479 4424 ἡμῶν.
1510 4356 1678 4409 Ἔστι

1821 4354 1877 4418 is,
1907 4359 1955 4403 et
1981 4365 2008 4401 e
2041 4348 2187 4402 nobis
2206 4360 2304 4403 est.
2352 4349 2587 4404 Estmero
2617 4350 2710 4403 Dei
2737 4349 2905 4418 [arma
2927 4347 3139 4413 Filius;
3178 4347 3370 4402 similis

129 4440 184 4494 δὸ
212 4444 350 4499 Θεοῦ
376 4444 583 4513 μορφὴ
623 4447 657 4499 ό
718 4446 869 4509 Υἱός·
936 4446 1259 4514 όμοούσιος
1288 4445 1407 4513 ἄρα
1443 4446 1678 4502 ἐκείνου

1821 4447 2056 4514 giturilli
2117 4446 2270 4515 cujus
2318 4444 2480 4496 etiam
2532 4444 2584 4496 in
2642 4442 2815 4506 [arma
2856 4454 2953 4495 est.
2993 4441 3058 4494 Et
3108 4449 3231 4494 ante
3271 4440 3370 4493 llos

128 4527 187 4586 οὗ
216 4536 306 4588 καί
338 4535 517 4590 ἐστιν
560 4536 633 4589 ἐν
649 4536 875 4606 μορφῇ.
936 4539 1046 4592 Καὶ
1078 4538 1185 4607 πρὸ
1209 4538 1419 4592 τούτων
1443 4540 1473 4590 0
1508 4537 1677 4607 μέγας

1820 4552 2020 4606 nagnus
2070 4536 2160 4590 ille
2207 4533 2405 4590 Paulus
2447 4550 2459 4584 :
2496 4531 2599 4596 Qui
2647 4548 2765 4584 cum
2792 4546 2847 4583 in
2884 4530 3055 4598 [arma
3088 4528 3181 4580 Dei
3217 4537 3369 4589 esset,

130 4622 338 4692 Παῦλος,
387 4626 451 4681 '0
483 4628 616 4681 ὲν⁹⁵
656 4628 863 4699 μορφῇ
909 4629 1055 4683 Θεοῦ
1104 4629 1393 4697 ὑπάρχων
1440 4628 1567 4700 [828
1600 4628 1679 4699 IL:

1823 4644 1904 4682 ton
1928 4630 2169 4695 rapinam
2201 4628 2487 4679 arbitratus
2517 4633 2592 4677 est
2628 4640 2741 4676 esse
2764 4638 2816 4675 se
2840 4622 3095 4690 wqualem
3124 4618 3255 4682 Deo.
3283 4619 3372 4672 sed

130 4716 223 4783 οὐχ
262 4717 577 4788 ἁρπαγμὸν
631 4718 906 4790 ἡγήσατο
931 4722 995 4774 τὸ
1033 4717 1184 4775 εἶναι
1218 4722 1324 4775 ἴσα
1363 4720 1503 4787 Θεῷ,
1558 4722 1677 4775 ἀλλ

1823 4736 1847 4774 e
1874 4721 2045 4787 ipsum
2078 4716 2272 4789 2641)
2294 4716 2580 4769 exinanivit
2622 4714 2851 4783 formam
2876 4714 3012 4767 servi
3038 4712 3297 4777 accipiens
3323 4718 3372 4762 1.

127 4804 321 4861 ἑαυτὸν
344 4810 611 4865 ἐκένωσε
657 4812 901 4881 μορφὴν
954 4812 1179 4867 δούλου
1237 4812 1464 4871 λαϐὼν.
1526 4815 1676 4882 Δῆλοι

1825 4812 2014 4864 ζιίιιιιιιι
2058 4818 2142 4865 est
2187 4809 2299 4877 jam
2331 4807 2601 4876 quomodo
2653 4820 2757 4858 non
2812 4818 3045 4872 persona
3094 4803 3165 4855 sit
3198 4800 3374 4854 Patris

130 4896 220 4965 γὰρ
260 4900 375 4969 οὐχὶ
426 4902 719 4969 πρόσωπον
768 4902 1014 4973 ὑπῆρχεν
1048 4905 1077 4956 0
1122 4903 1249 4965 Υἱὸς
1306 4904 1401 4957 τοῦ
1457 4905 1679 4975 Πςιιτρὸς1

1823 4902 1991 4967 "ilius,
2026 4918 2127 4956 nec
2152 4900 2392 4971 ejusdem
2417 4914 2682 4968 persona),
2714 4897 2805 4951 sed
2831 4897 3070 4963 ejusdem
3101 4893 3372 4956 essentise,

126 4984 229 5038 οὐδὲ
252 4986 347 5057 τῆς
375 4989 547 5059 αὐτῆς
571 4990 941 5055 ὑποστάσεως,
971 4992 1105 5046 ἀλλὰ
1132 4994 1232 5062 τῆς
1268 4994 1439 5063 αὐτῆς
1489 4994 1675 5057 οὐσίας

1833 5005 1850 5048 t
1882 4995 1933 5047 in
1963 5010 2065 5062 qua
2093 4994 2256 5047 etiam
2291 5000 2392 5044 est.
2424 4990 2656 5042 liursum
2714 4996 2941 5040 sanctus
2969 4984 3201 5038 Basilius
3237 4982 3377 5037 libro

129 5070 220 5148 ὲνῇ
251 5078 341 5130 καὶ
358 5074 503 5133 εἶναι
522 5080 761 5150 λέγεται.
789 5084 958 5136 Πάλιν
984 5084 1041 5138 δὲ
1069 5086 1097 5137 0
1118 5087 1174 5137 ὲν
1201 5084 1374 5152 ἁγίοις
1402 5086 1678 5149 Βασίλειος

1827 5086 1993 5139 .‘ontra
2028 5083 2368 5147 Eunomium,
2388 5081 2564 5150 capite
2587 5082 2764 5149 primo
2787 5079 2863 5132 sic
2893 5078 3052 5132 habet
3076 5095 3087 5129 :
3113 5074 3177 5127 In
3202 5074 3376 5143 [arma

127 5164 177 5216 iv
204 5167 275 5237 τῷ
302 5171 425 5223 κατ’
455 5172 781 5241 Εὑνομίου⁹⁶
803 5172 966 5244 λόγῳ,
990 5176 1046 5227 ὲν
1072 5174 1145 5244 τῷ
1160 5176 1359 5245 πρώτῳ
1387 5175 1676 5244 κεφαλαίῳ.

1826 5193 1852 5227 n
1870 5174 2091 5227 essentia
2122 5173 2216 5225 Dei
2236 5188 2253 5235 ;
2283 5189 2384 5225 non
2402 5172 2539 5225 enim
2566 5170 2710 5222 aliud
2743 5169 2937 5237 (arma,
2958 5174 3007 5219 et
3033 5163 3179 5216 aliud
3197 5178 3375 5216 essen-

130 5257 251 5312 οὖτω
281 5264 436 5333 φησὶ,
470 5264 540 5317 Τὸ
560 5266 632 5318 ὲν
659 5264 863 5335 μορφῇ
894 5267 965 5319 ἐν
1018 5268 1201 5335 οὐσίᾳ
1232 5268 1362 5321 ἐστὶ
1415 5265 1581 5321 Θεοῦ.
1616 5265 1679 5319 υί

1826 5268 1873 5319 ia
1910 5267 2005 5320 Dei
2028 5276 2102 5321 est
2126 5306 2140 5333 ,
2176 5282 2236 5320 ne
2261 5265 2545 5331 composita
2576 5265 2677 5328 sit,
2710 5262 2799 5333 qui
2822 5259 3110 5314 secundum
3151 5255 3375 5324 [armant

194 5381 218 5421 ι’
241 5372 259 5426 l
283 5374 410 5430 Cor.
438 5392 493 5440 τ,
527 5376 581 5431 5.
624 5388 651 5427 τι
685 5378 917 5448 Philipp.
949 5394 1009 5443 ιι,
1033 5381 1083 5443 5,
1119 5381 1175 5435 6.

1414 5532 1645 5589 VARMS
1695 5532 2101 5589 LECTIONES.

134 5615 508 5713 "'11.".‘1‘559".
549 5624 969 5713 ἑᾷκρημάῖίθν
1004 5642 1062 5713 ς;
1140 5626 1183 5659 ⁸⁷
1217 5628 1400 5713 Ξίκμι]
1434 5628 1477 5713 'I
1514 5629 1671 5682 CW-
1703 5625 1867 5713 ‘.:.5-.
1920 5625 1962 5713 ῗ⁸
2006 5628 2064 5678 έν
2096 5628 2335 5713 9'“-
2372 5628 2417 5713 ’ἓ
2448 5625 2843 5713 παρέλέἑτξε.Α;
2871 5694 2891 5713 ..
2920 5624 2970 5713 ’ἶ
2997 5624 3129 5693 φησί
3154 5621 3347 5713 ³⁴¹ἱίο¹ἕ

211 5691 389 5771 “51°F:
416 5691 461 5743 Α
493 5708 508 5743 ³
535 5691 720 5771 αὑτῇξ
872 5695 923 5771 _"
943 5695 1139 5771 ,πρόετοΔ
1161 5691 1329 5754 πάλιν
1366 5691 1567 5753 νοεῖται
1597 5715 1657 5762 ς.
1734 5698 1780 5728 ’³
1817 5695 2066 5767 εὐκόμιον
2093 5700 2159 5753 Α.
2234 5700 2281 5731 ’⁸
2313 5700 2445 5771 ἡμῖν
2481 5691 2540 5762 gi
2616 5698 2663 5731 "
2690 5697 2719 5749 0
2757 5694 2840 5769 ὲν]
2868 5694 2926 5760 ὃς
2956 5691 3018 5749 ἐν
3042 5691 3187 5751 corr.
3217 5694 3281 5746 A.
3317 5700 3377 5746 ut

134 5762 205 5808 εει
257 5758 485 5830 Philipp.
517 5778 578 5829 ιι,
623 5758 677 5818 6.
753 5765 798 5795 ’⁸
834 5758 1083 5836 εὐνόμίον
1112 5766 1178 5822 Δ.
