3954 6388
118 388 218 460 1021

1062 374 1586 440 BIBLIOTHEIIA.
1625 402 1694 412 -
1727 375 1893 438 COD.
1930 376 2249 440 CCXXIX.‘

3151 376 3293 444 1022

112 504 264 563 Καίτοι
291 496 317 549 ὁ
353 493 406 546 έν
434 487 586 551 ὁσίοις
619 486 773 540 Λέων
810 488 923 551 τοῖς
971 487 1287 558 είρημένοις
1321 487 1602 558 ἐπιφέρει,

1738 482 1877 537 ﬁlius
1905 483 2157 548 hominis,
2188 483 2328 551 quod
2361 499 2538 539 omnes
2571 487 2701 539 vires
2741 488 3019 555 impiorum
3056 487 3289 545 imbelles

112 590 190 657 εἷς
210 588 300 659 γὰρ
332 583 420 637 καὶ
449 583 480 634 ὀ
512 577 689 642 αὐτὸς
721 576 960 645 ἀληθῶς
992 580 1123 643 Υἱός
1153 596 1216 632 τε
1263 579 1412 633 Θεοῦ
1440 580 1482 611 ¹⁰
1509 578 1609 633 καὶ

1738 584 1879 629 latest
1910 575 2251 644 confundere.

108 679 297 749 ἀληθῶς
333 671 453 737 mc
495 667 804 735 ἀνθρώπου
846 668 1124 736 ὑπάρχει.
1160 671 1225 721 "0
1258 671 1438 723 πᾶσαν
1484 670 1612 723 ἀσε-

108 771 296 825 comm
324 763 464 831 ίσχύν
509 759 723 827 ἄμαχον
748 756 861 826 ἔχει
904 757 1264 826 καταισχῦναι
1295 758 1609 813 κακόνοιαν.

160 860 263 933 [829
287 852 366 926 IL]
398 849 574 904 Ταῦτα
598 848 698 918 μὲν
725 844 819 902 οὖν
848 848 1001 920 παρὰ
1020 848 1127 901 τῶν
1151 849 1448 920 αἱρετικῶν
1478 866 1612 920 προ-

105 951 335 1019 τεινόμενα
374 944 503 1013 πρὸς
547 939 717 1011 λαϐὴν
765 940 805 971 ¹¹
836 939 937 1009 τῆς
977 939 1261 1004 εὐσεϐείας
1289 941 1554 1007 γενναίως
1583 942 1613 994 ό

106 1051 146 1099 tv
166 1041 311 1109 ἁγίοις
336 1032 645 1104 Ἐφραίμιος
664 1030 1002 1087 ἀπελύσατο.
1022 1031 1218 1101 Τίθησι
1245 1032 1303 1084 δι
1337 1033 1430 1085 καὶ
1451 1032 1614 1097 αὐτὸς

103 1133 264 1189 οἴκοθεν
294 1125 378 1180 τοῦ
406 1122 568 1178 αὐτοῦ
595 1122 765 1192 τόμου
801 1123 1045 1194 ῥήματα,
1087 1124 1146 1176 ὲν
1181 1118 1264 1186 οἷς
1299 1123 1395 1177 τοῦ
1424 1124 1613 1195 ἀρχιε-

104 1226 209 1297 ρέως
229 1217 373 1274 αὐτοῦ
404 1217 499 1285 τῆς
530 1213 810 1277 εὐσεϐείας
840 1214 1204 1284 έξαστράπτει
1226 1213 1288 1267 τὸ
1324 1215 1612 1285 κήρυγμα,

101 1316 170 1370 καὶ
205 1310 300 1366 οὐδ’
336 1311 366 1378 ἡ
416 1305 772 1376 ἀναίσχυντος
821 1305 929 1359 τῶν
974 1304 1105 1376 [456
1139 1304 1231 1377 IL]
1268 1305 1615 1361 ἀσεϐούντων

100 1404 233 1473 τόλμα
258 1396 600 1452 ἐπιλαϐέσθαι
629 1396 776 1459 τινὸς
816 1396 1023 1448 τούτων
1053 1395 1317 1464 οὐμενοῦν
1364 1396 1617 1466 οὐδαμῶς

99 1481 672 1563 ὁπηναισχύντησεν.Ὧν
703 1488 769 1539 ἐκ
798 1486 1009 1540 πολλῶν
1034 1488 1181 1539 ἐστὶν
1213 1486 1271 1538 ἓν
1297 1488 1392 1541 καὶ
1418 1488 1504 1550 τὸ,
1551 1487 1613 1539 '0

99 1583 287 1650 ἀπαθὴς
326 1579 464 1646 Θεὸς
511 1580 623 1633 οὐκ
674 1577 985 1646 ἀπηξίωσε
1028 1579 1295 1645 παθητὸς
1337 1577 1617 1647 γενέσθαι

96 1677 379 1741 ἅνθρωπος,
426 1670 525 1724 καὶ
582 1673 616 1725 ό
663 1670 961 1737 ἀθάνατος
1003 1671 1207 1739 νόμοις
1260 1671 1617 1726 ὑποκεῖσθαι

98 1764 322 1820 θανάτου.
374 1761 785 1831 Ἀναθεματιζει
832 1762 889 1815 δὲ
926 1763 1139 1832 τρανῶς
1189 1765 1221 1834 ή
1262 1764 1479 1828 σύνοδος
1523 1768 1617 1818 καὶ

1785 858 1911 915 Haec
1956 861 2176 931 quidem
2227 870 2419 916 contra
2471 860 2757 918 haereticos
2804 861 3057 932 pietatem
3101 864 3294 919 defen-

1715 951 1852 1006 dens
1906 952 2251 1022 Ephraemius
2307 952 2561 1017 adducit;
2616 955 2767 1024 ponit
2814 963 2869 1008 et
2910 954 3049 1009 idem
3091 957 3297 1025 proprii
3362 1030 3371 1035 .

1717 1042 1840 1098 libri
1882 1045 2065 1109 verba,
2102 1045 2156 1098 in
2202 1046 2399 1114 quibus
2445 1047 2840 1118 archiepiscopi
2886 1048 3034 1103 illius
3084 1052 3303 1121 pietatis

1718 1133 1959 1189 illustrat
1984 1137 2343 1205 praeconium,
2377 1148 2426 1194 et
2461 1156 2637 1209 neque
2677 1141 2967 1210 impudens
3006 1142 3300 1210 impiorum

1717 1227 1944 1283 audacia
2006 1230 2209 1299 aliquid
2277 1230 2473 1286 borum
2535 1235 2945 1304 apprehendere
3003 1236 3297 1299 erubescit,

1717 1334 1949 1389 quorum
1980 1336 2011 1375 e
2038 1322 2225 1377 multis
2256 1323 2357 1379 hoc
2393 1339 2584 1380 verum
2632 1335 2740 1391 est,
2772 1325 2910 1380 Deus
2958 1328 3300 1395 impassibilis

1718 1414 1871 1488 homo
1907 1415 2173 1481 passibilis
2212 1417 2329 1483 ﬁeri
2372 1434 2476 1471 non
2529 1419 2843 1488 dedignatus
2879 1430 2977 1483 est,
3002 1430 3048 1473 et
3082 1421 3301 1473 innuer-

1719 1486 1843 1557 talis
1870 1505 2127 1574 subjicere
2146 1524 2201 1561 se
2226 1510 2407 1562 mortis
2435 1510 2653 1579 legibus.
2683 1512 3132 1565 Excommunieat
3158 1512 3304 1565 clare

1718 1605 1816 1660 per
1873 1590 2113 1648 Leonem
2176 1605 2425 1651 sanetum
2491 1600 2779 1654 concilium
2836 1598 3148 1656 Nestorium
3202 1602 3304 1656 hoc

1721 1686 1881 1739 modo
1913 1705 1925 1739 :
1960 1684 2278 1741 Exsecratus
2309 1693 2373 1742 sit
2413 1690 2713 1760 Nestorius,
2747 1695 2837 1765 qui
2879 1712 3091 1749 sacram
3132 1693 3305 1764 Virgi-

1722 1792 1837 1829 nem
1862 1793 1965 1830 non
1994 1778 2110 1843 Dei,
2136 1782 2225 1833 sed
2254 1782 2481 1837 hominis
2509 1788 2662 1838 modo
2704 1796 2923 1839 matrem
2951 1804 3061 1841 esse
3090 1800 3305 1840 coutcu-

96 1855 336 1923 Νεστόριον
387 1852 475 1905 διὰ
502 1852 598 1905 τοῦ
644 1851 810 1905 αὐτοῦ
860 1852 1110 1916 Λέοντος,
1168 1853 1311 1906 οὕτω
1357 1853 1613 1921 λέγουσα,

1738 1869 1797 1921 lit
1837 1881 1857 1920 :
1897 1877 1952 1921 ut
2006 1874 2182 1924 curuis
2232 1874 2426 1939 aliaat,
2478 1876 2641 1929 aliam
2692 1879 2984 1932 divinitatis
3028 1896 3305 1945 personant

107 1941 588 2011 Ἀναθεματιζέσθω
606 1944 927 2011 Νεστόριος
947 1944 981 1995 ό
1013 1943 1128 2011 τὴν
1145 1947 1447 2013 μακαρίαν
1475 1949 1616 2017 οὐχὶ

96 2036 174 2091 τοῦ
217 2036 368 2099 Θεοῦ,
415 2035 733 2102 ἀνθρώπου
783 2034 851 2088 δὲ
889 2038 1085 2104 μόνον
1121 2040 1426 2093 πιστεύων
1467 2037 1620 2097 εἶναι

1724 1969 1949 2014 statuat.
1988 1961 2269 2027 Quomodo
2311 1965 2475 2033 igitur
2511 1983 2633 2021 cum
2671 1967 2920 2024 Nestorio
2955 1971 3141 2037 sentit,
3179 1987 3303 2025 cum

1730 2051 1849 2121 ejus
1876 2053 2126 2123 dogmata
2162 2057 2523 2113 condemnet?
2966 2038 2979 2047 κ

91 2130 404 2203 μητέραιῖνα
440 2130 551 2199 τῆς
586 2130 705 2200 μὲν
736 2132 963 2199 σαρκὸς
988 2130 1143 2186 ἄλλο
1181 2135 1290 2202 τῆς
1323 2136 1391 2188 δέ
1422 2139 1702 2209 θεότητος
1732 2147 1889 2203 ἄλλο
1935 2151 2267 2217 πρόσωπον
2319 2153 2735 2225 ἀπεργάσηται
2791 2156 2857 2209 “.
2906 2156 3030 2219 Πῶς
3082 2152 3176 2209 οὖν
3240 2155 3309 2209 τὰ

94 2227 338 2294 Νεστορίου
368 2228 559 2297 φρονεῖ
581 2228 610 2280 ὁ
637 2227 939 2300 Νεστόριον
971 2229 1064 2281 καὶ
1096 2230 1165 2282 τὰ
1194 2232 1361 2285 αὐτοῦ
1387 2233 1637 2304 δόγματα
1661 2239 1804 2296 οὕτω
1826 2247 2206 2311 καταδικάζων
2228 2267 2243 2317 ;

141 2319 284 2373 Πάλιν
326 2319 382 2372 δὲ
426 2320 834 2392 ἐπηρεάζουσιν
868 2322 919 2374 οἱ
958 2322 1230 2393 αἱρετικοὶ
1271 2327 1372 2396 τὴν
1405 2327 1446 2379 δ’
1493 2328 1622 2382 σύν-

91 2414 196 2479 οδον,
224 2412 461 2481 λέγοντες
485 2412 568 2476 ὡς
591 2412 917 2481 ἐδογμάτισε
956 2414 1145 2484 μηδενὶ
1186 2413 1383 2480 ἐξεῖναι
1413 2420 1623 2490 προφέ-

90 2525 175 2575 ρειν
200 2508 354 2577 ἦγουν
393 2505 745 2576 συγγράφειν
782 2505 815 2576 ἢ
857 2504 1165 2559 συντιθέναι
1206 2507 1239 2578 ἤ
1272 2513 1491 2580 φρονεῖν
1532 2512 1626 2565 πί-

88 2614 178 2651 στιν
203 2599 380 2667 ἑτέραν
407 2598 549 2667 παρ’
577 2596 645 2667 ἢν
684 2595 900 2660 ἐξέθετο
935 2597 1095 2667 αὐτή.
1124 2599 1319 2653 Καίτοι
1362 2602 1423 2653 οὐ
1468 2602 1627 2657 τοῦτο

86 2692 325 2761 ήσύνοδος
353 2690 677 2761 διωρίσατο,
718 2689 824 2743 κᾶν
860 2690 1235 2757 ἀναισχύντως
1277 2688 1421 2747 οὗτοι
1453 2712 1627 2751 κατα-

84 2782 340 2851 ψεύδωνται
361 2783 402 2813 ⁸³
420 2798 435 2812 ο
460 2781 606 2835 ἀλλὰ
634 2780 731 2852 τὴν
756 2784 940 2835 πίστιν
962 2783 1029 2853 ἢν
1055 2786 1103 2837 oi
1126 2790 1193 2838 τι⁹
1222 2787 1316 2839 καὶ
1344 2787 1393 2857 η’
1420 2788 1464 2819 ⁸⁵
1488 2787 1634 2857 ἅγιοι

84 2875 286 2943 Πατέρες
327 2872 583 2938 ἐξέθεντο
626 2873 851 2945 τιμῶσά
884 2892 945 2928 τε
979 2876 1069 2928 καὶ
1109 2875 1401 2941 θειάζουσα
1426 2918 1440 2942 ,
1482 2881 1635 2951 παρὰ

84 2966 248 3037 ταύτην
272 2966 441 3038 ἔφησε
474 2967 675 3038 μηδενὶ
716 2968 917 3032 ἐξεῖναι
961 2967 1258 3039 προφέρειν
1314 2970 1509 3041 ἑτέραν
1541 2973 1635 3025 πί-

83 3076 191 3125 στιν,
218 3060 308 3113 καὶ
347 3061 419 3114 τὰ
469 3060 770 3114 ὑπόλοιπα.
799 3061 967 3131 Δῆλον
998 3062 1055 3115 δέ
1113 3062 1261 3115 ἐστιν
1298 3064 1357 3127 ἐξ
1385 3064 1563 3117 αὐτῶν
1590 3064 1633 3098 ¹⁸

82 3150 278 3219 μάλιστα
312 3151 421 3206 τῶν
457 3152 761 3206 συνοδικῶν
793 3153 1007 3222 φωνῶν,
1058 3146 1134 3207 ὧν
1171 3156 1266 3206 καὶ
1300 3154 1457 3223 μόνον
1498 3157 1629 3208 ἁνα-

80 3245 465 3313 γινωσκομένων
482 3245 745 3314 οὐδεμιᾶς
772 3244 941 3314 ἄλλης
968 3245 1178 3298 δεῖσθαι
1210 3246 1253 3276 ¹⁶
1281 3250 1628 3317 κατασκευῆς

82 3333 415 3401 ῆσυστὰσεως
448 3336 830 3406 ὲπιδειχθεῖσα
860 3339 891 3405 ἡ
929 3337 1177 3405 ἀλήθεια.
1202 3338 1312 3390 Καὶ
1344 3340 1443 3407 οὐχ
1462 3338 1629 3409 ὥρισε

80 3426 157 3492 μὲν
185 3428 351 3493 τοῦτο,
384 3428 600 3499 ἔπραξε
640 3428 696 3480 δὲ
736 3428 933 3492 ἄλλως,
966 3429 1080 3481 ἀλλ’
1115 3429 1189 3492 ὡς
1238 3431 1457 3501 ὥρισεν,
1490 3432 1632 3485 οὕτω

79 3520 322 3589 πανταχοῦ
362 3522 462 3573 καὶ
508 3523 958 3591 διαπραττομένη
999 3524 1357 3593 γνωρίζεταιο
1391 3527 1485 3578 καὶ
1522 3524 1631 3595 γὰρ

75 3608 175 3671 τοὺς
209 3613 271 3679 τῇ
308 3610 575 3681 εὐσεϐείᾳ
633 3612 960 3681 προσιόντας
1008 3612 1108 3665 οὐκ
1161 3612 1287 3666 ἄλλο
1331 3614 1628 3684 σύμϐολον,

76 3700 186 3754 ἀλλὰ
208 3702 313 3757 τῶν
350 3710 458 3775 τιη¹
488 3703 666 3772 ἁγίων
701 3704 961 3774 Πατέρων
991 3704 1296 3759 ἐκδιδάσκει
1332 3706 1426 3760 καὶ
1454 3723 1634 3778 παρα-

74 3792 279 3849 δίδωσιν.

132 3885 335 3940 ruma
385 3889 446 3942 δὲ
492 3888 695 3959 μᾶλλον
743 3889 871 3942 καθ’
918 3888 1197 3959 έαυτῶνῆ
1240 3889 1493 3960 διαϐολὴν
1534 3890 1632 3959 τῆς

74 3979 263 4034 συνόδου
285 3984 673 4054 καταχέουσιν,
706 3986 765 4038 ὲν
793 3980 873 4047 οἷς
899 4002 1066 4054 φασιν
1096 3985 1267 4055 αὐτὴν
1299 3986 1405 4038 ὐπὸ
1425 3985 1636 4039 πολλῶν

74 4068 422 4141 διασύρεσθαι.
454 4075 631 4129 Πόσαι
672 4075 783 4145 γὰρ
819 4076 921 4145 τῆς
954 4076 1180 4147 πρώτης
1209 4083 1305 4130 καὶ
1331 4078 1638 4147 οἰκουμενι-

73 4161 157 4231 κῆς
177 4165 333 4232 ἁγίας
376 4168 609 4221 συνόδου
636 4172 895 4221 κατεῖπον
920 4169 1150 4235 σύνοδοι,
1171 4170 1266 4222 καὶ
1301 4170 1423 4222 τότε
1451 4171 1636 4241 ἀρχιε-

75 4256 191 4323 ρέων
214 4254 369 4313 οὖσαι
404 4260 521 4329 πλή
534 4277 726 4328 ρωμα;
758 4261 856 4331 τὴν
888 4260 943 4319 δὲ
971 4260 1079 4312 τῶν
1113 4266 1188 4331 ρν¹
1218 4261 1327 4314 οὐδ’
1351 4263 1399 4315 εί
1446 4262 1637 4330 γέγονε

69 4343 189 4409 τινὲς
215 4347 326 4401 τῶν
354 4350 683 4417 Αἰγυπτίων
711 4348 910 4402 εἰδέναι
951 4350 1243 4419 ἠθέλησαν.
1290 4350 1429 4404 Ἀλλ’
1461 4352 1637 4405 ἐάσω-

73 4452 153 4503 μεν
174 4437 214 4468 ¹⁷
241 4439 301 4492 τὸ
323 4440 644 4510 ἀλόγιστον.

1799 2336 1937 2394 Ecce
1985 2342 2179 2396 iterum
2222 2354 2471 2413 quartam
2516 2345 2779 2415 synodum
2821 2346 3059 2400 haeretici
3102 2346 3309 2401 calum-

1729 2431 1968 2495 niantnr,
2030 2434 2273 2489 dicentes
2316 2452 2435 2489 eam
2494 2436 2744 2491 docuisse
2788 2451 2891 2491 non
2953 2436 3115 2491 licere
3182 2451 3311 2507 pro-

1729 2521 1893 2587 ferre,
1920 2524 2001 2579 vel
2033 2526 2291 2589 scribere,
2319 2527 2401 2580 vel
2426 2543 2774 2597 componere,
2800 2529 2882 2582 vel
2913 2529 3118 2593 sentire
3146 2528 3307 2583 aliam

1730 2615 1912 2681 tidem,
1945 2628 2144 2686 praeter
2184 2633 2303 2671 eam
2334 2635 2498 2687 quam
2533 2636 2595 2674 ea
2631 2621 2909 2689 reposuit;
2955 2632 3008 2675 et
3046 2632 3222 2675 tamen
3258 2621 3308 2675 id

1731 2707 1970 2776 synodus
2008 2724 2113 2761 non
2150 2709 2409 2771 decrevit,
2452 2709 2702 2778 quamvis
2742 2709 3213 2780 impudentissime
3256 2710 3309 2764 id

1734 2798 1971 2853 haeretici
2014 2800 2353 2853 mentiantur
2384 2819 2397 2855 :
2430 2802 2523 2855 sed
2570 2799 2764 2872 265i:
2799 2817 2918 2855 eam
2959 2801 3114 2855 ﬁdem
3148 2817 3311 2871 quam

1733 2892 1957 2945 trecenti
2018 2893 2320 2947 octodecim
2368 2892 2557 2949 Patres
2602 2901 2957 2948 asserueruut
3014 2894 3315 2949 observans

1732 2990 1786 3036 et
1830 2984 2185 3046 conﬁrmans,
2223 2994 2580 3053 pra-terquam
2638 2987 2779 3054 quod
2826 2986 2964 3040 dixit
3000 2986 3199 3039 nemini
3246 2986 3281 3041 li

1733 3084 1857 3123 cere
1890 3070 2050 3124 aliam
2098 3071 2255 3126 ﬁdem
2304 3074 2572 3142 proferre,
2607 3082 2662 3129 et
2709 3090 2826 3143 qua:
2870 3086 3193 3143 sequuntur.
3237 3075 3310 3130 Ex

1737 3162 1821 3217 his
1874 3163 2127 3219 omnibus
2180 3166 2368 3235 synodi
2427 3166 2653 3222 vocibus
2699 3182 2836 3236 quas
2887 3168 3058 3221 solum
3103 3178 3315 3237 oportet

1734 3253 1934 3322 legere,
1990 3256 2226 3309 maxime
2282 3257 2655 3321 manifestum,
2710 3273 2819 3311 non
2879 3258 2985 3311 alia
3044 3273 3316 3328 przepara-

1738 3346 1879 3399 tione
1908 3346 1991 3399 vel
2033 3347 2355 3415 probatione
2402 3349 2683 3401 veritatem
2726 3359 3003 3418 receptam
3053 3349 3314 3418 indigere,

1736 3449 1834 3487 nec
1871 3434 2016 3488 aliud
2050 3436 2295 3498 delinire,
2323 3436 2466 3490 aliud
2500 3436 2711 3505 facere;
2749 3438 2842 3492 sed
2879 3447 2937 3492 ut
2970 3438 3209 3493 decrevit
3237 3438 3320 3491 sic

1736 3526 1938 3592 ultique
1987 3534 2041 3579 et
2096 3525 2290 3581 fecisse
2342 3528 2725 3597 Cognoscitur,
2792 3544 2927 3581 neve
2983 3530 3147 3583 etiam
3202 3514 3321 3597 pios

1738 3616 1881 3669 aliud
1924 3617 2230 3687 symbolum
2264 3616 2532 3688 proliteri,
2563 3634 2725 3688 quam
2763 3618 2869 3674 518
2904 3618 3095 3674 Patres
3124 3620 3321 3673 docue-

1738 3716 1866 3761 runt
1896 3717 1949 3761 et
1985 3710 2344 3765 tradiderunt.

1810 3883 1916 3939 Sed
1977 3887 2154 3941 rident
2208 3902 2305 3942 eos
2360 3886 2626 3953 hazretiei,
2673 3889 2762 3943 ubi
2817 3888 3005 3943 dicunt
3062 3890 3202 3944 hanc
3253 3887 3324 3942 ab

1737 3976 1990 4032 omnibus
2048 3976 2315 4031 infestari.
2366 3977 2508 4043 Quot
2552 3978 2696 4033 enim
2751 3981 2940 4052 synodi
2986 3992 3173 4035 contra
3216 3981 3327 4049 pri-

1739 4082 1883 4120 mam
1943 4067 2247 4135 generalem
2302 4069 2796 4134 contradixerunt,
2858 4086 2979 4140 qua:
3029 4077 3082 4123 et
3137 4070 3323 4123 archi-

1738 4158 2020 4228 episcopos
2066 4158 2409 4227 habuerunt;
2470 4161 2615 4215 illam
2660 4176 2790 4219 vero
2830 4172 3046 4217 centum
3084 4170 3136 4215 et
3166 4161 3327 4231 quiu-

1739 4252 1997 4323 quaginta
2058 4251 2305 4321 Patrum,
2348 4256 2393 4309 si
2463 4270 2569 4309 non
2630 4255 2751 4319 fuit,
2811 4256 3031 4325 quidam
3086 4254 3324 4327 [Egyptii

1740 4347 1884 4403 scire
1912 4346 2222 4415 voluerunt,
2255 4350 2348 4403 sed
2376 4349 2724 4419 permittatur
2757 4350 2864 4404 illis
2900 4350 3213 4419 stupiditas.

136 4530 277 4585 Ἐπεὶ
312 4533 371 4586 δὲ
410 4534 615 4605 χρῆσίν
645 4552 769 4588 τινα
799 4535 892 4588 τοῦ
928 4534 1145 4587 Ἰουλίου
1177 4534 1396 4604 Ῥώμης
1434 4536 1482 4588 οἱ
1508 4536 1627 4606 πρὸς

1816 4522 1949 4579 Cum
1999 4540 2129 4580 vero
2181 4526 2398 4596 aliquod
2452 4530 2675 4583 verbum
2727 4528 2858 4583 Julii
2914 4530 3205 4598 pontilicis,
3258 4531 3324 4584 ad

68 4619 144 4685 οὓς
173 4624 415 4695 ἔγραφεν
465 4628 611 4699 ὑπὲρ
636 4628 678 4661 ’⁸
720 4630 821 4698 τῆς
860 4628 994 4691 ἰδίας
1038 4628 1355 4692 δυσσεϐείας
1387 4628 1484 4696 (ὡς
1522 4630 1639 4682 ἐνό-

67 4712 227 4785 μιζον)
263 4721 654 4790 προεκόμισαν
679 4721 745 4785 ³⁸,
777 4720 876 4791 τὴν
911 4720 1009 4790 μὲν
1039 4720 1235 4790 χρῆσιν
1258 4723 1285 4773 ὁ
1318 4721 1480 4790 σοφὸς
1515 4739 1642 4790 συγ-

64 4808 287 4873 γραφεὺς
319 4810 652 4876 ἐπεδείξατο
681 4810 825 4863 κατά
862 4827 923 4861 τε
958 4809 1052 4862 τοῦ
1089 4809 1468 4879 Σαμωσατέως
1494 4809 1641 4863 Πσιύ⁶

64 4893 142 4948 λου
175 4901 264 4951 καὶ
317 4901 421 4971 τῆς
457 4900 836 4972 Νεστοριανῆς
885 4901 1144 4971 δευτέρας
1191 4901 1457 4970 αἱρέσεως
1489 4901 1641 4970 εἷρῆ-

1746 4632 1883 4686 quos
1919 4618 1984 4671 de
2025 4620 2240 4687 proyria
2278 4619 2559 4687 impietate
2605 4620 2923 4689 scripserat,
2972 4631 3029 4674 ut
3065 4624 3329 4691 putabant

1749 4708 2018 4777 prolatum
2050 4727 2061 4763 :
2092 4710 2310 4776 sapiens
2339 4710 2427 4764 ille
2457 4712 2539 4765 vir
2573 4712 2623 4765 id
2660 4721 2849 4766 contra
2882 4712 3103 4765 Paulum
3138 4711 3328 4766 Sarno-

1748 4811 2045 4864 satensetu,
2098 4800 2505 4869 secundamque
2559 4800 2791 4855 Nestorii
2852 4802 3097 4855 ltzercsim
3149 4802 3328 4868 prola-

1752 4901 1860 4943 tum
1923 4906 2043 4944 esse
2096 4889 2418 4953 declaravit,
2454 4900 2506 4945 et
2551 4892 2686 4945 duas
2740 4902 2963 4947 naturas
3008 4893 3236 4946 scorsim
3274 4900 3329 4946 et

64 4989 192 5055 σθαι,
240 4996 338 5047 καὶ
398 4993 641 5047 κωλύειν
665 4993 764 5056 τὰς
810 4994 902 5045 δύο
958 4993 1150 5063 φύσεις
1184 4992 1367 5055 tamn;
1406 4992 1499 5044 ml.
1540 4992 1627 5045 ἁνέ

1749 4982 1966 5035 divisim
2002 4982 2251 5036 conliteri
2291 4983 2600 5052 prohibere,
2641 4992 2696 5037 ut
2728 4994 2781 5037 ct
2813 4984 2947 5038 duas
2984 4985 3326 5054 hypostascs,

62 5081 210 5153 μέρος
234 5089 491 5156 φρονεῖν,
524 5085 713 5156 ὥσπερ
737 5086 833 5139 καὶ
863 5084 955 5138 δύο
986 5086 1314 5146 ὑποστάσεις
1347 5085 1440 5137 καὶ
1475 5083 1643 5153 πρόσ-

1744 5077 1994 5143 dnasque
2051 5090 2313 5144 personas
2359 5086 2413 5129 et
2471 5076 2629 5130 ﬁlios.
2682 5075 2797 5129 Una
2848 5078 2992 5130 enim
3040 5085 3230 5129 natura
3276 5077 3327 5130 iu

58 5191 167 5226 ωπα
196 5178 293 5229 καὶ
320 5178 507 5240 υἱούς.
556 5179 665 5231 Καὶ
692 5180 800 5247 γὰρ
839 5180 869 5248 ἡ
917 5177 1012 5247 μία
1055 5176 1215 5245 φύσις
1254 5177 1350 5229 ἐπὶ
1403 5174 1627 5245 Χριστοί

1743 5169 1960 5223 Christo
2006 5184 2105 5238 pro
2151 5168 2425 5239 bypostasi
2480 5186 2509 5223 a
2560 5167 2701 5223 Julio
2739 5170 2923 5224 relicta
2966 5180 3069 5232 est,
3108 5185 3329 5223 verum-

57 5265 123 5335 τῷ
158 5269 367 5340 Ἰουλίῳ
401 5270 645 5323 ἐνταῦθα
687 5270 806 5322 ἀντὶ
848 5270 948 5337 τῆς
980 5270 1333 5332 ὑποστάσεως
1364 5268 1641 5338 εἴληπται,

57 5362 137 5411 καὶ
168 5362 325 5414 οὐδὲν
354 5361 494 5414 οὔτε
522 5364 586 5430 τῇ
610 5361 840 5433 ἀληθείᾳ
865 5360 989 5413 οὐτε
1013 5363 1124 5423 τοῖς
1152 5361 1334 5423 ἄλλοις
1364 5360 1645 5429 θεοφόροις

56 5453 200 5522 ἡμῶν
242 5455 536 5519 Πατράσιν
560 5454 929 5524 ἀπομάχεται.
962 5456 1070 5507 Καὶ
1115 5453 1273 5523 δῆλον
1301 5451 1459 5505 τοῦτο
1494 5453 1637 5504 ποιεῖ

1745 5272 1923 5315 tamen
1956 5277 2131 5330 neque
2162 5262 2401 5326 veritati,
2446 5278 2618 5329 neque
2665 5262 2870 5317 sanctis
2915 5262 3169 5317 Patribus
3200 5276 3331 5315 cor-.-

1748 5354 1979 5407 tradit-it.
2024 5353 2181 5407 Clare
2216 5354 2359 5407 idem
2388 5354 2623 5407 ostendit
2649 5350 2825 5407 Julius
2856 5353 3099 5422 pontifex
3138 5364 3329 5405 contra

1748 5445 2105 5512 Marciouem,
2162 5444 2531 5511 Valentinum,
2584 5445 3004 5514 Apollinarium,
3049 5454 3103 5499 et
3157 5444 3331 5515 Eutyo

1354 5566 1588 5622 νΑιιιιλΕ
1628 5563 1919 5620 LECTION
1930 5562 2031 5618 ES.

120 5666 160 5696 ¹⁶
199 5682 262 5719 τε
307 5664 413 5719 τοῦ
457 5663 593 5717 Θεοῦ
624 5682 681 5729 ς.

49 5737 135 5787 καὶ
173 5742 221 5803 η’
261 5738 308 5790 Α
343 5753 356 5788 :
392 5742 507 5802 τιη⁹
534 5736 625 5787 καὶ
649 5735 698 5787 οἱ
722 5752 782 5798 ς.
862 5732 905 5765 ¹⁸
933 5732 1171 5801 μάλιστα
1201 5734 1261 5800 ἐξ
1288 5733 1468 5790 αὐτῶν
1490 5749 1549 5796 ς.

50 5805 164 5860 libri
197 5806 329 5861 ὑπό.
451 5806 495 5837 ³³
531 5806 934 5878 προσεκόμισαν
967 5805 1031 5861 Δ.

762 5663 801 5694 “
838 5662 970 5765 πρὸς
1015 5661 1184 5732 λαϐὴν
1226 5664 1271 5718 Α
1306 5682 1319 5717 :
1352 5659 1674 5732 προσλαϐὼν
1717 5676 1778 5722 ς.
1885 5659 1927 5689 ⁸⁸
1964 5659 2341 5737 ἀπεργάζηται

862 5736 875 5765 ι
938 5732 1168 5765 “sum-..
1203 5734 1259 5765 se
1292 5733 1529 5765 ...ο...τ...,-
1626 5730 1669 5762 ιι
1694 5730 1857 5765 κει-φη.
1924 5727 2165 5765 Rnnlnrnr
2264 5729 2349 5765 ne

1626 5730 1669 5762 ”
1694 5730 1863 5784 δεῖται
1924 5723 2183 5798 Scaliger.
2237 5723 2306 5761 ’⁸⁷
2333 5727 2511 5786 ἐάσθω
2538 5726 2639 5797 μὲν
2670 5725 2731 5779 τὸ
2763 5742 2825 5791 ς.
2902 5724 2947 5757 ι’
2977 5723 3117 5797 ὑπὲρ
3182 5740 3287 5793 ωε.
3309 5735 3331 5777 ε

1885 5657 2341 5729 ⁸³-ἀπεργάζηται
2370 5675 2453 5729 c._
2508 5655 2551 5687 ¹⁸
2581 5653 3009 5729 καταψεύδονταῇι
3044 5672 3104 5729 ς.
3186 5652 3229 5684 ⁸⁵
3258 5671 3330 5709 τι.
