3994 6414
127 513 130 516 ν
155 434 293 501 1025

149 627 293 699 ὑπὲρ
340 620 416 681 ὧν
456 625 652 697 ᾐτιάθη
701 623 899 689 διδοὺς,
931 622 1148 693 πρῶτον
1193 623 1294 691 μὲν
1339 620 1724 692 περιειλῆφθαι

147 721 327 775 πάντα
365 719 532 789 φησὶν
561 718 655 770 ἐπὶ
687 714 997 783 κεφαλαίων
1021 715 1133 776 τοῖς
1164 712 1464 774 συνοδικοῖς
1499 712 1535 766 ἃ
1575 712 1721 778 εδοξε

149 809 616 882 παραλελεῖφθαι,
657 806 800 878 πλὴν
861 804 1200 874 πλατύτερον
1239 805 1334 858 καὶ
1397 803 1492 856 νῦν
1549 804 1724 857 εἰπεῖν

147 905 282 974 περὶ
321 902 500 956 αὐτῶν
537 900 743 970 μηδένα
793 896 979 950 λαϐεῖν
1027 896 1206 948 ὄκνον.
1241 895 1414 949 Τοῦτο
1462 897 1520 950 δὲ
1561 912 1731 949 σπου-

149 997 317 1058 δαίως
359 995 406 1027 ³⁸
434 1010 494 1046 τε
525 993 622 1046 καὶ
654 991 958 1060 θεοφρόνως
1001 987 1268 1042 ἐπιτελῶν
1302 991 1382 1052 εἰς
1415 987 1478 1042 τδ
1511 988 1732 1059 ἄριστόν

146 1103 209 1140 τε
235 1087 332 1139 καὶ⁵
360 1081 693 1137 τελεώτατον
719 1081 788 1133 τά
821 1097 879 1132 τε
911 1080 1045 1131 ἄλλα
1075 1080 1170 1132 καὶ
1197 1078 1296 1150 τὴν
1329 1079 1458 1149 περὶ
1503 1079 1602 1148 τῆς
1640 1078 1733 1131 πί-

153 1194 328 1239 στεως
345 1175 498 1246 ἱερὰν
519 1174 677 1246 ἡμῶν
689 1170 978 1242 ὁμολογίαν
999 1170 1326 1240 διατίθησιν,
1344 1173 1367 1222 ὲ
1378 1168 1734 1239 μφιλοχωρῶν

150 1269 398 1339 μάλιστα
431 1270 498 1337 τῇ
523 1268 665 1320 κατὰ
690 1265 788 1336 τὴν
817 1263 1133 1334 οἰκονομίαν
1162 1263 1450 1334 ἱερολογίᾳ,
1481 1265 1539 1315 ὲν
1624 1261 1735 1314 τῶν

147 1378 210 1412 τε
233 1361 333 1413 δύο
359 1360 579 1428 φύσεων
599 1357 908 1428 ἀδιαίρετόν
939 1371 998 1408 τε
1024 1358 1121 1410 καὶ
1155 1357 1460 1425 ἀσύγχυτον
1487 1355 1586 1426 τὴν
1611 1353 1736 1406 καθ’

149 1454 463 1506 ὑπόστασιν
492 1451 689 1503 ἕνωσιν
718 1451 902 1518 ὑμνεῖ,
944 1449 1038 1501 καὶ
1071 1447 1170 1509 τὰς
1204 1445 1545 1514 ἑκατέρωθεν
1582 1445 1731 1514 αἱρεο-

149 1546 317 1607 τικάς
345 1541 711 1613 παραφυάδας
733 1543 798 1610 τῇ
831 1538 1078 1609 μαχαίρᾳ
1109 1538 1298 1606 τέμνει
1321 1536 1420 1604 τῆς
1455 1535 1735 1604 ἀληθείας.

152 1634 444 1704 Κέχρηται
472 1633 528 1686 δὲ
563 1631 656 1685 καὶ⁸
682 1635 748 1701 τῇ
775 1631 922 1695 λέξει
951 1629 1050 1698 τῆς
1082 1628 1331 1698 κράσεως
1355 1626 1592 1689 εὐσεϐῶς
1619 1627 1737 1695 μὲν,

153 1726 306 1795 πλὴν
332 1726 619 1795 κέχρηται,
658 1723 732 1792 μὴ
774 1720 919 1774 κατά
943 1720 1037 1774 τὸν
1082 1720 1242 1773 ἄνουν
1269 1717 1643 1786 ’Λπολινάριον
1669 1719 1735 1786 τῇ

154 1820 316 1888 φωνῇ
370 1815 670 1886 κεχρῆσθαι
716 1810 1254 1882 διαμαρτυρόμενος,
1321 1807 1396 1878 μὴ
1454 1808 1637 1877 μέντοι
1675 1824 1738 1874 γε

1205 417 1727 484 BIBLIOTHECA.
1763 441 1835 454 ·-··
1870 415 2035 478 COD.
2077 411 2348 478 CCXXX.

147 540 359 610 ᾐτιᾶτο,
394 535 567 589 ταῦτα
596 527 666 605 ἦν
689 548 704 566 ο
746 533 774 586 δ
804 532 1077 603 μέντοιγε
1116 529 1370 600 θεοφιλὴς
1406 531 1543 602 ἀνὴρ
1573 530 1729 598 λόγον

1851 528 2038 597 :ipiens
2094 525 2388 582 accusabat

3274 401 3409 468 1026

2447 537 2461 575 :
2517 527 2736 577 sanctus
2791 530 2920 571 vero
2975 514 3059 570 vir
3105 527 3293 569 eorum
3344 515 3410 566 de

1834 623 2033 690 quibus
2078 620 2458 680 accusabatur,
2490 613 2754 668 rationem
2798 609 3054 665 reddens.
3087 605 3261 676 primo
3288 605 3410 674 qui-

1831 716 1951 769 dem
1999 712 2394 782 comprehensa
2446 722 2568 762 esse
2605 702 2876 771 capitibus
2915 700 3094 753 omnia
3138 695 3413 768 synodali-

1830 806 1932 860 bus
1981 805 2088 869 ait,
2136 819 2290 872 quat,
2342 809 2402 856 ut
2446 799 2818 869 recipiantur,
2880 793 3038 861 digna
3092 791 3208 844 visa
3263 796 3409 844 sunt.

1833 895 2036 952 Verum
2069 895 2248 951 dehis
2278 893 2524 964 pluribus
2561 903 2720 960 agere
2763 901 2869 940 non
2921 885 3086 954 piget.
3132 881 3244 936 Hoc
3284 893 3415 934 vero

1835 989 2081 1046 studiose
2139 995 2194 1042 et
2249 987 2338 1056 pie
2387 985 2452 1038 ad
2511 983 2772 1052 optimum
2833 993 2896 1032 ac
2957 976 3410 1046 perfectissimum

1834 1080 2042 1135 exitum
2108 1076 2380 1132 adducens
2430 1091 2446 1129 :
2495 1087 2616 1127 cum
2671 1070 2796 1134 alia,
2849 1078 2960 1127 tum
3020 1081 3230 1122 sacram
3291 1062 3413 1119 ﬁdei

1837 1181 2038 1226 nostrae
2067 1169 2214 1224 addit
2244 1165 2664 1226 confessionem,
2700 1162 2938 1215 maxime
2980 1161 3254 1214 inhaerens
3285 1172 3413 1212 sen—

1839 1262 2022 1317 tentia:
2067 1262 2132 1314 de
2181 1257 2558 1313 incarnatione
2621 1251 2851 1307 Domini.
2896 1251 2949 1304 In
2985 1264 3088 1319 qua
3126 1229 3412 1302 indivisam

1839 1367 1894 1408 et
1943 1352 2338 1422 impermistam
2391 1348 2751 1417 hypostaseos
2803 1343 3031 1396 duarum
3092 1350 3412 1392 naturarum

1841 1447 2094 1500 unionem
2169 1441 2475 1511 profitetur,
2531 1448 2585 1490 et
2652 1436 2906 1502 utrinque
2963 1441 3120 1486 natas
3181 1430 3417 1484 barreses

1843 1538 2025 1609 gladio
2051 1536 2288 1590 dissecat
2313 1529 2576 1585 veritatis.
2608 1526 2791 1581 Utitur
2811 1533 2991 1579 autem
3019 1522 3187 1575 verbo
3217 1522 3417 1574 mistio—

1842 1631 1926 1686 nis
1958 1632 2042 1699 pie
2088 1627 2330 1696 quidem,
2383 1623 2474 1678 sed
2532 1636 2637 1674 non
2692 1619 2864 1672 utitur
2910 1614 3206 1670 secundum
3265 1612 3416 1665 insa-

1842 1737 1971 1777 num
2000 1718 2417 1788 Apollinarium,
2459 1713 2731 1784 quomodo
2761 1711 2862 1765 hac
2891 1723 3021 1763 voce
3051 1707 3124 1761 sit
3157 1704 3414 1759 utendum

1846 1825 2098 1875 testatus,
2125 1823 2298 1877 neque
2328 1806 2630 1862 secundum
2672 1803 2931 1859 audacem
2969 1798 3288 1869 Eutychem,
3322 1796 3415 1850 sed

161 1875 316 1979 μηδὲ,
338 1875 487 1962 κατά
516 1875 607 1960 τὸν
641 1875 1150 1972 δυσσεύῆἘὺτυγῆ,
1190 1901 1304 1953 ἀλλ’
1509 1901 1608 1960 τῆς
1644 1899 1735 1950 εὑ-

1851 1918 1898 1958 ιιι
1930 1905 2011 1960 lex
2041 1875 2259 1972 pietatis
2282 1899 2548 1968 permittit
2573 1915 2585 1951 :
2612 1907 2668 1948 ut
2695 1895 2784 1963 qni
2814 1900 2995 1947 nosset
3027 1904 3194 1943 unum
3220 1888 3413 1942 Filium

160 2001 387 2062 σεϐείας
437 2000 600 2068 νόμος
640 1998 910 2068 βούλεται,
955 1995 1050 2047 διτε
1103 1992 1167 2062 δὴ
1206 1993 1302 2044 ἕνα
1346 1993 1436 2043 τὸν
1483 1989 1612 2062 [458
1642 1990 1739 2062 IL]

157 2089 372 2160 Κύριον
404 2088 562 2158 ἡμῶν
616 2085 824 2156 Ἰησοῦν
872 2083 1106 2152 Χριστὸν
1156 2081 1504 2152 τρανολογείν
1543 2082 1601 2133 ὲν
1649 2079 1741 2132 δύο

161 2180 394 2247 φύσεσιν
443 2177 772 2248 ἀδιαιρέτοις
824 2193 889 2229 τε
945 2174 1040 2228 καὶ
1075 2174 1402 2242 ἀσυγχύτοις
1453 2171 1639 2236 εἰδὼς,
1681 2173 1741 2223 ὲν

159 2270 350 2340 τελεία
378 2269 592 2339 θεότητι
623 2269 715 2322 καὶ
777 2265 963 2333 τελείᾳ.
1015 2263 1414 2333 ἀνθρωπότητι,
1461 2261 1588 2315 οὔτε
1642 2263 1742 2331 τῆς

161 2364 421 2432 κράσεως
451 2363 714 2430 σύγχυσιν
753 2359 899 2427 αὑτῷ
931 2355 1219 2427 δηλούσης,
1248 2353 1372 2407 οὔτε
1404 2356 1502 2424 τῆς
1527 2355 1598 2408 ἐν
1633 2355 1743 2409 δύο

164 2453 356 2523 φωνῆς
379 2453 650 2521 ’διαίρεσιν
680 2447 1146 2519 παρεισαγούσης.
1178 2443 1303 2515 [855
1321 2443 1411 2515 R.]
1440 2444 1662 2508 Τούτοις
1688 2445 1746 2498 δὲ

163 2545 264 2598 καὶ
294 2543 608 2597 Ἀθανάσιον
635 2540 727 2593 καὶ
754 2538 1020 2608 Κύριλλον
1048 2535 1368 2606 συμϐαίνειν
1391 2534 1742 2605 ὑπαγορεύει,

159 2632 248 2698 οἷς
273 2637 369 2687 καὶ
393 2633 434 2664 ³⁷
459 2632 613 2686 αὐτοὶ
639 2629 1047 2698 διωμολόγησαν
1073 2626 1201 2696 μίαν
1229 2625 1391 2695 φύσιν
1415 2623 1511 2677 τοῦ
1541 2624 1678 2678 Θεοῦ
1700 2623 1746 2656 ³⁸

167 2730 347 2794 Λόγου
409 2723 874 2794 σεσαρκωμένην·
938 2720 998 2772 ὲν
1048 2713 1093 2786 ᾧ
1129 2717 1238 2790 γάρ
1289 2717 1497 2786 ἔφησαν
1548 2732 1748 2785 σεσαρ-

168 2817 465 2884 κωμένην,
518 2815 616 2884 τὴν
667 2810 1110 2882 προσληφθεῖσαν
1161 2809 1506 2878 ἀνεκήρυξαν
1563 2806 1746 2876 φύσιν.

169 2906 362 2961 Ταῦτα
404 2904 650 2966 διελθὼν,
690 2901 786 2955 καὶ
815 2901 889 2962 ὡς
916 2899 1011 2952 καὶ
1051 2899 1109 2951 ὲν
1138 2897 1318 2959 ἄλλοις
1349 2893 1512 2947 αὑτοῦ
1563 2895 1748 2956 πόνοις

168 2999 443 3068 γυμνάζει
486 2997 584 3068 τὴν
616 2993 984 3064 προκειμένην
1031 2989 1214 3060 φωνὴν
1244 2987 1745 3057 ἐπισημηνάμενος,

167 3091 374 3159 τριπλῇ
433 3104 564 3157 φησι
627 3081 948 3155 μερίζεσθαι
991 3080 1034 3112 ³⁹
1081 3078 1290 3147 διανοίᾳ
1338 3077 1437 3145 τὴν
1467 3074 1750 3144 παροῦσαν

171 3182 374 3254 χρῆσιν
401 3181 465 3233 ⁸ο.
519 3180 626 3232 Καὶ
679 3179 788 3248 γὰρ
845 3177 904 3229 τὺ
950 3171 1343 3244 σεσαρκωμένη
1397 3168 1430 3240 ἢ
1479 3167 1600 3223 ἀντὶ
1630 3166 1746 3234 τοῦ,

175 3275 346 3345 σαρκὶ
379 3270 829 3342 ὲογηματισμένη
855 3269 948 3321 καὶ
976 3263 1085 3320 οἷον
1108 3263 1531 3332 εἰδοποιηθεῖσα,
1561 3261 1751 3331 ὥσπερ

171 3370 204 3424 ὁ
230 3364 469 3437 χαλκοῦς
496 3367 559 3434 τῇ
599 3365 778 3432 μορφῇ
819 3359 913 3413 τοῦ
955 3357 1294 3429 ἀνδριάντος,
1324 3354 1622 3426 ἐκληφθείη
1651 3353 1752 3406 ἄν·

173 3462 209 3530 ἢ
236 3458 322 3512 ὅτι
348 3459 430 3519 είς
486 3457 665 3523 σάρκα
700 3453 800 3522 τῆς
837 3451 932 3505 τοῦ
963 3451 1138 3518 Λόγου
1191 3448 1408 3517 φύσεως
1448 3448 1755 3517 τραπείσης

176 3552 269 3604 καὶ
312 3545 432 3601 οἷον
465 3544 952 3618 ἀποσαρκωθείσης
988 3543 1084 3614 μία
1133 3540 1403 3611 προῆλθεν
1435 3543 1468 3611 ή
1495 3539 1657 3608 φύσις
1676 3554 1689 3568 ⁸
1718 3537 1754 3608 ἢ

175 3641 256 3695 ὅτι
289 3642 398 3711 μία
413 3637 547 3694 οὖσα
580 3641 614 3709 ή
637 3637 732 3691 τοῦ
756 3637 935 3704 Λόγου
967 3635 1131 3704 φύσις
1159 3631 1301 3684 κατὰ
1322 3636 1423 3700 τὴν
1444 3629 1758 3697 οἰκονομίαν

173 3732 364 3784 οὐκέτι
425 3731 523 3798 μία
583 3728 718 3798 μόνη
766 3727 903 3780 ἀλλά
953 3726 1048 3778 καὶ
1089 3723 1227 3795 μετὰ
1283 3723 1486 3794 σαρκὸς
1543 3722 1761 3792 θεωρεῖο

168 3839 290 3886 ται,
322 3823 389 3874 τὺ
415 3823 683 3892 ἄτρεπτον
726 3820 821 3871 καὶ
864 3816 1226 3871 ἀναλλοίωτον
1262 3816 1428 3884 ἑαυτῇ
1458 3830 1520 3866 τε
1567 3813 1662 3865 καὶ
1691 3813 1758 3882 τῇ
1837 3824 1847 3833 ’

171 3912 595 3986 προσληφθείσῃ
623 3911 792 3981 σαρκὶ
821 3907 1179 3972 διασώζουσα.
1210 3907 1275 3960 Ai
1300 3906 1398 3976 μὲν
1419 3903 1516 3958 οῦν
1545 3903 1761 3974 πρῶται

166 4007 274 4061 δύο
310 4003 609 4074 ὑπολήψεις
667 4001 1042 4072 Ἀπολινάριον
1095 3999 1243 4051 ἴσασι
1279 3996 1376 4050 καὶ
1413 3992 1656 4062 Εὑτυχέα
1677 4007 1692 4022 ο
1727 3993 1761 4062 ή

167 4097 236 4152 δὲ
263 4097 430 4166 τρίτη
464 4095 591 4159 δόξα
623 4093 719 4148 τοῦ
756 4091 1112 4163 κηρύγματός
1138 4091 1256 4143 ἐστι
1289 4086 1398 4140 τῶν
1427 4083 1761 4147 ἀποστόλων,

172 4189 245 4260 ῆν
283 4190 381 4241 καὶ
429 4189 458 4240 ὁ
515 4187 624 4240 τῶν
676 4186 964 4257 μακαρίων
1010 4183 1165 4253 ἡμῶν
1219 4183 1480 4248 Πατέρων
1509 4177 1551 4209 ⁸³
1604 4177 1766 4248 χορὸς

176 4259 397 4333 ἐκεῖθεν
449 4277 634 4348 μαθὼν
667 4259 1057 4346 συνετήρησεν.
1096 4274 1208 4326 Καὶ
1262 4271 1422 4341 δῆλον
1465 4268 1561 4332 ὡς,
1594 4268 1648 4320 εἰ
1682 4282 1767 4328 τις

173 4373 240 4425 εὑ
251 4372 435 4425 σεὸεῖν
466 4371 642 4423 ἐθέλοι
659 4370 704 4401 δ’
738 4372 795 4421 ὲν
817 4367 894 4436 τῷ
920 4366 1099 4432 λέγειν
1133 4361 1262 4434 μίαν
1287 4359 1448 4429 φύσιν
1474 4357 1568 4410 τοῦ
1591 4356 1766 4423 Λόγου

179 4461 644 4533 σεσαρκωμένην,
680 4461 740 4514 τδ
772 4458 903 4512 αὑτὸ
931 4457 1148 4527 φρονεῖν
1187 4452 1255 4506 ἂν
1298 4447 1632 4522 χαριτωθείη
1658 4449 1770 4507 τοῖς

1844 1998 2130 2050 hominum
2161 2005 2407 2049 nostrum
2436 1991 2617 2046 Jesum
2646 1985 2924 2041 Christum
2956 1981 3258 2043 declarare,
3277 1978 3416 2032 dna—

1841 2090 1944 2142 hus
2009 2086 2218 2140 naturis
2279 2082 2524 2137 indivisis
2575 2089 2630 2132 et
2685 2071 2988 2129 inconfusis
3052 2079 3303 2125 constare
3361 2066 3414 2120 in

1841 2178 2082 2250 perfecta
2149 2175 2495 2231 humanitate
2559 2180 2611 2224 ct
2675 2167 2914 2237 perfecta
2981 2163 3315 2216 divinitate:
3360 2167 3417 2212 ut

1843 2273 2128 2344 permistio
2161 2267 2457 2324 secundum
2505 2261 2655 2317 illum
2701 2257 3076 2314 confusionem
3111 2269 3215 2308 non
3250 2253 3418 2321 signi-

1844 2364 1994 2426 ﬁcet,
2025 2375 2200 2429 neque
2225 2361 2443 2413 inducat
2468 2353 2792 2408 divisionem
2821 2349 2967 2403 vocis
2995 2349 3054 2400 ὲν
3075 2345 3186 2400 δύο.
3221 2344 3416 2398 Eadem

1847 2466 2026 2510 autem
2083 2453 2288 2508 sentire
2331 2449 2690 2504 Athanasium
2737 2453 2791 2497 et
2829 2440 3086 2513 Cyrillum
3137 2436 3417 2507 praedicat,

1847 2550 1940 2620 qui
1981 2563 2142 2601 unam
2181 2544 2330 2598 verbi
2364 2552 2615 2596 naturam
2646 2539 2983 2591 incarnatam
3010 2531 3243 2586 confessi
3270 2539 3417 2585 sunt.

1848 2639 1981 2692 Cum
2025 2633 2169 2689 enim
2215 2632 2548 2684 incarnatam
2589 2628 2859 2688 dixerunt,
2897 2631 3231 2691 assumptam
3266 2627 3422 2673 natu-

1849 2745 1964 2784 ram
1992 2726 2378 2798 praedicarunt.
2408 2721 2466 2776 In
2495 2719 2578 2775 his
2609 2732 2858 2789 pergens,
2885 2724 2944 2769 ut
2975 2724 3026 2768 et
3058 2715 3109 2766 in
3153 2713 3274 2765 aliis
3302 2710 3422 2780 eius

1849 2822 2070 2890 scriptis
2100 2817 2379 2874 contendit
2407 2829 2570 2884 super
2597 2816 2700 2867 hac
2727 2823 2879 2875 voce,
2919 2807 3091 2861 tribus
3129 2801 3422 2858 ostendens

1850 2911 2027 2967 modis
2073 2911 2191 2978 capi
2238 2923 2395 2979 posse
2442 2920 2629 2960 vocem
2675 2904 3032 2956 incantatam.
3077 2896 3288 2950 Etenim
3334 2894 3424 2947 ξιι-

1851 3015 2094 3070 cnrnata,
2126 3018 2221 3072 pro
2267 3017 2488 3057 carnem
2532 2999 2736 3058 tnduta,
2784 3006 2836 3049 et
2874 2991 3036 3048 veluti
3074 2989 3247 3058 eliigie
3295 3002 3426 3042 con-

1854 3101 2109 3164 formata,
2134 3095 2589 3165 quemadmodum
2614 3089 2811 3160 267b
2835 3103 2908 3142 trs
2929 3084 3204 3140 simulacri
3229 3082 3421 3143 forma,

1778 3216 1822 3275 ο
1856 3193 1994 3249 sumi
2051 3193 2258 3261 possit;
2313 3189 2395 3242 vel
2432 3187 2574 3257 quod
2623 3196 2883 3238 conversa
2933 3177 3081 3231 verbi
3129 3184 3320 3229 natura
3372 3174 3422 3226 in

1855 3303 2098 3349 carnem,
2151 3295 2205 3338 et
2238 3282 2390 3351 quasi
2442 3282 2718 3334 incarnata
2775 3288 2882 3328 una
2933 3268 3133 3340 prodiit
3180 3276 3423 3320 natura:

1857 3385 1940 3438 vel
1989 3380 2129 3452 quod
2184 3394 2286 3432 una
2337 3376 2608 3432 exsistens
2656 3369 2812 3425 Verbi
2865 3375 3082 3434 natura,
3131 3359 3426 3418 secundum

1859 3475 2291 3533 incarnationem
2323 3485 2427 3524 non
2452 3465 2685 3536 amplius
2709 3479 2810 3515 una
2837 3459 2972 3524 sola,
2999 3458 3090 3512 sed
3112 3469 3234 3509 cum
3262 3465 3430 3507 carne

1857 3565 2170 3640 spectetur;
2223 3558 2822 3618 incommutabilitatem
2861 3563 3020 3621 atque
3064 3547 3429 3620 integritatem

1859 3637 1963 3713 sibi
1984 3665 2036 3712 et
2055 3664 2344 3723 assumpta;
2361 3650 2509 3705 carni
2536 3658 2888 3700 conservans.
2906 3641 3098 3696 Primae
3118 3640 3297 3709 itaque
3315 3637 3432 3690 dua:

1861 3749 2291 3820 signiﬁcationes
2340 3739 2656 3813 Apollinarii
2700 3745 2755 3791 et
2792 3734 3068 3805 Entychis,
3111 3731 3271 3786 tertia
3301 3742 3433 3782 vero

1862 3859 1930 3898 ex
1976 3850 2159 3896 mente
2209 3836 2575 3907 apostolorum
2632 3839 2753 3892 est,
2802 3839 2964 3896 quam
3015 3832 3071 3878 et
3121 3829 3432 3877 sanctorum

1863 3936 2086 3991 Patrum
2135 3941 2449 3984 nostrorum
2497 3933 2668 3977 cintus
2707 3919 2833 3974 inde
2869 3923 3153 3968 mutuatus
3187 3911 3430 3991 retinuit.

1863 4028 2080 4083 Clarum
2125 4034 2252 4075 vero
2283 4028 2388 4084 est,
2434 4016 2478 4070 si
2509 4014 2630 4084 quis
2670 4010 2756 4081 pie
2790 4009 2994 4063 sentire
3025 4005 3170 4067 velit,
3208 3985 3436 4057 dicendo

1866 4136 2028 4175 unam
2053 4113 2215 4170 Verbi
2259 4119 2506 4166 naturam
2555 4107 2910 4163 incarnatam,
2935 4098 3165 4169 gratiam
3209 4095 3437 4162 adeptu-

1867 4228 2013 4276 rum,
2036 4205 2321 4264 sentiendo
2343 4217 2465 4256 cum
2498 4199 2564 4254 iis
2588 4197 2679 4268 qui
2710 4197 2845 4249 duas
2876 4201 3098 4246 naturas
3126 4185 3437 4242 inconfnsas

1870 4315 2032 4374 atque
2083 4296 2451 4369 itnpertnistas
2493 4293 2546 4346 in
2592 4304 2701 4345 uno
2730 4297 2785 4342 et
2821 4285 3012 4340 eodem
3052 4281 3270 4338 Christo
3315 4291 3438 4332 esse

1870 4407 1924 4452 et
1945 4370 2300 4464 cognoscunt,
2330 4394 2384 4441 et
2412 4392 2680 4440 statuunt.
2717 4376 2925 4449 Alioqui
2957 4391 3080 4430 cum
3106 4370 3440 4440 Apollinario

1873 4502 1925 4546 et
1961 4488 2203 4559 Eutyche
2245 4481 2433 4538 sentit.
2479 4477 2690 4533 Etenim
2725 4487 2884 4528 unam
2931 4470 3019 4524 hic
3047 4477 3294 4522 naturam
3342 4475 3440 4530 pro

181 4555 280 4608 δύο
327 4553 524 4623 φύσεις
571 4551 907 4622 ἀδιαιρέτους
960 4547 1054 4602 καὶ
1103 4543 1442 4614 ἀσυγχύτους
1487 4542 1545 4593 ὲν
1577 4537 1655 4608 τῷ
1689 4537 1750 4589 ἐν’

257 4646 270 4654 .
354 4642 378 4654 ..
471 4642 484 4654 .
539 4642 562 4652 -
605 4641 648 4654 υ
790 4637 815 4650 η.
862 4638 887 4654 ι.
1041 4636 1127 4654 η..
1179 4652 1226 4654 ί,
1289 4632 1376 4654 ___,
1419 4629 1729 4654 ,λέγω-,η

1875 4537 1923 4546 -.
1961 4537 2140 4559 ..ηγ
2181 4537 2196 4539 _
2248 4537 2263 4538 κ

1874 4596 2101 4654 persona
2134 4579 2334 4632 dictam
2362 4585 2503 4632 esse,
2535 4568 2871 4622 lnoarnatam
2910 4574 3038 4616 vero
3075 4572 3173 4628 pro
3203 4556 3437 4610 humana

182 4646 282 4698 καὶ
309 4642 390 4713 τῷ
424 4642 574 4712 αὑτῷ
605 4637 826 4710 Χριστῷ
861 4636 1128 4709 θεωροῦσι
1172 4652 1230 4688 τε
1287 4632 1382 4686 καὶ
1416 4629 1729 4694 δοξάζουσιν
1750 4642 1765 4656 °

184 4733 236 4784 εί
276 4731 334 4784 δὲ
386 4730 484 4799 μὴ,
530 4727 668 4799 πρὸς
701 4723 1148 4796 Ἀπολινάριονῆ
1185 4722 1230 4754 ⁴³
1278 4718 1522 4787 Εὑτυχέα
1553 4716 1771 4776 πάντως

186 4823 500 4892 δραμεῖται.
522 4820 634 4876 Καὶ
658 4821 766 4891 γὰρ
795 4816 1028 4871 ἐνταῦθα
1051 4815 1151 4886 τὴν
1179 4813 1306 4884 μίαν
1333 4810 1432 4878 μὲν
1463 4807 1624 4876 φύσιν
1652 4805 1773 4858 ἀντὶ

186 4913 286 4981 τῆς
315 4911 668 4972 ὑποστάσεως
699 4909 976 4981 εἰρῆσθαι,
1012 4907 1072 4958 τὸ
1111 4905 1165 4958 δὲ
1198 4898 1626 4972 σεοαρκωμένην
1653 4895 1775 4949 ἀντὶ

188 5004 288 5074 τῆς
326 5003 672 5074 ἀνθρωπίνης
723 5002 972 5070 φύσεως,
1016 4999 1089 5058 ὡς
1142 4995 1307 5067 μηδὲν
1345 4991 1634 5060 διαφωνεῖν
1681 4988 1772 5039 τὸν

191 5093 421 5160 λέγοντα
449 5092 576 5161 μίαν
609 5091 770 5160 φύσιν
794 5087 889 5143 τοῦ
913 5090 1086 5156 Λόγου
1118 5082 1550 5153 σεσαρκωμένην
1580 5077 1613 5150 ἢ
1645 5078 1772 5147 μίαν

195 5184 498 5234 ὑπόστασιν
544 5181 638 5234 τοῦ
673 5179 849 5248 Λόγου
883 5176 1232 5249 ἀνθρωπίνην
1277 5172 1438 5243 φύσιν
1471 5166 1774 5220 ἀναλαϐοῦ-

197 5289 330 5326 σαν·
364 5273 448 5326 διδ
495 5273 589 5325 καὶ
616 5273 665 5324 οί
716 5272 959 5340 Πατέρες
999 5267 1152 5337 ἡμῶν
1203 5261 1631 5335 ὲπεξηγούμενοι
1678 5257 1776 5328 τὴν

198 5365 382 5437 φωνὴν
413 5365 737 5432 ἐπάγουσιν,
766 5363 888 5415 Οὐκ
933 5344 1319 5428 ἁνηρημέιέης
1356 5353 1466 5420 τῆς
1509 5350 1628 5405 τῶν
1666 5350 1778 5418 φύσα

197 5474 358 5512 σεωτ-
391 5451 681 5525 διαεεορᾶς
708 5452 805 5506 διὰ
835 5452 882 5483 ⁸⁸
909 5451 1023 5511 τὴν
1061 5449 1302 5512 ἕνωσιν,
1330 5442 1668 5514 σωζομένης
1707 5439 1778 5493 δὲ

1867 4646 2064 4732 natura
2097 4687 2112 4726 :
2159 4678 2215 4722 ut
2246 4665 2380 4721 nihil
2428 4659 2645 4717 intersit
2675 4657 2858 4711 dicere
2883 4667 3048 4707 unam
3087 4646 3249 4702 Verbi
3279 4653 3438 4699 natu-

1871 4782 1985 4822 ram
2015 4766 2378 4821 incarnatam,
2408 4753 2492 4808 vel
2524 4766 2682 4805 unam
2715 4746 2873 4802 Verbi
2917 4754 3201 4814 personam
3237 4738 3445 4792 huma-

1869 4874 1996 4912 nam
2059 4849 2419 4919 assumpsisse
2486 4853 2764 4898 natnram.
2831 4832 3195 4903 Quamobrem
3253 4827 3444 4882 Patres

1871 4950 2043 5008 nostri
2098 4915 2260 5001 hane
2287 4952 2474 4994 vocem
2523 4932 2879 5001 esplanautes
2931 4925 3202 4979 adducunt
3249 4937 3265 4974 :
3320 4915 3443 4970 Non

1871 5161 1975 5212 tius
2016 5163 2234 5221 utraque
2274 5147 2575 5200 conservata
2619 5139 2673 5190 in
2719 5132 2929 5201 proprio
2987 5141 3190 5182 natura:
3225 5123 3444 5178 termino

1874 5261 1922 5305 et
1953 5246 2126 5310 rerbo,
2150 5217 2208 5297 in
2240 5256 2347 5294 uno
2388 5235 2667 5301 eodemque
2707 5225 2913 5283 Christo
2945 5221 3074 5275 Iesu
3113 5217 3217 5271 Deo
3245 5222 3442 5269 nostra.

1876 5341 2055 5406 Quare
2089 5333 2134 5388 si
2166 5335 2486 5385 conservata
2527 5325 2951 5390 cognoscantur,
2985 5308 3197 5377 cognita
3247 5301 3446 5373 praedi-

1886 5391 2097 5490 emitur,
2125 5438 2180 5479 et
2207 5435 2327 5492 qum
2355 5416 2734 5486 praedicantur,
2759 5417 2812 5462 et
2836 5408 3188 5459 numerentur
3213 5414 3228 5452 :
3253 5391 3450 5466 perspi-

1477 5592 1716 5651 VARl/E
1756 5577 2164 5646 LECTIONES.

270 5736 315 5768 ³ε
341 5734 398 5788 δὲ
422 5728 725 5790 σπουδαίως
751 5742 813 5778 τε
843 5727 885 5778 Α
920 5741 1018 5780 tu
1050 5721 1356 5783 σπουδαίως
1392 5735 1455 5782 ς.
1515 5715 1557 5747 ³⁷
1588 5712 1826 5790 καὶλροει
1853 5699 1954 5790 οἷς.
2017 5703 2061 5790 δεῖ
2233 5703 2307 5790 _et
2332 5684 2713 5790 nlox‘gtg‘ieadll.
2749 5683 2821 5785 A6
2844 5679 2942 5790 θῇ
2962 5667 3455 5790 ξιᾍιξίπεσὲαὲιῖἱ

205 5807 249 5840 ⁸⁸
282 5769 1020 5873 χρυῆσῖν’ῑτδσεσξιρκωμένηῦ
1038 5769 1534 5863 τΑἶυιιι
1554 5801 1616 5848 ς.
1692 5769 1733 5813 δ’*
1758 5776 2007 5847 πατέρων
2038 5769 2197 5842 ἡμῶν
2229 5783 2288 5831 ς.

213 5867 417 5937 καῖ’Ᾱ,
452 5867 544 5923 καὶ
580 5867 718 5938 μετά
753 5870 912 5921 rc.A.

2361 5731 2713 5821 ῖῖὶεῖέῖὲῗςῖζ
2749 5731 2821 5785 ’ὗ
2844 5751 2879 5822 ἦ
2903 5749 2947 5802 Α
2979 5763 2996 5802 ε
3025 5731 3210 5810 xat'g.‘
3275 5737 3319 5772 ιι
3346 5731 3456 5808 διὰ]
