3994 6438
572 409 705 474 ῙΟΞἹ

1668 405 1934 468 PHOTII
1969 402 2477 466 ΡΑἸἮῙΑΒΟΗιΕ
2513 399 2621 464 CP.

3582 416 3597 428 ’
3696 406 3822 471 1028

565 533 724 573 cnnm
769 524 855 569 est.
898 515 984 583 pie
1023 514 1248 570 dicendo
1282 528 1441 568 unam
1474 514 1638 569 Verbi
1681 523 1932 569 naturam
1974 515 2150 567 incar-

2255 509 2492 579 μᾶλλον
2514 509 2800 578 ἑκατέρας
2837 508 2906 563 ἐν
2935 509 3014 577 τῷ
3048 510 3176 577 ἰδίῳ
3208 511 3317 578 τῆς
3345 513 3591 581 φύσεως
3622 514 3737 583 ὅρῳ
3768 534 3824 570 τε

567 618 771 669 natam,
804 616 860 657 et
893 605 1047 666 illud,
1074 605 1207 658 duas
1244 614 1466 658 naturas
1494 606 1544 658 in
1575 605 1773 659 unione
1810 603 2145 674 hypostatica

567 697 848 761 indivisas,
881 696 1083 748 nullam
1135 694 1490 747 dill‘erentiant
1536 694 1639 763 piis
1685 692 1901 748 alTerre.
1942 680 2037 747 llis
2081 709 2146 747 ac

575 787 841 844 similibus
871 791 1042 853 prima
1080 788 1378 841 absolvitttr
1405 787 1600 841 oratio.

2254 604 2353 656 καὶ
2386 604 2567 672 λόγῳ,
2616 603 2687 655 ἐν
2715 603 2795 666 τῷ
2842 602 3006 668 αὐτῷ
3040 606 3134 657 καὶ
3192 606 3279 658 ἑνί
3330 606 3566 674 Χριστῷ
3601 607 3682 672 τῷ
3711 611 3822 673 Θεῷ

2254 694 2444 764 ἡμῶν.
2477 696 2642 748 Ὥστε
2670 697 2718 747 εί
2743 695 2810 746 τὰ
2837 694 3123 765 σωζόμενα
3152 698 3251 766 μὲν
3275 698 3585 769 θεωρεῖται,
3614 702 3683 751 τὲ
3714 701 3765 751 δὲ
3783 701 3822 733 ⁸⁵

2256 788 2609 857 θεωρούμενα
2644 789 3009 858 ὁμολογεῖται,
3040 788 3077 843 ἃ
3109 788 3166 841 δὲ
3194 790 3565 859 ὁμολογεῖται,
3598 791 3695 845 καὶ⁵
3716 792 3824 860 ἀριο

576 885 810 954 δμείται,
845 886 1077 953 φανερὸν
1108 885 1187 936 ὅτι
1218 884 1277 936 τὸ
1321 883 1499 951 λέγειν
1534 883 1777 945 εὐσεϐῶς
1810 883 1938 953 μίαν
1977 882 2139 952 φύσιν
2176 882 2273 935 τοῦ
2309 884 2483 952 Λόγου
2520 884 2966 955 σεσαρκωμένην,
3024 886 3119 940 καὶ
3163 884 3224 939 τὺ
3273 885 3367 939 δύο
3413 886 3615 955 φύσεις
3667 887 3826 941 ἀδιαι-

576 980 759 1049 ρέτους
790 981 845 1030 ἐν
877 983 941 1047 τῇ
977 978 1095 1029 καθ’
1127 979 1424 1030 ὑπόστασιν
1454 977 1667 1041 ἐνὼσει,
1708 978 1974 1049 διαφορὰν
2008 977 2264 1044 οὐδεμίαν
2290 981 2369 1043 είς
2390 979 2485 1033 τὸν
2510 981 2607 1050 τῆς
2634 980 2915 1044 εὐσεϐείας
2980 982 3200 1051 ἐμποιεῖ
3270 981 3449 1049 λόγον.
3504 980 3699 1035 Ταῦτα
3744 986 3826 1036 καὶ

578 1074 796 1128 τοιαῦτα
830 1074 993 1143 ἕτερα
1024 1072 1193 1125 εἰπὼν
1227 1076 1453 1143 περατοί
1481 1074 1570 1127 τὸν
1601 1074 1649 1126 α’
1679 1074 1857 1141 λόγον.

642 1170 888 1225 Secunda
929 1172 1223 1237 dogmatica
1260 1169 1593 1232 inscribitur,
1626 1184 1745 1239 qua:
1778 1170 1897 1223 lidei
1937 1170 2155 1238 exposi-

575 1262 774 1315 tionem
831 1263 1094 1317 continet.
1149 1277 1268 1328 qttre
1320 1263 1403 1331 pie
1457 1273 1510 1315 et
1570 1263 1780 1315 sincere
1824 1262 1892 1316 de
1924 1264 2153 1317 veritate

575 1356 758 1413 sentit,
807 1364 859 1407 et
910 1355 1021 1406 lnec
1075 1356 1140 1406 de
1184 1354 1466 1406 incarnato
1497 1354 1718 1407 Christo
1766 1356 1956 1407 eodem
1991 1356 2152 1409 modo

576 1457 938 1514 prosequitur,
978 1445 1416 1511 compendiosius
1448 1447 1559 1500 hare
1599 1461 1760 1513 quam
1795 1462 1957 1515 supra
1998 1462 2156 1501 exseo

575 1552 767 1603 quens,
815 1535 948 1588 nihil
991 1546 1171 1588 tamen
1221 1536 1588 1589 accurationis
1635 1536 1915 1598 omittens,
1949 1547 2001 1590 et
2041 1538 2154 1591 haec

577 1639 899 1693 percurrens
934 1624 986 1676 itt
1027 1623 1447 1677 admonitionem
1482 1624 1702 1686 desinit,
1751 1634 1803 1676 et
1835 1640 1929 1679 eos
1962 1626 2051 1692 qui
2087 1626 2154 1680 ab

574 1714 812 1769 Ecclesia
859 1731 919 1768 se
948 1724 1328 1782 segregarunt,
1369 1714 1435 1768 ad
1471 1729 1814 1769 communem
1844 1717 2155 1771 consensio-

575 1818 697 1855 nem
744 1818 998 1855 revetrare
1046 1815 1292 1857 conatur.
1333 1802 1445 1857 Hoc
1498 1803 1636 1856 libro
1667 1806 1762 1868 ait,
1811 1820 1996 1860 earum
2034 1822 2154 1876 qua:

576 1895 629 1946 in
664 1894 903 1948 Ecclesia
957 1905 1080 1947 sunt
1113 1910 1142 1947 a
1182 1894 1340 1949 Verbi
1392 1897 1656 1950 ministris
1686 1897 1897 1952 tradita:
1949 1898 2157 1952 doctri-

577 2002 681 2050 me,
729 1987 974 2055 quaedam
1022 1988 1272 2055 dogmata
1311 1996 1457 2051 sunt,
1489 1990 1733 2057 quautam
1786 1990 2055 2056 praeconia
2104 1999 2158 2044 et

575 2079 876 2135 differentia
928 2098 942 2133 :
991 2080 1236 2149 dogmata
1277 2081 1475 2150 268a
1521 2098 1643 2135 cum
1705 2083 2067 2136 occultatione
2102 2092 2158 2137 et

574 2171 841 2239 Sapientia
887 2170 1256 2234 declarantur,
1309 2183 1361 2224 et
1410 2172 1728 2228 obscuritati
1787 2190 1928 2242 saepe
1972 2176 2041 2228 de
2074 2175 2155 2228 in-

574 2264 779 2318 dustria
825 2263 1195 2330 involvuntur,
1244 2279 1310 2317 tte
1352 2265 1593 2333 profanis
1622 2266 1730 2319 sint
1763 2276 1952 2320 sancta
1998 2282 2155 2335 expo-

576 2354 702 2416 sita,
757 2364 813 2409 et
867 2355 1177 2424 margarita:
1227 2359 1404 2424 porcis
1456 2356 1827 2426 objiciuntur:
1882 2361 2152 2427 praeconia

576 2446 694 2498 sine
722 2445 825 2497 ulla
856 2446 1188 2500 obscuritate
1218 2448 1489 2510 dicuntur,
1523 2460 1577 2500 et
1604 2463 1666 2501 ea
1704 2449 2008 2515 prmsertiut
2034 2464 2157 2518 qua:

575 2537 646 2592 de
683 2550 1072 2605 praaceptorum
1108 2548 1160 2592 et
1202 2540 1396 2593 divinze
1430 2542 1746 2595 reverentia:
1776 2542 2155 2597 observatione

578 2642 832 2685 tractant.
874 2630 1003 2685 Esse
1054 2640 1310 2699 praeterea
1362 2633 1611 2701 dogmata
1661 2636 1907 2702 quaedam
1963 2636 2158 2688 obscu-

581 2719 745 2781 riora,
779 2736 897 2788 qua:
944 2722 1191 2785 omnino,
1247 2734 1304 2775 ut
1334 2724 1403 2776 ita
1443 2724 1697 2789 dixerim,
1732 2734 1980 2780 tacentur
2014 2746 2028 2782 :
2064 2743 2154 2781 so-

578 2814 643 2866 lis
692 2828 819 2867 vero
860 2814 968 2867 illis
1012 2816 1238 2884 mystice
1297 2817 1512 2878 tradita,
1566 2818 1657 2886 qui
1717 2818 1898 2873 lideles
1952 2818 2155 2875 habent

576 2905 921 2972 spiritualem
973 2908 1294 2975 sapientiam
1331 2924 1427 2976 per
1482 2908 1719 2963 Verbum
1756 2912 1956 2965 vivum.
2008 2911 2155 2966 Prw-

579 3006 725 3051 terea
761 2998 1163 3052 distinctionem
1200 3015 1411 3063 eorum,
1450 3016 1572 3070 quae
1605 3002 1673 3055 de
1702 3001 1925 3057 Christo
1961 3003 2152 3057 dicun-

578 3098 685 3151 tur,
707 3090 851 3152 facit,
882 3090 1123 3157 quaedam
1157 3106 1337 3145 revera
1366 3103 1419 3146 et
1450 3098 1666 3162 proprie
1693 3095 1837 3148 dicta
1862 3110 2112 3149 asserens
2138 3113 2152 3149 :

2344 1170 2401 1222 Ὀ
2425 1168 2481 1221 δὲ
2516 1167 2561 1237 β’
2591 1164 2957 1235 ἐπιγράφεται
2992 1163 3089 1232 μέν
3123 1162 3503 1234 δογματικύς,
3536 1164 3753 1218 ἔκθεσιν
3778 1167 3826 1220 δὲ

2258 1263 2351 1316 καὶ
2385 1254 2540 1323 οὗτος
2571 1259 2905 1326 ἀπαγγέλλει
2939 1257 3174 1319 πίστεως
3195 1274 3209 1289 ο
3245 1252 3356 1331 ἐνῇ
3384 1258 3486 1329 τήν
3532 1273 3596 1310 τε
3639 1258 3828 1329 Τριάδα

2259 1352 2669 1421 εύσεϐοφρόνως
2711 1350 2955 1419 θεολογεῖ
2982 1349 3077 1402 καὶ
3123 1349 3191 1401 τὰ
3226 1351 3357 1419 περὶ
3395 1349 3496 1420 τὴν
3530 1350 3830 1419 οίκονομίαν

2263 1447 2464 1517 ὁμοίως
2492 1445 2737 1510 διέξεισι,
2782 1441 3250 1511 συνοπτικώτερον
3297 1443 3395 1512 μὲν
3428 1442 3460 1513 ῆ
3508 1444 3572 1494 ἐν
3599 1441 3679 1511 τῷ
3714 1459 3831 1512 προ⁴

2254 1538 2574 1608 τεταγμένῳ
2606 1538 2778 1590 ταῦτα
2828 1534 3062 1601 διεξιὼν,
3100 1536 3253 1589 οὐδὲν
3298 1536 3481 1605 μέντοι
3536 1536 3640 1605 τῆς
3686 1535 3829 1604 ἀκρις

2257 1630 2409 1692 ϐείας
2434 1628 2741 1698 καθυφιείς.
2787 1630 2895 1681 Καὶ
2913 1628 3088 1683 ταῦτα
3117 1627 3433 1699 διαδραμὼν
3464 1628 3552 1690 είς
3586 1628 3832 1697 παραίνε-

2259 1736 2344 1775 σιν
2391 1721 2638 1790 περαίνει
2673 1720 2773 1793 τὴν
2821 1720 3077 1790 σπουδὴν.
3114 1721 3181 1774 δι’
3209 1715 3278 1793 ἧς
3315 1721 3443 1784 τοὺς
3470 1722 3583 1789 τῆς
3620 1720 3832 1788 Ἐκκλη-

2186 1842 2229 1895 B
2260 1810 2380 1874 σίας
2435 1810 2683 1883 [43911.]
2745 1806 3156 1879 ἀποφοιτῶντας
3197 1811 3296 1881 τὴν
3345 1810 3539 1880 κοινὴν
3593 1809 3830 1879 ὁμόνοιαν

2263 1901 2617 1954 ἀσπάσασθαι
2649 1900 2983 1970 παρακαλεῖ.
3028 1900 3115 1951 Ἐν
3146 1897 3320 1967 τούτῳ
3364 1898 3442 1969 τῷ
3479 1898 3639 1967 λόγῳ
3686 1900 3831 1967 φησὶν

2259 1989 2335 2053 ὡς
2368 1989 2475 2042 τῶν
2502 1990 2561 2041 ἐν
2589 1992 2656 2059 τῇ
2706 1968 3004 2059 Ἐκκλησία
3042 1968 3494 2058 παραδιδομένων
3528 1988 3578 2020 ⁸⁸
3613 1988 3717 2040 ὑπὸ
3738 1988 3831 2039 τῶν

2263 2080 2552 2152 ὑπηρετῶν
2571 2080 2665 2134 τοῦ
2683 2080 2856 2147 Λόγου
2890 2079 3239 2148 διδαγμάτων
3258 2079 3327 2131 τὰ
3363 2079 3463 2148 μέν
3499 2079 3626 2132 ἐστι
3648 2078 3832 2148 δόγμα-

2259 2191 2350 2237 τα,
2396 2173 2465 2225 τὰ
2501 2173 2557 2225 δὲ
2592 2170 2947 2242 κηρύγματα.
2991 2172 3101 2223 Καὶ
3135 2172 3166 2241 ἡ
3202 2170 3460 2241 διαφορά,
3503 2171 3580 2224 τὸ.
3631 2171 3730 2241 μέν
3760 2171 3831 2224 δό-

2260 2281 2447 2335 γματα
2496 2264 2611 2333 μετ’
2661 2261 3014 2331 ἐπικρύψεως
3053 2262 3146 2314 καὶ
3178 2262 3369 2330 σοφίας
3408 2262 3827 2330 ἀπαγγέλλεται,

2261 2357 2353 2408 καὶ
2382 2357 2482 2423 τὴν
2513 2354 2781 2421 ἀσάφειαν
2803 2352 3060 2414 πολλάκις
3084 2351 3396 2421 ἐξεπίτηδες
3427 2352 3829 2422 περιϐάλλεται,

2258 2448 2334 2510 ὡς
2356 2447 2422 2499 ἂν
2450 2444 2523 2516 μὴ
2556 2445 2799 2514 βεϐήλοις
2826 2439 2935 2497 εἷεν
2966 2444 3034 2496 τὰ
3068 2444 3200 2511 ἅγια
3247 2444 3445 2497 ἔκθετα
3477 2446 3585 2498 καὶ
3615 2446 3667 2497 oi
3710 2462 3832 2515 μαρο

2260 2541 2485 2610 γαρῖται
2514 2541 2625 2600 τοῖς
2664 2537 2867 2607 χοίροις
2900 2537 3276 2606 προκείμενοι,
3307 2539 3375 2590 τὰ
3407 2538 3464 2590 δὲ
3505 2538 3829 2609 κηρύγματα

2259 2630 2428 2701 χωρίς
2458 2646 2601 2690 τινος
2642 2628 2989 2697 ἐπικρύψεως
3014 2626 3436 2694 ἀπαγγέλλεται,
3475 2631 3579 2682 καὶ
3614 2629 3829 2698 μάλιστα

2256 2724 2357 2777 ὅσα
2386 2724 2466 2785 είς
2510 2722 2666 2790 λόγον
2710 2719 2939 2773 ἐντολῶν
2968 2720 3063 2771 καὶ
3108 2720 3253 2774 θείου
3289 2720 3457 2788 φόϐου
3501 2724 3827 2791 συντήρησιν

2258 2814 2612 2884 ἀναφέρεται.
2638 2807 2794 2865 Εἶναι
2814 2812 2870 2864 δὲ
2901 2813 2996 2864 καὶ
3020 2812 3131 2863 τῶν
3160 2812 3445 2882 δογμάτων
3470 2814 3556 2866 ἔτι
3586 2815 3709 2866 τινὰ
3734 2830 3827 2882 μν-

2260 2906 2586 2978 στικώτερα,
2609 2906 2645 2960 δι
2673 2905 2952 2969 παντελῶς
2982 2907 3057 2969 ὼς
3088 2906 3147 2957 τὸ
3177 2906 3305 2968 ἔπος
3330 2906 3493 2975 φάναι
3535 2907 3824 2977 σεσίγηται,

2257 3002 2490 3064 ἐκείνοις
2530 3001 2586 3053 δὲ
2629 3000 2810 3069 μόνοις
2842 2998 3125 3069 μυστικῶς
3172 2999 3563 3070 παραδέδοται,
3600 3002 3651 3054 οἳ
3684 3000 3727 3031 δ’
3752 2997 3826 3052 διὰ

2258 3094 2435 3162 Λόγου
2457 3092 2657 3156 ζῶντος
2694 3092 2875 3161 ἔχουσι
2905 3094 3289 3162 πνευματικὴν
3323 3092 3521 3161 σοφίαν
3558 3096 3762 3157 πιστοῖς
3786 3092 3825 3122 ⁸⁸

583 3182 687 3233 alia
719 3198 814 3249 per
848 3184 1353 3251 trattstttnptiouent.
1392 3184 1693 3251 Capiuntur
1722 3186 1865 3239 enim
1904 3201 1932 3237 a
1977 3187 2150 3251 nobis,

2258 3184 2430 3238 ταῦτα
2463 3183 2863 3256 παρατίθεσθαι
2890 3184 2955 3239 ⁸⁸.
2989 3185 3113 3237 Ἔτι
3162 3184 3218 3236 δέ
3272 3184 3564 3255 διαστολὴν
3593 3184 3703 3237 τῶν
3749 3185 3826 3237 ἐπὶ

576 3273 1030 3341 quemadmodum
1065 3274 1179 3344 ipse
1208 3285 1367 3344 caput
1393 3276 1462 3328 sit
1490 3277 1731 3330 omniunt
1752 3318 1767 3343 ,
1798 3292 1917 3345 quae
1946 3292 1974 3330 a
2008 3278 2162 3333 nobis

577 3363 848 3430 dicantur,
885 3375 1188 3435 peccatum,
1244 3367 1623 3430 maledictum,
1655 3376 1708 3420 et
1737 3367 1780 3421 si
1812 3383 1913 3435 qua
1942 3369 2161 3423 similia.

578 3457 669 3510 Ait
702 3457 843 3511 enim
875 3459 1160 3527 Apostolus
1192 3476 1206 3512 :
1243 3459 1348 3526 Qui
1381 3477 1481 3514 non
1508 3473 1716 3516 noverat
1746 3474 2037 3529 peccatum,
2067 3479 2161 3528 pro

581 3550 729 3603 nobis
750 3565 1016 3616 peccatum
1042 3552 1163 3619 fecit
1185 3560 1233 3604 ι’.
1260 3552 1323 3605 Et
1345 3552 1539 3606 iterum
1571 3571 1584 3607 :
1618 3553 1860 3608 Christus
1896 3571 1988 3607 nos
2017 3557 2163 3607 rede-

581 3642 673 3694 mit
708 3658 738 3693 a
766 3643 1044 3695 maledicto
1070 3642 1219 3712 legis,
1243 3644 1413 3713 factus
1437 3663 1531 3714 pro
1555 3648 1701 3700 nobis
1742 3647 2077 3701 maledictum
2108 3654 2157 3704 '.

580 3733 674 3789 Sic
704 3745 757 3789 et
790 3735 1208 3790 inobedientiam
1267 3749 1505 3793 nostram
1555 3748 1610 3792 et
1665 3741 2046 3809 ignorantiam,
2101 3749 2159 3792 ιιι

578 3840 741 3896 caput
771 3829 968 3899 integri
1020 3830 1267 3899 corporis
1316 3832 1640 3899 suscepisse.
1701 3831 1767 3885 Et
1814 3831 1969 3895 illud,
2015 3829 2157 3883 Deus

579 3922 902 3984 meus..Deus
927 3939 1092 3988 meus,
1150 3925 1334 3993 utquid
1374 3925 1697 3995 dereliquisti
1736 3926 1855 3980 me?
1885 3940 1979 3994 per
2013 3922 2155 3977 inef-

577 4013 793 4069 fabilem
826 4032 1088 4079 antorem,
1117 4027 1299 4071 nostra
1330 4026 1587 4090 tanquam
1615 4033 1712 4069 sua
1746 4016 2058 4085 assumpsit.

2259 3277 2500 3347 Χριστοῦ
2550 3276 2863 3346 λεγομένων
2910 3279 3171 3339 ποιεῖται,
3201 3275 3271 3329 τὰ
3318 3274 3419 3345 μὲν
3471 3274 3700 3347 ἀληθῶς
3746 3275 3826 3327 καὶ

2260 3370 2465 3440 κυρίως
2506 3368 2899 3438 ὑποτιθέμενος
2940 3367 3219 3437 λέγεσθαι,
3262 3368 3331 3420 τὰ
3362 3368 3418 3420 δὲ
3466 3368 3613 3421 κατὰ
3646 3369 3827 3434 ἀναφο-

2263 3462 2383 3534 ράν.
2412 3462 2770 3532 Ἀναφέρεται
2798 3460 2908 3532 γὰρ
2932 3459 3024 3530 ἀφ’
3055 3461 3233 3531 ἡμῶν,
3262 3460 3337 3523 ὡς
3361 3460 3614 3530 κεφαλῆς
3637 3461 3823 3513 ἐκείνου

2260 3556 2479 3607 πάντων
2513 3554 2670 3623 ἡμῶν
2703 3551 3080 3622 ἀνασχομένου
3123 3551 3250 3623 [856
3290 3550 3384 3623 R.]
3406 3551 3690 3619 γενέσθαι,
3717 3552 3749 3622 ἦ
3776 3567 3824 3603 τε

2263 3646 2507 3716 ἁμαρτία
2545 3644 2637 3697 καὶ
2666 3647 2698 3713 ἡ
2731 3643 2942 3714 κατάρα
2992 3645 3086 3698 καὶ
3115 3645 3217 3700 ὅσα
3261 3644 3645 3715 παραπλήσια.
3675 3646 3821 3713 Λέγει

2260 3739 2370 3809 γὰρ
2395 3738 2424 3789 ό
2453 3736 2792 3801 Ἀπόστολος,
2825 3737 2935 3789 Τὸν
2951 3736 3035 3805 μὴ
3053 3736 3097 3768 ⁸⁰
3130 3738 3348 3806 γνόντα
3372 3739 3670 3806 ἁμαρτίαν
3690 3736 3823 3803 ὑπὲρ

2260 3828 2430 3899 ἡμῶν
2477 3829 2772 3898 ἁμαρτίαν
2819 3829 3104 3897 ἐποίησε·
3148 3830 3243 3882 καὶ
3281 3829 3463 3895 πάλιν,
3516 3830 3767 3899 Χριστὸς
3785 3828 3820 3859 ιι

2259 3922 2417 3992 ἡμᾶς
2452 3922 2826 3990 ἐξηγόρασεν
2865 3923 2933 3975 ἐκ
2980 3919 3093 3990 τῆς
3152 3920 3413 3989 κατάρας
3462 3921 3574 3975 τοῦ
3629 3923 3819 3989 νόμον,

2257 4016 2580 4084 γενόμενος
2635 4012 2788 4081 ὑπὲρ
2826 4011 2996 4080 ἡμῶν
3038 4010 3286 4079 κατάρα.
3341 4011 3500 4065 Οὕτω
3540 4013 3602 4065 δὲ
3648 4008 3821 4064 καὶτὸ

575 4110 947 4163 ἀνυπότακτον
995 4110 1154 4180 ἡμῶν
1206 4112 1300 4165 καὶ
1329 4112 1427 4183 τὴν
1477 4111 1719 4179 ἄγνοιαν,
1773 4110 1849 4174 ὠς
1897 4106 2140 4178 κεφαλὴν
2165 4106 2259 4160 τοῦ
2292 4107 2416 4159 ὅλου
2449 4103 3247 4175 σιῖ›ματος,ιάναδέχεσθαι.καὶ
3277 4104 3358 4166 τὺ,
3407 4102 3517 4155 Θεέ
3555 4120 3697 4171 μου,
3729 4097 3821 4151 Θεέ

570 4223 708 4274 μου.
734 4207 834 4259 ἵνα
867 4212 921 4259 τι
951 4224 1028 4275 με
1056 4209 1480 4274 ἐγκατέ.ίιπες;
1508 4208 1584 4259 Δι’
1609 4208 1813 4277 ἄφατον
1845 4205 2258 4276 φιλανθρωπίαν
2278 4202 2353 4265 ὡς
2384 4200 2580 4253 ἐαυτοῦ
2617 4199 2686 4252 τὰ
2710 4199 2962 4269 ἡμέτερα
2983 4198 3378 4266 οἰκειούμενον.

642 4296 826 4352 Tertia
874 4300 1052 4351 oratio
1083 4301 1340 4353 adversus
1366 4300 1760 4352 calumniantes
1790 4309 2004 4353 sanctos
2054 4297 2157 4351 Pa-

574 4398 685 4444 tres
732 4402 784 4443 et
828 4391 1117 4444 concilium
1163 4390 1605 4445 Cbalcedonense
1656 4390 1918 4444 decertat.
1974 4389 2157 4443 Primo

570 4490 701 4537 Vero
735 4484 994 4552 epistolas
1044 4485 1111 4537 ad
1154 4484 1488 4538 Succensum
1524 4499 1552 4537 a
1584 4484 1743 4537 beato
1790 4483 1993 4553 Cyrillo
2019 4498 2153 4537 con-

567 4576 821 4644 scriptas,
855 4586 907 4628 et
953 4592 1074 4645 qua:
1120 4578 1222 4630 huc
1267 4577 1542 4646 pertinere
1573 4576 1825 4629 videntur
1868 4574 2149 4643 dijudicat.

566 4665 778 4720 Etenim
816 4667 1116 4720 adversarii
1151 4666 1219 4720 ab
1249 4666 1554 4733 huiusmodi
1616 4668 1840 4720 vocibus
1885 4678 2141 4734 tanquam

564 4773 595 4811 a
639 4769 784 4811 turre
826 4760 1057 4828 quadam
1101 4760 1361 4814 adversus
1404 4761 1654 4828 dogmata
1693 4761 1910 4829 pietatis
1959 4762 2142 4814 inettr-

563 4862 711 4906 runt.
747 4851 881 4906 Hine
908 4862 961 4906 et
994 4852 1132 4910 alias
1166 4853 1467 4908 calumnias
1506 4853 1724 4909 refellit.
1768 4853 1902 4909 Nam
1922 4855 2144 4909 haereti-

561 4956 749 4997 corum
776 4944 1083 5010 opinionem
1114 4946 1347 5013 primum
1373 4947 1594 5016 quidem
1625 4949 1879 5017 proponit
1899 4952 2139 5004 secunda

562 5030 785 5099 epistola
834 5035 900 5089 ad
935 5034 1292 5103 Succensum,
1347 5052 1469 5107 qua:
1509 5039 1612 5103 ait,
1643 5038 1827 5094 dicere
1859 5041 1994 5096 duas
2020 5056 2143 5095 esse

559 5130 785 5175 naturas
827 5124 1085 5179 indirisas
1134 5134 1255 5195 post
1304 5128 1589 5191 unionem,
1634 5128 1975 5182 contrarium
2024 5143 2145 5183 esse

558 5213 625 5268 iis
664 5213 756 5282 qui
797 5227 959 5268 unam
1016 5216 1177 5270 Verbi
1231 5228 1481 5272 naturam
1539 5219 1879 5273 incantatam
1936 5220 2138 5274 colunt.

554 5305 754 5360 Contra
810 5320 952 5373 quos
1001 5308 1250 5363 veritatis
1304 5320 1569 5367 patronus
1639 5308 1880 5376 disserit,
1937 5322 1994 5368 ut
2047 5311 2137 5381 qui

627 5446 653 5477 ι
688 5436 727 5491 ll
759 5437 886 5493 Cor.
921 5453 974 5504 ν,
1006 5438 1096 5490 2|.
1180 5450 1201 5478 ι’
1227 5440 1404 5496 Galat.
1441 5456 1526 5503 ιιι.
1563 5440 1651 5496 1⁸5.
1692 5444 1707 5478 ι
1748 5441 1889 5497 Psal.
1919 5459 2032 5510 ut,
2067 5446 2137 5509 i;

2341 4295 2400 4346 ὐ
2434 4294 2490 4346 δὲ
2523 4299 2571 4359 γ’
2613 4292 2771 4358 λόγος
2822 4289 2964 4343 κατὰ
2990 4287 3097 4341 τῶν
3150 4288 3680 4358 συκοφαντησάντων
3710 4286 3816 4348 τοὺς

2259 4388 2447 4451 ἁγίους
2478 4385 2727 4455 Πατέρας
2757 4383 2853 4435 καὶ
2892 4381 2992 4454 τὴν
3025 4383 3081 4434 ἐν
3108 4381 3415 4451 Καλχηδόνι
3447 4382 3667 4433 σύνοδον
3692 4381 3815 4447 ἀγω-

2254 4480 2482 4542 νίζεται.
2511 4478 2623 4529 Καὶ
2668 4477 2887 4547 πρῶτον
2934 4475 3034 4546 μὲν
3068 4473 3166 4536 τὰς
3208 4473 3344 4544 πρὸς
3385 4471 3682 4525 Σούκενσον
3712 4472 3813 4521 ἐπι-

2255 4575 2467 4636 στολάς,
2491 4573 2548 4625 αἳ
2586 4571 2664 4642 τῷ
2688 4569 2944 4641 μακαρίῳ
2966 4567 3220 4640 Κυρίλλῳ
3249 4568 3591 4639 ἐγράφησαν,
3618 4566 3705 4620 καὶ
3729 4565 3812 4617 ὅσα

2250 4665 2388 4719 ἄλλα
2415 4663 2635 4724 ταύταις
2668 4661 2983 4731 συντρέχειν
3013 4658 3251 4723 δοκοῦσι,
3273 4658 3570 4728 διευκρινεί
3594 4653 3810 4730 (καὶγὰρ

2251 4758 2301 4811 οἱ
2332 4758 2400 4811 δι’
2431 4755 2682 4819 ἐναντίας
2716 4754 2824 4808 ἀπὸ
2848 4754 2954 4807 τῶν
2984 4752 3240 4805 τοιούτων
3263 4752 3478 4820 φωνῶν,
3508 4750 3692 4821 ὥσπερ
3718 4745 3811 4799 ἀπό

2251 4866 2399 4914 τινος
2452 4847 2826 4920 ἀκροπόλεως,
2879 4844 3236 4916 κατατρέχειν
3268 4844 3378 4895 τῶν
3414 4843 3519 4913 τῆς
3557 4839 3809 4897 εὐσεϐείας

2254 4941 2541 5012 δογμάτων
2573 4938 2993 5010 φρυάττονται),
3049 4938 3243 4989 ἔπειτα
3293 4936 3350 4989 δὲ
3398 4936 3620 4998 καὶτὰς
3663 4930 3808 4989 ἄλλαι

2254 5034 2627 5104 συκοφαντίας
2656 5032 3121 5096 ἁποσκευάζεται.
3155 5030 3229 5083 Τὸ
3266 5029 3365 5100 μὲν
3414 5024 3510 5082 οὖν
3562 5022 3806 5098 αἱρετικὸν

2251 5126 2510 5198 φρόνημα
2550 5124 2768 5197 πρῶτον
2813 5124 2911 5194 μὲν
2948 5122 3214 5195 προτείνει
3269 5121 3371 5191 τῆς
3409 5122 3663 5192 δευτέρας
3690 5113 3804 5184 πρός

2253 5218 2554 5273 Σούκενσον
2594 5218 2886 5287 ἐπιστολῆς
2932 5218 3128 5288 χρῆσιν
3158 5217 3226 5281 ⁵⁸,
3262 5217 3382 5287 ἥτις
3418 5217 3479 5269 τὸ
3528 5216 3616 5269 δύο
3650 5212 3802 5278 λέγειν

2252 5308 2441 5379 φύσεις
2474 5309 2831 5380 ἀδιαιρέτουοι
2854 5308 2993 5379 μετὰ
3046 5308 3145 5378 τὴν
3177 5309 3371 5361 ἕνωσιν
3422 5306 3657 5360 ἐναντίον
3685 5294 3801 5355 εἶναί

2230 5445 2408 5499 datth.
2433 5461 2581 5511 χιιι,
2614 5446 2701 5501 46.

1841 5600 2076 5655 VARIIE
2107 5600 2509 5662 LECTIONES.

615 5711 752 5786 es:
788 5713 910 5769 add.
934 5714 1001 5770 A.
1077 5715 1122 5745 ⁸⁸
1155 5715 1604 5786 παραδεδομένων
1631 5719 1698 5772 Α.

1781 5718 1826 5751 ⁸⁷
1849 5717 1925 5790 οἳ]
1957 5715 2038 5782 οἷς
2064 5736 2209 5778 corr.
2235 5722 2300 5775 Λ.
2377 5720 2424 5753 ⁸⁸
2444 5722 2627 5776 πιστοὶ
2656 5721 2698 5776 ς
2730 5738 2744 5774 :
2782 5720 3012 5775 fortasse
3043 5720 3322 5789 legendum
3347 5718 3574 5782 πιστῶς.
3643 5718 3683 5749 δ’
3706 5730 3795 5768 πα-

547 5784 824 5851 ρατίθεται
855 5787 920 5837 Λ.
996 5786 1043 5817 ³⁸
1076 5786 1168 5840 τὸν
1226 5784 1321 5857 μὴ]
1359 5787 1402 5841 ll
1428 5784 1579 5843 Cor.
1630 5806 1680 5855 ν,
1735 5790 1827 5845 ‘21.
1902 5784 1946 5823 ⁸⁸
1979 5793 2239 5865 Χριστὸς]
2262 5792 2382 5846 Gal.
2416 5808 2498 5857 ιιι,
2530 5794 2614 5846 15.
2690 5792 2737 5824 ⁸¹
2768 5793 2965 5861 χρῆσιν
2992 5784 3125 5845 Ασέ
3156 5790 3350 5862 χρῆσις
3380 5808 3441 5855 ς.
