3994 6448
246 435 379 498 109.9

1279 439 1805 504 BIBLIOTIIECA.
1845 444 1913 475 ‘—
1954 438 2115 501 COD.
2149 440 2417 505 CCXXX.

3372 445 3506 511 1030

240 560 374 612 φησι
404 545 520 608 τοῖς
551 543 678 614 μίαν
711 545 1073 616 πρεσϐεύουσι
1098 546 1192 600 τοῦ
1226 548 1401 617 Λόγου
1432 549 1591 618 φύσιν
1628 565 1809 618 σεσαρι

1929 564 2091 602 unam
2148 550 2311 605 Verbi
2375 557 2625 606 naturam
2682 549 3019 606 incarnatam
3079 552 3297 619 docent,
3359 555 3505 609 clara

239 636 514 705 κωμένην.
544 632 640 699 Οἷς
684 638 1081 708 ἁνθυποφέρων
1126 640 1154 692 ὁ
1189 642 1491 712 συνήγορος
1535 641 1683 709 λέγει
1727 643 1826 711 τῆς

236 725 521 795 ἀληθείας,
540 727 616 791 ὡς
647 730 696 780 οἱ
729 729 857 799 μίαν
886 729 980 782 τοῦ
1010 732 1184 799 Λόγου
1209 730 1373 800 φύσιν
1398 734 1825 805 σεσαρκωμένην

236 816 557 884 δόξὰζοντες
581 825 725 891 σαφῆ
753 822 853 892 μὲν
880 822 1160 891 βούλονται
1185 824 1274 877 διὰ
1306 826 1405 894 τῆς
1437 827 1622 896 φωνῆς
1655 830 1826 881 ποιεῖν

235 908 337 978 τὴν
376 909 498 961 καθ’
537 912 835 964 ὑπόστασιν
886 911 1081 965 ἕνωσιν
1110 914 1178 980 ⁸³,
1213 915 1311 967 καὶ
1358 916 1433 979 ὼς
1467 918 1494 969 ό
1524 918 1696 985 Λόγος
1726 920 1825 971 ούκ

236 996 528 1067 ἄνθρωπον
560 1001 982 1070 προῦποστάντα
1026 1005 1365 1073 προσέλαϐεν
1413 1007 1549 1060 ἀλλὰ
1582 1008 1719 1077 σὰρξ
1748 1008 1825 1070 ὡς

235 1089 458 1158 ἀληθῶς
508 1092 767 1159 γέγονεν’
805 1094 836 1161 ἡ
879 1094 934 1145 δὲ
985 1095 1085 1146 οὐκ
1117 1095 1340 1165 ἐξαρκεῖ
1376 1097 1470 1150 τοῦ
1524 1098 1823 1169 μυστηρίου

234 1178 411 1245 δεῖξαι
445 1181 507 1232 τὸ
545 1182 770 1235 τέλειον.
801 1183 911 1236 Ποῦ
961 1186 1072 1254 γὰρ
1102 1185 1216 1238 ἔστι
1248 1186 1337 1240 διὰ
1384 1188 1484 1256 τῆς
1514 1189 1693 1257 φωνῆς
1723 1188 1820 1241 λα-

235 1266 357 1322 ϐεῖν
382 1270 493 1322 εἴτε
529 1270 771 1340 ἔμψυχος
800 1268 867 1343 ἦν
891 1274 925 1343 ἡ
963 1274 1340 1343 ἀναληφθεϊσα
1380 1276 1568 1346 σὰρξῆ
1606 1278 1699 1346 μὴ,
1730 1280 1822 1331 καὶ

232 1361 285 1411 εἰ
312 1360 686 1430 ἐσχημάτιστο
721 1364 883 1432 μόνον
926 1368 991 1435 τῇ
1038 1367 1202 1438 σαρκὶ
1238 1368 1269 1438 ἦ
1316 1369 1530 1437 ἀληθῶς
1559 1370 1821 1438 ἐπεφύκει

233 1450 414 1518 σάρξ;
449 1451 610 1505 πόθεν
640 1452 683 1504 δ’
734 1455 815 1507 ὅτι
863 1457 1045 1509 τέλεια
1075 1459 1108 1529 ἢ
1142 1460 1224 1512 ὃτι
1262 1459 1542 1529 ἀσύγχυτα
1576 1461 1643 1513 τὰ
1692 1479 1821 1514 συν-

230 1540 463 1595 ελθόντα
505 1546 921 1615 μεμενήκασιν;
971 1549 1125 1602 ούδὲν
1168 1551 1277 1621 γὰρ
1326 1552 1530 1604 τούτων
1576 1553 1820 1624 διευκρι-

231 1632 470 1702 νημένον
502 1634 649 1688 ἐστιν
692 1636 751 1700 ἐξ
784 1638 851 1690 αὑ
867 1639 952 1709 τῆς
984 1641 1187 1711 εὑρεῖν.
1233 1642 1347 1695 Διέι⁸
1371 1644 1528 1697 τοῦτο
1572 1646 1680 1715 γὰρ
1725 1647 1818 1698 καὶ

249 1724 618 1796 Ἀπολιναρίῳ
648 1728 741 1780 καὶ
780 1731 1011 1800 Εὑτυχεῖ
1026 1732 1086 1784 τὸ
1106 1734 1474 1804 προκείμενον
1499 1738 1697 1805 χωρίον
1722 1755 1819 1791 πε-

233 1814 621 1882 ριπτύσσεται,
644 1816 721 1886 τῷ
755 1820 852 1888 μὲν
881 1822 1161 1890 συγχέοντι
1187 1823 1257 1876 τὰ
1286 1826 1627 1892 συνελθόντα,
1661 1830 1818 1881 Ἀπο-

229 1902 462 1975 λιναρίῳ
505 1906 561 1959 δὲ
607 1908 813 1979 ἄψυχον
845 1912 943 1981 τὴν
996 1914 1176 1983 σάρκα
1231 1914 1357 1986 [440
1401 1917 1493 1989 IL]
1546 1920 1813 1987 φανταζο-
1848 1899 1889 1952 Β

231 1995 407 2063 μένῳ.
455 1998 615 2050 Ἀλλά
666 2001 762 2053 καὶ
813 2002 1052 2056 Μάνεντι
1086 2004 1241 2073 φίλον
1287 2008 1523 2076 ἠφωνὴ,
1570 2010 1811 2079 σχήματι

229 2087 331 2137 καὶ
361 2089 631 2160 φαντασίᾳ
656 2090 756 2160 τὴν
792 2093 1215 2163 ὲνανθρώπησιν
1245 2098 1554 2153 πλάττοντι.
1588 2104 1649 2153 Οἱ
1685 2102 1812 2170 μέν·

228 2194 318 2231 τοι
342 2197 404 2246 γε
436 2180 481 2211 ⁸⁵
517 2180 766 2250 λέγοντες
803 2184 894 2238 δύο
925 2186 1115 2255 φύσεις
1162 2188 1496 2258 ἀδιαιρέτους
1526 2190 1810 2261 ἁσύγχυτα

231 2271 338 2339 μὲν
379 2274 450 2325 τὰ
482 2274 807 2329 συνελθόντα
859 2278 1241 2346 φυλάττουσιν,
1290 2281 1398 2334 οὐδ’
1436 2276 1581 2335 οὗτοι
1627 2285 1811 2352 μέντοι

224 2362 324 2414 διὰ
350 2364 457 2415 τῶν
490 2366 669 2417 αὐτῶν
711 2370 905 2434 φωνῶν
946 2371 1043 2440 τὴν
1088 2371 1211 2424 καθ’
1264 2372 1559 2426 ὑπόστασιν
1606 2376 1811 2445 κηρύτ-

223 2468 418 2507 τουσιν
454 2456 669 2511 ἕνωσιν.
690 2459 927 2512 Δυνατὸν
963 2462 1070 2533 γὰρ
1108 2464 1266 2516 πάλιν
1298 2463 1620 2533 κακούργως
1643 2469 1689 2498 ⁸³
1718 2468 1813 2523 λα-

225 2545 350 2597 ϐεῖν
383 2547 441 2598 τὸ
485 2549 786 2617 ἡνωμένον,
820 2550 894 2615 ὡς
925 2554 1241 2623 Νεστόριος,
1272 2558 1405 2626 τιμῇ
1435 2560 1529 2611 καὶ
1561 2559 1687 2630 δόξῃ
1714 2561 1811 2612 καὶ

221 2640 343 2698 τοῖς
360 2636 539 2699 ἄλλοις
573 2639 876 2707 αἱρετικοῖς
898 2642 1380 2712 ὲπιτεχνάσμασιν.
1406 2646 1505 2698 Διὰ
1534 2647 1690 2699 τοῦτο
1716 2647 1810 2700 καὶ⁹

221 2730 256 2781 ὁ
300 2729 441 2793 θεῖος
468 2730 730 2801 Κύριλλος
757 2734 896 2787 κατὰ
924 2736 984 2788 τὸ
1011 2737 1183 2807 πέρας
1226 2739 1323 2807 τῆς
1368 2740 1662 2810 εἰρημένης
1694 2743 1809 2793 ἐπι-

223 2822 448 2892 στολῆς,
496 2824 565 2877 Τὸ
594 2824 662 2876 δὲ
685 2825 1051 2893 ἀδιαίρετον,
1074 2830 1121 2860 ⁸⁸
1145 2830 1269 2899 ἔφη,
1296 2835 1626 2899 προστεθὲν
1649 2833 1817 2887 δοκεῖ

214 2912 343 2980 μέν
379 2927 504 2977 πως
535 2916 668 2983 παρ’
702 2916 847 2985 ἡμῖν
891 2917 1073 2986 ὀρθῆς
1109 2919 1297 2987 δόξης
1335 2918 1487 2975 εἶναι
1524 2938 1819 2991 σημαντι-

218 3002 362 3063 κὸν,
392 3003 561 3057 αὐτοὶ
587 3004 654 3057 δὲ
683 3008 797 3075 οὐχ
820 3007 975 3062 οὕτω
1011 3011 1245 3065 νοοῦσι.
1282 3012 1354 3066 Τὸ
1374 3012 1479 3084 γὰρ
1506 3014 1809 3085 ἀδιαίρετον

220 3095 364 3162 παρ’
415 3097 598 3157 αὐτοῖς
638 3098 782 3150 κατὰ
811 3098 910 3164 τὰς
963 3102 1259 3173 Νεστορίου
1303 3106 1639 3174 κενοφωνίας
1687 3107 1809 3161 καθ’

216 3183 417 3288 ’ἕτερον
441 3185 775 3256 λαμϐάνεται
819 3192 1019 3261 τρόπον
1040 3210 1052 3222 ·
1084 3196 1219 3262 φασὶ
1252 3184 1361 3267 γὰρ
1405 3198 1487 3250 ὅτι
1529 3200 1594 3269 τῇ
1649 3200 1808 3252 ίσοτιο
1837 3229 1880 3288 C

221 3275 352 3345 μιᾳ,
374 3279 441 3347 τῇ
464 3279 838 3352 ταυτοόουλίᾳ,
871 3285 935 3354 τῇ
955 3284 1213 3355 αύθεντία
1235 3287 1541 3359 ἀδιαίρετός
1573 3292 1686 3343 ἐστι
1710 3291 1805 3345 τοῦ

214 3365 366 3418 Θεοῦ
410 3367 583 3435 Λόγου
637 3372 665 3422 ό
715 3372 773 3423 ὲν
820 3364 864 3439 ᾧ
918 3374 1239 3446 κατῴκησεν
1286 3377 1592 3448 ἄνθρωπος.
1645 3381 1807 3435 Ὥστε

218 3455 407 3508 διττὸν
442 3460 535 3511 καὶ
579 3461 607 3512 ὁ
647 3459 819 3530 μέγας
849 3458 1114 3535 Κύριλλος
1163 3462 1270 3519 οἵδε
1302 3467 1362 3520 τὸ
1395 3470 1721 3542 ἀδιαίρετον,
1749 3473 1809 3526 τὸ

221 3548 329 3618 μὲν
353 3548 641 3620 αἱρετικῆς
666 3553 845 3623 δόξης,
875 3555 936 3607 τὸ
975 3556 1033 3608 δὲ
1066 3557 1269 3611 οἰκεῖόν
1296 3577 1356 3612 τε
1393 3562 1487 3615 καὶ
1524 3562 1805 3633 ὀρθοδόξου

216 3640 596 3709 φρονήματος.
633 3644 762 3713 Διχῆ
805 3645 861 3697 δὲ
894 3646 988 3698 τοῦ
1023 3648 1334 3721 ἀδιαιρέτου
1362 3652 1679 3724 λεγομένου,
1714 3656 1808 3708 εὐ-

214 3731 401 3800 λόγως
429 3731 597 3802 ἔφησε
623 3734 890 3804 μάχεσθαι
914 3738 977 3790 τὸ
1001 3739 1182 3808 λέγειν
1216 3743 1345 3810 μίαν
1371 3745 1463 3797 τοῦ
1495 3746 1669 3815 Λόγου
1703 3750 1807 3817 φύ-

219 3840 311 3876 σιν
350 3826 781 3896 σεσαρκωμένην
840 3830 953 3893 τοῖς
1001 3832 1144 3886 κατὰ
1191 3835 1485 3907 Νεστόριον
1535 3839 1807 3907 φάσκουσι

216 3911 317 3963 δύο
354 3912 548 3979 φύσεις
594 3914 951 3985 ἀδιαιρέτους.
989 3918 1114 3990 [857
1155 3922 1244 3995 8.]
1282 3925 1421 3978 Αὐτὸ
1453 3927 1508 3979 δὲ
1547 3927 1705 3982 τοῦτο
1743 3930 1807 3983 τὸ

222 4003 395 4072 ῥητὸν
428 4003 597 4074 ὀρθῆς
634 4006 845 4073 γίνεται
887 4009 1067 4079 δόξης,
1114 4015 1484 4086 ἀπομερισθὲν
1526 4020 1622 4090 τῆς
1656 4023 1805 4092 ὁμω-

220 4093 449 4163 νυμίας.
493 4095 912 4166 Ἀπομερίζεται
942 4101 999 4154 δὲ
1030 4105 1148 4155 κατ’
1183 4106 1374 4170 ἄλλους
1406 4109 1659 4178 τρόπους,
1697 4113 1803 4181 μά-

219 4184 386 4238 λιστα
421 4186 477 4237 δὲ
508 4188 564 4239 ἐν
613 4187 689 4258 τῷ
745 4190 843 4257 τὴν
885 4192 929 4222 ⁸⁷
974 4193 1096 4246 καθ’
1128 4196 1427 4250 ὑπόστασιν
1474 4202 1803 4270 προσλαϐεῖν

219 4277 420 4329 ἕνωσιν
441 4293 454 4306 ·
484 4278 622 4347 αὓτη
647 4282 753 4350 γὰρ
790 4284 823 4351 ἡ
855 4286 1140 4356 προσθήκη
1177 4288 1235 4340 τὸ
1273 4290 1498 4360 ἀκριϐὲς
1522 4292 1803 4363 πληροῦσα

220 4368 319 4420 καὶ
350 4368 442 4418 τὸν
476 4369 625 4420 δόλον
672 4370 884 4424 ἐλαύνει
921 4374 1220 4445 Νεστορίου
1252 4378 1345 4430 καὶ
1375 4381 1500 4443 τοὺς
1532 4385 1803 4451 συκοφάν-

218 4471 320 4519 τας
378 4457 479 4526 τῆς
529 4459 811 4542 εὐσεϐείας
852 4465 1224 4536 καταισχύνει.
1272 4469 1489 4542 ’Λτελὴς
1538 4468 1629 4526 οὖν
1670 4476 1801 4529 ἐκα-

1930 657 2064 697 voce
2117 643 2307 697 volunt
2336 643 2715 699 demonstrare
2760 658 2879 698 eam
2920 659 3041 712 quae
3081 655 3165 699 est
3204 660 3301 714 per
3337 648 3507 715 hypo-

1930 736 2118 788 stasim
2154 753 2167 789 :
2195 744 2249 789 et
2280 735 2420 805 quod
2466 733 2699 789 Verbum
2733 736 3005 789 hominem
3039 739 3503 805 pratexsistentem

1929 842 2033 882 non
2071 828 2453 897 assumpserit,
2494 830 2587 882 sed
2631 843 2823 883 revera
2860 842 2991 881 caro
3018 826 3218 882 factum
3254 831 3345 883 sit.
3380 830 3506 884 Haec

1924 928 2100 972 autem
2142 935 2243 973 vox
2276 936 2381 973 non
2416 920 2548 973 satis
2588 919 2924 973 demonstrat
2957 918 3195 988 mysterii
3225 919 3507 987 perfectio-

1931 1026 2074 1065 nem.
2109 1011 2210 1066 Ubi
2260 1012 2403 1065 enim
2435 1012 2560 1065 licet
2596 1012 2840 1080 accipere
2866 1025 2961 1079 per
3010 1025 3221 1076 vocem,
3274 1011 3505 1067 fueritne

1925 1102 2159 1154 animata
2193 1112 2471 1171 assumpta
2506 1117 2654 1165 caro,
2718 1101 2930 1155 necne?
2989 1101 3184 1171 268b
3224 1111 3279 1155 et
3322 1116 3387 1155 an
3418 1111 3505 1156 so-i

1925 1192 2031 1245 lum
2070 1208 2234 1246 carne
2279 1193 2552 1257 indutum,
2602 1193 2684 1246 vel
2732 1207 2919 1246 revera
2976 1204 3160 1247 natum
3212 1195 3285 1248 sit
3338 1193 3504 1247 caro?

1924 1284 2079 1338 Unde
2107 1300 2268 1351 porro
2305 1286 2446 1353 quod
2479 1283 2715 1353 perfecta
2744 1293 2799 1337 et
2827 1284 3135 1349 inconfusa,
3170 1300 3502 1339 concurren-

1926 1375 1995 1426 tia
2054 1375 2488 1443 permanserint?
2520 1376 2653 1428 nihil
2687 1375 2830 1428 enim
2871 1375 3060 1427 homin
3110 1374 3313 1429 clarum
3346 1390 3410 1429 ex
3438 1391 3499 1430 ea

1927 1465 2186 1531 reperies.
2239 1463 2530 1532 Propterea
2583 1465 2728 1516 enim
2784 1473 2837 1516 et
2882 1462 3217 1529 Apollinario
3254 1473 3308 1517 et
3333 1462 3500 1533 Euty-

1922 1557 2007 1608 ('lti
2038 1558 2345 1625 propositus
2378 1556 2529 1609 locus
2569 1555 2842 1621 convenit,
2874 1555 2999 1608 huic
3030 1556 3244 1624 quidem
3271 1554 3498 1624 conjun-

1922 1658 2007 1701 τιτι
2060 1647 2431 1712 roufundenti,
2478 1647 2814 1714 Apollinario
2868 1660 2997 1700 vero
3050 1647 3338 1699 animatam
3372 1661 3497 1701 car-

1924 1754 2043 1791 nem
2099 1738 2437 1807 imaginanti.
2490 1735 2629 1802 Quin
2665 1747 2711 1791 et
2749 1738 2861 1790 haec
2912 1751 3011 1789 vox
3055 1738 3229 1805 placet
3275 1737 3498 1803 Maneti,

1925 1829 2298 1897 imaginariam
2347 1838 2401 1883 et
2455 1827 2830 1883 adumbratam
2885 1827 3104 1896 fingenti
3160 1828 3494 1882 incarnatio~

1922 1933 2063 1970 nem.
2106 1916 2207 1981 Qui
2255 1931 2385 1971 vero
2436 1918 2570 1970 duas
2620 1915 2928 1970 inconfusas
2967 1927 3218 1970 asserunt
3251 1926 3493 1982 naturas,

1920 2005 2209 2061 inconfusa
2260 2009 2478 2076 quidem
2525 2007 2906 2061 concurrentia
2940 2016 3288 2073 conservant,
3321 2023 3499 2077 neque

1920 2098 1970 2151 hi
2005 2113 2103 2166 per
2129 2097 2347 2151 easdem
2379 2109 2537 2151 voces
2571 2095 2824 2150 unionem
2872 2097 3270 2165 hypostaticam
3302 2098 3497 2165 praedi-

1916 2198 2063 2243 cant.
2099 2188 2238 2242 Fieri
2281 2188 2425 2242 enim
2460 2197 2662 2257 potest,
2698 2196 2756 2240 ut
2785 2198 2972 2240 contra
3004 2188 3247 2256 improbe
3279 2189 3495 2255 capiant

1914 2281 2056 2349 quod
2089 2281 2294 2333 unitum
2325 2288 2407 2333 est
2434 2279 2515 2348 (ut
2545 2278 2843 2347 Nestorius)
2876 2278 3080 2331 honore
3114 2287 3168 2331 et
3196 2278 3362 2347 gloria
3392 2296 3407 2344 ;
3444 2289 3496 2333 et

1914 2371 2036 2423 aliis
2079 2370 2460 2423 haereticorum
2496 2369 2752 2422 inventis.
2802 2366 2928 2420 Ideo
2959 2376 3013 2420 et
3044 2366 3235 2421 beatus
3260 2365 3494 2437 Cyrillus

1914 2463 1966 2516 in
2010 2462 2114 2516 line
2180 2460 2338 2529 hujus
2392 2461 2653 2530 epistolae,
2718 2461 3017 2523 indivisum,
3065 2460 3178 2524 ait,
3229 2461 3492 2524 additum,

1914 2558 2116 2609 videtur
2144 2566 2335 2607 nostra:
2371 2563 2525 2605 recta:
2549 2552 2672 2619 ﬁdei
2697 2568 2806 2605 esse
2846 2555 3051 2621 signum
3074 2567 3093 2604 :
3128 2551 3209 2604 illi
3244 2567 3360 2605 vero
3390 2568 3492 2604 non

1914 2648 1989 2700 ita
2020 2646 2272 2699 sentiunt.
2312 2644 2611 2699 lndivisum
2640 2644 2785 2697 enim
2817 2646 2958 2712 apud
3002 2644 3144 2709 illos,
3196 2645 3489 2697 secundum

1915 2748 2082 2787 novas
2148 2733 2598 2795 Nestoriivoces,
2660 2731 2766 2786 alio
2833 2734 2992 2786 modo
3037 2732 3292 2786 sumitur.
3354 2731 3494 2785 Dicit

1913 2826 2056 2878 enim
2090 2824 2313 2879 honoris
2362 2824 2614 2893 puritate.
2662 2833 2717 2877 et
2749 2824 3043 2877 voluntatis
3072 2833 3126 2878 et
3152 2823 3490 2877 auctoritatis

1916 2919 2207 2971 indivisum
2255 2918 2529 2971 hominem
2565 2931 2707 2981 esse,
2741 2915 2792 2969 in
2834 2930 2940 2984 quo
2973 2915 3062 2969 Dei
3090 2914 3309 2969 verbum
3341 2916 3493 2968 habi-

1915 3014 2066 3067 lavil.
2127 3012 2303 3078 Quare
2358 3010 2645 3079 dupliciter
2688 3025 2913 3079 magnus
2953 3009 3042 3062 ille
3087 3008 3319 3080 Cyrillus
3350 3009 3491 3061 indi-

1914 3107 2086 3159 visum
2123 3105 2376 3173 iuteliigit
2411 3125 2422 3159 :
2458 3103 2601 3156 aliud
2632 3102 2848 3168 quidem
2882 3103 3149 3167 bzeretice,
3185 3102 3329 3155 aliud
3360 3114 3490 3154 vero

1914 3196 2130 3266 proprie
2175 3206 2229 3249 et
2258 3194 2581 3248 orthodoxe.
2622 3192 2836 3246 Duobus
2874 3203 3054 3246 autem
3085 3193 3257 3245 modis
3292 3193 3488 3246 indivi-

1912 3304 2031 3341 sum
2094 3288 2588 3354 usnrpando,‘verc
2638 3286 2774 3339 dixit
2820 3300 2834 3337 :
2892 3284 3076 3337 dicere
3128 3297 3289 3335 unam
3325 3282 3484 3336 Verbi

1910 3389 2156 3432 naturam
2202 3377 2539 3429 incantatam
2591 3390 2833 3446 pugnare
2886 3383 3074 3428 contra
3134 3373 3488 3429 Nestorianos

1911 3475 2226 3520 asserentes
2251 3466 2383 3519 duas
2417 3475 2636 3518 naturas
2660 3464 2940 3518 indivisas.
2971 3463 3111 3516 ldetn
3137 3472 3316 3516 autem
3343 3467 3486 3532 quod

1910 3558 2109 3611 dictum
2154 3568 2257 3620 est,
2298 3557 2554 3612 Ecclesia!
2587 3566 2671 3610 est
2701 3557 3033 3618 orthodoxae,
3061 3556 3102 3609 si
3134 3557 3489 3623 :equivocatio

1910 3648 2152 3702 tollatur.
2205 3647 2435 3702 Tollitur
2490 3657 2669 3701 autem
2728 3656 2783 3700 et
2836 3647 2960 3700 aliis
3012 3648 3208 3713 modis,
3251 3648 3488 3702 maxime

1909 3755 2061 3800 vero,
2100 3744 2152 3794 in
2185 3740 2509 3793 assumendo
2543 3740 2795 3792 unionem
2829 3741 3246 3810 hypostnticam.
3287 3739 3485 3793 Eadem

1908 3830 2050 3883 enim
2095 3831 2208 3885 lucc
2249 3831 2453 3889 additio
2498 3840 2752 3884 accurate
2789 3830 3090 3897 adimplens
3130 3840 3185 3884 et
3237 3830 3485 3883 fraudem

1907 3918 2142 3973 Nestorii
2187 3920 2431 3981 discutit,
2471 3928 2526 3971 et
2554 3918 2849 3972 haereticos
2892 3917 3193 3972 confundit.
3227 3916 3485 3986 Imperfe-

1908 4016 1991 4061 cta
2030 4023 2161 4077 ergo
2217 4018 2298 4062 est
2347 4019 2574 4077 utraque
2617 4023 2741 4071 vox,
2790 4017 2845 4059 ιιι
2887 4022 2953 4060 ex
3017 4008 3285 4076 prioribus
3339 4019 3485 4077 patet

1906 4114 2013 4153 non
2055 4101 2280 4153 alterum
2324 4098 2653 4167 arripienda.
2709 4098 2892 4166 Itaque
2943 4099 3182 4167 intelligo
3226 4115 3348 4153 eam
3391 4116 3485 4152 vo-

1906 4207 2027 4246 cem
2072 4206 2191 4261 qua:
2231 4191 2361 4244 dicit
2413 4206 2576 4243 unam
2618 4188 2776 4243 Verbi
2832 4200 3078 4244 naturam
3117 4191 3477 4255 incarnatam,

1907 4295 1961 4338 et
1990 4284 2134 4337 illam
2172 4298 2291 4351 qua).
2320 4283 2449 4335 dicit
2490 4282 2622 4335 duas
2658 4292 2881 4334 naturas
2914 4279 3247 4344 inconfusus,
3282 4292 3483 4335 utram-

1905 4392 2011 4445 que
2062 4378 2321 4446 perliecre
2371 4375 2511 4429 inter
2559 4389 2616 4427 se
2648 4374 2977 4443 copulatam.
3017 4373 3174 4428 Verbi
3218 4376 3361 4427 enim
3392 4390 3481 4428 na-

1908 4477 2028 4522 tura
2084 4470 2365 4521 incarnata
2420 4468 2675 4522 unionem
2732 4467 3125 4536 bypostaticatn
3160 4466 3481 4535 simpliciter

220 4547 359 4617 τέρα
396 4550 570 4618 φωνὴ,
624 4549 699 4613 ὡς
732 4553 796 4604 ὲκ
843 4554 950 4606 τῶν
985 4559 1288 4627 εἰρημένων
1342 4561 1497 4632 δῆλον
1544 4567 1802 4636 κατέστη,

1912 4561 2138 4629 profert,
2192 4563 2280 4627 qui
2324 4576 2450 4615 vero
2492 4562 2625 4616 duas
2673 4563 2869 4615 asserit
2920 4562 3180 4616 indivisas
3232 4573 3475 4625 naturas.

224 4640 301 4709 μὴ
329 4640 714 4709 προσλαὸοὖσα
747 4646 844 4716 τὴν
877 4646 1094 4717 ἑτέραν,
1122 4650 1265 4718 λέγω
1295 4653 1358 4724 δὴ
1391 4655 1485 4707 καὶ
1513 4657 1544 4725 ἡ
1569 4656 1803 4724 λέγουσα

224 4727 359 4795 μίαν
389 4729 551 4796 φύσιν
585 4731 679 4783 τοῦ
714 4734 889 4800 Λόγου
924 4742 1347 4813 σεσαρκωμένην
1375 4744 1466 4797 καὶ
1498 4746 1530 4816 ἡ
1571 4746 1663 4800 δύο
1698 4749 1801 4817 φύ-

221 4836 338 4881 σεις
373 4819 745 4891 ἀδιαιρέτους·
790 4826 1087 4882 τελειοῦται
1128 4831 1185 4883 δὲ
1228 4833 1462 4905 ἑκατέρα
1494 4838 1805 4906 συμπλεκο-

221 4910 361 4979 μένη
380 4912 448 4979 τῇ
473 4912 633 4983 ἑτέρᾳ
652 4916 696 4944 ⁵⁸
719 4930 733 4945 ·
767 4916 800 4985 ἡ
828 4918 925 4987 μὲν
949 4921 1060 4992 γὰρ
1082 4922 1176 4975 τοῦ
1209 4923 1383 4992 Λόγου
1420 4926 1580 4996 φύσις
1607 4946 1805 5002 σεσαρ-

216 5003 449 5070 κωμένη
478 5003 576 5075 τὴν
610 5007 731 5059 καθ’
772 5010 1068 5065 ὑπόστασιν
1110 5014 1298 5079 ἁπλῶς
1338 5017 1531 5073 ἕνωσιν
1562 5022 1796 5091 εἰσάγει,

213 5097 243 5147 ό
271 5096 333 5148 δὲ
360 5096 465 5188 τὰς
492 5097 583 5188 δύο
625 5101 817 5169 φύσεις
860 5104 1033 5173 λέγων
1077 5109 1416 5181 ἀδιαιρέτους
1452 5114 1514 5169 τὸ
1555 5115 1797 5188 ἄφυρτόν

212 5201 275 5238 τε
317 5186 415 5237 καὶ
447 5186 755 5258 ἀσύγχυτον
789 5191 897 5245 τῶν
929 5194 1292 5251 συνελθόντων
1341 5200 1553 5271 μηνύει.
1586 5186 1796 5257 Οὐκοῦν

213 5276 659 5348 ἀπομερισθείσα
700 5281 854 5355 φωνὴ
889 5283 1124 5358 θατέρας
1154 5291 1188 5361 ἡ
1222 5290 1387 5363 ἑτέρα
1426 5294 1520 5346 καὶ
1550 5312 1795 5363 σοφιστι-

212 5366 332 5428 κῶς
381 5372 731 5443 προαγομένη
785 5376 1131 5450 δικαιοτάτην
1184 5381 1251 5436 ἂν
1297 5383 1396 5452 τὴν
1451 5384 1794 5452 κατάγνωσιν

212 5455 458 5548 ένέγκοι.
492 5456 653 5512 Ὥστε
686 5462 911 5530 δικαίως
960 5469 1052 5522 καὶ
1083 5472 1110 5523 ὁ
1155 5472 1296 5541 ἱερὸς
1342 5472 1611 5543 Κύριλλος
1659 5478 1796 5548 πρὸς

211 5546 517 5620 Νεστόριον
563 5555 982 5628 ἀποτεινόμενος
1028 5564 1103 5627 ὡς
1156 5565 1321 5634 ἀτελῆ
1382 5566 1481 5637 τὴν
1533 5546 1797 5636 λέγουσαν

1905 4654 2199 4708 immistmn
2240 4660 2294 4707 et
2323 4652 2662 4707 inconfusum
2710 4668 2895 4707 eorum
2932 4668 3052 4723 qua!
3077 4652 3477 4722 coujunguntur

1903 4746 2196 4812 significat.
2226 4744 2394 4814 Igitur
2436 4744 2606 4798 divisa
2643 4760 2746 4799 vox
2786 4746 2955 4799 altera
2982 4747 3050 4799 ab
3081 4746 3270 4810 altera,
3300 4755 3355 4798 et
3380 4762 3475 4797 ea—

1902 4838 2078 4907 ptiose
2106 4838 2332 4888 adducta
2362 4833 2718 4901 iustissimam
2758 4836 3231 4904 reprehensionem
3263 4835 3475 4905 269a

1905 4937 2162 4983 meretur.
2180 4925 2358 4992 Quare
2385 4934 2532 4980 recte
2559 4934 2782 4981 sanctus
2811 4926 3048 4995 Cyrillus
3078 4927 3129 4980 iu
3167 4926 3473 4981 Nestorium

1903 5020 2170 5081 invectus,
2209 5027 2267 5071 ut
2298 5016 2669 5086 imperfectam
2702 5032 2891 5071 vocem
2922 5019 3190 5073 dicentem
3228 5021 3362 5072 duas
3393 5018 3475 5073 in-

1900 5112 2102 5165 divisas
2145 5119 2386 5173 naturas,
2431 5117 2485 5163 et
2519 5124 2625 5162 non
2671 5109 2940 5163 valentem
2979 5110 3354 5163 hatreticorum
3387 5125 3473 5164 se-

1899 5212 2040 5257 ctam
2096 5200 2354 5261 rcfutare,
2404 5206 2642 5263 accusat,
2691 5208 2747 5252 et
2780 5214 3018 5269 pugnare
3066 5198 3186 5270 [ait]
3213 5215 3334 5253 cum
3379 5199 3468 5253 illa
3512 5238 3513 5241 η

1900 5310 2020 5364 quae
2062 5293 2195 5346 dicit
2242 5305 2403 5345 unam
2450 5298 2697 5344 naturam
2740 5292 3097 5345 incarnatam.
3122 5292 3256 5345 Cum
3283 5304 3388 5359 qua
3422 5288 3466 5343 si

1901 5384 2197 5454 composita
2231 5381 2433 5443 veniat,
2465 5381 2732 5435 sinceram
2759 5379 3012 5449 pietatem
3047 5379 3308 5444 Ostendit,
3335 5380 3469 5431 duas

1903 5475 2159 5531 indivisas
2202 5482 2421 5526 naturas
2461 5471 2512 5525 itt
2540 5472 2738 5525 unione
2785 5471 3120 5541 hypostatica
3154 5468 3298 5522 clare
3330 5484 3469 5538 prae-

1853 5632 1857 5636 ,
1906 5572 2113 5623 dicans.
2167 5564 2259 5618 Sic
2309 5574 2455 5619 certe
2504 5564 2629 5619 licet
2659 5564 2781 5632 quis
2824 5579 2983 5617 unam
3016 5559 3174 5617 Verbi
3220 5570 3465 5614 naturan

1523 5681 1755 5737 VARLE
1793 5676 2083 5736 LECTION
2094 5676 2198 5730 ES.

291 5754 339 5843 έθ
365 5755 560 5841 ξνωσιν
608 5762 731 5818 add.
778 5764 842 5820 C.
918 5767 965 5798 "
997 5784 1056 5835 γε
1112 5771 1237 5826 add.
1275 5768 1338 5825 A.
1415 5772 1461 5805 ⁸⁸
1491 5772 1816 5843 κακούργοις
1856 5791 1917 5837 ς.
1994 5773 2040 5805 ⁵⁸
2092 5765 2408 5837 ἀδιαιρέτως
2450 5767 2511 5820 Α.
2587 5766 2632 5799 ⁸⁷
2672 5762 2770 5834 τὴν
2808 5780 2917 5821 om.
2953 5764 3017 5818 Λ.
3091 5762 3138 5796 ³⁸
3175 5762 3333 5833 ἑτέρᾳ
3363 5759 3405 5812 Λ
3449 5777 3460 5811 :

216 5823 378 5879 ἕκατέ
386 5844 455 5897 ρᾳ
488 5845 548 5890 ς’.
