3994 6400
634 434 771 501 1035

1819 431 2049 493 ΡΗΟΤΙ
2055 432 2082 491 Ι
2112 428 2618 492 ΡΑΤΗΙΛΒΕΗᾹΞ
2655 430 2765 492 CP.

3719 433 3826 498 1036

626 548 1041 604 consensionem
1109 544 1378 602 sinceram
1434 560 1676 612 servare,
1731 559 1978 604 sanctam
2014 548 2161 619 Virgi

2292 545 2584 616 Νεστόριον
2627 545 2726 618 μὲν
2769 545 2819 598 οἱ
2875 540 3182 598 ἀνατολικοὶ
3211 539 3605 611 κατακρίνουσι,
3637 541 3718 593 καὶ
3744 543 3824 612 τὴν

618 656 741 696 neut
809 641 899 695 Dei
961 638 1294 694 Genitricctn
1375 639 1658 695 nobiscum
1721 640 2064 708 conﬁtentes,
2127 651 2182 697 et

615 748 783 786 unum
838 745 961 784 esse
1024 729 1323 790 Christum,
1361 729 1552 783 Filium
1591 738 1643 785 et
1682 729 1966 785 Dominum
2010 747 2038 784 a
2075 732 2185 785 Deo

610 823 768 878 Patre
815 825 1056 892 genitum
1099 820 1266 876 Deum
1309 821 1559 885 Verbum,
1596 832 1649 876 et
1681 821 1887 877 ultimis
1931 823 2186 892 tempori-

608 909 710 963 bus
764 922 792 962 e
848 905 1075 961 muliere
1143 909 1197 959 in
1251 920 1412 958 carne
1494 915 1703 970 natum,
1771 915 1825 959 et
1880 905 2180 975 perfectum

602 1016 726 1055 eum
789 999 1000 1053 essein
1063 997 1366 1062 divinitate,
1421 1005 1476 1050 et
1526 995 1821 1064 perlectum
1879 997 1931 1050 in
1990 997 2184 1050 huma-

602 1093 796 1154 nitate,
868 1107 973 1144 non
1049 1090 1100 1142 itt
1153 1090 1287 1143 duos
1340 1088 1478 1144 ﬁlios
1538 1098 1591 1143 et
1647 1088 1896 1144 Christos
1957 1099 2012 1143 et
2074 1092 2180 1144 Do-

600 1182 779 1236 minos
813 1192 1151 1249 separantes.
1205 1191 1260 1234 et
1318 1181 1430 1235 haec
1495 1196 1808 1250 Oppugnnre
1875 1182 2162 1243 audentes.

599 1285 658 1330 ut
709 1275 995 1329 mendaces
1025 1285 1078 1329 et
1124 1274 1494 1327 fraudulentos
1539 1283 1594 1326 et
1631 1275 1895 1328 mendacii
1942 1276 2025 1328 sui
2073 1291 2174 1345 pa.

600 1380 736 1423 trem
793 1377 1176 1438 prmtexentes,
1216 1368 1469 1421 detestari
1508 1368 1758 1421 hortatur
1786 1384 1851 1423 ac
1877 1350 2178 1439 'rcfugere,

592 1460 699 1516 Sed
733 1461 868 1515 etin
896 1475 987 1524 ea,
1017 1476 1137 1529 qua:
1188 1461 1253 1512 ad
1286 1461 1549 1514 Acacium
1609 1460 2011 1515 Melitinensem
2061 1461 2178 1529 epi-

593 1568 836 1624 scopum,
867 1557 933 1606 de
966 1551 1048 1607 his
1071 1551 1439 1608 Orientalibus
1468 1553 1546 1607 sic
1572 1553 1769 1607 habet:
1804 1553 1925 1608 Non
1949 1555 2179 1608 dividere

585 1661 674 1701 eos
746 1645 951 1714 270i)
1006 1660 1170 1696 unum
1228 1642 1430 1697 Filium
1477 1654 1524 1698 et
1567 1644 1878 1711 Christum,
1930 1661 2081 1712 quem
2151 1661 2180 1698 e

586 1735 751 1791 Patre
816 1738 1000 1790 dicunt
1052 1746 1110 1789 ut
1161 1735 1371 1800 Deum,
1418 1745 1467 1789 et
1518 1752 1582 1790 ea:
1630 1736 1845 1790 muliere
1902 1747 2083 1790 natum
2123 1737 2178 1791 in

585 1847 745 1884 carne
778 1841 831 1883 ut
871 1832 1154 1892 hominem,
1186 1839 1235 1884 et
1277 1831 1538 1900 quomodo
1587 1848 1689 1884 non
1729 1831 2059 1900 intelligatur
2087 1847 2172 1884 se-

2290 640 2400 695 τῶν
2438 639 2700 709 Πατέρων
2745 637 3036 708 ὁμολογίαν
3069 635 3344 706 ἀκήρατον
3379 632 3708 698 διασώζουσι,
3745 635 3823 705 τὴν

2287 730 2450 798 ἁγίαν
2485 729 2761 798 Παρθένον
2786 726 3046 780 Θεοτόκον
3071 724 3188 796 μεθ’
3210 723 3364 795 ἡμῶν
3393 721 3824 792 ἀνομολογοῦντες,

2288 823 2384 876 καὶ
2414 822 2512 874 ἕνα
2558 819 2702 874 εἶναι
2734 818 2970 890 Χριστὸν
2995 819 3090 872 καὶ
3122 816 3250 870 Υἱὸν
3282 817 3375 869 καὶ
3413 815 3632 885 Κύριον,
3659 815 3740 867 τὸν
3774 817 3824 869 ὲκ

2289 911 2427 966 Θεοῦ
2472 912 2572 982 μὲν
2607 911 2822 982 Πατρός
2849 908 3178 978 γεννηθέντα
3206 907 3337 961 Θεὸν
3364 907 3556 974 Λόγον,
3588 906 3670 960 ἐπ’
3694 907 3826 977 ἐσχά-

2284 1025 2396 1061 των
2430 1006 2487 1060 δὲ
2516 1006 2610 1060 τὸν
2641 1003 2808 1058 αὑτὸν
2837 1005 2902 1056 ὲκ
2928 1002 3187 1072 γυναικὸς
3215 1000 3355 1054 κατά
3384 1001 3561 1070 σάρκα
3580 1001 3822 1070 τεχθέντα,

2284 1100 2382 1153 καὶ
2433 1098 2638 1151 τέλειον
2687 1092 2826 1150 εἷναι
2859 1094 2953 1148 τὸν
3004 1094 3164 1148 αὐτὸν
3192 1095 3248 1146 ὲν
3279 1094 3490 1153 θεότητι
3533 1092 3624 1146 καὶ
3652 1092 3824 1144 τέλειον

2283 1193 2342 1245 ὲν
2395 1189 2805 1260 ἀνθρωπότητι,
2869 1187 2930 1240 οὐ
2983 1185 3314 1258 διαιροῦντες
3370 1185 3448 1247 εἰς
3501 1183 3593 1236 δύο
3631 1184 3822 1253 υἱοῦςῆ

2282 1285 2327 1338 Χ
2338 1284 2556 1354 ριστοὺς
2590 1283 2622 1352 ἢ
2660 1280 2895 1352 κυρίους
2924 1293 2938 1307 ·
2973 1279 3069 1333 καὶ
3111 1279 3235 1341 τοὺς
3264 1277 3576 1345 τολμῶντάς
3601 1293 3650 1326 τι
3679 1275 3825 1341 λέγειν

2284 1377 2416 1430 κατ’
2455 1377 2637 1430 αὐτῶν
2671 1375 2749 1438 ὡς
2780 1373 3017 1444 ψεύστας
3060 1372 3155 1425 καὶ
3181 1370 3500 1432 ἀπατεῶνας
3530 1369 3622 1421 καὶ
3651 1368 3731 1419 τὸν
3751 1368 3822 1421 τοῦ

2280 1469 2512 1540 ψεύδους
2553 1468 2764 1522 ἑαυτῶν
2812 1465 3282 1537 προϐαλλομένους
3329 1462 3544 1532 πατέρα
3591 1461 3824 1530 μυσάττε-

2283 1561 2409 1614 σθαὶ
2469 1578 2528 1613 τε
2577 1561 2838 1632 παραινεῖ
2880 1559 2972 1612 καὶ.
3026 1555 3469 1626 ἀποπέμπεσθαι.
3543 1553 3697 1606 Ἀλλὰ
3741 1553 3824 1623 μὴν

2280 1653 2377 1706 καὶ
2433 1655 2492 1705 ὲν
2525 1655 2591 1723 τῇ
2654 1652 2791 1723 πρὸς
2833 1651 3088 1705 Ἀκάκιον
3123 1649 3247 1721 [4όῦ
3293 1647 3386 1720 11.]
3431 1647 3525 1700 τὸν
3557 1646 3824 1716 Μελιτηνῆς

2283 1745 2587 1799 ἐπίσκοπον
2653 1745 2782 1815 περὶ
2849 1742 2959 1796 τῶν
3007 1741 3337 1796 ἀνατολικῶν
3375 1739 3520 1792 οὕτω
3549 1738 3727 1808 φησιν’
3759 1739 3824 1790 Οὐ

2283 1836 2630 1904 διαιροῦσιν
2662 1838 2749 1902 εις
2777 1835 2887 1888 δύο
2919 1835 2964 1866 ⁸⁸
3005 1835 3110 1887 τόν
3140 1834 3247 1887 ἕνα
3284 1833 3424 1886 Υιὸν
3450 1831 3547 1885 καὶ
3583 1831 3822 1898 Χριστὸν,

585 1924 816 1975 cundum
845 1923 1228 1977 humanitatem
1262 1923 1425 1976 nostri
1459 1922 1672 1984 similis.
1711 1940 1872 1993 neque
1909 1923 2059 1976 Patri
2083 1939 2161 1977 se-

2277 1929 2384 1982 τὸν
2411 1929 2599 1983 αὑτὸν
2626 1927 2694 1982 δὲ
2723 1924 2879 1982 εἶναι
2908 1942 3058 1996 φησι
3102 1927 3210 1980 τὸν
3246 1925 3313 1978 ὲκ
3338 1923 3488 1978 Θεοῦ
3522 1922 3735 1990 Πατρός
3760 1921 3823 1987 ὡς

584 2021 815 2069 cundum
845 2017 1201 2082 divinitatem,
1260 2017 1361 2070 nisi
1388 2017 1719 2086 intelligatur
1761 2017 1919 2071 simul
1945 2027 1990 2069 et
2023 2016 2159 2071 Dens

581 2120 630 2162 et
686 2110 838 2162 homo
877 2108 1034 2162 idem.
1094 2107 1246 2172 Quod
1291 2108 1568 2163 Nestorius
1633 2112 1863 2179 negavit.
1923 2111 2013 2166 Sic
2053 2129 2158 2166 non

583 2202 759 2255 solum
796 2202 929 2256 duas
975 2210 1201 2256 naturas
1229 2200 1542 2258 Orientales
1582 2214 1892 2257 asserentes
1948 2203 2156 2256 salvat:

581 2293 677 2347 sed
724 2293 937 2347 tametsi
989 2293 1110 2360 quis
1140 2303 1380 2358 accuset,
1413 2307 1780 2365 propugnator
1811 2295 1888 2356 tit,
1917 2303 1972 2348 et
2018 2296 2159 2363 quod

581 2385 779 2437 mirum
811 2384 1088 2446 videatur,
1145 2386 1246 2440 etsi
1289 2401 1392 2439 non
1452 2396 1725 2454 apponant
1765 2387 2004 2449 indivise,
2051 2402 2156 2440 non

593 2470 724 2524 dicit
776 2471 923 2539 ipsos
975 2481 1199 2528 naturas
1229 2473 1490 2527 dividere.
1527 2472 1698 2527 Scivit
1729 2476 1872 2529 enim
1899 2485 1952 2529 et
1995 2491 2156 2528 unum

577 2559 876 2628 Christum,
935 2577 1098 2617 unam
1157 2579 1464 2632 personam,
1495 2576 1549 2618 et
1604 2580 1768 2618 unam
1821 2565 2155 2635 hypostasin,

577 2654 668 2722 qui
701 2654 830 2708 dicit
859 2655 1110 2709 eumdem
1166 2656 1330 2709 Deum
1357 2665 1413 2711 et
1441 2657 1740 2721 hominem,
1788 2667 1840 2712 et
1869 2658 2153 2725 Dciparam

577 2745 877 2817 Virgtnem,
939 2747 1288 2802 nihilominus
1354 2749 1571 2803 etiamsi
1621 2750 1784 2802 addat
1879 2749 2152 2814 indivisos,

577 2846 636 2894 ul.
669 2840 934 2894 conﬁtens
961 2857 1026 2894 ex
1081 2841 1242 2895 dictis
1311 2840 1562 2896 unionem
1633 2841 2050 2911 hypostaticatn,
2079 2843 2154 2895 si-

578 2930 691 2984 mul
737 2941 792 2984 et
823 2934 923 2985 hoc
949 2933 1238 2987 indivisutn
1272 2949 1398 2987 vere
1439 2933 1676 2986 adducit.
1709 2932 1809 2999 Qui
1855 2933 1996 2986 idem
2029 2942 2156 2986 tuta:

572 3030 628 3076 et
656 3022 851 3076 divina:
901 3026 1184 3079 adamator
1233 3023 1498 3078 doctrinae
1551 3025 1743 3078 iterum
1794 3024 1861 3078 ad
1891 3023 2150 3078 Acacium

572 3115 867 3170 scribens:
916 3114 1084 3182 Licet,
1132 3117 1327 3187 inquit,
1399 3118 1532 3170 duas
1562 3131 1781 3171 naturas
1813 3117 2011 3180 dicere,
2062 3134 2155 3170 nec

2269 2020 2420 2074 Θεὸν
2454 2019 2550 2073 καὶ
2581 2020 2649 2073 ἐκ
2693 2017 2979 2089 γυναικὸς
3015 2021 3164 2073 κατὰ
3191 2017 3388 2084 σάρκα
3422 2016 3503 2082 ὡς
3525 2015 3820 2080 ἄνθρωπον,

2266 2113 2366 2168 καὶ
2402 2112 2483 2177 ὡς
2525 2113 2636 2164 οὐκ
2693 2111 2768 2165 ἂν
2794 2109 2991 2164 νοοῖτο
3031 2111 3347 2178 όμοούσιος
3381 2106 3523 2176 ἡμῖν
3555 2105 3694 2158 κατὰ
3732 2102 3820 2168 τὴν

2273 2205 2701 2274 ἀνθρωπότητιι
2746 2203 2886 2257 οὐδὲ
2921 2202 3000 2268 τῷ
3046 2201 3222 2268 Harp!
3256 2200 3406 2253 κατὰ
3440 2197 3557 2266 τὴν
3582 2196 3819 2260 θεότητα,

2264 2299 2316 2351 ει
2345 2296 2430 2365 μὴ
2454 2295 2650 2350 νοοῖτο
2683 2297 2826 2362 Θεός
2851 2312 2914 2348 τε
2945 2293 3093 2363 ὁμοῦ
3127 2293 3221 2346 καὶ
3245 2291 3560 2359 ἄνθρωπος
3579 2291 3609 2342 ό
3637 2285 3809 2351 αὐτὸς,

2264 2386 2296 2440 ὃ
2329 2387 2651 2454 Νεστίῖριος
2699 2388 2811 2439 οὐκ
2866 2387 3159 2454 ἀνείχετο.
3215 2383 3368 2437 Οὕτω
3423 2382 3486 2434 οὑ
3541 2381 3692 2450 μόνον
3741 2375 3815 2429 δύο

2264 2477 2527 2546 λέγοντας
2583 2477 2774 2546 φύσεις
2827 2478 2950 2540 τοὺς
2997 2475 3351 2535 ἁνατολικοὺς
3412 2470 3817 2533 κατασπάζεται,

2263 2569 2402 2624 ἀλλὰ
2456 2569 2558 2623 κᾶν
2605 2571 2886 2642 κατηγορῇ
2944 2586 3051 2631 τις,
3101 2568 3420 2638 ὺπέρμαχος
3481 2565 3699 2634 γίνεται,
3745 2562 3820 2614 καὶ

2265 2663 2346 2730 (τὸ
2382 2661 2714 2731 παράδοξον)
2763 2662 2867 2716 κᾶν
2892 2661 2965 2733 μὴ
2997 2662 3272 2731 προσυῶσι
3301 2659 3360 2711 τὸ
3392 2656 3739 2725 data/pham.
3772 2653 3818 2706 οὗ

2260 2753 2407 2822 λέγει
2440 2753 2670 2822 διαιρεῖν
2725 2753 2925 2816 αὐτοὺς
2971 2753 3070 2814 τὰς
3131 2751 3340 2821 φύσεις.
3399 2744 3523 2801 Οἵδε
3572 2749 3673 2817 γὰρ
3699 2747 3762 2808 ὡς
3784 2744 3819 2775 ⁸⁸

2261 2844 2358 2895 ἕνα
2382 2843 2638 2911 Χριστόν,
2683 2840 2741 2894 ἓν
2771 2842 3085 2911 πρόςωπον,
3119 2842 3247 2911 μίαν
3273 2841 3570 2893 ὑπόστασιν
3597 2838 3624 2888 ὁ
3656 2837 3816 2904 λέγων,

2259 2934 2353 2986 τόν
2400 2932 2562 2986 αὐτὸν
2607 2933 2736 2985 Θεὸν
2790 2932 2883 2984 καὶ
2936 2930 3245 3000 ἄνθρωπον,
3292 2930 3386 2982 καὶ
3439 2930 3690 2981 Θεοτόκον
3739 2923 3818 2991 τὴν

2258 3025 2554 3095 Παρθένον,
2587 3024 2738 3077 οὐδὲν
2773 3020 2962 3096 ἦττον,
2999 3023 3100 3076 κᾶν
3138 3023 3212 3094 μὴ
3245 3021 3456 3094 προσθῇ
3488 3022 3549 3074 τὸ
3593 3016 3815 3084 (iampe-

2256 3135 2421 3183 τους,
2475 3118 2550 3180 ὡς
2605 3117 2882 3186 ὁμολογῶν
2932 3118 2994 3168 ἐκ
3045 3116 3154 3168 τῶν
3209 3116 3519 3186 ειρημένων
3573 3113 3666 3183 τὴν
3719 3109 3817 3163 καθ’

573 3206 882 3259 divisionem
922 3219 1233 3261 naturarum
1283 3208 1391 3260 ullo
1452 3210 1605 3261 modo
1676 3209 1983 3278 intelligere,
2032 3224 2149 3261 cum

2268 3210 2558 3262 Βπόστασιν
2581 3208 2799 3273 ἕνωσιν,
2829 3209 3142 3277 συνεισάγει
3171 3208 3262 3261 καὶ
3290 3207 3351 3259 τὸ
3377 3206 3593 3276 ἀληθῶς
3615 3202 3818 3270 ἀδιαίρε-

567 3300 688 3368 quis
724 3296 978 3367 adjungat
1033 3300 1302 3364 praedictis
1350 3300 1594 3353 unionem
1626 3301 2029 3369 hypostaticam.
2088 3299 2155 3353 Et

571 3389 638 3441 ad
692 3389 969 3458 Eulogium
1035 3391 1301 3456 scribens,
1347 3393 1770 3445 consentientem
1824 3393 2158 3446 existimavit

2260 3319 2373 3355 τον.
2417 3301 2474 3353 ὐ
2512 3300 2676 3363 αὐτὸς
2719 3299 2774 3352 δὲ
2815 3304 2916 3370 τῆς
2955 3299 3228 3366 ἀσφαλοῦς
3259 3301 3352 3352 καὶ
3388 3299 3541 3361 Θείας
3569 3292 3815 3364 sipisim”

2259 3393 2427 3455 ὅντως
2444 3393 2678 3463 ἐραστὴς
2708 3392 2869 3446 πάλιν
2891 3394 3024 3461 πρὸς
3043 3393 3295 3446 Ἀκάκιον
3316 3393 3566 3464 γράφων,
3587 3393 3814 3447 Ἕνεστι,

568 3496 780 3544 secum,
844 3496 1002 3533 unam
1036 3478 1200 3534 Verbi
1246 3493 1492 3534 naturam
1545 3483 1879 3536 incantatam
1941 3484 2161 3537 creden-

2268 3486 2418 3554 φησὶ.
2444 3486 2540 3538 καὶ
2567 3484 2676 3538 δύο
2716 3486 2935 3554 φύσεις
2983 3485 3174 3539 εἰπεῖν
3197 3487 3262 3553 ⁸⁸,
3311 3485 3407 3538 καὶ
3442 3484 3529 3553 μὴ
3559 3483 3816 3548 διαίρεσιν

572 3575 708 3635 |ent,
767 3586 889 3624 cum
941 3571 1073 3623 duas
1121 3581 1344 3625 naturas
1395 3572 1653 3626 iudivisas
1714 3574 1766 3626 in
1811 3575 2013 3628 unione
2062 3576 2160 3644 hy-

2268 3576 2381 3630 τὼν
2417 3577 2668 3646 φύσεων
2717 3577 2954 3630 ἐννοεῖν
2985 3595 3130 3642 πως.
3173 3576 3420 3629 ἐπειδάν
3461 3594 3552 3640 τις
3581 3572 3814 3638 συνάψει

577 3663 844 3730 postatica
903 3663 1253 3716 conﬁtentur.

2268 3669 2390 3734 τοῖς
2438 3669 2772 3739 εἰρημένοις
2834 3669 2950 3736 τὴν
3029 3671 3158 3723 κτιθῖ
3218 3672 3561 3723 ὑπόστασιν
3609 3670 3810 3722 ἕνωσιν.

564 3753 681 3809 Καὶ
729 3754 838 3824 μὴν
887 3753 1221 3808 ἐπιστέλλων
1272 3757 1368 3809 καὶ
1411 3755 1546 3826 πρὸς
1591 3757 1850 3825 Εὑλόγιον
1917 3759 2168 3830 ὁμόδοξον
2225 3764 2440 3831 ἡγεῖται
2489 3761 2580 3814 τὸν
2633 3763 2764 3830 μίαν
2831 3762 2994 3831 (εἰσιν
3067 3761 3293 3830 λέγοντα
3361 3761 3458 3814 τοῦ
3518 3763 3685 3828 Λόγιυ
3743 3775 3810 3809 σε·

568 3846 929 3919 σαρκωμὲνην
971 3848 1050 3918 τῷ
1078 3849 1172 3903 δύο
1219 3850 1409 3920 φύσεις
1445 3853 1784 3924 ἁδιαιρέτους
1825 3857 1883 3908 ὲν
1922 3858 1987 3926 τῇ
2026 3856 2148 3908 καθ’
2172 3857 2468 3911 ὑπόστασιν
2501 3857 2692 3910 ὲνώσει
2726 3875 2822 3910 συν
2839 3856 3208 3923 ομολογοῦντι.

639 3942 1058 4010 Reprehenduut
1087 3946 1302 4014 quidam
1329 3951 1720 4016 expositionem
1751 3967 1908 4021 quam
1943 3952 2152 4005 faciunt

561 4031 888 4097 Orientales,
925 4048 978 4088 et
1006 4036 1156 4089 aiunt
1206 4054 1220 4091 :
1251 4037 1428 4102 Quare
1461 4042 1599 4108 ipsos
1623 4039 1756 4094 duas
1787 4054 2005 4097 naturas
2022 4061 2148 4097 con-

563 4122 803 4192 ﬁtentes,
876 4125 1019 4191 tulit,
1095 4137 1143 4181 et
1191 4130 1385 4190 ιιι-οιεαί
1446 4131 1679 4185 laudavit
1767 4133 2152 4191 Alexandriae?

564 4213 867 4270 Nestoriaui
925 4229 1174 4273 asserunt
1211 4220 1358 4274 illmn
1412 4238 1627 4292 quoque
1663 4224 1742 4278 sic
1782 4226 2022 4289 sentire,
2057 4242 2153 4282 eos

563 4305 928 4374 involventes,
961 4311 1052 4380 qui
1087 4313 1220 4366 nihil
1270 4325 1521 4369 accurate
1553 4316 1750 4370 sciant.
1787 4315 2015 4386 Oportet
2059 4335 2153 4371 au-

564 4407 671 4453 tem
709 4401 1226 4468 reprehendentibus
1278 4407 1392 4460 haec
1440 4410 1783 4476 respondere,
1817 4426 1923 4464 non
1969 4412 2149 4466 omnia

561 4502 684 4556 quae
732 4500 979 4543 astruunt
1012 4494 1250 4558 sectarii,
1281 4495 1436 4548 vitari
1476 4505 1531 4548 et
1563 4498 1879 4564 reprehendi
1907 4499 2103 4554 debere
2134 4517 2147 4552 :

565 4595 735 4647 quare
761 4580 1064 4637 Orientales
1103 4586 1236 4638 duas
1272 4595 1492 4639 naturas
1523 4587 1843 4644 conﬁtentes
1880 4591 2148 4651 admittit;

2340 3953 2834 4022 Ἐπιλαμϐἁνονταί
2857 3969 2999 4015 τινες
3018 3951 3118 4018 τῆς
3136 3951 3406 4014 ἐκθέσεως
3432 3950 3500 4022 ἦς
3518 3951 3806 4017 πεποέηντίι

2255 4046 2304 4098 οἱ
2337 4045 2667 4108 ἁνατολικοὶ,
2702 4045 2796 4097 καί
2829 4061 2982 4111 φασι·
3018 4046 3120 4096 Διά
3163 4045 3219 4096 τί
3259 4045 3367 4098 δύο
3393 4047 3607 4113 φύσεις
3633 4047 3811 4111 ὄνομα·

2257 4137 2476 4198 ζόντων
2521 4137 2721 4191 αὐτῶν
2781 4137 3077 4204 ἠνέσχετο
3136 4137 3233 4189 καὶ
3284 4137 3586 4206 ἐπῄνεσεν
3639 4139 3670 4188 ὀ
3719 4131 3809 4197 τῆς

2273 4228 2770 4296 Ἀ.ιεεανδρείας;
2830 4230 2895 4281 Οἱ
2947 4229 3004 4280 δὲ
3066 4227 3135 4280 τὰ
3167 4229 3465 4298 Νεστορὲου
3526 4225 3808 4297 φρονοῦντες

2259 4319 2479 4387 λέγουσι
2511 4321 2763 4373 κάκεῖνον
2793 4320 2934 4373 οὕτω
2966 4323 3179 4391 φρονεῖν
3203 4361 3216 4382 ,
3251 4321 3682 4390 συναρπάζοντες
3705 4318 3806 4376 τοὺς

2261 4409 2361 4461 οὐκ
2405 4410 2612 4475 εἰδότας
2660 4411 2719 4462 τὺ
2759 4412 3008 4480 ἀκριϐές.
3046 4414 3164 4482 Χρὴ
3211 4412 3266 4465 δὲ
3311 4415 3421 4476 τοῖς
3472 4411 3804 4483 μεμφομένοις

2260 4503 2444 4556 ἐκεῖνα
2475 4503 2655 4570 λέγειν
2691 4504 2772 4556 ὅτι
2804 4504 2864 4556 οὐ
2895 4505 3090 4569 πάντα,
3140 4507 3240 4558 ὅσα
3273 4505 3522 4574 λέγουσιν
3550 4507 3596 4557 οἱ
3627 4505 3800 4572 αἱρετισ

2258 4593 2365 4658 κοὶ,
2401 4593 2627 4662 φεύγειν
2659 4595 2755 4646 καὶ
2779 4595 3163 4664 παραιτεῖσθαι
3193 4597 3332 4666 χρή·
3361 4595 3502 4648 ὥστε
3536 4595 3625 4648 δύο
3642 4595 3800 4660 φύσεις

560 4672 647 4740 pie
679 4675 821 4726 enim
856 4673 930 4726 illi
965 4677 1247 4746 asseruntj;
1281 4676 1590 4732 Nestorium
1625 4681 1864 4744 danmat,
1893 4696 1996 4735 non
2027 4682 2150 4749 quia

2268 4683 2514 4751 λέγοντας
2543 4686 2668 4746 τοὺς
2702 4686 2798 4754 μὲν
2832 4685 3183 4749 ἁνατολικοὺς
3218 4687 3546 4756 ἀποδέχεται
3575 4681 3797 4755 (εὐσεϐῶς

560 4762 694 4816 duas
725 4771 946 4818 naturas
982 4765 1137 4828 dixit,
1169 4769 1264 4822 sed
1297 4770 1452 4838 quia,
1476 4770 1607 4824 duas
1635 4785 1886 4826 asserens
1915 4783 2156 4838 naturas,

557 4852 813 4907 unionem
877 4856 1264 4922 ltyposmticam
1307 4877 1410 4913 nou
1442 4862 1672 4930 recipit:
1708 4863 2155 4930 quemadmodum

559 4957 673 4995 tum
729 4961 888 4998 unam
937 4946 1096 5003 Verbi
1157 4961 1404 5003 naturam
1446 4966 1564 5007 esse
1620 4952 1979 5008 iucarnatam.
2035 4953 2157 5008 Mox

546 5025 701 5087 enim
721 5032 900 5084 subdit
931 5050 944 5084 :
989 5033 1219 5088 Tametsi
1269 5037 1404 5091 duas
1444 5049 1665 5091 naturas
1692 5039 1970 5095 Nestorius
1986 5043 2155 5104 dicat,

555 5120 909 5186 differentiam
929 5129 1104 5180 carnis
1118 5140 1166 5182 et
1188 5129 1280 5182 Dei
1307 5130 1458 5184 Verbi
1475 5133 1797 5200 signiﬁcans,
1818 5133 1908 5186 sed
1923 5137 2154 5188 nondum

2261 4775 2367 4846 γὰρ
2399 4770 2544 4829 οὗτοί
2580 4784 2756 4846 φασι),
2786 4777 3083 4847 Νεστόριον
3131 4778 3186 4830 δὲ
3234 4779 3575 4850 κατακρίνει.
3618 4778 3702 4845 οὐχ
3730 4775 3795 4827 ὅτι

2259 4866 2352 4919 δύο
2392 4867 2583 4933 φύσεις
2628 4867 2833 4935 ἔλεγεν,
2878 4868 2994 4922 ἀλλ’
3025 4870 3107 4922 ὄτι
3151 4869 3244 4922 δύο
3291 4871 3482 4938 φύσεις
3531 4871 3690 4938 λέγων
3717 4868 3796 4933 τὴν

2260 4959 2386 5013 καθ’
2415 4961 2715 5012 ὑπόστασιν
2749 4959 2941 5013 ἕνωσιν
2979 4963 3042 5013 οὐ
3075 4963 3349 5031 προσίετο,
3391 4961 3579 5030 ὥσπερ
3617 4954 3794 5012 οὐδὲτὸ

2263 5050 2391 5119 μίαν
2448 5050 2608 5118 φύσιν
2645 5051 2738 5102 τοῦ
2781 5052 2954 5116 Λόγου
3017 5054 3461 5121 σεσαρκωμένην.
3511 5051 3639 5104 Μετ’
3666 5047 3791 5112 ὀλίγα

2257 5144 2366 5212 γὰρ
2392 5144 2663 5210 ἐπιφέρει,
2703 5142 2776 5204 ὡς
2810 5143 2934 5195 Κᾶν
2960 5141 3069 5195 δύο
3100 5143 3248 5211 λέγῃ
3286 5146 3499 5212 φύσεις
3527 5146 3569 5175 ⁸⁸
3606 5140 3790 5196 Νεστό-

557 5213 806 5266 unionem
824 5215 1219 5285 Itypostaticam
1248 5224 1518 5276 nobiscum
1539 5225 1838 5290 confitetur.
1870 5225 1981 5279 Nos
2017 5229 2153 5280 enim

2268 5251 2402 5299 aioc.
2435 5236 2548 5299 τὴν
2572 5234 2864 5302 διαφορὰν
2879 5236 3192 5303 σημαίνων
3216 5236 3326 5304 τῆς
3353 5237 3575 5304 σαρκὸς
3595 5235 3681 5287 καὶ
3704 5228 3788 5283 τοῦ

555 5305 669 5357 liceo
701 5307 1102 5375 conjungentes,
1139 5327 1304 5364 unum
1359 5312 1654 5380 Christum,
1705 5332 1866 5369 unum
1918 5315 2152 5382 Filium,

2257 5322 2406 5375 Θεοῦ
2455 5325 2672 5390 Λόγου,
2715 5321 2853 5375 ἀλλ’
2883 5323 3080 5377 οὐκέτι
3114 5324 3230 5391 τὴν
3283 5326 3501 5378 ἕνωσιν
3550 5317 3790 5393 ὁμολογεῖ

554 5409 718 5448 unum
764 5397 1048 5452 Dominum
1082 5403 1412 5469 conﬁtentur.
1443 5406 1554 5461 Hoc
1590 5409 1890 5463 communis
1919 5409 2084 5478 ipsius
2100 5419 2156 5464 et

2268 5411 2376 5463 180'
2415 5409 2615 5478 ήμῶν·
2663 5410 2833 5478 ἡμεῖς
2851 5409 2957 5480 γὰρ
2985 5411 3322 5480 ἑνώσαντες
3351 5414 3516 5477 αὐτὰ,
3547 5414 3647 5465 ἕνα
3684 5411 3786 5475 Χρι-

547 5483 908 5547 Orientalium
925 5493 1213 5549 confessio.
1239 5496 1439 5553 Deinde
1460 5515 1668 5555 rursuut
1683 5501 1900 5557 adducit
1933 5520 1948 5556 :
1971 5500 2145 5556 Unam

565 5575 720 5637 Verbi
743 5596 990 5640 naturam
1027 5589 1369 5646 incarnatam
1401 5595 1716 5663 conﬁtentur
1734 5611 1756 5662 ;
1789 5595 1940 5665 quasi
1998 5596 2144 5650 dice-

2251 5501 2437 5565 στὸν,
2496 5499 2604 5553 ἕνα
2658 5501 2812 5565 Υὶὸν,
2865 5501 2975 5554 ἕνα
3022 5503 3243 5570 Κύριον
3294 5503 3700 5575 ὁμολογοῦμεν.
3733 5500 3783 5550 Ὂ

2250 5594 2427 5646 κοινόν
2461 5594 2608 5645 ἐστιν
2645 5592 2964 5664 ὁμολόγημα
2997 5595 3160 5648 αὐτοῦ
3207 5613 3269 5649 τε
3313 5597 3404 5650 καὶ
3440 5595 3544 5650 τῶν
3574 5589 3782 5648 ἀνατολι-

1864 5706 2103 5763 VARlAS
2139 5705 2523 5762 LECTIONES

621 5787 676 5878 ,o:
702 5793 783 5878 ei;
813 5797 906 5853 δύο
940 5802 1065 5859 add-
1088 5802 1153 5858 Α·
1229 5805 1276 5841 ⁸³
1301 5805 1377 5869 ὡς
1403 5806 1445 5860 Δ
1469 5807 1602 5868 τός.
1678 5807 1725 5841 ⁸⁸
1749 5807 1971 5878 εἰρήνης
1999 5807 2123 5861 add.
2167 5807 2208 5859 A
2243 5811 2293 5858 ct
2320 5817 2426 5873 mg.
2459 5801 2522 5857 C.

548 5854 681 5930 λέγῃ
709 5877 768 5926 ς.

2601 5804 2645 5836 ⁸⁵
2676 5801 2849 5856 εἰπεῖν
2873 5803 2966 5858 καὶ
2986 5803 3080 5860 δύο
3095 5804 3284 5874 ςύπεις
3302 5806 3502 5882 φησίς.
3561 5797 3779 5873 ’σφύσεις
