3994 6482
273 496 412 561 1037

1405 510 1930 572 BIBLIOTHECA.
1969 536 2036 551 —
2071 512 2236 574 COD.
2288 512 2555 573 CCXXX.

3406 500 3541 575 1038

266 615 405 672 κῶν.
460 610 593 669 Εἶτα
639 617 734 671 καὶ
780 616 941 672 πάλιν
980 620 1193 689 ὲπάγει³
1225 624 1385 678 Μίαν
1412 625 1527 694 τὴν
1572 627 1677 680 τοῦ
1715 626 1845 680 ΥΙοῑ

1959 637 2037 681 ret
2075 646 2089 682 :
2146 626 2255 682 Nos
2292 625 2649 681 differentiam
2680 624 2985 678 coeuntium
3012 611 3351 693 t’oniitentes,
3402 630 3538 685 duas

266 708 463 774 φύσιν
502 708 911 778 ὁμολογοῦμεν
940 713 1433 782 σεσαρκωμένην,
1466 717 1597 770 ὡσεὶ
1634 716 1842 787 ἔλεγεν,

278 793 477 865 Ἡμεῖς
505 796 605 869 τὴν
640 798 901 871 διαφορὰν
930 802 1038 854 τῶν
1068 803 1429 859 συνελθόντων
1457 808 1847 878 ὁμολογοῦντες

264 886 366 941 δύο
425 889 526 959 μὲν
574 888 804 961 λέγομεν
852 892 1067 963 φύσεις,
1120 894 1247 966 [844
1286 897 1375 970 IL]
1429 898 1566 952 ἀλλὰ
1617 900 1710 953 καὶ
1746 903 1846 971 τὴν

263 975 469 1031 ἕνωσιν
521 978 938 1050 ἐξακριϐοῦντες
997 984 1341 1057 συνάπτομεν
1393 987 1550 1052 αὖθις
1599 990 1661 1043 τὸ
1716 991 1845 1059 μίαν

264 1069 437 1137 φύσιν
461 1069 555 1123 τοῦ
586 1072 761 1139 Λόγου
798 1077 1223 1147 σεσαρκωμένην
1245 1096 1259 1109 ο
1290 1079 1356 1132 τὸ
1386 1081 1484 1150 μὲν
1517 1082 1626 1152 γάρ
1653 1083 1769 1135 ἐστι
1795 1083 1841 1115 ⁸⁷

260 1159 371 1228 τῆς
397 1159 508 1212 τῶν
535 1161 844 1216 ἑνωθέντων
874 1163 1157 1235 διαφορᾶς,
1192 1169 1253 1221 τὸ
1289 1170 1344 1222 δὲ
1381 1170 1550 1239 αὐτῆς
1594 1171 1693 1241 τῆς
1720 1173 1841 1226 καθ’

262 1252 569 1306 ὑπόστασιν
616 1254 863 1319 ὲνώπεως
891 1256 939 1288 ⁸⁸
985 1258 1303 1328 δηλωτικόν.
1371 1260 1461 1325 Ἐξ
1510 1255 1586 1316 ὧν
1624 1263 1682 1316 δὲ
1712 1262 1845 1332 περὶ

263 1344 568 1417 Νεστορίου
592 1347 717 1419 ἔφη,
764 1350 924 1420 μόνον
949 1352 1068 1423 οὐχὶ
1093 1352 1250 1407 τοῦτο
1287 1353 1405 1426 βοᾷ,
1443 1356 1519 1419 ὡς
1547 1356 1615 1410 El
1652 1372 1717 1425 γε
1744 1356 1843 1427 τὴν

260 1434 463 1490 ἕνωσιν
494 1438 614 1507 μεθ’
644 1441 801 1511 ἡμῶν
834 1443 929 1495 καὶ
953 1443 1245 1517 Νεστόριος
1280 1444 1419 1516 ᾔδει,
1452 1446 1549 1500 ἕνα
1583 1446 1840 1519 Χριστὸν,

261 1527 367 1580 ἕνα
416 1530 563 1595 Υἱδν,
614 1530 713 1587 ἕνα
762 1533 967 1605 Κύριον
990 1535 1038 1568 θ’
1074 1536 1386 1607 ὁμολογῶν,
1424 1538 1721 1609 ἐδεξάμεθα
1776 1538 1843 1593 ἂν

259 1619 433 1673 αὑτὸν
455 1623 658 1677 καὶδύο
685 1624 911 1694 λέγοντα
937 1630 1146 1696 φύσεις,
1171 1630 1328 1699 εἴπερ
1356 1629 1443 1683 διὰ
1468 1630 1568 1699 τῆς
1588 1630 1844 1701 τοιαύτης

260 1715 455 1784 φωνῆς
480 1714 580 1786 τὴν
618 1715 881 1789 διαφορὰν
924 1719 1027 1788 τῆς
1056 1721 1257 1792 σαρκὸς
1303 1722 1398 1774 καὶ
1439 1721 1533 1776 τοῦ
1569 1722 1704 1776 9εοῦ
1736 1724 1843 1777 Λό-

260 1820 369 1872 γου
402 1806 595 1878 δηλοῦν
631 1809 903 1878 ἐϐούλετο,
938 1812 1077 1865 ἀλλὰ
1129 1813 1204 1884 μὴ
1236 1814 1470 1886 διασπᾷν
1515 1816 1615 1883 τὴν
1648 1815 1843 1871 ἕνωσιν

259 1897 608 1969 ὲτεχνάζετο.
647 1903 707 1956 Ei
754 1904 810 1958 δὲ
839 1904 901 1958 τὸ
942 1905 1036 1960 δύο
1067 1906 1258 1975 φύσεις
1315 1907 1515 1977 λέγειν,
1559 1909 1636 1972 ὡς
1682 1908 1844 1971 αὐτὸς

1948 720 2162 789 quidem
2190 720 2483 774 asserimus
2512 728 2755 783 naturas,
2791 716 2883 771 sed
2921 726 2976 772 et
3013 718 3266 774 unionem
3321 722 3535 774 traden-

1950 818 2061 872 tes,
2098 807 2298 877 271a
2325 807 2427 861 hoc
2459 806 2641 862 statim
2669 805 3206 875 adjungimus,unam
3234 807 3393 862 Verbi
3414 823 3536 861 esse

1948 906 2193 949 naturam
2213 898 2544 951 incarnatam
2565 913 2578 948 :
2606 895 2706 949 hoc
2721 893 2981 961 siquidem
3002 894 3069 949 de
3097 895 3369 949 unitorum
3390 893 3537 949 αἰσυ-

1946 990 2147 1053 rentia,
2182 989 2312 1043 illud
2342 1002 2470 1043 vero
2487 987 2879 1058 bypostaticam
2908 986 3156 1039 unionem
3173 987 3382 1040 ostendi
3400 986 3535 1040 LE1:

1944 1081 2137 1152 quibus
2157 1082 2222 1137 de
2242 1080 2489 1137 Nestorio
2508 1080 2657 1147 dicit,
2682 1088 2885 1133 tantum
2906 1084 3009 1133 n‘fm
3032 1078 3227 1134 clamat
3248 1096 3261 1133 :
3285 1076 3352 1133 Ut
3376 1077 3420 1131 si
3439 1090 3537 1131 no-

1942 1175 2157 1231 biscum
2190 1177 2439 1232 unionem
2472 1173 2752 1231 Nestorius
2776 1172 2991 1235 asserit,
3027 1188 3192 1227 unum
3233 1171 3532 1241 Christum,

1943 1285 2107 1325 unum
2124 1270 2429 1334 Dominum,
2448 1282 2611 1323 unum
2642 1265 2834 1321 Filium
2848 1263 3444 1332 confitens,recepimus
3473 1261 3539 1318 il"

1943 1370 2052 1425 tum
2103 1362 2238 1417 duas
2266 1362 2531 1416 dicentem
2579 1367 2800 1413 naturas
2830 1377 2844 1412 :
2878 1357 3154 1426 siquidem,
3176 1357 3363 1411 eadem
3408 1368 3540 1409 voce

1944 1453 2297 1509 diﬂerentiam
2335 1456 2516 1508 carnis
2544 1466 2610 1507 ac
2640 1452 2735 1506 Dei
2769 1450 2927 1506 Verbi
2967 1460 3193 1505 conatur
3228 1450 3536 1513 ostendere,

1945 1544 2037 1599 sed
2064 1559 2134 1599 ne
2171 1544 2461 1610 decerpere
2487 1540 2763 1597 veritatem
2790 1548 3016 1595 conatus
3038 1539 3127 1593 sit.
3154 1537 3210 1592 Si
3248 1551 3374 1591 vero
3403 1537 3538 1590 duas

1942 1645 2163 1691 naturas
2192 1635 2393 1695 dicere.
2442 1645 2499 1690 ut
2523 1637 2634 1706 ipse
2664 1635 2820 1699 dixit,
2879 1630 3236 1688 differentiam
3269 1629 3542 1700 signiﬁcat

1943 1730 2124 1784 carnis
2158 1737 2211 1784 et
2252 1729 2346 1783 Dei
2392 1726 2579 1795 Vcrbi,
2608 1736 2664 1783 et
2695 1728 2835 1782 hanc
2868 1740 3087 1782 servare
3113 1732 3327 1793 oportet
3371 1719 3535 1793 [post]

1944 1820 2194 1876 unionem
2229 1839 2241 1875 :
2268 1822 2519 1876 nimirum
2543 1818 2680 1877 duas'
2699 1828 2920 1874 naturas
2943 1818 3099 1873 docet
3136 1825 3258 1886 post
3282 1816 3538 1868 unionem

1945 1927 2182 1969 servare.
2214 1912 2520 1969 Dill‘erentia
2582 1913 2786 1969 scilicet
2836 1920 3069 1975 servata,
3104 1923 3327 1964 necesse
3360 1918 3443 1962 est
3472 1922 3539 1962 ea

254 1985 413 2078 εἷπε,
459 1991 558 2063 τὴν
587 1993 859 2078 διαφορὰνι
905 2000 1162 2069 σημαίνει
1209 2002 1308 2072 τῆς
1347 2004 1547 2071 σαρκὸς
1597 2004 1693 2058 καὶ
1743 2002 1838 2058 τοῦ

1953 2005 2150 2071 servari
2182 2007 2249 2060 de
2279 2006 2472 2074 quibus
2498 2005 2821 2061 differentia.
2854 2002 3232 2059 EtOrientales
3251 2016 3433 2057 secum
3464 1999 3541 2054 ait

252 2077 405 2133 Θεοῦ
431 2081 557 2153 [444
592 2084 682 2155 Η.]
724 2077 915 2156 Λόγου,
948 2090 1045 2144 καὶ
1076 2091 1282 2163 ταύτην
1300 2093 1380 2147 δεῖ
1411 2094 1680 2161 σώζεσθαι
1705 2096 1845 2167 μετὰ

255 2177 366 2249 τὴν
391 2178 603 2242 ἕνωσιν,
653 2180 811 2251 δῆλον
845 2184 928 2237 ὅτι
958 2185 1052 2239 καὶ
1080 2187 1180 2251 τὰς
1215 2186 1309 2241 δύο
1360 2189 1600 2245 διδάσκει
1650 2190 1845 2260 φύσεις

262 2268 414 2337 μετὰ
446 2272 544 2341 τὴν
584 2273 777 2327 ἕνωσιν
812 2275 1080 2341 σώζεσθαι
1104 2293 1119 2309 ο
1149 2279 1251 2349 τῆς
1292 2279 1401 2351 γὰρ
1438 2281 1703 2356 διαφορᾶς
1733 2300 1839 2337 σω-

257 2359 520 2433 ζομένης,
574 2366 798 2437 ἀνάγκη*
839 2369 934 2423 καὶ
981 2370 1049 2424 τὰ
1095 2362 1171 2425 ὧν
1206 2373 1240 2441 ἡ
1281 2372 1513 2445 διαφορὰ
1542 2375 1838 2430 συνδιασὼ-

256 2449 475 2514 ζεσθαι.
508 2458 617 2510 Καὶ
646 2460 772 2521 τοὺς
817 2460 1172 2526 ἀνατολικοὺς
1210 2463 1256 2516 δ’
1287 2464 1457 2518 εἰπὼν
1500 2470 1835 2538 συμφρονεῖν

1951 2098 2280 2161 consentire,
2310 2105 2366 2153 et
2391 2112 2728 2168 nequaquam
2745 2111 2904 2151 unam
2925 2094 3080 2151 Verbi
3097 2104 3343 2149 naturam
3365 2095 3541 2147 incar-

1949 2200 2131 2246 natam
2159 2201 2484 2253 asserentes,
2503 2192 2595 2245 sed
2629 2192 2760 2245 duas
2799 2190 3016 2260 quidem
3044 2196 3349 2245 asserentes
3383 2196 3541 2239 natu-

1948 2298 2037 2338 ras
2051 2283 2385 2355 hypostatica
2403 2282 2600 2337 unione
2615 2280 2816 2346 unitas,
2836 2279 3357 2335 indiiTerentesvoces
3395 2274 3543 2330 clare

1947 2377 2266 2432 ostenditur.
2287 2377 2467 2444 Quare
2482 2375 2739 2448 synodus,
2766 2375 2867 2429 etsi
2882 2390 2987 2431 non
3006 2374 3205 2443 lingua,
3230 2380 3407 2426 tamen
3425 2382 3543 2423 seno

1945 2469 2109 2525 lentia
2122 2485 2282 2524 unam
2297 2468 2604 2525 novithrbi
2622 2479 2867 2524 naturam
2882 2469 3211 2523 incarnatam
3223 2464 3543 2536 prmdicare.

255 2544 437 2649 ξ’ξτῷ»
480 2549 655 2649 κτξίτοι
697 2548 974 2649 ,μηδαξοῦ
1025 2551 1322 2649 ’φαμέχουξ
1381 2555 1517 2649 ,μίαν
1570 2556 1732 2649 φύσιν
1776 2556 1871 2611 τοῦ
1913 2558 2091 2629 Λόγου
2157 2561 2603 2633 σεσαρκωμένην,
2647 2560 2784 2616 ἀλλὰ
2842 2560 2934 2614 δύο
2994 2560 3092 2631 μὲν
3140 2556 3397 2626 λέγοντας
3442 2555 3543 2620 τὰς

258 2639 478 2700 φύσεις,
526 2639 813 2709 ἡνωμένος
868 2640 929 2695 δὲ
989 2644 1056 2713 τῇ
1111 2642 1234 2697 καθ’
1290 2644 1588 2700 ὑπόστασιν
1623 2645 1834 2713 ἑνώσει,
1875 2648 2199 2723 ἀδιαφόρους
2216 2653 2315 2717 τὰς
2366 2653 2550 2722 φωνὰς
2589 2653 2905 2723 περιφανῶς
2943 2651 3320 2719 ἀποφαίνεται.
3370 2650 3537 2709 ’Ὥστε

256 2729 411 2800 καὶὴ
431 2729 666 2796 σύνοδος,
688 2730 794 2786 κᾶν
822 2731 897 2804 μὴ
927 2736 997 2805 τῇ
1026 2732 1270 2808 γλώσσῃ.
1295 2736 1431 2791 ἀλλὰ
1454 2740 1521 2811 τῇ
1540 2756 1604 2809 γε
1626 2741 1674 2772 ⁹⁰
1699 2740 1913 2815 γνώμη,
1950 2743 2083 2813 μίαν
2120 2744 2282 2815 φύσιν
2323 2745 2614 2817 κηρύττειν
2642 2741 2752 2799 οἶδε
2769 2747 2862 2800 τοῦ
2886 2746 3063 2814 Λόγον
3088 2745 3538 2817 σεσαρκωμένην.

333 2923 450 2976 Οὐκ
472 2924 535 2976 ὲκ
553 2924 662 2977 τῶν
687 2923 991 2995 εἰρημένων
1009 2924 1066 2979 δὲ
1093 2926 1255 2997 μόνον
1279 2929 1460 2999 ῥᾴδιόν
1477 2931 1518 2963 ⁹¹
1550 2933 1667 2986 ἐστι
1688 2935 1847 2989 τοῦτο

256 3015 523 3087 καθορᾷν,
557 3015 695 3070 ἀλλὰ
725 3018 821 3071 καὶ
866 3019 932 3071 ὲκ
984 3018 1079 3071 τοῦ
1127 3020 1373 3073 λιϐέλλου
1419 3022 1479 3075 ὃν
1510 3023 1718 3095 ἔγραψε
1750 3027 1850 3097 μὲν

253 3106 442 3179 οἰκεία
489 3110 634 3178 χειρὶ
677 3111 709 3163 ό
760 3109 1049 3173 θεσπέσιος
1100 3112 1419 3179 Φλαὸιανὸς,
1453 3115 1747 3171 ἐπιδέδωκε
1792 3119 1851 3172 δὲ

253 3199 527 3271 Θεοδοσίῳ
568 3201 647 3271 τῷ
692 3200 933 3270 βασιλεί·
978 3206 1010 3274 ή
1063 3205 1119 3257 δὲ
1154 3204 1369 3269 σύνοδος
1399 3206 1505 3278 πρὸ
1527 3208 1636 3263 τῶν
1674 3209 1852 3264 ἄλλων

252 3289 465 3359 ταύτην
500 3292 714 3363 ἔκρινεν
741 3295 1344 3367 ἁναγνωσθῆναι.Ἔχει
1377 3299 1486 3369 γὰρ
1534 3302 1626 3354 ἐπὶ
1657 3301 1853 3366 λέξεως

2028 2935 2144 2992 Νοιι
2186 2933 2344 2989 modo
2383 2950 2413 2988 e
2443 2932 2600 2988 dictis
2638 2933 2740 2987 hoc
2770 2931 2928 2987 facile
2961 2942 3045 2985 est
3079 2931 3419 3000 perSpicere,
3448 2931 3543 2983 sed

1953 3026 2117 3080 etiam
2152 3039 2220 3079 ex
2257 3038 2323 3078 eo
2356 3021 2534 3077 libello
2565 3035 2723 3089 quem
2756 3020 2972 3089 propria
3005 3034 3161 3073 manu
3177 3029 3400 3074 sanctus
3423 3019 3546 3072 Fla-

1953 3116 2146 3171 vianus
2167 3113 2478 3183 concripsit,
2500 3110 2873 3168 etTheodosio
2891 3109 3203 3181 imperatori
3232 3108 3505 3178 inscripsit
3525 3128 3544 3167 :

1954 3207 2245 3265 concilium
2274 3220 2403 3260 vero
2447 3214 2572 3259 ante
2606 3203 2742 3258 alios
2788 3203 2929 3257 hunc
2979 3201 3080 3271 legi
3117 3200 3389 3270 praecepit.
3452 3199 3544 3255 Sic

1954 3299 2101 3354 enim
2135 3299 2209 3354 ibi
2244 3298 2310 3351 ad
2342 3295 2600 3350 verbum:
2635 3294 2841 3350 Etenim
2865 3294 3115 3348 editalms
3140 3296 3349 3347 naturis
3379 3292 3540 3351 Chri—

252 3376 364 3437 ὦδε
388 3399 403 3414 ·
434 3384 545 3438 Καὶ
590 3386 700 3456 γὰρ
732 3386 803 3440 ἐκ
852 3387 962 3442 δύο
992 3390 1235 3457 φύσεων
1262 3392 1700 3461 ὁμολογοῦντες
1738 3396 1845 3449 τὸν

1953 3401 2083 3447 stum
2113 3399 2224 3461 post
2239 3388 2651 3444 incarnationem
2677 3389 2731 3440 in
2767 3403 2871 3440 una
2908 3386 3176 3455 hypattasi
3214 3386 3544 3454 conﬁtentes.

252 3478 521 3545 Χριστὸν
557 3478 711 3548 μετὰ
744 3478 875 3547 “τὴν
923 3481 1237 3550 σάρκωσιν
1272 3483 1343 3537 ἐν
1369 3483 1478 3552 μιᾷ
1511 3486 1848 3540 ὑποστάσει

256 3571 359 3623 καὶ
399 3570 469 3624 ἐν
491 3571 581 3625 ἐνὶ
612 3574 931 3641 προσώπῳ,
960 3574 1069 3628 ἕνα
1094 3578 1372 3643 Χριστὸν,
1403 3577 1513 3632 ἕνα
1554 3580 1709 3645 Υιὸν,
1739 3578 1849 3634 ἕνα

258 3664 482 3731 Κύριον
509 3666 938 3736 ὁμολογοῦμεν.
973 3664 1116 3722 Εἶτα
1159 3668 1261 3722 καὶ
1306 3670 1455 3738 μίαν
1498 3671 1617 3739 μὲν
1658 3672 1848 3740 φύσιν

255 3752 368 3808 τοῖ’)
398 3755 545 3809 Θεοῦ
563 3756 609 3787 ⁸³
634 3757 851 3826 Λόγου,
883 3758 1359 3826 σεσαρκωμένην
1381 3758 1589 3828 μέντοι
1618 3761 1720 3813 καὶ
1752 3762 1848 3814 ἐν-

256 3845 752 3915 ωνθρωπήσασαν
776 3847 976 3918 λέγειν
1006 3851 1118 3903 οὐκ
1157 3850 1496 3917 ἀρνούμεθα
1514 3888 1529 3913 ,
1561 3850 1658 3902 διὰ
1689 3851 1752 3903 τὸ
1778 3850 1847 3913 ἐξ

256 3939 484 4010 ἀμφοῖν
504 3940 613 3994 ἕνα
641 3939 738 3995 καὶ
762 3941 869 3995 τὸν
895 3941 1085 3997 αὑτὸν
1111 3938 1264 3996 εἶναι
1296 3942 1403 3994 τὸν
1425 3942 1646 4009 Κύριον
1678 3942 1848 4012 ἡμῶν

272 4031 522 4097 Ἰησοῦν
559 4033 840 4101 Χριστόν.

332 4125 407 4178 Σὺ
442 4124 502 4177 δέ
543 4139 632 4195 μοι
678 4127 871 4180 σκόπει
918 4126 1244 4181 κὰκείνο.Ἡ
1279 4126 1495 4189 σύνοδος
1538 4126 1777 4196 συνεχῶς
1800 4126 1847 4159 ⁸³

257 4217 353 4271 τὸν
404 4219 566 4272 αὑτὸν
611 4219 760 4288 λέγει
790 4221 887 4274 καὶ
918 4220 1014 4274 ἕνα
1044 4221 1298 4291 Χριστόν.
1329 4220 1502 4274 Τοῦτο
1532 4220 1589 4273 δὲ
1616 4222 1667 4274 τί
1699 4222 1847 4273 ἐστιν

257 4311 448 4379 ἕτερον
476 4312 508 4384 ἧ
541 4313 601 4366 τὸ
627 4312 725 4384 τὴν
760 4312 882 4367 καθ’
908 4315 1204 4367 ὑπόστασιν
1229 4314 1422 4366 ἕνωσιν
1453 4313 1755 4383 ὁμολογεῖν,
1786 4314 1845 4384 ἦ,

259 4405 310 4457 εἰ
340 4403 541 4475 βούλει,
569 4404 666 4475 τὴν
703 4406 833 4476 μίαν
863 4406 1026 4474 φύσιν
1050 4405 1145 4458 τοῦ
1176 4406 1353 4473 Λόγου
1381 4405 1845 4475 σεσαρκωμένηνς

1953 3495 2001 3540 et
2019 3485 2072 3538 in
2088 3499 2193 3537 una
2219 3498 2441 3551 persona
2454 3496 2617 3535 unum
2639 3477 2926 3546 Christum,
2948 3494 3109 3532 unum
3131 3476 3355 3542 Filium,
3379 3494 3544 3531 unum

1954 3576 2239 3631 Dominum
2254 3573 2567 3641 conﬁtemur
2591 3590 2604 3627 :
2629 3571 2817 3626 deinde
2833 3579 2882 3624 et
2914 3586 3072 3624 unam
3103 3580 3350 3626 naturam
3393 3567 3545 3624 Verbi

1956 3676 2307 3736 incarnatam,
2338 3676 2385 3720 et
2414 3681 2624 3720 carnem
2655 3664 2899 3718 indutam
2937 3665 3108 3719 dicere
3141 3680 3243 3718 uon
3270 3680 3543 3733 negamus,

1952 3760 2078 3828 quia
2107 3774 2134 3813 e
2189 3757 2395 3811 duobus
2446 3772 2611 3810 unum
2647 3764 2694 3809 et
2721 3757 2959 3812 eumdem
2982 3771 3095 3810 esse
3123 3755 3407 3809 Dominum
3443 3772 3542 3808 no-

1954 3860 2122 3903 strum
2146 3848 2331 3903 Jesum
2372 3846 2663 3901 Christum.

2025 4121 2107 4173 Tu
2135 4133 2265 4173 vero
2302 4126 2359 4172 et
2393 4116 2520 4171 illud
2551 4117 2855 4172 considera.
2876 4115 3172 4173 Concilium
3203 4114 3546 4169 continenter

1956 4211 2086 4266 dicit
2125 4210 2373 4265 eumdem
2412 4218 2468 4265 et
2501 4224 2665 4264 unum
2724 4208 3020 4264 Christum.
3066 4205 3181 4261 lloc
3232 4220 3362 4259 vero
3413 4205 3544 4273 quid

1955 4304 2097 4360 aliud
2125 4314 2211 4359 est
2232 4317 2395 4373 quam
2428 4301 2681 4357 unionem
2714 4300 3105 4371 hypostaticam
3144 4298 3410 4363 confiteri,
3438 4299 3543 4362 vel,

1954 4394 1997 4449 si
2032 4395 2230 4463 placet,
2264 4408 2425 4447 unam
2470 4391 2627 4447 Verbi
2653 4400 2903 4445 naturam
2936 4388 3300 4443 incarnatam?
3326 4387 3541 4445 Etenim

1955 4487 2163 4555 absque
2193 4486 2568 4541 haereticorum
2600 4482 3029 4539 cavillationibus
3050 4520 3066 4545 ,
3108 4496 3235 4535 usus
3264 4482 3350 4534 hic
3383 4487 3543 4533 antea

1955 4580 2148 4635 allatus
2171 4578 2529 4634 differentiam
2558 4577 2798 4631 continet
2821 4576 2887 4629 ad
2919 4575 3232 4643 praedictum
3256 4587 3495 4627 sensum.

258 4496 374 4549 Καὶ
399 4495 508 4567 γὰρ
540 4496 707 4566 χωρὶς
725 4497 771 4528 ³⁸
804 4496 913 4549 τῶν
940 4496 1232 4566 αἱρετικῶν
1262 4496 1614 4565 σοφισμάτων
1640 4497 1675 4567 η
1706 4495 1845 4567 χρῆ-

260 4604 348 4651 σις
367 4588 505 4659 αὕτη
534 4589 923 4662 προφερομένη
950 4590 1012 4641 τὸ
1030 4590 1323 4660 ἀδιάφορον
1343 4586 1477 4658 ἔχει,
1501 4587 1640 4659 πρός
1663 4605 1728 4656 γε
1748 4588 1848 4659 τὴν

259 4679 667 4749 προειρημένην
704 4679 946 4732 διάνοιαν
964 4681 1031 4734 ⁸⁵.

332 4772 547 4843 Ὠσπερ
574 4772 631 4826 δὲ
658 4774 721 4826 ἐκ
752 4773 1001 4843 θεότητος
1053 4774 1146 4829 καὶ
1188 4771 1606 4842 ἁνθρωπότητος
1651 4772 1684 4841 ὴ
1720 4773 1845 4827 σύν-

2028 4758 2493 4827 Quemadmodum
2531 4766 2708 4809 autem
2742 4770 2808 4809 ex
2844 4754 3182 4810 humanitate
3214 4762 3377 4823 atque
3408 4751 3546 4806 divi-

257 4864 378 4928 οδος
423 4864 656 4933 λέγουσα
704 4866 795 4920 τὸν
845 4865 1049 4937 Κύριον
1095 4865 1253 4936 ἡμῶν
1287 4864 1493 4936 Ἰησοῦν
1524 4863 1761 4935 Χριστόν
1788 4865 1845 4917 ἐκ

1953 4853 2123 4908 nitate
2152 4852 2426 4907 Christum
2462 4850 2747 4904 Dominum
2781 4863 2849 4902 ex
2885 4848 3095 4902 duabus
3150 4846 3355 4902 naturis
3388 4845 3539 4899 simi-

258 4954 353 5010 δύο
382 4956 596 5025 φύσεων
625 4957 825 5026 ὁμοίιος
848 4936 1175 5028 ἀνευφημεῖ,
1203 4956 1347 5011 οὕτω
1390 4955 1482 5009 καὶ
1531 4956 1589 5008 ὲν
1636 4954 1845 5025 θεότητι

1956 4944 2075 4998 liter
2099 4943 2335 5014 synodus
2351 4940 2650 5010 przedicans
2670 4940 2865 4993 iterum
2894 4939 3081 4993 laudat
3116 4938 3225 4993 :sic
3254 4946 3309 4991 et
3332 4937 3383 4990 in
3403 4936 3538 4990 divi—

259 5048 355 5103 καὶ
383 5049 831 5120 ἀνθρωπότητι⁹⁰
861 5027 1093 5118 λέγουσα
1134 5052 1193 5103 ὲν
1243 5048 1367 5101 δυσὶ
1409 5045 1621 5113 δοξάζει
1656 5046 1845 5117 φύσεσι

1955 5038 2121 5091 nitate
2146 5044 2201 5091 et
2235 5033 2433 5107 271i)
2474 5031 2810 5087 humanitate
2853 5030 3038 5085 dicens
3083 5029 3136 5083 in
3177 5028 3388 5083 duabus
3416 5027 3539 5097 opi-

259 5146 355 5198 καὶ
381 5118 752 5213 συεδομολογεῖ.
783 5146 858 5199 Οὑ
889 5146 997 5214 γὰρ
1027 5147 1091 5198 ὲκ
1123 5144 1336 5201 τούτων
1366 5144 1466 5214 μέν
1497 5144 1645 5197 ἐστιν
1670 5144 1699 5195 ὁ
1721 5143 1845 5213 Χριε

1953 5138 2111 5181 natur
2136 5125 2344 5179 naturis
2377 5138 2441 5178 ac
2496 5123 2808 5177 confitetur.
2866 5118 2982 5175 Non
3035 5124 3181 5175 enim
3219 5134 3287 5173 ex
3343 5119 3428 5174 his
3457 5132 3542 5171 est

260 5236 405 5299 στδς,
435 5236 558 5305 οὐχὶ
581 5236 752 5290 ταῦτα
785 5235 871 5301 δὲ,
902 5236 1022 5288 οὑδὲ
1052 5235 1227 5288 ταῦτα
1262 5235 1381 5305 μὲν,
1410 5234 1510 5287 οὑκ
1539 5236 1597 5286 ὲν
1629 5232 1843 5295 τούτοις

1953 5218 2221 5279 Christus.
2260 5231 2436 5285 neque
2459 5216 2595 5277 luce,
2620 5228 2794 5282 neque
2814 5212 3047 5274 illa,non
3078 5208 3367 5281 inquibus,
3389 5211 3483 5266 sed
3513 5226 3548 5264 e

257 5330 335 5393 δὲ.
367 5328 483 5382 ἀλλ’
510 5329 568 5393 ἐξ
611 5321 686 5383 ὧν
731 5330 869 5391 ἐστι,
899 5328 996 5380 καὶ
1025 5329 1083 5378 ἐν
1134 5326 1345 5389 τούτοις
1389 5324 1715 5395 γνωρίζεται
1748 5328 1842 5377 καὶ

1953 5310 2142 5378 quibus
2197 5317 2302 5373 est,
2363 5317 2420 5361 et
2457 5307 2509 5361 in
2540 5306 2737 5375 quibus
2775 5304 3103 5376 agnoscitur.
3140 5303 3207 5358 Et
3267 5305 3382 5358 inec
3427 5304 3547 5361 fere

257 5419 433 5473 ταῦτά
462 5419 627 5472 ἐστιν.
654 5418 810 5470 Οὕτω
840 5418 897 5471 δὲ
927 5419 1018 5471 καὶ
1053 5416 1372 5487 Ἀμϐρόσιος
1401 5417 1429 5469 ὁ
1460 5402 1767 5485 θαυμάσιος
1786 5416 1842 5466 ἐν

1953 5414 2093 5456 sunt.
2121 5402 2212 5457 Sic
2264 5417 2478 5470 quoque
2527 5401 2719 5456 beatus
2752 5400 3071 5455 Ambrosius
3092 5399 3230 5452 libro
3264 5415 3315 5453 Iv
3344 5397 3423 5452 De
3456 5398 3543 5451 in-

257 5510 336 5581 τῷ
367 5511 495 5577 περὶ
525 5509 987 5579 ἐνανθρωπήσεως
1012 5508 1259 5579 τετάρτῳ
1288 5505 1611 5573 δογματίζει
1658 5503 1803 5572 λόγῳ
1826 5519 1839 5533 ·

1953 5498 2258 5549 car-natione
2296 5497 2454 5549 docet
2488 5516 2500 5549 :
2532 5492 2616 5547 Ibi
2669 5494 2806 5547 Deus
2853 5493 2916 5547 ab
2958 5504 3157 5548 (eterna
3201 5510 3311 5547 esse
3360 5495 3539 5546 carnis

270 5603 369 5656 Ἐν
403 5602 485 5669 τῷ
514 5602 659 5669 Θεὸς
692 5599 842 5656 εἶναι
868 5600 1103 5669 αἰώνιος
1132 5601 1204 5655 τὰ
1232 5598 1342 5667 τῆς
1364 5597 1592 5666 σαρκὸς
1611 5594 1845 5666 μυστή-

1953 5590 2201 5659 mysleria
2226 5588 2494 5658 pra'vidit,
2528 5603 2617 5640 nec
2633 5597 2930 5655 separatus,
2957 5589 3048 5641 sed
3079 5585 3541 5654 unus.Poslquam

1556 5763 1793 5819 VARIIE
1845 5755 2231 5815 LECTIONES
2255 5798 2267 5812 .

328 5881 373 5912 "
413 5883 527 5934 ἐστι
552 5885 595 5936 Α
625 5898 641 5935 :
670 5882 763 5935 ὲπε
797 5900 857 5948 ς.
932 5882 979 5914 ⁸⁸
1000 5881 1192 5943 ¹ένωσις
1223 5881 1338 5935 ὲστι
1372 5879 1667 5950 δηλωτικός
1700 5895 1763 5941 ς.
1825 5875 1883 5950 κδ’
1905 5875 2001 5950 ἕνα
2028 5870 2390 5950 Κιξριονιένα
2422 5868 2641 5950 Υξρνλς·
2702 5867 2766 5950 ,⁹⁰
2795 5883 2857 5933 γε
2884 5868 3090 5950 θείᾳ-βο,
3139 5866 3204 5950 ﬂ"
3229 5863 3351 5950 miri
3374 5862 3537 5950 @43-

265 5952 312 5989 ⁸²
338 5932 639 6011 Θεοὺ
806 5932 863 5989 ’δέ
890 5952 980 6007 τὸν
1620 5932 1666 5984 νί
1700 5932 1865 6020 iungi;
1898 5948 1943 6000 A
1978 5964 1991 6001 :
2024 5932 2306 6013 καῖχωρίς
2330 5957 2389 6006 ς.
2470 5941 2517 5973 ⁵³³
2546 5939 2783 6002 διανοίας
2810 5932 2871 6001 ς.
2936 5940 2981 5972 ⁸⁵
3009 5932 3447 6005 ὲνὰνθρωπότητι
3476 5948 3534 5999 ς’.
