3994 6438
527 430 665 496 1039

1662 427 1929 490 PHOTII
1965 427 2468 492 PATRIARCIIIE
2501 428 2606 489 ΕΡ.

3639 432 3755 496 1040

523 561 799 616 utrumque
815 561 971 608 unus,
1001 555 1048 598 et
1085 560 1220 598 unus
1245 544 1298 598 in
1324 553 1564 617 utroque,
1591 548 1688 602 hoc
1712 561 1809 614 eat,
1839 549 1892 602 in
1914 549 2106 603 divini-

2211 569 2302 618 ρια
2332 551 2754 620 προσελάϐετο,
2783 551 2856 604 οὐ
2883 551 3258 619 διῃρημένος,
3280 553 3415 607 ἀλλ’
3448 549 3555 620 εἷς,
3573 555 3757 626 ἐπειδὴ

524 647 630 692 tate
652 648 700 692 et
729 638 1080 691 humanitate.
1106 635 1314 692 Rursus
1341 638 1480 692 idem
1499 638 1605 693 alio
1632 639 1790 704 libro,
1815 641 1954 694 unde
1981 656 2101 694 mu-

523 735 706 783 tuatus
731 737 817 782 est
843 729 1031 781 doctus
1057 727 1291 800 Cyrillus
1327 740 1517 784 contra
1553 729 1875 793 Nestorium,
1899 731 1976 784 sic
2007 731 2103 785 bo-

521 835 625 875 nus
655 820 826 887 inquit
854 819 1172 875 Ambrosius
1203 833 1221 871 :
1268 819 1413 874 Unus
1463 820 1557 874 Dei
1587 819 1762 874 Filius
1790 823 1844 875 in
1883 831 2102 892 utraque

521 913 689 981 specie
710 911 860 967 verba
888 911 1038 980 facit,
1060 913 1267 980 quando
1290 923 1509 982 utraque
1521 914 1772 980 prwditus
1790 924 1981 966 natura
2003 925 2097 970 est.

520 1003 636 1058 Hoc
660 1019 789 1059 vero
820 1005 1021 1057 dictum
1059 1004 1302 1072 corrupit
1331 1003 1585 1067 Severus,
1618 1003 1751 1058 nihil
1781 1003 2098 1072 iniuriarum

521 1097 798 1152 omittens.
829 1094 1003 1150 Vertit
1032 1095 1177 1149 enim
1232 1110 1390 1149 unam
1427 1109 1614 1150 vocem
1670 1097 1724 1150 in
1768 1096 2015 1159 alteram,
2043 1108 2103 1151 ut

520 1189 840 1258 persuadeat
864 1200 1124 1257 apparere
1146 1202 1274 1243 voce
1301 1201 1405 1241 non
1431 1197 1703 1253 naturam,
1731 1189 1825 1244 sed
1850 1187 2100 1260 loquendi

521 1279 830 1343 formulam,
861 1279 1000 1348 quod
1035 1278 1207 1348 ipsum
1238 1279 1766 1347 reprehendimerito
1790 1282 1970 1337 debet.
2002 1283 2101 1336 Ve-

522 1381 824 1427 rumtamen
858 1371 1122 1426 refellitur
1149 1375 1217 1425 ob
1259 1387 1412 1426 usum
1441 1373 1589 1428 vocis
1636 1374 1948 1443 praedictum
1978 1390 2098 1430 cum

521 1463 652 1517 dicit
682 1462 735 1525 in
763 1475 987 1532 utroque
1022 1463 1161 1516 idem
1191 1462 1497 1532 designare.
1530 1462 1671 1530 Quid
1705 1465 1807 1519 sibi
1849 1465 1963 1518 vult
1996 1466 2097 1519 hoc

521 1553 700 1608 eadem
726 1568 822 1623 pro
855 1554 911 1608 in
957 1563 1196 1624 utroque,
1229 1554 1328 1608 hoc
1352 1563 1435 1608 est
1467 1553 1800 1625 conjungens
1834 1555 2096 1608 divinitati

521 1656 575 1701 et
595 1645 941 1710 humanitati,
975 1659 1142 1714 quare
1168 1646 1209 1700 si
1243 1645 1296 1698 in
1332 1655 1547 1714 utraque
1577 1645 1744 1709 dicat,
1804 1658 1862 1700 ut
1887 1646 2101 1701 sincere

524 1739 723 1793 habent
776 1739 934 1793 verba
974 1737 1266 1800 Ambrosii,
1299 1739 1415 1792 sive
1465 1739 1518 1790 in
1543 1749 1779 1802 utroque,
1813 1748 1872 1793 ut
1901 1738 2102 1808 impre-

521 1831 621 1883 bus
647 1829 734 1882 ille
759 1829 997 1897 sophista
1045 1844 1226 1884 vocem
1280 1829 1560 1898 depravat,
1609 1828 1956 1884 nihilominus
1981 1831 2100 1885 duae

2206 643 2270 694 τὸ
2297 643 2579 710 ἑκάτερον
2603 637 2690 708 εἷς
2726 642 2822 694 καὶ
2843 644 2876 694 ό
2891 636 2976 707 εἷς
2995 643 3065 694 ἐν
3095 643 3368 712 ἐκατέρῳ,
3386 644 3655 700 τουτέστι
3673 650 3760 704 καὶ

2207 735 2439 801 θεότητι
2463 733 2561 787 καὶ
2591 733 2834 801 σώματι.
2868 734 3033 788 Πάλιν
3062 735 3119 788 δὲ
3160 736 3216 787 ὲν
3250 735 3392 805 ἄλλῳ
3435 735 3597 808 λόγῳ.
3629 739 3685 805 ἑξ
3707 735 3762 797 οὑ

2207 823 2301 876 καὶ
2340 825 2368 877 ὁ
2414 823 2574 891 saepe;
2620 821 2884 892 Κύριλλος
2923 824 3116 894 χρῆσιν
3161 827 3302 877 κατὰ
3331 825 3623 897 Νεστορίου
3651 846 3765 899 προ-

2206 918 2456 986 ήνεγκεν,
2507 915 2680 978 οὕτως
2728 918 2755 968 ὁ
2805 917 3042 986 χρηστὸς
3087 916 3407 987 Ἀμὸρὸσιός
3455 935 3642 988 φησιν·
3674 917 3764 987 Εἷς

2209 1010 2358 1062 Θεοῦ
2397 1009 2529 1074 Υἱὸς
2567 1009 2635 1061 ἐν
2669 1007 2918 1076 ἑκατέρᾳ
2954 1007 3147 1074 λαλεῖ,
3177 1009 3502 1078 ἐπειδήπερ
3536 1010 3765 1078 ἑκατέρα

2205 1102 2391 1168 φύσις
2421 1101 2490 1154 ἐν
2521 1099 2699 1164 αὐτῷ.
2726 1099 2896 1152 Τοῦτο
2915 1099 2971 1151 δὲ
2998 1099 3059 1152 τὸ
3089 1098 3250 1170 ῥητὸν
3281 1099 3656 1169 ἐκακούργησε
3680 1102 3762 1170 μὲν

2207 1194 2463 1264 Σεὸῆρος,
2485 1192 2637 1246 οὐδὲν
2673 1192 2732 1245 δὲ
2771 1193 2870 1262 τῆς
2911 1193 3245 1261 κακουργίας
3290 1191 3567 1246 ἀπώνατο.
3600 1193 3761 1246 Μετα-

2209 1286 2431 1357 στρέφει
2483 1285 2582 1355 μὲν
2635 1285 2740 1356 γὰρ
2792 1285 2872 1346 εἰς
2910 1283 2973 1335 τὸ
3022 1283 3283 1351 ἐκατέρῳ
3319 1286 3418 1354 τὴν
3465 1283 3760 1351 ἐκατέρᾳπ

2206 1381 2408 1447 φωνὴν,
2446 1376 2532 1428 ἵνα
2563 1375 2727 1448 πείσῃ
2759 1373 3046 1444 δηλοῦσθαι
3077 1374 3164 1427 διά
3196 1375 3297 1444 τῆς
3335 1374 3524 1444 φωνῆς
3569 1375 3638 1445 μή
3678 1376 3760 1446 τὴν

2207 1469 2387 1538 φύσιν,
2410 1468 2546 1524 ἀλλὰ
2563 1469 2654 1521 τὸν
2683 1467 2882 1539 τρόπον
2905 1469 3006 1537 τῆς
3031 1466 3240 1532 λαλιᾶς,
3283 1466 3394 1520 οἷον
3437 1468 3497 1519 ὲν
3543 1469 3765 1538 ἐκατέρῳ

2205 1558 2392 1629 τρόπῳ
2425 1557 2553 1628 θείῳ
2585 1575 2646 1610 τε
2677 1556 2774 1609 καὶ
2800 1557 3125 1628 ἀνθρωπίνῳ
3173 1557 3531 1626 λαλεῖ.”οπερ
3563 1555 3764 1609 αὐτόθεν

2209 1650 2310 1719 μὲν
2337 1649 2451 1720 ἔχει
2477 1649 2570 1703 τὸν
2604 1647 2823 1719 ἔλεγχον
2843 1689 2858 1713 ,
2884 1651 2944 1702 οὐ
2977 1649 3082 1719 μὴν
3115 1649 3249 1702 ἀλλὰ
3278 1649 3373 1703 καὶ
3401 1649 3492 1702 διὰ
3522 1651 3620 1719 τῆς
3651 1665 3764 1718 προο

2206 1742 2500 1813 ειρημένης
2529 1742 2951 1813 ἐπιρῥαπίζεται
2983 1742 3251 1812 χρήσεως·
3284 1741 3357 1794 ἐν
3383 1737 3540 1809 αὐτῇ
3573 1740 3673 1811 γὰρ
3697 1741 3763 1793 εξ-

2206 1830 2323 1884 πὼν
2347 1830 2515 1901 αὑτὴν
2537 1831 2642 1899 τὴν
2671 1830 2814 1898 λέξιν
2845 1832 2916 1885 ἐν
2943 1831 3258 1900 ἑκατέρωθε
3286 1832 3451 1893 αὐτὸς
3476 1832 3764 1902 ἡρμήνευσε

519 1920 862 1976 οίΐοοᾱιιηιυι·
896 1931 1120 1978 natum.
1152 1921 1378 1986 Idcirco,
1413 1932 1472 1976 ut
1498 1922 1758 1984 diximus.
1784 1921 2102 1978 Ambrosius

2211 1923 2334 1995 [845
2351 1922 2440 1996 [1.]
2469 1923 2520 1976 τί
2551 1923 2800 1994 βούλεται
2828 1924 2977 1994 αὑτῷ
3009 1925 3069 1978 τὸ
3089 1925 3158 1978 ἐν
3185 1923 3314 1997 [445
3336 1923 3432 1997 IL]
3449 1924 3692 1992 ἐκατέρῳ
3705 1925 3762 1989 ⁹⁹,

520 2012 660 2080 quod
695 2012 749 2065 in
791 2021 1007 2082 utroque
1037 2023 1121 2068 est
1167 2013 1373 2078 dicens,
1405 2014 1504 2068 hoc
1542 2025 1626 2068 est
1654 2013 1710 2067 in
1754 2025 1974 2085 utraque
2006 2031 2062 2070 re
2083 2054 2100 2080 ,

520 2104 584 2156 ad
618 2103 958 2158 divinitatem
991 2115 1044 2160 et
1078 2119 1295 2172 corpus,
1331 2119 1514 2159 vocem
1542 2105 1843 2162 traduxisse
1873 2108 2101 2163 videtur.

521 2195 586 2250 Et
599 2195 737 2250 idem
755 2195 820 2250 ad
832 2195 1083 2250 Albinum
1107 2196 1350 2250 scribens
1374 2214 1387 2250 :
1417 2194 1484 2250 Ut
1507 2197 1798 2265 perfectus,
1827 2197 2020 2268 inquit,
2048 2199 2102 2252 in

520 2296 742 2358 utraque
768 2299 961 2342 natura
990 2290 1080 2344 sit.
1109 2287 1212 2344 Sed
1255 2291 1513 2344 hactenus
1545 2290 1612 2345 de
1641 2290 1745 2345 his.

2202 2015 2481 2070 τουτέστιν
2510 2015 2847 2085 ἐπισυνάψας
2879 2016 2975 2070 καὶ
3004 2015 3220 2087 θεότητι
3253 2016 3350 2072 καὶ
3384 2016 3764 2086 σώματι.”Ωσ·ιε

2203 2107 2312 2160 εἴτε
2343 2107 2415 2161 ἐν
2439 2107 2690 2177 ἑκατέρᾳ
2717 2107 2891 2174 λαλεῖ,
2913 2107 2989 2172 ὡς
3013 2108 3125 2179 ἔχει
3145 2107 3204 2161 τὺ
3230 2108 3645 2179 ἀκακοὺργητον
3671 2104 3765 2159 τῶν

2217 2198 2541 2271 ’Λμϐροσίου
2594 2201 2874 2270 ῥημάτων,
2908 2200 3018 2252 εἴτε
3069 2199 3140 2252 ἐν
3169 2199 3459 2269 ἐκατέρῳ,
3494 2200 3569 2262 ὡς
3615 2199 3641 2250 ὁ
3681 2196 3764 2264 τῆς

2206 2292 2404 2355 κακίας
2436 2292 2694 2361 σοφιστὴς
2721 2291 2819 2360 τὴν
2850 2291 3034 2362 φωνὴν
3063 2291 3366 2363 διαφθείρει
3393 2332 3410 2356 ,
3447 2290 3598 2345 οῦδὲν
3627 2284 3764 2358 ἧττον

521 2379 573 2434 αἱ
603 2380 696 2433 δύο
727 2379 916 2448 φύσεις
957 2378 1261 2451 δηλοῦνται,
1328 2379 1462 2435 διότι
1511 2381 1540 2434 ὁ
1581 2381 1745 2446 αὑτὸς
1781 2379 2133 2454 Ἀμόρόσιος,
2173 2383 2249 2449 ὡς
2282 2385 2522 2455 εἴρηται,
2547 2385 2608 2436 τὸ
2633 2383 2702 2437 ἐν
2738 2382 3000 2450 ἐκατέρῳ
3027 2383 3218 2447 εἰπὼν,
3244 2381 3528 2436 τουτέστιν
3561 2384 3617 2434 ὲν
3651 2381 3763 2433 ἑκα-

521 2475 659 2542 τέρῳ
684 2471 972 2544 πράγματι
991 2513 1007 2538 ,
1043 2471 1178 2544 πρὸς
1204 2473 1305 2541 τὴν
1337 2471 1567 2542 θεότητα
1598 2475 1694 2527 καὶ
1715 2473 1777 2527 τὸ
1808 2473 1967 2544 σῶμα
1994 2474 2092 2544 τὴν
2126 2473 2312 2545 φωνὴν
2353 2472 2692 2528 ἀποδέδωκεν
2721 2473 3110 2545 ἀναφέρεσθαι.
3141 2472 3253 2527 Καὶ
3337 2472 3479 2541 πρὸς
3551 2472 3760 2524 Ἀλϐῖνον

521 2565 573 2620 δὲ
601 2563 829 2635 γράφων
862 2566 891 2616 ὁ
919 2563 1104 2630 αὑτὸς,
1155 2563 1310 2631 Ἵνα,
1335 2564 1491 2635 φησὶ,
1521 2565 2095 2638 τέλειοςὲνέκατέρςῑ
2131 2569 2312 2639 φύσει
2349 2568 2818 2641 τυγχάνῃ.Ἀλλὰ
2853 2568 3027 2622 ταῦτα
3067 2568 3167 2639 μὲν
3206 2569 3300 2622 ἐπὶ
3336 2566 3611 2622 τοσοῦτον.

589 2703 646 2758 Si
679 2719 808 2759 vero
837 2704 963 2774 quis
1001 2703 1154 2758 nobis
1179 2703 1540 2758 Athanasium
1587 2706 1828 2775 proferat
1862 2705 1999 2761 libro
2034 2707 2106 2760 De

2281 2706 2343 2760 Εἰ
2375 2707 2430 2762 δέ
2460 2723 2544 2767 τις
2573 2707 2704 2778 ἡμῖν
2731 2705 3047 2761 Ἀθανάσιον
3070 2707 3129 2759 ὲν
3155 2705 3232 2776 τῷ
3251 2707 3395 2775 Περὶ
3432 2704 3763 2775 σαρκώσεως

521 2799 906 2862 incarnatione,
941 2797 1260 2868 Gregorium
1304 2797 1433 2854 item
1461 2797 1922 2868 Thaumaturgum
1951 2801 2004 2852 in
2047 2799 2106 2852 li-

2211 2799 2534 2871 προκομίζει
2563 2797 2731 2868 λόγω,
2764 2797 2980 2852 καὶτὸν
3019 2797 3454 2869 Νεοκαισαρείας
3497 2799 3767 2867 Γρηγόριον

522 2895 618 2945 hro
652 2891 729 2946 De
757 2891 862 2960 ﬁde
891 2891 1225 2960 particulari,
1255 2891 1607 2962 prohibentes
1631 2890 1768 2946 duas
1795 2891 1847 2944 in
1886 2890 2106 2946 Christo

2211 2891 2263 2944 ὲν
2288 2890 2364 2960 τῷ
2398 2889 2541 2957 Περὶ
2584 2888 2696 2958 τῆς
2749 2889 2900 2943 κατὰ
2927 2888 3112 2959 μέρος
3157 2889 3443 2956 πίστεως,
3475 2888 3566 2942 δύο
3610 2887 3763 2954 λέγειν

521 3000 770 3040 asserere
817 2993 1038 3038 naturas
1077 3003 1092 3040 :
1129 2985 1266 3038 sciat
1289 2983 1380 3039 ille
1419 2982 1500 3053 (ut
1528 2998 1670 3054 saepe
1694 2983 1806 3055 jam
1845 2984 2106 3054 diximus)

2211 2983 2520 3047 κωλύοντας
2549 2983 2646 3037 ἐπὶ
2673 2982 2765 3036 τοῦ
2787 2983 2803 3013 ¹
2827 2980 3066 3054 Χριστοῦ
3099 2980 3198 3044 τὰς
3230 2980 3449 3049 φύσεις,
3483 2981 3767 3050 μανθανέτω

522 3094 697 3148 neque
726 3077 961 3146 reliquos
989 3075 1178 3130 Patres
1211 3077 1343 3130 duas
1372 3085 1597 3131 naturas
1623 3090 1889 3139 asserere,
1926 3089 2103 3144 neque

2211 3074 2356 3141 οὗτος
2387 3078 2471 3132 ὅτι
2503 3076 2780 3147 (καθάπερ
2811 3075 3028 3145 εἴρηται
3059 3072 3348 3143 πολλάκις)
3386 3072 3500 3126 οὐδ’
3533 3073 3580 3126 οἱ
3611 3071 3764 3123 λοιποὶ

523 3186 682 3223 unam
724 3168 1031 3238 complecti,
1063 3168 1155 3219 sed
1197 3176 1250 3221 et
1279 3165 1595 3236 frequenter
1636 3166 1927 3236 rejecisse;
1983 3173 2106 3237 post

2211 3171 2447 3239 Πατέρες
2466 3169 2526 3222 τὸ
2547 3168 2641 3222 δύο
2661 3167 2840 3235 λέγειν
2861 3165 3054 3234 φύσεις
3075 3163 3230 3217 οὑτε²
3250 3162 3440 3226 ἁπλῶς
3456 3163 3761 3233 ἠσπάσαντο.

523 3262 668 3315 enim
705 3261 992 3316 adductam
1039 3259 1263 3313 indivisi
1300 3273 1507 3322 vocem,
1544 3273 1716 3329 neque
1746 3268 1948 3314 temere
1993 3274 2109 3314 am-

523 3351 711 3419 plexos
737 3365 879 3413 esse,
910 3363 1085 3417 neque
1111 3348 1411 3418 improvide
1448 3349 1595 3403 illum
1622 3349 1980 3419 explauasse;
2015 3367 2110 3406 ne-

2203 3260 2338 3313 ἀλλὰ
2363 3259 2458 3311 καὶ
2483 3256 2742 3319 πολλάκις
2793 3254 3106 3318 ἀπώσαντο,
3157 3253 3297 3322 μετὰ
3344 3253 3531 3324 μέντοι
3576 3267 3635 3319 γε
3677 3247 3768 3302 τοῦ

2209 3349 2552 3420 ἀδιαιρέτου
2585 3346 2952 3419 προελθοῦσαν
2980 3346 3079 3417 τὴν
3108 3345 3292 3416 φωνὴν
3338 3343 3466 3397 οὔτε
3512 3340 3766 3411 προπετῶς

525 3459 631 3510 que
690 3444 834 3498 enim
890 3449 1237 3511 sumpserunt
1295 3441 1682 3496 inordinatum.
1739 3441 2106 3498 Conveniente

2211 3439 2598 3495 ἀσπάσασθαι³
2628 3437 2753 3492 οὔτε
2781 3437 3161 3500 ἀϐασανίστως
3207 3436 3416 3503 ταύτην
3463 3432 3767 3506 περιπτύξα-

524 3551 652 3588 vero
670 3550 792 3588 cum
813 3533 1084 3602 praedictis
1107 3535 1303 3588 unione
1337 3534 1689 3605 hypostatica,
1717 3552 1876 3593 nemo
1897 3538 2059 3607 272
2075 3553 2106 3590 a

2212 3531 2334 3584 σθαι
2383 3529 2645 3599 οὐμενοῦν
2675 3531 2775 3582 οὑκ
2810 3529 3113 3598 ἐλάμϐανον
3161 3527 3222 3579 τὸ
3273 3527 3628 3580 άδίστακτον·
3661 3540 3765 3573 συν-

526 3627 646 3692 pius
699 3624 849 3678 visus
875 3632 957 3677 est
1000 3624 1091 3692 qui
1131 3623 1271 3677 hanc
1321 3637 1508 3678 vocem
1551 3625 1708 3679 valde
1751 3627 2105 3680 adamaverit.

529 3717 699 3771 Nemo
719 3717 883 3785 igitur
914 3715 1078 3780 dicat,
1112 3715 1406 3769 niliilenim
1438 3717 1542 3772 hoc
1565 3719 1628 3772 ad
1661 3720 1938 3788 pietatem,
1965 3729 2024 3771 ut
2053 3719 2104 3771 in

525 3806 747 3861 Christo
768 3806 906 3861 duas
935 3814 1158 3861 naturas
1187 3808 1369 3862 dicere
1400 3807 1590 3862 Patres
1624 3811 1975 3879 prohibeant;
2003 3810 2097 3864 sed

525 3899 800 3965 ostendat,
840 3899 1062 3969 quando
1090 3908 1185 3953 aut
1211 3898 1299 3953 ubi
1315 3900 1632 3956 conﬁtentes
1664 3906 1914 3957 unionem
1931 3903 2102 3972 hypo—

532 3992 782 4043 staticani
816 3991 954 4045 duas
984 3989 1162 4044 dicere
1191 3999 1414 4045 naturas
1448 3992 1680 4048 indivise
1717 3992 2105 4060 prohibebant?

528 4083 737 4138 Etenim
756 4093 811 4138 et
850 4084 929 4138 sic
951 4083 1071 4139 vide
1092 4083 1362 4150 quomodo
1388 4083 1533 4138 dicat
1566 4084 1897 4140 Athanasius
1926 4105 1940 4139 ;
1987 4084 2110 4138 Non

526 4179 661 4230 (luas
697 4189 914 4231 naturas
969 4176 1316 4247 pra'dicamus
1345 4193 1507 4230 unum
1551 4176 1774 4242 Filium,
1829 4194 1985 4231 uuam
2015 4179 2117 4231 ad-

526 4280 731 4323 oratam
755 4280 802 4322 et
833 4285 992 4322 unam
1029 4285 1132 4322 non
1155 4269 1455 4322 adoratam.
1484 4267 1552 4322 Et
1580 4271 1702 4338 quis
1727 4270 1960 4338 ignorat,
1990 4271 2114 4324 ado.

2211 3621 2639 3693 ομολογηθείσης
2689 3621 2745 3673 δὲ
2794 3621 2908 3681 τοῖς
2955 3619 3191 3688 λεχθεῖσι
3223 3622 3320 3687 τῆς
3355 3615 3765 3671 καθ’ὑπόστοσιν

2211 3714 2481 3778 ὲνώσεως,
2526 3712 2791 3781 οὐμενοῦν
2843 3713 3016 3775 οὐδεὶς
3065 3710 3222 3781 ὤφθη
3277 3709 3387 3764 τῶν
3436 3706 3662 3762 εὐσεϐῶν
3704 3705 3764 3771 μὴ

2212 3806 2334 3858 λίαν
2364 3806 2464 3874 τὴν
2512 3804 2696 3874 φωνὴν
2741 3803 3147 3871 ἀσπαζόμενος.
3180 3801 3272 3872 Μὴ
3323 3797 3422 3855 οῦν
3468 3801 3658 3868 λεγέτω
3697 3810 3766 3856 τις

2211 3897 2387 3968 (οὐδὲν
2421 3899 2532 3966 γὰρ
2555 3897 2713 3948 τοῦτο
2734 3896 2870 3965 πρὸς
2893 3895 2992 3964 τὴν
3014 3892 3316 3963 εὐσέϐειαν)
3342 3892 3420 3956 ὡς
3447 3894 3538 3946 ἐπὶ
3556 3884 3763 3959 Χριστοῦ

2207 3991 2302 4043 δύο
2335 3989 2525 4058 φύσεις
2555 3989 2734 4056 λέγειν
2765 3989 2815 4038 οἱ
2847 3987 3087 4055 Πατέρες
3131 3986 3414 4040 ἐκώλυσαν
3437 4000 3454 4017 ⁸
3505 3983 3631 4038 ἀλλὰ
3674 3980 3764 4032 δει-

2215 4081 2396 4135 κνύτω
2424 4082 2555 4135 πότε
2597 4081 2630 4150 ἢ
2667 4079 2771 4132 ποῦ
2818 4079 2946 4140 τοὺς
2994 4077 3492 4146 συνομολογοῦντας
3532 4074 3624 4144 τὴν
3654 4069 3764 4124 καθ’

2216 4173 2518 4226 ὑπόστασιν
2550 4172 2742 4223 ἕνωσιν
2771 4170 2864 4221 δύο
2889 4168 3068 4234 λέγειν
3092 4168 3282 4236 φύσεις
3309 4166 3626 4237 άδιαιρὲτως
3646 4157 3762 4212 ἐκώ⁴

2217 4264 2404 4319 λυσαν.
2435 4263 2548 4315 Καὶ
2595 4263 2702 4330 γὰρ
2747 4261 3027 4312 κάνταῦθα
3055 4259 3156 4328 ὅρα
3191 4258 3309 4320 πῶς
3333 4274 3498 4328 φησιν
3518 4259 3544 4308 ὁ
3571 4249 3761 4305 Ἀθανά-

527 4373 704 4417 ratum
743 4370 797 4413 et
836 4375 941 4413 non
979 4359 1261 4412 adoratum
1299 4358 1351 4412 in
1385 4360 1519 4414 duas
1545 4361 1758 4428 quidem
1793 4361 2106 4428 bypostases

2217 4358 2331 4418 σίος
2351 4372 2363 4385 ⁸
2415 4358 2498 4408 Οὐ
2526 4355 2636 4408 δύο
2665 4355 2882 4420 φύσεις
2934 4352 3336 4419 ὁμολογοῦμεν
3363 4352 3473 4404 τὸν
3497 4347 3598 4401 ἕνα
3633 4341 3759 4400 Υἱὸνν

523 4453 774 4507 dividunt
827 4467 1016 4514 unum,
1049 4450 1443 4521 bypostaticam
1489 4450 1743 4504 unionem
1786 4451 2120 4519 przedicant?

2212 4450 2360 4518 μίαν
2429 4447 2862 4515 προσκυνητὴν
2928 4444 3025 4500 καὶ
3090 4444 3239 4512 μίαν
3306 4440 3757 4510 ἁπροσκύνητοέν.

535 4545 780 4608 Ἀκούεις
813 4545 929 4610 πῶς
955 4541 1076 4600 εἷπε
1107 4545 1490 4617 προσκυνητὴν
1522 4544 1617 4598 καὶ
1659 4544 2092 4615 άπροσκὺνητον.
2134 4544 2246 4597 Καὶ
2271 4543 2354 4606 τίς
2382 4543 2483 4595 οὑκ
2511 4537 2650 4594 οἶδεν
2681 4542 2764 4593 ὅτι
2797 4540 2858 4592 τὸ
2891 4537 3267 4611 προσκυνητὸν
3297 4534 3448 4590 "atat
3510 4529 3757 4602 ἀπροσκὺ-

522 4644 721 4712 νητονδ
754 4644 832 4705 εἰς
861 4639 954 4694 δύο
990 4641 1089 4710 μὲν
1115 4641 1442 4703 ὑποστάσεις
1463 4640 1721 4709 τέμνουσι
1747 4639 1838 4692 τὸν
1870 4640 1985 4703 ἕνα,
2010 4639 2109 4710 τὴν
2142 4638 2262 4692 καθ’
2297 4638 2593 4690 ὑπόστασιν
2631 4635 2688 4688 δὲ
2725 4634 2917 4685 ἕνωσιν
2957 4630 3425 4701 ἐκκηρύττουσιν;

595 4783 702 4838 Sed
743 4782 922 4854 magni
952 4783 1234 4837 Athanasii
1265 4795 1462 4838 sensus
1488 4781 1670 4836 clarus
1696 4789 1801 4835 est.
1833 4779 2102 4834 Testimo-

2279 4772 2424 4826 Ἀλλ’
2451 4773 2483 4842 ἧ
2517 4771 2617 4840 μὲν
2648 4769 2741 4823 τοῦ
2774 4767 3012 4838 μεγάλου
3045 4764 3363 4818 ἈΟανασῐου
3389 4763 3589 4815 διάνοια
3618 4753 3751 4853 δήλη·

527 4879 677 4930 nium
701 4877 844 4946 quod
865 4875 1120 4947 Gregorii
1143 4874 1534 4943 Thaumaturgi
1560 4873 1782 4926 nomine
1810 4870 2116 4938 subjicitur.

530 4969 674 5022 illius
699 4967 914 5034 quidem
957 4979 1080 5021 esse
1111 4963 1331 5026 dicitur,
1381 4963 1475 5016 sed
1513 4959 1832 5029 Apollinarii
1867 4972 1989 5012 esse
2020 4958 2117 5011 ab-

527 5059 768 5112 surditas
801 5059 890 5112 illa
922 5055 1209 5110 manifeste
1242 5054 1501 5108 declarat.
1527 5051 1698 5104 [labet
1723 5049 1866 5104 enim
1903 5065 1917 5101 ι
1953 5047 2017 5100 Ει
2039 5058 2118 5102 est

527 5167 678 5203 νει-αδ
736 5150 871 5203 Deus
905 5150 1016 5202 sine
1057 5163 1216 5201 carne
1254 5147 1311 5200 in
1356 5160 1512 5198 carne
1554 5143 1717 5204 visus,
1762 5141 2019 5209 perfectus
2065 5141 2118 5194 in

527 5259 646 5296 mra
675 5254 723 5296 et
758 5243 935 5295 divina
976 5242 1320 5308 perfectione,
1355 5252 1457 5288 non
1501 5235 1622 5287 dua:
1662 5247 1919 5300 personw,
1953 5246 2112 5298 neque

529 5339 648 5390 dua:
676 5347 904 5390 natura).
944 5335 1124 5404 Neque
1157 5334 1298 5386 enim
1331 5339 1557 5399 quatuor
1605 5325 1831 5378 adorare
1867 5323 2111 5375 dicimus.

529 5423 693 5479 Vides
716 5427 988 5494 quomodo
1022 5431 1203 5493 pateat
1237 5419 1506 5488 impietas.
1540 5414 1674 5467 Nam
1708 5412 2002 5481 perfectum
2038 5410 2118 5463 di-

529 5531 662 5572 cens
687 5517 741 5573 in
761 5518 1065 5579 divinitate,
1094 5512 1488 5569 humanitatem
1515 5505 1762 5570 reticuit;
1790 5502 2118 5570 etadjicere,

2223 4867 2256 4935 ἡ
2279 4865 2335 4918 δὲ
2359 4865 2450 4917 τὸν
2472 4860 2886 4933 θαυματουργὸν
2913 4859 3210 4929 Γρηγόριον
3234 4853 3627 4921 ὑποϐαλλομένη
3649 4845 3752 4914 χρῆ·

2227 4973 2311 5019 σις
2343 4955 2579 5026 (λέγεται
2612 4954 2711 5023 μὲν
2743 4953 2851 5024 γάρ
2886 4951 3117 5014 ἐκείνου,
3151 4950 3241 5002 τὸν
3284 4949 3340 5001 δὲ
3395 4943 3753 5010 Ἀπολλινὰριον

2224 5046 2548 5117 εἰσκομίζει)
2594 5046 2918 5115 κατάφωρον
2953 5043 3356 5112 ⁴προϐἀλλεται
3403 5039 3500 5110 τὴν
3544 5035 3750 5091 ἀτοπίαν.

2229 5142 2389 5207 Λέγει
2421 5139 2529 5210 γάρ
2549 5155 2563 5168 ·
2592 5137 2699 5192 Καὶ
2726 5139 2855 5192 ἔστι
2880 5138 3020 5202 Θε‹“·ς
3049 5135 3335 5200 ἀληθινὸς
3365 5137 3397 5188 ό
3434 5134 3675 5200 ᾶσσρκος
3699 5123 3752 5175 ἐν

2216 5231 2395 5297 σαρκὶ
2441 5227 2820 5298 φανερωθεὶς,
2857 5227 3082 5292 τέλειος
3129 5225 3205 5293 τῇ
3237 5224 3494 5291 ἀληθινῇ
3536 5218 3623 5273 καὶ
3651 5212 3751 5276 θεῖοι

2217 5322 2563 5388 τελειότητι,
2599 5323 2668 5375 οὺ
2717 5321 2828 5374 δύο
2871 5322 3161 5388 πρόσωπα
3210 5318 3351 5371 οὐδὲ
3404 5318 3508 5369 δύο
3540 5313 3746 5381 satio-’51?

2217 5413 2361 5465 οὐδὲ
2416 5411 2526 5481 γὰρ
2569 5412 2872 5480 τέσσαρας
2918 5408 3285 5478 προσκυνεῖν
3329 5409 3586 5478 λέγομεν.
3621 5395 3748 5466 Ὁρᾷς

2222 5506 2369 5567 ὅπως
2395 5505 2678 5575 πρόφανὴς
2772 5501 3092 5566 δυσσέϐεια;
3145 5501 3218 5554 Τὸ
3262 5501 3464 5554 τέλειον
3491 5498 3589 5564 γάρ
3615 5485 3747 5543 Ξὶπὼν

1865 5681 2104 5736 VARUS
2149 5675 2551 5741 LECTIONES.

605 5827 649 5856 ⁹⁷
681 5830 917 5894 ἑκατέρα
946 5844 1087 5880 ι-οιιισ.
1128 5828 1163 5877 Α
1201 5843 1210 5875 :
1245 5820 1511 5894 ἑκατέραν
1540 5833 1599 5894 ς.

535 5895 557 5928 ³
581 5895 731 5967 οὔτε]
757 5914 826 5951 uti
875 5897 1081 5958 οῦτωςῖ

1699 5817 1737 5846 ε’δ
1769 5814 2004 5884 ἑκατέρᾳ
2041 5831 2181 5872 corr.
2213 5821 2279 5872 A.

1157 5885 1569 5950 δὰςπάσασθαιί
1613 5888 1793 5941 malim
1837 5885 2177 5960 ἁπωεασθαι.

2387 5816 2432 5846 9°
2462 5814 2704 5884 ἑκατέρῳ
2738 5816 2779 5868 Α
2809 5833 2818 5865 :
2848 5815 2923 5883 τῲ
2954 5812 3194 5882 ἐκατέρῳ
3228 5828 3296 5876 ς..
3400 5812 3414 5842 ³
3444 5803 3529 5862 τοῦ
3566 5797 3670 5855 add.
3690 5796 3735 5843 Α.

2261 5891 2278 5916 ³
2310 5887 2616 5953 κατάοορον
2666 5901 2722 5945 τ.
