3994 6410
248 441 406 507 1041-

1307 437 1837 504 BIBLIOTIIECA.
1876 461 1943 470 -·
1982 433 2148 495 COD.
2181 431 2451 495 CCXXX.

3376 417 3518 482 1042

242 555 392 608 κατὰ
412 554 513 626 τὴν
537 554 787 626 θεότητα,
815 555 914 624 τὴν
935 554 1329 626 ἀνθρωπότητα
1365 551 1646 614 παντελῶς
1670 550 1830 604 ἐσιώ-

1947 548 2052 600 ςὶηε
2072 563 2225 600 tame
2246 548 2298 600 in
2321 560 2478 599 carne
2499 559 2782 613 apparens,
2815 541 2988 610 impiae
3009 541 3233 595 cultum
3258 539 3512 594 acerbum

243 665 415 719 πησε.
451 647 560 701 Καὶ
601 647 663 700 τὸ
704 649 986 717 προειπεῖν
1033 646 1111 710 δὲ,
1138 648 1172 700 ό
1227 646 1494 715 ἄσαρκος
1544 645 1614 697 ἐν
1656 640 1836 711 σαρκὶ

241 742 636 810 φανερωθεὶς,
661 741 758 810 τῆς
794 738 1170 810 Ἀπολιναρίου
1216 737 1618 810 φρενοϐλαϐοὗς
1648 752 1837 806 ,γεωρ-

243 832 373 900 γίας
413 819 607 904 πικρόν
646 835 761 886 ἐστι
804 832 1113 902 βλάστημα.

316 921 478 976 ’Λλλά
512 923 620 989 γὰρ
648 924 798 993 καὶὴ
827 924 1040 994 χρῆσις,
1069 924 1138 994 ἢν
1185 924 1218 990 ἡ
1252 921 1463 988 αἵρεσις
1509 919 1835 991 προκομίζει

241 1016 312 1068 ὲκ
336 1015 438 1083 τῆς
465 1017 602 1085 πρὸς
624 1017 900 1070 Διονύσιον
926 1015 1216 1084 ἐπιστολῆς
1243 1015 1335 1067 τοῦ
1353 1015 1574 1068 Ἰουλίου
1593 1013 1833 1084 Ῥώμης,

243 1108 619 1176 ἁναμιρίϐολον
670 1109 769 1180 μὲν
819 1110 919 1163 οὐκ
965 1108 1078 1179 ἔχει
1118 1108 1179 1162 τὸ
1211 1111 1460 1178 γνήσιον·
1495 1109 1523 1161 ὁ
1552 1108 1662 1178 γάρ
1692 1106 1837 1175 ἱερὸς

248 1198 542 1268 Κύριλλος,
572 1201 630 1254 ἐν
679 1203 745 1270 τῇ
781 1199 902 1252 κατ’
928 1201 1162 1270 Ἔφεσον
1189 1201 1393 1270 συνόδῳ
1445 1202 1508 1252 ἐκ
1555 1199 1654 1269 τῆς
1699 1197 1836 1268 πρὸς

246 1293 443 1344 Δόκιον
498 1294 786 1365 ἐπιστολῆς
833 1293 997 1347 αὐτοῦ
1061 1293 1250 1364 χρείαν
1313 1290 1679 1363 προενεγκὼν,
1736 1291 1836 1344 οὐκ

287 1384 482 1451 ξίωσεν
510 1387 589 1448 εἰς
627 1388 848 1457 μνήμην
886 1389 1089 1455 ταύτης
1116 1388 1424 1443 ὲλθεῖν.Ἣν
1453 1386 1508 1440 δὲ
1540 1388 1606 1458 τῇ
1635 1384 1836 1455 συνόδῳ

245 1477 670 1545 προανεγνωσεν
689 1477 731 1541 ³,
782 1476 928 1530 οὕτω
974 1481 1084 1541 τοῖς
1137 1478 1380 1548 ῥήμασιν
1419 1476 1561 1546 ἔχει’
1623 1477 1686 1530 '0
1727 1477 1836 1530 τοῦ

249 1568 404 1623 Θεοῦ
449 1572 582 1636 Υἱὸς
626 1572 952 1638 σκηνώσεις
991 1573 1061 1625 ἐν
1101 1571 1456 1638 ἀνθρώποις,
1487 1571 1599 1624 οὐκ
1626 1571 1695 1624 ὲν
1731 1570 1837 1624 ἁν-

242 1662 460 1729 θικῦπῳ
485 1663 837 1734 ἐνεργήσας,
861 1665 1090 1728 τέλειος
1117 1665 1262 1730 Θεὸς
1285 1665 1356 1717 ἐν
1382 1663 1585 1732 σαρκὶ,
1608 1663 1837 1728 τέλειος

241 1753 563 1821 ἅνθρωπος
589 1754 660 1808 ἐν
687 1755 988 1824 Πνεύματι
1005 1771 1018 1785 ·
1048 1758 1120 1809 οὑ
1147 1755 1256 1809 δύο
1279 1756 1417 1820 υἱοὶ,
1448 1750 1536 1821 εἷς
1559 1754 1677 1824 μὲν
1695 1753 1837 1824 γνή-

241 1861 386 1909 σιος
415 1845 550 1911 Υἱὸς
569 1845 890 1900 ἀναλαϐὼν
908 1847 1241 1916 ἄνθρωπον,
1271 1843 1397 1918 [446
1423 1845 1517 1917 Η.]
1548 1845 1748 1913 ἕτερος
1768 1844 1837 1897 δὲ

1938 649 2019 695 est
2058 655 2300 709 germen.

2009 913 2115 969 Sed
2163 913 2306 966 enim
2357 908 2727 964 testimonium
2780 907 2924 975 quod
2971 903 3193 959 haeresis
3243 902 3402 957 aﬂ‘ert
3453 919 3519 957 ex

1937 1004 2160 1073 cpistola
2208 1001 2332 1057 Julii
2378 999 2607 1054 Romani
2644 999 2712 1052 ad
2758 995 3117 1066 Dionysium',
3169 993 3310 1046 haud
3361 992 3522 1045 dubie

1936 1111 2042 1150 non
2095 1104 2180 1148 est
2229 1093 2543 1164 genuinum.
2600 1089 2810 1145 Etenim
2874 1096 3097 1141 sanctus
3152 1083 3388 1154 Cyrillus
3454 1085 3507 1136 in

1936 1189 2140 1260 synodo
2192 1186 2460 1256 Ephesina
2483 1200 2548 1238 ex
2573 1181 2800 1252 epistola
2822 1181 2887 1234 ad
2922 1178 3140 1233 Decium
3170 1177 3322 1248 Hart.
3367 1175 3521 1230 Deci-

1937 1279 2108 1351 mum]
2160 1280 2278 1350 ejus
2333 1292 2491 1334 usum
2537 1277 2834 1339 adducens,
2899 1289 3004 1327 non
3054 1271 3308 1342 dignatus
3355 1269 3520 1323 estin

1937 1375 2251 1430 memoriam
2295 1371 2458 1438 hujus
2481 1371 2688 1436 venire,
2723 1383 2887 1438 quam
2934 1367 2988 1419 in
3031 1364 3238 1435 synodo
3270 1360 3521 1432 cognovit

1938 1465 2022 1520 his
2049 1465 2228 1519 verbis
2262 1481 2276 1517 :
2314 1461 2491 1516 Filius
2527 1461 2625 1515 Dei
2664 1461 2907 1514 habitans
2959 1459 3012 1511 in
3042 1455 3363 1515 hominibus.
3419 1469 3521 1508 non

1934 1562 1989 1616 in
2013 1560 2221 1614 homine
2248 1574 2490 1627 operans,
2515 1557 2777 1626 perfectus
2810 1555 2944 1607 Deus
2973 1554 3027 1606 in
3047 1567 3226 1613 carne,
3255 1548 3521 1619 perfectus

1935 1652 2088 1706 homo
2134 1654 2188 1705 in
2212 1651 2438 1720 Spiritu,
2475 1666 2577 1704 non
2616 1651 2720 1701 duo
2755 1647 2874 1714 ﬁlii,
2908 1661 3042 1699 unus
3077 1643 3288 1713 quidem
3318 1643 3521 1710 genitus

1939 1743 2113 1798 Filius
2149 1759 2363 1797 carnem
2395 1757 2695 1806 assumens,
2739 1740 2876 1792 alter
2914 1753 3034 1791 vero
3067 1735 3220 1789 homo
3247 1734 3404 1786 morti
3432 1732 3523 1785 ob—

1937 1839 2147 1902 noxius,
2192 1844 2492 1903 assumptus
2536 1851 2568 1887 a
2614 1832 2723 1886 Deo
2754 1847 2774 1886 :
2805 1833 2892 1886 sed
2939 1846 3075 1884 unus
3119 1827 3425 1896 unigenitus
3467 1823 3524 1877 in

240 1937 468 2003 θνητὸς
491 1907 802 2005 ἄνθρωπος
830 1907 1201 2008 ἀναληφθεὶς
1373 1939 1478 1993 τοῦ
1499 1907 1670 2003 beati,
1691 1907 1831 1992 eam

1947 1927 2092 1993 caelo,
2137 1928 2436 1994 unigenitus
2471 1926 2526 1978 in
2573 1934 2714 1977 terra
2751 1921 2911 1976 Deus.
2947 1919 3075 1974 Julii
3113 1931 3264 1986 papae
3295 1914 3518 1985 quidem

236 2023 338 2095 εἷς
379 2031 450 2082 ἐν
493 2029 725 2098 οὐρανῷ
757 2031 1092 2100 μονογενὴς
1115 2073 1131 2094 ,
1174 2030 1514 2100 μονογενὴς
1565 2030 1664 2082 ἐπὶ
1718 2027 1834 2099 γῆς

241 2122 498 2187 Θεός.Ἠ
553 2123 652 2191 μὲν
701 2123 796 2175 τοῦ
831 2124 1050 2178 Ἰουλίου
1083 2125 1240 2195 ῥῆσις
1287 2125 1321 2196 ἡ
1367 2126 1433 2194 τῇ
1471 2122 1672 2193 συνόδῳ
1717 2123 1834 2175 διας

239 2215 555 2283 γνωσθεῖσα
569 2217 590 2248 ⁸
610 2217 835 2288 τοιαύτη
857 2233 872 2248 ’
902 2219 951 2270 εἰ
983 2218 1041 2271 δὲ
1060 2218 1290 2289 γνησίαν
1319 2217 1437 2290 ᾔδει
1456 2216 1553 2287 τὴν
1570 2204 1751 2287 φωνῆν
1766 2214 1836 2285 ἣν

239 2309 316 2361 ἐκ
360 2309 457 2378 τῆς
509 2309 646 2380 πρὸς
690 2309 968 2364 Διονύσιον
1011 2312 1378 2382 προφέρουσιν
1417 2309 1708 2381 ἐπιστολῆς
1740 2307 1834 2362 καὶ

242 2399 486 2470 μάλιστα
517 2399 812 2471 Νεστόριον
836 2403 1294 2475 κατακρίνουσαν,
1327 2402 1427 2455 οὐκ
1474 2401 1541 2456 ἂν
1585 2400 1834 2470 ὑπερεῖδε

241 2494 482 2565 ταύτην.

329 2589 450 2642 Ἔτι
478 2589 536 2643 δὲ
563 2590 784 2644 κάκεῖνο
811 2591 894 2643 δεῖ
926 2589 1174 2654 συνιδεῖν,
1203 2590 1278 2651 ὡς
1315 2588 1344 2638 ὁ
1371 2585 1532 2655 σοφὸς
1569 2585 1834 2655 Κύριλλος

237 2681 344 2734 τὸν
390 2681 674 2752 ἄνθρωπον
719 2685 799 2745 είς
841 2682 1216 2754 παράδειγμα,
1244 2681 1341 2750 οὐχ
1393 2681 1482 2732 ἵνα
1524 2677 1670 2750 δείξῃ
1708 2678 1836 2748 μίαν

243 2773 418 2844 φύσιν
443 2777 532 2828 ἐπὶ
554 2775 648 2829 τοῦ
678 2774 940 2847 Χριστοῦ,
965 2773 1407 2844 παραλαμϐάνει,
1441 2771 1569 2844 [848
1591 2769 1683 2843 3.]
1711 2771 1839 2824 ἀλλ’

243 2869 333 2931 ὡς
384 2869 450 2921 ἂν
483 2869 550 2921 δι’
571 2868 737 2922 αὑτοῦ
771 2869 870 2940 τὴν
915 2867 1038 2921 καθ’
1069 2867 1370 2920 ὑπόστασιν
1419 2866 1613 2919 ἕνωσιν
1662 2882 1838 2932 παρα,⁴

246 2961 453 3031 στήσῃ.
481 2961 594 3014 Καὶ
623 2960 730 3032 γὰρ
771 2961 863 3014 ἐπὶ
895 2961 992 3031 μὲν
1022 2960 1118 3013 τοῦ
1149 2960 1270 3012 καθ’
1293 2960 1440 3029 ἡμᾶς
1468 2957 1838 3028 συγκρίματος

244 3050 526 3121 ἑτεροειδῆ
558 3052 796 3121 φάμενος
823 3052 885 3103 τὸ
915 3051 1075 3120 σῶμα
1121 3051 1215 3102 καὶ
1263 3050 1362 3120 τὴν
1390 3048 1568 3120 ψυχὴν
1587 3089 1601 3112 ,
1639 3049 1735 3102 καὶ
1763 3048 1839 3112 ὡς

242 3143 524 3197 ὲνωθέντα
572 3143 699 3214 μίαν
740 3144 1026 3216 ἀνθρώπου
1081 3144 1454 3196 ἀπετέλεσαντ
1506 3141 1690 3210 φύσιν,
1741 3140 1842 3194 οὐκ

245 3236 539 3304 ἐπήγαγεν
559 3235 679 3289 οὔτε
702 3236 1226 3305 σεσωματωμένην
1243 3235 1366 3289 οὔτε
1383 3234 1782 3304 ἐψυχωμένην
1794 3233 1835 3263 ⁸·
1867 3261 1914 3323 c

245 3327 350 3379 ἐπὶ
374 3327 432 3380 δὲ
473 3328 568 3381 τοῦ
603 3330 778 3398 Λόγου
816 3331 945 3398 μίαν
979 3329 1142 3399 φύσιν
1179 3327 1349 3384 εἰπὼν
1384 3328 1545 3390 εὐθὺς
1575 3327 1836 3380 συνάπτει

247 3417 316 3470 τὸ
343 3419 832 3489 σεσαρκωμένην.
851 3421 926 3473 Τὸ
955 3420 1062 3490 γάρ
1097 3421 1389 3484 σπανιάκις
1415 3419 1583 3490 αὐτὴν
1595 3421 1838 3472 ἀποσιω-

244 3511 431 3579 πῆσαι
475 3513 573 3565 οὐκ
602 3513 955 3584 ἐναντιότητα
985 3514 1084 3583 τῆς
1127 3513 1294 3566 αὐτοῦ
1335 3513 1582 3584 γνώμης,
1611 3511 1838 3584 βεϐαίω-

250 3620 342 3656 σιν
367 3603 424 3656 δὲ
451 3604 651 3674 μᾶλλον
675 3607 984 3677 μαρτυρεῖ·
1013 3606 1271 3670 πολλάκις
1299 3607 1430 3677 γὰρ,
1455 3609 1592 3678 ὅπερ
1614 3623 1700 3668 τις
1720 3623 1840 3658 συν-

248 3695 400 3764 εχῶς
426 3697 630 3768 ἀναϐοᾷ
660 3699 753 3751 καὶ
779 3698 1003 3769 βεϐαίαν
1027 3699 1128 3771 τὴν
1156 3701 1283 3770 περὶ
1307 3699 1472 3752 αὐτοῦ
1497 3699 1653 3762 δόξαν
1674 3699 1839 3751 πᾶσιν

252 3787 542 3856 ὲνιδρύσας
572 3786 731 3855 οἶδεν,
768 3790 845 3853 ὡς
877 3790 1307 3861 ὁμολογούμενον
1348 3792 1441 3844 καὶ
1482 3791 1641 3860 δῆλον
1668 3791 1838 3843 ἐνίοτε

249 3878 570 3950 ἁποσιωπᾷ,
605 3879 692 3932 διὰ
723 3883 822 3952 τῆς
853 3881 1008 3952 σιγῆς
1037 3881 1138 3933 οὐκ
1171 3880 1379 3936 ἀθετῶν
1405 3881 1434 3933 ὃ
1457 3880 1713 3942 πολλάκις
1743 3881 1839 3933 άν-

251 3969 525 4040 εκὴρυξεν
542 3972 586 4036 θ,
618 3970 753 4025 ἀλλὰ
777 3972 994 4036 δεικνὺς
1035 3972 1180 4027 οὕτω
1207 3972 1425 4043 βέϐαιον
1452 3969 1591 4027 εἶναι
1618 3973 1714 4025 καὶ
1744 3990 1841 4024 πε-

257 4059 508 4129 ριφανὲς,
553 4060 629 4124 ὡς
680 4062 877 4132 μηκέτι
919 4063 1103 4132 φωνῆς
1155 4064 1291 4134 μηδὲ
1346 4065 1568 4136 μνήμης
1608 4063 1837 4117 δεῖσθαι.

252 4152 421 4206 Οὕτω
461 4153 638 4206 τοίνυν
674 4157 766 4207 καὶ
796 4157 824 4207 ὁ
858 4156 1019 4225 σοφὸς
1061 4157 1153 4209 καὶ
1184 4157 1504 4221 ἁδίστακτος
1548 4157 1644 4230 τὴν
1687 4157 1842 4211 εὐσέ-

253 4245 411 4298 ϐειαν
459 4245 728 4317 Κύριλλος
755 4249 817 4301 τὸ
848 4249 978 4318 μίαν
1007 4248 1252 4315 δοξάζειν
1296 4250 1458 4321 φύσιν
1501 4250 1596 4303 τοῦ
1643 4252 1839 4320 Λόγου,

254 4341 355 4390 καὶ
410 4340 645 4410 ταύτην-
678 4342 1106 4415 σεσαρκωμένην
1126 4384 1142 4410 ,
1177 4345 1272 4398 καὶ
1322 4345 1442 4397 οὐδὲ
1469 4343 1626 4397 τοῦτο
1656 4344 1840 4407 ἁπλῶς

253 4429 399 4482 ἀλλὰ
421 4431 566 4502 ψυχῇ
584 4435 745 4504 νοερᾷ
767 4452 822 4488 τε
844 4435 886 4466 ¹⁰
905 4437 998 4489 καὶ
1027 4436 1243 4506 λογικῇ,
1267 4435 1423 4490 τοῦτο
1438 4436 1502 4507 δὴ
1520 4435 1679 4491 τοῦτο
1705 4453 1844 4505 προ-

256 4521 591 4577 καταϐαλὼν
617 4526 660 4556 ¹¹
702 4527 797 4578 καὶ
846 4527 1297 4598 προθεμελιώσας
1346 4529 1406 4581 ὲν
1445 4529 1563 4590 ταῖς
1585 4525 1846 4580 ἁπάντων

1936 2019 2100 2074 verba
2136 2018 2188 2072 in
2230 2019 2434 2087 synodo
2477 2017 2611 2071 lecta
2648 2015 2765 2070 hare
2795 2014 2931 2079 fere,
2969 2013 3088 2067 sive
3133 2023 3319 2064 veram
3368 2013 3524 2062 sonat

1939 2118 2344 2179 vocem,'quam
2378 2124 2446 2164 ex
2470 2108 2700 2177 epistola
2723 2107 2788 2161 ad
2815 2104 3131 2174 Dionysium
3152 2099 3444 2160 adducunt,
3470 2104 3526 2150 et

1938 2205 2175 2259 maxime
2236 2203 2544 2259 Nestorium
2606 2203 2871 2257 damnans
2919 2198 3060 2252 hanc
3114 2209 3222 2248 non
3278 2200 3523 2246 contem-

1943 2299 2072 2368 psit.

2009 2579 2090 2635 Ad
2115 2579 2228 2634 haec
2256 2586 2311 2632 et
2333 2575 2460 2631 illud
2489 2571 2794 2636 sciendum,
2826 2572 3043 2626 beatum
3067 2567 3325 2639 Cyrillum
3349 2567 3526 2623 homin

1940 2687 2063 2729 nem
2097 2684 2303 2740 ponere
2336 2682 2432 2738 pro
2452 2665 2726 2734 exemplo,
2752 2678 2856 2718 non
2885 2671 2944 2717 ut
2968 2661 3220 2716 ostendat
3245 2676 3404 2714 uitam
3433 2677 3525 2714 na-

1943 2776 2118 2819 turam
2149 2763 2206 2818 in
2239 2760 2458 2817 Christo
2508 2771 2726 2826 capere,
2793 2755 2888 2810 sed
2943 2765 3001 2808 ut
3043 2752 3239 2822 2720
3280 2765 3377 2820 per
3423 2752 3527 2806 hoc

1941 2859 2196 2913 unionem
2227 2853 2524 2910 constituat
2558 2847 2979 2922 hypostaticam.
3020 2847 3230 2900 Etenim
3267 2845 3319 2898 in
3351 2843 3526 2900 nostri

1940 2947 2364 3018 comparatione,
2405 2945 2636 2999 diversae
2687 2941 2872 2996 forma:
2912 2952 3114 3007 corpus
3153 2947 3211 2991 et
3260 2937 3522 3002 animam,

1943 3053 2003 3096 ut
2034 3042 2185 3095 unita
2241 3053 2400 3092 unam
2458 3034 2757 3106 perfectam
2814 3031 3049 3086 hominis
3103 3039 3377 3096 naturam,
3420 3044 3524 3084 non

1943 3130 2142 3201 adjecit
2187 3137 2523 3196 corporatam
2571 3132 2622 3177 et
2671 3122 2996 3184 animatum;
3047 3120 3100 3173 in
3134 3116 3314 3173 Verbo
3362 3133 3526 3172 unam

1944 3232 2193 3276 naturam
2223 3221 2426 3283 dicens,
2450 3216 2634 3272 statim
2660 3214 2904 3284 adjungit
2945 3213 3304 3268 iucarnatam.
3333 3210 3529 3265 Rarius

1945 3315 2086 3368 enim
2103 3311 2250 3366 illam
2274 3307 2527 3372 tacuisse,
2550 3321 2654 3361 non
2681 3302 3088 3375 repugnantiam
3109 3301 3526 3366 sententiarum,

1944 3408 2039 3462 sed
2093 3404 2266 3473 magis
2317 3399 2787 3457 conﬁrmationem
2843 3403 3096 3450 testatur.
3148 3393 3529 3464 Saepenumero

1944 3502 2090 3556 enim
2113 3499 2256 3571 quod
2276 3497 2397 3567 quis
2424 3496 2644 3551 assiduo
2671 3492 2888 3555 clamat,
2919 3498 2975 3546 et
3001 3489 3237 3544 validam
3268 3486 3386 3558 ejus
3410 3487 3528 3557 opi-

1945 3596 2161 3650 nionem
2202 3589 2455 3646 omnibus
2498 3585 2795 3652 inculcans,
2844 3583 2999 3637 novit
3039 3591 3097 3636 ut
3118 3581 3425 3636 confessum
3477 3586 3532 3634 et

1946 3688 2175 3749 clarum,
2203 3682 2484 3737 linterdum
2534 3677 2783 3742 tacendo,
2824 3675 3043 3731 silentio
3089 3689 3197 3729 non
3235 3673 3535 3730 contemnit

1945 3781 2088 3850 quod
2123 3777 2320 3846 saepius
2351 3773 2488 3830 dixit
2520 3789 2534 3826 :
2569 3770 2664 3826 sed
2699 3769 2992 3825 ostendens
3021 3769 3098 3823 ita
3129 3767 3342 3822 ﬁrmum
3372 3776 3535 3836 atque

1947 3882 2194 3942 apertum
2225 3883 2366 3932 esse,
2412 3877 2473 3922 ut
2517 3879 2618 3920 nec
2648 3864 2850 3927 verbis,
2888 3877 2988 3917 nec
3017 3861 3535 3917 commemoratione

1948 3962 2178 4031 amplius
2216 3959 2477 4027 indigeat.
2516 3955 2608 4011 Sie
2648 3954 2812 4024 igitur
2842 3953 3036 4008 doctus
3060 3961 3114 4005 et
3145 3953 3268 4020 pius
3312 3949 3536 4003 minime

1949 4055 2210 4110 vacillans
2259 4050 2494 4122 Cyrillus
2543 4063 2705 4102 unam
2735 4048 2892 4102 docet
2944 4043 3108 4098 Verbi
3159 4053 3433 4107 naturam,
3483 4049 3537 4094 et

1951 4147 2095 4201 illam
2120 4145 2491 4206 incarnatam;
2520 4140 2699 4194 ethoc
2723 4154 2827 4192 non
2853 4135 3201 4207 simpliciter,
3223 4132 3318 4187 sed
3351 4133 3536 4186 anima

1950 4237 2200 4294 rationali
2223 4244 2278 4292 et
2310 4232 2654 4304 intelligibili,
2678 4231 2796 4285 haec
2821 4242 3126 4291 assumens,
3153 4234 3208 4280 et
3233 4235 3390 4279 antea
3415 4221 3537 4276 fun-

1949 4337 2085 4390 dans
2130 4334 2182 4388 in
2235 4331 2476 4387 omnium
2522 4326 2722 4382 animis
2752 4340 2846 4396 per
2888 4323 3278 4393 cognitionem,
3324 4329 3381 4373 et
3428 4331 3537 4370 non

1951 4427 2365 4486 dubitationem,
2390 4432 2445 4478 et
2478 4431 2683 4476 naturae
2711 4414 3256 4486 comprehensionem
3283 4424 3349 4465 ex
3379 4417 3534 4480 parte

1954 4534 2232 4582 asserens,
2264 4515 2448 4571 omisit
2479 4513 2745 4582 reliquum
2769 4506 2948 4564 ell‘erri
2972 4514 3027 4560 et
3053 4502 3244 4558 audire
3283 4520 3297 4556 :
3334 4498 3538 4555 etenim

253 4609 482 4681 ψυχαῖς,
507 4612 597 4666 διά
629 4632 689 4667 τε
719 4616 1066 4688 τὸγνώριμον
1112 4617 1207 4672 καί
1235 4615 1722 4688 ἀναμφισϐήτητον
1753 4616 1840 4669 καὶ

1954 4611 2119 4667 multa
2155 4610 2378 4679 cogitat,
2419 4623 2524 4661 non
2554 4603 2731 4658 verbis
2749 4611 2804 4656 et
2828 4598 3135 4654 nominibus
3163 4606 3386 4651 sensum
3414 4605 3539 4646 cre-

254 4703 319 4754 τδ
353 4702 624 4774 σύντομον
647 4705 742 4776 τῆς
795 4706 983 4778 φωνῆς
1010 4709 1117 4762 ἀπὸ
1149 4709 1351 4780 μέρους
1375 4708 1544 4762 εἰπὼν
1566 4709 1748 4779 ἀφῆκε
1783 4708 1848 4762 τὸ

257 4791 448 4844 λοιπον
482 4798 943 4866 συνεκφωνεῖσθαι
973 4799 1068 4853 καὶ
1099 4799 1576 4865 συνεξακούεσθαι.
1605 4801 1717 4854 Καὶ
1739 4802 1849 4872 γάρ

259 4884 410 4937 ἐστιν
442 4878 598 4949 οὗτος
625 4889 653 4939 ὁ
685 4889 854 4952 πολὺς
883 4892 941 4942 ἐν
975 4890 1205 4962 διανοίᾳ,
1232 4892 1292 4943 οὐ
1333 4894 1448 4956 τοῖς
1494 4892 1703 4961 ῥήμασι
1753 4891 1849 4944 καὶ

260 4979 376 5038 τοῖς
433 4978 696 5048 ὀνόμασιν
749 4981 838 5034 ἀεὶ
896 4981 987 5036 τὸν
1023 4981 1149 5036 νοῦν
1171 4983 1612 5048 καταπιστεύων,
1646 4985 1758 5045 τοῖς
1787 4982 1846 5035 δὲ

259 5067 505 5137 νοήμασι
537 5069 630 5122 καὶ
657 5070 726 5123 τὰ
745 5071 970 5142 ῥήματα
1002 5073 1096 5126 καὶ
1126 5073 1460 5145 τά,ὀνόματα
1491 5073 1848 5144 συμμεταφέ-

265 5174 378 5226 ρων
407 5173 470 5209 τε
499 5159 592 5211 καὶ
622 5159 1126 5233 μεθαρμοξόμενος.
1162 5164 1362 5218 ’Ἄκουε
1385 5165 1496 5238 γὰρ
1541 5164 1594 5218 τί
1643 5166 1744 5235 μὲν
1796 5167 1853 5218 ἐν

259 5247 340 5316 τῷ
365 5246 571 5319 πρώτῳ
592 5249 711 5302 τῶν
739 5252 1065 5321 θησαυρῶν
1091 5253 1262 5321 λέγει,
1287 5255 1340 5307 τί
1373 5255 1429 5308 δὲ
1464 5257 1522 5307 ὲν
1551 5258 1670 5318 ταῖς
1717 5255 1855 5326 πρὸς

260 5337 568 5391 Σούκενσον
595 5341 922 5405 ἐπιστολαῖς.
961 5345 1050 5396 Ἐν
1087 5344 1281 5417 ἐκείνῳ
1317 5347 1416 5415 μὲν
1444 5347 1551 5415 γάρ
1579 5363 1713 5417 φησι
1765 5345 1856 5398 τὸν

262 5430 402 5482 Θεὸν
429 5433 472 5462 ⁸³
491 5432 686 5500 Λάγον,
718 5435 860 5505 ὑπὲρ
882 5438 912 5506 ή
924 5437 1040 5506 μῶν
1067 5438 1326 5510 ἀρχιερέα
1361 5439 1647 5508 γεγονότα,
1667 5439 1858 5512 ὥσπερ

260 5525 389 5579 τινὰ
432 5527 645 5598 ποδήρη
694 5529 788 5582 τὸν
838 5531 903 5584 ἐκ
951 5532 1170 5601 Μαρίας
1219 5533 1507 5601 ἄνθρωπον
1542 5535 1575 5604 ἢ
1616 5533 1707 5587 τὸν
1733 5534 1860 5587 ναὸν

1945 4706 2045 4770 dit,
2077 4703 2171 4758 sed
2217 4709 2400 4756 mente
2448 4701 2612 4752 verba
2664 4705 2718 4750 et
2765 4693 2985 4770 nomina
3036 4687 3326 4743 conferens
3378 4692 3541 4752 atque

1945 4796 2388 4854 accommodans.
2405 4789 2634 4844 Attende
2647 4785 2775 4856 quid
2791 4784 2929 4839 libro
2947 4783 3121 4850 primo
3149 4779 3540 4834 Thesaurorum

1945 4889 2111 4952 dicat,
2143 4894 2197 4940 et
2225 4883 2352 4952 quid
2389 4882 2442 4934 in
2490 4877 2735 4948 epistolis
2767 4874 2834 4928 ad
2882 4874 3240 4928 Succensum.
3276 4869 3352 4924 lbi
3396 4866 3541 4922 enim

1946 4981 2080 5035 dicit
2114 4997 2128 5032 :
2155 4977 2324 5031 Deum
2350 4972 2576 5027 Verbum
2610 4985 2705 5038 pro
2738 4969 2886 5022 nobis
2933 4979 3195 5020 sumntum
3227 4959 3540 5032 pontiﬁcem

1956 5073 2177 5144 factum,
2207 5080 2458 5137 tanquam
2475 5073 2663 5119 vestem
2685 5061 2944 5128 aliquam,
2967 5073 3032 5112 ea:
3062 5056 3239 5112 Maria
3261 5053 3546 5115 hominem,

1956 5165 2032 5220 vel
2081 5162 2330 5230 templum
2368 5171 2650 5212 resumere.
2689 5153 2789 5208 Hic
2823 5167 2954 5206 vero
2990 5169 3003 5204 :
3049 5147 3172 5204 Non
3200 5146 3546 5215 homoigitur

1960 5256 2133 5326 [actus
2174 5262 2272 5316 est,
2314 5265 2417 5303 non
2446 5255 2621 5301 autem
2661 5245 2924 5298 hominem
2975 5239 3223 5295 assumit.
3265 5233 3550 5303 Quomodo

1960 5362 2090 5414 ergo
2113 5346 2183 5400 ibi
2206 5341 2447 5414 quidem,
2485 5356 2589 5393 non
2614 5337 2924 5405 assumpsit,
2957 5335 3044 5389 hic
3077 5349 3207 5388 vero
3229 5327 3551 5396 assumpsit?

1967 5437 2217 5505 Seipsnm
2259 5431 2547 5502 explanat;
2599 5429 2820 5483 adducit
2876 5427 3022 5480 enim
3056 5423 3309 5480 Nestorio
3356 5420 3548 5473 videri.

1968 5530 2109 5597 Quid
2139 5529 2240 5583 hoc
2263 5527 2409 5581 aliud
2429 5530 2511 5580 est
2537 5522 2638 5577 nisi
2663 5519 2844 5575 verbis
2866 5533 3088 5575 sensum
3119 5515 3363 5576 credere,
3387 5510 3550 5563 verba

1574 5690 1814 5746 VARUE
1851 5687 2266 5745 LECTIONES.

341 5826 363 5858 '
388 5826 769 5896 ἐπανέγνωσεν
801 5846 860 5892 ς.

272 5896 320 5929 ‘-°
353 5899 514 5966 νοερᾷ
535 5913 597 5952 τε
632 5904 673 5953 Λ
708 5903 811 5971 ετῇ
842 5904 1001 5971 νοερᾷ
1036 5919 1093 5964 ς.
1153 5896 1214 5932 ἠ
1241 5900 1673 5972 προκαταλαϐὼν
1702 5917 1762 5964 ς.

939 5830 958 5859 ⁸
982 5830 1442 5898 διαναγνωσθεῖσα
1484 5849 1542 5893 ς’.
1623 5830 1644 5860 ⁷
1677 5828 2010 5882 ἀπετέλεσαν
2042 5827 2313 5897 ἀνθρώπῳ
2346 5846 2407 5892 ς.

1839 5900 1880 5930 ¹²
1914 5899 2038 5953 libri
2064 5899 2226 5955 θεῖον.

2499 5827 2518 5858 ⁸
2551 5820 2957 5894 ὲμψυχωμένην
2981 5835 3040 5882 ς.
3119 5818 3138 5847 ⁹
3170 5807 3436 5880 ἐκήρυξεν
3487 5823 3549 5870 ς.
