3994 6440
595 410 730 478 1047

1750 410 2008 471 PHOTII
2031 409 2468 472 PATRIARCH
2489 411 2538 469 Ε
2577 409 2684 470 CP.

3689 411 3808 480 tots

591 537 715 580 seos
747 534 877 575 voce
915 528 1121 574 natura:
1160 517 1257 574 uti.
1299 519 1407 574 Sed
1453 519 1582 575 illud
1623 517 1688 574 de
1721 517 1866 576 Julio
1907 521 2033 576 licet
2076 519 2139 576 dit

2259 521 2382 575 How
2413 520 2726 586 ἀκόλουθον,
2756 519 2874 572 ἀντὶ¹
2922 522 3020 590 τῆς
3048 520 3394 588 ὑποστάσεως
3424 528 3493 597 τῇ
3543 525 3681 591 λέξει
3726 533 3809 600 τῆς

590 632 736 670 cere.

658 811 738 865 Ad
769 811 882 865 huic
905 810 1153 864 haeretica
1179 807 1461 876 impudens
1484 806 1746 860 sententia
1776 805 1906 860 dicit
1933 821 1947 859 :
1977 806 2155 872 Quare

588 919 694 959 non
730 901 1183 974 quemadmodum
1217 917 1286 956 ex
1325 899 1533 954 duabus
1561 899 1767 952 naturis
1793 898 2035 954 dicentes
2059 900 2155 953 ho-

588 995 811 1058 minem,
846 993 1039 1048 deinde
1079 992 1487 1062 posLunionem
1522 1000 1574 1044 et
1600 1004 1760 1043 unam
1798 990 1970 1059 ipsius
2000 999 2154 1043 natu-

589 1089 739 1142 ram?
761 1086 943 1155 Neque
961 1086 1125 1140 etiam
1149 1086 1422 1140 Christum
1445 1097 1476 1137 e
1496 1084 1706 1138 duabus
1730 1084 1942 1137 naturis
1971 1083 2155 1137 dicen-

591 1190 692 1242 tes,
725 1194 885 1232 unam
919 1176 1157 1246 ejusdem
1203 1187 1450 1230 naturam
1487 1185 1608 1246 post
1640 1177 1892 1230 unionem
1926 1177 2153 1229 confite-

587 1271 741 1326 mur?
767 1269 936 1325 Unam
967 1268 1183 1338 quidem
1227 1277 1474 1322 naturam
1524 1268 1726 1322 scimus
1766 1270 2147 1336 compositum,

584 1378 652 1418 ac
678 1363 1007 1418 resolutoria
1041 1361 1123 1416 usi
1165 1361 1460 1424 schemate,
1490 1361 1622 1414 duas
1655 1359 2022 1415 coincidentes
2057 1375 2152 1424 ag-

584 1455 877 1509 noscimus.
936 1451 1041 1507 Sed
1090 1453 1206 1506 bzec
1250 1451 1444 1520 quaerit
1495 1450 1746 1505 haeretica
1795 1451 2142 1520 impudentia.

585 1545 800 1599 Discant
857 1541 1112 1611 imperiti,
1137 1541 1240 1596 hoc
1289 1539 1646 1609 compositum
1692 1556 1854 1593 unam
1898 1549 2146 1592 naturam

579 1637 700 1691 sine
751 1635 1137 1704 impedimento
1179 1632 1307 1696 dici,
1348 1633 1561 1700 quando
1590 1644 1688 1685 nec
1728 1631 1944 1701 proprie
1977 1631 2029 1685 in
2062 1645 2147 1684 eo.

579 1728 699 1782 dent
731 1723 1020 1793 simplicia,
1060 1738 1126 1777 ex
1166 1721 1361 1790 quibus
1401 1719 1732 1788 compositus
1774 1729 1877 1785 est,
1929 1720 2143 1774 nomina

580 1819 850 1873 dicantur.
905 1814 1066 1870 Velut
1117 1815 1389 1868 hominem
1441 1812 1618 1866 nullus
1664 1826 1862 1878 corpus
1908 1811 2141 1880 proprie,

2262 616 2477 683 φύσεως
2525 610 2851 684 χρήσασθαι.
2888 612 3047 667 Ἀλλὰ
3101 614 3272 669 ταῦτα
3323 615 3418 687 μὲν
3445 618 3590 684 ὑπὲρ
3618 618 3807 673 Ἰουλίου

2261 707 2377 760 ἔστι
2429 705 2616 774 φάναι.

2333 797 2454 850 Ἔτι
2503 796 2559 850 δὲ
2605 796 2666 849 τὸ
2714 795 2990 868 αἱρετικὸν
3040 798 3386 868 ἀναισχυντεῖ
3435 801 3708 871 φρόνημα,
3733 822 3810 859 και

2260 907 2411 962 φησι’
2434 889 2532 944 Διὰ
2556 889 2608 942 τί
2627 889 2722 960 μὴ,
2749 889 2999 960 καθάπερ
3025 891 3088 942 ὲκ
3112 889 3205 944 δύο
3233 892 3446 959 φύσεων
3475 893 3719 960 λέγοντες
3736 898 3811 951 τὸν

2259 980 2564 1051 ἄνθρωπον,
2589 977 2709 1034 εἶτα
2745 982 2880 1050 μετὰ
2910 981 3008 1051 τὴν
3037 979 3232 1035 ἕνωσιν
3260 983 3352 1036 καὶ
3389 983 3519 1052 μίαν
3552 986 3710 1039 αὑτοῦ
3729 989 3811 1060 τὴν

2259 1072 2440 1142 φύσιν,
2477 1073 2550 1142 μὴ
2581 1073 2675 1125 καὶ
2706 1072 2797 1126 τὸν
2825 1072 3062 1142 Χριστὸν
3093 1074 3157 1126 ὲκ
3185 1072 3279 1127 δύο
3328 1075 3547 1144 φύσεων
3592 1078 3812 1146 λέγοντες

2261 1164 2389 1233 μίαν
2416 1161 2582 1216 αὑτοῦ
2611 1162 2708 1234 τὴν
2739 1162 2900 1231 φύσιν
2948 1162 3086 1233 μετὰ
3111 1163 3210 1234 τὴν
3237 1165 3430 1219 ἕνωσιν
3464 1167 3813 1237 ἀνομολογού-

2260 1271 2393 1324 μεν;
2424 1255 2569 1309 Μίαν
2601 1255 2700 1324 μὲν
2731 1254 2841 1326 γὰρ
2871 1255 3028 1325 ι’σμεν
3058 1255 3221 1325 φύσιν
3248 1258 3310 1310 τὸ
3340 1258 3617 1324 σύνθετον,
3641 1261 3813 1314 ἀναλυ-

2254 1347 2391 1416 τικῶ
2419 1347 2476 1400 δὲ
2510 1347 2838 1418 κεχρημένοι
2870 1348 3056 1419 τρόπῳ
3085 1349 3177 1402 δύο
3197 1352 3294 1414 τὰς
3319 1350 3678 1415 συνελθούσας
3695 1370 3812 1420 γνωο

2257 1439 2494 1511 ρίζομεν.
2514 1438 2651 1492 Ἀλλ’
2681 1441 2713 1510 ἠ
2749 1439 2847 1510 μὲν
2871 1441 3122 1514 αίρετικὴ
3169 1443 3534 1512 ἀναισχυντία
3583 1442 3702 1515 [N9
3733 1444 3810 1517 ιι]

2251 1532 2502 1602 ἐπιζητεῖ
2523 1533 2568 1563 ’⁸
2616 1531 2808 1586 ταῦτα.
2838 1533 3274 1589 Μανθανέτωσαν
3305 1535 3363 1589 δὲ
3393 1537 3444 1589 οἱ
3480 1537 3723 1590 ἀσύνετοι
3746 1538 3812 1592 ὅτι

2251 1625 2375 1678 τότε
2423 1623 2486 1677 τὸ
2532 1623 2785 1679 σύνθετον
2839 1626 2937 1697 μία
2984 1627 3146 1695 φύσις
3195 1627 3495 1692 ἀκωλύτως
3511 1631 3556 1662 ⁸⁷
3598 1629 3809 1696 λέγεται,

2253 1716 2414 1786 ἡνίκα
2462 1715 2538 1786 μὴ
2585 1716 2791 1788 κυρίως
2825 1717 2911 1771 ἐπ’
2940 1718 3105 1772 αὑτοῦ
3152 1719 3224 1772 τὰ
3269 1719 3377 1774 τῶν
3426 1720 3636 1786 ἁπλῶν,
3669 1721 3722 1786 ἐξ
3749 1716 3811 1776 ὧν

2254 1807 2531 1878 συνετέθη,
2562 1808 2802 1878 ὀνόματα
2829 1809 3068 1879 λέγεται.
3105 1807 3232 1866 Οἷον
3254 1813 3347 1867 τὸν
3371 1812 3472 1868 ἄνθ
3483 1830 3678 1884 ρωπων
3705 1815 3809 1868 οὔτε

577 1922 754 1976 neque
781 1905 1016 1960 animam
1043 1905 1259 1974 proprie
1287 1901 1599 1971 appellabit.
1637 1899 1822 1970 Neque
1852 1900 1996 1955 enim
2026 1914 2139 1954 cor-

2252 1902 2410 1971 σῶμα
2456 1901 2524 1954 ἄν
2570 1919 2654 1965 τις
2681 1902 2728 1934 ³⁸
2772 1903 2979 1974 κυρίως
3004 1903 3126 1958 οὔτε
3151 1905 3331 1976 ψυχὴν
3363 1907 3547 1960 εῐποι·
3578 1907 3692 1961 οὐδὲ
3720 1907 3810 1978 γὰρ

576 2000 728 2069 poris
776 2012 952 2067 neque
1004 1996 1198 2049 anima:
1249 1995 1484 2048 termino
1537 1993 1853 2048 includitur.
1909 1991 2144 2047 Abusive

575 2090 792 2160 quidem
818 2073 958 2157 saepe
981 2096 1035 2141 et
1059 2087 1251 2141 leniter
1276 2084 1556 2140 familiaris
1580 2097 1762 2139 sermo
1785 2098 1972 2153 parum
1996 2082 2146 2136 lima—

576 2190 684 2243 tus,
714 2191 768 2234 et
802 2194 972 2233 sacrae
1013 2177 1308 2245 Scriptura:
1339 2175 1562 2245 spiritus
1604 2189 1734 2228 usus
1774 2173 2044 2231 libertate.
2077 2186 2146 2227 ex

573 2282 727 2341 parte
753 2281 922 2325 totum
952 2268 1223 2324 Imminem
1253 2267 1603 2322 denominant
1631 2284 1644 2321 :
1680 2267 1926 2320 nolumus
1962 2263 2146 2320 subire

567 2363 759 2433 jugum
801 2361 1081 2417 servitutis
1119 2359 1415 2413 dialecticae
1447 2357 1718 2411 vanitatis.
1756 2354 1985 2423 Quando
2009 2351 2148 2408 inef-

570 2455 752 2510 fabilis
771 2463 933 2523 atque
956 2449 1520 2522 incomprehensibilis
1542 2450 1756 2506 unionis
1773 2463 1948 2518 neque
1965 2463 2145 2503 exem-

572 2546 691 2617 plar
721 2545 890 2616 magis
935 2543 1212 2615 proprium
1248 2557 1460 2597 sumere
1495 2543 1618 2611 quis
1652 2542 1858 2612 possit;
1909 2550 1964 2595 et
1995 2555 2143 2596 asse-

569 2645 756 2694 rentes
789 2636 1060 2691 Christum
1102 2650 1170 2690 ex
1215 2634 1554 2688 humanitate
1599 2641 1653 2687 et
1698 2632 1984 2687 divinitate
2020 2646 2145 2686 con-

568 2741 736 2796 stare,
766 2731 996 2786 dicimus
1031 2729 1281 2784 eumdem
1322 2727 1575 2783 similiter
1618 2735 1672 2782 et
1703 2726 1869 2780 Deum
1894 2724 2140 2779 eumdem

565 2834 624 2879 at
662 2821 962 2876 hominem.
999 2821 1336 2889 QuaprOpter
1380 2818 1596 2888 proprie
1637 2833 1701 2872 ac
1754 2831 1880 2872 vere
1929 2830 2144 2885 semper

566 2913 734 2982 Virgo
768 2913 939 2966 Maria
976 2910 1206 2982 Deipara
1249 2910 1470 2966 dicitur.
1521 2911 1860 2980 Quapropter
1908 2907 2144 2962 hominis

566 3005 847 3074 exemplar
886 3014 1089 3060 temere
1122 3005 1190 3060 ab
1227 3003 1656 3074 imprudentibus
1684 3001 1738 3057 in
1769 2997 2138 3057 calumniandi

562 3097 904 3152 occasionem
943 3099 1124 3163 vertit,
1171 3104 1226 3151 et
1262 3096 1564 3151 evertenda:
1590 3094 1805 3149 unionis
1841 3090 2139 3148 secundum

564 3188 879 3258 liypostasin
909 3188 1188 3244 inconfuse
1213 3197 1268 3242 et
1291 3187 1582 3240 indiscrete
1599 3186 1826 3240 duarum
1851 3185 1901 3236 in
1922 3181 2139 3236 Christo

564 3290 885 3334 naturam-zu

635 3455 771 3521 Quia
802 3455 1052 3509 Christus
1084 3452 1225 3507 Deus
1249 3462 1431 3507 noster
1461 3459 1754 3519 utrumque
1784 3457 1870 3504 est
1899 3449 2134 3518 proprie,

561 3543 761 3617 2741)
792 3543 937 3599 unde
989 3550 1095 3607 est,
1137 3551 1192 3596 et
1229 3543 1425 3596 dicitur
1461 3542 1624 3594 veluti
1657 3540 1804 3594 Dens
1837 3547 1891 3593 et
1928 3540 2132 3594 homo:

561 3639 655 3692 alii
693 3636 846 3689 multi
896 3635 1153 3702 clamant,
1202 3645 1256 3687 et
1299 3645 1518 3687 sanctus
1554 3631 1790 3702 Cyrillus
1823 3631 1876 3684 in
1910 3630 2137 3699 epistola

564 3728 632 3783 ad
680 3718 1036 3790 Sticcensnm,
1067 3743 1231 3781 unum
1267 3735 1322 3780 et
1345 3725 1592 3780 eumdem
1628 3727 1728 3779 hoc
1755 3734 1809 3780 et
1843 3723 1971 3777 illud
2015 3738 2137 3778 esse

562 3820 718 3875 dicit.
742 3819 809 3873 Et
836 3819 1088 3873 similiter
1137 3819 1203 3872 ad
1239 3817 1582 3872 Valerianum
1613 3815 1779 3872 lconii
1821 3816 2135 3886 episcopum

562 3909 752 3964 scribit
789 3927 804 3965 :
839 3908 1015 3974 Quare
1039 3910 1350 3978 conﬁtemur
1377 3911 1514 3978 quod
1549 3924 1580 3959 α
1613 3923 1770 3961 carne
1795 3907 2003 3978 quidem
2038 3918 2136 3973 est,

560 4016 771 4055 carnem
801 4016 932 4064 esse,
956 3999 1097 4069 quod
1128 4017 1159 4053 a
1189 3998 1295 4052 Deo
1324 3997 1492 4051 Deum
1515 4013 1646 4059 esse,
1680 3997 1965 4051 secundum
1996 3996 2136 4049 idem

563 4103 782 4156 utraque
824 4091 1083 4156 Christus,
1125 4107 1261 4143 unus
1302 4089 1496 4153 Filius,
1522 4106 1658 4142 unus
1707 4089 1985 4157 Dominus,
2017 4105 2138 4143 cum

557 4185 773 4254 propria
802 4200 900 4238 sua
931 4200 1110 4241 carne.
1151 4181 1390 4252 Utraque
1417 4182 1563 4237 enim
1610 4181 1738 4252 quid
1766 4182 1910 4236 aliud
1943 4183 2139 4236 contir-

558 4286 690 4343 ntat,
725 4292 886 4347 quam
932 4277 1182 4331 eumdem
1230 4289 1348 4331 esse
1379 4274 1553 4329 Deum
1598 4285 1654 4330 et
1693 4275 1991 4331 hominem.
2029 4274 2135 4330 Sed

555 4364 685 4420 :Icet
722 4365 839 4419 hac
869 4364 1195 4418 vociferetur
1224 4363 1481 4434 Cyrillus,
1518 4374 1698 4418 tamen
1725 4364 1984 4420 allatrare
2003 4381 2136 4420 non-

556 4456 688 4511 nulli
742 4456 858 4510 ausi
901 4465 1046 4522 sunt,
1093 4456 1246 4525 quasi
1269 4456 1517 4512 Christus
1548 4471 1617 4511 ex
1651 4456 1936 4513 divinitate
1971 4468 2136 4527 atque

2245 1991 2353 2044 οὐδ’
2382 1991 2688 2057 ὲπιδὲξαιτο
2716 1993 2784 2047 ἂν
2816 1993 2940 2047 οὗτε
2981 1995 3072 2048 τὸν
3121 1995 3216 2049 τοῦ
3270 1996 3554 2067 σώματος,
3580 1997 3698 2050 οὔτε
3735 1999 3809 2051 τὸν

2243 2082 2345 2153 τῆς
2381 2083 2560 2153 ψυχῆς
2604 2086 2729 2156 ὅρον
2755 2100 2770 2115 ⁸
2800 2086 3257 2156 καταχρηστικῶς
3294 2087 3486 2158 μέντοι
3516 2087 3808 2158 πολλάκιςῆ

2244 2191 2306 2228 τε
2335 2176 2442 2230 ἀνὰ
2469 2179 2626 2247 χεῖρα
2654 2177 2838 2246 ὁμιλία
2878 2178 2940 2232 τὸ
2986 2179 3213 2249 ἀκριϐὲς
3256 2180 3702 2251 παρατρέχουσα,
3730 2182 3809 2232 καὶ

2243 2269 2314 2323 τὰ
2345 2269 2465 2339 ἱερὰ
2504 2270 2659 2339 λόγια
2687 2273 2754 2341 τῇ
2787 2271 3071 2343 ἐλευθερίᾳ
3104 2273 3425 2344 κεχρημένα
3454 2273 3551 2326 τοῦ
3589 2272 3808 2342 πνεύμα-

2243 2379 2355 2426 τος,
2387 2363 2453 2415 ὲκ
2505 2363 2703 2432 μέρους
2751 2365 2843 2416 τὸν
2889 2364 3011 2417 ὅλον
3055 2365 3345 2436 ἄνθρωπον
3389 2367 3806 2436 ἐπονομάζουσι,

2246 2452 2397 2524 ζυγῷ
2419 2454 2661 2518 δουλείας
2690 2455 2787 2522 τῆς
2809 2454 3161 2523 διαλεκτικῆς
3191 2457 3561 2528 ματαιότητος
3587 2456 3806 2510 ὑπείκειν

2242 2547 2345 2600 οὑκ
2393 2547 2700 2617 ἀνεχόμενα
2713 2549 2780 2601 ’³.
2798 2547 2923 2600 Ἐπὶ
2948 2549 3006 2601 δέ
3033 2565 3096 2616 γε
3125 2549 3223 2620 τῆς
3249 2549 3500 2621 ἀρρήτου
3527 2550 3620 2603 καὶ
3646 2550 3806 2600 ἀνεπι-

2243 2640 2440 2710 νοήτου
2485 2638 2732 2703 ἑνώσεως
2777 2639 2902 2694 οὔτε
2947 2641 3300 2711 παράδειγμα
3337 2641 3534 2694 λαϐεῖν
3576 2640 3806 2694 οἱκειότε·

2246 2750 2340 2804 ρον
2363 2733 2408 2764 ³⁰
2437 2731 2641 2784 δύναιτ’
2673 2731 2738 2785 ἄν
2767 2749 2871 2796 τις,
2922 2731 3016 2786 καὶ
3066 2732 3316 2800 λέγοντες
3358 2733 3457 2786 τὸν
3507 2731 3730 2803 Χριστὸν
3752 2733 3806 2782 ὲκ

2244 2824 2495 2895 θεότητος
2520 2825 2613 2878 καὶ
2635 2823 3078 2893 ἀνθρωπότητος,
3119 2823 3302 2894 φαμὲν
3327 2823 3495 2876 αὑτὸν
3528 2822 3716 2892 ὁμοίως
3731 2820 3806 2872 καὶ

2243 2918 2378 2971 Θεὸν
2419 2915 2512 2968 τὸν
2555 2915 2718 2969 αὑτὸν
2766 2916 2860 2968 καὶ
2901 2915 3221 2986 ἄνθρωπον
3251 2914 3332 2968 διὸ
3363 2915 3464 2967 καί⁵
3498 2914 3696 2984 κυρίως
3728 2909 3804 2963 καὶ

2244 3008 2459 3078 ἀληθῶς
2487 3010 2522 3078 ἡ
2563 3005 2804 3075 παναγία
2836 3005 3116 3076 Παρθένος
3151 3004 3415 3069 Θεοτόκος
3447 3002 3804 3074 πρεσϐεύεται.

2243 3101 2409 3153 Ὠστε
2442 3098 2620 3169 μάτην
2647 3096 3033 3169 ὲκακουργήθη
3059 3098 3173 3160 τοῖς
3195 3095 3476 3158 ἀσυνέτοις
3498 3095 3562 3149 τὸ
3582 3092 3714 3147 κατὰ
3730 3091 3803 3143 τὸν

2243 3188 2529 3259 ἄνθρωπον
2563 3185 2915 3258 παράδειγμα
2959 3185 3042 3248 είς
3088 3184 3341 3255 διαϐολὴν
3388 3185 3492 3238 καὶ
3517 3179 3830 3250 ἀνατροπὴν-

2239 3280 2336 3350 τῆς
2370 3277 2676 3348 ἁσυγχύτου
2721 3277 2818 3330 καὶ
2860 3276 3167 3348 ἀδιαιρέτου
3202 3276 3312 3331 τῶν
3334 3275 3432 3330 δύο
3463 3274 3560 3329 τοῦ
3592 3269 3800 3346 Χριστοῦ

2237 3365 2453 3432 φύσεων
2481 3364 2606 3419 καθ’
2629 3364 2932 3418 ὑπόστασιν
2961 3363 3236 3428 ἑνώσεως.

2311 3456 2433 3508 ’Ότι
2463 3455 2520 3508 δὲ
2554 3455 2788 3526 Χριστὸς
2819 3458 2848 3509 ό
2880 3456 3013 3515 Θεὸς
3057 3455 3216 3526 ἡμῶν
3261 3454 3472 3526 κυρίως
3525 3453 3800 3523 ἀμφότερα,

2237 3547 2299 3611 ἐξ
2331 3540 2404 3600 ὧν
2437 3547 2543 3619 [τέ]
2579 3549 2718 3609 ἐστι,
2749 3547 2969 3616 λέγεται
2989 3547 3057 3612 ³⁸,
3086 3542 3200 3601 οἷον
3228 3547 3362 3608 Θεὸς
3389 3547 3490 3599 καλ⁵
3518 3545 3795 3614 ἄνθρωπος,

2238 3637 2388 3691 ἄλλοι
2416 3653 2477 3688 τε
2507 3635 2694 3689 πολλοὶ
2721 3635 2908 3706 βοῶσι,
2939 3636 3039 3690 καὶ
3062 3637 3091 3688 ὁ
3117 3635 3257 3697 θεῖος
3287 3635 3346 3688 δὲ
3376 3633 3644 3704 Κύριλλος
3669 3632 3720 3684 ὲν
3739 3629 3794 3698 τῇ

2242 3729 2380 3798 πρὸς
2426 3728 2725 3782 Σούκενσον
2757 3729 3013 3799 ἐπιστολῇ
3080 3727 3176 3780 ἕνα
3224 3728 3358 3796 φησὶ
3389 3727 3488 3781 καὶ
3536 3725 3624 3780 τὸν
3660 3721 3798 3775 αὐτὸν

2241 3817 2399 3870 τοῦτο
2444 3819 2667 3870 κάκεῖν’)
2715 3816 3005 3886 ὑπάρχειν.
3041 3815 3152 3869 Καὶ
3198 3814 3335 3883 πρὸς
3371 3811 3724 3884 Οὐαλεριανὸν
3750 3806 3798 3859 δὲ

2237 3910 2332 3962 τὸν
2349 3911 2394 3941 ³³
2429 3909 2651 3963 Ἰκονίου
2700 3908 3000 3963 ἐπίσκοπον
3049 3908 3252 3977 ὁμοίως
3298 3907 3539 3977 γράφει·
3593 3900 3798 3958 Οὐκοῦν

2239 3999 2651 4071 ὁμολογοῦμεν
2666 3999 2713 4033 ³³
2744 4000 2826 4067 ὡς
2851 3999 2970 4070 μὲν
2994 3999 3066 4052 τὰ
3083 3998 3203 4054 ἀπὸ
3234 3997 3466 4067 σαρκὸς
3493 3994 3645 4065 σάρξ
3667 3992 3794 4055 ἐστι,

2239 4092 2307 4147 τὸ
2345 4093 2414 4146 δὲ
2441 4094 2510 4148 ἐκ
2543 4093 2693 4147 Θεοῦ
2729 4093 2874 4158 Θεός
2901 4093 3063 4157 ἐστι,
3098 4090 3250 4145 κατὰ
3274 4090 3501 4145 ταύτὸν
3527 4088 3794 4157 ἀμφότερα

2237 4186 2513 4254 Χριστὸς,
2539 4179 2630 4252 εἷς
2656 4184 2743 4238 ὢν
2780 4186 2935 4252 Υἱὸς,
2967 4181 3055 4250 εἷς
3082 4185 3298 4253 Κύριος
3331 4183 3486 4253 μετὰ
3527 4179 3630 4248 τῆς
3668 4176 3796 4238 ιδίας

2237 4276 2425 4332 αὐτοῦ
2457 4278 2704 4345 σαρκός.
2734 4277 2808 4329 Τὸ
2836 4277 2944 4347 γὰρ
2978 4275 3268 4346 ἀμφότερα
3306 4275 3362 4328 τί
3405 4274 3536 4329 ἄλλο
3566 4273 3597 4343 ἢ
3623 4263 3793 4324 ὄτιό¹⁸

2239 4372 2401 4434 αὑτός
2450 4372 2566 4423 ἐστι
2619 4369 2715 4423 καὶ
2746 4369 2878 4434 Θεὸς
2921 4368 3016 4423 καὶ
3063 4367 3352 4438 ἄνθρωπος
3381 4366 3620 4436 βεϐαιοῖς
3663 4355 3792 4414 Ἀ).λᾶ

2241 4463 2420 4518 καίτοι
2446 4462 2620 4515 ταῦτα
2651 4459 2880 4530 βοῶντος
2894 4461 2976 4513 Κυ
2986 4459 3183 4530 ρίλλου,
3209 4460 3358 4529 ὅμως
3375 4454 3667 4528 ἐτόλμησάν
3676 4463 3792 4507 τινες

555 4550 939 4614 humanitate,
977 4563 1151 4618 neque
1197 4549 1359 4605 homo
1401 4563 1578 4618 neque
1616 4547 1758 4602 Deus
1805 4549 1894 4603 sit.
1941 4547 2128 4618 Neque

2244 4556 2486 4609 ὑλακτεῖν
2511 4553 2585 4617 ὡς
2605 4555 2691 4624 ὁ,Χ
2700 4552 2877 4623 ριστὸς
2894 4552 2958 4605 ὲκ
2983 4551 3235 4621 θεότητος
3254 4552 3352 4622 μέν
3368 4553 3486 4604 ἐστι
3513 4548 3604 4602 καὶ
3617 4541 3791 4638 ἀνθρωὶ

552 4637 702 4692 Pauli
733 4638 859 4694 illud
883 4639 1142 4693 divinitus
1171 4638 1490 4710 inspiratum
1523 4648 1580 4694 et
1604 4637 1742 4692 elata
1769 4653 1903 4692 voce
1927 4639 2128 4693 dictum

554 4741 890 4794 reverentur,
923 4731 1014 4800 qni
1048 4730 1458 4801 clamatzllesus
1484 4728 1730 4784 Christus
1753 4729 1866 4783 heri
1882 4739 1929 4783 et
1949 4731 2128 4797 hodie,

552 4821 658 4888 ipse
688 4833 734 4875 et
759 4823 813 4875 in
841 4823 1034 4876 swcula
1054 4833 1103 4876 I.
1135 4821 1239 4878 Per
1265 4823 1428 4877 illud:
1457 4823 1570 4874 heri
1597 4833 1644 4875 et
1673 4824 1848 4887 hodie,
1880 4825 2130 4878 eumdem

552 4913 828 4967 hominem
869 4914 1185 4982 confessus;
1229 4930 1324 4983 per
1376 4915 1498 4979 hoc,
1533 4917 1586 4966 in
1627 4914 1843 4978 swcula,
1881 4915 2129 4969 eumdem

551 5001 720 5057 Deum
771 5006 1044 5070 pratdicat.
1100 5005 1163 5059 Et
1223 5006 1465 5059 iterum:
1503 5004 1650 5059 Unus
1704 5005 1862 5068 Deus,
1903 5023 2038 5058 unus
2083 5016 2129 5058 et

552 5095 810 5146 mediator
863 5097 953 5148 Dei
1009 5105 1057 5149 et
1103 5095 1373 5148 hominum
1428 5097 1581 5148 homo
1632 5096 1786 5149 Jesus
1825 5094 2064 5150 Christus
2084 5104 2128 5147 ι.

548 5181 727 5250 Quare
745 5188 963 5253 proprie
976 5185 1226 5242 Christus
1245 5197 1298 5242 et
1321 5188 1461 5240 Deus
1482 5197 1536 5240 ct
1559 5189 1737 5241 homo.
1763 5190 1938 5256 Atque
1963 5190 2129 5242 Atha—

550 5275 759 5339 nasius,
801 5293 1116 5345 germanum
1154 5295 1211 5333 se
1257 5278 1407 5331 Pauli
1452 5278 1771 5346 discipulum
1811 5282 2125 5341 ostendens,

622 5419 646 5457 γ
685 5411 855 5466 llebr.
893 5431 1012 5477 xm,
1045 5417 1097 5469 8.
1179 5426 1199 5452 7-
1234 5415 1247 5464 |
1281 5416 1421 5472 Tim.
1478 5433 1537 5477 ιι,
1585 5417 1634 5470 5.

2239 4648 2375 4716 πότη
2383 4663 2493 4710 τος,
2513 4643 2640 4699 οὕτε
2659 4645 2715 4698 δὲ
2730 4643 2827 4698 ἄνθ
2837 4661 3014 4715 ρωπος
3027 4643 3152 4696 οὔτε
3165 4643 3316 4707 Θεὸς,
3335 4642 3462 4714 [855
3478 4639 3564 4710 8.]
3585 4635 3701 4708 μηδὲ
3713 4626 3787 4684 τοῦ

2239 4734 2454 4789 Παύλου
2474 4734 2532 4787 τὸ
2555 4733 2912 4787 θεόπνευστον
2925 4725 3024 4786 Ξιαὶ
3046 4731 3430 4800 μεγαλόφωνον
3447 4721 3788 4784 καταιδεσθέν-

2238 4845 2350 4890 τες,
2367 4827 2424 4889 ὃς
2446 4827 2737 4898 κέκραγεν·
2771 4825 3011 4891 Ἰησοῦς
3029 4824 3074 4857 ³⁵
3093 4823 3348 4892 Χριστὸς
3368 4822 3510 4891 χθὲς
3524 4819 3614 4874 καί
3633 4817 3786 4882 σῆμ’

2235 4936 2371 4986 ρον,
2405 4921 2437 4971 ό
2463 4918 2647 4984 αὐτὸς
2671 4917 2770 4970 καὶ
2793 4918 2880 4983 εὶς
2911 4916 3050 4978 τοὺς
3079 4914 3316 4980 αἰῶνας,
3341 4913 3428 4966 διὰ
3445 4912 3548 4982 μὲν
3571 4907 3655 4962 τοῦ
3672 4900 3786 4973 χθὲς

2239 5010 2336 5063 καὶ
2353 5009 2623 5078 σήμερον
2643 5008 2928 5078 ἄνθρωπον
2946 5007 3060 5079 [τὸν
3080 5007 3148 5078 ³⁸]
3168 5006 3328 5061 αὐτὸν
3351 5002 3637 5076 ὁμολογῶν,
3653 4994 3725 5048 διὰ
3739 4989 3783 5042 δὲ

2238 5101 2331 5152 τοῦ
2353 5101 2395 5130 ³⁷
2429 5102 2528 5152 καὶ
2553 5102 2642 5163 εἰς
2671 5100 2813 5164 τοὺς
2843 5097 3064 5164 αιώνας
3099 5101 3191 5150 τὸν
3223 5097 3384 5150 αὑτὸν
3424 5089 3776 5160 ἀνακηρύττων

2238 5192 2389 5245 Θεόν.
2435 5192 2542 5244 Καὶ
2572 5190 2733 5244 πάλιν
2759 5192 2788 5242 ό
2815 5190 2975 5251 αὑτός
2999 5206 3012 5220 ·
3050 5185 3151 5254 Εἷς
3186 5188 3329 5252 Θεὸς
3352 5186 3419 5247 ³⁸,
3455 5180 3540 5246 εἷς
3571 5177 3658 5233 καί
3693 5187 3778 5242 με·

2238 5285 2412 5350 σίτης
2463 5283 2611 5336 Θεοῦ
2664 5283 2762 5337 καὶ
2813 5283 3157 5350 ἀνθρώπων,
3206 5281 3516 5347 ἅνθρωπος
3569 5261 3782 5339 Χριστὸς

1850 5549 2084 5605 VARI/15
2117 5550 2518 5604 LEC'l'lOMiS.

619 5714 662 5742 ²¹⁶
685 5711 838 5779 ζητεῖ
882 5729 939 5774 τ,
1018 5714 1060 5742 ’⁷
1090 5715 1372 5777 ἁπολύτως
1401 5715 1465 5766 Α.
1544 5717 1588 5747 ³⁸
1618 5717 1776 5786 σῶμα
1802 5734 1853 5767 τι
1885 5717 1947 5770 ἂν
1986 5735 2044 5778 ς.

547 5799 762 5847 λεγεταε.
796 5800 832 5841 (τ
845 5821 856 5834 .

546 5854 708 5907 κακά..
811 5855 856 5882 ³*
896 5857 1051 5908 item.
1100 5867 1159 5910 Λ.

1242 5856 1478 5928 “1.311
1517 5859 1675 5911 ilcbt‘.
1717 5856 1916 5912 3111.8.

2121 5719 2165 5748 ²⁹
2197 5714 2502 5770 ἁνεγόμεθα
2535 5733 2592 5770 (Γ.

935 5755 939 5764 .
1020 5735 1056 5742 --
1090 5735 1372 5777 anetum);
1401 5735 1465 5766 ιι.
1545 5735 1588 5747 ὐ
1618 5735 1776 5786 σῶμα
1802 5735 1853 5767 τι
1885 5735 1947 5770 αν
1986 5735 2044 5778 ς.
2124 5735 2139 5747 ·

935 5785 976 5813 ³³
1007 5783 1093 5835 τὶν
1127 5787 1248 5839 add.
1290 5790 1349 5836 Λ.
1429 5787 1470 5815 ³³
1510 5787 1879 5854 ὁμολογοῦμεν
1907 5787 2003 5856 ὡς]
2046 5786 2138 5838 init

2244 5735 2502 5784 νὶχῠμευα
2535 5735 2592 5777 ς.
2677 5735 2720 5746 “”“’
2753 5735 3080 5777 οικειοτατον
3112 5735 3175 5768 .‘l.
3255 5735 3294 5744 "'
3332 5735 3538 5778 Αεγίταε
3566 5735 3642 5763 ιιυ
3665 5745 3676 5756 .
3699 5735 3768 5754 nun

2244 5804 2283 5837 "-
2327 5785 2389 5839 R-
2424 5785 2573 5853 εὖτ’)
2615 5786 3079 5856 ὁμολογουμένως.
3110 5785 3318 5856 Ibide":
3368 5785 3425 5837 δὲ
3453 5783 3650 5856 additur
3669 5780 3768 5829 ante

2002 5862 2038 5889 δέ
2067 5861 2156 5909 τὸν
2181 5875 2287 5911 υιιι,
2321 5860 2380 5908 Α.
2461 5858 2500 5886 ⁵⁷
2536 5857 2620 5908 τοῦ

2677 5717 2720 5746 ³ο
2753 5715 3080 5777 οἰκειότατον
3112 5717 3175 5768 Α.
3255 5716 3294 5744 ³¹
3332 5715 3538 5778 λέγεται
3566 5707 3642 5763 AC
3665 5721 3677 5756 ε
3699 5698 3772 5754 καὶ

2461 5858 2500 5886 ⁵7
2536 5851 2623 5908 τοῦ
2647 5856 2770 5910 add.
2799 5851 2895 5906 li.’
2937 5856 2979 5887 ³⁸
3004 5851 3086 5943 ‘-
3110 5855 3199 5926 9.]
3227 5856 3246 5910 ῐ
3279 5854 3415 5909 Tim.
3453 5871 3508 5917 ιι,
3536 5852 3580 5904 5.
