4066 6410
1808 217 1829 243 Ι

254 398 391 465 1049

248 606 402 669 Θεὸς.
442 606 549 661 Καὶ
584 607 897 672 Ἀθανάσιος
921 609 976 662 δέ
1004 613 1221 680 γνήσιον
1258 615 1454 669 ἐαυτὸν
1487 619 1579 670 τοῦ
1608 620 1821 675 Παύλου

244 698 462 761 δεικνὺς
494 699 740 770 μαθητὴν
772 700 912 753 οὕτω
940 703 1102 772 φησίν
1123 721 1137 734 ·
1180 707 1333 760 Ἐπεὶ
1360 710 1457 763 καὶ
1492 714 1634 778 Θεός
1655 714 1826 767 ἐστιν

247 796 284 845 ό
312 793 585 859 Χριστός.
619 794 899 847 Βασιλείου
938 796 993 848 δὲ
1023 798 1119 849 καὶ
1158 798 1269 852 τῶν
1319 802 1479 871 ἱερῶν
1514 805 1825 878 Γρηγορίων

244 883 345 933 καὶ
369 882 475 934 τῶν
508 882 683 935 ἄλλων
708 884 869 937 ὁσίων
902 886 1179 955 Πατέρων,
1211 889 1265 939 εἴ
1289 907 1373 952 τις
1408 893 1685 961 συλλέγειν
1711 916 1826 950 πει-

250 974 466 1043 ραθείη,
502 976 583 1038 εἰς
613 977 672 1028 τὸ
704 977 931 1049 ἄπειρον
961 980 1023 1031 ἂν
1053 983 1107 1033 αἱ
1135 985 1424 1052 μαρτυρίαι
1457 990 1825 1056 παρατενοῦσι

244 1069 343 1116 τὸν
377 1065 632 1134 λόγον.⁹0
681 1071 863 1137 μέντοι
909 1088 971 1138 γε
1016 1074 1176 1141 σοφὸς
1209 1074 1475 1145 Κύριλλος
1504 1080 1593 1131 τὸν
1622 1080 1721 1148 τῆς
1748 1085 1823 1134 οἰ-

248 1157 526 1228 κουμένης
558 1159 875 1214 διδάσκαλον
910 1163 1118 1215 Παῦλον
1153 1167 1402 1236 μάρτυρα
1432 1168 1640 1233 καλῶν,
1666 1174 1827 1226 Κατὰ

248 1249 374 1301 τῶν
410 1250 497 1319 μὴ
546 1253 940 1322 βουλομένων
990 1257 1305 1326 ὁμολογεῖν
1357 1262 1647 1315 Θεοτόκον
1715 1262 1829 1332 τὴν

247 1342 434 1409 ἁγίαν
455 1346 761 1411 Παρθένον
785 1347 947 1414 (οὕτω
971 1349 1078 1419 γὰρ
1104 1350 1398 1417 ἐπιγράφει
1420 1351 1514 1404 καὶ
1535 1351 1626 1406 τὸν
1647 1352 1826 1423 λόγον)

249 1436 359 1503 ὃρα
393 1435 443 1486 τί
471 1454 633 1507 φησιν
655 1456 668 1468 ·
688 1439 817 1492 Νῦν
841 1440 909 1493 δὲ
930 1442 1045 1508 τὴν
1073 1444 1282 1511 φωνὴν
1298 1444 1416 1513 μὲν
1436 1448 1545 1499 οὐκ
1568 1446 1825 1515 εἴρηκεν,

248 1525 389 1592 ἤτοι
416 1528 530 1594 τὴν
579 1548 597 1580 ι
624 1531 932 1595 Θεοτόκος,
957 1551 974 1582 ι
1026 1534 1174 1585 Θεὸν
1199 1535 1267 1587 δὲ
1300 1536 1407 1589 τὸν
1434 1537 1691 1605 Χριστὸν
1723 1538 1821 1590 ἐπὶ

247 1618 500 1671 πάντων
526 1621 880 1688 ἀνεϐόησεν,
908 1625 1017 1677 Καὶ
1048 1626 1240 1679 πάλιν·
1272 1628 1341 1680 El
1366 1627 1451 1696 μὴ
1479 1628 1628 1681 Θεὸν
1650 1628 1768 1697 ἅμα
1785 1631 1827 1662 ³9

247 1708 353 1762 καί
380 1710 694 1779 ἄνθρωπον
718 1715 1013 1781 ἠπίστατο
1047 1717 1151 1770 τόν
1180 1720 1457 1787 Χριστὸν,
1489 1722 1599 1774 οὐκ
1631 1721 1708 1774 ἂν
1733 1721 1827 1773 ἐπ-

247 1805 428 1873 έφερε
448 1824 465 1856 ι
478 1806 623 1858 κατὰ
639 1806 855 1874 σάρκα·
871 1827 889 1858 ι
914 1809 1086 1861 τοῦτο
1105 1808 1215 1877 γὰρ
1230 1810 1498 1878 φανερῶς
1512 1811 1607 1864 ἐπὶ
1621 1811 1726 1864 τοῦ
1741 1811 1826 1880 μὴ

1094 413 1616 475 BlBLlU'lliELA.
1649 440 1720 451 -“
1748 421 1911 481 COD.
1948 423 2218 492 CCXXX.

261 514 521 582 Ἰησοῦς,
558 515 709 568 ὥστε
724 516 926 587 κυρίως
965 519 993 571 ὁ
1033 521 1266 591 Χριστὸς
1295 525 1388 576 καὶ
1411 524 1693 597 ἄνθρωπος
1726 530 1820 583 καὶ

1934 535 2000 590 sic
2046 537 2170 592 ait:
2206 538 2334 593 Cum
2385 540 2625 597 Christus
2681 546 2838 598 etiam
2894 547 3035 602 Deus
3081 552 3167 604 sit.
3216 552 3397 610 Basilii

3371 446 3508 513 1058

3452 571 3508 615 et.

1928 640 2238 685 sanctorum
2299 632 2716 703 Gregoriorum,
2773 648 2827 691 et
2893 641 3121 696 aliorum
3191 660 3507 707 sanctorum

1930 717 2171 785 Patrum,
2210 723 2254 777 si
2281 724 2401 793 quis
2431 728 2613 780 omnia
2654 729 2907 800 colligere
2934 735 3239 791 testimonia
3268 742 3507 810 studeat,

1930 811 1981 863 in
2019 813 2282 869 infinitum
2315 818 2558 872 trahetur
2582 821 2776 876 oratio.
2813 821 3047 891 Sapiens
3073 828 3217 882 enim
3248 831 3510 901 Cyrillus,

1928 904 2075 965 orbis
2121 905 2400 963 doctorem
2452 919 2644 964 testem
2696 912 2917 967 Paulum
2966 917 3261 985 adducens,
3313 923 3512 980 Contra

1930 996 2159 1049 nolentes
2203 996 2466 1068 Virginem
2506 1002 2664 1068 fateri
2696 1002 2981 1073 Deiparam
3018 1022 3038 1061 :
3071 1008 3150 1063 sic
3178 1012 3321 1066 enim
3354 1015 3514 1069 habet

1929 1088 2193 1142 orationis
2228 1090 2445 1157 titulus;
2484 1092 2604 1145 vide
2642 1096 2769 1162 quid
2820 1096 2965 1151 dicat
3009 1117 3022 1151 :
3073 1098 3260 1155 Vocem
3307 1106 3511 1174 quidem

1931 1196 2034 1231 non
2064 1184 2441 1248 pronuntiavit,
2498 1186 2697 1239 scilicet
2742 1188 2878 1241 hanc
2913 1207 2931 1239 ‹
2980 1191 3209 1259 Deipnm
3239 1209 3257 1247 :
3293 1216 3310 1247 ι
3348 1197 3512 1252 Deum

1932 1280 2103 1323 autem
2132 1270 2398 1326 Christum
2421 1292 2575 1343 super
2594 1279 2769 1331 omnia
2786 1282 3137 1345 pra'dicavit‘.
3166 1284 3229 1338 Et
3254 1303 3467 1342 rursum
3494 1308 3508 1343 :

1933 1361 2054 1416 Nisi
2097 1364 2261 1417 Deum
2309 1375 2358 1419 et
2399 1369 2658 1423 hominem
2701 1373 2979 1426 crediderit
3015 1376 3042 1414 ἲ)
3071 1417 3085 1438 ,
3148 1395 3251 1431 non
3281 1380 3510 1444 addidit,

1937 1472 1954 1503 ι
1990 1456 2275 1508 secundum
2302 1472 2538 1512 carnem.
2576 1476 2594 1510 ι
2652 1458 2763 1514 Hoc
2830 1465 2969 1516 enim
3012 1467 3274 1532 pra’cipue
3303 1471 3365 1521 de
3409 1486 3511 1523 non

1930 1546 2096 1599 so!um
2127 1549 2351 1610 homine,
2387 1550 2477 1602 sed
2508 1550 2656 1602 aliud
2678 1553 2805 1621 quid
2839 1556 3130 1608 secundum
3159 1557 3511 1613 substantiam

1929 1638 2207 1689 ersistente
2231 1639 2447 1691 dicitur.
2478 1642 2622 1695 Idem
2650 1642 2810 1697 homo
2841 1645 3054 1702 divinus
3092 1651 3145 1702 in
3177 1650 3347 1704 altero
3377 1668 3511 1704 ana-

1933 1728 2280 1782 thematismo
2334 1732 2519 1785 eadem
2579 1734 2959 1791 vociferatur:
2996 1738 3054 1793 Si
3118 1742 3233 1809 quis
3295 1744 3508 1797 minime

1931 1819 2242 1886 conﬁteatur
2284 1820 2605 1890 hypostatice
2646 1829 2793 1880 carni
2842 1844 2906 1882 ea:
2939 1829 3098 1884 Patre
3137 1830 3243 1885 Deo
3285 1831 3509 1886 Verbum

238 1895 445 1963 μόνον
478 1894 604 1967 [450
632 1896 728 1968 Η.]
753 1899 1088 1967 ἀνθρώπου,
1116 1902 1276 1955 ἀλλὰ
1295 1902 1393 1954 καὶ
1415 1902 1619 1970 ἕτερόν
1639 1920 1693 1956 τι
1718 1903 1831 1971 τὴν

1936 1910 2160 1973 unitum,
2185 1921 2233 1964 et
2252 1927 2362 1964 esse
2394 1928 2551 1965 unum
2580 1913 2848 1970 Christum
2868 1935 2983 1972 cum
3008 1924 3220 1989 propria
3242 1938 3337 1975 sua
3354 1939 3512 1976 carne

246 1989 476 2041 οὐσίαν
513 1989 890 2059 ὑπάρχοντος
932 1993 1268 2062 λέγεται.⁶0
1300 1995 1355 2047 δὲ
1387 1996 1549 2058 αὐτὸς
1576 1996 1832 2066 θεοφόρος

243 2080 394 2149 ἀνὴρ
434 2082 535 2133 κάν
573 2082 652 2151 τῷ
679 2083 917 2153 δευτέρῳ
962 2086 1390 2157 ἁναθεματισμῷ
1429 2088 1497 2140 τὰ
1524 2089 1661 2141 αὐτὰ
1693 2089 1791 2160 βοᾷ
1813 2105 1827 2120 ο

245 2171 327 2224 ΕΖ
374 2189 463 2236 τις
509 2174 618 2241 οὐχ
642 2176 925 2243 ὁμολογεῖ
960 2180 1087 2230 καθ’
1112 2180 1453 2233 ὑπόστασιν
1475 2181 1654 2246 σαρκὶ
1683 2181 1833 2248 ἡνῶ-

240 2266 394 2317 σθαι
418 2267 525 2317 τὸν
565 2266 635 2319 ἐκ
682 2268 829 2321 Θεοῦ
850 2268 1079 2336 Πατρός
1098 2272 1311 2339 Λόγον,
1339 2270 1448 2326 ἕνα
1489 2290 1553 2325 τε
1577 2272 1834 2340 Χριστὸν

240 2350 407 2408 εἶναι
424 2355 575 2424 μετὰ
606 2358 713 2426 τῆς
742 2360 896 2425 ιδίας
925 2361 1171 2429 σαρκὸς,
1211 2362 1320 2415 τὸν
1346 2365 1533 2419 αὑτὸν
1554 2364 1836 2432 δηλονότι

247 2447 406 2500 Hadr
426 2464 491 2501 τε
512 2448 609 2502 καὶ
643 2450 975 2519 ἄνθρωπον,
1014 2453 1283 2523 ἀνάθεμα
1308 2454 1482 2508 ἔστω.
1536 2458 1646 2510 Καὶ
1676 2459 1731 2509 ἐν
1758 2456 1834 2527 τῷ

242 2539 410 2607 Πρὸς
433 2540 541 2607 τὰς
564 2542 895 2609 βασιλίδας
918 2547 1351 2617 προσφωνητικῷ
1377 2549 1578 2618 ὁμοίως
1596 2590 1611 2615 ,
1634 2550 1742 2604 ἕνα
1769 2568 1834 2604 τε

242 2630 401 2698 ἡμῖν
442 2633 631 2701 οὕτως
678 2636 1105 2707 ἀναδειχθῆναι
1162 2639 1437 2707 Χριστὸν,
1487 2641 1594 2695 τὸν
1648 2644 1835 2697 αὐτὸν

1928 2001 2162 2053 eumdem
2207 2003 2454 2056 nimirum
2498 2005 2659 2060 Deum
2700 2019 2746 2062 et
2788 2010 3070 2077 hominem,
3106 2016 3384 2067 anathema
3416 2015 3508 2068 sit.

1930 2092 1997 2146 Et
2045 2094 2295 2149 similiter
2338 2097 2392 2150 in
2440 2099 2691 2153 oratione
2740 2116 2902 2168 quam
2958 2102 3169 2177 Reginis
3208 2106 3506 2174 inscripsit,

1935 2179 2107 2236 Unum
2135 2186 2282 2239 nobis
2310 2187 2387 2240 sic
2422 2188 2706 2243 eahihitum
2733 2208 2846 2246 esse
2883 2192 3177 2261 Christum,
3207 2213 3325 2249 eum
3355 2196 3511 2249 simul

1939 2271 2096 2327 Deum
2117 2286 2166 2328 et
2183 2278 2440 2331 hominem
2458 2282 2821 2346 exsistentem;
2848 2283 3059 2354 aliaque
3076 2286 3509 2341 innumerabilia.

1939 2364 2091 2421 Patet
2142 2368 2341 2438 275a
2387 2372 2551 2440 igitur
2586 2388 2835 2441 magnam
2876 2385 2931 2430 ct
2963 2377 3228 2431 inﬁnitam
3262 2378 3513 2431 dill‘cren-

1936 2460 2063 2513 tiam
2098 2476 2216 2514 esse
2261 2463 2310 2515 in
2350 2465 2625 2533 mysteriis
2651 2466 2851 2519 Christi
2896 2478 2951 2520 et
3006 2469 3237 2523 Irmiana
3291 2470 3510 2525 forma:

1934 2551 2023 2620 qui
2050 2552 2263 2621 quidem
2288 2568 2351 2606 ex
2371 2555 2565 2623 quibus
2595 2569 2805 2611 estnon
2830 2558 3032 2612 dicitur
3057 2562 3171 2614 inec
3190 2578 3209 2625 ;
3231 2576 3293 2615 ex
3318 2563 3513 2630 quibus

1935 2658 2074 2696 vero
2104 2644 2320 2711 prodiit,
2355 2646 2634 2715 perspicue
2659 2648 2772 2702 hazc
2801 2650 3126 2705 nominatur.

240 2722 405 2790 ὁμοῦ
444 2725 593 2779 Θεὸν
624 2725 768 2781 ὄντα
815 2729 914 2781 καὶ.
947 2728 1276 2798 ἄνθρωπον.
1323 2731 1433 2785 Καὶ
1471 2732 1638 2803 μυρία
1666 2734 1818 2789 ἄλλα.
1862 2733 2176 2805 Κατάδηλον
2207 2734 2298 2788 οῦν
2322 2735 2399 2800 ὡς
2424 2737 2593 2809 πολλὴ
2638 2740 2731 2792 καὶ
2759 2740 2984 2811 ἄπειρος
3023 2743 3055 2812 ἡ
3125 2743 3355 2813 διαφορά
3417 2747 3513 2799 τού

244 2814 400 2868 κατὰ
424 2816 517 2869 τὸν
545 2817 779 2887 Χριστὸν
809 2821 1109 2891 μυστηρίου
1158 2824 1255 2876 καὶ
1290 2822 1383 2876 τοῦ
1420 2824 1559 2876 κατὰ
1606 2825 1696 2877 τὸν
1740 2824 2022 2895 ἄνθρωπον
2051 2826 2528 2897 παραδείγματος’
2606 2829 2636 2881 ὁ
2685 2828 2784 2901 μὲν
2832 2831 2941 2900 γὰρ
2970 2829 3031 2895 ἐξ
3089 2825 3163 2885 ὧν
3225 2835 3393 2902 ἐστὶν,
3451 2833 3514 2887 οῦ

244 2908 469 2975 λέγεται
492 2907 685 2976 ταῦτα,
717 2910 746 2962 ὁ
770 2911 826 2963 δὲ
853 2911 911 2975 ἐξ
931 2903 1005 2963 ὧν
1033 2910 1293 2981 προῆλθε,
1325 2914 1416 2966 καὶ
1446 2914 1781 2985 διαπρυσίως
1820 2914 1990 2968 ταῦτα
2021 2915 2368 2985 ὀνομάζεται.

336 3004 501 3057 Ἀλλὰ
532 3004 641 3076 γὰρ
673 3005 773 3074 τῆς
793 3006 1058 3076 αἱρέσεως
1094 3007 1256 3061 πάλιν
1287 3011 1321 3079 ἡ
1343 3009 1570 3063 ἀπόνοια
1607 3011 1704 3079 τὴν
1740 3027 1828 3063 τε·

247 3097 463 3167 τάρτην
478 3097 522 3129 “
550 3098 825 3167 μέμφεται
856 3097 1073 3151 σύνοδον
1109 3098 1185 3163 ὡς
1215 3102 1340 3171 ὅρον
1369 3100 1688 3173 ἐκθεμένην,
1713 3103 1829 3156 δια-

247 3190 543 3258 τεινομένη
570 3190 667 3260 τὴν
690 3190 947 3262 τοιαύτην
980 3193 1324 3266 ἐπιχείρησιν
1371 3194 1475 3249 ὑπὸ
1533 3199 1631 3267 τῆς
1688 3197 1830 3250 κατὰ

249 3280 360 3351 τὴν
388 3282 619 3351 Ἔφεσον
676 3282 900 3354 πρώτης
952 3284 1168 3338 συνόδου
1214 3287 1494 3350 παντελῶς
1542 3290 1829 3343 ἀποκεχω-

2005 3009 2111 3064 Sed
2133 3011 2511 3066 haireticorum
2547 3015 2767 3069 vesania
2797 3027 3043 3087 quartam
3076 3018 3341 3088 synodum
3375 3020 3516 3072 vitu-

1934 3111 2115 3168 perat,
2154 3105 2295 3171 quod
2339 3106 2618 3161 decretum
2658 3110 2931 3176 posuerit,
2976 3113 3370 3183 contenditque
3411 3113 3516 3168 tale

1934 3196 2324 3263 propositutna
2360 3199 2531 3267 prima
2575 3202 2780 3269 synodo
2821 3200 3021 3271 Ephesi
3065 3203 3249 3259 habita
3296 3206 3517 3261 omnino

1934 3287 2260 3355 prohibitum
2287 3287 2474 3344 fuisse.
2507 3290 2765 3356 Quamvis
2791 3293 2835 3345 si
2861 3295 3159 3349 secundum
3185 3294 3398 3349 illorum
3424 3298 3517 3352 de-

250 3371 475 3426 λῦσθαι.
505 3373 696 3439 Καίτοι
735 3390 799 3442 γε
834 3378 880 3428 εἰ
903 3376 1044 3429 κατὰ
1073 3376 1164 3429 τὸν
1208 3377 1370 3448 λῆρον
1410 3379 1587 3432 αὐτῶν
1636 3382 1827 3450 ἀπεῖρ-

1937 3378 2122 3432 lirium
2172 3382 2412 3450 synodus
2454 3382 2598 3436 aliud
2639 3386 2912 3438 decretum
2953 3388 3177 3439 omnino
3221 3388 3519 3456 producere

251 3481 355 3532 γεν
380 3466 414 3534 ἡ
454 3465 667 3530 σύνοδος
698 3468 884 3542 ἕτερον
906 3471 1030 3540 ὅρον
1061 3471 1184 3542 μηδ’
1204 3472 1341 3535 ὅλως
1365 3472 1651 3544 προάγειν,
1688 3474 1826 3544 αὑτὴ

1933 3470 2137 3533 vetuit,
2189 3474 2303 3526 haec
2348 3483 2476 3527 ante
2515 3474 2648 3528 alias
2701 3486 2891 3530 contra
2939 3492 2999 3532 se
3045 3480 3519 3536 condemnationis

253 3554 385 3608 καθ’
412 3557 613 3627 ἑαυτῆς
662 3560 767 3629 πρὸ
800 3560 909 3613 τῶν
962 3562 1138 3615 ἄλλων
1195 3564 1297 3634 τὴν
1355 3566 1825 3631 καταδικάζουσαν

1934 3562 2254 3616 sententiain
2300 3564 2542 3632 protulit.
2587 3564 2783 3626 Dellnit
2818 3567 2963 3621 enim
3018 3570 3119 3623 hoc
3156 3570 3513 3636 adumbrans,

254 3649 523 3725 ἐξήνεγκε
549 3651 726 3721 ψῆφον
756 3669 772 3685 ο
811 3652 982 3723 ὁρίζει
1010 3654 1118 3726 γὰρ
1156 3657 1287 3710 αὐτὸ
1345 3657 1503 3710 τοῦτο
1554 3658 1825 3725 τυποῦσα,

254 3740 295 3794 ἃ
323 3741 593 3811 μηδετέρα
622 3744 732 3797 τῶν
752 3745 858 3815 πρὸ
887 3746 1057 3816 αὐτῆς
1079 3746 1389 3818 διωρίσατο.
1428 3748 1592 3802 Ἀλλὰ
1646 3751 1741 3803 καὶ
1786 3750 1822 3820 ἡ

258 3832 387 3886 καθ’
439 3833 731 3889 ὑπόστασιν
781 3836 976 3901 ἓνωσις
1030 3839 1204 3907 αὐτῆς
1252 3840 1401 3893 ἐστιν
1442 3842 1587 3909 ὅρος,
1631 3842 1660 3895 ὃ
1711 3845 1829 3906 ταῖς

257 3924 663 3995 πρεσϐυτέραις
703 3926 811 3980 τῶν
868 3930 1100 3982 συνόδων
1133 3932 1192 3983 οὐ
1241 3932 1545 4002 διώρισται.
1603 3934 1712 3986 Ναὶ
1764 3934 1829 4005 δὴ

260 4013 362 4067 καὶ
390 4014 487 4081 τὴν
520 4016 577 4067 ἐν
607 4018 1175 4074 Κωνσταντινουπόλει
1199 4022 1306 4074 τῶν
1345 4029 1418 4093 ρν⁸
1451 4023 1622 4092 ἁγίων
1654 4024 1827 4075 Πατέ-

262 4119 395 4173 ρων,
427 4104 487 4169 ἐξ
510 4098 583 4157 ὧν
614 4107 769 4160 αὐτοὶ
792 4107 1039 4179 ληροῦσι,
1069 4112 1491 4183 παραγράφεται
1511 4131 1524 4143 ·
1550 4114 1639 4165 τὸν
1665 4115 1831 4165 [luso-

263 4198 582 4267 ματομάχον
614 4198 722 4269 γὰρ
745 4198 881 4270 αῦτη
916 4202 1240 4263 καθελοῦσα,
1267 4205 1346 4274 τῷ
1391 4204 1531 4259 κατὰ
1582 4206 1680 4275 τὴν
1739 4206 1834 4258 Νί-

259 4305 427 4341 καιαν
449 4290 815 4360 ἐκφωνηθέντι
840 4294 951 4363 ὅρῳ
993 4292 1089 4365 τὴν
1135 4295 1263 4365 περὶ
1325 4295 1420 4347 τοῦ
1465 4296 1620 4363 ἁγίου
1657 4295 1830 4350 Πνεύ-

263 4395 437 4448 ματος
465 4380 739 4449 θεολογίαν
771 4385 1069 4454 προσθεῖσα
1108 4387 1469 4457 συνήρμοσεν.
1514 4389 1577 4441 Εἰ
1610 4388 1719 4458 γὰρ
1776 4389 1833 4442 αἱ

260 4468 634 4535 προλαϐοῦσαι
658 4474 1032 4542 προστιθεῖσαι
1058 4477 1149 4528 τὸν
1199 4477 1389 4546 μῶμον
1446 4477 1830 4547 ἐκφεύγουσιν,

258 4559 371 4612 οὐδ’
405 4561 461 4611 αἱ
486 4564 608 4630 μετ’
638 4562 807 4626 αὑτὰς
846 4566 904 4618 ἐν
930 4568 1041 4628 τοῖς
1070 4566 1276 4635 ὁμοίοις
1332 4567 1600 4638 ἀνομοίως
1655 4568 1833 4632 ἕξουσι

258 4652 365 4722 τὴν
396 4655 759 4723 κατάγνωσιν.
791 4656 946 4709 Οὕτω
976 4659 1035 4710 τὸ
1059 4659 1099 4690 ³¹
1138 4660 1398 4734 άσύνετον
1445 4663 1622 4714 πάντα
1671 4660 1833 4730 φόρει

1929 3653 2107 3721 qualia
2139 3669 2314 3723 neque
2356 3655 2461 3710 alia
2510 3668 2636 3713 ante
2670 3658 2847 3728 ipsam
2890 3661 3151 3715 deﬁnivit.
3199 3660 3304 3716 Sed
3345 3662 3522 3733 hypo-

1932 3747 2123 3802 statica
2165 3750 2292 3804 unio
2338 3751 2495 3821 hujus
2539 3762 2624 3808 est
2666 3754 2943 3823 deﬁnitio,
2985 3773 3104 3825 quae
3152 3758 3221 3812 ab
3278 3759 3517 3828 antiquis

1941 3837 2186 3892 conciliis
2213 3854 2317 3893 non
2361 3850 2562 3895 statuta
2596 3852 2697 3897 est.
2738 3842 2900 3899 Certe
2936 3855 2992 3899 et
3021 3845 3521 3915 Constantinopoli-

1933 3940 2112 3985 tanam
2148 3932 2252 3987 150
2287 3932 2543 3999 Patrum,
2585 3951 2652 3989 ex
2695 3938 2890 4005 quibus
2928 3937 3157 3991 delirant
3216 3941 3343 4009 ipsi,
3390 3958 3524 3995 con-

1937 4025 2174 4091 demnat,
2197 4041 2315 4093 qua:
2347 4040 2469 4078 cum
2504 4026 2710 4094 Spiritu
2739 4039 3071 4097 pugnantem
3096 4029 3520 4103 [Macedomum]

1936 4116 2147 4179 tollens,
2179 4132 2209 4171 e
2238 4116 2455 4171 Nicaena
2498 4118 2707 4183 synodo
2752 4118 3038 4174 declarata:
3080 4121 3381 4175 deﬁnitioni
3406 4163 3421 4189 ,
3455 4125 3521 4177 de

1936 4207 2141 4274 Spiritu
2184 4218 2373 4262 sancto
2410 4208 2716 4262 doctrinam
2753 4211 3140 4263 convenienter
3178 4210 3405 4263 addidit.
3451 4209 3512 4263 Si

1934 4300 2078 4354 enim
2115 4301 2481 4368 praecedentes
2521 4304 2841 4370 apponendo
2871 4304 3348 4373 reprehensionem
3384 4302 3522 4356 etfu-

1936 4392 2117 4461 giunt,
2156 4406 2333 4459 neque
2376 4391 2499 4445 illas
2535 4403 2736 4447 secutae
2778 4394 2830 4449 in
2876 4394 3146 4449 similibus
3190 4394 3525 4449 dissimiliter

1941 4483 2369 4535 damnabantur.
2422 4483 2513 4537 Sic
2564 4485 2789 4538 stultum
2834 4488 3057 4541 omnino
3110 4487 3425 4541 commiscet
3470 4495 3526 4539 ct.

1946 4575 2231 4627 convertit.
2284 4574 2551 4643 Ephesina
2600 4578 2796 4631 etenim
2831 4578 3068 4647 synodus
3106 4579 3263 4631 ﬁdem
3301 4579 3521 4646 quidem

1939 4660 2139 4727 aliam,
2210 4663 2364 4731 cujus
2436 4667 2685 4735 dogmata
2765 4669 3041 4721 contraria
3110 4667 3341 4721 Nicwnte
3415 4668 3524 4720 sint

262 4746 363 4798 καὶ
390 4744 720 4817 διαστρέφει.
752 4749 862 4802 Καὶ
896 4752 1003 4820 γὰρ
1028 4752 1061 4820 ἡ
1084 4752 1141 4803 ὲν
1173 4752 1382 4822 Ἐφέσῳ
1412 4752 1627 4815 σύνοδος
1652 4753 1831 4805 πίστιν

1942 4754 2407 4825 synodo,omnino
2431 4760 2625 4826 exponi
2666 4762 2857 4814 vetuit.
2899 4761 3140 4814 Sinceris
3171 4775 3301 4813 vero
3328 4760 3380 4812 in
3424 4761 3525 4812 hac

268 4838 368 4905 μὲν
407 4838 622 4907 ἑτέραν,
659 4836 727 4912 ἦς
757 4844 975 4896 ἐναντία
1020 4845 1089 4897 τὰ
1136 4844 1380 4915 δόγματα
1433 4846 1570 4917 πρὸς
1631 4846 1729 4915 τὴν
1778 4848 1836 4898 ἐν

264 4926 472 4998 Nimia
530 4930 837 5002 καθέστηκε
896 4932 1131 5000 σύνοδον,
1190 4936 1467 5000 παντελῶς
1516 4936 1827 4989 ἐκτίθεσθαι

261 5015 589 5085 διεκώλυσεν
621 5037 636 5051 ·
672 5022 964 5093 ἀκηράτων
989 5025 1045 5079 δὲ
1079 5025 1185 5078 τῶν
1222 5029 1277 5079 ἐν
1302 5028 1438 5097 αὐτῇ
1489 5026 1836 5097 σωζομένων,

264 5105 413 5178 ἅπερ
443 5108 470 5157 ὁ
505 5112 694 5182 καιρὸς
729 5115 952 5167 ἀπαιτεί
979 5118 1328 5186 προστιθέναι
1372 5119 1541 5184 αὐτῆς
1585 5135 1644 5170 τε
1679 5119 1838 5186 γέγο-

265 5213 357 5250 νεν
374 5199 557 5269 ἔργον,
579 5204 798 5257 καὶτῶν
818 5211 1159 5277 πραγμάτων
1181 5210 1213 5279 ἡ
1245 5208 1405 5276 φύσις
1432 5211 1751 5272 διδάσκαλος
1769 5211 1836 5275 ⁸⁵⁸,

268 5289 496 5358 καὶτῆς
564 5294 893 5365 Ἐκκλησίας
939 5300 1133 5368 ὁρᾶται
1182 5300 1340 5352 τοῦτο
1372 5301 1701 5373 ’στέργουσα
1755 5301 1844 5354 διὰ

266 5383 473 5447 παντὸς
500 5387 533 5455 ἡ
564 5388 880 5458 παράδοσις.
898 5391 988 5442 Διὸ
1014 5392 1107 5444 καὶ
1130 5392 1270 5443 κατὰ
1289 5393 1385 5462 τὴν
1412 5392 1837 5464 Ἀλεξάνδρειαν,
1880 5414 1907 5449 ο

1912 5394 2032 5449 ῦπω
2096 5400 2194 5468 τῆς
2254 5403 2639 5474 οίκουμενικῆς

1940 4847 2196 4909 servatis,
2229 4863 2351 4916 qua:
2376 4851 2594 4905 occasio
2619 4853 2878 4920 postulat,
2910 4866 3182 4921 apponere
3215 4850 3359 4905 illius
3390 4866 3524 4918 opus

1936 4936 2057 5001 fuit,
2090 4946 2143 4991 et
2180 4954 2357 4993 rerum
2394 4953 2588 4996 natura
2611 4981 2626 5006 ,
2670 4953 2724 4997 et
2756 4942 3007 4997 Ecclesiae
3041 4943 3263 4997 traditio
3308 4942 3525 4996 videtur

1940 5046 2158 5101 semper
2191 5034 2293 5088 hoc
2340 5033 2644 5088 adamasse.
2684 5036 2864 5101 Quare
2897 5046 2951 5091 et
2983 5037 3350 5099 Alexandria},
3389 5052 3526 5089 non-

1939 5124 2063 5175 dum
2117 5127 2454 5180 oecumenica
2506 5129 2712 5196 synodo
2777 5138 3003 5193 coacta,
3051 5128 3288 5185 delectos
3346 5130 3398 5183 in
3461 5143 3524 5182 ea

1949 5216 2262 5270 sacerdotes
2314 5218 2504 5272 beatus
2549 5219 2784 5289 Cyrillus
2830 5234 3203 5293 congregans,
3253 5235 3307 5279 ct
3367 5226 3525 5278 iidem

1952 5309 2209 5377 scriptam
2240 5309 2558 5376 disponens,
2595 5314 2660 5366 ad
2695 5312 3005 5368 Nestorium
3042 5315 3207 5369 tnisit.

2728 5404 2855 5477 [856
2880 5405 2972 5479 [1.]
3062 5408 3527 5480 συγκροτηθείσης

267 5478 514 5543 συνόδου,
550 5483 672 5545 τοὺς
706 5485 762 5534 ἐν
780 5485 918 5553 αὐτῇ
937 5483 981 5517 ⁸⁸
1008 5485 1117 5538 τῶν
1142 5486 1334 5556 ἱερέων
1378 5486 1609 5555 λογάδας
1645 5488 1673 5539 ὁ
1715 5487 2410 5566 θεσπέσιοςάθροισάμενος
2463 5497 2751 5569 Κύριλλος,
2814 5503 2909 5554 καὶ
2969 5502 3152 5556 πίστιν
3207 5502 3525 5573 διαθέμενος

267 5570 568 5641 ἔγγραφον,
602 5573 679 5643 τῷ
704 5576 984 5646 Νεστορίῳ
1016 5577 1373 5648 διεπέμψατο.

344 5673 372 5701 ι
408 5660 563 5718 Rom.
594 5679 671 5733 lx,
707 5668 760 5721 5.
868 5666 898 5707 δ
928 5668 1087 5724 Rom.
1118 5684 1157 5736 t,
1189 5671 1243 5725 5.

1548 5738 2207 5813 VARI/istiscrtouas.

348 5827 394 5863 ³³
424 5829 647 5902 ᾶμαΔε
684 5848 744 5888 τε
793 5851 855 5899 ς.
931 5836 978 5869 ⁵ο
1014 5836 1113 5907 τήν
1140 5850 1208 5890 ’τε
1233 5854 1343 5892 τετ.
1371 5856 1429 5903 ς’.
1504 5840 1543 5871 δ’
1571 5841 1631 5893 τό
1668 5840 1712 5895 Α
1746 5859 1760 5896 :
1795 5858 1831 5893 τι

1934 5856 1970 5901 Γ.
2049 5840 2094 5871 ⁸⁵
2123 5837 2443 5901 διδάσκαλος
2501 5837 2624 5893 add.
2666 5838 2733 5891 A.
2813 5837 2859 5869 ⁸³
2883 5838 3021 5907 αὐτῇ
3054 5836 3133 5892 A:
3167 5833 3316 5906 αὐτῷ
3345 5850 3410 5899 ς.
