4066 6430
604 389 737 456 1051

598 588 831 644 Ιιιετεείε
854 591 973 644 aliis
1004 591 1518 660 reprehensionibus
1552 595 1813 652 insultare
1848 612 1952 651 non
1981 599 2168 651 erube-

598 684 722 748 scit,
755 683 941 737 dicens
978 683 1476 740 Chalcedonensem
1523 690 1791 759 synodum
1825 706 1948 743 cuin
1985 690 2170 761 Cyrilli

598 774 782 828 verbis
810 790 1067 845 pugnare.
1093 775 1190 829 llic
1212 778 1355 830 enim
1390 779 1443 832 in
1476 780 1721 847 epistolis
1747 780 1813 834 ad
1839 779 2171 835 Succensqu

599 873 656 918 et
687 866 813 920 alibi
848 867 1121 921 Christum
1159 884 1188 921 c
1219 869 1427 923 duabus
1463 873 1671 925 naturis
1706 872 1886 939 docet,
1924 872 2011 926 illa
2046 888 2175 926 vero

598 956 741 1011 hanc
767 973 950 1012 vocem
990 960 1269 1028 expellens
1304 962 1437 1016 duas
1466 972 1688 1017 naturas
1722 966 1982 1020 indivisas
2012 966 2177 1020 vicis-

600 1046 704 1099 sim
752 1050 1052 1103 constituit.
1107 1050 1255 1105 Adeo
1310 1054 1631 1107 caluumiari
1683 1071 1842 1123 quam
1890 1056 2174 1109 veritatem

600 1142 797 1195 sectari
830 1144 1007 1196 studio
1038 1145 1208 1210 magis
1240 1152 1322 1197 est
1356 1143 1644 1199 lunreticis.
1682 1146 1991 1201 Dioscorum
2028 1163 2179 1200 nam-

602 1249 707 1300 quc
763 1233 815 1287 id
849 1235 987 1303 quod
1021 1235 1215 1304 275b
1238 1251 1303 1289 ex
1336 1236 1545 1291 duabus
1578 1239 1786 1293 naturis
1820 1240 2175 1307 compositum

602 1332 723 1377 erat
770 1326 1161 1391 admittentem,
1207 1328 1339 1381 duas
1366 1343 1498 1381 vero
1541 1338 1763 1383 naturas
1814 1341 2177 1396 recusantem,

603 1414 746 1484 quod
778 1414 1169 1487 Eutychianam
1201 1428 1414 1487 saperet
1451 1419 1704 1485 ha'resin,
1748 1422 1986 1491 synodus
2018 1438 2179 1489 repu-

602 1508 791 1561 diavit.
822 1507 1006 1577 Neque
1044 1510 1368 1580 simpliciter
1401 1513 1678 1566 damnavit
1708 1513 1837 1567 illud
1873 1528 1937 1567 ex
1976 1516 2181 1569 duabus

1751 396 2017 458 PHOTII
2037 396 2546 463 PATRIARCH/E
2583 394 2687 456 CP.

671 501 763 558 Sic
806 502 1021 573 quidem
1065 501 1252 573 ellugit
1293 502 1525 571 injustas
1559 508 1934 563 accusationes
1965 508 2159 578 pietas.
2191 514 2238 570 Α

3708 392 3832 462 1052

2335 505 2626 575 Ἐκφεύγει
2654 508 2751 575 μὲν
2779 499 2872 556 οὖν
2895 502 2939 535 δ”
2983 500 3125 555 οῦτω
3177 502 3277 566 τὰς
3308 501 3534 565 ἀδίκους
3594 502 3763 568 λαϐὰς
3799 509 3829 577 ἡ

2273 598 2526 652 εὐσέϐεια
2550 614 2564 629 ο
2593 597 2653 648 τὸ
2686 594 2961 665 αἱρετικὸν
2993 593 3050 647 δὲ
3078 593 3241 649 πάλιν
3258 595 3461 664 ἑτέροις
3482 593 3698 665 μώμοις
3720 602 3831 653 ἐπι-

2273 691 2448 761 πηδᾷν
2473 690 2570 741 ούκ
2600 687 2935 757 αἰσχύνεται,
2966 687 3055 739 καί
3088 704 3250 756 φησιν
3272 686 3396 758 ὠςὴ
3418 688 3568 742 κατὰ
3621 690 3829 761 Καλχη-

2274 784 2400 836 δόνα
2434 782 2478 812 ⁸⁵
2510 780 2726 843 σύνοδος
2754 783 2867 843 τοῖς
2916 779 3188 849 Κυρίλλου
3216 779 3453 850 δόγμασι
3499 782 3747 851 μάχεται.
3784 786 3833 838 Ὁ

2280 873 2503 944 μὲνγὰρ
2536 872 2592 924 ἐν
2610 890 2671 925 τε
2719 875 2840 934 ταῖς
2869 871 3006 941 πρὸς
3046 871 3343 925 Σούκενσον
3392 873 3705 935 ἐπιστολαῖς
3756 877 3837 929 καὶ

2278 964 2509 1033 ἀλλαχοῦ
2548 963 2603 1016 δὲ
2624 962 2715 1015 τὸν
2734 963 2967 1032 Χριστὸν
2985 962 3301 1035 δογματίζει
3318 964 3363 994 ⁸⁸
3403 965 3468 1016 ἐκ
3497 963 3596 1016 δύο
3618 965 3835 1033 φύσεων,

2279 1057 2313 1125 ἡ
2348 1056 2405 1109 δὲ
2441 1056 2537 1125 τὴν
2559 1055 2815 1124 τοιαύτην
2854 1054 3038 1124 φωνὴν
3068 1055 3468 1121 όστρακίζουσα
3521 1055 3623 1108 δύο
3666 1056 3837 1123 φύσεις

2280 1147 2623 1217 ἁδιαιρέτους
2672 1146 3181 1216 ἀντεχειροτόνησεν
3212 1161 3225 1175 ’
3284 1145 3429 1199 οὕτω
3480 1147 3545 1200 τὸ
3586 1165 3839 1217 συκοφαν-

2279 1242 2393 1291 τεῖν
2430 1238 2524 1290 τοῦ
2548 1237 2834 1307 ἀληθεύειν
2864 1237 2999 1289 πολὺ
3051 1240 3117 1307 τῇ
3162 1239 3372 1308 αἱρέσει
3416 1238 3837 1309 σπουδαιότερον.

2281 1331 2391 1383 Καὶ
2422 1330 2528 1399 γὰρ
2550 1329 2839 1397 Διόσκορον
2866 1332 2899 1397 ἡ
2929 1328 3167 1393 σύνοδος,
3190 1330 3251 1382 τὸ
3285 1330 3352 1382 ἒκ
3379 1329 3474 1383 δύο
3513 1330 3615 1398 μὲν
3648 1330 3840 1399 φύσεων

2281 1419 2589 1489 δεχόμενον,
2632 1416 2753 1489 [451
2798 1419 2889 1489 IL]
2912 1418 2972 1471 τὸ
2990 1418 3083 1471 δύο
3103 1420 3158 1471 δὲ
3190 1418 3379 1488 φύσεις
3402 1420 3505 1473 οὐκ
3537 1422 3843 1490 ἀνεχόμενον

2281 1510 2558 1576 δέξασθαι,
2592 1511 2667 1573 ὡς
2710 1511 2778 1562 τὰ
2800 1510 2894 1562 τοῦ
2925 1511 3200 1580 Εὐτυχοῦς
3255 1510 3527 1566 νοσοῦντα
3579 1512 3802 1566 διώσατο
3828 1530 3842 1543 ·

603 1601 814 1654 naturis
853 1598 1127 1656 Christum
1162 1612 1428 1668 astruere,
1460 1604 1554 1658 sed
1578 1605 1759 1658 dicere
1784 1621 1906 1658 cum
1942 1605 2183 1675 Eutyche

2292 1604 2379 1657 καὶ
2394 1604 2492 1671 οὐχ
2532 1601 2717 1665 ἀπλῶς
2748 1602 3043 1673 ζεξεκιίιρυξε
3072 1603 3131 1656 τὸ
3174 1605 3238 1656 ὲκ
3274 1603 3367 1656 δύο
3402 1604 3591 1671 λέγειν
3655 1604 3845 1672 φύσεων

604 1702 660 1746 et
693 1692 972 1748 Dioscoro.
1004 1692 1104 1748 Per
1130 1694 1311 1749 dicere
1341 1697 1475 1750 duas
1510 1706 1732 1750 naturas
1765 1696 2025 1751 indivisas
2058 1713 2179 1751 cum

2292 1696 2374 1747 τὸν
2399 1694 2662 1764 Χριστὸν.
2693 1693 2828 1747 ἀλλὰ
2860 1696 2922 1747 τὸ
2947 1694 3129 1763 λέγειν
3163 1694 3283 1748 κατ’
3330 1696 3583 1765 Εὐτυχέα
3611 1697 3705 1750 καὶ
3741 1696 3844 1749 Διό-

601 1785 695 1854 pio
738 1800 931 1848 sensu,
984 1785 1128 1839 illam
1174 1788 1339 1839 etiam
1377 1804 1441 1841 ex
1486 1789 1694 1843 duabus
1734 1789 1975 1854 naturis,
2021 1790 2179 1842 simul

2292 1803 2508 1859 σκορον.
2541 1788 2639 1839 Διά
2670 1787 2850 1857 μέντοι
2868 1786 2963 1839 τοῦ
2993 1786 3087 1839 δύο
3120 1787 3310 1855 φύσεις
3350 1787 3700 1856 ἀδιαιρέτους
3729 1787 3847 1855 μετὰ

604 1876 927 1931 introduxit.
964 1878 1097 1944 Quia
1140 1879 1413 1949 Eutyches
1449 1895 1478 1934 e
1523 1881 1730 1934 duabus
1770 1880 1907 1933 dixit
1949 1881 2177 1947 naturis,

2292 1878 2382 1947 τῆς
2411 1878 2668 1943 εὐσεϐοῦς
2691 1879 2932 1942 διανοίας
2968 1880 3150 1947 λέγειν
3188 1878 3359 1948 αὐτὴν
3408 1880 3509 1931 καὶ
3538 1880 3601 1939 τὸ
3666 1880 3727 1931 ὲκ
3771 1878 3848 1931 δύο

603 1968 768 2036 impie
795 1984 944 2034 vero,
971 1979 1205 2024 constat.
1241 1970 1350 2024 Non
1381 1971 1544 2040 igitur
1574 1981 1783 2041 gratam
1816 1972 2049 2041 aliquam
2082 1972 2183 2043 Cy-

603 2059 728 2113 rillo
755 2076 965 2127 vocem,
992 2063 1085 2117 sed
1116 2062 1335 2131 impiam
1373 2064 1629 2135 Entychis
1658 2066 1985 2119 sententiam
2016 2080 2183 2137 syno-

606 2153 707 2206 dus
731 2154 935 2222 rejecit.
962 2154 1172 2209 Etenim
1203 2158 1500 2209 secundum
1530 2159 1762 2211 medium
1785 2175 1969 2212 earum
1997 2174 2180 2213 rerum

607 2259 725 2313 qua:
746 2245 1245 2316 Chalcedonc'gesta
1272 2258 1416 2312 sunt,
1439 2250 1575 2303 lecta
1603 2248 1704 2303 lide
1725 2250 1899 2303 sancti
1920 2250 2183 2318 Flaviani,

607 2336 661 2390 iu
691 2351 794 2405 qua
825 2339 1123 2406 scriptum:
1154 2337 1279 2392 Post
1308 2338 1722 2393 incarnationem
1745 2358 1772 2394 e
1798 2341 2002 2395 duabus
2031 2354 2187 2395 natu-

608 2432 682 2481 ris
719 2442 959 2484 constare
997 2432 1308 2498 conﬁtemur
1339 2430 1638 2494 Christum,
1670 2433 1723 2485 in
1759 2450 1861 2485 una
1892 2432 2184 2502 hpyoslasi,

608 2538 816 2591 unaque
858 2539 1097 2589 persona,
1130 2539 1289 2576 unum
1319 2522 1606 2589 Christum,
1647 2541 1808 2577 unum
1839 2522 2038 2577 Filium
2063 2541 2189 2577 con-

608 2614 836 2683 ﬁtentes,
878 2614 1201 2669 exclamavit
1248 2616 1527 2688 synodus,
1577 2620 1720 2686 ipsos
1748 2619 1825 2671 sic
1854 2618 2093 2682 sentire,
2134 2626 2189 2672 et

607 2704 830 2760 Patrum
861 2706 1018 2760 ﬁdem
1048 2708 1187 2761 hanc
1217 2723 1337 2763 esse
1363 2723 1711 2778 cognoscere.
1747 2708 2025 2775 Quomodo
2060 2724 2189 2780 ergo

608 2796 727 2851 haec
757 2797 964 2862 dicens,
1007 2798 1088 2852 vel
1120 2814 1242 2852 cum
1278 2798 1482 2870 Cyrillo
1517 2808 1737 2869 pugnat,
1776 2799 1855 2854 vel
1882 2812 2190 2855 asserentes

608 2891 698 2959 pie
740 2906 771 2944 e
820 2890 1034 2945 duabus
1077 2891 1288 2947 naturis
1333 2892 1654 2946 aversatur?
1698 2891 1824 2946 lltec
1860 2908 2192 2962 persequens

610 2985 897 3052 episc0pus
938 2982 1199 3052 Eulogius
1228 2994 1283 3039 et
1323 2986 1748 3039 admonitionem
1783 2985 2056 3055 praedictis
2093 2986 2192 3039 ad-

611 3074 768 3139 dens,
794 3076 858 3127 ad
902 3075 1156 3129 unionem
1195 3075 1450 3130 Ecclesia:
1479 3079 1786 3131 desertores
1824 3086 2189 3142 revocantem,

610 3166 853 3221 sermoni
887 3166 1049 3221 ﬁnem
1087 3165 1339 3236 imponit.

2286 1969 2499 2038 φύσεων
2539 1973 2957 2043 συνεισήγαγεν.
2991 1972 3114 2025 Ὀτι
3138 1972 3248 2041 γὰρ
3282 1971 3536 2041 Εύτυχὴς
3566 1972 3632 2023 ὲκ
3654 1970 3742 2022 δύο
3767 1972 3848 2039 μὲν

2285 2065 2437 2133 ἔλεγε
2464 2067 2698 2133 φύσεων,
2727 2066 3005 2129 δυσσεϐῶς
3033 2066 3113 2130 δὲ,
3143 2066 3430 2137 πρόδηλον.
3457 2067 3537 2118 Οὐ
3568 2064 3743 2118 τοίνυν
3766 2064 3850 2134 τὴν

2286 2157 2560 2227 Κυρίλλου
2596 2158 2758 2228 φίλην
2792 2158 2996 2229 φωνὴν,
3026 2158 3161 2211 ἀλλά
3189 2157 3288 2228 τὴν
3316 2158 3600 2227 Εὐτυχοῦς
3672 2157 3846 2209 δυσσέ-

2287 2248 2439 2301 ϐειαν
2464 2251 2495 2318 ἡ
2533 2249 2752 2313 σύνοδος
2782 2249 3170 2320 ἀπεπέμψατο.
3197 2249 3306 2303 Καὶ
3331 2250 3437 2320 γὰρ
3470 2250 3572 2302 καὶ
3615 2247 3731 2301 κατ’
3770 2248 3849 2300 αὑ-

2285 2341 2347 2394 τὸ
2369 2341 2428 2394 τὸ
2462 2341 2625 2410 μέσον
2673 2341 2783 2395 τῶν
2827 2344 2885 2396 ὲν
2934 2340 3248 2411 Καλχηδόνι
3306 2342 3720 2410 πεπραγμένων
3767 2339 3849 2408 τῆς

2289 2434 2529 2494 πίστεως
2551 2433 2647 2487 τοῦ
2679 2437 2737 2487 ὲν
2768 2434 2944 2503 ἁγίοις
2984 2433 3284 2487 Φλαϐιανοῦ
3328 2431 3847 2502 ἀναγινωσκομένηςς

2288 2528 2347 2579 ὲν
2496 2525 2827 2596 ἐγέγραπτο,
2862 2526 2968 2579 Ἐκ
3006 2524 3115 2579 δύο
3152 2525 3396 2593 φύσεων
3460 2521 3850 2592 ὁμολογοῦμεν

2290 2615 2443 2673 εἶναι
2474 2619 2581 2672 τὸν
2607 2619 2866 2685 Χριστὸν
2910 2620 3060 2687 μετὰ
3106 2617 3223 2685 τὴν
3256 2614 3745 2685 ἐνανθρὼπησιν,
3794 2610 3851 2663 ἐν

2284 2707 2394 2779 μιᾷ
2430 2708 2786 2774 ὑποστάσει,
2828 2709 2898 2761 ἐν
2949 2708 3041 2762 ἑνὶ
3074 2708 3398 2777 προσώπῳ,
3448 2708 3569 2761 ἕνα
3602 2703 3847 2774 Χριστὸν.

2290 2799 2397 2855 ἕνα
2434 2800 2572 2853 Υιὸν
2600 2801 3063 2870 ὁμολογοῦντες,
3113 2803 3146 2871 ἡ
3200 2799 3417 2862 σύνοδος
3445 2798 3736 2867 ἐξεϐόησεν
3770 2795 3850 2845 αὖ-

2291 2890 2421 2953 τούς
2455 2907 2514 2942 τε
2548 2891 2691 2943 οὕτω
2720 2894 2937 2960 φρονεῖν
2960 2891 3055 2944 καὶ
3081 2891 3186 2943 τῶν
3224 2890 3490 2961 Πατέρων
3523 2890 3703 2941 πίστιν
3734 2882 3849 2937 εἶναι

2291 2984 2495 3053 ταύτην
2527 2984 2875 3037 ἐπίστασθαι.
2911 2983 3036 3045 Πῶς
3060 2981 3152 3034 οῦν
3176 2984 3205 3052 i“,
3235 2982 3407 3034 ταῦτα
3432 2982 3677 3047 λέγουσα
3703 2977 3849 3046 ῆΚν·

2296 3075 2461 3148 ρίλλῳ
2505 3076 2757 3144 μάχεται,
2809 3076 2842 3145 ἢ
2879 3076 3005 3138 τοὺς
3078 3075 3338 3142 λέγοντας
3381 3072 3629 3135 εὐσεϐῶς
3685 3072 3745 3122 ἐκ
3775 3068 3849 3121 δύο

2296 3170 2511 3238 φύσεων
2544 3170 2989 3239 ἁποστρέφεται;
3018 3169 3201 3222 Ταῦτα
3239 3168 3531 3232 διεξελθὼν
3563 3168 3606 3198 ⁸⁷
3639 3168 3665 3218 ὁ
3690 3163 3848 3234 ίεράρ-

613 3278 718 3334 χης
754 3260 1033 3329 Εύλόγιος,
1068 3261 1164 3313 καὶ
1194 3260 1518 3332 παραίνεσιν
1551 3260 1690 3330 πρὸς
1751 3260 1949 3316 ἕνωσιν
1999 3259 2465 3331 ὲκκλησιαστικὴν
2495 3261 2623 3324 τοὺς
2693 3260 2990 3324 διεστῶτας
3049 3258 3476 3332 παρακαλοῦσαν
3545 3261 3658 3321 τοῖς
3723 3256 3850 3326 εἰρη-

616 3357 799 3426 μένοις
829 3356 1059 3421 ὲπιθεὶς,
1093 3361 1330 3429 περατοῖ
1356 3358 1449 3411 τὸν
1470 3358 1515 3389 ’⁵⁸
1551 3357 1732 3426 λόγον.

686 3448 941 3504 Proxima
1006 3468 1224 3522 quoque
1288 3454 1465 3508 oratio
1523 3466 1712 3511 contra
1776 3453 2190 3511 calumniatores

2374 3448 2487 3501 Καὶ
2532 3447 2562 3500 ὁ
2596 3447 2794 3517 ἐφεξῆς
2816 3446 2872 3498 δὲ
2906 3444 3062 3513 λόγος
3088 3444 3230 3497 κατὰ
3257 3444 3365 3495 τῶν
3392 3439 3743 3509 συκοφαντῶν
3771 3435 3851 3504 τῆς

615 3540 1073 3598 Chalcedonensis
1104 3546 1292 3615 synodi
1323 3547 1466 3601 serio
1492 3549 1638 3618 agit;
1676 3549 1847 3601 utitur
1875 3563 2005 3603 vero
2027 3547 2190 3601 etiam

615 3634 707 3686 hic
744 3634 991 3703 exemplo
1034 3635 1301 3700 hominis,
1347 3654 1453 3705 quo
1501 3640 1589 3707 pie
1632 3654 1760 3692 usus
1805 3649 1887 3707 est
1935 3637 2190 3707 Cyrillus,

618 3724 780 3789 impie
811 3740 936 3779 vero
959 3742 1155 3780 novum
1182 3728 1310 3797 quid
1342 3728 1566 3796 profert.
1597 3729 1808 3783 Asserit
1835 3743 1996 3782 unam
2038 3738 2196 3781 natu-

616 3830 734 3868 ram
763 3816 828 3869 de
864 3816 1102 3880 Christo,
1133 3819 1588 3888 quemadmodum
1621 3829 1677 3873 et
1708 3819 1774 3873 de
1815 3820 2034 3873 homine
2064 3819 2192 3873 dici.

617 3906 734 3960 Nisi
760 3917 1028 3976 quatenus
1064 3926 1161 3979 pro
1194 3911 1391 3980 pietate
1425 3911 1555 3979 agit,
1586 3920 1777 3964 contra
1817 3912 1987 3979 ipsam
2022 3912 2198 3978 magis

618 4012 844 4070 pugnat,
878 4002 1007 4056 licet
1036 4020 1141 4058 non
1174 4004 1396 4060 sentiat.
1430 4004 1645 4057 Asserit
1677 4004 1821 4055 enim
1856 4004 1921 4057 de
1953 4002 2197 4057 dissimi-

616 4100 758 4155 libus
781 4104 1044 4170 partihus,
1069 4112 1239 4157 totum
1276 4105 1506 4171 partium
1538 4104 1851 4157 nominibus
1885 4119 1989 4157 non
2018 4101 2200 4157 nomi-

618 4193 759 4256 nari,
784 4193 878 4247 sed
910 4194 1126 4262 propria
1152 4194 1511 4263 appellatione
1543 4194 1784 4263 agnosci.
1836 4192 1892 4248 Si
1920 4210 2049 4247 vero
2071 4193 2199 4254 hoc,

616 4283 778 4335 unius
811 4296 934 4336 esse
961 4292 1318 4351 cognoscetur
1351 4292 1581 4345 naturae,
1620 4282 1850 4336 hmresis
1883 4282 1965 4334 sic
1996 4281 2201 4348 captio-

616 4386 742 4426 nem
795 4373 979 4426 nectit.
1028 4370 1126 4426 Hic
1172 4386 1304 4427 vero
1374 4371 1535 4425 Verbi
1600 4372 1900 4439 discipulus
1942 4369 2202 4437 Eulogius

614 4463 1077 4533 vaniloquentiam
1129 4464 1274 4517 illius
1309 4464 1641 4533 redarguens
1684 4462 1907 4518 Patrum
1958 4463 2204 4517 testimo-

618 4557 747 4621 niis,
770 4556 1002 4610 ostendit
1033 4556 1249 4624 pr0prie
1273 4562 1328 4607 et
1362 4570 1489 4608 vere
1516 4570 1680 4607 unum
1705 4553 1992 4608 Dominum
2015 4552 2201 4608 Jesum

616 4649 894 4704 Christum
934 4658 987 4703 et
1022 4646 1190 4703 Deum
1225 4647 1483 4716 appellari
1519 4654 1574 4702 et
1607 4645 1904 4701 hominem.
1944 4645 2122 4711 Quare
2155 4646 2201 4701 si

620 4741 675 4794 in
707 4742 908 4811 quibus
935 4749 1105 4795 totmn
1135 4741 1368 4811 partium
1394 4739 1615 4794 nomina
1648 4755 1752 4795 non
1777 4738 1993 4808 recipit,
2029 4753 2203 4807 neque

2295 3543 2354 3594 ἐν
2386 3540 2691 3610 Καλχηδόνι
2746 3537 2966 3590 συνόδου
2999 3536 3099 3604 τὴν
3129 3532 3366 3603 σπουδῆν
3414 3533 3559 3601 ἔχει.
3610 3527 3852 3599 Γυμνάζει

2294 3636 2351 3689 δὲ
2378 3632 2659 3686 κάνταῦθα
2678 3632 2739 3684 τὸ
2770 3630 2913 3684 κατὰ
2948 3629 3040 3682 τὸν
3091 3628 3379 3696 ἄνθρωπον
3416 3625 3787 3695 παράδειγμα.
3812 3612 3848 3684 ᾧ

2295 3727 2567 3797 κέχρηται
2602 3725 2701 3795 μὲν
2749 3722 3019 3790 Κύριλλος
3044 3720 3308 3785 εὐσεϐῶς,
3363 3718 3636 3789 προφέρει
3664 3713 3715 3767 δὲ
3749 3712 3851 3764 δυσ-

2300 3820 2472 3883 σεϐῶς
2500 3820 2560 3871 τὸ
2583 3816 2882 3885 ἀλλόφυλον
2908 3831 2923 3846 ⁶
2960 3814 3226 3885 προφέρει
3249 3814 3359 3883 γὰρ
3393 3814 3481 3864 ἵνα
3529 3810 3659 3880 μίαν
3708 3804 3846 3873 φύσιν

2298 3913 2393 3965 ἐπὶ
2419 3909 2679 3979 Χριστοῦ,
2724 3909 2916 3977 ὥσπερ
2956 3907 3051 3960 καὶ
3083 3907 3176 3959 ἐπὶ
3205 3906 3299 3959 τοῦ
3357 3903 3673 3973 ἀνθρώπου,
3724 3898 3851 3964 λέγε-

2301 4004 2428 4056 σθαι
2456 4000 2781 4071 δογματίσῃ.
2819 4000 2965 4070 Πλὴν
2987 3998 3046 4063 ἐξ
3088 3990 3164 4051 ὧν
3212 3998 3353 4063 ὑπὲρ
3398 3994 3504 4063 τῆς
3560 3988 3796 4050 ἀσεϐείας
3813 3984 3850 4015 δ’

2302 4094 2614 4158 σπουδάζει.
2644 4092 2766 4145 κατ’
2795 4092 2965 4162 αὐτῆς
2998 4091 3220 4162 μᾶλλον,
3270 4088 3373 4140 κᾶν
3395 4087 3499 4139 οὐκ
3534 4084 3633 4156 ἔχῃ
3658 4080 3747 4150 τὴν
3777 4074 3848 4128 αῖ·

2303 4188 2516 4256 σθησιν,
2547 4182 2906 4251 ὲξοπλίζεται.
2949 4183 3113 4251 Λέγει
3168 4181 3279 4250 γὰρ
3327 4179 3409 4241 ὡς
3473 4177 3573 4229 ἐπὶ
3627 4171 3727 4226 τῶν
3775 4167 3849 4220 ἀν·

2320 4276 2670 4348 ομοιομερῶν
2692 4277 2753 4328 τὸ
2800 4274 2920 4328 ὅλον
2962 4278 3084 4338 ταῖς
3130 4272 3238 4327 τῶν
3272 4269 3455 4341 μερῶν
3492 4259 3848 4338 προσηγορίαις

2301 4370 2403 4421 οὐκ
2438 4366 2784 4437 ὀνομάζεται,
2818 4365 2933 4418 ἀλλ’
2971 4361 3252 4433 ίδιαζούσῃ
3285 4360 3481 4431 κλήσει
3511 4354 3845 4426 γνωρίζεται’

2303 4462 2428 4515 εἰδὲ
2447 4460 2628 4525 τοῦτο,
2679 4460 2775 4512 καὶ
2804 4459 2932 4528 μιᾶς
2982 4455 3365 4525 γνωσθήσεται
3401 4451 3640 4519 φύσεως.
3682 4446 3739 4497 'H
3766 4438 3845 4511 μὲν

2305 4555 2517 4625 αἵρεσις
2546 4552 2688 4606 οὕτω
2708 4551 3013 4621 συμπλέκει
3035 4549 3097 4602 τὸ
3120 4548 3383 4615 σόφισμα,
3416 4547 3446 4598 ὁ
3496 4544 3555 4597 δὲ
3583 4539 3674 4594 τοῦ
3702 4535 3845 4625 Λόγου

2309 4624 2558 4717 μαθητὴς
2578 4645 2836 4713 Εύλόγιος
2861 4644 2923 4696 τὸ
2949 4640 3312 4712 ματαιολόγον
3347 4637 3521 4706 αὐτῆς
3582 4624 3844 4717 ἐξελέγξαςτ

2308 4715 2605 4809 πατρικαῖς
2647 4737 2986 4790 ἐπιδείκνυσι
3042 4732 3377 4804 μαρτυρίαις
3437 4729 3641 4799 κυρίως
3680 4739 3733 4775 τε
3774 4715 3847 4809 xei

619 4807 738 4886 una-
763 4832 1055 4894 inducitur,
1088 4807 1148 4885 in
1178 4833 1376 4901 quibus
1410 4840 1580 4885 totum
1613 4830 1848 4900 partium
1881 4807 2190 4898 appellatio-

2304 4807 2518 4896 ἀληθῶς
2553 4829 2644 4882 τὸν
2671 4828 2769 4881 ἕνα
2801 4827 3009 4897 Κύριον
3057 4822 3268 4893 Ἰησοῦν
3322 4821 3559 4891 Χριστὸν
3603 4816 3691 4869 καὶ
3741 4807 3847 4901 Θεδν

620 4936 719 4975 nes
760 4923 976 4991 proprie
1016 4923 1275 4993 suscipit;
1329 4922 1383 4976 in
1431 4922 1519 4977 his
1565 4921 1709 4976 enim
1755 4929 1811 4976 et
1851 4936 1954 4974 una
2006 4929 2203 4974 natura

620 5024 1000 5082 cOgnoscetur.

2310 4920 2596 4973 καλεῖσθαι
2635 4923 2729 4973 καὶ
2758 4919 3071 4990 ἄνθρωπον,
3103 4915 3242 4968 ὥστε
3262 4915 3311 4966 εί
3344 4914 3428 4981 ἐφ’
3460 4906 3535 4966 ὧν
3568 4911 3626 4963 τὸ
3641 4907 3746 4961 ὅλον
3770 4898 3847 4958 τὰς

2310 5014 2420 5067 τῶν
2445 5016 2489 5047 so
2526 5015 2710 5086 μερῶν
2741 5011 3117 5101 προσηγορίαὶς
3172 5009 3233 5062 οὐ
3263 5008 3501 5077 δέχεται,
3534 5003 3639 5101 οὓς
3764 4989 3841 5101 pl:

622 5106 1023 5173 συνεισάγεται,
1054 5106 1138 5176 ἐφ’
1162 5098 1236 5159 ὧν
1252 5107 1316 5160 τὸ
1334 5106 1456 5161 ὅλον
1484 5108 1529 5139 δι
1564 5105 1671 5159 τῶν
1702 5104 1886 5175 μερῶν
1918 5103 2019 5165 τὰς
2053 5103 2279 5175 κλήσεις
2346 5107 2553 5180 κυρίως
2624 5106 2966 5176 ἀναδέχεται,
3021 5081 3107 5156 ιτὲε
3164 5099 3393 5155 ἐκείνων
3448 5098 3493 5131 ⁸³
3530 5094 3624 5149 καὶ
3673 5092 3705 5158 ἡ
3761 5081 3844 5154 μία

622 5193 784 5264 φύσις
822 5195 1364 5267 συνθεωρηθήσεται.

690 5290 869 5355 Quare
923 5293 1141 5360 sapiens
1196 5304 1389 5347 auctor
1449 5290 1667 5345 adducit
1718 5292 1901 5345 divum
1938 5291 2200 5360 Cyrillum

623 5382 857 5451 seipsum
915 5384 1323 5449 elucidantem,
1395 5385 1667 5453 quomodo
1740 5384 1938 5453 276a
2001 5394 2057 5437 et
2112 5399 2206 5437 cur

624 5474 871 5543 exemplo
905 5475 1144 5531 hominis
1174 5491 1303 5531 usus
1332 5474 1423 5530 sit.
1458 5473 1746 5531 Theodoro
1777 5476 1919 5529 enim
1954 5473 2205 5543 Mopsue-

2395 5291 2455 5344 Ὀ
2497 5290 2680 5359 μέντοι
2709 5304 2773 5355 γε
2803 5290 2966 5355 σοφδς
2991 5282 3343 5354 συγγραφεὺς
3372 5273 3703 5374 “apii-“rb?

2314 5381 2587 5453 Κύριλλον
2619 5378 2999 5451 έρμηνεύοντα
3048 5375 3265 5441 ἑαυτὸν,
3290 5373 3438 5435 ὅπως
3485 5368 3577 5422 καὶ
3620 5362 3768 5453 ἐφ’ᾧΛ
3782 5366 3842 5418 τῳ

2313 5446 2458 5528 κατά
2488 5474 2579 5527 τὸν
2608 5446 2893 5543 ἄνθρωπον
2942 5468 3219 5538 ἐχρήσατο
3275 5460 3692 5533 παραδείγματι.
3738 5446 3840 5498 Θεο-

1892 5636 2128 5690 νΑῐιιΑῑ
2170 5632 2580 5689 LECTIONES.

723 5752 768 5786 “
804 5749 898 5808 οὗν
924 5752 1044 5805 add.
1081 5753 1145 5806 A.
1251 5754 1297 5787 ⁸⁵
1348 5762 1404 5806 et
1486 5751 1653 5815 infra,
1702 5750 1875 5803 Χαλκ.
1909 5749 1970 5801 Β.

627 5825 672 5880 Δ
772 5826 815 5855 ⁸9
841 5824 1093 5887 ἀσεϐείας
1134 5840 1238 5894 mg.
1270 5842 1283 5879 :
1326 5824 1447 5879 libri
1481 5823 1782 5885 εύσεῦείχς.
1858 5823 1904 5853 ⁵ο
1943 5822 2041 5882 τὰς
2078 5818 2209 5871 τῶν.

2104 5747 2148 5776 ⁸⁸
2172 5748 2236 5798 ἐκ
2263 5744 2358 5798 δύο
2385 5740 2700 5811 δογματίζει
2738 5757 2800 5811 ς.

2286 5818 2327 5848 ⁵³
2361 5815 2421 5869 τὸ
2450 5800 2573 5869 ὅλον
2601 5800 2709 5868 οἴη.
2736 5800 2798 5865 Β.
2878 5810 2923 5842 ⁸³
2950 5807 3175 5862 ἐκείνων
3212 5806 3320 5877 γάρ
3373 5803 3468 5858 καὶ
3511 5800 3544 5869 ἠ
3587 5813 3642 5860 ς.

2874 5739 2919 5771 ’⁸⁷
2952 5736 3123 5791 ταῦτα
3151 5735 3209 5789 δὲ
3257 5734 3389 5798 διεξ.
3428 5750 3487 5797 ς.
3565 5726 3609 5759 ⁸⁸
3635 5722 3715 5777 τὸν
3736 5708 3836 5770 add.
