3994 6422
168 416 307 484 1053

1148 420 1673 484 BIBLIOTHECA.
1710 449 1778 460 —
1814 422 1979 485 COD.
2024 422 2292 488 CCXXX.

3252 424 3389 493 105‘

161 533 337 602 δώρου
376 529 485 603 γὰρ
510 530 604 585 τοῦ
626 531 1004 603 Μοψουεστίας
1031 534 1092 588 τὸ
1132 537 1273 591 κατά
1294 537 1384 590 τὸν
1435 536 1721 607 ἄνθρωπον
1748 590 1750 598 ,

1854 537 1940 593 tia:
1967 538 2260 593 humanum
2287 540 2594 607 exemplum
2620 538 3010 603 calumniante,
3041 550 3100 596 ut
3124 555 3228 597 non
3258 557 3389 597 con-

162 625 597 688 ἐνδιαϐάλλοντος
640 625 992 697 παράδειγμα
1035 627 1111 691 ὡς
1159 629 1405 699 ὑπάρχον
1463 628 1542 698 τῷ
1580 628 1724 682 κατὰ

158 713 399 783 Χριστὸν
428 716 708 786 μυστηρίῳ
747 717 1107 787 ἀνάρμοστον,
1129 717 1301 781 οὑτως
1329 722 1388 772 ὲν
1447 718 1525 789 τῷ
1567 719 1722 786 λεγο-

161 807 320 879 μένῳ
350 808 551 879 πρώτῳ
579 810 730 880 τόμῳ
769 810 1137 880 ἀνθυποφέρει
1187 813 1216 865 ὁ
1241 810 1506 881 Κύριλλος
1530 828 1543 841 ⁸
1578 812 1726 864 Ἕνα

157 900 267 953 καὶ
319 901 425 953 τὸν
473 902 659 954 αὐτὸν
713 900 857 953 ὄντα
905 901 1276 971 γινώσκομεν
1327 901 1424 955 καὶ
1475 902 1544 955 ἐκ
1578 902 1725 957 Θεοῦ

159 993 401 1058 Πατρός
432 989 635 1056 θεῖκῶς
687 990 813 1061 1857
850 992 938 1064 IL]
981 992 1082 1046 καὶ
1113 993 1181 1046 ἐκ
1238 994 1524 1062 γυναικὸς
1576 992 1728 1045 κατὰ

158 1081 366 1149 σάρκα
398 1098 411 1111 °
467 1082 802 1149 κεχρήμεθα
851 1082 919 1135 δὲ
980 1082 1054 1151 τῇ
1101 1083 1208 1136 τοῦ
1252 1083 1728 1151 παραδείγματος

158 1174 356 1240 χρείᾳ,
391 1174 712 1242 τηροῦντες
742 1175 1049 1242 πανταχοῦ
1078 1173 1150 1243 τῇ
1195 1173 1407 1228 ὲνώσει
1453 1174 1519 1227 τὸ
1561 1174 1729 1229 ἀδιά-

157 1281 470 1331 σπαστον,
552 1267 650 1320 καί
708 1269 823 1331 τὴν
906 1267 1198 1335 διαίρεσιν
1268 1269 1729 1338 παρωθούμενοι.

174 1358 428 1421 Ἀκούεις
458 1358 543 1427 ἐφ’
573 1353 616 1427 ᾧ
637 1360 683 1391 ⁸³
719 1359 984 1431 Κύριλλος
1017 1358 1435 1430 παραλαμϐάνει
1470 1362 1530 1413 τὸ
1554 1362 1733 1432 παρά-

156 1448 399 1518 δειγμα·
431 1450 491 1503 οὑ
544 1451 652 1522 γὰρ
693 1452 782 1506 ἵνα
830 1453 895 1507 σὺ
961 1453 1089 1521 μίαν
1152 1455 1247 1507 τοῦ
1292 1454 1526 1525 Χριστοῦ
1572 1455 1734 1523 φύσιν

161 1538 303 1609 [452
338 1537 428 1611 ΙΙ.]
467 1540 882 1611 καινολογήσῃς,
916 1540 1029 1594 ἀλλ’
1074 1541 1161 1593 ἵνα
1201 1541 1473 1612 Θεόδωρος
1504 1541 1596 1595 καὶ
1627 1541 1734 1593 Νε-

162 1631 830 1702 στόριοςκαταισχυνθῶσι
860 1634 926 1702 τῇ
955 1632 1048 1686 τοῦ
1074 1633 1515 1703 παραδείγματος
1550 1632 1728 1704 χρείᾳ,

160 1724 465 1793 τηροῦντος
488 1723 582 1776 τοῦ
620 1723 765 1794 ἱεροῦ
798 1723 1065 1793 Κυρίλλου
1106 1727 1174 1794 τῇ
1224 1724 1414 1778 ἐνώσει
1467 1724 1530 1777 τὸ
1561 1726 1737 1794 ἄτμη-

162 1813 265 1868 τόν
300 1832 357 1868 τε
387 1815 481 1868 καὶ
510 1816 898 1871 ἀδιάσπαστον.
952 1818 1023 1870 Σὺ
1059 1818 1105 1870 δ’
1156 1819 1285 1881 ίσως
1318 1816 1626 1870 ἀκολουθῶν
1655 1815 1733 1886 τῷ
1765 1843 1806 1897 Β

168 1907 585 1977 παραδείγματι
605 1908 726 1959 οὐδὲ
752 1908 885 1961 Θεὸν
910 1909 1031 1962 οὐδὲ
1072 1908 1356 1978 ἄνθρωπον
1392 1908 1597 1977 κυρίως
1657 1909 1735 1960 εί-

171 1999 304 2052 πεῖν
334 1998 592 2068 ἀνάσχοιο
618 2000 684 2052 ἂν
715 1999 806 2052 τὸν
855 2001 1111 2071 Χριστὸν,
1163 2000 1295 2053 διότι
1319 2000 1439 2054 οὐδὲ
1473 2000 1500 2051 ὁ
1531 1999 1731 2069 ἄνθρω-

172 2102 303 2150 πος,
329 2086 391 2139 τὸ
412 2089 783 2159 παράδειγμα,
819 2089 942 2142 οὔτε
970 2091 1125 2161 σῶμα
1151 2091 1355 2159 κυρίως
1384 2090 1506 2144 οὔτε
1566 2091 1734 2161 ψυχὴ,

169 2180 222 2231 εἰ
248 2178 298 2211 ⁸⁸
319 2178 549 2251 ἐκϐιάσῃ
577 2181 749 2235 ταῦτα
777 2182 958 2252 λέγειν
987 2185 1167 2247 αὑτὸν,
1195 2183 1327 2236 διότι
1347 2184 1439 2237 ἐπὶ
1460 2185 1561 2254 τῆς
1592 2184 1735 2239 κατά

173 2272 417 2343 Χριστὸν
440 2274 751 2346 ἀπορρήτου
774 2277 1043 2340 ὲνώσεως,
1077 2277 1136 2341 ἐξ
1156 2272 1230 2332 ὧν
1247 2278 1406 2340 αὐτὸς
1436 2277 1740 2346 σύγκειται,

168 2364 353 2417 ταῦτα
381 2366 598 2435 κυρίως-
618 2367 856 2435 λέγεται.
883 2370 956 2422 Ού
985 2369 1186 2433 τοίνυν,
1228 2371 1332 2424 κᾶν
1370 2371 1399 2423 ὁ
1458 2369 1743 2441 ἄνθρωπος

176 2461 315 2526 μιᾶς
343 2460 553 2528 λέγοιτο
582 2461 816 2531 φύσεως,
854 2463 1030 2527 οὐδεὶς
1077 2463 1397 2528 ἀκολουθίας
1450 2465 1744 2534 ἀπαιτήσει

170 2552 340 2620 λόγος
375 2554 471 2606 καὶ
520 2553 611 2607 τὸν
672 2555 905 2623 Χριστὸν
940 2556 1070 2625 μιᾶς
1128 2555 1394 2627 ὑπάρχειν
1448 2556 1537 2608 διὰ
1587 2554 1748 2608 τοῦτο

175 2644 421 2712 φύσεως.
453 2646 542 2699 Διὸ
565 2646 659 2699 καὶ
685 2646 951 2717 Κύριλλον
977 2648 1021 2681 ⁵⁵
1046 2647 1137 2700 τὸν
1163 2647 1460 2716 θαυμάσιον
1490 2646 1618 2717 μίαν
1650 2647 1748 2717 μὲν

174 2737 272 2788 τὸν
317 2734 603 2807 ἄνθρωπον
652 2736 817 2803 φύσιν
873 2738 1129 2807 εὑρήσεις
1196 2738 1445 2806 λέγοντα,
1512 2738 1641 2808 μίαν
1690 2738 1749 2791 δὲ

176 2825 345 2893 φύσιν
374 2826 592 2878 είπόντα
616 2826 710 2878 τοῦ
750 2828 985 2896 Χριστοῦ
1018 2828 1117 2879 οὑκ
1150 2827 1215 2880 ἂν
1258 2828 1538 2899 φωράσῃς.
1586 2827 1646 2879 Εἰ
1690 2826 1750 2879 δέ

177 2933 266 2979 τις
292 2916 387 2969 δύο
416 2916 606 2984 φύσεις
629 2917 862 2971 δέδοικεν
888 2920 1080 2980 εἰπεῖν,
1120 2918 1205 2971 ἵνα
1234 2919 1307 2989 μὴ
1326 2919 1588 2988 διαίρεσιν
1624 2935 1752 2971 συν-

178 3006 402 3078 εισάξῃ,
451 3008 668 3077 πρῶτον
701 3009 799 3079 μὲν
839 3008 1012 3072 οὕτως
1040 3009 1227 3072 ἁπλῶς
1260 3008 1395 3076 μηδὲ
1425 3008 1632 3076 λεγέτω
1660 3008 1754 3061 δύο

184 3101 404 3169 φύσεις,
428 3100 767 3169 προστιοὰω
799 3100 856 3153 δὲ
874 3101 935 3153 τὸ
964 3100 1288 3171 ἀδιαίρετον,
1320 3096 1438 3152 εἶτα
1466 3098 1756 3168 συνομολο-

1826 632 2050 685 veniens
2071 631 2268 685 Christi
2302 632 2576 700 mysterio,
2600 633 2680 688 sic
2707 642 2762 687 et
2793 633 2846 687 in
2879 634 3023 688 dicto
3057 642 3200 687 tomo
3243 633 3262 685 l
3309 648 3392 688 re-

1826 730 2029 789 pugnat
2049 719 2309 790 Cyrillus:
2335 719 2511 775 Unum
2541 732 2591 774 et
2621 722 2857 775 eumdem
2882 739 2992 776 esse
3008 723 3391 791 cognoscimus,

1826 821 1870 864 et
1892 827 1919 865 ε
1949 810 2054 865 Deo
2085 809 2246 864 Patre
2284 811 2458 865 divine
2490 820 2538 864 et
2560 829 2586 866 e
2606 814 2822 866 muliere
2845 813 3134 866 secundum
3158 828 3389 865 carnem.

1829 899 1873 954 U
1882 902 2041 955 timur
2069 914 2241 956 autem
2274 903 2539 972 exemplo,
2574 914 2834 957 servantes
2856 904 3046 971 ubique
3076 902 3267 955 unione
3306 919 3393 955 m-

1828 991 2108 1055 divulsum,
2135 992 2439 1046 divisionem
2464 992 2773 1060 rejicientes.
2800 992 2969 1045 Audis
2992 994 3133 1044 unde
3155 991 3392 1060 Cyrillus

1829 1086 2131 1151 exemplum
2163 1094 2381 1137 sumat:
2422 1100 2526 1138 non
2557 1088 2700 1137 enim
2737 1093 2795 1138 ιιι
2825 1095 2878 1137 ιιι
2904 1100 3063 1138 unam
3096 1084 3151 1139 in
3176 1083 3397 1139 Christo

1828 1182 2076 1228 naturam
2102 1190 2238 1228 nove
2261 1175 2449 1243 ﬁngas,
2475 1190 2658 1229 verum
2691 1184 2751 1228 ut
2777 1174 3094 1228 Theodorus
3121 1182 3176 1228 et
3202 1173 3394 1227 Nesto-

1833 1266 1945 1319 rius
1986 1265 2260 1335 pudeliant
2297 1267 2528 1336 exempli
2580 1281 2674 1321 usu
2721 1272 2970 1320 servante
2998 1267 3156 1320 beato
3198 1264 3399 1337 Cyrillo

1832 1357 2032 1410 unione
2085 1357 2340 1411 sectionis
2388 1372 2580 1426 expers
2626 1367 2682 1411 et
2734 1358 3082 1412 indivulsum.
3137 1358 3216 1411 Tu
3269 1372 3400 1412 vero

1833 1446 2059 1502 forsitan
2098 1448 2401 1515 exemplum
2428 1459 2667 1513 secutus,
2695 1465 2869 1519 neque
2896 1450 3062 1504 Deum
3093 1464 3267 1519 neque
3298 1449 3399 1503 ho-

1835 1539 2034 1593 minem
2060 1540 2275 1608 proprie
2298 1540 2479 1595 dicere
2509 1541 2780 1595 sustineas
2809 1543 3058 1596 eumdem
3091 1541 3401 1595 Christum?

1836 1631 1968 1697 Quia
1996 1647 2169 1702 neque
2199 1634 2360 1687 homo
2381 1632 2712 1701 exemplum,
2740 1648 2913 1702 neque
2938 1648 3133 1703 corpus
3157 1635 3398 1703 proprie,

1838 1738 2011 1793 neque
2031 1724 2234 1789 anima,
2264 1725 2308 1778 si
2334 1740 2496 1795 cogas
2524 1740 2645 1780 eum
2678 1727 2791 1779 haec
2817 1725 2998 1780 dicere
3022 1744 3036 1779 :
3065 1727 3407 1794 quandoqui-

1836 1816 1955 1870 dem
1986 1816 2054 1869 de
2083 1815 2278 1870 unione
2317 1816 2575 1871 inellabili
2609 1819 2660 1870 in
2690 1817 2930 1879 Christo,
2961 1817 3102 1871 unde
3129 1817 3244 1884 ipse
3275 1832 3405 1869 con-

1839 1916 1981 1973 stat,
2023 1909 2245 1979 proprie
2276 1909 2390 1962 ham
2417 1909 2693 1965 dicuntur.
2739 1909 2853 1963 Non
2890 1910 3051 1980 igitur
3080 1909 3205 1963 licet
3248 1909 3410 1962 homo

1840 2000 1999 2054 unius
2055 2002 2264 2055 dicatur
2330 2012 2583 2065 naturae,
2645 2002 2749 2054 ulla
2806 2002 3210 2071 consequentiae
3270 1999 3411 2053 ratio

1840 2093 2038 2160 exiget,
2069 2102 2120 2146 et
2158 2092 2433 2147 Christum
2464 2094 2627 2148 unius
2671 2108 2792 2148 esse
2819 2095 2937 2147 ideo
2974 2104 3199 2147 naturai.
3229 2092 3412 2158 Quare

1840 2193 1895 2237 et
1919 2180 2290 2238 admirandum
2315 2184 2460 2237 illum
2489 2185 2770 2255 Cyrillum,
2801 2201 2961 2239 unam
2990 2186 3207 2254 quidem
3239 2184 3415 2239 homi-

1844 2290 1967 2328 nem
2004 2286 2336 2329 asserentem
2382 2284 2629 2329 naturam
2683 2276 2945 2337 invenies,
2991 2290 3149 2327 unam
3183 2290 3310 2328 vero
3331 2273 3417 2327 di—

1843 2378 2054 2419 ceutem
2088 2366 2289 2421 Christi
2314 2382 2419 2421 non
2455 2366 2847 2436 deprehendes.
2884 2365 2940 2420 Si
2973 2378 3102 2419 vero
3133 2365 3267 2418 duas
3294 2362 3416 2431 quis

1844 2469 2065 2514 naturas
2094 2467 2298 2512 metuat
2322 2458 2523 2521 dicere,
2553 2474 2619 2511 ne
2647 2458 2966 2512 divisionem
2996 2457 3253 2510 inducat:
3299 2456 3413 2523 pri-

1849 2567 1995 2604 mum
2028 2552 2245 2622 quidem
2291 2552 2428 2605 adeo
2469 2550 2828 2619 simpliciter,
2873 2564 3047 2617 neque
3093 2548 3235 2602 dicat
3282 2548 3419 2601 duas

1848 2651 2103 2707 naturas,
2150 2649 2385 2709 apponat
2432 2654 2559 2693 vero
2599 2640 2878 2703 indivisas,
2909 2638 3103 2691 deinde
3153 2636 3416 2692 conﬁtea-

1851 2744 1937 2786 tur
1961 2742 2015 2787 et
2042 2749 2198 2786 uuam
2231 2730 2624 2802 bypostaticam
2651 2744 2959 2799 personam,
2989 2738 3043 2782 et
3068 2743 3229 2781 unam
3255 2729 3424 2797 hypo-

1851 2826 2022 2880 stasin
2049 2843 2061 2878 :
2092 2834 2184 2878 aut
2222 2825 2435 2878 illorum
2467 2823 2602 2888 loco,
2642 2822 2686 2875 si
2717 2823 2838 2890 quis
2871 2820 3034 2884 volet,
3067 2834 3227 2873 unam
3255 2817 3422 2872 Verbi

1853 2928 2097 2972 naturam
2127 2918 2484 2971 incantatam.
2512 2913 2625 2969 lloc
2650 2915 2812 2984 igitur
2835 2916 2899 2965 ad
2919 2922 3225 2966 accuratam
3243 2924 3426 2963 amus-

1852 3011 1953 3064 sim
1988 3010 2158 3073 dicto,
2192 3006 2428 3078 Cyrillns
2458 3021 2634 3076 neque
2662 3006 3071 3059 accusatoribus
3101 3003 3303 3072 praebet
3332 3016 3428 3055 oc-

1854 3101 2126 3157 casionem
2185 3101 2342 3170 quasi
2398 3099 2603 3154 divisas
2656 3099 2857 3152 docens
2917 3108 3160 3150 naturas.
3212 3094 3425 3149 Etenim

184 3190 359 3257 γείτω
382 3191 477 3243 καὶ
503 3191 559 3246 ἓν
582 3193 628 3223 ⁵⁸
665 3192 787 3244 καθ’
818 3192 1111 3245 ὑπόστασιν
1143 3192 1429 3262 πρόσωπον
1482 3192 1579 3245 καὶ
1620 3191 1750 3260 μίαν

1855 3194 2220 3251 Orientalibus
2269 3194 2402 3247 duas
2440 3200 2661 3245 naturas
2700 3191 3038 3257 dicentibus,
3072 3202 3125 3243 et
3157 3189 3277 3243 aliis
3309 3188 3429 3241 illos

184 3280 572 3351 ὑπόστασιν,ἢ
603 3281 717 3336 ἀντ’
754 3281 953 3345 αὐτῶν,
1005 3282 1053 3333 εί
1084 3280 1261 3351 βούλει
1285 3281 1352 3347 ⁸⁷,
1385 3280 1445 3332 τὸ
1479 3278 1608 3349 μίαν
1658 3279 1750 3334 τοῦ

1858 3284 2236 3339 accusantibus
2306 3281 2459 3352 quasi
2492 3280 2719 3335 alteram
2761 3282 2827 3334 ab
2852 3280 3019 3335 altera
3065 3281 3326 3344 dividant,
3358 3278 3428 3333 ad

181 3370 362 3438 Δόγου
401 3370 560 3438 φύσιν
620 3372 1068 3443 σεσαρκωμένην.
1110 3370 1295 3423 Ταῦτα
1348 3370 1456 3439 γὰρ
1499 3372 1527 3423 ὁ
1583 3369 1757 3438 λέγων

183 3462 331 3516 κατὰ
360 3460 450 3514 τὸν
489 3461 741 3532 γνώμονα.
766 3463 867 3533 τῆς
901 3462 1185 3533 ἀκριϐείας
1237 3461 1506 3533 Κύριλλον
1555 3461 1656 3513 οὑκ
1690 3460 1758 3514 ἂν

183 3554 313 3607 οὐδὲ
341 3554 705 3623 συκοφάνταις
740 3554 1009 3623 παράσχοι
1036 3552 1084 3584 ⁸⁸
1120 3551 1291 3622 λαϐὴν
1344 3551 1420 3616 ὡς
1486 3552 1757 3622 διαίρεσιν

179 3644 524 3714 δογματίσας
556 3644 665 3698 τῶν
692 3643 930 3714 φύσεων.
963 3643 1071 3697 Kal.
1105 3643 1215 3715 γὰρ
1242 3643 1337 3696 καὶ
1372 3642 1481 3697 τῶν
1498 3645 1542 3675 ⁵⁵
1566 3644 1760 3697 ἀνατο-

176 3736 357 3790 λικῶν
382 3737 476 3791 δύο
497 3736 687 3806 φύσεις
725 3736 1009 3802 εἰπόντων,
1046 3736 1141 3790 καὶ
1172 3739 1529 3805 συκοφαντεῖν
1561 3736 1761 3801 αὐτοὺς

181 3830 633 3901 ὼςδιαιροῦντας
655 3829 857 3901 ἑτέρων
910 3830 1263 3898 κινηθέντων,
1319 3828 1458 3899 πρὸς
1499 3828 1756 3881 Ἀκάκιον

181 3922 441 3992 γράφων,
466 3920 654 3991 ἐπειδὴ
681 3921 818 3990 μετά
848 3920 941 3973 τού
965 3921 1141 3972 εἰπεῖν
1176 3919 1269 3972 δύο
1303 3919 1495 3988 φύσεις
1551 3920 1646 3972 καὶ
1701 3918 1763 3971 τὸ

183 4012 496 4081 ἀδιαίρετον
528 4011 771 4082 συνῆψαν
798 4011 893 4064 καὶ
928 4012 985 4062 ὲν
1012 4010 1093 4063 ἐνὶ
1129 4010 1224 4062 καὶ
1254 4010 1332 4078 τῷ
1362 4008 1512 4080 αὐτῷ
1542 4008 1764 4080 Χριστῷ

183 4103 291 4164 τὰς
320 4102 414 4154 δύο
454 4102 644 4171 φύσεις
677 4102 809 4173 ὁρᾷν
840 4101 1225 4172 ὡμολόγησαν,
1275 4100 1441 4152 τέκνα
1492 4101 1589 4171 μὲν
1643 4100 1764 4153 δια-

188 4192 350 4247 ϐόλου
377 4195 502 4259 τοὺς
538 4193 881 4263 συκοφάντας
924 4193 1236 4261 ἀποφαίνει,
1265 4194 1394 4257 τοὺς
1429 4193 1486 4246 δὲ
1527 4193 1768 4263 διομολο⁹

186 4285 425 4355 γοῦντας
448 4286 586 4340 κατά
616 4285 678 4339 et
703 4285 960 4356 φρόνημα
988 4285 1095 4338 τῶν
1117 4285 1456 4339 ἀνατολικῶν
1504 4284 1766 4340 ἀδύνατόν

186 4393 326 4430 ποτε
355 4376 623 4449 διαίρεσιν
658 4378 921 4445 εἰσάγειν.
977 4377 1120 4448 Ὅρα
1170 4377 1354 4430 δὲκαὶ
1418 4378 1757 4443 Ἀθανάσιον,

189 4463 283 4521 οἷα
302 4467 547 4539 περὶτῆς
572 4469 1038 4539 ἐνανορωπήσεως
1061 4467 1154 4521 τοῦ
1175 4468 1351 4535 Λόγου
1371 4469 1596 4538 γράφων
1626 4469 1768 4523 κατά

1856 3377 2115 3433 Acacium
2154 3376 2364 3431 scribit.
2394 3375 2622 3442 Quando
2660 3378 2795 3428 duas
2836 3384 3055 3428 naturas
3096 3373 3344 3437 dicendo,
3374 3379 3429 3427 et

1860 3468 2191 3522 individuum
2223 3467 2544 3536 adjunxere,
2571 3476 2624 3518 et
2656 3467 2706 3519 in
2741 3481 2847 3519 uno
2884 3465 3182 3532 eodemque
3212 3464 3431 3518 Christo

1860 3559 1993 3614 ditas
2025 3569 2245 3612 naturas
2274 3573 2334 3612 se
2368 3558 2553 3612 videre
2583 3557 2761 3612 testati
2799 3567 2922 3610 sunt
2952 3574 2966 3609 :
2997 3557 3432 3610 contradicentes

1860 3650 2094 3704 liliorum
2131 3650 2332 3709 diaboli
2361 3650 2482 3703 loco
2513 3659 2682 3704 tenet.
2715 3648 2817 3716 Qui
2850 3662 2977 3701 vero
3009 3648 3150 3701 idem
3192 3649 3438 3701 sentiunt

1866 3742 2011 3809 quod
2058 3739 2385 3802 Orientales,
2415 3739 2746 3805 impossibile
2785 3748 2870 3792 est
2913 3738 3200 3808 aliquando
3226 3737 3442 3791 divisio-

1863 3848 1983 3887 nem
2030 3833 2304 3887 inducere.
2356 3831 2490 3887 Vide
2536 3832 2700 3886 etiam
2748 3832 3142 3894 Athanasium,
3206 3845 3326 3899 qua:
3370 3830 3437 3882 de

1864 3925 2241 3980 incarnatione
2291 3924 2448 3978 Verbi
2501 3925 2745 3979 scribens
2788 3934 2973 3976 contra
3028 3922 3443 3991 Apollinaristas

1864 4018 2107 4085 exponit.
2133 4015 2268 4070 Cum
2297 4017 2439 4069 enim
2472 4016 2602 4069 dicit
2630 4030 2725 4082 per
2776 4014 2969 4083 276.6
3003 4023 3252 4080 utraque.
3283 4026 3442 4065 nemo

1864 4109 2297 4165 Christianorum
2320 4109 2629 4176 suspicatus
2653 4116 2734 4160 est
2758 4121 2855 4173 per
2877 4105 3194 4157 dualitatem
3218 4103 3443 4156 divisio-

1866 4217 1989 4256 nem
2019 4201 2156 4253 iieri.
2191 4199 2328 4253 Dicit
2352 4214 2477 4253 vero
2499 4212 2514 4251 :
2536 4197 2641 4253 Sed
2658 4198 2748 4268 qui
2771 4206 2843 4250 est
2867 4207 3058 4249 natura
3092 4196 3253 4260 Deus,
3288 4210 3441 4263 gene-

1867 4297 2018 4342 ratur
2038 4289 2210 4352 homo,
2234 4297 2291 4340 ut
2317 4298 2537 4357 utraque
2558 4288 2664 4340 sint
2688 4302 2821 4339 unus
2850 4286 3128 4355 perfectus,
3148 4301 3237 4353 per
3258 4283 3442 4336 omnia

1868 4382 2006 4434 idem
2045 4381 2202 4443 Deus,
2231 4389 2281 4432 et
2311 4384 2482 4433 homo.
2525 4378 2631 4434 Sed
2667 4389 2718 4432 et
2756 4377 3050 4447 Gregorius
3084 4387 3445 4445 cognomento

1868 4473 2173 4541 'l'heologus
2207 4474 2257 4526 in
2289 4473 2619 4541 Apologetico
2649 4473 2763 4525 ait:
2798 4470 3201 4542 IIocpxinanila
3254 4469 3447 4533 deitas,

188 4565 302 4611 τῶν
334 4559 407 4611 τὰ
463 4559 840 4629 Ἀπολιναρίου
908 4558 1206 4613 νοσούντων
1238 4559 1533 4613 ἐκτίθεται.
1576 4560 1750 4628 Λέγωι

1869 4566 1966 4617 hoc
1991 4574 2257 4631 assumpta
2282 4579 2439 4629 caro,
2486 4564 2581 4616 hoc
2616 4578 2744 4615 nova
2778 4562 2951 4614 mistio
2971 4602 2987 4628 ,
3021 4562 3158 4614 Deus
3190 4571 3238 4613 et
3269 4561 3446 4621 homo,

189 4654 303 4723 γὰρ
334 4653 424 4705 διὰ
448 4652 542 4706 τοῦ
572 4655 809 4724 ἑκάτερα
838 4652 899 4705 τὸ
927 4653 1019 4707 δύο
1049 4654 1181 4725 παρ’
1215 4653 1428 4716 οὐδενὸς
1461 4653 1569 4705 τῶν
1607 4654 1767 4705 εὐσε-

192 4744 305 4818 δῶν
336 4745 581 4812 εἰσάγειν
610 4745 882 4818 ύπενοήθη
902 4748 1189 4818 διαίρεσιν.
1218 4746 1382 4813 Λέγει
1415 4744 1473 4797 δέ.
1497 4761 1511 4775 ο
1546 4744 1704 4797 Ἀλλ’
1735 4746 1768 4797 ὀ

190 4817 274 4887 ὧν
297 4837 486 4905 φύσει
515 4839 659 4904 Θεὸς
681 4817 961 4908 Ter-irritat
995 4817 1327 4906 ἅνθρωπος,
1361 4838 1461 4890 ἵνα
1498 4832 1585 4902 εἷς
1617 4831 1659 4906 ᾗ
1685 4835 1770 4904 ,τὰ

192 4927 449 4997 ἑκάτερα
477 4929 723 4997 τέλειος,
751 4932 902 4985 κατὰ
926 4932 1124 4984 πάντα
1149 4929 1293 4994 Θεὸς
1326 4928 1426 4981 καὶ
1458 4927 1769 4995 ἄνθρωπος

192 5021 226 5071 ὀ
253 5011 597 5085 autat-(Kal.
617 5024 646 5075 ό
670 5023 931 5091 Θεολόγος
974 5022 1032 5074 δὲ
1074 5020 1373 5092 Γρηγόριος
1409 5020 1468 5071 ὲν
1500 5018 1579 5090 τῷ
1595 5019 1768 5071 Ἀπο-

192 5110 496 5178 λογητικῷ
522 5131 655 5183 φησι
679 5131 693 5144 ο
722 5115 902 5169 Τοῦτο
924 5114 962 5180 ἡ
986 5112 1313 5167 κενωθεῐσα
1336 5111 1566 5177 θεότης,
1591 5110 1769 5164 τοῦτο

194 5200 234 5269 ἡ
274 5204 743 5273 προσληφθεῖσα
800 5205 978 5272 σὰρξ,
1032 5203 1210 5257 τοῦτο
1256 5201 1296 5268 ἡ
1358 5201 1537 5267 καινὴ
1584 5202 1770 5269 μίξις,

199 5294 344 5359 Θεὸς
377 5295 474 5348 καὶ
503 5296 835 5365 ἄνθρωπος,
887 5294 956 5348 ἓν
987 5295 1060 5349 ἐκ.
1109 5292 1303 5357 δυοῖν,
1358 5292 1459 5344 καὶ
1515 5291 1588 5345 δι’
1632 5292 1771 5358 ἑνὸς

1872 4675 2033 4710 unum
2076 4671 2103 4709 ε
2137 4655 2372 4719 duobus,
2402 4664 2449 4708 et
2490 4670 2580 4723 per
2619 4670 2780 4706 unum
2820 4664 3059 4722 utraque.
3097 4652 3162 4704 Et
3204 4667 3336 4705 sane
3380 4651 3446 4705 ad

1870 4748 2215 4801 Valerianum
2277 4747 2445 4801 lconii
2513 4748 2825 4815 episcopum
2880 4747 3122 4799 scribens
3175 4743 3447 4816 Cyrillus:

1875 4839 2050 4903 Quare
2094 4855 2157 4892 ex
2191 4838 2449 4907 confesso,
2490 4838 2694 4906 inquit,
2735 4837 2873 4905 quod
2915 4854 2945 4889 a
2991 4853 3147 4888 conte
3182 4852 3307 4888 caro
3338 4838 3452 4900 fest,

1872 4931 2009 4999 quod
2030 4946 2055 4982 e
2080 4929 2186 4982 Deo
2220 4929 2379 4986 Deus.
2422 4928 2515 4981 Est
2545 4945 2662 4982 vero
2693 4928 2977 4979 secundum
3028 4928 3197 4991 ipsum
3235 4935 3454 4993 utraque

1875 5022 2147 5087 Christus;
2178 5031 2235 5077 ut
2268 5038 2401 5091 ergo
2440 5038 2544 5076 non
2588 5020 2776 5074 dividit
2800 5021 2958 5086 :Deus
2998 5028 3052 5072 et
3098 5018 3257 5071 homo
3286 5032 3452 5070 unnm

1875 5113 2191 5175 Christum,
2238 5126 2412 5180 neque
2438 5112 2604 5165 dictio
2647 5118 2918 5178 utraque:
2974 5109 3054 5164 sic
3099 5124 3271 5177 neque
3323 5106 3456 5161 illud

1875 5204 2002 5269 duo,
2047 5205 2147 5258 nisi
2174 5203 2314 5272 quod
2353 5204 2592 5256 nonnulli
2630 5219 2851 5257 sensum
2882 5202 3147 5266 dividant,
3186 5216 3285 5254 nec
3316 5198 3450 5253 boni

1878 5296 2075 5348 sutoris
2105 5295 2271 5349 ullum
2310 5296 2541 5349 fructum
2578 5295 2819 5363 proferre
2867 5295 3130 5347 valentes.

197 5392 525 5461 ἀμφότερα.
553 5392 661 5447 Ναὶ
678 5393 741 5462 δὴ
764 5391 1011 5460 καὶπρὸς
1035 5388 1402 5459 Οὐαλεριανὸν
1426 5388 1518 5441 τὸν
1560 5387 1782 5441 Ἰκονίου
1821 5390 2051 5459 γράφων
2082 5392 2111 5442 ὁ
2172 5390 2459 5462 Κύριλλος,
2486 5390 2723 5444 Οὐκοῦν
2763 5386 3251 5458 ὁμολογουμένως
3316 5385 3453 5453 μὲν,

201 5488 357 5557 φησι,
386 5487 454 5540 τὸ
486 5486 607 5540 ἀπὸ
639 5487 869 5554 σαρκὸς
896 5484 1054 5553 σάρξ
1111 5484 1265 5549 ἐστι,
1304 5483 1370 5536 τὸ
1401 5482 1471 5535 δὲ
1501 5481 1569 5534 ἐκ
1598 5481 1745 5536 Θεοῦ
1784 5483 1930 5550 Θεός
1957 5500 1971 5514 ο
2001 5482 2135 5538 ἔστι
2165 5484 2234 5537 δὲ
2270 5485 2422 5538 κατὰ
2454 5485 2676 5537 ταύτὸν
2705 5485 2749 5516 ⁶⁰
2831 5482 3133 5554 ἀμφότερα
3154 5484 3185 5534 o'
3209 5481 3251 5511 ⁶²
3320 5481 3456 5546 Χρι-

1460 5639 1695 5695 VARUE
1736 5640 2144 5700 LECTlONES.

278 5762 324 5796 ss
351 5754 395 5830 ᾧ
425 5761 471 5814 Α
503 5755 617 5816 τῶν
658 5778 719 5826 ς,
797 5760 844 5792 ⁸⁸
866 5756 936 5830 εἰ]
1177 5757 1224 5790 ⁸⁸
1255 5756 1523 5830 Κύριλλον
1549 5758 1649 5828 μὲν
1668 5740 1763 5813 τόν
1796 5777 1856 5824 ς.

208 5832 255 5864 ³⁸
288 5829 398 5886 τῶν
438 5833 540 5887 add
564 5832 630 5886 Α.
711 5833 755 5863 ⁶⁰
786 5829 1114 5885 κατναὺτόν
1145 5845 1206 5892 ς.
1280 5829 1320 5861 ⁶¹
1350 5830 1379 5883 ὁ
1404 5844 1514 5885 om.
1546 5833 1611 5883 Α.

1966 5761 2012 5793 ⁸⁸
2037 5758 2118 5833 ἓν]
2146 5760 2205 5815 τὸ
2230 5758 2289 5814 ἓν
2317 5759 2381 5816 A.
2458 5761 2502 5797 ⁵⁷
2540 5756 2780 5828 βούλει-ιο
2801 5754 2862 5810 τὸ
2884 5771 2945 5820 ς.
3046 5748 3354 5821 ἐπαράσχῃ
3390 5764 3452 5812 τι
