4066 6438
655 433 800 501 1055

1816 439 2078 500 ΡΙΙΟΤΙΙ
2108 434 2616 499 ΡΛΤΒῙΛΒΕΗΕ
2669 434 2775 495 CP.

3752 419 3865 488 1055
3988 393 3989 456 Ὺ

655 548 825 610 στός.
855 546 1066 614 ’Ὠσπερ
1097 543 1189 597 οῦν
1221 543 1282 596 ού
1316 544 1504 614 τέμνει
1533 543 1594 598 τὺ
1640 545 1774 610 Θεὸς
1802 549 1896 601 καὶ
1923 549 2212 620 ἄνθρωπος
2248 547 2337 600 τὸν
2361 547 2458 600 ἕνα
2486 543 2739 616 Χριστὸν,
2800 538 2917 593 οὒδὲ
2972 537 3029 589 τὶ,
3088 535 3393 606 ἀμφότερα,
3453 533 3576 586 οὐδὲ
3635 534 3696 584 τὸ
3757 538 3878 623 ἑκά--

653 651 811 705 τερα,
845 634 1017 697 οὕτως
1045 634 1165 687 οὐδὲ
1194 634 1254 688 τὸ
1286 636 1398 702 δύο,
1429 638 1478 690 εἰ
1507 636 1584 709 μὴ
1617 638 1709 692 τὸν
1738 639 1860 693 νοῦν
1903 642 2094 711 εἴησαν
2120 640 2518 711 ὲκτετμημένοι
2581 636 2726 699 τινὲς
2797 633 2890 685 καὶ
2955 632 3050 685 τοῦ
3128 630 3291 684 καλοῦ
3326 627 3574 697 σπορέως
3602 628 3647 658 ⁸³
3704 630 3865 685 οὐδένα

655 726 866 796 καρπὸν
891 726 1054 794 φῦναι
1081 727 1125 758 ³³
1160 727 1472 796 δυνάμενοι.

727 821 806 875 Tu
854 836 984 876 vero
1036 821 1169 876 mihi
1217 819 1501 878 considera
1558 825 1758 880 iterum
1813 834 2066 880 novatam
2115 825 2302 893 jamA

655 908 925 964 haeresim.
958 907 1211 978 Cyrillus,
1257 909 1352 974 ait,
1382 911 1518 966 duas
1557 910 1780 967 naturas
1816 913 1999 968 dicere
2028 915 2224 967 indivi-

655 1014 745 1054 sas
774 999 1069 1062 damnavit,
1102 1001 1475 1054 contradicere
1512 1012 1706 1070 putans
1735 1004 1977 1073 Opinioni
2026 1006 2226 1060 dicenti

655 1103 818 1141 unam
849 1103 970 1142 esse
1007 1087 1160 1142 Verbi
1194 1089 1528 1143 incarnatam
1558 1103 1846 1157 naturam;
1881 1092 2093 1148 facilius
2130 1108 2227 1146 an-

657 1190 762 1234 tem
798 1181 916 1250 ejus
949 1181 1117 1234 fastus
1143 1181 1411 1248 dcjicitur.
1463 1183 1758 1252 Dupliciter
1783 1185 1926 1237 enim
1964 1185 2051 1240 hic
2084 1186 2226 1239 indi-

653 1277 864 1339 visum,
901 1288 960 1330 ut
1009 1277 1164 1340 et,in
1197 1277 1316 1331 aliis
1376 1293 1490 1331 suis
1545 1279 1884 1332 sermonibus
1941 1280 2227 1348 przedictus

653 1368 886 1436 scriptor
909 1369 1163 1430 ostendit,
1186 1378 1241 1420 ut
1264 1378 1503 1436 apparet.
1531 1367 1595 1422 Et
1616 1369 1716 1422 huc
1741 1370 1959 1437 quidem
1980 1369 2225 1424 Nestorio

652 1457 910 1520 amicum,
942 1457 1070 1522 illud
1103 1457 1206 1526 piis
1227 1458 1569 1520 hotmratum,
1599 1467 1652 1510 et
1681 1469 1965 1526 propterea
2001 1459 2142 1512 inter
2168 1473 2227 1512 se

653 1556 882 1599 certant.
931 1546 1043 1600 Hoc
1087 1548 1227 1602 enim
1293 1547 1551 1602 relatione
1590 1547 1918 1614 indivisum,
1969 1557 2027 1601 ut
2074 1563 2222 1602 arma

653 1636 884 1692 Nestor-ii
920 1641 1227 1693 excutitur:
1273 1639 1403 1692 illud
1450 1655 1576 1693 vero
1609 1641 1879 1708 hypostasi
1917 1641 2220 1706 indivisum,

651 1727 736 1779 vel
772 1727 1107 1798 hypostatica
1138 1730 1286 1791 unio,
1321 1729 1468 1784 clare
1493 1738 1548 1784 et
1585 1729 1913 1798 praedicatur
1958 1739 2015 1784 et
2043 1729 2226 1797 expla-

653 1829 831 1872 namr.
889 1821 1070 1887 Quare
1115 1823 1252 1880 sicut
1303 1822 1346 1876 si
1402 1823 1526 1890 quis
1581 1822 1833 1876 unionem
1893 1822 1944 1876 in
2006 1821 2223 1878 Christo

650 1924 922 1973 asserens,
951 1925 1058 1964 non
1094 1921 1307 1979 coeptet
1335 1913 1516 1965 unioni
1547 1913 1886 1981 hypostasin,
1915 1923 2220 1980 suspectum

650 2003 872 2056 verbum
904 2003 1118 2058 reddit:
1158 2005 1237 2059 sic
1279 2005 1322 2058 si
1367 2005 1488 2073 quis
1533 2005 1664 2059 duas
1705 2013 1928 2058 naturas
1963 2005 2224 2058 indivisas

649 2093 869 2158 dixerit,
891 2110 991 2148 non
1017 2093 1317 2165 adjungens
1344 2096 1464 2159 hoc,
1496 2096 1779 2148 secundum
1811 2096 2132 2164 [typostasim
2169 2098 2219 2150 in

2403 820 2474 872 Σὺ
2503 816 2560 871 δέ
2581 833 2669 885 μοι
2697 814 2891 868 σκόπει
2921 810 3084 866 πάλιν
3101 812 3526 883 νεανιευομένην
3554 813 3654 882 τὴν
3674 814 3868 883 αἵρεσιν.

2337 909 2395 959 '0
2428 904 2717 978 Κύριλλος,
2750 901 2904 973 φησὶ,
2937 903 2997 953 τὸ
3017 901 3112 954 δύο
3135 900 3315 970 λέγειν
3341 901 3540 970 φύσεις
3562 903 3870 972 ἀδιαιρέτούς

2324 997 2671 1068 ἐξεκήρυξεν,
2715 994 3010 1048 ἀντίπαλον
3051 992 3190 1046 εἶναι
3241 995 3484 1064 νομίζων
3554 997 3622 1065 τῇ
3668 997 3870 1070 λεγούσῃ

2324 1089 2452 1162 δόξῃ
2485 1087 2614 1159 μίαν
2660 1083 2799 1140 εἶναι
2852 1085 3013 1154 φύσιν
3035 1086 3129 1137 τοῦ
3220 1086 3400 1154 Λόγου
3450 1088 3868 1157 σεσαρκωμὲνην.

2336 1179 2488 1249 Ῥᾷον
2522 1163 2579 1231 δὲ
2616 1178 2788 1246 αὐτῆς
2816 1177 2878 1229 τὸ
2910 1177 3181 1246 φρύαγμα
3236 1177 3670 1231 καταϐάλλεται.
3716 1181 3872 1232 Διττὴν

2325 1273 2435 1341 γὰρ
2460 1269 2520 1323 τὸ
2548 1269 2855 1338 ἀδιαίρετον
2880 1268 3182 1333 κάνταῦθα,
3213 1268 3288 1331 ὼς
3313 1269 3407 1322 καὶ
3465 1270 3527 1321 ἐν
3574 1272 3684 1332 τοῖς
3719 1271 3868 1335 ἄλλοις

2325 1361 2491 1417 αὑτοῦ
2525 1360 2768 1434 [45511.]
2800 1360 3002 1428 λόγοις,
3051 1361 3079 1412 ὁ
3110 1362 3463 1428 συγγραφεὺς
3497 1360 3870 1432 ἐπιδειξάμενος

2326 1456 2597 1525 φαίνεται,
2629 1453 2756 1526 [860
2786 1452 2875 1524 8.]
2911 1453 3006 1506 καὶ
3049 1453 3110 1504 τὸ
3162 1452 3261 1522 μὲν
3290 1451 3578 1522 Νεστορίῳ
3630 1453 3788 1522 φίλον,
3825 1456 3872 1506 si

2324 1543 2378 1595 δὲ
2405 1545 2471 1613 τῇ
2505 1540 2758 1610 εὐσεϐείᾳ
2787 1540 3119 1609 τιμώμενον,
3175 1541 3272 1593 καὶ
3323 1540 3410 1593 διὰ
3439 1542 3606 1594 τοῦτο
3661 1543 3870 1612 ἀλλήλοις

2323 1633 2690 1702 ἀντικείμενα.
2733 1632 2808 1684 Τὸ
2836 1631 2945 1702 γὰρ
2997 1631 3148 1686 κατὰ
3194 1632 3417 1700 σχέσιν
3461 1634 3790 1701 ἀδιαίρετον
3813 1636 3872 1697 ὡς

2323 1725 2486 1778 ὅπλον
2513 1723 2810 1794 Νεστορίου
2834 1723 3218 1789 ἀποϐάλλεται,
3252 1724 3313 1775 τὸ
3360 1725 3418 1777 δὲ
3454 1726 3596 1778 καθ’
3644 1726 3871 1780 ὑπόστα-

2324 1831 2429 1870 σιν
2459 1815 2796 1883 ἀδιαίρετον
2825 1815 2946 1885 ἦτοι
2975 1816 3009 1885 ἡ
3049 1815 3172 1868 καθ’
3193 1815 3496 1869 ὑπόστασιν
3526 1817 3718 1879 Evam;
3743 1835 3870 1889 περι·

2324 1905 2509 1975 φανῶς
2539 1906 2633 1958 καὶ
2661 1905 2998 1976 κηρύσσεται
3029 1907 3123 1958 καὶ
3148 1906 3632 1977 περιπτύσσεται.
3691 1909 3869 1980 Ὥσπερ

2322 1998 2414 2052 οὖν
2453 1999 2507 2052 ετ
2528 2016 2612 2062 τις
2636 1999 2831 2052 ἕνωσιν
2866 1999 2959 2050 ἐπὶ
2985 1999 3227 2068 Χριστοῦ
3278 1998 3454 2067 λέγων
3513 2000 3591 2071 μὴ
3647 2001 3867 2054 συνάπτοι

2323 2094 2388 2162 τῇ
2433 2090 2623 2144 ἐνώσει
2666 2091 2726 2143 τὸ
2770 2091 2902 2144 καθ’
2941 2092 3308 2157 ὑπόστασιν,
3342 2092 3592 2146 ὕποπτον
3640 2095 3699 2146 τὸ
3747 2095 3867 2164 ῥῆμα

647 2186 893 2240 eamdem
935 2188 1292 2256 suspicionem
1333 2187 1537 2241 incidit.
1578 2188 1657 2240 Ad
1710 2189 1961 2241 eumdem
2006 2189 2218 2240 modum

2323 2184 2484 2245 ποιεῖ,
2515 2181 2687 2244 οὓτως
2720 2183 2773 2234 εἴ
2801 2200 2885 2245 τις
2921 2181 3016 2238 δύο
3041 2181 3232 2249 φύσεις
3283 2183 3631 2254 ἀδιαιρέτους
3651 2183 3785 2247 λέγοι
3803 2185 3854 2244 ⁸⁸,

648 2290 897 2332 asserens
919 2278 1008 2332 Dei
1033 2278 1265 2333 Verbum
1284 2294 1563 2334 assumere
1588 2278 1880 2341 hominem,
1907 2278 2010 2333 nisi
2035 2294 2220 2332 vocem

649 2383 915 2420 assumere
948 2367 1164 2421 aliunde
1226 2376 1456 2436 exponat
1487 2366 1632 2436 (nam
1669 2368 1784 2430 ﬁeri
1819 2376 2031 2435 potest,
2065 2377 2122 2420 ut
2153 2383 2220 2422 ex

647 2451 880 2510 Nestorii
911 2465 1086 2510 tuente
1111 2471 1204 2509 seu
1241 2456 1530 2524 Opinione,
1572 2456 1655 2509 vel
1694 2471 1761 2510 ex
1798 2457 2098 2510 orthodoxa
2130 2472 2220 2510 ra-

651 2545 794 2599 tione
824 2545 1087 2614 explicata
1115 2545 1448 2598 auditoribus
1477 2559 1693 2598 causam
1748 2543 1855 2615 [vel
1887 2545 2104 2599 errandi
2136 2544 2222 2599 vel

649 2645 796 2689 recte
843 2636 1145 2708 sentiendi]
1200 2636 1508 2706 praebeat),
1559 2637 1714 2704 culpa
1770 2636 1990 2690 minime
2041 2646 2218 2690 vacat.

648 2723 983 2794 Quapropter
1045 2726 1279 2796 Cyrillus
1332 2726 1383 2779 in
1435 2725 1790 2781 conciliandis
1835 2727 2221 2780 controversiis

648 2827 867 2882 acutus,
904 2818 955 2870 in
990 2816 1254 2872 Thesauro
1291 2836 1416 2884 suo,
1461 2834 1488 2870 a
1531 2819 1638 2872 Deo
1669 2818 1846 2872 Verbo
1883 2827 2219 2887 assumptum

645 2923 713 2962 ex
741 2907 903 2962 Ilaria
936 2909 1208 2964 hominem
1239 2911 1403 2965 veluti
1427 2921 1630 2964 Vestem
1661 2921 1754 2964 aut
1783 2911 2043 2980 templum
2078 2912 2223 2964 adita

647 3007 788 3062 mat;
824 2998 876 3051 in
898 2999 1142 3067 epistolis
1171 3015 1300 3055 vero
1336 3003 1401 3054 ad
1441 3001 1773 3055 Succensum
1807 3019 1820 3054 :
1853 2999 2030 3069 Igitur
2062 3010 2218 3055 homo

645 3088 818 3155 factus
843 3099 939 3155 est,
967 3090 1162 3159 inquit,
1197 3108 1299 3145 non
1319 3102 1496 3145 autem
1527 3093 1788 3146 hominem
1821 3094 2132 3161 assumpsit,
2161 3103 2217 3146 ut

646 3177 925 3234 Nestorius
953 3181 1118 3235 docet.
1137 3184 1312 3251 Atque
1334 3183 1399 3236 ad
1410 3183 1633 3237 vertesis
1661 3181 1845 3250 iudicii
1867 3184 2221 3241 solcrtiamet

645 3271 1011 3340 prudentiam.
1046 3272 1145 3328 Hic
1180 3285 1515 3343 assumptum
1552 3277 1826 3329 hominem
1870 3283 1929 3330 ut
1963 3277 2219 3345 templum

641 3370 832 3416 sancte
871 3361 1089 3425 asserit,
1140 3373 1197 3417 et
1239 3372 1414 3417 tamen
1441 3362 1641 3432 277a
1676 3360 2008 3426 Nestorium,
2047 3363 2220 3418 homi-

645 3467 765 3506 nem
788 3452 842 3523 [ο
864 3452 995 3524 Deo]
1019 3464 1350 3523 assumptum
1377 3465 1709 3510 asserentem
1731 3455 1975 3509 damnat.
1996 3453 2218 3509 Utrum-

2330 2277 2405 2344 μὴ
2445 2273 2828 2344 συνεπιφέρων
2862 2275 2922 2326 τὸ
2951 2274 3079 2329 καθ’
3095 2275 3466 2339 ὑπόστασιν,
3503 2277 3585 2339 εἰς
3611 2277 3705 2346 τὴν
3731 2277 3868 2343 αὐτὴν

2325 2363 2564 2432 ὑποψίαν
2598 2363 3013 2433 περιτρέπεται.
3069 2362 3344 2426 Ὡσαύτως
3394 2364 3454 2417 δὲ
3513 2366 3609 2418 καὶ
3665 2368 3692 2418 ὁ
3728 2365 3866 2434 λέγων

2325 2452 2614 2520 ἄνθρωπον
2643 2453 2936 2506 ἀναλαϐεῖν
2966 2451 3057 2506 τὸν
3081 2453 3216 2506 Θεὸν
3238 2455 3430 2522 Λόγον,
3459 2457 3510 2508 εί
3550 2456 3624 2526 μὴ
3658 2457 3748 2526 τὴν
3775 2473 3864 2523 φω-

2323 2545 2421 2616 νὴν
2456 2544 2680 2598 ἄλλοθεν
2737 2545 3095 2615 ἑρμηνεύσειε
3125 2547 3373 2617 (δυνατὸν
3420 2549 3538 2616 γὰρ
3601 2549 3758 2617 αὐτὴν
3792 2551 3866 2602 καὶ

2323 2640 2464 2692 κατὰ
2495 2637 2787 2707 Νεστόριον
2815 2637 2908 2690 καὶ
2932 2639 2977 2670 ⁸⁵
3012 2639 3158 2692 κατὰ
3201 2639 3292 2692 τὸν
3333 2640 3498 2710 ὀρθὸν
3546 2631 3713 2693 εἰπεῖν
3741 2640 3868 2708 λόγον

2327 2729 2499 2798 λαϐὴν
2530 2732 2834 2798 παρασχεῖν
2874 2731 2988 2793 τοῖς
3016 2731 3358 2800 ἀκροαταῖς),
3393 2732 3501 2785 οὐκ
3548 2731 3693 2784 ἔστιν
3743 2731 3866 2784 ἀναξ-

2323 2836 2456 2880 τιος.
2480 2820 2572 2871 Διὸ
2596 2821 2690 2871 καὶ
2716 2820 2972 2890 ὁδιαιτᾷν
3027 2821 3188 2888 σοφὸς
3253 2821 3528 2891 Κύριλλος
3574 2823 3632 2874 ὲν
3681 2821 3769 2891 μὲν
3806 2821 3866 2890 τῷ

2325 2912 2618 2980 Θησαυρῷ
2640 2913 2736 2965 τὸν
2767 2913 2899 2965 Θεὸν
2922 2913 3095 2981 Λόγον
3117 2914 3304 2985 ὥσπερ
3333 2917 3461 2968 τινὰ
3491 2916 3698 2986 ποδήρη
3722 2915 3800 2968 τὸν
3816 2915 3865 2966 ἐκ

2329 3007 2552 3076 Μαρίας
2575 3006 2861 3077 ἄνθρωπον
2885 3005 3064 3076 ῆναὺν
3099 3007 3388 3060 ἀναλαϐεῖν
3411 3007 3587 3075 λέγει,
3616 3010 3670 3060 ὲν
3688 3008 3740 3059 δὲ
3769 3010 3864 3068 ταῖς

2323 3098 2459 3168 πρὸς
2473 3099 2766 3153 Σούκενσον
2786 3099 3119 3164 ἐπιστολαῖς,
3138 3099 3372 3154 Οὐκοῦν
3383 3099 3717 3169 ἅνθρωπος,
3739 3100 3860 3168 φησι,

2319 3187 2592 3257 γέγονεν,
2627 3192 2738 3244 οὐκ
2787 3191 3102 3259 ἄνθρωπον
3125 3191 3445 3258 ἀνέλαϐεν,
3491 3193 3572 3259 ὡς
3603 3191 3863 3258 Νεστορίῳ

2322 3277 2505 3333 δοκεῖ.
2534 3281 2640 3333 Καὶ
2669 3281 2771 3350 ὅρα
2802 3281 2902 3350 τῆς
2929 3280 3140 3352 διαίτης
3177 3281 3238 3334 τὸ
3270 3281 3536 3350 ἀγχίνουν
3590 3283 3681 3334 καὶ
3725 3280 3862 3348 νηςά-

2322 3369 2454 3422 λιον.
2491 3369 2549 3422 Ὀ
2578 3371 2676 3441 μὲν
2704 3370 2994 3441 ἄνθρωπον
3020 3373 3114 3426 καὶ
3141 3373 3266 3426 ναὸν
3291 3373 3587 3426 ἀναλαϐεῖν
3614 3371 3860 3442 ἱερολογεῖ,

2323 3462 2616 3532 Νεπόριον
2669 3463 2727 3516 δὲ
2763 3462 3051 3534 ἄνθρωπον
3103 3445 3396 3518 ἀναλαϐεῖν
3445 3466 3675 3516 εἰπόντα
3717 3479 3861 3531 mps-

641 3559 749 3614 que
775 3522 905 3600 sane
935 3522 1082 3599 recte
1114 3522 1330 3614 pieque.
1369 3545 1580 3600 Etenim
1611 3544 1896 3600 Nestorius
1939 3545 2210 3598 hominem

2323 3522 2611 3624 γράφεται,
2645 3522 2888 3618 εὐσεϐῶς
2910 3557 2968 3609 δὲ
3011 3557 3290 3626 ἑκάτερον.
3338 3555 3397 3610 ὐ
3434 3558 3542 3625 μὲν
3602 3557 3704 3625 γὰρ
3754 3522 3861 3606 ὐτο-

644 3644 749 3682 nna
791 3645 911 3684 cum
942 3632 1220 3700 hypostasi
1255 3633 1484 3686 hmnana
1519 3647 1856 3703 assumptum
1890 3634 2216 3702 nugabatur.

642 3720 876 3792 Cyrillus
923 3722 1090 3792 igitur
1128 3724 1283 3779 docet
1324 3725 1492 3780 Deum
1546 3737 1820 3795 assumpta
1857 3726 2217 3791 humanitate,

642 3815 759 3869 sive
802 3816 1208 3885 pmexsistente
1253 3817 1368 3871 sive
1412 3818 1744 3872 subsistente
1786 3818 2068 3888 hypostasi
2120 3819 2220 3872 hu-

644 3919 826 3966 mana,
861 3907 954 3960 sed
980 3906 1214 3960 humana
1242 3917 1433 3961 natura
1468 3909 1522 3960 in
1554 3908 1667 3975 ipsa
1701 3908 1881 3961 divitia
1931 3909 2214 3978 hypostasi

643 3996 1015 4062 substistente,
1038 3998 1154 4052 sine
1173 3998 1278 4053 ulla
1301 4011 1476 4053 tamen
1507 3999 1810 4054 divinitatis
1836 3999 2220 4053 immutatione

643 4102 771 4142 vcre
791 4087 1062 4143 hominem
1086 4091 1307 4145 factum.
1332 4091 1614 4158 Sapienter
1639 4107 1769 4160 ergo
1803 4092 2030 4161 parique
2061 4092 2220 4145 modo

643 4179 800 4236 divus
841 4183 1072 4252 Cyrillus
1113 4184 1164 4238 in
1209 4186 1435 4254 epistola
1482 4186 1548 4239 ad
1583 4183 1917 4240 Succensum
1961 4186 2218 4254 disputat,

643 4273 881 4342 dicitque
903 4291 1025 4329 eum
1059 4276 1151 4345 qui
1178 4276 1315 4330 duas
1345 4288 1570 4331 naturas
1593 4287 1712 4345 post
1739 4278 1993 4332 unionem
2026 4276 2222 4331 asserit

644 4363 922 4429 indivisas,
951 4381 1048 4421 nec
1079 4375 1258 4422 tamen
1291 4368 1477 4421 addit:
1513 4369 1800 4421 secundum
1833 4369 2220 4438 hypostaticam

643 4457 907 4523 unionem,
930 4472 1170 4527 pugnare
1189 4473 1310 4512 cum
1336 4459 1425 4522 iis,
1457 4459 1548 4528 qui
1575 4460 1791 4514 unicam
1824 4469 2029 4514 tantum
2055 4461 2217 4516 Verbi

643 4556 893 4600 naturam
954 4548 1291 4602 incarnatam
1348 4560 1620 4607 asserunt.
1685 4549 2036 4618 Nequaquam
2091 4564 2222 4619 ergo

646 4653 745 4692 vos
771 4649 1061 4708 assumpta,
1091 4639 1193 4694 nisi
1223 4639 1436 4708 integre
1461 4639 1780 4709 accipiatur,
1806 4642 1900 4694 sed
1925 4641 2064 4694 unde
2100 4651 2219 4694 tau-

644 4739 760 4785 tum
808 4731 1207 4800 pronuntietur,
1253 4731 1449 4786 sulIicit
1489 4741 1547 4785 ut
1592 4747 1713 4786 cum
1759 4732 1824 4786 iis
1864 4732 2222 4786 conveniatur

2323 3647 2524 3701 στάντα
2543 3647 2636 3701 τὸν
2657 3648 2942 3717 ἄνθρωπον
2967 3648 3258 3701 ἀναλαϐεῖν
3283 3649 3456 3701 Νεστό
3467 3667 3582 3720 ριος
3598 3647 3859 3717 ἐσοψίζετο,

2321 3735 2349 3788 6
2381 3737 2435 3790 δὲ
2465 3737 2732 3808 οὐμενοῦν
2758 3738 3203 3807 προῦποστάντα,
3240 3741 3298 3791 ὲν
3348 3739 3534 3809 ἑαυτῷ
3592 3739 3646 3790 δὲ
3706 3735 3860 3788 τοῦτον

2323 3830 2733 3900 ὑποστήσαντα,
2788 3832 2891 3882 κάν
2943 3829 3021 3900 τῷ
3060 3831 3352 3900 ιὰτρέπτῳ
3404 3829 3746 3902 μεμενηκὸτα
3784 3827 3858 3892 τῆς

2324 3920 2595 3991 Θεότητος,
2649 3921 2865 3992 ἀληθῶς
2908 3922 3158 3991 γενέσθαι
3203 3923 3296 3976 καὶ
3345 3921 3655 3992 ἄνθρωπον.
3705 3917 3859 3986 Baetin

2324 4010 2419 4068 οὖν
2449 4016 2542 4068 καὶ
2569 4014 2773 4085 ὁμοίως
2820 4013 3289 4085 διαπραττόμενος
3349 4015 3378 4067 ὁ
3429 4015 3575 4085 ἱερὸς
3635 4010 3857 4082 Κύριλλος

2323 4107 2419 4159 καὶ
2449 4110 2505 4159 ὲν
2527 4108 2594 4176 τῇ
2625 4107 2758 4178 πρὸς
2790 4106 3091 4159 Σούκενσον
3147 4105 3403 4176 ἐπιστολῇ
3456 4107 3520 4159 τὸ
3566 4106 3656 4160 δύο
3704 4102 3856 4172 φύσεις

2323 4198 2503 4265 λέγειν
2532 4197 2873 4267 ἀδιαιρέτους
2908 4196 3046 4264 μετὰ
3070 4195 3168 4266 τὴν
3204 4195 3424 4263 ἕνωσιν,
3482 4196 3558 4267 μὴ
3594 4189 3852 4258 ’συνεπιφέ-

2327 4307 2485 4360 ροντα
2504 4291 2617 4354 τὴν
2650 4291 2778 4342 καθ’
2809 4289 3156 4342 ὑπόστασιν
3181 4287 3422 4353 ἕνωσιν,
3480 4281 3852 4358 μάχεσθαι,τοίς

2326 4381 2455 4451 μίαν
2477 4382 2637 4450 φύσιν
2666 4379 2760 4433 τοῦ
2790 4381 2966 4448 Λόγου
3031 4380 3460 4450 σεσαρκωμένην
3512 4371 3853 4448 δογματίζουσί

2323 4487 2507 4539 φησιν.
2551 4469 2626 4522 Οὐ
2661 4469 2770 4540 γὰρ
2800 4471 3086 4540 αὐτάρκης
3130 4468 3306 4532 οὕτως
3336 4469 3608 4539 ἡμίτομος
3659 4468 3690 4535 ὴ
3733 4460 3851 4531 φωνὴ

2325 4563 2551 4632 ῥηθεῖσα
2568 4563 2613 4595 ⁸⁸
2643 4563 2916 4615 συνελθεῖν
2945 4563 3041 4615 καὶ
3061 4561 3441 4630 ὁμοφρονῆσαι
3474 4563 3590 4623 τοῖς
3638 4558 3750 4628 μίαν
3771 4552 3849 4621 φύν

2325 4669 2409 4704 σιν
2435 4652 2530 4705 τοῦ
2557 4652 2731 4720 Λόγου
2769 4652 3199 4723 σεσαρκωμένην
3243 4651 3608 4722 κηρύττουσιν
3624 4650 3689 4700 ⁸⁷.
3732 4645 3781 4696 Εἰ
3804 4640 3846 4691 δὲ

2321 4744 2413 4798 δύο
2441 4761 2525 4807 τις
2559 4745 2746 4812 φύσεις
2774 4745 3122 4816 ἀδιαιρέτους
3151 4744 3322 4796 εἰπὼν
3353 4738 3756 4814 συμπαραλάϐοι
3777 4729 3847 4784 καὶ

642 4825 1145 4892 consentiaturque,
1174 4824 1262 4893 qui
1295 4839 1456 4877 unam
1489 4823 1649 4878 Verbi
1674 4831 1921 4878 naturam
1960 4823 2213 4878 incarna-

2323 4830 2437 4898 τὴν
2463 4833 2592 4884 καθ’
2623 4832 2966 4886 ὑπόστασιν
2982 4832 3231 4897 ἕνωσιν,
3266 4831 3444 4902 ὀρθῶς
3491 4849 3551 4885 τε
3605 4829 3692 4884 καὶ
3731 4824 3846 4877 εὗσε-

646 4922 753 4966 tam
805 4914 1020 4969 docent.
1070 4914 1222 4980 Quod
1268 4913 1312 4968 si
1359 4915 1481 4983 quis
1529 4930 1768 4978 rursum,
1791 4915 1924 4967 duas
1955 4913 2214 4970 indivisas

641 5011 864 5056 naturas
891 5017 1173 5071 asserens,
1211 5007 1372 5058 addat
1407 5004 1570 5060 etiam
1603 5022 1618 5059 :
1655 5004 1940 5058 secundum
1965 5002 2216 5073 hyposta-

641 5093 801 5145 ticam
837 5095 1116 5161 unionem,
1157 5107 1306 5154 recte
1344 5106 1398 5153 et
1443 5097 1531 5166 pie
1572 5096 1844 5166 loquetur,
1891 5095 2216 5165 habebitque

639 5184 900 5257 Cyrillum
933 5187 1362 5259 sull‘ragatorem.
1392 5189 1498 5244 Sed
1531 5189 1747 5243 attende
1775 5199 2075 5242 extremam
2100 5188 2216 5257 epi-

639 5279 791 5333 stola:
833 5291 1076 5349 partem,
1117 5283 1574 5352 quemadmodum
1616 5282 2014 5336 ratiocinetur:
2078 5278 2214 5345 Vox,

641 5373 848 5441 inquit,
877 5374 1100 5428 indivise
1120 5415 1135 5440 ,
1166 5375 1374 5441 adjecta
1401 5374 1606 5427 videtur
1636 5387 1747 5426 esse
1784 5382 1910 5425 nota
1938 5382 2081 5426 certa
2118 5388 2216 5425 no-

639 5475 763 5519 stra:
790 5476 837 5519 et
869 5467 1174 5520 orthodoxte
1211 5467 1480 5520 sententia:
1494 5482 1514 5532 ;
1552 5466 1642 5519 sed
1677 5465 1755 5518 illi
1790 5480 1959 5518 uocem
2004 5481 2107 5518 non
2140 5465 2217 5517 ita

639 5558 965 5628 intelligunt.
993 5557 1145 5622 Quod
1169 5557 1213 5612 si
1246 5557 1318 5611 ita
1348 5566 1405 5610 ut
1437 5573 1533 5612 nos
1567 5572 1688 5611 eam
1716 5557 2047 5625 acciperent,
2073 5565 2221 5610 recte

2321 4921 2433 4985 ϐὦς
2488 4923 2623 4992 ἐρεῖ,
2673 4923 2769 4975 καὶ⁷
2826 4923 3098 4994 Κύριλλον
3149 4925 3374 4996 εὑρήσει
3441 4924 3730 4996 ὁμόψηφον.
3765 4912 3848 4968 Καὶ

2319 5012 2551 5066 ἄκουσον
2597 5014 2744 5065 κατὰ
2789 5014 2849 5066 τὸ
2891 5014 3047 5078 τέλος
3095 5015 3196 5084 τῆς
3245 5015 3420 5085 αὐτῆς
3471 5011 3742 5077 ἐπιστολῆς
3779 4997 3847 5056 οἷα

2318 5103 2536 5168 διέξεισι
2560 5120 2576 5136 ο
2615 5105 2684 5158 Τὸ
2721 5104 3090 5172 ἀδιαιρέτως,
3143 5107 3301 5174 φησὶ,
3355 5104 3682 5173 προστεθὲν
3719 5089 3850 5150 δοκεῖ

2315 5193 2432 5264 μέν
2460 5210 2586 5261 πως
2612 5197 2748 5263 παρ’
2777 5195 2924 5265 ἡμῖν
2951 5195 3131 5263 ὀρθῆς
3162 5192 3318 5250 εἶναι
3373 5196 3557 5263 δόξης
3601 5200 3842 5259 σημαντι-

2321 5286 2454 5350 κὸν,
2482 5287 2651 5340 αὐτοὶ
2674 5285 2743 5338 δὲ
2766 5288 2880 5356 οὐχ
2906 5286 3062 5339 οὕτω
3110 5288 3384 5341 νοοῦσιν.
3442 5288 3602 5340 Ὥστε
3639 5282 3684 5334 εί
3708 5276 3843 5332 οὔτως

2323 5375 2527 5438 ἐνόουν.
2562 5375 2860 5447 ὀρθοδόξως
2891 5376 2956 5430 ἂν
2986 5376 3173 5445 ελεγον
3207 5379 3304 5431 καὶ
3331 5379 3398 5447 τῇ
3431 5374 3688 5447 Κυρίλλου
3727 5362 3839 5435 γνώ-

2326 5481 2406 5538 μῃ
2435 5467 2768 5522 συνέϐαινον.
2797 5468 2956 5521 Ἔστι
2985 5469 3094 5538 γὰρ
3117 5469 3179 5522 τὺ
3208 5469 3510 5539 ἀδιαίρετον
3560 5460 3696 5530 αὐτῷ
3717 5453 3840 5519 δόξης

2327 5557 2494 5628 ὀρθῆς
2519 5561 2633 5620 τοῖς
2669 5557 2998 5612 συνάπτουσι
3023 5558 3121 5630 τὴν
3156 5562 3341 5630 φωνὴν
3380 5555 3474 5634 ﬁ“
3520 5544 3837 5610 συνεπινοοῦσι

1904 5700 2140 5756 VARUE
2186 5699 2602 5755 LECTIONES.

712 5796 757 5827 "
780 5795 1008 5866 σπορέος
1042 5813 1103 5861 ς.
1182 5796 1227 5828 ³³
1248 5794 1412 5865 φῦσαι
1450 5795 1510 5852 Β.
1559 5796 1631 5850 cf.
1676 5797 1742 5851 ad
1788 5811 1839 5864 p.
1881 5796 1964 5850 l7.

2069 5796 2114 5827 °‘
2139 5795 2292 5879 λέγῑε.
2324 5796 2411 5879 Ps
2452 5795 2602 5879 λέιιι.
2629 5814 2690 5862 ς·

3609 5774 3834 5854 δαήμονι

2789 5797 2833 5829 ⁸³
2867 5794 3100 5865 priorem
3132 5795 3226 5848 καὶ
3256 5794 3381 5850 add.
3438 5793 3501 5847 Α.

642 5867 680 5936 ἢ
703 5861 929 5936 ῥηθεῖσᾶ
961 5883 1002 5931 ς·
1009 5905 1024 5921 ο
1099 5868 1142 5899 ⁸⁷
1171 5861 1530 5938 κηρύττουσιν
1545 5868 1628 5940 Λ;
1658 5861 2075 5936 δογματίζουσιν
2118 5883 2178 5929 ς,
2250 5866 2294 5895 se
2411 5882 2500 5920 an.
