4066 6412
175 424 313 496 105⁵1

1201 431 1726 496 BIBLIOTHECA.
1757 457 1824 471 -
1861 431 2026 494 COD.
2052 432 2322 495 CCXXX-

3295 437 3432 506 1058

166 541 270 612 τῆς
291 541 419 595 καθ’
444 541 742 596 ὑπόστασιν
771 541 1038 610 ἐνὼσεως,
1056 546 1171 610 τοῖς
1235 548 1535 618 αἱρετικοῖς
1578 546 1636 601 δὲ
1669 546 1737 600 δι-

1856 544 2140 607 sentirent,
2182 553 2386 600 etcum
2415 542 2619 615 Cyrillo
2656 545 3048 613 consentirent,
3089 549 3232 619 apud
3266 565 3427 620 quem

169 634 524 704 εσπασμένον
545 636 590 667 ⁶⁹
613 635 707 688 καὶ
734 636 796 689 τὸ
820 635 1124 706 ἀδιαίρετον
1141 654 1156 669 ·
1191 639 1292 709 τῆς
1319 639 1429 710 γὰρ
1457 639 1580 694 καθ’
1609 640 1746 694 ὁπό-

166 740 365 777 στασιν
389 724 632 789 ὲνώσεως
671 727 804 780 αὐτὸ
828 726 1218 797 διασχίζουσιν.
1246 728 1404 784 Οὕτω
1435 730 1479 784 δ’
1513 732 1581 785 ἂν
1653 732 1742 804 εἴη

166 815 525 885 μεμφόμενος
560 818 655 871 καὶ
685 819 811 882 τοὺς
841 819 1096 887 λέγοντας
1119 819 1218 890 μὲν
1250 820 1344 874 δύο
1361 820 1550 891 φύσεις
1570 823 1745 878 ἀδιαιο

164 909 386 976 ρὲτους,
423 908 524 977 τὴν
556 907 681 962 καθ’
721 909 1022 964 ὑπόστασιν
1049 911 1106 963 δὲ
1141 911 1216 982 μὴ
1246 913 1745 984 συνομολογοῦντας

162 999 401 1051 ἕνωσιν·
430 1001 693 1070 μάχονται
721 1003 831 1072 γὰρ
881 1003 957 1066 ὼς
993 1003 1209 1075 ἀληθῶς
1267 997 1414 1058 οὗτοι
1469 1009 1582 1069 τοῖς
1616 1007 1744 1076 μίαν

161 1088 336 1158 φύσιν
358 1091 616 1162 φρονοῦσι
641 1093 736 1146 τοῦ
755 1093 890 1147 Θεοῦ
915 1095 1087 1164 Λόγου
1109 1097 1560 1168 σεσαρκωμένην.
1597 1098 1745 1164 Τοὺς

154 1181 376 1250 μέντοι
406 1186 559 1254 μετὰ
585 1187 690 1241 τοῦ
725 1187 930 1258 λέγειν
949 1189 1060 1244 δύο
1106 1191 1326 1260 φύσεις
1372 1191 1745 1261 ἁδιαιρέτους

158 1273 237 1327 ὲν
270 1274 352 1344 τῇ
383 1279 513 1330 καθ’
561 1281 908 1335 ὑπόστασιν
955 1282 1173 1338 ἐνώσει
1215 1284 1457 1353 θεωρεῖν
1503 1286 1626 1340 οὔτ’
1664 1285 1745 1342 ἂν

152 1369 521 1437 μεμψαίμην
543 1370 683 1439 ἐρεῖ,
712 1370 914 1442 ὥσπερ
951 1374 1094 1428 οὐδὲ
1147 1377 1289 1442 τοὺς
1342 1376 1744 1445 ἀνατολικοὺς

156 1457 239 1511 τὰ
270 1458 445 1528 ὅμοια
471 1461 763 1531 λέγοντας
819 1465 1200 1535 ἐμεμψάμην,
1237 1468 1378 1522 ἀλλ’
1433 1468 1572 1523 οὔτε
1609 1469 1741 1538 ἐμοὶ

157 1550 459 1604 τάναντία
504 1551 632 1624 [454
682 1553 776 1625 ιιι
823 1557 1070 1624 φρονεῖν
1147 1558 1288 1613 οὔτε
1349 1559 1744 1630 διαμάχεσθαι

157 1641 319 1709 πρὸς
339 1642 456 1712 τὴν
488 1645 638 1713 μίαν
664 1645 774 1699 τοῦ
796 1648 990 1719 Λόγου
1030 1649 1224 1718 φύσιν
1267 1652 1744 1722 σεσαρκωμένην

158 1732 278 1786 οὐκ
304 1731 385 1786 ἂν
415 1733 824 1805 ψηφισαὶμην.

233 1998 311 2052 Σὺ
359 1998 420 2052 δέ
476 2016 566 2070 μοι
625 2001 1007 2056 συνδιασκόπει
1039 2004 1188 2069 ὅπως
1216 2007 1386 2079 οὐδ’ὴ
1427 2009 1523 2079 μία
1583 2008 1747 2079 φύσις

159 2090 259 2142 τοῦ
302 2091 480 2160 Λόγου
517 2095 933 2165 σεσαρωμένη,
976 2095 1166 2158 ἁπλῶς
1202 2096 1344 2151 οὕτω
1373 2105 1746 2170 προαγομένη,

156 2181 438 2248 οὐμενοῦν
494 2183 554 2236 τὸ
604 2185 972 2257 ἀνεπίληπτον
1013 2187 1074 2240 ού
1129 2189 1405 2256 διασώζει.
1465 2190 1586 2262 [861
1654 2192 1746 2265 1L]

159 2275 400 2342 Λέγοιτο
429 2275 537 2348 γὰρ
554 2275 622 2330 ἂν
655 2279 752 2349 μία
794 2279 959 2349 φύσις
990 2281 1086 2335 τοῦ
1131 2283 1306 2352 Λόγου
1351 2287 1746 2358 σεσαρκωμλένη

155 2367 259 2420 καὶ
282 2361 370 2432 οἷς
404 2368 610 2439 ἄψυχος
632 2373 665 2442 ἡ
688 2373 1098 2443 προσληφθεῖσα
1131 2377 1410 2447 νομίζεται
1439 2379 1596 2450 σὰρξ,
1653 2382 1749 2435 καὶ

156 2450 247 2518 οἷς
265 2457 378 2511 τῶν
419 2461 776 2515 συνελθόντων
796 2465 828 2534 ή
858 2464 1117 2536 σύγχυσις
1140 2468 1502 2535 δυσσεϐεῖται,
1555 2471 1648 2524 καὶ
1667 2466 1750 2534 οἷς

157 2549 195 2616 ἡ
229 2549 328 2602 τοῦ
357 2551 532 2618 Λόγου
565 2553 725 2622 φύσις
758 2557 840 2618 εἰς
865 2558 1042 2627 σάρκα
1090 2561 1473 2629 φρενοϐλαὸὦς
1526 2564 1746 2633 ἁναχεῖο

155 2657 250 2694 ται
270 2643 341 2696 το.
382 2644 440 2696 Ὀ
497 2645 554 2698 δὲ
612 2647 712 2716 τῆς
743 2649 1032 2720 ἀκριϐείας
1089 2652 1409 2717 διδάσκαλος
1455 2656 1746 2727 Κύριλλοςι

155 2730 400 2785 ἕκαστον
455 2733 565 2789 τῶν
594 2739 884 2806 αίρετικῶν
932 2745 1296 2812 φρονημάτων
1323 2744 1600 2816 ὁμοτίμους
1629 2746 1748 2815 βδε-

156 2820 518 2894 λυσσόμενος,
554 2826 643 2880 διὰ
684 2829 783 2896 τῆς
831 2836 982 2901 κοινῇ
1004 2833 1046 2863 ⁷¹
1074 2835 1442 2906 προκειμένης
1475 2841 1658 2909 φωνῆς
1685 2839 1746 2892 τὺ

156 2913 476 2986 ἀδιαίρετον
545 2916 643 2989 μὲν
694 2922 789 2974 καὶ
849 2922 1158 2994 ἀσύγχυτον
1215 2929 1326 2981 τῶν
1380 2929 1744 2983 συνελθόντων

157 3007 488 3075 τρανολογεῖ
515 3010 752 3079 φύσεων,
787 3013 1084 3070 ἀπευθύνει
1112 3018 1168 3070 δὲ
1191 3019 1396 3090 ταύτην
1414 3020 1494 3073 ἔτι
1521 3021 1742 3091 μᾶλλον,

157 3095 264 3167 τὴν
338 3103 763 3175 σεσαρκωμένην
824 3105 987 3174 φύσιν
1038 3109 1352 3180 ἐψυχῶσθαι
1400 3111 1742 3183 δογματίζων

157 3190 312 3262 ψυχῇ
343 3193 535 3266 λογικῇ
559 3212 618 3248 τε
653 3198 748 3251 καὶ
778 3201 961 3272 νοερᾷ.
985 3200 1076 3254 Διὸ
1099 3204 1193 3256 καὶ
1217 3205 1343 3267 τοὺς
1365 3205 1736 3273 ἀνατολικοὺς,

1851 637 2005 704 illud,
2035 637 2288 703 indivise,
2314 645 2461 692 recte
2489 636 2798 706 intelligunt
2820 639 2880 704 ii,
2907 640 2997 708 qui
3025 655 3210 694 vocem
3237 658 3427 698 secun-

1851 727 1979 782 dum
2031 726 2426 798 hypostaticam
2484 729 2737 782 unionem
2798 729 3090 799 accipiunt.
3147 729 3428 788 liaereticis

1851 829 2031 875 autem
2075 820 2238 875 etiam
2283 820 2571 875 indivisurn
2620 829 2704 876 est
2737 821 2967 876 divisum
3000 837 3097 877 seu
3134 824 3426 880 divulsum.

1849 907 1984 964 Nam
2013 910 2144 965 illud
2188 913 2360 981 ipsum
2393 911 2690 965 secundum
2725 912 3116 983 hyposmticam
3171 917 3425 971 unionem

1851 1001 2111 1057 divellunt
2147 1003 2523 1073 dividuntque.
2560 1003 2636 1057 lta
2681 1019 2896 1074 quoque
2937 1007 3299 1075 reprehendas
3331 1024 3426 1064 eos

1851 1096 1942 1166 qui
1983 1097 2118 1151 duas
2162 1095 2420 1150 indivisas
2467 1105 2692 1151 naturas
2736 1097 3061 1163 admittunt,
3107 1098 3203 1153 sed
3231 1110 3428 1168 negant

1849 1202 1944 1240 eas
1985 1187 2277 1240 secundum
2330 1187 2724 1258 hypostaticam
2783 1188 3037 1241 unionem
3087 1189 3425 1259 coniunctas;

1849 1293 2036 1333 revera
2079 1279 2222 1334 enim
2263 1279 2620 1334 adversantur
2648 1280 2716 1334 iis
2758 1281 2848 1349 qui
2881 1281 3096 1335 unicam
3129 1280 3220 1335 Dei
3265 1281 3427 1338 Vcrbi

1851 1379 2098 1424 naturam
2153 1370 2396 1426 sentiunt
2452 1386 2575 1426 esse
2626 1371 2987 1427 incarnatam.
3045 1372 3177 1428 Illos
3229 1384 3424 1438 tamen,

1848 1460 2042 1531 inquit,
2073 1479 2177 1517 non
2206 1463 2648 1531 reprehenderim,
2677 1466 2766 1531 qui
2793 1466 2926 1518 duas
2954 1466 3178 1536 professi
3205 1478 3427 1522 naturas

1849 1553 1906 1606 in
1933 1553 2262 1623 hypostatica
2305 1554 2496 1607 unione
2517 1553 2777 1608 indiuisus
2813 1555 3186 1619 considerant,
3221 1556 3300 1608 ιιιὶ
3334 1571 3425 1608 nec

1852 1644 2142 1700 Orientales
2163 1647 2511 1716 coarguerim,
2534 1647 2624 1716 qui
2649 1645 2786 1700 idem
2814 1649 3069 1704 sentiunt.
3110 1647 3215 1704 Sed
3266 1663 3427 1719 neque

1847 1737 1942 1791 Ito:
1977 1749 2158 1791 contra
2189 1755 2269 1792 me
2299 1741 2468 1792 uenire
2493 1778 2508 1804 ,
2547 1755 2712 1808 neque
2747 1757 2979 1810 pugnare
3022 1742 3268 1796 adversus
3313 1759 3423 1808 eos,

1848 1831 1938 1898 qui
1972 1846 2131 1884 unam
2185 1828 2334 1885 Verbi
2366 1841 2613 1886 naturam
2651 1832 2801 1884 aiunt
2833 1833 3160 1888 incantatam
3186 1851 3425 1904 pronun-

1779 1919 1821 1976 B
1851 1922 2053 1978 tiarim.

1925 2017 2032 2072 Sed
2071 2027 2126 2072 tu
2163 2032 2374 2074 mecum
2411 2020 2652 2091 dispice,
2680 2037 2780 2078 nec
2805 2039 2965 2078 unam
3007 2026 3223 2094 quidem
3257 2025 3421 2083 Verbi

1851 2121 2099 2165 naturain
2127 2109 2195 2181 (si
2224 2111 2296 2166 ita
2325 2113 2464 2168 unde
2494 2123 2549 2168 et
2577 2115 2897 2185 simpliciter
2935 2117 3204 2191 loquare),
3239 2121 3422 2176 incar-

1853 2217 2032 2260 natam
2076 2206 2194 2261 sine
2238 2209 2658 2276 reprehensione
2697 2211 2798 2266 dici
2838 2227 3010 2280 posse.
3058 2213 3193 2268 Nam
3232 2225 3286 2270 et
3315 2231 3420 2270 una

1853 2296 2012 2354 Verbi
2062 2309 2254 2354 natura
2286 2301 2564 2356 incarnata
2600 2303 2872 2358 diceretur
2906 2305 2974 2360 ab
3022 2305 3087 2360 iis
3112 2306 3202 2375 qui
3231 2317 3422 2376 putant

1849 2392 2198 2448 inanimatam
2253 2410 2473 2450 carnem
2521 2410 2640 2451 esse
2699 2407 3061 2468 assumptam;
3112 2409 3168 2455 et
3216 2401 3307 2470 qui
3351 2417 3419 2456 ex

1847 2483 2156 2537 coeuntium
2180 2484 2536 2551 'permistione
2566 2483 2837 2556 [naturam
2867 2489 3228 2562 assumptam]
3261 2490 3415 2545 blas-

1848 2574 2140 2642 phemant;
2177 2586 2231 2629 et
2263 2576 2352 2646 qui
2386 2586 2637 2631 naturam
2664 2577 2826 2634 Verbi
2868 2581 2919 2635 in
2971 2585 3202 2638 carnem'
3238 2595 3418 2638 muta-

1848 2673 1981 2728 tam,
2015 2665 2308 2719 insaniunt.
2332 2665 2794 2726 Accuratissimus
2816 2682 2994 2726 autem
3031 2675 3218 2728 doctor
3245 2676 3421 2746 Cyril-

1845 2751 1928 2807 lus
1950 2754 2190 2822 singulas
2240 2756 2436 2826 27Ὶὸ
2463 2759 2837 2815 haereticorum
2873 2764 3081 2832 pariter
3103 2776 3417 2822 exsecratus

1844 2847 2164 2911 sententias,
2190 2863 2284 2916 per
2309 2864 2494 2904 vocem
2525 2852 2578 2904 in
2605 2854 2781 2908 ntedio
2815 2855 3074 2922 positam,
3105 2857 3238 2912 duas
3265 2867 3420 2912 mttu-

1845 2953 1935 2992 ras
1959 2937 2036 3009 [in
2064 2937 2305 3013 Christo]
2330 2953 2719 3000 concurrentes
2745 2945 3002 3003 indivisas
3031 2959 3086 3002 et
3103 2949 3419 3006 inconfusas

1846 3029 2162 3098 planissime
2199 3032 2556 3088 demonstrat.
2585 3035 2804 3092 Refellit
2839 3034 3179 3107 porro'hanc
3218 3043 3414 3112 magis,

1846 3117 1972 3172 dum
2015 3119 2172 3175 docet
2201 3132 2452 3178 naturam
2483 3124 2850 3192 incantatam,
2885 3130 3067 3185 anima
3103 3133 3330 3189 rationis
3362 3146 3417 3190 et

1844 3209 2212 3281 intelligentia:
2243 3213 2399 3282 plena
2431 3215 2600 3272 fuisse
2648 3219 2964 3278 animatam.
3003 3221 3340 3294 Quapropter
3361 3237 3415 3280 et

157 3282 237 3344 ὡς
266 3285 528 3348 πολλάκις
578 3287 812 3359 εἴρηται,
873 3293 1078 3364 ταύτην
1127 3295 1227 3364 μὲν
1279 3296 1380 3366 τὴν
1433 3299 1737 3369 φωνὴνούκ

2017 3273 2044 3281 υ
2243 3273 2258 3282 .
3012 3273 3046 3288 ι
3074 3273 3328 3294 rer—rm
3365 3273 3412 3280 ν-

1843 3297 2166 3367 Orientales,
2190 3304 2265 3356 uti
2286 3319 2430 3376 saepe
2455 3308 2656 3364 dictum
2678 3323 2782 3374 est,
2802 3315 3052 3380 quamvis
3073 3315 3211 3370 hanc
3229 3331 3412 3372 vocem

156 3376 420 3437 εἰπόντας
442 3416 456 3440 ,
489 3378 590 3447 τὴν
630 3379 687 3433 δὲ
723 3382 1153 3454 ίσοδυναμοῦσαν
1204 3388 1739 3458 προϐαλλομένους⁷²

155 3464 278 3532 (δύο
329 3467 444 3537 γὰρ
497 3469 686 3536 φύσεις
735 3468 890 3526 εἶπον
919 3477 1241 3547 πρεσϐεύειν
1269 3480 1328 3532 ὲν
1355 3483 1420 3551 τῇ
1453 3481 1574 3535 καθ’
1605 3482 1737 3536 ὑπό-

156 3573 356 3610 στασιν
414 3559 626 3634 ἑνώσει)
657 3565 752 3617 καὶ
799 3567 929 3636 μηδὲ
959 3569 1019 3621 τὸ
1045 3570 1384 3642 ἀδιαιρέτους
1414 3575 1740 3639 ἐπενεγκόν-

153 3667 259 3714 τας
308 3652 619 3723 ὀρθοδόξους
672 3659 1047 3730 ἀνεκήρυξεν·
1099 3665 1275 3717 καίτοι
1306 3683 1369 3733 γε
1395 3666 1502 3718 οὐδ’
1555 3667 1738 3730 αὐτοῖς

157 3741 374 3812 ῥήμασι
390 3745 452 3797 τὸ
479 3747 599 3799 καθ’
628 3748 928 3806 ὑπόστασιν
953 3753 1219 3824 ἔγραψαν,
1252 3757 1369 3809 ἀλλ’
1394 3758 1452 3823 ἐξ
1477 3752 1551 3812 ὧν
1582 3755 1734 3812 εἶπον

155 3836 254 3888 ἕνα
297 3838 394 3889 καὶ
435 3837 527 3890 τὸν
555 3841 718 3896 αὑτὸν
748 3843 1032 3914 ὁμολογεῖν
1053 3848 1144 3901 τὸν
1173 3850 1235 3901 ἐκ
1257 3851 1471 3920 Πατρός
1493 3853 1736 3920 ἁχρόνως

157 3930 490 3999 γεννηθέντα
505 3933 600 3986 καὶ
626 3935 691 3988 ἐκ
716 3936 813 4005 τῆς
829 3937 1092 3993 Θεοτόκου
1115 3942 1331 4011 Μαρίας
1354 3942 1442 3996 ἐπ’
1468 3945 1732 4013 ἐσχάτων,

157 4023 376 4075 καὶτὸν
431 4025 594 4079 αὐτὸν
657 4029 980 4099 πρεσϐεύειν
1027 4031 1159 4087 Θεόν
1187 4052 1245 4088 τε
1272 4036 1368 4090 καὶ
1423 4037 1731 4106 ἄνθρωπον,

158 4117 254 4168 ἆτε
283 4115 350 4186 δὴ
386 4117 662 4189 σύνδρομα
689 4121 844 4186 εἰδὼς
871 4126 939 4177 τὰ
972 4125 1240 4196 εἰρημένα
1260 4131 1324 4198 τῇ
1358 4128 1476 4182 καθ’
1500 4130 1735 4183 ὑπόστα-

158 4223 241 4258 σιν
275 4208 468 4261 ὲνώσει
495 4215 667 4282 φωνῇ,
701 4215 974 4286 ὁμοδοξεῖν
1008 4218 1171 4272 αὐτὸν
1202 4220 1385 4285 αὐτοῖς
1421 4224 1732 4292 περιφανῶς

158 4298 531 4370 ἐμαρτύρησε.

225 4483 320 4533 Δεῖ
349 4481 398 4533 δ’
423 4477 514 4536 οὖν
548 4484 746 4540 είδέκαι
770 4489 843 4550 ὠς
868 4491 916 4543 οἱ
937 4490 1032 4564 τὴν
1062 4493 1184 4547 καθ’
1218 4495 1514 4552 ὑπόστασιν
1537 4502 1731 4557 ἕνωσιν

159 4570 405 4633 εἰπόντες

157 4660 350 4714 ἕνωσιν
381 4662 744 4720 ἀδιάσπαστον
775 4670 862 4723 διὰ
889 4673 1094 4742 ταύτης
1121 4676 1220 4745 τῆς
1257 4680 1441 4750 φωνῆς
1469 4681 1724 4752 δογματίο

157 4750 338 4810 ζουσιν
367 4769 382 4783 ’
412 4756 457 4805 εἰ
496 4755 551 4808 δὲ
586 4758 864 4828 ἀσύγχυτα
898 4764 964 4816 τὰ
1025 4768 1344 4823 συνελθόντα
1397 4773 1728 4843 μεμένηκεν,

157 4843 302 4895 οὐδὲν
341 4847 375 4913 ἡ
409 4852 742 4922 προκειμένη
803 4856 952 4926 φωνὴ
1017 4862 1408 4927 παραδίδωσιν.
1459 4866 1728 4933 Ὡσαύτως

158 4937 246 4984 καὶ
274 4938 333 4987 τὸ
363 4939 492 5005 μίαν
553 4943 712 5008 φύσιν
746 4947 839 4998 τοῦ
870 4950 1043 5016 Λόγου
1097 4958 1524 5029 σεσαρκωμένην
1548 4958 1728 5027 λέγειν

158 5025 230 5085 εἰς
263 5027 363 5096 τὴν
408 5031 578 5100 αὐτὴν
614 5035 714 5102 μὲν
743 5035 950 5092 ἔννοιαν
978 5043 1160 5111 σχεδὸν
1191 5045 1547 5118 ὐποφέρεται,
1582 5070 1722 5123 παρ-

155 5116 482 5186 ελκυσθῆναι
521 5123 579 5173 δὲ
625 5127 838 5192 πολλοῖς
886 5133 1181 5201 αἱρετικοῑς
1211 5139 1346 5208 πρὸς
1373 5140 1434 5192 τὸ
1475 5140 1723 5215 βούλημα

153 5206 210 5256 τὸ
262 5209 448 5277 ῥᾴδιον
502 5213 900 5287 ἐμπαρέχεται.
960 5223 1121 5277 Ὥστε
1169 5229 1265 5298 οὐχ
1319 5231 1502 5295 ἁπλῶς
1551 5236 1723 5306 αὐτὴν

156 5301 546 5369 παραδεκτέον,
604 5307 718 5359 ἀλλ’
763 5311 838 5373 ὡς
892 5313 920 5364 ό
951 5315 1020 5367 τὰ
1063 5317 1181 5370 θεῖα
1236 5322 1398 5389 σοφὸς
1455 5301 1722 5395 ἐχρήσατο

156 5389 445 5459 Κύριλλος,
471 5401 713 5452 τουτέστι
771 5403 913 5474 ψυχῇ
947 5407 1134 5479 λογικῇ
1171 5429 1229 5464 τε
1261 5415 1354 5466 καὶ
1407 5421 1570 5488 νοερᾷ
1600 5438 1722 5474 συν-

155 5484 393 5539 ἅπτοντα
427 5489 786 5566 ὲψυχωμένην
809 5498 875 5563 ⁷⁵,
910 5502 1002 5552 καὶ
1060 5503 1169 5556 τῶν
1212 5507 1574 5564 συνελθόντων
1599 5529 1722 5565 συν-

157 5574 556 5650 επιθεωροῦντα
595 5585 654 5636 τὸ
695 5587 1016 5658 ἁσύγχυτον.
1083 5595 1236 5650 υύτω
1289 5598 1414 5666 γοῦν
1481 5603 1720 5674 ἑκατέρᾳ

1843 3408 1947 3446 non
1989 3396 2373 3466 pronuntient,
2413 3399 2572 3456 aliam
2628 3411 2806 3458 tamen
2859 3420 2977 3474 quas
3015 3409 3259 3464 eamdem
3304 3411 3410 3464 vim

1842 3485 2023 3551 habet,
2072 3502 2276 3557 ponant
2305 3491 2479 3562 (duas
2518 3497 2661 3550 enim
2707 3508 2930 3553 naturas
2978 3501 3030 3554 in
3071 3501 3409 3573 hypostatica

1841 3577 2036 3632 unione
2056 3593 2115 3634 se
2131 3584 2377 3638 venerari
2393 3585 2662 3659 dixerunt)
2683 3604 2856 3659 neque
2883 3605 3091 3658 vocem,
3138 3593 3410 3664 indiuisus,

1841 3678 2104 3733 usurpent
2159 3670 2262 3743 [ιιι.
2293 3675 2598 3750 auferant],
2649 3691 2796 3736 recte
2839 3685 3045 3738 sentire
3097 3686 3410 3744 declaravit.
3505 3719 3511 3724 ~

1841 3759 1981 3827 Quin
2013 3777 2190 3832 neque
2224 3766 2405 3820 verbis
2433 3767 2585 3836 ipsis,
2624 3771 2710 3824 illa
2738 3775 3035 3829 secundum
3071 3777 3410 3847 hypostasin,

1838 3853 1889 3907 in
1915 3854 2136 3925 scriptis
2167 3858 2280 3912 suis
2311 3873 2732 3929 expresserunt;
2789 3866 2884 3920 sed
2923 3882 2988 3921 ex
3019 3868 3180 3923 dictis
3213 3871 3412 3939 quibus

1835 3960 2002 4002 unum
2028 3958 2082 4002 et
2112 3950 2362 4005 eumdem
2399 3966 2465 4006 ex
2498 3953 2662 4008 Patre
2687 3958 2754 4011 ab
2789 3969 3022 4025 aeterno,
3061 3971 3114 4016 et
3138 3977 3204 4016 ex
3240 3961 3407 4018 Maria

1835 4038 1930 4093 Dei
1955 4041 2233 4098 Genitrice
2264 4045 2464 4101 ultimis
2499 4049 2831 4119 temporibus
2849 4061 3034 4107 natum
3056 4058 3404 4122 conlitentur,

1833 4133 2192 4202 eumdemque
2233 4135 2398 4189 Deum
2452 4148 2506 4191 et
2537 4139 2809 4197 hominem
2867 4156 3224 4212 venerantur;
3285 4161 3408 4216 quae

1833 4223 1978 4278 dicta
2028 4241 2149 4280 cum
2210 4227 2422 4282 videret
2479 4235 2808 4301 respondere
2868 4237 3051 4291 unioni
3109 4243 3402 4294 secundum

1833 4319 2180 4388 hypostasin,
2230 4323 2397 4378 verbo
2427 4338 2487 4379 se
2511 4341 2636 4380 cum
2667 4327 2774 4382 illis
2813 4332 3014 4385 sentire
3054 4343 3237 4401 aperte
3271 4349 3406 4388 con-

1833 4422 2062 4468 testatus
2091 4424 2197 4470 est.

1906 4505 2193 4562 Sciendum
2222 4525 2351 4580 ergo
2367 4526 2396 4563 a
2412 4510 2682 4579 Patribns,
2716 4514 2805 4584 qui
2830 4515 3226 4585 hypostaticam
3245 4518 3402 4573 unio-

457 4575 697 4647 Πατέτες
752 4580 907 4649 ἡμῶν
952 4583 1044 4636 δύο
1087 4587 1250 4640 τινῶν
1290 4590 1566 4645 σύνοδον⁷³
1605 4597 1727 4649 καθ’

1842 4609 1956 4650 nem
2009 4599 2355 4665 proﬁtentur,
2410 4606 2511 4655 hac
2556 4616 2704 4666 voce,
2764 4605 2992 4659 duarum
3049 4612 3402 4677 quarumdam

1833 4699 2154 4742 naturarum
2187 4695 2621 4747 concurrentium
2659 4696 2983 4750 indivulsam
3029 4699 3282 4752 unionem
3313 4714 3402 4752 as—

1831 4781 1964 4834 seri.
1997 4782 2151 4846 Quod
2201 4783 2245 4836 si
2283 4793 2464 4838 autem
2507 4787 2626 4840 duae
2679 4787 2782 4841 illa:
2846 4801 3053 4843 natura?
3109 4791 3402 4845 inconfusze

1831 4885 2206 4937 permansere,
2242 4873 2378 4926 nihil
2422 4877 2700 4943 proposita
2750 4891 2851 4929 vox
2902 4876 3160 4949 [veritati]
3217 4879 3399 4933 allicit.

1829 4960 2032 5015 Eodem
2085 4965 2247 5017 modo
2296 4980 2415 5018 cum
2473 4967 2692 5033 dicitur,
2746 4984 2906 5020 unam
2940 4968 3101 5023 Verbi
3154 4980 3400 5026 naturain

1830 5068 1951 5109 esse
1992 5055 2352 5121 inc-amatam,
2385 5061 2634 5113 eumdem
2667 5059 2783 5114 fere
2803 5076 3024 5115 sensum
3055 5062 3233 5116 habet.
3269 5061 3402 5132 Rapi

1831 5154 2008 5198 autem
2040 5159 2068 5198 a
2113 5145 2298 5201 multis
2352 5148 2620 5204 haereticis
2665 5152 2768 5205 hoc
2827 5152 2892 5206 ad
2941 5154 3206 5224 cujusque
3256 5156 3403 5208 arbi-

1830 5236 2015 5301 trium,
2071 5252 2179 5291 non
2229 5251 2488 5308 negatur;
2534 5254 2591 5296 ut
2633 5245 2857 5311 proinde
2906 5261 3007 5300 vox
3058 5263 3162 5301 non
3214 5248 3284 5302 sit
3328 5249 3400 5302 ita

1829 5331 1971 5382 nude
2001 5334 2351 5399 acceptanda,
2377 5335 2469 5388 sed
2491 5340 2941 5404 quemadmodum
2964 5339 3194 5410 Cyrillus
3219 5357 3398 5394 rerum

1828 5420 2132 5476 divinarum
2164 5426 2344 5480 sciens
2375 5427 2518 5480 illam
2551 5432 2851 5499 usurpavit,
2891 5433 2992 5488 hoc
3017 5445 3122 5497 est,
3156 5445 3209 5486 ut
3233 5435 3399 5487 addas

1828 5512 2006 5566 anima
2057 5515 2304 5570 rationali
2339 5528 2390 5571 et
2423 5519 2740 5590 intelligenti
2787 5523 3052 5597 [carnem]
3082 5526 3395 5585 animatum,

1828 5615 1882 5658 et
1911 5605 2136 5659 duarum
2194 5620 2511 5665 naturarum
2568 5615 2904 5672 inconfusam
2962 5618 3395 5685 conjunctionem

1464 5713 1702 5770 VARI/ii
1735 5716 2152 5776 LECTIONES.

215 5805 259 5838 ‘9
278 5809 677 5880 διεσπαρμένον
711 5831 768 5879 ς.

157 5874 172 5905 τ
187 5885 202 5906 ³
231 5879 348 5934 ltbri
377 5874 726 5954 ἐψυχωμὲνῃξ

851 5820 890 5850 ⁷ο
921 5822 1193 5889 ἀναχεῖται
1216 5826 1252 5878 Α
1279 5841 1289 5879 :
1313 5828 1599 5900 ἀπετράπη
1636 5848 1693 5894 ς’.
1764 5834 1805 5864 ⁷³
1831 5835 2011 5906 κοινῆς
2040 5834 2103 5889 Λ.
2177 5839 2218 5869 ⁷³
2249 5838 2355 5894 imo
2387 5841 2843 5914 προὸαλομένους.
2922 5848 3102 5902 73liln‘i
3137 5849 3387 5907 συνόδαν.
