4066 6442
694 434 837 498 1059

1782 435 2009 497 ΡΗΟΤΙ
2016 435 2043 494 Ι
2082 433 2584 496 ΡΑΤΒῙᾹΗΟΗᾸΞ
2615 436 2723 497 CP.

3784 434 3906 500 1060

687 542 984 611 intelligas.
1014 542 1094 597 Ita
1142 558 1273 613 ergo
1306 551 1538 613 utraque
1564 557 1697 601 voce
1726 560 1832 599 non
1879 553 2131 598 accurate
2162 557 2247 596 ex-

2356 546 2506 615 φωνῇ
2529 545 2628 614 τῆς
2656 542 2937 612 ἀκριϐείας
2970 544 3070 596 οὑκ
3086 544 3503 614 ἐπιπατοὺσης,
3525 545 3584 598 ἓν
3608 545 3709 615 μὲν
3728 545 3908 615 δηλοὺ-

684 650 867 700 cussa,
907 651 1071 689 unam
1103 637 1317 705 quidem
1350 651 1635 704 personam
1689 635 1987 705 explicant,
2045 635 2138 689 sed
2171 635 2253 687 in-

686 728 971 783 εοηΐιιευηι
1020 729 1243 783 duarum
1291 738 1604 783 naturarum
1639 743 1961 783 concursum
2024 741 2254 781 110118(-

687 820 936 890 planant.
972 820 1207 874 Rursum
1258 821 1350 888 qui
1404 820 1536 875 duas
1579 828 1804 875 naturas
1840 819 2098 873 indivisas
2142 827 2253 872 tra-

687 912 840 978 dunt,
868 914 920 967 id
959 914 1172 982 quidem
1216 914 1356 984 quod
1404 923 1488 967 cst
1542 913 1878 967 inconfusum
1933 926 2249 980 exposuere,

687 1007 779 1060 sed
807 1022 967 1060 unam
1000 1022 1118 1061 esse
1173 1022 1453 1076 personam
1519 1016 1611 1058 aut
1672 1004 1983 1075 hypostasin
2018 1020 2123 1057 non
2154 1006 2252 1057 de-

685 1097 981 1153 claravere.
1030 1097 1097 1153 Ut
1139 1100 1361 1168 proinde
1397 1101 1467 1152 sit
1521 1112 1745 1153 necesse
1769 1099 1836 1151 ab
1880 1097 1945 1151 iis
1983 1097 2074 1166 qui
2120 1097 2253 1151 duas

686 1206 907 1249 naturas
946 1195 1199 1248 indivisas
1241 1192 1591 1263 proﬁtentur,
1633 1202 1726 1246 aut
1767 1192 2005 1261 adjungi,
2052 1205 2252 1246 secun-

685 1284 808 1338 dum
845 1284 1236 1353 bypostaticam
1270 1284 1553 1347 unionem;
1604 1292 1697 1335 aut
1730 1297 1889 1335 unam
1945 1280 2102 1335 Verbi
2157 1296 2253 1333 na-

683 1384 858 1430 turam
886 1390 1005 1430 esse
1035 1376 1398 1439 incarnatam,
1444 1382 1538 1427 aut
1581 1375 1829 1427 eumdem
1874 1372 2039 1425 simul
2082 1372 2250 1424 Deum

682 1480 801 1521 esse
829 1479 882 1521 et
918 1467 1209 1520 hominem.
1254 1466 1472 1534 Absque
1519 1464 1690 1518 altero
1750 1464 1895 1517 enim
1956 1462 2248 1528 dictornm,

680 1572 781 1611 vox
816 1558 1109 1626 proposita,
1142 1564 1198 1609 nt
1250 1556 1623 1625 imperfectum
1677 1556 1803 1624 quid
1819 1554 1941 1622 jure
1993 1569 2123 1608 sane
2168 1568 2252 1607 re-

679 1650 1064 1720 prehendatur.
1100 1649 1220 1703 llacc
1254 1659 1308 1702 et
1336 1650 1416 1703 bis
1450 1648 1675 1718 genuina
1718 1664 1840 1703 cum
1863 1657 2051 1701 auctor
2078 1646 2251 1714 expli-

679 1750 875 1807 casset,
905 1723 1111 1811 adjecta
1142 1742 1207 1795 ad
1233 1743 1576 1796 concordiam
1624 1738 1962 1812 [iucundam]
1995 1738 2251 1792 adhorta-

681 1832 844 1898 tione,
870 1831 1003 1885 libro
1032 1832 1158 1884 huic
1191 1832 1441 1900 pra‘senti
1478 1832 1634 1885 linem
1677 1830 1920 1898 imponit.

748 1922 945 1989 Quinta
980 1925 1234 1992 deinceps
1268 1924 1441 1977 oratio
1476 1924 1711 1991 disputat
1763 1932 1948 1977 contra
1981 1920 2118 1985 illos,
2160 1924 2249 1990 qni
2286 1902 2325 1956 Β

676 2016 915 2070 humano
959 2016 1176 2084 ingenio
1225 2017 1437 2087 278a
1469 2015 1834 2070 Christianam
1893 2014 2051 2068 iidem
2098 2029 2247 2069 com-

680 2108 932 2176 prehendi
970 2123 1127 2176 posse
1179 2108 1624 2162 existimantzin
1681 2123 1789 2175 quo
1841 2106 1927 2177 pie
1986 2105 2249 2174 planeque

678 2196 856 2251 divine
890 2199 1316 2267 philosophatur.
1369 2210 1535 2266 atque
1577 2199 1787 2252 dicendi
1846 2199 2053 2252 ratione
2088 2198 2247 2253 Chri-

678 2287 910 2340 stianam
942 2288 1250 2356 religionem
1296 2298 1498 2342 certam
1555 2290 1828 2354 ostendit,
1862 2292 2114 2358 quodque
2163 2289 2247 2341 illa

679 2376 1016 2445 potissimum
1069 2379 1312 2445 sequitur
1362 2379 1653 2449 praedicat;
1704 2388 1758 2435 et
1793 2379 1955 2434 docet
1986 2382 2248 2449 quemad-

608 2454 615 2459 ⁷
684 2467 900 2521 modum
942 2469 1331 2537 praprietatum
1392 2470 1708 2524 dill’erentia:
1767 2472 1819 2525 in
1865 2472 2020 2526 nobis
2064 2482 2253 2540 aperte

676 2557 944 2613 distincta
966 2560 1093 2626 sint,
1132 2561 1327 2627 quibus
1362 2561 1496 2616 alter
1528 2562 1596 2615 ab
1647 2562 1814 2617 altero
1854 2562 2051 2627 diﬂ‘ert,
2084 2573 2252 2617 nota:-

679 2665 785 2718 que
820 2651 1118 2721 singulares
1149 2652 1371 2706 alterius
1405 2653 1642 2721 alicujus
1673 2669 1920 2721 persona:
1954 2654 2251 2723 proprieta-

570 2745 586 2772 ‘
682 2752 762 2796 tes
787 2741 1085 2812 [individuo
1118 2744 1190 2797 illi
1234 2743 1556 2816 assignent].
1614 2760 1932 2800 communes
1973 2745 2085 2798 ﬁeri
2126 2759 2251 2812 pro-

680 2831 917 2887 liibeant.
972 2832 1026 2886 ln
1061 2842 1247 2886 sancta
1291 2846 1472 2888 autem
1550 2834 1816 2890 Trinitate
1891 2834 2249 2904 proprietates

679 2935 898 2976 manent
933 2924 1339 2991 itmnutabiles,
1396 2936 1451 2978 et
1508 2941 1603 2994 per
1664 2926 1947 2980 indivisam
1994 2925 2247 2979 unionem

676 3015 1035 3083 copulantur;
1072 3030 1304 3084 cumque
1336 3018 1408 3070 sit
1439 3033 1544 3071 una
1575 3032 1929 3085 personarum
1984 3018 2245 3086 potentia,

680 3108 879 3161 habent
910 3108 1169 3162 tamenin
1211 3108 1327 3177 ipsa
1373 3108 1673 3163 dill‘erentia
1711 3110 1946 3163 divinam
1995 3120 2050 3165 et
2098 3112 2251 3166 inex-

675 3199 980 3269 plicabilem
1011 3201 1151 3254 inter
1184 3215 1242 3254 se
1273 3201 1735 3269 conjunctionem,
1765 3203 2059 3257 secundum
2084 3218 2242 3270 quam
2270 3242 2314 3300 ϐ

672 3290 730 3347 iu
762 3291 923 3346 Patre
954 3291 1145 3360 Filius,
1191 3301 1244 3348 et
1273 3293 1430 3346 Pater
1462 3293 1515 3346 in
1549 3292 1789 3361 Filio,.et
1810 3294 1978 3348 Filius
2005 3295 2056 3347 in
2087 3294 2243 3349 Patre

670 3390 731 3437 et
766 3380 968 3453 Spiritu
1036 3392 1252 3448 sancto,
1322 3394 1376 3438 et
1410 3381 1646 3453 Spiritus
1680 3394 1899 3440 sanctus
1943 3385 1995 3438 in
2037 3384 2169 3439 Filio
2191 3394 2245 3439 et

672 3474 834 3529 Patre
863 3476 1230 3543 cognoscitur,
1264 3477 1652 3544 conjunctione
1676 3476 1874 3544 ubique
1904 3477 2238 3541 dominante,

672 3567 1161 3634 uequeindivisum
1194 3568 1246 3621 in
1300 3567 1719 3636 proprietatibus
1774 3577 2082 3634 separante.
2134 3566 2240 3622 Sed

672 3659 816 3713 aliud
845 3668 930 3713 est
984 3660 1113 3713 Esse
1156 3674 1421 3729 suprema:
1451 3657 1755 3723 Trinitatis,
1788 3659 1929 3712 aliud
1974 3669 2237 3713 nostrum.

671 3749 728 3804 In
757 3750 1026 3805 Trinitate
1069 3750 1177 3804 Ens
1206 3760 1292 3805 est
1332 3766 1492 3820 supra
1526 3748 1691 3815 Esse;
1721 3760 1777 3805 at
1828 3761 2066 3806 nostrum
2108 3751 2240 3806 Esse

666 3859 848 3914 neque
880 3844 1100 3914 proprie
1144 3844 1252 3900 Ens
1277 3854 1381 3900 est.
1425 3848 1704 3913 Quomodo
1738 3846 1877 3901 enim
1921 3846 1992 3900 sit
2023 3845 2241 3914 preprie

672 3935 781 3990 Eos
808 3938 947 4005 quod
982 3953 1153 3992 anon
1206 3938 1339 3992 Ente
1389 3940 1692 4006 descendit,
1742 3949 1796 3995 et
1847 3940 1989 4008 quod
2045 3949 2236 3993 natura

670 4042 766 4082 sua
804 4028 856 4081 in
913 4043 1017 4082 non
1094 4029 1205 4083 Ens
1262 4030 1496 4085 desinit?
1536 4032 1849 4100 Quanquam
1882 4048 1909 4085 a
1947 4032 2239 4087 (Ionditore

668 4134 769 4176 suo
800 4121 902 4175 hoc
942 4135 1037 4188 per
1082 4135 1320 4176 amorem
1374 4125 1577 4176 honore
1624 4133 1678 4176 et
1714 4138 1934 4177 munere
1962 4123 2236 4190 dignatum

667 4218 773 4275 est,
805 4218 864 4263 ut
912 4210 983 4263 sit
1018 4225 1252 4280 semper,
1308 4221 1360 4265 et
1395 4214 1852 4268 immortalitatem
1894 4224 2235 4283 asscquatur.

672 4301 812 4355 Deus
851 4303 1012 4371 igitur
1043 4304 1199 4358 nobis
1229 4315 1312 4358 est
1339 4321 1497 4369 unus,
1535 4314 1591 4359 et
1619 4306 1857 4360 Trinitas
1892 4305 2007 4377 [seu
2042 4304 2239 4378 trinus]

671 4395 1011 4457 cognoscitur
1038 4394 1157 4448 fons
1191 4395 1412 4450 infinita:
1435 4407 1487 4449 et
1525 4397 1994 4465 incomprehensa:
2019 4398 2238 4467 sapien-

671 4483 779 4548 tite,
815 4494 869 4538 et
897 4499 1017 4553 qua:
1046 4486 1371 4553 sanctiﬁcat,
1401 4487 1635 4541 virtutis.
1668 4486 1819 4541 Unde
1841 4502 1979 4541 unus
2019 4488 2160 4543 Deus
2184 4498 2239 4542 et

2355 649 2408 684 σι
2423 632 2482 684 τὸ
2506 634 2816 702 πρόσωπον,
2839 635 2946 686 τῶν
2975 634 3034 686 δὲ
3057 635 3418 689 συνελθόντων
3450 634 3512 689 οὑ
3532 636 3908 706 τρανολογοῦσι

2351 724 2412 778 τὸ
2432 725 2757 795 ἀσύγχυτον.
2783 726 2954 779 Πάλιν
2992 728 3042 779 οι
3070 727 3162 781 δύο
3185 727 3376 798 φύσεις
3407 729 3756 798 ἀδιαιρέτους
3770 729 3911 797 δοξά-

2353 816 2610 879 ζοντεςτὸ
2635 816 2735 885 μὲν
2766 818 3069 887 ἀσὺγχυτον
3110 819 3500 890 διετράνωσαν,
3559 820 3619 873 ἒν
3673 820 3732 873 δὲ
3780 814 3909 874 εἶναι

2350 906 2411 959 τὸ
2439 908 2730 977 πρόσωπον
2756 910 2874 979 ἦτοι
2899 910 2995 979 τὴν
3014 910 3311 964 ὑπόστασιν
3332 911 3391 964 οὑ
3427 912 3907 979 συνδιετράνωσαν,

2351 999 2491 1053 ῶστε
2525 1001 2605 1053 δεῖ
2634 1000 2727 1052 καὶ
2755 1001 2882 1063 τοὺς
2914 1000 3007 1053 δύο
3052 1000 3241 1070 φύσεις
3276 1002 3618 1071 ἀδιαιρέτους
3666 1003 3915 1071 λέγοντας

2352 1090 2384 1159 ἢ
2404 1090 2501 1161 τὴν
2520 1091 2643 1144 καθ’
2661 1093 2953 1147 ὑπόστασιν
2978 1095 3365 1148 ἐπισυνάπτειν
3383 1096 3577 1147 ἕνωσιν
3607 1096 3641 1165 ἦ
3664 1095 3765 1165 τὴν
3801 1096 3915 1163 μίαν

2352 1184 2514 1253 φύσιν
2544 1184 2639 1238 τοῦ
2662 1185 2835 1254 Λόγου
2878 1187 3305 1257 σεσαρκωμένην
3335 1188 3367 1257 ἢ
3393 1188 3485 1241 τὸν
3506 1187 3671 1240 αὑτὸν
3711 1188 3845 1240 Θεόν
3864 1207 3915 1240 τε

2351 1278 2447 1332 καὶ
2487 1278 2771 1349 ἄνθρωπον
2796 1295 2809 1309 ·
2839 1280 2965 1334 ἄνευ
3010 1279 3115 1351 γὰρ
3165 1280 3284 1343 ἐνὸς
3331 1281 3440 1332 τῶν
3504 1280 3823 1350 εἰρημένων
3866 1283 3918 1333 τὸ

2351 1370 2539 1434 ἀτελὲς
2568 1372 2601 1438 ή
2644 1371 2795 1442 φωνὴ
2853 1370 3270 1442 προϐαλλομένη
3322 1372 3547 1436 δικαίως
3586 1374 3655 1426 ἀν
3722 1374 3918 1443 διελέγ-

2350 1479 2514 1531 χοιτο.
2568 1462 2753 1516 Ταῦτα
2806 1464 2902 1517 καὶ
2949 1463 3016 1516 τά
3058 1464 3269 1527 τούτοις
3320 1466 3486 1534 ὅμοια
3537 1466 3917 1536 διεληλυθὼςὸ

2353 1557 2745 1627 συγγραφεὺς,
2788 1557 2881 1610 καὶ
2923 1557 3246 1629 παραίνεσιν
3306 1559 3737 1629 παρακαλοῦσαν
3798 1562 3920 1629 πρὸς

2349 1647 2601 1716 ὁμόνοιαν
2651 1646 2992 1716 καταϐαλὼν,
3048 1650 3149 1703 καὶ
3200 1649 3291 1704 τὸν
3315 1651 3558 1721 παρόντα
3602 1652 3919 1705 διαναπαύει

2349 1737 2523 1802 λόγον.

2436 1914 2494 1968 '0
2511 1915 2567 1967 δέ
2598 1915 2798 1985 ἐφεξῆς
2844 1915 2994 1985 αὑτῷ
3050 1916 3209 1985 λόγος
3272 1917 3408 1988 πρὸς
3465 1918 3591 1980 τοὺς
3644 1918 3921 1985 οίομένους

2350 2006 2721 2076 ἀνθρωπίναις
2778 2007 3046 2070 ἐπινοίαις
3100 2007 3360 2061 δύνασθαι
3418 2007 3517 2077 τὴν
3573 2006 3764 2075 ἀληθῆ
3827 2008 3919 2058 τῶν

2350 2100 2698 2171 Χριστιανῶν
2731 2100 3053 2154 ὑποϐάλλειν
3090 2100 3371 2169 θεολογίαν
3428 2099 3749 2168 διαλέγεται
3774 2117 3791 2129 ·
3810 2102 3865 2152 ἐν
3885 2092 3922 2165 ᾧ

2353 2190 2587 2263 [45511]
2637 2190 2964 2263 θεολογήσας
3014 2192 3274 2255 εὐσεϐῶς,
3310 2194 3404 2245 καὶ
3457 2192 3695 2261 κρείττω
3753 2190 3922 2257 misr;

2352 2283 2752 2352 ἐπιτεχνήσεως
2791 2284 2885 2335 καὶ
2934 2284 3034 2351 τῆς
3080 2284 3143 2335 ἐκ
3178 2282 3353 2351 λόγων
3400 2283 3593 2351 σοφίας
3652 2281 3762 2352 τὴν
3786 2284 3923 2353 παρά

2349 2377 2696 2445 Χριστιανοίς
2729 2376 3155 2445 ἀποδειξάμενος
3177 2376 3477 2443 θεολογίαν,
3502 2376 3596 2428 καὶ
3628 2376 3692 2429 τὸ
3731 2376 3921 2446 ἐξῃρη-

2352 2468 2514 2532 μένον
2556 2468 2731 2536 αὑτῆς
2771 2469 3113 2538 ἀνυμνήσας,
3146 2468 3501 2539 διαλαμϐάνει
3535 2468 3613 2531 ὡς
3642 2468 3735 2537 ἐφ’
3771 2468 3922 2537 ἡμῶν

2353 2559 2453 2628 μὲν
2468 2559 2524 2611 αἱ
2554 2560 2661 2613 τῶν
2695 2561 2997 2630 ἰδιωμάτων
3025 2560 3280 2631 διαφοραὶ
3297 2558 3543 2631 φανερῶς
3570 2560 3917 2630 διεστήκασι,

2349 2652 2472 2704 καθ’
2497 2650 2564 2714 ἀς
2603 2654 2696 2705 ἀπ’
2720 2650 2964 2722 ἀλλήλων
2988 2651 3393 2721 διακρινόμεθα,
3424 2653 3518 2705 καὶ
3546 2651 3617 2704 τὰ
3641 2669 3921 2721 χαρακτη·

2355 2744 2577 2813 ριστικά
2599 2743 2700 2811 τῆς
2738 2761 2886 2808 τινος
2908 2744 3259 2807 ὑποστάσεως
3288 2744 3520 2814 θατέρας
3546 2746 3649 2797 οὑκ
3672 2742 3792 2797 οἵδε
3826 2764 3924 2798 κοιο

2349 2834 2583 2885 νοποιεῖν
2641 2832 2927 2903 ἰδιώματα,
2983 2834 3075 2885 ἐπὶ
3104 2833 3160 2886 δὲ
3195 2833 3295 2903 τῆς
3362 2833 3524 2901 ἁγίας
3578 2833 3823 2904 Τριὰδος
3876 2836 3923 2887 αἱ

2353 2922 2609 2991 ἰδιότητες
2657 2923 2903 2993 ἀκίνητοι
2948 2922 3078 2994 [864
3108 2922 3203 2995 IL]
3261 2925 3514 2994 μένουσαι
3557 2924 3923 2978 συνάπτονταί

2350 3032 2484 3079 πως,
2507 3015 2594 3068 διά
2619 3015 2720 3084 τῆς
2747 3016 3056 3086 ἀδιαιρέτου
3085 3015 3330 3078 ἐνώσεως
3354 3017 3448 3068 καὶ
3464 3018 3510 3049 ⁷⁵
3534 3014 3597 3068 τὸ
3630 3016 3770 3085 μίαν
3798 3011 3921 3069 εἶναι

2348 3106 2455 3159 τὼν
2500 3107 2852 3161 ὑποστάσεων
2897 3108 2995 3179 τὴν
3072 3110 3355 3176 ἐνέργειαν
3397 3108 3660 3175 πλείστην
3710 3108 3920 3178 ἔχουσαι

2350 3200 2540 3269 κάντῇ
2575 3199 2847 3269 διακρίσει
2898 3199 2998 3270 τὴν
3053 3199 3242 3267 θεῖκήν
3294 3214 3353 3250 τε
3377 3199 3471 3252 καὶ
3521 3198 3774 3269 ἀρῤητον
3801 3200 3919 3269 πρὸς

2348 3292 2584 3361 ἀλλήλας
2636 3292 2954 3361 συνάφειαν,
2999 3291 3122 3346 καθ’
3184 3293 3250 3363 ἢν
3285 3293 3329 3324 ⁷⁸
3365 3291 3494 3355 Υἱὸς
3522 3293 3583 3344 ἐν
3626 3293 3813 3362 Ila-cpt
3838 3292 3922 3344 καὶ

2349 3384 2537 3456 Πατὴρ
2568 3386 2626 3437 ἐν
2662 3384 2777 3456 Υίῷ
2833 3386 2930 3438 καὶ
2960 3385 3084 3448 Υἱὸς
3109 3386 3167 3437 ἐν
3199 3386 3373 3454 Πατρὶ
3402 3386 3498 3438 καὶ
3530 3384 3819 3455 [Ινεύματι
3838 3387 3919 3437 καὶ

2316 3532 2319 3533 ,
2348 3477 2570 3546 Πνεῦμα
2597 3479 2654 3531 ἐν
2676 3477 2791 3548 Υἱῷ
2820 3478 2917 3531 καὶ
2947 3478 3122 3548 Πατρὶ
3152 3476 3459 3548 θεωρεῖται,
3493 3478 3595 3547 τῆς
3630 3477 3921 3547 συναφείας

2346 3568 2680 3638 πανταχόθεν
2722 3570 3126 3641 ἐπικρατούσης
3160 3570 3255 3623 καὶ
3292 3569 3415 3639 μηδ’
3440 3571 3499 3622 ἐν
3520 3572 3637 3632 τοῖς
3667 3569 3922 3639 ίδιὼμασι

2346 3660 2775 3732 καινοτομούσης
2800 3662 2862 3715 τὸ
2890 3662 3217 3733 ἀδιαίρετον.
3272 3663 3380 3715 Καὶ
3450 3660 3512 3731 δὴ
3556 3662 3655 3714 καὶ
3694 3660 3760 3715 τὸ
3788 3658 3925 3715 εἶναι

2344 3751 2474 3804 ἄλλο
2494 3752 2546 3804 τί
2586 3753 2745 3805 ἐστιν
2792 3753 2885 3805 ἐπὶ
2904 3753 3004 3822 τῆς
3030 3750 3361 3823 ὑπεραρχίου
3407 3752 3450 3804 Τ
3456 3752 3643 3822 ριὰδος
3672 3755 3773 3806 καὶ
3804 3754 3923 3806 ἄλλο

2345 3843 2404 3895 ἐν
2432 3844 2595 3914 ἡμῖν’
2635 3843 2748 3898 ἐκεῖ
2783 3845 2883 3917 μὲν
2910 3845 3018 3915 γάρ
3046 3845 3105 3899 τὸ
3133 3844 3193 3898 ὸν
3225 3846 3367 3917 ὑπὲρ
3397 3846 3459 3898 τὸ
3493 3841 3659 3908 εἶναι,
3688 3846 3919 3899 ἐνταῦθα

2343 3936 2400 3988 δέ
2429 3936 2546 3988 οὑδέ
2575 3935 2779 4007 κυρίως
2814 3937 2896 3992 δν.
2926 3936 3050 4001 Πῶς
3081 3938 3190 4008 γὰρ
3220 3937 3287 3991 ἂν
3317 3939 3400 4010 εἴη
3451 3938 3659 4010 κυρίως
3678 3938 3749 3992 ὃν
3776 3940 3837 3993 τὸ
3857 3943 3916 3992 ἐκ

2348 4028 2421 4099 μὴ
2456 4028 2626 4082 ὄντων
2653 4030 3025 4100 παρηγμένον,
3043 4032 3139 4082 καὶ
3166 4031 3246 4092 είς
3277 4030 3338 4082 τὸ
3368 4030 3444 4099 μὴ
3467 4029 3527 4082 ὃν
3553 4032 3619 4102 τῇ
3652 4048 3719 4099 γε
3747 4030 3912 4099 οἰκείᾳ

2345 4117 2502 4185 φύσει
2524 4119 2811 4190 ὑπορρέον,
2846 4121 2894 4172 εί
2918 4121 3012 4174 καὶ
3039 4120 3211 4192 δῶρον
3260 4121 3623 4192 ἐφιλοτιμήθη
3683 4122 3781 4176 τοῦ
3812 4126 3911 4191 Δη-

2347 4208 2608 4279 μιουργοῦ
2659 4210 2738 4272 είς
2757 4210 2818 4262 τὸ
2842 4211 2928 4264 ἀεὶ
2982 4206 3121 4265 εἶναι
3145 4212 3239 4265 καὶ
3279 4213 3360 4274 είς
3399 4211 3711 4283 ἀφθαρσίαν
3736 4214 3913 4267 ἀναϐι-

2345 4301 2639 4370 ϐάζεσθαι;
2679 4303 2810 4367 Θεὸς
2835 4299 2927 4357 οὖν
2956 4306 3087 4374 ἡμῖν
3120 4305 3272 4357 ἐστιν
3302 4299 3385 4368 εἷς
3407 4306 3452 4339 ⁷⁷
3473 4307 3569 4360 καὶ
3590 4307 3765 4377 Τριάς
3785 4306 3911 4358 θεω-

2347 4395 2626 4465 ρούμενος,
2658 4399 2809 4468 πηγὴ
2843 4399 3129 4469 τυγχάνων
3182 4400 3545 4470 ἀπερινοήτου
3595 4401 3788 4469 σοφίας
3824 4401 3913 4451 καὶ

2344 4489 2670 4559 ἀγιαστικῆς
2725 4491 3027 4560 δυνάμεως.
3078 4489 3242 4545 Ὀθεν
3294 4485 3374 4554 εἷς
3440 4491 3573 4554 Θεὸς
3596 4493 3690 4544 καὶ
3722 4492 3913 4559 Κύριος

669 4576 950 4640 Dominus,
984 4587 1040 4631 et
1070 4594 1179 4643 rex,
1227 4588 1282 4632 et
1330 4580 1443 4643 ipse
1468 4579 1632 4633 Pater
1663 4588 1771 4640 est,
1805 4587 1860 4633 et
1892 4580 2238 4649 perfectionis

2347 4583 2440 4635 καὶ
2489 4582 2757 4652 βασιλεὺς,
2784 4584 2946 4643 αὑτός
2969 4602 3027 4636 τε
3053 4585 3142 4636 6⁷⁸
3178 4584 3368 4654 Πατὴρ
3406 4584 3501 4637 καὶ
3536 4586 3569 4655 ἡ
3597 4585 3910 4643 τελειοποιὸς

669 4670 880 4722 auctrix
908 4668 1207 4736 Sapientia,
1239 4680 1293 4723 et
1337 4672 1515 4724 Virtus
1543 4671 1714 4725 sancti
1748 4671 2002 4741 Spiritus.
2034 4672 2235 4729 lndivi-

668 4774 761 4814 sus
786 4762 925 4813 enim
957 4760 1137 4822 Pater,
1175 4776 1206 4814 a
1244 4777 1338 4816 sua
1378 4762 1548 4830 ipsius
1591 4764 1859 4832 sapientia
1885 4803 1901 4831 ,
1952 4776 2007 4818 et
2040 4766 2239 4821 virtute

668 4852 1058 4907 sanctiﬁcantis
1110 4853 1367 4920 Spiritus,
1418 4855 1471 4907 in
1516 4871 1620 4908 una
1666 4865 1857 4909 natura
1910 4857 2236 4923 adorandus,

670 4953 769 4991 nec
794 4938 844 4992 in
878 4954 1041 4993 unum
1070 4953 1232 5010 atque
1280 4958 1442 4996 unum
1494 4944 1657 4997 Deum
1687 4945 2028 5009 dividendus,
2053 4963 2240 5013 quem-

668 5028 954 5082 admodum
1012 5030 1064 5083 in
1121 5032 1297 5097 nobis,
1334 5033 1429 5100 qni
1465 5034 1956 5089 incommunicabili
1997 5037 2242 5105 proprie-

670 5124 841 5168 tatum
885 5118 1197 5174 discrimine
1233 5134 1285 5174 et
1315 5123 1618 5177 dilIereutia
1657 5125 1991 5193 operationis
2036 5126 2234 5179 distin-

669 5206 883 5273 guimur
919 5217 973 5261 et
1005 5224 1338 5277 separamur,
1373 5224 1588 5282 totaque
1620 5215 1882 5269 divisione
1921 5217 1987 5269 ab
2011 5215 2242 5270 invicem

670 5310 766 5365 per
824 5298 1179 5356 dill‘erentiam
1233 5305 1601 5360 sulisistimus.
1649 5306 1988 5376 Quapropter
2022 5324 2124 5361 non
2161 5317 2245 5361 est

671 5390 724 5445 in
757 5390 868 5457 illa,
900 5401 955 5446 ut
984 5393 1037 5447 iu
1063 5396 1214 5450 nobis
1248 5397 1559 5463 dicendum,
1611 5398 1713 5454 hoc
1774 5401 1931 5471 hujus
1962 5416 2081 5455 esse
2126 5403 2237 5468 pri-

671 5496 842 5549 mum,
873 5495 967 5539 aut
1018 5485 1161 5541 aliud
1207 5488 1360 5557 huius
1390 5494 1680 5544 secundum
1708 5502 1800 5545 aut
1833 5494 2070 5548 tertium.
2106 5492 2235 5549 Uni-

2347 4675 2509 4744 σοφία
2562 4676 2725 4729 αὑτοῦ
2770 4677 2926 4745 καὶὴ
2966 4677 3259 4745 ἀγιαστικὴ
3286 4677 3538 4747 δύναμις.
3590 4678 3909 4748 Ἀδιαίρετος

2344 4769 2453 4836 γὰρ
2482 4768 2723 4839 ὁΠατὴρ
2770 4768 2908 4839 πρός
2963 4785 3024 4821 τε
3071 4767 3170 4839 τὴν
3230 4769 3425 4822 ἑαυτοῦ
3471 4771 3671 4836 σοφίαν
3698 4770 3785 4822 καὶ
3810 4769 3908 4834 τὴν

2347 4860 2674 4931 ἀγιαστικὴν
2717 4861 2965 4925 δύναμιν,
2994 4862 3052 4912 ἐν
3084 4863 3182 4931 μιᾷ
3226 4861 3384 4931 φύσει
3419 4862 3903 4931 προσκυνούμενος,

2344 4954 2446 5006 οὐκ
2492 4954 2571 5015 εἰς
2596 4952 2691 5004 ἕνα
2741 4953 2837 5005 καὶ
2858 4953 2954 5005 ἕνα
2982 4952 3335 5022 μεριζόμενος
3363 4952 3517 5017 Θεὸν,
3546 4955 3791 5023 καθάπερ
3816 4951 3899 5019 ἐφ’

2340 5042 2516 5111 ήμῶν,
2551 5042 2598 5094 οἳ
2626 5042 2703 5111 τῷ
2731 5044 3081 5113 ἁκοινωνήτῳ
3105 5044 3215 5097 τῶν
3251 5045 3559 5115 ἰδιωμάτων
3577 5046 3676 5098 καὶ
3696 5044 3770 5113 τῷ
3786 5043 3902 5095 δια-

2341 5133 2492 5203 φόρῳ
2517 5132 2616 5200 τῆς
2640 5133 2918 5202 ἐνεργείας
2956 5134 3291 5205 μεριζόμεθά
3316 5153 3376 5188 τε
3401 5137 3495 5188 καὶ
3541 5135 3900 5205 διαιρούμεθα,

2341 5224 2431 5276 καὶ
2459 5225 2525 5293 τῇ
2563 5223 2629 5276 δι’
2650 5224 2771 5275 ὅλου
2786 5228 2923 5295 τομῇ
2950 5226 3045 5295 τὴν
3078 5227 3216 5299 πρὸς
3239 5228 3503 5297 ἀλλήλους
3530 5229 3787 5299 διαφορὰν
3804 5227 3904 5292 ὑφ-

2348 5316 2635 5384 ιστάμεθα.
2660 5318 2749 5368 Διὸ
2774 5317 2893 5369 οὐδὲ
2918 5318 3064 5370 ἐστιν
3087 5321 3281 5385 εἰπεῖν,
3305 5319 3493 5390 ὥσπερ
3515 5321 3604 5390 ἐφ’
3624 5322 3790 5391 ἡμῶν,
3808 5318 3902 5370 οὓς

2348 5424 2424 5458 τω
2451 5409 2544 5459 καὶ
2567 5408 2655 5459 ἐπ’
2672 5409 2867 5478 αὑτῆς,
2900 5411 2983 5463 ὅτι
3011 5413 3128 5464 τόδε
3146 5413 3296 5465 τοῦδε
3318 5415 3362 5446 ⁷ο
3383 5414 3599 5484 πρῶτον
3617 5416 3665 5447 ⁸⁸
3688 5415 3719 5484 ἤ
3739 5414 3903 5466 ἐκεῖνο

2343 5499 2494 5550 τοῦδε
2516 5499 2767 5571 δεύτερον
2790 5500 2822 5570 ἢ
2847 5502 3047 5571 τρίτον.
3067 5504 3251 5568 Μονὰς
3282 5504 3387 5575 γάρ
3418 5504 3636 5575 ἀληθῶς
3662 5507 3693 5576 ὴ
3722 5503 3902 5571 Τριᾶςν

1950 5711 2182 5767 γΑιιιΑῑ
2218 5712 2622 5770 LECTIONES.

737 5879 784 5913 "
813 5878 874 5933 τὸ
908 5879 1089 5937 malim
1120 5879 1216 5952 τῷ.
1294 5881 1338 5914 ⁷⁸
1368 5882 1433 5955 ἢν
1467 5884 1510 5938 Α
1538 5903 1551 5941 :
1577 5885 1643 5956 ἢν
1663 5886 1690 5938 ό
1724 5903 1785 5949 ς.
1838 5887 1879 5921 ⁷⁷
1903 5886 2003 5957 εἰς]
2030 5886 2165 5957 πρός
2187 5887 2249 5943 A.
2301 5889 2346 5922 ⁷⁸
2379 5888 2407 5942 ὁ
2437 5888 2559 5945 add.
2595 5892 2658 5944 Α.
2736 5893 2780 5926 ⁷⁸
2808 5894 2994 5949 τούτου
3028 5914 3089 5961 ς.
3164 5899 3208 5930 ⁸ο
3240 5895 3475 5969 πρῶτον]
3498 5899 3603 5957 imo
3630 5894 3896 5965 πρότερον·
