4066 6400
212 430 326 496 1061

1250 431 1775 493 BIBLIOTHECA.
1808 432 2051 493 —COD.
2084 429 2358 494 CCXXX.

3318 426 3452 493 1062

210 548 293 602 καὶ
336 545 544 617 τριάςή
575 543 781 606 Μονὰς,
830 542 955 595 οὐτε
1006 541 1143 595 διότι
1196 543 1386 613 μονὰς,
1414 545 1514 611 τὴν
1544 543 1751 612 Τριάδι

1883 552 1964 597 tas
1997 542 2140 596 enim
2171 557 2299 596 vere
2330 549 2414 597 est
2441 539 2704 606 Trinitas,
2753 550 2809 594 et
2839 539 3079 595 Trinitas
3103 539 3313 597 Uuitas.
3339 540 3453 597 Nec

210 639 569 701 συστέλλουσα,
587 636 711 691 οὔτε
740 636 875 689 διότι
896 636 1087 707 Τριάς,
1116 634 1216 704 τὴν
1237 636 1458 689 Μονάδα
1474 633 1517 665 ⁸⁸
1548 635 1769 704 τέμνου-

210 748 300 787 σα⁸
349 730 468 784 οὐδὲ
517 730 622 799 γὰρ
648 728 711 781 τὸ
743 727 803 781 ἓν
840 728 932 780 ἐπὶ
983 726 1086 796 τῆς
1135 727 1285 789 θείας
1336 727 1524 789 οὐσίας
1556 725 1633 789 ὡς
1668 728 1763 779 ἐπὶ

208 825 305 878 τῶν
332 822 641 892 κτισμάτων
664 819 913 890 νοοῦμεν,
961 818 1092 891 παρ’
1124 813 1204 881 οἷς
1237 818 1356 871 οὐδὲ
1383 818 1443 870 τὸ
1470 817 1677 886 κυρίως
1704 817 1763 869 ἓν

207 919 309 971 ἐστι
326 917 611 987 θεωρῆσαι.
631 916 704 969 Οὐ
734 915 844 984 γὰρ
860 912 997 966 τὸὲν
1020 910 1238 983 ἀριθμῷ
1268 912 1349 979 ἐφ’
1368 909 1523 979 ἡμῶν
1550 910 1639 960 καὶ
1665 926 1762 961 κυ-

210 1010 325 1079 ρίως
352 1008 428 1061 ἒν.
454 1008 562 1060 Καὶ
595 1008 705 1077 γὰρ
758 1007 820 1059 τὸ
853 1004 1099 1075 ἐφ’ὴμῶν
1131 1004 1424 1073 λεγόμενον
1457 1001 1514 1053 ἓν
1535 1001 1595 1053 οὐ
1663 1017 1764 1053 κυ-

209 1100 324 1172 ρίως
359 1098 433 1161 ἓν,
466 1098 598 1152 ἀλλά
654 1116 707 1151 τι
736 1099 816 1152 ἓν.
861 1096 1029 1149 Τοῦτο
1058 1096 1115 1149 δὲ
1146 1096 1203 1149 ἓν
1250 1097 1311 1147 τὲ
1350 1096 1467 1146 ἐστι
1509 1093 1603 1145 καὶ
1659 1090 1759 1160 οὐχ

206 1192 274 1253 ἓν,
314 1191 405 1245 ἅτε
462 1190 526 1260 δὴ
570 1191 665 1243 καὶ
712 1189 807 1243 τοῦ
868 1190 985 1252 ἑνὸς
1042 1188 1209 1258 φέρον
1270 1187 1370 1257 τὴν
1424 1185 1618 1255 κλῆσιν
1670 1184 1765 1235 καὶ

208 1286 327 1356 πρὸς
364 1285 423 1337 τὸ
466 1283 635 1337 πολλά
670 1279 806 1337 εἶναι
827 1282 1207 1354 μεριζόμενος.

270 1470 325 1521 Εἰ
345 1469 398 1521 δὲ
426 1470 519 1522 καὶ
546 1469 621 1531 ὡς
667 1468 792 1522 νοῦν
826 1468 876 1519 οἱ
926 1465 1168 1535 θεολόγοι
1197 1465 1259 1518 τὸ
1286 1464 1342 1518 ἑν
1364 1464 1456 1516 ἐπὶ
1487 1464 1584 1532 τῆς
1607 1461 1760 1523 θείας

207 1562 412 1632 ὑμνοῦσι
475 1561 712 1629 φύσεως,
753 1561 887 1613 ἀλλὰ
949 1560 1038 1613 διὰ
1088 1560 1259 1630 μόνην
1310 1557 1409 1629 τὴν
1455 1556 1641 1625 ἀπαθῆ
1665 1553 1759 1607 τοῦ

204 1654 356 1721 Λόγου
411 1654 669 1724 γέννησιν
722 1654 882 1708 τοῦτο
943 1652 1493 1723 παραλαμϐάνουσιν.
1541 1651 1605 1702 Ἢ
1652 1651 1760 1719 γὰρ

205 1744 409 1813 εὐσεϐὴς
454 1744 634 1796 ἔννοια
666 1748 759 1796 καὶ
780 1745 877 1813 τῆς
904 1743 998 1797 τοῦ
1028 1743 1120 1795 νοῦ
1145 1743 1364 1812 φύσεως
1397 1741 1762 1812 ὑπεριδρυμέ-

1876 634 2002 702 quia
2038 635 2219 688 unitas
2246 644 2353 699 est,
2388 632 2592 688 idcirco
2640 631 2914 686 contrahit
2961 632 3319 697 Trinitatem;
3353 650 3454 690 nec

1882 726 2007 793 quia
2040 726 2303 792 Trinitas,
2329 726 2521 781 dividit
2570 724 2863 780 Uuitatem.
2897 723 3085 793 Neque
3113 726 3255 780 enim
3289 743 3453 780 unum

1874 816 1927 870 in
1959 818 2139 872 divina
2175 820 2497 878 substantia.
2532 818 2667 872 utin
2705 820 2866 872 rebus
2906 819 3109 871 creatis
3135 819 3451 886 accipimus,

1872 910 1925 965 itt
1962 912 2160 979 quibus
2213 928 2314 967 uec
2360 929 2519 966 unum
2571 912 2792 981 proprie
2841 920 2924 966 est
2974 910 3295 981 intelligere.
3342 911 3453 966 Nec

1868 1004 2012 1056 enim
2083 1021 2244 1058 unum
2296 1020 2522 1059 numero
2581 1006 2633 1058 in
2696 1004 2849 1059 nobis
2887 1004 3049 1058 etiam
3104 1004 3320 1073 proprie
3370 1012 3455 1058 est.

1870 1108 2070 1160 unum;
2126 1113 2245 1149 nam
2278 1098 2421 1165 quod
2465 1097 2515 1149 in
2552 1097 2707 1150 nobis
2740 1096 2939 1150 dicitur
2970 1111 3162 1160 unum,
3207 1112 3311 1148 non
3368 1104 3454 1150 est

1867 1186 2086 1253 proprie
2140 1203 2328 1253 unum,
2365 1191 2459 1243 sed
2492 1188 2694 1255 aliquid
2726 1203 2887 1242 unum
2916 1204 2931 1241 :
2956 1188 3059 1242 hoc
3084 1197 3261 1241 autem
3287 1204 3449 1241 unum

1864 1285 1970 1341 est,
2025 1288 2081 1333 et
2143 1297 2246 1334 non
2297 1298 2502 1347 uumn,
2552 1282 2768 1351 278b
2830 1292 3015 1352 utpote
3063 1283 3204 1352 quod
3256 1284 3455 1337 habent

1873 1382 2071 1425 nomen
2104 1389 2260 1438 unus,
2293 1384 2348 1429 et
2382 1374 2555 1444 reipsa
2586 1375 2638 1427 in
2677 1373 2843 1427 multa
2884 1374 3173 1428 dividatur.

1939 1464 2166 1531 Quando
2200 1478 2380 1521 autem
2435 1468 2664 1537 theologi
2700 1467 2935 1521 divinam
2985 1477 3234 1521 naturam
3275 1482 3445 1521 unum

1868 1559 1998 1627 quid
2035 1574 2156 1614 esse
2187 1561 2507 1627 praedicant,
2542 1569 2601 1613 ut
2628 1570 2892 1626 mentem,
2933 1560 2983 1613 id
3025 1569 3242 1629 prepter
3280 1560 3451 1615 solam

1868 1649 2105 1701 divinam
2142 1648 2302 1704 Verbi
2338 1666 2435 1704 seu
2494 1650 2848 1719 impatibilem
2905 1650 3312 1720 generationem
3362 1650 3447 1705 fa-

1869 1740 2038 1794 ciunt.
2069 1741 2200 1794 Nam
2233 1752 2376 1795 recta
2400 1741 2597 1811 piaque
2631 1743 2899 1796 sententia
2924 1743 3258 1798 divinitatem
3288 1758 3449 1812 supra

205 1848 287 1900 νην
308 1831 537 1899 θεολογεῖ
556 1833 601 1863 ⁸³
625 1834 722 1903 τὴν
756 1832 1008 1903 θεότητα.
1044 1833 1155 1886 Καὶ
1179 1833 1287 1904 γὰρ
1320 1832 1415 1885 καὶ
1471 1832 1611 1884 κατὰ
1668 1830 1758 1882 τὸν

1868 1842 2113 1887 naturam
2150 1837 2344 1891 mentis
2372 1833 2675 1907 [humanm]
2713 1836 3035 1890 collocatam
3089 1836 3177 1906 pie
3229 1837 3448 1891 asserit.

205 1922 309 1976 νοῦν
327 1925 593 1995 ταυτότης
638 1925 833 1995 ὁρᾶται
864 1926 958 1977 καὶ
997 1924 1276 1995 ἑτερότης,
1322 1923 1537 1994 κίνησίς
1568 1939 1626 1974 τε
1666 1924 1761 1975 καὶ

207 2018 392 2081 στάσις,
430 2020 523 2071 καὶ
566 2018 665 2089 τῆς
723 2018 946 2088 διπλόης
993 2017 1276 2079 παντελῶς
1324 2016 1424 2068 οὐκ
1460 2014 1761 2079 ἑξίσταται,

209 2110 322 2164 ἀλλά
350 2110 537 2174 στάσις
571 2111 672 2178 μὲν
706 2111 854 2180 αὐτῷ
890 2110 980 2163 διὰ
1007 2109 1105 2179 τὴν
1145 2109 1243 2179 τῆς
1274 2107 1462 2171 οὐσίας
1510 2108 1763 2177 ἐνορᾶται

207 2205 507 2275 ταυτότητά,
544 2205 799 2275 ἑτερότης
818 2204 875 2257 δὲ
905 2206 999 2258 καὶ
1021 2205 1237 2273 κίνησις
1263 2203 1352 2257 διὰ
1378 2202 1475 2274 τὴν
1502 2202 1762 2269 αὐτεξού-

207 2312 303 2349 οιον
341 2297 513 2368 ὁρμὴν
578 2299 672 2350 καὶ
706 2298 1019 2369 ἐνέργειανο
1059 2298 1120 2349 οὑ
1180 2297 1288 2365 γάρ
1326 2298 1440 2349 ἑστι
1487 2296 1683 2349 ταύτὸν
1706 2295 1764 2349 ἓν

204 2390 356 2443 εἰπεῖν
408 2391 501 2444 καὶ
553 2392 689 2462 μετὰ
739 2392 841 2461 τῆς
902 2393 1041 2462 πρὸς
1085 2389 1542 2463 [45611.],ἒτερα
1581 2407 1762 2460 παρα-

206 2482 383 2547 ίέσεως
414 2485 492 2539 ἑν.
530 2484 694 2538 Ὅθεν
719 2487 767 2538 εἰ
793 2485 890 2539 καὶ
927 2479 1008 2546 εἷς
1035 2483 1112 2555 τῷ
1150 2482 1499 2553 ὑποκειμένῳ
1561 2483 1764 2552 τυγχά-

205 2592 289 2638 ist,
316 2577 444 2629 ἀλλά
474 2576 616 2629 νοῶν
643 2577 833 2630 ἑαυτὸν
875 2578 969 2629 καὶ
1000 2576 1090 2645 ὑφ’
1133 2575 1326 2628 ἑαυτοῦ
1361 2574 1764 2644 γινωσκόμενος

205 2666 302 2719 ἀνθ’
346 2667 512 2721 ἁπλοῦ
556 2668 776 2732 διπλοῦς
812 2669 1218 2722 ἀποδείκνυται.
1277 2667 1477 2737 Ὅπερ,
1507 2668 1602 2719 καὶ
1635 2667 1685 2719 εί
1711 2684 1761 2719 τι

205 2757 387 2826 ὅμοιον,
434 2758 532 2812 τοῦ
586 2758 792 2830 κυρίως
837 2760 954 2821 ἑνὸς
987 2760 1081 2811 καὶ
1105 2758 1206 2828 τῆς
1246 2758 1525 2828 μακαρίας
1548 2756 1762 2824 φύσεως

206 2858 461 2922 παντελῶς
484 2858 867 2929 ἠλλοτρίωται.
913 2859 1111 2927 Διόπερ
1177 2858 1276 2911 οὐκ
1330 2856 1476 2909 ἔστιν
1526 2856 1646 2909 οὐδὲ
1685 2854 1763 2925 τῷ

206 2946 399 3018 ἀριθμῷ
426 2946 484 2999 ἓν
513 2948 550 3018 ἢ
583 2948 659 3010 ὼς
696 2948 838 3018 ἀρχὴ
901 2946 1164 3020 ἀριθμοῦ,
1227 2948 1349 3001 οὐδὲ
1394 2946 1471 3010 ὡς
1535 2945 1763 3016 μέγεθος

205 3038 319 3106 ἢὼς
358 3040 497 3111 ἀρχὴ
560 3039 825 3108 μεγέθους
849 3056 864 3070 ⁸
902 3040 1082 3107 πάσης
1117 3041 1226 3109 γάρ
1253 3037 1570 3106 ξποσότητος
1590 3036 1636 3066 ⁸³
1670 3036 1764 3089 καὶ

207 3131 380 3201 μέρους
406 3135 500 3185 καὶ
532 3131 831 3196 συνθέσεως
859 3131 1234 3202 ὑπερίδρυται.
1270 3130 1407 3183 Ἀλλ’
1442 3132 1491 3182 εί
1513 3129 1593 3182 δεῖ
1626 3129 1763 3200 θαρ-

206 3225 428 3294 ρήσαντα
460 3227 660 3287 εἰπεῖν,
691 3226 748 3278 ἓν
787 3226 902 3277 ἐστι
946 3225 1006 3278 τὸ
1050 3224 1205 3278 Θείον
1232 3225 1373 3277 κοιτά
1390 3224 1488 3293 τὴν
1529 3222 1765 3292 ἁπλότη-

203 3333 261 3370 τα
276 3318 363 3390 τῆς
387 3319 703 3390 ὑπάρξεως,
737 3319 835 3389 οὐχ
867 3318 943 3381 ὡς
975 3318 1033 3371 ἒν
1067 3317 1369 3390 τριώνυμον
1394 3317 1765 3388 θεωρούμενον

204 3410 331 3479 ἢέἱς
357 3414 496 3483 μέρη
527 3413 903 3482 διαιρούμενον
936 3411 969 3481 ἢ
996 3413 1059 3463 ἑκ
1094 3411 1354 3465 πλειόνων
1390 3409 1764 3479 συγκείμενον

203 3504 416 3574 ἄρρητον
440 3508 556 3575 γάρ
586 3509 703 3559 ἑστι
759 3506 855 3559 καὶ
910 3506 1350 3577 ἀκατονόμαστον
1408 3504 1567 3558 τοῦτο
1596 3504 1658 3556 τὸ
1686 3503 1765 3568 ἓν,

206 3593 317 3667 [865
342 3598 428 3670 IL]
462 3600 589 3651 ἐπεὶ
613 3599 707 3651 καὶ
732 3598 896 3651 αὐτοῦ
920 3599 1011 3651 τοῦ
1041 3600 1157 3663 ἑνός
1179 3602 1326 3652 ἑστιν
1354 3599 1548 3663 αἴτιον,
1588 3600 1770 3665 πάσης

204 3688 365 3751 ἑνάδος
394 3689 644 3744 ἑνοποιὸν
674 3691 767 3742 καὶ
813 3691 1013 3754 παντὸς
1042 3692 1159 3754 ἑνὸς
1193 3692 1287 3744 καὶ
1316 3690 1555 3761 πλήθους
1593 3689 1766 3760 ὑπερ-

204 3781 549 3852 ιπλούμενον,
606 3782 692 3835 διὰ
716 3782 777 3834 τὸ
802 3783 1005 3854 κυρίως
1029 3783 1087 3835 ἓν
1130 3779 1271 3836 εἶναι
1334 3783 1429 3836 καὶ
1484 3785 1541 3836 ἐν
1602 3784 1770 3835 πᾶσιν

204 3868 325 3927 εἶναι
378 3878 470 3929 καὶ
532 3875 674 3944 ὑπὲρ
708 3875 884 3928 πάντα
906 3874 1294 3943 γινώσκεσθαι,
1329 3875 1635 3928 οὑσιοποιὸν
1670 3874 1769 3943 μὲν

208 3966 443 4020 ἁπάντων
478 3967 591 4020 τῶν
635 3967 824 4030 όντων,
872 3967 1297 4039 ὑπεριδρυμένον
1329 3966 1386 4018 δὲ
1414 3968 1472 4018 ὲν
1500 3968 1566 4036 τῇ
1598 3966 1769 4037 ὑπερ-

203 4061 340 4131 ουσίᾳ
390 4062 483 4113 καὶ
546 4060 651 4130 ἰδίᾳ
718 4059 1015 4129 μονότητι,
1066 4060 1191 4120 ἑνάς
1252 4059 1346 4112 καὶ
1425 4059 1592 4128 μονὰς
1658 4058 1772 4109 θεο-

202 4147 535 4219 λογούμενον,
569 4151 699 4211 Υἱὸς
738 4152 796 4201 ἑν
824 4150 1000 4221 Πιιτρ)⁸
1033 4148 1129 4202 καὶ
1160 4148 1350 4217 Πατὴρ
1377 4148 1435 4199 ἑν
1463 4145 1576 4215 Υίῴ
1603 4162 1768 4214 γινω-

204 4239 465 4309 σκόμενον,
525 4240 749 4309 Πνεῦμα
799 4240 952 4309 am»
976 4238 1407 4310 ἐκπορευόμενον
1443 4238 1507 4290 ἑκ
1536 4234 1767 4308 Πατρδς,

202 4330 357 4402 ἀρχὴν
389 4333 484 4404 μὲν
509 4332 631 4402 ἕχον
654 4333 743 4385 τὸν
770 4334 1008 4403 Πατέρα,
1031 4334 1097 4386 δι’
1127 4330 1258 4385 Υίοῦ
1291 4331 1345 4384 δὲ
1380 4333 1459 4394 είς
1482 4332 1658 4384 κτίσιν
1683 4329 1769 4383 ἐπ’

200 4424 470 4496 εὐεργεσίᾳ
484 4426 597 4478 τῶν
610 4425 1239 4495 δεχομένωνγὲρχόμενον,
1260 4424 1317 4478 οὐ
1335 4424 1456 4477 καθ’
1476 4422 1577 4491 ὑφε
1587 4441 1668 4476 σιν
1687 4440 1772 4492 γι-

200 4518 536 4589 νωσκομένης
556 4518 656 4588 τῆς
675 4518 1000 4588 γεννήσεως,
1020 4518 1080 4570 οὑ
1111 4518 1250 4570 κατὰ
1266 4516 1436 4587 τομὴν
1460 4514 1767 4586 θεωρουμὲ-
1796 4534 1842 4590 D

202 4621 284 4677 νης
295 4609 388 4680 τῆς
409 4609 1008 4682 ἑκπορεὺσεως.Εἱγάρ
1028 4628 1110 4673 τις
1132 4611 1251 4679 δοίη
1272 4608 1566 4673 ταῦτα,καὶ
1578 4608 1669 4659 ἐπὶ
1683 4624 1773 4659 τε-

200 4698 355 4765 τράδα
378 4702 421 4733 ⁸⁸
452 4702 551 4755 καὶ⁵
598 4702 835 4755 πεντάδα
872 4703 967 4753 καὶ
1009 4702 1096 4754 ἐπ’
1150 4701 1377 4771 ἄπειρον
1419 4699 1518 4768 τὴν
1548 4698 1773 4767 πρόοδον

202 4790 381 4860 ῥυῆναι
411 4796 554 4848 κατά
591 4796 716 4858 τοὺς
755 4794 1026 4864 Ἐλλήνων
1069 4793 1271 4864 μύθους
1320 4794 1771 4858 συγκατασκευά-

203 4896 349 4939 σειεν.
390 4887 485 4939 Ἐν
507 4883 605 4940 οῦν
635 4887 837 4959 κυρίως
858 4888 903 4918 ⁸⁸
937 4886 998 4939 τὸ
1021 4886 1200 4949 Θεῖον,
1227 4886 1548 4955 πληθυσμδν
1579 4885 1769 4939 οὐδένα

203 4976 648 5049 παραδεχόμενον,
664 4978 737 5042 ὡς
754 4979 823 5031 ἀκ
833 4976 987 5050 ριϐής
999 4994 1058 5030 τε
1084 4980 1177 5030 καὶ
1196 4976 1401 5047 ἀληθὴς
1419 4976 1609 5045 ἑνότης
1626 4976 1766 5028 κατὰ

202 5063 289 5131 τὴν
332 5071 588 5141 φυσικὴν,
622 5073 668 5123 εί
693 5072 797 5141 χρὴ
820 5070 1005 5139 φάναι,
1030 5069 1407 5139 θεωρούμενον
1431 5070 1758 5139 ταύτότητα.

204 5152 350 5210 Ὅθεν
393 5162 440 5211 εί
483 5163 577 5214 καὶ
632 5162 960 5223 ὑποστάσεις
1002 5161 1035 5231 ἢ
1082 5161 1353 5229 πρόσωπα
1405 5161 1438 5231 ἢ
1496 5160 1762 5229 ἰδιότητας

202 5246 544 5321 ὀνομάζομεν,
574 5252 609 5306 ἀ
630 5256 660 5306 ό
684 5253 808 5316 νοῦς
853 5253 1012 5322 ἔγνω,
1046 5252 1169 5306 καθ’
1194 5254 1318 5306 ὅσον
1346 5252 1568 5305 δυνατόν
1592 5252 1758 5313 ἐστιν,

202 5336 521 5410 ἑρμηνεῦσαι
556 5344 889 5414 βουλόμενοι,
924 5345 982 5397 οὐ
1015 5344 1075 5397 τὸ
1106 5344 1161 5396 ἒν
1194 5342 1531 5412 διαιροῦμεν,
1571 5343 1632 5395 οὗ
1661 5341 1760 5411 τὴν

202 5432 392 5496 μονάδα
441 5435 752 5505 μερίζομεν,
789 5437 848 5487 οὐ
869 5434 965 5505 τὴν
1004 5435 1163 5488 ἑνάδα
1212 5434 1553 5503 διασπῶμεν,
1622 5433 1759 5486 ἀλλὰ

200 5522 260 5589 τῇ
284 5523 432 5596 ἀϊδίῳ
491 5529 740 5596 μονότητι
791 5527 1167 5596 Θεολογοῦντες
1231 5527 1434 5596 ταύτην
1492 5530 1548 5580 ἑν
1581 5529 1757 5597 τρισὶν

198 5612 363 5684 αὐτὴν
400 5617 858 5687 συνθεολογοῦμεν
919 5621 1299 5681 ὑποστάσεσιν,
1335 5619 1433 5671 οὐκ
1482 5620 1757 5690 ἀνθρωπί-

201 5716 302 5766 νοις
348 5704 629 5777 λογισμοῖς
684 5708 752 5761 τὰ
795 5710 935 5781 ὑπὲρ
988 5709 1113 5763 νοῦν
1170 5708 1583 5770 ὑποϐάλλοντες,
1637 5708 1758 5761 οὐδὲ

1868 1923 2125 1978 ldentitas
2171 1927 2314 1980 enim
2341 1926 2506 1980 etiam
2556 1924 2607 1979 in
2642 1936 2818 1980 mente
2869 1935 3169 1995 spectatur,
3210 1926 3452 1995 itemque
3512 1914 3517 1919 ζ

1864 2016 2172 2079 diversitas,
2209 2029 2265 2073 et
2297 2029 2475 2075 motus
2500 2031 2554 2076 et
2589 2019 2764 2089 quies,
2795 2033 2894 2072 nec
2926 2020 3148 2073 omnino
3186 2028 3335 2073 caret
3358 2020 3451 2072 du-

1863 2108 2122 2179 plicitate.
2162 2110 2267 2165 Sed
2296 2113 2451 2182 quies
2477 2113 2693 2181 quidem
2722 2113 2773 2167 in
2797 2112 2909 2179 ipsa
2946 2122 3166 2182 propter
3193 2112 3450 2166 essentia:

1865 2201 2196 2258 identitatem
2238 2216 2513 2275 spectatur
2544 2224 2558 2260 :
2596 2204 2883 2261 diversitas
2916 2214 3094 2259 autem
3131 2214 3187 2259 et
3243 2213 3445 2267 motus,

1865 2306 2086 2364 pr0pter
2113 2299 2413 2353 naturalem
2444 2300 2547 2353 vim
2575 2310 2629 2355 et
2672 2300 3070 2369 operationem.
3088 2297 3273 2367 Neque
3300 2298 3448 2352 enim

1863 2397 1946 2440 est
1980 2387 2119 2442 idem
2152 2390 2336 2444 dicere
2364 2407 2530 2445 unutn
2565 2389 2685 2463 [per
2714 2391 2795 2463 se]
2824 2401 2879 2447 et
2906 2407 3068 2444 unum
3095 2399 3341 2461 respectu
3370 2390 3451 2443 al-

1866 2479 2056 2533 terius.
2110 2480 2267 2537 Unde
2320 2484 2568 2553 quamvis
2625 2499 2765 2537 unus
2814 2484 2887 2537 sit
2937 2481 3203 2549 subjecto,
3263 2491 3445 2535 tamen

1864 2574 2079 2639 quando
2128 2574 2369 2644 seipsum
2417 2575 2750 2640 conside'rat,
2784 2584 2839 2630 et
2894 2575 3141 2629 noscitur
3189 2589 3217 2627 a
3266 2576 3450 2643 seipso

1867 2679 1963 2732 pro
1993 2679 2097 2717 uno
2123 2676 2177 2719 et
2217 2666 2448 2736 simplici
2476 2667 2672 2737 duplex
2699 2683 2822 2722 esse
2848 2666 3141 2738 probatur;
3174 2666 3315 2734 quod
3339 2664 3447 2720 etsi

1866 2757 1994 2823 quid
2026 2758 2203 2812 simile
2255 2760 2419 2815 habet
2468 2760 2634 2833 [tmi,]
2702 2762 2919 2831 proprie
2954 2758 3183 2833 [tamen]
3218 2758 3286 2812 ab
3316 2774 3447 2821 uno,

1866 2859 1921 2902 et
1949 2865 1978 2901 a
2016 2851 2171 2904 beata
2205 2849 2347 2922 [Dei]
2387 2863 2579 2907 natura
2616 2869 2839 2922 prorsus
2890 2852 3128 2907 alienum
3164 2861 3267 2906 est.
3303 2848 3443 2904 Hinc

1866 2954 2044 3009 neque
2096 2956 2322 2995 numero
2364 2958 2528 2996 unuut
2581 2953 2686 3009 est,
2729 2951 2823 2997 aut
2860 2954 2916 2996 ιιι
2970 2942 3294 3010 principium
3340 2955 3445 2994 uu-

1866 3032 2040 3098 n‘teri;
2096 3047 2269 3101 neque
2330 3043 2389 3087 ut
2448 3036 2782 3101 magnitudo,
2815 3034 2898 3087 vel
2981 3044 3039 3087 ut
3109 3032 3441 3101 principium

1872 3125 2275 3193 magnitudinis,
2293 3140 2508 3178 onmem
2526 3126 2667 3180 enim
2690 3125 3115 3196 magnitudinem
3139 3135 3195 3178 et
3211 3134 3447 3193 partem,

1870 3227 1925 3272 et
1959 3219 2404 3287 compositionem
2442 3221 2629 3273 vincit.
2679 3219 2745 3272 Et
2792 3220 2835 3274 si
2887 3220 2969 3273 fas
3010 3219 3230 3272 liberius
3278 3217 3448 3285 loqui,

1869 3325 2033 3363 unum
2066 3322 2148 3363 est
2175 3310 2433 3364 divinitas
2465 3313 2762 3365 secundum
2816 3290 3221 3380 simplicitatem
3260 3325 3449 3365 essen-

1871 3402 1978 3467 tiaa,
2012 3418 2115 3455 non
2158 3412 2216 3455 ut
2257 3418 2420 3455 unutn
2461 3402 2561 3455 sub
2619 3402 2817 3472 triplici
2869 3404 3086 3457 nomine
3127 3403 3447 3457 considera-

1870 3503 2006 3557 tum,
2034 3504 2127 3549 aut
2153 3494 2203 3548 iu
2233 3506 2414 3563 partes
2462 3494 2727 3561 divisum,
2762 3504 2854 3548 aut
2887 3511 2953 3549 ex
3010 3495 3254 3565 pluribus
3301 3510 3451 3548 com-

1870 3589 2135 3658 positum;
2178 3588 2555 3658 inexplicabile
2600 3590 2743 3642 enim
2778 3598 2883 3652 est,
2943 3604 3040 3642 nec
3086 3589 3193 3643 ullo
3233 3590 3452 3642 nomine

1871 3681 1973 3734 hoc
2008 3696 2169 3733 unum
2198 3681 2427 3749 exprimi
2460 3690 2635 3749 potest
2666 3699 2679 3735 :
2715 3682 2839 3749 quia
2869 3681 3036 3748 ipsius
3082 3682 3242 3735 unius
3283 3681 3450 3733 etiam

1870 3783 1954 3827 est
1986 3789 2171 3835 causa,
2203 3783 2257 3828 et
2292 3774 2515 3827 unitatis
2549 3773 2922 3842 cujuscunque
2963 3771 3153 3826 unicus
3192 3771 3451 3837 eﬂ‘ector;

1869 3865 2123 3919 omnibus
2148 3879 2360 3933 quoque
2390 3874 2496 3918 tam
2542 3881 2671 3928 uno,
2720 3881 2882 3934 quam
2936 3865 3122 3919 multis
3166 3865 3279 3937 ipsa
3311 3866 3446 3919 sim-

1870 3956 2108 4026 piicitate
2134 3958 2400 4027 superior,
2427 3973 2494 4013 eo
2528 3959 2669 4027 quod
2715 3958 2943 4027 proprie
2972 3975 3136 4012 unum
3174 3960 3267 4021 sit,
3293 3970 3349 4011 et
3397 3959 3449 4010 iu

1868 4050 2120 4103 onmibus
2147 4060 2200 4103 et
2250 4064 2413 4118 super
2451 4051 2634 4103 omnia
2686 4049 3045 4119 intelligatur;
3083 4050 3223 4119 quod
3268 4051 3450 4103 omnia

1870 4140 2085 4209 quidem
2143 4157 2263 4211 qua
2313 4154 2461 4207 sunt,
2522 4143 2786 4207 condidit,
2828 4143 2879 4195 in
2933 4142 3447 4209 supersubstautiali

1872 4240 2051 4286 autem
2082 4241 2135 4287 et
2188 4234 2289 4288 sibi
2351 4235 2565 4304 propria
2613 4234 2994 4304 singularitate
3054 4232 3376 4296 fundatum,
3417 4250 3449 4287 a

1868 4323 2130 4394 theologis
2174 4326 2352 4380 unitas
2380 4336 2430 4380 et
2463 4326 2810 4396 siugularitas
2838 4333 3103 4379 vocatur:
3168 4340 3266 4378 uec
3303 4324 3448 4379 aliud

1852 4431 1991 4492 .esse
2041 4418 2407 4487 cognoscitur,
2433 4433 2595 4488 quam
2629 4416 2797 4471 Filius
2830 4417 2880 4470 iu
2911 4417 3090 4480 Patre,
3122 4427 3173 4472 et
3204 4416 3364 4472 Pater
3394 4417 3446 4471 in

1870 4507 2008 4562 Filio
2038 4526 2052 4563 :
2092 4509 2326 4578 Spiritus
2353 4526 2568 4579 quoque
2596 4517 2820 4563 sanctus
2846 4509 3144 4576 procedens
3167 4524 3233 4562 ex
3262 4508 3444 4574 Patre,

1870 4610 1925 4653 et
1956 4601 2280 4670 principium
2322 4602 2537 4670 quidem
2591 4602 2796 4655 ltaheus
2830 4600 3069 4666 Patrem,
3098 4603 3190 4655 sed
3229 4616 3324 4668 per
3360 4600 3448 4654 Fi-

1868 4691 1998 4745 lium
2029 4692 2079 4745 iu
2113 4702 2416 4757 creaturas,
2448 4709 2544 4762 pro
2566 4708 2661 4747 sua
2703 4709 2829 4763 erga
2862 4693 3065 4747 electos
3090 4694 3444 4747 beneﬁcentia

1866 4784 2247 4838 descendens:
2279 4785 2357 4841 sic
2389 4796 2565 4840 tamen
2620 4795 2679 4839 ut
2726 4801 2825 4841 nec
2877 4788 3228 4856 generatione
3272 4785 3442 4857 [Filii]

1868 4877 2151 4930 imminuta
2203 4891 2458 4931 noscatur
2513 4879 2785 4943 essentia,
2851 4894 2948 4933 nec
2995 4880 3044 4933 iu
3105 4879 3446 4947 processione

1867 4966 2125 5038 [Spiritus
2159 4966 2354 5039 sancti]
2386 4967 2624 5034 ejusdem
2655 4969 2849 5022 divisio
2883 4968 3021 5023 facta
3060 4970 3401 5023 existimetur
3428 4985 3441 5020 :

1866 5060 2220 5129 generatione
2274 5076 2378 5113 non
2433 5077 2527 5128 per
2581 5061 2921 5114 imminutam
2992 5060 3285 5114 essentiam
3325 5078 3446 5130 Spe-

1866 5160 2033 5215 ctata,
2071 5166 2245 5220 neque
2286 5155 2629 5220 processione
2660 5155 2955 5207 secumlum
3002 5154 3319 5207 divisionem
3351 5170 3447 5207 cu-

1866 5244 2036 5311 gnita.
2097 5241 2153 5295 Si
2208 5244 2351 5297 enim
2408 5246 2521 5298 hare
2570 5246 2906 5299 concesserit
2956 5246 3264 5314 quispiam,
3331 5256 3442 5298 tum

1865 5339 2160 5391 secundum
2216 5335 2421 5389 fabulas
2470 5351 2799 5404 paganorum
2841 5350 3010 5404 usque
3052 5337 3117 5387 ad
3154 5347 3445 5403 quaterna-

1868 5446 2012 5496 rum,
2044 5431 2331 5499 quiuarum
2362 5445 2425 5483 ac
2456 5430 2669 5482 tandem
2701 5444 3041 5497 pmgressum
3088 5429 3139 5482 in
3172 5428 3441 5481 infinitum

1866 5524 2165 5577 concedere
2224 5531 2531 5591 cogeretur.
2596 5520 2782 5590 Itaque
2845 5520 3105 5590 quidquid
3167 5520 3305 5574 Deus
3361 5527 3444 5573 est

1866 5616 2081 5684 proprie
2118 5630 2280 5667 unum
2322 5624 2424 5678 est,
2452 5614 2592 5681 quod
2642 5613 2839 5666 unllatn
2871 5612 3110 5666 admittit
3146 5612 3440 5665 multitudi-

1869 5722 2015 5768 nem,
2060 5716 2314 5774 tanquam
2348 5705 2586 5775 perfecta
2632 5720 2865 5775 veraque
2893 5703 3190 5759 secundum
3222 5712 3441 5757 natura-

1458 5798 1697 5853 VARIIE
1740 5796 2145 5853 LECTIONES.

280 5879 325 5914 ⁸¹
359 5887 584 5960 μονάδα]
616 5890 775 5945 ἑνάδα
810 5889 873 5947 Α.
951 5892 995 5925 δ’
1024 5890 1353 5961 θεολογεῖτσιι
1381 5892 1430 5949 θ.
1478 5909 1539 5958 ς.
1616 5892 1662 5923 ⁸³
1687 5892 1984 5964 μεσότητος
2012 5893 2075 5943 A.
2156 5888 2199 5923 ⁸⁸
2224 5887 2318 5942 καὶ
2354 5887 2447 5943 ἐπὶ
2479 5904 2634 5946 πεντ.
2656 5887 2718 5943 Β.
2796 5886 2840 5920 ⁸⁸
2865 5884 3067 5957 κυρίως
3104 5883 3197 5938 οῦν
3225 5899 3289 5952 ς.
