4066 6424
618 410 755 477 1063
1692 408 1959 472 PHOTIE
2013 407 2523 471 PATRIARCH/E
2559 409 2670 470 ΕΡ.
3716 413 3839 479 10M

615 523 745 587 lem,
787 522 832 578 si
875 521 947 577 ita
996 519 1326 593 loquendum
1377 530 1496 588 est,
1528 521 1813 587 unitatem,
1859 518 2182 590 speetatu'm.

2294 520 2704 590 περινοητικαίς
2749 517 2999 588 ὲρεὺναις
3021 517 3090 572 τά
3122 517 3264 591 ὑπὲρ
3297 519 3512 591 εὕρεσιν
3556 522 3840 597 ἐνυϐρίζον-

616 613 791 680 Unde,
828 614 1075 684 quamvis
1133 616 1451 686 hypostases
1485 629 1580 671 seu
1626 628 1903 683 personas,
1934 627 2030 669 seu
2062 627 2182 684 pro-

2294 626 2407 673 τες.
2453 610 2545 663 Διὸ
2582 612 2709 674 τοὺς
2759 611 2912 680 παρὰ
2966 609 3198 683 ταῦταῆ
3228 612 3327 680 τὴν
3356 616 3596 686 ἄρρητον
3637 618 3839 687 ἑνότητα

611 707 872 778 prietates
917 687 1310 778 nuncupamus,
1370 722 1505 777 quas
1564 722 1720 762 mens
1770 707 2041 776 cognovit,
2088 719 2182 773 pro

2292 701 2740 774 διατέμνονταςῆ
2785 702 2846 756 τὸ
2897 702 3176 773 τριαδικδν
3207 704 3317 758 τῶν
3373 705 3722 761 ὑποστάσεων
3768 710 3839 772 εἰς

613 798 872 854 facultate
900 809 1087 855 nostra
1115 797 1684 869 interpretariconati,
1714 812 2051 868 nequaquam
2081 796 2182 850 hoc

2296 796 2588 864 μοναδικὴν
2634 794 2825 848 πενίαν
2874 796 3259 865 συγκλείοντας
3304 797 3380 858 ὡς
3425 797 3530 867 τῆς
3580 799 3841 867 εὐσεϐείας

612 905 778 943 unum
819 892 1106 947 dividimus
1143 903 1237 947 aut
1259 893 1516 947 unitatem
1546 893 1833 962 partimur,
1886 898 1978 944 aut
2009 887 2182 941 unita-

2292 887 2580 958 πολεμίους
2596 888 2995 959 ἐκτρεπόμεθα.
3652 980 3664 991 θ

615 990 723 1036 tem
767 982 1103 1050 divellimus;
1160 982 1254 1037 sed
1302 984 1447 1039 banc
1486 984 1538 1037 in
1579 994 1779 1037 aeterna
1831 982 2039 1034 unitate
2105 978 2192 1047 pie
2226 976 2437 1048 279a
2469 980 2882 1047 perpendentes,
2915 979 3061 1033 illam
3113 979 3168 1033 in
3214 978 3387 1034 tribus
3446 980 3694 1083 personis
3750 996 3843 1039 una

609 1071 928 1140 proﬁtemur
957 1089 1129 1144 neque
1151 1092 1211 1130 ea
1238 1090 1358 1145 qua:
1379 1090 1544 1147 supra
1575 1076 1772 1130 mentis
1798 1083 2017 1143 captum
2078 1078 2226 1132 sunt,
2304 1072 2500 1126 rationi
2536 1074 2789 1128 humanae
2830 1070 3188 1140 subiiciendo,
3231 1086 3409 1142 neque
3450 1072 3672 1126 curiosa
3695 1081 3748 1127 et
3766 1088 3843 1126 va-

610 1168 695 1223 fra
739 1170 1146 1241 investigatione
1192 1171 1282 1227 illa
1309 1188 1428 1242 quae
1490 1172 1715 1227 inveniri
1800 1179 2075 1239 nequeunt
2137 1166 2403 1221 vitiando.
2462 1169 2802 1239 Quapropter
2876 1168 3185 1270 illos,-qui
3257 1168 3366 1270 bos.
3406 1166 3611 1270 limites
3660 1166 3842 1234 egressi

611 1269 707 1312 aut
739 1260 1003 1314 unitatem
1051 1262 1189 1318 lianc
1247 1263 1666 1320 inenarrabilem
1748 1262 2083 1335 partiuntur,
2134 1270 2230 1316 aut
2293 1270 2406 1317 tres
2448 1277 2709 1333 personas
2760 1260 2830 1317 ad
2884 1260 3110 1318 unitatis
3157 1260 3433 1332 angustias
3485 1258 3752 1328 redigunt,
3793 1274 3840 1320 tn

610 1349 793 1405 hostes
824 1352 1042 1420 pietatis
1076 1353 1449 1425 proﬂigamus.

686 1444 813 1500 llaec
842 1456 897 1499 et
934 1449 1037 1502 hoc
1079 1464 1249 1518 genus
1291 1451 1408 1521 (72)
1463 1452 1566 1505 alia
1603 1463 1948 1521 prosecutus,
1997 1462 2182 1509 contra

2364 1444 2552 1501 Ταῦτα
2577 1444 2673 1500 καὶ
2696 1442 2920 1501 τοιαῦτα
2946 1443 2997 1479 ⁸⁸
3024 1444 3311 1510 διεξελθὼν
3338 1442 3482 1515 πρὸς
3514 1446 3641 1509 tota;
3670 1443 3843 1516 ἰδίωμα

609 1552 705 1592 eos
732 1538 991 1607 disputat,
1040 1541 1131 1610 qni
1179 1541 1494 1614 bypostasin
1546 1545 1680 1599 nihil
1728 1546 1872 1601 aliud
1902 1561 2028 1600 esse
2055 1560 2182 1600 con-

2294 1541 2456 1611 μόνον
2486 1536 2628 1593 εἶναι
2670 1541 3129 1612 κενολογήσαντος
3167 1540 3213 1573 ⁸⁷
3264 1537 3362 1609 τὴν
3421 1537 3722 1613 ὑπόστασιν
3759 1538 3841 1591 ἀν-

612 1632 858 1696 tendunt,
907 1646 1071 1701 quam
1122 1636 1318 1689 nudam
1363 1638 1790 1706 preprietatem,
1840 1638 2182 1707 pluribusque

2289 1634 2664 1703 τιφθέγγεται,
2706 1633 2802 1687 καὶ
2833 1634 3045 1687 πλείοσι
3091 1632 3192 1701 τῆς
3241 1629 3532 1691 εὐσεϐείας
3586 1628 3841 1698 λογισμοῖς

617 1732 754 1775 vera:
777 1721 999 1791 pietatis
1033 1724 1336 1781 rationibus
1365 1727 1588 1797 impiam
1620 1728 1833 1783 illorum
1862 1729 2182 1783 sententiar-

2287 1726 2386 1797 τὴν
2432 1727 2613 1781 αὑτῶν
2666 1727 3007 1797 ἐπιστομίζει
3052 1724 3360 1778 κακόνοιαν.
3409 1722 3475 1775 Εἰ
3524 1721 3635 1791 γὰρ
3672 1723 3841 1778 ταύτὸν

611 1813 871 1867 retundit.
903 1811 1119 1868 Etenim
1153 1815 1199 1871 si
1234 1817 1371 1871 idem
1397 1829 1484 1873 est
1515 1835 1744 1889 persona
1776 1830 1830 1875 et
1862 1822 2185 1892 pr0prietas,

2294 1820 2592 1882 ὑπόστασις
2651 1818 2746 1872 καὶ
2803 1818 3022 1888 ἰδίωμα,
3072 1814 3495 1885 ὲνανθρωπῆσαι
3543 1813 3602 1866 δὲ
3640 1811 3733 1882 τὴν
3759 1811 3840 1865 τοὺ

610 1902 737 1956 dum
772 1903 931 1958 Verbi
987 1906 1300 1976 ltypostasin
1356 1909 1695 1966 incarnatam
1726 1912 1979 1978 dicimus,
2015 1916 2182 1969 mani-

2292 1912 2468 1980 Δόγου
2520 1911 2700 1980 φαμὲν
2757 1911 3093 1970 ὑπόστασιν,
3137 1934 3209 1949 --
3270 1905 3408 1960 ἀλλὰ
3462 1904 3528 1958 τὸ
3578 1903 3840 1958 ἀκόλουθον

608 1989 801 2045 festum
836 2003 919 2047 est
950 1994 1001 2049 id
1032 1996 1173 2063 quod
1209 1996 1332 2053 inde
1374 2000 1620 2069 sequitur
1666 2000 1803 2072 (73),
1864 2011 1919 2057 et
1962 2003 2189 2059 manife.

608 2082 749 2138 Stius
776 2084 847 2139 ob
890 2085 1308 2157 blasphemiam,
1345 2106 1466 2160 qua:
1492 2093 1653 2147 tacite
1690 2093 1745 2147 in
1778 2104 1940 2165 caput
1975 2096 2186 2151 illorum

606 2181 1020 2244 retorqueatur,
1074 2177 1168 2247 qui
1220 2178 1334 2237 haec
1380 2181 1563 2237 dicere
1614 2193 1851 2254 cogunt.
1905 2184 2187 2251 Quomodo

605 2279 776 2335 porro
833 2266 1070 2338 Spiritus
1112 2280 1333 2327 sanctus
1362 2273 1407 2328 si
1454 2276 1759 2346 proprietas
1805 2284 1911 2344 est,
1949 2287 2126 2348 potest
2155 2296 2188 2335 a

613 2355 770 2412 Patre
806 2352 1133 2429 procedere,
1163 2371 1274 2418 eta
1314 2364 1476 2421 Patre
1533 2366 1589 2422 in
1640 2384 1778 2442 opus
1833 2378 2097 2425 creatura:
2120 2385 2188 2426 ex

608 2450 872 2507 beneﬁcio
935 2453 1099 2510 mitti.
1153 2456 1411 2522 Quinimo
1461 2461 1643 2517 omnis
1717 2476 1951 2532 persona
2002 2478 2187 2519 rerum

608 2538 1025 2594 subsistentium
1055 2557 1153 2612 per
1182 2558 1242 2598 se
1271 2546 1516 2603 subsistit
1546 2566 1560 2602 :
1591 2548 1875 2616 Quomodo
1907 2567 2035 2624 ergo
2060 2568 2188 2624 pro-

607 2631 814 2701 prietas
834 2648 932 2702 per
959 2648 1018 2688 se
1061 2635 1343 2704 subsistat,
1373 2638 1420 2693 si
1455 2639 1589 2695 illud
1633 2642 1872 2711 positum
1916 2651 2045 2698 ante
2074 2658 2184 2699 non

608 2723 699 2787 sit,
734 2723 889 2792 cuius
916 2726 1221 2795 proprietas
1240 2744 1363 2784 esse
1398 2730 1639 2787 dicitur?
1678 2733 1735 2787 In
1764 2734 1937 2790 tribus
1969 2750 2185 2806 quoque

607 2814 857 2884 personis
896 2830 1051 2873 sacer
1078 2817 1303 2876 Patrum
1345 2833 1570 2878 senatus
1602 2824 1841 2880 divinam
1889 2826 2183 2882 essentiam

607 2922 728 2962 esse
761 2907 921 2965 docet
952 2928 966 2964 :
1005 2913 1058 2965 in
1117 2913 1291 2968 tribus
1325 2926 1506 2970 autem
1551 2918 1981 2988 proprietatibus
2022 2935 2186 2981 nemo

605 2999 925 3066 afﬁrmavit,
961 3002 1057 3058 sed
1083 3012 1271 3059 contra
1306 3006 1488 3076 potius
1520 3008 1576 3062 in
1613 3010 1852 3065 essentia
1880 3020 1932 3066 et
1972 3026 2071 3082 per
2097 3026 2187 3068 es-

606 3091 838 3146 sentiam
869 3106 1276 3163 cognoscuntur
1301 3114 1421 3152 esse
1453 3102 1835 3170 proprietates.
1875 3100 2183 3159 Essentiam

2287 2002 2566 2073 γνώριμον
2605 2002 2687 2062 ὃν,
2725 2001 2821 2054 καὶ
2860 2000 2998 2069 πρὸς
3036 1995 3386 2068 βλασφημίαν
3418 1992 3839 2064 γνωριμώτερον,

2287 2095 2368 2152 εἰς
2383 2094 2484 2156 τὰς
2503 2091 2748 2160 κεφαλὰς
2765 2090 2874 2144 τῶν
2901 2090 3134 2160 ῥηθῆναι
3153 2089 3504 2160 βιασαμένων
3538 2087 3661 2156 σιγῇ
3687 2086 3837 2155 άπερ-

2288 2185 2483 2256 ρίφθω.
2517 2181 2640 2250 Πῶς
2661 2184 2721 2238 δὲ
2751 2184 2925 2238 καὶτὸ
2950 2183 3196 2254 Πνεῦμα,
3225 2183 3386 2253 εἰπερ
3420 2180 3644 2250 ἰδίωμα,
3674 2177 3836 2231 δύνατ’

2287 2277 2354 2330 ἂν
2382 2274 2477 2329 τοῦ
2506 2272 2721 2346 Πατρὸς
2757 2272 3155 2344 ἐκπορεύεσθαι
3199 2272 3295 2326 καὶ
3327 2270 3485 2342 παρὰ
3524 2268 3619 2323 τοῦ
3652 2266 3835 2336 Πατρὸς

2286 2368 2379 2421 ἐπ’
2419 2366 2711 2437 εὐεργεσίᾳ
2735 2368 2832 2419 τοῦ
2861 2361 3180 2435 πλάσματος
3221 2361 3684 2425 ἀποστέλλεσθαι;
3722 2358 3837 2413 ἀλλὰ

2290 2460 2386 2514 καί
2454 2462 2604 2513 πᾶσα
2657 2457 2955 2519 ὑπόστασις
2995 2454 3104 2510 τῶν
3152 2454 3546 2526 ὑφεστηκότων
3593 2450 3704 2504 ἐστὶ
3733 2448 3834 2503 καθ’

2285 2552 2488 2606 ἑαυτά·
2523 2550 2717 2622 ἰδίωμα
2758 2549 2817 2602 δὲ
2849 2550 2966 2611 πῶς
3011 2549 3078 2603 ἂν
3112 2546 3378 2616 ὑποσταίη
3418 2544 3547 2599 καθ’
3569 2542 3740 2607 ἑαυτὸ,
3772 2541 3834 2610 μὴ

2285 2643 2481 2714 ἐκείνῳ
2499 2641 2546 2673 ⁸⁸
2571 2642 2832 2714 ὲδρασθὲν
2858 2638 2919 2697 οὗ
2949 2640 3045 2695 καὶ
3065 2634 3206 2693 εἶναι
3234 2638 3435 2707 ἰδίωμα
3466 2637 3717 2704 λέγεται;
3747 2634 3834 2685 Καὶ

2282 2737 2342 2790 ὲν
2368 2736 2515 2805 τρισὶ
2544 2734 2644 2806 μὲν
2675 2734 3036 2788 ὑποστάσεσιν
3060 2733 3090 2786 ὁ
3123 2730 3267 2803 ἱερὸς
3295 2727 3404 2782 τῶν
3421 2726 3681 2796 Πατάρων
3699 2723 3833 2795 χορὸς

2282 2828 2383 2899 τὴν
2405 2829 2592 2898 Θεῖκὴν
2622 2827 2812 2881 οὑσίαν
2834 2822 3173 2895 δογματίζει,
3213 2825 3271 2875 ὲν
3305 2820 3459 2889 τρισὶ
3484 2819 3542 2873 δὲ
3581 2817 3833 2886 ἰδιώμασιν

2281 2921 2456 2985 οὐδεὶς
2495 2920 2565 2974 ἂν
2586 2920 2743 2988 φαίη.
2764 2916 3085 2972 Τοὺναντίον
3116 2913 3225 2985 γὰρ
3253 2917 3313 2968 ὲν
3350 2913 3454 2984 μὲν
3480 2916 3550 2983 τῇ
3576 2912 3728 2980 οὑσίᾳ
3755 2908 3832 2963 καί

2284 3013 2415 3084 περὶ
2435 3013 2535 3083 τὴν
2561 3011 2957 3079 οὑσίανόρᾶται
2977 3008 3048 3063 τὰ
3080 3006 3369 3077 ἰδιώματα,
3402 3005 3580 3076 αὑτὴν
3602 3002 3720 3077 [457
3752 2995 3831 3069 Η.)

2282 3103 2341 3158 δὲ
2391 3105 2450 3157 ὲν
2482 3102 2770 3173 ἰδιώμασιν
2815 3102 2917 3154 οὑκ
2947 3100 3013 3156 ἄν
3042 3116 3128 3163 τις
3184 3099 3341 3168 φαίη.
3393 3098 3462 3151 Εἰ
3505 3098 3614 3168 γὰρ
3645 3095 3732 3148 καὶ
3766 3092 3829 3163 τῷ

605 3190 788 3236 autem
815 3199 910 3253 per
924 3188 1285 3257 proprietates
1314 3206 1474 3245 nemo
1495 3194 1809 3248 asseruerit.
1841 3193 1953 3248 Etsi
1974 3195 2121 3250 enim
2151 3210 2182 3250 a

2284 3193 2534 3263 Θεολόγῳ
2566 3192 2783 3264 εἴρηται
2808 3191 2908 3260 τὴν
2943 3190 3072 3260 μίαν
3105 3186 3270 3258 φύσιν
3301 3190 3359 3239 ὲν
3379 3186 3565 3258 τρισὶν
3597 3184 3833 3254 ὑπάρχειν

607 3273 881 3345 'l‘lteologu
915 3277 1118 3332 dictum
1150 3288 1236 3334 est
1260 3296 1424 3355 unam
1460 3291 1711 3339 naturam
1760 3285 1815 3339 in
1845 3286 2023 3342 tribus
2061 3302 2182 3344 esse

2286 3286 2566 3355 ἰδιότησιν,
2607 3283 2742 3338 ἀλλὰ
2791 3281 3006 3353 πρῶτον
3041 3280 3139 3350 μὲν
3190 3279 3251 3333 οὑ
3282 3278 3482 3332 ταὺτὺν
3519 3277 3708 3377 ἰδιότης
3752 3274 3830 3377 καὶ

605 3367 1048 3436 proprietatibus,
1081 3370 1222 3426 idem
1280 3382 1462 3429 tamen
1511 3391 1619 3430 non
1645 3386 1731 3432 est
1780 3380 2091 3449 proprietas
2127 3390 2182 3436 et

2285 3378 2505 3447 ἰδίωμα,
2556 3376 2748 3429 ἔπειτα
2774 3375 2831 3429 δὲ
2865 3373 2973 3427 οὐδ’
3008 3374 3056 3426 εἰ
3084 3373 3113 3424 ὁ
3144 3372 3337 3443 Πατὴρ
3382 3369 3754 3440 κατεχρήσατο
3775 3367 3828 3434 τῇ

604 3459 886 3528 proprium
916 3461 1049 3531 (τι).
1083 3461 1285 3519 Deinde
1317 3465 1528 3521 etiamsi
1558 3469 1759 3524 abusus
1788 3471 1860 3527 sit
1888 3470 2181 3527 Nazianze-

604 3566 708 3605 nus
726 3568 857 3607 voce
888 3551 1262 3628 [preprietas],
1294 3574 1404 3613 non
1428 3559 1573 3615 illico
1606 3571 1784 3618 tamen
1804 3563 1925 3633 quis
1945 3571 2178 3631 asserat,

603 3639 748 3695 idem
780 3658 900 3699 esse
942 3660 1227 3714 personam
1250 3688 1265 3714 ,
1321 3658 1376 3704 et
1412 3652 1631 3721 proprie
1670 3653 1870 3710 dictam
1934 3657 2181 3728 proprie-

606 3739 809 3798 tatem;
848 3747 973 3788 cum
1018 3752 1147 3791 vero
1176 3746 1231 3792 et
1259 3742 1594 3810 proprietas,
1624 3744 1777 3813 quasi
1822 3759 1920 3815 per
1965 3746 2178 3818 signum

607 3822 881 3892 exprimat
927 3840 987 3880 se
1027 3829 1323 3885 constituat
1371 3847 1689 3901 personam,
1726 3838 2178 3905 quemadmodum

608 3913 810 3969 Basilio
840 3926 895 3971 et
923 3918 1195 3991 plerisque
1239 3922 1491 3979 Patribus
1524 3926 1756 3995 videtur,
1793 3929 1920 3996 quid
1958 3931 2177 3986 absurdi

605 4001 810 4059 dictum
854 4017 991 4062 esta
1022 4021 1210 4067 sancto
1254 4013 1515 4085 Gregorio
1569 4015 1756 4088 [unam
1802 4021 2076 4093 naturam]
2120 4023 2175 4076 in

603 4094 777 4151 tribus
803 4113 924 4154 esse
967 4104 1423 4172 proprietatibus?
1471 4124 1572 4162 cur
1606 4110 1987 4167 nondecernat
2033 4113 2178 4169 idem

601 4201 723 4242 esse
753 4202 1035 4259 personam
1054 4202 1110 4248 et
1138 4195 1551 4266 proprietatem,
1574 4200 1669 4254 sed
1693 4201 1846 4270 quasi
1881 4203 1947 4256 ab
1972 4204 2176 4271 optimo

602 4279 780 4351 signo,
812 4281 916 4337 hoc
946 4294 1030 4339 est
1069 4288 1426 4356 proprietate,
1474 4290 1789 4347 denominet
1816 4293 2178 4365 hypostasim?

601 4370 770 4424 Addit
826 4386 975 4442 ergo,
1015 4373 1474 4433 intellectualibus
1522 4381 1948 4462 perfectionibus
1994 4400 2089 4452 per
2117 4401 2175 4441 sc

601 4461 1049 4520 subsistentibus.
1083 4468 1236 4532 Quod
1276 4486 1440 4524 nemo
1476 4471 1581 4526 nisi
1625 4461 1807 4530 mente
1859 4477 2174 4544 destitutus,

2281 3472 2475 3539 φωνῇ,
2524 3467 2729 3537 ταύτην
2774 3464 2954 3519 λαϐὼν
3012 3463 3134 3517 ἀντὶ
3171 3463 3274 3531 τῆς
3331 3464 3701 3522 ὑποστάσεως,
3734 3457 3829 3526 ἥδη

2278 3561 2475 3615 ταὺτόν
2520 3577 2609 3623 τις
2635 3554 2776 3613 εἰναι
2813 3557 3132 3627 δογματίσει
3156 3558 3254 3628 τὴν
3286 3555 3587 3608 ὑπόστασιν
3628 3552 3715 3605 καί
3747 3548 3828 3618 τὴν

2279 3656 2486 3725 κυρίως
2508 3651 2766 3723 ἰδιότητα.
2792 3652 2855 3705 Εἰ
2874 3651 2930 3703 δὲ
2950 3651 3046 3705 καὶ
3072 3645 3577 3720 χαρακτηριστικδν
3593 3644 3826 3709 καθέστη-

2279 3765 2375 3802 κεν
2402 3749 2435 3818 ή
2488 3746 2691 3817 ἰδιότης
2721 3746 2823 3815 τῆς
2862 3743 3234 3807 ὑποστάσεως,
3265 3741 3459 3809 ὥσπερ
3496 3736 3750 3805 Βασιλείῳ
3776 3749 3825 3784 τι

2279 3842 2374 3896 καί
2415 3841 2631 3903 πολλοῖς
2684 3838 2795 3892 τῶν
2842 3838 3102 3907 Πατέρων
3145 3836 3314 3897 δοκεῖ,
3361 3833 3487 3886 οὑδὲ
3532 3832 3627 3903 μὲν
3655 3830 3825 3884 ἄτοπον

2278 3934 2369 3987 τὸν
2401 3934 2545 4003 ἱερὸν
2574 3930 2874 4003 Γρηγόριον
2915 3929 3091 3982 εἰπεῖν
3142 3929 3203 3981 ὲν
3241 3925 3424 3998 τρισὶν
3463 3924 3738 3992 ἰδιότησιν,
3773 3918 3822 3969 οὑ

2277 4029 2474 4081 ταύτὸν
2516 4027 2787 4096 ὑπάρχειν
2845 4021 3242 4094 νομοθετοῦντα
3287 4022 3355 4090 τῇ
3404 4020 3699 4072 ὑποστάσει
3742 4010 3823 4111 την

2281 4120 2541 4188 ἰδιότητα,
2579 4117 2692 4170 ἀλλ’
2717 4116 2793 4178 ὡς
2823 4118 2890 4167 ἐκ
2926 4112 3020 4166 τοῦ
3053 4111 3290 4181 μάλιστα
3323 4121 3821 4182 χαρακτηριστικου,

2280 4208 2407 4282 [868
2453 4204 2544 4279 IL]
2594 4204 2842 4258 τουτέστι
2895 4204 2993 4273 τῆς
3024 4199 3070 4233 ⁸⁹
3114 4199 3394 4269 ἰδιότητος,
3449 4196 3819 4263 ἐπονομάζοντα

2275 4302 2376 4371 τὴν
2434 4300 2751 4354 ὑπόστασιν.
2779 4297 2870 4348 Διὸ
2901 4294 2997 4348 καὶ
3028 4294 3251 4360 ἐπάγει,
3282 4288 3555 4357 Νοεραῖς,
3597 4284 3817 4345 τελείαις

2278 4391 2408 4447 καθ’
2443 4388 2663 4454 ἑαυτὰς
2700 4385 3106 4456 ὺςρεστώσαις,
3133 4385 3270 4454 ὅπερ
3299 4383 3475 4443 οὐδεὶς
3506 4382 3570 4435 ἂν
3597 4379 3682 4431 νῦν
3704 4376 3816 4445 ἔχων

2226 4488 2239 4497 '
2276 4485 2370 4538 ἐπὶ
2397 4483 2505 4535 τῶν
2538 4479 2844 4548 ἰδιωμάτων
2886 4474 3271 4546 παραδέξαιτό.
3321 4473 3512 4544 Χωρὶς
3548 4472 3603 4524 δὲ
3635 4467 3729 4523 τῶν
3754 4465 3813 4516 εξ-

602 4553 671 4608 de
699 4555 1118 4623 proprietatibus
1142 4560 1393 4629 accipiat.
1412 4563 1612 4618 Prtetcr
1638 4581 1699 4619 ea
1722 4582 1841 4637 qua:
1859 4568 2002 4623 dicta
2024 4581 2170 4636 sunt,

2281 4575 2554 4646 ρημένων,
2581 4573 2679 4633 τὰς
2714 4571 2814 4641 μὲν
2841 4570 3167 4629 ὑποστάσεις
3194 4568 3226 4636 ἡ
3259 4567 3390 4634 ἁγία
3425 4564 3614 4666 πρώτη
3633 4558 3810 4666 admits;

603 4646 777 4714 prima
813 4649 1055 4717 synodus
1099 4667 1357 4720 personas
1415 4656 1631 4725 quidem
1685 4661 2175 4717 consubstantiales

2278 4664 2595 4737 ὁμοουσίους
2644 4659 2970 4729 ἀνεκήρυξε,
3013 4659 3082 4711 τά
3106 4658 3161 4710 δὲ
3194 4656 3463 4727 ἰδιώματα
3517 4656 3629 4717 πῶς
3664 4654 3720 4707 ἄν
3744 4665 3810 4710 τις

605 4741 934 4808 declaravit;
965 4744 1087 4814 quis
1139 4757 1345 4810 autem,
1384 4749 1491 4804 nisi
1524 4750 1779 4815 insanus,
1823 4756 2175 4825 proprietates

2281 4764 2357 4833 μὴ
2397 4754 2741 4830 μελαγχολῶν
2782 4753 3052 4821 ἀποφήνοι
3088 4749 3387 4821 ὁμοοὺσιας
3437 4751 3500 4802 Εἰ
3526 4745 3809 4846 δέμτιςόμοῖ

603 4832 798 4887 dixerit
831 4837 1366 4894 consubstantiales?
1395 4841 1546 4908 Quod
1578 4844 1620 4896 si
1646 4845 1767 4913 quis
1821 4849 2173 4915 prOprietatcs

2275 4832 2430 4908 οὑσια
2465 4845 2901 4919 ἀποθρασυνθείη
2946 4843 3126 4911 λέγειν
3154 4842 3223 4895 τὰ
3268 4842 3557 4911 ἰδιώματα,
3583 4840 3659 4891 ὅτι
3685 4838 3732 4887 ὲν
3754 4832 3808 4898 τῇ

602 4924 797 4994 279θ
839 4944 1004 4984 ausus
1051 4941 1134 4985 est
1168 4931 1346 4988 dicere
1377 4934 1886 5002 consubstantiales,
1931 4955 1999 4993 eo
2028 4944 2170 5009 quod

2275 4947 2409 5014 αὑτῇ
2437 4941 2693 5002 πολλάκις
2729 4937 2886 5006 οὐσίᾳ
2928 4934 3288 5004 συντρέχοντα
3326 4935 3374 4965 ⁹⁰
3404 4936 3613 5004 ὁρᾶται,
3652 4922 3806 4992 λέληθε

604 5033 746 5086 saepe
775 5018 829 5072 in
856 5024 1041 5077 eadem
1074 5024 1312 5080 essentia
1356 5027 1646 5081 videantur
1680 5044 2043 5097 concurrere,
2080 5033 2169 5089 ille

608 5109 720 5139 inca
751 5109 829 5139 an:
864 5112 1060 5139 ηιιιζι..-
1138 5115 1293 5139 -l:.._...
1355 5118 1915 5139 ,ο.-----ιιη.-...ιηιξ.μη
1998 5124 2009 5134 ο
2091 5125 2137 5139 οη

2282 5037 2379 5107 μὲν
2412 5031 2574 5095 αὑτὸς
2604 5028 2795 5085 ἑαυτὸν
2824 5027 3011 5094 ἕτερον
3044 5023 3401 5139 άναπλάιττων
3442 5018 3807 5139 ὁμοουσίολιῖσὲ-

605 5109 720 5175 ipse
751 5109 829 5161 sui
863 5112 1093 5179 oblitus,
1137 5115 1297 5169 aliam
1351 5118 1925 5176 consubstantialitatis
1968 5124 2171 5193 signiti-

2282 5131 2626 5202 μαινόμενον,
2663 5125 2850 5180 ἄλλοτε
2894 5122 2950 5176 δὲ
2988 5122 3084 5174 καὶ
3122 5120 3189 5174 τά
3253 5117 3540 5186 ἑτερογενῆ
3582 5109 3719 5170 οὗτος
3747 5109 3801 5166 ⁸³,

606 5198 876 5255 sationem
904 5202 1076 5259 ﬁnxit.
1112 5205 1422 5263 Praesertim
1456 5218 1636 5264 autem
1667 5210 2052 5284 hcterogenca,
2077 5233 2173 5273 seu

2283 5198 2559 5291 ποσότητά
2587 5234 2730 5289 φημι
2765 5214 2862 5267 xa‘.
2895 5212 3154 5281 ποιότητα
3182 5210 3275 5263 καὶ
3303 5210 3405 5262 ὅσα
3427 5207 3562 5262 ἄλλα
3585 5202 3802 5257 ἀδύνατον

1920 5349 2596 5413 νΑιιιΑῑιωῑςτιυΝεε.
2926 5444 2929 5445 ν
3050 5444 3053 5445 ί
3182 5443 3190 5445 ξ
3438 5443 3444 5445 Α
3658 5434 3666 5445 .

667 5425 832 5518 ⁸⁸,
858 5428 1178 5518 τὰοτοιμῦτα
1204 5449 1267 5518 Ξ.
1343 5435 1388 5467 θ’
1406 5442 1889 5509 κενολογοὺνταςςδ.
1965 5445 2010 5476 ⁸⁵
2039 5447 2232 5518 ἐκείνῳ
2262 5450 2301 5502 Β
2326 5470 2340 5507 ;
2368 5454 2542 5505 ἐκεῖνο
2572 5468 2631 5514 ς’.
2706 5450 2752 5481 ⁸9
2782 5446 2879 5514 τῆς
2909 5444 2948 5495 Δ
2991 5459 3004 5493 :
3044 5444 3106 5493 ὲκ
3140 5443 3239 5513 τῆς
3272 5460 3331 5507 ς.
3406 5443 3451 5475 9°
3490 5441 3801 5504 συντρέχοντα

604 5497 765 5567 οὑσίςι
794 5499 851 5554 Β.
925 5500 968 5531 ⁹¹
1002 5500 1175 5564 οὑτως
1202 5503 1262 5556 Β.

2148 5601 2351 5659 NOTAE
2362 5646 2376 5659 .
3739 5687 3747 5696 .

821 5688 978 5769 _Vide_
1001 5690 1065 5744 D.
1092 5691 1351 5769 Thomam
1408 5700 1547 5769 part.
1578 5708 1615 5754 ι,
1646 5674 1835 5769 (ιιιέιξειι
1860 5693 1949 5755 ιι),
1980 5704 2082 5747 art.
2118 5695 2157 5750 1.

2312 5766 2320 5769 _
2355 5697 2467 5765 (74)
2505 5698 2724 5768 ’ἰδιότης
2756 5700 2851 5753 καὶ
2885 5701 3081 5769 ἰδίωμα
3102 5700 3403 5769 proprietas
3446 5706 3498 5751 et
3530 5687 3795 5769 appropriao

680 5760 792 5823 (73)
820 5760 1074 5829 Sequitur
1100 5760 1242 5841 enini
1262 5761 1640 5841 proprietatem
1662 5779 1781 5841 esse
1818 5765 2168 5830 incantatam,
2287 5760 2372 5826 tio.
2396 5760 2490 5825 seu
2523 5760 2945 5827 communicatio
2974 5760 3365 5841 p'rop'rict'attun
3395 5771 3503 5825 sive
3540 5762 3792 5834 proprium-

610 5832 653 5884 si
681 5832 821 5887 idem
844 5842 926 5889 est
958 5831 1263 5904 bypostasis
1284 5829 1441 5886 Verbi
1477 5841 1531 5887 et
1558 5836 1882 5904 proprietas.
