4066 6396
249 431 374 497 1065
1276 427 1795 489 BIBLIOTHECA.
1831 449 1899 462 ’-
1930 425 2094 486 COD.
2133 423 2404 496 CCXXX.
3302 414 3441 487 ιοοο

235 545 305 606 εἰς
332 540 453 611 μίαν
476 537 631 609 φύσιν
666 536 959 600 συνελθεῖν,
1009 536 1184 592 ταῦτα
1221 538 1402 592 πάντα
1434 538 1483 569 ⁸⁸
1520 538 1549 590 ὁ
1586 533 1773 598 καινὸς

1899 546 1993 601 [uae
2021 530 2221 586 diversi
2263 528 2477 601 generis
2528 536 2657 584 sunt
2687 526 2787 600 (sic
2829 524 3188 596 quantitatem
3218 534 3271 581 et
3300 540 3438 594 qua—

234 631 502 702 νομοθέτης
554 622 705 693 οὗτος
762 630 809 661 ⁸⁸
855 627 1295 700 παρακελεύεται
1349 629 1490 683 νοεῖν
1553 644 1613 680 τε
1674 625 1770 681 καὶ

1907 634 2068 681 tatem
2117 634 2172 679 et
2216 635 2556 693 quaecunque
2587 618 2693 679 alia
2731 617 2893 675 simul
2920 618 2974 675 in
2994 631 3156 675 unam
3190 625 3442 683 naturam

231 723 389 791 λέγειν
408 721 613 792 ὁμοφυῆ
650 736 713 774 τε
744 720 855 775 ’καὶ
878 720 1142 790 δμοούσια
1172 736 1187 750 °
1220 720 1278 773 ὲν
1298 719 1405 791 γὰρ
1440 720 1506 791 τῇ
1527 717 1772 788 ἡμετέρᾳ

1899 718 2015 773 ηυΙΙο
2039 716 2197 771 modo
2224 714 2514 770 convenire
2536 719 2793 781 possunt,
2814 708 3044 780 appello)
3073 755 3088 777 ,
3122 710 3236 765 haec
3270 723 3442 764 novus

231 815 369 887 οὐσίᾳ
399 813 638 884 φανερῶς
668 814 863 884 ὁρᾶται
898 814 991 866 καὶ
1025 814 1249 881 ποιότης
1282 812 1379 866 καὶ
1411 810 1646 880 ποσότης
1680 808 1775 861 καὶ

1899 810 1958 863 lle
1992 810 2181 863 doctor
2209 823 2304 863 seu
2334 805 2613 878 legislator
2632 802 2710 859 sic
2732 801 2886 868 jubet
2915 814 2979 855 ac
2998 799 3042 854 si
3072 797 3442 867 sintejusdetn

233 905 351 974 πρὸς
381 920 430 956 τι
456 902 547 955 καὶ
578 903 733 965 εἴτις
755 904 803 934 ³⁸
823 902 1041 966 τούτοις
1070 904 1150 966 είς
1178 902 1381 955 ἀκοινω
1395 904 1573 973 ιήτους
1602 896 1776 970 ἀρχὰς

1899 912 2083 956 ιοιυιιω
2110 900 2353 971 ejusdem
2385 897 2549 954 simul
2582 892 2905 953 substantiae
2950 890 3163 958 concipi
3187 900 3238 945 et
3264 888 3447 959 appel~

231 993 572 1065 συνδιῄρηται.
608 993 770 1047 Ἀλλά
798 992 955 1047 τοῦτο
1002 994 1101 1065 μὲν
1145 993 1436 1065 αὐτάρκως
1482 990 1649 1045 ἔδωκε
1683 988 1774 1043 τὸν

1899 990 2000 1044 ari.
2030 989 2089 1046 ln
2108 1000 2293 1046 nostra
2314 992 2463 1046 enim
2485 986 2784 1044 substantia
2807 994 2995 1053 aperte
3010 982 3254 1038 cernitur
3268 996 3446 1050 quan-

232 1086 424 1155 ἔλεγχον
451 1085 510 1138 τὸ
529 1084 702 1155 ἀτόπη
712 1102 809 1156 μα.

1899 1082 2034 1146 .itas,
2067 1093 2122 1137 et
2149 1082 2402 1152 qualitas,
2428 1090 2485 1136 et
2522 1079 2670 1149 quod
2700 1087 2784 1132 est
2817 1076 2884 1131 ad
2913 1073 3120 1144 aliquid
3161 1072 3391 1141 relatum
3428 1110 3445 1136 ,

231 1189 277 1234 et
301 1176 341 1231 si
368 1178 485 1244 quis
525 1192 619 1246 per
666 1177 782 1232 haec
820 1175 1093 1248 [naturam
1112 1174 1386 1248 nostram]
1420 1176 1478 1230 in
1516 1171 1779 1245 principia
1816 1171 2348 1230 incommunicabilia
2373 1171 2535 1227 simul
2563 1167 2828 1226 diviserit.
2851 1167 3028 1237 Atque
3075 1164 3181 1220 hoc
3229 1162 3450 1234 quidem

232 1268 496 1322 absurdum
522 1267 715 1338 dogma
743 1267 1016 1337 cepiosam
1056 1268 1210 1322 nobis
1238 1267 1468 1338 praebuit
1488 1263 1771 1321 materiam
1812 1262 2108 1319 refutandi.

299 1357 566 1411 ⁸Αλλ”οὐδ’
594 1358 737 1412 οῦτω
790 1361 949 1431 σιγᾷν
992 1354 1101 1413 οἶδε
1152 1360 1213 1413 τὸ
1254 1359 1457 1430 φίλερι.
1497 1357 1633 1412 Φασὶ
1677 1353 1781 1426 γάρ

1954 1353 2248 1410 Enimvero
2281 1369 2386 1409 nec
2413 1352 2487 1408 ita
2516 1350 2734 1423 quidem
2774 1348 2960 1405 didicit
2992 1356 3175 1403 tacere
3220 1357 3451 1402 conten-

229 1468 353 1514 τινες
382 1451 693 1522 συμπλοκὴν
718 1452 908 1516 οὐσίας
930 1452 1025 1508 καὶ
1065 1451 1347 1522 ἰδιώματος
1366 1446 1506 1504 εἶναι
1532 1449 1629 1520 τὴν
1645 1446 1780 1501 ὐπόο

1899 1447 2054 1501 ;iosus
2078 1447 2336 1516 litigator.
2370 1445 2575 1500 Doceat
2596 1443 2740 1498 enim
2767 1440 3014 1499 nonnulli
3036 1454 3101 1495 ex
3130 1437 3451 1494 substantiae

232 1560 399 1597 στασιν
421 1560 433 1573 ·
473 1543 501 1595 ὃ
530 1544 845 1614 περιφανῶς
871 1544 1211 1613 συνεισάγειν
1240 1540 1347 1598 οἶδε
1376 1542 1474 1614 τὴν
1510 1541 1778 1595 σύνθεσιν.

1899 1548 1937 1595 :t
1997 1538 2347 1607 proprietatis
2408 1535 2754 1606 copulatione
2827 1543 3078 1588 constare
3141 1546 3449 1602 personam.

233 1635 326 1687 Καὶ
350 1634 447 1686 ποῦ
475 1634 538 1686 ἂν
561 1633 646 1704 εἴη
683 1635 743 1687 τὸ
766 1634 970 1689 ἁπλοῦν
999 1636 1089 1689 καὶ
1119 1634 1407 1691 ἀσύνθετον
1430 1634 1530 1703 τῆς
1567 1633 1625 1686 ἐν
1653 1633 1718 1703 τῇ
1733 1631 1780 1662 ⁹¹⁵

1899 1630 2013 1696 Quae
2044 1630 2316 1685 sententia
2353 1627 2642 1684 manifeste
2693 1625 2889 1681 asserit
2923 1622 3001 1697 [in
3050 1620 3184 1694 Deo]
3232 1636 3453 1690 compo-

230 1725 403 1795 Τριάδι
433 1725 717 1796 θεότητος;
758 1727 809 1781 οἱ
842 1727 901 1781 δὲ
933 1728 1028 1782 καὶ
1062 1727 1341 1781 Βασίλειον
1372 1724 1668 1797 προῖστῶσι
1688 1723 1778 1776 τὸν

1899 1723 2171 1793 sitionem;
2201 1733 2259 1778 at
2288 1722 2376 1777 ubi
2404 1724 2511 1778 erit
2532 1721 2664 1776 illud
2718 1719 2945 1791 simplex
2969 1728 3023 1774 et
3056 1717 3124 1772 ab
3152 1716 3298 1771 omni
3320 1730 3454 1770 con-

230 1817 398 1886 Μέγαν
436 1820 533 1888 τῆς
568 1819 752 1889 φωνῆς
785 1820 1125 1885 διδάσκαλον,
1176 1821 1276 1875 οὐκ
1319 1820 1593 1883 ἐθέλοντες
1638 1819 1778 1874 νοεῖν

1899 1816 2126 1870 :retione
2161 1814 2401 1869 materiae
2442 1813 2670 1868 liberum
2695 1813 2753 1866 in
2786 1820 2988 1866 sanctae
3011 1808 3297 1865 Trinitatis
3333 1807 3452 1861 dei—

230 1908 293 1975 ὡς
316 1911 342 1962 ὁ
374 1911 530 1980 σοφὸς
559 1912 769 1975 ἐκεῖνος
801 1912 939 1985 ἀνὴρ
962 1911 1085 1965 οὐτε
1117 1913 1241 1982 ὅρον
1288 1910 1411 1965 οὐτε
1454 1909 1780 1983 ὑπογραφὴν

1899 1905 2029 1959 .ate?
2062 1904 2207 1972 Quin
2252 1914 2307 1960 et
2358 1904 2617 1961 Basilium
2665 1903 2916 1974 Magnum
2963 1899 3125 1969 hujus
3172 1899 3453 1956 sententiae

230 2000 490 2066 ἀποδιδοὺς
522 2004 904 2067 ὑποστάσεως
930 2003 993 2058 τὸ
1032 2003 1134 2072 τῆς
1175 2003 1493 2074 συμπλοκῆς
1534 2002 1779 2074 παρέλα-

1899 2004 2154 2055 tuctorem
2216 1999 2474 2054 laudant:
2509 2014 2632 2053 cum
2674 1994 2935 2070 [interim]
2964 1994 3132 2051 nolint
3170 2007 3381 2063 capere,
3420 2007 3455 2045 a

231 2092 308 2146 ϐεν
330 2094 512 2163 ὄνομα,
543 2095 681 2148 ἀλλά
724 2094 1049 2167 βουλόμενος
1078 2096 1431 2166 ἐπιστομίσαι
1489 2093 1581 2150 τὸν
1629 2094 1780 2148 Ἀνό-

1899 2092 2127 2161 sapiente
2153 2091 2241 2147 illo
2270 2092 2385 2147 viro
2432 2105 2609 2160 neque
2651 2088 2928 2144 definitam
2971 2102 3091 2143 esse
3122 2101 3226 2142 nec
3254 2084 3454 2141 descri—

233 2204 365 2257 μοιον
385 2188 428 2219 ⁸⁸
453 2187 551 2259 τὴν
592 2188 922 2258 ἀγεννησὶαν
980 2189 1075 2241 καὶ
1098 2190 1196 2260 τὴν
1218 2188 1406 2246 οὐσίαν
1453 2190 1533 2252 είς
1584 2187 1781 2243 ταύτὸν

1899 2194 2030 2255 itam
2059 2184 2399 2256 hypostasin,
2443 2183 2659 2254 quando
2681 2181 3045 2251 copulationis
3076 2194 3269 2234 nomen
3293 2194 3456 2233 usur-

230 2278 435 2344 ἀγαγεῖν
460 2277 501 2307 ’⁷
536 2274 1012 2348 φιλονεικήσαντα,
1045 2279 1136 2331 καὶ
1183 2276 1280 2348 τὴν
1324 2276 1462 2347 πρὸς
1500 2277 1559 2332 τὸ
1586 2292 1781 2346 γεννη-

1899 2279 2054 2349 pavit,
2077 2278 2171 2333 sed
2202 2293 2327 2333 cum
2355 2275 2520 2331 vellet
2570 2274 2870 2344 reprimere
2900 2270 3188 2327 Anomium
3223 2269 3334 2340 (qui
3368 2272 3453 2321 in-

232 2368 311 2421 τὸν
335 2369 377 2401 ⁸⁸
425 2368 516 2422 τοῦ
566 2369 871 2440 ἀγεννήτου
909 2368 1171 2440 διαφοράν
1206 2370 1290 2433 είς
1333 2366 1426 2423 τὸν
1461 2369 1560 2439 τῆς
1596 2369 1782 2433 οὐσίας

1899 2372 2123 2445 genitum
2149 2380 2203 2425 et
2248 2369 2542 2425 essentiam
2583 2366 2938 2432 confundere,
2990 2374 3044 2419 et
3092 2363 3456 2418 differentiam

230 2462 368 2531 λόγον
410 2465 761 2534 μεταγαγεῖν,
790 2462 877 2515 ἵνα
910 2462 984 2533 μὴ
1020 2462 1178 2533 μόνον
1211 2463 1256 2494 ⁸³
1293 2462 1605 2532 διαφόρους,
1641 2459 1780 2515 ἀλλὰ

1904 2474 2027 2521 nter
2068 2464 2308 2535 genitum
2339 2473 2396 2518 et
2427 2461 2729 2531 ingenitum
2760 2460 2826 2514 ad
2848 2457 3111 2512 rationem
3141 2454 3457 2511 substantia:

232 2555 313 2605 καὶ
332 2555 711 2625 ἀντικειμένας
738 2553 927 2617 οὐσίας
966 2554 1176 2623 είσάγοι
1202 2554 1219 2584 ¹
1250 2554 1341 2607 ὲπί
1365 2571 1425 2606 τε
1454 2553 1547 2608 τοῦ
1570 2552 1784 2624 Πατρδς

1899 2557 2181 2615 .ransferre
2238 2555 2620 2618 contendebat,
2658 2562 2719 2606 ut
2751 2566 2856 2606 non
2902 2550 3077 2606 solum
3123 2547 3456 2613 differentes,

233 2646 314 2697 καὶ
342 2646 431 2699 τοῦ
466 2647 621 2701 Υἰοῦ.
657 2649 756 2700 Διά
772 2646 930 2699 τοῦτο
955 2648 983 2700 ὀ
1012 2647 1140 2709 τοὺς
1167 2646 1358 2715 λόγους
1385 2646 1686 2717 οἰκονομῶν
1725 2646 1784 2698 ὲν

1899 2655 1977 2711 sed
2011 2653 2175 2708 etiam
2227 2649 2530 2708 contrarias
2578 2656 2743 2718 ponat
2793 2646 2852 2701 in
2890 2645 3051 2700 Patre
3078 2653 3134 2699 et
3166 2641 3304 2697 Filio
3329 2642 3459 2696 sub-

232 2737 392 2805 κρίσει
437 2737 740 2801 Βατίλειος,
776 2739 837 2790 ἐν
869 2737 947 2809 τῷ
971 2736 1108 2806 πρὸς
1162 2738 1252 2790 τὸν
1282 2736 1558 2807 Ἀνὸμοιον
1586 2736 1781 2805 ἀγῶνι,

1899 2742 2133 2814 stantias)
2169 2753 2491 2814 :propterea
2536 2742 2831 2809 disponens
2878 2751 3176 2792 ssermones
3221 2748 3350 2789 suos
3400 2734 3459 2788 in

230 2828 296 2898 τῷ
338 2828 496 2899 κοινῷ
537 2829 844 2899 συμπλέκει
886 2829 946 2883 τὸ
993 2830 1143 2895 ἴδιον,
1186 2828 1490 2899 άσύγχυτον
1523 2830 1654 2900 ἡμῖν
1690 2829 1786 2882 καὶ

1906 2839 2084 2892 udicio
2128 2837 2361 2891 Basilius
2388 2874 2405 2900 ,
2461 2834 2517 2891 in
2573 2829 2959 2902 disputationis
3008 2826 3301 2882 certamine
3332 2840 3459 2881 cum

229 2920 639 2993 διακεκριμένην
668 2921 978 2992 μεθοδεύων
1006 2923 1104 2994 τὴν
1133 2922 1235 2993 τῆς
1261 2922 1516 2994 ἀληθείας
1545 2922 1783 2992 κατάλη-

1899 2929 2134 2995 Ᾱηοιηίο,
2166 2928 2440 2998 pmprium
2467 2924 2741 2995 componit
2780 2937 2904 2978 cum
2935 2918 3232 2982 communi,
3264 2917 3458 2971 incon-

228 3008 327 3079 ψιν.
369 3013 589 3082 Ἀπορεῖ
632 3013 730 3083 μὲν
767 3013 876 3083 γὰρ
906 3014 933 3065 ὁ
956 3012 1296 3083 ἀνθρώπινος
1345 3013 1468 3077 νοῦς
1502 3014 1648 3085 ἁπλῇ
1690 3015 1784 3069 καὶ

1899 3020 2005 3075 fusa
2036 3019 2192 3074 nobis
2227 3030 2284 3074 et
2309 3018 2567 3073 distincta
2591 3017 2680 3072 via
2715 3017 2781 3070 ad
2822 3012 3136 3083 capiendam
3172 3009 3460 3065 veritatem

233 3104 321 3172 μιᾷ
348 3103 622 3175 προσϐολῇ
663 3103 724 3156 τὸ
786 3105 983 3157 ἐνιαῖον
1040 3104 1155 3175 ἅμα
1204 3105 1298 3158 καὶ
1338 3105 1542 3159 ἁπλοῦν
1601 3106 1785 3159 καὶτὸ

1899 3112 2282 3169 demonstrata.
2311 3110 2427 3167 Non
2458 3119 2641 3178 potest
2679 3107 2823 3163 enim
2860 3106 3095 3160 humana
3144 3117 3297 3157 mens
3326 3102 3463 3156 sitn-

230 3196 429 3264 τρισσὸν
476 3194 809 3250 καταλαϐεῖν
866 3196 973 3249 τῶν
1024 3196 1405 3250 ὐποστάσεωνο
1446 3197 1527 3251 διὸ
1568 3201 1634 3270 τῇ
1669 3198 1791 3262 ττῶν

1899 3203 2017 3275 plici
2042 3212 2094 3257 et
2125 3202 2284 3256 unico
2309 3210 2603 3271 conceptus
2635 3200 2861 3267 impetu,
2886 3196 3048 3252 simul
3080 3193 3212 3249 illud
3241 3193 3462 3248 unicum

232 3286 542 3357 ἰδιωμάτων,
606 3288 682 3351 ὡς
729 3289 757 3341 ὸ
805 3289 1124 3353 διδάσκαλος
1183 3289 1308 3360 ἔφη,
1354 3290 1639 3366 προσθήκῃ
1693 3291 1792 3362 τὴν

1899 3307 1955 3347 ac
1992 3291 2219 3361 simplex
2257 3288 2335 3363 [in
2363 3287 2664 3361 divinitate]
2711 3299 2766 3343 et
2796 3287 3061 3357 triplicem
3108 3296 3465 3354 personarum

234 3378 521 3445 ἰδιάζουσαν
571 3381 826 3452 ἀφορίζει
872 3382 979 3434 τῶν
1020 3383 1373 3436 ὐποστάσεων
1412 3384 1641 3439 ἔννοιαν.
1680 3386 1794 3439 Καὶ

231 3470 333 3525 ἐστι
382 3474 479 3544 μὲν
525 3477 559 3545 ἡ
622 3475 843 3546 μέθοδος
890 3474 1175 3540 ἀσθενείας
1215 3478 1505 3549 ἐπίκουρος
1554 3479 1649 3531 καὶ
1692 3478 1793 3553 τῆς

232 3564 346 3631 περὶ
393 3566 453 3617 τὸ
499 3564 887 3636 ἀκατάληπτον
956 3567 1215 3636 συνεργὸς
1274 3568 1674 3637 καταλήψεως.
1730 3570 1791 3623 οὐ

234 3654 330 3725 μήν
359 3672 420 3724 γε
466 3657 964 3728 συμπεπλεγμένον
1000 3658 1060 3710 τὸ
1096 3658 1299 3712 ἁπλοῦν
1329 3663 1428 3731 τῆς
1462 3658 1716 3731 θεότητος
1755 3660 1791 3732 ἦ

232 3745 356 3811 ὅλως
382 3748 502 3802 τινά
519 3749 633 3803 τῶν
660 3750 863 3819 ταύτης
889 3750 1235 3805 ὑποστάσεων
1264 3751 1525 3825 οὐμενοῦν
1543 3752 1796 3822 οὐδαμῶς

231 3838 595 3908 ἀπεργάσαιτο
606 3843 647 3897 ⁸.
664 3841 755 3895 Διὸ
774 3842 1155 3917 καὶὲπήγαγεν
1172 3842 1247 3905 ὡς
1260 3843 1539 3912 ἀμήχανον
1564 3843 1794 3909 ἰδιάζου-

240 3944 329 3982 σαν
352 3930 558 3985 ἐννοιαν
594 3933 809 4003 Πατρδς
837 3932 1022 3986 λαϐεῖν
1075 3931 1203 4004 [458
1242 3931 1336 4005 Η.]
1367 3932 1400 4004 ἢ
1428 3932 1580 3998 Υἱοῦ,
1613 3936 1688 4004 μὴ
1726 3937 1793 4005 τῇ

233 4020 332 4074 τῶν
362 4024 673 4095 ἰδιωμάτων
713 4024 1000 4097 προσθήκῃ
1038 4026 1135 4094 τῆς
1176 4024 1411 4089 διανοίας
1444 4026 1801 4097 διαρθρουμέ-

234 4130 342 4186 νης.
390 4119 501 4172 Καὶ
535 4119 676 4190 ὅπερ
707 4119 764 4171 ὲν
801 4121 913 4182 τοῖς
952 4116 1284 4189 προλαϐοῦσι
1327 4117 1644 4189 συμπλοκὴν
1668 4119 1797 4171 ἐκά-

235 4205 367 4272 λεσε,
404 4210 567 4263 τοῦτο
605 4209 700 4263 νῦν
727 4210 1046 4282 προσθήκην
1071 4209 1344 4281 ὠνόμασε,
1376 4210 1707 4281 σαφέστερον
1732 4209 1797 4282 δὴ

233 4297 285 4347 τὺ
314 4301 604 4370 εἰρημένον
627 4298 797 4352 ποιῶν
820 4313 835 4327 ⁶
862 4301 944 4353 Οὐ
976 4298 1084 4368 γὰρ
1112 4297 1165 4353 oi
1192 4298 1497 4363 δεικτικοὶ,
1516 4299 1670 4369 φησὶ,
1689 4296 1799 4369 τῆς

1892 3401 2181 3445 numerum
2234 3399 2461 3453 capere;
2509 3391 2817 3453 pr0pterea,
2861 3390 2922 3436 ut
2973 3380 3233 3449 magister
3282 3376 3466 3439 docet,

1892 3494 1990 3549 per
2045 3478 2435 3548 pr0prietatum
2499 3474 2855 3546 adiectionem
2903 3472 3220 3527 distinetum
3272 3469 3324 3524 in
3382 3467 3469 3521 liis

1895 3574 2094 3629 format
2123 3585 2476 3641 personarum
2514 3576 2856 3636 conceptum.
2888 3563 3172 3619 Methodus
3197 3575 3327 3615 sane
3351 3572 3474 3612 suc-

1896 3663 2067 3721 currit
2094 3660 2473 3725 imbecillitati,
2506 3658 2774 3729 eﬂicitque
2807 3667 2865 3713 ut
2898 3655 3043 3727 quod
3072 3651 3292 3723 intelligi
3320 3651 3472 3720 prius

1897 3771 2003 3811 non
2075 3764 2306 3821 poterat,
2399 3751 2557 3807 facile
2641 3750 2997 3821 intelligatur.
3074 3745 3233 3801 Nullo
3315 3742 3474 3797 modo

1895 3862 2025 3915 ergo
2075 3845 2257 3918 [divus
2314 3841 2566 3916 Basilius]
2625 3843 2852 3898 Deitatis
2900 3838 3329 3909 simplicitatem,
3378 3840 3476 3892 aut

1894 3953 2179 4008 personam
2210 3950 2593 4008 quamcunque
2630 3933 2937 3988 Divinitatis
2977 3930 3339 4001 compositam
3381 3940 3476 3980 vo-

1896 4018 2016 4087 luit.
2077 4029 2213 4085 Hinc
2260 4028 2481 4100 adjecit,
2536 4025 2873 4095 impossibile
2919 4038 3040 4079 esse
3100 4019 3374 4091 propriqu
3420 4027 3477 4073 ct

1897 4121 2229 4189 singularem
2262 4116 2331 4171 de
2371 4115 2533 4171 Patre
2556 4122 2652 4168 aut
2676 4111 2813 4167 Filio
2867 4109 2987 4165 sine
3049 4107 3473 4178 proprietatum.

1896 4213 2095 4285 quibus
2119 4206 2450 4280 intelligendi
2481 4204 2710 4260 facultas
2742 4201 3131 4273 distinguatur,
3162 4195 3475 4265 adjectione

1896 4305 2133 4362 formare
2157 4310 2498 4372 conceptum.
2534 4297 2600 4352 Et
2634 4295 2775 4367 quod
2811 4304 2969 4349 antea
2992 4298 3218 4346 vocarat
3245 4303 3363 4343 com
3379 4301 3477 4354 po-

234 4387 517 4461 ἰδιότητος
539 4391 726 4448 αὐτοῦ
744 4396 949 4462 τρόποι
976 4395 1085 4447 τὸν
1104 4392 1214 4460 τῆς
1239 4395 1577 4461 ἁπλότητος
1608 4391 1796 4447 αὐτοῦ

1899 4398 2170 4463 sitionem,
2203 4394 2255 4449 id
2282 4407 2422 4447 nunc
2449 4389 2737 4461 appellavit
2759 4385 3137 4455 adiectionem,
3169 4392 3228 4435 ut
3257 4379 3310 4434 id
3332 4378 3476 4449 quod

231 4485 409 4552 λόγον
425 4485 1004 4557 παραλυπήσουσιν·
1028 4486 1066 4555 ἢ
1092 4486 1244 4539 οὕτω
1266 4502 1333 4555 γε
1349 4483 1426 4539 ἂν
1446 4484 1662 4547 πάντα,
1680 4484 1798 4547 ὅσα

1904 4489 2155 4552 dixerat,
2196 4485 2369 4555 magis
2407 4484 2735 4539 declararet.
2780 4478 2928 4533 Modi
2975 4493 3095 4548 ergo
3148 4473 3344 4544 280a
3383 4487 3475 4523 seu

231 4576 354 4644 περὶ
390 4581 539 4635 Θεοῦ
560 4577 818 4651 λέγεται,
842 4578 1138 4635 σύνθετον
1174 4577 1319 4647 ἡμῖν
1356 4576 1463 4631 τὸν
1488 4577 1641 4631 Θεὸν
1656 4576 1798 4633 ἀνα-

1904 4579 2064 4647 tropi,
2089 4576 2159 4631 ad
2188 4576 2525 4631 indicandam
2557 4576 2929 4643 proprietatem
2968 4572 3033 4623 ab
3077 4568 3169 4622 illa
3195 4564 3483 4638 (Basilius)

228 4664 389 4738 δείξῃ
412 4671 454 4724 ³.

1913 4670 1971 4722 in
1995 4668 2227 4721 docendo
2258 4664 2496 4727 adhibiti,
2525 4663 2876 4731 simplicitatis
2910 4662 3168 4714 rationem
3204 4673 3307 4710 non
3333 4669 3478 4708 ever-tv

233 4767 576 4839 tant.Alioqui
604 4770 779 4822 omnia
800 4783 920 4837 qua:
984 4766 1048 4820 de
1080 4765 1184 4819 Deo
1211 4765 1479 4829 dicuntur,
1521 4765 1690 4819 Deum
1728 4766 1876 4821 nobis
1908 4762 2253 4830 compositum
2283 4763 2591 4827 probabunt.

302 4858 486 4914 Ταῦτα
533 4856 759 4913 διελθὼν
792 4860 822 4911 ὁ
853 4857 1015 4923 καλὸς
1053 4857 1309 4926 Εὐλόγιος
1347 4854 1515 4927 ἄλλην
1570 4856 1804 4927 ἀπορίαν

232 4951 550 5021 κινουμένην
590 4944 990 5021 ϊστησινῘΑρα
1024 4948 1153 5020 γὰρ,
1186 4949 1371 5018 φησὶν,
1397 4947 1561 5020 ἡνίκα
1579 4947 1641 5001 τὸ
1672 4947 1807 5001 ἴδιον

238 5040 629 5111 συμπλέκομεν
657 5040 678 5071 ⁸
708 5038 786 5110 τῷ
807 5037 995 5107 κοινῷ,
1015 5037 1339 5109 ψευδόμενοι
1369 5038 1526 5092 τοῦτο
1546 5036 1807 5108 ποιοῦμεν

235 5128 679 5199 ἢάληθεύοντεςς
722 5130 851 5203 [869
879 5128 971 5203 R.]
998 5129 1113 5184 ἀλλ’
1140 5131 1191 5183 εἰ
1222 5131 1318 5201 μὲν
1339 5132 1359 5162 ⁵
1388 5130 1728 5202 ψευδόμενοι,
1754 5129 1808 5183 τί

234 5223 323 5274 καὶ
355 5224 706 5294 προφέρομεν
739 5223 913 5289 λέξεις
952 5216 1028 5276 ὧν
1065 5221 1140 5293 μὴ
1175 5223 1195 5254 ⁸
1225 5222 1341 5276 εστι
1365 5223 1550 5277 λαϐεῖν
1578 5222 1802 5277 ὑποκεί-

238 5327 422 5379 μενον;
460 5315 510 5366 εἰ
535 5313 581 5365 δ’
621 5312 978 5383 ἀληθεύοντες
997 5313 1040 5377 ⁷,
1083 5311 1573 5382 συμπεπλεγμένον
1615 5312 1681 5366 ἂν
1713 5311 1800 5382 εἴη

236 5406 327 5457 καὶ
381 5405 417 5475 η
457 5405 481 5436 ⁸
518 5403 618 5475 τῆς
667 5404 916 5474 Τριάδος,
972 5402 1059 5473 ἐφ’
1085 5403 1152 5473 ἢν
1193 5403 1292 5472 τὴν
1337 5404 1518 5471 φωνὴν
1545 5402 1800 5472 φέρομεν,

1973 4850 2070 4908 His
2098 4849 2413 4922 explicatis,
2435 4850 2688 4917 egregius
2735 4847 2995 4913 Eulogius
3022 4846 3182 4903 aliam
3213 4844 3475 4916 qua’stio-

1903 4959 2029 5007 nem
2062 4942 2337 5014 pr0ponit.
2384 4941 2694 5008 Enimvero,
2749 4940 2944 5010 inquit,
2990 4938 3207 5010 quando
3253 4947 3480 4993 conten-

1902 5040 2040 5095 dunt
2070 5035 2347 5107 proprium
2372 5050 2495 5089 cum
2520 5033 2796 5088 communi
2831 5048 2951 5087 esse
2985 5030 3357 5098 coniunctum,
3384 5038 3479 5084 aut

1904 5128 2262 5190 mentiuntur,
2295 5141 2419 5180 cum
2453 5125 2556 5182 hoc
2596 5125 2824 5188 faciunt,
2874 5133 2967 5178 aut
3007 5138 3136 5178 vere
3185 5123 3477 5179 allirmant.

1906 5220 1966 5276 Si
2000 5218 2356 5281 mentiuntur,
2383 5232 2643 5287 quorsum
2678 5218 2839 5271 verba
2871 5216 3217 5287 proferimus,
3246 5231 3476 5286 quorum

1908 5310 2213 5382 subjectum
2249 5318 2622 5381 argumentum
2651 5323 2756 5363 non
2783 5308 3009 5379 capias?
3063 5308 3119 5361 Si
3160 5324 3292 5362 vere
3334 5307 3481 5360 aflir-

1915 5411 2087 5469 manl,
2115 5411 2372 5470 sequetur
2397 5398 2681 5455 Trinitatis
2738 5414 3021 5471 personam
3059 5400 3128 5454 ad
3180 5415 3341 5468 quam
3388 5413 3480 5451 vo-

1410 5554 1417 5563 .
1500 5510 1735 5567 VARIIE
1770 5510 2062 5569 LECTION
2071 5511 2170 5569 ES.

307 5631 355 5664 "
386 5632 562 5685 πάντα
588 5632 714 5685 add.
743 5631 809 5686 Α.
885 5631 931 5663 ’³
970 5629 1115 5685 οὕτω
1138 5647 1200 5694 ς.
1274 5628 1321 5662 ’⁵
1346 5627 1451 5700 τις]
1484 5642 1661 5682 nonne
1683 5644 1736 5680 τι
1758 5627 1783 5679 ?

240 5705 499 5770 ναγαγεῖν
528 5704 587 5757 Β.
661 5703 710 5733 ’⁸
738 5703 828 5754 τὸν
854 5718 910 5769 γ.
942 5720 1005 5765 ς.
1080 5703 1125 5734 ⁸⁸
1160 5700 1319 5770 μόνον
1345 5702 1423 5761 εἰς
1454 5700 1700 5770 διαφκς-ι

1857 5628 1904 5659 η
1934 5628 2000 5696 τῇ
2035 5626 2160 5681 add.
2192 5624 2261 5679 Α.
2333 5628 2381 5665 ι·
2415 5624 2608 5695 Ἀνόμο

1775 5699 1791 5767 ε
1824 5696 2017 5767 εἰσάγῃ
2058 5713 2115 5760 ς.
2195 5704 2217 5733 ⁸
2242 5696 2600 5767 ἀπηργάσατο
2625 5710 2687 5758 ς.

244 5773 284 5823 Β
312 5765 330 5822 ε’
351 5765 613 5841 ἀναδείξει
647 5786 708 5841 <:_.
785 5774 807 5803 ⁸
840 5765 1228 5841 συμπλέκομεν
1244 5799 1323 5841 7-—-_
1356 5765 1795 5841 ποιοῦμεν]νίί1ι[·ἱ
1824 5765 2274 5841 συμπλεκόμενον
2303 5795 2372 5810 ομ-
2410 5765 2679 5820 ποιοῦσιν.

2613 5640 2691 5677 ιον
2719 5621 2766 5678 Δ
2808 5638 2823 5677 :
2854 5621 3138 5690 ἀνώνυμον
3164 5637 3227 5684 ς.
3299 5621 3345 5655 "
3381 5636 3478 5673 συ-

2780 5694 2808 5759 }
2834 5694 2898 5746 άν
2925 5692 3070 5761 δείξῃ
3107 5694 3171 5752 Α,
3209 5690 3476 5761 ἀναδείξλι

2789 5754 3284 5833 ’μενΑἶκαίςκ
3359 5754 3478 5817 ’ὧν

245 5841 339 5912 μὴ]
370 5832 413 5910 ᾧ
447 5843 523 5913 μή
547 5832 589 5895 λ
622 5862 635 5897 :
663 5838 737 5896 ὧν
773 5832 995 5911 μήτίς.
1072 5842 1091 5872 ⁷
1127 5832 1481 5911 ἀληθεύοντες
1509 5832 1552 5891 Ᾱ
1593 5832 1976 5907 ε’άληθεύομεν
2000 5853 2059 5899 ς’.
2114 5832 2160 5868 ’⁸
2188 5837 2363 5904 aadd.
2397 5839 2457 5889 Α.

513 5935 781 5998 ΡΑτιιοι..
828 5938 945 5997 Gn.
988 5935 1153 5997 Clll.

3084 5924 3163 5985 34
