4066 6402
602 426 737 495 1067

1758 437 2021 500 PHOTII
2062 439 2570 501 PATRIARCHE
2607 440 2716 503 (ΣΡ.

3724 447 3859 519 1068

596 553 717 596 cem
769 540 1099 611 referimus,
1150 558 1271 602 esse
1308 545 1510 618 aliquid
1560 550 1941 618 compositum.
1990 551 2165 622 Atque

2278 552 2596 618 ὑπόστασις.
2636 553 2703 608 Ἠ
2758 554 2859 628 μὲν
2912 555 3117 626 ἀπορία
3168 555 3393 628 τοιαύτη
3421 571 3439 589 ο
3493 557 3861 626 ἀνασκευάζει

592 633 711 688 haec
759 635 977 704 quidem
1020 647 1107 694 est
1164 640 1441 709 proposita
1471 642 1723 710 quaestio.
1757 640 2070 711 Respondet
2102 642 2173 698 ad

593 727 736 785 hanc
798 744 865 785 ex
924 734 1233 790 antedictis.
1289 735 1425 791 Cum
1466 735 1634 802 enim,
1670 737 1881 805 inquit,
1935 737 2174 792 humana

591 833 749 875 mens
804 821 873 876 ob
935 820 1198 898 [natura]
1233 826 1677 893 imbecillitatem,
1715 827 1870 882 Etttis
1900 830 2171 883 rationem

591 924 699 963 non
734 913 906 981 possit
954 917 1200 984 assequi,
1238 917 1422 972 verbis
1470 916 1653 985 aliquo
1678 921 1834 973 modo
1858 920 2174 989 compositis

590 1002 692 1068 uti,
734 1012 787 1057 et
827 1004 1098 1075 proprium
1132 1021 1255 1062 cum
1310 1009 1585 1063 communi
1643 1010 1901 1078 copulare
1936 1011 2171 1081 cogitur,

587 1109 655 1147 co
704 1098 846 1164 quod
879 1095 1023 1168 [esse
1058 1097 1323 1172 divinum]
1356 1102 1679 1170 simpliciter
1705 1110 1760 1156 et
1788 1104 2087 1158 secundum
2113 1119 2174 1160 se

590 1182 774 1258 [prout
801 1203 831 1241 a
868 1197 1024 1258 parte
1054 1190 1133 1245 rei
1160 1189 1266 1261 est]
1308 1191 1580 1260 explicare
1636 1208 1743 1247 non
1795 1193 1983 1262 possit.
2020 1193 2173 1260 Quod

588 1277 637 1331 si
670 1277 786 1331 lieri
846 1288 1047 1349 posset.
1110 1282 1185 1335 uti
1235 1281 1463 1350 simplex
1526 1283 1692 1347 illud,
1732 1283 1965 1354 simplici
2015 1299 2171 1351 voce,

587 1383 696 1423 non
740 1371 918 1425 minus
940 1387 1107 1441 quam
1137 1373 1533 1444 compositione
1568 1376 1879 1439 verborum,
1905 1376 2174 1433 sulliciett—

584 1467 672 1514 ter
700 1461 1123 1532 exprimeretur,
1158 1465 1558 1539 mens[nostra]
1576 1482 1912 1538 nequaquam
1935 1467 2174 1540 [compo-

585 1551 731 1623 sitis]
788 1553 1128 1611 abuteretur.
1182 1556 1288 1611 Sed
1342 1572 1534 1612 vocttm
1583 1559 1921 1629 itnperlectio
1964 1560 2173 1614 incom-

586 1645 956 1713 pt'eltensibile
1004 1664 1112 1704 non
1158 1650 1572 1719 comprehendit
1624 1650 1753 1723 [aut
1802 1651 2166 1724 assequitur].

586 1735 873 1793 linitttvero
908 1738 1169 1812 magister
1196 1741 1313 1811 ipse
1347 1744 1439 1811 qui
1477 1742 1781 1812 conjunctis
1827 1744 2009 1799 verbis
2041 1758 2172 1799 usus

586 1838 725 1893 erat,
767 1840 958 1898 postea
1012 1831 1334 1903 frequenter
1365 1833 1491 1902 alibi
1525 1836 1693 1889 Deum
1733 1836 1878 1889 omni
1922 1850 1989 1891 ex
2021 1845 2172 1905 parte

2272 642 2331 697 δὲ
2380 644 2556 717 αὐτὴν
2604 645 2672 698 δι’
2708 638 2796 716 ,ὧν
2846 642 2968 701 εἷπε
3024 648 3311 720 πρότερον.
3346 648 3689 715 Ἐξασθενῶν
3729 652 3859 724 γάρ,

2275 736 2428 806 φησὶ,
2455 738 2583 807 περὶ
2607 737 2707 810 τὴν
2741 736 3029 804 τοῦὐντος
3065 741 3235 805 ὅντως
3274 743 3296 774 ’
3328 741 3562 815 θεωρίαν
3610 746 3641 798 6
3675 744 3799 808 νοῦς
3833 748 3862 800 6

2273 828 2622 901 ἀνθρώπινος
2651 830 2905 902 βιάζεταί
2946 846 3066 897 πως
3092 850 3152 887 συ
3162 833 3607 906 μπεπλεγμέναις
3625 836 3861 907 χρῆσθαι

2276 924 2484 990 φωναῖς
2525 923 2623 978 καὶ
2652 924 2732 995 τῷ
2761 924 2926 997 κοινῷ
2957 926 3247 981 συνάπτειν
3287 927 3348 981 τὸ
3377 929 3532 997 ῐδιον,
3559 931 3623 985 τὸ
3656 929 3861 986 ἁπλοῦν

2274 1012 2391 1085 ἅμα
2435 1015 2528 1069 καὶ
2559 1017 2979 1088 διακεκριμένον
3010 1018 3119 1072 τῶν
3145 1020 3519 1085 ὐποστάσεων,
3555 1022 3747 1085 ἁπλῶς
3768 1024 3862 1077 καὶ

2275 1104 2399 1158 καθ’
2434 1107 2571 1160 αὐτὸ
2623 1108 2668 1139 ¹⁰
2714 1107 3062 1179 ὑποδηλῶσαι
3119 1110 3195 1181 μὴ
3239 1110 3569 1183 δυνάμενος·
3603 1112 3681 1176 ὡς
3723 1114 3779 1165 εῖ
3799 1129 3861 1180 γε

2272 1190 2385 1251 οἷόν
2428 1216 2489 1253 τε
2542 1195 2612 1271 ἦν
2659 1200 2805 1271 ἁπλῇ
2859 1201 2921 1255 τὸ
2974 1202 3181 1256 ἁπλοῦν
3219 1205 3553 1273 ἀπαγγεῖλαι
3582 1208 3764 1276 φωνῇ,
3794 1209 3859 1277 τῇ

2274 1290 2563 1362 συμπλοκῇ
2611 1292 2720 1345 τῶν
2750 1292 2949 1360 λέξεων
3012 1296 3113 1348 οὐκ
3160 1294 3226 1350 ἂν
3264 1295 3292 1350 6
3326 1298 3448 1362 νοῦς
3482 1299 3859 1372 ἀπεκέχρητο.

2286 1383 2429 1436 Ἀλλ’
2469 1384 2530 1437 οὐ
2563 1385 2904 1457 συμφέρεται
2934 1390 3001 1457 τῇ
3048 1387 3297 1461 εὐτελείᾳ
3325 1389 3437 1443 τῶν
3467 1390 3735 1463 ῥημάτων
3760 1393 3863 1462 τῆς

2274 1474 2427 1540 θείας
2463 1477 2651 1542 οὐσίας
2675 1478 2737 1532 τὸ
2764 1478 3180 1549 ἀκατάληπτον,
3211 1483 3337 1535 ἐπεὶ
3384 1484 3478 1536 καὶ
3517 1484 3684 1548 αὐτὸς
3718 1484 3749 1536 6
3787 1484 3863 1538 δι-

2271 1565 2542 1631 δάσκαλος
2576 1568 2895 1643 συμπλοκὴν
2924 1571 3096 1625 είπὼν
3127 1572 3329 1644 ἐφεξῆς
3354 1574 3416 1627 τὸ
3444 1574 3600 1628 Θεῖον
3646 1575 3861 1629 ἁπλοῦν

2272 1658 2451 1730 πάντη
2475 1660 2569 1713 καὶ
2587 1661 2879 1716 ἀσύνθετον
2893 1665 2986 1718 καὶ
3007 1664 3242 1737 ἀλλαχοῦ
3271 1666 3527 1730 πολλάκις
3550 1667 3861 1738 άνύμνησε,

2274 1750 2436 1823 μόνον
2458 1754 2579 1824 οὐχ)⁵
2603 1754 2742 1824 βοῶν
2765 1755 2841 1819 ὡς
2866 1756 3153 1822 ἀσθενείας
3191 1759 3340 1813 ἐστὶν
3367 1761 3399 1830 ή
3434 1758 3726 1832 προσθήκη
3762 1764 3863 1814 καὶ

2272 1842 2306 1913 ἠ
2340 1844 2630 1915 συμπλοκὴ
2670 1845 2985 1919 πρόϐλημα,
3038 1849 3176 1920 πρὸς
3215 1850 3523 1921 κατάληψιν
3564 1852 3719 1921 ἡμᾶς
3756 1853 3861 1923 τῆς

583 1924 887 1992 simplicem
919 1934 974 1981 et
1014 1926 1133 1981 sine
1162 1926 1268 1980 ulla
1305 1926 1699 1997 compositione
1742 1941 1865 1983 esse
1899 1927 2162 1997 praedica-

2268 1933 2521 2006 ἀληθείας
2539 1918 2981 2009 χειραγωγοῦσα,
3008 1943 3069 1995 οὐ
3088 1918 3297 2013 *μέντοι
3324 1957 3387 2013 γε
3415 1918 3481 1998 *τὸ
3509 1918 3718 1999 ἁπλοῦν
3756 1918 3861 2017 ﬁ];

582 2020 686 2084 vit,
716 2019 807 2088 qui
848 2028 1056 2073 tantum
1090 2034 1195 2073 non
1237 2018 1460 2083 clamat,
1490 2019 1928 2089 coniunctionem
1972 2022 2166 2076 verbo-

578 2126 700 2165 rum
737 2122 793 2166 et
818 2111 1266 2182 compositionem
1301 2112 1356 2166 in
1387 2111 1633 2167 defectus
1674 2111 1848 2166 locum
1894 2111 2163 2181 adhiberi,

579 2217 686 2272 qua
722 2203 788 2256 ad
812 2202 1059 2256 veritatis
1081 2202 1451 2271 cognitionem
1485 2201 1852 2267 deducantur;
1879 2217 2159 2273 nunquam

577 2306 762 2348 autem
788 2295 840 2349 id
881 2295 985 2350 sibi
1030 2308 1271 2358 sumere,
1323 2304 1383 2349 ut
1418 2295 1823 2365 simplicitatem
1860 2304 2065 2351 natura:
2107 2305 2163 2351 et

575 2389 645 2439 ah
686 2388 832 2440 omni
872 2388 1222 2441 concretione
1271 2386 1498 2442 liberam
1529 2387 1737 2456 redigat
1781 2387 1849 2442 ad
1890 2389 2164 2458 composi-

575 2477 777 2529 tionem
818 2484 911 2530 aut
936 2476 1306 2546 duplicitatem
1339 2494 1353 2530 :
1402 2475 1765 2544 inexplicabili
1807 2476 1950 2531 enim
1979 2487 2033 2531 et
2074 2478 2157 2532 in-

573 2568 967 2637 comprehensa
1004 2569 1213 2624 ratione
1250 2567 1440 2640 [Deus]
1484 2583 1607 2623 cum
1650 2582 1791 2623 unus
1832 2568 1925 2634 sit,
1980 2570 2156 2627 trinus

2266 2026 2480 2097 φύσεως
2496 2030 2593 2083 καὶ
2606 2030 2900 2087 ἀσύνθετον
2918 2033 2999 2098 είς
3016 2033 3240 2108 διπλόην
3260 2037 3354 2090 καὶ
3392 2036 3646 2091 σύνθεσιν
3712 2057 3856 2093 κατ-

2265 2120 2493 2186 αγαγεῖν
2510 2119 2679 2175 ποθεν
2710 2122 2916 2194 τόλμαν
2948 2124 3190 2197 εἴληφεν.
3245 2128 3527 2200 Ἀρρήτως
3549 2132 3658 2202 γὰρ
3683 2132 3726 2165 ¹⁶
3758 2132 3859 2185 καὶ

2263 2209 2639 2285 ἀνεπινοήτως
2668 2214 2726 2269 ἕν
2756 2232 2815 2270 τε
2845 2218 3098 2291 ὑπάρχον
3139 2221 3232 2274 καὶ
3275 2222 3445 2294 Τριάς
3472 2220 3859 2296 θεωρούμενον

2263 2302 2326 2356 τὸ
2353 2308 2832 2379 προσκυνούμενον
2854 2310 2898 2342 ¹¹
2914 2312 2975 2364 τὸ
3003 2311 3102 2382 μὲν
3125 2313 3268 2367 κατά
3298 2315 3395 2386 τὴν
3417 2316 3646 2387 ἄσχετον
3670 2335 3732 2370 τε
3758 2318 3858 2371 καὶ

2263 2392 2405 2465 ὑπὲρ
2435 2398 2583 2468 ἡμᾶς
2629 2398 2910 2470 θεολογίαν
2957 2407 3323 2469 κατανοεῖται,
3370 2407 3431 2460 τὸ
3482 2407 3541 2461 δὲ
3572 2409 3716 2463 κατά
3753 2410 3858 2480 τὴν

2264 2487 2517 2557 σχετικήν
2557 2505 2617 2541 τε
2674 2491 2768 2544 xui.
2815 2492 2948 2563 περὶ
2992 2493 3161 2564 ἡμᾶς.
3208 2497 3320 2567 Τὴν
3355 2499 3453 2569 μὲν
3486 2494 3581 2553 οὖν
3614 2502 3857 2571 ἀπορίαν

2261 2574 2434 2642 οὕτως
2452 2578 2635 2646 ἔδοξεν
2661 2583 3003 2641 ἐπιλύεσθαι.

575 2674 758 2719 tamen
795 2664 1067 2734 cognitus,
1099 2663 1293 2733 partim
1345 2665 1563 2733 quidem
1612 2664 1909 2719 secundum
1963 2665 2472 2738 incomprehensam
2535 2688 2592 2735 et
2657 2695 2779 2751 qua:
2842 2692 3083 2741 nostram
3126 2686 3436 2744 facultatem
3512 2690 3853 2759 intelligendi

570 2765 799 2823 superet
836 2755 1109 2809 rationem
1155 2755 1553 2822 consideratur,
1590 2755 1787 2825 partim
1812 2770 1918 2826 qua
1967 2772 1999 2812 a
2063 2758 2222 2817 nobis
2292 2763 2515 2840 intelligi
2566 2781 2623 2829 et
2676 2778 3063 2846 comprehendi
3115 2792 3313 2839 potest.
3370 2787 3551 2854 Atque
3582 2784 3655 2838 ita
3688 2755 3853 2840 Ἰιειιια

569 2848 935 2918 quaestionem
965 2849 1113 2904 visus
1135 2860 1221 2904 est
1252 2850 1583 2921 expediisse.

641 2942 791 3009 Quod
820 2945 865 3000 si
904 2945 989 2999 cui
1027 2944 1381 3001 nihilominus
1414 2946 1707 3001 dicendum
1729 2946 1967 3014 videtur,
2002 2964 2152 3020 qua:-

582 3037 813 3089 stionem
860 3038 1036 3093 adhuc
1065 3038 1116 3091 in
1158 3037 1248 3105 iis,
1277 3054 1395 3108 quae
1424 3054 1455 3093 a
1502 3040 1771 3110 principio
1814 3041 1961 3096 dicta
2000 3052 2152 3109 sunt,

566 3124 774 3181 haerere
793 3166 809 3192 ,
836 3128 1001 3183 addat
1027 3127 1117 3182 ille
1144 3129 1406 3197 superiori
1434 3145 1634 3198 causae,
1677 3131 1819 3199 quod
1847 3132 2010 3187 etiam
2038 3143 2153 3188 tum

565 3232 686 3270 cum
728 3217 896 3271 Deum
939 3220 1375 3291 inexplicabilem
1413 3220 1769 3288 aliirmamus,
1816 3222 1868 3277 id
1901 3239 2008 3279 non
2045 3225 2153 3281 nisi

567 3309 748 3365 verbis
782 3314 1158 3378 enuntiemus,
1187 3314 1328 3368 sicut
1352 3325 1429 3378 et,
1462 3316 1604 3384 quod
1641 3330 1803 3386 supra
1836 3316 2148 3389 intelligen-

2282 2988 2285 2993 ε
2322 2954 2388 3009 El
2418 2955 2476 3009 δέ
2507 2975 2592 3022 τις
2624 2960 2777 3015 οὐδὲν
2805 2937 2971 3034 ἧτοτον
3005 2964 3154 3035 ἐρεῖν
3180 2966 3349 3019 οἴεται
3386 2966 3448 3020 τὺ
3492 2968 3851 3040 ἠπορημένον

2251 3045 2365 3108 τοῖς
2399 3045 2497 3098 ἀπ’
2542 3046 2717 3120 ἀρχῆς
2759 3051 3160 3122 ἐπερείδεσθαι,
3191 3056 3545 3127 προσλαϐέτω
3579 3058 3657 3128 τῷ
3700 3060 3848 3133 λόγῳ

2252 3136 2335 3191 δτι
2370 3139 2462 3191 καὶ
2508 3139 2646 3214 ὅπερ
2679 3143 2959 3216 ἄφραστον
3002 3146 3233 3219 λέγομεν
3266 3150 3507 3219 ῥήμασιν
3558 3154 3847 3222 ἀπαγγέλ-

2251 3227 2439 3301 λομεν,
2478 3233 2572 3286 καὶ
2612 3235 2673 3288 τὸ
2718 3237 3587 3314 άπερινόητονξσκιαγραφοῦμεν
3634 3245 3725 3298 διά
3759 3264 3848 3300 νο-

2255 3320 2454 3391 ήσεως,
2472 3325 2567 3378 καὶ
2590 3325 2650 3378 τὸ
2676 3327 2905 3399 ἄχρονον
2934 3337 3212 3403 χρονικαῖς
3238 3335 3519 3400 ἐπιϐολαῖς
3553 3340 3653 3390 καὶ
3686 3345 3847 3410 κινήσ-

563 3405 694 3456 tiam
746 3414 831 3458 est
870 3416 1152 3471 nostram,
1195 3406 1580 3464 adumbramus
1624 3424 1721 3479 per
1766 3408 2142 3477 intellecmm;

2268 3428 2404 3465 τεσιν
2457 3415 2866 3491 ὐποδάλλομεν,
2902 3424 2998 3476 καὶ
3032 3424 3091 3477 τὸ
3128 3425 3451 3481 ἀδιάστατον
3506 3432 3602 3483 καὶ
3640 3433 3841 3502 ἀκίνη-

559 3494 703 3563 quod
754 3505 1039 3564 aeternum,
1088 3514 1184 3568 per
1217 3511 1518 3570 temporum
1576 3502 1816 3557 rationes
1863 3512 2151 3575 motusque

2268 3519 2347 3557 τον
2390 3508 2741 3578 κινουμέναις
2770 3529 2829 3565 τε
2868 3514 2962 3568 καὶ
2991 3514 3365 3586 διισταμέναις
3388 3520 3839 3593 ἀνατυπούμεθα.

557 3584 902 3653 t-xplicamus
929 3609 941 3651 ;
980 3590 1121 3656 quod
1157 3589 1471 3644 continuum
1500 3600 1553 3645 et
1586 3590 1891 3657 immobile,
1924 3608 2020 3662 per
2042 3610 2155 3651 mo-

2268 3592 2418 3648 Ὠστε
2442 3598 2512 3665 εί,
2557 3598 2593 3654 ἃ
2644 3603 2929 3675 πάσχομεν
2974 3606 3106 3675 περὶ
3147 3584 3247 3677 τὴν
3275 3609 3370 3663 τοῦ
3419 3609 3576 3664 Θείου
3604 3584 3842 3685 θεωρίαν

563 3679 701 3732 Ιιὶιθε
738 3688 793 3733 et
852 3678 1120 3735 discretas
1160 3681 1424 3751 imagines
1453 3682 1620 3736 animi
1670 3693 2144 3754 repraesentamus.

2268 3687 2601 3761 ἱναγόμενοι,
2650 3696 2827 3751 ταῦτά
2858 3715 2943 3763 τις
2975 3701 3169 3772 ένορᾷν
3198 3704 3291 3757 καλ⁵
3320 3706 3450 3776 περὶ
3480 3706 3616 3758 αὐτὸ
3649 3678 3842 3763 ἐκδιάε

562 3767 632 3823 Ut
665 3770 709 3823 si
744 3771 866 3841 quis
897 3786 963 3825 ea
988 3787 1107 3842 qua:
1131 3772 1287 3828 nobis
1340 3773 1393 3828 in
1435 3774 1616 3830 divina
1668 3784 1864 3831 natura
1898 3786 2145 3834 contem-

2268 3794 2424 3845 ratto,
2468 3783 2537 3837 τά
2584 3787 2697 3840 ἄνω
2749 3788 2903 3843 κάτω
2937 3793 3178 3863 ποιήσει,
3225 3796 3317 3848 καὶ
3349 3796 3457 3868 πρὸ
3488 3798 3711 3853 πάντων
3739 3802 3841 3855 αὐ-

563 3860 757 3928 planda
798 3862 1080 3931 occupatis
1115 3862 1389 3929 accidunt,
1420 3878 1527 3917 una
1558 3879 1681 3918 cum
1727 3879 1788 3920 re
1825 3864 1942 3935 ipsa
1984 3881 2146 3934 coge-

2268 3869 2340 3935 :6c
2365 3872 2558 3929 ἑαυτὸν
2582 3877 2891 3949 ἀμηχανίας
2919 3860 3067 3953 βυθῷ
3094 3860 3476 3958 παραπέμῷει.

557 3966 713 4010 retur
763 3957 958 4012 intueri
1010 3958 1123 4030 (75)
1161 3956 1239 4031 [et
1283 3959 1577 4033 conferre],
1620 3974 1733 4015 rem
1761 3975 1856 4016 sus
1884 3962 2059 4032 deque
2080 3961 2152 4019 sit
2188 3974 2434 4035 acturus,
2466 3974 2685 4043 etquod
2721 3985 2883 4047 caput
2914 3988 3020 4046 est,
3046 3979 3162 4050 ipse
3185 3956 3424 4053 seipsum
3491 3983 3547 4039 in
3607 3984 3841 4042 inextri-

553 4054 808 4109 tahiliutn
842 4053 1219 4109 difﬁcultatum
1257 4056 1575 4110 barathrum
1606 4056 2067 4126 prtecipitaturus.

564 4216 565 4219 η
621 4147 818 4218 28οὺ
850 4146 1086 4203 Sanctus
1123 4147 1377 4218 Eulogius
1434 4163 1600 4218 porro
1632 4162 1701 4202 ex
1734 4149 2013 4218 proposita
2039 4150 2142 4205 du-

2338 4151 2397 4205 '0
2420 4152 2477 4206 δὲ
2510 4152 2655 4225 ίερδς
2686 4154 2945 4225 Εὐλόγιος
2980 4158 3090 4213 ἀπὸ
3128 4160 3228 4231 τῆς
3259 4161 3664 4233 προσταθείσης
3697 4165 3837 4219 ἀπο-

551 4243 834 4307 hitatione,
895 4241 1055 4296 aliam
1101 4244 1458 4312 quaestionem
1514 4251 1828 4298 nascentem
1879 4245 2135 4315 esplicat.

2268 4243 2373 4308 >ίας
2419 4245 2618 4317 ἑτέραν
2679 4247 3084 4319 ἀναφυομένην
3120 4250 3398 4319 διέξεισιν.
3438 4253 3502 4307 Ei
3547 4252 3660 4326 γὰρ
3694 4256 3833 4326 μήτε

550 4334 607 4387 Si
658 4335 832 4398 enim,
874 4335 1074 4403 inquit,
1101 4348 1276 4405 neque
1331 4334 1643 4405 pr0prietas
1693 4344 1778 4389 est
1826 4334 2137 4406 hypostasis

2268 4334 2466 4406 δίωμα,
2502 4336 2690 4408 φησὶν,
2721 4337 3077 4409 ὴύπόστασις
3129 4344 3265 4415 μήτε
3306 4345 3596 4419 συμπλοκὴ
3647 4349 3836 4414 οὐσίας

552 4439 728 4495 neque
754 4427 1007 4481 essentia:
1048 4433 1104 4482 et
1130 4426 1477 4496 proprietatis
1527 4422 1857 4492 coniunctio,
1883 4427 2013 4497 quid
2039 4427 2147 4483 erit

2268 4425 2342 4479 tui.
2370 4425 2683 4498 ίδιώματος,
2717 4429 2774 4483 τί
2807 4430 2874 4484 ἂν
2900 4431 2989 4501 εἴη
3018 4431 3206 4505 ἕτερον
3235 4453 3249 4503 ;
3292 4437 3388 4490 καὶ
3429 4438 3716 4495 ὲπιλύεται
3745 4443 3833 4496 λέ-

549 4512 738 4573 aliud?
766 4517 833 4572 Et
885 4518 1116 4575 solvitur
1160 4517 1389 4587 quaestio
1433 4530 1554 4571 cum
1589 4517 1719 4571 dicit
1759 4535 1774 4572 :
1807 4516 1917 4573 Nos
1952 4518 2021 4573 ab
2039 4516 2144 4574 Ec-

2268 4533 2382 4585 Γων,
2409 4517 2484 4583 ὡς
2505 4520 2805 4575 ὑπόστασιν
2836 4522 2938 4594 μὲν
2965 4524 3154 4579 καλεῖν
3183 4526 3276 4580 τὸν
3322 4528 3419 4583 ἕνα
3467 4531 3567 4602 τῆς
3604 4534 3832 4604 Τριάδος

546 4607 709 4663 clesia
727 4607 1015 4663 didicimus
1036 4617 1097 4663 ut.
1125 4622 1289 4663 unam
1319 4620 1606 4675 personam
1630 4621 1698 4662 ex
1716 4606 1985 4663 Trinitate
2015 4606 2131 4678 (76)

2268 4610 2402 4682 ταρά
2456 4611 2555 4682 τῆς
2608 4611 2955 4684 Ἐκκλησίας
3016 4618 3441 4693 μεμαθήκαμεν.
3499 4625 3648 4679 Τίδέ
3688 4630 3831 4681 ἐστιν

545 4701 883 4771 appellemus
924 4700 1270 4771 hypostasin.
1311 4696 1451 4765 Quid
1492 4711 1625 4789 vero
1665 4708 1752 4753 est
1780 4698 2165 4769 bypostasis?j

2268 4702 2563 4773 ιπόστασις;
2593 4705 2655 4759 El
2699 4706 2799 4777 μὲν
2837 4708 2931 4763 ἐπὶ
2965 4712 3283 4783 κτισμάτων
3312 4716 3347 4787 ἡ
3375 4715 3420 4746 ¹³
3452 4716 3745 4789 ἐρώτησις,
3772 4721 3827 4772 οὐ

545 4794 602 4846 Si
646 4794 712 4849 de
752 4794 915 4849 rebus
949 4793 1151 4848 creatis
1184 4792 1256 4848 sit
1281 4790 1536 4861 quaestio,
1567 4788 1725 4845 facile
1766 4791 1871 4844 erit
1902 4805 2130 4861 respon-

2268 4797 2383 4852 ιάνυ
2425 4798 2660 4870 χαλεπόν
2693 4801 2845 4855 ἐστιν
2885 4804 3285 4876 ἀποκρίνασθαι
3333 4806 3462 4880 [459
3499 4809 3595 4883 Η.]
3624 4788 3729 4866 διὰ
3772 4814 3829 4866 τὸ

543 4886 695 4947 dere,
738 4899 805 4938 eo
851 4884 995 4954 quod
1028 4884 1082 4938 in
1113 4883 1199 4939 his
1234 4897 1445 4949 errare,
1477 4891 1531 4936 et
1569 4895 1793 4951 scepum
1824 4896 1931 4936 non
1967 4883 2133 4937 attin-

2268 4890 2338 4945 ιαὶ
2389 4892 2487 4962 τὴν
2530 4894 2661 4965 περὶ
2695 4893 2869 4948 ταῦτα
2921 4898 3197 4970 ἁμαρτίαν
3240 4916 3303 4953 τε
3377 4902 3475 4956 καὶ
3527 4904 3826 4975 ἀποτυχίαν

543 4990 673 5044 gere
705 4990 813 5030 non
842 4976 916 5031 sit
946 4975 1086 5031 adeo
1114 4976 1296 5045 gravis
1319 4990 1481 5030 noxa.
1514 4974 1570 5030 Si
1601 4987 1779 5031 autem
1803 4973 1873 5029 de
1898 4974 2130 5045 simplici

2268 4981 2320 5051 ιὴ
2353 4981 2473 5035 λίαν
2531 4978 2670 5037 εἶναι
2731 4986 3059 5041 ὑπεύθυνονο
3108 4991 3157 5043 εί
3202 4991 3259 5044 δὲ
3313 4993 3444 5063 περὶ
3501 4995 3603 5066 τῆς
3654 4973 3827 5067 ἁπλῆς

541 5077 598 5122 et
651 5067 809 5121 beata
866 5078 1084 5134 natura,
1139 5068 1277 5123 nihil
1331 5077 1489 5123 extra
1552 5067 1861 5121 divinorum
1906 5065 2128 5123 Patrum

2268 5076 2334 5128 ιαὶ
2376 5077 2651 5147 μακαρίας
2699 5080 2937 5148 φύσεως,
2980 5082 3132 5135 οὐδὲν
3165 5085 3296 5155 παρ’
3340 5085 3370 5138 ὃ
3412 5065 3731 5158 παρέδοσαν
3777 5065 3821 5142 οἱ

551 5159 877 5215 traditiones
908 5172 963 5215 et
996 5161 1242 5225 decreta,
1283 5169 1398 5216 tuto
1440 5160 1755 5228 responderi
1796 5169 1996 5229 potest.
2026 5161 2132 5216 Fas

2269 5168 2485 5241 εοφόροι
2546 5171 2790 5245 Πατὲρες
2865 5174 3108 5243 ἀσφαλές
3171 5178 3322 5232 ἐστιν
3396 5180 3818 5251 ἀποκρίνασθαι.

546 5263 727 5306 tamen
773 5263 859 5307 est
908 5268 1028 5307 cum
1070 5252 1363 5325 Scriptura
1396 5252 1606 5317 dicere,
1635 5253 1779 5322 quod
1822 5252 2132 5324 hypostasis

2268 5261 2381 5331 [λὴν
2411 5262 2563 5316 οὐδὲν
2611 5264 2812 5318 κωλύει
2852 5268 3141 5336 γραφικῶς
3183 5270 3349 5339 φάναι
3380 5272 3456 5335 ὡς
3491 5274 3522 5341 ἡ
3557 5274 3651 5328 τοῦ
3696 5276 3819 5328 Tia-3

543 5342 668 5398 Filii
701 5343 776 5399 sit
799 5345 977 5416 imago
1012 5344 1109 5399 Dei
1141 5343 1458 5410 invisibilis,
1491 5358 1612 5412 quae
1644 5352 1816 5399 totum
1846 5346 1900 5398 in
1949 5346 2127 5415 seipsa

2272 5353 2532 5419 πόστασις
2567 5355 2731 5408 εἰκών
2758 5358 2874 5411 ἐστι
2902 5359 2996 5411 τοῦ
3035 5358 3171 5413 Θεοῦ
3220 5363 3317 5415 τοῦ
3372 5364 3609 5434 ἀοράτου
3706 5372 3817 5421 ὅλον

1836 5456 2076 5514 VARIA‘J
2110 5460 2524 5520 LECTIONES.

614 5551 816 5644 "barro;
841 5550 1012 5637 ὅντως
1066 5551 1131 5617 A,
1166 5550 1317 5644 ὄντος
1348 5553 1421 5644 B‘:
1649 5570 1713 5644 ς.
1787 5552 1837 5644 ξ’
1875 5555 1996 5644 καθ’
2028 5555 2160 5609 αὐτὸ
2185 5555 2247 5621 Β,
2289 5559 2412 5611 κατ’
2443 5548 2605 5614 αὐτόν
2632 5560 2678 5614 Α
2712 5578 2725 5615 :
2766 5563 2908 5618 κατὰ
2942 5564 3139 5621 ταύτόν
3173 5585 3233 5631 ς.
3318 5570 3361 5601 ¹¹
3393 5571 3503 5644 γάρ
3545 5575 3593 5627 Δ
3619 5592 3633 5629 :
3658 5592 3719 5631 τε
3754 5594 3811 5642 ς.

546 5620 590 5653 ⁸⁸
618 5623 678 5674 τὸ
709 5622 1184 5694 προσκυνούμενον
1213 5627 1339 5679 add.
1380 5626 1447 5679 Δ.
1526 5623 1626 5695 “ﬂ
1660 5625 1705 5678 Α
1738 5641 1753 5679 :
1782 5624 1933 5678 ἐστὶν
1962 5627 1995 5696 ή
2024 5643 2084 5690 ς.

2060 5715 2296 5774 NOTAE.

622 5806 739 5880 (ξε)
769 5803 830 5880 in
861 5806 978 5880 ipso
1006 5806 1271 5863 niteretur
1285 5807 1525 5880 _intueri,
1555 5806 1659 5865 hoc
1683 5815 1769 5867 est
1796 5823 1812 5863 :
1844 5808 1911 5864 ad
1947 5807 2123 5880 ipsum
2148 5824 2270 5867 esse
2301 5824 2395 5867 seu
2432 5812 2672 5869 divinam
2698 5824 2951 5873 naturam
2978 5820 3241 5878 niteretur
3276 5830 3594 5880 transterre.

618 5873 733 5948 (⁷6)
767 5873 1252 5955 Seu—Patrem’seu
1283 5877 1481 5937 Filium
1511 5873 1621 5951 etc.
1804 5894 1820 5905 νε
1966 5873 1984 5880 ’
2142 5894 2145 5897 -
