4066 6400
300 448 440 513 1069

1373 448 1901 511 BIBLIOTHECA.
1937 473 2002 485 -
2032 447 2197 510 COD.
2237 448 2508 512 CCXXX.

3400 426 3549 548 ποτοῖ

260 602 271 613 κ
300 562 362 616 ὲν
403 563 569 632 ἑαυτῇ
606 561 698 617 τὸν
746 560 969 626 Πατέρα
997 561 1336 618 δεικνύουσα.
1377 564 1441 618 El
1465 564 1520 618 δὲ
1552 564 1647 619 καὶ⁸
1681 562 1870 633 σοφίαν

1985 558 2190 617 Patrem
2233 561 2424 620 refert.
2464 560 2618 631 Quod
2647 560 2696 618 si
2735 561 2901 618 etiam
2930 564 3177 622 eamdem
3205 563 3385 622 Patris
3416 582 3541 625 esse

298 656 478 726 αὐτὴν
533 654 813 725 Πατρικὴν
868 650 1007 709 εἶναι
1052 655 1496 729 ἀποκριθήσομαι
1543 658 1577 727 ἢ
1630 653 1869 725 Λόγονῆ

286 745 526 817 δύναμιν
575 745 670 799 τοῦ
706 748 943 818 Πατρὸς,
986 751 1053 821 τῇ
1112 747 1382 820 ίερολογίᾳ.
1427 747 1868 820 συμφθέγξομαι.

294 840 411 891 Καὶ
465 838 594 910 περὶ
640 840 737 910 τῆς
788 839 884 894 τοῦ
919 840 1131 913 Πατρὸς
1172 840 1230 894 δὲ
1267 840 1362 895 καὶ
1393 840 1710 909 Πνεύματος
1739 840 1871 895 ὑπο-

296 932 544 994 στάσεως
563 930 785 985 τοιαῦτα
812 931 878 987 ἄν
909 949 993 995 τις
1036 930 1225 987 ἐκτῶν
1257 931 1419 1004 ἱερῶν
1453 932 1649 1002 λογίων
1680 933 1871 987 ἀναλε-

293 1022 565 1092 γόμενος,
611 1024 706 1077 καὶ
750 1024 926 1088 διδοὺς
975 1025 1089 1088 τοῖς
1142 1022 1492 1094 ἐπερωτῶσιν
1540 1024 1867 1093 ἀπόκρισιν,

295 1111 540 1177 εύσεὸῶς
560 1131 619 1169 τε
648 1114 743 1168 καὶ⁴
767 1115 1193 1187 ἀνεπηρεάστως
1222 1108 1591 1186 ἀποκρίνοιτο.
1619 1113 1750 1187 [872
1773 1112 1870 1186 R.]

290 1199 371 1258 Σὺ
408 1202 454 1257 δ’
488 1202 555 1257 ἂν
608 1204 813 1277 δυνήσῃ
843 1204 1068 1275 ’λέγειν,
1098 1204 1385 1270 ἀποδιδοὺς
1440 1204 1735 1276 τὸνλόγον
1769 1203 1874 1273 τῆς

293 1295 652 1359 ὑποστάσεως
683 1294 778 1350 τοῦ
812 1293 967 1360 Υίοῦ,
996 1294 1129 1351 Θεὸν
1151 1298 1217 1352 ὲκ
1246 1295 1381 1353 Θεοῦ
1417 1296 1661 1375 ἀχρόνως
1685 1313 1747 1350 τε
1778 1296 1874 1351 καὶ

292 1386 529 1451 ἀπαθῶς
550 1382 879 1458 γεννηθέντα
896 1405 911 1420 ο
942 1388 1145 1460 ὁμοίως
1192 1389 1251 1444 δὲ
1276 1389 1374 1445 καὶ
1398 1390 1495 1444 τοῦ
1532 1388 1870 1462 Πνεύματος,

288 1477 433 1532 Θεὸν
462 1479 529 1532 ὲκ
565 1478 699 1532 Θεοῦ
732 1479 919 1544 ἀϊδίως
959 1497 1019 1534 τε
1047 1476 1486 1553 ἐκπορευόμενον
1530 1470 1627 1536 καὶ
1648 1472 1873 1555 λάρρεύ-

292 1587 477 1635 στως·
508 1571 773 1638 ὡσαύτως
817 1571 876 1627 δὲ
904 1571 1003 1628 καὶ
1042 1572 1139 1628 τοῦ
1175 1560 1389 1646 Πατρὸς
1418 1577 1520 1647 τὴν
1572 1575 1874 1631 ὑπόστασιν

288 1660 444 1734 λόγῳ
471 1666 801 1736 παριστάναι
825 1662 1033 1738 μέλλων
1061 1669 1276 1740 φήσεις·
1307 1663 1477 1736 Ἐξόὗ
1505 1669 1825 1740 γεγέννηται
1847 1671 1877 1723 ὁ

290 1756 436 1821 Θεὸς
464 1758 655 1827 Λόγος,
693 1762 866 1831 τομῆς
893 1759 1115 1832 ἀπάσης
1142 1761 1237 1815 καὶ
1274 1762 1474 1826 παντὸς
1503 1761 1709 1826 πάθους
1742 1760 1877 1833 μηδὲ

293 1851 423 1903 κατ’
449 1849 690 1905 ἐπίνοιαν
729 1850 1114 1924 θεωρουμένης
1160 1855 1227 1921 τῇ
1276 1852 1485 1922 προόδῳ
1537 1853 1638 1923 τῆς
1683 1853 1877 1923 γεννή-

292 1958 445 2007 σεως
471 1963 483 1975 -
506 1944 555 1997 εί
581 1942 760 2014 βούλει
782 1944 865 2011 δὲ,
899 1945 1011 2000 Καὶ
1028 1943 1087 2010 εξ
1102 1938 1167 1999 οὗ
1191 1945 1252 1997 τδ
1275 1943 1500 2015 Πνεῦμα
1521 1943 1564 1976 ιι
1587 1944 1883 2014 ἀφράστως
1913 1924 1959 1986 Β

289 2050 355 2087 τε
409 2034 503 2089 καὶ
531 2035 902 2109 ἀνεπινοήτως
944 2036 1041 2091 καὶ
1067 2036 1295 2101 ἀπαθῶς
1328 2040 1424 2092 καὶ
1470 2035 1754 2100 συναῖδίως
1787 2036 1881 2090 ὲκ-

292 2125 617 2196 πορεύεται,
659 2128 755 2182 καὶ⁸
776 2129 831 2183 εῐ
847 2146 900 2183 τι
930 2128 1059 2183 ἀλλο
1084 2129 1495 2202 τοιουτότροπον
1523 2128 1669 2184 ἐστιν
1685 2130 1881 2196 εἰπεῖν,

293 2219 406 2290 τῆς
442 2218 803 2299 θεοπνεύστου
862 2221 1091 2293 Γραφῆς
1124 2223 1224 2293 τὴν
1267 2221 1643 2294 πνευματικὴν
1692 2221 1883 2291 σοφίαν

293 2312 662 2384 πηγαζούσης
705 2314 836 2385 ἡμῖν
886 2316 979 2369 καὶ
1023 2316 1393 2389 συνεργούσης
1442 2316 1522 2386 τῷ
1555 2315 1879 2387 βουλήματι.

291 2404 500 2458 Καίτοι
556 2406 677 2459 οὐδὲ
729 2407 799 2460 τὰ
832 2406 1070 2478 ρηθέντα
1110 2408 1391 2472 παντελῶς
1447 2408 1597 2462 ἐστιν
1626 2407 1884 2479 ἐλεύθερα

292 2498 606 2566 φαντασίας
634 2499 1084 2573 ἀνατυπουμένης
1118 2500 1219 2572 τὴν
1237 2500 1487 2555 σύνθεσιν
1504 2517 1518 2532 ·
1555 2499 1692 2554 ἀλλά
1711 2499 1792 2570 τῷ
1818 2516 1883 2569 γε

296 2591 384 2661 μὴ
443 2591 522 2664 τῷ
581 2593 788 2664 ῥήματι
820 2592 921 2665 τῆς
975 2593 1250 2665 συνθήκης
1289 2594 1511 2666 καὶτῆς
1563 2594 1884 2665 συμπλοκῆς

290 2684 534 2738 καὶτῶν
565 2684 825 2741 τοιούτων
856 2686 1312 2759 προσχρήσασθαι
1347 2687 1408 2741 ού
1442 2687 1591 2740 δοκεῖ
1632 2686 1885 2757 θορυϐεῖν

292 2773 398 2826 τὸν
421 2773 699 2848 ἀκροατὴν
724 2770 845 2831 οὐδὲ
876 2776 1281 2849 προσίστασθαι
1314 2777 1380 2834 ¹⁸.
1417 2775 1559 2830 Ἀλλ’
1582 2777 1641 2833 ὲν
1671 2773 1884 2842 τούτοις

294 2865 409 2934 μὲν
433 2866 582 2938 αύτῷ
612 2869 707 2922 καὶ
738 2870 767 2923 ὁ
794 2868 987 2941 παρὼν
1021 2869 1383 2942 ἀπαρτίζεται
1423 2868 1600 2938 λόγος.

382 2959 657 3030 Γράφειδὲ
686 2964 715 3015 ό
744 2962 906 3026 αὐτὸς
943 2962 1085 3034 ίερὸς
1113 2961 1252 3034 ἀνὴρ
1275 2961 1371 3017 καὶ
1404 2954 1541 3033 πρὸς
1562 2960 1885 3032 Δομετιανὸν

297 3048 645 3123 (Μελιτηνῆς
694 3053 751 3107 δὲ
800 3044 955 3116 οὗτος
1008 3053 1358 3123 ἐπίσκοπος),
1394 3048 1496 3108 οὐκ
1541 3053 1885 3125 ἀπρόσφορον

288 3137 446 3196 εἶναι
476 3144 754 3214 παριστῶν
772 3147 832 3199 τὸ
860 3146 988 3215 μίαν
1017 3146 1198 3214 λέγειν
1231 3146 1392 3216 φύσιν
1425 3144 1519 3200 τοῦ
1550 3144 1686 3199 Θεοῦ
1708 3146 1753 3177 ¹⁶
1784 3146 1887 3200 Λό-

1975 653 2317 723 sapientiam,
2338 664 2436 711 aut
2454 653 2714 722 Verbum,
2737 661 2833 709 aut
2850 653 3108 712 virtutem
3129 655 3307 714 Patris
3330 642 3555 722 dixero,ﬁ

1974 762 2006 802 a
2038 746 2237 804 divinis
2261 747 2484 803 Litteris
2511 761 2616 803 non
2649 747 2991 804 dissentiam.
3023 746 3090 804 Et
3126 749 3217 818 qui
3244 764 3310 804 ex
3345 750 3545 806 divinis

1975 840 2205 910 eloquiis
2252 840 2317 896 de
2352 840 2533 896 Patris
2557 849 2614 896 et
2650 839 2891 912 Spiritus
2916 841 3088 897 sancti
3126 841 3373 911 personis
3402 844 3549 906 sinti-

1975 930 2047 986 lia
2094 932 2382 987 aﬂirmabit
2424 920 2900 1005 quaerentibusque
2946 932 3320 1005 respondebit,
3365 934 3414 989 is
3464 936 3551 1003 pie

1978 1033 2237 1093 recteque
2259 1023 2567 1079 allirmabit.
2595 1024 2676 1078 Tu
2703 1038 2867 1093 porro
2898 1024 3102 1079 inferre
3136 1023 3360 1097 poteris,
3389 1023 3553 1093 expli-

1966 1131 2111 1201 cans
2140 1116 2405 1171 rationem
2436 1117 2790 1189 hyposlaseos
2812 1115 2936 1172 Filii
2964 1134 2979 1171 :
3014 1115 3195 1174 Deum,
3208 1116 3279 1171 de
3326 1117 3455 1183 Deo,
3483 1116 3552 1169 ab

1977 1216 2203 1274 aeterno,
2260 1209 2540 1279 impatibili
2593 1211 2753 1281 modo
2801 1210 3087 1277 genitum;
3129 1204 3442 1280 pariterque
3482 1210 3554 1265 de

1968 1297 2185 1373 Spiritu
2232 1310 2447 1364 sancto,
2476 1302 2639 1356 Deum
2670 1302 2735 1357 de
2764 1300 2875 1379 Deo
2910 1302 3208 1363 ab.:e,terno
3232 1344 3235 1357 .
3255 1300 3554 1371 proceden-

1968 1401 2091 1463 tem
2126 1388 2680 1466 atqueprolluentem
2710 1411 2737 1457 :0
2756 1384 3026 1471 similique
3052 1394 3211 1465 modo
3246 1393 3425 1448 Patris
3451 1393 3553 1464 hy-

1980 1487 2251 1565 postasin,
2282 1489 2447 1561 verbo
2491 1488 3061 1561 explicaturus,,dices
3091 1506 3107 1542 :
3138 1487 3219 1542 Ex
3253 1502 3373 1557 quo.
3409 1484 3556 1541 Deus

1982 1578 2221 1634 Verbum
2266 1580 2509 1650 genitum
2564 1592 2671 1646 est,
2722 1580 2813 1634 tali
2844 1579 3553 1651 generationisprocessu,

1972 1668 2037 1735 in
2067 1684 2177 1741 quo
2202 1686 2270 1726 ne
2297 1686 2395 1741 per
2418 1673 3046 1742 cogitationemquidem
3074 1672 3305 1728 ullaseu
3330 1671 3555 1741 divisio,

1976 1779 2076 1823 seu
2125 1765 2308 1834 passio
2357 1767 2584 1835 reperiri
2619 1767 2809 1837 possit.
2838 1766 2909 1835 ,Si
2944 1765 3026 1821 vis
3070 1764 3553 1835 autemgSpiritum

1983 1867 2229 1912 sanctum
2261 1855 2354 1930 [ad
2386 1857 2603 1914 Patrem
2632 1859 2815 1931 aliquo
2842 1861 3011 1915 modo
3046 1856 3559 1925 declarandumado

1986 1947 2196 2018 bibere,
2220 1950 2367 2006 dices
2393 1950 2434 2023 :]
2469 1949 2548 2005 Ex
2572 1964 2699 2020 quo,
2760 1951 3109 2025 inenarrabili
3148 1959 3204 2005 et
3248 1950 3559 2020 incompre-

1982 2042 2156 2100 henso
2193 2044 2589 2114 impatibilique
2636 2046 2836 2109 modo,
2883 2054 3151 2099 coaeterue
3192 2042 3457 2112 procedit,
3504 2049 3562 2096 et

1985 2138 2030 2191 si
2062 2137 2190 2205 quid
2228 2135 2370 2190 aliud
2412 2133 2783 2205 hujuscemodi
2815 2135 2994 2191 dicere
3025 2133 3109 2191 fas
3146 2143 3251 2199 est,
3278 2132 3559 2204 Scriptura

1984 2230 2245 2285 divinitus
2270 2230 2529 2298 inspirata
2555 2229 2891 2299 spiritualetn
2916 2228 3072 2283 nobis
3089 2227 3411 2297 sapientiam
3436 2240 3563 2296 pro-

1986 2323 2208 2392 pinante
2229 2331 2283 2376 ct
2304 2323 2543 2376 studium
2571 2328 2769 2377 nostra:
2798 2320 3087 2375 voluntatis
3106 2320 3350 2390 juvante.
3380 2320 3562 2387 Atque

1984 2432 2055 2470 ne
2089 2416 2170 2470 sic
2204 2415 2421 2484 quidem
2463 2413 2732 2485 explicata
2781 2429 2875 2468 seu
2907 2414 3073 2479 dicta,
3108 2413 3257 2468 omni
3293 2413 3559 2480 imagina-

1988 2513 2132 2568 tione
2165 2512 2420 2577 humana,
2444 2527 2565 2580 quae
2590 2510 2747 2566 nobis
2777 2508 3085 2584 [perpetuo]
3117 2510 3557 2580 coniunctionem

1985 2603 2253 2669 obtrudit,
2282 2603 2568 2659 carebunt.
2598 2601 2704 2657 Sed
2749 2617 2855 2657 non
2891 2603 3093 2658 utendo
3122 2616 3257 2657 voce
3287 2598 3562 2668 composi—

1987 2698 2150 2754 tionis
2184 2708 2239 2752 et
2262 2696 2684 2764 coniunctionis,
2718 2711 2825 2751 non
2856 2695 3083 2750 videtur
3112 2694 3411 2749 auditorem
3438 2708 3562 2763 per-

1982 2790 2211 2851 turbare
2233 2798 2327 2845 aut
2348 2788 2645 2845 oﬁ‘eudere.
2677 2788 2855 2858 Atque
2874 2786 2928 2841 in
2959 2787 3042 2841 his
3067 2786 3135 2842 ab
3166 2801 3231 2842 eo
3256 2787 3420 2841 etiam
3451 2787 3567 2841 haec

1988 2896 2227 2954 praesens
2259 2882 2436 2938 oratio
2470 2881 2787 2938 absolvitur.

1977 3020 1981 3027 .
2061 2975 2264 3031 Scribit
2279 2990 2407 3029 vero
2426 2974 2913 3041 idem;vir‘_sanctus
2930 2974 3001 3029 ad
3023 2972 3390 3029 Domitianum
3405 2972 3510 3027 Mel
3521 2973 3567 3027 i-

1990 3076 2195 3124 lensetn
2224 3068 2557 3138 episcopum,
2575 3065 2880 3136 asseritque
2898 3064 3043 3119 haud
3068 3067 3163 3121 abs
3183 3080 3239 3120 re
3258 3079 3381 3120 esse
3399 3080 3563 3119 unum

1988 3160 2085 3216 Dei
2106 3169 2353 3215 naturam
2381 3157 2547 3214 Verbi
2564 3167 2814 3212 naturam
2834 3157 3081 3229 profiteri
3101 3157 3457 3211 incarnatatu.
3476 3156 3567 3213 Ille

293 3252 406 3303 γου
443 3236 890 3309 σεσαρκωμένην.
922 3238 981 3292 Ὀ
1010 3238 1109 3310 μὲν
1136 3237 1246 3309 γὰρ
1281 3238 1383 3292 ούκ
1406 3236 1699 3293 ἀνεύθυνον
1721 3236 1884 3291 ἐτίθει

1988 3253 2133 3308 enim
2157 3263 2407 3307 sanctum
2437 3249 2726 3319 Eulogium
2757 3263 2863 3303 non
2897 3257 3051 3305 extra
3080 3249 3293 3318 culpam
3329 3246 3567 3301 allirma-

292 3329 399 3383 τὸν
435 3329 579 3401 ἱερὸν
631 3330 890 3399 Εύλόγιον
943 3330 1287 3403 κεχρημένον
1332 3329 1412 3402 τῷ
1464 3332 1702 3401 ῥήματιο
1752 3331 1783 3383 ὁ
1828 3330 1884 3384 δὲ

1985 3342 2301 3413 ,ὺοι,ηιιοι1
2350 3341 2497 3396 illam
2542 3355 2731 3397 vocem
2782 3349 3121 3410 usurpasset.
3153 3340 3260 3395 Sed
3310 3339 3567 3410 Eulogius

292 3417 389 3486 οἷς
423 3421 794 3486 πολλάκις.ὲν
835 3424 948 3485 τοῖς
980 3421 1314 3493 προλαϐοῦσι
1352 3421 1532 3491 λόγοις
1574 3422 1674 3493 τήν
1702 3420 1888 3491 φωνὴν

295 3514 701 3585 ἐπικουρήσας,
736 3515 830 3568 καὶ
864 3515 978 3577 τοῖς
1018 3512 1193 3585 ὀρθῶς
1242 3513 1413 3586 αὐτὴν
1451 3514 1887 3584 ὲκλαμθάνουσιν

294 3606 546 3671 εὐσεϐῶς
568 3607 799 3678 ἔχουσαν
825 3606 1148 3679 παρασχὼν,
1179 3608 1274 3661 καὶ
1300 3594 1373 3672 ὡς
1404 3606 1455 3661 0i
1477 3608 1727 3677 λέγοντες
1756 3607 1886 3678 μίαν

298 3698 473 3762 φύσιν
534 3697 628 3751 τοῦ
677 3698 851 3767 Λόγου
907 3698 1337 3771 σεσαρκωμένην
1402 3700 1463 3753 ού
1543 3701 1672 3771 μίαν
1725 3699 1887 3770 φύσιν

293 3792 495 3857 ἁπλῶς
530 3809 696 3861 φασιν
732 3792 794 3857 ἐξ
821 3792 1148 3866 ἀμφοτέρων
1193 3794 1478 3862 γεγονέναι
1511 3794 1619 3847 τῶν
1648 3794 1883 3864 φύσεων,

295 3883 449 3937 ὥστε
476 3884 570 3937 καὶ
597 3882 859 3954 συγχύσει
884 3884 953 3936 τὰ
979 3883 1310 3938 συνελθόντα
1334 3888 1677 3955 περιπεσεῖν,
1711 3887 1889 3939 ἐκεῖνο

300 3977 366 4030 δὲ
399 3976 599 4046 μᾶλλον
651 3976 957 4048 βούλεσθαι,
996 3975 1072 4040 ὡς
1122 3976 1152 4029 ὁ
1197 3977 1492 4047 μονογενὴς
1535 3976 1629 4029 τοῦ
1677 3977 1889 4047 Ιῐατρὸς

298 4067 436 4131 Υἱὸς
456 4066 641 4139 ήνώθη
679 4069 844 4140 σαρκὶ
881 4067 1004 4122 καθ’
1032 4066 1350 4134 ὑπόστασιν,
1381 4068 1409 4120 ὁ
1445 4067 1606 4133 αὐτὸς
1636 4067 1732 4121 καὶ
1757 4067 1890 4131 Θεὸς

296 4163 399 4215 καὶ
415 4161 513 4215 ἄνθ
522 4179 701 4233 ρωπος
720 4160 817 4226 ὢν,
838 4162 913 4225 ὡς
942 4163 1036 4216 καὶ
1055 4160 1133 4231 τῷ
1149 4160 1396 4233 Θεολόγῳ
1411 4162 1560 4216 δοκεῖ
1581 4166 1597 4232 (
1616 4160 1679 4215 '0
1699 4162 1891 4231 Λόγος

298 4253 437 4325 γὰρ,
464 4254 618 4326 φησὶ,
656 4255 816 4323 σὰρξ
831 4254 1205 4325 ἐγένετο,καὶ
1222 4253 1580 4333 ἐσκήνωσεν
1600 4255 1670 4309 ἐν
1698 4254 1887 4326 ἡμῖν),

299 4346 476 4400 ταῦτα
498 4344 589 4401 διά
634 4347 871 4410 πλάτους
906 4346 1078 4401 εἰπὼν
1112 4348 1210 4402 καὶ
1244 4347 1723 4421 ἀπολογησάμενος
1748 4348 1891 4401 οὕτω

298 4437 551 4503 δοξάζειν
576 4438 672 4491 καὶ
704 4436 971 4509 Κύριλλον
996 4439 1417 4508 ἐπαγγέλλεται,
1451 4440 1510 4492 ὲν
1540 4434 1622 4503 οἷς
1654 4438 1892 4509 μάλιστα

300 4528 476 4598 λέγει’
502 4530 570 4583 El
591 4528 713 4598 μὲν
731 4532 843 4600 γὰρ
866 4530 1016 4600 μίαν
1044 4532 1310 4598 εἰπόντες
1341 4530 1447 4585 τοῦ
1469 4532 1665 4601 Λόγου
1697 4532 1888 4600 φύσιν

1989 3452 2111 3494 cum
2128 3451 2208 3492 ex
2266 3435 2556 3506 praeteritis
2577 3450 2721 3505 saepe
2738 3435 3098 3499 orationibus,
3118 3435 3316 3505 281a
3338 3442 3393 3488 et
3420 3443 3569 3489 recte

1988 3540 2176 3582 vocem
2205 3525 2628 3597 intelligentibus
2651 3524 2787 3579 nihil
2831 3525 3125 3596 impietatis
3149 3525 3375 3581 subesse
3392 3534 3571 3579 osten-

1989 3619 2181 3684 disset,
2215 3620 2370 3673 docet
2414 3633 2510 3673 eos
2545 3618 2651 3688 qui.
2675 3618 2861 3673 dicunt
2909 3615 3286 3673 uuamVet-bi‘
3319 3629 3569 3672 naturam

1991 3708 2333 3763 incantatam
2386 3722 2529 3775 esse,
2587 3723 2693 3762 non
2731 3707 3047 3764 .aﬂirm’are
3086 3723 3250 3763 unam
3318 3718 3570 3763 naturam

1988 3800 2308 3870 simpliciter
2334 3816 2400 3855 ex
2432 3800 2694 3856 ambabus
2734 3800 2934 3856 factum
2962 3800 3198 3867 naturis,
3234 3802 3304 3856 ita
3346 3812 3572 3858 ut‘cono

1984 3894 2193 3963 junctze
2216 3894 2359 3948 inter
2386 3908 2445 3948 se
2468 3893 2903 3960 confundantur,
2930 3895 3021 3949 sed
3051 3894 3178 3949 illud
3203 3895 3379 3962 potius
3409 3895 3568 3958 velle,

1990 3985 2327 4055 unigenitum
2382 3983 2584 4043 Patris
2638 3985 2837 4040 Filium
2896 3987 3195 4042 secundum
3252 3988 3570 4056 Itypostasiu

1991 4079 2144 4132 carui
2179 4077 2412 4144 unitum,
2439 4077 2533 4146 qui
2564 4077 2704 4131 idem
2732 4076 2876 4131 Deus
2904 4087 2960 4130 et
2985 4077 3148 4133 homo
3171 4074 3277 4143 εει,
3311 4081 3576 4147 quemad-
3628 4126 3633 4131 .

1986 4170 2213 4233 modum
2239 4180 2297 4224 et
2332 4168 2627 4239 Theologo'
2656 4168 2865 4237 placet.
2900 4168 3152 4234 Verbum,
3200 4171 3405 4241 inquit,
3446 4186 3574 4223 caro
3625 4174 3632 4197 ’

1991 4264 2192 4330 factum
2217 4271 2317 4325 est,
2360 4270 2410 4315 et
2442 4259 2700 4314 habitavit
2730 4261 2831 4312 λιιι
2860 4260 3007 4315 nobis
3023 4258 3074 4314 δὲ
3111 4259 3235 4317 Haec
3284 4276 3409 4318 cum
3453 4260 3575 4317 fuse

1992 4354 2339 4412 disseruisset
2371 4363 2428 4409 et
2481 4350 3063 4417 deiendisset,eadem
3109 4353 3274 4409 etiam
3312 4352 3574 4425 Cyrillum

1991 4447 2187 4500 docere
2242 4443 2500 4507 aﬂlrutat,
2556 4442 2608 4495 in
2663 4441 2861 4511 quibus
2914 4442 3255 4510 potissimum
3297 4441 3475 4497 dicit:
3512 4439 3575 4497 Si

1998 4555 2091 4593 nos
2123 4554 2231 4591 una
2278 4534 2433 4589 Verbi
2465 4547 2663 4588 natura
2687 4535 2856 4602 posita
2879 4536 3256 4598 tacuissemus,
3294 4549 3389 4588 nec
3420 4534 3577 4587 addi-

300 4622 719 4694 σεσιγήκαμεν
742 4662 758 4687 ,
806 4625 919 4678 οὐκ
966 4623 1397 4693 ἐπενεγκόντες
1459 4623 1527 4677 τὸ
1577 4639 1884 4694 σεσαρκω-

1990 4634 2270 4693 dissemus,
2303 4645 2322 4679 ι
2358 4626 2727 4680 ἱηεανηαεαηυ
2760 4624 2897 4697 [eam
2950 4625 3251 4697 naturam],
3286 4627 3376 4680 sed
3418 4626 3574 4694 quasi

298 4710 520 4780 μένην,
558 4712 697 4767 ἀλλ’
722 4710 852 4767 οἷον
877 4712 995 4778 ἔξω
1034 4713 1298 4781 τιθέντες
1355 4714 1470 4782 τὴν
1520 4717 1887 4787 οἰκονομίαν,

304 4804 390 4872 ἦν
410 4803 619 4871 αὐτοῖς
649 4800 804 4876 τάχα
850 4822 970 4861 που
1018 4807 1118 4861 καὶ
1148 4810 1261 4862 οὐκ
1304 4807 1596 4875 ἀπίθανος
1633 4813 1666 4864 ό
1705 4810 1889 4881 λόγος

303 4896 855 4967 προσποιουμένοις
900 4886 1126 4968 ἐρωτᾷν
1168 4901 1287 4955 ποῦ
1327 4902 1391 4955 τὸ
1427 4899 1661 4956 τέλειον
1686 4903 1757 4956 ἐν
1782 4903 1889 4956 ἁν-

301 4986 659 5052 θρωπότητι,
683 4987 722 5056 ἢ
753 4985 880 5053 πῶς
905 4987 1255 5057 ὑφέστηκεν
1280 4991 1319 5059 ἡ
1344 4990 1474 5044 καθ’
1494 4990 1654 5062 ἡμᾶς
1670 4993 1853 5046 οὐσία
1872 5007 1885 5022 '

299 5076 511 5146 ἐπειδὴ
550 5077 621 5131 δὲ
643 5078 741 5133 καὶ
772 5080 844 5134 ἐν
880 5080 1294 5150 ἀνθρωπότηα
1328 5084 1633 5153 τελειότης
1661 5086 1759 5139 καί
1780 5084 1893 5153 τῆς

300 5169 433 5223 καθ’
466 5168 627 5239 ἡμᾶς
661 5172 879 5238 οὐσίας
918 5161 961 5240 ἠύ
993 5171 1264 5241 δήλωσις
1310 5176 1758 5245 εὶσκεκόμισται
1795 5176 1893 5233 διὰ

301 5260 411 5314 τοῦ
467 5259 674 5330 λέγειν
717 5264 1169 5335 σεσαρκωμένην,
1224 5267 1684 5324 παυσάσθωσαν
1708 5271 1748 5301 ¹⁷
1790 5287 1892 5324 κα-

300 5351 572 5419 λαμίνην
595 5352 724 5426 [460
758 5355 850 5428 Η.]
878 5357 1106 5425 ῥάϐδον
1140 5360 1376 5427 ἑαυτοῖς
1401 5364 1889 5432 ὑποστήσαντες.

305 5442 522 5499 Οὐκοῦν
542 5446 643 5509 τάς
673 5446 766 5500 δύο
792 5448 984 5517 φύσεις
1022 5452 1055 5521 ή
1094 5450 1344 5523 παροῦσα
1393 5456 1544 5526 φωνὴ
1590 5457 1669 5525 τῷ
1715 5456 1891 5510 ἀδιαι-

308 5533 450 5605 ρέτῳ
478 5539 797 5610 εἰσήνεγκεν
844 5542 1270 5613 ὲπισφίγγουσα,
1302 5546 1379 5610 ῶς
1419 5547 1581 5611 αὐτὸς
1628 5548 1894 5616 ἐμϐοᾶται

376 5648 405 5690 δ
425 5646 584 5708 Joan.
610 5667 651 5717 t,
672 5653 759 5709 14.

1994 4723 2346 4779 extrinsecam
2374 4732 2684 4787 poneremus
2729 4719 3071 4772 teconomiam
3107 4734 3198 4771 seu
3223 4717 3578 4786 dispensatio-
3600 4702 3613 4713 ’

1997 4832 2153 4879 nem;
2194 4822 2329 4867 esset
2361 4810 2471 4864 illis
2500 4809 2791 4878 probabilis
2823 4826 2984 4864 causa
3011 4811 3057 4864 si
3096 4809 3278 4864 vellent
3315 4825 3572 4881 qumrere,

1997 4913 2087 4967 ubi
2146 4919 2278 4963 esset
2347 4906 2405 4960 in
2466 4906 2804 4960 humanitate
2863 4906 3142 4976 perfectio,
3172 4917 3265 4960 aut
3314 4909 3575 4978 quomodo

1996 5012 2182 5057 nostra
2223 5000 2532 5055 subsisteret
2571 4998 2840 5051 essentia?
2868 4996 2971 5053 Sed
3000 5000 3256 5068 quoniam
3293 4999 3349 5053 in
3388 4999 3578 5052 huma-

1995 5095 2159 5147 nitate
2182 5093 2459 5163 perfectio,
2492 5100 2542 5145 et
2566 5098 2765 5145 nostra:
2803 5090 3119 5145 substantiae
3161 5090 3456 5145 declaratio
3484 5106 3580 5158 per

1990 5189 2227 5253 verbum,
2262 5185 2630 5252 incantatam,
2663 5182 2834 5237 allata
2884 5192 2987 5249 est,
3030 5181 3275 5237 desinant
3317 5183 3579 5237 arundine

1990 5293 2045 5332 se
2076 5277 2285 5347 fulcire.
2321 5274 2495 5345 .Duas.
2529 5288 2659 5343 ergo
2709 5282 2934 5328 naturas
2977 5273 3092 5328 haec
3115 5287 3241 5341 vox.
3272 5274 3576 5334 incuruata,

2000 5352 2234 5424 indivise
2265 5368 2595 5423 constrictas
2627 5366 2833 5437 posuit,
2859 5374 2920 5420 ut
2949 5365 3089 5423 idem
3120 5364 3365 5420 clamitat
3400 5361 3579 5435 Cyril-

1999 5462 2104 5517 lus.
2131 5460 2272 5516 Hinc
2298 5474 2442 5529 saepe
2471 5474 2635 5513 unam
2669 5457 2830 5514 Verbi
2865 5468 3117 5514 naturam
3150 5456 3366 5511 videtur
3399 5454 3581 5510 dicere

2009 5554 2371 5608 incantatam.
2402 5551 2556 5618 Quod
2587 5550 2634 5606 si
2665 5565 2830 5605 unam
2860 5550 3126 5605 duntaxat
3168 5546 3370 5604 Christi
3424 5554 3581 5599 ualu-

1644 5752 1877 5808 νΑηιΑς
1924 5753 2326 5811 LECTIONES.

382 5834 428 5919 ξ’
456 5832 554 5919 nrt}
576 5832 636 5899 ἐξ
663 5829 725 5891 οὗ
751 5835 809 5891 τὸ
835 5836 1053 5911 πνεῦμα
1086 5838 1131 5895 Α
1159 5858 1174 5897 :
1201 5841 1263 5896 τὸ
1292 5842 1509 5916 πνεῦμα
1543 5846 1600 5911 ἐξ
1637 5840 1696 5901 οὗ
1732 5864 1790 5910 ς.
1873 5847 1914 5878 ¹⁸
1950 5846 2313 5919 προΐστασθαι
2352 5864 2410 5910 ς.
2458 5846 2499 5877 ⁸⁸
2532 5846 2623 5899 τοῦ
2654 5845 2789 5898 Θεοῦ
2823 5845 2862 5897 Α
2898 5862 2911 5899 :
2941 5842 3076 5897 Θεοῦ
3098 5843 3191 5897 τοῦ
3228 5861 3287 5908 ς’.
3336 5842 3377 5876 ’ν
3410 5856 3575 5897 mue.

307 5904 402 5957 καὶ
446 5907 578 5961 καλ.
604 5921 666 5971 ς.
