3954 6444
466 495 601 562 1071

1638 499 1903 561 PHOTII
1942 495 2450 558 PATRIARCH/E
2484 499 2596 561 CP.

3588 492 3722 557 1072

464 628 583 670 ram
629 608 953 682 simpliciter
995 609 1363 681 proﬁteretur,
1426 626 1604 667 nonne
1653 611 2045 666 damnaretur?

2164 610 2179 661 5
2212 609 2504 683 Κύριλλος.
2529 611 2621 664 Διὸ
2650 608 2743 665 καὶ
2775 609 2904 681 μίαν
2935 610 3098 679 φύσιν
3126 606 3219 662 τοῦ
3245 607 3416 677 Λόγου
3442 624 3724 678 σεσαρκω-

464 706 602 772 Quid
651 716 831 759 autem
882 703 955 758 sit
1000 713 1191 758 natura
1224 704 1454 759 humana
1485 713 1577 758 aut
1615 702 1698 775 (ut
1741 704 1880 759 idem
1913 701 2039 757 alibi

463 797 689 867 docuit),
742 812 868 852 caro
915 796 1229 867 intelligenti
1270 797 1448 852 anima
1502 796 1791 852 informata
1817 841 1833 865 ,
1863 807 1923 852 ut
1957 797 2043 852 vel

462 899 749 964 propterea
780 905 995 944 rursum
1039 900 1331 960 utrumque
1360 890 1412 944 in
1442 890 1691 944 unionem
1722 889 2045 945 convenien-

471 984 604 1037 tium
653 980 1060 1036 indivisibiliter
1123 983 1519 1037 conservetur?
1565 982 1717 1036 Patet
1783 997 1912 1052 ergo
1974 996 2043 1035 ex

467 1074 648 1138 dictis,
677 1088 769 1127 eos
802 1074 893 1143 qui
925 1074 1220 1128 secundum
1265 1072 1530 1144 Cyrillum
1578 1074 1884 1128 orthodoxe
1925 1070 2042 1144 [seu

465 1166 755 1240 catholice]
786 1168 981 1221 docent
1015 1182 1177 1220 unam
1210 1177 1457 1220 naturam
1486 1166 1648 1221 Verbi
1683 1168 2041 1230 incarnatam,

469 1275 575 1313 non
616 1261 681 1313 ad
717 1260 881 1313 alium
924 1258 1084 1312 finem
1122 1258 1416 1326 respicere,
1458 1274 1620 1327 quam
1667 1272 2045 1327 quemcunque

468 1350 655 1416 alium,
685 1354 776 1419 qui
803 1350 962 1405 talem
1001 1363 1184 1404 vocem
1216 1347 1334 1420 [seu
1360 1351 1576 1405 modum
1605 1349 1884 1421 loquendi]
1914 1350 2044 1422 ipsis

468 1441 739 1511 proponit,
800 1454 919 1509 qua:
978 1440 1114 1494 duas
1168 1438 1407 1512 [nempe]
1444 1441 1495 1495 in
1552 1439 1771 1497 Christo
1816 1440 2044 1497 Domino

470 1544 692 1587 naturas
719 1534 935 1600 penitus
962 1533 1187 1602 junctas
1219 1534 1454 1590 indivise
1484 1536 1699 1590 asserit.
1729 1535 1863 1588 Dum
1896 1534 2041 1590 enim

469 1625 659 1679 beatus
707 1622 943 1694 Cyrillus
1010 1625 1169 1680 docet
1235 1641 1329 1696 per
1383 1625 1556 1696 ipsam
1611 1626 2043 1683 incarnationem

473 1728 760 1785 utrmnque
784 1715 835 1769 in
867 1716 1121 1772 unionem
1148 1717 1461 1772 coeuntium
1491 1716 1897 1772 indivisibiliter
1917 1731 2046 1772 con-

468 1806 697 1869 servari,
734 1806 857 1875 quis
893 1806 1034 1861 alius
1067 1821 1263 1876 scopus
1298 1822 1392 1861 seu
1428 1807 1550 1861 finis
1577 1807 1734 1862 abeo
1766 1818 2043 1877 spectare-

470 1910 580 1961 tur,
609 1914 770 1969 quam
812 1899 902 1969 qui
939 1901 1074 1954 duas
1124 1900 1175 1953 in
1226 1900 1509 1955 Salvatore
1558 1900 1773 1954 Christo
1826 1908 2047 1955 naturas

474 1991 707 2046 indivise
736 1996 1019 2060 coliulatas
1041 1992 1302 2062 praedicat
1339 1992 1688 2060 recipitque?
1719 1992 1785 2046 Et
1813 1992 1913 2047 hoc
1942 1992 2052 2046 cla-
2080 1976 2126 2037 Β

473 2084 590 2138 rius
621 2083 674 2136 in
704 2082 934 2152 epistola
964 2083 1134 2138 altera
1177 2084 1243 2138 ad
1279 2082 1611 2139 Succensum
1640 2084 1881 2153 exponit.
1915 2083 2051 2138 Cum

474 2178 622 2233 enim
651 2177 985 2247 explicasset
1038 2177 1090 2231 in
1144 2177 1253 2245 illa,
1287 2177 1416 2247 quid
1456 2177 1528 2231 sit
1566 2177 1671 2231 hoc
1705 2178 1877 2247 ipsum
1909 2178 2052 2248 quod

470 2272 713 2327 declarat
758 2286 920 2325 unam
992 2280 1239 2325 naturam
1275 2268 1433 2324 Verbi
1484 2270 1849 2330 incarnatam,
1879 2280 1932 2324 et
1960 2270 2054 2323 do-

477 2364 704 2430 cuisset,
764 2377 950 2417 verum
1001 2373 1057 2417 et
1114 2362 1412 2417 naturalem
1469 2375 1588 2416 esse
1634 2359 1778 2433 [Dei]
1832 2360 2052 2427 Filium,

478 2454 732 2525 quamvis
774 2454 1073 2510 secundum
1129 2463 1460 2523 assumptam
1493 2468 1710 2509 carnem
1740 2468 1846 2509 non
1876 2454 2051 2509 inani-

476 2562 649 2611 tnam,
688 2545 781 2601 sed
814 2544 1143 2616 intelligenti
1191 2547 1370 2599 anima
1418 2544 1793 2611 informatam,
1826 2561 1894 2601 ex
1934 2561 2055 2600 mu-

476 2638 612 2694 liere
659 2639 924 2709 prodierit
979 2639 1162 2702 homo,
1215 2638 1415 2707 2311:
1480 2653 1714 2707 cumque
1787 2638 2057 2693 intulisset

480 2748 591 2787 non
627 2743 917 2803 propterea
942 2731 1177 2787 divisum
1225 2732 1290 2785 iri
1333 2730 1659 2802 [Christum]
1690 2732 1742 2785 in
1765 2734 1899 2786 duas
1930 2746 2058 2801 per-

481 2839 644 2878 sonas
687 2833 780 2877 aut
820 2823 980 2887 filios,
1019 2823 1112 2877 sed
1144 2822 1219 2876 ita
1266 2836 1486 2891 quoque
1528 2836 1839 2876 mansurum
1868 2836 2055 2885 unum,

482 2917 728 2986 adjungit
749 2916 1018 2985 quomodo
1042 2930 1147 2969 non
1175 2914 1294 2969 sine
1319 2928 1510 2979 carne,
1538 2929 1637 2968 nec
1657 2923 1811 2969 extra
1841 2928 2057 2983 corpus,

484 3010 579 3063 sed
625 3022 781 3063 suum
827 3021 891 3061 ac
922 3007 1201 3076 proprium
1248 3005 1449 3060 habeat
1500 3020 1717 3074 corpus,
1761 3004 2061 3059 secundum

480 3100 741 3155 unionem
774 3114 970 3169 nempe
1010 3096 1365 3154 indirulsum.
1423 3097 1485 3150 Et
1524 3097 1576 3150 in
1620 3096 1844 3166 epistola
1877 3098 1942 3150 ad
1987 3108 2059 3164 te,

485 3193 712 3263 aliisque
740 3192 879 3247 locis
910 3190 1117 3255 multis,
1158 3190 1344 3245 eadem
1374 3189 1574 3245 docere
1608 3188 1824 3261 legitur.
1855 3188 1927 3243 At
1956 3188 2058 3244 Se-

487 3286 699 3340 veriani
723 3283 1088 3340 differentiam
1114 3292 1235 3353 post
1265 3282 1704 3337 concurrentium
1746 3290 2058 3335 naturarum

476 3376 744 3431 unionem
777 3374 1011 3429 aversati
1040 3372 1315 3427 malitiose
1334 3382 1390 3427 et
1412 3372 1574 3440 impie
1594 3372 1829 3441 primum
1848 3373 2062 3441 quidem

486 3476 697 3535 ponunt
726 3480 909 3533 voces,
945 3479 1065 3533 qua:
1112 3462 1472 3518 differentiam
1516 3474 1834 3517 naturarum
1883 3462 2066 3518 decla-

484 3568 643 3625 rant;
675 3557 871 3612 deinde
914 3571 1043 3612 vero
1103 3571 1228 3611 cum
1283 3555 1404 3611 illas
1439 3556 1585 3625 ipsas
1643 3554 1847 3610 scilicet
1886 3555 2067 3609 inver-

481 3662 625 3715 tunt,
672 3665 836 3705 unam
866 3648 1029 3705 Verbi
1086 3659 1336 3703 naturam
1388 3649 1543 3704 aiunt
1597 3649 1962 3702 incarnatam.
1995 3647 2066 3703 At

485 3757 593 3796 non
625 3746 698 3795 ita
726 3741 917 3811 religio
946 3740 1248 3805 catholica,
1275 3741 1369 3795 sed
1395 3739 1580 3794 addita
1613 3741 1716 3794 hac
1739 3754 1894 3803 voce,
1922 3737 2066 3793 illico

484 3831 742 3900 deinceps
775 3831 1021 3887 ostendit
1072 3846 1176 3902 per
1206 3832 1351 3886 hanc
1390 3846 1578 3886 rursus
1609 3831 1805 3886 salvari
1838 3846 1905 3886 ex
1930 3846 2066 3885 con-

481 3920 706 3991 junctis|
750 3921 978 3977 alteram
1042 3921 1354 3976 indivisibili
1432 3922 1643 3976 ratione
1698 3920 1901 3986 unitis,
1947 3936 2070 3991 quae

487 4010 686 4086 [pietas
735 4012 1030 4085 catholica]
1075 4016 1323 4081 coarguit
1379 4014 1593 4080 impios,
1659 4015 1784 4067 dum
1832 4014 2071 4068 ostendit

493 4120 657 4160 unam
704 4104 869 4162 Verbi
912 4116 1162 4161 naturam
1216 4106 1559 4160 incarnatam
1595 4104 1729 4160 nihil
1763 4105 1906 4160 aliud
1948 4119 2071 4160 esse

487 4214 651 4267 quam
701 4198 1031 4254 iudivulsam
1082 4200 1384 4253 secundum
1418 4198 1750 4268 bypostasim
1793 4197 2068 4261 unionem,

490 4301 684 4345 natura
714 4289 990 4363 [utraque]
1024 4292 1234 4360 integra
1274 4301 1328 4345 et
1371 4289 1657 4344 inconfusa
1690 4304 1911 4360 semper
1939 4305 2071 4345 con-

492 4395 728 4440 servata.
758 4384 902 4439 Duas
920 4386 1069 4438 enim
1100 4383 1365 4438 indivisas
1391 4392 1616 4437 naturas
1647 4384 1884 4450 asserit,
1920 4381 2071 4451 quasi

496 4474 727 4529 dnarum
760 4474 1214 4529 convenientium
1248 4484 1565 4528 naturarum
1599 4474 1953 4529 diﬂerentiatn
1993 4476 2074 4528 in-

501 4566 691 4621 dicans
722 4584 736 4620 :
785 4576 838 4620 et
866 4581 1025 4620 unam
1067 4566 1229 4620 Verbi
1256 4576 1502 4620 naturam
1532 4566 1890 4633 incarnetam,
1915 4566 2073 4635 quasi

2091 3331 2138 3393 (ἔ

2151 702 2321 775 μένην
2367 702 2632 767 πολλάκις
2688 702 2938 773 φαίνεται
2981 701 3243 772 φάμενος,
3304 701 3432 772 μίαν
3464 701 3523 754 δὲ
3567 701 3723 769 φύσιν

2136 792 2388 865 Χριστοῦ
2430 793 2618 855 ἁπλῶς
2670 792 2840 846 εἰπὼν
2877 793 2978 845 οὐκ
3022 792 3089 845 ἂν
3122 790 3299 862 ἁλοίη.
3346 791 3411 843 Τί
3452 791 3499 844 δ’
3532 793 3602 844 ἂν
3641 791 3721 863 εἴη

2151 882 2312 952 φύσις
2355 882 2771 953 ἀνθρωπότητος
2810 882 2866 950 ἢ,
2913 880 2988 944 ὡς
3025 882 3188 943 αὐτὸς
3238 883 3398 934 πάλιν
3432 883 3493 933 ὲν
3546 880 3723 945 ἄλλοις

2152 976 2377 1044 ἐδίδαξε,
2410 976 2545 1047 σὰρξ
2583 975 2907 1046 ὲψυχωμένη
2948 975 3179 1044 νοερῶς;
3212 974 3287 1036 ὡς
3324 974 3419 1026 καὶ
3447 974 3539 1027 διὰ
3575 975 3725 1027 τοῦτο

2149 1068 2312 1121 πάλιν
2393 1066 2663 1131 σώζεσθαι
2741 1066 2850 1119 τῶν
2908 1065 3327 1137 συνδραμόντων
3394 1068 3474 1128 εἰς
3535 1066 3726 1117 ἕνωσιν

2149 1162 2475 1232 ἀδιαιρέτως
2526 1162 2810 1232 ἑκάτερον.
2845 1159 3014 1230 Δῆλον
3048 1156 3142 1214 οὖν
3187 1160 3250 1212 ὲκ
3276 1158 3384 1212 τῶν
3419 1158 3727 1230 εἰρημένων

2149 1251 2226 1317 ὡς
2255 1254 2304 1305 ol
2337 1249 2635 1324 όρθοδόξως
2674 1251 2923 1322 λέγοντες
2965 1252 3058 1306 καὶ
3100 1249 3244 1305 κατά
3288 1249 3567 1320 Κύριλλον
3612 1250 3727 1318 μίαν

2151 1345 2314 1417 φύσιν
2372 1344 2463 1399 τοῦ
2529 1345 2704 1413 Λόγου
2775 1344 3242 1414 σεσαρκωμένην,
3281 1343 3343 1397 ού
3392 1341 3535 1414 πρὸς
3583 1340 3729 1394 ἄλλον

2149 1440 2394 1511 ἀφορῶσι
2424 1437 2703 1509 σκοπὸν,ἢ
2736 1438 2882 1501 ὅστις
2911 1437 3091 1500 αὐτοῖς
3124 1437 3223 1506 τὴν
3260 1435 3521 1505 τοιαύτην
3552 1436 3728 1505 φωνὴν

2150 1529 2479 1585 ἐπιδείκνυσι
2500 1529 2600 1592 τάς
2618 1528 2712 1581 δύο
2732 1527 2919 1595 φύσεις
2940 1527 3034 1580 ἐπὶ
3057 1526 3151 1580 τοῦ
3178 1526 3459 1579 Δεσπότου
3494 1524 3727 1595 Χριστοῦ

2149 1621 2229 1691 τῷ
2272 1620 2562 1692 ἀδιαιρέτῳ
2615 1619 2833 1683 πάντως
2882 1618 3329 1687 συνεισάγουσαν.
3368 1619 3458 1671 Ἐν
3495 1617 3581 1687 τῷ
3632 1616 3730 1688 γὰρ

2151 1717 2327 1769 εἰπεῖν
2364 1714 2455 1767 τὸν
2506 1716 2775 1785 μακάριον
2817 1713 3085 1786 Κύριλλον
3135 1711 3404 1777 σώζεσθαι
3442 1711 3512 1765 δι’
3572 1711 3731 1782 αὐτῆς

2151 1809 2260 1864 τῶν
2287 1808 2703 1878 συνδραμόντων
2751 1808 2831 1870 εἰς
2857 1807 3054 1859 ἕνωσιν
3090 1805 3413 1877 ἀδιαιρέτως
3448 1804 3729 1875 ἐκατέρον.

2154 1901 2283 1975 [875
2311 1900 2404 1974 11.]
2430 1904 2577 1963 ποῖος
2604 1900 2669 1955 ἂν
2690 1899 2847 1962 ἄλλος
2864 1898 3261 1970 παρεισαχθείη
3283 1897 3487 1961 σκοπὸς
3520 1897 3557 1967 ἢ
3593 1899 3622 1949 ὁ
3644 1897 3732 1960 τὰς

2153 1994 2246 2050 δύο
2290 1995 2485 2064 φύσεις
2541 1994 2637 2046 ἐπὶ
2686 1992 2780 2046 τοῦ
2827 1992 3089 2063 Σωτῆρος
3140 1990 3380 2062 Χριστοῦ
3408 1988 3733 2060 ἑσωζομένιις

2153 2085 2439 2156 κηρύττων
2488 2082 2829 2153 ἁδιαιρέτους
2880 2082 2925 2114 ¹⁸
2978 2082 3072 2136 καὶ
3145 2080 3586 2153 ἀποδεχόμενος;
3618 2081 3734 2134 ρκαὶ

2152 2178 2310 2231 τοῦτο
2336 2174 2713 2248 φανερώτερον
2744 2175 2837 2229 καὶ¹
2855 2176 2912 2228 ὲν
2941 2177 3006 2245 τῇ
3032 2174 3169 2246 πρὸς
3198 2173 3500 2228 Σούκενσον
3533 2176 3565 2227 ό
3585 2174 3732 2236 αὐτὸς

2153 2271 2383 2342 δευτέρᾳ
2420 2272 2653 2323 ποιεῖται
2682 2268 2959 2339 ἐπιστολῇ.
3005 2267 3356 2341 Ἐρμηνεύων
3377 2268 3490 2339 γάρ
3515 2270 3579 2321 ἐν
3607 2269 3730 2338 αὐτῇ

2152 2363 2206 2416 τι
2234 2364 2364 2416 ποτέ
2388 2364 2535 2415 ἐστιν
2562 2360 2710 2431 αὐτῷ
2739 2361 2780 2393 ¹⁹
2815 2359 3053 2430 δηλοῦσα
3096 2362 3129 2432 ἡ
3173 2360 3273 2430 μία
3311 2360 3477 2430 φύσις
3512 2359 3612 2413 τοῦ
3645 2362 3735 2414 Λό-

2153 2473 2250 2525 γου
2276 2454 2697 2525 σεσαρκωμένη,
2750 2452 2844 2506 καὶ
2866 2451 3039 2505 εἰπὼν
3070 2451 3146 2516 ὡς
3177 2451 3322 2505 ἔστιν
3362 2452 3495 2515 Υἱὸς
3530 2453 3561 2504 ό
3588 2451 3735 2521 φύσει

2155 2548 2250 2601 καὶ
2300 2546 2539 2618 ἀληθῶς,
2589 2548 2639 2600 εἰ
2688 2548 2783 2600 καὶ
2835 2545 2977 2599 κατά
3017 2545 3327 2616 πρόσληψιν
3382 2545 3595 2615 σαρκὸς
3648 2546 3736 2597 ούκ

2157 2641 2392 2711 ἀψύχου,
2414 2640 2527 2694 ἀλλ’
2547 2638 2907 2710 ὲψυχωμένης
2923 2639 3126 2710 νοερῶς
3150 2638 3425 2709 προῆλθεν
3454 2637 3736 2709 ἄνθρωπος

2158 2736 2222 2787 ὲκ
2259 2732 2540 2801 γυναικὸς,
2582 2732 2678 2785 καὶ
2730 2730 3047 2799 ἐπενεγκὼν
3081 2730 3154 2793 ὡς
3190 2731 3248 2783 οὐ
3302 2728 3394 2782 διά
3439 2729 3608 2783 τοῦτο
3650 2748 3735 2798 με·

2160 2806 2581 2894 ρισθήσεταιεῐς
2613 2821 2707 2874 δύο
2739 2819 3024 2893 πρώσωπα
3052 2820 3085 2892 ἢ
3116 2821 3287 2885 υἱοὺς,
3312 2819 3447 2872 ἀλλά
3488 2821 3587 2873 καὶ
3610 2819 3737 2872 οὕτω

2159 2914 2403 2985 διαμενεῖ
2452 2910 2555 2977 εἷς,
2616 2912 2943 2983 προστίθησι
2995 2911 3115 2975 πῶς
3165 2912 3266 2965 ούκ
3330 2912 3578 2980 ἄσαρκος
3631 2911 3737 2964 οὐδὲ

2161 3006 2266 3071 ἔξω
2342 3006 2614 3076 σώματος,
2661 3005 2777 3058 ἀλλ’
2816 3005 2947 3058 ἴδιον
2992 3005 3133 3075 ἔχων
3182 3003 3314 3058 αὐτὸ
3353 3004 3534 3075 (δῆλον
3578 3004 3657 3056 ὅτι
3687 3005 3740 3056 τὸ

2164 3097 2347 3168 σῶμα)
2386 3097 2508 3150 καθ’
2541 3098 2734 3152 ἕνωσιν
2755 3098 3144 3152 ἀδιάσπαστον.
3172 3097 3291 3149 Κάν
3335 3099 3402 3166 τῇ
3440 3096 3671 3164 προςηη
3701 3097 3741 3127 ’⁸

2166 3188 2224 3242 δὲ
2255 3189 2513 3261 ἐπιστολῇ
2539 3190 2632 3242 καὶ
2666 3191 2724 3241 ἐν
2754 3188 2934 3252 ἄλλοις
2972 3188 3186 3252 πολλοῖς
3214 3188 3284 3242 τά
3307 3188 3446 3241 αὐτὰ
3485 3188 3742 3240 διδάσκων

2175 3281 2515 3352 εὑρίσκεται.
2550 3280 2693 3334 Ἀλλ’
2720 3282 2770 3334 οἱ
2808 3282 2938 3353 περὶ
2968 3281 3206 3352 Σεϐἦρον
3229 3282 3329 3351 τὴν
3353 3280 3622 3351 διαφορὰν
3649 3281 3745 3334 τῶν

2172 3373 2533 3426 συνελθόντων
2560 3374 2701 3442 μετά
2728 3373 2828 3444 τὴν
2858 3374 3056 3427 ἕνωσιν
3099 3374 3383 3443 ὁμολογεῖν
3431 3375 3533 3428 οὐκ
3567 3375 3740 3444 ἀνεχό-

2170 3482 2343 3531 μενοι,
2398 3463 2723 3537 κακούργως
2765 3483 2825 3518 τε
2886 3466 2980 3519 καί¹
3027 3464 3333 3528 δυσσεϐῶς
3376 3466 3600 3537 πρῶτον
3652 3466 3740 3534 μὲν

2166 3558 2419 3612 τάττουσι
2445 3558 2545 3622 τὰς
2583 3558 2766 3627 φωνὰς
2800 3558 2857 3612 αἳ
2889 3559 2932 3592 ³¹
2960 3558 3058 3629 τὴν
3096 3558 3363 3630 διαφορὰν
3393 3558 3617 3627 δηλοῦσι
3646 3559 3741 3611 τῶν

2168 3649 2405 3719 φύσεων,
2455 3650 2647 3705 ἔπειτα
2689 3649 2766 3715 δὲ,
2801 3650 2876 3714 ὡς
2926 3650 3085 3723 δῆθεν
3115 3651 3523 3723 ἀνατρέποντες
3560 3652 3741 3716 αὑτὰς,

2167 3742 2266 3812 τὴν
2291 3742 2424 3812 μίαν
2449 3741 2612 3811 φύσιν
2648 3742 2742 3796 τοῦ
2770 3742 2945 3811 Λόγου
2972 3760 3225 3814 σεσαρκω
3236 3745 3407 3813 μένην
3430 3745 3737 3813 ἐπάγουσιν.

2169 3836 2281 3904 Οὐχ
2303 3834 2445 3888 οὕτω
2482 3835 2539 3889 δὲ
2580 3837 2730 3889 ποιεῖ
2766 3837 2799 3907 ὴ
2832 3835 3107 3899 εὐσέϐεια,
3148 3836 3287 3889 ἀλλά
3322 3836 3534 3907 ταύτην
3582 3853 3741 3907 προσ-

2169 3928 2324 3983 θεῖσα
2346 3929 2395 3959 “
2424 3928 2534 4000 ξτὴν
2569 3929 2774 3999 φωνὴν,
2833 3928 2998 3993 εὐθὺς
3048 3930 3245 4000 ἐφεξῆς
3267 3930 3511 3983 δείκνυσι
3550 3930 3643 3985 καὶ
3667 3929 3742 3982 διὰ

2168 4019 2372 4089 ταύτης
2406 4018 2675 4083 σώζεσθαι
2706 4019 2867 4073 πάλιν
2904 4020 3013 4073 τῶν
3059 4020 3427 4073 συνελθόντων
3462 4023 3543 4084 εἰς
3564 4020 3742 4073 ἕνωσιν

2169 4108 2492 4179 ἀδιαιρέτως
2523 4109 3117 4182 ὲκάτερον,ὲλέγχουσα
3135 4113 3260 4176 τοὺς
3288 4112 3579 4176 δυσσεϐεῖς
3604 4113 3677 4174 ὡς
3714 4113 3741 4182 ἡ

2174 4201 2273 4272 μία
2316 4202 2410 4256 τοῦ
2438 4202 2615 4271 Λόγου
2657 4202 2818 4271 φύσις
2855 4203 2901 4235 ³³
2943 4206 3351 4275 σεσαρκωμένη
3386 4205 3545 4258 οὐδὲν
3572 4204 3740 4274 ἕτερον

2170 4292 2205 4363 ἢ
2234 4292 2331 4363 τὴν
2370 4292 2737 4347 ἀδιάσπαστον
2794 4294 2889 4347 καὶ
2931 4294 3054 4348 καθ’
3086 4296 3399 4349 ὑπόστασιν
3432 4297 3624 4351 ἕνωσιν
3660 4296 3741 4365 δη-

2172 4382 2273 4450 λοῖ,
2297 4382 2716 4454 φυλαττομένων
2740 4384 2883 4437 κατὰ
2910 4385 3090 4438 πάντα
3124 4386 3312 4456 καιρὸν
3343 4386 3404 4439 ὲν
3424 4385 3503 4456 τῷ
3526 4385 3741 4455 ἀσυγχύ-

2171 4490 2250 4545 τῳ
2287 4473 2395 4527 τῶν
2428 4474 2664 4543 φύσεων.
2706 4472 2810 4528 Δύο
2844 4475 2955 4547 γὰρ
2993 4475 3190 4545 φύσεις
3232 4477 3576 4549 ἀδιαιρέτους
3601 4475 3738 4539 δοξά-

2174 4565 2279 4631 ζει,
2316 4565 2393 4630 ὡς
2425 4568 2488 4621 τὺ
2524 4566 2780 4639 διάφορον
2832 4568 2943 4620 τῶν
2987 4568 3351 4623 συνελθόντων
3388 4570 3734 4639 κηρύττουσι,

494 4656 670 4725 ipsum
694 4654 873 4711 Patris
899 4665 1027 4709 ante
1053 4654 1251 4709 saecula
1273 4655 1513 4711 Verbum
1539 4655 1772 4710 humana
1792 4668 2059 4727 assumpta

2176 4660 2270 4713 καὶ
2288 4659 2419 4730 μίαν
2439 4659 2601 4730 φύσιν
2627 4660 2721 4715 τοῦ
2748 4660 2922 4731 Λόγου
2954 4663 3409 4734 σεσαρκωμένην,
3445 4665 3524 4727 ὡς
3545 4666 3625 4718 τὸν
3652 4664 3735 4716 αὑ-

493 4762 689 4807 natura
720 4751 1072 4806 iucarnatum
1096 4750 1315 4805 docens.

567 4946 696 5003 Haec
720 4959 774 5004 et
799 4949 885 5004 his
912 4950 1137 5016 similia,
1160 4960 1449 5021 postquam
1491 4965 1589 5020 pro
1615 4950 1763 5007 vocis
1788 4952 2076 5022 propositae

496 5042 813 5097 defensione
878 5043 1055 5109 dixit,
1114 5045 1463 5114 ostenditque
1528 5046 1715 5099 eadem
1777 5060 1807 5098 a
1870 5045 2078 5115 synodo

497 5131 923 5189 Cbalcedonensi
952 5134 1203 5203 iudicata
1248 5148 1303 5190 et
1328 5137 1642 5206 praedicata,
1681 5150 1804 5190 cum
1834 5150 1932 5205 per
1952 5134 2080 5201 alia,

502 5235 613 5277 tum
660 5238 726 5278 ex
778 5226 845 5280 iis
894 5227 1091 5295 quibus
1116 5230 1353 5299 synodus
1379 5228 1552 5283 sancti
1592 5226 1836 5282 Flaviani
1868 5228 2099 5300 profes-.

499 5315 709 5370 sionem
744 5316 868 5372 ﬁdei
899 5319 1068 5389 ipsius
1092 5336 1252 5374 utanu
1280 5321 1536 5390 scriptam
1569 5322 1933 5388 confirmavit,
1961 5322 2080 5375 vin-

499 5409 653 5461 dicat
703 5423 891 5464 vocem
952 5408 1073 5480 [seu
1128 5411 1413 5465 formulam
1465 5412 1611 5468 illam
1676 5412 1953 5485 Ecclesiae]
2011 5414 2079 5468 ab

498 5506 769 5560 haereseos
840 5507 1183 5576 suspicione;
1216 5507 1563 5576 vindicatque
1613 5512 1849 5579 seipsum
1884 5528 1913 5563 a
1973 5525 2080 5563 non

2177 4751 2268 4805 τὸν
2305 4750 2400 4804 τοῦ
2452 4750 2665 4823 Πατρὸς
2729 4753 3055 4822 προαιὼνιον
3111 4754 3284 4822 Λόγον
3336 4754 3732 4827 ἑνανθρωπῆσαι

2179 4842 2647 4915 καὶ.σαρκωθῆναι
2664 4843 3087 4915 δογματίζουσα.

2252 4958 2437 5013 Ταῦτα
2467 4958 2561 5013 καὶ⁵
2589 4958 2816 5013 τοιαῦτα
2844 4958 2890 4990 ’⁸
2922 4959 3065 5029 ὑπὲρ
3103 4960 3202 5029 τῆς
3233 4963 3600 5033 προκειμένης
3624 4961 3737 5013 ἀπο-

2180 5050 2551 5121 λογησάμενος
2599 5051 2784 5119 φωνῆς
2792 5092 2817 5137 θ
2856 5050 2949 5104 καὶ
2985 5051 3054 5104 τὰ
3102 5051 3241 5105 αὺτά
3283 5051 3384 5120 τὴν
3437 5054 3497 5107 ὲν
3548 5051 3736 5118 Καλχη-

2180 5144 2288 5198 δόνι
2316 5144 2360 5176 ”
2396 5142 2613 5197 σύνοδον
2649 5140 2958 5213 φρονοῦσάν
2988 5158 3049 5195 τε
3098 5142 3193 5195 καὶ¹
3228 5141 3595 5212 κηρύττουσαν
3631 5144 3736 5191 ἑπι-

2180 5234 2494 5305 δειξάμενος
2519 5234 2608 5288 διά
2655 5250 2716 5287 τε
2760 5232 2945 5287 ἀλλων
2981 5232 3078 5286 καὶ
3133 5232 3194 5299 ἐξ
3239 5226 3313 5286 ὧν
3347 5232 3441 5286 τοῦ
3485 5236 3542 5286 ἐν
3583 5232 3737 5298 ἁγὶοις

2185 5326 2486 5380 Φλαόιανοῦ
2521 5326 2803 5397 ιδιόχειρον
2839 5324 3025 5379 πίστιν
3072 5323 3513 5392 ἀναγνωσθεῖσαν
3558 5326 3585 5391 ἡ
3627 5321 3738 5374 σύνο

2186 5418 2303 5479 οδος
2335 5416 2457 5489 [461
2497 5415 2589 5489 IL]
2618 5414 2995 5485 ἐπεκύρωσεν,
3028 5414 3365 5469 ἀπαλλάττει
3402 5415 3500 5485 μὲν
3535 5413 3619 5483 την
3643 5430 3738 5480 φω-

2188 5512 2285 5580 νὴν
2310 5509 2592 5579 αἱρετικῆς
2623 5506 2970 5578 ὑπολήψεως,
3004 5506 3335 5562 ἀπαλλάττει
3358 5507 3414 5561 δὲ
3441 5506 3532 5561 καὶ
3564 5504 3730 5559 ἑαυτὸν

1778 5668 2014 5723 VARLE
2061 5668 2353 5725 LECTION
2363 5668 2466 5724 ES.

576 5800 618 5831 ⁸⁸
650 5801 970 5891 ἀδιαιρέτως
1015 5819 1074 5865 ς.
1155 5807 1198 5835 ¹⁹
1230 5804 1391 5891 ἀὐτῷ
1422 5820 1562 5859 corr.
1597 5806 1636 5858 A
1674 5822 1687 5858 :
1721 5805 1854 5891 αύτό
1886 5824 1949 5871 ς.
2024 5805 2193 5891 ‘°“...]
2228 5808 2279 5859 in
2317 5822 2399 5874 pr.
2499 5805 2687 5891 lacuna
2724 5816 2827 5891 est,
2855 5821 3112 5891 qum_n0n
3151 5815 3259 5891 tota
3284 5803 3732 5891 imﬂlelut‘ittscri-

498 5882 590 5944 ptg
617 5871 811 5944 postea
841 5871 1137 5927 Σούκενσον
1173 5891 1187 5904 ·

488 5940 595 6022 ,τοῦ
622 5941 795 6011 Λόγου
835 5960 893 6007 ς.
1008 5946 1052 5977 ³³
1078 5946 1170 6000 καὶ
1204 5950 1271 5999 τὰ
1302 5964 1349 5999 τ.
1376 5962 1439 6011 ς.
1551 5949 1595 5978 ’⁵
1623 5948 1797 6000 Χαλκ.
1826 5949 1885 6001 Β.

1226 5873 1526 5929 Ξούκενσον
1565 5890 1725 5929 etiam
1757 5876 1796 5928 Β
1826 5887 1880 5929 cl
1904 5893 2047 5933 corr.
2077 5878 2117 5932 (ὲ
2156 5873 2254 5931 ι’σε
2287 5873 2347 5940 ς.
2424 5880 2467 5909 ²¹¹
2500 5877 2563 5929 αῖ
2589 5879 2634 5931 Λ
2667 5895 2678 5929 ;
2707 5877 2799 5930 καί
2828 5873 2888 5939 ς.

2982 5878 3026 5909 ³³
3060 5878 3323 5946 προθεῖσα
3356 5876 3415 5931 Β.
3519 5875 3557 5906 ⁸³
3586 5874 3732 5943 φύσις
