4066 6400
314 479 453 548 1073

1346 503 1873 572 BIBLIOTHECA.
1917 537 1984 549 -
2024 515 2188 577 COD.
2228 516 2506 580 CCXXX.

3426 508 3563 575 10M

308 599 412 652 οὐκ
466 600 702 670 εὐαγούς
752 602 1031 672 ὑπονοίας,
1068 609 1136 681 ἢν
1182 614 1311 684 περὶ
1362 616 1527 672 αὐτοῦ
1561 620 1607 652 ’⁸
1640 621 1668 675 ὁ
1716 626 1876 694 Δομε-

1990 626 2199 683 sincera
2247 630 2526 698 opinione,
2560 638 2723 696 quam
2761 624 2835 679 illi
2887 624 3229 680 Domitianus
3260 624 3561 692 suspiciose

308 691 493 755 τιανὸς
536 693 871 760 ύπετόπαζε,
911 699 1151 769 νομίζων
1182 704 1359 759 ἀὑτὸν
1389 709 1448 762 ού
1492 712 1634 767 κατὰ
1661 691 1890 787 γνώμην

310 781 617 837 ἐνδιάθετον
654 784 753 857 τὴν
804 788 1063 861 τοιαύτην
1112 794 1442 853 οἰκειοῦσθαι
1492 804 1589 856 καὶ
1627 781 1889 876 προάγειν

309 874 518 944 φωνὴν,
557 875 617 943 ἐξ
667 879 981 952 οἰκονομίας
1011 882 1088 951 δὲ,
1128 888 1221 941 καὶ
1248 887 1392 944 ὥστε
1443 893 1513 947 δι’
1561 874 1731 970 αὐτῆς
1762 901 1889 965 τοὺς

310 965 586 1033 ἀκροατὰς
634 969 963 1042 εὐμηχάνως
998 974 1155 1045 ἄγειν
1198 980 1337 1049 πρὸς
1365 982 1611 1056 ἑνότητα,
1660 965 1755 1043 καὶ
1788 989 1888 1056 τὰς

308 1057 616 1153 προφάσεις
649 1063 1011 1153 περικόπτειν
1047 1070 1156 1123 τῶν
1185 1073 1283 1141 τῆς
1322 1074 1619 1149 καθολικῆς
1654 1080 1887 1153 Ἐκκλη-

309 1147 432 1212 σίας
472 1149 829 1209 διαστάσεων.
860 1156 1046 1215 Ταῦτα
1071 1164 1164 1217 καὶ
1200 1165 1425 1222 τοιαῦτα
1462 1169 1627 1241 ἕτερα
1656 1174 1889 1229 ἐπιστεί-

307 1236 606 1338 λαςὶἆπερ
641 1246 744 1299 κάν
792 1250 907 1313 τοῖς
936 1253 1270 1322 προλαϐοῦσι
1303 1258 1487 1329 λόγοις
1521 1236 1883 1338 διεξελήλυθε,

306 1330 411 1426 καὶ.
432 1332 634 1405 Θερμὸν
667 1338 858 1394 ἑαυτὸν
887 1342 985 1415 τῆς
1024 1362 1085 1398 τε
1120 1348 1261 1403 κατὰ
1299 1352 1620 1426 Καλχηδόνα

306 1421 589 1493 πρόμαχον
614 1426 706 1481 καὶ
744 1429 847 1497 τῆς
886 1430 981 1489 τοῦ
1031 1435 1089 1489 ἐν
1122 1436 1299 1503 ἁγίοις
1326 1421 1493 1494 πάτὲοί-
1514 1442 1740 1507 Λέοντος
1764 1446 1886 1500 ἐπι-

305 1508 501 1580 στολῆς
528 1511 616 1567 διὰ
650 1515 882 1585 πολλῶν,
916 1511 1099 1594 ὧνπερ
1145 1524 1413 1598 διαφόρως
1441 1529 1668 1602 ἔγραψε,
1700 1551 1883 1607 παρα-

304 1603 665 1692 στησάμενος.
690 1609 864 1680 πέρας
889 1612 1259 1687 τῷγράμματι
1294 1621 1625 1692 ἐπιτίθησιν.

374 1690 582 1790 Γράφει
610 1697 667 1751 δὲ
696 1701 723 1753 ὁ
752 1701 916 1768 αὐτὸς
943 1702 1227 1773 Θεσπέσιος
1268 1711 1408 1783 ἀνὴρ
1443 1690 1538 1767 καὶ
1578 1716 1716 1787 πρὸς
1742 1719 1880 1790 Χρι-

303 1788 567 1886 στοῗόρον
594 1794 738 1858 τινὰ,
772 1795 833 1849 ὃν
865 1797 1027 1864 αὐτὸς
1058 1801 1353 1858 ὁσιώτατον
1398 1807 1716 1882 ἐπιγράφει,
1744 1788 1881 1886 γρα-

1990 719 2283 786 objecerat,
2320 720 2462 788 quod
2492 718 2832 772 existimaret
2874 730 3064 770 vocem
3114 715 3273 769 talem
3312 730 3417 768 non
3447 714 3562 768 sin-

1990 824 2114 865 cere
2136 824 2202 864 ex
2235 809 2417 865 animo
2453 810 2522 864 ab
2566 824 2634 863 eo
2674 807 2920 877 usurpari
2957 815 3014 863 et
3043 807 3291 875 proponi,
3322 807 3415 860 sed
3447 806 3561 858 dis-

1991 902 2309 970 pensatione
2338 903 2594 972 quadam,
2626 911 2686 956 ut
2719 916 2814 971 per
2841 915 2962 955 eam
2990 901 3265 954 auditores
3300 898 3444 951 nullo
3470 913 3563 953 ue-

1990 995 2137 1065 gotio
2169 994 2238 1049 ad
2281 995 2547 1050 unitatem
2585 1002 2884 1056 revocaret,
2918 1006 3222 1060 causasque
3261 990 3561 1045 dissensio-

1991 1100 2118 1139 num
2151 1084 2220 1139 ab
2255 1083 2496 1141 Ecclesia
2525 1083 2791 1139 catholica
2829 1082 3166 1154 przecidcret.
3200 1080 3328 1135 llaec
3364 1091 3420 1133 et
3460 1082 3561 1133 hoc

1988 1190 2158 1244 genus
2185 1176 2291 1232 alia
2316 1192 2438 1232 cum
2477 1176 2882 1246 perscripsisset
2911 1175 3054 1247 (quae
3082 1184 3139 1228 et
3173 1174 3226 1227 in
3261 1171 3561 1243 superiori-

1987 1269 2088 1324 bus
2120 1268 2273 1324 libris
2301 1268 2647 1339 exposuerat)
2677 1276 2731 1323 et
2775 1282 2898 1323 sese
2941 1267 3220 1322 ardentem
3266 1263 3564 1319 Chalcedo—

1987 1364 2170 1419 nensis
2201 1362 2414 1434 synodi,
2448 1372 2615 1432 atque
2651 1361 2826 1417 sancti
2874 1360 3072 1414 Leonis
3122 1373 3274 1429 papae
3320 1354 3562 1426 epistolae

1987 1455 2175 1511 multis
2202 1470 2264 1512 ac
2306 1455 2474 1511 variis
2511 1455 2733 1525 scriptis
2772 1461 3232 1524 propugnatorem
3282 1449 3563 1503 exhibuis-

1984 1552 2088 1609 set,
2118 1543 2364 1615 epistola
2389 1544 2549 1600 finem
2574 1542 2854 1613 imposuit.

2054 1722 2260 1780 Scribit
2302 1722 2448 1778 idem
2497 1720 2837 1777 venerandus
2874 1719 2959 1774 vir
2993 1718 3061 1774 ad
3099 1716 3558 1787 Christophorum

1982 1813 2295 1885 quemdam,
2321 1828 2483 1884 quem
2510 1814 2626 1882 ipse
2652 1811 3057 1867 sanctissimum
3106 1810 3159 1865 in
3206 1809 3562 1879 inscriptione

300 1878 481 1977 φικῶν
514 1883 836 1955 ἐρωτήσεων
869 1890 1238 1963 αἰτησάμενον
1264 1894 1467 1962 λύσεις.
1502 1878 1585 1954 Τὰ
1618 1878 1705 1956 Ῠδὲν

1979 1878 2289 1963 litterarum
2322 1878 2592 1977 appellat,
2637 1905 2835 1976 282a
2875 1912 3098 1973 rogatus
3148 1902 3216 1957 ab
3282 1916 3347 1957 eo
3396 1909 3455 1955 ut
3493 1901 3561 1956 ad

297 1969 520 2071 fruit-5.3m
574 1973 693 2027 ἐστί
730 1976 947 2047 πρῶτον
981 1981 1100 2051 μὲν,
1136 1983 1261 2046 Πῶς
1291 1984 1373 2040 δεῖ
1425 1990 1567 2044 νοεῖν
1597 1994 1660 2046 τὸ
1704 1969 1784 2047 ἐν’
1813 1997 1876 2068 τῇ

1982 2000 2245 2071 quasdam
2288 1969 2373 2055 ex.
2395 1969 2585 2055 sacris?
2609 1969 2832 2054 L—i-tmris
2861 1996 3231 2053 dubitationes
3261 1996 3559 2066 responde-

296 2057 531 2132 δευτέρα
552 2063 597 2095 ³⁷
624 2064 733 2118 τῶν
762 2067 1060 2127 Βασιλειῶν
1105 2075 1396 2147 εἰρημένον
1417 2095 1431 2109 ⁸
1481 2082 1595 2136 Καὶ
1644 2057 1881 2143 ἐπέσειῖ

294 2165 414 2203 σεν
447 2152 493 2184 ’⁸
541 2156 575 2207 ό
619 2155 766 2223 Θεὸς
808 2158 914 2213 τὸν
959 2162 1137 2218 Δαϐἰδ
1175 2167 1499 2239 ἀριθμῆσαι
1537 2175 1645 2230 τὸν
1684 2180 1877 2234 λαόν*

292 2244 393 2341 καὶ
415 2246 554 2341 μετὰ
584 2248 779 2304 ταῦτα·
805 2254 939 2309 Ὀτι
966 2256 1322 2329 ἠρίθμησεν,
1340 2264 1730 2341 ἠγανάκτησε
1746 2275 1877 2330 κατ’

292 2336 519 2406 αὐτοῦς
559 2342 652 2395 καὶ
692 2344 994 2412 ἐπιλύεται,
1027 2349 1109 2404 ὅτι
1133 2352 1265 2407 Θεὸν
1303 2356 1564 2423 πολλάκις
1593 2336 1879 2438 ἰι-Γραφὴ,

294 2429 491 2526 ῶσπερ
513 2434 623 2526 καὶΔ
654 2435 884 2509 Κύριον,
919 2440 981 2493 οὐ
1013 2442 1175 2513 μόνον
1214 2446 1307 2498 τὸν
1340 2448 1592 2513 ἀληθινὸν
1616 2429 1879 2526 ’ὀνομάζει

297 2520 458 2585 Θεὸν,
504 2522 638 2578 ἀλλὰ
672 2528 768 2580 καί,
820 2527 983 2583 αὐτὸν
1026 2531 1117 2586 τὸν
1162 2532 1262 2604 τῆς
1306 2539 1572 2610 πονηρίας
1620 2520 1875 2615 ἄρχοντα.

297 2613 428 2687 [876
460 2615 550 2690 IL]
587 2620 747 2676 Κατὰ
790 2623 952 2677 τοῦτο
981 2625 1090 2697 γὰρ
1129 2627 1192 2681 τὸ
1236 2633 1633 2704 σημαινόμενον
1661 2613 1759 2693 καὶ
1787 2641 1877 2695 τὸν

294 2709 511 2764 Παῦλον
540 2713 707 2782 φάναι
726 2730 742 2745 ⁸
784 2714 887 2770 Ἐν
918 2711 1008 2784 οἷς
1038 2720 1072 2773 ὁ
1111 2719 1256 2786 Θεὸς
1282 2724 1389 2778 τοῦ
1410 2725 1626 2796 αἰῶνος
1658 2733 1876 2790 τούτου

287 2801 607 2872 ἐτύφλωσε
645 2807 753 2876 τὰς
782 2810 1033 2879 καρδίας
1077 2812 1196 2867 τῶν
1220 2815 1513 2873 ἀπίστων.
1558 2823 1667 2877 Καὶ
1696 2827 1724 2879 ὁ
1766 2827 1876 2881 Σω-

286 2898 398 2968 τήρ
419 2914 433 2927 ·
460 2900 542 2955 Οὐ
568 2900 835 2959 δύνασθε
866 2906 1010 2961 δυσί
1046 2909 1275 2977 κυρίοις
1296 2910 1629 2971 δουλεύειν.
1662 2917 1752 2971 Διὸ
1780 2920 1875 2974 καὶ

288 2993 350 3044 ἐν
385 2995 449 3064 τῇ
498 2992 690 3069 πρώτῃ
724 2997 835 3051 τῶν
863 2999 1365 3074 Παραλειπομένων
1392 3008 1875 3080 ἀπαρακαλύπτως

286 3081 383 3176 τὸν
419 3083 666 3176 διάϐολον
712 3087 861 3158 λέγει
908 3093 1003 3146 τὸν
1037 3094 1391 3152 ἐπισείσαντα
1419 3099 1510 3153 τὸν
1554 3102 1719 3155 Δαὸἰδ
1752 3105 1876 3176 ἀριη

287 3171 502 3242 θμῆσαι
532 3174 624 3228 τὸν
651 3174 800 3230 λαόν.
829 3180 980 3251 Πλὴν
1015 3182 1110 3235 καὶ
1140 3183 1201 3235 τὸ
1223 3185 1353 3255 παρ’
1382 3187 1514 3255 ἡμῖν
1537 3171 1872 3260 ἀντίγραῲον

284 3265 387 3335 ούχ
408 3266 484 3330 ὡς
514 3267 576 3321 τὸ
602 3270 912 3326 ἀποσταλὲν
944 3273 1095 3344 παρὰ
1126 3275 1221 3329 σοῦ
1252 3278 1520 3349 περιέχει.
1549 3281 1701 3351 Ἔχει
1728 3283 1868 3355 γάρ·
1897 3323 1940 3383 c

293 3357 397 3383 ιν..ι
426 3360 743 3383 hum”-
782 3365 825 3383 ,,
888 3363 911 3383 .,
936 3367 981 3383 ..ι
1016 3370 1059 3383 ..
1146 3368 1159 3383 .
1264 3369 1278 3383 .
1413 3370 1439 3380 -
1572 3372 1585 3383 .
1656 3373 1703 3383 .-

285 3357 399 3411 Καὶ
420 3360 749 3427 προσέθετο
769 3363 916 3435 ὀργὴ
936 3367 981 3399 ¹⁹
1008 3368 1231 3434 Κυρίου
1252 3369 1543 3440 ἐκκαῆναι
1559 3372 1630 3427 ἐν
1656 3373 1871 3444 Ἰερου-

284 3450 521 3520 σαλὴμ,
569 3455 667 3509 καί
709 3455 995 3512 ἐπέσεισε
1042 3458 1147 3513 τὸν
1188 3461 1367 3515 Δαόἰδ
1414 3463 1484 3517 ἐν
1514 3465 1741 3533 αὐτοῖς,
1778 3469 1874 3523 καὶ

283 3539 437 3611 ἑξῆς,
469 3543 545 3608 ὡς
572 3547 748 3600 δοκεῖν
780 3566 899 3613 πως
926 3549 1097 3622 ὀργὴν
1128 3551 1362 3607 ἐνταῦθα
1391 3554 1870 3629 λέγεσθαιΚυρίου

279 3635 377 3687 τὸν
408 3637 699 3708 εἰρημένον
736 3639 796 3692 ἐν
824 3641 1340 3715 Παραλειπομέναις
1365 3647 1636 3704 διάϐολον.
1660 3650 1785 3703 Είτε
1813 3651 1873 3705 δὲ

281 3724 491 3790 οὕτως,
524 3728 634 3783 εἴτε
661 3730 734 3794 ὡς
757 3732 1043 3804 γέγραφας
1079 3734 1191 3805 ἔχει
1221 3734 1283 3788 τὸ
1315 3736 1502 3807 ῥητὸν,
1533 3735 1688 3810 οἶμαι
1713 3758 1874 3809 φανε-

286 3817 396 3889 ρῶς
420 3818 519 3892 τὴν
548 3821 701 3877 λύσιν
728 3825 1098 3897 ἀναμφίϐολον
1133 3828 1435 3900 προελθεῖν.
1464 3831 1588 3885 Ὀτι
1616 3833 1674 3886 δὲ
1723 3835 1874 3906 ὁμώ-

281 3928 455 3982 νυμον
480 3912 575 3967 καὶ
603 3914 664 3967 τὸ
692 3916 911 3986 Κύριος
933 3917 1027 3972 καὶ
1052 3917 1114 3971 τὸ
1148 3919 1312 3985 Θεὸς,
1343 3920 1439 3974 καὶ
1468 3921 1566 3993 (ὡς
1588 3923 1799 3996 ἐρρήθη
1824 3926 1870 3959 ³ο

282 4003 571 4076 πολλάκις)
602 4007 699 4060 καὶ
736 4008 781 4040 ³¹
821 4009 915 4062 ἐπὶ
947 4008 1043 4063 τοῦ
1084 4009 1463 4082 ἀντικειμένου
1506 4014 1873 4087 παραλαμόά-

280 4114 436 4151 νεται
469 4100 535 4169 τῇ
585 4098 709 4171 ἱερᾷ
734 4100 951 4172 Γραφῇ,
983 4103 1199 4173 είρηται
1234 4104 1358 4173 μὲν,
1391 4104 1544 4159 οὐδὲν
1584 4105 1641 4160 δὲ
1670 4108 1871 4163 κωλύει

279 4188 376 4242 καὶ
396 4189 463 4242 δι’
495 4190 697 4262 ἐτέρων
724 4192 768 4224 ³⁸
795 4192 1191 4257 πιστώσασθαι.
1228 4197 1317 4250 Ἐν
1346 4197 1455 4270 γὰρ
1483 4201 1550 4271 τῇ
1579 4199 1871 4273 νομοθεσίᾳ

280 4281 347 4351 τῇ
379 4279 512 4351 περὶ
545 4280 641 4335 τοῦ
677 4283 891 4355 Πάσχα,
934 4284 1073 4355 μετὰ
1107 4287 1169 4339 τὸ
1196 4290 1382 4358 χρῖσαι
1415 4288 1492 4359 τῷ
1533 4290 1731 4361 αἵματι
1769 4291 1871 4364 τὴν

281 4371 446 4441 φλιὰν
489 4374 584 4427 καὶ
628 4375 755 4439 τοὺς
794 4375 1069 4447 σταθμούς
1094 4393 1107 4407 °
1153 4378 1339 4448 Ὑμεῖς
1368 4379 1437 4433 δὲ
1468 4382 1580 4436 οὐκ
1623 4382 1869 4448 ἐξελεύ-

279 4468 503 4529 σεσθε,
557 4468 761 4538 φησιν,
814 4468 1074 4535 ἕκαστος
1120 4470 1236 4537 τὴν
1302 4472 1489 4541 θύραν
1531 4472 1720 4539 αὑτοῦ
1757 4473 1867 4542 ἕως

279 4554 450 4620 πρωῒ,
497 4557 599 4610 καί
658 4559 1098 4625 παρελεύσεται
1153 4561 1370 4629 Κύριος
1413 4561 1674 4628 πατάξαι
1726 4563 1870 4629 τοὺς

1984 2104 2085 2148 ret.
2111 2092 2454 2161 Quaestiones
2486 2107 2647 2163 porro
2671 2092 2753 2147 Ine
2786 2100 2949 2145 sunt:
2977 2088 3047 2143 Et
3079 2089 3203 2157 fecit
3226 2088 3365 2142 Deus
3392 2087 3559 2142 David

1980 2201 2259 2240 numerare
2303 2184 2611 2255 populumc.
2659 2183 2726 2251 Et
2777 2181 2919 2236 infra
2961 2195 2978 2236 :
3033 2180 3173 2248 Quia
3233 2180 3550 2247 numeravit,

1981 2277 2283 2347 indignatus
2322 2286 2399 2331 est
2423 2286 2609 2330 contra
2639 2290 2755 2329 eum
2780 2273 2829 2328 ἀ.
2859 2272 3171 2343 Respondet
3196 2272 3476 2343 Eulogius,
3504 2272 3560 2327 in

1981 2369 2178 2425 divinis
2230 2367 2453 2422 Litteris
2524 2367 2693 2423 Deum
2756 2365 3209 2436 quemadmodum
3268 2373 3325 2420 et
3379 2363 3561 2419 Domi-

1980 2479 2108 2517 num
2137 2476 2243 2517 non
2272 2460 2446 2516 solum
2482 2474 2668 2516 verum
2697 2460 2890 2524 Deum,
2916 2457 3009 2514 sed
3047 2457 3209 2513 etiam
3241 2457 3409 2528 ipsius
3430 2456 3561 2511 mali

1979 2554 2278 2626 principem
2306 2552 2597 2608 nominari.
2624 2553 2680 2605 ln
2706 2552 2809 2607 hoc
2835 2551 3114 2607 intellectu
3157 2549 3358 2605 Paulus
3380 2550 3514 2604 dixit
3539 2567 3555 2604 :

1980 2645 2048 2701 In
2078 2637 2447 2716 quibus'Deus
2483 2644 2641 2715 hujus
2681 2644 2866 2699 διεσαίὶ
2900 2645 3180 2698 excaecauit
3218 2652 3414 2698 mentes
3472 2644 3560 2697 in-

1976 2736 2263 2805 ﬁdelium°.
2294 2735 2361 2789 Et
2385 2735 2637 2790 Salvator
2668 2752 2682 2789 :
2710 2732 2878 2788 Nemo
2894 2744 3059 2802 potest
3085 2734 3289 2787 duobus
3328 2735 3557 2787 dominis

1977 2827 2223 2886 servire'.
2255 2829 2392 2886 Hinc
2432 2834 2485 2885 in
2517 2829 2693 2898 primo
2723 2827 3177 2899 Paralipomenon
3207 2838 3396 2896 aperte
3426 2828 3559 2881 dicit

1978 2922 2234 2977 Davidem
2280 2937 2310 2976 a
2346 2921 2554 2978 Satana
2606 2921 2890 2977 incitatum
2936 2920 3106 2975 fuisse
3146 2930 3204 2973 ut
3248 2930 3558 2974 numeraret

1977 3014 2281 3083 populum:
2334 3013 2439 3069 nisi
2501 3014 2645 3083 quod
2694 3022 2943 3067 nostrum
2992 3012 3271 3082 exemplar
3316 3028 3439 3067 cum
3492 3030 3558 3064 eo

1977 3108 2119 3175 quod
2141 3120 2170 3158 a
2204 3114 2255 3160 te
2280 3104 2507 3159 missum
2532 3112 2636 3169 est,
2657 3118 2766 3159 non
2789 3103 3062 3160 convenit.
3083 3104 3160 3158 lla
3183 3104 3325 3158 enim
3355 3102 3552 3158 habet:

1976 3196 2045 3251 Et
2075 3195 2286 3250 addidit
2311 3196 2463 3266 furor
2504 3195 2718 3251 Domini
2736 3197 2897 3251 irasci
2928 3206 3112 3251 contra
3162 3195 3482 3259 Jerusalem,
3507 3205 3556 3248 et

1976 3289 2247 3344 commovit
2276 3288 2448 3343 David
2473 3289 2528 3342 in
2552 3289 2684 3358 ipsis
2708 3297 2755 3355 Β,
2795 3298 2850 3344 et
2881 3303 3003 3359 qua:
3033 3299 3356 3357 sequuntur.
3393 3287 3469 3341 lta
3498 3295 3559 3343 ut

1976 3384 2224 3441 videatur
2263 3385 2311 3440 is
2340 3384 2433 3454 qui
2466 3384 2646 3441 dictus
2679 3394 2765 3440 est
2798 3384 2851 3438 in
2888 3382 3320 3453 Paralipomenis
3363 3382 3554 3436 diabo-

1974 3477 2081 3542 lus,
2105 3477 2198 3533 hic
2232 3478 2317 3532 ira
2342 3476 2557 3532 Domini
2579 3476 2863 3547 appellari.
2889 3477 3067 3545 Atque
3096 3476 3208 3528 sive
3232 3473 3314 3529 sic
3343 3471 3426 3545 [ut
3456 3486 3556 3537 ego

1974 3570 2149 3644 lego],
2179 3572 2294 3627 sive
2314 3579 2371 3625 ut
2399 3579 2453 3625 tu
2484 3569 2851 3640 scripsisti,se
2867 3568 3019 3624 locus
3048 3568 3345 3638 Scriptura;
3367 3565 3551 3629 habet,

1973 3664 2230 3719 existimo
2259 3673 2440 3718 tamen
2473 3672 2677 3718 certam
2705 3670 3062 3731 apertamque
3086 3674 3209 3715 esse
3234 3659 3555 3729 quaestionis

1972 3754 2322 3809 solutionem.
2358 3752 2511 3821 Quod
2540 3769 2671 3827 ergo
2697 3769 2803 3810 vox
2846 3753 3129 3819 Dominus,
3163 3761 3219 3808 et
3241 3766 3343 3806 vox
3393 3749 3555 3812 Deus,

1972 3845 2027 3901 in
2078 3859 2233 3899 sacra
2289 3843 2575 3915 Scriptura
2621 3847 2905 3914 arquivoca
2953 3847 3045 3910 sit,
3100 3846 3400 3912 eademque
3458 3840 3559 3913 (uti

1975 3950 2120 4007 saepe
2151 3936 2355 3992 dictum
2382 3939 2492 4008 est)
2523 3938 2576 3991 in
2610 3939 2948 4001 contrarium
2980 3952 3201 3992 sensum
3234 3936 3555 4005 accipiatur,

1971 4028 2301 4098 explicatum
2326 4038 2432 4085 est.
2460 4028 2607 4084 Nihil
2634 4040 2813 4084 tamen
2842 4030 3043 4093 obstat,
3071 4027 3363 4097 quominus
3386 4026 3555 4080 etiam

1972 4119 2140 4174 alium
2206 4120 2331 4175 inde
2384 4120 2563 4175 locum
2628 4120 2856 4176 similem
2906 4120 3203 4174 ﬁrmemus.
3241 4117 3453 4172 Etenim
3503 4117 3556 4170 iu

1972 4211 2090 4283 lege
2120 4212 2186 4267 de
2219 4211 2484 4268 Paschate
2520 4212 2849 4267 celebrando
2892 4211 3009 4265 lata
3051 4210 3361 4283 [postquam
3389 4206 3551 4281 dixit]

1972 4306 2280 4374 ungendum
2305 4304 2571 4375 sanguine
2591 4304 3013 4376 superliminare
3055 4312 3111 4359 et
3134 4311 3318 4372 postes
3361 4318 3373 4354 :
3418 4298 3546 4364 Vos,

1971 4395 2167 4466 inquit,
2199 4413 2304 4450 non
2353 4398 2732 4469 aggrediemini
2750 4398 3104 4468 unusquisque
3141 4395 3371 4465 januam
3401 4408 3553 4447 suant

1970 4504 2128 4556 usque
2154 4504 2307 4543 mane
2328 4532 2346 4556 ,
2393 4501 2441 4543 et
2469 4490 2713 4544 transibit
2756 4488 3016 4542 Dominus
3056 4488 3351 4558 percutiens
3381 4484 3554 4555 Αἴθῃ-

1971 4583 2107 4647 ptios
2130 4621 2144 4645 ,
2170 4592 2217 4636 et
2236 4582 2424 4635 videbit
2442 4582 2751 4652 sanguinem
2773 4583 2829 4634 in
2851 4580 3245 4649 superliniinari
3266 4579 3386 4633 etin
3409 4590 3556 4631 utro-

275 4647 665 4714 Αἰγυπτίους,
706 4650 803 4703 καὶ
855 4650 1067 4720 ὄψεται
1111 4652 1177 4706 τὸ
1218 4649 1362 4722 alga
1403 4652 1503 4706 ἐπὶ
1534 4654 1646 4724 τῆς
1684 4656 1868 4725 φλιᾱς

1977 4689 2077 4743 que
2106 4683 2275 4742 poste,
2317 4683 2367 4728 et
2412 4647 2751 4743 pertransibit
2796 4647 3061 4727 Dominus
3101 4673 3317 4737 ostium,
3361 4679 3411 4725 et
3452 4687 3553 4724 non

278 4738 381 4791 καί
411 4738 508 4791 ἐπ’
536 4740 886 4810 ἀμφοτέρων
934 4741 1055 4797 τῶν
1096 4744 1398 4815 σταθμῶν,
1437 4746 1539 4803 καί
1568 4750 1862 4817 παρελεύ-

279 4847 455 4886 σεται
497 4834 715 4901 Κύριος
760 4833 878 4903 τὴν
926 4836 1134 4905 θύραν,
1167 4837 1266 4891 καί
1319 4839 1431 4892 οὐκ
1490 4839 1715 4909 ἀφήσει
1756 4841 1866 4896 τὸν

277 4925 679 4992 ὀλοθρεύοντα
711 4927 1012 4982 εἰσελθεῖν
1042 4931 1131 4997 εἰς
1168 4930 1276 4997 τὰς
1315 4931 1511 4999 οἰκίας
1537 4931 1709 5002 ὑμῶν
1748 4950 1865 4989 πα-

276 5017 475 5083 τάξαι.
507 5019 677 5089 Δῆλον
721 5019 831 5093 γάρ
871 5022 949 5085 ὡς
1002 5021 1162 5087 ἄλλος
1194 5023 1399 5095 Κύριος
1430 5024 1491 5079 ὃν
1526 5026 1676 5095 λέγει
1723 5044 1865 5101 παρο

276 5110 597 5165 ελεύσεσθαι
630 5114 726 5165 καὶ
758 5114 885 5178 τοὺς
920 5113 1251 5183 Αἰγυπτίους
1283 5117 1545 5185 πατάξαι,
1574 5120 1669 5172 καὶ
1707 5119 1865 5186 ἄλλος

276 5204 303 5254 ὁ
340 5202 418 5273 μὴ
467 5205 769 5274 συγχωρῶν
807 5207 901 5261 τὸν
952 5206 1314 5277 ὀλοθρεύοντα
1349 5211 1612 5265 εἰσελθεῖν
1645 5215 1726 5277 εἰς
1766 5215 1863 5279 τὰς

274 5296 389 5350 τῶν
430 5298 783 5369 Ἰσραηλιτῶν
815 5302 994 5366 οἰκίας
1027 5304 1124 5357 καὶ
1159 5304 1395 5371 πατάξαι
1427 5306 1648 5371 αὐτούς.
1674 5309 1864 5363 Τοιοῦ-

276 5405 369 5441 τον
390 5388 449 5441 δέ
477 5388 591 5442 ἐστι
624 5390 799 5444 καὶτὸ
828 5393 958 5464 περί
989 5392 1085 5447 τοῦ
1113 5376 1674 5469 Βαλαάμῃεξρημένον.
1701 5403 1863 5471 Λέγει

1971 4766 2107 4819 sinet
2143 4780 2499 4831 percussorem
2545 4766 2753 4837 ingredi
2800 4766 2988 4818 domus
3027 4774 3220 4817 vestras
3263 4763 3332 4815 ad
3365 4778 3549 4832 percu-

1972 4856 2211 4912 tiendum
2233 4858 2283 4911 h.
2314 4857 2533 4913 Clarum
2572 4867 2656 4913 est
2690 4858 2858 4913 alium
2888 4873 3009 4913 esse
3043 4857 3355 4921 Dominum,
3394 4871 3556 4927 quem

1972 4950 2105 5005 dicit
2160 4950 2516 5005 transiturum
2571 4951 2640 5006 ad
2691 4949 3076 5021 percutiendos
3135 4948 3447 5021 Egyptios,
3503 4957 3560 5003 et

1974 5041 2139 5096 alium
2171 5042 2260 5110 qui
2311 5041 2594 5111 prohibeat
2647 5056 2716 5097 ne
2776 5042 3117 5113 ingrediatur
3172 5056 3462 5112 percussor
3503 5041 3556 5094 iu

1973 5134 2163 5187 domos
2213 5132 2587 5188 Israelitarum
2624 5142 2679 5188 et
2715 5132 2990 5202 percutiat
3027 5132 3194 5203 ipsos.
3224 5132 3357 5187 Tale
3393 5132 3559 5186 etiam

1973 5234 2059 5279 est
2086 5223 2217 5278 illud
2256 5226 2322 5279 de
2359 5225 2580 5279 Balaam
2617 5224 2880 5279 dictumi.
2908 5223 3051 5278 Dicit
3079 5224 3226 5279 enim
3263 5221 3552 5292 Scriptura

1971 5316 2289 5385 permisisse
2312 5317 2530 5387 quidem
2561 5316 2636 5370 illi
2664 5320 2830 5372 Deum
2858 5325 2916 5371 ut
2946 5316 3050 5371 iret
3079 5315 3146 5370 ad
3167 5330 3263 5370 eos
3293 5314 3383 5384 qui
3410 5312 3560 5368 illum

1972 5408 2272 5476 vocabant;
2306 5410 2505 5464 iratum
2543 5424 2672 5466 vero
2717 5411 2885 5465 Deum
2925 5408 3071 5481 quod
3113 5396 3561 5478 proﬁcisceretur

275 5480 385 5552 γὰρ
410 5482 443 5550 ἡ
472 5481 667 5553 Γραφὴ
699 5484 990 5555 ἐπιτρέψαι
1019 5485 1122 5557 μὲν
1147 5486 1296 5559 αύτῷ
1320 5489 1412 5543 τὸν
1434 5489 1569 5545 Θεὸν
1597 5494 1855 5550 ἀπελθεῖν

1977 5502 2030 5555 ιιι
2058 5499 2196 5556 illos.
2233 5500 2299 5556 Et
2328 5501 2420 5557 hic
2448 5501 2612 5556 alium
2645 5501 2912 5558 insinuari
2942 5480 3021 5557 ait
3064 5502 3234 5557 Deum
3270 5499 3363 5571 qui
3409 5497 3561 5553 illum

334 5622 357 5709 ξ
387 5611 858 5709 ἰιῦίξεξῖιιιξέ.
919 5616 947 5657 ἀ
971 5616 1106 5673 Ibid.
1139 5618 1226 5709 20.”
1276 5630 1300 5658 ο
1324 5619 1369 5675 Il
1390 5619 1515 5676 Cor.
1539 5639 1615 5691 vr,
1646 5625 1700 5680 4.
1785 5627 1804 5665 ί
1834 5627 1876 5683 ι.

1986 5636 2209 5704 “1,15.
2293 5638 2318 5679 8
2342 5635 2364 5691 l
2392 5636 2705 5707 Paral.xxt,
2738 5639 2792 5708 1;
2814 5639 2853 5694 ll
2876 5639 3008 5709 Reg.
3022 5650 3175 5704 xxxv,
3195 5633 3249 5690 1.
3324 5632 3355 5674 h
3381 5629 3556 5701 Exod.

276 5695 381 5747 xu,
430 5683 522 5748 ‘22,
556 5685 648 5741 25.
732 5687 947 5746 iNum.
1001 5704 1104 5752 xu,
1155 5689 1246 5744 20.

1552 5809 1791 5868 VARLE
1833 5815 2127 5874 LECTION
2135 5820 2235 5876 ES.

351 5890 586 5987 "$6195.
618 5892 730 5987 ἱξεῐ
765 5895 976 5987 Egit-,1}
1020 5914 1037 5987 ξ
1076 5897 1238 5987 αὐτήν
1275 5917 1346 5987 ςλ
1412 5902 1455 5931 ’⁷
1486 5901 1630 5958 δευτ.
1660 5923 1709 5964 c.
1743 5906 1835 5965 24.
1913 5910 1960 5944 ⁸⁸
1981 5911 2327 5969 ἐπέσεισενΑ
2352 5929 2363 5967 :
2387 5913 2647 5987 ἐποίησεν
2675 5932 2738 5982 ς.
2816 5915 2861 5950 ²⁹
2878 5912 3052 5985 ὀργήν
3079 5929 3142 5978 ς.
3218 5906 3265 5939 ³⁹
3293 5903 3471 5978 ίρήθη
3491 5920 3552 5969 ς’

266 5958 326 6040 ,³⁸
356 5959 450 6016 καὶ
485 5964 606 6017 add.
631 5966 697 6018 A.
772 5965 816 5997 ³³
857 5966 923 6020 δι’
954 5969 1154 6039 ἐτέρων
1186 5971 1229 6024 Α
1265 5958 1304 6024 ί
1324 5970 1511 6043 ἕτερον
1539 5990 1600 6037 ς.
