3954 6400
188 438 300 511 ΜΠ

1167 429 1695 497 BIBLIO’I‘HECA.
1732 459 1800 471 --
1830 436 1993 502 COD.
2032 440 2304 506 CCXXX.

3226 436 3364 502 1078

180 552 304 609 ὅπως
345 540 398 599 δὲ
441 535 571 618 πρὺς
598 534 737 609 [463
769 536 868 611 Η.]
918 538 1189 612 ἀλλήλας,
1238 540 1333 594 καὶ
1380 541 1588 612 οὑδαμῆ
1636 538 1699 611 τὸ

1810 540 1931 613 ipsis
1960 548 2269 602 auctoribus
2293 554 2348 603 et
2371 560 2492 602 cum
2516 545 2638 602 aliis
2658 545 2893 615 ejusdem
2919 556 3081 604 sectae
3100 530 3361 618 pugnent.

182 639 408 706 στάσιμον
440 612 553 684 οὑδὲ
580 629 638 683 τὸ
675 630 875 701 πάγιον
925 630 1159 703 ἔχουσιν,
1204 633 1607 704 ἀπογυμνώσας
1635 649 1698 685 τε

183 733 261 787 καὶ
285 723 745 795 ἀνακαλυψάμενος
768 725 833 791 ⁸⁸,
857 726 923 779 ὲκ
947 729 1048 798 τῆς
1082 727 1291 781 ἐκεῖθεν
1319 727 1549 789 ἀτοπίας
1570 726 1700 799 ὁρᾷν

179 823 348 884 αὑτοὺς
372 817 498 888 πρὸς
526 817 622 887 τὴν
648 816 846 871 ἕνωσιν
869 819 970 888 τῆς
1010 818 1335 890 Ἐκκλησίας
1366 819 1703 877 ὑποτίθεται.

180 908 295 972 Τοὺς
334 906 422 977 μὲν
448 904 555 976 γὰρ
589 905 826 977 παράγει
858 906 1118 975 λέγοντας
1152 906 1420 974 σώζεσθαι
1452 909 1550 973 τὰς
1583 910 1707 963 δια-¹

178 1001 323 1071 φορὰς
351 997 482 1069 μετά
529 997 626 1067 τὴν
669 997 886 1064 ἕνωσιν,
918 998 1109 1073 ῶσπερ
1157 1002 1252 1056 καὶ
1284 1002 1543 1072 Σεϐἧρον,
1574 1003 1705 1067 τοὺς

177 1094 222 1144 δὲ
241 1087 481 1152 σώζεσθαι
504 1088 789 1159 μηδαμῶς,
814 1088 1002 1161 ὥσπερ
1030 1092 1127 1145 καὶ
1152 1092 1413 1163 Τιμόθεον
1437 1095 1495 1147 ὲν
1524 1093 1703 1158 ἄλλοις

174 1191 223 1235 τε
254 1181 337 1235 καὶ
368 1182 421 1233 ἐν
452 1174 528 1243 οἷς
560 1179 701 1233 κατά
732 1178 826 1233 τοῦ
864 1181 921 1235 ὲν
960 1182 1137 1251 ἁγίοις
1170 1183 1499 1251 ἀγωνίζεται
1536 1182 1711 1237 Λέον-

174 1290 265 1337 τος.
293 1271 360 1326 Oti
400 1272 553 1340 μόνον
595 1269 653 1322 δὲ
683 1271 847 1337 αὑτὸς
884 1272 985 1328 οὑκ
1036 1274 1289 1342 ἀνέχεται
1330 1274 1496 1344 φάναι
1536 1274 1706 1341 σώζει

175 1365 297 1427 σθαι,
323 1361 448 1415 ἀλλά
486 1362 577 1416 καὶ
607 1363 863 1428 ἀσεϐείας
896 1364 1115 1436 ἐνόχους
1144 1366 1437 1438 ἀποφαίνει
1470 1367 1617 1433 τοὺς,
1649 1366 1706 1421 ετ

173 1473 295 1519 τινες
321 1453 579 1517 σώζεσθαι
614 1454 725 1508 τῶν
754 1457 972 1524 φύσεων
1000 1457 1099 1527 τὴν
1139 1458 1406 1528 διαφορὰν
1436 1460 1575 1529 μετά
1605 1459 1706 1530 τὴν

172 1550 336 1602 ἕνωσιν
391 1546 824 1615 δογματίζουσιν.
881 1547 1044 1602 Ἀλλά
1089 1550 1185 1603 καλ⁵
1244 1548 1484 1620 Σεεῆρος
1544 1549 1708 1606 πάλιν

174 1634 408 1701 σώζεσθαι
441 1634 611 1703 λέγων
646 1636 744 1698 τὰς
775 1636 1060 1708 διαφορὰς,
1094 1638 1164 1693 τὰ
1214 1639 1515 1708 πράγματα
1541 1635 1623 1703 οἷς
1668 1641 1705 1709 ή

170 1728 370 1797 διαφορὰ
390 1728 773 1798 ἐπιθεωρεῖται
799 1728 860 1782 οὑ
892 1727 1247 1800 συνομολογεῖ
1280 1728 1564 1795 σώζεσθαι.
1596 1732 1711 1787 Καὶ

1802 652 1901 692 nec
1939 654 2161 708 nsquam
2193 640 2489 711 quidquam
2528 640 2722 696 stabile
2751 648 2807 695 et
2838 638 3066 695 solidum
3107 639 3368 706 habeant,

1801 729 2047 797 aperiens
2091 732 2475 801 declaransque
2518 745 2585 786 ex
2641 731 2857 786 illorum
2913 732 3268 795 absurditate,
3319 733 3365 787 si

1802 820 1867 872 ad
1898 819 2149 876 Ecclesiae
2178 822 2434 876 unionem
2466 821 2761 891 respiciant
2790 820 3048 875 ostendit.
3082 818 3192 875 Hos
3223 822 3365 875 enim

1803 908 2070 977 producit,
2106 918 2167 963 ut
2220 919 2525 965 asserentes
2566 909 2897 965 differentias
2954 918 3074 977 post
3112 911 3367 964 unionem

1802 1002 2029 1065 servari,
2085 1001 2163 1054 uti
2220 1000 2519 1069 Severum;
2578 1002 2701 1058 illos
2756 1014 2940 1057 autem
3000 1009 3057 1054 nt
3114 1010 3368 1070 negantes

1805 1094 2033 1158 servari,
2075 1095 2151 1148 uti
2174 1092 2537 1160 Timotheum,
2563 1109 2684 1150 cum
2710 1096 2763 1148 in
2788 1093 2912 1148 aliis
2935 1092 3105 1163 ipsius
3132 1092 3373 1160 scriptis,

1806 1195 1927 1239 tum
1950 1186 2003 1240 in
2032 1186 2099 1241 iis
2130 1186 2327 1258 quibus
2358 1196 2614 1241 sanctum!
2648 1186 2881 1241 Leonem
2919 1192 3212 1253 oppugnat.
3256 1183 3373 1252 Ipse

1804 1292 1935 1332 vero
1968 1292 2073 1332 non
2106 1278 2277 1333 solum
2311 1278 2443 1333 dicit
2480 1292 2587 1331 non
2623 1276 2830 1332 servari
2879 1274 3232 1340 differentias,
3276 1275 3369 1328 sed

1805 1369 1968 1423 etiam
2006 1368 2297 1438 impietatis
2330 1383 2452 1424 reos
2486 1369 2695 1437 peragit
2726 1368 2847 1423 illos
2877 1366 3186 1435 quicunque
3216 1363 3367 1419 diff‘e«

1807 1459 2018 1513 rentias.
2047 1471 2166 1529 post
2196 1460 2449 1514 unionem
2489 1461 2695 1514 servari
2734 1459 2951 1513 docent.
2992 1459 3098 1513 Sed
3143 1456 3379 1511 Severus

1806 1565 1999 1607 rursus
2046 1552 2173 1606 dum
2220 1552 2376 1607 docet
2423 1549 2757 1605 differentias
2786 1548 3018 1610 servari,
3054 1563 3144 1602 res
3190 1556 3377 1602 tamen

1809 1644 2007 1714 quibus
2047 1643 2350 1701 differentia
2387 1646 2757 1715 cognoscitur,
2792 1651 2952 1715 negat
2997 1642 3225 1699 servari.
3264 1640 3374 1696 Nec

1807 1744 2123 1791 constanter
2154 1735 2257 1791 hoc
2288 1736 2497 1805 ubique
2521 1735 2676 1790 docet
2709 1752 2722 1788 :
2759 1733 3074 1788 inconstans
3117 1733 3283 1797 enim,
3321 1740 3379 1786 et

169 1820 218 1873 οὐ
252 1818 509 1889 πανταχοῦ
563 1819 882 1891 δογματίζει
935 1819 1130 1875 τοῦτο’
1181 1821 1545 1894 παλίντροπος
1596 1823 1704 1895 γάρ

1812 1829 2140 1884 Vertumnus
2170 1828 2368 1898 aliquis
2404 1836 2497 1882 aut
2531 1826 2754 1881 Proteus
2788 1832 2871 1881 est
2900 1825 2952 1879 in
2991 1824 3127 1889 fide;
3173 1822 3373 1877 etenim

168 1908 379 1980 ἐστιτήν
410 1910 590 1963 πίστιν
620 1911 716 1964 καὶ
766 1911 1151 1984 πολύμορφος
1198 1915 1429 1985 καὶγὰρ
1467 1914 1525 1969 ἐν
1564 1894 1705 1971 τισιν

1810 1922 1861 1976 in
1892 1920 2209 1991 quibusdam
2252 1894 2407 1975 libris
2453 1919 2740 1973 confitetur
2770 1918 2914 1986 ipsas
2947 1917 3109 1970 etiam
3145 1930 3231 1969 res
3260 1930 3379 1968 sera

170 2000 309 2055 αὑτοῦ
341 1999 386 2033 ⁸⁵
433 2001 613 2069 λόγοις
648 2004 744 2055 καὶ
792 2003 934 2057 αὑτά
964 2005 1267 2075 διομολογεῖ
1291 2004 1362 2058 τὰ
1402 2007 1706 2078 πράγματα

166 2091 420 2155 σώζεσθαι.
454 2092 642 2156 Οὑτως
672 2095 731 2147 οὑ
765 2095 900 2166 πρὸς
929 2095 1194 2167 ἀλλήλους
1226 2097 1418 2167 μόνον,
1455 2097 1706 2155 ἀλλὰκαὶ

164 2185 278 2254 πρὸς
310 2186 531 2247 ἑαυτοὺς
585 2186 647 2240 τὸ
694 2187 989 2257 ἀλλόφυλον
1021 2188 1122 2259 τῆς
1154 2189 1433 2251 εὐσεϐείας
1486 2191 1707 2247 στασιά-

163 2275 290 2340 ζουσι
320 2277 624 2349 σύνταγμα.
662 2279 754 2332 Ἐκ
782 2280 974 2333 τούτου
1007 2281 1293 2352 παραινῶν
1326 2282 1454 2345 τοὺς
1485 2282 1706 2337 στασιά-

162 2369 324 2433 (nim;
350 2369 424 2440 τῷ
446 2373 757 2442 φρονήματι
781 2374 877 2443 τῆς
900 2374 1183 2439 εὐσεϐείας
1211 2374 1561 2446 συνδραμεῖν,
1582 2378 1703 2430 κατ’

159 2461 431 2534 ὲπιδρόμήν
466 2465 672 2534 ἱστορεί
711 2467 1029 2537 Μαρκιανὸν
1062 2468 1160 2537 μὲν
1192 2468 1566 2539 συγκροτῆσαι
1604 2469 1704 2539 τὴν

162 2554 210 2605 ὲν
235 2554 528 2625 Καλχηδόνι
573 2556 811 2620 σύνοδον,
851 2561 947 2612 καὶ
971 2557 1048 2621 ὡς
1095 2557 1305 2612 ἐκείνου
1342 2559 1434 2612 τὸν
1481 2559 1595 2631 βίον
1626 2564 1705 2614 λι-

160 2643 325 2708 πόντος
362 2644 512 2700 Λέων
544 2649 651 2717 μὲν
681 2647 920 2717 κατέστη
952 2647 1059 2700 τῶν
1123 2650 1463 2719 πραγμάτων
1496 2649 1703 2720 κύριος,

156 2737 197 2788 οἳ
219 2735 270 2789 δὲ
304 2735 596 2804 Αἰγύπτιοι
624 2738 723 2807 τῆς
751 2739 902 2810 ἱερᾶς
942 2740 1453 2811 ὲπαναστρέψαντες
1484 2741 1703 2795 συνόδου

155 2828 375 2899 ταραχῆς
425 2829 758 2901 ἐπλήρωσαν
817 2832 918 2902 τὴν
947 2832 1297 2902 οἰκουμένην,
1342 2832 1613 2896 δυσσεϐῶς
1648 2850 1706 2886 τε

154 2921 233 2973 καὶ
260 2921 660 2993 πεπλασμένως
684 2924 1022 2993 φημίσαντες
1045 2923 1121 2988 ὼς
1146 2927 1179 2994 ή
1205 2923 1417 2989 σύνοδος
1441 2926 1706 2998 Κύριλλον

156 3012 434 3067 ἀπεϐάλετο
455 3014 503 3046 ⁸⁸
534 3018 631 3069 καὶ⁸
660 3016 954 3087 Νεστόριον
979 3016 1299 3084 ἀπεδέξατο.
1336 3012 1438 3071 Ὧν
1465 3020 1555 3072 τὸν
1584 3019 1707 3073 ἀλο-

155 3121 237 3173 γον
280 3107 307 3159 6
347 3106 501 3161 Λέων
532 3107 919 3169 καταστέλλων
955 3107 1217 3181 θόρυϐον,
1249 3109 1318 3162 τὰ
1367 3110 1707 3179 ψηφισθέντα

156 3196 205 3248 ἐν
237 3198 532 3271 Καλχηδόνι
560 3200 607 3231 ⁸⁷
655 3201 751 3255 καὶ
790 3199 857 3260 τὰ
909 3201 1220 3272 πραχθέντα
1268 3202 1542 3271 πανταχοῦ
1593 3202 1709 3255 δια-

149 3286 349 3357 πέμψας
381 3287 486 3358 τῆς
544 3290 873 3362 οἰκουμένης
917 3291 1035 3361 μετ’
1081 3292 1379 3360 ἐγκυκλίων
1409 3293 1710 3349 κελεύσεων

148 3377 358 3434 ἕκαστον
406 3381 519 3435 τῶν
554 3382 862 3454 ἀρχιερέων
897 3382 989 3437 καὶ¹
1018 3384 1229 3455 ἱερέων,
1270 3385 1405 3439 ἀλλὰ
1458 3386 1553 3440 καὶ
1586 3388 1712 3451 τοὺς

146 3469 246 3524 ὅσοι
276 3472 332 3525 ὲν
388 3473 467 3544 τῷ
500 3472 775 3544 μοναδικῷ
820 3474 1120 3545 διέλαμπον
1151 3475 1286 3547 βίῳ,
1340 3477 1402 3529 τὸ
1456 3477 1711 3549 φρόνημα

149 3563 308 3617 αὐτῶν
326 3566 631 3639 ἐγγράφως
653 3565 1053 3637 ἀνομολογῆσαι
1082 3565 1379 3633 διετάξατο·
1403 3568 1431 3621 ὃ
1455 3570 1548 3630 καὶ
1576 3586 1712 3641 προο

148 3655 317 3726 θύμως
352 3661 700 3731 πεπράκασι,
732 3659 842 3712 τῶν
881 3659 1182 3730 ἀρχιερέων
1211 3658 1306 3712 τοῦ
1353 3660 1587 3731 ἀριθμοῦ
1632 3663 1717 3727 είς

148 3745 447 3813 ἑξακοσίους
473 3750 573 3803 καὶ
601 3749 803 3819 χιλίους
834 3748 962 3821 [880
996 3748 1086 3821 8.]
1115 3749 1711 3819 συγκεφαλαιωθέντος,

150 3840 361 3910 μηδενὸς
392 3842 1008 3917 ἑτερογνωμονήσαντος
1034 3841 1172 3913 πλὴν
1190 3842 1545 3913 Ἀμφιλοχίου
1556 3844 1649 3897 τοῦ
1670 3843 1713 3875 ⁸⁸

148 3928 390 4000 Σίδης,ὃς
424 3931 550 4002 μετ’
575 3933 636 3985 οὑ
670 3932 808 3987 πολὺ
842 3934 936 3987 καὶ
962 3934 1121 3998 αὑτὸς
1152 3934 1219 3988 δι’
1247 3935 1568 4008 ὑπογραφῆς
1598 3954 1717 3992 συν-

142 4018 394 4091 εφώνησε.
429 4021 577 4075 Μεθ’
634 4015 710 4076 ὧν
760 4024 854 4077 καὶ
898 4025 925 4077 6
956 4024 1130 4095 μέγας
1178 4024 1427 4097 Συμεὼν,
1474 4028 1503 4082 6
1540 4029 1598 4082 ἐν
1638 4027 1716 4100 τῷ

146 4111 308 4183 στύλῳ
339 4113 433 4167 τὸν
463 4114 764 4183 ἀγγελικδν
797 4116 1008 4170 ἐκεῖνον
1036 4116 1151 4187 βίον
1186 4117 1597 4190 διανυσάμενος,
1621 4121 1718 4175 καὶ

140 4199 464 4275 Βαράδατος,
496 4206 595 4259 καὶ
618 4206 767 4261 ἄλλοι
794 4207 887 4261 τὸν
907 4207 1069 4261 αὑτὸν
1090 4208 1298 4279 βαθμὸν
1320 4210 1420 4280 τῆς
1443 4211 1717 4277 πολιτείας

141 4296 458 4365 φθάσαντες.
490 4300 688 4356 Ταῦτα
726 4298 1039 4371 διαδραμὼν
1088 4302 1182 4354 καὶ
1213 4300 1437 4366 δικαίως
1476 4303 1716 4376 Σεϐἧρον

137 4386 207 4459 τῷ
253 4392 571 4464 ἀναθέματι
632 4393 1104 4465 παραπεμφθῆναι
1159 4398 1649 4467 παραστησάμενος
1669 4396 1715 4430 ⁸⁸

137 4482 207 4544 είς
235 4483 388 4549 τέλος
417 4485 690 4539 διέστειλε
724 4486 823 4557 τὴν
856 4484 1113 4551 διάλεξιν.

1804 2012 1942 2066 vari.
1973 2014 2122 2067 Adeo
2154 2026 2259 2066 non
2294 2011 2466 2066 solum
2503 2011 2644 2064 inter
2676 2024 2734 2063 so
2773 2007 2898 2076 ipsi,
2936 2008 3026 2061 sed
3068 2020 3239 2075 neque
3274 2004 3375 2058 sibi

1806 2104 1919 2175 ipse
1942 2104 2222 2174 quisquam
2239 2113 2492 2158 constans
2517 2102 2706 2170 dogma
2734 2099 3148 2171 Babylonicum,
3183 2110 3376 2165 nempe

1804 2203 1861 2250 et
1902 2209 1933 2248 a
1982 2208 2110 2249 vera
2156 2193 2359 2263 pietate
2416 2192 2652 2246 alienum
2705 2190 2926 2245 cudunt.
2968 2188 3102 2242 Hinc
3143 2186 3375 2259 [sumpta

1802 2286 2111 2359 occasione]
2175 2287 2419 2342 hortatus
2477 2284 2839 2350 dissidentes,
2899 2290 2959 2335 ut
3013 2280 3065 2334 in
3123 2277 3389 2333 Ecclesia:-

1804 2380 2122 2436 sententiam
2165 2377 2517 2441 descendant,
2554 2375 2756 2431 cursim
2810 2380 2996 2427 narrat
3037 2386 3065 2424 a
3103 2368 3380 2423 Marciano

1803 2472 2299 2529 Chalcedonensem
2334 2470 2597 2540 synodum
2630 2476 2872 2521 coactam
2899 2482 2913 2531 ;
2945 2463 3205 2527 Leonem,
3238 2458 3379 2513 Mar-

1805 2566 1964 2621 ciano
1994 2572 2226 2626 mortuo,
2256 2561 2537 2617 suffectum
2575 2572 2798 2615 summae
2832 2570 3015 2611 rerum
3051 2552 3376 2623 prmfttisse:

1803 2656 2089 2727 Egyptios
2117 2653 2403 2711 concilium
2442 2660 2686 2707 evertere
2720 2657 2943 2703 conatos
2977 2647 3163 2700 orbem
3206 2651 3375 2698 totum

1808 2745 2123 2800 tumultibus
2161 2743 2434 2813 implesse,
2470 2741 2631 2811 impie
2664 2740 2893 2808 ficteqne
2935 2750 3183 2790 rumores
3224 2749 3379 2803 spar-

1806 2835 1962 2898 sisse,
1992 2831 2246 2903 Cyrillum
2275 2848 2305 2886 a
2334 2830 2537 2902 synodo
2564 2830 2897 2891 damnatum,
2928 2824 3238 2880 Nestorium
3291 2838 3375 2875 re-

1806 2939 2019 2994 ceptum
2059 2924 2243 2980 fuisse.
2279 2923 2517 2990 Quorum
2565 2919 2785 2993 [inquit]
2842 2920 3089 2974 insanum
3140 2918 3379 2971 furorem

1808 3016 2108 3085 reprimens
2175 3013 2284 3069 Leo
2356 3013 2570 3067 decreta
2635 3008 2850 3064 concilii
2918 3004 3391 3061 Chalcedonensis.

1809 3117 2039 3176 actaque
2084 3120 2204 3160 cum
2247 3101 2540 3171 encyclicis
2590 3115 2686 3156 seu
2730 3097 3086 3153 circularibus
3117 3095 3391 3149 mandatis

1811 3214 1907 3269 per
1955 3206 2126 3253 totum
2172 3196 2360 3250 orbem
2411 3193 2581 3257 misit,
2630 3189 2965 3260 singulisque
3018 3186 3288 3256 episcopis
3327 3195 3382 3239 et

1812 3289 2161 3362 presbyteris,
2199 3303 2297 3342 nec
2338 3301 2447 3341 non
2490 3285 2557 3340 iis
2592 3283 2684 3355 qui
2726 3284 2777 3336 in
2820 3281 3067 3350 religiosa
3106 3286 3160 3331 et
3200 3292 3391 3330 tuonaq

1813 3384 1947 3439 stica
1999 3382 2105 3435 vita
2153 3379 2395 3435 celebres
2443 3377 2785 3431 habebantur
2833 3372 3107 3442 praecepit,
3144 3369 3219 3422 nti
3261 3383 3384 3422 sen-

1813 3473 2037 3529 tentiam
2065 3486 2218 3528 suam
2261 3469 2463 3539 scripto
2497 3466 2907 3537 profiterentur.
2936 3464 3088 3529 Quod
3121 3461 3381 3528 episcopi,

1813 3579 2038 3621 numero
2068 3563 2215 3618 mille
2242 3560 2507 3626 sexcenti,
2532 3569 2777 3629 prompte
2804 3572 2938 3611 sane
2965 3553 3209 3611 exsecuti
3236 3561 3417 3613 sunt...

1814 3660 2031 3715 nemine
2064 3658 2154 3728 qui
2193 3656 2352 3712 aliter
2388 3656 2615 3712 sentiret
2655 3651 2993 3722 deprehenso
3026 3659 3222 3719 praeter
3252 3647 3385 3700 Am»
3418 3652 3419 3655 ‘

1814 3752 2145 3824 philochium
2197 3750 2339 3804 Sidae
2389 3747 2730 3816 pontificem,
2782 3742 2873 3814 qui
2933 3752 3113 3796 tamen
3170 3748 3226 3791 et
3277 3737 3395 3804 ipse

1814 3844 1973 3917 paulo
2020 3853 2142 3914 post
2187 3841 2405 3898 concilii
2456 3838 2738 3895 sententia:
2787 3833 3115 3902 subscripsit
3158 3842 3389 3884 consen-

1816 3940 2014 4005 sitque.
2045 3937 2091 3991 Α
2136 3936 2335 4006 quibus
2368 3933 2519 3989 stetit
2551 3939 2606 3986 et
2642 3930 2864 3984 Simeon
2908 3926 2999 3995 qui
3046 3925 3098 3978 in
3139 3921 3397 3977 columna

1816 4032 2055 4087 coalitum
2119 4030 2281 4083 vitam
2336 4024 2692 4080 aemulabatur
2747 4018 2991 4092 [Simeon
3048 4011 3277 4085 styiita].
3336 4019 3392 4063 et

1817 4121 2136 4185 Baradatus,
2170 4118 2369 4188 aliique
2398 4118 2645 4170 eamdem
2674 4109 2889 4164 vivendi
2933 4105 3202 4160 rationem
3243 4116 3397 4155 secus

1820 4216 1880 4271 ti.
1910 4214 2011 4269 His
2031 4211 2279 4268 oratione
2303 4206 2573 4271 decursis,
2598 4218 2721 4260 cum
2750 4199 2947 4271 2836
2974 4198 3236 4252 Severum
3269 4208 3392 4246 ana-

1820 4311 2076 4366 themate.
2109 4304 2477 4378 proscriptum
2515 4298 2767 4363 dixisset,
2808 4290 3232 4365 disputationem
3285 4285 3395 4339 fine

1817 4400 2125 4459 concludit.

196 4574 306 4629 Καὶ
342 4578 371 4631 6
404 4577 617 4647 ἑφεξῆς
645 4577 703 4630 δὲ
745 4577 900 4647 λόγος
931 4579 1388 4650 προδιαϐάλλεται
1409 4582 1456 4614 ⁸ο
1488 4582 1587 4653 μὲν
1615 4582 1709 4654 τὴν

1889 4582 2134 4651 Sequens
2158 4573 2333 4632 oratio
2358 4571 2603 4627 eamdem
2621 4564 2841 4639 praefert
2861 4558 3296 4631 inscriptionem,
3331 4559 3388 4609 ct

137 4665 296 4740 αὐτὴν
316 4645 665 4742 ἐπιγραφὴν,
684 4645 1006 4744 παραίνεσιν
1029 4674 1086 4728 δὲ
1113 4675 1250 4745 πρὸς
1270 4677 1397 4742 τοὺς
1418 4645 1709 4742 διεστῶτας

1820 4645 2255 4732 adhortationem
2289 4666 2355 4721 ad
2373 4679 2468 4721 eos
2488 4661 2744 4721 continet,
2760 4656 2851 4727 qui
2876 4655 2945 4711 ab
2975 4650 3216 4707 Ecclesia
3234 4645 3393 4702 dissi-

135 4760 224 4830 τῆς
254 4760 597 4836 Ἐκκλησίας
623 4766 946 4835 εἰσηγεῖται,
965 4767 1027 4820 ὲκ
1042 4770 1141 4839 τῆς
1164 4768 1299 4838 πρὸς
1321 4768 1585 4840 ἀλλήλους
1604 4772 1714 4826 τῶν

134 4855 528 4923 αἱρετιζόντων
558 4856 841 4911 κάνταῦθα
873 4859 1053 4930 μάχης
1082 4875 1140 4913 τε
1166 4860 1263 4913 καὶ
1294 4860 1559 4933 διαφορᾶς
1592 4879 1714 4917 συν-

136 4941 256 4996 ιδεῖν
276 4945 337 4999 τὸ
369 4947 475 5017 τῆς
512 4945 839 5018 Ἐκκλησίας
865 4949 1023 5020 ὀρθὸν
1047 4950 1299 5021 φρόνημα
1352 4953 1711 5022 παρακαλῶν.

133 5035 286 5105 Λέγει
315 5038 376 5093 δὲ
427 5040 535 5093 καὶ
565 5040 685 5095 ὅθεν
706 5043 1025 5114 κατετμήθη
1073 5045 1157 5108 είς
1188 5044 1389 5115 μυρίας
1422 5045 1715 5118 διαιρέσεις

134 5129 220 5181 καὶ
260 5133 441 5203 τομὰς
480 5134 518 5204 ἡ
580 5134 830 5205 αἱρετικὴ
876 5134 1021 5200 δόξα.
1062 5136 1430 5207 Ἐπερωτῶσα
1485 5138 1595 5211 γὰρ
1645 5141 1715 5195 τά

133 5218 289 5273 τέκνα
320 5222 430 5293 τῆς
491 5222 845 5294 Ἐκκλησίας,
878 5225 947 5289 εί,
980 5225 1230 5297 καθάπερ
1277 5226 1371 5280 δύο
1396 5229 1498 5292 τὰς
1525 5230 1716 5300 φύσεις

132 5306 405 5379 λέγουσιν,
428 5311 582 5367 οὕτω
608 5315 702 5367 καὶ
728 5315 828 5380 τὰς
854 5316 1180 5381 ὑποστάσεις
1201 5318 1383 5387 λέγειν
1408 5321 1715 5392 ἀνέχονται,

132 5403 227 5453 καὶ
251 5404 379 5457 ἐπεὶ
424 5404 566 5474 μίαν
591 5403 843 5473 λέγουσιν
870 5407 961 5460 ἐπὶ
986 5408 1222 5479 Χριστοῦ
1265 5409 1364 5481 τὴν
1399 5411 1717 5480 ὑπόστασιν,

1816 4770 2035 4832 debant,
2070 4778 2174 4833 qua
2196 4768 2399 4824 monet,
2430 4764 2635 4809 utsuas
2653 4752 2793 4807 inter
2812 4758 3113 4817 sepugnas,
3143 4753 3392 4796 suorum-

1819 4876 1923 4932 que
1947 4854 2313 4914 dissensiones
2342 4846 2738 4907 haereticorum,
2773 4854 2895 4896 cum
2941 4834 3197 4891 Ecclesiae
3241 4839 3391 4885 recto

1819 4929 2085 5012 consensu
2098 4946 2388 5019 respiciant
2406 4929 3113 5011 componantqne.Ostendit
3133 4935 3395 5019 praeterea

1818 5007 2273 5102 undevfactum'sit
2294 5045 2352 5089 ut
2369 5007 2879 5103 opittatiothmretica
2903 5024 2952 5076 in
2979 5019 3218 5074 infinitas
3241 5007 3395 5083 qua'si

1824 5145 2001 5193 sectas
2027 5140 2081 5188 et
2110 5128 2407 5186 sententias
2435 5124 2695 5178 distracta
2740 5129 2795 5172 et
2837 5114 3041 5171 divulsa
3090 5113 3183 5167 sit.
3227 5110 3399 5163 Inter-

1824 5243 2021 5297 rogans
2056 5225 2199 5280 enim
2234 5215 2504 5294 [haeresis]
2536 5212 2801 5270 Ecclesiae
2836 5209 2975 5265 filios
3012 5222 3103 5270 an,
3136 5201 3396 5273 quemad-

1827 5321 2044 5376 modum
2085 5318 2220 5370 duas
2265 5312 2345 5386 [in
2374 5304 2619 5379 Christo]
2669 5314 2892 5359 naturas
2943 5304 3216 5361 asserunt,
3250 5307 3398 5346 asse-

1826 5422 1953 5469 rant
1978 5408 2230 5466 similiter
2256 5415 2312 5459 et
2336 5404 2471 5458 duas
2509 5412 2801 5469 personas,
2831 5402 2888 5449 et
2919 5406 3041 5447 cum
3073 5386 3402 5456 respondent

132 5486 238 5565 ἆρα
262 5496 363 5549 καὶ⁵
397 5496 542 5567 μίαν
572 5496 737 5567 φύσιν
765 5498 853 5553 ἐπ’
889 5476 1055 5554 αὑτοῦ
1096 5476 1508 5574 δογματίζουσι,
1548 5476 1709 5563 ταῦτα

1830 5515 1995 5559 unam
2021 5512 2141 5555 esse
2171 5496 2223 5551 in
2255 5492 2475 5551 Christo
2511 5485 2853 5559 bypostasin,
2906 5479 3102 5552 qtnerit
3135 5491 3204 5531 an
3239 5476 3398 5528 etiam

1454 5702 1687 5758 VARle
1722 5695 2123 5757 LECTIONES.

201 5832 530 5908 βάποκαλ.
571 5853 630 5901 ς.
707 5836 752 5868 ⁵³
786 5836 934 5908 αὑτῷ
964 5855 1024 5903 ς.

1102 5836 1148 5870 ⁸⁸
1182 5836 1520 5892 ἀπεὸἀλλετο
1553 5854 1613 5901 ς.
1691 5835 1733 5867 ⁸⁷
1776 5834 1951 5889 Χαλκ.
1980 5833 2046 5887 Δ.

2150 5829 2195 5861 ⁸⁸
2228 5824 2321 5880 τοῦ
2357 5826 2400 5879 Α
2435 5840 2448 5876 :
2481 5822 2577 5890 τῆς
2610 5838 2667 5884 ς.
2744 5818 2791 5850 ⁸⁵
2824 5812 3313 5891 παραστησάμενος
3334 5838 3400 5850 —--

136 5906 409 5960 διέστειλε
448 5906 496 5962 Α
526 5922 541 5959 :
573 5890 1070 5978 συστησάμενοξ-ζ-
1104 5890 1354 5978 διέστησε
1383 5925 1443 5972 ς’.
1475 5890 1485 5892 ἡ
1517 5890 2077 5978 ’θυπιαραδιαδάλλεται
2114 5918 2175 5967 ς,
2230 5896 2412 5954 malint
2440 5890 2831 5965 προϐάλλεται.
