3954 6388
198 452 313 522 1081
1190 446 1721 511 BIBLIOTHECA.
1736 470 1759 482 ·

1844 450 2009 512 COD.
2048 448 2316 512 CCXXX.
3243 450 3378 520 1082

193 569 379 638 κινῆσαι
416 557 555 630 λιγει
579 554 639 613 τὸ
664 556 863 629 δόγμα,
888 556 941 613 οἰ
968 557 1193 627 ἄγνοιαν
1216 559 1295 631 τῷ
1327 563 1519 633 Κυρίῳ
1542 560 1703 631 ἡμῶν
1732 564 1754 622 ι

1816 562 2015 618 Iaestiua
2062 563 2354 619 solitudine
2390 563 2657 620 excitasse
2696 564 2977 639 [pravum]
3019 567 3235 641 dogma,
3284 570 3377 641 qui

201 656 346 729 Ἰησοῦ
371 650 575 724 Χριστῷ
595 649 918 721 περιάπτειν
942 649 1267 722 ὑπήχθησαν
1290 649 1351 716 ἐξ
1373 645 1448 705 ὧν
1468 669 1530 705 τε
1551 648 1706 705 εἶπεν

1820 656 2045 711 Domino
2089 665 2277 710 nostro
2320 655 2446 711 Iesu
2497 655 2720 711 Christo
2771 657 3157 726 ignorantiam,
3202 677 3267 715 ex
3313 661 3381 717 iis

189 750 355 813 αὐτός’
382 744 495 801 Ποῦ
526 743 823 799 τεθείκατε
854 742 1161 813 Δάζαρονς
1192 743 1317 797 καί·
1352 741 1564 810 Οὐδεὶς
1583 739 1707 797 οἶδε

1818 763 1933 818 qua?
1959 750 2074 818 ipse
2105 749 2261 815 dixit,
2289 750 2569 820 assignare
2592 750 2768 804 conati
2800 761 2929 805 sunt
2961 767 2975 805 :
3001 750 3103 805 Ubi
3132 754 3379 820 posuistis

190 840 441 912 τδπῶραν
472 836 707 903 ἐκείνην
730 836 769 905 ἢ
803 836 920 905 τὴν
953 836 1181 905 ἡμέραν
1211 836 1353 890 οὐδὲ
1383 836 1428 868 ⁸⁸
1471 838 1508 890 ό
1545 836 1703 902 Υἱὸς,

1816 838 2078 893 Lazarum
2093 841 2153 893 ιιι
2179 839 2378 913 [inquit
2399 839 2752 913 Dominus]-et
2779 860 2792 896 :
2827 841 2993 895 Nemo
3019 845 3157 896 novit
3179 846 3377 909 horam,

188 932 331 997 καὶεὲξ
343 931 499 985 ἄλλων
512 928 953 1000 τοιουτοτρόπων.
969 928 1029 982 '0
1045 929 1100 981 δὲ
1118 927 1262 1000 ἱερὸς
1273 927 1533 996 Εὐλόγιος
1550 922 1705 991 οὗτος

1817 941 1903 984 aut
1929 930 2066 983 diem
2087 932 2235 983 illum
2264 972 2280 997 ,
2313 948 2473 999 neque
2509 929 2685 985 Filius
2708 932 2935 985 hominis
2968 938 3016 999 °,
3051 943 3212 1002 atque
3254 934 3378 986 item

176 1027 297 1095 μθδ
323 1022 404 1096 H.]
437 1020 554 1076 οὔτε
574 1021 716 1075 κατά
739 1021 800 1075 τὸ
824 1021 1183 1093 ἀνθρώπινον,
1209 1020 1389 1092 πολλῷ
1412 1021 1470 1075 δι
1505 1020 1706 1091 μᾶλλον

1820 1038 1879 1078 ex
1908 1022 2028 1076 aliis
2062 1023 2163 1077 hoc
2195 1038 2363 1091 genus
2394 1024 2597 1078 verbis.
2644 1024 2879 1080 Sanctus
2909 1035 3087 1079 autem
3132 1024 3381 1095 Eulogius

187 1119 286 1173 οὐδὲ
310 1116 438 1170 κατά
462 1113 519 1167 τὸ
542 1113 683 1166 θεῖον
717 1114 931 1181 ἀγνοεῖν
952 1113 1043 1166 τὸν
1067 1113 1271 1183 Κύριον
1300 1113 1459 1184 ἡμῶν
1499 1112 1708 1182 Ἰησοῦν

1820 1114 1947 1179 iste,
1990 1114 2265 1169 Christum
2313 1114 2496 1170 Iesum
2550 1115 2833 1169 Dominum
2884 1126 3159 1179 nostrum,
3209 1132 3381 1186 neque

184 1207 385 1279 Χριστὸν
410 1204 529 1259 οὔτε
555 1206 648 1259 τὸν
676 1204 847 1275 τάφον
878 1204 970 1258 τοῦ
992 1205 1267 1277 Λαζάρου,
1305 1204 1429 1259 οὔτε
1470 1204 1571 1275 τὴν
1616 1204 1707 1257 τέ-

1820 1213 2109 1263 secundum
2147 1209 2540 1263 humanitatem
2572 1209 2811 1278 quidem,
2844 1209 3011 1262 multo
3045 1208 3224 1262 minus
3254 1224 3381 1263 veru

184 1304 301 1356 λειον
335 1300 534 1369 ἡμέραν
561 1298 906 1353 διατείνεται.
939 1297 1077 1352 Οὔτε
1113 1298 1223 1371 γάρ
1242 1297 1305 1352 τὸ
1343 1298 1705 1370 ἀνθρώπινον,

1821 1301 2109 1355 secundum
2142 1300 2480 1354 divinitatem
2512 1300 2796 1371 ignorasse
2828 1299 3133 1368 sepulcrum
3166 1297 3382 1364 Lazari,

181 1396 247 1457 εἰς
273 1392 387 1463 μίαν
421 1391 714 1445 ὑπόστασιν
747 1389 995 1444 συνελθὸν
1024 1391 1091 1461 τῇ
1146 1390 1434 1461 ἁπροσίτῳ
1477 1388 1574 1443 καὶ
1617 1388 1711 1442 οὐ·

1827 1412 1993 1466 aeque
2023 1398 2185 1451 etiam
2226 1397 2373 1451 illum
2411 1398 2659 1451 ultimum
2689 1397 2831 1452 diem
2863 1396 3162 1451 contendit.
3200 1394 3388 1465 Neque

184 1485 333 1540 σιώδει
362 1484 538 1552 σοφίᾳ,
567 1484 827 1553 ἀγνοήσει
848 1483 913 1538 άν
936 1499 1011 1547 τι,
1043 1481 1233 1553 ὥσπερ
1252 1482 1404 1535 οὐδὲν
1426 1481 1536 1535 τῶν
1561 1498 1707 1552 παρ-

1821 1490 1956 1545 enim
2023 1489 2332 1543 humanitas
2396 1487 2601 1544 Christi
2666 1488 2720 1543 in
2774 1504 2935 1542 uuam
2981 1486 3382 1542 iuaccessibilis

180 1578 338 1640 όντων,
399 1575 537 1629 οὕτω
556 1574 621 1645 δὴ
648 1574 770 1629 οὐδὲ
803 1574 912 1627 τῶν
959 1573 1259 1645 μελλόντων
1280 1614 1296 1639 ,
1327 1572 1452 1627 οὕτε
1481 1572 1708 1642 διαψευ-

1823 1590 1865 1637 et
1927 1580 2301 1635 substantialis
2387 1578 2667 1649 sapientia:
2742 1564 3070 1647 rhypostasin
3151 1576 3384 1631 admissa

180 1666 345 1734 σθῆναι
368 1664 583 1719 δύναται
611 1665 675 1718 τὸ
724 1666 1018 1737 εἰρημένον
1068 1666 1200 1735 παρ’
1244 1664 1447 1719 αὐτοῦ*
1497 1663 1706 1719 Πάντα

1822 1671 2102 1741 quidquam
2144 1670 2292 1725 velut
2330 1684 2511 1724 rerum
2553 1668 2923 1737 praesentium,
2956 1668 3029 1722 ita
3079 1665 3383 1720 futurarum

179 1758 275 1813 ὅσα
312 1757 429 1824 ἔχει
459 1758 491 1810 ό
537 1753 761 1824 Πατὴρ,
791 1754 903 1825 ἐμά
924 1756 1119 1819 ἐστιν,
1146 1757 1195 1809 εἰ
1240 1756 1315 1827 μὴ
1352 1757 1463 1826 ἄρα
1490 1756 1585 1809 καὶ
1612 1756 1708 1809 τὸν

1825 1765 2013 1836 poterit
2059 1764 2360 1835 ignorare:
2400 1776 2575 1833 neque
2621 1760 2811 1816 falsum
2860 1775 2979 1814 esse
3027 1768 3201 1830 potest
3242 1756 3386 1826 quod

179 1850 364 1918 Πατέρα
393 1848 523 1919 πρὸς
542 1846 639 1918 τὴν
671 1847 894 1915 ἄγνοιαν
923 1848 974 1901 οἰ
1000 1847 1182 1901 πάντα
1214 1847 1523 1917 τολμῶντες
1563 1864 1706 1918 παρ-
1737 1905 1740 1914 η

1822 1857 1950 1912 dixit
1980 1875 1995 1911 :
2028 1854 2221 1910 Omnia
2265 1870 2584 1926 quaecunque
2627 1854 2780 1906 habet
2816 1852 2996 1917 Pater,
3029 1869 3143 1905 mea
3173 1860 3297 1904 sunt
3333 1859 3383 1913 ι’,

176 1905 542 1996 ελκύσωσιίἹῖδ
591 1905 775 2009 μέντοι
815 1956 881 2008 γε
927 1940 1093 2008 φάναι
1117 1941 1211 1994 τὸν
1273 1905 1538 2011 Σωτῆρα·
1580 1905 1705 1994 Ποῦ

1821 1905 1949 1912 -----
1981 1905 1995 1911 -
2192 1905 2217 1909 η
2629 1905 2710 1906 ν
2929 1905 2933 1906 ν
2983 1905 2996 1917 ,
3370 1905 3382 1913 .

1821 1948 1910 2004 nisi
1962 1956 2019 2004 et
2077 1946 2261 2010 Patri,
2322 1946 2455 2000 nihil
2506 1962 2609 2000 non
2654 1945 2959 2007 audentes,
3019 1943 3382 2011 ignorantiam

176 2034 439 2086 τεθείκατε
494 2028 798 2097 Δάζαρον;
844 2031 925 2090 εἰς
990 2029 1274 2082 ἐπίστασιν
1336 2028 1431 2082 καὶ
1485 2028 1707 2099 μνήμην

1825 2042 2105 2097 tscribent.
2140 2038 2429 2093 Enimvero
2462 2038 2564 2093 hoc
2594 2037 2738 2107 quod
2782 2036 2921 2091 dixit
2964 2034 3252 2090 Salvator:
3285 2031 3386 2088 Ubi

174 2125 346 2192 ἄγοντα
376 2122 418 2154 ⁸⁸
450 2122 577 2185 τοὺς
606 2121 881 2191 παρόντας
908 2121 1017 2174 τῶν
1059 2120 1331 2174 Ἰουδαίων
1362 2122 1559 2174 εἰπεῖν.
1594 2121 1709 2173 Καὶ

1825 2132 2056 2187 ιοειιῑειίε
2082 2130 2387 2185 Lazarum?
2420 2145 2486 2185 eo
2526 2129 2731 2184 dixisse
2767 2127 2865 2189 ait,
2902 2136 2959 2180 ut
2999 2128 3050 2180 id
3088 2134 3386 2195 praesentes

173 2216 223 2268 οὐ
243 2214 385 2267 τοῦτο
411 2214 592 2283 μόνον,
620 2212 757 2267 ἀλλά
786 2212 880 2266 καὶ
928 2212 1092 2284 ἕτερά
1131 2230 1253 2266 τινα
1282 2211 1706 2282 διαπράξασθαι,

1829 2223 1976 2280 Iudaei
2008 2224 2235 2288 scirent,
2269 2223 2593 2290 illorumque
2626 2220 2945 2275 memoriam
2975 2217 3239 2272 ﬁrmaret.
3274 2216 3390 2270 lmo

173 2306 333 2376 ὥσπερ
358 2305 446 2359 τό’
476 2306 717 2360 Λύσατε
747 2304 935 2359 αὐτὸν
977 2303 1080 2357 καί
1115 2302 1297 2373 ἄφετε
1320 2302 1597 2372 ὑπάγειν,
1624 2303 1711 2356 ἴνα

1825 2333 1916 2371 ιοιι
1954 2317 2056 2371 hoc
2085 2315 2282 2379 solum,
2311 2315 2403 2367 sed
2453 2323 2507 2367 et
2558 2312 2663 2367 alia
2713 2313 2955 2379 quaedam
2996 2309 3046 2363 id
3094 2322 3264 2378 genus
3304 2307 3386 2361 fe-

173 2398 221 2464 ἰξ
241 2391 308 2451 ὧν
335 2414 390 2450 τε
425 2398 568 2451 κατά
609 2397 775 2467 μέρος
804 2395 944 2450 εἶδον
972 2396 1069 2449 καὶ
1111 2396 1170 2461 ἐξ
1206 2388 1282 2449 ὧν
1308 2396 1570 2466 ἥκουσαν,
1620 2411 1711 2448 πι-

1827 2410 1951 2462 :isse
1999 2405 2269 2465 aﬁirmat,
2323 2415 2382 2458 ut
2431 2404 2562 2457 illud
2616 2422 2632 2458 :
2686 2402 2886 2457 Solvite
2933 2417 3086 2458 eum.
3133 2409 3179 2452 et
3232 2398 3388 2451 sinite

171 2490 277 2544 στὸν
298 2490 391 2561 μὲν
423 2491 484 2544 τὸ
506 2490 738 2560 ὁρᾶσθαι
768 2489 861 2543 καὶ
896 2488 1402 2561 ἀναμφισϐήτητον,
1430 2485 1710 2554 ἀνεξάλει-

1831 2499 1955 2552 tbire
1988 2506 2039 2557 ιι,
2086 2507 2145 2549 ιιι
2182 2512 2247 2550 ex
2296 2496 2362 2549 iis
2396 2512 2515 2563 quae
2562 2494 2846 2563 speciatim
2882 2492 3147 2556 viderant,
3181 2499 3234 2544 et
3270 2505 3392 2559 quae

173 2601 285 2637 πτον
308 2582 360 2635 δὲ
392 2582 724 2653 παραδοθεϋι
767 2586 833 2653 τῇ
867 2582 1077 2653 μνήμῃ.
1103 2581 1267 2649 Λέγει
1310 2581 1368 2634 δὲ
1403 2582 1485 2635 ὅτι
1514 2581 1609 2634 καί⁵
1643 2580 1711 2633 τά

1826 2589 2116 2651 audierant,
2148 2586 2306 2640 ﬁdem
2337 2586 2617 2641 oculorum
2662 2594 2913 2639 testatatn
2949 2592 3003 2636 et
3034 2582 3387 2635 indubitatam

172 2677 247 2728 ὲπί
267 2673 491 2746 Χριστοῦ
521 2675 792 2744 λεγόμενα
815 2675 882 2727 τὰ
913 2674 1013 2744 μὲν
1056 2674 1199 2727 κατά
1229 2672 1531 2745 ἀναφορὰν,
1553 2673 1623 2727 τὰ
1654 2674 1713 2727 δὲ

1829 2676 2064 2750 Judaeis]
2115 2675 2357 2741 faceret;
2417 2674 2692 2729 memoria:
2740 2688 2870 2728 vero
2924 2674 3134 2726 illorum
3192 2670 3390 2724 factum

170 2767 287 2820 κατὰ
308 2768 561 2838 ἀλήθειαν
590 2767 831 2835 λέγεται
852 2766 992 2819 κατά
1021 2765 1300 2833 ἀναφορὰν
1324 2766 1424 2835 μὲν
1445 2765 1507 2819 τὸ
1528 2766 1713 2837 ἀμαρ-

1830 2784 2086 2837 mnquam
2128 2768 2547 2821 oblitterandutu
2596 2765 2930 2835 inﬁgeretur.
3002 2763 3165 2817 Docet
3227 2763 3391 2815 etiam

169 2860 271 2913 τίαν
288 2862 443 2914 αὐτὸν
477 2861 576 2913 καὶ
602 2860 849 2931 κατάραν
872 2860 1013 2930 ὑπὲρ
1040 2859 1197 2929 ήμῶν
1223 2858 1477 2926 γενέσθαι
1500 2860 1583 2915 (οὐ
1603 2859 1713 2928 γὰρ

1829 2861 1916 2913 Ilia
1952 2862 2018 2913 de
2058 2858 2280 2915 Christo
2333 2859 2473 2911 dicta
2529 2871 2624 2926 per
2660 2856 2910 2925 ﬁguram,
2943 2855 3048 2909 alia
3096 2842 3390 2907 secundum

168 2953 332 3020 γέγονε
375 2952 572 3016 ταῦτα,
600 2952 715 3005 ἀλλ’
770 2946 857 3006 οἷα
887 2952 985 3021 τῆς
1040 2951 1287 3021 κεφαλῆς
1335 2951 1712 3022 οἰκειουμένης

1835 2951 1891 3003 -ei
1960 2952 2264 3005 veritatem.
2326 2948 2582 3018 Figurate
2635 2947 2836 3000 dicitur
2890 2945 3039 2997 illum
3091 2959 3187 3012 pro
3238 2942 3396 2995 nobis

167 3046 223 3097 τὰ
252 3044 336 3098 τοῦ
371 3045 497 3098 ἰδίου
530 3043 808 3115 σώματος,
838 3044 1001 3107 αὐτὸς
1034 3043 1104 3096 τὰ
1131 3044 1226 3097 τοῦ
1271 3043 1523 3114 σώματος
1574 3046 1711 3098 ἀνα-

1834 3042 2011 3115 εεωι
2037 3052 2314 3112 peccatum
2350 3050 2405 3095 et
2433 3040 2777 3094 maledictum
2810 3037 3012 3093 factum
3044 3051 3191 3101 esse;
3224 3051 3395 3104 neque

165 3137 410 3207 δέχεται)ο
464 3138 612 3192 κατά
643 3138 903 3209 ἀλήθειαν
946 3137 1003 3191 δὲ
1034 3137 1253 3204 λέγεται
1301 3136 1587 3207 ἄνθρωπός
1652 3153 1712 3190 τε

1839 3138 1959 3188 enim
2005 3133 2108 3188 fuit
2150 3134 2447 3203 quidquam
2489 3131 2707 3186 horum.
2743 3129 2849 3185 Sed
2881 3129 3045 3184 veluti
3091 3130 3192 3182 sibi
3235 3136 3400 3196 caput

164 3234 419 3299 γεγονέναι
462 3234 563 3285 καὶ
589 3233 844 3301 πεινῆσαι
874 3232 970 3285 καὶ
1016 3230 1240 3301 διψῆσαι
1286 3230 1479 3285 καὶτὰ
1525 3232 1709 3302 ὃμοια.

1834 3227 2057 3282 vindicat
2093 3241 2154 3279 ea
2193 3240 2313 3294 qua:
2354 3234 2480 3279 sunt
2519 3221 2711 3292 reliqui
2745 3221 3011 3290 corporis,
3042 3221 3111 3273 ita
3145 3218 3395 3273 Christus

166 3323 306 3378 Ὠστε
332 3327 384 3379 el
403 3344 489 3386 τις
525 3325 704 3379 ἐθέλοι
729 3326 912 3394 λέγειν
944 3324 1160 3393 ἀγνοεῖν
1207 3322 1369 3377 αὐτὸν
1406 3322 1547 3375 κατά
1577 3323 1713 3375 ἀνα-

1838 3337 1878 3374 ea
1909 3334 2030 3389 quae
2066 3320 2313 3388 corporis
2351 3324 2477 3371 sunt
2525 3316 2627 3371 sibi
2673 3315 2934 3384 assignat.
2966 3312 3275 3367 Secundum
3322 3319 3399 3363 re;

164 3417 334 3487 φοράν,
364 3418 438 3482 ὡς
475 3419 580 3472 οὐκ
610 3418 766 3483 ὲκτὺς
814 3416 1036 3486 ἀγνοίας
1085 3417 1237 3479 ὄντος
1278 3415 1443 3470 αὑτοῦ
1477 3414 1571 3467 τοῦ
1604 3413 1714 3467 σώ-

1839 3416 2101 3469 reritatem
2133 3422 2314 3466 autem
2347 3410 2550 3465 dicitur
2583 3410 2747 3467 homo
2778 3409 2971 3468 factus.
3016 3418 3072 3460 et
3114 3406 3400 3469 esuriisse,

164 3525 313 3578 ματος
362 3510 479 3579 ήτοι
532 3512 635 3579 τῆς
686 3507 1035 3579 ἀνθρωπίνης
1097 3506 1314 3575 φύσεως
1330 3507 1398 3569 ⁸³,
1434 3501 1503 3577 ἦς
1561 3506 1715 3559 ἐστιν

1922 3505 2177 3571 sitivisse,
2216 3512 2271 3557 et
2322 3503 2426 3558 hoc
2479 3516 2653 3571 genus
2701 3499 2923 3555 similia.
2967 3498 3122 3565 Quod
3172 3498 3215 3560 si
3268 3510 3402 3564 ergo
3462 3502 3483 3510 ‘

162 3597 306 3662 αὐτὸς
333 3599 545 3671 κεφαλὴ
574 3600 640 3664 ⁸⁸,
670 3600 769 3652 οὐκ
811 3598 879 3651 ἂν
926 3598 1026 3668 μὲν
1058 3597 1164 3662 ἔξω
1190 3596 1284 3650 τοῦ
1319 3596 1531 3660 εἰκότος
1559 3610 1716 3666 περι-

1845 3599 1943 3669 [uis
1990 3596 2121 3653 velit
2165 3597 2368 3660 dicere,
2407 3610 2531 3650 eum
2570 3594 2799 3665 ﬁgurate
2836 3602 2891 3647 et
2930 3590 3264 3660 anaphorice
3304 3588 3406 3641 ali-

160 3690 403 3763 ενεχθείη,
427 3692 489 3746 οῦ
528 3690 639 3761 μὴν
681 3690 983 3758 ἀγνοοῦντα
1014 3689 1113 3759 τὴν
1138 3687 1234 3742 τοῦ
1265 3690 1481 3759 Πατρὸς
1519 3690 1716 3757 σοφίαν

1844 3692 1948 3761 |uid
1985 3690 2253 3757 ignorare,
2287 3703 2353 3743 eo
2381 3688 2525 3756 quod
2564 3700 2764 3757 corpus
2804 3699 2912 3738 non
2948 3684 3019 3738 sit
3062 3692 3216 3736 extra
3253 3682 3405 3751 igno-

159 3782 428 3847 δοξάσειεν.
487 3782 629 3837 Ἀλλ’
684 3786 733 3837 εἰ
785 3783 883 3837 τό·
947 3782 1073 3837 Ποῦ
1126 3782 1425 3837 τεθείκατε
1476 3782 1712 3847 αὐτόν;

1847 3786 2079 3846 autiam,
2111 3793 2202 3836 aut
2236 3782 2471 3836 humana
2503 3795 2605 3835 vox
2636 3779 2791 3849 cujus
2835 3779 2949 3849 ipse
2989 3786 3151 3846 caput
3188 3786 3292 3840 est,
3359 3773 3408 3829 is

159 3875 361 3941 ἄγνοιαν
384 3874 481 3929 τοῦ
539 3873 779 3945 Χριστοῦ
823 3876 1155 3945 κατηγορεῖν
1202 3874 1327 3938 τοὺς
1357 3872 1717 3937 ἀπαιδεύτους

1846 3893 1926 3930 son
1983 3875 2217 3929 absurde
2270 3874 2548 3944 loquetur,
2596 3886 2773 3940 neque
2812 3870 3032 3924 interim
3090 3867 3270 3921 Patris
3319 3882 3407 3921 sa-

160 3964 414 4030 ἀνέπεισε,
449 3964 571 4030 πῶς
594 3965 719 4036 οὐχὶ
743 3966 838 4019 καὶ
858 3964 939 4035 τῷ
970 3967 1145 4035 Πατρί
1179 3965 1279 4034 τὴν
1302 3965 1471 4036 αὐτὴν
1496 3965 1719 4033 ἄγνοιαν

1843 3968 2079 4021 tientiam
2144 3966 2426 4036 ignorasse
2485 3963 2687 4033 aliquid
2741 3962 2977 4016 docebit.
3040 3960 3145 4015 Sed
3209 3960 3254 4013 si
3317 3957 3404 4011 illa

158 4054 491 4125 ὲπιρῤίψουσι
540 4054 1024 4125 διαπυνθανομένῳ
1070 4054 1166 4107 καὶ
1208 4052 1420 4121 λέγοντι
1449 4052 1588 4123 πρὸς
1625 4052 1719 4105 τὸν

1845 4057 1984 4113 'erba
2018 4076 2031 4113 :
2064 4056 2163 4112 Ubi
2203 4057 2457 4127 posuistis
2476 4071 2593 4109 eum
2623 4055 2648 4109 7
2682 4054 2748 4108 ad
2775 4054 2979 4107 Christi
3014 4054 3201 4120 ipsius,
3235 4051 3406 4118 impe-

169 4144 347 4216 ’Δδάμ’
392 4148 519 4202 Ποῦ
542 4143 636 4210 εἷ;
670 4146 765 4200 καὶ
807 4144 945 4216 πρὸς
986 4145 1081 4197 τὸν
1137 4144 1561 4214 ἀδελφοκτόνον
1593 4142 1720 4197 Ποῦ

1845 4152 1912 4205 ’ἰιί
1964 4152 2244 4214 homines,
2288 4148 2531 4204 referunt
2578 4146 2962 4217 ignorantiam,
2995 4142 3268 4214 quomodo
3302 4158 3406 4194 non

155 4236 307 4290 ἐστιν
333 4238 499 4293 Ἀσὲλ
534 4242 570 4293 ό
603 4237 869 4307 ἀδελφός
899 4252 1054 4301 σου;
1092 4236 1218 4290 καί·
1250 4235 1496 4306 Κραυγὴ
1535 4234 1716 4289 Σοδό-

1836 4241 2067 4297 :amdem
2087 4240 2444 4311 ignorantiam
2467 4239 2521 4293 in
2548 4239 2757 4293 Patrem
2780 4237 3048 4304 rejicient,
3089 4237 3305 4302 quando
3329 4234 3397 4285 iu-

153 4344 266 4395 μων
294 4330 391 4383 καὶ
412 4329 730 4400 Γομόρῤας
759 4328 1197 4395 πεπλήθυνται,
1229 4330 1327 4381 καί
1360 4330 1419 4380 αἰ
1444 4327 1714 4396 ἁμαρτίαι

1849 4344 2064 4406 errogat
2112 4344 2168 4389 et
2212 4335 2342 4389 dicit
2365 4334 2430 4387 ad
2447 4334 2712 4387 Adamum
2751 4352 2765 4387 :
2801 4329 2899 4384 Ubi
2922 4348 2975 4384 es
3012 4331 3074 4383 ll’?
3102 4339 3155 4383 et
3203 4330 3267 4381 ad
3298 4328 3408 4380 fra-

156 4419 333 4475 σύτῶν
353 4423 613 4493 μεγάλαι
637 4422 874 4491 σφόδρα
894 4438 908 4451 ·
929 4423 1191 4486 καταϐὰς
1216 4420 1260 4453 ⁸⁸
1285 4415 1401 4475 οὖν
1420 4420 1641 4490 ὄψομαι
1668 4421 1717 4473 εἰ

1840 4429 2070 4482 .ricidam
2095 4445 2108 4482 :
2152 4425 2253 4481 Ubi
2277 4437 2348 4480 est
2391 4425 2518 4479 Abel
2537 4426 2702 4493 (rater
2726 4422 2926 4477 tuus“?
2954 4432 3010 4476 et
3040 4420 3288 4475 :Clamor
3317 4417 3401 4471 So-

157 4513 291 4567 κατὰ
341 4515 459 4584 τὴν
506 4515 780 4585 κραυγὴν
810 4514 1011 4568 αὐτῶν
1047 4513 1486 4569 συντελοῦνται
1508 4552 1524 4578 ,
1549 4516 1603 4566 εἰ
1652 4510 1718 4565 δὲ

1849 4526 2101 4574 lomorum
2130 4530 2176 4573 et
2213 4517 2674 4571 Gomorrhworum
2693 4516 3075 4582 multiplicatus
3096 4524 3191 4576 est,
3223 4522 3267 4564 et
3292 4528 3410 4578 pec-

151 4604 246 4673 μὴι
273 4608 370 4662 ἵνα
424 4608 573 4678 γνῶ.
617 4608 829 4680 Ἐρωτᾷ
874 4608 931 4660 δὲ
976 4608 1132 4661 καὶὸ
1176 4604 1384 4679 Ἰησοῦς
1430 4605 1493 4658 τὸ
1536 4604 1712 4672 δαιμό-

1851 4622 1949 4666 rata
1980 4627 2156 4664 eorum
2193 4624 2385 4678 magna
2417 4606 2569 4661 valde
2608 4622 2628 4660 :
2657 4608 2972 4659 descendam
3003 4618 3124 4672 ergo
3154 4612 3201 4654 et
3230 4601 3412 4653 videbo

155 4716 284 4753 νιον·
325 4705 387 4758 Τί
417 4703 614 4773 ὄνομά
642 4719 773 4766 σοι;
808 4702 1031 4756 κάκεῖνο
1062 4699 1420 4769 ἀποκρίνεται
1442 4713 1457 4727 ⁸
1485 4695 1716 4765 Λεγεὼν

1850 4716 2005 4759 ttrum
2023 4704 2305 4757 clamorem
2325 4717 2476 4755 suum
2495 4699 2611 4771 [qui
2637 4700 2783 4754 venit
2802 4698 2867 4751 ad
2891 4697 2998 4767 me]
3021 4711 3173 4763 opere
3188 4692 3411 4762 comple-

154 4789 327 4861 ὄνομά
348 4812 476 4863 μοι,
506 4794 597 4848 ὅτι
642 4793 866 4848 πολλοί
900 4792 1112 4859 ἐσμεν-
1153 4788 1314 4844 Ἀλλά
1351 4788 1447 4842 καὶ
1482 4789 1596 4851 τοῖς
1629 4803 1723 4840 τυ·
1830 4790 2881 4859 οενὶηιηεσηε,ιιιεεὶαιηῑ.ιιιιεηοεαιοι
2896 4786 3413 4841 ειεειιεὼιεηιοιιὶιιηιε

155 4884 293 4951 φλοῖς
320 4886 472 4957 λέγει
492 4905 506 4918 -
546 4888 608 4942 Τί
629 4885 834 4942 θέλετε
855 4884 1090 4952 ποιήσω
1125 4881 1304 4952 ὑμῖν;
1343 4880 1441 4933 καὶ
1474 4879 1591 4938 πῶς
1619 4880 1716 4935 οὐκ

1853 4890 1990 4957 Quod
2038 4886 2134 4941 tibi
2184 4902 2371 4940 nomen
2418 4883 2540 4938 est?
2576 4893 2630 4937 et
2694 4881 2821 4936 illud
2875 4878 3218 4948 respondet:
3259 4875 3414 4944 Legio

161 4978 265 5034 ἔστι
287 4981 458 5037 ταῦτα
485 4982 719 5052 φανερὸν
739 4980 815 5044 ὡς
838 4981 941 5033 οὐκ
966 4976 1189 5047 ἀγνοίας
1212 4972 1302 5048 ἦν,
1320 4974 1457 5030 ἀλλὰ
1477 4976 1539 5029 τὸ
1562 4975 1661 5045 μὲν
1678 4976 1722 5008 ⁸⁸

1853 4981 1964 5037 nihi
1997 4996 2183 5033 nomen
2218 4987 2315 5043 est,
2355 4978 2478 5046 quia
2507 4976 2659 5028 multi
2681 4981 2940 5028 sumus“.
2977 4971 3115 5037 Quin
3153 4977 3207 5022 et
3246 4982 3414 5022 caecos

156 5068 396 5146 ἐπερωτᾷ
424 5075 524 5128 ἀπ’
553 5074 719 5128 αὐτοῦ
744 5074 839 5127 τοῦ
866 5070 1142 5143 δαιμονίου
1175 5069 1303 5143 [884
1322 5068 1418 5142 Βο]
1440 5069 1717 5139 τδ.πλῆθος

1857 5062 2139 5136 nterrogat
2168 5084 2182 5120 :
2209 5066 2351 5129 Quid
2378 5064 2536 5118 vultis
2566 5065 2765 5132 faciam
2792 5060 2935 5115 vobis
2960 5060 3024 5112 V?
3054 5059 3119 5113 Et
3150 5059 3415 5129 quomodo

156 5162 252 5215 τῶν
279 5168 689 5220 κατοικούντων
734 5168 847 5231 τοῖς
904 5164 1172 5237 μαθηταῖς
1218 5162 1485 5227 ἔπιδείξαι
1534 5160 1717 5231 βουλό·

1855 5177 1943 5217 ton
1981 5169 2148 5228 patet,
2182 5159 2296 5213 haec
2343 5173 2448 5212 non
2493 5171 2559 5210 ex
2607 5154 2915 5224 ignorantia
2954 5151 3224 5222 quaesita?
3255 5148 3359 5203 Sed
3393 5164 3416 5198 a

162 5268 329 5321 μενος.
364 5257 442 5321 ὡς
466 5259 511 5290 ⁸⁷
563 5259 630 5313 ἂν
666 5258 890 5329 μάθοιεν
933 5257 1009 5319 ὡς
1065 5256 1161 5310 καὶ⁸
1212 5255 1325 5309 τῶν
1357 5253 1572 5307 πολλῶν
1624 5252 1723 5325 ήδη

1855 5249 2177 5307 ιιεηιοηὶιιυε
2214 5249 2429 5317 quidem
2465 5246 2680 5314 quterit,
2711 5254 2911 5312 quanta
2948 5244 3019 5297 sit
3051 5240 3416 5295 obsidentium

160 5346 527 5416 περιγέγονεν,
545 5352 731 5404 πίστιν
750 5350 936 5413 αὐτοῖς
957 5350 1003 5381 ⁸⁸
1024 5348 1121 5403 καὶ
1152 5347 1354 5419 θάρσος
1372 5346 1604 5409 ἐντιθεὶς
1620 5346 1721 5401 τοῦ

1856 5343 2151 5406 multitudo,
2183 5340 2538 5409 utdiscipulis
2566 5339 2822 5394 ostendat
2852 5353 2913 5393 se
2938 5337 3049 5404 jam
3084 5334 3269 5388 multis
3301 5345 3417 5384 esse

160 5439 363 5492 πατεῖν
378 5440 584 5494 ἐπάνω
599 5440 795 5510 ὄφεων
825 5442 927 5496 καί
962 5442 1273 5510 σκορπίων
1284 5439 1386 5494 καί
1402 5439 1503 5493 ἐπὶ
1520 5436 1721 5496 πᾶσαν

1857 5435 2209 5507 superiorem,
2258 5442 2312 5488 et
2370 5434 2527 5488 tidem
2589 5433 2771 5486 ﬁrmet
2821 5446 2838 5485 :
2892 5429 3218 5497 animosque
3276 5424 3418 5477 addit

224 5558 251 5586 ιι
275 5548 433 5607 Joan.
468 5567 523 5607 xt
549 5594 564 5617 ,
593 5554 683 5608 54.
726 5563 751 5591 ο
783 5554 949 5610 Marc.
985 5571 1107 5614 xm,
1135 5554 1227 5610 52.
1303 5569 1334 5607 Ρ
1360 5552 1520 5608 Joan.
1566 5568 1679 5618 xvr,
1711 5552 1785 5608 i5

1877 5562 1907 5602 ιι
1937 5551 2067 5606 ibid.
2098 5549 2189 5604 35.
2269 5556 2292 5585 ι’
2323 5545 2462 5603 Gen.
2493 5561 2577 5612 ιιι,
2607 5546 2664 5601 9.
2762 5550 2786 5581 ⁸
2816 5541 2955 5600 Gen.
2986 5556 3061 5607 tv,
3090 5540 3146 5595 9.
3229 5538 3248 5575 ί
3280 5536 3418 5592 Gen.

162 5631 307 5687 mn,
347 5622 442 5679 9.0.
522 5632 551 5661 ιι
584 5624 752 5681 Marc.
787 5642 842 5693 ν,
870 5626 922 5681 9.
1003 5634 1028 5663 ν
1062 5625 1255 5680 Matth.
1289 5640 1381 5689 xx,
1413 5623 1504 5678 32.

1444 5715 1679 5771 VABUE
1709 5713 2120 5773 LECTlONES.

226 5807 267 5839 “
290 5810 392 5881 ήμ.
423 5812 541 5866 ἐκεί
611 5830 641 5865 ν
668 5811 792 5868 οὐδέ
825 5828 886 5877 ς.
962 5812 1007 5844 ⁸³
1036 5811 1299 5883 ὲνάγοντα
1328 5814 1392 5866 Α.
1489 5810 1536 5841 ⁸³
1569 5807 1787 5878 φύσεως
1814 5809 1862 5862 Α
1896 5825 1913 5864 :
1953 5805 2139 5879 φωνῆς
2166 5823 2227 5871 ς.
2305 5805 2350 5836 ⁸⁸
2380 5803 2543 5867 αὖτδς
2570 5804 2606 5875 ἡ
2639 5800 2851 5875 κεφαλή
2884 5819 2947 5869 ς.
3024 5798 3069 5833 ⁸⁵
3091 5796 3295 5869 σφόδρα
3323 5795 3417 5847 καὶ

226 5882 401 5917 υνυς..-
430 5901 471 5917 .-
546 5831 616 5917 Ἤ
644 5885 741 5917 ...ιη
771 5884 799 5917 Δ
841 5898 855 5911 -
893 5883 1002 5917 ηε...
1032 5901 1070 5917 ,-
1192 5884 1235 5915 s1
1265 5884 1341 5917 ,ευ-
1376 5892 1500 5917 an...
1533 5881 1623 5917 νηι
1678 5881 1782 5917 ..ιιι
1841 5882 1874 5917 Δ
2004 5875 2051 5910 1⁸
2079 5875 2266 5917 αὑταῖς
2291 5876 2494 5917 πίστιν
2521 5891 2583 5917 ει-

163 5875 401 5946 totum;
430 5901 495 5948 ς.
570 5875 616 5919 ⁸³
644 5885 741 5955 μέν
764 5884 809 5939 Α
836 5875 856 5935 ξ
892 5883 1002 5953 μήν
1032 5901 1094 5948 ς.
1144 5875 1157 5883 ⁷
1192 5884 1235 5915 ⁸⁷
1264 5884 1341 5949 ὼς
1374 5892 1500 5939 ante
1533 5875 1629 5937 καὶ
1677 5881 1805 5941 add.
1834 5882 1904 5941 Δ.
1965 5875 2051 5951 ⁷,⁶⁸
2079 5875 2266 5942 αὐτοῖς
2291 5876 2494 5931 πίστιν
2521 5891 2584 5940 ς.
