3954 6434
524 471 665 540 1083

1626 467 1895 533 PHOTII
1933 463 2441 531 PATRIARCHIE
2472 464 2584 527 ΟΡ.

3630 446 3746 514 1084

523 580 763 635 mirandi
813 596 971 650 super
1025 590 1284 648 serpentes
1344 587 1395 634 et
1447 580 1764 649 scorpiones.
1815 588 1867 635 et
1936 594 2095 648 super

2200 575 2312 645 τὴν
2327 575 2588 646 δύναμιν
2600 569 2708 627 τοῦ
2727 565 2966 641 ἐχθροῦ.
2991 563 3131 629 Τοὺς
3153 559 3387 635 τυφλοὺς
3427 559 3485 615 δέ
3522 561 3748 633 ἐπερωτᾲ

523 690 725 728 onmem
758 675 1005 728 virtutem
1035 672 1238 726 inimici
1264 681 1311 726 ι.
1343 671 1528 729 Caecos
1571 683 1748 728 autem
1780 673 2099 742 interrogat,

524 775 585 819 ut
614 766 932 835 petitionem
962 766 1031 821 ab
1062 764 1168 820 illis
1211 764 1416 819 eliciat.
1457 765 1724 832 Quantum
1757 765 1899 819 enim
1941 768 2102 819 bene-

527 858 708 913 ﬁcium
742 875 806 912 ex
840 858 1101 929 petitione
1138 856 1463 927 accipimus,
1506 865 1719 912 tantum
1740 856 2004 912 aﬁicimur
2032 856 2100 910 ad

528 949 857 1005 beneﬁcium
912 951 1178 1025 [agnitum
1234 949 1311 1020 et]
1369 958 1677 1019 acceptum.
1725 948 1858 1005 lllud
1919 958 2099 1003 autem

525 1045 666 1109 quod
723 1043 788 1096 de
838 1056 1085 1101 extremo
1133 1041 1321 1111 judicii
1372 1042 1460 1097 die
1516 1041 1743 1106 dictum,
1789 1042 1931 1111 quod
1969 1043 2101 1100 illud

527 1148 689 1192 nemo
728 1134 897 1199 novit,
936 1150 1109 1204 neque
1142 1117 1342 1204 angeli,
1376 1148 1550 1203 neque
1590 1132 1783 1197 Filius,
1822 1136 1923 1191 nisi
1957 1137 2103 1194 solus

526 1224 707 1291 Pater,
751 1227 803 1280 id
835 1226 1053 1295 quidam
1093 1225 1163 1281 ob
1199 1239 1321 1280 eam
1369 1224 1636 1280 rationem
1674 1226 1876 1282 dictum
1911 1228 2102 1285 existi-

525 1328 697 1382 mant,
730 1328 785 1372 ut
813 1317 1063 1388 discipuli
1108 1315 1357 1371 arbitrati
1385 1316 1626 1385 quotidie
1665 1317 1806 1372 diem
1851 1317 2101 1374 ultimum

526 1408 810 1465 imminere
841 1423 1057 1477 semper
1095 1408 1408 1477 vigilarent.
1455 1405 1561 1462 Sed
1599 1408 1732 1463 nihil
1758 1407 1940 1464 obstat
1965 1424 2102 1479 quo-

525 1504 708 1559 minus
765 1513 821 1558 et
886 1506 989 1559 hoc
1050 1503 1282 1574 ﬁgurate
1361 1505 1564 1559 dictum
1630 1505 2099 1574 interpretemur,

524 1595 981 1664 quemadmodum
1053 1606 1109 1650 et
1183 1595 1310 1650 illud
1367 1614 1381 1652 :
1442 1595 1521 1651 Tu
1584 1597 1686 1650 scis
1748 1596 2105 1665 insipientiam

524 1695 781 1748 meumr,
817 1697 870 1740 et
917 1686 1069 1749 illud,
1131 1686 1291 1753 Deus,
1339 1686 1480 1743 Deus
1526 1703 1691 1751 meus,
1743 1697 1798 1740 ut
1853 1687 1978 1755 quid
2025 1702 2108 1741 me

524 1776 850 1847 dereliquisti
881 1779 944 1833 1?
977 1779 1117 1835 Sunt
1148 1780 1238 1848 qui
1269 1788 1527 1834 censeant
1556 1779 1707 1833 illum
1738 1778 1939 1834 dixisse
1961 1779 2104 1849 quod

526 1869 806 1940 ignoraret
832 1871 1079 1925 nltinmm
1104 1871 1269 1937 diem,
1296 1882 1355 1925 ut
1381 1872 1631 1926 humanae
1658 1880 1867 1926 natura:
1893 1871 2102 1942 signum

527 1935 802 2030 perprium
839 1962 985 2033 quod
1024 1961 1101 2017 illi
1142 1935 1305 2027 inest,
1346 1961 1649 2017 declararet
1676 1970 1731 2016 et
1757 1935 2100 2030 ostenderet;
2139 1935 2179 1995 Β

526 2067 635 2104 non
670 2053 818 2121 quod
855 2054 967 2121 ipse
1008 2053 1283 2122 ignoraret
1319 2070 1333 2107 :
1373 2052 1550 2107 absit!
1589 2052 1754 2125 [quod
1799 2053 1913 2121 ipse
1954 2053 2105 2123 igno-

527 2143 715 2216 rarit].
761 2144 1084 2215 Quicunque
1123 2144 1266 2199 enim
1332 2145 1417 2199 vel
1462 2145 1729 2200 divinitati
1781 2145 1969 2214 ipsius,
2020 2144 2107 2201 vel

528 2232 853 2289 humanitati
892 2235 1255 2305 ignorantiam
1295 2234 1493 2305 285a
1536 2234 1797 2298 ascribet,
1830 2250 2105 2305 nunquam

529 2328 847 2382 certissima:
880 2328 1202 2383 temeritatis
1223 2328 1431 2383 crimen
1465 2326 1702 2397 cﬂ‘ugiet.
1742 2328 1847 2383 Sed
1877 2342 2023 2396 cum,
2048 2337 2107 2384 ut

528 2419 721 2473 beatus
762 2417 998 2488 Cyrillus
1049 2419 1227 2483 docet,
1266 2418 1449 2474 subtili
1506 2421 1703 2476 mentis
1753 2431 2015 2491 conceptu
2053 2429 2106 2477 et

529 2510 699 2563 animi
741 2511 1068 2579 imaginibus
1107 2526 1204 2580 per
1251 2511 1781 2580 contemplationem,
1826 2527 1940 2568 rem
1979 2528 2009 2566 a
2049 2527 2108 2568 re

530 2598 860 2664 dividimus,
916 2610 1027 2656 tum
1079 2602 1325 2657 videmus
1383 2603 1630 2673 proprias
1670 2615 1876 2659 natura:
1908 2603 2109 2658 utrius-

531 2706 659 2761 que,
703 2703 762 2746 ut
802 2692 852 2746 in
901 2708 960 2747 se
1006 2703 1109 2760 est,
1160 2703 1317 2751 notas
1367 2704 1422 2748 et
1461 2696 1839 2764 proprietates.
1888 2697 2015 2761 Aut,
2048 2704 2110 2752 ut

531 2781 824 2853 Gregorius
855 2783 1159 2855 Theologus
1192 2785 1379 2851 tradit,
1415 2785 1630 2855 quando
1663 2794 1867 2841 naturae
1901 2789 2109 2845 ratione

531 2876 962 2948 distinguuntur,
992 2879 1158 2934 etiam
1204 2880 1421 2933 nomina
1472 2889 1791 2934 naturarum
1824 2880 1985 2935 simul
2027 2880 2111 2936 di-

532 2969 812 3023 viduntur.
846 2968 953 3025 Sed
988 2970 1144 3024 nuda:
1177 2983 1436 3038 puraeque
1487 2969 1847 3024 humanitatis
1894 2970 2107 3039 signum

531 3062 809 3132 praprium
849 3071 934 3117 est
974 3061 1301 3131 ignorantia.
1349 3060 1462 3117 llac
1510 3063 1722 3117 ratione
1751 3077 1881 3132 ergo
1906 3060 2108 3119 Christi

532 3152 880 3219 humanitati,
908 3162 967 3207 ut
998 3151 1230 3221 simplici
1259 3161 1313 3205 et
1342 3167 1491 3220 pura:
1522 3152 1871 3208 humanitatis
1901 3162 2111 3208 natura:

532 3246 888 3301 considerata:
922 3243 1173 3317 [praecise
1226 3244 1519 3300 secundum
1552 3259 1614 3298 ea
1666 3259 1783 3313 qua:
1816 3260 1845 3299 a
1885 3261 1943 3300 se
1990 3246 2106 3316 ipsa

532 3335 719 3408 habet]
747 3335 982 3391 adscribi
1014 3336 1212 3405 poterit
1244 3334 1567 3407 ignorantia.
1603 3336 1669 3390 Et
1710 3338 1812 3392 hoc
1847 3348 1930 3393 est
1965 3340 2108 3409 quod

535 3434 848 3501 'l‘heologus
888 3431 1200 3501 explicavit,
1248 3436 1465 3504 quando
1512 3435 1696 3491 dixit:
1741 3432 1853 3488 Scit
1904 3434 2111 3502 quidem

534 3538 591 3580 ut
630 3527 799 3591 Deus,
835 3526 997 3579 nescit
1030 3541 1147 3579 vero
1181 3533 1236 3579 ut
1265 3526 1440 3584 homo.
1476 3525 1687 3593 Quibus
1734 3526 1893 3581 dictis
1943 3524 2111 3589 addit,

535 3620 680 3690 quod
720 3621 764 3674 si
811 3619 900 3688 qui
939 3635 1005 3673 ex
1046 3618 1302 3674 Patribus
1353 3618 1712 3689 ignorantiam
1746 3618 1798 3672 in
1836 3616 2115 3672 Salvatore

535 3728 600 3765 ex
633 3722 787 3780 parte
818 3710 1171 3765 lmmanitatis
1215 3710 1573 3774 admiserunt,
1600 3710 1652 3765 id
1688 3720 1869 3765 tamen
1903 3725 2009 3764 non
2055 3717 2116 3764 ut

536 3803 729 3870 dogma
762 3812 1079 3866 sanxerunt,
1110 3803 1204 3857 sed
1240 3802 1566 3857 Arianorum
1606 3802 1871 3861 insaniam
1904 3817 2116 3872 repres-

535 3898 649 3948 suri
682 3894 794 3963 (qui
830 3895 1007 3950 omnia
1042 3891 1185 3966 [quae
1227 3895 1280 3948 in
1313 3894 1533 3950 Christo
1575 3894 1751 3966 erant]
1779 3896 2014 3951 humana
2047 3895 2115 3951 ad

540 3980 809 4051 Unigeniti
857 3982 1196 4036 divinitatem
1246 3983 1661 4050 transtulerunt,
1709 3993 1772 4038 ut
1810 3984 2112 4040 increatum

538 4070 633 4127 Del
684 4072 916 4127 Verbum
973 4082 1279 4127 creaturam
1329 4074 1717 4143 ostenderent),
1754 4076 1956 4131 rectius
2000 4077 2119 4133 haec

538 4163 603 4218 de
640 4163 977 4219 humanitate
1028 4165 1133 4219 dici
1178 4180 1337 4235 posse
1385 4166 1788 4232 existimarunt,
1816 4183 1980 4235 quam
2024 4169 2120 4223 hu-

536 4270 697 4310 mana
737 4256 802 4309 ab
843 4257 947 4311 illis
987 4256 1255 4329 [Arianis]
1318 4257 1383 4311 ad
1419 4258 1761 4313 divinitatem
1801 4261 1967 4315 trahi.
2001 4261 2117 4317 Etsi

538 4345 679 4402 forte
721 4350 812 4417 qui
862 4349 1081 4414 dixerit,
1117 4350 1281 4403 etiam
1316 4348 1507 4404 Patres
1561 4350 1787 4419 ﬁgurate
1834 4368 1929 4407 sett
1983 4368 2119 4406 ana-

536 4440 761 4510 phorice
810 4440 1017 4494 locutos
1069 4455 1222 4505 esse,
1282 4441 1591 4510 religiosius
1640 4442 1915 4497 videbitur
1967 4443 2117 4515 judi-

536 4546 714 4588 easse.
752 4530 843 4588 His
876 4532 1163 4601 expositis,
1196 4533 1409 4589 dicendi
1443 4532 1604 4588 ﬁnem
1642 4534 1793 4590 facit.

2200 668 2507 738 οἰκονομῶν
2533 667 2593 734 ἐξ
2623 664 2808 719 αὐτῶν
2848 657 3226 731 προσαχθῆναι
3254 656 3354 727 τὴν
3380 655 3620 723 αἴτησινυ
3645 654 3750 707 ὅσον

2200 760 2311 830 γάρ
2342 757 2622 821 αἰτοῦντες
2669 758 2771 826 τῆς
2804 750 3075 821 ὡφελείας
3117 747 3478 816 τυγχάνομεν,
3526 742 3751 797 τοσοῦτον

2200 852 2301 923 τὴν
2339 850 2598 919 αἴσθησιν
2630 848 2731 919 τῆς
2765 843 3093 916 εὐεργεσίας
3123 840 3411 912 δεχόμεθα.
3437 837 3513 891 Τὸ
3561 837 3615 891 δὲ
3644 840 3752 906 περί

2199 947 2299 1016 τῆς
2325 944 2564 1015 ἐσχάτης
2583 942 2799 1013 ἡμέρας
2831 937 3142 1009 εἰρημένον,
3166 936 3243 999 ὼς
3266 933 3442 995 οὐδεὶς
3460 927 3622 991 οῐδεν,
3650 932 3752 984 οὐδὲ

2198 1040 2252 1093 οἰ
2281 1038 2525 1107 ἄγγελοι,
2585 1034 2763 1089 οὐδὲνό
2788 1031 2938 1095 Υἱὸς,
2990 1029 3039 1083 εἰ
3072 1028 3147 1101 μὴ
3177 1029 3206 1081 6
3253 1025 3469 1094 Πατὴρ,
3505 1021 3644 1085 τινὲς
3673 1025 3753 1089 μὲν

2200 1126 2323 1183 κατ’
2382 1126 2699 1194 οἰκονομίαν
2752 1120 3003 1194 εἰρῆσθαί
3030 1135 3217 1189 φασιν,
3248 1118 3335 1171 ἵνα
3364 1116 3475 1169 τῶν
3526 1113 3754 1184 μαθητῶν

2201 1218 2346 1274 κατὰ
2388 1219 2572 1273 πᾶσαν
2624 1215 2841 1287 ἡμέραν
2886 1212 3215 1285 νομιζόντων
3242 1205 3632 1264 ἐπελεύσεσθαι
3675 1205 3756 1275 τὴν

2202 1312 2523 1366 τελευταίαν
2570 1310 2787 1381 ἡμέραν
2823 1307 2913 1362 ἀεὶ
2966 1304 3371 1378 γρηγοροῦντες
3421 1299 3753 1356 διατελῶσιν·

2206 1402 2335 1476 [466
2358 1401 2452 1475 1L]
2483 1402 2635 1456 οὐδὲν
2657 1402 2715 1455 δὲ
2738 1399 2942 1455 κωλύει
2963 1399 3058 1452 καί
3081 1397 3241 1451 τοῦτο
3262 1394 3515 1449 ἐκλαϐεῖν
3544 1391 3617 1454 ὼς
3641 1391 3759 1442 κατά

2203 1495 2486 1566 ἀναφορὰν
2535 1495 2849 1566 εἰρημένον,
2879 1492 3129 1561 καθάπερ
3174 1490 3268 1544 καί
3307 1487 3407 1541 τό·
3469 1484 3557 1540 Σὺ
3597 1483 3759 1551 ἔγνως

2204 1586 2321 1655 τὴν
2334 1586 2840 1656 ἀφροσύνηνμου,
2865 1583 2959 1638 καὶ
2988 1582 3053 1636 τό
3072 1595 3088 1613 ο
3107 1579 3214 1635 Θεέ
3222 1596 3365 1649 μου,
3398 1575 3511 1631 Θεέ
3530 1573 3760 1644 {tamira

2203 1679 2264 1734 τί
2290 1695 2365 1748 με
2387 1677 2823 1750 ὲγκατέλιπεςξ
2860 1677 3034 1730 Ἔνιοι
3078 1674 3137 1728 δέ
3170 1689 3334 1741 φασιν
3360 1669 3530 1723 αὑτὸν
3575 1666 3762 1733 ἀγνοεῖν

2205 1773 2376 1843 φάναι
2398 1773 2499 1846 τὴν
2539 1772 2777 1842 ἐσχάτην
2810 1770 3024 1841 ἡμέραν
3051 1769 3112 1822 τὸ
3166 1766 3313 1829 ἰδίως
3356 1760 3568 1833 προσὸν
3596 1762 3663 1828 τῇ
3686 1759 3764 1811 άν-

2207 1864 2452 1938 θρωπίνῃ
2485 1864 2649 1934 φύσει
2681 1862 2973 1935 γνώρισμα
3013 1858 3332 1915 δεικνύοντα
3376 1873 3437 1909 τε
3468 1853 3573 1907 καί
3607 1854 3763 1922 ἐμφα-

2206 1957 2443 2022 νίζοντα,
2470 1957 2569 2027 οὐχ
2600 1954 2677 2020 ὡς
2694 1954 2864 2010 αὐτοῦ
2897 1951 3220 2023 ἀγνοοῦντος
3246 1950 3448 2019 (ἄπαγε
3471 1963 3487 1978 ·
3518 1944 3650 1999 οὔτε
3674 1943 3765 2013 γὰρ

2208 2049 2349 2103 κατὰ
2376 2048 2475 2120 τὴν
2507 2048 2739 2119 θεότητα
2764 2045 2885 2100 οὔτε
2930 2044 3074 2100 κατὰ
3109 2044 3211 2114 τὴν
3253 2040 3656 2111 ἁνθρωπότητα
3684 2035 3764 2105 τὴν

2204 2140 2430 2208 ἄγνοιαν
2464 2138 2642 2209 λέγειν
2675 2139 2766 2192 ἐπ’
2788 2137 2954 2192 αὐτοῦ
2982 2137 3220 2208 θράσους
3245 2129 3590 2203 ἐπισφαλοῦς
3624 2129 3763 2198 ἡλευο

2208 2236 2490 2309 θέρωται),
2521 2234 2636 2290 ἀλλ’
2662 2235 2873 2307 ἐπειδὴ,
2900 2234 2977 2296 ὡς
3008 2236 3036 2287 6
3073 2232 3341 2304 μακάριος
3368 2226 3643 2300 Κύριλλός
3677 2243 3764 2295 φη-

2207 2346 2313 2395 σιν,
2345 2331 2403 2383 ἐν
2434 2330 2643 2401 ἰσχναῖς
2664 2328 3007 2399 διαιροῦντες
3042 2325 3277 2383 ἐννοίαις
3302 2325 3425 2394 ἦτοι
3452 2319 3552 2374 νοῦ
3586 2336 3767 2384 φαντα-

2210 2422 2354 2486 σίαις
2401 2422 2481 2492 τῷ
2546 2423 2733 2493 τρόπῳ
2782 2421 2884 2490 τῆς
2932 2418 3175 2490 θεωρίας
3240 2415 3509 2486 ἑκατέρας
3579 2412 3767 2482 φύσεως

2206 2514 2421 2586 ὁρῶμεν
2454 2516 2627 2569 ﬁta.”
2672 2514 2767 2567 xui.
2810 2513 2933 2567 καθ’
2974 2510 3142 2565 ἑαυτὰ
3176 2510 3567 2580 γνωρίσματα,
3614 2506 3646 2576 ἢ
3689 2504 3768 2556 καὶ

2207 2608 2284 2672 ὡς
2310 2612 2340 2663 6
2374 2608 2637 2676 Θεολόγος
2669 2607 2993 2679 Γρηγόριος,
3010 2604 3175 2676 ἡνίκα
3193 2604 3247 2656 αἰ
3275 2601 3467 2672 φύσεις
3490 2598 3768 2652 διίστανται

2207 2702 2326 2763 ταῖς
2350 2698 2633 2765 ἐπινοίαις,
2669 2699 3055 2768 συνδιαιρεῖται
3091 2697 3186 2750 καί
3224 2695 3295 2749 τὰ
3338 2693 3588 2763 ὀνόματα
3611 2706 3625 2717 ·
3660 2689 3769 2742 ἴδιον

2208 2791 2267 2845 δέ
2306 2790 2594 2861 γνώρισμα
2634 2790 2793 2861 ψιλῆς
2828 2790 3246 2859 ἀνθρωπότητος
3281 2789 3315 2859 ἡ
3364 2785 3567 2855 ἄγνοια
3600 2800 3614 2815 ·
3650 2780 3769 2835 κατὰ

2207 2884 2370 2938 τοῦτο
2408 2885 2598 2956 ῥηθείη
2618 2884 2696 2939 ’ἂν
2743 2887 2837 2939 ἐπὶ
2889 2888 2988 2957 τῆς
3034 2883 3176 2937 κατά
3214 2881 3453 2954 Χριστὸν
3503 2874 3770 2947 ἀνθρωπό-

2208 2994 2369 3046 τητος
2394 3015 2409 3041 ,
2453 2976 2530 3041 ὡς
2579 2976 2767 3041 ἁπλῶς
2824 2976 3271 3048 ἀνθρωπότητος,
3322 2970 3649 3045 θεωρεῖσθαι
3690 2967 3770 3038 τὴν

2210 3068 2454 3137 ἄγνοιαν.
2503 3068 2617 3123 Καὶ
2676 3068 2834 3122 τοῦτο
2890 3068 2987 3121 καὶ
3053 3068 3082 3121 6
3139 3064 3398 3132 Θεολόγος
3455 3062 3770 3133 ἐτράνωσεν.

2214 3162 2422 3216 εἰπών’
2478 3160 2773 3215 Γινώσκει
2849 3161 2967 3231 μὲν
3041 3160 3123 3226 ὡς
3203 3158 3385 3223 Θεὸς,
3449 3153 3662 3224 ἀγνοεῖ
3717 3152 3771 3203 δὲ

2210 3251 2292 3318 ὡς
2355 3251 2686 3319 ἄνθρωπος,
2730 3250 2808 3303 ἄν
2864 3267 2957 3316 τιις
3009 3249 3077 3303 τὸ
3126 3248 3499 3317 φαινόμενον
3562 3242 3770 3311 χωρίσῃ

2212 3345 2321 3399 τοῦ
2351 3345 2703 3412 νοουμένουι
2748 3342 2933 3398 Ταῦτα
2977 3340 3147 3395 εὺιτὼν
3197 3340 3395 3409 ἐπάγει
3447 3338 3524 3401 ὡς
3588 3338 3637 3388 εἰ
3694 3333 3773 3387 καί

2211 3451 2358 3499 τινες
2428 3434 2539 3488 τῶν
2603 3434 2865 3504 Πατέρων
2905 3434 3005 3504 τὴν
3065 3433 3287 3501 ἄγνοιαν
3339 3432 3435 3485 ἐπὶ
3498 3430 3601 3500 τῆς
3652 3426 3773 3481 κατά

2211 3525 2306 3581 τὸν
2383 3527 2616 3598 Σωτῆρα
2695 3524 3067 3595 παρεδέξαντο
3140 3523 3563 3596 ἀνθρωπότητος
3595 3559 3611 3585 ,
3689 3519 3772 3586 οὺχ

2213 3620 2290 3684 ὡς
2336 3618 2513 3689 δόγμα
2560 3617 2718 3671 τοῦτο
2766 3618 3145 3688 προήνεγκαν,
3197 3616 3331 3671 ἀλλά
3385 3615 3523 3685 πρὸς
3565 3614 3659 3682 τὴν
3681 3610 3772 3663 τῶν

2226 3710 2522 3782 Ἀρειανῶν
2554 3710 2754 3782 μανίαν
2781 3710 3221 3781 ἁντιφερόμενοι,
3255 3710 3307 3763 οἳ
3356 3710 3454 3762 καί
3491 3708 3563 3760 τὰ
3588 3704 3774 3777 ἀνθρὼσ

2216 3819 2349 3857 πινα
2379 3803 2558 3857 πάντα
2594 3803 2688 3855 ἐπὶ
2726 3802 2823 3872 τὴν
2860 3801 3094 3872 θεότητα
3142 3802 3238 3855 τοῦ
3274 3799 3619 3868 Μονογενοῦς
3661 3814 3771 3867 μετ-

2217 3895 2431 3967 έφερον,
2461 3895 2535 3958 ὡς
2562 3894 2628 3949 ἂν
2656 3895 2863 3965 κτίσμα
2891 3895 2983 3948 τὸν
3014 3896 3272 3950 ἄκτιστον
3324 3894 3500 3961 Λόγον
3529 3891 3628 3946 τοῦ
3655 3887 3773 3942 Θεοῦ

2216 3988 2667 4058 παραστήσωσιν,
2696 3986 3187 4058 οίκονομικώτερον
3216 3987 3553 4057 ἐδοκίμασαν
3577 3984 3665 4037 ἐπὶ
3690 3984 3774 4051 τῆς

2184 4125 2191 4132 ,
2216 4076 2636 4148 ἀνθρωπότητος
2667 4076 2842 4131 ταῦτα
2871 4077 3059 4147 φέρειν
3087 4078 3130 4150 ἢ·
3155 4080 3511 4148 παραχωρεῖν
3554 4075 3775 4132 ἐκείνους

2221 4168 2504 4239 μεθέλκειν
2529 4167 2703 4221 ταῦτα
2723 4167 2865 4221 κατὰ
2889 4168 2990 4240 τῆς
3017 4168 3291 4239 θεότητος.
3326 4170 3390 4222 Εἰ
3417 4168 3477 4221 δὲ
3500 4168 3642 4222 κατὰ.
3662 4166 3774 4219 ἀνα-

2219 4263 2393 4335 φορὰν
2421 4263 2708 4328 κάκείνους
2741 4264 2857 4335 δοίη
2887 4263 3063 4317 ταῦτά
3091 4280 3174 4326 τις
3204 4263 3402 4324 εἰπεῖν,
3445 4263 3539 4314 τὸν
3570 4256 3775 4311 εὐσεϐίο

2218 4374 2411 4428 στερον
2452 4357 2610 4427 λόγον
2648 4357 2995 4421 ἀποδέξεται.
3049 4353 3240 4411 Ταῦτα
3274 4351 3502 4408 διελθὼν
3522 4353 3579 4385 τι
3597 4349 3776 4420 πέρατι

2217 4447 2535 4521 περιϐάλλει
2561 4449 2654 4503 τὸν
2681 4449 2858 4519 λόγον.

607 4642 769 4698 Liber
819 4653 1126 4714 postremus
1175 4643 1477 4698 orationem
1531 4646 1793 4711 continet,
1842 4648 1931 4704 cui
1986 4649 2109 4705 titu-

2290 4647 2615 4704 Τελευταῖον
2641 4648 2698 4702 δὲ
2723 4650 2968 4720 περιεῖχε
3012 4647 3075 4702 τὺ
3117 4646 3321 4718 βιϐλίον
3376 4644 3536 4713 λόγον
3570 4645 3777 4712 ἐπιγρα·

534 4740 620 4793 lus
658 4755 673 4791 t
723 4736 994 4794 Decretum
1027 4737 1083 4789 in
1120 4734 1487 4790 Samaritanus
1530 4738 1752 4792 editum.
1806 4740 2115 4807 Argumen-

534 4839 647 4885 tum
713 4830 976 4883 orationis
1040 4829 1347 4903 hujusmodi
1381 4848 1396 4884 :
1435 4827 1593 4885 Plebs
1655 4829 2003 4888 Samaritana
2058 4834 2113 4890 in

535 4921 836 4975 contrarias
878 4920 1085 4974 divulsa
1130 4919 1419 4984 factiones,
1460 4921 1599 4975 inter
1632 4936 1690 4976 se
1719 4922 2036 4986 dissidebat,
2065 4933 2120 4978 et

539 5009 844 5082 peregrinis
889 5025 950 5064 se
995 5008 1343 5078 opinionibus
1388 5010 1783 5079 propugnahat.
1823 5010 1927 5064 Alii
1970 5012 2117 5066 enim

534 5099 714 5158 Iesum
753 5102 897 5156 Nave
936 5119 1055 5156 eum
1096 5117 1218 5158 esse
1266 5115 1616 5163 censuerunt,
1665 5103 1731 5156 de
1760 5118 1868 5171 quo
1904 5103 2117 5174 Moyses

536 5197 673 5251 dixit
706 5213 721 5252 :
754 5194 1072 5265 Prophetam
1114 5195 1258 5250 vobis
1304 5194 1553 5249 excitabit
1598 5194 1853 5248 Dominus
1889 5194 2027 5250 Deus
2053 5212 2117 5251 ea:

534 5289 794 5360 fratribus
832 5289 1036 5351 vestris,
1073 5296 1132 5340 ut
1170 5304 1251 5341 me
1287 5299 1337 5341 ει.
1368 5287 1473 5341 Alii
1523 5286 1723 5356 rejecta
1762 5288 1862 5342 hac
1895 5301 2118 5343 senten-

538 5384 633 5447 tia,
694 5382 929 5436 Dostheu
976 5380 1267 5450 quemdam
1333 5380 1571 5441 nomine,
1628 5378 1744 5432 siVe
1800 5378 2114 5436 Dositheum

537 5472 904 5544 praedicarunt
960 5470 1370 5524 Samaritanum
1423 5469 1588 5523 etiam
1641 5479 1802 5539 gente
1851 5470 2116 5539 aequalem

538 5562 748 5621 Simoni
775 5562 968 5635 lMago.
1014 5561 1083 5618 Et
1126 5562 1271 5617 hunc
1310 5560 1461 5619 illum
1497 5576 1620 5619 esse
1649 5577 1680 5615 a
1710 5561 1893 5633 Moyse
1927 5565 2121 5632 prazdi-

611 5713 639 5742 ι
664 5698 797 5756 Luc.
825 5714 884 5767 x,
914 5697 1004 5755 19.
1080 5706 1108 5747 1
1136 5695 1283 5754 Psal.
1311 5712 1506 5766 vam,
1539 5698 1594 5754 6.

2220 4740 2326 4813 φὴν
2346 4741 2604 4814 φέροντα,
2648 4741 2822 4809 Ὅρος
2846 4738 3215 4809 ἐκφωνηθεὶς
3235 4736 3360 4804 τοῖς
3391 4736 3775 4806 Σαμαρείταις,

2233 4830 2297 4885 Ἦ
2328 4831 2387 4885 δὲ
2417 4832 2672 4894 ὑπόθεσις
2699 4831 2985 4904 πρόκειται
3006 4829 3262 4901 τοιαύτηο
3292 4828 3417 4883 Τῶν
3444 4822 3776 4898 Σαμαρειτῶν

2217 4922 2280 4976 τὸ
2326 4922 2534 4995 πλῆθος
2580 4925 2662 4987 είς
2715 4921 3103 4992 ἀντικειμένας
3159 4921 3386 4993 μερίδας
3437 4918 3779 4991 διαιρεθέντες

2220 5014 2315 5069 καί.
2366 5016 2765 5079 στασιάσαντες
2815 5014 2954 5087 πρὸς
3013 5013 3279 5084 ἀλλήλους
3338 5014 3433 5067 καὶ
3488 5009 3780 5079 ἀλλοφύλοις

2223 5105 2452 5167 ἑαυτοὺς
2507 5102 3045 5172 ἀποδιατειχίσαντες
3088 5102 3293 5167 δόξαις,
3332 5104 3383 5155 οἰ
3444 5102 3545 5174 μὲν
3588 5095 3779 5170 Ἰησοῦν

2221 5198 2314 5253 τὸν
2346 5197 2504 5269 Ναυῆ
2560 5195 2812 5260 ἐδόξαζον
2865 5191 3006 5248 εἶναι
3063 5196 3195 5266 περὶ
3245 5187 3307 5247 οὗ
3361 5194 3599 5260 Μωῦσῆς
3631 5184 3775 5242 είπυ

2218 5288 2547 5361 Προφήτην
2596 5286 2743 5357 ὑμῖν
2793 5286 3131 5353 ἀναστήσει
3183 5288 3397 5355 Κύριος
3447 5288 3483 5339 ὀ
3545 5282 3680 5346 Θεὸς
3722 5279 3778 5331 ἐκ

2221 5382 2344 5438 τῶν
2390 5380 2672 5451 ἀδελφῶν
2702 5378 2872 5449 ὑμῶν
2897 5380 2979 5445 ὡς
3026 5379 3153 5449 ἐμὲ,
3187 5380 3238 5431 οἰ
3280 5379 3335 5432 δὲ
3373 5377 3559 5430 τοῦτον
3602 5376 3645 5406 τι
3694 5372 3779 5444 μὲν

2224 5471 2662 5545 παρεγράφοντο,
2705 5467 2914 5537 Δοσθην
2967 5467 3025 5521 δέ
3053 5484 3177 5523 τινα
3203 5466 3441 5538 τοῦνομα
3470 5468 3505 5540 ἡ
3554 5463 3781 5518 Δοσίθεον

2225 5565 2395 5636 ἀνεκὴ
2405 5579 2616 5635 ρυττον,
2663 5559 3011 5632 Σαμαρείτην
3061 5559 3160 5629 μὲν
3192 5561 3287 5613 καὶ
3321 5560 3481 5614 αὑτὸν
3522 5558 3577 5611 τὸ
3616 5554 3778 5625 γένος.

1677 5708 1699 5735 ³
1730 5697 1871 5754 Psal.
1911 5715 2025 5764 XM,
2063 5699 2131 5767 ‘2;
2170 5698 2360 5756 Matth.
2395 5713 2546 5765 nrt,
2580 5696 2672 5756 46.
2747 5707 2774 5738 δ
2810 5696 2966 5752 Deut.
3002 5708 3158 5765 xvm,
3191 5692 3277 5751 15.

1835 5812 2066 5869 VARle
2104 5811 2501 5873 LECTIONES.

619 5903 665 5937 “
706 5902 811 5958 ἰδία
844 5902 911 5960 Δ.
985 5903 1032 5939 ⁷⁸
1065 5900 1289 5959 διελθὼν
1311 5902 1356 5957 Α
1385 5901 1494 5975 ;,δὴ
1516 5902 1819 5974 περιελθών
1842 5922 1900 5970 ς.
1982 5904 2194 5960 ἰτοῦτο
2232 5923 2292 5971 ς.
