4066 6404
265 523 400 622 loss

1323 525 1842 589 BIBLIOTHECA.
1881 547 1952 559 -
1990 521 2154 585 COD.
2193 523 2460 585 CCXXX.

3357 522 3490 587 1086

260 636 694 709 συνακμάσαντα
722 636 780 692 δὲ
808 637 952 694 κατά
979 654 1043 707 γε
1085 638 1132 671 τ’
1179 638 1306 702 τοὺς
1353 641 1579 712 χρόνους
1623 641 1826 711 Σίμωνι

1936 649 2107 705 ctum,
2162 650 2473 708 portentose
2533 637 2857 701 commenti,
2917 637 2983 691 ab
3046 636 3213 705 ipsius
3273 637 3489 694 nomine

261 727 337 798 τῷ
367 728 543 799 Μάγῳ
575 743 592 758 °
621 728 714 781 καὶ
741 727 930 782 τοῦτον
965 726 1102 783 εἶναι
1135 729 1227 782 τὸν
1270 731 1711 802 προφητευθέντα
1737 748 1828 783 τε-

259 819 617 890 ρατευόμενοι
649 819 708 885 ἐξ
751 819 915 874 αὑτοῦ
957 819 1055 890 τὴν
1102 820 1419 891 ἐπωνυμίαν
1469 821 1684 892 ἔφερον,
1732 826 1830 873 Δο-

215 986 219 990 .
258 911 451 981 σθηνο)⁸
494 910 838 982 καλούμενοι.
897 907 1064 976 Οὗτος
1110 913 1166 965 δὲ
1220 912 1478 984 ὑϐριστὴς
1512 914 1610 983 μὲν
1641 913 1830 981 γέγονε

258 1005 369 1057 τῶν
397 1003 494 1058 τοῦ
525 1005 659 1058 Θεοῦ
693 1005 1012 1076 προφητῶν,
1042 1004 1298 1076 ὑϐριστὴς
1352 1004 1410 1059 δὲ
1461 1005 1694 1076 μάλιστα
1736 1003 1830 1057 τοῦ

269 1094 445 1147 Ἰούδα
473 1094 566 1146 τοῦ
601 1095 718 1158 ἐνὸς
755 1094 865 1147 τῶν
903 1094 1110 1148 δώδεκα
1153 1095 1528 1166 πατριαρχῶν,
1567 1095 1692 1167 [885
1736 1093 1830 1166 8.]

259 1185 399 1253 μηδὲ
452 1186 576 1247 τοὺς
613 1186 739 1256 περὶ
782 1185 948 1238 αὐτοῦ
999 1187 1044 1217 ⁷³
1095 1187 1317 1258 μυρίους
1367 1187 1627 1251 ἐπαίνους
1679 1187 1832 1257 παρὰ

259 1278 360 1345 τῆς
401 1278 706 1348 Μωσαῖκῆς
750 1279 973 1349 Γραφῆς
1006 1279 1336 1348 αἰσχυνθείς.
1377 1280 1515 1341 Τοὺς
1547 1278 1639 1332 οὖν
1677 1279 1831 1349 εἰρη-

258 1369 461 1440 μένους
509 1371 720 1434 πάντας
770 1371 986 1425 πλύνων
1031 1376 1125 1425 καὶ
1175 1372 1459 1438 δια-γελῶν,
1510 1373 1591 1436 είς
1642 1371 1832 1426 ἑαυτὸν

256 1463 441 1515 πάντα
456 1463 550 1516 καὶ
565 1463 662 1532 τὴν
675 1463 1011 1534 προφητείαν
1028 1465 1124 1517 καὶ
1140 1465 1238 1534 τὴν
1254 1465 1420 1535 ἄλλην
1433 1465 1706 1534 περιέσπα
1718 1463 1831 1517 θει-

256 1553 451 1624 ότητα.
469 1555 710 1625 Μυρίαις
739 1555 797 1608 δὲ
830 1557 923 1609 καὶ
965 1555 1239 1620 ποικίλαις
1261 1557 1447 1620 ἄλλαις
1470 1556 1702 1618 νοθείαις
1734 1556 1832 1624 τὴν

255 1648 563 1718 Μωσαῖκῆν
597 1649 923 1719 ὀκτάτευχον
963 1649 1501 1720 κατακιϐδηλεύσας,
1533 1649 1629 1702 καὶ
1669 1647 1833 1718 ἕτερά

255 1755 384 1795 τινα
401 1741 808 1812 συγγράμματα
838 1742 995 1812 μωρά
1009 1759 1067 1793 τε
1094 1743 1187 1794 καὶ
1213 1741 1475 1796 ἀλλόκοτα
1490 1741 1583 1795 καὶ
1603 1742 1834 1794 ἀπεναν-

253 1831 353 1886 τια
393 1832 440 1865 ⁷⁵
469 1833 846 1904 πνευματικῆς
887 1833 1128 1906 [46711.]
1150 1834 1468 1905 νομοθεσίας
1497 1835 1834 1905 συντεταχὼς

253 1927 377 1991 τοῖς
407 1925 749 1998 πειθομένοις
778 1928 1089 1982 κατέλιπεν.
1132 1928 1506 1999 Ἀπεκήρυττε
1529 1927 1696 1982 δὲκαὶ
1735 1925 1834 1997 τὴν

1931 733 2189 788 Dostlteni
2243 732 2605 803 ceguominati
2663 740 2806 786 sunt.
2865 728 2964 784 llic
3017 731 3068 784 in
3131 731 3342 784 divinos
3396 731 3488 786 Dei

1931 827 2223 895 prophetas
2270 826 2582 889 maledicus,
2627 825 2970 890 potissimum
2999 831 3176 878 tamen
3210 823 3262 876 iu
3295 822 3486 878 ludam

1932 934 2098 972 unum
2127 919 2192 972 de
2219 917 2501 975 duodecim
2531 916 2859 986 patriarcbis
2884 913 3327 974 contumeliosus.
3359 913 3492 968 nihil

1934 1010 2202 1063 reveritus
2230 1008 2520 1062 immensas
2550 1007 2617 1061 de
2643 1007 2735 1060 illo
2767 1007 2817 1060 in
2850 1005 3213 1062 voluminibus
3246 1004 3494 1059 Mosaicis

1930 1106 2258 1172 perscriptas
2317 1101 2520 1155 laudes.
2579 1099 2672 1156 llis
2722 1113 2851 1169 ergo
2909 1097 3188 1168 prophetis
3241 1097 3494 1152 omnibus

1931 1194 2169 1261 explosis
2206 1191 2616 1262 exsibilatisque
2646 1193 2760 1260 ipse
2789 1191 2890 1245 sibi
2920 1191 3101 1246 omnia
3130 1200 3184 1243 et
3211 1188 3491 1252 vaticinia,

1932 1295 1983 1338 et
2013 1286 2206 1355 2850
2241 1285 2499 1355 reliquam
2533 1285 2868 1338 divinitatem
2902 1283 3194 1354 arroga-vit.
3236 1282 3494 1337 Octateu-

1932 1383 2090 1434 Clllllll
2144 1381 2343 1448 spuriis
2392 1378 2609 1446 scriptis
2649 1387 2704 1432 et
2735 1377 2879 1431 omni
2916 1393 3116 1447 genere
3158 1377 3330 1430 mistis
3374 1390 3498 1430 cor-

1933 1471 2157 1540 ruptelis
2187 1470 2532 1534 adulteravit,
2562 1468 2802 1538 aliosque
2831 1468 2994 1522 libros
3025 1467 3256 1522 stultitia
3283 1477 3337 1520 et
3366 1482 3496 1535 por-

1935 1563 2098 1640 tentis
2138 1562 2348 1630 plenos,
2402 1560 2706 1630 divinisque
2753 1559 2961 1629 legibus
3005 1560 3313 1612 contrarios
3363 1574 3497 1612 con-

1933 1655 2250 1718 sarcinavit,
2298 1655 2521 1725 suisque
2568 1654 2786 1708 asseclis
2833 1654 3072 1723 reliquit.
3123 1652 3500 1708 Resurrectio—

1933 1762 2058 1802 nem
2090 1761 2305 1816 quoque
2333 1746 2568 1814 negavit:
2603 1744 2694 1800 lla:
2723 1759 2851 1813 ergo
2883 1744 3143 1800 factiones
3185 1744 3257 1797 lta
3289 1743 3342 1797 in
3387 1743 3498 1797 dis-

1933 1838 2187 1903 sidentes,
2216 1837 2516 1893 contrarias
2558 1846 2613 1891 et
2661 1837 2852 1905 impias
2895 1846 3071 1891 sectas
3118 1842 3173 1889 et
3218 1836 3498 1903 opiniones

1933 1927 2184 1982 dissectae
2241 1925 2476 1982 fuerant.
2536 1924 2777 1996 Utraque
2836 1941 2998 1994 porro
3055 1923 3219 1979 faetio
3283 1923 3498 1978 libellos

257 2019 584 2074 ἀνάστασιν.
621 2019 687 2071 Al
719 2020 818 2089 μὲν
847 2019 940 2073 οὖν
980 2019 1193 2089 μερίδες
1233 2018 1375 2073 οὕτω
1398 2021 1476 2082 είς
1509 2019 1834 2081 ἀντιπάλους

1936 2033 2034 2087 pro
2075 2033 2171 2073 sua
2215 2019 2508 2082 sententia,
2546 2026 2602 2071 et
2643 2025 2832 2070 contra
2871 2016 3235 2070 adversariam
3268 2024 3494 2083 partem,

257 2111 362 2166 καὶ
409 2110 761 2181 βλασφήμους
790 2110 944 2176 δόξας
981 2112 1350 2182 διετέτμηντο.
1405 2111 1729 2166 Ἐπιδιδόασι
1775 2111 1833 2164 δέ

256 2202 362 2259 καὶ
410 2202 684 2267 λιϐἐλλους
742 2204 882 2273 ὑπέρ
925 2221 986 2256 τε
1030 2205 1073 2238 ⁷⁸
1122 2203 1215 2257 τοῦ
1261 2203 1458 2257 οἰκείου
1493 2205 1834 2274 φρονήματος

255 2293 360 2348 καὶ
389 2293 531 2348 κατά
561 2294 655 2346 τοῦ
680 2295 1083 2365 ἀντικειμένου,
1121 2295 1278 2366 μερὶς
1312 2294 1545 2364 ἑκατέρα
1575 2295 1666 2347 τὸν
1704 2295 1834 2365 παρ’

259 2387 452 2450 αὐτοῖς
497 2388 933 2458 πρεσϐευόμενον
965 2389 1251 2459 προφήτην
1299 2383 1440 2442 εἶναι
1487 2387 1833 2459 προτιμῶσα.

262 2479 497 2542 Καθίξει
527 2479 583 2531 δέ
608 2479 813 2532 τούτων
854 2479 1112 2550 δικαστὴς
1141 2483 1169 2533 ὁ
1213 2481 1358 2550 ἱερὸς
1395 2480 1650 2547 Εύλόγιος
1699 2479 1836 2548 μετὰ

261 2571 488 2624 συνόδου
521 2572 795 2640 ἀρχιερεῖς
845 2589 902 2624 τε
926 2571 1032 2624 τῶν
1062 2573 1347 2644 ἐπισήμων
1375 2572 1469 2624 καὶ
1521 2573 1646 2635 τοὺς
1697 2572 1840 2642 λαμ-

261 2661 440 2731 προὺς
475 2660 581 2712 τῶν
606 2661 664 2712 ἐν
685 2658 960 2731 ἀξιώμασι
985 2659 1257 2731 πλήρωμα
1291 2661 1620 2730 ποιουμένης
1641 2676 1656 2691 ο
1679 2661 1837 2730 Map-

263 2751 455 2816 κιανὸς
482 2752 523 2783 ’⁸
547 2751 604 2804 δὲ
642 2751 963 2820 τηνικαῦτα,
1005 2751 1061 2814 ὃς
1082 2755 1192 2815 τοῖς
1225 2753 1552 2820 Ῥωμαϊκοῖς
1595 2751 1838 2823 ὲνίδρυτο

263 2842 588 2913 σκήπτροις,
636 2842 859 2912 ἕϐδομον
903 2841 1021 2904 ἔτος
1053 2843 1181 2913 ἤνυε
1214 2841 1312 2910 τῆς
1346 2841 1641 2912 βασιλείας.
1688 2843 1835 2910 Γυμ-

263 2931 439 2995 νάσας
485 2932 543 2985 δὲ
589 2931 659 2983 τά
688 2932 818 3000 παρ’
864 2933 1136 3002 ἑκατέρων
1175 2931 1438 3000 λεγόμενα
1469 2935 1497 2984 ὁ
1544 2933 1685 3002 ἱερὸς
1731 2933 1837 2986 Εὐ-

263 3024 465 3094 λόγιος.
513 3024 608 3076 καὶ¹
647 3023 745 3093 τῆς
770 3023 1027 3093 ἀληθείας
1061 3024 1357 3095 ἑκατέρους
1401 3024 1679 3093 διελέγξας
1731 3043 1837 3094 μα-

266 3115 409 3188 κρὰν
451 3115 877 3186 ἀφισταμένους,
909 3115 1000 3167 τὸν
1052 3115 1149 3185 μὲν
1174 3117 1644 3187 προφητευὸμενον
1705 3134 1838 3188 γρα-

1933 2123 2092 2164 suum
2143 2122 2371 2179 quaeque
2422 2108 2739 2177 prephetam
2789 2106 2944 2162 alteri
2997 2105 3330 2175 praeferendo
3379 2120 3503 2174 por-

1934 2201 2096 2256 rexit.
2151 2199 2382 2255 Sanctus
2437 2198 2694 2268 Eulogius
2743 2214 2862 2252 cum
2914 2197 3118 2268 synodo
3177 2197 3504 2264 frequentis-

1935 2291 2096 2356 sima,
2126 2291 2475 2360 pontificibus
2519 2289 2678 2358 plena
2725 2288 3024 2358 insignibus
3071 2297 3232 2356 atque
3275 2286 3505 2340 illustri-

1933 2382 2036 2438 bus
2066 2383 2325 2452 dignitate
2366 2382 2520 2448 viris,
2554 2382 2717 2449 iudex
2766 2380 2847 2435 his
2894 2380 3161 2449 prmsedit.
3200 2377 3505 2432 Marciani-8

1936 2487 2240 2541 susceptqu
2317 2476 2596 2545 imperium
2670 2473 2968 2528 Romanum
3038 2474 3325 2542 septimum
3391 2470 3507 2538 jam

1936 2582 2135 2621 annum
2166 2565 2812 2622 administrabat.Beatus
2839 2564 3093 2634 Eulogius
3112 2565 3506 2630 discussisqute

1937 2661 2005 2714 ab
2044 2668 2273 2727 utraque
2319 2667 2474 2728 parte
2512 2656 2917 2720 asserebantur,
2950 2665 3006 2710 et
3045 2662 3272 2724 utraque
3302 2653 3506 2708 erroris

1938 2767 1967 2805 a
2008 2753 2238 2806 veritate
2279 2753 2469 2820 procul
2501 2749 2693 2802 remoti
2731 2747 3000 2809 convicta,
3036 2744 3182 2797 illum
3213 2759 3241 2797 a
3274 2744 3507 2812 pret-ihe-

1942 2845 2010 2898 tis
2036 2844 2348 2914 praedictum
2382 2841 2654 2905 Messian),
2684 2855 2751 2894 ex
2785 2837 3082 2907 Scripturis
3116 2838 3289 2890 sacris
3325 2833 3508 2886 docuit

1937 2950 2060 2990 esse
2108 2934 2392 2989 Dominum
2448 2945 2691 2990 nostrum
2746 2931 2927 2988 Jesum
2979 2930 3254 2984 Christum
3318 2940 3505 2981 verum

1938 3027 2106 3082 Deum
2158 3045 2172 3081 :
2215 3027 2335 3084 illos
2387 3043 2516 3084 vero
2569 3026 2892 3099 gravissimo
2947 3038 3134 3080 errore
3187 3022 3507 3085 laborasse;

1938 3117 2038 3175 hos
2086 3120 2302 3190 quidem
2358 3121 2500 3190 quod
2553 3119 2739 3174 Jesum
2790 3116 2934 3172 Nave
2986 3116 3136 3170 illum
3189 3114 3506 3184 prephetam

265 3211 450 3276 φικοῖς
491 3208 804 3278 παρέστησε
855 3210 1038 3280 ῥητοῖς
1072 3208 1162 3262 τὸν
1196 3208 1398 3280 Κύριον
1429 3209 1588 3278 ἡμῶν
1632 3211 1837 3281 Ἰησοῦν

1941 3214 2358 3281 praenuntiatum
2412 3211 2674 3281 ﬁngerent
2707 3228 2722 3265 :
2756 3209 2874 3264 illos
2906 3222 3038 3263 vero
3074 3206 3216 3277 quod
3269 3205 3505 3260 Dostlteu

263 3301 503 3373 Χριστὸν
541 3301 634 3354 τὸν
683 3300 936 3370 ἀληθινὸν
965 3301 1097 3354 Θεὸν
1131 3297 1292 3366 εἶναι,
1339 3302 1466 3364 τοὺς
1512 3301 1572 3355 δέ
1622 3303 1837 3372 μακράν

1944 3321 2039 3360 seu
2076 3307 2388 3362 Dositheum
2427 3305 2650 3376 impium
2692 3311 3004 3375 portentose
3034 3301 3514 3356 comminisceren-

263 3407 328 3460 τε
377 3392 472 3445 καὶ
515 3391 904 3462 χαλεπωτάτην
953 3391 1404 3463 ἀποπλανηθῆναι
1445 3394 1674 3464 πλάνην,
1708 3395 1835 3458 τοὺς

1947 3408 2053 3453 tur.
2089 3401 2265 3468 Atque
2304 3399 2376 3453 ita
2429 3397 2712 3453 concilium
2762 3397 2937 3452 solvit.
2990 3396 3094 3451 Sed
3135 3403 3512 3466 argumentum

267 3484 373 3554 μὲν
443 3485 653 3554 Ἰησοῦν
707 3486 799 3538 τὸν
851 3485 944 3538 τοῦ
1006 3486 1163 3553 Ναυῆ
1222 3487 1314 3538 τὸν
1367 3489 1837 3558 προφητευόμενον

1947 3500 2003 3546 et
2037 3491 2314 3546 decretum
2360 3506 2481 3546 cum
2514 3489 2738 3560 Eulogio
2778 3491 2938 3559 periit
2969 3507 2984 3544 :
3018 3489 3214 3543 tertius
3248 3487 3384 3540 liber
3412 3499 3511 3537 su-

264 3573 411 3642 εῐναι
462 3577 907 3648 κενολογοῦντας,
967 3578 1093 3641 τοὺς
1141 3578 1199 3632 δέ
1255 3578 1461 3648 Δόσθην
1507 3579 1540 3650 ἢ
1597 3580 1837 3633 Δοσίθεον

1952 3593 2158 3652 perstes
2189 3584 2241 3637 in
2275 3593 2484 3639 nostras
2524 3599 2713 3638 manus
2743 3583 3009 3652 pervenit.

262 3670 361 3724 τὸν
410 3670 645 3740 δυσσεϐῆ
698 3669 1212 3744 τερατολογοῦντας.
1280 3670 1390 3724 Καὶ
1434 3670 1575 3723 οὕτω
1651 3671 1741 3724 τὸν
1786 3671 2041 3741 σύλλογον
2115 3674 2340 3740 διαλύει,
2420 3671 2854 3743 συντελευτὼσης
2898 3670 3048 3743 αύτῷ
3098 3669 3192 3724 καὶ
3236 3668 3334 3738 τῆς
3383 3666 3515 3720 ὑπο·

266 3763 472 3825 θέσεως
511 3763 606 3816 καὶ
645 3762 743 3831 τῆς
790 3763 1153 3831 ἐκφωνήσεως
1200 3762 1293 3814 καὶ
1327 3761 1419 3814 τοῦ
1467 3761 1840 3833 περιελθόντος
1878 3766 1958 3828 είς
1985 3765 2085 3829 τὰς
2110 3766 2383 3838 ἡμετέρας
2413 3769 2596 3836 χεῖρας
2622 3766 2804 3836 τρίτου
2826 3763 3074 3832 τεύχους.

351 3857 442 3910 Ἐν
489 3857 664 3926 τούτῳ
694 3855 772 3925 τῷ
811 3853 1001 3925 βιϐλίῳ
1038 3854 1137 3924 τὴν
1173 3854 1467 3908 ἀνάστασιν
1523 3857 1552 3908 ὁ
1603 3873 1845 3928 συγγρα-

265 3954 403 4023 φεὺς
464 3955 530 4008 ἐκ
586 3954 696 4008 τῶν
747 3952 1060 4008 Μωσαῖκῶν
1121 3951 1434 4023 μαρτυριῶν
1479 3952 1846 4008 ἐπιδεικνύναι

267 4045 518 4105 σπεύδων
548 4047 776 4100 τοιαῦτά
808 4063 882 4116 φη
900 4061 1018 4099 σιν⁹
1072 4044 1138 4099 El
1193 4043 1267 4115 μὴ
1321 4044 1628 4115 πανάληθες
1676 4042 1744 4117 ἦν
1785 4046 1846 4101 τὸ

263 4140 365 4208 τῆς
396 4139 745 4202 ἀναστάσεως
791 4138 1007 4208 χρῆμα,
1047 4136 1166 4202 πῶς
1203 4137 1356 4206 ἔλεγε
1401 4137 1537 4210 πρὸς
1598 4137 1846 4210 Ἀϐραὰμ

263 4232 292 4282 ὁ
319 4229 452 4292 Θεός
472 4245 487 4260 ο
529 4229 612 4282 Σὺ
649 4229 717 4282 δὲ
740 4229 1051 4298 ἀπελεύσῃ
1081 4230 1229 4298 πρὸς
1253 4231 1397 4298 τοὺς
1442 4232 1701 4298 πατέρας
1727 4247 1845 4285 σου

263 4321 394 4391 μετ’
437 4322 702 4389 εἰρήνης,
771 4321 978 4390 ταφεὶς
1035 4322 1078 4354 ⁷⁷
1117 4324 1187 4376 ἐν
1231 4323 1396 4393 γήρει
1461 4321 1666 4389 acadd);
1720 4322 1845 4385 Πῶς

263 4412 377 4481 γὰρ
423 4411 489 4465 ἂν
518 4410 684 4482 ἀπῄει
725 4413 820 4464 καὶ
858 4411 995 4483 πρὸς
1021 4413 1229 4478 ποίους,
1271 4415 1320 4466 εί
1351 4412 1613 4484 μηδαμῶς
1649 4413 1844 4482 μηκέτι

267 4506 413 4575 μήτε
439 4504 598 4566 αὐτὸς
630 4504 674 4560 7°,
713 4502 935 4574 ἔμελλεν
969 4498 1129 4569 εἷναι,
1171 4506 1309 4572 μήτε
1342 4504 1481 4574 πρὸς
1511 4502 1606 4566 οὒς
1637 4505 1843 4575 ﬁatﬁat;

263 4596 394 4659 Πῶς
448 4597 506 4649 δὲ
563 4596 723 4650 πάλιν
769 4593 887 4666 μετ’
939 4594 1096 4662 ὀλίγα
1150 4595 1210 4648 τὸ
1268 4595 1410 4666 ἱερὸν
1467 4594 1649 4662 λόγιόν
1709 4612 1845 4666 φησι

263 4689 399 4758 περὶ
429 4687 624 4740 αὐτοῦ’
652 4687 761 4741 Kal
815 4685 1080 4740 ἐκλιπὼν
1127 4687 1427 4746 ἀπέθανεν
1475 4685 1722 4755 Ἀϐραὰμ
1765 4686 1838 4740 ἐν

2016 3862 2072 3914 ιη
2113 3861 2213 3915 hoc
2253 3868 2443 3916 auctor
2490 3861 2939 3917 resurrectionem
2976 3875 3040 3912 ex
3092 3856 3291 3928 Moysis
3320 3857 3517 3912 tabulis

1948 3961 2200 4008 testatam
2249 3953 2430 4009 facere
2453 3953 2715 4008 connixus
2755 3953 2868 4006 hac
2911 3951 3185 4019 disputat:
3227 3951 3376 4016 Quod
3413 3949 3515 4004 nisi

1948 4045 2228 4099 verissima
2250 4055 2392 4100 esset
2416 4044 2482 4098 de
2512 4043 2907 4098 resurrectione
2927 4042 3213 4100 sententia.
3244 4041 3517 4110 quomodo

1945 4135 2149 4192 diceret
2199 4137 2265 4188 ad
2314 4135 2676 4188 Abrahamum
2727 4132 2868 4187 Deus
2914 4149 2928 4188 :
2974 4131 3053 4188 Tu
3098 4145 3272 4184 autem
3317 4131 3414 4183 ibis
3448 4132 3516 4182 ad

1942 4237 2117 4295 patres
2168 4235 2282 4280 tuos
2325 4242 2444 4279 cum
2479 4241 2624 4293 pace,
2650 4225 2886 4293 sepultus
2916 4225 2971 4278 in
3010 4233 3270 4279 senectute
3295 4221 3429 4276 bona
3466 4223 3515 4276 ι).

1945 4321 2225 4387 Quomodo
2281 4318 2424 4373 enim
2474 4318 2669 4384 abiret,
2721 4328 2776 4374 et
2832 4317 2902 4373 ad
2932 4331 3072 4389 quos
3111 4315 3305 4380 abiret,
3333 4315 3379 4369 si
3425 4315 3519 4370 ille

1944 4411 2121 4468 nullus
2172 4411 2401 4482 amplius
2447 4410 2666 4467 futurus
2713 4417 2851 4475 erat,
2887 4418 2944 4466 et
2982 4423 3089 4464 non
3119 4417 3303 4464 essent
3331 4407 3366 4461 ii
3402 4424 3518 4460 am-

1943 4508 2082 4579 plius
2100 4509 2165 4563 ad
2185 4523 2318 4579 quos
2330 4506 2724 4564 abituruserat?
2752 4504 3101 4575 thuomodo
3121 4518 3331 4558 rursum
3363 4503 3519 4572 paulo

1944 4600 2084 4656 infra
2113 4601 2180 4656 de
2202 4600 2292 4656 illo
2318 4600 2556 4655 divinum
2579 4601 2653 4654 ait
2681 4599 2953 4667 eloquium
2977 4613 2992 4651 :
3019 4595 3087 4650 Et
3109 4596 3353 4664 deﬁciens
3380 4611 3521 4648 mor-

1942 4701 2063 4748 tuus
2127 4702 2201 4746 est
2249 4692 2515 4746 Abraham
2555 4691 2611 4745 in
2659 4700 2920 4745 senectute
2946 4690 3120 4756 bona,
3173 4699 3521 4759 provecta’que

261 4779 434 4850 γήρει
499 4778 695 4850 καλῷ,
745 4779 1087 4848 ⁶τιξρεσϐύτης
1134 4778 1233 4832 καὶ
1284 4777 1524 4847 πλήρης
1564 4777 1836 4847 ἡμερῶν,

1940 4784 2134 4846 (etatis,
2178 4791 2228 4837 et
2258 4783 2441 4848 plenus
2469 4782 2698 4846 dierum,
2743 4790 3184 4851 congregatusque
3213 4789 3286 4833 est
3321 4779 3392 4830 ad
3426 4794 3522 4845 po-

261 4873 364 4926 καί
401 4873 730 4941 προσετέθη
764 4872 916 4940 πρὸς
958 4872 1066 4926 τὸν
1101 4871 1258 4926 λαὸν
1306 4871 1492 4926 αὑτοῦ
1515 4888 1534 4938 ;
1582 4871 1679 4936 Τίς
1734 4873 1837 4942 γὰρ

1944 4875 2125 4945 pulum
2151 4875 2391 4931 suumc?
2423 4874 2677 4941 Quaenam
2714 4874 3060 4944 congregatio
3089 4871 3147 4927 ﬁt
3179 4871 3246 4926 ad
3279 4870 3352 4934 id,
3380 4869 3524 4939 quod

259 4965 360 5018 τοῦ
428 4966 503 5036 μὴ
555 4966 708 5028 ὄντος
778 4964 1104 5036 προσθήκη,
1163 4964 1258 5018 καὶ
1315 4964 1433 5028 πῶς
1495 4964 1837 5036 προστίθεται

1944 4981 2049 5021 non
2096 4965 2224 5020 est?
2269 4964 2336 5019 Et
2365 4965 2634 5034 quomodo
2669 4964 2719 5016 id
2756 4963 2898 5033 quod
2938 4971 3042 5027 est,
3077 4960 3197 5015 addi
3241 4970 3418 5030 poteSt
3459 4961 3527 5014 iis

258 5058 379 5119 τοῖς
434 5057 508 5128 μὴ
562 5057 682 5110 οὖσι
730 5057 793 5123 eo
845 5057 905 5111 δν
951 5058 1036 5124 ⁷⁹;
1070 5058 1134 5111 Τί
1163 5057 1220 5113 δὲ
1246 5057 1394 5126 λέγει
1435 5058 1689 5129 καὶπερὶ
1747 5057 1837 5111 τοῦ

1944 5073 2065 5129 qua:
2098 5073 2202 5114 non
2237 5057 2399 5112 sunt?
2428 5054 2567 5123 Quid
2599 5069 2761 5126 porro
2803 5056 2868 5108 de
2900 5049 3526 5121 Jacob,dicit?Congre-

274 5147 493 5214 Ἰακὼϐ,
517 5150 599 5202 δτι
624 5150 1029 5218 Συνήχθησαν
1052 5150 1276 5216 πάντες
1309 5153 1362 5203 οὶ
1389 5149 1504 5204 vlol
1530 5150 1716 5206 αὐτοῦ
1742 5150 1837 5205 καί

1944 5147 2052 5217 gati
2080 5157 2202 5199 sunt
2229 5162 2404 5200 omnes
2429 5145 2528 5214 lilii
2555 5155 2604 5198 et
2635 5145 2785 5213 ﬁliw,
2815 5155 2867 5196 ut
2890 5143 3110 5196 lenirent
3139 5141 3376 5196 dolorem
3430 5160 3523 5210 pa-

264 5233 457 5288 πᾶσαι
491 5242 556 5291 αι
609 5240 948 5310 θυγατέρες,
995 5223 1310 5309 καῖἦλθον
1340 5241 1385 5272 ⁸⁰
1418 5239 1837 5312 παρακαλέσαι

1947 5237 2062 5299 tris,
2083 5245 2132 5290 et
2157 5236 2320 5290 noluit
2347 5236 2754 5292 consolationem
2773 5236 3027 5302 accipere,
3057 5235 3147 5288 sed
3165 5236 3263 5288 ait:
3299 5233 3528 5287 Descen-

263 5325 474 5388 αὐτὸν,
507 5329 606 5379 καὶ
634 5333 745 5384 οὐκ
772 5331 953 5399 ἤθελε
996 5329 1492 5398 παρακαλεῖσθαι,
1529 5330 1727 5398 λέγων
1749 5330 1837 5384 ὅτι

1947 5330 2068 5381 dant
2104 5329 2173 5381 ad
2208 5329 2378 5397 ﬁlium
2412 5346 2582 5383 meum
2610 5330 2807 5400 286a
2863 5331 3042 5399 lugens
3088 5329 3144 5380 in
3181 5326 3447 5395 infernum
3478 5322 3526 5374 ἀ.

264 5417 690 5499 Καταϐἠσρμαι
743 5421 893 5484 πρὸς
955 5422 1064 5475 τὸν
1125 5423 1259 5476 υἱόν
1301 5439 1420 5490 μου
1471 5421 1704 5499 πενθῶν·
1758 5424 1837 5486 εις

1952 5418 2232 5485 Quomodo
2251 5419 2568 5490 intelligitur
2587 5420 2878 5476 descensus
2895 5421 3013 5489 ejus
3039 5419 3130 5489 qui
3157 5434 3262 5472 nou
3285 5412 3529 5471 exsistit?

265 5509 467 5578 ᾷδην;
514 5495 640 5572 Πῶς
697 5508 806 5580 γὰρ
848 5508 914 5564 ἂν
968 5511 1282 5592 ἐπινοηθείη
1332 5511 1556 5574 κάθοδος
1617 5495 1713 5564 τοῦ
1769 5514 1837 5583 μὴ

1953 5520 2007 5566 et
2039 5514 2305 5581 quomodo
2329 5511 2610 5568 descendit
2635 5513 2701 5567 ad
2728 5514 2914 5576 tilium,
2939 5513 3028 5580 qui
3083 5527 3149 5567 ex
3178 5508 3529 5567 deliramenta

344 5665 372 5703 ι)
394 5663 530 5718 Gen.
565 5677 660 5729 xv,
682 5661 768 5717 15.
846 5672 869 5699 ο
906 5661 1039 5717 Gen.
1072 5678 1196 5729 xxv,
1229 5663 1284 5719 5.
1358 5663 1385 5703 ἀ
1414 5663 1547 5720 Gen.
1573 5679 1778 5728 xxxvu,
1803 5662 1891 5717 55.

1565 5775 1802 5833 VARI/8
1835 5775 2236 5832 LEC'l'lONES.

343 5869 387 5898 ⁷³
422 5884 486 5935 γε
511 5868 561 5940 Α
600 5883 613 5918 :
647 5885 704 5920 τε
739 5887 800 5933 ς.
906 5869 952 5900 ⁷³
988 5868 1238 5940 αύτρνᾲς.
1298 5869 1387 5940 ..⁷³
1419 5869 1512 5921 ἀπ’
1558 5869 1805 5940 ἐναντίας
1829 5870 1918 5940 AA.
2022 5871 2067 5900 ⁷³
2099 5887 2156 5922 τε
2207 5870 2329 5940 add.
2363 5869 2427 5921 Α.
2459 5937 2470 5940 _
2533 5867 2577 5897 ⁷⁸
2610 5864 2965 5940 Μαρκιανρςι
3001 5864 3301 5940 Μανρίκιος
3330 5862 3521 5940 Fabri-

268 5933 444 5998 cius.’
481 5937 526 5970 ⁷⁷
554 5941 780 6009 τραφείς
826 5940 889 5992 A.
968 5939 1014 5972 ⁷⁸
1046 5938 1233 6009 αὑτὸςι
1270 5933 1422 6006 οὗτος
1456 5943 1519 5996 Α.
1583 5933 1650 5973 ’⁷⁶
1673 5937 1846 6012 iolla]
1881 5941 2080 5996 rectius
2110 5939 2166 5992 τὸ
2205 5938 2278 6010 μὴ
2307 5939 2383 5996 ὂντ
2416 5937 2486 5993 cf.
2517 5951 2568 6007 p.
2606 5933 2730 5992 286⁷.
2808 5935 2853 5969 ⁸ο
2875 5933 3057 6007 ἦλθον]
3095 5933 3282 6004 ἤθελον
3319 5938 3382 5991 Α.

846 5672 869 5699 ο
906 5661 1039 5717 Gen.
1072 5678 1196 5730 xxv,
1229 5663 1284 5719 5.
