4066 6466
584 501 719 579 1087

1702 502 1963 565 PHOTII
1991 504 2495 567 PATRIARCH/E
2532 507 2639 566 (ΣΡ.

3696 504 3831 566 mss

573 614 838 671 exsecrati
901 614 1158 675 Dosithei,
1200 613 1397 668 'nnllus
1446 626 1675 684 usquam
1723 630 1844 669 esse
1908 624 2083 684 p0test
2130 614 2154 667 Ἰ

2260 616 2447 681 5ντος;
2495 617 2615 679 Πῶς
2670 616 2853 670 δὲκαὶ
2891 616 3179 671 κατέϐαινε
3227 616 3320 670 καὶ
3372 616 3509 687 πρὸς
3574 617 3667 669 τὸν
3729 620 3838 671 υἱὸν

575 709 809 762 Rursum
860 704 1027 760 Jacob
1069 706 1285 776 quando
1312 705 1591 774 ;benedicit
1657 705 1799 768 filiis,
1845 705 1919 760 ait
1978 724 1993 761 :
2043 704 2155 776 Ego

574 813 858 869 congregor
892 799 958 847 ad
1013 797 1269 864 pmu'um
1310 812 1480 849 meum
1519 806 1562 848 θ.
1609 794 1663 849 Si
1730 804 1955 851 noverat
2003 812 2153 850 suam

574 903 826 946 naturam
880 887 1012 961 [seu
1043 888 1371 959 essentiam]
1418 904 1521 941 una
1576 902 1697 943 cum
1748 890 2001 957 prmsenti
2048 889 2154 943 vita

580 985 792 1039 finitum
845 983 950 1048 iri,
993 983 1263 1051 quomodo
1308 981 1441 1035 dixit
1473 980 1563 1048 qui
1594 990 1857 1046 mortuus,
1885 996 2154 1047 nusquam

576 1076 803 1145 amplius
852 1074 975 1139 fuit,
1032 1089 1091 1127 se
1138 1074 1203 1127 ad
1257 1072 1508 1141 populum
1559 1087 1715 1125 suum
1748 1073 1837 1141 qui
1889 1088 2156 1143 nusquam

577 1174 720 1230 erat,
749 1166 1061 1238 congregari
1095 1165 1119 1218 ?
1154 1164 1485 1228 Advertesis,
1516 1164 1642 1233 quid
1674 1166 1790 1233 ipse
1826 1164 2081 1217 Dominus
2106 1174 2159 1219 et

580 1258 721 1314 Deus
742 1259 1117 1312 universorum
1153 1256 1295 1310 dicat
1316 1257 1381 1310 ad
1409 1255 1647 1326 Moysen,
1671 1258 1889 1324 quando
1922 1256 2069 1309 illum
2101 1255 2155 1308 in
2204 1249 2211 1275 ⁴

574 1360 876 1406 extremum
940 1346 1088 1403 Ncbo
1124 1348 1365 1411 deduxit,
1433 1357 1488 1402 et
1534 1348 1770 1401 ostendit
1824 1346 1898 1401 illi
1960 1356 2157 1401 terram

578 1458 739 1513 quam
804 1442 1027 1495 daturus
1084 1452 1202 1495 erat
1249 1440 1303 1493 in
1358 1440 1722 1493 haereditatem
1773 1436 1958 1494 Israel.
1997 1439 2160 1493 Addit

573 1535 716 1589 enim
747 1532 855 1587 :Et
894 1533 1091 1587 videbis
1138 1550 1298 1586 eam:
1342 1532 1540 1587 deinde
1588 1551 1601 1585 :
1647 1531 1713 1585 Et
1760 1532 2038 1598 apponeris
2089 1531 2159 1583 ad

572 1625 819 1693 populum
841 1634 987 1679 tuum
1017 1634 1067 1678 et
1084 1636 1159 1689 tu,
1194 1626 1329 1678 sicut
1360 1625 1629 1691 appositus
1659 1633 1734 1678 est
1765 1634 1814 1677 et
1837 1624 2014 1677 Aaron
2044 1623 2159 1691 fta—

572 1724 653 1768 tcr
698 1723 818 1770 tuus
850 1714 895 1771 ί.
935 1716 1061 1769 Illud
1104 1725 1282 1771 autem
1311 1731 1449 1786 quos
1479 1732 1583 1770 non
1627 1727 1863 1779 moveat,
1899 1714 2010 1769 Deo
2037 1716 2154 1784 ipso

573 1807 841 1862 clamante
871 1806 1282 1877 allirmanteque
1322 1822 1336 1861 :
1368 1807 1479 1877 Ego
1516 1825 1633 1861 sum
1682 1809 1821 1863 Deus
1872 1808 2159 1875 Abraham,

569 1910 619 1953 et
651 1898 790 1954 Deus
816 1899 997 1966 Isaac,
1024 1910 1071 1954 et
1102 1900 1241 1954 Deus
1272 1899 1469 1957 Iacob?
1497 1901 1849 1970 Ecquomodo
1878 1900 2158 1964 eritDeus,

2260 705 2352 758 τὸν
2389 706 2615 777 μηδαμῆ
2664 706 2930 779 μηδαμῶς
2987 706 3129 761 κατά
3179 706 3269 760 τὸν
3328 707 3581 761 Δοσιθέου
3632 706 3843 775 δύσφη-

2266 814 2364 868 μον
2406 796 2573 867 λῆρον
2634 798 2931 868 δυνάμενον
2992 793 3174 865 salvat;
3227 801 3392 853 Πάλιν
3439 800 3495 853 δὲ
3529 801 3661 863 τοὺς
3692 802 3841 864 υἱοὺς

2263 888 2559 960 εὐλογήσας
2593 890 2620 943 6
2661 888 2852 942 Ἰακώϐ
2900 908 3067 961 φησιν
3101 907 3117 923 ’
3164 891 3316 961 Ἐγὼ
3361 891 3429 945 δὲ
3451 892 3844 961 προστίθεμαι

2263 980 2415 1048 πρὸς
2470 982 2578 1034 τὸν
2621 983 2777 1035 λαόν
2820 998 2961 1051 μου.
3019 983 3084 1035 Ei
3138 982 3247 1053 γὰρ
3284 985 3697 1055 περατουμένην
3726 985 3845 1055 ᾔδει

2261 1073 2361 1142 τὴν
2395 1070 2626 1144 ὓπαρξιν
2671 1072 2837 1127 αὐτοῦ
2884 1074 2964 1145 τῷ
3018 1075 3214 1147 πέρατι
3260 1074 3353 1129 τοῦ
3394 1077 3665 1147 παρόντος
3701 1077 3841 1145 βίου,

2263 1163 2383 1226 πῶς
2431 1163 2583 1232 ἔλεγε
2638 1164 3029 1237 προστίθεσθαι
3085 1166 3160 1238 μὴ
3198 1165 3275 1219 ῶν
3306 1166 3468 1231 αὐτὸς
3504 1167 3584 1237 τῷ
3619 1169 3843 1239 μηδαμῆ

2266 1251 2531 1321 μηδαμῶς
2585 1253 2700 1307 ὄντι
2754 1254 2919 1309 αὑτοῦ
2949 1254 3103 1326 λαῷ;
3134 1255 3297 1328 ξὌρα
3338 1254 3418 1323 δὲ,
3455 1258 3554 1310 καὶ
3602 1257 3769 1319 αὐτὸς
3817 1258 3847 1309 6

2264 1344 2537 1416 Δεσπότης
2569 1344 2616 1376 ⁸⁸
2649 1348 2742 1401 καὶ
2778 1347 2910 1411 Θεὸς
2953 1347 3062 1400 τῶν
3093 1348 3229 1402 ὅλων
3256 1347 3310 1401 τί
3360 1348 3510 1417 λέγει
3542 1348 3621 1419 τῷ
3666 1350 3840 1401 Μωῦ-

2266 1437 2367 1498 σετ,
2414 1437 2502 1489 ὅτε
2558 1438 2721 1491 αὐτὸν
2773 1439 2852 1502 είς
2899 1438 2961 1492 τὸ
3015 1438 3145 1509 ϐρος
3181 1439 3499 1503 ἀναϐιϐάζει
3549 1440 3612 1492 τὸ
3670 1440 3848 1511 πέραν

2263 1526 2457 1579 Ναϐαῦ
2486 1528 2551 1591 θ’,
2582 1528 2676 1581 καὶ
2701 1527 2798 1598 τὴν
2828 1528 2933 1598 γῆν
2965 1528 3296 1583 ἐπιδεικνύει
3333 1529 3401 1600 ἢν
3442 1528 3640 1600 ἔμελλε
3680 1546 3852 1581 κατα-

2264 1617 2601 1690 κληροδοτεῖν
2626 1618 2704 1691 τῷ
2770 1619 3025 1689 Ἰσραήλς
3091 1619 3319 1688 Ἐπάγει
3368 1620 3513 1692 γὰρ,
3559 1621 3665 1674 Kal
3710 1620 3849 1688 ὄψει

2263 1712 2499 1780 αὐτήν·
2534 1707 2673 1776 εἶτα,
2731 1710 2838 1767 Καὶ
2890 1711 3283 1782 προστεθήσῃ
3332 1711 3485 1781 πρὸς
3531 1711 3644 1765 τὸν
3692 1712 3851 1765 λαόν

2266 1816 2383 1857 σου
2407 1803 2506 1857 καὶ
2538 1802 2639 1867 σὺ,
2672 1804 2823 1857 καθὰ
2852 1803 3183 1873 προσετέθη
3216 1802 3316 1857 καὶ
3344 1803 3573 1872 Ἀαρὼν
3605 1805 3640 1858 ὁ
3673 1802 3855 1858 ἀδελ.

2268 1894 2379 1963 φός
2408 1909 2545 1948 σου.
2594 1893 2722 1966 [888
2753 1893 2845 1967 8,]
2903 1895 3109 1949 Ἐκεῖνο
3154 1894 3210 1948 δὲ
3252 1895 3415 1959 τίνας
3459 1896 3561 1949 οὐκ
3608 1894 3676 1948 ἂν
3724 1895 3856 1947 δυσ-

578 1990 717 2043 Deus
746 2005 907 2045 verus
951 2004 1139 2044 eorum
1174 1990 1262 2058 qui
1300 2006 1564 2060 nusquam
1604 1990 1768 2047 futuri
1801 2002 1948 2055 sunt,
1982 1991 2074 2046 sed
2105 1991 2156 2044 in

2261 1988 2553 2057 ωπήσειεν,
2587 1986 2752 2039 αὐτοῦ
2785 1986 2921 2039 Θεοῦ
2955 1986 3083 2059 [468
3119 1986 3213 2058 Η.]
3268 1986 3701 2059 διακεκραγότος
3754 1986 3853 2039 καὶ

574 2081 806 2135 nihilum
866 2083 1070 2137 redacti
1119 2082 1143 2136 ?
1190 2082 1361 2136 Eccur
1425 2083 1734 2151 paradisum
1785 2083 1852 2138 ad
1898 2082 2160 2138 orientem

574 2173 837 2242 plantavit
888 2175 939 2228 in
987 2186 1129 2229 terra
1179 2174 1364 2240 Edem,
1418 2175 1470 2229 in
1515 2191 1621 2246 quo
1665 2178 1962 2242 hominem,
2000 2192 2161 2246 quem

572 2267 859 2332 formarat,
886 2270 1082 2336 posuit,
1112 2267 1156 2322 si
1184 2268 1331 2321 illum
1360 2267 1543 2323 statim
1571 2270 1785 2338 quidem
1811 2278 2158 2339 peccaturum

572 2367 753 2424 norat,
782 2371 835 2414 et
862 2375 892 2414 e
926 2361 1177 2429 paradiso
1209 2361 1263 2414 in
1299 2361 1550 2415 exsilium
1587 2363 1818 2431 ejectum
1856 2364 1947 2427 iri,
1981 2364 2159 2418 nemi-

573 2463 696 2501 nem
722 2462 848 2502 vero
877 2457 1065 2518 postea
1091 2464 1155 2503 ex
1182 2448 1491 2504 hominibus
1531 2450 1584 2503 in
1623 2450 1712 2503 illo
1738 2450 2106 2505 habitaturum
2138 2450 2163 2505 ?

577 2538 792 2592 Etenim
845 2539 889 2592 si
932 2554 1141 2603 omnes,
1176 2542 1291 2594 sive
1333 2542 1423 2610 qui
1455 2541 1596 2611 piam
1636 2541 1750 2596 sive
1776 2542 1994 2611 impiam
2020 2542 2162 2595 hanc

571 2631 736 2681 vitam
788 2639 1104 2697 exegerunt,
1148 2631 1378 2686 decurso
1424 2634 1546 2685 vitae
1573 2633 1858 2700 prazsentis
1905 2631 2159 2686 stadioin

577 2724 804 2777 nihilum
850 2725 1113 2790 recidunt,
1157 2740 1255 2780 nec
1300 2726 1586 2796 quisquam
1627 2735 1829 2790 manet,
1873 2725 1965 2795 qui
2005 2739 2162 2794 para-

569 2818 746 2873 disum
797 2830 855 2873 ut
894 2820 1067 2876 haeres
1100 2829 1347 2890 occupet,
1384 2821 1690 2891 divinisque
1728 2821 1944 2891 gaudiis
1976 2821 2030 2875 in
2069 2819 2161 2875 illo

570 2905 927 2974 perfruatur,
984 2910 1256 2978 quomodo
1304 2925 1407 2964 non
1454 2911 1568 2965 luce
1635 2912 1844 2979 ingrata
1898 2911 2161 2965 adversus

571 2997 758 3060 Deum.
800 3011 852 3054 et
885 3001 1046 3069 impia
1093 3002 1296 3066 opinio,
1330 3000 1532 3056 frustra
1615 3011 1858 3056 creatum
1900 3002 2159 3065 ostendit,

568 3100 623 3145 et
661 3106 756 3160 per
781 3094 920 3149 hanc
972 3095 1025 3148 in
1081 3094 1230 3148 illum
1264 3093 1537 3162 injuriam,
1577 3095 1755 3164 ipsum
1812 3109 2157 3149 communem

571 3199 752 3238 rerum
804 3184 1115 3239 ell'ectorem
1179 3185 1344 3240 Deum
1400 3187 1789 3240 contumeliose
1817 3186 2156 3257 perstringit,

2262 2078 2545 2144 λέγοντος’
2577 2077 2719 2147 Ἐγώ
2751 2081 2869 2147 είμι
2898 2081 2931 2132 ό
2977 2078 3123 2145 Θεὸς
3162 2078 3410 2148 Ἀϐραὰμ
3462 2079 3563 2133 καὶ
3620 2082 3654 2133 ό
3706 2081 3855 2144 636(-

2261 2169 2471 2226 Ἰσαὰκ
2510 2169 2606 2226 καί
2656 2172 2689 2223 d
2742 2170 2887 2237 Θεὸς
2931 2170 3166 2237 Ἰακώϐ;
3202 2171 3327 2234 Πῶς
3360 2171 3466 2244 γὰρ
3502 2171 3571 2224 ἂν
3596 2171 3685 2241 εἴη
3720 2170 3855 2234 Θεὸς

2260 2261 2289 2313 6
2320 2261 2569 2332 ἀληθινὸς
2604 2261 2736 2324 Θεὸς
2768 2262 2875 2315 τῶν
2912 2263 3110 2332 μηκέτι
3160 2263 3475 2332 ὲσωμένων,
3518 2262 3660 2316 ἀλλά
3714 2265 3855 2317 ἀπο-

2262 2357 2574 2429 φθαρέντων
2597 2357 2676 2421 εἰς
2692 2356 2755 2410 τὸ
2778 2358 2851 2428 μὴ
2869 2356 2927 2409 6v
2950 2376 2966 2424 ;
3004 2356 3069 2409 Τί
3092 2356 3149 2409 δὲ
3177 2357 3267 2409 καὶ
3289 2356 3381 2409 τὸν
3414 2356 3557 2409 κατά
3585 2355 3857 2419 ἀνατολὰς

2262 2450 2589 2521 παράδεισον
2638 2448 2926 2519 ἐφύτευσε.
2975 2449 3067 2502 τὸν
3102 2451 3159 2503 ὲν
3218 2447 3398 2519 Ἐδὲμ,
3442 2450 3500 2502 ὲν
3540 2441 3587 2517 ᾧ
3634 2448 3731 2501 τὸν
3766 2449 3857 2502 ἀν-

2264 2541 2483 2614 θρωπον
2540 2542 2602 2595 ὃν
2652 2542 2886 2596 ἔπλασεν
2939 2541 3111 2607 ἔθετο,
3164 2544 3213 2596 εἰ
3266 2543 3477 2596 ἐκεῖνον
3532 2542 3633 2611 μὲν
3692 2541 3856 2605 εὐθὺς

2264 2633 2684 2705 παραϐήσεσθαι
2735 2633 2851 2705 ᾔδει
2910 2635 3003 2687 καὶ
3066 2634 3160 2687 τοῦ
3217 2636 3419 2706 χωρίου
3485 2634 3856 2704 γενησόμενον

2263 2725 2575 2796 ὑπερόριον,
2613 2724 2819 2795 μηδένα
2857 2723 2914 2778 δὲ
2967 2726 3075 2778 τῶν
3132 2726 3269 2797 μετά
3317 2725 3492 2780 ταῦτα
3544 2724 3856 2795 ἀνθρώπων

2265 2813 2527 2884 μέλλοντα
2580 2814 2744 2867 πάλιν
2781 2816 3025 2885 οἰκήσειν
3074 2815 3279 2881 αύτόν;
3334 2815 3399 2867 El
3454 2815 3566 2886 γὰρ
3617 2815 3855 2876 ἕκαστος

2261 2903 2492 2956 καὶτῶν
2521 2903 2764 2966 εὐσεϐῶς
2791 2904 2837 2936 ⁸³
2890 2904 3234 2975 βεϐιωκότων
3281 2906 3372 2960 καὶ
3423 2905 3534 2957 τῶν
3572 2903 3855 2965 δυσσεϐῶς

2261 2995 2736 3065 πολιτευσαμένων
2788 2997 2928 3064 μετά
2958 2996 3018 3050 τὸ
3053 2998 3266 3050 στάδιον
3303 2995 3398 3050 τοῦ
3429 2996 3706 3067 παρόντος
3740 2995 3854 3065 βίον

2261 3088 2399 3157 πρὸς
2443 3087 2504 3139 τὸ
2554 3086 2629 3156 μὴ
2688 3086 2747 3139 ὃν
2800 3087 3093 3141 ἀναλύεται
3154 3088 3223 3155 ⁸⁵,
3280 3087 3375 3141 καὶ
3425 3088 3606 3150 οὐδεὶς
3669 3087 3854 3140 οὐκέτι

2261 3180 2500 3249 διαμένει
2533 3180 2673 3233 ὥστε
2707 3182 2802 3233 καὶ
2839 3180 3167 3251 παράδεισον
3205 3181 3565 3251 κληρονομεῖν
3616 3179 3716 3232 καὶ
3758 3179 3855 3247 τῆς

569 3274 791 3341 quando
818 3275 968 3329 illum
1012 3289 1076 3329 ea
1108 3273 1306 3330 fecisse
1332 3274 1631 3342 insimulat,
1662 3292 1784 3346 qua:
1819 3291 1916 3333 nec
1951 3279 2155 3333 medio-

2260 3276 2317 3327 ἐν
2373 3272 2524 3344 αὐτῷ
2575 3273 2794 3344 τρυφῆς
2840 3273 3137 3327 ἀπολαύειν
3192 3275 3368 3345 ἱερᾶς,
3422 3273 3539 3336 πῶς
3578 3272 3640 3325 οὐ
3677 3272 3856 3341 μάτην

573 3367 742 3421 criter
775 3369 1013 3438 prudens
1048 3383 1283 3437 unquam
1312 3366 1565 3421 faceret?

2266 3366 2431 3419 αὐτὸν
2481 3366 2810 3437 γεγενῆσθαι
2863 3368 2897 3435 ἡ
2954 3366 3178 3439 τοιαύτη
3241 3366 3513 3437 ἀγνώμων
3574 3367 3674 3417 καὶ
3730 3366 3857 3418 δυσ.

576 3459 742 3531 σεϐὴς
784 3459 1059 3529 ὑπόληψις
1116 3462 1389 3529 ἀποφανεῖ
1410 3457 1480 3521 ⁸⁸,
1513 3460 1606 3512 καὶ
1636 3459 1725 3513 διὰ
1775 3460 1872 3529 τῆς
1903 3460 1983 3523 είς
2026 3460 2236 3513 ἐκεῖνον
2298 3457 2512 3528 ὕϐρεως
2550 3458 2642 3511 τὸν
2706 3458 2884 3512 κοινὸν
2937 3458 3215 3530 ὲξυϐρίσει
3259 3458 3626 3531 Δημιουργὸν,
3666 3458 3857 3512 ἐκεῖνα

569 3555 834 3624 πράττειν
884 3554 1229 3625 κατηγορῶν,
1275 3554 1312 3608 ἀ
1364 3553 1498 3626 μηδὲ
1542 3554 1765 3625 μέτριος
1794 3554 1860 3608 ἀν
1893 3573 1979 3618 τις
2015 3554 2376 3626 διαπράξαιτο
2406 3554 2587 3623 ἀνήρ;

642 3644 734 3699 Sic
769 3645 989 3712 impiam
1059 3644 1297 3698 Desithei
1356 3646 1421 3698 de
1488 3657 1887 3699 resurrectione
1937 3656 2159 3699 senten-

570 3734 699 3788 tiam
734 3748 800 3788 ex
826 3748 981 3789 sacra
1008 3734 1291 3803 Scriptura
1323 3732 1587 3799 refutans,
1626 3735 1867 3789 ostendit
1900 3735 2157 3788 mundum

567 3823 872 3893 corrumpi,
916 3837 1074 3891 quem
1121 3823 1211 3877 ille
1244 3822 1731 3893 incorruptibilem,
1770 3826 2009 3878 animam
2033 3840 2162 3879 vero

570 3915 984 3985 rorruptibilem
1031 3924 1332 3971 moustrose
1382 3915 1619 3985 ﬁngebat
1652 3935 1666 3970 :
1702 3916 2017 3986 angelorum
2062 3935 2161 3972 na-

569 4018 745 4061 turam
797 4023 827 4062 a
876 4006 986 4061 Deo
1033 4006 1228 4062 factam
1265 4048 1281 4073 ,
1332 4024 1495 4078 quam
1538 4011 1759 4063 insanus
1791 4009 1878 4063 ille
1924 4010 2062 4064 inter
2086 4024 2150 4065 ea

565 4114 687 4166 qua:
718 4114 982 4167 nusquam
1036 4100 1329 4165 exsistunt,
1362 4101 1596 4169 ponebat
1623 4118 1638 4167 ;
1664 4103 1972 4156 daemonum
2010 4118 2147 4171 quo-

564 4206 672 4260 que
716 4207 885 4262 genus
918 4190 1115 4245 factum
1146 4205 1287 4254 esse,
1322 4202 1377 4246 et
1414 4206 1677 4257 manere;
1730 4193 1982 4246 Dostheni
2024 4207 2150 4246 vero

565 4280 705 4334 idola
762 4296 855 4335 seu
915 4282 1247 4347 simulacra,
1295 4283 1572 4336 daemonas
1625 4297 1748 4337 esse
1808 4284 2147 4350 dictitabant,

570 4370 715 4423 aliud
773 4385 941 4440 genus
971 4371 1362 4426 daemoniorum
1408 4372 1616 4425 nullum
1652 4374 2019 4441 agnoscebant
2044 4391 2059 4441 ;
2088 4390 2153 4431 eo

564 4462 787 4518 inSanim'
814 4462 973 4518 illum.
997 4478 1120 4518 esse
1149 4478 1498 4533 progressum
1528 4465 1793 4519 ostendit.

631 4554 829 4625 2861)
880 4553 939 4607 1η
976 4557 1078 4608 hoc
1122 4552 1329 4625 [porro]
1364 4554 1501 4609 libro
1561 4557 1915 4625 quaestionem
1968 4557 2151 4626 addit,

558 4658 700 4706 cur,
750 4660 873 4700 cum
913 4646 1089 4700 multa
1134 4655 1320 4699 essent
1356 4646 1610 4701 animalia
1660 4649 1803 4704 inter
1838 4652 2034 4704 munda
2064 4666 2157 4704 nu-

562 4746 795 4804 merata,
840 4738 1081 4807 quinque
1131 4746 1340 4791 tantum
1386 4740 1690 4796 sacriﬁcate
1742 4742 1963 4807 fuerint,
2000 4753 2056 4797 et
2085 4743 2152 4797 ab

560 4830 803 4898 antiquis
835 4828 1085 4902 [Judazis]
1128 4831 1195 4885 ad
1228 4845 1341 4884 rem
1376 4829 1618 4887 divinam
1651 4835 1914 4899 adhibita,
1970 4836 2152 4890 hircus

561 4935 774 4990 nempe,
801 4932 855 4976 et
875 4922 1040 4987 aries,
1065 4934 1121 4980 et
1154 4926 1270 4988 bos.
1300 4935 1480 4981 turtur
1501 4935 1557 4981 et
1578 4927 1823 4982 columba
1850 4927 1875 4980 ἲ
1902 4926 2153 4998 Respon-

558 5011 670 5079 det,
705 5015 927 5083 antiqua
957 5017 1187 5088 figuram
1219 5036 1362 5083 esse,
1399 5029 1455 5074 et
1498 5020 1758 5090 pleraque
1802 5022 1869 5074 ad
1901 5021 2154 5090 aenigma-

561 5110 671 5155 tum
694 5106 1061 5170 cognitionem
1095 5110 1313 5166 referri.
1350 5112 1604 5179 Quinque
1624 5119 1805 5165 autem
1833 5126 1901 5165 ex
1933 5112 2151 5167 mundis

561 5193 857 5251 sacrificari
888 5200 983 5266 ait,
1016 5204 1163 5270 quod
1199 5219 1294 5274 per
1318 5204 1422 5257 ‘illa
1448 5205 1686 5273 quinque
1715 5218 1904 5258 sensus
1932 5212 2151 5260 nostros

558 5285 674 5351 pari
703 5301 929 5345 numero
968 5292 1203 5348 voluerit
1237 5295 1514 5349 insinuare
1560 5314 1572 5350 :
1610 5294 1695 5349 bis
1717 5296 1860 5349 enim
1886 5294 2146 5364 purifica-

556 5385 646 5435 tos
681 5393 780 5435 seu
811 5386 1040 5439 mundos
1073 5400 1173 5442 nos
1199 5387 1496 5458 adjungere
1522 5385 1703 5443 Verbo
1725 5387 1840 5441 vult
1870 5386 2146 5455 legislator

558 5475 616 5521 et
663 5468 929 5527 decernit.
991 5473 1168 5545 Atque
1214 5476 1328 5532 haec
1380 5477 1596 5548 quidem
1650 5478 1761 5551 [ex
1802 5478 2146 5535 orationibus

556 5559 795 5636 Eulogii]
821 5577 1077 5638 excerpta
1114 5578 1262 5625 sunt.

630 5665 660 5699 ο
696 5658 833 5715 Gen.
867 5676 1014 5732 ms,
1043 5664 1133 5720 29.
1225 5665 1245 5705 ί
1283 5666 1438 5724 Deut.
1463 5683 1637 5737 mm,
1669 5669 1761 5735 49,
1796 5669 1887 5724 50.

2332 3642 2489 3696 Οὕτω
2546 3644 2607 3694 τὸ
2664 3642 2925 3706 δυσσεϐὲς
2987 3644 3119 3715 περὶ
3188 3643 3540 3708 ἀναστάσεως
3601 3643 3692 3698 διὰ
3748 3644 3855 3698 τῶν

2261 3734 2573 3806 ίερολογιῶν
2623 3733 2881 3789 Δοσιθέου
2929 3737 3196 3807 κήρυγμα
3249 3736 3591 3801 καταϐαλὼν,
3631 3736 3729 3789 καὶ
3771 3737 3856 3790 ὅτι

2258 3826 2497 3897 φθαρτὸς
2548 3826 2577 3879 6
2630 3828 2833 3897 κόσμος
2886 3828 3114 3899 (ἐκεῖνος
3160 3828 3271 3901 γὰρ
3329 3828 3576 3900 φθαρτὴν
3640 3829 3741 3899 μὲν
3804 3828 3855 3861 ⁸⁸

2261 3918 2361 3989 τὴν
2403 3918 2606 3990 ψυχὴν,
2638 3919 2917 3992 ἄφθαρτον
2951 3920 3009 3975 δὲ
3054 3921 3244 3975 τοῦτον
3284 3920 3714 3994 ὲτερατολόγει),
3760 3923 3857 3976 καὶ

2259 4010 2344 4063 δτι
2376 4010 2488 4064 τῶν
2522 4012 2776 4080 ἀγγέλων
2799 4013 2833 4083 ἡ
2885 4012 3049 4081 φύσις
3080 4013 3232 4083 παρὰ
3263 4012 3401 4067 Θεοῦ
3460 4013 3673 4083 ὑπέστη
3724 4014 3857 4083 (τῶν

2256 4104 2367 4176 γὰρ
2393 4104 2467 4173 μὴ
2486 4104 2655 4157 ὄντων
2683 4105 3000 4159 καὶτούτων
3019 4105 3120 4177 τὴν
3134 4104 3297 4175 φύσιν
3314 4107 3360 4142 ⁸³⁷
3381 4106 3593 4168 ἐκεῖνος
3617 4105 3645 4157 ὁ
3670 4103 3855 4173 ληρώ-

2257 4196 2355 4266 δης
2372 4196 2635 4268 ἐνόμιζε),
2662 4199 2751 4251 vati.
2774 4197 2838 4270 δὴ
2860 4199 2953 4251 καὶ
2974 4198 3057 4252 ὅτι
3084 4198 3146 4251 τὸ
3166 4198 3446 4271 δαιμόνιον
3469 4199 3664 4269 γέγονέ
3680 4216 3743 4251 τε
3764 4198 3857 4253 καὶ

2255 4290 2499 4363 διαμένει
2523 4291 2691 4361 φῦλον
2716 4293 2787 4358 (οἱ
2819 4295 2930 4365 γὰρ
2954 4293 3219 4365 Δοσθηνοὶ
3234 4296 3301 4349 τά
3324 4296 3423 4367 μὲν
3446 4295 3644 4349 εἴδωλα
3657 4295 3853 4363 δαίμο-

2264 4400 2361 4447 νας
2384 4382 2589 4454 ἔλεγον,
2602 4386 2730 4441 ἄλλο
2746 4385 2803 4441 δέ
2820 4406 2875 4442 τι
2895 4388 3174 4459 δαιμόνιον
3194 4387 3361 4457 φῦλον
3378 4390 3478 4443 οὐκ
3502 4387 3855 4458 ἐγίνωσκον),

2273 4476 2358 4541 είς
2410 4477 2613 4548 πολλὴν
2646 4478 2811 4533 αὐτὸν
2859 4479 3047 4534 ἐλάσαι
3085 4479 3515 4552 φρενοϐλάϐειαν
3544 4480 3852 4551 διήλεγξεν.

2344 4566 2434 4621 Ἐν
2478 4568 2655 4640 τούτῳ
2699 4569 2778 4641 τῷ
2838 4570 3030 4643 βιϐλίῳ
3076 4572 3314 4645 ἀπορίαν
3366 4572 3592 4641 προθεὶς
3652 4572 3724 4637 ⁸⁸,
3771 4572 3852 4623 ὅτι

2259 4657 2473 4713 πολλῶν
2528 4658 2698 4713 ὄντων
2752 4659 2907 4725 ζώων
2952 4662 2989 4717 ἀ
3038 4663 3141 4734 τῆς
3177 4663 3289 4717 τῶν
3342 4662 3603 4735 καθαρῶν
3648 4664 3855 4733 ἐτάχθη

2263 4750 2503 4819 μερίδος,
2549 4752 2637 4805 διὰ
2688 4751 2740 4804 τί
2790 4752 2953 4806 πέντε
3007 4754 3143 4824 μόνα
3190 4754 3545 4820 ὲθυσιάζοντο
3577 4756 3695 4817 τοῖς
3745 4771 3855 4806 πα-

2255 4841 2427 4905 λαιοῖς
2450 4844 2545 4897 καὶ
2587 4844 2987 4914 ίερουργοῦντο,
3032 4847 3236 4917 τράγος
3268 4849 3363 4901 καὶ
3390 4846 3545 4919 κριὸς
3576 4848 3676 4902 καὶ
3700 4845 3851 4917 βοῦς,

2253 4934 2474 5004 τρυγὼν
2508 4936 2603 4989 καὶ
2634 4938 2941 5007 περιστερά
2973 4954 2987 5002 ;
3034 4939 3142 4992 Καὶ
3197 4939 3501 5006 ὲπιλύεται,
3549 4938 3728 4992 τύπον
3755 4938 3854 5009 μὲν

2254 5023 2398 5079 εἶναι
2428 5026 2606 5096 λέγων
2643 5027 2715 5081 τὰ
2741 5028 2967 5095 παλαιὰ,
3008 5032 3100 5083 καὶ
3145 5028 3215 5083 τὰ
3244 5029 3418 5084 πλείω
3468 5033 3550 5095 είς
3591 5030 3855 5101 αἰνιγμά-

2250 5135 2359 5172 των
2403 5119 2779 5192 ἀναφέρεσθαι
2820 5121 3076 5195 θεωρίαν,
3141 5122 3305 5177 πέντε
3357 5124 3416 5178 δὲ
3469 5124 3536 5177 ἐκ
3589 5124 3705 5178 τῶν
3754 5140 3852 5177 κα-

2253 5209 2443 5283 θαρῶν
2518 5214 2959 5285 ἱερουργεὼθαι,
2995 5216 3089 5269 ἀτε
3142 5216 3206 5287 δὴ
3263 5216 3359 5271 καὶ
3419 5216 3519 5279 τὰς
3570 5214 3849 5284 ἡμετέρας

2252 5302 2537 5375 αἰσθήσεις
2569 5304 2663 5359 τὸν
2692 5305 2807 5358 ἴσον
2844 5306 3079 5378 ἀριθμὸν
3110 5307 3553 5377 ύποϐαλλόμενος
3588 5304 3637 5335 ⁸⁸
3665 5319 3682 5334 ⁸
3713 5304 3848 5357 ταύ-

2251 5410 2353 5458 τας
2408 5396 2517 5466 γὰρ
2567 5398 2719 5468 ἡμᾶς
2765 5399 3184 5471 κεκαθαρμένας
3229 5400 3528 5467 προσάγειν
3555 5395 3662 5466 ,τῷ
3689 5395 3846 5466 Λόγῳ

2252 5486 2539 5557 νομοθετεῖ
2584 5508 2645 5544 τε
2674 5492 2768 5545 καί¹
2817 5491 3067 5562 βούλεται
3117 5495 3146 5544 ό
3190 5488 3511 5561 νομοθέτης.
3563 5488 3730 5542 Ἀλλὰ
3776 5490 3842 5542 τὰ

2256 5578 2358 5648 μὲν
2383 5581 2484 5653 τῆς
2516 5583 2751 5655 ἐκλογῆς
2778 5584 2837 5636 ὲν
2862 5582 3098 5646 τούτοις.

1828 5761 2095 5822 ινΑῐῖΙίΕ
2137 5763 2553 5820 LECTIONES.

628 5841 674 5877 ⁸⁸
697 5843 965 5921 δεσπότης
1003 5865 1113 5921 om.
1145 5850 1205 5906 Β.
1283 5854 1327 5886 ⁸⁹
1362 5855 1552 5912 Ναϐἀτ
1580 5860 1640 5915 Β.
1754 5859 1801 5890 ⁸³
1823 5858 2065 5921 εὐσεϐῶς
2094 5861 2161 5913 Δ.

561 5911 847 6002 ξ’ᾃτούτων
873 5911 974 6002 τήν
1005 5920 1171 5991 φύσιν
1200 5924 1259 5991 Β,
1302 5925 1490 5984 τοῦτον
1524 5911 1690 5999 φῦσιν
1732 5929 1774 5987 C.
1807 5940 1861 5985 et
1892 5944 1973 6000 pr.
2002 5911 2066 5983 Δί
2097 5911 2189 5962 Γπ
2224 5911 2493 6002 προσθείς
2528 5911 2587 5994 ςξ

563 5981 1032 6061 ὑποϐαλλομέναςξ

2747 5858 2796 5893 ³⁸
2823 5858 3114 5926 ἀποφαίνει
3141 5858 3207 5913 Δ.
3291 5858 3339 5891 ⁸⁸
3377 5856 3477 5926 μέν
3504 5857 3551 5913 Δ
3590 5874 3604 5909 :
3647 5858 3745 5910 ἐπί
3778 5871 3837 5920 ς.

2274 5860 2321 5890 ⁸⁸
2350 5859 2645 5914 διαλύεται.
2747 5859 2796 5893 ³⁸
2823 5859 3114 5981 ἀποφαίνει
3141 5859 3207 5913 Α.
3291 5859 3339 5891 ⁸⁸
3377 5859 3477 5926 μέν
3504 5859 3551 5913 Δ
3590 5874 3604 5909 :
3647 5859 3745 5910 ἐπί
3778 5871 3834 5920 ς.

2274 5929 2493 6002 ροσθείς
2528 5947 2587 5994 ς’.
2686 5930 2731 5963 ⁸’
2767 5929 2945 5985 ὑποϐα
2980 5926 3229 6003 λόμενος]
3267 5927 3502 5985 fortasse
3553 5929 3834 6000 legendum
