4066 6452
637 441 775 507 1001
1709 440 1972 504 PHOTII
2012 437 2524 509 PATRIARCHJE
2549 436 2661 500 CP.
3759 435 3875 504 1092

632 566 690 609 et
722 550 1048 625 Symcouius
1073 552 1373 610 monachus
1400 563 1456 610 et
1480 553 1783 626 presbyter.
1816 554 2208 610 Testimonium

2268 569 2286 617 ι
2312 568 2414 619 πος
2436 550 2842 617 Σκυθοπόλεως,
2870 548 2929 617 δς
2948 549 3045 607 καὶ
3072 549 3215 622 ὑπὲρ
3232 548 3333 622 τῆς
3359 547 3418 605 ἐν
3444 548 3752 623 Καλχηδόνι
3773 570 3874 608 συν-

628 661 760 701 vero
806 646 954 717 quod
1011 656 1260 703 sanctum
1312 648 1563 718 agnoscit
1592 663 1659 703 ex
1702 649 1932 717 epistola
1975 647 2092 718 ejus
2140 649 2210 703 ad

2310 647 2433 701 όδου
2464 644 2646 715 σοφῶς
2676 662 2737 698 τε
2769 644 2865 699 καὶ
2896 642 3203 715 θεοφρόνως
3237 641 3564 711 ἐσπούδασε,
3604 643 3700 696 καὶ
3729 642 3875 715 Ἦρα-

629 737 997 793 Justinianum
1025 739 1434 809 imperatorem,
1459 754 1580 809 qua:
1607 740 1770 795 etiam
1788 749 1980 795 contra
2011 738 2208 795 Nesto-

2310 736 2559 801 κλειανὸς
2572 737 2618 770 ⁸⁸
2649 737 2678 790 6
2711 734 3057 806 Καλχηδόνος
3113 732 3431 799 ἐπίσκοπος,
3461 735 3493 787 6
3545 732 3712 787 πολὺν
3757 735 3874 789 κατά

636 833 819 885 rianos
851 841 907 885 et
932 831 1295 903 Entychianos
1321 831 1668 903 digladiatur,
1700 832 2078 903 depromptum
2102 840 2208 888 est.

2309 830 2419 884 τῶν
2469 829 2752 900 Θεομάχων
2798 827 3119 899 Μανιχαίων
3160 827 3349 897 ἀγῶνα
3395 826 3696 898 βαλόμενος
3713 828 3774 890 ’⁸,
3799 831 3874 883 καὶ

633 924 749 991 Ipse
785 936 911 976 vero
958 920 1297 979 Justinianus
1331 924 1452 993 pius
1498 922 1794 994 imperator
1823 924 1877 979 in
1912 924 1977 981 iis
2003 939 2122 994 quae
2143 924 2212 979 ad

2310 923 2557 987 Λεόντιος
2603 924 2633 976 ό
2676 921 2776 993 τὴν
2818 920 3092 993 ἐρημικὴν
3137 920 3416 976 πολιτείαν
3444 920 3552 975 καὶ
3579 921 3669 973 τὸν
3702 920 3873 991 μονάδα

633 1014 841 1068 Zoilum
896 1015 1260 1085 patriarcham
1304 1016 1732 1071 Alexandrinum
1770 1016 2013 1086 scripsit,
2074 1016 2214 1071 hanc

2314 1016 2429 1088 βίον
2451 1016 2727 1087 ἐλόμενος,
2744 1014 3094 1079 Ἀναστάσιός
3120 1031 3181 1068 τε
3210 1017 3240 1068 6
3264 1017 3322 1070 ἐν
3351 1016 3533 1084 ἁγίοις
3560 1013 3874 1079 Θεουπόλεως

633 1107 916 1176 epistolam
976 1104 1301 1163 Thesaurum
1350 1109 1691 1173 nominavit,
1747 1110 1911 1164 etiam
1967 1106 2213 1180 profecto

2312 1110 2631 1174 ἐπίσκοπος,
2664 1111 2761 1164 καὶ
2804 1108 3121 1180 Συμεὼνιοςρ
3152 1108 3383 1180 μοναχδς
3410 1108 3507 1162 καὶ
3540 1108 3876 1179 πρεσϐύτερος

633 1197 1023 1253 Constantinus
1048 1200 1267 1270 quidam
1298 1199 1561 1271 dignitate
1596 1200 1887 1271 quaestoria
1912 1200 2061 1271 (nam
2097 1204 2214 1273 ipse

2313 1202 2371 1275 (ή
2399 1201 2457 1257 δέ
2491 1202 2689 1273 χρῆσις
2712 1202 2747 1273 ή
2776 1200 2868 1253 τὸν
2889 1201 3033 1254 ὅσιον
3058 1197 3503 1268 ἐπιγινώσκουσα
3527 1198 3589 1264 ἐξ
3620 1199 3876 1268 ἐπιστολῆς

633 1307 852 1362 quoque
887 1302 1078 1347 contra
1122 1293 1344 1362 impium
1373 1294 1738 1351 Theodosium
1778 1297 2042 1368 scripsit),
2072 1298 2214 1355 unde

2314 1294 2466 1349 ἐστιν
2490 1295 2557 1366 ἢν
2588 1292 2727 1364 πρὸς
2760 1293 2853 1346 τὸν
2888 1290 3258 1345 Ἰουστινιανδν
3288 1289 3518 1361 βασιλέα
3544 1289 3872 1358 διεπέμψατο,

634 1385 943 1441 testimonia
979 1386 1046 1440 de
1092 1386 1302 1443 duabus
1340 1387 1392 1441 itt
1426 1385 1647 1443 Christo
1680 1390 2089 1458 operationibus
2114 1390 2212 1444 de-

2311 1386 2348 1459 η
2389 1388 2484 1441 καὶ
2528 1386 2672 1441 κατὰ
2702 1382 3081 1456 Νεστοριανῶν
3116 1400 3179 1437 τε
3212 1382 3309 1437 καὶ
3348 1380 3781 1453 Εὑτυχιανιστῶν
3804 1382 3876 1435 τὸν

633 1476 967 1531 scribuntur.
1017 1477 1097 1531 ΑιΙ
1134 1478 1234 1533 hos
1256 1494 1445 1535 omnes
1470 1480 1678 1535 accedit
1710 1480 2039 1552 Theophilus
2076 1496 2214 1537 unus

2312 1480 2500 1551 ἀγῶνα
2555 1479 2670 1551 ἔχει
2687 1495 2703 1511 ·
2735 1478 2899 1543 αὑτός
2925 1494 2987 1530 τε
3022 1474 3398 1539 ’Ῑουστινιανὸς
3414 1474 3460 1507 ’⁷
3486 1476 3517 1528 6
3548 1473 3770 1544 εὐσεϐὴς
3795 1473 3873 1544 βα.

630 1588 661 1623 c
718 1571 821 1640 piis
863 1580 919 1626 et
964 1572 1159 1638 doctis,
1206 1574 1296 1643 qui
1365 1574 1667 1644 inscriptis
1704 1576 1820 1632 suis
1854 1591 1975 1631 cum
2012 1575 2213 1631 Severo

2314 1573 2516 1640 σιλεὺς,
2543 1575 2601 1627 ἐν
2624 1565 2707 1636 οἷς
2739 1572 2877 1643 πρὸς
2911 1571 3110 1625 Ζώῖλον
3141 1569 3348 1640 ἔγραψε
3377 1596 3449 1608 -
3474 1568 3809 1638 πατριάρχης
3833 1568 3876 1620 δ’

631 1661 925 1729 plurimum
984 1672 1210 1732 pugnat,
1253 1678 1418 1733 quem
1471 1665 1695 1720 odiosus
1746 1675 1804 1721 et
1843 1668 2214 1723 contentiosus

2325 1665 2738 1737 ’Δλεξανδρείας
2770 1660 2925 1729 οὗτος
2956 1660 3025 1736 ἦν
3042 1662 3226 1717 -καὶ
3252 1663 3353 1732 τὴν
3367 1660 3665 1732 ἐπιστολὴν
3692 1663 3877 1727 θησαυ-

630 1753 899 1808 sectarius
963 1752 1241 1808 librarium
1303 1754 1419 1824 ipse
1489 1758 1757 1827 pessimus
1824 1758 2061 1828 scriptor
2119 1772 2215 1829 per

2307 1757 2423 1828 ρὸν
2448 1756 2819 1826 ἐπωνόμασε),
2854 1756 2943 1809 ναὶ
2968 1754 3032 1825 δὴ
3058 1753 3155 1808 καὶ
3188 1750 3605 1814 Κωνσταντῖνός
3652 1767 3731 1814 τις
3748 1791 3763 1817 ,
3786 1751 3872 1803 τῶν

628 1842 1013 1913 contumeliam
1048 1844 1245 1916 287i:
1304 1847 1570 1904 nominat.
1632 1848 1759 1905 Hazc
1792 1852 2009 1922 quidem
2064 1851 2215 1907 testi-

2268 1911 2288 1922 ι
2316 1848 2673 1919 κυαιστώρων
2700 1847 2881 1919 φέρων
2914 1847 2976 1900 τὸ
3009 1846 3228 1915 ἀξίωμα
3246 1858 3262 1874 ⁸
3291 1845 3389 1899 καὶ
3422 1844 3536 1914 γὰρ
3570 1838 3719 1905 οὗτος
3748 1842 3874 1912 λόγον

631 1944 812 1998 monia
844 1960 963 2015 quae
998 1943 1137 2000 liber
1163 1946 1251 2002 hic
1279 1947 1596 2002 continebat
1619 1960 1650 2000 e
1677 1947 1882 2000 sanctis
1920 1944 2031 1999 illis
2062 1943 2214 2015 prius

2266 1910 2462 1995 Ξκατὰ
2510 1910 2794 1994 Θεοδοσίου
2839 1937 2935 1993 τοῦ
2986 1910 3280 2001 δυσσεϐοῦς
3324 1910 3687 2002 ἐσπούδασεν,
3735 1936 3789 2001 ἐξ
3814 1910 3872 1991 ὦ

633 2038 927 2093 nominatis
945 2036 1200 2095 Patribus
1219 2040 1534 2109 deprompta
1551 2048 1696 2097 sunt.
1713 2037 1875 2095 Utilia
1890 2054 2019 2093 vero
2035 2044 2217 2093 essent

2319 2035 2545 2105 χρήσεις
2561 2033 2691 2105 περὶ
2715 2032 2824 2086 τῶν
2851 2031 2944 2086 δύο
2968 2030 3261 2103 ἐνεργειῶν
3288 2028 3419 2104 [470
3446 2028 3546 2102 Η.]
3576 2030 3875 2099 συναναγρά.

630 2129 698 2183 ad
732 2128 1233 2198 reprehendendum
1252 2144 1345 2185 eos
1368 2130 1458 2200 qui
1485 2146 1649 2185 unam
1679 2138 1885 2183 tantum
1916 2130 1967 2183 in
1997 2126 2215 2184 Christo

2321 2123 2674 2194 φονται.Ἑπὶ
2703 2124 2840 2176 πᾶσι
2872 2122 2967 2176 καὶ
2998 2122 3256 2191 Θεόφιλός
3285 2135 3371 2185 τις
3393 2122 3506 2175 τῶν
3535 2120 3785 2190 θεοφιλῶν
3803 2117 3874 2173 καὶ

630 2222 999 2289 operationem
1054 2232 1324 2277 asserunt.
1362 2223 1754 2278 Continebatur
1784 2223 1945 2277 etiam
1971 2221 2217 2276 testimo-

2318 2215 2540 2285 λογίων,
2568 2215 2628 2279 ὃς
2654 2215 2797 2269 κατὰ
2826 2214 3077 2286 Σεϐήρουλ
3116 2214 3287 2270 πολὺν
3319 2214 3378 2269 ἐν
3397 2213 3590 2285 λόγοις
3622 2213 3794 2281 ἀγῶνι
3817 2212 3874 2265 δι-

630 2314 778 2366 ιιὶιιιη
835 2312 888 2367 in
928 2315 1255 2385 supradictis
1285 2315 1555 2385 quoddam
1584 2330 1614 2370 e
1661 2315 1796 2370 libro
1825 2315 2061 2385 quodam
2093 2313 2213 2369 sine

2316 2310 2583 2379 ήνεγκεν·
2616 2307 2675 2361 ὃν
2707 2308 2802 2362 καὶ
2828 2307 3196 2379 δυσχεραίνων
3240 2308 3336 2363 καὶ
3384 2306 3871 2377 διαπληκτιζόμενος

631 2403 988 2475 inscriptione
1017 2406 1275 2477 positum.
1322 2406 1482 2463 Liber
1513 2423 1642 2463 vero
1671 2406 1814 2462 unde
1843 2406 2209 2462 testimonium

2316 2399 2347 2453 6
2392 2398 2660 2471 δυσσεϐὴς
2701 2398 3071 2470 καλλιγραφον
3087 2400 3133 2432 ⁸⁸
3188 2400 3218 2454 6
3274 2399 3669 2472 κακογράφος’,
3712 2390 3790 2453 οἷα
3826 2396 3875 2467 δὴ

628 2506 744 2548 erat
780 2494 1004 2564 petitum
1047 2496 1304 2551 Severum
1345 2496 1432 2550 his
1460 2496 1797 2551 orationibus
1821 2493 2212 2565 reprehensum

2318 2489 2639 2561 ἐνυϐρίζων,
2670 2489 2974 2562 ὠνόμασεν.
3012 2491 3080 2545 Ai
3112 2490 3213 2562 μὲν
3249 2490 3343 2547 οὖν
3375 2494 3644 2565 χρήσεις,
3667 2491 3730 2556 a;
3756 2490 3785 2559 ἡ
3811 2487 3873 2559 βί-

628 2588 776 2642 clare
807 2587 1429 2645 demonstrabat.........

2324 2582 2448 2648 ϐλος
2474 2585 2741 2655 περιεῖχε,
2774 2586 2903 2648 τοὺς
2934 2585 3259 2655 εἰρημένους
3291 2586 3470 2657 ἱεροὺς
3502 2585 3701 2657 ἄνδρας
3739 2582 3872 2636 πστὲ-

634 2703 733 2758 ρας
766 2686 1159 2757 ἐπεγράφοντο,
1196 2687 1455 2758 χρήσιμοι
1497 2685 1541 2739 δ’
1569 2688 1634 2741 ἂν
1680 2681 1790 2739 εἶεν
1828 2683 1966 2756 πρὸς
1997 2683 2218 2751 ἔλεγχον
2249 2681 2360 2735 τῶν
2393 2680 2736 2751 φρονούντων
2788 2681 2883 2733 ἐπὶ
2930 2680 3169 2751 Χριστοῦ
3218 2680 3501 2747 δυσσεϐῶς
3571 2679 3698 2755 μίαν
3754 2677 3872 2748 ἐνέρ-

628 2795 805 2849 γειαν.
838 2778 1146 2847 Περιείχετο
1180 2780 1364 2849 μέντοι
1391 2782 1509 2843 ταῖς
1535 2779 1854 2851 εἰρημέναις
1880 2778 1975 2830 καὶ
2020 2775 2079 2840 ἐξ
2108 2773 2490 2845 ἀνεπιγράφου
2514 2772 2710 2845 χρῆσις
2729 2775 2776 2808 ⁹⁹
2794 2789 2809 2805 ο
2833 2773 2894 2828 τὸ
2914 2773 2973 2828 δέ
2993 2773 3305 2847 σύνταγμα,
3362 2775 3426 2841 ἐξ
3482 2768 3549 2831 οὗ
3604 2774 3639 2845 ἡ
3694 2772 3871 2846 χρῆσις.

632 2869 868 2940 Σεϐἧρον
891 2867 1179 2921 ὐπεδείκνυ
1210 2869 1470 2937 γενναίως
1494 2872 1609 2934 τοῖς
1636 2870 1815 2937 λόγοις
1838 2864 2333 2937 καταϐαλλόμενον.

1266 2986 1574 3043 CCXXX".
3037 2982 3202 3037 SAB'.

935 3082 1185 3153 Stephani
1224 3078 1421 3137 (ἰοθανί
1454 3079 1723 3141 Tritheitw
1767 3079 1917 3135 liber.
2358 3080 2541 3147 Στεφά

2358 3077 2671 3147 Στεφάνου
2708 3076 3138 3204 ηηθεῑθτου
3170 3074 3434 3146 ἐπίκλην
3458 3075 3726 3147 Γοϐάρου
3761 3073 3842 3141 ,βι-

2978 3188 2983 3193 .
3113 3166 3205 3204 ον.

2978 3188 2983 3193 ι
3009 3166 3205 3209 ονιιον.

700 3239 827 3311 Legi
853 3240 1049 3295 librum
1070 3239 1331 3311 Stephani
1350 3238 1633 3294 Tritheitae
1654 3238 1976 3304 cegnomine
1992 3236 2216 3293 Gobari.

2395 3237 2526 3313 [892
2554 3238 2648 3314 8.]
2686 3238 3032 3312 ’Δνεγνῶσθη
3070 3241 3273 3311 βιϐλίον
3301 3240 3581 3311 Στεφάνου
3622 3238 3755 3306 τινὸς
3778 3255 3867 3312 τρι-

630 3333 774 3398 Opus
835 3333 1013 3403 magni
1075 3331 1358 3386 videbatur
1401 3330 1624 3393 laboris,
1669 3330 1905 3384 fructum
1953 3346 2083 3385 vero
2112 3345 2217 3383 non

2262 3389 2294 3409 η
2328 3336 2540 3403 θεττου,
2568 3330 2613 3405 ᾧ
2643 3336 2874 3409 ἐπίκλην
2920 3339 2950 3391 6
2994 3338 3251 3407 Γόϐαρος.
3283 3337 3360 3391 Τὸ
3396 3336 3458 3392 δὲ
3506 3336 3704 3409 βιϐλίον
3728 3332 3868 3388 πόνων

629 3389 893 3487 aequalem
926 3389 1117 3489 bperte
1159 3418 1301 3473 tulit.
1342 3417 1542 3473 Laudis
1571 3389 1714 3474 enim
1757 3418 1995 3473 studium
2046 3420 2218 3490 magis

2260 3389 2297 3450 Β
2473 3389 2662 3485 ἐδόκει.
2680 3389 2942 3501 μακρῶν,
2972 3389 3162 3500 κέρδος
3195 3389 3774 3501 ἐφερεήτὲςήπολλῆς
3795 3424 3866 3493 οὐχ

635 3529 797 3583 quam
856 3528 1104 3581 magnam
1150 3512 1437 3568 utilitatem
1482 3527 1591 3581 prae
1623 3527 1683 3566 se
1727 3511 1848 3568 l'ert.
1890 3512 2006 3582 Ipsa
2038 3514 2221 3582 capita

2323 3523 2507 3594 ὅμοιον
2550 3522 2786 3594 σπουδῆς
2808 3539 2823 3554 ·
2875 3520 3188 3592 φιλοτιμίαν
3236 3522 3345 3592 γὰρ
3398 3521 3599 3593 μᾶλλον
3646 3521 3677 3591 ἦ
3720 3516 3867 3589 χρείαν

632 3623 754 3677 qua:
785 3616 1002 3670 tractat,
1036 3619 1266 3676 quaeque
1306 3606 1358 3660 in
1396 3619 1717 3660 communes
1735 3614 1790 3660 et
1817 3605 2222 3661 ecclesiasticas

2323 3616 2672 3670 ἐπεδείκνυτο
2723 3613 3220 3687 περιττήν¹.Ἀλλὰ
3261 3615 3374 3687 γὰρ
3405 3615 3474 3669 τὰ
3520 3614 3619 3685 μὲν
3647 3608 3868 3680 κεφάλαια

634 3701 974 3770 quaestiones
1043 3699 1261 3763 retulit,
1316 3698 1599 3753 minimum
1658 3699 2049 3769 quinquaginta
2115 3698 2222 3755 duo

2322 3708 2453 3781 περὶ
2478 3702 2553 3762 ὧν
2584 3711 2618 3779 ἡ
2647 3708 2875 3779 σπουδὴ,
2908 3706 3006 3762 καὶ
3036 3708 3138 3762 ὅσα
3166 3708 3248 3771 είς
3284 3706 3474 3771 κοινὰς
3504 3708 3596 3760 καὶ
3621 3704 3866 3771 ἐκκλησια-

638 3802 818 3852 erant,
872 3788 1057 3858 paucis
1100 3789 1183 3844 his
1234 3787 1463 3856 adjectis
1491 3788 1932 3858 particularibus.
1960 3787 2088 3844 Haec
2120 3794 2221 3845 du-

2324 3800 2517 3864 στικᾶς
2545 3801 2841 3871 ἀνεφέρετο
2866 3799 3144 3870 ζητήσεις,
3176 3796 3375 3869 μικροῦ
3404 3796 3449 3868 β’
3479 3798 3575 3850 καὶ
3603 3801 3640 3850 ν’
3664 3789 3755 3865 ἦν,
3795 3801 3867 3862 μι-

638 3882 807 3950 plices
844 3880 1145 3936 sententias
1185 3880 1484 3945 includunt,
1516 3887 1702 3935 etnon
1733 3880 1907 3936 solum
1954 3880 2219 3950 duplices,

2327 3891 2639 3963 ρικωτέρων
2665 3892 2828 3945 τινῶν
2876 3891 2936 3945 οὐ
2974 3891 3185 3945 πολλῶν
3210 3889 3423 3953 τούτοις
3448 3879 3865 3959 παρεμϐεϐλημὲ·

634 3976 729 4029 sed
808 3974 972 4029 etiam
1058 3982 1436 4044 repugnantes.
1522 3973 1836 4030 Sententias
1918 3989 2048 4029 vero
2124 3975 2222 4030 has

2323 4003 2450 4040 νων.
2487 3983 2675 4039 Ταῦτα
2713 3983 2771 4037 δὲ
2801 3983 2978 4038 διτταὶ
3021 3982 3172 4049 δόξαι
3206 3981 3651 4053 κατεμερίζοντο,
3697 3976 3778 4031 καὶ
3818 3969 3864 4027 οὐ

637 4083 744 4121 non
801 4065 1156 4135 argumentis,
1194 4080 1292 4119 nec
1330 4064 1510 4120 verbis
1557 4080 1727 4121 sacra:
1762 4065 2059 4137 Scriptum
2084 4082 2218 4122 con-

2321 4073 2497 4128 διτταὶ
2529 4073 2710 4144 μόνον,
2743 4072 2882 4127 ἀλλὰ
2907 4073 3004 4127 καὶ
3027 4073 3425 4142 ἀντικείμενοι.
3452 4072 3565 4134 Τὰς
3589 4069 3645 4124 δὲ
3668 4066 3801 4133 δόξας
3819 4059 3863 4115 οδ

641 4160 897 4225 lirmavit,
931 4157 1025 4214 sed
1059 4157 1379 4213 testimoniis
1406 4166 1614 4214 tantum
1646 4196 1662 4221 ,
1701 4166 1759 4212 ut
1786 4160 2024 4231 scriptor
2057 4169 2219 4231 puta-

2320 4164 2569 4238 λογισμοί
2595 4182 2741 4231 τινες
2772 4165 2893 4221 οὐδὲ
2924 4165 3082 4235 λόγια
3115 4165 3473 4238 συνεκρότουν
3498 4166 3619 4239 ἱερὰ
3642 4204 3656 4225 ,
3686 4159 3865 4233 χρήσεις

642 4252 742 4315 vit,
800 4251 1079 4306 variorum
1133 4248 1400 4317 Patrum,
1455 4264 1691 4321 quorum
1749 4252 1854 4306 alia
1896 4252 2219 4306 sententiam

2321 4258 2380 4312 δέ
2406 4258 2587 4329 μόνον,
2616 4258 2694 4323 ὼς
2723 4260 2752 4312 ό
2772 4258 3006 4329 γράφων
3038 4257 3279 4329 ἐνόμιζε,
3325 4258 3601 4329 διαφόρων
3627 4252 3861 4323 Πατέρωνς

636 4342 915 4407 Ecclesiae,
958 4340 1075 4410 alia;
1103 4341 1433 4397 contrariam
1472 4341 1845 4397 continebant.
1879 4341 2220 4398 Contrariam

2322 4341 2400 4403 ὧν
2428 4349 2486 4403 ai
2520 4348 2617 4419 μὲν
2637 4348 2698 4401 τὸ
2723 4348 3177 4419 ἐκκλησιαστικὸν
3204 4348 3482 4419 φρόνημα,
3510 4349 3566 4402 ai
3590 4346 3645 4400 δέ
3665 4336 3864 4409 συνεκρό¹

637 4434 876 4504 quidem,
921 4436 1143 4505 antiqua
1200 4434 1531 4500 testimonia,
1576 4444 1632 4490 et
1660 4436 2008 4506 antiquorum
2047 4436 2224 4491 homi-

2321 4458 2450 4495 τουν
2476 4441 2538 4495 τὸ
2570 4440 2901 4513 ἀπόϐλητον.
2918 4441 3083 4496 Ἀλλὰ
3128 4441 3190 4495 τὸ
3239 4441 3337 4512 μὲν
3360 4440 3662 4510 ἀπόϐλητον
3683 4423 3860 4488 παλαιαί

642 4539 772 4578 num
826 4538 931 4579 non
973 4524 1200 4580 multum
1247 4527 1313 4582 de
1345 4534 1495 4580 certa
1542 4524 1808 4580 sententia
1858 4525 2220 4582 laborantium

2322 4548 2384 4584 τε
2415 4531 2640 4602 χρήσεις
2663 4532 2761 4584 καὶ
2792 4530 3042 4585 παλαιῶν
3066 4530 3376 4601 ἀνδρῶν,οὺ
3400 4529 3579 4584 πάντα
3603 4525 3725 4596 πρὸς
3742 4515 3861 4589 ax?"

637 4623 1010 4682 asserueruut,
1054 4630 1286 4685 quarum
1317 4613 1495 4684 aliqua
1548 4627 1655 4671 non
1682 4612 1916 4683 amplexi
1958 4622 2104 4679 sunt,
2126 4614 2224 4671 sed

2325 4620 2477 4675 ϐειαν
2508 4619 2903 4686 ἐξετασάντων,
2937 4622 3304 4692 περιέϐαλπον
3323 4660 3339 4686 ,
3374 4612 3449 4674 ὧν
3476 4620 3628 4674 ἐνίων
3665 4615 3752 4686 μὲν
3772 4603 3860 4665 οὐδ’

641 4717 822 4763 tamen
851 4708 900 4763 ei
933 4709 1022 4778 qui
1049 4708 1165 4763 haec
1188 4706 1404 4776 collegit
1429 4704 1681 4775 amplecti
1719 4706 1817 4761 visi
1848 4717 1977 4762 sunt
2005 4725 2019 4763 :
2047 4707 2222 4765 eccle-

2254 4739 2299 4799 D
2324 4712 2587 4780 ἐθαλπον,
2637 4714 2861 4769 ἐδόκουν
2900 4714 2958 4769 δέ
3006 4714 3233 4769 Θάλπειν
3280 4715 3434 4785 ὅμως
3484 4713 3564 4785 τῷ
3609 4707 3860 4799 συλλέγοντι

639 4800 922 4854 siastlcam
985 4814 1113 4853 vero
1157 4797 1468 4868 opinionem
1519 4796 1850 4851 conﬁrmant
1905 4796 2218 4854 testimonia

2254 4795 2284 4799 -
2325 4806 2564 4871 mitur
2604 4807 2669 4860 τὸ
2715 4806 2773 4861 δὲ
2818 4808 3076 4881 φρόνημα
3106 4808 3169 4862 τὸ
3208 4806 3658 4878 ἐκκλησιαστικὸν
3698 4802 3747 4855 αἱ
3781 4795 3860 4849 τῶν

637 4892 877 4947 virorum
903 4892 996 4961 qui
1027 4906 1155 4947 vere
1173 4897 1486 4946 senserunt.
1510 4886 1637 4943 Hmc
1658 4899 1837 4944 autem
1863 4901 1991 4945 sunt
2018 4892 2217 4961 capita,

2331 4900 2571 4972 μάλιστα
2593 4900 2693 4972 τὴν
2722 4900 2985 4973 ἀλήθειαν
3004 4899 3500 4971 ἐξακριϐωσὰντων
3531 4896 3682 4967 ιερῶν
3699 4885 3859 4973 ἀνδριξιν

635 4986 707 5040 de
737 4986 934 5056 quibus
968 4998 1065 5055 per
1111 4983 1419 5039 testimonia
1443 4982 1663 5053 duplex,
1697 4993 1753 5038 et
1793 4985 2069 5040 contraria
2100 5001 2223 5043 sen-

2328 4971 2614 5047 ἐϐεϐαίουν
2650 4971 3140 5065 μαρτυρίαι.”Εστι
3168 4993 3228 5047 δὲ
3255 4993 3325 5047 τὰ
3353 4991 3643 5062 κεφάλαια,
3670 4982 3778 5055 περὶ
3805 4971 3858 5029 ὧν

637 5081 806 5135 tentia
830 5079 1189 5150 proponitur:
2122 5069 2146 5089 ⁸

2327 5087 2363 5158 ἡ
2393 5085 2482 5140 διὰ
2505 5086 2616 5141 τῶν
2644 5088 2897 5158 Χρήσεων
2923 5087 3085 5159 διπλῆ
3120 5089 3217 5143 καὶ
3253 5087 3604 5159 ἀντικειμένη
3628 5072 3855 5135 σπουδάζει

2326 5176 2671 5248 κατασκευὴ,
2699 5176 2878 5234 ταῦτα
2902 5193 2918 5209 ο
3821 5245 3828 5248 _
3865 5164 3874 5228 ί

709 5257 1047 5330 Proprietas,
1078 5267 1132 5312 et
1162 5256 1357 5327 ﬁgura,
1391 5266 1446 5311 et
1468 5255 1639 5311 forma
1671 5255 1977 5328 hypostasis
2000 5264 2106 5324 est,
2126 5256 2224 5313 sed

2402 5268 2529 5324 Ὀτι
2556 5271 2618 5323 τὸ
2637 5245 2845 5340 τίδίωμα
2873 5270 2967 5324 καὶ
2995 5271 3026 5324 6
3054 5270 3343 5342 χαρακτὴρ
3369 5271 3464 5323 καὶ
3496 5270 3530 5330 ή
3551 5251 3716 5331 μορφὴ
3746 5245 3850 5346 fw}:

642 5365 754 5407 non
780 5350 1097 5419 coniunctio
1129 5350 1468 5417 substantiae,
1503 5357 1558 5405 et
1586 5348 1954 5420 proprietatis,
1997 5364 2097 5405 nec
2126 5363 2225 5421 per

2326 5362 2517 5425 στασίς
2547 5363 2716 5428 ἐστιν,
2747 5362 2866 5417 ἀλλ’
2891 5363 3015 5435 οὐχὶ
3041 5362 3329 5435 συμπλοκὴ
3355 5362 3453 5426 τῆς
3484 5350 3658 5413 οὐσίας
3683 5342 3763 5435 καί

636 5458 698 5500 se
731 5442 1056 5499 subsistens.
1088 5473 1159 5485 -—
1187 5441 1301 5497 Hoc
1332 5443 1568 5512 primunt
1610 5441 1863 5497 nonnulla
1915 5442 2221 5498 testimonia

2327 5452 2641 5524 ἰδιώματος,
2686 5425 2809 5509 οὐδὲ
2857 5456 2919 5509 τὸ
2959 5425 3489 5510 αὐθυπόστστον.ν--
3508 5441 3666 5499 Τοῦτο
3707 5434 3787 5507 μὲν
3807 5425 3849 5480 αῖ

638 5536 1030 5597 conﬁrmarunt
1079 5534 1329 5600 ;deinde
1376 5549 1594 5591 rursum
1638 5545 1822 5603 postea
1876 5536 2213 5591 contrarium

2325 5545 2553 5617 χρήσεις
2575 5544 3052 5609 κατασκευάζουσι
3072 5540 3361 5611 πρότερον,
3377 5530 3496 5591 εἶτα
3514 5531 3658 5589 πάλιν
3677 5526 3848 5617 impoti

637 5627 764 5696 alia,
792 5628 895 5685 hoc
922 5638 1030 5695 est,
1055 5628 1283 5684 formam
1322 5639 1378 5684 et
1401 5628 1808 5699 proprietatem,
1837 5637 1893 5682 et
1929 5627 2218 5684 characte-

2420 5610 2672 5691 ’ἐναντίον
2711 5636 2919 5708 ἐτεραι,
2949 5610 3226 5689 τουτέστιν
3273 5632 3357 5687 ὅτι
3402 5630 3464 5684 τὸ
3510 5627 3687 5696 ίδίωμα
3720 5616 3794 5672 καὶ
3827 5610 3846 5673 ἡ

1154 5804 1157 5807 ν
1991 5743 2234 5802 VARUE
2278 5747 2696 5805 LECTIONES.

643 5841 758 5972 A‘”
786 5838 1170 5980 ;HPGX‘MfI‘VdC
1212 5839 1276 5892 Αο
1354 5837 1400 5871 ⁹⁶
1430 5835 1726 5908 βαλόμενος
1763 5832 1803 5886 Β
1834 5850 1846 5887 ε
1882 5834 2207 5909 βαλλόμενος
2239 5860 2300 5905 ς.
2378 5843 2423 5875 ⁸⁷
2458 5860 2515 5896 τε
2545 5844 2573 5896 6
2617 5843 2808 5898 Ἰουστ.
2836 5859 2896 5912 ς.
2974 5843 3021 5876 ⁸⁸
3059 5841 3446 5913 καλλιγράφων
3484 5851 3544 5901 ς’.
3610 5826 3842 5912 ηχρήσιξϐ

694 5948 711 5964 .
845 5926 1042 5983 περισσ
1085 5926 1111 5961 ν
1144 5926 1202 5973 ς.
