3954 6444
181 407 302 476 1093

1134 404 1668 468 BlBLIOTHECA.
1698 426 1768 441 -
1799 403 1966 469 COD.
1993 406 2299 471 CCXXXI.

3259 409 3400 483 1094

176 520 334 596 μορφή
361 516 450 575 καὶ
471 517 500 574 ὁ
530 516 812 591 χαρακτὴρ
832 520 931 574 οὐκ
952 518 1098 575 ἐστιν
1121 522 1439 589 ὑπόστασις,
1464 522 1599 576 ἀλλὰ
1617 521 1712 592 τῆς

1819 534 1934 575 rem
1964 522 2282 594 hypostasin
2330 534 2437 577 non
2466 534 2609 591 esse,
2644 521 2741 578 sed
2767 523 3120 597 bypostaseos
3150 525 3398 599 ﬁguram.

170 611 493 674 ὑποστάσεως
508 612 811 683 χαρακτήρ.
826 612 936 666 Καὶ
953 613 1043 666 ἐπὶ
1060 613 1168 666 τῶν
1184 613 1359 668 ἄλλων
1379 615 1713 685 κεφαλαίων,

170 708 240 759 ἵνα
271 704 340 775 μὴ
362 704 428 758 τά
449 701 586 757 αὐτὰ
607 703 730 759 καθ’
750 704 982 760 ἕκαστον
1005 704 1185 775 λέγειν
1215 709 1716 781 συναναγκασθείη-

171 814 272 869 μεν,
297 796 391 866 τὴν
410 794 677 849 ἀντίθεσιν
699 798 753 850 αί
773 796 1020 870 διάφοροι
1044 800 1271 870 χρήσεις
1300 800 1716 872 ἀπολαμὸάνου-

170 905 244 940 σαι
267 885 504 940 δοκοῦσιν
534 886 873 957 ἑκατέρωθεν
908 892 1161 961 συνιστᾷν
1190 890 1250 944 τὸ
1274 892 1712 963 προτεινόμενον.

168 980 316 1042 -Ὥς
356 980 385 1032 ὁ
426 978 737 1051 Βαπτιστὴς
770 980 1023 1053 Ἰωάννης
1054 981 1368 1056 Ὀκτωὸρίῳ
1415 986 1544 1056 μηνὶ
1588 999 1715 1039 συν-

168 1069 349 1141 ελήφθη
365 1085 380 1101 ’
414 1064 473 1125 οὗ
502 1070 563 1124 τὸ
583 1072 1072 1145 ἀντικείμενον,1ὼς
1098 1075 1198 1128 οὐκ
1228 1075 1285 1128 ἐν
1310 1075 1503 1145 τούτῳ,
1522 1077 1635 1132 ἀλλ’
1658 1079 1717 1134 ἐν

166 1161 731 1234 τῷ.Νοεμ6ρίῳ.-Ὧς
754 1166 788 1237 ή
821 1165 1081 1230 Θεοτόκος
1102 1164 1198 1239 τὴν
1232 1166 1561 1239 δεσποτικὴν
1586 1169 1716 1224 σύλ-

165 1254 304 1324 inti/tv
323 1254 378 1306 ὲν
401 1253 478 1324 τῷ
504 1254 635 1325 μηνὶ
660 1256 771 1309 τῶν
792 1257 927 1312 νέων
952 1258 1339 1331 εὐηγγελίσθη,
1356 1255 1468 1314 οἷον
1495 1261 1717 1334 Ἀπριλ-

166 1346 264 1419 λίῳ,
288 1346 628 1419 ὃν⁹Ε6ραίοι²
656 1349 869 1404 Νισάν³
900 1351 1156 1407 καλοῦσι’
1192 1354 1379 1408 τέτοκε
1408 1354 1465 1409 δὲ
1494 1356 1586 1410 τὸν
1608 1356 1717 1410 Κύ-

167 1456 265 1511 ριον
287 1440 434 1510 ήμῶν
449 1441 657 1511 Ἰησοῦν
674 1443 906 1515 Χριστὸν
923 1446 1110 1516 μηνῶν
1133 1449 1589 1506 συντελεσθέντων
1604 1450 1625 1482 ⁸
1647 1451 1713 1520 θ’,

166 1530 407 1584 τουτέστιν
423 1532 737 1606 Ἰανουαρίῳ
781 1543 843 1602 ε’,
892 1537 1033 1592 κατά
1073 1538 1135 1593 τὸ
1166 1541 1333 1612 μέσον
1378 1544 1478 1616 τῆς
1523 1547 1717 1610 νυκτὸς

164 1623 267 1692 ἥτις
302 1622 413 1675 ἐστὶ
461 1626 570 1695 πρὸ
618 1627 762 1680 ὀκτὼ
791 1628 944 1682 εἰδῶν
960 1631 1328 1705 Ἰανουαρίων·
1364 1636 1499 1690 τὸδὲ
1523 1637 1714 1690 τούτου

165 1714 532 1784 ἀντικείμενον,
560 1715 680 1790 [471
717 1719 809 1792 Η.]
847 1722 922 1787 ὡς
949 1724 1049 1778 οὐκ
1078 1726 1135 1778 ἐν
1161 1725 1529 1800 τῷ¹είρημένῳ
1559 1729 1712 1800 μηνὶ,

164 1804 259 1860 ἀλλ’
283 1808 335 1859 ὲν
358 1807 589 1884 πέμπτῃ
621 1813 713 1865 καὶ
744 1814 919 1869 είκάδι
944 1816 1037 1871 τοῦ
1060 1819 1308 1891 Μαρτίου
1328 1821 1710 1894 εὐηγγελίσθη,

1818 609 1885 665 Ει
1928 612 1982 667 in
2013 613 2131 668 aliis
2154 612 2441 684 capitibus,
2477 628 2543 668 ne
2566 614 2618 669 in
2649 614 2874 680 singulis
2903 616 3093 672 eadem
3145 630 3403 701 repeterq

1818 696 2092 777 eogamnr,
2137 705 2447 761 testimonia
2480 706 2696 762 diversa
2745 707 3080 763 contrarium
3143 696 3397 767 asseren-Q

1819 796 1927 861 tia,
1990 797 2245 853 videntur
2291 808 2578 869 utrumque
2624 797 2888 868 prolatum
2934 799 3285 855 conﬁrmare.
3326 832 3399 846 —-

1820 878 2060 943 Joannes
2091 887 2333 958 Baptista
2364 888 2581 945 Octobri
2615 902 2797 942 mense
2827 899 3117 956 conceptus
3160 900 3267 956 est,
3302 907 3399 945 cn-

1812 980 1901 1049 jus
1931 981 2288 1047 contrarium,
2330 998 2436 1036 non
2466 982 2520 1036 in
2552 982 2674 1046 hoc,
2705 982 2798 1035 sed
2839 978 3153 1036 Novembri.
3180 1011 3251 1022 —-
3274 982 3399 1038 Dei-

1818 1087 1949 1143 para
2020 1073 2309 1128 Dominicae
2364 1073 2736 1143 conceptionis
2781 1074 2833 1126 in
2887 1087 3072 1128 mense
3127 1073 3396 1129 Novorum

1818 1166 2293 1220 annuntiationem
2343 1166 2571 1236 accepit,
2604 1166 2857 1221 nimirum
2881 1164 3071 1235 Aprili,
3101 1181 3262 1236 quem
3287 1166 3398 1224 He-

1819 1252 1947 1311 braei
1991 1256 2171 1311 Nisam
2236 1258 2437 1329 288a
2478 1259 2683 1325 dicunt,
2714 1260 2922 1329 peperit
2948 1273 3075 1313 vero
3108 1258 3397 1315 hominum

1819 1358 2063 1404 nostrum
2092 1347 2275 1404 Jesum
2305 1350 2580 1405 Christum
2616 1350 2893 1405 mensibus
2917 1364 3110 1405 novem
3132 1349 3390 1416 evolutis,

1820 1441 1922 1497 hoc
1972 1452 2056 1498 est
2086 1444 2274 1512 quinto
2317 1440 2612 1509 Januario,
2670 1443 2848 1498 media
2894 1452 3068 1506 nocte,
3144 1458 3265 1513 qua:
3312 1452 3400 1499 est

1819 1548 2009 1613 octavo
2037 1538 2159 1594 ldns
2194 1536 2487 1594 Januarias
2521 1556 2537 1606 ;
2581 1539 2708 1594 huic
2741 1540 2928 1609 opinio
2956 1541 3255 1606 contraria,
3285 1555 3396 1595 non

1820 1630 1874 1686 in
1931 1631 2020 1686 illo
2072 1647 2280 1696 mense,
2337 1647 2497 1701 quem
2559 1630 2820 1700 diximus,
2877 1632 2975 1686 sed
3014 1632 3102 1687 die
3138 1632 3397 1686 vicesimo

1820 1722 2008 1791 quinto
2026 1722 2202 1779 Martii
2226 1724 2696 1778 annnntiationem
2717 1724 3011 1794 accepisse.
3040 1734 3096 1780 et
3120 1724 3397 1796 peperisse

1821 1812 2154 1869 Salvatorem
2197 1831 2303 1871 non
2337 1815 2531 1886 quinto
2562 1814 2828 1883 Januarii,
2859 1818 2951 1869 sed
2971 1826 3163 1873 octavo
3194 1817 3394 1873 Kalen~

164 1897 328 1969 ὲτέχθη
350 1898 403 1951 δὲ
424 1902 451 1953 ὁ
470 1901 664 1975 Σωτὴρ
686 1904 842 1975 ήμῶν
865 1910 965 1969 οὐκ
984 1909 1295 1984 Ἰανουαρίῳ
1318 1914 1566 1989 πέμπτῃ,
1582 1915 1712 1969 ἀλλὰ

1820 1906 2009 1961 darnm
2059 1905 2321 1961 Januarii.
2369 1937 2438 1948 --
2468 1907 2525 1961 ln
2557 1908 2953 1963 resurrectione
2992 1909 3132 1965 idem
3172 1910 3396 1966 omnino

163 1990 251 2061 πρὸ
270 1988 404 2043 ὀκτὼ
422 1993 703 2051 καλανδῶν
718 1999 1284 2073 Ἰανουαρίων.-⁸Ὀτι
1310 2006 1367 2059 ἐν
1392 2010 1457 2078 τῇ
1480 1988 1716 2064 ἀναστά-

164 2097 231 2132 σει
264 2079 319 2132 τὸ
347 2083 513 2136 αὐτὸ⁵
547 2085 709 2158 σῶμα
742 2091 886 2145 κατὰ
911 2092 1111 2161 πάντα,
1141 2094 1170 2148 ὃ
1201 2096 1296 2150 καὶ
1337 2097 1432 2152 νῦν
1473 2100 1717 2174 περικεί-

163 2172 726 2249 μεθα,ἀποληψόμεθα,
746 2183 1017 2254 μηδεμίαν
1035 2187 1299 2260 διαφορὰν
1319 2190 1411 2243 ἐπὶ
1424 2191 1485 2244 τὸ
1503 2172 1715 2267 άιρθαρ-

160 2281 236 2316 τον
273 2268 731 2340 προσειληφότεςο
764 2276 860 2328 καὶ
905 2276 966 2330 τὸ
1011 2277 1403 2353 ἀντικείμενον,
1427 2283 1502 2349 ὡς
1551 2286 1612 2339 οὐ
1652 2285 1715 2342 τὸ

159 2356 271 2410 αὐτὸ
299 2357 453 2429 σῶμα
482 2362 563 2433 τῷ
597 2362 691 2417 νῦν
720 2365 1108 2441 ἀναληψόμεθα
1129 2371 1490 2449 φθειρομένῳ.
1516 2378 1712 2434 -Ὅτι

158 2450 205 2501 ὲν
230 2449 300 2521 τῷ
326 2452 469 2524 αὐτῷ
500 2457 742 2527 σχήματι
775 2461 1222 2534 ἀναστησόμεθα⁸
1252 2469 1349 2524 καὶ
1396 2470 1477 2525 ὅτι
1524 2476 1624 2527 οὐκ
1653 2475 1712 2531 ὲν

157 2540 222 2612 τῷ
248 2542 403 2614 αὐτῷ,
434 2545 551 2599 ἀλλ’
574 2549 634 2600 ὲν
668 2550 1060 2623 ἐτέρῳ.-Ὄτι
1086 2556 1207 2611 καθ’
1234 2558 1301 2631 ῆν
1331 2560 1547 2632 ήλικίαν
1583 2563 1714 2618 ἕκα-

159 2647 262 2695 στος
287 2633 383 2727 τὸν
399 2634 513 2727 βίον
543 2639 898 2711 μετήλλαξεν,
929 2645 1070 2699 κατά
1099 2646 1303 2721 ταύτην
1335 2651 1425 2705 καὶ
1470 2653 1710 2727 ἀναστή-

159 2738 314 2777 σεται’
344 2725 401 2779 τὸ
425 2726 481 2780 δὲ
510 2728 907 2802 ἀντικείμενον,
926 2735 1007 2788 ὅτι
1033 2737 1131 2809 οὐχ
1158 2739 1351 2806 οὕτως,
1370 2742 1505 2798 άλλά
1530 2746 1621 2799 καὶ
1642 2725 1711 2800 τὰ

156 2816 319 2871 παιδία
359 2818 417 2872 ὲν
465 2821 660 2895 τελείῳ
707 2826 947 2896 σχήματι
1004 2830 1421 2903 ἀναστήσονται,
1476 2836 1572 2890 καὶ
1611 2838 1711 2892 οὐκ

156 2907 325 2979 ἁθρόον
366 2912 592 2979 πάντες,
630 2915 766 2970 ἀλλά
795 2920 945 2991 παρά
976 2923 1363 2995 μέρος.-Ὅτι
1393 2926 1587 2981 λεπτὸν
1615 2931 1711 2984 καὶ

156 3000 364 3069 ἀερῶδες
392 3005 488 3058 καὶ
514 3007 761 3079 αἰθέριον
788 3011 883 3065 καὶ
910 3016 1279 3085 πνευματικὸν
1310 3018 1369 3071 ὲν
1412 3020 1493 3091 τῷ
1534 3021 1709 3095 καιρῷ

154 3097 235 3166 τῆς
261 3100 604 3167 ἀναστάσεως
634 3105 1026 3178 ἀποληψόμεθα
1064 3110 1126 3164 τὸ
1152 3111 1311 3184 σῶμα
1333 3130 1349 3145 ’
1386 3114 1481 3169 καὶ
1519 3116 1600 3171 ὄτι
1646 3118 1708 3172 οὐ

1820 2011 2011 2066 corpus
2059 2013 2165 2068 quo
2218 2013 2361 2053 nunc
2408 1998 2721 2064 induimur,
2775 2015 3146 2065 assumemus,
3190 2002 3393 2058 nullam

1819 2092 2171 2147 mutationem
2202 2093 2253 2147 in
2282 2092 2693 2162 incorruptibile
2713 2104 3091 2161 assumentes;
3117 2103 3171 2152 et
3201 2110 3231 2151 e
3257 2111 3394 2152 con-

1819 2184 2007 2250 trario,
2044 2200 2149 2239 non
2193 2184 2549 2255 corruptibile
2575 2185 2679 2241 hoc
2722 2184 2862 2241 idem
2892 2201 2990 2242 nos
3018 2201 3219 2257 corpus
3239 2202 3396 2243 assu-

1815 2292 2046 2333 memus.
2070 2306 2143 2317 —
2162 2275 2359 2334 Eadem
2388 2277 2561 2333 forma
2591 2293 2959 2350 resurgemus,
2981 2287 3035 2334 et
3051 2293 3156 2334 non
3181 2278 3392 2342 eadem.

1815 2369 1910 2423 sed
1960 2368 2182 2424 aiia.—
2212 2366 2329 2435 Qua
2379 2376 2540 2424 aetate
2590 2368 2716 2439 quis
2771 2375 3019 2423 mortuus
3049 2377 3151 2432 est,
3204 2369 3391 2425 eadem

1813 2468 2097 2531 resurget;
2127 2460 2484 2527 contrarium,
2514 2474 2618 2515 non
2645 2459 2741 2527 ita,
2774 2460 2866 2515 sed
2900 2460 3053 2529 pueri
3079 2460 3130 2515 in
3155 2460 3393 2531 perfecta

1814 2562 2025 2609 statura
2062 2562 2368 2625 resnrgent,
2423 2562 2479 2607 et
2522 2552 2829 2608 non'simnl
2876 2568 3086 2619 omnes,
3129 2553 3223 2608 sed
3251 2554 3394 2608 divi-

1806 2642 1935 2723 sim.
1970 2644 2271 2708 —Tenue,
2318 2644 2565 2711 aerium,
2624 2644 2906 2700 aetherium
2937 2687 2951 2711 ,
3008 2656 3063 2700 et
3114 2646 3397 2714 spirituale

1813 2744 2057 2805 tempore
2126 2735 2545 2790 resurrectionis
2626 2750 2824 2804 corpus
2892 2751 3271 2805 assumemus;
3339 2748 3395 2792 et

1811 2843 1916 2881 non
1976 2827 2123 2893 hoc,
2190 2827 2283 2883 sed
2346 2837 2626 2894 terreum,
2694 2829 2962 2894 densum,
3011 2837 3065 2883 et
3130 2828 3388 2882 solidum.

1810 2917 2077 2974 Deitatcm
2132 2918 2369 2973 humana
2430 2933 2554 2974 esse
2602 2917 2800 2985 forma,
2857 2927 2911 2974 et
2964 2918 3301 2981 animatam;
3336 2928 3389 2973 et

1811 3013 1941 3067 illud
1991 3012 2058 3066 ad
2110 3010 2400 3082 imaginem
2458 3024 2778 3079 corpoream
2814 3010 3044 3080 ﬁguram
3080 3011 3389 3074 ostendere,

1810 3120 1916 3175 qua
1945 3114 2000 3159 et
2039 3104 2202 3158 homo
2231 3104 2297 3157 ad
2323 3102 2678 3157 imitationem
2712 3101 2995 3173 archetypi
3013 3102 3262 3157 conditus
3288 3117 3389 3157 est.

154 3189 385 3258 τοιοῦτον,
409 3194 547 3251 ἀλλά
595 3198 781 3268 γήϊνον
827 3200 923 3253 καὶ
971 3204 1121 3273 παχὺ
1163 3206 1258 3258 καὶ
1308 3207 1710 3263 ἀντίτυπον.-

1815 3196 2052 3268 Angelos
2084 3196 2288 3251 habere
2329 3209 2561 3264 corpora
2601 3194 2842 3264 ejusdem
2881 3195 3086 3264 ﬁgurae,
3119 3212 3223 3265 qua
3266 3208 3393 3250 sunt

155 3281 263 3353 [895
292 3286 333 3339 R
360 3285 378 3358 j
411 3288 533 3342 Ὅτι
575 3290 635 3342 τὸ
654 3267 802 3345 θεῖον
834 3267 1299 3368 ἀνθρωπδμορφον
1325 3300 1417 3352 καὶ
1442 3300 1706 3374 ἔμψυχον.

1814 3267 2115 3355 hominum,
2152 3297 2207 3342 et
2237 3302 2267 3342 e
2295 3286 2476 3341 divina
2494 3286 2793 3341 substantia
2831 3285 3064 3340 animam
3098 3287 3388 3341 lmmanam

154 3377 231 3427 καὶ
249 3378 323 3430 ὅτι
344 3380 403 3431 τὸ
425 3381 549 3435 κατ’
564 3383 749 3435 εἰκόνα
771 3384 832 3437 τὸ
857 3387 1162 3457 σωματικὸν
1183 3394 1367 3462 σχῆμα
1387 3392 1553 3464 δηλοῖ,
1576 3396 1681 3449 καθ
1698 3396 1713 3418 ’

151 3468 281 3523 Exul
304 3470 329 3521 ὁ
360 3473 651 3547 ἅνθρωπος
680 3477 819 3547 πρὸς
860 3483 1093 3552 μίμησιν
1124 3482 1217 3536 τοῦ
1253 3484 1563 3556 ἀρχετύπου
1593 3489 1712 3543 δια-

153 3564 454 3631 πέπλασται,
491 3569 589 3621 καὶ
631 3568 709 3633 ὡς
752 3571 799 3623 oi
852 3572 1076 3642 ἄγγελοι
1123 3575 1349 3646 σώματά
1393 3596 1453 3632 τε
1497 3580 1712 3651 ἔχουσιν

152 3656 468 3729 ὀμοιόσχημα
498 3660 609 3715 τῶν
636 3662 992 3734 ἀνθρωπίνων
1018 3666 1304 3737 σωμάτων,
1322 3671 1415 3725 καὶ
1435 3671 1511 3735 ὡς
1527 3672 1593 3726 ὲκ
1610 3673 1711 3743 τῆς

151 3747 283 3814 θείας
308 3752 492 3816 οὐσίας
523 3755 557 3824 ή
590 3753 902 3827 ἀνθρωπίνη
949 3759 1282 3829 προελήλυθε
1307 3761 1485 3834 ψυχή’
1523 3766 1617 3819 καὶ
1642 3766 1712 3820 τὰ

150 3844 479 3915 ἀντικείμενα
512 3848 744 3913 τούτοις.
776 3848 850 3914 ὡς
880 3850 1004 3904 οὐτε
1049 3852 1109 3905 τὸ
1139 3854 1279 3909 θεῖον
1312 3857 1709 3930 ἀνθρωπόμορ-

150 3951 264 4000 φον,
295 3936 414 3990 οὔτε
465 3939 605 4002 ὅλως
636 3941 1140 4013 ἐσχηματισμένον,
1173 3943 1289 3998 ἀλλ’
1314 3945 1439 3998 οὔτε
1487 3946 1617 4001 ἄλλο
1657 3966 1710 4003 τι

152 4027 369 4095 πέφυκεν
397 4025 538 4084 εἶναι
584 4032 693 4085 τῶν
738 4033 1152 4105 προειρημένων
1172 4051 1184 4064 ·
1216 4036 1479 4102 ὡσαύτως
1505 4039 1562 4091 δὲ
1590 4039 1712 4094 οὐδ’

148 4118 192 4169 οἱ
213 4118 419 4187 ἄγγελοι
453 4120 704 4191 σώματα,
726 4123 841 4176 ἀλλ’
863 4124 1169 4194 ἀσώματοι,
1197 4125 1292 4179 καὶ
1322 4126 1396 4191 ὡς
1422 4129 1455 4198 ὴ
1482 4129 1590 4182 τῶν
1613 4129 1709 4182 ἁν-

150 4207 357 4278 θρώπων
388 4212 537 4286 ψυχὴ
574 4216 675 4269 οὐκ
718 4218 781 4269 ἐκ
810 4216 910 4285 τῆς
943 4216 1554 4283 θείας,οὐσίας.-Ὄτι
1583 4222 1710 4277 ἄλλο

146 4296 203 4372 ἦν
239 4306 295 4359 τὸ
343 4308 450 4379 πρὸ
492 4309 595 4376 τῆς
641 4310 1011 4380 παραϐάσεως
1057 4310 1152 4364 τοῦ
1203 4310 1494 4383 ἀνθρώπου
1525 4313 1705 4385 σῶμα,

145 4394 264 4466 ὅπερ
307 4400 402 4452 καὶ⁸
449 4400 732 4467 αὐγοειδὲς
763 4400 1009 4466 καλοῦσι,
1037 4403 1131 4456 καὶ
1160 4403 1289 4458 ἄλλο
1330 4405 1393 4457 τὸ
1440 4406 1579 4476 μετὰ
1609 4406 1709 4478 τὴν

151 4492 456 4560 παράδασιν,
484 4493 515 4546 ὃ
557 4494 677 4547 νυνὶ
719 4496 1085 4566 περικείμεθα
1117 4497 1393 4569 σάρκινον,
1424 4499 1519 4552 καὶ
1550 4498 1709 4553 τοῢτό

1813 3382 2103 3453 prodiisse.
2135 3381 2201 3436 Et
2254 3380 2341 3435 his
2399 3378 2720 3435 contraria:
2781 3379 3050 3434 Deitatem
3109 3394 3213 3433 non
3270 3396 3393 3435 esse

1813 3476 2050 3530 humana
2081 3472 2276 3537 forma,
2313 3487 2413 3527 nec
2465 3472 2693 3527 omnino
2758 3470 3070 3542 ﬁguratam,
3095 3475 3187 3526 sed
3216 3488 3393 3543 neque

1812 3566 2109 3638 quidquam
2136 3564 2281 3619 aliud
2317 3562 2700 3633 pratdictorum
2730 3572 2923 3616 natura
2946 3577 3086 3643 esse.
3129 3563 3393 3619 Similiter

1812 3676 1913 3717 nec
1946 3658 2170 3730 angelos
2192 3672 2513 3729 corporeos,
2538 3658 2632 3713 sed
2658 3656 3006 3728 incorporeos
3031 3672 3171 3720 esse.
3200 3658 3391 3712 imma-

1813 3768 2049 3823 namque
2085 3753 2324 3807 animam
2371 3766 2478 3807 non
2526 3764 2649 3807 esse
2676 3764 2708 3805 e
2734 3749 2916 3805 divina
2973 3750 3297 3805 substantia.
3320 3779 3394 3790 --

1808 3847 1968 3902 Aliud
1992 3845 2161 3901 fuisse
2204 3844 2442 3900 hominis
2466 3857 2665 3914 corpus
2703 3850 2830 3898 ante
2866 3842 3391 3912 praevaricationem,

1810 3939 1953 4010 quod
2022 3936 2363 4008 splendidum
2427 3944 2644 3999 vocant,
2693 3942 2748 3991 et
2805 3934 2953 3989 aliud
3011 3944 3135 4004 post
3211 3944 3390 3989 trans-

1812 4031 2178 4102 gressionem,
2246 4041 2507 4083 carneum
2536 4026 2767 4090 scilicet,
2795 4035 2854 4080 ut
2880 4041 3022 4081 nunc
3049 4035 3134 4080 est
3176 4026 3255 4097 (et
3291 4031 3392 4081 hoc

1810 4133 1937 4179 sunt
1966 4121 2207 4195 pellicem
2234 4117 2479 4188 tunicae),
2504 4118 2650 4189 quod
2689 4117 2743 4172 in
2776 4116 3176 4172 resurrectione
3226 4118 3394 4187 depo-

1798 4232 2023 4285 nemus.
2084 4216 2152 4270 Et
2203 4230 2232 4270 e
2282 4213 2591 4279 contrario,
2646 4211 2858 4283 pellitae
2917 4211 3183 4283 (pelliceas
3239 4221 3393 4267 vetns

1811 4309 2103 4380 interpres)
2139 4308 2350 4363 tunicas
2386 4321 2493 4361 non
2546 4319 2669 4361 esse
2697 4319 2941 4359 carnem.
2970 4334 3042 4345 —
3064 4302 3248 4358 Primo
3301 4320 3390 4359 re-

1808 4388 2223 4473 surgent’justi,
2260 4406 2464 4453 etcum
2501 4396 2567 4452 iis
2596 4395 2781 4452 omnia
2815 4394 3096 4461 animalia,
3138 4394 3217 4468 [et
3248 4394 3390 4468 post]

1809 4495 1958 4553 mille
2005 4482 2176 4549 annos
2238 4491 2445 4556 vivent,
2502 4488 2647 4543 laute
2696 4488 3063 4551 comedentes,
3120 4486 3391 4550 bibentes,

147 4575 273 4632 ἐστιν
304 4584 351 4634 οἱ
379 4582 694 4653 δερμάτινοι
728 4584 974 4654 χιτῶνες,
1014 4586 1150 4658 ὅπερ
1197 4589 1292 4641 καὶ
1337 4587 1708 4661 ἀποτιθέμεθα

1813 4596 2155 4662 generantes,
2181 4593 2237 4640 et
2260 4592 2385 4654 post
2411 4583 2525 4637 haec
2563 4578 2891 4635 universalis
2918 4579 3011 4633 ﬂet
3029 4578 3389 4642 resurrectio;

148 4669 191 4719 ὲν
211 4675 270 4742 τῇ
300 4676 601 4729 ἀναστάσει
623 4693 638 4707 ·
670 4677 763 4729 καὶ
790 4678 854 4730 ἐκ
878 4677 973 4731 τοῦ
995 4678 1263 4745 ἐναντίου,
1290 4680 1373 4733 ὅτι
1401 4680 1546 4751 οὐχή
1573 4681 1710 4753 σὰρξ

146 4761 279 4829 ἡμῶν
324 4767 408 4818 οἰϐ
460 4768 777 4838 δερμάτινοι
822 4769 1312 4839 χιτῶνες.-”Οτι
1345 4772 1610 4843 πρότερον
1657 4774 1707 4826 οἱ

142 4852 316 4923 δίκαιοι
350 4860 770 4930 ἀναστήσονται,
803 4862 900 4915 καὶ
926 4864 1023 4916 σὺν
1053 4862 1237 4925 αὐτοῖς
1269 4864 1451 4919 πάντα
1472 4864 1540 4917 τὰ
1568 4862 1705 4931 ζῶα,

142 4946 221 4997 καὶ
247 4950 337 5001 ἐπὶ
368 4952 519 5020 χίλια
546 4952 640 5023 ἐτη
667 4955 1039 5024 τρυφήσουσιν
1068 4956 1373 5020 ὲσθίοντεςτ
1408 4958 1501 5011 καὶ
1522 4958 1707 5011 πίνον-

138 5051 214 5097 τες
251 5042 339 5093 καὶ
362 5041 700 5110 τεκνοῦντες,
737 5047 831 5099 καὶ
869 5047 1012 5115 μετὰ
1038 5048 1197 5102 τοῦτο
1226 5050 1258 5121 ή
1290 5049 1551 5121 καθολικὴ
1581 5053 1706 5104 ἐπι-

147 5129 372 5219 Finem:
405 5135 724 5201 ἀνάστασις·
766 5140 861 5192 καὶ
908 5140 973 5193 ὲκ
1016 5142 1109 5194 τοῦ
1138 5143 1407 5209 ἐναντίου,
1441 5143 1563 5197 ὃτιδ
1595 5144 1707 5199 τῶν

144 5216 344 5313 “ml.”
372 5226 778 5313 ’ξορανάστασις
802 5228 903 5281 οὐκ
930 5228 1096 5296 ἔστιν,
1128 5231 1247 5285 οὐδὲ
1278 5234 1311 5304 ή
1338 5233 1707 5307 χιλιονταετὴς

145 5299 324 5396 τρυφὴν
348 5299 480 5396 ὀὐδὲ
503 5313 563 5396 _°‘
594 5319 992 5396 γάμος-Ὀτι
1026 5324 1164 5391 μετά
1190 5299 1618 5396 τὴν-ἀνάστασιν
1648 5299 1706 5383 έν

146 5391 566 5490 ξιαραδςίσφτῶν
586 5394 812 5490 δξκαίων
836 5412 987 5477 επεν.
1015 5417 1050 5483 ή
1070 5391 1342 5490 διατριϐὴ,
1378 5420 1473 5473 καὶ
1498 5421 1580 5475 ὅτι
1605 5422 1705 5474 οὐκ

148 5479 199 5536 ὲν
224 5485 551 5560 παραδείσῳ,
580 5488 698 5543 ἀλλ’
729 5492 787 5547 ὲν
813 5496 925 5559 τοῖς
949 5479 1221 5570 οὐρανοῖς,
1247 5479 1339 5563 καί
1360 5511 1437 5575 ὡς
1469 5514 1497 5567 ὁ
1529 5514 1742 5585 παράο,

1802 4692 1871 4755 ,ει
1898 4696 1928 4736 e
1958 4679 2257 4742 contrario,
2305 4688 2483 4745 neque
2514 4672 2794 4743 justorum
2839 4670 3110 4742 praecedet
3143 4685 3393 4725 resurre-

1815 4776 1947 4841 ctio,
1964 4786 2138 4844 neque
2162 4779 2285 4842 post
2305 4768 2450 4825 mille
2474 4780 2646 4822 annos
2659 4766 2887 4831 deliciae,
2909 4779 3085 4835 neque
3114 4766 3394 4834 generatio

1800 4869 1936 4927 erit.
1975 4895 2047 4906 —
2104 4864 2234 4918 Post
2277 4860 2733 4917 resurrectionem
2785 4859 2839 4913 in
2897 4858 3150 4928 paradiso
3193 4857 3393 4929 288b

1810 4961 2083 5035 iustorum
2135 4962 2243 5012 erit
2300 4955 2681 5019 commoratio;
2746 4960 2802 5007 et
2860 4965 2966 5005 non
3031 4952 3083 5005 in
3138 4951 3396 5021 paradiso

1804 5053 1908 5119 sed
1932 5051 1981 5104 in
2016 5048 2193 5113 cmlis,
2215 5056 2269 5101 et
2295 5044 2579 5116 paradisus
2606 5058 2715 5099 non
2750 5041 2805 5096 in
2839 5041 3116 5107 caalo,nec
3139 5042 3191 5097 in
3226 5050 3393 5111 terra,

1806 5144 1906 5209 sed
1940 5143 1991 5195 in
2024 5142 2089 5195 iis
2122 5153 2241 5209 quae
2274 5135 2555 5204 interiecta
2588 5132 3066 5204 sunt.—-Snperna
3086 5132 3392 5189 Jerusalem

1813 5245 1897 5292 est
1923 5232 2235 5305 paradisus,
2266 5237 2320 5283 et
2347 5228 2397 5282 in
2428 5227 2591 5282 tertio
2622 5224 2784 5290 ccelo,
2833 5234 2891 5280 et
2944 5225 3171 5281 arbores
3220 5225 3273 5280 in
3305 5239 3393 5289 eo,

1812 5343 1974 5385 sensu
2013 5324 2252 5396 praedita:
2283 5330 2435 5387 sunt,
2474 5332 2530 5376 et
2583 5318 2921 5375 intellectum
2956 5318 3161 5373 habent
3212 5328 3267 5373 et
3304 5332 3394 5374 ra-

1815 5420 2039 5481 tionem.
2074 5426 2129 5472 et
2153 5416 2317 5470 homo
2343 5422 2465 5485 post
2492 5410 2997 5481 praevaricationem
3030 5409 3156 5464 inde
3181 5408 3234 5462 in
3277 5417 3389 5461 ter-

1808 5490 1929 5571 ram
1965 5511 2177 5568 delatus
2220 5518 2327 5563 est.
2376 5505 2579 5560 Deinde
2599 5511 2654 5560 et
2683 5505 3041 5558 contrarium.
3070 5499 3385 5555 Paradisum

1405 5615 1646 5704 vanus
1688 5649 2103 5708 LECTIONES.

330 5742 380 5835 ἳῐ
414 5740 645 5835 ’ξ’,ῗζ-
682 5745 917 5835 ἶΝησᾶν
950 5751 1014 5810 Αο
1093 5753 1114 5785 ⁸
1143 5754 1356 5813 τελεσθ-
1386 5776 1446 5823 ς’.
1526 5762 1547 5793 ⁸
1581 5763 1714 5819 αὐτὸ
1735 5765 1860 5822 add.
1896 5766 1961 5821 Δ.
2035 5765 2056 5797 ⁸
2090 5762 2245 5835 ήμῶν
2266 5761 2412 5815 ἐστιν
2435 5760 2483 5812 οἱ
2522 5756 2582 5811 Β.
2655 5756 2675 5788 '-'
2705 5750 3108 5827 τρυφ.κα“ιὲσθ.
3141 5766 3201 5817 ς’.
3233 5749 3254 5783 ³
3280 5742 3387 5818 ὅτι]

147 5806 222 5863 δτι
240 5827 297 5865 τε
324 5816 390 5868 Α.
465 5818 484 5847 ⁵
514 5806 744 5871 comat.
