4066 6410
293 375 429 443 1097

1348 365 1873 434 BIBLIOTHECA.
1903 392 1973 405 -·-
2007 364 2172 431 COD.
2202 366 2536 433 CCXXXII.

3426 374 3563 443 1098

290 487 852 560 κλεισμένων.-”Οτι
880 486 910 539 ὁ
934 480 1172 556 Χριστὸς
1191 481 1293 537 ούκ
1316 482 1551 537 ἀπέθετο
1573 482 1673 552 τὴν
1694 481 1875 550 σάρκα

1987 494 2096 549 quae
2115 478 2167 533 in
2198 478 2466 549 negando,
2490 477 2674 536 carnis
2698 490 2862 535 unam
2876 488 3125 538 naturam
3178 497 3320 542 esse.
3365 485 3438 540 im
3454 503 3560 559 pu-

291 583 436 653 μετὰ
463 581 563 652 τὴν
595 579 913 640 ἀνάστασιν,
948 575 1086 630 ἀλλά
1128 575 1264 646 μετά
1286 576 1389 643 τῆς
1421 574 1623 644 σαρκὸς
1650 574 1710 627 ὲν
1730 570 1884 643 δεξιᾷ

288 672 585 737 καθέζεται
613 670 711 724 τοῦ
748 668 996 741 Πατρός⁴
1030 666 1125 720 καὶ
1150 666 1218 720 ὲκ
1243 665 1338 718 τοῦ
1366 663 1763 734 ἀντικειμένου,
1800 663 1885 729 ὡς

291 763 574 818 ἐλεύσεται
623 760 749 833 [475
779 759 873 832 Η.]
906 761 1006 832 μὲν
1036 760 1221 829 κρῖναι
1261 758 1469 822 ζῶντας
1500 756 1596 811 καὶ
1626 756 1879 827 νεκροὺς,

290 855 475 908 οὐκέτι
502 854 561 907 δὲ
595 853 776 925 σάρκα
808 851 966 923 ἔχων,
1000 850 1137 905 ἀλλά
1169 848 1561 920 θεοειδέστερον
1596 847 1778 919 σῶμα.
1812 877 1884 889 -

295 945 493 999 Ὄτιού
521 946 659 1015 μετὰ
680 944 900 1015 σαρκὸς,
930 943 1066 997 ἀλλά
1090 944 1272 1014 γυμνῇ
1292 944 1359 1013 τῇ
1388 940 1598 1011 θεότητι
1620 944 1761 995 κατᾶ
1783 941 1882 1014 τὴν

291 1038 554 1109 δευτέραν
584 1036 889 1108 παρουσίαν
918 1036 949 1088 ό
974 1036 1252 1106 Δεσπότης
1282 1034 1663 1105 παραγίνεται,
1710 1033 1884 1088 Τοῦτο

291 1126 353 1178 δὲ
377 1125 607 1196 θέμενος
636 1126 664 1177 ό
686 1124 924 1195 Γόὗαρος
952 1126 1033 1187 είς
1064 1124 1379 1192 κεφάλαιον,
1401 1124 1496 1177 καὶ
1516 1124 1747 1193 χρήσεις
1776 1141 1882 1176 πα-

294 1216 557 1288 ραγαγὼν
604 1217 765 1271 Τίτου
816 1215 1119 1269 ἐπισκόπου
1172 1215 1456 1285 Βόστρων,
1495 1213 1695 1285 μυρίας
1740 1212 1880 1285 ἔχων

294 1311 491 1379 ἐτέρας
521 1310 849 1377 συναγαγεῖν
872 1309 930 1362 αἲ
953 1307 1424 1371 κατασκευάζουσι
1449 1305 1510 1358 τὸ
1535 1306 1610 1377 μὴ
1631 1306 1673 1337 "
1695 1308 1878 1377 γυμνῇ

293 1406 365 1474 τῇ
397 1403 612 1474 θεότητι
636 1400 1039 1471 παραγενέσθαι
1066 1399 1159 1454 τὸν
1179 1400 1455 1471 Δεσπότην
1484 1399 1736 1471 Χριστὸν,
1772 1398 1882 1452 πά-

2000 572 2138 624 dens
2161 579 2265 638 est,
2298 571 2610 626 ostendens.
2645 599 2714 613 --
2738 571 2946 642 Corpus
2980 573 3331 645 impossibile,
3380 577 3561 634 invul-

1997 661 2261 717 nerabile.
2293 672 2348 717 et
2380 662 2707 732 immortale,
2759 663 2987 720 alterius
3028 676 3113 721 est
3138 668 3459 725 substantiae
3509 680 3565 726 et

1987 754 2351 823 generationis
2374 768 2536 825 quam
2573 769 2771 825 corpus
2795 765 3040 813 nostrum
3070 773 3087 811 :
3117 766 3174 812 et
3200 759 3450 813 mortalia
3507 760 3562 815 in

1989 846 2452 917 incorruptionem
2520 855 2576 901 et
2659 846 3118 903 immortalitatem
3202 850 3561 916 transeuntis,

1988 938 2343 993 mutationem
2370 938 2696 993 substantiae
2720 939 3027 994 admittunt.
3049 939 3398 1007 —-lDeﬁnitio
3428 957 3564 997 una-

1985 1040 2217 1101 qumque
2270 1031 2508 1101 perlecta
2551 1046 2799 1099 manens,
2864 1032 3208 1088 deﬁnitorum
3279 1044 3568 1090 conservat

1988 1134 2277 1179 naturam:
2325 1126 2368 1180 si
2410 1126 2534 1195 quis
2568 1139 2703 1182 vero
2730 1125 2798 1182 ab
2833 1125 2926 1181 illo
2993 1126 3195 1197 aliquid
3256 1127 3563 1195 sustulerit,

1985 1218 2104 1274 eive
2127 1218 2412 1284 addiderit,
2437 1219 2714 1274 definitum
2735 1219 3067 1275 dissolvitur.
3091 1220 3221 1275 Hatc
3248 1221 3354 1275 duo
3404 1221 3567 1290 igitur

1985 1311 2184 1378 capita,
2224 1310 2681 1379 quemadmodum
2705 1321 2759 1366 et
2784 1326 2950 1381 parva
2983 1311 3074 1364 illa
3107 1312 3263 1382 prius
3299 1312 3467 1377 dicta,
3497 1327 3566 1368 ex

1985 1417 2087 1457 ttna
2125 1410 2276 1470 parte
2304 1410 2554 1467 tantum,‘
2589 1411 2645 1456 et
2675 1394 2780 1457 no'n
2809 1418 2875 1456 ex
2918 1411 3145 1469 utraque
3193 1406 3565 1473 oppositorum

298 1512 401 1557 σας
444 1494 659 1563 παρῆκε
691 1493 788 1545 καὶ
815 1492 1073 1562 οὐδεμιᾶς
1120 1491 1392 1561 ἐμνήσθη,
1427 1491 1702 1561 πανταχοῦ
1746 1508 1882 1561 προ-

1987 1494 2310 1549 testimoniis
2369 1494 2712 1549 muniuntur.
2781 1494 2928 1549 Deus
2997 1493 3228 1549 Verbum
3288 1503 3429 1550 totus
3482 1504 3568 1551 est

299 1586 560 1654 πηδῶσαν
582 1584 749 1638 αὑτοῦ
779 1583 876 1653 τῆς
908 1584 1087 1654 ψυχῆς
1123 1582 1432 1645 ἐπιδεικνὺς
1470 1584 1571 1653 τὴν
1602 1581 1880 1648 ἀσέϐειαν,

1987 1588 2038 1641 in
2065 1588 2305 1654 omni,et
2342 1602 2508 1656 super
2537 1601 2720 1650 omne,
2739 1597 2795 1641 et
2843 1595 2987 1642 totus
3048 1596 3132 1641 est
3174 1600 3403 1656 corpore
3424 1586 3567 1656 quod

294 1679 428 1747 ἥτις
459 1678 516 1728 ἐν
544 1679 609 1746 τῇ
637 1676 945 1745 ἀπαρνήσει
970 1675 1070 1745 τῆς
1094 1674 1300 1745 σαρκὸς
1333 1674 1461 1744 μίαν
1476 1674 1645 1742 φύσιν
1676 1674 1880 1743 δογμα-

1987 1679 2084 1733 sibi
2122 1680 2460 1750 bypostatice
2530 1678 2800 1745 adunivit,
2823 1687 2877 1733 et
2906 1678 3227 1748 simpliciter
3268 1679 3571 1735 divinitatis

294 1769 469 1833 τίζειν
489 1767 1055 1822 ἀναιδεύεται.-⁶Ὀτι
1073 1767 1135 1820 τὸ
1162 1766 1373 1831 ἀπαθὲς
1397 1767 1497 1821 καὶ
1523 1766 1766 1839 ἄτρωτον
1785 1766 1882 1821 καὶ

1987 1768 2294 1824 substantia
2342 1780 2453 1825 tum
2491 1780 2707 1834 natura,
2736 1784 2859 1825 cum
2902 1769 3102 1823 virtute
3147 1778 3202 1823 et
3228 1769 3567 1839 operatione,

294 1861 564 1913 ἀθάνατον
593 1859 754 1929 σῶμα
780 1856 1118 1929 ἑτεροούσιόν
1143 1858 1188 1890 ⁸⁸
1214 1859 1328 1911 ἐστι
1352 1858 1447 1912 καὶ
1466 1858 1780 1928 έτερογενὲς
1801 1857 1878 1928 τῷ

1987 1862 2162 1915 omnia
2182 1860 2437 1931 complet,
2460 1872 2515 1915 et
2537 1875 2630 1929 per
2660 1861 2874 1931 singula
2893 1869 3072 1915 creata
3117 1859 3570 1916 communicando

294 1953 553 2023 ἡμετέρῳ
583 1950 836 2022 σώματι·
874 1951 969 2004 καὶ
1011 1952 1095 2004 ὅτι
1144 1950 1215 2004 τὰ
1263 1950 1479 2020 φθαρτὰ
1503 1951 1543 1982 ¹⁰
1578 1951 1673 2004 καλ⁸
1716 1950 1885 2019 θνητά

1990 1967 2049 2007 se
2081 1954 2147 2008 ad
2182 1954 2495 2008 universum
2526 1955 2739 2008 transit.
2773 1951 2842 2006 Et
2874 1967 2981 2007 non
3027 1952 3121 2006 ita.
3150 1951 3294 2007 Deus
3319 1967 3416 2006 sua
3441 1952 3569 2007 sub-

295 2046 379 2106 είς
402 2042 714 2115 ἀφθαρσίαν
740 2043 836 2096 καὶ
867 2042 1166 2097 ἀθανασίαν
1201 2042 1601 2112 μεταϐάλλοντα
1623 2040 1722 2113 τὴν
1752 2043 1885 2094 κατ³

1989 2045 2190 2099 stantia
2219 2053 2302 2098 est
2322 2055 2477 2099 extra
2515 2044 2853 2111 universum,
2885 2044 2937 2098 in
2991 2045 3247 2099 omnibus
3300 2058 3430 2098 vero
3456 2044 3572 2099 suis

295 2139 488 2191 οὐσίαν
518 2136 727 2209 τροπὴν
752 2134 1285 2205 ὲπιδέχεται.-”οτι
1310 2132 1541 2196 ἕκαστος
1561 2134 1685 2203 ὅρος
1712 2132 1885 2202 μένων

1988 2148 2071 2192 est
2103 2136 2415 2193 virtutibus.
2442 2138 2669 2192 -—-Ante
2723 2139 2907 2193 mundi
2938 2139 3265 2193 creationem
3308 2136 3449 2193 Deus
3472 2153 3572 2192 an—

294 2228 523 2295 ὲντελὴς
564 2227 663 2296 τὴν
706 2225 815 2279 τῶν
863 2223 1099 2297 ὁριστῶν
1129 2221 1383 2288 διασώζει
1413 2221 1574 2292 φύσιν
1594 2239 1609 2253 ·
1639 2224 1687 2275 εἰ
1718 2221 1774 2275 δέ
1800 2239 1885 2286 τις

1989 2228 2135 2295 gelos
2168 2230 2391 2282 creavit.
2418 2226 2481 2281 Et
2500 2243 2605 2281 non
2625 2229 2835 2293 sic,sed
2856 2229 3033 2297 primo
3054 2230 3143 2282 die
3166 2242 3276 2297 quo
3302 2227 3562 2282 mundum

294 2318 489 2372 τούτου
517 2318 704 2387 ἀφέλοι
731 2334 787 2370 τι
818 2316 853 2388 ἢ
885 2316 1208 2387 προσθήσει,
1240 2314 1300 2367 τδ
1326 2314 1538 2386 ὁριστὸν
1577 2312 1873 2367 διαλύεται.

1987 2314 2205 2370 lecit.-—
2227 2316 2422 2388 28θὸ
2447 2316 2635 2387 Angeli
2658 2326 2715 2371 et
2741 2317 3011 2374 daemones
3036 2319 3352 2389 corporibus
3378 2318 3574 2372 uniun-

295 2412 488 2466 Ταῦτα
508 2413 687 2467 τοίνυν
708 2411 776 2466 τὰ
794 2411 892 2466 δύο
912 2411 1205 2481 κεφάλαια,
1220 2411 1411 2482 ὥσπερ
1434 2409 1529 2464 καὶ
1547 2409 1617 2463 τὰ
1639 2409 1820 2481 μικρῷ
1832 2409 1878 2442 ’⁸

1991 2415 2106 2470 tur,
2137 2416 2193 2462 et
2222 2418 2435 2473 contra,
2461 2411 2637 2462 neutri
2658 2408 2848 2463 borum
2875 2411 3193 2480 corporibus
3218 2410 3572 2463 uniuntur.——

294 2504 538 2575 πρόσθεν
563 2504 850 2577 εἰρημένα,
881 2503 1199 2576 μονομερῶς
1224 2504 1321 2557 καὶ
1368 2503 1470 2557 οὐκ
1519 2500 1581 2568 ἐξ
1614 2502 1883 2574 ἑκατέρου

1989 2499 2181 2572 Angeli
2196 2507 2250 2555 et
2265 2499 2555 2555 rationales
2577 2502 2793 2567 animae,
2816 2510 2872 2556 et
2889 2516 3079 2559 omnes
3091 2512 3353 2558 creatura:
3373 2502 3575 2557 intelli.

294 2600 411 2653 τῶν
438 2597 829 2669 ἀντικειμένων
855 2597 957 2660 τὰς
983 2596 1209 2667 χρήσεις
1246 2593 1719 2659 ὲδέξαντο.-Ὄτι
1738 2596 1768 2649 ό
1789 2594 1884 2649 τοῦ

1991 2592 2205 2663 gibiles,
2227 2599 2418 2646 natura
2443 2592 2583 2661 ipsa,
2602 2601 2659 2647 et
2678 2594 2972 2647 secundum
2988 2602 3238 2649 naturam
3259 2594 3577 2662 incorrupti-

296 2690 439 2744 Θεοῦ
462 2691 636 2759 Λόγος
668 2691 787 2753 ὅλος
818 2688 967 2743 ἐστὶν
997 2688 1055 2741 έν
1080 2686 1159 2757 τῷ
1192 2687 1359 2741 παντὶ
1391 2687 1485 2741 καὶ
1505 2685 1649 2757 ὑπὲρ
1668 2685 1731 2740 τὸ
1750 2688 1883 2753 πᾶν,

1992 2683 2125 2738 biles
2142 2693 2209 2737 .et
2238 2682 2572 2738 immortales
2584 2692 2727 2738 sunt.
2753 2684 2820 2738 Et
2843 2701 2873 2739 e
2899 2687 3194 2749 contrario,
3218 2700 3322 2739 non
3352 2693 3573 2750 natura,

296 2783 396 2836 ml
418 2772 713 2845 δλοςέστὶν
729 2783 773 2815 ³⁸
810 2784 869 2836 ἒν
932 2780 1013 2852 τῷ
1064 2780 1277 2849 σώματι
1329 2777 1358 2832 ὃ
1417 2777 1540 2832 καθ’
1594 2778 1885 2832 ὑπόστασιν

2000 2778 2092 2832 sed
2111 2778 2285 2847 gratia
2304 2785 2430 2832 sunt
2459 2776 2821 2843 immortales;
2852 2788 3041 2831 natura
3072 2792 3201 2831 vero
3225 2776 3373 2831 solus
3410 2777 3573 2830 Deus.

292 2878 510 2948 ἥνωσεν
541 2875 720 2946 ἑαυτῷ
741 2888 759 2906 ⁶
806 2876 900 2929 καὶ
943 2874 1128 2936 ἁπλῶς
1171 2874 1206 2943 ἡ
1239 2874 1339 2941 τῆς
1367 2870 1618 2944 θεότητος
1660 2871 1817 2926 οὐσία
1850 2872 1942 2925 καὶ
1980 2871 2140 2939 φύσει
2166 2871 2261 2923 καὶ
2290 2872 2357 2941 τῇ
2384 2869 2613 2939 δυνάμει
2639 2868 2735 2923 καὶ
2752 2871 2821 2940 τῇ
2856 2868 3108 2940 ἐνεργείᾳ
3136 2868 3315 2922 πάντα
3352 2868 3572 2939 πληροῖ,

294 2970 396 3024 καὶ
412 2966 482 3023 δι’
501 2969 734 3022 ἑκάστου
760 2970 868 3023 τῶν
897 2969 1067 3023 ὄντων
1092 2968 1251 3022 δίεισι
1277 2970 1345 3039 τῇ
1374 2966 1511 3036 πρὸς
1530 2966 1590 3019 τὸ
1612 2967 1720 3019 πᾶν
1742 2963 2063 3035 ἀνακράσει.
2097 2962 2211 3016 Καὶ
2236 2962 2319 3016 ὅτι
2348 2961 2447 3031 οὐχ
2475 2959 2643 3023 οὕτως
2667 2998 2683 3023 ,
2713 2960 2829 3014 ἀλλ’
2893 2959 2921 3012 ὁ
2986 2960 3119 3024 Θεὸς
3177 2960 3337 3024 ἐκτός
3395 2962 3576 3016 seu"

293 3060 397 3115 τοῦ
429 3062 628 3125 παντὸς
652 3060 774 3115 κατ’
806 3060 1015 3126 οὐσίαν,
1045 3060 1105 3115 ἒν
1136 3062 1269 3115 πᾶσι
1302 3060 1359 3115 δέ
1389 3063 1506 3114 ἐστι
1533 3062 1655 3124 ταῖς
1690 3057 1882 3113 ἑαυτοῦ
1922 3056 2234 3125 δυνάμεσιν.
2256 3054 2453 3106 -”οτι
2484 3052 2594 3124 πρὸ
2618 3052 2721 3121 τῆς
2759 3052 2853 3105 τοῦ
2884 3051 3089 3122 κόσμου
3149 3050 3417 3120 γενέσεως
3481 3052 3581 3105 καὶ

296 3158 570 3228 ἀγγέλους
595 3160 623 3214 ὁ
656 3158 790 3222 Θεὸς
819 3157 999 3212 ἔκτισε
1026 3174 1040 3190 ο
1090 3157 1186 3212 καὶ
1216 3157 1297 3212 ὅτι
1326 3158 1424 3228 οὐχ
1453 3156 1653 3222 οὕτως,
1688 3157 1802 3212 ἀλλ’
1824 3157 1884 3209 ὲν
1919 3156 1986 3225 τῇ
2019 3152 2209 3224 πρώτῃ
2236 3152 2335 3223 τῆς
2355 3151 2745 3221 κοσμογενείας
2772 3149 3175 3220 ήμέρᾳ.-’¹Οτι
3235 3148 3287 3201 οί
3352 3146 3577 3216 ἄγγελοι

297 3256 397 3307 καὶ
419 3254 467 3305 οί
491 3251 741 3322 δαίμονες
775 3249 1023 3320 σώμασιν
1049 3250 1287 3321 ἥνωνται
1308 3292 1322 3315 ,
1353 3252 1449 3305 καὶ⁹
1480 3251 1561 3304 ὅτι
1603 3249 1872 3320 οὐδέτεροι
1911 3246 2089 3302 αὐτῶν
2120 3245 2334 3315 σώμασι
2363 3242 2822 3313 ἥνωνται.-”Οτι
2844 3243 2894 3294 οί
2927 3241 3146 3310 ἄγγελοι
3177 3241 3271 3295 καὶ
3338 3241 3398 3293 αί
3489 3240 3579 3293 λο-

297 3345 460 3414 γεκαὶ
483 3344 653 3415 ψυχαὶ
677 3346 771 3398 καὶ
803 3344 982 3423 πάντα
1006 3346 1080 3400 τὰ
1107 3347 1272 3416 νοερά
1300 3348 1578 3417 κτίσματα
1601 3345 1759 3414 φύσει
1789 3346 1883 3398 καὶ
1919 3342 2062 3398 κατά
2088 3342 2251 3412 φύσιν
2280 3339 2415 3392 εἰσὶν
2447 3336 2728 3408 ἄφθαρτα·
2756 3336 2852 3390 καὶ
2885 3337 2948 3390 ὲκ
3013 3335 3110 3390 τοῦ
3177 3334 3578 3406 ἀντικειμένου,

298 3438 384 3492 ὅτι
430 3438 492 3490 οὖ
537 3437 717 3505 φύσει,
745 3436 880 3492 ἀλλὰ
926 3439 1111 3509 χάριτί
1158 3442 1295 3495 είσιν
1342 3434 1621 3503 ἀθάνατοι,
1650 3440 1810 3509 φύσει
1835 3437 1891 3492 δὲ
1932 3439 2091 3509 μόνος
2128 3438 2155 3490 ὁ
2190 3433 2345 3498 Θεός.

372 3526 394 3599 Ῐ
401 3528 501 3583 897
536 3526 628 3600 3.]
652 3528 775 3583 ’Ὁτι
810 3530 859 3583 οἱ
897 3528 1139 3598 ἄγγελοι
1168 3529 1525 3595 κατελθόντες
1555 3532 1620 3584 ὲκ
1647 3529 1756 3586 τῶν
1798 3529 1885 3583 οὺ-

2061 3526 2248 3596 Angeli
2278 3523 2668 3581 descendentes
2700 3522 2880 3578 ecoelo
2907 3522 2958 3575 in
2992 3530 3214 3587 terram,
3239 3532 3458 3575 carnem
3482 3517 3582 3571 ha-

303 3620 489 3694 ρανῶν
528 3621 611 3684 είς
663 3620 764 3690 τὴν
818 3619 923 3691 γῆν
978 3622 1158 3693 σάρκα
1174 3623 1222 3655 ⁸³
1245 3640 1303 3676 τε
1334 3621 1491 3693 ἔσχον
1542 3622 1638 3675 καὶ
1701 3622 1886 3676 παιδο-

305 3711 439 3764 ποιά
474 3711 637 3782 μόρια
675 3752 691 3776 ,
742 3710 842 3765 καὶ
893 3715 1012 3776 ταῖς
1050 3713 1300 3781 γυναιξὶν
1349 3713 1711 3785 ὁμιλήσαντες
1759 3713 1886 3776 τοὺς

304 3801 573 3870 γίγαντας
623 3804 941 3874 ἐγέννησαν,
973 3805 1068 3857 καὶ
1110 3804 1355 3869 ἐδίδαξαν
1388 3804 1583 3869 αὐτοὺς
1609 3805 1803 3875 τέχνας
1824 3822 1885 3857 τε

304 3893 400 3948 καὶ
448 3894 804 3966 κακοτεχνίας
838 3910 856 3925 “
891 3897 939 3948 οί
973 3895 1030 3949 δὲ
1062 3895 1318 3964 γίγαντες
1380 3895 1595 3964 ἀλόγοις
1636 3895 1887 3966 μιγέντες

305 3984 605 4055 ἐγέννησαν
651 3985 975 4058 τερατώδεις
1018 3987 1337 4060 ἀνθρώπους
1379 3989 1473 4042 καὶ
1507 3988 1758 4059 δαιμόνια
1786 3989 1888 4061 ἆῤ-

306 4077 440 4148 ρενά
468 4094 527 4131 τε
549 4081 640 4132 καὶ
698 4078 895 4149 θήλεαι
924 4078 1244 4143 κολάζονται
1280 4080 1337 4133 δὲ
1366 4080 1416 4133 οί
1445 4078 1669 4148 ἄγγελοι
1690 4081 1887 4133 ἐκεῖνοι

305 4168 437 4223 ἔνθα
486 4171 582 4239 τῆς
619 4170 724 4240 γῆς
757 4170 868 4243 πῦρ
900 4172 1208 4226 ἀναδίδοται
1239 4173 1334 4225 καὶ
1364 4173 1545 4244 θερμά
1563 4170 1763 4227 ὓδαταο
1793 4173 1887 4226 καλ¹

305 4262 388 4315 ὅτι
430 4264 481 4315 αἱ
537 4261 707 4333 ψυχαὶ
759 4264 869 4317 τῶν
913 4264 1251 4336 ἁμαρτωλῶν
1307 4265 1560 4335 δαιμόνια
1618 4265 1884 4334 γίνονται.

304 4352 419 4406 Καὶ
447 4356 783 4420 τούναντίον,
805 4357 889 4410 ὅτι
914 4358 1143 4427 ἀσαρκοι
1163 4358 1315 4421 ὄντες
1340 4360 1388 4412 οί
1410 4359 1888 4430 ἀποστατήσαντες

304 4442 529 4513 ἄγγελοι
577 4448 638 4500 ού
670 4449 738 4501 δι’
769 4450 1001 4517 ἑαυτῶν,
1046 4451 1183 4505 ἀλλά
1221 4452 1307 4505 διὰ
1372 4453 1554 4521 μέσων
1583 4453 1887 4525 ἀνθρώπων

305 4535 582 4607 ὲμίγησαν
632 4539 758 4603 ταῖς
806 4541 1045 4609 γυναιξὶ,
1111 4542 1313 4612 μᾶλλον
1338 4544 1395 4597 δὲ
1424 4543 1548 4597 οὔτε
1579 4545 1646 4597 δι’
1680 4545 1888 4598 ἑαυτῶν

306 4624 433 4679 οὔτε
455 4628 544 4681 διὰ
576 4627 756 4699 μέσων
807 4632 1111 4703 ἀνθρώπων
1131 4647 1147 4662 ⁶
1171 4635 1268 4688 καὶ
1320 4635 1402 4688 ὅτι
1426 4634 1487 4688 ού
1521 4634 1887 4706 μεταὸάλλου-

312 4717 461 4772 etv“
516 4720 572 4773 αἱ
621 4721 731 4776 τῶν
769 4723 1074 4795 ἀνθρώπων
1127 4725 1298 4797 ψυχαὶ
1366 4730 1445 4791 είς
1503 4726 1777 4800 δαιμόνια.
1821 4760 1889 4771 -

311 4805 440 4879 [λι-14
472 4802 563 4881 Η.]
610 4808 737 4879 ’Ότι
805 4814 834 4865 ὁ
862 4802 1097 4884 οὐρανὸς
1155 4815 1447 4887 σφαιρικός
1503 4818 1746 4871 ἐστικαὶ
1793 4817 1889 4871 κύ-

1985 3620 2238 3685 buerunt,
2288 3627 2344 3673 et
2390 3617 2665 3687 genitalia,
2692 3624 2747 3671 et
2781 3627 2901 3670 cum
2934 3612 3251 3667 mulieribus
3299 3610 3577 3666 commisti

1987 3706 2231 3782 gigantes
2261 3717 2620 3777 procrearunt
2656 3723 2671 3761 :
2715 3714 2770 3761 et
2817 3708 3116 3760 docuerunt
3155 3702 3278 3759 illos
3337 3709 3483 3757 artes
3522 3712 3579 3756 et

1987 3804 2155 3858 malas
2191 3814 2354 3856 artes.
2389 3799 2649 3870 Gigantes
2686 3811 2817 3853 vero
2860 3810 2979 3850 cum
3016 3795 3191 3851 brutis
3225 3794 3581 3865 congredien-

1990 3897 2090 3959 les,
2122 3894 2367 3948 homines
2412 3891 2747 3962 prodigiosos
2784 3903 3047 3959 genuere,
3076 3896 3129 3943 et
3167 3887 3439 3942 daemones
3469 3894 3578 3940 tam

1986 3983 2127 4038 virili
2174 3998 2337 4051 quam
2388 3981 2637 4037 muliebri
2678 3981 2877 4051 specie.
2909 3977 2989 4033 llli
3048 3977 3222 4047 angeli
3264 3979 3579 4055 puniuntur,

1990 4073 2079 4127 ubi
2116 4082 2381 4128 terrarum
2410 4071 2550 4139 ignis
2572 4071 2751 4125 editur
2783 4080 2947 4138 atque
2990 4068 3250 4138 erumpit,
3291 4078 3346 4121 et
3404 4068 3576 4121 calida

1990 4181 2151 4237 aqua.
2183 4164 2391 4218 Animae
2419 4169 2763 4231 peccatorum
2798 4159 3083 4214 daemonia
3109 4167 3255 4213 sunt.
3290 4156 3359 4213 Et
3387 4169 3577 4213 contra

1988 4273 2176 4314 omnes
2201 4256 2374 4326 angeli
2399 4254 2651 4322 rebelles,
2672 4266 2792 4308 cum
2812 4251 2928 4305 sine
2944 4265 3104 4305 carne
3128 4248 3327 4305 fuerint
3350 4264 3456 4304 non
3482 4264 3578 4319 per

1988 4369 2067 4421 se,
2098 4353 2191 4409 sed
2224 4353 2305 4408 usi
2325 4350 2643 4406 .hominibus
2675 4350 2822 4403 velut
2866 4346 3257 4407 instrumentis,
3302 4344 3583 4414 congressi-

1990 4456 2115 4503 sunt
2166 4460 2288 4502 cum
2340 4444 2576 4509 feminis;
2610 4449 2665 4497 at
2700 4442 2876 4511 potius
2912 4454 3086 4511 neque
3129 4455 3226 4511 per
3262 4454 3340 4503 se,
3398 4454 3572 4507 neque

1966 4524 2300 4594 hominibus
2358 4538 2441 4592 usi
2481 4536 2625 4591 velut
2670 4535 2879 4599 mediis,
2937 4543 3122 4588 etnon
3166 4541 3445 4586 mutantur
3475 4531 3577 4585 ho-

1989 4632 2196 4686 minum
2217 4632 2409 4685 animae
2447 4630 2500 4683 in
2526 4628 2809 4683 daemonia.
2828 4657 2901 4667 —
2923 4625 3130 4681 Casium
3154 4623 3442 4680 rotundum
3470 4632 3576 4683 est,

1956 4720 1963 4735 “
1993 4736 2165 4792 neque
2195 4722 2248 4776 in
2270 4722 2461 4777 'orbe'm
2492 4721 2743 4774 vertitur.
2768 4717 2835 4772 Et
2884 4732 2991 4773 non
3038 4726 3123 4773 est
3165 4716 3477 4781 rutundum,
3518 4726 3577 4770 et

1992 4817 2046 4872 in
2103 4818 2288 4871 orbem
2340 4810 2590 4868 vertitur.
2622 4841 2695 4853 -—
2718 4811 2833 4866 Hoc
2883 4809 3027 4879 Quod
3057 4808 3258 4863 dictum
3290 4826 3303 4862 :
3341 4806 3577 4869 Spiritus

315 4901 496 4968 κλῳ²⁸
552 4905 777 4957 κινεῖτσι
829 4918 844 4935 ⁸
883 4906 978 4959 καὶ
1021 4906 1105 4960 δτι
1157 4906 1348 4960 οΰτ⁷ε²⁶
1404 4898 1885 4980 σφαιρικός·έστιν

1992 4900 2203 4963 Domini
2246 4892 2512 4975 ferebatur
2548 4906 2706 4972 super
2729 4902 2948 4972 aquosi,
2972 4900 3060 4955 hic
3086 4898 3322 4967 Spiritus
3352 4888 3575 4954 sanctus

310 4986 433 5040 οὔτε
457 4989 501 5020 ’τ
563 4990 749 5063 κύκλῳ
791 4995 1043 5048 κινεῖται.
1110 5020 1185 5038 η-
1250 4998 1377 5051 Ὀτι
1455 4998 1517 5051 τὸ
1552 5000 1887 5069 κείρημένον,

313 5078 559 5147 Πνεῦμα
604 5081 753 5135 Θεοῦ
802 5085 1125 5154 ἐπεφέρετο
1154 5087 1354 5142 ἐπάνω
1394 5089 1504 5144 ’τοῦ
1546 5090 1786 5157 ὕδατος,
1826 5092 1890 5145 τὸ

312 5169 539 5239 Πνεῦμα
585 5170 647 5222 τὸ
700 5172 855 5241 ἆγιον
897 5173 1009 5247 ἦν’
1066 5179 1161 5232 καὶ
1234 5181 1316 5233 ὅτι
1362 5181 1429 5233 οὐ
1459 5181 1520 5234 τὸ
1553 5180 1779 5253 Πνεῦμα
1821 5182 1885 5235 τὸ

312 5258 467 5325 ἅγιον
488 5255 577 5329 ἦν,
602 5260 738 5314 ἀλλὰ
770 5263 830 5315 τὸ
854 5263 912 5317 ἓν
935 5265 1042 5318 τῶν
1058 5270 1341 5340 τεσσάρων
1363 5272 1662 5341 στοιχείων.
1678 5301 1746 5309 —
1768 5271 1891 5323 Ὅτι

309 5352 342 5419 ἡ
364 5350 603 5422 κυριακὴ
631 5352 814 5424 ἡμέρα
840 5356 1034 5430 ήαύτή
1067 5360 1216 5413 ἐστιν
1241 5362 1337 5432 ήίθ
1359 5363 1518 5435 ὀγδόη
1548 5363 1645 5417 καὶ
1676 5362 1888 5433 πρώτηο

426 5466 445 5502 ἱ
476 5463 612 5521 Gen.
643 5482 681 5533 I,
706 5467 763 5534 2,
1248 5488 1249 5491 η
1530 5490 1535 5491 ν

2000 4990 2121 5062 fuit;
2153 5005 2207 5051 et
2229 5001 2414 5051 contra
2434 4992 2674 5063 Spiritus
2704 4999 2926 5045 sanctus
2951 4988 3201 5052 nonfuit,
3234 4992 3328 5043 sed
3352 5002 3520 5043 unum
3544 5002 3581 5042 ο

1984 5097 2229 5160 quatuor
2250 5086 2549 5142 elementis.
2571 5112 2638 5125 -—
2667 5084 2791 5138 Dies
2830 5079 3141 5137 Dominicus
3184 5080 3326 5135 idem
3376 5090 3488 5145 est,
3524 5090 3582 5134 et

1990 5186 2214 5236 octavus
2239 5188 2293 5233 et
2318 5179 2523 5249 primus
2547 5192 2564 5242 ;
2592 5184 2646 5231 et
2695 5189 2799 5229 non
2850 5173 2947 5227 sic.
2972 5198 3045 5213 -
3064 5172 3273 5227 Anime
3300 5171 3579 5229 hominum

2001 5280 2123 5326 sunt
2154 5285 2381 5339 corpora
2409 5266 2797 5337 intelligibilia,
2826 5274 2881 5320 et
2896 5265 3085 5319 eadem
3110 5264 3285 5333 ﬁgura
3311 5274 3578 5332 sum,qua

1998 5364 2171 5420 forma
2187 5364 2424 5418 exterior
2454 5362 2716 5429 corporis;
2730 5368 2783 5414 et
2807 5373 2838 5415 e
2857 5359 3150 5426 contrario,
3170 5359 3481 5428 incorporea
3499 5364 3582 5411 est

1604 5558 1689 5613 VA
1699 5558 1839 5614 RIIE
1872 5559 2278 5618 LECTIONES.

384 5645 532 5726 “yv'q
565 5650 683 5726 add.
712 5652 801 5726 A.__
857 5652 899 5683 ³⁸
932 5651 1238 5726 ἑτερούσιον
1267 5669 1327 5726 ς,
1407 5652 1447 5683 ³³
1478 5650 1693 5726 φθαρτά
1739 5655 1836 5706 καί⁸
1864 5654 1984 5708 add.
2011 5655 2075 5710 A.
2153 5642 2211 5686 ’θ’
2244 5656 2414 5726 μικρὰ
2438 5673 2498 5720 ς.
2574 5658 2615 5689 ²¹
2649 5659 2796 5712 ἐστὶν
2828 5659 2857 5710 ό
2880 5658 2937 5709 ὲν
2969 5674 3008 5720 ς
3080 5657 3125 5686 ”
3157 5654 3304 5726 ἐστὶν
3328 5649 3572 5726 habs}?-

319 5719 364 5750 ”
400 5714 604 5783 σάρκας
628 5714 693 5783 Α,
766 5721 811 5752 ’⁸
850 5714 1274 5781 ιιεταὸάλλουσιν
1297 5723 1334 5773 Λ
1364 5735 1379 5773 :

1416 5721 1843 5797 μεταϐάλλονται
1872 5741 1938 5797 ς.
1983 5728 2054 5779 cf.
2083 5726 2188 5781 col.
2228 5720 2367 5782 “0'0
2398 5726 2439 5781 Β
2467 5735 2521 5781 et
2552 5726 2614 5782 C.
2691 5729 2736 5761 ²⁵
2769 5728 2864 5782 καὶ
2915 5726 3099 5797 κύκλῳ
3122 5728 3167 5781 Α
3200 5743 3212 5780 :
3242 5721 3364 5777 οὔτε
3395 5720 3579 5790 κύκλῳ

321 5805 383 5845 ς.
457 5782 502 5817 ’⁸
522 5786 603 5838 ὅτι
624 5782 749 5836 οὔτε
779 5783 823 5835 Α
852 5801 864 5837 ε
892 5784 971 5836 ὅτι
995 5791 1056 5835 οὒ
1092 5808 1151 5849 ς.
1232 5792 1273 5822 ²⁷
1305 5782 1428 5845 οὔτε
1458 5791 1503 5843 Δ
1536 5810 1547 5844 :
1582 5792 1676 5847 καὶ
1707 5808 1768 5856 ς.
1844 5782 1957 5865 ³⁸’ή
1985 5796 2178 5851 om.A.

657 5877 928 5939 ΡΑι-ιιοι.
961 5876 1076 5936 Gn.
1113 5874 1272 5939 Clll.

3064 5887 3141 5947 35
