3954 6396
496 338 632 405 1099
1632 332 1896 397 ΡΗΟΤῘΙ
1929 333 2069 395 ΡΑΤ

2169 334 2432 397 ARCH/E
2472 337 2580 399 CP.
3620 345 3735 417 11M

494 454 760 518 anima,ot
773 451 1044 525 corporeis
1056 465 1162 508 non
1179 450 1459 524 subjicitur
1473 451 1678 524 llguris.
1696 453 1979 508 —Animse
1994 454 2069 507 ho

2190 452 2284 506 καὶ
2311 455 2394 508 ὅτι
2433 455 2575 526 οὐχί.
2597 484 2666 495 -
2697 454 2818 510 Ὅτι
2860 456 3090 530 σώματά
3133 461 3240 516 εἰσι
3263 461 3427 534 νοερὰ
3454 462 3512 517 αἰ
3539 463 3647 520 τῶν
3663 468 3740 521 ἁν-

497 544 707 602 minum
747 553 873 600 ante
897 545 1078 600 mundi
1108 545 1545 600 constitutionem
1576 543 1816 607 fuerunt,
1846 553 1899 598 et
1933 541 2069 597 caeli:

2187 544 2422 617 ορὼπων
2467 547 2658 619 ψυχαὶ,
2709 550 2806 604 καὶ
2824 549 3300 627 διατετυπωμέναι
3324 556 3468 612 κατὰ
3493 555 3556 610 τὸ
3573 561 3740 626 φαινόο

502 638 558 692 in
580 649 809 704 corpora
842 637 1190 704 transierunt,
1223 646 1280 692 ut
1301 635 1478 692 Moses
1502 644 1558 691 et
1577 635 1868 706 prophetae,
1899 631 2084 688 Socra-

497 738 601 796 tes,
622 729 792 794 Plato,
813 730 1046 786 Joannes
1083 730 1343 800 Baptista,
1375 728 1841 800 apostolorumque
1867 728 2080 792 animae,

499 833 554 875 et
579 823 693 893 ipsa
719 823 882 880 etiam
900 822 1121 877 Christi.
1147 821 1212 876 Et
1234 821 1563 886 econtrario,
1579 835 1686 875 non
1709 828 1833 874 ante
1858 832 2080 888 corpora

500 913 558 968 in
594 914 735 968 coelo
763 920 920 968 erant
968 912 1242 970 hominum
1274 914 1488 976 animae,
1513 911 1606 968 sed
1626 911 1678 965 in
1703 911 1943 981 corporis
1957 919 2082 966 ortu

494 1005 871 1060 substiterunt.
918 1006 1060 1061 Ante
1080 1005 1406 1074 fuitcorpus,
1429 1003 1619 1060 deinde
1639 1003 1819 1058 anima
1843 1019 1857 1058 :
1883 1001 1963 1058 vel
1985 1018 2083 1075 po-

502 1096 630 1163 tius,
661 1109 757 1151 nec
781 1096 929 1166 prius
986 1104 1132 1162 sunt,
1163 1111 1260 1151 nec
1291 1103 1410 1166 post
1435 1102 1580 1161 sunt,
1612 1093 1708 1150 sed
1737 1093 1897 1148 simul
1945 1093 2082 1150 exsi-

503 1196 678 1242 stunt.
725 1185 936 1258 Corpus
965 1188 1154 1242 Adami
1191 1186 1317 1241 fecit
1347 1187 1486 1241 Deus
1525 1200 1557 1242 e
1606 1193 1748 1241 terra
1778 1202 1793 1241 :
1822 1193 1878 1242 et
1915 1201 2021 1241 non
2049 1200 2081 1242 e

496 1287 661 1340 terra,
690 1279 783 1334 sed
809 1293 874 1333 ex
910 1292 1046 1347 aqua
1071 1285 1124 1330 et
1153 1274 1746 1346 vento.—-Spiraculum
1769 1275 1908 1345 quod
1937 1274 2078 1331 Deus

499 1369 783 1438 inspiravit
808 1370 860 1424 in
896 1368 1086 1423 faciem
1109 1367 1300 1423 Adami
1329 1365 1717 1438 temporarium
1744 1368 1862 1434 luit,
1891 1383 1989 1424 nec
2021 1377 2078 1425 ut

488 1471 724 1515 aeternus
750 1460 1004 1528 Spiritus;
1032 1468 1086 1514 et
1121 1475 1225 1515 non
1255 1461 1637 1530 temporarium
1667 1459 1785 1526 fuit,
1841 1460 1933 1514 sed
1955 1460 2075 1514 ani-

491 1567 613 1606 mos
644 1553 841 1623 290a
868 1550 1286 1606 immortalis.—
1317 1551 1721 1616 Temporarium
1749 1552 2073 1621 spiraculum

499 1659 606 1698 non
644 1644 760 1709 luit,
789 1659 961 1713 neque
991 1644 1194 1707 anima,
1224 1645 1318 1699 sed
1349 1658 1524 1708 mens,
1555 1651 1612 1695 ut
1639 1659 1669 1698 e
1698 1644 1869 1698 tribus
1902 1642 2068 1714 parti-

496 1735 598 1791 bus
656 1735 818 1790 homo
851 1735 1232 1801 constituatur,
1266 1742 1462 1800 mente,
1501 1735 1679 1789 anima
1735 1744 1792 1789 et
1827 1749 2069 1805 corpore.

491 1827 557 1881 Et
581 1827 714 1882 nihil
751 1828 1017 1883 dictorum
1071 1827 1173 1881 fuit
1206 1825 1522 1896 inspiratum
1550 1826 1678 1881 illud
1723 1827 2070 1898 spiraculum,

488 1918 582 1972 sed
611 1916 844 1991 Spiritus
877 1927 1116 1974 sanctus.
1153 1917 1219 1971 Et
1259 1929 1366 1970 non
1402 1916 1514 1985 ipse
1541 1918 1835 1974 fuitanima
1866 1931 2073 1988 ,neque

495 2030 649 2072 mens
674 2015 992 2085 appellatus,
1013 2017 1110 2070 sed
1140 2029 1332 2071 creans
1353 2011 1876 2076 animam—Terra,
1910 2027 2070 2081 aqua,

491 2115 546 2160 et
596 2105 799 2176 reliqua
855 2107 1123 2164 elementa
1151 2116 1430 2163 mutantur
1481 2107 1532 2162 in
1576 2105 1799 2171 fructus,
1834 2116 1888 2160 et
1921 2106 2074 2175 plan-

488 2208 594 2264 tas,
640 2209 697 2254 et
765 2199 919 2255 cibus
973 2200 1028 2255 in
1085 2214 1311 2270 corpora
1378 2209 1434 2255 et
1493 2211 1710 2265 nervos,
1764 2207 1819 2252 et
1869 2196 2073 2266 reliqua

487 2291 730 2346 membra
793 2290 1058 2359 corporis.
1131 2288 1198 2346 Et
1254 2306 1286 2346 e
1359 2289 1634 2345 contrario
1689 2304 1704 2343 :
1762 2297 1905 2344 terra
1966 2302 2071 2342 non

487 2382 819 2437 convertitur
858 2382 912 2438 in
964 2382 1196 2453 plantas,
1249 2391 1303 2437 et
1348 2380 1576 2447 fructus,
1621 2396 1720 2436 nec
1757 2381 2070 2436 alimentum

485 2473 539 2526 in
561 2486 757 2542 corpus
782 2471 1251 2528 nostrum—Post
1271 2482 1497 2527 mortem
1525 2472 1703 2527 anima
1746 2487 1918 2541 neque
1945 2487 2067 2527 cor-

485 2579 606 2632 pus,
638 2577 810 2633 neque
856 2563 1163 2634 sepulcrum
1195 2565 1426 2619 excedit.
1456 2563 1523 2619 Et
1550 2578 1581 2619 e
1609 2565 1884 2620 contrario
1907 2602 1922 2628 ,
1964 2579 2070 2618 non

487 2664 668 2708 manet
695 2668 819 2708 cum
867 2668 1094 2723 corpore
1147 2655 1352 2718 anima,
1387 2669 1562 2725 neque
1588 2654 1641 2710 in
1675 2654 1941 2725 sepulcro.
1970 2654 2070 2711 llic

484 2741 630 2796 mille
658 2742 978 2797 testimoniis
994 2743 1274 2797 abundans
1296 2741 1563 2808 Gobarus,
1589 2744 1864 2800 Severiani
1893 2745 2066 2801 solum

483 2832 806 2889 Gabalorum
824 2833 1164 2899 antistitis,et
1181 2834 1366 2891 [renati
1385 2835 1891 2895 adhibuit.—-Omue
1906 2852 2072 2908 gene-

485 2937 666 2981 ratum
726 2925 1080 2996 corruptibile
1133 2937 1216 2981 est
1265 2937 1320 2981 et
1373 2927 1616 2994 mortale,
1673 2929 1946 2984 voluntate
1976 2929 2066 2983 Dei

483 3028 666 3072 lnaltel
699 3018 983 3073 insolubile
1026 3026 1080 3073 et
1113 3017 1542 3088 incorruptibile.
1571 3019 1636 3074 Et
1682 3033 1714 3075 e
1758 3022 2060 3086 contrario,

2187 653 2349 707 μενον
2397 637 2600 704 ἔξωθεν
2639 639 2736 695 τοῦ
2786 641 3041 713 σώματος
3093 648 3279 718 σχῆμα
3301 665 3318 682 ο
3377 648 3474 701 καὶ
3535 649 3601 702 hc
3661 654 3739 707 τοῦ

2182 726 2582 798 ἀντικειμένου,
2619 730 2702 785 δτι
2721 731 3013 804 άσώματός
3031 735 3182 791 ἐστιν
3209 738 3242 809 ἡ
3269 738 3417 809 ψυχὴ
3451 738 3546 793 καὶ
3575 755 3742 811 σωμα-

2181 819 2355 883 τικοῖς
2377 819 2477 891 οὐχ
2526 819 2817 876 ὑπόκειται
2867 824 3080 891 τύποις.
3101 857 3172 867 -
3197 828 3323 882 Ὀτι
3352 831 3408 882 αἰ
3429 828 3603 900 ψυχαὶ
3650 833 3738 903 πρὸ

2179 908 2282 980 τῆς
2339 908 2434 964 τοῦ
2482 909 2690 982 κόσμου
2750 913 3066 986 ὑπέστησαν
3090 918 3424 989 καταϐολῆς,
3454 920 3549 975 καὶ
3587 921 3667 975 ὅτι
3690 925 3742 978 ὲκ

2179 999 2292 1056 τῶν
2323 1001 2568 1074 οὐρανῶν
2583 1005 2663 1069 είς
2675 1005 2746 1059 τὰ
2771 1007 3002 1079 σώματα
3021 1010 3400 1082 κατέϐησανίο,
3423 1012 3616 1085 ὥσπερ
3642 1014 3743 1069 Μω-

2182 1093 2282 1164 σῆς
2335 1094 2429 1148 καλ⁵
2451 1096 2503 1149 οἰ
2532 1098 2808 1169 προφῆται
2829 1101 2924 1154 καὶ
2951 1101 3251 1173 Σωκράτης
3271 1104 3365 1157 καὶ
3401 1104 3635 1158 Πλάτων
3663 1106 3743 1162 καὶ

2178 1187 2208 1241 ό
2239 1187 2546 1259 βαπτιστὴς
2604 1188 2858 1262 Ἰωάννης
2886 1191 2981 1245 καὶ
3009 1192 3118 1247 τῶν
3142 1195 3461 1248 ἀποστόλων
3490 1196 3549 1250 αἰ
3568 1196 3742 1267 ψυχαὶ,

2177 1279 2314 1334 ἀλλὰ
2340 1280 2436 1334 καὶ
2463 1280 2600 1352 αὐτή
2617 1298 2684 1350 γε
2703 1283 2738 1354 ὴ
2766 1283 2862 1338 τοῦ
2887 1284 3116 1355 Κυρίου.
3165 1286 3279 1341 Kal
3302 1290 3367 1342 ὲκ
3397 1287 3494 1342 τοῦ
3522 1290 3744 1343 άντικεισ

2180 1369 2365 1440 μένου,
2412 1372 2495 1425 ὅτι
2529 1371 2636 1444 πρὸ
2688 1373 2798 1427 τῶν
2831 1376 3098 1445 σωμάτων
3129 1378 3230 1432 οὐκ
3263 1373 3404 1451 ἦσαν
3433 1381 3492 1432 αἰ
3517 1379 3745 1451 ψυχαὶὴ

2175 1462 2413 1534 οὐρανῷ,
2445 1463 2561 1518 ἀλλ’
2583 1465 2644 1520 ὲν
2667 1467 2736 1538 τῇ
2759 1464 2854 1519 τοῦ
2903 1467 3156 1539 σώματος
3185 1471 3398 1538 γενέσει
3421 1472 3742 1542 ὑπέστησαν,

2175 1555 2520 1626 προῦπάρχει
2558 1555 2743 1627 μέντοι
2764 1573 2830 1627 γε
2861 1557 2908 1591 ³⁸
2935 1559 2996 1613 τὸ
3019 1559 3199 1631 σῶμα,
3228 1555 3348 1616 εἶτα
3385 1563 3419 1632 ή
3449 1561 3634 1634 ψυχή·
3658 1562 3741 1633 ἢκ

2179 1645 2640 1716 μᾶλλον,ὂτιοῦτε
2669 1650 3115 1722 προῦπάρχουσιν
3134 1651 3256 1707 οὔτε
3287 1654 3740 1725 μεθυπάρχουσιν,

2177 1737 2310 1792 άλλά
2340 1740 2778 1812 συνυπάρχουσιν
2833 1742 3114 1814 ἀλλήλαις.
3133 1775 3206 1785 -
3243 1746 3366 1800 Ὅτι
3392 1746 3453 1799 τὸ
3477 1746 3642 1817 σῶμα
3660 1747 3743 1802 τοῦ

2104 1793 2147 1849 Β
2187 1829 2359 1901 ’Δδὰμ
2376 1833 2483 1888 ἀπὸ
3149 1837 3244 1891 καὶ
3264 1793 3469 1893 δτι-οῦκ

2173 1920 2289 1976 ἀλλ’
2320 1921 2381 1988 ἐξ
2443 1922 2636 1989 ὕδατος
2672 1925 2768 1980 καὶ
2808 1927 3230 1997 πνεύματος.-
3250 1929 3375 1984 Ὅτι
3408 1931 3442 2000 ἠ
3474 1927 3638 1999 πνοὴ,
3686 1931 3745 2001 ἢν

2174 2012 2506 2086 δνεφύσησεν
2525 2017 2553 2070 ό
2575 2015 2710 2081 Θεὸς
2726 2018 2806 2080 εἰς
2830 2017 2893 2070 τὸ
2913 2018 3210 2088 πρόσωπον
3237 2019 3331 2073 τοῦ
3357 2019 3559 2091 Ἀδάμ,
3592 2020 3744 2093 πρόσ-

2174 2122 2362 2177 καιρος
2381 2101 2450 2178 ἦν
2480 2107 2575 2161 καὶ
2621 2108 2720 2178 οὐχ
2742 2107 2816 2172 ὡς
2837 2108 2900 2162 τὸ
2925 2107 3150 2181 Πνεῦμα
3191 2108 3411 2165 αἰώνιον
3439 2125 3458 2142 ο
3520 2111 3624 2165 καὶ
3673 2113 3746 2168 δτι

2171 2198 2234 2252 οὐ
2263 2199 2603 2271 πρόσκαιρος
2624 2196 2715 2272 ἦν,
2748 2201 2887 2256 ἀλλὰ
2907 2203 3054 2274 ψυχὴ
3087 2203 3376 2268 ἀθάνατος.
3404 2234 3472 2248 -
3498 2205 3628 2260 Ὀτι
3668 2207 3744 2276 οὗ,

2173 2288 2510 2361 πρόσκαιρος
2529 2287 2596 2362 ἧν
2621 2289 2743 2346 οὔτε
2783 2292 2952 2364 ψυχὴ,
3013 2293 3150 2348 ἀλλά
3209 2293 3354 2359 νοῦς,
3382 2293 3460 2360 ὡς
3491 2295 3559 2350 ἑκ
3588 2297 3744 2368 τριῶν

2173 2380 2492 2448 συγκεῖσθαι
2543 2381 2727 2452 μερῶν
2773 2384 2863 2436 τὸν
2911 2381 3221 2453 ἄνθρωπον,
3249 2383 3342 2438 νοῦ
3359 2402 3420 2438 τε
3447 2385 3549 2440 καὶ
3577 2386 3742 2458 ψυχῆς

2173 2467 2268 2523 καὶ
2310 2467 2564 2540 σώματος
2586 2487 2602 2504 ο
2660 2471 2754 2525 καὶ
2802 2473 2884 2527 ὅτι
2943 2474 3097 2527 οὐδὲν
3124 2474 3234 2528 τῶν
3277 2475 3597 2555 εἰρημένων
3624 2473 3746 2550 ἦνή

2171 2558 2551 2632 ἑμφυσηθεῐσα
2599 2559 2758 2633 πνοὴ,
2809 2561 2948 2616 ἀλλὰ
2975 2562 3037 2616 τὸ
3060 2562 3284 2634 Πνεῦμα
3320 2563 3382 2618 τὸ
3428 2564 3614 2632 άγιον,
3664 2566 3747 2620 καὶ

2170 2647 2271 2701 οὐκ
2313 2647 2446 2702 αὐτὸ
2503 2647 2650 2720 ψυχὴ
2699 2648 2822 2703 οὐδὲ
2859 2648 2985 2713 νοῦς
3031 2651 3402 2722 χρηματίσαν,
3430 2653 3578 2707 ἀλλὰ
3602 2653 3741 2727 δεδη-

2174 2739 2512 2812 μιουργηκδς
2556 2741 2656 2811 τὴν
2713 2740 3150 2813 ψυχήν.-⁶ὀτι
3178 2743 3212 2814 ἡ
3237 2746 3307 2814 γῆ
3347 2746 3445 2798 καὶ
3489 2745 3556 2800 τὺ
3613 2745 3747 2819 ὕδωρ

2170 2833 2264 2886 καί
2292 2832 2362 2886 τὰ
2388 2831 2553 2886 λοιπά
2588 2833 2832 2904 στοιχεῖα
2884 2833 3211 2904 μεταϐάλλει
3259 2837 3338 2900 εἰς
3355 2837 3486 2900 τοὺς
3506 2839 3746 2910 καρποὺς

2170 2923 2355 2976 καὶτὰ
2378 2922 2541 2992 φυτά,
2573 2923 2668 2977 καὶ
2701 2925 2734 2995 ὴ
2762 2925 2939 2997 τροφὴ
2995 2928 3077 2989 εἰς
3107 2927 3285 2997 σάρκα
3313 2928 3410 2981 καὶ
3455 2929 3631 3001 νεῦρα
3660 2932 3748 2986 καὶ

2168 3014 2237 3067 τὰ
2258 3014 2421 3068 λοιπά
2458 3016 2598 3086 μέρη
2619 3014 2714 3069 τοῦ
2739 3016 2993 3087 σώματος
3017 3034 3034 3050 ο
3064 3019 3163 3072 καὶ
3195 3021 3262 3074 ἐκ
3285 3019 3383 3074 τοῦ
3435 3021 3748 3094 ἀντικειμέ-

486 3117 677 3164 natura
708 3119 1015 3178 corruptum
1050 3123 1158 3164 non
1193 3117 1370 3180 potest
1392 3109 1798 3179 incorruptibile
1820 3126 1941 3166 esse
1964 3126 2060 3166 vo-

2170 3123 2281 3167 νου.
2328 3107 2411 3160 ὅτι
2441 3108 2502 3161 οὐ
2537 3108 2862 3178 μεταϐάλλει
2897 3110 2932 3180 ἡ
2966 3110 3038 3180 γῆ
3066 3112 3146 3174 εἰς
3173 3112 3244 3167 τά
3263 3113 3308 3144 ³³
3330 3114 3480 3182 φυτά
3503 3116 3603 3170 καὶ
3631 3118 3749 3180 τοὺς

487 3199 691 3254 luntate
724 3198 838 3254 Dei.
870 3197 1152 3254 Contraria
1184 3199 1328 3253 enim
1360 3199 1633 3255 docetsibi
1667 3200 1768 3255 hoc
1792 3215 2064 3268 asserens,

483 3303 538 3348 ct
562 3291 1049 3362 impossibilitatem
1099 3288 1343 3346 Creatori
1366 3290 1626 3362 assignat.
1659 3292 1740 3347 Ad
1781 3293 1922 3347 hanc
1953 3295 2071 3362 opi-

486 3384 700 3437 nionem
735 3382 1158 3436 conﬁrmandam
1217 3381 1578 3436 testimonium
1623 3383 1839 3438 adducit
1874 3382 2067 3440 Justini

486 3475 758 3546 Martyris,
784 3474 920 3528 libro
948 3488 1057 3544 quo
1087 3475 1323 3542 gentium
1354 3488 1568 3530 errores
1599 3473 1818 3540 refutat,
1857 3485 1912 3531 et
1939 3491 2068 3531 con-

489 3576 569 3623 tra
600 3566 840 3622 Platonis
880 3574 1253 3636 argumentum
1293 3565 1522 3622 dicentis
1553 3565 1726 3622 :Cum
1762 3567 1893 3638 [acti
1919 3568 2063 3636 estis,

492 3660 812 3713 immortales
845 3675 946 3712 non
1005 3658 1154 3720 estis,
1186 3672 1348 3726 neque
1398 3657 1608 3711 omnino
1645 3657 2063 3724 indissolubiles;

483 3765 648 3821 neque
677 3750 837 3820 igitur
865 3748 1340 3813 dissolvemini,nec
1370 3749 1663 3803 moriemini
1702 3762 1885 3816 morte,
1918 3753 2063 3805 nacti

483 3843 666 3912 legem,
694 3857 808 3910 que
833 3858 945 3897 mea
1001 3839 1270 3896 voluntate
1307 3841 1500 3910 fortior
1541 3851 1640 3895 est.
1668 3843 1788 3911 Ipse
1845 3843 2060 3912 quidem

483 3933 686 4003 Ilartyr
718 3931 1054 3988 Platonicum
1092 3946 1324 4002 arguens
1356 3930 1628 4000 sophisma
1672 3933 1908 3987 ostendit
1938 3932 2061 3987 Pla-

484 4035 663 4078 tonem
695 4021 1006 4078 Creatorem
1047 4022 1333 4086 inducere,
1374 4023 1532 4093 quasi
1567 4032 1754 4078 contra
1788 4038 1847 4079 se
1885 4025 2059 4093 ipsum

484 4115 738 4185 loquatur
758 4123 810 4169 et
847 4113 1047 4168 nullam
1079 4113 1519 4181 consequentiam
1575 4113 1736 4169 dictis
1763 4115 2054 4170 adhibeat:

482 4208 566 4262 vel
596 4207 740 4263 enim
773 4220 994 4262 necesse
1016 4215 1102 4261 est
1150 4221 1310 4262 omne
1358 4214 1670 4276 generatum
1709 4207 2059 4276 corruptibile

481 4310 604 4351 esse
618 4295 910 4350 secundum
929 4295 1165 4362 priorem
1194 4292 1586 4357 definitionem,
1610 4291 1691 4347 vel
1722 4308 1844 4348 eum
1876 4294 2058 4348 dicen-

483 4387 551 4442 do
584 4401 742 4441 omne
767 4396 1079 4457 generatum
1096 4383 1446 4454 corruptibile
1470 4398 1592 4438 esse
1613 4384 1847 4440 tneutiri.
1879 4382 2054 4441 Goba-

2169 3200 2437 3269 καρποὺς,
2465 3199 2590 3253 οὔτε
2624 3202 2658 3271 ἡ
2687 3201 2864 3272 τροφὴ
2896 3203 2978 3266 εἰς
3006 3203 3067 3256 τὸ
3092 3204 3364 3277 ἡμέτερον
3418 3207 3608 3278 σῶμα.
3634 3210 3747 3262 Ὅτι

2171 3291 2314 3359 μετὰ
2367 3291 2592 3347 θάνατον
2622 3294 2826 3366 ἡψυχὴ
2877 3293 3003 3348 οὕτε
3049 3295 3146 3350 τοῦ
3196 3297 3453 3370 σώματος
3503 3301 3634 3356 οὔτε
3657 3302 3750 3356 τοῦ

2165 3385 2337 3453 τάφου
2390 3386 2681 3457 χωρίζεται
2707 3403 2722 3419 ⁸
2759 3390 2854 3442 καὶ
2886 3391 2950 3442 ὲκ
2975 3389 3069 3444 τοῦ
3120 3391 3524 3463 ἀντικειμένου,
3585 3397 3669 3450 ὅτι
3691 3397 3748 3450 οὐ

2167 3478 2474 3549 παραμένει
2499 3477 2577 3550 τῷ
2611 3477 2883 3552 σώματιὴ
2911 3480 3058 3554 Ψυχὴ
3118 3480 3243 3536 οὔτε
3279 3484 3360 3554 τῷ
3401 3487 3588 3558 τάφῳ.
3636 3489 3751 3542 Ἐν·

2165 3570 2339 3624 ταῦθα
2366 3571 2422 3623 δὲ
2447 3571 2657 3642 μυρίων
2690 3571 2941 3644 εὐπορῶν
2962 3575 2990 3626 ό
3010 3574 3250 3646 Γόϐαρος
3279 3576 3557 3647 χρήσεων,
3581 3578 3750 3650 Σεϐη-

2165 3658 2352 3732 ριανοῦ
2389 3661 2550 3729 μόνον
2574 3661 2668 3715 τοῦ
2697 3662 2956 3717 Γαϐάλων
2987 3664 3080 3717 καὶ
3141 3665 3436 3736 Εἰρηναίου
3469 3668 3747 3738 παρέθηκε

2165 3751 2504 3824 χρήσεις.-
2553 3752 2674 3806 Ὅτι
2731 3755 2841 3805 πᾶν
2903 3753 3129 3824 γενητὸν
3179 3754 3422 3826 φθαρτόν
3475 3757 3594 3811 ἐστι
3657 3753 3748 3808 καὶ

2166 3843 2378 3913 θνητὸν,
2404 3827 2658 3914 βουλῆσει
2686 3844 2743 3898 δὲ
2764 3843 2898 3898 Θεοῦ
2927 3845 3175 3914 διαμένει
3201 3845 3398 3901 ἄλυτον
3422 3847 3522 3903 καὶ
3537 3846 3750 3918 ἄφθαρ-

2161 3952 2274 3988 τον.
2333 3936 2444 3989 Καὶ
2473 3935 2538 3989 ἐκ
2567 3934 2659 3988 τοῦ
2702 3936 2970 4002 ἐναντίου,
3028 3937 3112 3990 ὅτι
3137 3937 3198 3990 τὸ
3225 3936 3386 4006 φύσει
3410 3939 3658 4010 φθαρτὸν
3684 3940 3746 3992 οὐ

2159 4023 2384 4079 δύναται
2458 4023 2740 4094 ἄφθαρτον
2779 4019 2920 4080 εἶναι
2973 4025 3225 4097 βουλήσει
3274 4026 3432 4081 Θεοῦ.
3498 4028 3751 4081 Ἐναντία

2159 4116 2269 4188 γάρ
2316 4115 2443 4190 [900
2480 4116 2574 4189 8.]
2628 4116 2839 4184 δοξάζει
2893 4117 3073 4190 ἐαυτῷ
3115 4119 3144 4171 ό
3190 4118 3348 4174 τοῦτο
3396 4119 3596 4187 λέγων,
3656 4119 3748 4171 καὶ

2157 4206 2396 4260 ἀδύνατα
2450 4207 2736 4277 χαρίζεται
2765 4208 2845 4279 τῷ
2883 4208 3233 4280 Δημιουργῷ.
3287 4208 3508 4280 Ταύτης
3544 4209 3602 4262 δὲ
3650 4209 3746 4278 τῆς

2157 4295 2315 4366 δόξης
2346 4297 2543 4368 χρῆσιν
2580 4297 2681 4369 μὲν
2703 4297 3016 4369 παρέθηκεν
3047 4297 3176 4369 [ιῖΞὶ
3196 4296 3289 4369 Η.]
3315 4300 3378 4352 ἑκ
3407 4298 3505 4353 τοῦ
3535 4298 3744 4370 μάρτυ-

2166 4403 2258 4458 ρος
2301 4389 2590 4442 ’ἰουστίνου
2623 4406 2638 4422 ο
2680 4389 2759 4460 τῷ
2821 4389 2877 4443 δὲ
2931 4391 3067 4459 πρὸς
3121 4391 3223 4462 τὴν
3271 4389 3593 4461 Ἑλληνικὴν
3651 4385 3746 4458 μιν

484 4484 594 4548 τηε,
629 4455 826 4549 gentile
843 4485 1234 4548 .argumeutum
1273 4483 1521 4531 evertens
1555 4475 1747 4530 nititur
1774 4476 1841 4530 ad
1873 4474 2059 4532 Eccle-

2169 4455 2322 4544 δόξαν
2356 4480 2712 4550 συνενήνεκτο
2731 4455 2912 4550 μάχη,
2945 4455 3040 4534 καὶ
3071 4455 3494 4544 τοῦΠλάτωνος
3528 4455 3747 4549 έλεγχος

484 4569 578 4624 sia:
610 4570 915 4639 opinionem
953 4569 1256 4624 traducere.

2169 4569 2604 4635 κατεσκευάζετο
2669 4569 2974 4639 εἰρηκότος,
3015 4571 3292 4638 Ἐπείπερ
3311 4573 3356 4604 ⁸⁸
3417 4571 3701 4643 ἐγένεσθε
3726 4607 3744 4634 ,

483 4667 765 4724 ἀθάνατοι
814 4667 932 4738 μὲν
985 4668 1098 4720 οὐκ
1163 4664 1306 4718 ἕστε
1353 4662 1497 4718 οὐδὲ
1527 4662 1740 4720 ἆλυτοι
1792 4664 2061 4736 πάμπαν,
2101 4666 2266 4721 οὗτοι
2295 4665 2341 4699 ³⁸
2367 4663 2578 4736 τομὴν
2597 4662 2948 4733 λυθήσεσθσ
2970 4665 3115 4721 οὐδὲ
3139 4665 3426 4730 τεύξεσθε
3487 4666 3748 4722 θανάτου

483 4763 711 4830 μοίρης,
746 4758 857 4828 τῆς
887 4758 1038 4829 ἐμῆς
1063 4755 1426 4824 βουλήσεως
1459 4757 1853 4828 ἰσχυροτέρου
1909 4757 2144 4829 δεσμοῦ
2163 4759 2209 4791 ³⁸
2243 4760 2561 4829 λαχόντες.
2589 4756 2702 4810 Kal
2751 4758 2782 4810 ό
2848 4757 2949 4828 μὲν
3011 4756 3241 4830 μάρτυς,
3295 4759 3356 4811 τὸ
3403 4756 3747 4812 Πλατωνικὸν

483 4854 770 4925 διελέγχων
803 4853 1062 4923 σόφισμα,
1086 4849 1420 4906 ἐπιδείκνυσι
1443 4849 1534 4903 τὸν
1572 4849 1833 4904 Πλάτωνα
1869 4852 1962 4905 τόν
1993 4868 2056 4907 τε
2095 4850 2437 4925 Δημιουργδν
2484 4849 2774 4919 εἰσάγοντα
2799 4849 3062 4904 τάναντία
3123 4849 3352 4918 λέγοντα
3416 4848 3616 4920 ἑαυτῷ,
3655 4846 3748 4901 καὶ

483 4946 672 5019 εἱρμὸν
688 4943 1004 5008 ἀκολουθίας
1026 4943 1214 4997 οὐδένα
1242 4944 1356 5007 τοῖς
1384 4941 1698 5014 εἰρημένοις
1720 4941 2052 5014 ἁρμόζοντα·
2091 4945 2128 5016 ἢ
2162 4946 2270 5016 γὰρ
2303 4942 2522 5014 ἀνάγκη
2567 4943 2720 4995 πᾶσα
2741 4940 2804 4994 τὸ
2832 4941 3059 5012 γενητὸν
3090 4939 3331 5010 φθαρτὸν
3396 4937 3537 4995 εἰναι
3601 4937 3743 4991 κατὰ

483 5043 573 5098 τδν
638 5042 903 5112 πρότερον
959 5039 1104 5110 ὅρον,
1153 5037 1519 5110 ἢψεύδεσθαι
1567 5036 1794 5106 λέγοντα
1853 5040 1963 5093 πᾶν
2027 5039 2089 5093 τὸ
2163 5038 2457 5110 γενόμενον
2512 5035 2753 5109 φθαρτὸν
2792 5029 2954 5090 εἰναι.
2985 5034 3045 5088 ὐ
3073 5033 3391 5104 δὲΓόϐαρος
3442 5029 3748 5102 τὺνἙλλη-

483 5137 628 5192 νικὸν
651 5136 872 5206 ἔλεγχον
904 5136 984 5198 εἰς
1015 5137 1327 5207 ἀνατροπὴν
1353 5132 1670 5197 ἐκϐιάζεται
1693 5133 1928 5206 χρῆσθαι
1955 5134 2051 5190 τοῦ
2093 5137 2446 5209 φρονήματος
2466 5133 2562 5188 τοῦ
2591 5129 3072 5204 ὲκκλησιαστικοῦ.

552 5227 678 5283 limo
731 5227 893 5298 igitur
946 5227 1128 5296 priora
1164 5226 1342 5296 capita
1409 5222 1620 5278 duobus
1679 5233 1733 5279 et
1769 5227 2058 5283 contrariis

2235 5224 2317 5278 Τά
2343 5223 2526 5278 τοίνυν
2574 5222 2842 5294 εἰρημένα
2877 5219 3150 5289 κεφάλαια
3203 5216 3424 5282 διπλαῖς
3467 5217 3557 5270 καὶ
3602 5218 3751 5271 άντι-

483 5320 826 5385 testimoniis,
868 5325 928 5372 ut
957 5317 1187 5387 putavit,
1235 5317 1525 5380 adornans,
1561 5317 1628 5372 ad
1654 5331 1717 5372 ea
1746 5330 1865 5386 qua:
1898 5318 2059 5373 unius

2169 5316 2448 5386 κειμέναις
2476 5315 2758 5385 χρήσεσιν,
2810 5311 2884 5376 ὼς
2908 5308 3144 5381 ἐνόμιζε,
3167 5308 3620 5373 κατασκευάζων,
3661 5309 3752 5361 ἐπὶ

485 5412 654 5482 partis
686 5417 894 5465 tantum
924 5415 1050 5463 sunt
1068 5405 1363 5464 descendit.
1380 5409 1445 5462 Et
1473 5407 1650 5478 primo
1673 5407 1891 5476 quidem
1909 5408 2058 5476 dicit,

2169 5409 2237 5462 τὰ
2261 5405 2543 5478 μονομερῆ
2591 5403 2755 5459 πάλιν
2810 5401 3150 5475 μεταϐαίνει.
3209 5400 3322 5455 Καὶ
3371 5399 3586 5471 πρῶτον
3655 5401 3755 5469 μέν

1777 5567 2014 5626 νΑΙιυΕ
2041 5567 2444 5626 [.ECTIONES.

1122 5688 1250 5760 “ys
1278 5687 1509 5760 om._A.__
1569 5685 1700 5760 δίῇ]
1730 5686 1824 5760 καὶ
1845 5687 1907 5745 Β.
1984 5689 2138 5760 "sic
2157 5688 2227 5742 τὰ
2256 5691 2297 5742 Α
2332 5707 2346 5742 :
2373 5690 2454 5760 εἰς
2487 5689 2669 5760 σάρκα
2687 5690 2782 5746 καὶ
2811 5688 2979 5759 νεῦρα
3007 5687 3101 5741 καὶ
3154 5685 3222 5740 τά
3263 5700 3322 5741 co

1377 5757 1423 5792 ³⁸
1453 5755 1600 5812 οῦτοι
1628 5755 1697 5823 Β,
1719 5755 1836 5811 οῦτι
1865 5760 1910 5812 Α
1946 5775 1961 5812 :
1995 5758 2118 5813 οὔτε
2151 5777 2212 5822 ς.
2291 5761 2336 5792 ³³
2367 5755 2574 5829 θεσμοῦ
2600 5777 2661 5824 ς.

558 5691 603 5720 ⁸³
627 5688 935 5758 μετέϐησαν
961 5707 1020 5753 ς.
1122 5688 1166 5719 ³⁰
1188 5705 1250 5756 γε
1278 5687 1508 5758 οιηεΑ.
1569 5686 1610 5718 ⁸⁸
1630 5685 1700 5758 ᾖ]
1730 5686 1824 5758 καὶ
1845 5687 1907 5745 Β.
1984 5689 2030 5721 ³⁸
2059 5691 2138 5754 εἰς
2157 5688 2227 5742 τὰ
2256 5691 2297 5742 Α
2332 5707 2346 5742 :
2373 5690 2454 5750 εἰς
2487 5689 2669 5758 σάρκα
2687 5690 2782 5746 καὶ
2811 5688 2979 5758 νεῦρα
3007 5687 3101 5741 καὶ
3154 5685 3222 5740 τά
3263 5700 3322 5741 ς.
3423 5675 3467 5708 ⁸⁸
3488 5671 3752 5746 ἐπείπερ]

493 5758 677 5814 Timaei
698 5775 750 5828 p.
783 5768 979 5813 nostra:
997 5759 1125 5814 edit.
1157 5759 1303 5825 45,6.
