3954 6424
493 396 632 502 nos

1668 436 1926 501 ΡΗΟΤΙΙ
1968 437 2476 515 ΡΛΤΗΙΛΒΟΗᾸΞ
2507 438 2613 508 CP.

3595 449 3704 518 1104

512 528 521 625 ξ
562 550 838 608 Hactenus
884 534 1101 622 quidem
1141 551 1206 605 de
1246 549 1625 607 communibus
1660 551 1921 607 doctrinis
1966 552 2068 606 Ec-

2244 552 2422 623 Μέχρι
2459 553 2559 624 μὲν
2585 548 2679 608 οὐν
2716 552 2921 608 τούτων
2980 556 3109 626 περὶ
3135 554 3245 611 τῶν
3266 556 3462 612 κοινῶν
3486 559 3575 632 τῆς
3608 566 3706 622 Ἐκ.

490 643 674 705 οιεείεε
725 649 780 698 ει
812 642 1200 713 quaestionibus
1228 658 1324 714 per
1368 644 1555 699 omnia
1592 641 1707 699 fere
1743 644 1918 713 capita
1960 642 2072 699 dis-

492 735 688 801 seruit,
718 734 1037 806 plerumque
1066 750 1163 806 per
1192 735 1466 791 contraria
1498 735 1809 790 testimonia
1840 734 2069 791 alteram

492 828 942 886 contradictionis
964 837 1168 898 partem
1192 828 1542 892 conﬁrmans,
1567 842 1735 896 pauca
1757 842 1888 883 vero
1914 826 2072 882 unius

492 923 763 992 opinionis
794 924 1123 979 testimoniis
1151 921 1496 979 conﬁrmans.
1540 921 1677 976 Hinc
1703 932 1884 977 autem
1918 937 2067 991 quae-

496 1014 619 1069 dam
669 1008 844 1084 capita
875 1014 1221 1082 particularia
1255 1029 1481 1069 nurnero
1516 1013 1814 1070 octodecim
1848 1021 2066 1077 tractat,

491 1116 591 1159 ut:
626 1103 822 1171 Quales
858 1107 1138 1175 opiniones
1181 1106 1431 1160 habuerit
1480 1104 1714 1159 Severus
1754 1104 1822 1159 de
1866 1104 2070 1160 sanctis

492 1201 750 1257 Ecclesize
787 1201 1200 1257 sacerdotibus?
1256 1209 1308 1255 et
1348 1200 1615 1269 quomodo
1651 1196 1853 1253 sentiat
1898 1194 1965 1249 de
2000 1194 2069 1248 iis

492 1307 613 1363 quae
652 1293 793 1347 dicta
828 1301 953 1348 sunt
984 1307 1012 1344 a
1049 1287 1246 1361 Cyrillo
1280 1298 1332 1344 et
1391 1287 1598 1345 Joanne
1636 1288 1689 1342 in
1734 1284 1961 1356 epistola
1998 1284 2065 1339 ad

494 1377 756 1434 Thomam
781 1377 1150 1434 Cermaniceat
1196 1376 1544 1449 episcopum?
1573 1386 1627 1432 et
1666 1375 1809 1446 quod
1853 1389 1915 1430 ea
1948 1388 2069 1446 quae.

491 1468 635 1525 dicta
666 1478 793 1526 sunt
824 1469 890 1523 de
924 1468 1318 1524 restauratione
1365 1484 1547 1523 rerum
1579 1483 1607 1522 a
1640 1466 1898 1536 Gregorio
1930 1464 2067 1537 Nys-

492 1577 626 1619 seno
653 1577 757 1616 non
790 1561 1001 1631 probet,
1033 1574 1207 1630 neque
1230 1558 1453 1629 Papiam
1476 1563 1786 1629 episcopqu
1818 1557 2069 1627 llieropo—

491 1653 741 1715 litanum,
772 1660 827 1705 et
856 1660 1174 1723 martyrem,
1216 1666 1319 1707 nec
1352 1661 1597 1707 sanctum
1633 1650 1892 1704 lremeum
1959 1646 2068 1702 Lu-

493 1745 849 1819 gdunensem,
886 1742 976 1797 ubi
1012 1744 1199 1798 dicunt
1223 1757 1449 1815 regnum
1490 1741 1748 1797 caelorum
1779 1754 1899 1795 esse
1930 1737 2066 1792 frui-

492 1835 692 1890 tionem
720 1834 1012 1906 quamdam
1037 1835 1283 1890 ciborum
1312 1834 1673 1891 sensibilium.

2171 644 2402 715 κλησίας
2443 646 2733 718 δογμάτων
2785 665 2845 701 τε
2886 647 2980 701 καὶ
3028 648 3361 721 ζητημάτων
3403 652 3590 721 μικροῦ
3637 656 3710 713 διὰ

2173 735 2391 790 πάντων
2419 737 2529 791 τῶν
2555 738 2867 806 κεφαλαίων
2908 740 3146 794 ἐποιεῖτο
3169 740 3261 794 τὸν
3285 741 3465 809 λόγον,
3495 744 3556 796 τὰ
3581 746 3708 799 πλεῖ.

2172 845 2276 882 στα
2303 828 2403 899 μὲν
2450 828 2517 883 δι’
2567 830 2965 901 ἀντικειμένων
3003 834 3257 903 χρήσεων
3286 833 3546 905 ἑκάτερον
3572 837 3709 908 μέρος

2172 921 2273 992 τῆς
2300 922 2624 987 ἀντιθέσεως
2660 923 2990 996 ἐπικουρῶν,
3023 925 3178 993 ὀλίγα
3222 925 3279 979 δὲ
3304 926 3399 979 καλ⁸
3422 928 3709 999 μονομερέσι

2174 1012 2505 1085 μαρτυρίαις
2554 1015 2907 1070 ὲπιόεϐαιῶν.
2971 1015 3254 1070 Ἐντεῦθεν
3304 1017 3361 1070 δὲ
3402 1017 3531 1088 περί
3578 1035 3711 1075 τινων

2174 1104 2357 1158 ίδικῶν
2380 1105 2688 1174 κεφαλαίων
2715 1108 2809 1161 τὸν
2848 1107 3085 1178 ἀριθμὸν
3113 1108 3491 1163 ὀκτωκαίδεκα
3515 1108 3711 1181 διαλαμ-

2170 1191 2345 1256 ϐάνει,
2376 1187 2485 1247 οἷον
2522 1195 2675 1259 τίνας
2700 1192 2848 1267 εἶχεν
2876 1197 3174 1269 ὑπολήψεις
3204 1198 3445 1271 Σεὸἧρος
3475 1201 3597 1272 περῖ⁸
3624 1203 3713 1257 τῶν

2166 1286 2267 1356 τῆς
2301 1286 2631 1359 Ἐκκλησίας
2683 1290 2850 1344 ὁσίων
2897 1293 3310 1361 μυσταγωγῶν;
3354 1292 3449 1346 καὶ
3476 1292 3613 1357 ὅπως
3636 1296 3701 1349 δι-

2171 1375 2329 1446 ετέθη
2357 1376 2494 1445 πρὸς
2516 1376 2584 1432 τά
2613 1378 2879 1449 εἰρημένα
2903 1380 3054 1451 παρά
3079 1379 3348 1451 Κυρίλλου
3372 1382 3465 1435 καὶ
3501 1382 3712 1437 Ἰωάννου

2168 1467 2227 1518 ἐν
2255 1469 2320 1538 τῇ
2351 1469 2486 1539 πρὸς
2524 1468 2727 1541 Θωμᾶν
2749 1470 2840 1525 τὸν
2859 1472 3158 1526 ἐπίσκοπον
3184 1473 3611 1546 Γερμανικείας;
3637 1477 3715 1528 καὶ

2170 1558 2251 1613 ὅτι
2280 1560 2359 1631 τῷ
2404 1562 2461 1614 ὲν
2491 1563 2669 1632 ἁγίοις
2729 1564 3043 1637 Γρηγορίῳ,
3076 1567 3154 1638 τῷ
3183 1568 3471 1639 ὲπισκόπῳ
3503 1568 3713 1640 Νύσης.

2166 1648 2237 1702 τὰ
2261 1650 2529 1721 εἰρημένα
2551 1654 2681 1726 περὶ
2706 1653 3211 1721 ἀποκαταστάσεως
3249 1656 3351 1709 οὐκ
3392 1656 3713 1726 ἀποδέχεται,

2168 1740 2228 1794 οὐ
2264 1741 2370 1815 μὴν
2399 1743 2512 1796 ἀλλ’
2541 1744 2663 1798 οὐδὲ
2694 1746 2912 1801 Παπίαν
2941 1746 3032 1800 τὸν
3066 1746 3424 1819 Ἰεραπόλεως
3449 1748 3715 1801 ἐπίσκοπον

2170 1832 2264 1886 καὶ
2296 1834 2573 1907 μάρτυρα,
2628 1837 2749 1891 οὐδὲ
2795 1837 3085 1910 Είρηναῖον
3132 1838 3224 1893 τὸν
3272 1839 3418 1892 ὅσιον
3449 1840 3717 1894 ἐπίσκοπον

490 1928 874 1998 Λουγδούνων,
948 1930 1006 1984 ὲν
1085 1923 1169 1993 οἷς
1236 1928 1488 1999 λέγουσιν
1566 1925 1841 1998 αἰσθητῶν
1900 1942 2063 1978 τινων
2102 1923 2410 1996 βρωμάτων
2453 1930 2757 1985 ἀπόλαυσιν
2808 1927 3071 2004 είναιτὴν
3099 1932 3208 1989 τῶν
3275 1934 3524 2004 οὐρανῶν
3587 1933 3716 2005 βασι-

490 2023 658 2079 λείαν.

562 2119 727 2175 Divus
752 2120 984 2174 Basilius
1010 2127 1261 2175 sanctum
1296 2117 1608 2189 Dionysium
1642 2113 2066 2171 Alexandrinum
2095 2112 2143 2172 B

495 2213 548 2265 in
579 2212 712 2265 locis
738 2211 922 2264 multis
943 2224 1048 2264 non
1080 2210 1339 2273 admittit,
1369 2209 1602 2263 maxime
1627 2206 1716 2263 ubi
1741 2204 2067 2261 Arianorum

491 2301 741 2357 haeresim
770 2299 1072 2355 conﬁrmat.
1100 2298 1347 2354 Defendit
1371 2298 1517 2353 illum
1556 2312 1662 2353 non
1682 2306 1740 2351 ut
1764 2295 1925 2364 impia
1949 2310 2069 2348 sen-

494 2395 739 2458 tientem,
773 2393 868 2446 sed
896 2391 1039 2461 quod
1076 2391 1242 2447 nimio
1270 2390 1564 2445 Sabellium
1589 2388 1929 2459 oppugnandi
1954 2396 2068 2440 stu-

492 2486 582 2542 dio
612 2485 775 2538 verho
804 2493 961 2537 tenus
988 2483 1039 2536 in
1066 2484 1403 2551 contrariam
1435 2478 1713 2536 deﬂexerit
1736 2480 2065 2549 opinionem.

492 2575 633 2649 Quin
675 2587 730 2628 et
761 2576 826 2628 de
876 2573 1080 2642 Spiritu
1128 2556 1316 2628 Sancto
1355 2572 1517 2641 impia
1564 2570 1709 2624 illum
1746 2569 1909 2622 verba
1949 2566 2069 2621 fun-

490 2667 644 2735 dere.
689 2690 758 2705 --
784 2664 1006 2734 Magnus
1044 2663 1379 2719 Athanasius
1427 2665 1569 2718 hunc
1614 2661 1930 2731 Dionysium
1971 2660 2066 2717 de-

491 2756 664 2813 fendit
699 2774 714 2810 :
749 2744 1074 2824 Dionysius,
1140 2754 1345 2824 inquit,
1416 2769 1678 2823 nunquam
1734 2750 1889 2806 sensit
1950 2766 2067 2804 cum

492 2849 731 2914 Arionis,
774 2864 864 2902 nec
908 2846 1179 2901 ueritatem
1208 2847 1490 2915 ignoravit,
1524 2860 1615 2898 nec
1663 2844 1726 2897 ab
1780 2844 1901 2896 aliis
1960 2842 2068 2910 epio

492 2920 665 3008 scopis
688 2938 976 3009 impietatis
998 2936 1285 2992 damnatus
1307 2944 1404 3003 est,
1433 2952 1524 2989 nec
1549 2935 1779 2989 Arianas
1812 2950 1956 2988 voces
1984 2933 2066 2985 lo-

492 3043 640 3099 eutus
671 3041 780 3093 est,
815 3040 1068 3098 tanquam
1104 3029 1362 3082 docendo.
1417 3026 1557 3095 Quin
1601 3035 1655 3082 et
1696 3025 2067 3081 Theodoretus

489 3122 677 3174 eadem
724 3120 790 3173 de
825 3119 927 3173 hoc
956 3117 1227 3187 Dionysio
1280 3116 1461 3169 habet.
1493 3144 1565 3155 ——
1590 3115 1823 3185 Apponit
1848 3115 1915 3168 ad
1952 3113 2067 3167 haec

490 3200 829 3273 testimonia,
872 3218 927 3263 et
951 3207 1223 3278 quomodo
1260 3206 1590 3273 Theophilus
1621 3213 1823 3260 etcum
1862 3219 1926 3258 eo
1956 3212 2064 3259 tota

489 3302 723 3375 synodus
737 3316 865 3370 erga
886 3301 1102 3354 beatum
1125 3295 1388 3352 Joannem
1412 3296 1856 3367 Chrysostomutn
1872 3292 2063 3348 all‘ec1a

489 3392 756 3448 fueril.--
782 3389 1007 3457 Qualem
1068 3387 1355 3443 habuerint
1420 3386 1726 3454 opinionem
1781 3386 1849 3439 de
1907 3385 2064 3440 beato

2242 2110 2363 2164 Ὅτι
2392 2110 2675 2175 Βασίλειος
2701 2106 2811 2166 όὲν
2839 2112 3016 2181 ἁγίοις
3039 2113 3131 2167 τὸν
3159 2114 3217 2167 ὲν
3254 2114 3436 2182 ἀγίοις
3470 2116 3720 2170 Διονύσιον

2183 2200 2593 2273 Ἃλεξανδρείας
2640 2202 2741 2255 οὐκ
2791 2204 2851 2254 ὲν
2879 2203 3092 2267 πολλοῖς
3126 2204 3487 2276 ἀποδέχεται,
3515 2208 3722 2277 μάλιστα

2167 2289 2223 2343 δὲ
2255 2292 2313 2343 ὲν
2342 2287 2423 2354 οἷς
2465 2291 2525 2363 τὸ
2584 2290 2884 2364 Ἅρειανῶν
2927 2294 3078 2359 ἔθνος
3123 2294 3487 2364 ἐπερείδεται.
3530 2296 3723 2350 Ἀπολο-

2167 2384 2346 2450 γεῖται
2376 2384 2433 2436 δὲ
2460 2383 2603 2455 ὑπὲρ
2635 2384 2802 2438 αὐτοῦ
2833 2385 2908 2449 ὡς
2934 2386 3033 2439 οὐκ
3056 2386 3246 2439 ἀσεϐεῖ
3267 2387 3489 2458 γνώμῃ,
3529 2388 3725 2460 μάχῃδὲ

2168 2479 2235 2548 τῇ
2266 2476 2403 2545 πρὸς
2430 2474 2720 2531 Σαὸέλλιον
2765 2478 2847 2542 είς
2897 2476 2997 2548 τὴν
3030 2477 3309 2532 ἀντίθετον
3339 2479 3489 2533 κατά
3516 2481 3631 2541 τοὺς
3653 2480 3725 2533 λό-

2166 2585 2297 2636 γους
2325 2568 2733 2640 περιτραπῆναι
2789 2570 3126 2641 δυσφημίαν.
3186 2570 3261 2623 Οὐ
3323 2571 3432 2640 μὴν
3485 2570 3725 2624 ἀλλὰκαὶ

2168 2662 2300 2731 περὶ
2328 2660 2423 2713 τοῦ
2463 2662 2602 2714 Πνεύ
2615 2679 2783 2733 ματος
2804 2663 2910 2715 οὐκ
2933 2664 3149 2731 εὐαγεῖς
3189 2662 3353 2717 αὐτὸν
3383 2664 3599 2731 ἀφεῖναι
3628 2683 3725 2733 φω-

2167 2751 2369 2814 νά;.-
2386 2752 2543 2807 Ἀλλά
2568 2757 2661 2808 καὶ
2682 2756 2711 2807 6
2732 2756 2800 2823 μέ
2814 2773 2903 2823 τας
2918 2757 3234 2819 Ἀθανάσιος
3252 2756 3346 2810 τοῦ
3362 2758 3536 2812 αὐτοῦ
3559 2758 3727 2829 ἀνδρὸς

2166 2842 2446 2895 Διονυσίου
2478 2843 2972 2914 ὑπεραπολογεῖται
2996 2861 3009 2875 ·
3054 2845 3097 2901 Τ
3100 2846 3137 2901 ὰ
3162 2846 3273 2917 γὰρ
3308 2847 3561 2914 Ἀρείου,
3591 2848 3723 2916 φησι,

2167 2936 2477 3003 Διονύσιος
2519 2938 2658 2991 οὔτε
2705 2936 3010 3006 ἐφρόνησέ
3062 2954 3230 3003 ποτε,
3284 2938 3424 2993 οὔτε
3481 2939 3728 3007 ἠγνόησε

2170 3026 2296 3097 [477
2335 3027 2426 3098 IL]
2456 3026 2572 3095 τὴν
2598 3026 2891 3093 ἀλήθειαν
2910 3043 2923 3058 °
2953 3028 3092 3082 οὔτε
3112 3031 3222 3098 γὰρ
3250 3029 3350 3099 ὑφ’
3379 3029 3599 3098 ἑτέρων
3617 3030 3727 3083 ἐπι·

2166 3119 2412 3171 σκόπων
2438 3117 2531 3170 ἐπ’
2548 3119 2789 3186 ἀσεϐείᾳ
2822 3121 3227 3189 κατεΜκγθη.
3251 3121 3390 3176 οὔτε
3407 3123 3518 3188 τὰς
3533 3122 3729 3190 Ἄρειο-

2166 3208 2340 3277 νικὰς
2361 3209 2562 3279 φωνὰς
2586 3208 2907 3280 ἐφθέγγετο
2934 3213 3017 3277 ὡς
3038 3198 3424 3282 δογματίζων.
3457 3212 3619 3266 Ἀλλά
3646 3211 3727 3265 ul.

2165 3301 2510 3374 Θεοδώρητος
2540 3304 2666 3366 τούς
2694 3303 2893 3364 αὐτοὺς
2921 3303 3061 3373 ὑπὲρ
3088 3304 3180 3357 τοῦ
3213 3304 3513 3376 εἰρημένου
3562 3307 3727 3357 Διονυ-

2167 3394 2281 3448 σίου
2311 3394 2603 3465 λογισμοὺς
2641 3395 2987 3451 ἀποδίδωσιν.
3009 3425 3082 3435 -
3115 3396 3237 3449 Ἔτι
3264 3395 3372 3468 μὴν
3410 3396 3729 3468 παρατίθησι

489 3482 701 3539 Joanne
741 3482 1130 3554 Chrysostomo
1163 3480 1416 3550 episcopo
1457 3474 2064 3546 Constantinopolitano

2172 3464 2499 3558 μαρτυρίας,
2534 3487 2628 3541 καὶ
2654 3488 2803 3551 ὅπως
2830 3488 2929 3559 μὲν
2947 3488 3157 3558 διετέθη
3174 3464 3429 3556 Θεόφιλος
3464 3464 3560 3541 κἀι
3590 3489 3622 3559 ή
3644 3486 3727 3539 σὺν

489 3576 725 3648 Cyrillus
755 3584 809 3630 et
836 3572 1072 3628 Atticus.
1097 3600 1167 3612 -—
1201 3569 1340 3637 Quid
1370 3570 1607 3625 senserit
1636 3580 1857 3625 sanctus
1897 3566 2065 3623 Isido-

2168 3577 2317 3648 αὐτῷ
2349 3577 2567 3643 σύνοδος
2596 3579 2730 3649 πρὸς
2764 3579 2857 3633 τὸν
2884 3582 2945 3633 ὲν
2968 3579 3145 3646 ἁγίοις
3195 3579 3449 3648 Ἰωάννην
3478 3580 3570 3630 τὸν
3598 3579 3727 3647 Χρυ-

489 3683 587 3725 rus
629 3666 900 3722 Pelusiota
945 3663 1012 3720 de
1054 3663 1355 3735 Theophilo
1396 3672 1451 3718 et
1490 3661 1690 3734 Cyrillo
1728 3661 2066 3715 Alexandriae

2168 3670 2462 3740 σόστομον·
2509 3672 2607 3724 καὶ
2636 3671 2800 3734 ποίας
2851 3670 2984 3741 ἔσχε
3031 3670 3189 3735 δόξας
3240 3669 3483 3732 ’Δττικὺς
3508 3669 3599 3722 καὶ
3629 3666 3727 3721 Κύο

489 3759 780 3835 episcopis,
817 3763 988 3827 deque
1016 3754 1224 3811 Joanne
1264 3756 1683 3826 Chrysostomo;
1724 3753 1841 3808 illos
1867 3752 2061 3823 2911’

2168 3760 2346 3831 ριλλος
2406 3762 2533 3833 περὶ
2592 3744 2687 3815 τοῦ
2739 3759 2909 3835 αὐτοῦ
2940 3760 3249 3831 ἀγιωτάτου
3309 3760 3560 3813 Ἰωάννου
3592 3760 3731 3811 Κων-

487 3827 598 3910 odii
628 3827 756 3923 erga
789 3847 1053 3904 Joannem
1106 3847 1553 3919 Cbrysostomurn
1577 3848 1886 3910 accusavit,
1922 3848 2065 3900 hunc

2168 3827 2695 3918 σταντινουπόλεως·
2725 3827 2823 3909 κῶ-
2849 3853 2967 3919 οἴας
2986 3827 3158 3923 ’ἔσχεν
3196 3851 3498 3924 ὑπολήψεις
3527 3852 3555 3903 6
3585 3848 3727 3903 εὐλα-

487 3956 618 3997 voro
667 3939 910 3994 laudavit
962 3948 1016 3995 et
1063 3938 1248 3993 coluit.
1276 3936 1645 4002 —Severus,
1699 3933 1959 4006 impulsus
2005 3942 2065 3989 ut

2168 3943 2425 4008 δέστατος
2476 3943 2747 4015 Ἰσίδωρος
2795 3944 2825 3998 6
2854 3941 2950 3996 τοῦ
2989 3941 3293 4012 Πηλουσίου
3317 3942 3448 4012 περὶ
3482 3937 3724 4009 Θεοφίλου

490 4035 707 4089 beatum
740 4031 1004 4086 lsidorum
1041 4029 1489 4098 reprehenderet,
1515 4043 1619 4083 non
1649 4028 1864 4083 inventa
1898 4043 2061 4084 causa

2168 4033 2255 4087 ml
2281 4033 2554 4105 Κορίλλου
2582 4034 2689 4086 τῶν
2731 4032 3137 4104 Ἀλεξανδρείας
3176 4032 3446 4103 ἱεραρχῶν
3481 4030 3575 4085 καὶ
3614 4027 3724 4098 περὶ

2162 4124 2256 4178 τοῦ
2289 4127 2347 4177 ὲν
2370 4124 2549 4193 ἀγίοις
2587 4125 2833 4179 Ἰωάννου
2895 4124 2989 4179 τοῦ
3045 4123 3463 4194 Χρυσοστόμου,
3516 4121 3593 4184 ὡς
3615 4120 3725 4179 τούς

2166 4217 2265 4287 μὲν
2316 4218 2480 4271 ἓνεκα
2522 4219 2622 4290 τῆς
2664 4216 2801 4289 πρὸς
2850 4215 2943 4269 τὸν
2998 4215 3388 4285 Χρυσόστομον
3432 4209 3717 4282 ἀπεχθείας

2162 4309 2405 4375 ἐκάκιζε,
2455 4309 2549 4363 τὸν
2598 4308 2657 4364 δὲ
2704 4309 2896 4381 ἐπῄνει
2936 4324 2996 4360 τε
3025 4307 3118 4360 καὶ
3152 4292 3486 4376 ἐθαύμαζεν.
3513 4332 3582 4342 —
3616 4301 3723 4353 Ὀτι

2162 4401 2399 4474 Σεὸῆρος
2446 4402 2539 4465 τὸν
2600 4402 2658 4455 ὲν
2721 4400 2898 4468 ἁγίοις
2956 4397 3229 4468 Ἰσίδωρον
3289 4393 3606 4467 μέμψασθαι
3637 4388 3721 4461 μὲν

2164 4493 2457 4565 ὁρμηθεὶς,
2481 4494 2581 4547 οὐκ
2610 4492 2749 4563 ἔχων
2767 4476 2824 4545 δὲ
2845 4490 2991 4555 ὅθεν,
3032 4491 3222 4560 φήμην
3262 4488 3411 4558 αὐτῷ
3437 4482 3724 4556 περιπλάτ-

490 4126 691 4197 aliqua,
721 4121 923 4193 alllngit
959 4120 1034 4175 illi
1065 4123 1210 4191 quod
1237 4136 1361 4175 cum
1393 4118 1626 4192 Origene
1668 4122 1924 4186 senserit,
1956 4120 2061 4177 etsi

488 4218 629 4285 idem
662 4216 853 4269 iterum
885 4227 979 4285 per
1007 4227 1150 4280 sese,
1178 4227 1207 4264 a
1241 4212 1469 4267 veritate
1501 4222 1788 4281 superatus
1819 4212 1871 4266 id
1900 4227 2057 4266 revo-

487 4320 667 4375 ret.—
686 4308 767 4359 Ad
797 4307 911 4360 ha:c
941 4304 1156 4375 qualem
1189 4305 1499 4373 opinionem
1524 4305 1773 4359 habuerit
1800 4303 2060 4376 Hippoly-

485 4412 573 4456 tus
596 4407 649 4453 et
670 4396 1003 4467 Epiphanius
1026 4396 1091 4450 de
1108 4395 1331 4451 Nicolao
1358 4410 1387 4450 e
1413 4405 1616 4463 septem
1641 4396 1883 4451 diaconis
1907 4412 2014 4451 uno
2037 4414 2051 4453 :

485 4504 542 4561 et
571 4492 715 4563 quod
748 4489 924 4545 valide
954 4471 1103 4543 illum
1135 4489 1517 4543 condemnent.
1547 4518 1615 4528 —
1643 4487 1870 4544 Divinus
1903 4488 2059 4560 lgna-

488 4586 594 4655 tius
650 4592 703 4636 et
749 4580 1000 4638 Clemens
1040 4579 1403 4647 Stronrateus,
1452 4579 1712 4635 Eusebius
1768 4574 2057 4653 Pamphili,

2168 4605 2241 4641 τει
2283 4582 2721 4658 Ὠριγενιασμοῦ,
2753 4585 2803 4637 εί
2847 4582 2943 4637 καὶ
2989 4581 3199 4651 ταύτην
3223 4581 3385 4644 αὐτὸς
3405 4579 3567 4633 πάλιν
3604 4577 3718 4631 ἁπο-

487 4676 863 4741 Theodoretus
898 4672 1023 4742 Cyri
1065 4673 1349 4741 episcopus
1378 4669 1770 4726 Nicolaitarum
1802 4667 2058 4727 damnant

2168 4679 2494 4742 σκευάζεται
2523 4677 2590 4733 δι’
2618 4674 2837 4742 ἑαυτοῦ,
2868 4674 2975 4741 ὑπὸ
3008 4674 3110 4745 τῆς
3126 4672 3388 4745 ἀληθείας
3412 4671 3718 4741 νικώμενος.

485 4769 763 4835 haeresim,
786 4766 880 4821 sed
921 4766 1094 4835 ipsum
1129 4763 1407 4841 Nicolaum
1443 4764 1602 4820 talem
1640 4752 1807 4821 fuisse
1838 4777 2050 4836 negant.

2168 4797 2228 4809 —
2258 4770 2378 4823 Ἔτι
2425 4768 2481 4821 δὲ
2526 4752 2695 4832 ποίας
2728 4766 3025 4838 ὑπολήψεις
3068 4764 3227 4835 ἔσχεν
3282 4761 3591 4823 Ἱππόλυτος
3637 4756 3717 4810 καὶ

483 4893 555 4905 -
586 4858 903 4932 Hippolytus
958 4868 1013 4911 et
1052 4858 1283 4925 Irenaeus
1321 4856 1605 4927 epistolam
1643 4855 1797 4911 Pauli
1848 4859 1913 4913 ad
1947 4857 2050 4913 Ηεο

2170 4862 2483 4933 Ἐπιφάνιος
2520 4861 2565 4893 δ’
2613 4860 3037 4932 περιΝικολάου
3071 4857 3166 4913 τοῦ
3193 4857 3312 4921 ἐνὸς
3337 4856 3445 4909 τῶν
3466 4852 3507 4919 ζ’
3545 4848 3717 4904 διαιιό⁴

482 4962 658 5015 hraws
696 4961 881 5015 dicunt
928 4975 1034 5027 non
1077 4971 1202 5012 csse
1241 4953 1405 5009 illius.
1448 4954 1700 5009 Clemens
1728 4940 1965 5020 quidem,
2000 4958 2054 5005 et

2168 4971 2279 5019 ρων,
2315 4944 2411 5027 καὶ
2442 4954 2525 5006 ὅτι
2555 4954 2789 5023 ίσχυρῶς
2812 4952 2977 5007 αὐτοῦ
3010 4948 3536 5019 καταγινώσκουσιν,
3560 4938 3715 5007 ἰγνά-
3767 4946 3774 4953 ’

482 5052 764 5114 Eusebius,
790 5051 1129 5120 aliorumque
1156 5046 1377 5102 Patrum
1408 5060 1694 5101 consessus
1724 5044 1862 5097 hanc
1888 5043 2051 5097 etiam

2168 5061 2264 5106 :to;
2306 5044 2534 5113 μέντοιὸ
2577 5043 2858 5112 θεοφόρος,
2892 5044 2986 5096 καὶ
3026 5042 3261 5111 Κλήμης
3286 5041 3315 5092 6
3353 5032 3715 5120 στρωματεὺςν

482 5144 604 5199 aliis
646 5143 1042 5206 adnumerant,
1088 5151 1145 5195 et
1184 5141 1335 5195 aiunt
1374 5139 1515 5193 hunc
1544 5136 1878 5191 Clementem
1914 5135 2053 5188 hanc

2168 5136 2246 5190 ιαὶ
2275 5134 2536 5197 Εὐσέϐιος
2568 5135 2597 5187 6
2652 5134 2969 5205 Παμφίλου,
3010 5133 3104 5189 καὶ
3121 5130 3464 5201 Θεοδώρητος
3491 5119 3715 5198 [9041ι.]

480 5252 545 5290 ex
572 5233 796 5289 Hebraeo
819 5231 1541 5300 transtulisse.——0rigenem
1571 5237 1624 5283 et
1647 5226 2047 5298 Theognostum

2168 5229 2389 5300 5Κύρου
2416 5226 2513 5299 τήν
2542 5228 2640 5299 μὲν
2674 5226 3016 5281 Νικολαϊτῶν
3054 5223 3558 5293 καταγινώσκουσιν
3579 5218 3719 5287 αἰρε-

484 5342 710 5396 tnagnus
732 5325 820 5379 ille
843 5325 1169 5379 Athanasius
1198 5319 1592 5380 Alexandrinus
1615 5319 1667 5373 in
1694 5318 1876 5372 multis
1897 5316 2049 5371 libris

2168 5340 2262 5387 τιν,
2292 5321 2383 5376 τὸν
2405 5322 2462 5375 δὲ
2495 5321 2760 5375 Νικόλαον
2789 5319 2865 5391 μὴ
2893 5318 3129 5372 τοιοῦτον
3156 5316 3203 5348 ⁸³
3234 5310 3379 5368 εἶναι
3406 5309 3717 5378 ἀποφαῖνον·

480 5417 739 5471 admittit.
771 5414 835 5471 Et
862 5415 1017 5469 Titus
1039 5414 1373 5475 Bostrorum,
1402 5420 1458 5465 et
1489 5409 1785 5478 Gregorius
1810 5405 2044 5462 Theolo-

2168 5432 2357 5469 rat.—
2408 5415 2530 5466 Ὀτι
2557 5412 2874 5475 Ἱππόλυτος
2928 5410 3025 5464 καὶ
3093 5409 3386 5478 Εἰρηναῖος
3444 5403 3541 5473 τὴν
3591 5398 3718 5471 πίθιῖ

478 5521 578 5576 gus
611 5505 666 5560 in
705 5504 951 5575 epistolis
996 5502 1245 5558 eumdem
1293 5498 1632 5556 Philocalum
1678 5498 1943 5552 nominat.
1982 5496 2048 5551 Et

2168 5505 2447 5575 Ἐϐραίους
2475 5504 2762 5576 επιστολὴν
2790 5501 3005 5558 Παύλου
3031 5501 3131 5555 οὐκ
3170 5499 3382 5554 ἐκείνου
3406 5493 3539 5552 εἷναί
3567 5506 3712 5561 φασιν

476 5598 753 5667 Nyssenus
808 5595 1155 5652 laudabiliter
1212 5594 1332 5663 ejus
1390 5592 1720 5646 rnentionem
1771 5588 1936 5653 facit,
1988 5599 2047 5645 et

2168 5598 2387 5669 Κλήμης
2417 5596 2603 5667 μέντοι
2652 5598 2746 5651 καὶ
2785 5594 3046 5659 Εὐσέϐιος
3085 5592 3181 5648 καὶ
3222 5591 3393 5654 πολὺς
3417 5586 3571 5644 ἄλλος
3608 5576 3711 5629 τῶν

1748 5723 1978 5779 νΛΒΙᾹΞ
2012 5725 2417 5785 LECTIONES.

536 5844 589 5899 ,δ’
635 5844 821 5914 Ἐπιφ.
845 5854 971 5898 ante
1011 5842 1251 5898 lacunam
1281 5842 1348 5895 A.
1421 5841 1468 5872 “
1499 5840 1573 5914 μὴ
1595 5841 1684 5897 τὸν
1713 5840 1952 5895 τοιοῦτον
1982 5858 2043 5904 ς.
