4066 6408
314 371 451 453 nos
1330 379 1852 443 BIBLIO’I‘HECA.
1882 406 1952 418 —
1989 382 2153 445 con.
2178 384 2545 449 CCXXXIII.
3398 392 3559 460 .1106

314 489 590 561 θεοφόρων
614 487 872 559 Πατέρων
902 490 1087 559 ὅμιλος
1128 493 1244 557 ταῖς
1267 493 1453 559 ἄλλαις
1485 495 1882 567 συναριθμοῦσι
1909 553 1910 557 η

2013 497 2271 570 Dionysius
2317 500 2722 559 Alexandrinus
2754 502 2820 558 ad
2866 503 3007 560 hunc
3036 508 3287 565 eumdem
3321 510 3555 567 scribit:

309 582 517 653 ταύτην
538 582 866 648 ἐπιστολαῖς,
885 583 980 636 καί
1005 601 1169 653 φασιν
1195 586 1362 659 αὐτὴν
1394 590 1454 641 ἐκ
1476 589 1576 658 τῆς
1606 588 1886 659 Ἐϐραῖδος

2020 601 2036 641 ι
2057 601 2177 659 post
2201 602 2428 646 mortem
2458 592 2600 648 illius
2625 594 2872 650 scribens
2893 596 2960 651 ad
2983 596 3350 657 Theotecnum
3375 601 3557 661 Caesa-

316 674 664 746 μεταφράσαι
701 675 793 727 τὸν
828 676 1118 747 εἰρημένον
1166 678 1571 747 Κλήμεντα.-
1593 679 1716 733 Ὅτι
1745 680 1887 750 Ὦρι-

2015 680 2216 734 iensem
2241 682 2552 752 episcopum
2576 684 2759 739 laudat
2783 684 3090 757 Origenem,
3125 698 3289 759 atque
3312 692 3552 748 Alexan-

314 765 481 836 γὲνην
520 766 615 819 καὶ
670 765 1012 835 Θεόγνωστον
1073 768 1100 820 ὃ
1158 786 1219 821 τε
1271 770 1445 839 μέγας
1492 770 1810 833 Ἀθανάσιος
1857 772 1885 824 6

2018 784 2077 824 er
2123 770 2556 841 llierapolitanus
2601 777 2668 831 ad
2713 776 3002 846 Origenem
3057 781 3343 847 scribens,
3376 783 3560 838 verbis

326 854 734 928 Ἀλεξανδρείας
753 859 812 911 ἐν
833 858 1047 923 πολλοῖς
1084 859 1376 930 ἀπεδέχετο
1398 860 1575 929 λόγοις
1606 862 1700 914 καὶ
1727 862 1883 926 Τίτος

2016 876 2101 913 nm
2131 861 2417 931 plurimum
2454 866 3100 939 deliniI.—Theophilus
3143 880 3199 927 et
3222 873 3555 945 Epiphanius

311 945 344 998 6
372 946 646 1016 Βόστρων,
682 951 776 1005 καὶ
804 952 832 1004 6
855 950 1102 1020 θεολόγος
1152 953 1453 1024 Γρηγόριος
1487 955 1544 1006 ἐν
1576 954 1883 1019 ἐπιστολαῖς

2013 953 2273 1027 )rigenem
2330 958 2619 1029 plurimum
2670 974 3011 1020 aversantur.
3041 967 3273 1034 —Quid
3325 969 3560 1024 senserit

314 1037 604 1106 φιλόκαλον
627 1042 789 1095 αὐτὸν
805 1042 978 1111 λέγει,
1000 1044 1097 1097 καὶ
1134 1042 1162 1095 6
1192 1043 1410 1115 Νύσσης
1434 1044 1490 1098 δὲ
1517 1045 1779 1115 εὐφήμως
1806 1046 1886 1109 είς

2013 1058 2180 1104 reatus
2200 1048 2517 1123 Hippolytus
2542 1055 2609 1109 de
2637 1055 2827 1113 haeresi
2858 1057 3334 1125 Montanistarum,
3357 1070 3412 1117 et
3431 1060 3562 1130 quid

316 1131 543 1201 μνήμην
568 1131 711 1200 ἄγει.
753 1132 918 1187 Ἀλλὰ
973 1135 1067 1188 ml
1095 1135 1371 1201 Διονύσιος
1412 1138 1441 1190 6
1485 1135 1888 1207 Ἀλεξανδρείας

2013 1138 2285 1210 ἶτεεοτὶυε
2322 1142 2614 1215 Nyssenus.

313 1224 454 1296 πρὸς
486 1226 645 1279 αὐτὸν
662 1228 868 1283 ἐκεῖνον
898 1230 1146 1299 γράφων,
1173 1232 1252 1285 ἑτι
1293 1232 1348 1285 δὲ
1372 1233 1466 1287 ml
1491 1233 1627 1304 μετὰ
1650 1233 1877 1286 θάνατον
1916 1232 2124 1290 ἐκείνου
2148 1237 2283 1308 πρὸς
2317 1238 2606 1296 Θεότεκνον
2642 1243 2733 1297 τὸν
2755 1246 2875 1312 τῆς
2929 1243 3269 1315 Καισαρείας
3327 1243 3549 1297 ἐπίσκοι

313 1334 417 1371 πον
461 1319 708 1388 γράφων,
745 1320 813 1373 δι’
870 1321 1107 1375 ἐπαίνων
1144 1321 1236 1375 τὸν
1275 1322 1553 1395 Ὤριγένην
1595 1325 1738 1392 ἄγει.
1766 1325 1880 1381 Καὶ
1934 1325 2277 1397 Ἀλέξανδρος
2310 1330 2339 1381 6
2368 1330 2719 1401 Ἱεραπόλεως
2781 1332 3079 1398 ἐπίσκοπος
3146 1332 3244 1386 καὶ
3312 1331 3558 1404 μάρτυς,

290 1405 457 1486 ’πρὸς
479 1412 568 1465 τὸν
596 1410 757 1466 αὐτὸν
800 1412 1081 1485 Ὠριγένην
1132 1415 1387 1485 γράφων,
1432 1414 1553 1468 λίαν
1592 1415 1889 1471 οἰκειοῦται
1924 1416 2015 1470 τὸν
2054 1418 2226 1489 ἄνδρα
2293 1422 2405 1485 τοῖς
2455 1422 2653 1493 λόγοις.
2682 1454 2753 1466 -
2814 1424 2936 1478 Ὀτι
2979 1425 3237 1494 Θεόφιλος
3284 1424 3384 1494 μὲν
3451 1423 3551 1475 ml

328 1505 646 1576 Ἐπιφάνιος
673 1503 792 1558 λίαν
811 1504 1172 1575 ἐκτρέπονται
1192 1506 1283 1559 τὸν
1318 1506 1888 1577 Ὠριγένην.-Τίνας
1961 1507 2256 1579 ὑπολήψεις
2317 1502 2463 1584 εἶχεν
2515 1516 2544 1567 6
2593 1514 2895 1583 ἀγιώτατος
2933 1515 3245 1581 Ἱππόλυτος
3283 1518 3411 1589 περὶ
3461 1520 3563 1589 τῆς

315 1600 429 1655 τῶν
473 1597 858 1654 Μοντανιστῶν
920 1598 1204 1670 αἱρέσεως,
1252 1600 1350 1653 ml
1380 1601 1529 1664 τίνας
1566 1602 1596 1654 6
1626 1602 1681 1653 ἐν
1708 1602 1882 1669 ἁγίοις
1918 1603 2017 1675 τῆς
2043 1604 2263 1678 Νύσσης
2291 1607 2611 1680 Γρηγόριος.
2894 1624 2901 1630 ’

388 1690 472 1744 Td
509 1690 605 1760 μὲν
633 1684 726 1743 οὖν
752 1687 1098 1761 μερικώτερα
1119 1691 1228 1743 τῶν
1243 1690 1551 1760 κεφαλαίων
1575 1693 1632 1744 ἐν
1659 1690 1887 1754 τούτοις

2067 1695 2194 1753 Haec
2234 1698 2453 1767 quidem
2489 1699 2843 1769 particularia
2882 1700 3054 1770 magis
3086 1714 3256 1771 quam
3292 1702 3469 1771 capita
3508 1701 3563 1756 in

318 1782 482 1837 πάλιν
502 1781 560 1835 δὲ
587 1780 678 1835 ἐπί
710 1799 766 1835 τι
799 1782 1110 1853 κοινότερον
1154 1783 1495 1853 μεταϐαίνει,
1532 1785 1622 1838 καὶ
1652 1784 1888 1857 παρατί-

2014 1789 2098 1843 iis.
2133 1790 2331 1846 Iterum
2373 1806 2503 1847 vero
2545 1794 2599 1848 in
2635 1793 2765 1863 quid
2793 1794 3137 1849 communius
3170 1794 3469 1858 delabitur,
3506 1804 3563 1849 et

320 1873 449 1945 θησι
478 1874 700 1945 χρήσεις
724 1874 807 1928 ὅτι
837 1876 1037 1938 παντὸς
1086 1874 1382 1940 τεθνεῶτος
1418 1875 1565 1946 ψυχὴ
1596 1876 1888 1947 ὠφελεῖται

2013 1878 2152 1933 ifl‘ert
2197 1880 2622 1939 testimonia.—
2648 1883 2843 1938 Anima
2882 1885 3064 1940 omnis
3108 1886 3307 1942 mortui
3340 1884 3564 1953 juvatur

320 1965 557 2037 μέγιστα
583 1965 671 2019 διὰ
696 1964 805 2020 τῶν
835 1965 976 2037 ὐπέρ
997 1966 1159 2020 αὐτοῦ
1182 1966 1307 2038 [478
1330 1966 1426 2040 Η.]
1456 1968 1887 2040 ἐπιτελουμένων

2015 1970 2228 2025 naxitue
2262 1983 2356 2039 per
2382 1986 2589 2041 preces,
2622 1973 2944 2041 oblationes,
2974 1984 3031 2030 et
3060 1975 3436 2050 eleemosynas
3467 1993 3565 2047 pro

317 2055 495 2126 εὐχῶν
527 2056 621 2110 ml
652 2059 976 2129 προσφορῶν
1004 2059 1096 2111 καὶ
1131 2057 1534 2129 ἐλεημοσυνῶν,
1565 2061 1659 2114 καὶ
1681 2062 1744 2113 ὲκ
1791 2058 1887 2113 τοῦ

2013 2077 2053 2118 ιο
2089 2062 2279 2119 factas.
2308 2063 2376 2120 Et
2400 2079 2430 2121 e
2454 2066 2729 2123 contrario
2756 2082 2863 2123 non
2891 2068 2991 2124 sic.

316 2149 724 2219 ἀντικειμένου,
753 2150 837 2205 ὅτι
870 2150 970 2222 οὐχ
993 2150 1188 2215 οὓτως.

391 2239 495 2295 Τὸν
537 2243 635 2310 μὲν
658 2241 751 2297 οὖν
771 2243 1008 2313 Γόϐαρον
1032 2249 1193 2317 μέχρι
1214 2245 1419 2300 τούτων
1439 2245 1549 2299 τῶν
1579 2244 1890 2313 κεφαλαίων

320 2332 412 2386 τὸν
452 2333 614 2388 πόνον
646 2334 881 2407 εὕρομεν
914 2337 1333 2408 ἀναδεξάμενον.

1018 2431 1181 2483 ΣΛΓ’.

352 2518 667 2588 Γερμανοῦ
733 2522 1129 2656 κατριαρέρὲλ
1166 2523 1859 2590 Κωνσταντινουπόλεως

1135 2610 1223 2656 ος.

1135 2610 1223 2657 ος.

401 2680 743 2753 ’Δνεγνώσθη
776 2680 980 2752 βιϐλίον
1012 2682 1102 2737 τὸν
1119 2684 1177 2737 ἐν
1208 2684 1387 2752 ἁγίοις
1417 2683 1697 2756 Γερμανὸν
1729 2684 1895 2755 φέρον

320 2773 662 2843 συγγραφέα,
709 2772 768 2837 ὃς
807 2774 946 2844 μετὰ
1010 2775 1071 2828 τὸ
1152 2775 1393 2840 Κυζίκου
1450 2776 1893 2849 χειροτονηθῆναι

320 2865 947 2931 Κωνσταντινουπόλεως
984 2868 1353 2939 ἐχρημάτισεν
1394 2869 1685 2941 ἀρχιερεύς
1706 2886 1721 2900 ·
1754 2870 1896 2925 ἀντ-

320 2955 677 3023 αποδοτικύς
692 2957 747 3011 δὲ
760 2958 797 3026 ἣ
814 2959 1138 3026 ἀνόθευτος
1148 2961 1246 3030 τὴν
1261 2963 1571 3033 ἐπιγραφὴν
1590 2962 1720 3034 ἐχει,
1743 2962 1770 3016 ὃ
1783 2963 1897 3017 ἴσον

320 3044 387 3098 ἃν
405 3045 492 3117 εῖη
516 3049 644 3119 περὶ
665 3047 709 3079 ⁸⁸
738 3050 834 3120 τῆς
859 3050 1149 3104 ἀνοθεύτου
1170 3051 1279 3105 τῶν
1307 3051 1656 3123 βεϐιωμένων
1689 3054 1899 3124 ἀνθρώ-

324 3155 447 3201 ποις
472 3139 903 3205 ἀνταποδόσεως.
929 3142 1040 3213 Τῆς
1060 3143 1157 3212 μὲν
1194 3143 1287 3198 οὖν
1312 3145 1623 3217 ἐπιγραφῆς
1654 3148 1689 3217 η
1726 3148 1901 3214 ἐπαγ-

2066 2242 2339 2300 Hactenus
2387 2243 2606 2314 quidem
2661 2246 2960 2311 reperimus
3007 2244 3279 2304 Gobarum
3323 2247 3563 2317 capitum

2000 2350 2220 2391 suorum
2253 2333 2491 2389 libellum
2524 2334 2847 2391 confecisse.

2596 2424 2927 2483 CCXXXIII.

2001 2513 2246 2570 Germani
2306 2515 2623 2590 patriarcha:
2677 2517 2989 2590 CP.__lilm-
3052 2519 3411 2590 apologoticus
3472 2536 3568 2588 pro

2484 2584 2736 2656 Gregorio
2778 2586 3040 2659 Nysseno.

2068 2675 2196 2745 Legi
2228 2676 2418 2731 librum
2442 2690 2663 2733 auctore
2690 2679 2985 2743 Germano,
3011 2682 3101 2750 qni
3130 2682 3360 2750 primum
3386 2681 3569 2753 Cyzici

2000 2767 2322 2835 ordinatus,
2401 2780 2522 2839 post
2580 2771 3206 2841 Constantinopolitanus
3264 2773 3572 2841 patriarcha

2003 2858 2123 2926 fuit,
2153 2861 2244 2929 qui
2292 2860 2431 2917 liber
2465 2862 2799 2929 inscribitur,
2836 2862 3146 2918 Retribuens
3182 2874 3229 2919 et
3261 2864 3527 2933 legitimus
3550 2881 3571 2918 ε

2003 2958 2144 3025 quod
2176 2956 2399 3025 perinde
2429 2965 2511 3012 est
2544 2973 2607 3013 ac
2636 2957 2833 3027 292a
2865 2958 2909 3013 si
2946 2944 3170 3012 dixeris
3202 2975 3219 3011 :
3253 2958 3325 3013 De
3360 2972 3484 3012 vera
3520 2965 3577 3011 et

2006 3046 2241 3117 legitima
2285 3047 2669 3115 retributione,
2702 3050 2847 3117 quod
2894 3032 3221 3117 rependatur
3263 3048 3575 3103 hominibus

2008 3149 2163 3208 prout
2230 3140 2487 3195 vixerint.
2529 3138 2596 3193 Et
2638 3140 2753 3195 hinc
2816 3142 3030 3209 quidem
3080 3140 3220 3195 tituli
3270 3140 3573 3207 inscriptio.

323 3228 481 3296 γελία
503 3230 748 3302 τοιαύτη,
806 3234 1139 3302 ἀγωνίζεται
1165 3233 1222 3288 δὲ
1272 3237 1300 3289 6
1322 3236 1480 3305 λόγος
1504 3238 1598 3290 τὸν
1632 3238 1689 3291 ἐν
1723 3237 1897 3307 ἁγίοις

2013 3232 2295 3286 Contendit
2313 3247 2441 3286 vero
2464 3231 2781 3301 Gregorium
2807 3230 2992 3300 Nyssa:
3017 3232 3329 3301 episcopum
3353 3228 3576 3296 ejusque

324 3323 424 3392 τῆς
444 3319 662 3393 Νύσσης
683 3324 983 3397 Γρηγόριον
1031 3329 1125 3381 καὶ
1163 3328 1232 3381 τὰ
1268 3327 1457 3381 τούτου
1486 3330 1901 3401 συγγράμματα

323 3413 422 3481 τῆς
465 3414 791 3485 Ὠριγενείου
815 3419 1125 3489 παρασχεῖν
1148 3418 1407 3491 ἐλεύθερα
1435 3419 1635 3491 λώϐης.
1660 3421 1771 3474 Καὶ
1794 3421 1901 3491 γὰρ

324 3500 405 3569 οἷς
441 3506 535 3558 τοῦ
565 3507 844 3577 δαιμονίου
870 3509 1035 3577 φύλου
1064 3510 1159 3564 καὶ
1188 3511 1296 3564 τῶν
1326 3513 1407 3576 είς
1435 3512 1657 3565 κόλασιν
1685 3512 1904 3565 ἀτελεύ-

326 3614 492 3668 τητον
518 3600 1041 3670 παραπεμπομένων
1087 3601 1389 3667 ἀνθρώπων
1421 3605 1454 3673 ἡ
1498 3603 1661 3673 λῆρος
1691 3605 1904 3657 ἀποκα-

330 3690 591 3752 τάστασις
617 3690 792 3760 φίλον,
842 3685 988 3745 οὗτοι
1037 3691 1124 3762 δὴ,
1156 3694 1252 3747 ἆτε
1278 3695 1370 3746 τὸν
1396 3694 1567 3764 ἄνδρα
1617 3694 1818 3764 ὑψηλόν
1845 3712 1902 3746 τε

327 3782 443 3843 τοῖς
464 3779 698 3850 δόγμασι
755 3782 850 3835 καὶ
908 3782 1075 3835 πολὺν
1108 3786 1221 3847 τοῖς
1275 3785 1384 3837 τῶν
1423 3785 1598 3853 λόγων
1638 3787 1906 3855 ῥεύμασιν

331 3872 553 3936 εἰδότες,
604 3872 700 3926 καὶ
755 3871 1018 3944 λαμπρὰν
1045 3875 1144 3945 τῆς
1192 3875 1475 3938 εὐσεϐείας
1502 3877 1603 3945 τὴν
1637 3877 1906 3948 ὑπόληψιν

333 3965 413 4027 εἰς
435 3963 642 4025 πάντας
664 3964 989 4036 ἀνθρώπους
1043 3966 1476 4038 περιηχηθεῖσαν
1523 3968 1779 4038 ὁρῶντες,
1812 3970 1910 4021 ἐπ-

332 4056 592 4109 εϐάλοντο
616 4056 661 4088 ⁵⁵
714 4061 1031 4128 παρενεῖραι
1070 4061 1181 4122 τοῖς
1202 4060 1413 4111 ἐκείνου
1439 4062 1787 4129 φωτιστικοῖς
1814 4062 1910 4115 καὶ

337 4143 628 4214 σωτηρίοις
664 4143 845 4212 λόγοις
883 4145 951 4198 τὰ
995 4144 1207 4217 ζοφώδη
1239 4148 1333 4200 καὶ
1369 4147 1589 4218 ὀλέθρια
1628 4151 1725 4219 τῆς
1765 4152 1910 4223 Ὠρι-

334 4234 529 4303 γένους
580 4234 917 4305 όνειρώξεως
982 4237 1393 4307 ἀμϐλωθρίδια,
1444 4242 1510 4312 τῇ
1562 4240 1657 4293 τοῦ
1713 4242 1909 4314 ἀνδρὸς

333 4325 669 4397 περιωνύμῳ
704 4326 749 4359 ⁵⁸
800 4328 967 4399 ἀρετῇ
1017 4345 1075 4382 τε
1118 4330 1213 4383 ml
1256 4331 1456 4398 γνώσει
1500 4332 1600 4403 τὴν
1627 4333 1911 4403 αἱρετικὴν

334 4417 631 4471 ὑποϐαλεῖν
675 4418 949 4491 λαθραίως
1004 4418 1377 4492 διανοηθέντες
1430 4423 1714 4480 ἀπόνοιαν.
1764 4420 1941 4479 Διότι’

332 4508 493 4561 τοῦτο
524 4508 623 4578 μὲν
646 4510 984 4582 προσθήκαις
999 4510 1193 4575 νόθοις,
1216 4511 1373 4565 τοῦτο
1403 4512 1464 4566 δὲ
1495 4515 1587 4567 καὶ
1614 4513 1910 4587 διαστροφῇ

2004 3324 2203 3392 scripta
2252 3324 2320 3379 ab
2364 3323 2612 3395 Origenis
2645 3340 2831 3379 errore
2872 3339 2991 3378 esse
3036 3322 3318 3376 immunia.
3364 3320 3576 3375 Etenim

2004 3417 2200 3486 quibus
2236 3417 2482 3473 delirium
2518 3416 2649 3471 illud
2695 3417 2907 3486 placet,
2964 3414 3296 3470 dazmonibus
3322 3422 3376 3468 et
3404 3412 3579 3468 homi-

2005 3508 2164 3561 nibus
2214 3507 2266 3561 in
2313 3516 2574 3561 aeternam
2628 3519 2840 3578 poenam
2884 3504 3147 3575 conjectis
3204 3502 3579 3557 liberationem

2006 3600 2130 3655 inde
2157 3599 2606 3669 exspectandam:
2642 3598 2717 3651 illi
2743 3597 2908 3669 (quod
2936 3597 3111 3650 virum
3137 3595 3378 3649 doctrina
3402 3593 3582 3660 singu-

2008 3691 2211 3755 larem,
2261 3700 2317 3744 et
2362 3688 2672 3759 eloquentia
2721 3690 2985 3759 insignem
3030 3703 3151 3743 cum
3202 3692 3580 3756 agnoscerent,

2007 3784 2319 3849 claramque
2350 3782 2656 3837 sanctitatis
2702 3780 3159 3837 existimationem
3199 3792 3297 3847 per
3341 3776 3583 3832 omnium

2007 3888 2101 3927 ora
2130 3875 2473 3928 decantatam
2500 3873 2769 3943 viderent)
2792 3871 3033 3942 aggressi
3070 3878 3200 3925 sunt
3227 3868 3392 3925 claris
3415 3877 3470 3922 et
3493 3882 3584 3922 sa-

2010 3965 2271 4021 lutaribus
2303 3964 2419 4033 ejus
2464 3964 2682 4030 scriptis
2726 3963 2961 4017 obscura
3013 3975 3079 4016 ac
3120 3959 3423 4030 perniciosa
3458 3957 3585 4013 Uri-

2009 4055 2220 4124 geniani
2258 4054 2433 4107 somni
2471 4065 2679 4105 venena
2717 4051 3044 4115 admiscere,
3071 4046 3370 4116 virtutique
3405 4045 3584 4100 homi-

2014 4147 2188 4210 nis,et
2215 4145 2472 4200 doctrinae
2492 4143 2688 4198 celebri
2714 4142 3021 4196 luereticam
3051 4139 3263 4195 occulte
3292 4137 3586 4191 amentiam

2012 4238 2296 4306 sabjicere.
2324 4237 2503 4303 Quare
2533 4236 2729 4303 partim
2758 4232 3137 4288 additamentis
3191 4228 3343 4285 falsis
3386 4228 3585 4300 partim

2012 4328 2176 4383 ret-tis
2212 4328 2549 4398 argumentis
2578 4325 2839 4381 violenter
2869 4324 3118 4387 detortis,
3153 4322 3318 4377 multa
3347 4334 3412 4377 ex
3445 4320 3586 4374 irre—

2014 4421 2465 4489 preltcnsibilibus
2495 4420 2615 4490 ejus
2648 4416 3012 4473 monumentis
3053 4413 3377 4470 calumniari
3405 4410 3587 4468 conati

2015 4524 2159 4566 sunt.
2189 4512 2387 4566 Contra
2431 4527 2563 4580 quos
2592 4510 2893 4566 Germanus
2921 4508 3141 4577 pietatis
3169 4516 3430 4576 patronus
3459 4519 3590 4559 acu-

334 4601 443 4653 τῶν
477 4599 656 4671 ὀρθῶν
709 4601 986 4672 λογισμῶν
1022 4602 1374 4677 βεϐιασμένη,
1418 4605 1587 4658 πολλὰ
1622 4606 1731 4660 τῶν
1755 4606 1910 4677 ἀμω-

2022 4608 2132 4651 ιυιιι
2186 4599 2430 4652 veritatis
2471 4599 2704 4668 gladium
2755 4598 3057 4666 stringens,
3094 4605 3149 4648 ct
3194 4594 3419 4647 vulnere
3466 4608 3592 4661 pro-

340 4693 528 4762 μήτων
544 4692 753 4745 ἐκείνου
771 4694 1161 4765 συνταγμάτων
1183 4695 1666 4767 κατακιϐδηλεύειν
1685 4698 1914 4771 ἐπειρά-

339 4785 534 4854 θησαν.
565 4785 702 4841 Καθ’
729 4781 803 4840 ῶν
821 4788 1100 4859 Γερμανὸς
1135 4790 1277 4860 ὁτῆς
1304 4789 1589 4853 εὐσεϐείας
1616 4792 1915 4861 συνήγορος

337 4874 433 4941 όξὺ
464 4875 566 4945 τῆς
593 4875 852 4947 ἀληθείας
880 4877 1109 4946 ἐπαφεὶς
1143 4878 1206 4932 τὸ
1262 4878 1439 4947 ξίφος,
1471 4880 1567 4933 ml
1596 4882 1825 4951 νεκροὺς
1847 4883 1913 4953 τῇ

338 4965 526 5036 πληγῇ
561 4965 735 5022 λιπὼν
764 4968 891 5031 τούς
916 4968 1232 5039 πολεμίους,
1296 4968 1591 5040 νικηφόρον
1615 4972 1706 5023 καὶ
1736 4987 1919 5042 πρωτ-

338 5059 653 5130 αγωνιστὴν
699 5060 793 5113 τὸν
822 5060 947 5115 καθ’
990 5055 1051 5115 οὗ
1100 5061 1198 5122 τὰς
1249 5061 1543 5125 ἐπιϐουλὰς
1582 5064 1615 5133 ἡ
1664 5063 1917 5134 αίρετικὴ

339 5151 557 5221 φάλαγξ
582 5151 962 5226 ἐῤῥᾳδιούργει
996 5155 1091 5207 καὶ
1115 5154 1487 5220 κατεσκεύαζε
1512 5163 1915 5227 παρεστήσατο.

341 5242 474 5315 [905
508 5242 604 5316 11.]
643 5244 800 5297 Ἔστι
836 5243 938 5315 μὲν
970 5238 1064 5297 οὖν
1108 5246 1137 5297 6
1164 5244 1302 5315 ἀνὴρ
1334 5246 1390 5297 ἐν
1412 5244 1489 5317 τῷ
1519 5245 1749 5316 παρόντι
1775 5246 1920 5318 λόγῳ

341 5335 587 5406 καθαρός
617 5353 677 5389 τε
706 5336 802 5390 καὶ
852 5335 1075 5406 διειδὴς,
1109 5338 1202 5390 καὶ
1241 5337 1342 5400 τὰς
1371 5339 1429 5391 ἐν
1455 5338 1682 5408 ὀνόμασι
1710 5340 1919 5409 τροπὰς

340 5427 617 5498 εὐστόχως
643 5428 1102 5499 ὐποϐαλλόμενος,
1143 5430 1238 5483 καὶ
1281 5431 1381 5501 τὴν
1434 5431 1531 5500 μὲν
1564 5431 1765 5501 φράσιν
1790 5431 1918 5501 ἡδύ-

342 5537 474 5585 νων,
501 5521 603 5592 οὐχ
632 5522 1000 5592 ὐφελκόμενος
1029 5523 1086 5576 δὲ
1129 5524 1266 5595 πρὸς
1298 5524 1637 5595 ψυχρότητα,
1672 5528 1922 5594 γενναῖος

351 5609 450 5681 μὲν
505 5610 596 5664 τοῦ
644 5613 924 5668 ἐπιϐαλεῖν
952 5616 1019 5684 τῇ
1079 5615 1359 5685 προθέσει,
1393 5616 1593 5695 ὅμοιος
1606 5616 1663 5669 δὲ
1691 5616 1923 5673 διελθεῖν

2021 4702 2225 4744 stratos
2261 4692 2440 4744 hostes
2479 4688 2807 4758 relinquens,
2849 4688 3109 4742 victorem
3144 4684 3588 4752 superioremque

2020 4797 2141 4835 eum
2179 4781 2459 4834 censtituit
2488 4781 2539 4834 in
2582 4794 2743 4848 quem
2777 4779 3027 4833 haeretica
3063 4776 3325 4831 colluvies
3367 4774 3592 4828 insidias

2022 4883 2295 4928 struxerat
2324 4884 2378 4927 et
2405 4882 2680 4942 posuerat.
2714 4870 2888 4940 Hujus
2911 4870 3081 4940 stylus
3110 4870 3166 4924 in
3198 4870 3299 4924 hoc
3325 4866 3590 4937 opusculo

2022 4982 2189 5037 purus
2227 4981 2291 5020 ac
2324 4965 2521 5031 clarus,
2553 4964 2952 5032 verborumque
2984 4973 3164 5030 tropos
3201 4959 3429 5015 feliciter
3453 4959 3593 5015 arri-

2024 5060 2199 5130 piens,
2236 5058 2416 5125 phrasi
2449 5065 2673 5112 venusta
2703 5066 2757 5112 et
2792 5054 3050 5125 eleganti,
3080 5068 3185 5108 non
3232 5052 3297 5107 ad
3329 5052 3595 5124 frigidita-

2024 5160 2129 5206 tem
2157 5164 2404 5220 vergens,
2438 5148 2711 5218 proposito
2742 5147 2915 5200 valide
2958 5146 3213 5200 insistens
3235 5183 3251 5209 ,
3296 5159 3391 5213 par
3430 5143 3594 5198 etiam

2023 5239 2076 5293 in
2112 5237 2546 5294 contentionibus
2566 5234 2940 5305 suscipiendis,
2967 5232 3208 5301 nihilque
3236 5232 3370 5288 citra
3404 5245 3595 5286 neces-

2023 5334 2238 5388 sitatem
2271 5331 2602 5395 immiscens,
2633 5329 2765 5384 nihil
2789 5329 2931 5399 quod
2956 5329 3101 5382 dictu
3127 5327 3197 5382 sit
3230 5322 3592 5380 necessarium

2031 5425 2471 5497 praetermittens,
2510 5433 2623 5479 tum
2657 5422 3065 5478 constructione
3105 5430 3160 5476 et
3184 5414 3597 5488 epicheretnati-

2032 5520 2149 5585 ltus,
2190 5528 2297 5571 tum
2342 5515 2858 5586 enthytnetnatibus,
2895 5522 2948 5568 et
2974 5522 3057 5567 est
3083 5510 3249 5566 veluti
3278 5508 3421 5561 clara
3450 5520 3598 5559 sana:

2031 5612 2289 5671 doctrinae
2311 5625 2527 5666 norma.
2564 5610 2643 5663 Ita
2671 5618 2726 5665 et
2758 5606 2972 5663 illorum
3005 5604 3047 5661 si
3074 5603 3195 5675 quis
3225 5601 3593 5661 vehementes,

1621 5710 1849 5764 VAltl/E
1895 5706 2299 5767 LECTIONES.

417 5799 462 5829 “
495 5800 622 5869 περὶ
651 5815 759 5854 om.
793 5800 856 5854 Β.
940 5800 983 5832 ⁸⁵
1005 5801 1361 5856 ἐπεδάλλοντο
1392 5821 1452 5868 ς·

1530 5804 1573 5836 ³⁸
1600 5803 1843 5858 πολιωνύ
1854 5823 1936 5872 μω
1967 5806 2071 5869 Bg.
