3954 6392
522 392 660 458 1101

1684 405 1945 468 PHOTII
1988 406 2489 470 PATRIARCH/E
2529 414 2637 474 CP.

3609 415 3726 485 1108

515 499 713 565 claras,
755 510 810 555 et
844 511 1044 571 gratas,
1072 512 1128 558 et
1163 503 1495 573 spiritualem
1533 508 1831 565 doctrinam
1856 521 2065 566 ostenta

2198 515 2267 569 τά
2285 516 2660 587 ἀγωνίσματα.
2682 514 2776 570 καὶ
2806 513 2899 570 τοῦ
2934 514 3033 588 μὲν
3062 516 3360 587 ἀναγκαίου
3385 518 3541 590 μηδὲν
3559 519 3726 586 ἔξωθεν

516 591 646 643 tioui
668 591 1015 659 praeferentes
1040 595 1281 653 scribere
1304 600 1582 658 orationes
1631 603 1795 672 cupit,
1823 603 2074 673 egregiuu

2203 602 2592 674 παραπλέκων,
2655 603 2807 657 οὐδὲν
2860 601 2917 657 δὲ
2989 601 3101 656 τῶν
3153 602 3476 673 ὀφειλόντων
3530 604 3728 677 ῥηθῆναι

516 688 601 734 est
625 683 950 753 exemplum,
984 695 1037 740 et
1070 687 1377 746 imitatione
1401 692 1642 762 dignum.

2204 695 2481 766 παρορῶν,
2514 693 2637 748 οὔτε
2665 698 2785 758 ταῖς
2809 695 3172 758 κατασκευαῖς
3194 693 3318 748 οὔτε
3352 696 3462 759 τοῖς
3481 695 3726 769 ἐπιχειρή-

518 787 682 841 μασιν
734 773 857 828 obes
911 780 1022 841 τοῖς
1057 779 1455 850 ἐνθυμήμασιν.
1515 784 1653 837 Ἀλλ’
1709 784 1856 839 ἐστιν
1884 784 2072 855 ὥσπερ
2096 784 2207 837 τῶν
2264 785 2504 840 εὐσεϐῶν
2540 784 2826 856 δογμάτων
2882 784 3060 838 κανὼν
3084 785 3485 857 ἀπαρέγκλιτος
3513 786 3577 853 ",
3598 785 3720 843 οὕτω

516 863 613 915 καὶ
643 863 776 927 τῶν,
804 866 857 919 εί
903 884 988 930 τις
1050 869 1222 922 ἐθέλει
1267 870 1311 901 ⁸⁸
1341 871 1529 939 λόγους
1549 874 1806 944 ’γράφειν
1832 876 2090 939 δυνατοὺς
2127 876 2221 929 καὶ
2244 878 2439 945 σαφεῖς
2459 878 2555 930 καὶ
2582 877 2876 950 χαρίεντας
2928 875 3027 929 καὶ
3080 881 3463 950 πνευματικὴν
3508 876 3729 936 διδασκα-

517 954 639 1007 λίαν
669 956 1055 1027 προτιμῶντας
1075 960 1173 1031 τῆς
1196 963 1525 1029 ἐπιδείξεως,
1546 965 1709 1019 καλὸν
1736 967 2091 1038 παράδειγμα
2130 968 2224 1023 καὶ
2254 966 2640 1040 ἀξιοζήλωτον.

584 1042 745 1099 Notat
771 1048 915 1101 enim
945 1049 1118 1117 primo
1175 1050 1494 1109 haereticum
1527 1054 1745 1125 dogma,
1786 1056 1933 1126 quod
1970 1058 2081 1111 ἀω-

2277 1055 2664 1127 Ἐπιρῤαπίζει
2740 1057 2840 1128 μὲν
2894 1056 2989 1111 οὖν
3052 1056 3318 1128 πρότερον
3372 1054 3436 1109 τδ
3491 1056 3731 1128 αίρετικδν

513 1147 701 1189 mones
739 1135 794 1190 in
833 1138 1113 1208 antiquum
1181 1152 1408 1212 statum,
1465 1152 1517 1200 et
1538 1160 1631 1202 eos
1668 1147 1761 1217 qui
1788 1148 1840 1202 in
1868 1147 2074 1218 ﬂagitiis

2185 1146 2381 1218 δόγμα,
2404 1146 2432 1200 6
2461 1146 2562 1217 τῆς
2614 1147 3112 1211 ἀποκαταστάσεως
3147 1146 3257 1201 τῶν
3287 1147 3559 1218 δαιμόνων
3584 1148 3655 1212 είς
3675 1149 3727 1204 τδ

513 1223 625 1280 suis
657 1225 977 1293 moriuntur,
1013 1239 1136 1298 post
1188 1246 1376 1301 ptenas
1428 1235 1677 1291 delluitas
1702 1237 1755 1292 in
1802 1238 2074 1294 beatorum

2186 1237 2415 1307 ἀρχαῖον
2468 1236 2566 1291 καὶ
2618 1236 2726 1290 τῶν
2775 1238 2835 1292 ἐν
2879 1237 3179 1309 ἁμαρτίαις
3233 1236 3640 1292 καταλυσάντων
3656 1240 3732 1295 τὸν

515 1329 799 1370 numerum
830 1321 1204 1390 aggregandos
1229 1334 1480 1394 nugatur.
1502 1323 1721 1381 Refellit
1743 1341 1868 1382 vero
1892 1327 2074 1385 fabulis

2186 1327 2322 1398 βίον,
2353 1328 2493 1400 μετά
2512 1327 2559 1360 ⁸⁸
2580 1346 2745 1402 »τινας
2806 1331 2997 1394 ποινάς
3044 1329 3356 1401 ὡρισμένας
3386 1330 3467 1392 είς
3492 1330 3578 1382 τὸν
3598 1331 3733 1402 χορὸν

512 1404 720 1472 plenam
750 1407 1104 1476 impietatem,
1129 1412 1361 1481 primum
1389 1428 1421 1468 e
1451 1416 1663 1471 Domini
1702 1416 1897 1488 2926
1958 1434 2079 1475 ver-

513 1494 616 1560 bis,
640 1497 766 1553 hinc
798 1514 866 1554 ex
897 1501 1209 1571 apostolicis
1247 1504 1498 1573 decretis,
1528 1508 1730 1577 quibus
1763 1521 1818 1565 et
1852 1513 2084 1582 prophe-

2185 1418 2295 1473 τῶν
2324 1418 2543 1473 δικαίων
2573 1400 2852 1491 μετελθεῖν
2907 1419 3283 1491 τερατεύεται.
3334 1417 3577 1488 Ἐλέγχει
3612 1400 3733 1475 δὲτὸ

2197 1509 2445 1581 μυθῶδες
2467 1508 2627 1564 τοῦτο
2659 1509 2978 1580 δυσσέϐημα
3000 1509 3216 1582 πρῶτον
3251 1509 3350 1579 μὲν
3374 1508 3435 1575 ἐξ
3458 1509 3627 1563 αὐτῶν
3644 1511 3733 1563 τῶν

512 1593 688 1643 tarum
743 1590 1047 1647 testimonia
1100 1594 1305 1662 adjicit,
1381 1598 1530 1654 clare
1589 1604 1956 1670 ostendentia,
2026 1616 2074 1663 ut

2190 1600 2539 1653 Δεσποτικῶν
2592 1599 2785 1669 φωνῶν
2808 1640 2824 1665 ,
2852 1599 3105 1669 δεύτερον
3135 1600 3192 1653 δὲ
3220 1600 3267 1633 ⁸⁸
3298 1600 3363 1653 ἐκ
3385 1599 3499 1653 τῶν
3527 1601 3733 1655 ἀποστο-

509 1685 708 1732 aeterna
724 1689 808 1734 est
823 1679 1398 1750 justoruminell‘abilis
1421 1687 1629 1757 l‘ruitio,
1669 1692 1748 1747 sic
1782 1704 1836 1748 et
1855 1709 2082 1765 peccan-

512 1766 643 1821 tium
664 1772 1048 1839 sempiternam
1070 1784 1231 1847 atque
1261 1778 1529 1835 infinitam
1558 1796 1769 1851 ptenam
1795 1784 2028 1841 futuram
2057 1806 2073 1844 :

2180 1690 2347 1744 λικῶν
2369 1690 2760 1762 κηρυγμάτων,
2790 1685 2871 1754 οἷς
2899 1688 3026 1763 [479
3040 1688 3132 1759 [1.]
3157 1690 3252 1744 καὶ
3273 1691 3611 1762 προφητικὰ
3635 1694 3735 1746 ἐπι-

2183 1782 2441 1837 συνάπτει
2479 1781 2805 1854 μαρτυρίας,
2850 1781 3275 1853 τρανολογούσας
3316 1781 3509 1853 ὥσπερ
3547 1782 3736 1838 αίώνιον

510 1871 614 1912 non
670 1862 829 1915 modo
886 1874 1067 1920 autem
1125 1869 1451 1927 testimoniis
1501 1872 1678 1929 allatis
1750 1875 2062 1935 haereticum

2176 1872 2270 1946 τήν
2297 1873 2407 1928 τῶν
2427 1873 2651 1928 δικαίων
2671 1873 3027 1944 ἀνεκλάλητον
3044 1873 3358 1937 ἀπόλαυσιν,
3375 1871 3523 1927 οὕτω
3546 1873 3632 1927 καὶ
3654 1874 3736 1943 τὴν

508 1957 669 2018 atque
702 1952 983 2019 profanum
1012 1958 1336 2015 condemnat
1372 1976 1657 2030 venenum,
1694 1981 1877 2021 verum
1912 1971 2072 2024 etiam

506 2054 540 2093 e
570 2042 773 2098 sanctis
792 2043 1062 2103 Patribus.
1096 2049 1399 2116 Quinetiam
1445 2055 1691 2121 validius,
1734 2073 1801 2115 ex
1836 2061 2073 2129 ejusdem

508 2132 743 2200 propriis
786 2136 1003 2206 scriptis
1040 2154 1269 2209 quorum
1302 2144 1505 2213 perﬁde
1544 2146 1764 2203 haeresis
1791 2160 2074 2219 patronum

508 2222 756 2286 accipere
789 2241 1046 2297 aggressa
1096 2240 1213 2286 est:
1243 2248 1311 2288 ex
1362 2236 1446 2291 his
1484 2239 1738 2295 omnibus
1789 2243 1897 2312 piis
1958 2259 2078 2299 sen-

510 2311 694 2366 tentiis
720 2322 775 2368 et
798 2315 981 2371 verbis
1011 2317 1385 2375 calamitosam
1433 2322 1578 2377 illam
1609 2311 1913 2397 animasque
1944 2342 2071 2400 per-

508 2400 767 2463 niciosam
806 2406 1043 2463 fabulam
1094 2400 1272 2466 a'toto
1304 2412 1449 2469 clero
1494 2415 1869 2475 ecclesiastico
1923 2422 2073 2477 illum

504 2508 774 2559 amovere,
804 2496 949 2565 pium
986 2514 1113 2555 vero
1144 2501 1359 2573 dogma,
1394 2506 1656 2562 malitiam
1689 2523 1910 2565 exosum
1947 2528 2077 2567 con-

505 2583 724 2641 ﬁrmare
752 2596 804 2642 et
835 2588 1045 2658 erigere
1073 2606 1317 2663 apparet,
1348 2596 1414 2650 ad
1454 2601 1709 2655 eumdem
1724 2615 1936 2673 quoque
1962 2618 2076 2660 mo.

503 2674 631 2730 dum
663 2676 933 2739 instruere
978 2697 1041 2741 ac
1089 2687 1302 2744 munire
1350 2690 1597 2747 veritatis
1654 2693 1874 2757 vallum,
1933 2699 2075 2752 unde

502 2769 712 2825 hostem
735 2786 921 2829 arcere
951 2776 1002 2830 in
1034 2789 1280 2849 promptu
1311 2783 1402 2837 sit.
1440 2782 1591 2839 Dicta
1635 2786 1841 2858 reliqua
1882 2789 2075 2843 deinde

500 2861 674 2916 sancti
710 2861 888 2920 Patris
934 2867 1112 2935 alfert,
1165 2872 1362 2941 quibus
1405 2874 1637 2943 improbi
1690 2892 1755 2931 ac
1838 2893 2073 2947 nequam

502 2961 796 3019 sectarum,
824 2971 1115 3028 caupones,
1170 2963 1354 3017 vinum
1385 2979 1539 3034 aqua:
1590 2968 1882 3025 miscentes
1916 2972 2073 3025 adul-

503 3050 682 3098 terare
737 3045 848 3112 illa,
900 3051 1028 3116 quin
1087 3053 1265 3121 potius
1322 3058 1728 3114 ecclesiasticas
1799 3061 2073 3117 doctrinas

501 3135 682 3189 conati
716 3146 865 3192 sunt.
895 3139 1002 3195 Has
1030 3158 1194 3212 porro
1220 3160 1403 3202 sacras
1447 3152 1752 3203 sententias
1800 3152 2072 3207 adducens

501 3224 569 3278 de
595 3225 919 3296 Origenistis
960 3232 1011 3286 in
1050 3236 1281 3304 propriis
1321 3241 1605 3296 sententiis
1654 3244 1917 3298 convictis
1953 3247 2071 3313 qui-
2095 3209 2140 3272 Ο

502 3316 602 3371 bus
633 3317 707 3371 illi
743 3320 880 3375 male
919 3327 1228 3390 utebantur,
1288 3329 1621 3399 triumphum
1670 3336 1798 3404 egit.
1862 3336 2071 3406 Repre-

501 3405 741 3463 heudens
791 3421 899 3465 tum
945 3417 1087 3483 quod
1140 3416 1375 3488 legitima
1427 3423 1646 3491 quidem
1688 3405 1983 3481 audacibus
2019 3435 2073 3482 et

502 3499 905 3567 impudentibus
969 3508 1353 3567 additamentis
1406 3513 1684 3585 illegitima
1752 3516 2063 3587 redderent,

498 3594 613 3642 tum
645 3604 772 3644 vero
797 3594 1161 3653 additamenta
1221 3602 1625 3669 continuantes,
1685 3621 1820 3662 nova
1877 3623 2069 3679 magna

499 3680 803 3747 arrogantia
837 3692 890 3738 et
930 3687 1245 3755 stupiditate
1292 3691 1358 3746 ad
1408 3692 1717 3750 luereticam
1766 3711 1916 3752 suam
1948 3699 2069 3769 opi-

499 3769 714 3825 nionem
739 3787 799 3827 ea
848 3778 1104 3833 audacter
1135 3781 1535 3854 detorquerent.
1581 3786 1668 3852 Et,
1722 3798 1779 3844 ut
1828 3789 2069 3849 breviter

498 3859 671 3915 dicam
711 3867 914 3933 omnia,
944 3871 1114 3924 sancti
1148 3871 1307 3942 hujus
1357 3874 1531 3931 Patris
1568 3879 1767 3950 scripta
1817 3882 1883 3936 ab
1914 3885 2067 3940 omni

500 3951 746 4009 haeretica
795 3962 1081 4028 pravitate,
1104 3974 1159 4018 et
1193 3980 1223 4019 a
1281 3965 1574 4034 calumnia,
1602 3986 1723 4040 qua:
1759 3973 1812 4027 in
1872 3975 2067 4045 impie-

499 4052 663 4100 tatem
705 4050 898 4118 vergit,
932 4052 1191 4109 immunia
1247 4071 1367 4113 esse
1408 4060 1670 4116 declarat.
1714 4062 1839 4119 Haec
1905 4082 2067 4136 porro

498 4136 810 4196 immunitas
840 4153 895 4197 et
941 4145 1304 4215 improbitatis
1343 4150 1595 4207 refutatio
1641 4162 1696 4208 et
1743 4170 1810 4209 ex
1845 4166 2064 4214 antece-

493 4230 745 4287 dentibus
782 4234 880 4288 loci
913 4236 1215 4305 depravati,
1249 4250 1304 4294 et
1329 4256 1395 4295 ex
1426 4248 1887 4315 consequentibus
1926 4264 2063 4305 con-

492 4318 673 4375 [icitur
693 4334 747 4375 et
773 4324 1179 4382 demonstratur
1210 4349 1224 4396 ;
1285 4342 1339 4385 et
1364 4347 1433 4387 ex
1464 4334 1586 4390 aliis
1618 4341 1892 4395 sexcentis
1922 4342 2065 4397 beati

490 4413 738 4482 Gregorii
785 4415 1014 4486 Nysseni
1052 4419 1225 4485 libris,
1264 4423 1357 4492 qui
1412 4427 1717 4485 orthodoxe
1743 4441 1796 4486 et
1828 4432 2065 4502 legitime

2175 1963 2285 2017 τῶν
2302 1963 2637 2033 ἁμαρτωλῶν
2655 1962 3009 2034 ἀτελεύτητόν
3029 1981 3086 2017 τε
3105 1964 3197 2017 καὶ
3211 1962 3581 2017 ἀνυπόστατον
3605 1963 3737 2017 κόλα-

2180 2070 2285 2107 σιν.
2322 2054 2437 2107 Ούκ
2470 2054 2535 2106 ἐκ
2570 2052 2679 2109 τῶν
2711 2054 3021 2126 εἰρημένων
3044 2054 3101 2107 δὲ
3135 2054 3297 2123 μόνον
3324 2055 3577 2125 χρήσεων
3591 2054 3645 2106 τὸ
3668 2056 3737 2107 αἱ-

2180 2146 2390 2215 ρετικὸν
2418 2145 2511 2200 καὶ
2527 2145 2822 2214 ἀλλόφυλον
2840 2145 3164 2199 καταϐάλλει
3195 2145 3483 2216 φρύαγμα,
3508 2146 3637 2200 ἀλλά
3660 2149 3738 2200 καὶ

2178 2235 2238 2301 ἐξ
2263 2236 2440 2290 ἀλλων
2473 2237 2635 2307 ἱερῶν
2661 2236 2892 2308 ἀνδρῶν,
2915 2237 3003 2291 να).
3026 2236 3089 2307 δή
3114 2236 3194 2308 (τὸ
3223 2238 3631 2308 κραταιότερον)
3659 2240 3737 2292 καὶ

2177 2328 2242 2382 ἐκ
2264 2328 2463 2399 λογίων
2492 2330 2660 2384 αὐτοῦ
2687 2330 2919 2396 ἐκείνου,
2950 2328 3010 2382 δν
3043 2329 3088 2361 ¹¹
3118 2331 3524 2400 κακομηχάνως
3552 2332 3584 2401 ή
3609 2331 3737 2400 αἶρε-

2180 2438 2266 2485 σις
2316 2422 2617 2493 συνήγορον
2677 2421 2862 2475 λαϐεῖν
2919 2422 3239 2491 ἠγωνίζετο.
3297 2423 3395 2475 Διά
3454 2421 3523 2494 δὴ
3558 2422 3737 2475 τούτων

2179 2510 2409 2565 ἀπασῶν
2435 2511 2543 2563 τῶν
2584 2510 2900 2580 ίερολογιῶν
2926 2511 2986 2563 τὺ
3015 2510 3113 2582 μὲν
3144 2509 3443 2565 παθοποιδν
3474 2511 3572 2563 καὶ
3592 2509 3737 2579 ψυχο-

2180 2603 2380 2674 φθόρον
2409 2602 2593 2673 πάσης
2632 2603 3093 2674 ἐκκλησιαστικῆς
3115 2602 3481 2675 χοροστασίας
3524 2601 3736 2655 ἀπελαύ-

2178 2714 2284 2750 νων
2329 2696 2613 2767 ἀνεδείχθη
2669 2696 3046 2767 μυθολόγημα,
3106 2695 3167 2748 τὸ
3216 2695 3270 2747 δὲ
3305 2698 3405 2765 τῆς
3472 2694 3735 2755 εύσεϐεἷας

2181 2789 2548 2858 μισοπόνηρον
2613 2787 2896 2859 κρατύνων
2960 2804 3020 2840 τε
3080 2787 3174 2841 καὶ
3222 2786 3441 2856 ἀνυψῶν
3482 2787 3773 2855 φρόνημα..

2177 2879 2333 2934 Οὖτω
2361 2880 2417 2933 δὲ
2447 2880 2923 2952 προδιασκευάσας
2944 2879 3039 2933 καὶ
3064 2880 3550 2951 κραταιωσάμενος
3574 2878 3630 2932 τὸ
3654 2881 3735 2948 τῆς

2179 2973 2441 3045 ἀληθείας
2492 2974 2781 3045 ὀχύρωμα,
2815 2972 2875 3037 ἐξ
2919 2966 2981 3027 οὗ
3011 2971 3340 3026 καταϐαλεῖν
3401 2972 3535 3042 ῥᾷον
3566 2969 3735 3040 ἔμελλε

2175 3064 2266 3118 τὸν
2298 3066 2346 3097 ⁸³
2396 3065 2676 3135 πολέμιον,
2734 3064 2804 3119 τά
2861 3064 3002 3136 ρητά
3056 3062 3242 3117 λοιπὸν
3291 3063 3429 3134 μετά
3452 3061 3628 3116 ταῦτα
3653 3059 3734 3115 τοῦ

2180 3153 2326 3227 ἱεροῦ
2361 3158 2592 3227 προάγει
2624 3155 2857 3229 Πατρδς,
2888 3150 2970 3220 οἷς
3004 3157 3053 3209 oi
3081 3155 3243 3209 κακοὶ
3270 3155 3367 3209 καὶ
3397 3154 3626 3224 πονηροὶ
3643 3153 3736 3207 τῶν

2172 3247 2457 3317 δογμάτων
2486 3247 2724 3317 κάπηλοι
2746 3247 2837 3302 τὸν
2860 3242 3002 3301 οῐνον
3045 3246 3200 3300 ὕδατι
3244 3244 3540 3317 μιγνύντες
3570 3244 3735 3315 κιϐδη-

2171 3339 2347 3393 λεύειν
2378 3339 2537 3405 αὐτὰ,
2575 3340 2775 3410 μᾶλλον
2807 3340 2863 3394 δέ
2892 3341 2962 3394 τά
2990 3343 3088 3412 τῆς
3131 3340 3461 3410 Ἐκκλησίας
3494 3340 3737 3410 ἐμελέτηο

2176 3448 2274 3483 σαν
2299 3430 2621 3502 διδάγματα.
2658 3430 2845 3485 Ταῦτα
2872 3431 2936 3504 δή
2963 3432 3032 3486 τά
3066 3432 3190 3503 ἱερά
3244 3431 3387 3504 ρητά
3425 3432 3473 3464 ⁸³
3509 3430 3734 3502 προθεὶς,

2173 3523 2485 3587 ἑαλωκότας
2544 3524 2633 3576 ἐπ’
2683 3523 2987 3595 αὐτοφώρῳ
3042 3525 3169 3588 τοὺς
3208 3524 3623 3595 Ὦριγενιαστάς
3665 3520 3735 3587 οἷς

2171 3615 2540 3686 ἐκακούργουν
2575 3615 2963 3687 ἐθριάμϐευσε,
2989 3616 3150 3670 τοῦτο
3167 3616 3268 3687 μὲν
3295 3615 3734 3688 ἀπηρυθριασμέ-

2174 3723 2292 3771 ναις
2342 3706 2438 3760 καὶ
2490 3706 2873 3777 ἀναισχύντοις
2950 3707 3290 3779 προσθήκαις
3332 3706 3735 3769 ἐπινοθεύοντας

2169 3798 2462 3868 διελέγχων
2518 3798 2587 3852 τά
2638 3798 2921 3863 ἀνόθευτα,
2965 3798 3123 3852 τοῦτο
3179 3798 3237 3851 δέ
3278 3799 3375 3852 καὶ
3421 3799 3485 3851 τὸ
3525 3798 3732 3868 συνεχὲς

2170 3890 2555 3961 ὑφορωμένους
2588 3893 2687 3961 τῆς
2708 3888 3055 3962 προσθήκης,
3080 3892 3145 3944 ἐκ
3172 3889 3371 3961 πολλῆς
3395 3892 3565 3962 ἄλλης
3589 3890 3734 3944 αὐθα-

2167 3981 2315 4044 δείας
2341 3998 2400 4034 τε
2459 3982 2554 4035 καὶ
2584 3982 2864 4049 ἀπονοίας,
2902 3981 3040 4052 πρὸς
3097 3983 3198 4054 τήν
3245 3984 3535 4055 αἱρετικὴν
3566 3982 3731 4037 αὐτῶν

2167 4073 2411 4128 ἐπίνοιαν
2440 4074 2953 4145 ἀποθρασυνθέντας
2971 4074 3340 4139 ἐκϐιάζεσθαι.
3364 4077 3497 4142 Καὶ,
3525 4076 3598 4140 ὡς
3615 4075 3732 4137 ἔπος

2168 4169 2362 4233 εἰπεῖν,
2388 4168 2567 4239 πάσης
2591 4168 2716 4233 τοὺς
2741 4169 2834 4223 τοῦ
2849 4168 3042 4239 ἀνδρὸς
3064 4168 3521 4240 ἀπηλλαγμένους
3550 4169 3732 4229 πόνους

2166 4262 2457 4332 ἀποφαίνει
2525 4264 2809 4334 αἱρετικῆς
2858 4279 2918 4315 τε
2945 4261 3238 4333 ἐπιϐουλῆς
3262 4263 3358 4317 καὶ
3385 4261 3731 4332 συκοφαντίας

2166 4352 2459 4425 ἀφορώσης
2520 4358 2602 4417 είς
2662 4354 2936 4409 ἀσέϐειαν.
2982 4353 3048 4408 Ἦ
3105 4354 3163 4407 δέ
3192 4354 3481 4426 ἀπαλλαγὴ
3519 4353 3729 4422 καὶτῆς

2166 4444 2505 4515 κακουργίας
2526 4447 2553 4498 6
2589 4443 2807 4516 ἐλεγχος
2855 4445 2919 4498 ἐκ
2960 4462 3019 4497 τε
3050 4444 3160 4499 τῶν
3193 4445 3619 4517 προηγουμένων
3644 4441 3729 4496 τού

490 4506 751 4570 sentiunt,
788 4518 934 4565 recte
961 4512 1264 4582 excutiens,
1297 4524 1358 4570 ut
1397 4534 1555 4574 nemo
1595 4522 1789 4578 melius
1838 4527 1889 4580 in
1917 4528 2057 4580 salu-

2176 4506 2701 4605 κεκακουργημὲνου
2717 4506 2769 4566 ἶδ
2788 4506 2994 4604 χωρίου
3017 4536 3112 4599 καὶ
3140 4506 3252 4588 τῶν
3267 4506 3548 4605 ἑπομένων
3577 4549 3729 4585 κατα-

493 4604 637 4653 tares
673 4614 863 4669 preces
912 4616 975 4657 ac
1023 4604 1211 4661 laudes
1262 4607 1355 4663 Dei
1395 4608 1642 4666 laborem
1687 4617 1847 4671 liniit.
1909 4616 2060 4675 Libri

2176 4622 2488 4687 τκευάζεταί
2515 4640 2573 4676 τε
2612 4625 2707 4677 καὶ
2737 4624 3202 4691 ἀνακαλύπτεται,
3234 4626 3329 4678 καὶ
3367 4604 3427 4690 ἐξ
3466 4625 3641 4679 ἀλλων
3678 4621 3729 4675 δὲ

489 4696 670 4743 autem
698 4705 835 4760 quos
882 4693 1094 4752 insidiis
1118 4699 1370 4769 excipere
1398 4702 1643 4760 haeretici
1705 4708 1878 4762 moliti
1906 4721 2059 4777 sunt,

2176 4713 2258 4767 τοῦ
2318 4717 2607 4769 θεσπεσίου
2652 4717 2956 4788 Γρηγορίου
3002 4718 3211 4791 μυρίων
3246 4719 3442 4789 λόγων,
3491 4716 3555 4770 τὸ
3582 4712 3728 4786 ὀρθὸν

487 4786 541 4833 et
569 4794 706 4849 quos
742 4782 1045 4844 Germanus
1081 4792 1327 4850 veritatis
1365 4806 1732 4867 prOpugnator
1770 4800 2063 4869 primarius

2176 4806 2534 4871 ῑιασωζόντων
2561 4808 2657 4860 καὶ
2687 4782 3137 4865 ἀνόθευτονξίίαὶ
3159 4782 3332 4865 ταῦτα
3365 4810 3543 4874 καλῶς
3590 4782 3727 4876 ἀγω-

487 4872 558 4926 ab
584 4872 853 4931 latronum
885 4879 1083 4936 insultu
1127 4885 1246 4939 sine
1276 4903 1415 4942 noxa
1455 4891 1717 4955 servavit,
1778 4901 1905 4946 sunt
1932 4892 2064 4947 Dia-

2176 4899 2472 4968 δισάμενος,
2534 4898 2629 4951 καὶ
2681 4898 2757 4961 ὡς
2804 4899 2903 4951 οὐκ
2966 4900 3030 4953 ἀν
3075 4918 3159 4964 τις
3191 4899 3352 4963 ἀλλος
3384 4900 3627 4969 ἄμεινον,
3655 4897 3726 4955 είς

487 4966 639 5031 Ligus
693 4968 763 5019 ad
799 4967 1100 5028 Macrinam
1143 4993 1376 5034 sororem
1429 4982 1494 5034 de
1550 4982 1728 5036 anima
1762 5000 1781 5048 ;
1817 4993 1870 5038 et
1904 4985 2062 5039 Liber

2176 4966 2470 5058 σωτηρίους
2499 4988 2661 5057 εύχάς
2698 4990 2795 5043 καὶ
2818 4989 3026 5059 δοξολοσ⁸
3044 4992 3128 5054 ξας
3151 4989 3288 5044 Θεοῦ
3313 4966 3647 5060 ἀποπερατοῖ
3672 4984 3727 5038 τὸ

487 5055 857 5123 catecheticus,
887 5070 942 5116 et
967 5063 1055 5120 ille
1086 5067 1177 5135 qui
1206 5066 1281 5123 De
1306 5070 1535 5139 perfecta
1564 5075 1669 5126 vita
1696 5076 2057 5131 narrationem

2176 5055 2534 5148 φιλοπόνημα.
2574 5055 2638 5132 οι
2668 5080 2723 5132 δέ
2777 5080 2950 5149 λόγοι,
2997 5055 3091 5145 ὡς
3120 5081 3373 5135 ὑπελθεῖν
3409 5055 3644 5149 ἐνέδραις
3672 5075 3725 5127 τὸ

487 5146 753 5200 οοηῑίηθιο
1266 5154 1275 5161 ’
2168 5146 2460 5239 ἀλλόφυλον
2523 5146 2861 5242 ἐτεχνάσατοή
2886 5146 2941 5205 ⁸³7
2966 5176 3061 5226 καὶ
3102 5176 3131 5227 6
3170 5174 3320 5243 παρά
3353 5175 3451 5245 τῆς
3473 5146 3723 5240 ἀληθείας

486 5235 709 5306 ταχθεὶς
774 5243 1077 5313 στρατηγὸς
1134 5245 1235 5316 τῆς
1287 5248 1586 5321 λῃστρικῆς
1627 5253 1818 5322 ἐφόδου
1864 5255 2051 5310 κακῶν
2079 5235 2320 5323 ἀπαθεῖς.
2366 5235 2682 5325 διεσώσατο,
2748 5262 2777 5315 ὃ
2830 5279 2889 5315 τε
2944 5264 3081 5331 Περὶ
3142 5235 3352 5333 ψυχῆς
3564 5235 3724 5325 ’πρὸς

488 5326 604 5396 τὴν
623 5328 900 5401 ἀδελφὴν
938 5336 1252 5404 Μακρῖναν
1293 5342 1600 5414 Διάλογος,
1659 5349 1747 5401 καὶ
1804 5347 1994 5419 δήκαὶ
2025 5351 2053 5403 6
2092 5351 2501 5420 Κατηχητικύς
2553 5354 2647 5408 καὶ
2680 5356 2707 5407 6
2762 5357 2902 5425 Περὶ
2936 5326 3172 5412 τελείου
3206 5326 3415 5422 ’ἰδίου
3469 5356 3564 5428 τὴν
3617 5357 3724 5409 εἱσ-

488 5422 687 5492 ήγησιν
719 5425 1131 5498 ἀναδεξάμενος.

1781 5553 2014 5607 VARUE
2059 5552 2471 5611 LECTIONES.

558 5626 1023 5716 :d‘ﬁaeéYflt‘ro;
1052 5639 1323 5716 §caliger;
1352 5642 1470 5716 libri
1503 5645 1973 5716 ἀτπαρεγκλητος.
2051 5645 2095 5678 ⁸⁸
2121 5647 2290 5700 ἐθέλοι
2316 5648 2377 5700 Β.
2453 5643 2497 5681 ⁵⁸
2523 5645 2661 5715 μετά
2708 5649 2749 5701 Α
2783 5665 2797 5702 :
2825 5647 2965 5701 κατά
2996 5666 3057 5712 ς.
3132 5650 3177 5683 ⁵⁸
3208 5651 3263 5705 δὲ
3293 5668 3401 5707 om.
3425 5655 3483 5705 Α.
3596 5650 3639 5680 ⁸¹
3665 5649 3719 5701 ὃν

489 5698 713 5819 $3303
826 5696 900 5760 ὧν
921 5724 980 5771 ς.
1003 5696 1019 5702 ⁷
1056 5710 1101 5742 ⁵⁸
1124 5696 1236 5765 τδιῖι
1263 5714 1323 5766 τὸ
1430 5696 1533 5749 “5"
1555 5696 1738 5786 Vp'q‘idti
2022 5719 2080 5773 Β.
2116 5696 2667 5790 δι’ἆᾶέοῦῥγουεὲἐνὸῦ
2828 5696 3263 5791 '57:"ze3'vamb'
3278 5696 3605 5791 {Im-7mg!
3628 5696 3715 5771 τού

488 5782 695 5822 τελειου
743 5784 803 5831 ς.
