3954 6392
200 445 319 516 1109

195 649 292 708 τοῦ
338 644 502 716 ἁγίου
553 640 946 766 Μεθοδιουλὲκ
986 641 1097 698 τοῦ
1150 641 1287 711 περὶ
1341 637 1735 704 ἀναστάσεως

917 730 1052 766 νου.

917 730 1052 781 γου.

251 807 365 877 [908
388 801 473 877 IL]
505 798 844 874 ’Δνεγνώσθη
873 801 969 856 τοῦ
1011 801 1168 871 ἁγίου
1193 799 1480 865 Μεθοδίου,
1511 796 1731 852 ἐπισκύ-

196 917 286 953 που
312 898 399 952 καὶ
432 895 726 967 μάρτυρος,
768 895 834 948 ἐκ
861 893 956 948 τοῦ
988 893 1119 965 περὶ
1151 887 1504 957 ἀναστάσεως
1548 889 1736 960 λόγου,

191 983 245 1046 οὖ
265 990 293 1061 ἠ
313 990 353 1023 ³⁷
373 985 563 1056 ἐκλογὴ
587 984 658 1039 τά
678 984 1015 1056 ὑποκείμενα
1044 984 1196 1053 λέγει
1219 999 1235 1014 ⁶

259 1083 368 1135 Ὀτι
412 1079 470 1132 οὐ
500 1077 701 1147 δεσμόν
732 1093 868 1148 φησι
914 1077 976 1131 τὸ
1020 1077 1181 1148 σῶμα
1218 1075 1322 1147 τῆς
1366 1074 1546 1147 ψυχῆς
1570 1069 1735 1141 εἶναι,

197 1171 261 1236 ὡς
297 1169 565 1242 Ὠριγένης
617 1166 777 1239 ᾤετο,
826 1167 948 1222 οὑδέ
1003 1168 1340 1239 δεσμώτιδας
1401 1167 1502 1231 τὰς
1558 1167 1739 1238 ψυχὰς

197 1261 328 1333 παρά
364 1261 454 1315 τοῦ
475 1261 521 1293 ⁸⁸
535 1261 819 1332 προφήτου
853 1260 1116 1332 Ἱερεμίου
1171 1261 1454 1318 καλεῖσθαι
1480 1260 1568 1316 διὰ
1588 1262 1649 1316 τὸ
1677 1263 1739 1316 ἐν

194 1355 416 1426 σώμασιν
465 1353 630 1416 αὐτὰς
661 1353 975 1423 τυγχάνειν.
1021 1355 1094 1410 Ού
1139 1356 1250 1426 γὰρ
1294 1353 1606 1441 eameam
1638 1355 1739 1421 τὰς

192 1445 277 1514 τῆς
303 1443 471 1513 ψυχῆς
502 1441 784 1514 ἐνεργείας
835 1443 900 1498 τὸ
943 1443 1104 1515 σῶμα
1147 1444 1397 1512 τίθεται,
1468 1463 1742 1519 συμπερι-

193 1533 401 1604 άγεσθαι
422 1533 476 1587 δέ
506 1532 710 1603 μᾶλλον
737 1533 800 1587 τὸ
830 1533 992 1605 σῶμα
1028 1534 1123 1588 καὶ
1155 1539 1439 1607 συνεργεῖν
1476 1538 1612 1610 πρὸς
1636 1537 1673 1592 ἀ
1703 1538 1738 1611 ἡ

192 1625 316 1696 ψυχὴ
336 1625 637 1695 ἐπιτρέπει.
677 1622 841 1678 Ἀλλά
888 1626 1007 1689 πῶς
1044 1625 1174 1698 [480
1206 1627 1302 1700 Η.]
1338 1628 1401 1682 τὸ
1431 1628 1524 1682 τοῦ
1560 1628 1741 1683 θεολό⁴

196 1734 281 1787 γου
304 1715 599 1788 Γρηγοριου
634 1716 856 1787 νθητέον
886 1718 978 1774 καὶ
1006 1718 1183 1773 ἄλλων
1213 1720 1454 1788 πολλῶν;

251 1809 365 1862 Ὅτι
397 1807 677 1878 Ὠριγένης
705 1807 904 1879 δεσμὸν
928 1809 991 1864 τὸ
1023 1810 1183 1881 σῶμα
1209 1811 1363 1880 ἔλεγε
1391 1813 1637 1867 δεδόσθαι
1666 1816 1734 1886 τῇ

1174 433 1702 496 BIBLIOTIIECA.
1729 457 1802 468 -
1835 428 2000 491 COD.
2035 427 2389 489 CCXXXIV.

859 550 1018 605 ΣΔΔ’.
1756 541 1810 601 Α

3271 423 3410 487 1110

1863 618 1865 620 _
2464 531 2794 591 ccxxxnv.

1838 621 2103 695 Excerpta
2125 639 2193 680 ea:
2227 621 2481 680 Oratione
2512 621 2573 679 S.
2620 621 2872 678 Methodii
2895 623 2961 679 de
2992 622 3406 679 Resurrectione.

1913 784 2112 858 293a
2140 784 2267 852 Legi
2325 783 2514 840 sancti
2561 781 2819 839 Hethodii
2879 781 3116 851 episcopi
3151 793 3209 836 et
3262 796 3414 837 mar-

1837 876 1996 946 tyris,
2055 888 2124 930 ex
2153 873 2415 932 Oratione
2445 873 2514 929 de
2559 872 2966 929 resurrectione
2997 888 3016 938 ;
3047 873 3205 944 cuius
3255 887 3412 929 com-

1835 967 2016 1036 pendii
2046 966 2150 1024 hoc
2177 974 2264 1023 est
2319 972 2696 1036 argumentum
2746 981 2761 1018 :

1907 1057 2119 1128 Corpus
2173 1072 2282 1114 non
2315 1071 2438 1113 esse
2471 1055 2745 1112 vinculum
2777 1055 2994 1121 animat,
3038 1063 3100 1110 ut
3151 1052 3416 1124 Origenes

1837 1148 2205 1217 existlmavit;
2249 1162 2426 1219 neque
2469 1148 2682 1204 animas
2730 1147 3047 1204 carceribus
3091 1145 3326 1216 illigatas
3384 1161 3417 1200 a

1837 1241 2072 1300 Jeremia
2097 1239 2358 1312 propheta
2382 1240 2485 1297 dici
2512 1238 2559 1306 ι,
2580 1254 2647 1296 eo
2673 1239 2817 1310 quod
2845 1238 2899 1294 in
2923 1238 3242 1308 corporibus
3267 1236 3377 1291 sint
3398 1254 3414 1291 :

1845 1345 2028 1403 neque
2050 1330 2194 1387 enim
2226 1330 2422 1386 animae
2468 1330 2814 1402 operationes
2849 1344 2881 1384 a
2910 1342 3137 1398 corpore
3167 1325 3416 1395 impediri

1837 1424 2091 1491 atﬁrmat,
2114 1425 2222 1479 imo
2245 1437 2442 1495 corpus
2469 1421 2808 1479 circumferri
2831 1421 3026 1492 potius,
3051 1428 3106 1476 et
3137 1417 3418 1488 c00perari

1837 1532 1904 1574 ea
1934 1517 2002 1572 ad
2040 1531 2163 1586 qua:
2203 1516 2382 1570 anima
2419 1514 2632 1571 invitat.
2662 1513 2958 1569 Enimvero
2982 1512 3253 1583 quomodo
3287 1508 3419 1563 illud

1839 1606 2083 1677 Gregorii
2120 1604 2473 1671 Nazianzeni,
2507 1613 2562 1661 et
2592 1602 2888 1661 multorum
2934 1602 3168 1658 aliorum
3217 1599 3419 1656 intelli-

1840 1699 2072 1772 gendum
2099 1698 2124 1751 ‘i

1910 1789 2176 1860 Origenes
2203 1788 2440 1844 asseruit
2488 1803 2688 1859 corpus
2731 1795 2854 1858 post
2901 1785 3411 1857 praevaricationem

192 1899 318 1972 ψυχῇ
355 1875 488 1970 μετά
526 1875 643 1971 ⁷τὴν
695 1875 1033 1971 παράϐασιν,
1093 1875 1226 1973 πρὶν
1267 1875 1324 1957 δέ
1373 1904 1667 1975 ἀσώματον
1690 1875 1736 1941 ἦ

1859 1880 2022 1936 mimo
2051 1879 2252 1934 vinculi
2286 1876 2406 1932 loco
2441 1877 2760 1948 adiunctum
2800 1891 2943 1944 esse,
2967 1890 3091 1932 cum
3123 1876 3273 1945 prius
3291 1875 3414 1929 sine

192 1992 342 2062 αὐτὴν
374 1989 654 2061 βιοτεύειν.
696 1990 855 2045 Ἀλλά
893 1993 988 2045 καὶ
1022 1991 1184 2046 τοῦτο
1215 1991 1278 2047 τὸ
1316 1993 1493 2066 σῶμα,
1525 1996 1555 2050 δ
1584 2014 1742 2069 περι-

194 2080 423 2152 κείμεθα,
453 2080 628 2135 αῐτιον
657 2078 798 2135 εἶναι
829 2082 940 2136 τῶν
968 2083 1255 2157 ἁμαρτιῶν
1275 2101 1290 2118 ⁸
1324 2086 1411 2141 διὰ
1446 2087 1604 2143 τοῦτο
1648 2091 1743 2144 καὶ

191 2172 364 2241 δεσμὸν
402 2172 609 2242 ἔλεγεν,
637 2173 711 2237 ὡς
743 2174 853 2228 ἀπὺ
900 2175 1011 2228 τῶν
1038 2176 1259 2244 ἀγαθῶν
1289 2177 1468 2252 ἔργων
1510 2181 1742 2236 κωλύειν

190 2262 460 2332 δυνάμενον
500 2261 603 2333 τὴν
637 2262 834 2333 ψυχήν.

251 2353 364 2407 Ὀτι
399 2355 447 2407 ei
474 2353 673 2424 δεσμὸς
711 2354 876 2426 ἐδόθη
907 2355 968 2409 τὸ
1006 2356 1164 2428 σῶμα
1195 2359 1336 2429 μετὰ
1365 2360 1463 2434 τὴν
1486 2364 1740 2434 παράϐα-

189 2461 280 2508 σιν,
305 2443 337 2515 ἢ
358 2443 463 2499 τῶν
483 2443 732 2515 κακῶνῆ
761 2445 872 2499 τῶν
903 2447 1126 2514 ἀγαθῶν
1149 2448 1305 2521 ἐδόθη
1336 2453 1402 2522 τῇ
1431 2451 1598 2524 ψυχῇ.
1621 2453 1742 2508 Τῶν

191 2536 274 2605 μὲν
297 2534 383 2589 οὖν
425 2534 652 2604 ἀγαθῶν
680 2535 945 2590 ἀδύνατον
963 2553 977 2567 ·
1005 2538 1128 2592 οὐδὲ
1157 2539 1266 2612 γὰρ
1296 2543 1479 2614 ἰατρὸς
1511 2545 1555 2578 ⁸ο
1584 2547 1618 2618 ἢ
1650 2565 1742 2602 τε-

187 2629 362 2698 χνιτῶν
384 2629 541 2693 ἄλλος
562 2629 642 2701 τῷ
671 2631 891 2702 ἀμαρτή
901 2647 1053 2685 σαντι
1074 2631 1259 2687 δίδωσι
1288 2635 1578 2707 φάρμακον
1603 2641 1743 2696 ὥστε

187 2721 330 2774 πλέον
354 2721 754 2793 ἐξαμαρτῆσαι,
782 2725 858 2795 μὴ
883 2723 968 2777 ὅτι
992 2740 1056 2792 γε
1086 2724 1238 2789 Θεός.
1261 2727 1523 2784 Λείπεται
1549 2730 1614 2803 δὴ
1634 2733 1744 2787 τῶν

187 2810 372 2865 κακῶν.
413 2811 575 2866 Ἀλλά
626 2814 734 2885 μὴν
793 2813 1014 2885 δρῶμεν
1058 2815 1135 2879 ὡς
1186 2817 1309 2871 κατ’
1346 2820 1521 2892 ἀρχὰς
1558 2825 1588 2876 ὁ
1644 2825 1744 2895 μὲν

186 2900 307 2954 Κάῖν
342 2901 726 2974 περικείμενος
762 2903 924 2958 τοῦτο
957 2904 1020 2958 τὸ
1055 2906 1214 2977 σῶμα
1259 2909 1583 2978 ἐφόνευσενσ
1617 2915 1666 2968 οἱ
1697 2915 1744 2968 δ’

185 2989 363 3061 ἐφεξῆς
411 2992 550 3064 πρὸς
601 2993 670 3058 ἀς
700 2995 1130 3067 ἀθεμιτουργίας
1178 2998 1507 3070 ἐξώκειλαν,
1560 3004 1742 3074 δῆλον.

184 3082 300 3137 Οὐδὲ
329 3083 435 3138 τῶν
459 3087 649 3140 κακῶν
668 3087 778 3158 άρα
797 3087 994 3157 δεσμὸς
1019 3089 1081 3142 τὸ
1113 3089 1292 3160 σῶμα.
1326 3093 1451 3146 Οὐδ’
1477 3094 1614 3160 ὅλως
1635 3098 1745 3168 ἄρα

183 3173 378 3246 δεσμὸς,
408 3179 517 3231 οὐδ’
543 3177 777 3251 ὕστερον
805 3181 939 3236 αὐτὸ
965 3182 1285 3253 ἠμφιάσατο
1313 3187 1454 3258 μετά
1493 3188 1594 3260 τὴν
1635 3207 1742 3244 πα-

184 3266 392 3335 ράϐασιν
411 3270 445 3324 ὖ
479 3269 651 3343 ψυχή.

241 3444 354 3500 ὀτι
398 3447 713 3520 ἄνθρωπος,
765 3455 921 3524 φησὶ,
949 3455 1166 3526 λέγεται
1192 3457 1538 3532 ἀληθέστατα
1585 3463 1735 3518 κατά

182 3536 329 3606 φύσιν
346 3541 387 3574 ⁰¹
420 3541 548 3596 οὔτε
577 3543 724 3617 ψυχὴ
763 3549 931 3618 χωρὶς
980 3551 1255 3621 σώματος,
1286 3553 1411 3608 οὕτε
1453 3554 1522 3610 αὖ
1573 3557 1741 3613 πάλιν

183 3629 326 3701 σῶμα
352 3635 521 3704 χωρὶς
570 3635 772 3709 ψυχῆς,
805 3640 944 3693 ἀλλὰ
994 3640 1054 3695 τὸ
1106 3643 1171 3696 ἐκ
1200 3646 1514 3711 συστάσεως
1563 3647 1742 3721 ψυχῆς

183 3721 266 3775 καὶ
292 3723 540 3795 σώματος
571 3729 652 3792 εἰς
705 3728 837 3799 μίαν
875 3732 976 3802 τὴν
1005 3733 1100 3787 τοῦ
1130 3735 1296 3790 καλοῦ
1353 3740 1571 3810 μορφὴν
1613 3759 1743 3796 συν-

181 3812 341 3901 τεθέν.
379 3815 436 3869 ’0
463 3816 510 3870 δ’
555 3818 600 3848 ⁶²
635 3818 915 3893 Ὠριγένης
967 3823 1064 3896 τὴν
1097 3824 1277 3899 ψυχὴν
1334 3828 1506 3900 μόνην
1557 3831 1743 3901 ἔλεγεν

180 3900 470 3972 ἄνθρωπον,
501 3905 580 3970 ὡς
610 3909 638 3962 ὁ
668 3909 917 3965 Πλάτων.

244 3994 360 4049 Ὀτι
412 3997 684 4069 διαφορὰν
729 4001 1022 4073 ἀνθρώπου
1072 4004 1168 4058 καὶ
1220 4006 1332 4061 τῶν
1360 4009 1539 4064 ἄλλων
1591 4009 1746 4076 ζώων

183 4085 332 4155 φησι·
360 4088 454 4141 καὶ
485 4091 600 4153 τοῖς
634 4089 735 4159 μὲν
753 4091 988 4163 διάφορα
1012 4097 1272 4166 σχήματα
1298 4097 1515 4167 φύσεως
1536 4100 1747 4156 δέδοται

183 4177 269 4230 καὶ
304 4182 534 4249 μορφαὶ,
567 4180 774 4246 ὁπόσας
816 4185 850 4253 ἡ
886 4186 1204 4256 στερέμνιος
1237 4189 1333 4242 καὶ
1382 4191 1553 4263 ὁρατὴ
1585 4193 1749 4263 φύσις

184 4265 483 4336 κελεύοντος
533 4271 794 4344 ἐγέννησε
839 4275 999 4341 Θεοῦ,
1049 4277 1128 4350 τῷ
1172 4278 1232 4332 δέ
1263 4280 1325 4333 τὸ
1375 4282 1607 4350 θεοειδὲς
1653 4286 1752 4338 καὶ

184 4355 473 4416 θεοείκελον
506 4365 605 4418 καὶ
634 4365 815 4422 πάντα
860 4368 997 4439 πρὸς
1024 4371 1240 4442 ἐκείνην
1285 4374 1751 4447 ἀπηκριϐωμένον

182 4451 273 4521 τὴν
304 4457 670 4526 πρωτότυπον
714 4461 811 4512 τοῦ
844 4460 1056 4531 Πατρδς
1090 4464 1187 4516 καὶ
1235 4467 1506 4539 μονογενῆ
1541 4469 1750 4524 εἰκόνα.

184 4541 284 4596 Καὶ
312 4545 430 4611 πῶς
457 4547 622 4602 τοῦτο
655 4548 806 4620 λέγει
838 4553 866 4606 ὁ
895 4551 1071 4622 ἅγιος,
1102 4557 1486 4613 ἐπισκεπτέον.

247 4720 365 4776 Ὀτι
395 4725 534 4795 φησὶ
574 4728 790 4782 Φειδίαν
819 4728 912 4784 τὸν
954 4731 1397 4802 ἀγαλματοποιὸν
1429 4735 1489 4790 τὸ
1529 4737 1758 4794 Πισαῖον

186 4811 389 4870 εἴδωλον
419 4821 724 4890 ποιήσαντα
754 4822 813 4888 ἐξ
851 4824 1142 4894 ἐλέφαντος
1165 4828 1211 4859 ⁸³
1237 4830 1542 4899 προστάξαι
1574 4832 1757 4888 ἐλαιον

188 4900 488 4974 ἔμπροσθεν
517 4909 616 4963 τοῦ
645 4911 962 4983 ἀγάλματος
983 4915 1032 4946 ⁸⁸
1056 4915 1291 4987 ἐκχέειν,
1312 4916 1456 4972 ῶστε
1486 4919 1756 4977 ἀθάνατον

185 4991 238 5056 ἐς
266 4995 496 5070 δύναμιν
525 5001 658 5055 αὐτὸ
697 5003 1068 5073 φυλάσσεσθαι
1090 5008 1162 5062 ⁸⁵.

249 5084 371 5142 Ὅτι
401 5089 593 5161 φησὶν,
633 5093 694 5147 Ὀ
741 5094 988 5157 διάσολὸς
1035 5097 1154 5151 ἐστι
1213 5097 1431 5170 πνεῦμα
1477 5103 1605 5173 περὶ
1657 5104 1757 5176 τὴν

187 5173 310 5248 ὕλην
334 5182 631 5253 γενόμενον
665 5185 772 5239 ὑπὸ
792 5186 887 5240 τοῦ
918 5187 1078 5254 Θεοῦ,
1109 5190 1360 5264 καθάπερ
1391 5193 1487 5248 καὶ
1529 5173 1756 5266 Ἀθηνα-

185 5269 316 5340 γόρᾳ
349 5273 568 5346 ἐλέχθη,
593 5276 784 5350 ὥσπερ
821 5279 886 5350 δὴ
931 5281 1028 5336 καὶ
1055 5282 1107 5336 οἱ
1134 5283 1310 5338 λοιποὶ
1335 5287 1628 5356 γεγόνασιν
1660 5289 1754 5342 ὑπ’

183 5360 341 5417 αὑτοῦ
368 5366 613 5437 ἄγγελοι,
641 5371 736 5425 καὶ
778 5373 880 5445 τήν
921 5375 1015 5429 ἐπὶ
1051 5379 1119 5448 τῇ
1147 5377 1246 5450 ὕλῃ
1279 5379 1378 5434 καὶ
1426 5383 1539 5446 τοῖς
1583 5383 1683 5453 τῆς
1706 5382 1753 5415 ⁸⁸

257 5498 272 5538 ι
308 5500 512 5560 Thren.
543 5519 625 5575 tn,
650 5505 740 5562 54.

1841 1985 2070 2041 corpore
2105 1970 2335 2026 viveret.
2369 1969 2508 2036 Quin
2530 1977 2585 2024 et
2621 1968 2723 2024 hoc
2750 1982 2951 2038 corpus
2974 1966 3116 2036 quod
3141 1976 3420 2036 gestamus

1841 2078 2061 2120 causam
2080 2076 2203 2119 esse
2225 2072 2604 2132 peccatorum;
2630 2069 2919 2131 propterea
2951 2059 3118 2114 etiam
3145 2057 3420 2113 vinculum

1842 2155 2154 2226 appellavit,
2190 2164 2250 2210 ut
2275 2154 2419 2225 quod
2448 2153 2686 2209 animam
2720 2166 2751 2207 a
2769 2150 2926 2208 bonis
2949 2150 3212 2221 operibus
3233 2150 3422 2220 prohi-

1843 2249 1972 2304 bere
1997 2248 2188 2317 possit.

1912 2338 2065 2405 Quod
2101 2337 2146 2394 si
2180 2350 2380 2405 corpus
2408 2335 2603 2390 animat
2641 2343 2702 2390 ut
2754 2332 3033 2390 vinculum
3096 2330 3414 2401 copulatum
3467 2383 3470 2386 .

1844 2441 1928 2487 est
1961 2438 2083 2500 post
2105 2427 2626 2499 praevaricationem,
2665 2433 2759 2479 aut
2797 2425 2984 2478 datum
3039 2433 3126 2479 est
3153 2422 3422 2477 bonorum

1844 2533 1936 2576 aut
1982 2521 2248 2577 malorum
2301 2519 2519 2576 animae.
2574 2515 2918 2588 lmpossibile
2966 2525 3051 2573 est
3113 2516 3419 2578 bonorum;

1844 2613 2022 2670 nullus
2051 2613 2198 2668 enim
2224 2610 2558 2666 medicorum
2579 2618 2668 2664 aut
2692 2610 2964 2664 artiﬁcum
2983 2607 3212 2664 aliorum
3237 2606 3414 2677 porri-

1843 2706 1921 2776 git
1943 2704 2244 2761 remedium
2277 2702 2547 2774 peccanti,
2579 2709 2639 2756 ut
2663 2701 2786 2773 plus
2827 2709 3012 2771 peccet
3043 2717 3058 2755 :
3097 2699 3271 2754 multo
3325 2697 3426 2752 mi-

1843 2813 1949 2854 nus
1976 2799 2139 2854 Deus.
2167 2794 2429 2867 Sequltur
2447 2811 2597 2866 ergo,
2635 2794 2901 2850 malorum
2928 2807 2944 2848 :
2971 2793 3120 2862 atqui
3150 2793 3424 2854 videmus,

1844 2899 1902 2944 ut
1933 2889 2166 2961 primum
2196 2887 2328 2943 Cain
2375 2889 2477 2943 hoc
2520 2902 2751 2958 corpore
2789 2885 3019 2941 vestitus
3067 2882 3422 2938 homicidium

1844 2981 2078 3047 fecerit;
2109 2980 2314 3052 posteri
2358 2994 2491 3035 vero
2519 2979 2585 3034 ad
2626 2993 2748 3049 quae
2774 2978 2979 3034 scelera
3009 2976 3249 3046 prolapsi
3282 2975 3413 3039 sint,

1845 3075 2190 3131 manifestum
2213 3083 2315 3130 est.
2347 3073 2490 3146 Ergo
2513 3087 2712 3144 corpus
2745 3087 2852 3128 non
2885 3080 2969 3126 est
2999 3070 3272 3124 vinculum
3301 3083 3424 3122 ma-

1845 3165 2042 3232 lorum,
2078 3180 2179 3222 nec
2229 3165 2396 3220 ullum
2452 3165 2666 3235 penitus
2707 3163 2980 3219 vinculum
3031 3161 3149 3236 [aut
3178 3159 3418 3234 carcer],

1717 3295 1721 3299 -
1765 3235 1810 3299 C
1842 3273 1943 3315 nec
1978 3258 2112 3315 illud
2150 3259 2333 3314 anima
2365 3267 2487 3329 post
2522 3235 3299 3329 praevaricationemprimum
3335 3255 3421 3309 in-

1839 3343 1980 3407 d‘uit.

1917 3437 2111 3504 Homo,
2145 3437 2340 3509 inquit,
2382 3438 2681 3494 secundum
2711 3446 2988 3502 naturam,
3019 3436 3219 3493 dicitur
3249 3436 3425 3492 veris-

1841 3531 1980 3588 sime
2002 3545 2177 3600 neque
2207 3532 2385 3586 anima
2416 3531 2535 3585 sine
2573 3545 2825 3601 corpore,
2871 3545 3046 3600 neque
3075 3545 3275 3600 corpus
3300 3529 3422 3586 sine

1845 3623 2044 3688 anima,
2075 3622 2169 3678 sed
2204 3621 2331 3677 illud
2365 3623 2508 3693 quod
2533 3622 2796 3678 exanima
2833 3632 2888 3678 et
2923 3637 3151 3693 corpore
3183 3622 3235 3676 in
3255 3637 3421 3676 unam

1844 3714 2263 3785 pulchritudinis
2293 3713 2526 3769 formam
2551 3713 2924 3784 componitur.
2961 3713 3230 3785 Origenes
3260 3728 3416 3778 vero,

1847 3816 1905 3860 ut
1929 3805 2102 3872 Plato,
2135 3805 2307 3862 solam
2335 3808 2572 3860 animam
2603 3804 2741 3861 dixit
2769 3805 3102 3862 constituere
3124 3805 3421 3861 hominem.

1918 4007 2292 4064 Diﬂ‘erentiam
2329 4006 2472 4062 inter
2506 4005 2782 4061 hominem
2834 4015 2891 4060 et
2939 4014 3134 4060 caztera
3165 4005 3418 4060 animalia

1847 4112 1971 4154 esse
2003 4098 2177 4154 dicit:
2242 4095 2570 4151 animalibus
2616 4095 2778 4151 varia:
2827 4096 3038 4167 species
3083 4107 3138 4151 et
3186 4097 3415 4152 diversae

1852 4190 2042 4246 forma:
2073 4190 2214 4243 datae
2257 4195 2405 4252 sunt,
2436 4195 2674 4256 quantas
2707 4186 2962 4242 nimirum
2991 4187 3168 4242 valida
3210 4197 3264 4242 et
3291 4187 3422 4242 visi-

1852 4279 1976 4335 bilis
2012 4286 2210 4332 natura
2243 4276 2352 4330 Deo
2392 4275 2621 4345 iubente
2683 4275 2984 4346 produxit;
3042 4273 3244 4329 homini
3293 4287 3422 4327 vero

1852 4371 2038 4427 datum
2064 4379 2148 4426 est
2196 4379 2255 4424 ut
2278 4377 2426 4424 esset
2478 4367 2673 4424 similis
2698 4365 2829 4433 Deo,
2880 4368 3083 4438 Deique
3118 4367 3323 4432 formzc,
3366 4373 3419 4421 et

1853 4463 2033 4517 omnia
2063 4477 2182 4532 qua:
2207 4461 2272 4514 ad
2301 4460 2599 4532 perfectam
2627 4469 2683 4514 et
2732 4460 3106 4530 primigeniam
3164 4458 3341 4512 Patris
3371 4468 3425 4511 et

1783 4584 1828 4641 ι)
1858 4554 1981 4610 Filii
2011 4552 2278 4622 unigeniti
2313 4552 2619 4641 imaginem
2653 4561 2921 4620 spectant.
2981 4550 3046 4603 Et
3083 4566 3187 4619 qua
3216 4549 3425 4605 ratione

1861 4647 1961 4700 hoc
2001 4643 2206 4717 [datum
2234 4640 2333 4715 sit]
2363 4655 2586 4700 Sanctus
2619 4645 2695 4697 ait
2726 4643 3189 4710 investigandum.

1930 4735 2126 4807 293i)
2159 4735 2403 4791 Phidiam
2464 4735 2786 4791 statuarium
2813 4735 2910 4801 ait,
2939 4749 3060 4789 cum
3082 4733 3309 4788 Pisaeam
3335 4739 3438 4786 sta-

1856 4838 2001 4884 tuam
2034 4844 2100 4883 ex
2127 4827 2293 4883 ebore
2335 4827 2648 4894 formasset,
2694 4827 2995 4897 imperasse
3025 4839 3083 4880 ut
3121 4826 3298 4879 oleum
3351 4825 3435 4878 in-

1860 4921 2031 4976 terius
2084 4920 2321 4976 infusum
2377 4934 2594 4989 semper
2625 4935 2690 4975 ex
2744 4926 2922 4974 statua
2962 4927 3336 4988 promanaret,
3376 4927 3435 4971 ut

1861 5014 1934 5070 illi
1960 5013 2320 5068 immortalem
2363 5013 2470 5068 vim
2505 5013 2608 5068 hoc
2646 5011 2808 5067 modo
2835 5010 3171 5067 conciliaret.

1935 5105 2213 5170 Diabolus,
2247 5103 2443 5173 inquit,
2475 5112 2559 5158 est
2603 5103 2850 5173 spiritus,
2886 5101 3030 5157 circa
3059 5100 3364 5166 materiam,
3406 5115 3438 5155 a

1866 5199 1974 5253 Deo
2040 5197 2254 5260 factus,
2312 5206 2371 5250 ut
2418 5205 2473 5250 et
2514 5195 2884 5264 Athenagora:
2927 5194 3125 5264 placuit
3154 5193 3437 5264 (quemad-

1859 5290 2079 5346 modum
2100 5299 2156 5344 et
2188 5287 2378 5362 reliqui
2418 5287 2594 5360 angeli
2627 5288 2694 5343 ab
2719 5287 2912 5343 eodem
2948 5287 3058 5343 Deo
3101 5285 3229 5342 facti
3265 5287 3437 5355 sunt),

1858 5382 1944 5438 cui
1983 5382 2204 5437 litateria
2232 5389 2287 5438 et
2321 5397 2442 5452 qua:
2470 5381 2539 5436 ad
2591 5380 2836 5436 materia:
2890 5379 3093 5436 formas
3135 5381 3429 5450 pertinent,

1437 5629 1671 5685 νΑιιιΑῖ
1706 5626 2111 5686 LECTIONES.

247 5705 293 5740 "
320 5709 355 5778 ἡ
417 5724 529 5766 om.
567 5712 634 5769 Α.
659 5715 704 5749 ³⁸
735 5717 912 5788 ψυχὰς
966 5720 1062 5772 καὶ
1109 5720 1263 5793 παρά
1295 5741 1355 5787 ς.

185 5774 519 5830 ἀληθέστατα
546 5799 607 5830 ει-
711 5787 754 5822 ιι
784 5789 814 5830 Α
841 5789 908 5830 δί
935 5790 1042 5830 ηυγ
1074 5791 1105 5830 Α
1237 5793 1282 5824 ω
1306 5793 1355 5830 at

186 5789 519 5877 εληρεστατα
546 5799 607 5848 ς’.
711 5789 754 5822 ⁸³
784 5789 814 5842 ὁ
841 5789 909 5863 δ’]
935 5790 1042 5845 οὐδ’
1067 5791 1132 5847 A.

257 5864 352 5919 της
376 5853 502 5908 add.
530 5852 599 5911 Α.

1461 5724 1504 5794 δ’
1537 5721 1830 5794 ἀσώματον
1884 5721 1973 5794 Αβ
2003 5737 2018 5794 :_
2050 5718 2352 5794 dempsisti);
2385 5735 2448 5794 ς.
2523 5718 2601 5794 _'°
2635 5720 2736 5788 ἐστε

1237 5793 1282 5824 ⁸³
1305 5792 1597 5863 ἐλεφάντου
1624 5787 1684 5860 ς’.
1780 5795 1826 5826 ⁸³
1855 5790 1950 5847 τοῦ
1996 5787 2199 5861 ἁγάλμ.
2267 5789 2480 5860 ἐκχέειν
2521 5788 2692 5859 εμπρ.
2728 5787 2803 5842 Β.

2556 5718 2601 5748 ⁸⁸
2635 5718 2833 5784 ἰατρῶν
2883 5737 2940 5782 ς.
3021 5718 3064 5748 ⁶¹
3097 5717 3238 5772 κατὰ
3275 5718 3446 5784 φύσιν

2916 5789 2962 5821 θ’
2989 5786 3352 5858 φυλάττεσθαι
3381 5788 3442 5847 Β.
