3954 6422
202 409 343 478 1113

1188 408 1712 470 BIBLIOTHECA.
1751 432 1819 444 --
1847 406 2010 468 COD.
2029 406 2393 469 .CCXXXIV.

3321 409 3462 478 1114

202 528 327 584 ἐπεὶ
363 525 458 581 καὶ
492 523 581 579 διὰ
608 522 765 577 τοῦτο
797 522 1024 586 θάνατος
1055 523 1213 595 ἐδόθη
1238 525 1389 597 παρά
1426 523 1562 577 Θεοῦ
1601 520 1678 593 τῷ
1704 521 1789 586 ἐξ-

1905 529 2219 589 potestatem
2252 523 2445 578 mortis
2475 522 2759 583 naturalis.
2785 523 3079 593 Propterea
3102 524 3251 581 enim
3289 542 3319 581 a
3352 527 3463 583 Deo

208 618 577 693 ήμαρτηκότι,
611 614 697 669 ἵνα
730 613 804 685 μὴ
832 614 1097 667 ἀθάνατον
1128 614 1285 685 μείνῃ
1312 604 1372 666 τὸ
1402 613 1595 669 κακόν.
1630 611 1789 663 Ἀλλά

202 711 326 773 πῶς
348 710 508 764 τοῦτο
546 708 803 778 simi-at;
836 705 1171 775 σημειωτέον
1200 706 1284 758 ὅτι
1306 705 1398 757 καὶ
1428 703 1606 766 ἄλλοις
1633 702 1791 772 ήμῶν

204 800 491 872 Πατράσιν
528 799 765 871 εἴρηται,
796 796 955 869 εἴπερ
983 797 1010 849 ὁ
1040 797 1267 860 θάνατος
1294 798 1405 861 τοῖς
1444 793 1632 848 τοῦτον
1661 812 1791 863 μετ-

202 892 529 964 ερχομένοις
560 890 701 944 κατὰ
739 889 829 942 τὸν
860 888 1053 959 καιρὸν
1094 889 1301 941 ἐκεῖνον
1334 886 1459 940 οὑτε
1502 886 1787 959 προσθήκη

203 984 332 1037 οὑτε
381 982 571 1052 ὑφεσις
602 982 644 1012 δι
681 980 1097 1053 ἁμαρτημάτων
1128 982 1364 1049 γίνεται.

211 1074 327 1129 Τοῦ
379 1073 567 1129 αὐτοῦ
622 1075 693 1126 ἐκ
747 1073 855 1126 τοῦ
901 1071 1088 1127 αὐτοῦ
1133 1072 1321 1142 λόγου
1363 1069 1791 1128 ἀποστολικῶν

492 1143 695 1212 ῥητῶν
726 1144 1006 1212 ἑρμηνεία
1030 1142 1180 1221 κατά
1211 1144 1501 1211 σύνοψιν.

289 1234 645 1305 Ἀνεγνῶσθή
674 1232 769 1287 τοῦ
808 1232 973 1286 αὑτοῦ
998 1234 1061 1285 ἐκ
1102 1232 1196 1285 τοῦ
1239 1232 1407 1287 αὑτοῦ
1450 1233 1612 1303 λόγου
1654 1233 1790 1287 ἀπο-

206 1325 477 1379 πολικῶν
507 1326 685 1395 ῥητῶν
715 1325 979 1395 ἑρμηνεία
1013 1324 1157 1378 κατά
1187 1324 1429 1396 σύνοψιν.

281 1418 516 1487 ’ὶδωμεν
544 1416 602 1471 δὲ
635 1417 687 1469 τί
722 1412 791 1487 ἦν
816 1417 951 1488 ὅπερ
982 1416 1197 1487 πρῶτον
1237 1420 1321 1480 εἰς
1341 1417 1432 1470 τὸν
1465 1418 1789 1474 Ἀπόστολον

198 1510 463 1581 προήχθη
475 1527 573 1579 μεν
596 1511 790 1564 εἰπεῖν.
818 1509 891 1562 To
910 1510 1038 1578 γὰρ,
1080 1509 1228 1579 Ἐγὼ
1253 1509 1321 1564 δὲ
1337 1511 1382 1541 ⁸²
1410 1510 1573 1575 ἔζων,
1600 1511 1789 1581 λεχθὲν

202 1601 401 1672 αὐτῷ’,
460 1599 637 1670 χωρὶς
665 1600 855 1669 νόμου
892 1599 1060 1663 ποτὲ,
1087 1601 1199 1655 ἄνω
1233 1600 1332 1670 τὴν
1367 1602 1426 1653 ἐν
1479 1600 1557 1670 τῷ
1606 1617 1788 1671 παρα-

200 1693 395 1764 δείσῳ,
430 1692 686 1764 καθάπερ
721 1690 780 1756 ἐξ
814 1690 992 1762 ἀρχῆς
1023 1691 1360 1762 ὑπεθέμεθα,
1393 1692 1499 1763 πρδ
1521 1693 1619 1761 τῆς
1649 1692 1791 1744 ἐντοο

199 1785 327 1855 λῆς,
358 1785 459 1838 οὑκ
485 1785 642 1847 ἐκτός
672 1782 944 1855 σώματος,
982 1785 1117 1839 ἀλλά
1167 1785 1306 1854 μετά
1341 1782 1596 1853 σώματος
1631 1784 1791 1855 ἡμῶν

1892 615 2161 682 peccatori
2201 629 2353 671 mors
2384 616 2637 685 infertur,
2666 631 2736 673 ne
2761 618 2961 672 malum
3000 626 3144 674 esset
3172 628 3461 674 aeternum.

1892 703 1998 758 Sed
2029 719 2135 773 qua
2164 705 2375 760 ratione
2422 706 2531 763 hoc
2571 707 2985 778 intelligendum
3014 709 3137 764 est?
3168 709 3461 765 Sciendum

1890 795 1993 851 hoc
2024 795 2189 857 etiam
2226 798 2295 853 ab
2324 798 2445 855 aliis
2485 800 2685 855 nostris
2715 799 2975 855 Patribus
3008 816 3130 858 esse
3170 803 3459 857 traditum:

1891 889 2247 946 morientibus
2291 906 2387 961 per
2430 901 2658 948 mortem
2698 905 2929 965 peccata
2971 909 3075 951 nee
3112 896 3303 966 augeri
3363 910 3465 953 nec

1890 994 2087 1033 mlnlll.
2220 1036 2221 1039 η

1888 1069 2269 1145 Campendiosa
2329 1075 2584 1140 expositio
2630 1075 2891 1131 dictorum
2942 1078 3294 1143 quorumdam
3331 1092 3461 1145 apoc-

2030 1142 2342 1195 stolicorum
2366 1159 2430 1197 ea:
2451 1145 2629 1197 eodem
2649 1148 2821 1198 sancti
2857 1142 3113 1199 Methodii
3142 1147 3301 1200 libro.

1958 1230 2090 1300 Legi
2134 1247 2199 1287 ex
2246 1233 2434 1286 eodem
2490 1235 2638 1289 illius
2699 1235 2839 1291 libro
2886 1222 3327 1306 compendiosam
3354 1236 3467 1293 dic-

1888 1331 2099 1378 ctorum
2135 1323 2490 1392 quorumdam
2549 1325 2965 1394 apostolicorum
3005 1326 3463 1395 explanationem.

1964 1414 2253 1469 Videamus
2293 1414 2420 1484 quid
2475 1415 2540 1470 ad
2577 1415 2897 1484 Apostolum
2943 1416 3238 1472 habeamus
3264 1418 3465 1474 dicere.

1890 1506 2023 1560 Illud
2079 1502 2248 1569 enim,
2311 1506 2453 1576 quod
2514 1506 2583 1561 ab
2631 1522 2697 1563 eo
2741 1508 2947 1563 dictum
2982 1518 3104 1564 est:
3166 1506 3279 1579 Ego
3330 1510 3469 1564 vice-

1890 1598 2009 1653 bam
2065 1599 2178 1652 sine
2230 1597 2339 1669 lege
2363 1608 2415 1663 Ρ,
2455 1597 2751 1668 aliquando
2815 1598 3100 1673 [nempe]
3163 1616 3382 1656 sursum
3412 1601 3468 1655 in

1889 1691 2163 1763 paradiso,
2231 1700 2289 1745 ut
2357 1690 2425 1745 ab
2474 1686 2631 1747 initio
2672 1692 2999 1763 posuimus,
3067 1702 3194 1748 ante
3255 1694 3466 1764 legem,

1891 1799 1996 1837 non
2027 1791 2181 1837 extra
2211 1797 2444 1851 corpus,
2477 1783 2570 1838 sed
2617 1799 2740 1839 cum
2784 1799 3014 1855 corpore
3054 1795 3264 1850 nostro,
3300 1785 3468 1839 vitam

200 1878 269 1930 ἐν
298 1880 414 1940 τοῖς
463 1875 913 1946 πρωοπλάστοις
946 1876 1223 1946 διαγωγὴν
1258 1878 1568 1948 παρεγγυᾷ.
1606 1875 1793 1940 Ἑκτὸς

1905 1876 1955 1930 in
1978 1875 2521 1945 protoplastisactam
2558 1877 2766 1942 indicit,
2795 1888 2948 1933 extra
2974 1878 3469 1948 concupiscentiam

200 1967 255 2020 δ’
282 1966 582 2036 ἐπιθυμίας
611 1965 892 2035 διήγομεν,
926 1966 988 2018 οὑ
1040 1966 1402 2033 γινώσκοντες
1432 1968 1569 2029 ὅλως
1602 1966 1796 2020 ἐπιθυ-

205 2059 348 2129 μίας
386 2056 715 2128 προσϐολάς.
761 2056 895 2128 [9η
920 2056 1013 2129 8.]
1066 2058 1141 2111 τὸ
1172 2058 1282 2129 γὰρ
1328 2058 1405 2129 μὴ
1443 2057 1587 2129 ἔχειν
1623 2057 1793 2131 διορι-

206 2148 354 2218 σμὸν
386 2147 511 2202 καθ’
531 2147 590 2201 δν
630 2147 715 2200 δεῖ
737 2147 1139 2214 πολιτεύεσθαι,
1169 2150 1304 2219 μηδέ
1352 2149 1599 2216 ἐξουσίαν
1632 2151 1797 2204 αὑτο-

202 2242 487 2295 δέσποτον
535 2236 718 2310 λογίου
768 2240 904 2310 ποίῳ
940 2239 1067 2313 [482
1109 2240 1202 2314 Η⁴.]
1255 2242 1339 2295 δεῖ
1365 2242 1601 2313 χρῆσθαι
1641 2243 1796 2296 πολι-

200 2332 474 2403 τεύματι,
518 2333 603 2387 ίνα
624 2332 901 2403 δικαίωςῆ
926 2333 1129 2405 τιμηθῇ
1153 2334 1186 2405 ἢ
1206 2333 1399 2405 ψεχθῇ,
1424 2334 1796 2388 ἀνυπεύθυνον

202 2426 421 2488 παντὺς
451 2425 705 2479 λέλεκται
744 2426 1013 2497 ὑπάρχειν
1041 2424 1198 2478 τοῦτο
1217 2425 1580 2496 ἐγκλήματος.
1610 2426 1691 2478 ὅτι
1721 2426 1795 2498 μὴ

194 2516 443 2569 δύναται
484 2517 689 2569 τούτων
717 2536 801 2580 τις
827 2516 1187 2587 ἐπιθυμῆσαι,
1224 2508 1299 2570 ὧν
1342 2517 1417 2586 μὴ
1450 2515 1756 2570 κεκώλυται
1777 2533 1793 2550 ⁶

202 2611 317 2661 κᾶν
367 2608 691 2682 ἐπιθυμήσῃ
716 2610 792 2674 δέ,
838 2610 939 2662 οὑκ
973 2608 1369 2680 αἰτιαοήσεται.
1424 2608 1497 2660 Τὸ
1524 2609 1633 2678 γὰρ
1672 2612 1794 2663 ἐπι-

201 2701 465 2772 θυμῆσαι
497 2700 598 2754 οὑκ
628 2702 719 2754 ἐπὶ
747 2701 854 2754 τῶν
886 2700 1169 2769 παρόντων
1198 2702 1291 2753 καὶ
1325 2701 1698 2772 ὑποκειμένων
1739 2703 1798 2755 ἐν

201 2794 441 2865 ἐξουσίᾳ
463 2793 669 2861 πίπτει,
701 2794 818 2847 ἀλλ’
840 2794 933 2846 ἐπὶ
952 2793 1058 2845 τῶν
1080 2794 1364 2865 παρόντων
1384 2793 1504 2862 μὲν,
1533 2793 1606 2865 μὴ
1629 2794 1796 2847 ὄντων

198 2886 247 2941 δ’
286 2890 352 2939 ἐν
378 2886 634 2957 ἐξουσίᾳ.⁸
669 2884 785 2949 πῶς
819 2885 950 2954 γὰρ,
978 2877 1039 2939 οὗ
1092 2885 1165 2956 μὴ
1214 2886 1518 2939 κεκώλυταί
1553 2904 1637 2949 τις
1673 2886 1796 2956 μηδ’

199 2979 401 3048 ἐνδεής
428 2979 564 3041 ἐστι,
597 2976 786 3029 τούτου
825 2977 961 3047 ἐρᾷς
1013 2978 1135 3029 ὅθεν
1196 2976 1285 3029 διὰ
1320 2976 1477 3029 τοῦτο
1515 2977 1635 3043 Τὴν
1671 2977 1797 3029 ἐπι-

200 3070 444 3136 θυμίαν
464 3069 574 3120 οὐκ
608 3065 792 3134 ᾔδειν,
811 3067 863 3118 εὶ
887 3066 973 3136 μὴ
1002 3068 1035 3120 ό
1058 3068 1241 3134 νόμος
1260 3065 1490 3132 ἔλεγεν,
1518 3068 1638 3120 Οὐκ
1669 3067 1798 3119 ἐπι-

1900 1978 2077 2021 tamen
2137 1967 2395 2033 viximus,
2450 1968 2625 2037 ignari
2673 1970 2889 2038 penitus
2930 1984 3049 2039 quae
3097 1970 3178 2025 vis
3213 1968 3331 2042 [aut
3363 1971 3467 2022 im-

1895 2057 2090 2131 petus]
2141 2069 2286 2113 esset
2318 2059 2794 2128 concupiscentiae.
2846 2060 3057 2115 Etenim
3107 2076 3233 2114 non,
3266 2060 3471 2115 habere

1897 2152 1963 2203 ad
1994 2148 2144 2217 cujus
2171 2151 2543 2219 praescriptum
2575 2150 2747 2215 vivas,
2790 2164 2967 2219 neque
2997 2150 3303 2220 explicandi
3330 2150 3464 2216 iussi

1898 2241 2061 2296 divini
2098 2244 2226 2310 (quo
2258 2251 2413 2311 pacto
2439 2241 2726 2296 vivendum
2770 2242 2846 2296 sit
2867 2279 2884 2304 ,
2928 2250 2986 2294 ut
3014 2241 3097 2295 vel
3127 2242 3309 2295 debito
3338 2255 3475 2310 pra:-

1898 2335 2006 2389 mio
2037 2332 2306 2400 alliciat-is,
2361 2335 2441 2388 vel
2493 2332 2792 2403 damneris)
2836 2332 3064 2387 liberam
3117 2341 3477 2400 potestatem,

1897 2426 2000 2481 hoc
2037 2428 2104 2481 ab
2137 2428 2283 2480 omni
2341 2442 2528 2479 rerum
2581 2425 2814 2481 crimine
2849 2422 3112 2487 absolvit,
3142 2424 3272 2490 quia
3315 2435 3475 2474 nemo

1899 2506 2192 2589 appetitea
2223 2535 2343 2589 quae
2397 2534 2500 2573 non
2536 2518 2917 2588 prohibentur.
2964 2517 3028 2571 Et
3055 2514 3309 2587 quamvis
3344 2527 3476 2568 con.-

1896 2609 2146 2680 cupierit,
2201 2627 2303 2663 non
2357 2620 2531 2663 tamen
2581 2607 2946 2664 accusabitur.
2999 2603 3271 2674 Appetere
3327 2602 3472 2658 enim

1899 2718 2004 2759 non
2028 2702 2174 2757 cadit
2201 2702 2253 2755 in
2293 2701 2604 2771 praisentia,
2636 2707 2692 2753 et
2724 2714 2787 2753 ea
2816 2713 2936 2769 qua:
2959 2698 3016 2752 in
3054 2704 3323 2765 potestate
3355 2701 3482 2748 sunt

1896 2795 2069 2864 posita
2128 2792 2257 2865 [sed
2316 2793 2370 2846 in
2428 2791 2713 2862 prtesentia
2754 2788 3009 2858 quidem,
3064 2801 3173 2840 non
3210 2794 3388 2839 tamen
3422 2783 3477 2836 iu

1896 2896 2169 2957 potestate
2207 2894 2391 2939 nostra
2434 2881 2670 2954 posita].
2718 2880 2999 2946 Quomodo
3030 2877 3174 2932 enim
3204 2877 3303 2951 huc
3327 2874 3479 2943 quis-

1897 2982 2042 3051 piam
2068 2988 2230 3043 amet,
2259 2993 2286 3032 a
2311 2992 2417 3047 quo
2445 2990 2551 3029 non
2575 2982 2812 3037 arcetur,
2836 2983 2891 3027 et
2922 2987 3029 3041 quo
3062 2986 3167 3023 non
3215 2968 3419 3037 indiget
3459 2966 3483 3018 ?

1898 3073 2035 3128 Hinc
2088 3069 2562 3139 concupiscentiam
2615 3064 2971 3126 nescivissem,
3020 3062 3122 3115 nisi
3175 3062 3259 3116 (ex
3313 3062 3484 3114 dixis-

199 3156 533 3223 θυμήσεις.
580 3155 937 3219 Ἀκούσαντες
982 3156 1121 3227 γάρ·
1167 3157 1311 3210 Ἀπὸ
1348 3156 1416 3209 δὲ
1457 3156 1563 3211 τοῦ
1603 3157 1794 3221 ξύλου

1905 3174 1974 3219 set
2003 3179 2022 3218 :
2056 3162 2179 3218 Non
2209 3160 2538 3225 concupisces
2570 3165 2619 3208 ιι.
2662 3155 2960 3209 Audientes
3006 3153 3147 3208 enim
3177 3168 3199 3209 ι,
3222 3150 3295 3203 De
3344 3149 3485 3218 ligno

199 3250 317 3304 τοῦ
354 3249 677 3319 γινώσκειν
725 3251 917 3303 καλὸν
947 3250 1044 3302 καὶ
1095 3250 1366 3318 πονηρὸν
1414 3253 1485 3305 οὐ
1529 3250 1795 3320 φάγεσθε

199 3344 311 3398 ἀπ’
336 3343 531 3398 αὐτοῦ
551 3361 565 3375 ·
598 3339 637 3415 ᾗ
662 3344 715 3397 δ’
746 3342 823 3398 ἂν
848 3346 1039 3415 ἡμέρᾳ
1072 3345 1301 3415 φάγητε
1332 3346 1433 3400 ἀπ’
1460 3346 1666 3410 αὐτοῦ,
1699 3350 1798 3401 θα-

198 3437 375 3501 νάτῳ
420 3436 842 3501 ἀποθανεῖσθε,
874 3437 995 3490 τότε
1027 3437 1085 3491 τὸ
1124 3438 1462 3509 ἐπιθυμῆσαι
1508 3438 1797 3495 συνέλαϐον

201 3531 303 3584 καὶ
347 3531 672 3601 ἐκίσσησαν.
719 3532 810 3585 Διὸ
848 3532 911 3602 δὴ
961 3533 1075 3600 τὴν
1109 3530 1432 3602 ἐπιθυμίαν
1473 3532 1654 3596 καλῶς
1686 3534 1799 3586 οὐκ

202 3622 395 3693 ᾔδειν
428 3623 645 3692 ἐλέχθη,
680 3626 727 3677 εί
738 3622 822 3691 μὴ
842 3626 875 3676 ό
890 3624 1073 3691 νόμος
1090 3624 1302 3691 ἔλεγεν
1318 3639 1337 3656 ν
1368 3625 1488 3677 Οὐκ
1512 3623 1799 3692 ἐπιθυμή-

201 3729 371 3779 σεις,
406 3712 528 3765 οὑδέ
573 3712 797 3778 ἐσθίειν,
832 3715 879 3766 εί
925 3712 999 3783 μὴ
1042 3714 1253 3782 εἴρητοο
1286 3714 1369 3765 Οὐ
1399 3711 1663 3781 φάγεσθε
1697 3709 1800 3764 ἀπ’

202 3801 432 3857 αὑτοῦ.
481 3800 760 3855 Ἐντεῦθεν
821 3802 932 3874 γάρ
976 3803 1247 3870 ἐκτήσατο
1303 3802 1560 3871 ἀφορμὴν
1602 3801 1684 3864 είς
1740 3798 1803 3852 τὸ

202 3893 505 3957 διαπαίξαί
535 3911 601 3963 με
622 3895 654 3963 ὴ
678 3894 725 3927 ⁸³
751 3895 1023 3967 ἁμαρτία⁸
1051 3893 1298 3962 δοθείσης
1327 3894 1433 3965 γάρ
1459 3894 1557 3963 τῆς
1584 3893 1803 3963 ἐντολῆς

202 3988 345 4056 ἔσχε
384 3987 557 4058 λαϐὴν
593 3990 620 4042 ὁ
652 3989 898 4055 διάϐολος
959 3988 1405 4059 κατεργάσασθαι
1444 3990 1503 4042 ἐν
1547 3988 1671 4058 ἐμοὶ
1705 3988 1805 4060 τὴν

206 4079 558 4149 ἐπιθυμίανο
610 4080 797 4150 Χωρὶς
822 4083 930 4152 γὰρ
976 4082 1165 4151 νόμου
1214 4082 1254 4150 ἦ
1304 4082 1559 4151 ἁμαρτία
1598 4080 1802 4148 νεκρὰ,

204 4168 334 4227 οἷον
374 4173 437 4226 οὑ
472 4173 724 4244 δοθείσης
766 4174 877 4246 γάρ
909 4174 1008 4243 τῆς
1052 4157 1597 4244 ἐντολῆςᾶπρακτος
1647 4154 1732 4245 ἦν’
1773 4175 1805 4244 ἡ

208 4265 490 4336 ἁμαρτία.
519 4265 667 4336 Ἐγὼ
686 4265 753 4318 δὲ
772 4264 916 4325 ἔζων
940 4267 1043 4336 πρὸ
1064 4266 1161 4333 τῆς
1182 4267 1399 4337 ἐντολῆς
1422 4267 1724 4337 ἀμέμπτως
1737 4265 1803 4323 ⁸⁸.

205 4361 321 4415 οὑκ
358 4358 501 4428 ἔχων
539 4358 809 4428 ἐπιταγὴν
837 4359 961 4411 καθ’
994 4361 1060 4429 ἣν
1098 4359 1205 4411 ἔδει
1237 4360 1637 4414 πολιτεύεσθαι.
1677 4363 1807 4417 Ἐλο-

210 4455 461 4519 θοῦσης
484 4450 551 4503 δὲ
587 4450 696 4519 τῆς
726 4450 983 4519 ἐντολῆς
1005 4452 1042 4519 ἠ
1077 4451 1331 4520 ἁμαρτία
1357 4452 1671 4519 ἀνέζησεν,
1698 4453 1811 4523 ἐγὼ

1899 3256 2129 3310 scientia:
2165 3253 2282 3307 boni
2307 3261 2353 3305 et
2401 3250 2528 3305 mali
2559 3263 2660 3303 non
2697 3244 2891 3317 2941)
2929 3242 3229 3313 comedetis.
3260 3239 3324 3293 In
3350 3256 3484 3310 quo-

1897 3363 2114 3417 cumque
2159 3344 2295 3399 enim
2346 3340 2431 3395 die
2484 3339 2816 3393 comederitis
2873 3351 2937 3391 ex
3012 3352 3096 3398 eo,
3145 3341 3310 3387 morte
3371 3346 3488 3405 mo-

1900 3441 2111 3496 riemini
2151 3449 2196 3503 τ,
2280 3448 2405 3491 tunc
2465 3430 2959 3504 concupiscentiam
3028 3428 3374 3497 arripuerunt
3435 3433 3491 3479 (ι

1898 3537 2280 3599 conceperunt.
2300 3527 2422 3580 Ideo
2442 3527 2578 3579 bene
2600 3522 2807 3578 dictum
2825 3531 2907 3575 est
2928 3539 2942 3574 :
2997 3517 3491 3585 Concupiscentiam

1894 3622 2219 3685 nesciebam,
2252 3618 2352 3672 nisi
2384 3616 2468 3669 lex
2507 3614 2763 3667 dixisset:
2796 3610 2919 3665 Non
2949 3609 3279 3675 concupisces
3302 3617 3348 3657 ε.
3382 3603 3492 3658 Nec

1893 3704 2184 3770 comedere
2211 3702 2676 3780 [appetivissem]
2719 3702 2823 3757 nisi
2870 3702 3076 3756 dictum
3103 3698 3288 3752 fuisset
3319 3714 3335 3749 :
3369 3693 3492 3748 Non

1904 3802 2180 3858 comedetis
2225 3815 2290 3851 ea;
2324 3797 2437 3850 illo.
2481 3795 2616 3849 Hinc
2657 3795 2803 3851 enim
2875 3799 3160 3857 peccatum
3211 3786 3492 3840 mihiillu-

1906 3896 2065 3951 dendi
2122 3894 2467 3949 occasionem
2531 3888 2763 3955 accepit.
2820 3884 2959 3937 Dato
3011 3882 3156 3936 enim
3216 3878 3491 3941 mandato,

1906 3987 2150 4043 diabolus
2182 3984 2523 4041 occasionem
2558 3979 2747 4033 habuit
2777 3975 3052 4031 excitandi
3082 3974 3135 4027 in
3168 3986 3254 4026 me
3285 3984 3487 4023 concu-

1907 4078 2250 4150 piscentiam.
2280 4073 2411 4127 Nam
2444 4073 2559 4126 sine
2593 4070 2713 4139 lege
2744 4076 3027 4137 peccatum
3054 4072 3174 4118 erat
3200 4071 3493 4116 mortuum.

1908 4174 2025 4228 Non
2083 4171 2207 4226 data
2278 4168 2425 4225 enim
2498 4165 2647 4234 lege,
2703 4171 2993 4232 peccatum
3049 4156 3202 4226 quasi
3255 4153 3497 4208 ineﬂicax

1909 4275 2047 4324 erat.
2084 4264 2196 4334 Ego
2234 4248 2414 4317 autem
2456 4258 2701 4315 vivebam
2737 4265 2863 4311 ante
2891 4255 3064 4323 legem
3119 4250 3409 4319 inculpate,
3440 4255 3500 4301 ut

1911 4361 1999 4431 qui
2038 4372 2285 4413 normant
2339 4370 2444 4408 non
2493 4352 2752 4407 haberem
2815 4345 3113 4402 secundum
3154 4357 3315 4413 quam
3353 4339 3500 4394 vive-

1912 4468 2048 4506 rem.
2082 4448 2189 4503 Sed
2225 4463 2342 4502 cum
2368 4446 2591 4499 uenisset
2628 4441 2964 4502 mandatum,
2993 4444 3267 4515 peccatum
3291 4431 3501 4485 revixit.

210 4548 285 4601 se
317 4546 646 4609 ἀπέθανον,
675 4545 775 4600 καὶ
819 4546 1032 4615 εὐρέοη
1080 4565 1182 4617 μοι
1212 4549 1259 4580 ⁸⁵
1310 4549 1347 4615 ἡ
1381 4549 1601 4617 ἐντολὴ
1646 4550 1684 4619 ἠ
1726 4552 1800 4614 εἷς

1918 4542 2028 4613 Ego
2053 4549 2229 4594 autem
2260 4548 2492 4591 mortuus
2517 4549 2657 4597 sum,
2692 4531 3049 4600 etiinventum
3076 4536 3157 4580 est
3194 4524 3322 4578 mihi
3359 4539 3505 4574 umn-

214 4639 406 4706 ζὶυὴν,
438 4639 590 4705 αὕτη
621 4639 666 4670 ³⁸
697 4640 785 4704 εὶς
823 4639 1105 4704 θάνατον,
1155 4639 1237 4693 ὅτι
1287 4640 1427 4709 μετά
1472 4640 1534 4694 τὸ
1584 4640 1811 4709 νομοθε-

190 4733 397 4809 μτῆσαι
427 4731 519 4784 τὸν
562 4730 731 4795 Θεὸν,
775 4730 871 4784 καὶ
914 4731 1319 4786 διαστείλασθαί
1356 4750 1446 4803 μοι
1483 4732 1518 4786 ἃ
1561 4732 1814 4803 ποιητέον

216 4826 326 4879 καὶ
360 4823 435 4895 μὴ
472 4825 723 4891 ποιητέον
744 4864 759 4887 ,
795 4826 1200 4895 κατειργάσατο
1241 4827 1299 4878 ἐν
1330 4825 1451 4895 ἐμοὶ
1495 4824 1594 4896 τὴν
1627 4825 1815 4879 ἐπιθυ-

221 4916 368 4986 μίαν
394 4915 423 4967 ὁ
454 4914 722 4978 διάϐολος.
765 4916 827 4967 Ἦ
880 4916 987 4987 γὰρ
1026 4917 1331 4984 ἐπαγγελία
1362 4916 1454 4969 τοῦ
1481 4915 1615 4969 Θεοῦ
1651 4919 1684 4987 ἡ
1730 4918 1816 4970 δο-

217 5003 391 5058 θεῖσᾶ
424 5020 514 5073 μοι
547 5002 687 5073 αὕτη
720 5005 799 5066 εἰς
830 5003 973 5075 ζωὴν
1014 5006 1109 5057 καὶ
1146 5003 1478 5074 ἀφθαρσίαν,
1511 5004 1599 5057 ἴνα
1634 4996 1819 5058 πειθὸρ

220 5114 398 5169 μενος
424 5096 562 5167 αὑτῇ
610 5096 698 5149 ἀεὶ
740 5096 1004 5150 θάλλοντα
1042 5097 1177 5168 πρὸς
1224 5096 1520 5151 ἀθανασίαν
1555 5097 1667 5167 βίον
1713 5096 1821 5167 ἔχω

217 5191 328 5245 καὶ
376 5186 579 5258 χαρὰν,
608 5186 938 5259 ἀθετήσαντι
988 5188 1158 5255 αὑτὴν
1207 5188 1287 5251 είς
1332 5189 1565 5242 θάνατον
1617 5186 1820 5256 ἀπέϐη,

218 5279 427 5349 ἐπειδὴ
454 5279 483 5332 ό
524 5278 793 5343 διάϐολος,
832 5278 890 5331 ὃν
942 5279 1218 5350 ἁμαρτίαν
1257 5279 1352 5331 νῦν
1405 5271 1559 5341 οὗτος
1595 5277 1820 5330 ἐκάλεσε

219 5372 324 5427 διὰ
351 5370 414 5426 τδ
433 5351 768 5443 δημιουργὸν
800 5370 961 5424 αὑτὸν
984 5371 1261 5443 ἁμαρτίας
1290 5371 1580 5441 ὑπάρχειν,
1602 5370 1691 5423 διά
1719 5368 1821 5427 τῆς

220 5462 459 5535 ἐντολῆς
503 5464 762 5535 ἀφορμὴν
802 5462 984 5516 λαϐὼν
1017 5464 1155 5535 πρὸς
1206 5466 1495 5535 παρακοήν
1540 5462 1823 5532 ἀπατῆσαί

307 5613 340 5655 ιι
366 5599 644 5666 R0m.vn,
671 5600 728 5656 9.
803 5610 833 5651 τι
863 5599 1037 5657 Exod.
1072 5618 1164 5669 xx,
1197 5602 1282 5657 17.
1362 5613 1383 5640 τ
1415 5601 1551 5659 Gen.
1578 5618 1640 5666 ιι,
1662 5602 1748 5655 17.

1916 4610 2096 4686 dolum
2128 4629 2266 4700 quod
2285 4624 2483 4680 eratad
2515 4622 2811 4688 vitamec
2832 4634 2942 4674 esse
2972 4617 3040 4671 ad
3073 4615 3344 4671 mortem‘.
3365 4610 3503 4665 Nam

1927 4735 2050 4795 post
2084 4724 2253 4791 legem
2297 4735 2326 4772 a
2358 4719 2468 4772 Deo
2504 4717 2689 4777 latam,
2725 4722 2780 4767 et
2806 4710 3123 4765 mandatum
3161 4706 3291 4761 mihi
3320 4706 3507 4773 datum

1919 4816 2047 4888 quid
2097 4814 2402 4868 faciendum
2433 4816 2601 4869 esset,
2655 4812 2912 4873 operatus
2955 4810 3037 4856 est
3079 4801 3130 4853 in
3179 4813 3264 4853 me
3304 4812 3503 4888 concu:

1928 4885 2254 4980 piscentiam
2278 4899 2547 4956 diabolus.
2601 4895 2738 4950 Nam
2781 4892 3069 4963 promissio
3101 4885 3508 4963 [praceptum]

1924 4997 2019 5052 Dei
2073 4995 2206 5050 mihi
2262 4993 2387 5048 data
2453 4987 2518 5041 ad
2571 4986 2739 5040 vitam
2799 4994 2852 5038 et
2914 4980 3402 5043 immortalitatem,
3451 4988 3508 5030 ut

1924 5090 2184 5146 obedieus
2250 5086 2358 5152 illi,
2412 5084 2575 5136 vitam
2639 5078 2710 5134 ad
2769 5073 3237 5132 immortalitatem
3294 5086 3510 5138 semper

1924 5184 2351 5242 etilorescentem
2390 5177 2646 5240 habeam,
2690 5182 2746 5229 et
2797 5170 3086 5243 gaudeam,
3142 5166 3507 5221 contemnenti

1925 5278 2070 5332 illam
2108 5273 2167 5329 in
2218 5282 2445 5327 mortem
2493 5268 2693 5323 vertit:
2755 5279 2879 5319 cum
2912 5260 3183 5323 diabolus,
3228 5274 3387 5327 quem
3423 5258 3511 5310 hic

1926 5374 2209 5438 peccatum
2242 5360 2562 5426 nominavit,
2595 5373 2661 5414 eo
2706 5356 2852 5427 quod
2904 5355 3020 5426 ipse
3055 5353 3389 5407 architectus
3416 5361 3513 5399 seu

1940 5466 2130 5512 auctor
2161 5454 2233 5510 sit
2278 5451 2509 5523 peccati,
2548 5449 2641 5520 qui
2693 5454 2942 5517 accepta,
3004 5458 3100 5515 per
3162 5447 3514 5511 praeceptum,

1828 5612 1849 5639 ³
1875 5599 2035 5654 Rom.
2057 5612 2157 5663 vn,
2184 5594 2240 5649 7.
2322 5594 2343 5630 τ
2374 5592 2508 5649 ibid.
2530 5587 2701 5657 9,10.

1551 5695 1786 5752 ἾΔΒΗΕ
1829 5690 2235 5759 LECTIONES.

309 5790 356 5823 ι’
382 5788 575 5859 ὕφεσις
596 5788 637 5841 Α
675 5804 689 5842 :
716 5786 1001 5859 uestigant;
1036 5804 1097 5854 ς.

226 5863 282 5898 ’⁸
315 5876 409 5933 μοι
431 5854 560 5918 add:
587 5860 653 5915 Α.
726 5854 775 5892 ⁸⁸
802 5854 943 5928 αὑτὴ
971 5872 1032 5921 ς.

1200 5789 1245 5820 ³⁸
1278 5789 1391 5860 ἐγὼ
1437 5789 1516 5863 δὲ]
1562 5790 1718 5847 Rom.
1764 5806 1865 5857 νυ,
1889 5792 1945 5856 9.
2042 5785 2088 5819 ⁸³
2122 5781 2303 5856 ήαιιιι.
2338 5781 2406 5835 Δ.
2518 5775 2565 5810 ⁸⁵
2591 5765 2922 5847 ἀμέμπτως]
2956 5766 3079 5839 βίον,
3102 5764 3407 5839 ἄμεμπτον.
3449 5759 3511 5813 Β.
