3954 6456
497 427 634 496 1115

1615 435 1880 500 PHOTII
1917 439 2420 504 PATRIARCHAE
2453 443 2565 505 (ΣΡ.

3603 445 3724 514 1116

493 540 781 598 occasione
819 553 908 595 me
952 555 1053 612 per
1088 539 1509 599 lnobedientiam
1541 543 1879 616 decipiendi,
1909 556 2105 616 decem

2207 568 2265 618 ιε,
2290 551 2580 623 ἀπατήσας
2613 547 2928 613 ἀπέκτεινε,
2954 547 3035 620 τῷ
3055 589 3069 613 ,
3104 541 3188 621 ’ῌ
3215 547 3270 602 δ’
3296 548 3371 606 ἂν
3408 551 3595 622 ἡμέρᾳ
3635 559 3729 627 φά.

498 644 650 704 ptum
677 633 899 699 occidit,
927 633 1043 688 lucc
1067 633 1277 690 scilicet
1322 635 1689 694 damnationis
1765 640 2071 695 sententia:

498 723 845 794 Quacumque
904 725 990 778 die
1042 725 1377 781 comederitis
1427 742 1493 782 ea:
1558 727 1679 793 illo,
1735 730 2076 798 moriemini;

499 829 652 870 reum
675 817 872 887 pergit,
901 826 957 871 ut
981 817 1066 872 lea:
1090 819 1300 888 quidem
1321 829 1509 873 sancta
1528 858 1543 884 ,
1565 829 1617 874 et
1633 831 1948 891 praeceptum
1982 822 2080 878 Dei

501 924 768 977 sanctum,
790 915 994 985 justum
1029 924 1084 971 et
1119 917 1339 979 bonum,
1378 914 1444 969 ad
1474 913 1703 969 salutem
1738 931 1952 986 nempe,
1972 932 2079 972 non

501 1007 569 1061 ad
607 1006 832 1061 exitium
869 1007 1096 1062 datum:
1128 1007 1258 1061 nihil
1294 1008 1440 1061 enim
1491 1005 1683 1062 inutile
1730 1007 1815 1062 vel
1857 1009 2081 1064 noxium

503 1113 535 1152 ε
568 1099 676 1153 Deo
702 1099 818 1153 ﬁeri
846 1099 1143 1154 credimus.
1182 1097 1322 1165 Quid
1347 1100 1514 1168 ergo?
1548 1096 1685 1152 Num
1722 1097 1920 1153 bonum
1949 1097 2082 1154 mihi

505 1203 738 1246 mortem
793 1191 1043 1256 creavit,
1109 1193 1254 1261 quod
1317 1191 1632 1246 mandatum
1701 1189 1834 1245 mihi
1897 1191 2082 1246 datum

506 1279 702 1334 summi
725 1279 852 1334 boni
879 1294 1044 1335 causa
1069 1279 1184 1334 ﬁeri
1209 1278 1476 1335 debebat?
1498 1280 1686 1348 Absit;
1717 1281 1844 1350 quia
1874 1278 1960 1335 lex
1991 1278 2085 1336 Dei

509 1371 640 1425 mihi
677 1384 1016 1440 nequaquam
1064 1384 1227 1424 causa
1258 1369 1380 1435 fuit,
1417 1379 1476 1424 ut
1510 1369 1873 1438 corruptionis
1897 1368 2084 1439 iugum

510 1462 783 1530 subirem,
846 1463 941 1518 sed
989 1460 1270 1526 diabolus;
1321 1470 1382 1516 ut
1443 1475 1539 1532 per
1587 1460 1826 1528 bonum,
1884 1461 2088 1516 malum

511 1556 687 1626 palam
721 1555 896 1619 ﬁeret,
923 1553 1015 1624 qui
1042 1552 1226 1610 eﬂecit
1258 1553 1400 1624 apud
1433 1568 1521 1610 me
1537 1562 1596 1609 ut
1631 1555 1786 1610 ﬂeret
1811 1563 1867 1610 et
1896 1556 2090 1625 depre-

513 1645 844 1701 henderetur
869 1659 1118 1701 summus
1143 1657 1399 1715 peccator
1427 1645 1636 1714 peccati
1663 1653 1718 1701 et
1749 1643 2087 1701 fabricator:

514 1736 726 1792 Scimus
765 1738 902 1792 enim
932 1738 1072 1809 quod
1095 1738 1180 1793 lea:
1219 1738 1513 1810 spiritualis
1551 1747 1696 1806 est“,
1739 1753 1913 1810 eoque
1961 1738 2091 1794 nulli

515 1825 679 1882 ullius
717 1827 898 1881 damni
923 1841 1090 1883 causa
1119 1846 1134 1883 :
1194 1827 1496 1898 spiritualia
1517 1828 1662 1883 enim
1693 1827 1762 1883 ab
1794 1828 2089 1884 irrationali

2175 659 2318 714 τητε
2339 643 2441 698 ἀπ’
2463 641 2673 706 αὑτοῦ,
2687 641 2924 708 θανάτῳ
2935 640 3359 707 ἀποθανεῖσθε,
3384 646 3730 718 κατακρίματι

2177 734 2481 790 ὑπεύθυνον
2507 733 2762 804 γενέσθαι
2791 732 3302 804 κατεργασάμενος.
3350 733 3533 787 Ὥστε
3564 736 3597 788 d
3635 736 3732 804 μὲν

2180 830 2365 898 νόμος
2411 825 2603 894 ἅγιος,
2650 824 2751 878 καὶ
2785 824 2824 893 ὴ
2875 821 3098 891 ἐντολὴ
3143 821 3250 876 τοῦ
3286 821 3436 877 Θεοῦ
3474 825 3610 892 ἁγία
3652 827 3734 881 ml

2180 919 2381 973 δικαία
2414 917 2514 972 καὶ
2545 915 2757 986 ἀγαθὴ,
2799 915 2882 970 δτι
2914 914 2991 986 μὴ
3022 913 3116 967 ἐπὶ
3139 911 3218 985 τῷ
3262 911 3489 983 βλάψαι,
3522 913 3632 968 ἀλλ’
3659 917 3735 970 ἐπὶ

2182 1009 2260 1082 τῷ
2279 1011 2324 1043 ⁸⁷
2361 1011 2534 1065 σῶσαι
2580 1007 2772 1079 ἐδόθη·
2809 1005 2886 1078 μὴ
2925 1004 3035 1076 γὰρ
3063 1004 3307 1076 οἰώμεθα
3328 1002 3376 1037 ⁸⁸
3407 1005 3671 1075 ἀνωφελές
3690 1024 3735 1061 τι

2184 1101 2219 1171 ἢ
2260 1099 2524 1173 βλαϐερὸν
2563 1101 2739 1153 ποιεῖν
2795 1096 2889 1152 τὸν
2931 1095 3089 1150 Θεόν.
3128 1096 3194 1150 Τί
3237 1095 3365 1163 οῦνς
3412 1093 3491 1150 Τὸ
3543 1097 3736 1168 ἀγαθὸν

2185 1189 2316 1260 ἐμοὶ
2359 1189 2600 1260 ἐγένετο
2648 1187 2926 1254 θάνατος,
2969 1185 2998 1239 ὃ
3035 1183 3131 1239 τοῦ
3187 1185 3453 1256 μεγίστου
3494 1202 3583 1256 μοι
3616 1185 3736 1250 ὡς’*

2188 1283 2360 1337 αῐτιον
2395 1281 2656 1354 ἐσόμενον
2685 1278 2896 1350 ἀγαθοῦ
2927 1278 3278 1350 νομοθέτημα
3318 1277 3516 1347 ἐδόθη;
3549 1275 3636 1343 Μὴ
3663 1278 3739 1346 τέ-

2134 1435 2136 1438 ,
2188 1393 2372 1438 νοιτο,
2406 1374 2490 1428 δτι
2521 1373 2598 1445 μὴ
2622 1374 2656 1444 ἡ
2694 1371 2883 1443 ἐντολὴ
2919 1370 3014 1425 τοῦ
3045 1369 3181 1424 Θεοῦ
3224 1371 3305 1434 είς
3332 1368 3394 1422 τὺ
3441 1367 3740 1426 καταδουλω-

2191 1463 2353 1534 θῆναί
2387 1480 2455 1535 με
2479 1463 2696 1531 ἐγένετο
2716 1463 2785 1532 τῇ
2818 1461 2995 1530 φθορᾷ
3024 1459 3070 1492 ’⁸
3101 1457 3274 1525 αἰτία,
3307 1455 3423 1512 ἀλλ’
3451 1459 3481 1510 δ
3507 1455 3741 1526 διάϐολος,

2192 1555 2282 1610 ἵνα
2311 1553 2601 1626 φανερωθῇ
2638 1551 2730 1606 διὰ
2761 1549 2856 1606 τοῦ
2893 1549 3103 1619 ἀγαθοῦ
3135 1547 3197 1604 τὸ
3236 1547 3411 1604 κακὸν
3452 1547 3576 1620 ἐμοὶ
3601 1565 3743 1606 κατα-

2193 1648 2486 1713 σκευάσας,
2513 1647 2603 1702 ἴνα
2619 1645 2843 1717 γένηται
2872 1644 2967 1698 καὶ
2998 1642 3229 1715 ἐλεγχθῇ
3269 1640 3396 1695 καθ’
3425 1640 3745 1713 ύπερϐολὴνδ

2193 1740 2419 1812 εὑρετὴς
2447 1739 2543 1810 τῆς
2584 1736 2860 1810 ἁμαρτίας
2886 1733 3228 1807 ἁμαρτωλός.
3253 1732 3385 1806 [483
3413 1729 3507 1803 Η.]
3523 1731 3746 1802 Οἴδαμεν

2194 1832 2286 1887 ὅτι
2312 1835 2345 1888 ὀ
2373 1833 2561 1901 νόμος
2578 1829 2710 1885 ἐστὶ
2738 1826 3165 1899 πνευματικὸς,
3189 1825 3270 1880 διὸ
3297 1824 3398 1880 καὶ
3429 1823 3581 1877 οὐδὲν
3603 1824 3748 1889 αἴτιος

515 1919 956 1989 concupiscentia
1013 1929 1070 1975 et
1123 1930 1348 1992 peccato
1395 1923 1583 1991 procul
1638 1922 1922 1978 habitant:
1979 1919 2094 1993 Ego

2207 1926 2306 1996 μὰρ
2339 1924 2545 1996 βλάϐης
2566 1922 2767 1978 ούδενίυ
2787 1923 2976 1994 πόρῤω
3008 1921 3117 1991 γὰρ
3152 1917 3450 1989 ἐπιθυμίας
3474 1915 3656 1985 ἀλόγου
3673 1917 3750 1971 καὶ

518 2024 696 2068 autem
722 2013 956 2068 carnalia
983 2030 1122 2078 sum,
1155 2016 1486 2069 venundatus
1519 2016 1615 2070 sub
1633 2015 1915 2084 peccatis',
1944 2015 2097 2084 quasi

519 2105 756 2162 diceret:
788 2104 898 2176 Ego
933 2117 1116 2161 autem
1152 2107 1389 2162 carnalis
1422 2122 1568 2173 sum,
1594 2119 1648 2162 et
1675 2107 1728 2162 iu
1760 2108 1939 2162 medio
1974 2107 2099 2162 boni

521 2205 579 2250 et
617 2195 742 2250 mali
779 2195 832 2250 in
880 2195 1056 2251 libero
1105 2197 1332 2252 arbitrio
1379 2197 1730 2262 constitutus,
1772 2207 1834 2252 ut
1884 2198 1936 2252 in
1984 2213 2100 2252 mea

522 2295 796 2356 potestate
816 2287 909 2351 sit,
939 2287 1067 2356 quid
1096 2286 1298 2357 295a
1324 2287 1481 2342 velim
1509 2287 1741 2358 eligere:
1769 2285 1935 2341 Posui
1961 2288 2102 2341 enim

523 2389 646 2433 ante
670 2376 859 2447 faciem
905 2389 1075 2444 tuam,
1123 2379 1318 2448 inquit,
1367 2380 1530 2432 vitam
1579 2389 1629 2433 et
1678 2391 1896 2433 mortem
1914 2391 1962 2433 ι.
1989 2379 2101 2449 Ego

525 2485 731 2542 pronus
788 2470 856 2525 ad
905 2470 1211 2525 violandam
1253 2470 1422 2540 legem
1467 2471 1805 2541 spiritualem
1855 2471 2106 2528 videlicet

525 2561 819 2631 praecepti;
873 2569 929 2616 et
962 2559 1316 2634 [promptus]
1354 2561 1421 2616 ad
1457 2562 1790 2617 materialem
1819 2560 1952 2634 [seu
1984 2577 2106 2618 car-

529 2651 744 2725 nalem]
790 2654 1061 2724 serpentis
1113 2654 1370 2709 videlicet
1421 2655 1849 2724 suggestionem,
1888 2665 2108 2726 propter

531 2745 674 2802 hanc
712 2747 1036 2801 electionem
1093 2747 1433 2800 venundatus
1482 2746 1652 2801 cecidi
1697 2746 1752 2801 in
1798 2757 2105 2818 peccatum,

527 2839 797 2894 obnoxius
825 2837 1062 2893 diabolo.
1092 2837 1227 2894 Hinc
1253 2853 1384 2907 ergo
1411 2838 1670 2895 obsidens
1719 2854 1805 2894 me
1827 2849 2105 2909 peccatum

530 2930 730 2993 insidet
761 2939 817 2984 et
884 2929 1075 2985 incolit
1115 2938 1281 2997 atque
1316 2929 1589 2985 inhabitat
1641 2929 1695 2985 in
1740 2945 1910 2986 carne
1964 2946 2106 2996 mea,

528 3034 690 3090 pana
726 3018 856 3075 mihi
886 3019 1060 3088 legem
1097 3018 1481 3088 prtevaricanti
1517 3018 1787 3089 imposita,
1819 3029 1879 3074 ut
1909 3034 2112 3075 venun-

530 3113 691 3166 darer
714 3121 954 3180 peccato.
987 3109 1126 3165 Hinc
1157 3109 1287 3163 illud
1316 3109 1519 3163 dictum
1547 3126 1562 3164 :
1595 3107 1750 3174 Quod
1787 3125 1976 3179 operor
2006 3125 2112 3165 non

530 3203 807 3274 intelligo;
849 3213 899 3259 et
925 3203 1063 3271 quod
1097 3203 1206 3266 odi,
1232 3203 1374 3274 facio
1393 3211 1456 3268 Y;
1491 3215 1596 3256 non
1622 3211 1708 3257 est
1740 3203 1806 3257 de
1836 3202 1994 3259 factis
2027 3204 2112 3258 itt-

2197 2017 2474 2089 ἁμαρτίας
2499 2016 2836 2087 ἐσκήνηνται
2860 2014 2932 2068 τὰ
2958 2010 3331 2084 πνευματικά.
3364 2007 3521 2079 Ἐγὼ
3543 2008 3608 2062 δὲ
3632 2008 3751 2077 σάρ-

2200 2112 2368 2176 κινός
2406 2112 2543 2179 ειμι,
2586 2105 2968 2178 πεπραμένος
3004 2104 3124 2162 ὑπὸ
3171 2103 3290 2174 τὴν
3320 2102 3634 2173 ἁμαρτίαν.
3662 2096 3750 2155 οἷον

2200 2202 2311 2271 ἐγὼ
2341 2203 2398 2256 δέ
2424 2202 2681 2274 σάρκινος
2734 2199 2832 2264 ὢν,
2874 2199 2968 2252 καὶ
3015 2199 3073 2250 ἐν
3109 2196 3262 2267 μέσῳ
3306 2194 3405 2250 τοῦ
3436 2192 3636 2262 ἀγαθοῦ
3675 2193 3753 2246 καὶ

2202 2292 2444 2365 πονηροῦ
2486 2291 2853 2354 κατασταθεὶς
2889 2289 2965 2354 ὡς
2992 2287 3360 2354 αύτεξούσιος,
3404 2286 3498 2341 ῐνα
3546 2285 3627 2339 ἐπ’
3655 2283 3754 2355 ἐμοὶ

2203 2384 2418 2443 ἑλέσθαι
2471 2382 2500 2435 δ
2557 2381 2818 2452 βούλομαι
2867 2376 3215 2452 ᾗ(Τέθεικα
3269 2375 3419 2446 γὰρ,
3470 2375 3631 2444 φησι,
3662 2373 3756 2442 πρὸ

2205 2472 2534 2545 προσώπου
2565 2474 2608 2505 ’ί
2638 2486 2756 2527 σου
2782 2471 2828 2504 ⁹¹
2859 2469 2976 2537 τὴν
3013 2467 3166 2536 ζωὴν
3197 2466 3297 2522 καὶ
3321 2466 3436 2520 τὸν
3469 2464 3753 2535 θάνατον),

2205 2564 2407 2628 νεύσας
2440 2561 2579 2632 πρὸς
2620 2561 2682 2616 τὸ
2729 2559 3077 2632 παρακοῦσαι
3126 2557 3227 2628 μὲν
3267 2555 3363 2611 τοῦ
3414 2554 3755 2625 πνευματικοῦ

2204 2657 2397 2728 νόμου,
2425 2650 2538 2710 οἷον
2585 2654 2686 2725 τῆς
2735 2652 2981 2723 ἐντολῆς,
3011 2648 3316 2706 ἐπακοῦσαι
3343 2649 3403 2704 δὲ
3446 2648 3543 2702 τοῦ
3580 2645 3755 2712 ύλικοῦ,

2206 2747 2320 2805 οἷον
2351 2749 2446 2803 τοῦ
2484 2749 2662 2818 δφεως
2686 2745 2786 2817 τῆς
2832 2743 3187 2816 συμϐουλίας,
3221 2743 3524 2812 πέπραμαι
3569 2741 3649 2794 διὰ
3679 2740 3757 2812 τὴν

2208 2843 2468 2914 τοιαύτην
2520 2841 2755 2912 αἵρεσιν,
2797 2838 2926 2912 [915
2955 2836 3043 2908 8.]
3087 2836 3268 2889 πεσὼν
3317 2834 3428 2888 ὑπὸ
3466 2833 3564 2904 τὴν
3606 2833 3757 2903 ἀμαρ-

2208 2936 2354 3000 τίαν,
2398 2933 2477 3005 τῷ
2521 2932 2778 3005 διαϐόλῳ.
2828 2930 2995 2985 Ὅθεν
3025 2927 3281 2984 ἐντεῦθεν
3312 2923 3679 2996 πολιορκῆσάν
3707 2941 3758 2993 με

2209 3029 2273 3083 τὸ
2294 3026 2464 3083 κακὸν
2490 3026 2749 3092 ἐνιζάνει,
2799 3024 2896 3079 καὶ
2950 3019 3377 3094 ἐμπολιτεύεται
3413 3016 3761 3085 είσοικῆσαν⁹⁸

2213 3121 2271 3174 ἐν
2297 3121 2362 3191 τῇ
2391 3118 2556 3190 σαρκί
2588 3134 2712 3188 μου,
2737 3115 2897 3186 δίκης
2934 3112 3277 3183 ἐπιτεθείσης
3307 3127 3400 3182 μοι
3443 3107 3544 3178 τὴν
3581 3107 3762 3177 ἐντολὴν

2214 3212 2542 3281 ἀθετήσαντι
2571 3207 2846 3280 πραθῆναι
2875 3204 2955 3276 τῷ
2997 3202 3174 3274 κακῷ.
3211 3201 3302 3255 Διδ
3346 3199 3448 3254 καὶ
3474 3199 3568 3253 τόο
3604 3200 3677 3252 οὐ
3700 3216 3764 3266 γι-

533 3293 905 3365 telligemlum,
932 3296 1027 3350 sed
1052 3296 1120 3349 de
1146 3295 1263 3350 solo
1283 3294 1544 3365 cogitatu.
1564 3292 1749 3364 Neque
1778 3296 1921 3351 enim
1944 3305 2028 3353 est
2053 3296 2105 3352 in

2213 3277 2427 3357 νώστέω
2452 3299 2485 3354 δ
2511 3277 2962 3368 κατεργάζομαι,
3009 3293 3138 3349 καί·
3169 3291 3324 3347 noua
3371 3290 3405 3345 δ
3429 3288 3612 3361 μισῶ,
3641 3288 3765 3357 λεγόε

531 3396 720 3442 nostra
753 3396 1019 3456 potestate
1041 3388 1281 3456 cogitare
1325 3395 1420 3439 aut
1446 3399 1552 3440 non
1583 3387 1825 3455 cogitare
1856 3387 2110 3443 absurda:

534 3477 631 3532 sed
665 3477 763 3539 uti,
801 3476 885 3531 vel
915 3492 1020 3531 non
1053 3476 1130 3531 uti
1158 3475 1588 3547 cogitationibus
1629 3477 1806 3546 reipsa
1852 3476 1906 3532 in
1959 3478 2115 3534 nobis

534 3576 639 3622 est.
676 3565 810 3620 Nam
829 3581 1022 3621 arcere
1049 3567 1414 3636 c0gitationes
1433 3567 1508 3621 uti
1540 3567 1696 3621 nobis
1725 3582 1828 3622 non
1855 3567 2115 3636 incidant,

537 3673 646 3714 non
682 3671 991 3728 possumus,
1027 3672 1150 3713 cum
1179 3657 1402 3712 aliunde
1422 3666 1702 3729 suggestas
1726 3658 2074 3714 admittamus
2100 3675 2115 3713 :

536 3750 631 3806 sed
656 3750 990 3817 consentire,
1019 3758 1112 3804 aut
1137 3759 1358 3819 patrare
1386 3764 1496 3804 non
1544 3750 1806 3818 cogimur.
1825 3747 2117 3819 Propterea

544 3839 692 3896 Velle
721 3841 849 3894 mihi
883 3841 1092 3913 quidem
1127 3840 1360 3910 adjacet,
1387 3855 1454 3895 ne
1488 3841 1627 3895 mala
1655 3841 1924 3910 cogitem;
1956 3843 2119 3911 perﬁ-

536 3942 858 3997 cereautem,
888 3942 947 3987 ut
968 3931 1056 3986 illa
1088 3932 1457 4002 exstinguam,
1485 3946 1554 3986 ne
1579 3930 1813 3999 amplius
1837 3933 2003 3987 menti
2030 3947 2120 3986 oc-

2221 3412 2379 3468 μενον
2413 3392 2513 3446 οὐκ
2542 3391 2638 3445 ἐπὶ
2669 3387 2766 3444 τοῦ
2809 3388 3005 3460 δρᾶσαι
3047 3385 3108 3440 τὸ
3137 3384 3344 3455 φαῦλον
3391 3381 3764 3454 παραληπτέον,

2218 3485 2337 3540 ἀλλ’
2367 3483 2462 3538 ἐπὶ
2484 3482 2578 3537 τοῦ
2612 3482 2774 3554 μόνον
2805 3478 3198 3551 ἐνθυμηθῆναι.
3230 3477 3305 3531 Ού
3334 3476 3450 3547 γὰρ
3481 3475 3566 3546 ἐφ’
3586 3473 3768 3545 ἡμῖντὸ

2219 3573 2629 3647 ἐνθυμεῖσθαιῆ
2660 3570 2736 3644 μὴ
2769 3568 3122 3640 ἐνθυμεῖσθαι
3155 3569 3334 3621 κεῖται
3355 3567 3428 3620 τὰ
3456 3561 3768 3625 lammina

2216 3667 2280 3722 τὸ
2317 3665 2556 3739 χρῆσθαι
2586 3665 2620 3735 ἢ
2653 3663 2729 3735 μὴ
2758 3661 2998 3735 χρῆσθαι
3038 3661 3154 3723 τοῖς
3207 3657 3580 3728 ἐνθυμήμασι.
3612 3651 3768 3708 Κωλῦ·

2221 3775 2311 3812 σαι
2349 3757 2449 3828 μὲν
2492 3757 2602 3827 γὰρ
2637 3755 2860 3809 πίπτειν
2912 3753 2996 3816 είς
3045 3752 3196 3823 ἡμᾶς
3241 3752 3369 3815 τοὺς
3401 3748 3684 3818 λογισμοὺς
3721 3745 3767 3798 οὐ

2220 3849 2520 3922 δυνάμεθα,
2559 3845 3011 3918 προσδεχομένων
3047 3844 3206 3916 ἡμῶν
3247 3842 3452 3909 ἔξωθεν
3489 3837 3769 3909 είσπνεομιέ-

2223 3962 2346 4009 νους
2366 3959 2380 3974 ·
2412 3941 2487 4014 μὴ
2515 3941 2806 4012 πεισθῆναι
2843 3938 3029 4010 μέντοι
3056 3937 3088 4008 ἢ
3130 3937 3206 4008 μὴ
3237 3934 3481 4008 χρῆσθαι
3511 3931 3767 4001 δυνάμεθα.

539 4034 791 4090 currant,
825 4041 927 4079 non
961 4025 1125 4079 habeo
1151 4033 1198 4077 ι.
1232 4022 1369 4090 Quia
1395 4025 1519 4092 hoc,
1543 4034 1600 4078 ut
1629 4023 1874 4079 dicebam
1902 4039 2008 4078 non
2041 4038 2099 4078 es

2222 4037 2313 4091 Διὸ
2355 4037 2416 4090 τὸ
2449 4036 2549 4107 μὲν
2599 4034 2772 4088 θέλειν
2815 4031 2957 4087 αὐτὰ
2988 4031 3065 4104 μὴ
3116 4029 3494 4101 ἐνθυμηθῆναι
3544 4025 3769 4096 παρακεῖ-

540 4117 594 4171 in
644 4126 828 4172 nostra
868 4125 1159 4186 potestate,
1189 4126 1248 4171 ut
1272 4115 1343 4170 sit
1383 4130 1579 4171 sensus
1609 4116 1732 4172 talis
1765 4116 1926 4187 hujus
1958 4117 2120 4173 dicti:

545 4207 672 4263 Non
698 4209 858 4275 enim,
889 4210 1028 4278 quod
1083 4207 1199 4263 volo
1251 4208 1444 4261 bonum
1503 4208 1668 4274 facio.
1701 4206 1834 4262 Volo
1879 4209 2021 4264 enim
2056 4223 2124 4263 ne

540 4303 780 4375 cogitare
806 4302 1048 4372 quidem,
1075 4316 1195 4372 qua:
1238 4301 1370 4356 mihi
1421 4309 1681 4366 noceant;
1763 4300 1864 4356 hoc
1920 4300 2121 4356 etenim

539 4394 745 4450 bonum
789 4407 1014 4462 prorsus
1064 4391 1398 4463 inculpatum
1447 4400 1554 4446 est.
1605 4389 1672 4446 Et
1711 4392 1811 4446 hoc
1870 4389 2122 4460 quidem,

541 4485 686 4556 quod
717 4485 840 4541 volo
874 4485 1072 4540 bonum
1096 4524 1112 4550 ,
1144 4501 1252 4540 non
1287 4483 1456 4550 facio;
1491 4483 1634 4553 quod
1674 4498 1793 4537 vero
1817 4482 1956 4546 nolo,
1986 4483 2125 4551 facio

2227 4129 2350 4184 σθαι
2375 4128 2446 4193 ’⁵,
2483 4127 2547 4182 τὸ
2596 4129 2654 4183 δὲ
2708 4123 3156 4198 κατεργάσασθαι
3182 4125 3262 4186 είς
3303 4121 3365 4174 τὸ
3395 4118 3672 4189 ἀφανίσαι,
3704 4115 3770 4168 ἵνα

2229 4223 2308 4295 μὴ
2341 4221 2387 4254 ⁸³
2441 4219 2598 4284 αὖθις
2637 4220 2767 4290 περὶ
2818 4217 2912 4272 τὸν
2946 4215 3210 4286 λογισμὸν
3251 4212 3571 4275 ἀνέλθωσιν,
3603 4207 3676 4273 οὓ,
3707 4207 3769 4261 ὅτι

2229 4315 2306 4386 μὴ
2361 4315 2541 4368 κεῖται
2588 4309 2746 4365 τοῦτο
2794 4309 2881 4381 ἐφ’
2908 4309 3062 4380 ἡμῖν,
3099 4307 3175 4372 ὡς
3205 4305 3361 4375 ἔφην.
3411 4298 3672 4368 Ὧς⁶εῐναι
3704 4300 3771 4352 τὸν

2229 4405 2355 4460 νοῦν
2385 4403 2629 4458 τοιοῦτον
2656 4401 2753 4456 τοῦ
2787 4400 2953 4472 ῥητοῦ
2975 4416 2988 4430 ⁸
3007 4400 3091 4454 Οὐ
3117 4398 3228 4468 τὰρ
3253 4398 3284 4452 ὃ
3310 4395 3470 4451 θέλω
3506 4392 3646 4448 ποιῶ
3667 4391 3773 4460 dra-

2231 4499 2357 4553 θόν.
2378 4497 2530 4551 Θέλω
2559 4495 2666 4566 γὰρ
2691 4494 2766 4566 μὴ
2797 4491 3151 4563 ἐνθυμεῖσθαι
3184 4490 3221 4546 ἃ.
3247 4489 3477 4560 βλάπτει
3507 4504 3593 4558 με,
3619 4482 3772 4550 ἐπειδὴ

543 4578 742 4633 malum
763 4589 813 4636 ι.
851 4575 988 4632 Nolo
1015 4577 1278 4646 cogitare,
1297 4575 1585 4646 cogitando
1604 4573 1823 4628 interitu
1857 4589 1977 4642 qua:
2004 4575 2105 4628 ltOlt

2229 4591 2386 4645 τοῦτο
2414 4591 2476 4644 τὸ
2509 4587 2714 4658 ἀγαθὸν
2749 4587 3112 4657 πανάμωμον.
3142 4581 3253 4637 Καὶ
3278 4581 3441 4636 τοῦτο
3475 4579 3592 4652 μέν,
3620 4577 3646 4630 ὃ
3666 4575 3772 4629 θέλω

541 4670 803 4740 cogitare.
861 4669 1039 4738 Atque
1112 4675 1332 4737 propter
1393 4666 1508 4720 hac
1577 4665 1692 4733 ipsa
1749 4664 1888 4718 forte
1955 4663 2105 4718 Davit

2231 4682 2456 4752 ἀγαθὸν,
2491 4649 2754 4735 οὐνποιῶο
2786 4678 2816 4732 δ
2843 4649 2913 4732 δέ.
2945 4649 3022 4750 μη
3055 4676 3216 4742 θέλω,
3266 4649 3503 4746 πράσσω
3531 4669 3701 4731 κακὸν,
3725 4666 3770 4718 οὗ

543 4759 712 4818 Deum
737 4756 1047 4832 [supplex]
1096 4756 1269 4823 adiit,
1304 4755 1478 4810 iratus
1519 4755 1943 4824 cogitationibus
1988 4759 2121 4821 suis,

543 4868 682 4923 quas
710 4867 904 4923 passus
939 4859 1025 4905 est
1061 4849 1293 4905 invitus:
1345 4847 1423 4901 Ab
1482 4846 1704 4901 occultis
1755 4849 1883 4901 meis
1928 4848 2123 4900 munda

543 4961 649 5010 tne,
675 4953 725 4998 et
759 4945 822 4998 ab
845 4943 1033 4998 alienis
1055 4958 1210 5010 parce
1265 4957 1414 4996 servo
1437 4953 1551 4994 tuo.
1583 4938 1643 4994 Si
1680 4939 1781 4993 mei
1807 4956 1908 4993 non
1929 4938 2126 5010 fuerint

541 5037 824 5100 dominati,
879 5046 1003 5089 tunc
1058 5034 1431 5088 inmaculatus
1481 5051 1591 5097 ero,
1636 5042 1684 5087 et
1726 5032 2049 5087 emundabor
2093 5047 2124 5083 a

541 5127 734 5181 delicto
784 5142 973 5196 magno
993 5125 1044 5179 ι).
1090 5125 1158 5180 Et
1195 5125 1310 5195 ipse
1348 5124 1643 5194 Apostolus
1668 5122 1833 5176 alibi:
1885 5117 2125 5175 Consilia

539 5222 888 5285 destruentes,
933 5229 984 5273 et
1033 5236 1238 5274 omnem
1291 5218 1631 5272 altitudinem
1685 5214 2013 5268 extollente»:
2073 5231 2128 5268 se

539 5313 796 5392 adversus
823 5314 1101 5368 scientiam
1128 5311 1249 5379 Dei,
1267 5322 1314 5366 et
1355 5312 1409 5364 in
1453 5310 1811 5379 captivitatem
1843 5309 2130 5379 redigeutes

541 5421 749 5460 omrent
781 5407 1102 5462 intellectum
1125 5408 1181 5461 in
1204 5405 1505 5471 obsequium
1529 5402 1728 5458 Christi
1759 5413 1808 5456 σε.

667 5544 824 5600 Rom.
857 5562 953 5611 vtt,
1015 5545 1103 5600 14.
1179 5543 1364 5598 'ibial.

546 5619 634 5684 15,
672 5615 760 5676 14.
838 5629 861 5657 ο
897 5615 941 5672 ll
977 5617 1105 5672 Cor.
1141 5631 1194 5681 ε,
1229 5615 1284 5679 4,
1309 5614 1362 5669 5.

1450 5556 1476 5584 ι
1504 5543 1662 5598 Dcut.
1705 5541 1942 5608 xu,l5.
2023 5549 2053 5590 1
2088 5538 2246 5596 Rom.
2284 5554 2387 5606 vn,
2429 5538 2516 5594 15.

2231 4771 2402 4826 θέλων
2430 4767 2750 4835 ἐννοεῖσθαι,
2794 4766 2890 4820 καὶ
2942 4764 3294 4836 ἐννοούμενος
3322 4762 3359 4818 θ.
3392 4762 3469 4833 μὴ
3502 4760 3652 4815 θέλω.
3689 4754 3772 4809 Καὶ

2231 4860 2602 4931 ἐπισκέψασθε
2659 4859 2708 4914 εί
2761 4857 2839 4930 μὴ
2893 4855 2982 4910 διὰ
3033 4854 3207 4910 ταῦτα
3256 4853 3397 4908 αὐτά
3442 4853 3539 4908 καὶ
3578 4853 3606 4906 δ
3645 4844 3772 4902 suos

2231 4951 2555 5021 ἐνετύγχανε
2583 4949 2662 5020 τῷ
2689 4947 2838 5019 Θεῷ,
2860 4945 3227 5017 δυσχεραίνων
3266 4943 3359 4997 ἐπὶ
3391 4942 3469 5013 τῷ
3503 4935 3773 5010 λογίζεσθαι

2229 5042 2326 5096 καὶ
2342 5041 2504 5094 αὐτὸν
2520 5040 2556 5095 ἃ
2574 5040 2649 5112 μὴ
2669 5038 2883 5111 ἢθελεν·
2911 5037 3052 5091 Ἀπὸ
3075 5034 3194 5090 τῶν
3213 5035 3484 5104 κρυφίων
3495 5050 3612 5104 μου
3631 5027 3773 5083 καθά-

2231 5134 2418 5202 ρισόν
2441 5150 2538 5202 με,
2571 5131 2668 5186 καί
2700 5131 2820 5186 ἀπὸ
2848 5132 2897 5164 ³⁸
2923 5127 3261 5195 ἀλλοτρίων
3285 5125 3493 5197 φεῖσαι
3524 5123 3626 5179 τοῦ
3669 5118 3774 5174 δού-

2233 5224 2350 5275 λου
2400 5236 2539 5275 σου.
2597 5221 2740 5275 Ἐὰν
2783 5219 2868 5290 μή
2926 5237 3048 5289 μου
3108 5215 3642 5285 κατακυριεύσωι,
3669 5213 3772 5263 τότε

2235 5311 2473 5381 ἄμωμος
2508 5311 2723 5380 ἔσομαι
2771 5309 2871 5364 καί
2917 5306 3439 5378 καθαρισθήσομαι
3477 5302 3596 5359 ἀπὸ
3629 5301 3776 5368 ἀμαρ-

2238 5401 2372 5468 τίας
2387 5399 2679 5470 μεγάὶης.
2709 5400 2820 5454 Καὶ
2842 5399 3006 5464 αὐτὸς
3038 5397 3096 5452 δὲ
3122 5399 3151 5452 ὁ
3185 5393 3512 5458 Ἀπόστολος
3541 5393 3598 5446 ἐν
3643 5388 3777 5457 ἐτὲρῳ

2593 5547 2618 5576 ³
2652 5537 2785 5594 ibid.
2826 5535 2915 5592 18.
2991 5548 3019 5577 ι
3055 5534 3187 5592 ibid.
3215 5531 3303 5589 l9.
3411 5529 3440 5572 δ
3472 5526 3611 5585 Psal.
3650 5534 3776 5581 mu.

1860 5723 2095 5780 VAlllE
2156 5721 2575 5780 LECTIONES.

617 5826 664 5858 ⁸⁷
697 5825 777 5896 τῷ
799 5825 841 5878 Β
874 5841 886 5877 :
916 5825 980 5878 τὸ
1003 5841 1063 5889 ς’.
1139 5823 1185 5857 ⁸⁸
1210 5822 1451 5896 οἰόμεθα
1479 5838 1539 5886 ς.

547 5896 685 5967 φησὶ
709 5914 772 5960 ς.
845 5896 893 5928 ⁹¹
921 5912 1015 5967 σου
1044 5911 1156 5949 om.
1191 5912 1254 5960 ς.

548 5959 765 6026 videtur
789 5966 1138 6040 παράκειται.
1203 5959 1264 6002 ί⁹⁸
1304 5966 1390 6025 ἵνα
1421 5963 1499 6038 μὴ
1531 5959 1922 6019 -ἀνέλθωσιν

1691 5819 1769 5883 ὡς
1813 5818 2041 5904 ειτηερ..
2090 5818 2136 5851 ’⁸
2159 5819 2225 5900 si
2264 5815 2472 5904 $02941
2504 5816 2550 5904 ἢ
2567 5813 2792 5904 909.8%?
2819 5815 2862 5868 Β
2889 5822 2945 5869 ει
2975 5804 3501 5904 ερξτέὲ;--.⁹,’.ῐξέῗ²τ
3525 5813 3777 5904 τηίοἱῗιῖῗζῒ

1330 5896 1377 5928 ’³
1408 5885 1724 5962 είσὸικῆσαν
1749 5904 1895 5945 t'orr.
2026 5885 2329 5957 ἐνοικῆσαί
2353 5885 2390 5940 Β
2415 5885 2824 5941 ἐἐίσοικείσθαι
2848 5903 2913 5950 ς.
3007 5885 3056 5915 ³⁵
3089 5885 3461 5948 παρακεῖσθαι
3487 5885 3500 5946 ι
3534 5885 3652 5940 leget

1330 5983 1390 6025 να
1421 5963 1499 6030 μὴ
1531 5995 1600 6006 -
1628 5959 1922 6019 ἀνέλθωσιν
2020 5975 2034 6013 :
2061 5959 2151 6015 ἵνα
2176 5958 2270 6013 uati.
2300 5987 2369 6000 —
2401 5956 2478 6030 μὴ
2494 5954 2792 6012 ἀνέλθωσιν
2830 5972 2892 6020 ς.
2966 5955 3012 5988 ⁸⁸
3035 5948 3334 6023 ἁπτὸς-1⁵5³1.
3365 5961 3491 6003 xvm
3514 5984 3530 6010 ,
3573 5941 3652 5997 15.

3007 5882 3056 5915 ³⁸
3089 5869 3501 5948 παρακεῖσθαι]
3532 5869 3775 5948 legendum
