3954 6410
573 365 720 436 1119.

1721 369 1984 432 PHOTII
2020 365 2524 430 PATRIARCHAE
2561 368 2669 431 (ΖΡ.
2779 427 2784 438 ,

3668 372 3774 442 1120

569 465 720 532 exuti
764 490 973 542 sumus,
1023 485 1079 532 et
1128 476 1324 550 296a
1371 477 1639 547 corporali
1691 479 2148 548 concupiscientia

2264 476 2517 549 σωθέντες
2555 477 2612 530 δὲ
2666 473 2962 548 ἐπιθυμίας
3023 478 3216 549 ὑλικῆς
3238 481 3366 551 ,τίῆν
3423 480 3453 532 6
3493 473 3776 554 πολύτρῶως

573 565 801 636 impleti,
833 580 995 635 quam
1036 568 1266 623 callidus
1293 569 1449 624 nobis
1475 584 1701 637 serpens
1738 568 1982 623 immisit.
2012 567 2146 622 Hinc

575 657 718 712 Deus
759 667 1010 722 mortem,
1044 673 1151 728 qua
1195 659 1402 713 deleret
1447 660 1497 712 in
1536 661 1689 715 nobis
1714 670 2015 727 peccatum,
2045 675 2148 714 cx-

573 747 855 816 cogitavit,
883 757 941 801 ut
983 762 1050 803 ne
1084 749 1135 802 in
1168 750 1341 814 nobis,
1384 750 1427 804 si
1473 749 1809 804 immortales
1855 751 2150 805 mansisse-

580 853 718 898 mus,
747 839 909 892 etiam
952 837 1390 907 concupiscentia
1436 853 1648 908 semper
1693 839 2018 908 repullulans
2048 840 2150 892 itn-

579 926 823 980 mortalis
856 937 1019 983 esset.
1075 927 1224 983 Unde
1263 928 1550 997 Apostolus
1589 946 1602 980 :
1659 926 1778 981 Scia
1823 929 1960 980 enim
2009 927 2152 996 quod

579 1034 682 1070 non
728 1019 924 1072 habitet
958 1020 1011 1073 in
1051 1035 1155 1084 me,
1202 1020 1298 1072 hoc
1345 1029 1442 1084 est,
1480 1018 1533 1072 in
1563 1035 1722 1072 carne
1757 1035 1894 1082 mea,
1929 1020 2155 1085 bonum;

581 1105 722 1172 quod
754 1122 873 1160 cum
901 1107 1054 1173 dicit,
1101 1106 1212 1160 vult
1249 1106 1537 1160 declarare”
1567 1116 1844 1175 peccatum
1883 1106 1935 1160 in
1970 1107 2148 1171 nobis,

581 1208 704 1265 post
738 1199 1261 1268 praevaricationem,
1297 1213 1392 1267 per
1431 1198 1928 1267 concupiscentiam
1972 1199 2152 1252 nidili-

581 1292 938 1360 casse,'cujus
974 1291 1119 1345 velut
1163 1306 1299 1345 nova
1335 1293 1604 1361 germina,
1637 1292 2000 1359 cogitationes
2029 1307 2155 1344 car-

583 1399 706 1440 nem
763 1384 1038 1438 titillantes
1089 1383 1142 1438 in
1193 1384 1351 1439 nobis
1390 1398 1606 1452 semper
1666 1383 1993 1438 excitantur.
2041 1381 2156 1436 Duo

581 1472 727 1524 enim
759 1471 1145 1541 cogitationum
1167 1488 1363 1542 genera
1383 1471 1674 1536 exsistunt,
1703 1471 1930 1525 alterum
1958 1486 1987 1524 a
2023 1487 2156 1526 con-

584 1563 957 1632 cupiscientia,
990 1579 1049 1620 se
1097 1566 1147 1618 in
1180 1579 1378 1634 corpus
1409 1573 1656 1618 nostrum
1702 1563 2031 1625 insinuante.
2064 1581 2160 1618 na-

588 1663 718 1720 tum,
753 1656 893 1724 quod
915 1669 1001 1723 ex
1049 1671 1233 1719 sensu,
1259 1665 1318 1710 ut
1347 1655 1480 1722 dixi,
1513 1671 1606 1710 seu
1650 1657 1998 1726 cogitatione,
2032 1671 2155 1710 cor-

2249 567 2578 638 ἐνεφύσησεν
2637 569 2716 632 είς
2772 567 2920 640 ἡμᾶς
2982 567 3131 637 ὄφις.
3167 568 3260 622 Διὸ
3291 569 3396 622 καί·
3418 569 3507 622 τὸν
3547 569 3779 628 θάνατονὺ

2247 660 2378 723 Θεὸς
2399 659 2534 730 πρὸς
2563 659 2841 730 ἀναίρεσιν
2867 657 2968 730 τῆς
3002 660 3278 730 ἁμαρτίας
3303 660 3445 729 ὑπὲρ
3475 660 3622 730 ἡμῶν
3657 663 3780 717 ἀνεύ-

2250 769 2403 824 ρατο,
2432 752 2519 804 ἵνα
2543 753 2619 823 μὴ
2647 753 2702 805 ἐν
2715 751 3004 816 ἀθανάτοις
3031 754 3165 822 ἡμῖν
3186 751 3535 815 ἀνατείλασα,
3563 752 3632 816 ὡς
3656 754 3776 823 ἔφην,

2249 841 2516 904 ἀθάνατος
2624 840 2788 895 Ὅθεν
2815 843 2843 896 6
2861 852 2867 856 ‘
2884 841 3230 907 Ἀπὸστολος,
3268 839 3414 896 Οἶδα
3442 842 3550 910 γὰρ
3596 842 3672 896 ὅτι
3697 845 3780 899 οὐκ

2251 931 2409 985 οἰκεῖ
2449 931 2520 985 ἐν
2557 930 2707 1001 ἐμοὶ,
2766 931 3083 987 τουτέστιν
3133 932 3204 986 ἐν
3237 930 3312 1000 τῇ
3364 931 3544 999 σαρκί
3581 950 3700 1000 μου,
3732 934 3780 988 τὸ

2251 1023 2496 1092 ἀγαθὸν,
2531 1024 2711 1092 λέγων
2753 1021 2854 1093 τὴν
2911 1022 3020 1076 ἀπὸ
3066 1021 3559 1094 τῆςνπαραϐἀσεως
3594 1021 3670 1074 διὰ
3708 1023 3781 1092 τῆς

2253 1111 2542 1183 ἐπιθυμίας
2592 1111 3014 1166 είσοικισθεῖσαν
3077 1113 3158 1175 είς
3186 1111 3336 1180 ἡμᾶς
3393 1108 3653 1178 ἁμαρτίαν
3679 1109 3773 1176 βού-

2253 1205 2404 1258 λεται
2453 1203 2697 1275 μηνύειν,
2723 1199 2791 1275 ἧς
2831 1201 2896 1274 δὴ
2921 1201 3174 1272 καθάπερ
3202 1201 3563 1271 βλαστήματα
3585 1199 3623 1230 ¹⁹
3641 1203 3718 1253 νέα
3746 1205 3782 1257 σί

2257 1293 2529 1364 φιλήδονοι
2565 1293 2692 1363 πρ).
2719 1293 2869 1364 ἡμᾶς
2898 1291 2986 1346 ἀεὶ
3019 1291 3273 1361 λογισμοὶ
3299 1285 3656 1343 συνίστανται.
3692 1292 3785 1345 Δισ-

2259 1386 2326 1440 σὰ
2367 1385 2477 1456 γὰρ
2519 1385 2577 1438 ἐν
2615 1385 2749 1454 ἡμῖν
2772 1383 3049 1455 λογισμῶν
3070 1383 3224 1454 γένη,
3256 1381 3316 1435 τὺ
3345 1381 3445 1451 μέν
3467 1379 3572 1434 ἀπὸ
3592 1382 3786 1448 eiiciat-

2259 1479 2461 1549 θυμίας
2485 1479 2584 1549 τῆς
2604 1475 3033 1546 ἐμφωλευούσης
3066 1476 3126 1529 ἐν
3143 1473 3224 1544 τῷ
3255 1473 3472 1544 σώματι
3511 1473 3786 1542 συνιστάμε-

2259 1586 2370 1632 νον,
2387 1569 2514 1639 ἥτις
2532 1569 2592 1636 ἐξ
2616 1567 2862 1631 ἐπινοίας
2879 1568 2925 1600 ⁸⁸
2958 1565 3054 1634 (ὡς
3085 1564 3244 1638 ἔφην)
3265 1564 3500 1635 συνέστη
3525 1561 3615 1616 τοῦ
3645 1563 3788 1618 bimo-5

2262 1657 2596 1729 πνεύματος,
2629 1658 2691 1712 τδ
2725 1658 2784 1712 δέ
2809 1657 2918 1712 ἀπὸ
2969 1654 3064 1710 τοῦ
3095 1656 3262 1727 νόμου
3282 1654 3376 1710 τοῦ
3399 1655 3547 1709 κατὰ
3570 1653 3658 1724 τὴν
3681 1655 3790 1707 ιντο-

586 1745 784 1814 poralis
817 1745 1040 1817 spiritus
1064 1759 1297 1813 constat;
1325 1749 1554 1803 alterum
1580 1757 1763 1804 autem
1787 1765 1814 1802 a
1848 1748 1966 1818 lege
1993 1745 2158 1802 divini

2264 1748 2384 1822 λὴν,
2417 1750 2476 1803 ὃν
2500 1749 2738 1821 ἔμφυτον
2789 1747 3058 1818 ἐλάϐομεν
3089 1746 3237 1818 ἔχειν
3275 1745 3370 1800 καῖ
3397 1744 3624 1815 φυσικὸν
3648 1745 3792 1814 νόμον,

584 1816 854 1907 praecepti
895 1838 1270 1913 [profectum],
1315 1857 1472 1909 quant
1523 1842 1598 1894 uti
1648 1816 1945 1895 naturalem
1989 1841 2160 1909 legem

2268 1816 2403 1916 πρὸς
2426 1843 2487 1897 τὺ
2517 1816 2682 1897 ταλὸν
2710 1841 2870 1913 ἡμῶν
2895 1816 3242 1912 ἐξεγείροντα
3264 1839 3356 1893 τὸν
3376 1837 3649 1906 λογισμόν.
3671 1837 3795 1891 Ὅθεν

485 3947 488 3950 ’
597 3947 714 4002 rius
742 3956 845 4011 est,
881 3963 1105 4020 regnum
1139 3949 1433 4004 insolenter
1457 3946 1744 4016 aﬂectarit,
1777 3950 1937 4005 homo
1965 3966 2177 4005 rursum

587 1945 615 1981 a
651 1927 762 1985 Deo
789 1927 1004 1986 insitam
1045 1933 1376 2001 accepimus,
1420 1948 1538 2001 qum
1560 1943 1794 1986 mentem
1833 1943 2070 1986 nostram
2097 1932 2164 1986 ad

585 2021 836 2074 virtutem
909 2023 1134 2078 excitat.
1191 2022 1345 2078 Unde
1407 2023 1852 2077 condelectamur
1905 2023 2050 2094 legi,
2110 2023 2163 2079 in

587 2113 792 2182 animo,
821 2113 921 2170 hoc
951 2116 1097 2171 enim
1126 2116 1353 2171 interior
1390 2115 1553 2172 homo
1589 2126 1692 2174 est.
1723 2116 1848 2186 Legi
1886 2132 2014 2174 vero
2047 2119 2167 2172 dia-

586 2203 694 2259 boli
756 2203 1242 2280 [condeleetamur]
1285 2212 1594 2271 jsecundum
1651 2211 2042 2265 inhabitantetn
2111 2211 2165 2266 in

588 2313 758 2354 carne
806 2301 1327 2369 concupiscentiam.
1379 2301 1635 2358 Diabolus
1678 2305 1972 2375 enim,‘qui
2007 2319 2169 2374 repu-

589 2401 740 2457 gnat,
785 2403 841 2447 et
880 2402 1154 2463 oppugnat
1181 2394 1348 2464 legem
1390 2395 1482 2450 Dei
1513 2395 1665 2466 quasi
1692 2396 1951 2468 impetum
1987 2413 2171 2468 quem-

591 2482 712 2535 dam
745 2483 942 2539 mentis
975 2484 1039 2537 ad
1071 2483 1308 2556 bonum;
1348 2485 1434 2538 Itic
1483 2496 1565 2540 est
1605 2485 1694 2555 qui
1730 2501 1924 2542 sensus
1952 2498 2168 2544 nostros

589 2573 905 2642 corporales
939 2584 992 2629 et
1027 2559 1254 2630 vitiosos
1281 2591 1495 2648 semper
1539 2576 1768 2646 impellit
1799 2579 1866 2631 ad
1915 2567 2168 2649 impieta-

593 2672 722 2720 tem.
766 2662 902 2720 Tres
938 2666 1080 2720 enim
1117 2665 1317 2720 Paulus
1359 2665 1448 2720 ltic
1503 2665 1792 2721 manifeste
1840 2667 1973 2721 mihi
2024 2667 2171 2739 lvges

591 2753 868 2823 explicare
907 2755 1159 2808 videtur:
1195 2770 1353 2808 unam
1389 2757 1684 2809 secundum
1724 2757 1945 2810 insitum
1985 2756 2036 2811 in
2073 2773 2171 2811 tto-

591 2843 676 2900 bis
723 2845 945 2906 bonum.
979 2861 1138 2914 quam
1196 2857 1382 2915 aperte
1435 2845 1648 2900 vocavit
1697 2846 1868 2918 legem
1923 2848 2121 2903 mentis
2152 2849 2206 2903 ε’

593 2935 839 3003 alteram,
878 2953 998 3005 qua:
1037 2937 1097 2990 lit
1139 2951 1206 2990 ex
1236 2935 1428 2990 diaboli
1477 2936 1676 3006 impetu
1721 2952 1813 2991 seu
1849 2941 2170 3004 tentatione,

591 3043 712 3086 cum
741 3043 883 3099 sa'pe
928 3030 993 3082 ad
1029 3025 1304 3098 imprcrbas
1345 3027 1580 3082 animam
1609 3028 1876 3098 pertrahit
1907 3028 2174 3101 imagina-

594 3122 790 3187 tiones,
821 3137 982 3194 quam
1036 3123 1113 3175 ait
1159 3135 1458 3192 repugnare
1508 3121 1610 3192 legi
1659 3124 1875 3177 mentis.
1935 3122 2165 3178 Tertiam

2276 3127 2370 3183 τοῦ
2391 3129 2509 3192 νοὸς
2552 3128 2678 3199 ἔφη,
2717 3129 2812 3181 καὶ
2844 3127 3029 3198 τρίτον
3066 3126 3159 3179 τὸν
3203 3124 3342 3179 κατὰ
3369 3125 3468 3195 τὴν
3498 3123 3750 3194 ἁμαρτίαν
3767 3123 3810 3172 ἐκ

592 3215 885 3268 secundum
915 3223 1194 3282 peccatum
1217 3229 1283 3268 ex
1307 3213 1747 3281 concupiscentia
1777 3213 2170 3270 inveterascet:-

598 3316 702 3358 tem
739 3306 794 3359 in
839 3320 1026 3368 carne,
1074 3321 1235 3375 quam
1270 3305 1444 3376 legem
1489 3305 1696 3375 peccati
1744 3303 2076 3360 habitantem
2119 3306 2174 3361 in

599 3397 861 3453 membris
884 3396 1197 3468 appellavit,
1244 3413 1351 3468 qua
1397 3399 1649 3453 inductus
1689 3395 1900 3470 [homo]
1933 3414 2074 3469 saepe
2107 3399 2175 3454 ad

595 3495 877 3556 peccatum
923 3496 979 3542 et
1016 3487 1289 3558 improbas
1325 3491 1563 3542 actiones
1606 3487 1895 3558 pellicitur.
1953 3488 2178 3543 Videtur

595 3579 738 3634 enim
767 3580 920 3648 quasi
952 3577 1107 3634 nobis
1139 3579 1271 3649 ipsis
1301 3595 1443 3633 nunc
1477 3580 1578 3634 hoc
1623 3579 1837 3645 melius,
1873 3596 2014 3635 nunc
2047 3580 2174 3634 illud

597 3671 872 3739 deterius;
928 3683 984 3727 et
1043 3689 1168 3728 cum
1232 3671 1308 3736 id,
1345 3675 1485 3741 quod
1525 3673 1678 3728 nobis
1722 3675 1934 3729 videtur
1984 3683 2176 3728 natura

601 3762 814 3829 melius,
855 3763 1128 3818 deteriore
1160 3763 1250 3820 illo
1289 3765 1562 3834 potentius
1602 3764 1791 3829 fuerit,
1820 3765 2030 3820 animus
2064 3774 2177 3820 toto

569 3925 572 3928 _
598 3855 802 3924 impetu
840 3855 1011 3910 fertur
1040 3855 1092 3910 in
1119 3857 1353 3924 bonum;
1375 3857 1593 3926 quando
1630 3871 1755 3911 vero
1780 3857 1830 3911 id
1857 3857 1996 3924 quod
2029 3857 2179 3911 dete-

2264 1938 2332 2008 τῇ
2363 1937 2460 2008 μὲν
2483 1933 2778 2007 νομοθεσίᾳ
2807 1931 2902 1987 τοῦ
2925 1930 3061 1986 Θεοῦ
3090 1931 3233 1985 κατὰ
3262 1930 3354 1984 τὸν
3386 1929 3518 1983 νοῦν
3552 1927 3796 1998 συνηδόμεο

2268 2029 2335 2082 θα
2366 2026 2546 2100 (τοῦτο
2596 2027 2706 2099 γὰρ
2735 2028 2766 2079 6
2791 2024 2899 2078 ἔσω
2949 2023 3293 2095 ἄνθρωπος),
3349 2023 3417 2093 τῇ
3461 2021 3521 2074 δὶ
3559 2019 3798 2090 νομοθεσίᾳ

2266 2121 2361 2177 τοῦ
2408 2120 2654 2175 διαϐόλου
2713 2117 2856 2172 κατὰ
2880 2116 2978 2185 τὴν
3011 2113 3331 2170 ἐνοικοῦσαν
3359 2111 3651 2182 ἐπιθυμίαν
3681 2113 3730 2164 ὲν
3749 2111 3797 2180 τῇ

2270 2209 2455 2286 σαρκί.
2510 2211 2572 2265 '0
2597 2210 2704 2280 γὰρ
2735 2207 3291 2277 ἀντιστρατευόμενος
3331 2206 3426 2260 καὶ
3465 2203 3800 2272 ἀντιπρᾶττον

2268 2305 2346 2374 τῷ
2367 2303 2518 2374 νόμῳ
2548 2300 2640 2354 τοῦ
2683 2297 2839 2362 Θεοῦ,
2871 2293 2981 2353 οἷον
3008 2300 3073 2369 τῇ
3098 2299 3234 2368 πρὸς
3262 2294 3326 2350 τὸ
3353 2293 3708 2364 ἀγαθὸν-ὁρμῇ
3729 2291 3799 2345 τοῦ

2268 2395 2406 2461 νοὸς,
2437 2393 2599 2458 αὑτός
2633 2394 2778 2446 ἐστιν
2806 2393 2834 2446 6
2866 2394 2996 2456 τοὺς
3021 2389 3294 2460 ἐμπαθεῖς
3323 2386 3586 2456 ἀναφύων
3626 2384 3701 2438 ἀεὶ
3731 2385 3803 2437 καὶ

2272 2486 2491 2549 ὑλικοὺς
2525 2483 2660 2557 πρὸς
2702 2482 2932 2553 ἀνομίαν
2975 2479 3416 2552 περισπασμούς.
3449 2479 3622 2547 Τρεῖς
3643 2475 3804 2547 769%-

2274 2593 2409 2649 μους
2461 2573 2853 2644 ὑποτιθέμενος
2901 2572 2931 2625 6
2981 2572 3192 2634 Παῦλος
3244 2568 3555 2638 ἀναφανδὸν
3619 2566 3804 2620 ἐνταῦθά

2275 2687 2363 2740 μοι
2386 2665 2798 2734 καταφαίνεται,
2829 2665 2927 2717 ἕνα
2953 2663 3052 2732 μὲν
3089 2661 3239 2716 τὸν-’ί
3294 2660 3432 2714 κατὰ
3450 2659 3514 2713 τὸ
3536 2659 3804 2728 ἓμφυτονέν

2272 2761 2402 2830 ἡμῖν
2434 2756 2659 2827 ἀγαθὸν,
2692 2755 2752 2808 ὃν
2780 2755 2877 2808 καὶ
2921 2753 3084 2822 νόμον
3119 2751 3314 2821 σαφῶς
3334 2750 3568 2804 ἐκάλεσε
3587 2749 3708 2814 νοὸς,
3735 2749 3805 2801 ἕνα

2278 3404 2646 3475 ἐποχούμενος
2678 3403 2940 3467 πολλάκις
2977 3401 3102 3457 καθ’
3135 3400 3292 3472 ἡμῶν
3325 3399 3693 3470 ἐγκελεύεται,
3717 3398 3814 3468 api;

2277 3587 2354 3654 ὡς
2379 3591 2593 3653 ἐαυτοῖς
2613 3591 2746 3661 ἡμῖν
2761 3589 2819 3644 τὸ
2846 3589 2944 3661 μὲν
2961 3589 3008 3620 ’³
3033 3587 3266 3659 βέλτιον,
3293 3588 3353 3642 τὸ
3376 3587 3430 3641 δέ
3457 3589 3642 3658 χεῖρον
3659 3585 3727 3646 ὃν,
3749 3584 3818 3636 καὶ

2282 3865 2429 3930 νοῦς,
2458 3866 2589 3919 ὅταν
2616 3864 2670 3918 δὲ
2701 3865 2762 3918 τὸ
2791 3867 2972 3936 χεῖρον
2999 3863 3262 3937 ἐπιϐρίσῃ
3314 3862 3645 3926 πλεονάσαν,
3671 3861 3820 3928 ἄγεται

2283 3959 2444 4013 πάλιν
2504 3957 2879 4030 ἀντιστρόφως
2901 3957 3038 4028 πρὸς
3077 3956 3372 4025 λογισμοὺς
3397 3956 3618 4027 χείρους
3641 3953 3686 3984 ³⁸
3711 3955 3732 4005 ὁ
3753 3954 3820 4004 ἆν-

2283 4051 2519 4122 θρωπος’
2579 4043 2642 4105 οὗ
2675 4050 2740 4121 δὴ
2766 4049 2862 4104 καὶ
2906 4049 3066 4122 χάριν
3089 4050 3116 4102 6
3151 4049 3477 4111 Ἀπόστολος
3524 4048 3728 4118 εὔχεται
3752 4045 3821 4113 ῥυ-

2285 4141 2501 4212 σθῆναι,
2543 4141 2774 4196 θάνατον
2797 4139 3050 4209 αὑτὸριαὶ
3080 4138 3299 4212 ὄλεθρον
3327 4138 3656 4210 ἡγούμενος,
3677 4135 3821 4201 «Il-mp

599 4038 870 4092 contraria
922 4041 1007 4093 via
1055 4040 1107 4093 in
1157 4039 1454 4096 deteriores
1501 4041 1860 4111 c0gitationes
1907 4049 1963 4095 et
2000 4041 2180 4096 comi-

600 4133 670 4186 lia
703 4148 944 4203 praeceps
987 4133 1183 4205 agitur.
1217 4133 1515 4205 Eapropter
1548 4131 1834 4205 Apostolus
1860 4136 1928 4189 ab
1951 4149 2015 4189 eo
2038 4137 2182 4189 velut

602 4233 774 4278 morte
811 4234 867 4279 et
896 4225 1063 4279 exitio
1101 4227 1249 4297 cupit
1302 4225 1521 4280 liberari
1555 4224 1603 4290 i,
1640 4227 2094 4294 quemadmodum
2126 4240 2165 4278 el

2282 4233 2345 4306 δὴ
2369 4234 2462 4287 καὶ
2491 4235 2518 4286 6
2550 4233 2866 4304 Προφήτης
2904 4232 3047 4288 Ἀπὸ
3070 4230 3191 4286 τῶν
3215 4232 3488 4301 κρυφίων
3500 4248 3620 4299 μου
3640 4225 3822 4292 eamin-

563 4319 920 4391 .Ptophela.:
971 4324 1050 4376 Ab
1084 4323 1303 4378 occultis
1341 4325 1467 4376 meis
1527 4326 1724 4377 munda
1771 4339 1870 4386 me,
1937 4319 2165 4393 inquitk.

2288 4327 2406 4379 σόν
2421 4323 2729 4394 με,λέγων.
2745 4323 2892 4378 Αὺτὰ
2908 4323 3000 4402 οῦν
3030 4323 3100 4378 τὰ
3124 4324 3348 4396 ῥήματα
3374 4320 3534 4374 τοῦτο
3558 4317 3820 4378 συνεστῶσι,

603 4413 721 4482 Ipsa
771 4427 900 4483 ergo
940 4414 1105 4470 verba
1160 4414 1264 4470 boc
1311 4413 1593 4468 declarant
1629 4412 1878 4482 Apostoli
1920 4413 2146 4467 dicentis

2287 4414 2409 4487 [9l7
2443 4413 2532 4490 R.]
2565 4415 2908 4486 Συνήὸομαι
2945 4413 3056 4488 γάρ
3083 4411 3163 4480 τῷ
3188 4413 3351 4484 νόμῳ
3376 4412 3484 4466 τοῦ
3539 4410 3684 4465 Θεοῦ
3711 4408 3825 4462 κατὰ

601 4502 948 4558 Coudelector
994 4505 1129 4558 enim
1163 4503 1264 4574 legi
1305 4503 1590 4558 secundum
1641 4501 1836 4574 29Gb
1873 4503 2165 4556 interiorem

2289 4508 2395 4560 τὸν
2427 4507 2568 4570 ἔσω,
2592 4507 2864 4577 λέγοντος,
2919 4506 3261 4575 ἄνθρωπον,
3300 4502 3517 4570 βλέπω
3560 4503 3612 4556 δ’
3662 4501 3822 4566 ἕτερον

599 4595 889 4668 hominem;
924 4597 1070 4651 video
1105 4604 1282 4651 autem
1322 4596 1484 4664 legem
1522 4596 1578 4650 in
1624 4598 1866 4650 membris
1902 4596 2029 4650 meis
2058 4612 2165 4650 con-

2284 4602 2474 4669 νόμον
2489 4599 3106 4670 ἀντιστρατευόμενον
3119 4597 3242 4663 τοῖς
3257 4596 3478 4668 βέλεσί
3485 4615 3606 4666 μου
3622 4593 3694 4660 τῷ
3704 4593 3825 4658 νόμῳ

600 4689 942 4743 tradicentem
989 4687 1090 4758 legi
1127 4687 1311 4742 mentis
1351 4703 1502 4750 mete,
1537 4695 1586 4739 et
1621 4687 1968 4754 captivantem
2011 4703 2090 4740 me
2128 4687 2165 4739 ii

2285 4691 2392 4745 τοῦ
2419 4690 2706 4761 νοόςμου,
2726 4689 3348 4761 καὶαῖχμαλωτίζοντὰ
3371 4707 3448 4759 με
3471 4689 3553 4754 τῷ
3578 4687 3727 4756 νόμῳ
3745 4681 3824 4747 τῆς

603 4779 713 4848 lege
739 4779 963 4849 peccati,
993 4794 1112 4850 qua:
1153 4788 1228 4832 est
1281 4777 1334 4830 in
1386 4777 1630 4830 membris
1666 4777 1818 4830 meis.
1858 4775 2065 4847 Infelix
2087 4791 2165 4845 egt

2288 4782 2580 4851 ἁμαρτίας
2604 4779 2684 4847 τῷ
2701 4780 2830 4836 ὄντι
2850 4780 2920 4835 ἐν
2939 4780 3060 4848 τοῖς
3083 4779 3302 4850 μέλε·σί
3323 4797 3463 4848 μου.
3491 4775 3825 4838 Τανιαίαωρος

601 4869 779 4936 homo,
813 4870 932 4942 quis
976 4886 1056 4923 me
1102 4869 1341 4924 liberabit
1377 4868 1438 4922 de
1473 4885 1690 4940 corpore
1727 4870 1910 4924 mortis
1939 4869 2098 4940 hujus
2129 4865 2165 4920 11

2286 4871 2401 4944 ἐγὼ
2438 4872 2772 4941 ἅνθρωπος,
2828 4872 2921 4938 τίς
2947 4889 3026 4941 με
3078 4871 3335 4940 ῥύσεται
3367 4870 3436 4922 ἐκ
3465 4868 3574 4922 τοῦ
3601 4867 3826 4934 σώματος

603 4957 722 5016 Non
754 4977 950 5032 corpus
993 4970 1224 5016 mortem
1276 4960 1583 5032 appellans,
1618 4961 1712 5016 sed
1751 4960 1924 5030 legem
1977 4971 2160 5030 peccat

2290 4964 2398 5018 τοῦ
2432 4963 2694 5020 θανάτου
2712 4963 2966 5028 τούτου;
3007 4962 3069 5015 ού
3102 4961 3163 5016 τὸ
3195 4962 3360 5031 σῶμα
3388 4961 3620 5015 θάνατον
3640 4959 3828 5021 amast-

605 5052 660 5106 in
703 5052 967 5131 membris
995 5036 1617 5124 per-praevaricationem
1671 5051 1725 5105 in
1779 5053 1935 5105 nobis
1967 5050 2165 5104 latitant

2290 5053 2538 5122 νόμενος,
2596 5051 2734 5106 ἀλλά
2785 5055 2880 5105 τὸν
2918 5051 3083 5122 νόμον
3111 5052 3210 5122 τῆς
3262 5050 3534 5122 ἁμαρτίας
3559 5050 3651 5102 τὸν
3676 5050 3724 5099 ἐν
3748 5044 3828 5102 τοῖς

609 5157 737 5213 tem,
769 5157 824 5202 et
850 5127 1068 5218 semper
1100 5147 1166 5202 ad
1200 5159 1426 5202 mortem
1459 5145 1666 5216 peccati
1697 5148 1930 5200 animam
1963 5145 2153 5198 tralten

2295 5139 2422 5213 μέλε
2432 5160 2482 5197 σι
2521 5143 2610 5197 διὰ
2630 5145 2724 5214 τῆς
2752 5143 3120 5214 παραϐάσεως
3141 5145 3198 5195 ἐν
3213 5145 3345 5213 ἡμῖν
3364 5140 3738 5213 ἐμφωλεύοντα
3760 5133 3828 5186 καὶ

607 5221 972 5294 ῑοιιι.’8ισιῑιῐι
1020 5253 1151 5310 ergo
1187 5238 1349 5294 int‘ert
1391 5237 1603 5309 (utique
1647 5238 1926 5302 liberatus,
1959 5252 1988 5290 a
2035 5237 2162 5306 qual

2291 5237 2427 5307 πρὸς
2451 5236 2679 5292 θάνατον
2710 5236 2797 5289 ἀεὶ
2821 5237 2911 5291 τὸν
2925 5237 2972 5269 ’³
2997 5241 3094 5305 τῆς
3118 5237 3334 5296 ἀδικίας
3349 5237 3452 5305 τὴν
3463 5235 3640 5305 ψυχὴν
3671 5233 3831 5300 ἐμφαν-

609 5337 784 5384 tnorte
814 5330 1030 5388 liberari
1060 5334 1313 5404 cupiebat
1365 5351 1380 5386 :
1418 5333 1540 5401 quis
1581 5341 1761 5384 autem
1802 5327 1952 5384 illum
1982 5329 2165 5385 libera-

2293 5328 2546 5394 τάξοντα.
2581 5329 2864 5400 Ἑπιφέρει
2886 5327 3017 5398 γοῦν
3037 5326 3241 5390 εὐθέως
3271 5326 3489 5398 ἀμέλει,
3528 5323 3828 5390 διαλυόμενα

610 5421 740 5490 vit?)
777 5441 790 5477 :
825 5423 1012 5479 Gratia
1038 5423 1129 5476 Dei
1169 5438 1261 5492 per
1288 5422 1470 5476 Iesum
1515 5420 1784 5476 Christum
1815 5431 1877 5474 ω.
1912 5421 2122 5492 Itaque,
2155 5438 2165 5474 ι

2294 5422 2478 5476 ὁποίου
2498 5422 2726 5477 θανάτου
2746 5420 2991 5493 ἐγλίχετο
3015 5419 3280 5493 ῥυσθῆναι
3298 5419 3392 5472 καὶ
3407 5418 3492 5481 τίς
3520 5413 3718 5470 αύτὺνό
3744 5407 3834 5480 ῥυό-

712 5547 727 5587 ι
769 5535 1028 5602 Bonum,
1061 5536 1160 5592 24..
1227 5537 1259 5578 Ιι
1293 5535 1436 5592 Psal.
1467 5553 1624 5602 xvm,
1665 5519 1752 5593 ιδ.
1834 5537 2040 5595 lRom.
2067 5557 2165 5607 vn,

2264 5541 2386 5596 34.
2467 5547 2505 5572 "
2535 5541 2692 5606 ibid.,
2721 5541 2813 5594 9.5.

1859 5631 2094 5689 VARIIE
2126 5629 2423 5690 LECTIO‘N
2431 5633 2531 5688 ES.

579 5773 588 5779 -
663 5708 1082 5796 --⁸⁹-βλάςτ1εηιιρι
1125 5738 1192 5788 ς.
1312 5721 1358 5756 ²⁰
1388 5722 1672 5796 ἐπιπνοίας
1696 5682 2165 5796 -ὃοθὶίέέιῑ-Ἶῖιῗ,

2624 5723 2670 5754 ³⁸
2700 5719 3020 5794 ἐπιθυμίας]
3055 5719 3326 5793 ἁμαρτίας
3355 5718 3466 5774 ΔΒ.
3558 5715 3606 5747 ’³
3643 5712 3700 5769 τὸ
3745 5682 3833 5782 μὲν]

616 5791 730 5846 τόδε
763 5791 836 5849 Β.
902 5790 948 5824 ³⁵
973 5790 1221 5864 χείρονας
1251 5810 1312 5858 ς.
1389 5795 1435 5827 ³⁸
1472 5796 1566 5848 τὸν
1588 5797 1711 5850 add.
1733 5796 1797 5850 Α.

2271 2850 2326 2903 δὲ
2341 2849 2431 2902 τὸν
2454 2851 2517 2901 ἐκ
2547 2846 2851 2918 προσϐολῆς
2881 2846 3276 2917 συνιστάμενον
3295 2845 3462 2916 νόμον
3492 2843 3592 2898 τοῦ
3619 2842 3805 2914 πονηροῦ
3920 2899 3921 2902 η

2275 2941 2369 2994 καὶ
2400 2942 2480 3004 εἰς
2517 2939 2618 3004 τὰς
2662 2939 2931 3011 ἐμπαθεῖς
2968 2938 3100 3011 [485
3129 2936 3228 3012 Η.]
3259 2937 3553 3004 ἐξέλκοντα
3601 2936 3809 2997 πολλάκις
3920 2947 3921 3004 5

2275 3036 2580 3107 φαντασίας
2602 3035 2702 3106 τὴν
2738 3033 2938 3105 ψυχὴν,
2967 3033 3026 3087 ὃν
3046 3031 3574 3104 ἁντιστρατεύεσθαι
3602 3028 3671 3100 τῷ
3699 3028 3809 3097 νόμῳ
3920 3029 3921 3038 ‘

2276 3222 2376 3293 τῆς
2403 3220 2696 3291 ἐπιθυμίας
2723 3220 2769 3253 ²¹
2798 3217 3156 3290 σκιρὼσαντα
3198 3218 3254 3270 ὲν
3285 3219 3350 3288 τῇ
3377 3216 3568 3286 σαρκὶ,
3595 3215 3649 3268 ὃν
3679 3215 3811 3283 ἁμαρ-
3920 3271 3921 3276 η

2275 3313 2397 3376 τίας
2443 3312 2606 3383 νόμον
2654 3309 2910 3365 οἰκοῦντα
2969 3312 3027 3364 ἐν
3077 3312 3192 3373 τοῖς
3243 3309 3462 3380 μέλεσιν
3503 3299 3813 3370 ἐκάλεσεν,ᾧ
3920 3365 3921 3380 1

2279 3497 2493 3552 ἀδικίαν
2512 3497 2606 3550 καὶ
2628 3497 2856 3567 πράξεις
2881 3494 3220 3550 συνελαύνων
3240 3494 3440 3556 κακὰς.
3473 3493 3716 3547 Φαίνεται
3739 3492 3816 3560 γὰρ
3920 3535 3921 3567 1

2279 3682 2406 3736 ὅταν
2442 3680 2612 3754 μέλλῃ
2634 3681 2695 3733 τὸ
2743 3679 2954 3752 βέλτιον
3021 3679 3183 3750 φύσει
3230 3679 3326 3733 τοῦ
3374 3679 3623 3750 χείρονος
3667 3680 3820 3745 ἐγκρσ-
3920 3669 3921 3696 ἔ

2280 3775 2540 3844 τέστερον
2588 3772 2906 3843 γενηθῆναι,
2939 3770 3165 3842 φέρεται
3189 3771 3309 3836 ὅλος
3340 3771 3479 3843 πρὸς
3507 3772 3572 3824 τὸ
3608 3767 3819 3837 ἀγαθὸνὸ
3920 3801 3921 3808 η
