  <div class='ocr_page' id='page_1' title='image "/cluster/home/n/w/nwhite01/storage/ocr_20150623/103/hvd.32044018872861/568.png"; bbox 0 0 4066 6452; ppageno 0'>
   <div class='ocr_carea' id='block_1_1' title="bbox 252 406 393 503">
    <p class='ocr_par' dir='ltr' id='par_1_1' title="bbox 252 406 393 503">
     <span class='ocr_line' id='line_1_1' title="bbox 252 406 393 503; baseline 0 0"><span class='ocrx_word' id='word_1_1' title='bbox 252 406 393 503; x_wconf 62' lang='lat' dir='ltr'><strong>rm</strong></span> 
     </span>
    </p>
   </div>
   <div class='ocr_carea' id='block_1_2' title="bbox 1247 406 2475 513">
    <p class='ocr_par' dir='ltr' id='par_1_2' title="bbox 1247 406 2475 513">
     <span class='ocr_line' id='line_1_2' title="bbox 1247 406 2475 513; baseline 0.001 -21"><span class='ocrx_word' id='word_1_2' title='bbox 1247 406 1778 513; x_wconf 78' lang='lat' dir='ltr'><strong>BlBLlQTHECA.</strong></span> <span class='ocrx_word' id='word_1_3' title='bbox 1814 450 1885 465; x_wconf 87' lang='lat'><strong>-—</strong></span> <span class='ocrx_word' id='word_1_4' title='bbox 1922 406 2101 490; x_wconf 59' lang='lat' dir='ltr'><strong>c013;</strong></span> <span class='ocrx_word' id='word_1_5' title='bbox 2122 406 2475 493; x_wconf 62' lang='lat' dir='ltr'><strong>ccxxktv.</strong></span> 
     </span>
    </p>
   </div>
   <div class='ocr_carea' id='block_1_3' title="bbox 3338 412 3499 495">
    <p class='ocr_par' dir='ltr' id='par_1_3' title="bbox 3338 412 3499 495">
     <span class='ocr_line' id='line_1_3' title="bbox 3338 412 3499 495; baseline -0.012 0"><span class='ocrx_word' id='word_1_6' title='bbox 3338 412 3499 495; x_wconf 50' lang='lat' dir='ltr'><strong>71m</strong></span> 
     </span>
    </p>
   </div>
   <div class='ocr_carea' id='block_1_4' title="bbox 236 514 1818 619">
    <p class='ocr_par' dir='ltr' id='par_1_4' title="bbox 236 520 1817 619">
     <span class='ocr_line' id='line_1_4' title="bbox 236 520 1817 619; baseline -0.004 -17"><span class='ocrx_word' id='word_1_7' title='bbox 236 567 406 618; x_wconf 82' lang='grc' dir='ltr'>μενος</span> <span class='ocrx_word' id='word_1_8' title='bbox 431 541 501 619; x_wconf 76' lang='grc' dir='ltr'>ἦν</span> <span class='ocrx_word' id='word_1_9' title='bbox 530 547 599 611; x_wconf 74' lang='grc'>’⁸,</span> <span class='ocrx_word' id='word_1_10' title='bbox 624 544 808 614; x_wconf 80' lang='grc' dir='ltr'><em>Χάρις</em></span> <span class='ocrx_word' id='word_1_11' title='bbox 837 520 905 597; x_wconf 57' lang='grc' dir='ltr'><strong>ὸίὲ</strong></span> <span class='ocrx_word' id='word_1_12' title='bbox 925 542 1005 611; x_wconf 83' lang='grc' dir='ltr'>τῷ</span> <span class='ocrx_word' id='word_1_13' title='bbox 1040 544 1163 610; x_wconf 84' lang='grc' dir='ltr'><strong>Θεῷ</strong></span> <span class='ocrx_word' id='word_1_14' title='bbox 1178 540 1275 599; x_wconf 68' lang='grc' dir='ltr'>διὰ</span> <span class='ocrx_word' id='word_1_15' title='bbox 1315 544 1516 612; x_wconf 78' lang='grc' dir='ltr'><strong>’1ησοῦ</strong></span> <span class='ocrx_word' id='word_1_16' title='bbox 1540 542 1817 613; x_wconf 81' lang='grc' dir='ltr'><strong>Χριστοῦ.</strong></span> 
     </span>
    </p>
   </div>
   <div class='ocr_carea' id='block_1_5' title="bbox 1922 514 3503 619">
    <p class='ocr_par' dir='ltr' id='par_1_5' title="bbox 1925 514 3503 613">
     <span class='ocr_line' id='line_1_5' title="bbox 1925 514 3503 613; baseline 0.003 -19"><span class='ocrx_word' id='word_1_17' title='bbox 1925 542 2259 613; x_wconf 81' lang='lat' dir='ltr'><strong>AglaOpbon,</strong></span> <span class='ocrx_word' id='word_1_18' title='bbox 2301 528 2858 611; x_wconf 85' lang='lat' dir='ltr'><strong>animadvertemlnm,</strong></span> <span class='ocrx_word' id='word_1_19' title='bbox 2905 542 2948 596; x_wconf 86' lang='lat' dir='ltr'><strong>si</strong></span> <span class='ocrx_word' id='word_1_20' title='bbox 3009 516 3110 597; x_wconf 85' lang='lat' dir='ltr'><strong>hoc</strong></span> <span class='ocrx_word' id='word_1_21' title='bbox 3162 557 3383 613; x_wconf 88' lang='lat' dir='ltr'><strong>corpus,</strong></span> <span class='ocrx_word' id='word_1_22' title='bbox 3442 550 3503 598; x_wconf 85' lang='lat' dir='ltr'><strong>ut</strong></span> 
     </span>
    </p>
   </div>
   <div class='ocr_carea' id='block_1_6' title="bbox 231 627 1820 710">
    <p class='ocr_par' dir='ltr' id='par_1_6' title="bbox 231 627 1820 710">
     <span class='ocr_line' id='line_1_6' title="bbox 231 627 1820 710; baseline -0.003 -18"><span class='ocrx_word' id='word_1_23' title='bbox 231 632 711 710; x_wconf 76' lang='grc' dir='ltr'>Προσεκτέονδὲ,</span> <span class='ocrx_word' id='word_1_24' title='bbox 763 637 812 689; x_wconf 83' lang='grc' dir='ltr'><strong>εί</strong></span> <span class='ocrx_word' id='word_1_25' title='bbox 834 635 883 668; x_wconf 76' lang='grc'><strong>’⁷</strong></span> <span class='ocrx_word' id='word_1_26' title='bbox 928 635 991 688; x_wconf 89' lang='lat'><strong>:6</strong></span> <span class='ocrx_word' id='word_1_27' title='bbox 1048 636 1209 706; x_wconf 88' lang='grc' dir='ltr'>σῶμα</span> <span class='ocrx_word' id='word_1_28' title='bbox 1266 634 1497 689; x_wconf 87' lang='grc' dir='ltr'>θάνατον</span> <span class='ocrx_word' id='word_1_29' title='bbox 1544 634 1721 697; x_wconf 87' lang='grc' dir='ltr'>τοῦτο,</span> <span class='ocrx_word' id='word_1_30' title='bbox 1774 627 1820 687; x_wconf 80' lang='grc' dir='ltr'>ὦ</span> 
     </span>
    </p>
   </div>
   <div class='ocr_carea' id='block_1_7' title="bbox 245 725 1820 799">
    <p class='ocr_par' dir='ltr' id='par_1_7' title="bbox 245 725 1820 799">
     <span class='ocr_line' id='line_1_7' title="bbox 245 725 1820 799; baseline -0.001 -17"><span class='ocrx_word' id='word_1_31' title='bbox 245 728 588 799; x_wconf 74' lang='grc' dir='ltr'>’Δγλαοφῶν,</span> <span class='ocrx_word' id='word_1_32' title='bbox 637 730 712 793; x_wconf 85' lang='grc' dir='ltr'>ὼς</span> <span class='ocrx_word' id='word_1_33' title='bbox 766 725 1149 798; x_wconf 79' lang='grc' dir='ltr'><strong>ὑπειλήφατε,</strong></span> <span class='ocrx_word' id='word_1_34' title='bbox 1195 726 1403 795; x_wconf 80' lang='grc' dir='ltr'>ἔλεγεν,</span> <span class='ocrx_word' id='word_1_35' title='bbox 1453 726 1554 781; x_wconf 89' lang='grc' dir='ltr'><strong>ούκ</strong></span> <span class='ocrx_word' id='word_1_36' title='bbox 1614 726 1680 781; x_wconf 75' lang='grc' dir='ltr'>ἂν</span> <span class='ocrx_word' id='word_1_37' title='bbox 1727 727 1820 781; x_wconf 81' lang='grc' dir='ltr'><strong>τὸν</strong></span> 
     </span>
    </p>
   </div>
   <div class='ocr_carea' id='block_1_8' title="bbox 231 817 1818 891">
    <p class='ocr_par' dir='ltr' id='par_1_8' title="bbox 231 817 1818 891">
     <span class='ocr_line' id='line_1_8' title="bbox 231 817 1818 891; baseline -0.003 -16"><span class='ocrx_word' id='word_1_38' title='bbox 231 821 475 891; x_wconf 80' lang='grc' dir='ltr'>Χριστὸν</span> <span class='ocrx_word' id='word_1_39' title='bbox 499 820 574 884; x_wconf 84' lang='grc' dir='ltr'>ὡς</span> <span class='ocrx_word' id='word_1_40' title='bbox 605 820 871 891; x_wconf 81' lang='grc' dir='ltr'><strong>ῥυόμενον</strong></span> <span class='ocrx_word' id='word_1_41' title='bbox 901 820 1062 874; x_wconf 81' lang='grc' dir='ltr'>αὑτὸν</span> <span class='ocrx_word' id='word_1_42' title='bbox 1084 818 1310 891; x_wconf 78' lang='grc' dir='ltr'>ὕστερον</span> <span class='ocrx_word' id='word_1_43' title='bbox 1350 821 1414 872; x_wconf 87' lang='grc' dir='ltr'><strong>ἐκ</strong></span> <span class='ocrx_word' id='word_1_44' title='bbox 1436 819 1530 872; x_wconf 83' lang='grc' dir='ltr'><strong>τοῦ</strong></span> <span class='ocrx_word' id='word_1_45' title='bbox 1574 817 1818 871; x_wconf 83' lang='grc' dir='ltr'>τοιούτου</span> 
     </span>
    </p>
   </div>
   <div class='ocr_carea' id='block_1_9' title="bbox 230 907 1815 980">
    <p class='ocr_par' dir='ltr' id='par_1_9' title="bbox 230 907 1815 980">
     <span class='ocr_line' id='line_1_9' title="bbox 230 907 1815 980; baseline 0 -19"><span class='ocrx_word' id='word_1_46' title='bbox 230 907 411 962; x_wconf 87' lang='grc' dir='ltr'>κακοῦ</span> <span class='ocrx_word' id='word_1_47' title='bbox 458 909 904 980; x_wconf 77' lang='grc' dir='ltr'>παρελάμϐανεν,</span> <span class='ocrx_word' id='word_1_48' title='bbox 954 909 1078 963; x_wconf 73' lang='grc' dir='ltr'>ἐπεὶ</span> <span class='ocrx_word' id='word_1_49' title='bbox 1114 909 1167 962; x_wconf 88' lang='grc' dir='ltr'><strong>τί</strong></span> <span class='ocrx_word' id='word_1_50' title='bbox 1208 909 1514 980; x_wconf 84' lang='grc' dir='ltr'>παράδοξον</span> <span class='ocrx_word' id='word_1_51' title='bbox 1559 909 1667 962; x_wconf 81' lang='grc' dir='ltr'><strong>ἀπὸ</strong></span> <span class='ocrx_word' id='word_1_52' title='bbox 1721 909 1815 962; x_wconf 86' lang='grc' dir='ltr'><strong>τοῦ</strong></span> 
     </span>
    </p>
   </div>
   <div class='ocr_carea' id='block_1_10' title="bbox 229 1000 1817 1073">
    <p class='ocr_par' dir='ltr' id='par_1_10' title="bbox 229 1000 1817 1073">
     <span class='ocr_line' id='line_1_10' title="bbox 229 1000 1817 1073; baseline 0 -18"><span class='ocrx_word' id='word_1_53' title='bbox 229 1000 475 1073; x_wconf 78' lang='grc' dir='ltr'><strong>Χριστοῦ</strong></span> <span class='ocrx_word' id='word_1_54' title='bbox 534 1002 836 1072; x_wconf 79' lang='grc' dir='ltr'>παρουσίας</span> <span class='ocrx_word' id='word_1_55' title='bbox 885 1003 1234 1073; x_wconf 74' lang='grc' dir='ltr'>ἐσχήκαμενς</span> <span class='ocrx_word' id='word_1_56' title='bbox 1297 1000 1363 1056; x_wconf 90' lang='grc' dir='ltr'><strong>Τί</strong></span> <span class='ocrx_word' id='word_1_57' title='bbox 1390 1002 1447 1056; x_wconf 85' lang='grc' dir='ltr'><strong>δέ</strong></span> <span class='ocrx_word' id='word_1_58' title='bbox 1474 1001 1569 1055; x_wconf 76' lang='grc' dir='ltr'><strong>καὶ</strong></span> <span class='ocrx_word' id='word_1_59' title='bbox 1598 1004 1625 1055; x_wconf 99' lang='lat'><strong>6</strong></span> <span class='ocrx_word' id='word_1_60' title='bbox 1656 1002 1817 1055; x_wconf 70' lang='grc' dir='ltr'>Ἀπόο</span> 
     </span>
    </p>
   </div>
   <div class='ocr_carea' id='block_1_11' title="bbox 234 1092 1815 1165">
    <p class='ocr_par' dir='ltr' id='par_1_11' title="bbox 234 1092 1815 1165">
     <span class='ocr_line' id='line_1_11' title="bbox 234 1092 1815 1165; baseline 0.002 -20"><span class='ocrx_word' id='word_1_61' title='bbox 234 1095 429 1156; x_wconf 84' lang='grc' dir='ltr'>στολος</span> <span class='ocrx_word' id='word_1_62' title='bbox 481 1092 637 1159; x_wconf 83' lang='grc' dir='ltr'><strong>ὅλως,</strong></span> <span class='ocrx_word' id='word_1_63' title='bbox 677 1093 752 1157; x_wconf 83' lang='grc' dir='ltr'>ὡς</span> <span class='ocrx_word' id='word_1_64' title='bbox 800 1095 888 1148; x_wconf 83' lang='grc' dir='ltr'>διὰ</span> <span class='ocrx_word' id='word_1_65' title='bbox 934 1094 1032 1164; x_wconf 76' lang='grc' dir='ltr'>τῆς</span> <span class='ocrx_word' id='word_1_66' title='bbox 1071 1095 1376 1165; x_wconf 83' lang='grc' dir='ltr'>παρουσίας</span> <span class='ocrx_word' id='word_1_67' title='bbox 1428 1094 1525 1148; x_wconf 88' lang='grc' dir='ltr'><strong>τοῦ</strong></span> <span class='ocrx_word' id='word_1_68' title='bbox 1579 1095 1815 1165; x_wconf 78' lang='grc' dir='ltr'><strong>Χριστοῦ</strong></span> 
     </span>
    </p>
   </div>
   <div class='ocr_carea' id='block_1_12' title="bbox 230 1185 1815 1256">
    <p class='ocr_par' dir='ltr' id='par_1_12' title="bbox 230 1185 1815 1256">
     <span class='ocr_line' id='line_1_12' title="bbox 230 1185 1815 1256; baseline 0.001 -17"><span class='ocrx_word' id='word_1_69' title='bbox 230 1185 643 1256; x_wconf 82' lang='grc' dir='ltr'>δυναμούμενος</span> <span class='ocrx_word' id='word_1_70' title='bbox 694 1187 801 1240; x_wconf 84' lang='grc' dir='ltr'>’τοῦ</span> <span class='ocrx_word' id='word_1_71' title='bbox 854 1187 1085 1242; x_wconf 87' lang='grc' dir='ltr'>θανάτου</span> <span class='ocrx_word' id='word_1_72' title='bbox 1138 1186 1243 1241; x_wconf 83' lang='grc' dir='ltr'>ὑπὸ</span> <span class='ocrx_word' id='word_1_73' title='bbox 1306 1187 1401 1241; x_wconf 87' lang='grc' dir='ltr'><strong>τοῦ</strong></span> <span class='ocrx_word' id='word_1_74' title='bbox 1457 1187 1593 1241; x_wconf 82' lang='grc' dir='ltr'>Θεοῦ</span> <span class='ocrx_word' id='word_1_75' title='bbox 1662 1188 1815 1240; x_wconf 79' lang='grc' dir='ltr'>ἐλευ-</span> 
     </span>
    </p>
   </div>
   <div class='ocr_carea' id='block_1_13' title="bbox 231 1277 1818 1349">
    <p class='ocr_par' dir='ltr' id='par_1_13' title="bbox 231 1277 1818 1349">
     <span class='ocr_line' id='line_1_13' title="bbox 231 1277 1818 1349; baseline 0.003 -20"><span class='ocrx_word' id='word_1_76' title='bbox 231 1277 544 1348; x_wconf 83' lang='grc' dir='ltr'>θερωθῆναι</span> <span class='ocrx_word' id='word_1_77' title='bbox 577 1321 593 1347; x_wconf 94' lang='grc'><strong>,</strong></span> <span class='ocrx_word' id='word_1_78' title='bbox 678 1279 837 1333; x_wconf 87' lang='grc' dir='ltr'>τοῦτο</span> <span class='ocrx_word' id='word_1_79' title='bbox 907 1280 1205 1349; x_wconf 80' lang='grc' dir='ltr'>ἐφθέγγετο</span> <span class='ocrx_word' id='word_1_80' title='bbox 1238 1322 1253 1343; x_wconf 85' lang='lat'><strong>,</strong></span> <span class='ocrx_word' id='word_1_81' title='bbox 1322 1282 1484 1335; x_wconf 78' lang='grc' dir='ltr'>ὁπότε</span> <span class='ocrx_word' id='word_1_82' title='bbox 1543 1282 1677 1334; x_wconf 82' lang='grc' dir='ltr'>πᾶσι</span> <span class='ocrx_word' id='word_1_83' title='bbox 1724 1281 1818 1335; x_wconf 71' lang='grc' dir='ltr'><strong>καὶ</strong></span> 
     </span>
    </p>
   </div>
   <div class='ocr_carea' id='block_1_14' title="bbox 230 1368 1818 1443">
    <p class='ocr_par' dir='ltr' id='par_1_14' title="bbox 230 1368 1818 1443">
     <span class='ocr_line' id='line_1_14' title="bbox 230 1368 1818 1443; baseline 0.004 -24"><span class='ocrx_word' id='word_1_84' title='bbox 230 1370 341 1438; x_wconf 83' lang='lat'><em>7:96</em></span> <span class='ocrx_word' id='word_1_85' title='bbox 384 1368 479 1422; x_wconf 88' lang='grc' dir='ltr'><strong>τοῦ</strong></span> <span class='ocrx_word' id='word_1_86' title='bbox 515 1371 604 1424; x_wconf 84' lang='lat' dir='ltr'><em>:6v</em></span> <span class='ocrx_word' id='word_1_87' title='bbox 654 1372 889 1442; x_wconf 79' lang='grc' dir='ltr'>Χριστὸν</span> <span class='ocrx_word' id='word_1_88' title='bbox 939 1372 1115 1425; x_wconf 81' lang='grc' dir='ltr'>ἐλθεῖν</span> <span class='ocrx_word' id='word_1_89' title='bbox 1182 1374 1261 1436; x_wconf 89' lang='grc' dir='ltr'><strong>είς</strong></span> <span class='ocrx_word' id='word_1_90' title='bbox 1316 1372 1408 1425; x_wconf 78' lang='grc' dir='ltr'><strong>τὸν</strong></span> <span class='ocrx_word' id='word_1_91' title='bbox 1460 1373 1664 1443; x_wconf 79' lang='grc' dir='ltr'>κόσμον</span> <span class='ocrx_word' id='word_1_92' title='bbox 1694 1390 1818 1425; x_wconf 89' lang='grc' dir='ltr'>συν-</span> 
     </span>
    </p>
   </div>
   <div class='ocr_carea' id='block_1_15' title="bbox 231 1458 1803 1533">
    <p class='ocr_par' dir='ltr' id='par_1_15' title="bbox 231 1458 1803 1533">
     <span class='ocr_line' id='line_1_15' title="bbox 231 1458 1803 1533; baseline 0.003 -22"><span class='ocrx_word' id='word_1_93' title='bbox 231 1460 419 1512; x_wconf 75' lang='grc' dir='ltr'>έῦαινε</span> <span class='ocrx_word' id='word_1_94' title='bbox 454 1459 743 1531; x_wconf 77' lang='grc' dir='ltr'>θνήσκεινς</span> <span class='ocrx_word' id='word_1_95' title='bbox 774 1460 915 1515; x_wconf 85' lang='grc' dir='ltr'>ὥστε</span> <span class='ocrx_word' id='word_1_96' title='bbox 940 1464 1002 1516; x_wconf 88' lang='grc' dir='ltr'><strong>ού</strong></span> <span class='ocrx_word' id='word_1_97' title='bbox 1024 1463 1085 1515; x_wconf 87' lang='lat'><strong>:6</strong></span> <span class='ocrx_word' id='word_1_98' title='bbox 1110 1463 1268 1533; x_wconf 89' lang='grc' dir='ltr'>σῶμα</span> <span class='ocrx_word' id='word_1_99' title='bbox 1305 1462 1487 1526; x_wconf 85' lang='grc' dir='ltr'>τοῦτο,</span> <span class='ocrx_word' id='word_1_100' title='bbox 1510 1458 1554 1517; x_wconf 84' lang='grc' dir='ltr'><strong>ῶ</strong></span> <span class='ocrx_word' id='word_1_101' title='bbox 1579 1464 1803 1532; x_wconf 81' lang='grc' dir='ltr'>Ἀγλαο-</span> 
     </span>
    </p>
   </div>
   <div class='ocr_carea' id='block_1_16' title="bbox 230 1546 1808 1624">
    <p class='ocr_par' dir='ltr' id='par_1_16' title="bbox 230 1546 1808 1624">
     <span class='ocr_line' id='line_1_16' title="bbox 230 1546 1808 1624; baseline 0.004 -27"><span class='ocrx_word' id='word_1_102' title='bbox 230 1546 453 1611; x_wconf 72' lang='grc' dir='ltr'>φῶν”,’</span> <span class='ocrx_word' id='word_1_103' title='bbox 481 1550 728 1613; x_wconf 80' lang='grc' dir='ltr'>θάνατον,</span> <span class='ocrx_word' id='word_1_104' title='bbox 750 1551 889 1605; x_wconf 75' lang='grc' dir='ltr'>ἀλλὰ</span> <span class='ocrx_word' id='word_1_105' title='bbox 924 1550 1022 1622; x_wconf 83' lang='grc' dir='ltr'>τὴν</span> <span class='ocrx_word' id='word_1_106' title='bbox 1048 1551 1322 1622; x_wconf 78' lang='grc' dir='ltr'>ἁμαρτίαν</span> <span class='ocrx_word' id='word_1_107' title='bbox 1350 1552 1448 1623; x_wconf 80' lang='grc' dir='ltr'><strong>τὴν</strong></span> <span class='ocrx_word' id='word_1_108' title='bbox 1476 1555 1808 1624; x_wconf 83' lang='grc' dir='ltr'>κατοικήσα-</span> 
     </span>
    </p>
   </div>
   <div class='ocr_carea' id='block_1_17' title="bbox 1927 629 3499 704">
    <p class='ocr_par' dir='ltr' id='par_1_17' title="bbox 1927 629 3499 704">
     <span class='ocr_line' id='line_1_17' title="bbox 1927 629 3499 704; baseline 0.001 -17"><span class='ocrx_word' id='word_1_109' title='bbox 1927 631 2276 695; x_wconf 84' lang='lat' dir='ltr'><strong>existimatis,</strong></span> <span class='ocrx_word' id='word_1_110' title='bbox 2311 643 2539 687; x_wconf 90' lang='lat' dir='ltr'><strong>mortem</strong></span> <span class='ocrx_word' id='word_1_111' title='bbox 2565 632 2872 701; x_wconf 77' lang='lat' dir='ltr'><strong>appellavit,</strong></span> <span class='ocrx_word' id='word_1_112' title='bbox 2905 646 3009 685; x_wconf 91' lang='lat' dir='ltr'><strong>non</strong></span> <span class='ocrx_word' id='word_1_113' title='bbox 3039 629 3317 689; x_wconf 78' lang='lat' dir='ltr'><strong>Christum</strong></span> <span class='ocrx_word' id='word_1_114' title='bbox 3338 635 3499 704; x_wconf 74' lang='lat' dir='ltr'><strong>quasi</strong></span> 
     </span>
    </p>
   </div>
   <div class='ocr_carea' id='block_1_18' title="bbox 1926 722 3505 790">
    <p class='ocr_par' dir='ltr' id='par_1_18' title="bbox 1926 722 3505 790">
     <span class='ocr_line' id='line_1_18' title="bbox 1926 722 3505 790; baseline 0.003 -14"><span class='ocrx_word' id='word_1_115' title='bbox 1926 722 2274 779; x_wconf 79' lang='lat' dir='ltr'><strong>liberatorem</strong></span> <span class='ocrx_word' id='word_1_116' title='bbox 2317 739 2470 777; x_wconf 92' lang='lat' dir='ltr'><strong>suum</strong></span> <span class='ocrx_word' id='word_1_117' title='bbox 2518 739 2547 776; x_wconf 90' lang='lat' dir='ltr'><strong>a</strong></span> <span class='ocrx_word' id='word_1_118' title='bbox 2581 723 2672 776; x_wconf 85' lang='lat' dir='ltr'><strong>tali</strong></span> <span class='ocrx_word' id='word_1_119' title='bbox 2719 732 2903 790; x_wconf 86' lang='lat' dir='ltr'><strong>postea</strong></span> <span class='ocrx_word' id='word_1_120' title='bbox 2957 723 3096 777; x_wconf 91' lang='lat' dir='ltr'><strong>malo</strong></span> <span class='ocrx_word' id='word_1_121' title='bbox 3136 722 3505 780; x_wconf 52' lang='lat' dir='ltr'><strong>nominasset.</strong></span> 
     </span>
    </p>
   </div>
   <div class='ocr_carea' id='block_1_19' title="bbox 1924 808 3501 887">
    <p class='ocr_par' dir='ltr' id='par_1_19' title="bbox 1924 808 3501 887">
     <span class='ocr_line' id='line_1_19' title="bbox 1924 808 3501 887; baseline 0.001 -17"><span class='ocrx_word' id='word_1_122' title='bbox 1924 808 2065 884; x_wconf 80' lang='lat' dir='ltr'><strong>Quid</strong></span> <span class='ocrx_word' id='word_1_123' title='bbox 2090 818 2283 873; x_wconf 85' lang='lat' dir='ltr'><strong>deinde</strong></span> <span class='ocrx_word' id='word_1_124' title='bbox 2310 814 2510 873; x_wconf 89' lang='lat' dir='ltr'><strong>Christi</strong></span> <span class='ocrx_word' id='word_1_125' title='bbox 2550 817 2810 871; x_wconf 76' lang='lat' dir='ltr'><strong>adventus</strong></span> <span class='ocrx_word' id='word_1_126' title='bbox 2851 817 3125 887; x_wconf 79' lang='lat' dir='ltr'><strong>singulare</strong></span> <span class='ocrx_word' id='word_1_127' title='bbox 3166 812 3320 872; x_wconf 88' lang='lat' dir='ltr'><strong>nobis</strong></span> <span class='ocrx_word' id='word_1_128' title='bbox 3355 828 3501 873; x_wconf 84' lang='lat' dir='ltr'><strong>attu-</strong></span> 
     </span>
    </p>
   </div>
   <div class='ocr_carea' id='block_1_20' title="bbox 1923 905 3497 981">
    <p class='ocr_par' dir='ltr' id='par_1_20' title="bbox 1923 905 3497 981">
     <span class='ocr_line' id='line_1_20' title="bbox 1923 905 3497 981; baseline -0.001 -21"><span class='ocrx_word' id='word_1_129' title='bbox 1923 906 2099 973; x_wconf 86' lang='lat' dir='ltr'><strong>lisset;</strong></span> <span class='ocrx_word' id='word_1_130' title='bbox 2135 908 2261 977; x_wconf 88' lang='lat' dir='ltr'><strong>quid</strong></span> <span class='ocrx_word' id='word_1_131' title='bbox 2307 908 2529 961; x_wconf 89' lang='lat' dir='ltr'><strong>omnino</strong></span> <span class='ocrx_word' id='word_1_132' title='bbox 2580 905 2890 975; x_wconf 80' lang='lat' dir='ltr'><strong>Apostolus,</strong></span> <span class='ocrx_word' id='word_1_133' title='bbox 2946 906 3108 959; x_wconf 86' lang='lat' dir='ltr'><strong>veluti</strong></span> <span class='ocrx_word' id='word_1_134' title='bbox 3150 920 3250 973; x_wconf 85' lang='lat' dir='ltr'><strong>per</strong></span> <span class='ocrx_word' id='word_1_135' title='bbox 3294 906 3497 981; x_wconf 81' lang='lat' dir='ltr'><strong>Christi</strong></span> 
     </span>
    </p>
   </div>
   <div class='ocr_carea' id='block_1_21' title="bbox 1924 998 3500 1065">
    <p class='ocr_par' dir='ltr' id='par_1_21' title="bbox 1924 998 3500 1065">
     <span class='ocr_line' id='line_1_21' title="bbox 1924 998 3500 1065; baseline 0.001 -15"><span class='ocrx_word' id='word_1_136' title='bbox 1924 998 2213 1051; x_wconf 89' lang='lat' dir='ltr'><strong>adventum</strong></span> <span class='ocrx_word' id='word_1_137' title='bbox 2246 1000 2618 1065; x_wconf 76' lang='lat' dir='ltr'><strong>confirmatus,</strong></span> <span class='ocrx_word' id='word_1_138' title='bbox 2664 1008 2717 1052; x_wconf 88' lang='lat' dir='ltr'><strong>ut</strong></span> <span class='ocrx_word' id='word_1_139' title='bbox 2768 1013 2796 1050; x_wconf 88' lang='lat' dir='ltr'><strong>a</strong></span> <span class='ocrx_word' id='word_1_140' title='bbox 2846 1007 3018 1051; x_wconf 88' lang='lat' dir='ltr'><strong>morte</strong></span> <span class='ocrx_word' id='word_1_141' title='bbox 3046 1012 3140 1065; x_wconf 89' lang='lat' dir='ltr'><strong>per</strong></span> <span class='ocrx_word' id='word_1_142' title='bbox 3167 998 3332 1051; x_wconf 89' lang='lat' dir='ltr'><strong>Deum</strong></span> <span class='ocrx_word' id='word_1_143' title='bbox 3356 1000 3500 1053; x_wconf 87' lang='lat' dir='ltr'><strong>libe-</strong></span> 
     </span>
    </p>
   </div>
   <div class='ocr_carea' id='block_1_22' title="bbox 1926 1090 3499 1162">
    <p class='ocr_par' dir='ltr' id='par_1_22' title="bbox 1926 1090 3499 1162">
     <span class='ocr_line' id='line_1_22' title="bbox 1926 1090 3499 1162; baseline 0.003 -19"><span class='ocrx_word' id='word_1_144' title='bbox 1926 1096 2157 1155; x_wconf 87' lang='lat' dir='ltr'><strong>raretur,</strong></span> <span class='ocrx_word' id='word_1_145' title='bbox 2212 1090 2313 1145; x_wconf 88' lang='lat' dir='ltr'><strong>hoc</strong></span> <span class='ocrx_word' id='word_1_146' title='bbox 2351 1091 2711 1160; x_wconf 66' lang='lat' dir='ltr'><strong>praedicaret?</strong></span> <span class='ocrx_word' id='word_1_147' title='bbox 2755 1092 2974 1162; x_wconf 85' lang='lat' dir='ltr'><strong>quando</strong></span> <span class='ocrx_word' id='word_1_148' title='bbox 3015 1090 3289 1157; x_wconf 89' lang='lat' dir='ltr'><strong>omnibus,</strong></span> <span class='ocrx_word' id='word_1_149' title='bbox 3335 1092 3499 1147; x_wconf 89' lang='lat' dir='ltr'><strong>etiam</strong></span> 
     </span>
    </p>
   </div>
   <div class='ocr_carea' id='block_1_23' title="bbox 1926 1182 3497 1253">
    <p class='ocr_par' dir='ltr' id='par_1_23' title="bbox 1926 1182 3497 1253">
     <span class='ocr_line' id='line_1_23' title="bbox 1926 1182 3497 1253; baseline 0 -16"><span class='ocrx_word' id='word_1_150' title='bbox 1926 1194 2212 1253; x_wconf 88' lang='lat' dir='ltr'><strong>antequam</strong></span> <span class='ocrx_word' id='word_1_151' title='bbox 2239 1183 2487 1237; x_wconf 86' lang='lat' dir='ltr'><strong>Christus</strong></span> <span class='ocrx_word' id='word_1_152' title='bbox 2520 1186 2569 1238; x_wconf 91' lang='lat' dir='ltr'><strong>in</strong></span> <span class='ocrx_word' id='word_1_153' title='bbox 2600 1184 2856 1237; x_wconf 91' lang='lat' dir='ltr'><strong>mundum</strong></span> <span class='ocrx_word' id='word_1_154' title='bbox 2886 1182 3110 1248; x_wconf 87' lang='lat' dir='ltr'><strong>veniret,</strong></span> <span class='ocrx_word' id='word_1_155' title='bbox 3142 1185 3276 1237; x_wconf 91' lang='lat' dir='ltr'><strong>mori</strong></span> <span class='ocrx_word' id='word_1_156' title='bbox 3312 1182 3497 1238; x_wconf 86' lang='lat' dir='ltr'><strong>datum</strong></span> 
     </span>
    </p>
   </div>
   <div class='ocr_carea' id='block_1_24' title="bbox 1924 1275 3500 1347">
    <p class='ocr_par' dir='ltr' id='par_1_24' title="bbox 1924 1275 3500 1347">
     <span class='ocr_line' id='line_1_24' title="bbox 1924 1275 3500 1347; baseline 0.002 -20"><span class='ocrx_word' id='word_1_157' title='bbox 1924 1285 2027 1338; x_wconf 85' lang='lat' dir='ltr'><strong>est,</strong></span> <span class='ocrx_word' id='word_1_158' title='bbox 2066 1286 2123 1328; x_wconf 95' lang='lat' dir='ltr'><strong>ut</strong></span> <span class='ocrx_word' id='word_1_159' title='bbox 2157 1290 2261 1327; x_wconf 91' lang='lat' dir='ltr'><strong>non</strong></span> <span class='ocrx_word' id='word_1_160' title='bbox 2298 1275 2398 1329; x_wconf 89' lang='lat' dir='ltr'><strong>hoc</strong></span> <span class='ocrx_word' id='word_1_161' title='bbox 2430 1291 2649 1346; x_wconf 90' lang='lat' dir='ltr'><strong>corpus,</strong></span> <span class='ocrx_word' id='word_1_162' title='bbox 2685 1291 2717 1329; x_wconf 92' lang='grc' dir='ltr'><strong>ο</strong></span> <span class='ocrx_word' id='word_1_163' title='bbox 2752 1275 3087 1347; x_wconf 74' lang='lat' dir='ltr'><strong>Aglaophon,</strong></span> <span class='ocrx_word' id='word_1_164' title='bbox 3141 1285 3372 1330; x_wconf 88' lang='lat' dir='ltr'><strong>mortem</strong></span> <span class='ocrx_word' id='word_1_165' title='bbox 3404 1292 3500 1344; x_wconf 85' lang='lat' dir='ltr'><strong>ap-</strong></span> 
     </span>
    </p>
   </div>
   <div class='ocr_carea' id='block_1_25' title="bbox 1926 1366 3499 1436">
    <p class='ocr_par' dir='ltr' id='par_1_25' title="bbox 1926 1366 3499 1436">
     <span class='ocr_line' id='line_1_25' title="bbox 1926 1366 3499 1436; baseline -0.001 -15"><span class='ocrx_word' id='word_1_166' title='bbox 1926 1368 2110 1436; x_wconf 87' lang='lat' dir='ltr'><strong>pellet,</strong></span> <span class='ocrx_word' id='word_1_167' title='bbox 2139 1367 2230 1421; x_wconf 86' lang='lat' dir='ltr'><strong>sed</strong></span> <span class='ocrx_word' id='word_1_168' title='bbox 2257 1378 2534 1436; x_wconf 90' lang='lat' dir='ltr'><strong>peccatum</strong></span> <span class='ocrx_word' id='word_1_169' title='bbox 2569 1367 2711 1435; x_wconf 83' lang='lat' dir='ltr'><strong>quod</strong></span> <span class='ocrx_word' id='word_1_170' title='bbox 2750 1382 2845 1435; x_wconf 90' lang='lat' dir='ltr'><strong>per</strong></span> <span class='ocrx_word' id='word_1_171' title='bbox 2882 1366 3374 1435; x_wconf 86' lang='lat' dir='ltr'><strong>concupiscentiam</strong></span> <span class='ocrx_word' id='word_1_172' title='bbox 3401 1368 3499 1421; x_wconf 88' lang='lat' dir='ltr'><strong>ba-</strong></span> 
     </span>
    </p>
   </div>
   <div class='ocr_carea' id='block_1_26' title="bbox 1915 1458 3498 1531">
    <p class='ocr_par' dir='ltr' id='par_1_26' title="bbox 1915 1458 3498 1531">
     <span class='ocr_line' id='line_1_26' title="bbox 1915 1458 3498 1531; baseline -0.002 -17"><span class='ocrx_word' id='word_1_173' title='bbox 1915 1460 2053 1514; x_wconf 87' lang='lat' dir='ltr'><strong>bitat</strong></span> <span class='ocrx_word' id='word_1_174' title='bbox 2105 1459 2157 1512; x_wconf 95' lang='lat' dir='ltr'><strong>in</strong></span> <span class='ocrx_word' id='word_1_175' title='bbox 2201 1474 2449 1528; x_wconf 88' lang='lat' dir='ltr'><strong>corpore,</strong></span> <span class='ocrx_word' id='word_1_176' title='bbox 2487 1474 2517 1512; x_wconf 88' lang='lat' dir='ltr'><strong>a</strong></span> <span class='ocrx_word' id='word_1_177' title='bbox 2566 1476 2667 1528; x_wconf 91' lang='lat' dir='ltr'><strong>qua</strong></span> <span class='ocrx_word' id='word_1_178' title='bbox 2704 1459 2877 1529; x_wconf 89' lang='lat' dir='ltr'><strong>ipsum</strong></span> <span class='ocrx_word' id='word_1_179' title='bbox 2915 1458 3054 1514; x_wconf 89' lang='lat' dir='ltr'><strong>Deus</strong></span> <span class='ocrx_word' id='word_1_180' title='bbox 3083 1474 3179 1531; x_wconf 87' lang='lat' dir='ltr'><strong>per</strong></span> <span class='ocrx_word' id='word_1_181' title='bbox 3207 1459 3498 1515; x_wconf 87' lang='lat' dir='ltr'><strong>adventum</strong></span> 
     </span>
    </p>
   </div>
   <div class='ocr_carea' id='block_1_27' title="bbox 1914 1550 2419 1606">
    <p class='ocr_par' dir='ltr' id='par_1_27' title="bbox 1914 1550 2419 1606">
     <span class='ocr_line' id='line_1_27' title="bbox 1914 1550 2419 1606; baseline 0 0"><span class='ocrx_word' id='word_1_182' title='bbox 1914 1550 2116 1606; x_wconf 86' lang='lat' dir='ltr'><strong>Christi</strong></span> <span class='ocrx_word' id='word_1_183' title='bbox 2151 1551 2419 1606; x_wconf 81' lang='lat' dir='ltr'><strong>liberavit.</strong></span> 
     </span>
    </p>
   </div>
   <div class='ocr_carea' id='block_1_28' title="bbox 231 1626 3503 1717">
    <p class='ocr_par' dir='ltr' id='par_1_28' title="bbox 231 1626 3503 1717">
     <span class='ocr_line' id='line_1_28' title="bbox 231 1626 3503 1717; baseline 0.003 -30"><span class='ocrx_word' id='word_1_184' title='bbox 231 1648 337 1687; x_wconf 85' lang='grc' dir='ltr'><strong>σαν</strong></span> <span class='ocrx_word' id='word_1_185' title='bbox 370 1636 459 1690; x_wconf 82' lang='grc' dir='ltr'><strong>διά</strong></span> <span class='ocrx_word' id='word_1_186' title='bbox 499 1637 600 1707; x_wconf 81' lang='grc' dir='ltr'><strong>τῆς</strong></span> <span class='ocrx_word' id='word_1_187' title='bbox 634 1638 931 1709; x_wconf 73' lang='grc' dir='ltr'>ἐπιθυμίας</span> <span class='ocrx_word' id='word_1_188' title='bbox 969 1641 1027 1695; x_wconf 89' lang='grc' dir='ltr'><strong>ἐν</strong></span> <span class='ocrx_word' id='word_1_189' title='bbox 1067 1639 1146 1710; x_wconf 85' lang='grc' dir='ltr'>τῷ</span> <span class='ocrx_word' id='word_1_190' title='bbox 1191 1640 1402 1712; x_wconf 80' lang='grc' dir='ltr'>σώματι</span> <span class='ocrx_word' id='word_1_191' title='bbox 1451 1642 1688 1712; x_wconf 81' lang='grc' dir='ltr'>λέγει²⁹,</span> <span class='ocrx_word' id='word_1_192' title='bbox 1744 1637 1812 1716; x_wconf 79' lang='grc' dir='ltr'>ἧς</span> <span class='ocrx_word' id='word_1_193' title='bbox 1853 1643 1880 1696; x_wconf 93' lang='lat'><strong>6</strong></span> <span class='ocrx_word' id='word_1_194' title='bbox 1905 1642 2037 1705; x_wconf 80' lang='grc' dir='ltr'>Θεὸς</span> <span class='ocrx_word' id='word_1_195' title='bbox 2065 1642 2336 1713; x_wconf 73' lang='grc' dir='ltr'>αὑτὸνδιὰ</span> <span class='ocrx_word' id='word_1_196' title='bbox 2367 1643 2469 1711; x_wconf 78' lang='grc' dir='ltr'>τῆς</span> <span class='ocrx_word' id='word_1_197' title='bbox 2530 1641 2830 1713; x_wconf 79' lang='grc' dir='ltr'>παρουσίας</span> <span class='ocrx_word' id='word_1_198' title='bbox 2888 1642 2984 1695; x_wconf 87' lang='grc' dir='ltr'><strong>τοῦ</strong></span> <span class='ocrx_word' id='word_1_199' title='bbox 3030 1640 3267 1715; x_wconf 82' lang='grc' dir='ltr'>Χριστοῦ</span> <span class='ocrx_word' id='word_1_200' title='bbox 3336 1626 3503 1717; x_wconf 7' lang='grc' dir='ltr'>ἐῤῥύοη</span> 
     </span>
    </p>
   </div>
   <div class='ocr_carea' id='block_1_29' title="bbox 233 1741 393 1781">
    <p class='ocr_par' dir='ltr' id='par_1_29' title="bbox 233 1741 393 1781">
     <span class='ocr_line' id='line_1_29' title="bbox 233 1741 393 1781; baseline 0.019 -3"><span class='ocrx_word' id='word_1_201' title='bbox 233 1741 393 1781; x_wconf 87' lang='grc' dir='ltr'>σατο.</span> 
     </span>
    </p>
   </div>
   <div class='ocr_carea' id='block_1_30' title="bbox 329 1817 1818 1893">
    <p class='ocr_par' dir='ltr' id='par_1_30' title="bbox 329 1817 1818 1893">
     <span class='ocr_line' id='line_1_30' title="bbox 329 1817 1818 1893; baseline 0.008 -26"><span class='ocrx_word' id='word_1_202' title='bbox 329 1818 374 1867; x_wconf 92' lang='lat'><em>0</em></span> <span class='ocrx_word' id='word_1_203' title='bbox 396 1817 707 1886; x_wconf 74' lang='grc' dir='ltr'>γὰργόμος</span> <span class='ocrx_word' id='word_1_204' title='bbox 730 1818 843 1887; x_wconf 82' lang='grc' dir='ltr'>τῆς</span> <span class='ocrx_word' id='word_1_205' title='bbox 886 1818 1035 1889; x_wconf 76' lang='grc' dir='ltr'>ζωῆς</span> <span class='ocrx_word' id='word_1_206' title='bbox 1058 1818 1166 1875; x_wconf 81' lang='grc' dir='ltr'><strong>τοῦ</strong></span> <span class='ocrx_word' id='word_1_207' title='bbox 1191 1824 1554 1893; x_wconf 70' lang='grc' dir='ltr'>πνεύματος</span> <span class='ocrx_word' id='word_1_208' title='bbox 1591 1825 1661 1878; x_wconf 86' lang='grc' dir='ltr'><strong>ἐν</strong></span> <span class='ocrx_word' id='word_1_209' title='bbox 1688 1826 1818 1890; x_wconf 80' lang='grc' dir='ltr'>Χρι-</span> 
     </span>
    </p>
   </div>
   <div class='ocr_carea' id='block_1_31' title="bbox 1922 1817 3499 1893">
    <p class='ocr_par' dir='ltr' id='par_1_31' title="bbox 1993 1817 3499 1883">
     <span class='ocr_line' id='line_1_31' title="bbox 1993 1817 3499 1883; baseline -0.001 -10"><span class='ocrx_word' id='word_1_210' title='bbox 1993 1818 2101 1873; x_wconf 68' lang='lat' dir='ltr'><strong>Lex</strong></span> <span class='ocrx_word' id='word_1_211' title='bbox 2132 1819 2269 1872; x_wconf 86' lang='lat' dir='ltr'><strong>enim</strong></span> <span class='ocrx_word' id='word_1_212' title='bbox 2298 1818 2427 1870; x_wconf 60' lang='lat' dir='ltr'><strong>&quot;vita:</strong></span> <span class='ocrx_word' id='word_1_213' title='bbox 2464 1818 2679 1883; x_wconf 78' lang='lat' dir='ltr'><strong>spiritus</strong></span> <span class='ocrx_word' id='word_1_214' title='bbox 2717 1819 2771 1871; x_wconf 84' lang='lat' dir='ltr'><strong>in</strong></span> <span class='ocrx_word' id='word_1_215' title='bbox 2824 1817 3030 1872; x_wconf 73' lang='lat' dir='ltr'><strong>Christo</strong></span> <span class='ocrx_word' id='word_1_216' title='bbox 3080 1818 3207 1873; x_wconf 73' lang='lat' dir='ltr'><strong>Iesu</strong></span> <span class='ocrx_word' id='word_1_217' title='bbox 3256 1819 3499 1873; x_wconf 63' lang='lat' dir='ltr'><strong>iiberavil</strong></span> 
     </span>
    </p>
   </div>
   <div class='ocr_carea' id='block_1_32' title="bbox 229 1906 1818 1985">
    <p class='ocr_par' dir='ltr' id='par_1_32' title="bbox 229 1906 1818 1985">
     <span class='ocr_line' id='line_1_32' title="bbox 229 1906 1818 1985; baseline 0.005 -25"><span class='ocrx_word' id='word_1_218' title='bbox 229 1906 362 1972; x_wconf 85' lang='grc' dir='ltr'>στῷ</span> <span class='ocrx_word' id='word_1_219' title='bbox 401 1906 597 1973; x_wconf 78' lang='grc' dir='ltr'>Ἰησοῦ</span> <span class='ocrx_word' id='word_1_220' title='bbox 614 1909 1021 1977; x_wconf 78' lang='grc' dir='ltr'>ἐλευθέρωσεν</span> <span class='ocrx_word' id='word_1_221' title='bbox 1043 1912 1200 1983; x_wconf 77' lang='grc' dir='ltr'>ἡμᾶς</span> <span class='ocrx_word' id='word_1_222' title='bbox 1216 1914 1333 1967; x_wconf 73' lang='grc' dir='ltr'><strong>ἀπὸ</strong></span> <span class='ocrx_word' id='word_1_223' title='bbox 1363 1916 1468 1969; x_wconf 87' lang='grc' dir='ltr'><strong>τοῦ</strong></span> <span class='ocrx_word' id='word_1_224' title='bbox 1488 1917 1676 1985; x_wconf 79' lang='grc' dir='ltr'>νόμου</span> <span class='ocrx_word' id='word_1_225' title='bbox 1708 1914 1818 1982; x_wconf 85' lang='grc' dir='ltr'>τῆς</span> 
     </span>
    </p>
   </div>
   <div class='ocr_carea' id='block_1_33' title="bbox 232 1996 1810 2077">
    <p class='ocr_par' dir='ltr' id='par_1_33' title="bbox 232 1996 1810 2077">
     <span class='ocr_line' id='line_1_33' title="bbox 232 1996 1810 2077; baseline 0.006 -28"><span class='ocrx_word' id='word_1_226' title='bbox 232 1996 527 2065; x_wconf 76' lang='grc' dir='ltr'>ἁμαρτίας</span> <span class='ocrx_word' id='word_1_227' title='bbox 551 1996 660 2052; x_wconf 80' lang='grc' dir='ltr'><strong>τοῦ</strong></span> <span class='ocrx_word' id='word_1_228' title='bbox 702 2001 982 2056; x_wconf 78' lang='grc' dir='ltr'>θανάτου.</span> <span class='ocrx_word' id='word_1_229' title='bbox 1016 2003 1203 2067; x_wconf 85' lang='grc' dir='ltr'>Ὅπως</span> <span class='ocrx_word' id='word_1_230' title='bbox 1226 2008 1254 2058; x_wconf 89' lang='lat'><strong>6</strong></span> <span class='ocrx_word' id='word_1_231' title='bbox 1276 2005 1715 2077; x_wconf 82' lang='grc' dir='ltr'>ἐγείραςῚησοῦν</span> <span class='ocrx_word' id='word_1_232' title='bbox 1746 2009 1810 2059; x_wconf 84' lang='grc' dir='ltr'>ὲκ</span> 
     </span>
    </p>
   </div>
   <div class='ocr_carea' id='block_1_34' title="bbox 230 2089 1819 2168">
    <p class='ocr_par' dir='ltr' id='par_1_34' title="bbox 230 2089 1819 2168">
     <span class='ocr_line' id='line_1_34' title="bbox 230 2089 1819 2168; baseline 0.007 -28"><span class='ocrx_word' id='word_1_233' title='bbox 230 2089 448 2157; x_wconf 81' lang='grc' dir='ltr'>νεκρῶν</span> <span class='ocrx_word' id='word_1_234' title='bbox 468 2090 512 2122; x_wconf 74' lang='grc'><strong><em>³⁸</em></strong></span> <span class='ocrx_word' id='word_1_235' title='bbox 544 2090 630 2145; x_wconf 82' lang='grc' dir='ltr'>διὰ</span> <span class='ocrx_word' id='word_1_236' title='bbox 652 2090 713 2145; x_wconf 87' lang='lat'><strong>:6</strong></span> <span class='ocrx_word' id='word_1_237' title='bbox 749 2093 992 2148; x_wconf 77' lang='grc' dir='ltr'>ἐνοικοῦν</span> <span class='ocrx_word' id='word_1_238' title='bbox 1019 2094 1181 2148; x_wconf 75' lang='grc' dir='ltr'>αὐτοῦ</span> <span class='ocrx_word' id='word_1_239' title='bbox 1205 2096 1422 2168; x_wconf 90' lang='grc' dir='ltr'>πνεῦμα</span> <span class='ocrx_word' id='word_1_240' title='bbox 1447 2100 1502 2151; x_wconf 85' lang='grc' dir='ltr'><strong>ἐν</strong></span> <span class='ocrx_word' id='word_1_241' title='bbox 1523 2100 1654 2168; x_wconf 77' lang='grc' dir='ltr'>ἡμῖν</span> <span class='ocrx_word' id='word_1_242' title='bbox 1684 2098 1819 2162; x_wconf 75' lang='grc' dir='ltr'>ζωο-</span> 
     </span>
    </p>
   </div>
   <div class='ocr_carea' id='block_1_35' title="bbox 232 2182 1818 2260">
    <p class='ocr_par' dir='ltr' id='par_1_35' title="bbox 232 2182 1818 2260">
     <span class='ocr_line' id='line_1_35' title="bbox 232 2182 1818 2260; baseline 0.006 -27"><span class='ocrx_word' id='word_1_243' title='bbox 232 2183 442 2253; x_wconf 78' lang='grc' dir='ltr'>ποιήσῃ</span> <span class='ocrx_word' id='word_1_244' title='bbox 484 2182 581 2235; x_wconf 79' lang='grc' dir='ltr'>καὶ</span> <span class='ocrx_word' id='word_1_245' title='bbox 609 2182 676 2235; x_wconf 81' lang='grc' dir='ltr'>τὰ</span> <span class='ocrx_word' id='word_1_246' title='bbox 700 2182 873 2255; x_wconf 78' lang='grc' dir='ltr'>θνητὰ</span> <span class='ocrx_word' id='word_1_247' title='bbox 928 2186 1155 2256; x_wconf 85' lang='grc' dir='ltr'>σώματα</span> <span class='ocrx_word' id='word_1_248' title='bbox 1180 2188 1340 2257; x_wconf 80' lang='grc' dir='ltr'>ἡμῶν</span> <span class='ocrx_word' id='word_1_249' title='bbox 1392 2189 1492 2259; x_wconf 86' lang='grc' dir='ltr'>τῆς</span> <span class='ocrx_word' id='word_1_250' title='bbox 1543 2190 1818 2260; x_wconf 81' lang='grc' dir='ltr'>ἁμαρτίας</span> 
     </span>
    </p>
   </div>
   <div class='ocr_carea' id='block_1_36' title="bbox 231 2272 1816 2350">
    <p class='ocr_par' dir='ltr' id='par_1_36' title="bbox 231 2272 1816 2350">
     <span class='ocr_line' id='line_1_36' title="bbox 231 2272 1816 2350; baseline 0.006 -26"><span class='ocrx_word' id='word_1_251' title='bbox 231 2273 335 2345; x_wconf 81' lang='grc' dir='ltr'>τῆς</span> <span class='ocrx_word' id='word_1_252' title='bbox 368 2274 425 2325; x_wconf 86' lang='grc' dir='ltr'><strong>ἐν</strong></span> <span class='ocrx_word' id='word_1_253' title='bbox 466 2272 544 2343; x_wconf 82' lang='grc' dir='ltr'>τῷ</span> <span class='ocrx_word' id='word_1_254' title='bbox 573 2273 786 2345; x_wconf 87' lang='grc' dir='ltr'>σώματι</span> <span class='ocrx_word' id='word_1_255' title='bbox 847 2276 1271 2348; x_wconf 88' lang='grc' dir='ltr'>κατακριθείσης</span> <span class='ocrx_word' id='word_1_256' title='bbox 1316 2278 1451 2348; x_wconf 83' lang='grc' dir='ltr'>πρὸς</span> <span class='ocrx_word' id='word_1_257' title='bbox 1518 2279 1816 2350; x_wconf 83' lang='grc' dir='ltr'>ἀναίρεσιν,</span> 
     </span>
    </p>
   </div>
   <div class='ocr_carea' id='block_1_37' title="bbox 234 2364 1819 2440">
    <p class='ocr_par' dir='ltr' id='par_1_37' title="bbox 234 2364 1819 2440">
     <span class='ocr_line' id='line_1_37' title="bbox 234 2364 1819 2440; baseline 0.004 -24"><span class='ocrx_word' id='word_1_258' title='bbox 234 2364 327 2417; x_wconf 79' lang='grc' dir='ltr'><strong>ἵνα</strong></span> <span class='ocrx_word' id='word_1_259' title='bbox 352 2366 412 2417; x_wconf 90' lang='lat'><strong>:6</strong></span> <span class='ocrx_word' id='word_1_260' title='bbox 447 2364 720 2435; x_wconf 80' lang='grc' dir='ltr'>δικαίωμα</span> <span class='ocrx_word' id='word_1_261' title='bbox 742 2365 836 2418; x_wconf 84' lang='grc' dir='ltr'><strong>τοῦ</strong></span> <span class='ocrx_word' id='word_1_262' title='bbox 863 2368 1002 2419; x_wconf 86' lang='grc' dir='ltr'><strong>κατὰ</strong></span> <span class='ocrx_word' id='word_1_263' title='bbox 1030 2366 1129 2438; x_wconf 83' lang='grc' dir='ltr'>τὴν</span> <span class='ocrx_word' id='word_1_264' title='bbox 1159 2368 1379 2438; x_wconf 80' lang='grc' dir='ltr'>ἐντολὴν</span> <span class='ocrx_word' id='word_1_265' title='bbox 1423 2367 1559 2440; x_wconf 90' lang='lat'><em>7:96;</em></span> <span class='ocrx_word' id='word_1_266' title='bbox 1590 2367 1650 2422; x_wconf 86' lang='lat'><strong>:6</strong></span> <span class='ocrx_word' id='word_1_267' title='bbox 1681 2370 1819 2437; x_wconf 84' lang='grc' dir='ltr'>ἀγα-</span> 
     </span>
    </p>
   </div>
   <div class='ocr_carea' id='block_1_38' title="bbox 235 2455 1817 2532">
    <p class='ocr_par' dir='ltr' id='par_1_38' title="bbox 235 2455 1817 2532">
     <span class='ocr_line' id='line_1_38' title="bbox 235 2455 1817 2532; baseline 0.003 -24"><span class='ocrx_word' id='word_1_268' title='bbox 235 2455 331 2508; x_wconf 88' lang='grc' dir='ltr'><strong>θδν</strong></span> <span class='ocrx_word' id='word_1_269' title='bbox 378 2456 533 2525; x_wconf 68' lang='grc' dir='ltr'>ἡμᾶς</span> <span class='ocrx_word' id='word_1_270' title='bbox 602 2456 964 2526; x_wconf 83' lang='grc' dir='ltr'>ἐφελκομένου</span> <span class='ocrx_word' id='word_1_271' title='bbox 1013 2457 1244 2525; x_wconf 82' lang='grc' dir='ltr'>φυσικοῦ</span> <span class='ocrx_word' id='word_1_272' title='bbox 1309 2458 1473 2529; x_wconf 89' lang='grc' dir='ltr'>νόμου</span> <span class='ocrx_word' id='word_1_273' title='bbox 1526 2459 1817 2532; x_wconf 76' lang='grc' dir='ltr'>φανερωθῇ</span> 
     </span>
    </p>
   </div>
   <div class='ocr_carea' id='block_1_39' title="bbox 233 2545 1820 2621">
    <p class='ocr_par' dir='ltr' id='par_1_39' title="bbox 233 2545 1820 2621">
     <span class='ocr_line' id='line_1_39' title="bbox 233 2545 1820 2621; baseline 0.005 -22"><span class='ocrx_word' id='word_1_274' title='bbox 233 2545 492 2615; x_wconf 77' lang='grc' dir='ltr'>ἐξαφθὲν.</span> <span class='ocrx_word' id='word_1_275' title='bbox 528 2546 601 2599; x_wconf 82' lang='lat' dir='ltr'><em>T6</em></span> <span class='ocrx_word' id='word_1_276' title='bbox 632 2548 741 2616; x_wconf 83' lang='grc' dir='ltr'><strong>γὰρ</strong></span> <span class='ocrx_word' id='word_1_277' title='bbox 771 2548 1031 2601; x_wconf 81' lang='grc' dir='ltr'>ἀδύνατον</span> <span class='ocrx_word' id='word_1_278' title='bbox 1058 2550 1153 2602; x_wconf 90' lang='grc' dir='ltr'><strong>τοῦ</strong></span> <span class='ocrx_word' id='word_1_279' title='bbox 1181 2551 1237 2602; x_wconf 82' lang='grc' dir='ltr'><strong>ἐν</strong></span> <span class='ocrx_word' id='word_1_280' title='bbox 1271 2552 1400 2621; x_wconf 75' lang='grc' dir='ltr'>ἡμῖν</span> <span class='ocrx_word' id='word_1_281' title='bbox 1425 2553 1653 2620; x_wconf 83' lang='grc' dir='ltr'>φυσικοῦ</span> <span class='ocrx_word' id='word_1_282' title='bbox 1684 2556 1820 2621; x_wconf 60' lang='grc' dir='ltr'>ἀγαέ</span> 
     </span>
    </p>
   </div>
   <div class='ocr_carea' id='block_1_40' title="bbox 236 2628 1821 2709">
    <p class='ocr_par' dir='ltr' id='par_1_40' title="bbox 236 2628 1821 2709">
     <span class='ocr_line' id='line_1_40' title="bbox 236 2628 1821 2709; baseline 0.004 -23"><span class='ocrx_word' id='word_1_283' title='bbox 236 2634 357 2699; x_wconf 84' lang='grc' dir='ltr'>θοῦ,</span> <span class='ocrx_word' id='word_1_284' title='bbox 390 2638 449 2688; x_wconf 85' lang='grc' dir='ltr'><strong>ἐν</strong></span> <span class='ocrx_word' id='word_1_285' title='bbox 482 2628 527 2704; x_wconf 83' lang='grc' dir='ltr'>ᾧ</span> <span class='ocrx_word' id='word_1_286' title='bbox 566 2636 785 2705; x_wconf 76' lang='grc' dir='ltr'>ἠσθένει</span> <span class='ocrx_word' id='word_1_287' title='bbox 844 2636 950 2690; x_wconf 81' lang='grc' dir='ltr'><strong>ὑπὸ</strong></span> <span class='ocrx_word' id='word_1_288' title='bbox 1007 2640 1106 2708; x_wconf 80' lang='grc' dir='ltr'><strong>τῆς</strong></span> <span class='ocrx_word' id='word_1_289' title='bbox 1155 2636 1453 2708; x_wconf 74' lang='grc' dir='ltr'>ἐπιθυμίας</span> <span class='ocrx_word' id='word_1_290' title='bbox 1514 2640 1821 2709; x_wconf 67' lang='grc' dir='ltr'>ἡττώμενον</span> 
     </span>
    </p>
   </div>
   <div class='ocr_carea' id='block_1_41' title="bbox 234 2726 1817 2803">
    <p class='ocr_par' dir='ltr' id='par_1_41' title="bbox 234 2726 1817 2803">
     <span class='ocr_line' id='line_1_41' title="bbox 234 2726 1817 2803; baseline 0.005 -26"><span class='ocrx_word' id='word_1_291' title='bbox 234 2727 338 2797; x_wconf 78' lang='grc' dir='ltr'>τῆς</span> <span class='ocrx_word' id='word_1_292' title='bbox 388 2726 713 2796; x_wconf 77' lang='grc' dir='ltr'>ἐγκειμένης</span> <span class='ocrx_word' id='word_1_293' title='bbox 739 2729 796 2779; x_wconf 80' lang='grc' dir='ltr'><strong>ἐν</strong></span> <span class='ocrx_word' id='word_1_294' title='bbox 841 2726 920 2798; x_wconf 83' lang='grc' dir='ltr'>τῷ</span> <span class='ocrx_word' id='word_1_295' title='bbox 955 2727 1190 2798; x_wconf 82' lang='grc' dir='ltr'>σώματι,</span> <span class='ocrx_word' id='word_1_296' title='bbox 1223 2730 1250 2781; x_wconf 94' lang='lat'><strong>6</strong></span> <span class='ocrx_word' id='word_1_297' title='bbox 1274 2728 1405 2792; x_wconf 85' lang='grc' dir='ltr'>Θεὸς</span> <span class='ocrx_word' id='word_1_298' title='bbox 1445 2732 1817 2803; x_wconf 77' lang='grc' dir='ltr'>ἁνερῤώσατο,</span> 
     </span>
    </p>
   </div>
   <div class='ocr_carea' id='block_1_42' title="bbox 236 2814 1819 2891">
    <p class='ocr_par' dir='ltr' id='par_1_42' title="bbox 236 2814 1819 2891">
     <span class='ocr_line' id='line_1_42' title="bbox 236 2814 1819 2891; baseline 0.004 -24"><span class='ocrx_word' id='word_1_299' title='bbox 236 2814 462 2884; x_wconf 76' lang='grc' dir='ltr'>πέμψας</span> <span class='ocrx_word' id='word_1_300' title='bbox 519 2816 609 2869; x_wconf 79' lang='grc' dir='ltr'><strong>τὸν</strong></span> <span class='ocrx_word' id='word_1_301' title='bbox 638 2815 767 2869; x_wconf 81' lang='grc' dir='ltr'>Υίὺν</span> <span class='ocrx_word' id='word_1_302' title='bbox 792 2816 956 2869; x_wconf 83' lang='grc' dir='ltr'>αὑτοῦ</span> <span class='ocrx_word' id='word_1_303' title='bbox 1013 2818 1111 2887; x_wconf 83' lang='grc' dir='ltr'><strong>τὴν</strong></span> <span class='ocrx_word' id='word_1_304' title='bbox 1135 2818 1329 2888; x_wconf 85' lang='grc' dir='ltr'>ὁμοίαν</span> <span class='ocrx_word' id='word_1_305' title='bbox 1358 2818 1458 2889; x_wconf 80' lang='grc' dir='ltr'><strong>τῆς</strong></span> <span class='ocrx_word' id='word_1_306' title='bbox 1500 2819 1698 2890; x_wconf 76' lang='grc' dir='ltr'>σαρκὸς</span> <span class='ocrx_word' id='word_1_307' title='bbox 1723 2822 1819 2891; x_wconf 79' lang='grc' dir='ltr'>τῆς</span> 
     </span>
    </p>
   </div>
   <div class='ocr_carea' id='block_1_43' title="bbox 237 2905 1820 2981">
    <p class='ocr_par' dir='ltr' id='par_1_43' title="bbox 237 2905 1820 2981">
     <span class='ocr_line' id='line_1_43' title="bbox 237 2905 1820 2981; baseline 0.003 -21"><span class='ocrx_word' id='word_1_308' title='bbox 237 2905 514 2977; x_wconf 79' lang='grc' dir='ltr'>ἁμαρτίας</span> <span class='ocrx_word' id='word_1_309' title='bbox 573 2908 751 2977; x_wconf 79' lang='grc' dir='ltr'>σάρκα</span> <span class='ocrx_word' id='word_1_310' title='bbox 803 2908 1182 2979; x_wconf 75' lang='grc' dir='ltr'>ἀνειληφότα,</span> <span class='ocrx_word' id='word_1_311' title='bbox 1240 2909 1330 2963; x_wconf 71' lang='grc' dir='ltr'>ἵνα</span> <span class='ocrx_word' id='word_1_312' title='bbox 1386 2910 1485 2979; x_wconf 83' lang='grc' dir='ltr'>τῆς</span> <span class='ocrx_word' id='word_1_313' title='bbox 1548 2912 1820 2981; x_wconf 83' lang='grc' dir='ltr'>ἁμαρτίας</span> 
     </span>
    </p>
   </div>
   <div class='ocr_carea' id='block_1_44' title="bbox 238 2996 1820 3071">
    <p class='ocr_par' dir='ltr' id='par_1_44' title="bbox 238 2996 1820 3071">
     <span class='ocr_line' id='line_1_44' title="bbox 238 2996 1820 3071; baseline 0.003 -22"><span class='ocrx_word' id='word_1_314' title='bbox 238 2996 721 3066; x_wconf 83' lang='grc' dir='ltr'>κατακεκριμένης</span> <span class='ocrx_word' id='word_1_315' title='bbox 776 2996 914 3066; x_wconf 82' lang='grc' dir='ltr'>πρὸς</span> <span class='ocrx_word' id='word_1_316' title='bbox 990 2997 1269 3068; x_wconf 84' lang='grc' dir='ltr'>ἀναίρεσιν</span> <span class='ocrx_word' id='word_1_317' title='bbox 1304 3037 1319 3062; x_wconf 91' lang='grc'><strong>,</strong></span> <span class='ocrx_word' id='word_1_318' title='bbox 1371 3000 1451 3063; x_wconf 86' lang='grc' dir='ltr'><strong>είς</strong></span> <span class='ocrx_word' id='word_1_319' title='bbox 1493 3000 1552 3052; x_wconf 87' lang='lat'><strong>:6</strong></span> <span class='ocrx_word' id='word_1_320' title='bbox 1624 3003 1820 3071; x_wconf 81' lang='grc' dir='ltr'>μηκέτι</span> 
     </span>
    </p>
   </div>
   <div class='ocr_carea' id='block_1_45' title="bbox 238 3085 1821 3161">
    <p class='ocr_par' dir='ltr' id='par_1_45' title="bbox 238 3085 1821 3161">
     <span class='ocr_line' id='line_1_45' title="bbox 238 3085 1821 3161; baseline 0.004 -23"><span class='ocrx_word' id='word_1_321' title='bbox 238 3086 663 3157; x_wconf 75' lang='grc' dir='ltr'>καρποφορῆσαι</span> <span class='ocrx_word' id='word_1_322' title='bbox 686 3087 745 3139; x_wconf 81' lang='grc' dir='ltr'><strong>ἐν</strong></span> <span class='ocrx_word' id='word_1_323' title='bbox 775 3085 919 3157; x_wconf 68' lang='grc'><strong>[486</strong></span> <span class='ocrx_word' id='word_1_324' title='bbox 954 3085 1046 3159; x_wconf 65' lang='grc'><strong>8.]</strong></span> <span class='ocrx_word' id='word_1_325' title='bbox 1067 3090 1132 3157; x_wconf 75' lang='grc' dir='ltr'><strong>τῇ</strong></span> <span class='ocrx_word' id='word_1_326' title='bbox 1160 3089 1344 3157; x_wconf 75' lang='grc' dir='ltr'>σαρκὶ,</span> <span class='ocrx_word' id='word_1_327' title='bbox 1370 3088 1432 3140; x_wconf 90' lang='lat'><strong>:6</strong></span> <span class='ocrx_word' id='word_1_328' title='bbox 1482 3090 1679 3161; x_wconf 83' lang='grc' dir='ltr'>ἰδίωμα</span> <span class='ocrx_word' id='word_1_329' title='bbox 1727 3086 1821 3145; x_wconf 82' lang='grc' dir='ltr'><strong>τοῦ</strong></span> 
     </span>
    </p>
   </div>
   <div class='ocr_carea' id='block_1_46' title="bbox 1921 1906 3496 1976">
    <p class='ocr_par' dir='ltr' id='par_1_46' title="bbox 1921 1906 3496 1976">
     <span class='ocr_line' id='line_1_46' title="bbox 1921 1906 3496 1976; baseline -0.001 -14"><span class='ocrx_word' id='word_1_330' title='bbox 1921 1926 2013 1962; x_wconf 82' lang='lat' dir='ltr'><strong>nos</strong></span> <span class='ocrx_word' id='word_1_331' title='bbox 2046 1927 2078 1960; x_wconf 83' lang='grc' dir='ltr'><strong>α</strong></span> <span class='ocrx_word' id='word_1_332' title='bbox 2102 1907 2209 1974; x_wconf 82' lang='lat' dir='ltr'><strong>lege</strong></span> <span class='ocrx_word' id='word_1_333' title='bbox 2233 1906 2433 1975; x_wconf 73' lang='lat' dir='ltr'><strong>peccati</strong></span> <span class='ocrx_word' id='word_1_334' title='bbox 2476 1915 2522 1957; x_wconf 82' lang='lat' dir='ltr'><strong>et</strong></span> <span class='ocrx_word' id='word_1_335' title='bbox 2572 1906 2755 1958; x_wconf 78' lang='lat' dir='ltr'><strong>mortis</strong></span> <span class='ocrx_word' id='word_1_336' title='bbox 2794 1914 2821 1943; x_wconf 71' lang='grc'><strong><em>³³</em></strong></span> <span class='ocrx_word' id='word_1_337' title='bbox 2857 1925 2869 1960; x_wconf 94' lang='lat'><strong>:</strong></span> <span class='ocrx_word' id='word_1_338' title='bbox 2911 1916 2966 1959; x_wconf 88' lang='lat' dir='ltr'><strong>ut</strong></span> <span class='ocrx_word' id='word_1_339' title='bbox 3011 1908 3055 1960; x_wconf 90' lang='lat' dir='ltr'><strong>is</strong></span> <span class='ocrx_word' id='word_1_340' title='bbox 3090 1906 3180 1976; x_wconf 85' lang='lat' dir='ltr'><strong>qui</strong></span> <span class='ocrx_word' id='word_1_341' title='bbox 3221 1906 3399 1961; x_wconf 80' lang='lat' dir='ltr'><strong>Jesum</strong></span> <span class='ocrx_word' id='word_1_342' title='bbox 3430 1921 3496 1960; x_wconf 77' lang='lat' dir='ltr'><strong>ex</strong></span> 
     </span>
    </p>
   </div>
   <div class='ocr_carea' id='block_1_47' title="bbox 1922 1995 3498 2066">
    <p class='ocr_par' dir='ltr' id='par_1_47' title="bbox 1922 1995 3498 2066">
     <span class='ocr_line' id='line_1_47' title="bbox 1922 1995 3498 2066; baseline -0.001 -12"><span class='ocrx_word' id='word_1_343' title='bbox 1922 1999 2149 2054; x_wconf 90' lang='lat' dir='ltr'><strong>mortuis</strong></span> <span class='ocrx_word' id='word_1_344' title='bbox 2180 1995 2463 2059; x_wconf 84' lang='lat' dir='ltr'><strong>excitavit,</strong></span> <span class='ocrx_word' id='word_1_345' title='bbox 2504 2007 2722 2065; x_wconf 78' lang='lat' dir='ltr'><strong>propter</strong></span> <span class='ocrx_word' id='word_1_346' title='bbox 2761 1996 3007 2065; x_wconf 88' lang='lat' dir='ltr'><strong>spiritum</strong></span> <span class='ocrx_word' id='word_1_347' title='bbox 3041 1998 3160 2066; x_wconf 86' lang='lat' dir='ltr'><strong>ejus</strong></span> <span class='ocrx_word' id='word_1_348' title='bbox 3191 1998 3498 2052; x_wconf 83' lang='lat' dir='ltr'><strong>inhabitan-</strong></span> 
     </span>
    </p>
   </div>
   <div class='ocr_carea' id='block_1_48' title="bbox 1922 2080 3503 2157">
    <p class='ocr_par' dir='ltr' id='par_1_48' title="bbox 1922 2080 3503 2157">
     <span class='ocr_line' id='line_1_48' title="bbox 1922 2080 3503 2157; baseline -0.001 -13"><span class='ocrx_word' id='word_1_349' title='bbox 1922 2100 2027 2146; x_wconf 82' lang='lat' dir='ltr'><strong>t&#39;em</strong></span> <span class='ocrx_word' id='word_1_350' title='bbox 2055 2080 2119 2143; x_wconf 83' lang='lat' dir='ltr'><strong>in</strong></span> <span class='ocrx_word' id='word_1_351' title='bbox 2142 2090 2318 2153; x_wconf 91' lang='lat' dir='ltr'><strong>nobis,</strong></span> <span class='ocrx_word' id='word_1_352' title='bbox 2354 2088 2587 2143; x_wconf 82' lang='lat' dir='ltr'><strong>viviﬁcct</strong></span> <span class='ocrx_word' id='word_1_353' title='bbox 2618 2088 2862 2141; x_wconf 86' lang='lat' dir='ltr'><strong>mortalia</strong></span> <span class='ocrx_word' id='word_1_354' title='bbox 2893 2103 3118 2157; x_wconf 88' lang='lat' dir='ltr'><strong>corpora</strong></span> <span class='ocrx_word' id='word_1_355' title='bbox 3147 2100 3352 2154; x_wconf 75' lang='lat' dir='ltr'><strong>ucstra,</strong></span> <span class='ocrx_word' id='word_1_356' title='bbox 3375 2098 3503 2157; x_wconf 68' lang='lat' dir='ltr'><strong>pec-‘</strong></span> 
     </span>
    </p>
   </div>
   <div class='ocr_carea' id='block_1_49' title="bbox 1920 2180 3498 2251">
    <p class='ocr_par' dir='ltr' id='par_1_49' title="bbox 1920 2180 3498 2251">
     <span class='ocr_line' id='line_1_49' title="bbox 1920 2180 3498 2251; baseline -0.002 -14"><span class='ocrx_word' id='word_1_357' title='bbox 1920 2192 2041 2237; x_wconf 90' lang='lat' dir='ltr'><strong>cato</strong></span> <span class='ocrx_word' id='word_1_358' title='bbox 2066 2182 2116 2236; x_wconf 93' lang='lat' dir='ltr'><strong>in</strong></span> <span class='ocrx_word' id='word_1_359' title='bbox 2153 2197 2379 2251; x_wconf 91' lang='lat' dir='ltr'><strong>corpore</strong></span> <span class='ocrx_word' id='word_1_360' title='bbox 2414 2181 2481 2234; x_wconf 88' lang='lat' dir='ltr'><strong>ad</strong></span> <span class='ocrx_word' id='word_1_361' title='bbox 2518 2180 2864 2234; x_wconf 86' lang='lat' dir='ltr'><strong>abolitionem</strong></span> <span class='ocrx_word' id='word_1_362' title='bbox 2895 2180 3171 2244; x_wconf 86' lang='lat' dir='ltr'><strong>damnato,</strong></span> <span class='ocrx_word' id='word_1_363' title='bbox 3207 2190 3266 2234; x_wconf 93' lang='lat' dir='ltr'><strong>ut</strong></span> <span class='ocrx_word' id='word_1_364' title='bbox 3297 2180 3498 2250; x_wconf 82' lang='lat' dir='ltr'><strong>justiﬁ-</strong></span> 
     </span>
    </p>
   </div>
   <div class='ocr_carea' id='block_1_50' title="bbox 1921 2273 3501 2342">
    <p class='ocr_par' dir='ltr' id='par_1_50' title="bbox 1921 2273 3501 2342">
     <span class='ocr_line' id='line_1_50' title="bbox 1921 2273 3501 2342; baseline 0 -13"><span class='ocrx_word' id='word_1_365' title='bbox 1921 2275 2062 2329; x_wconf 87' lang='lat' dir='ltr'><strong>catio</strong></span> <span class='ocrx_word' id='word_1_366' title='bbox 2107 2273 2367 2327; x_wconf 88' lang='lat' dir='ltr'><strong>naturalis</strong></span> <span class='ocrx_word' id='word_1_367' title='bbox 2408 2273 2545 2342; x_wconf 92' lang='lat' dir='ltr'><strong>legis</strong></span> <span class='ocrx_word' id='word_1_368' title='bbox 2582 2275 2875 2327; x_wconf 83' lang='lat' dir='ltr'><strong>secundum</strong></span> <span class='ocrx_word' id='word_1_369' title='bbox 2923 2282 3248 2341; x_wconf 72' lang='lat' dir='ltr'><strong>praaceptum</strong></span> <span class='ocrx_word' id='word_1_370' title='bbox 3297 2289 3395 2328; x_wconf 90' lang='lat' dir='ltr'><strong>nos</strong></span> <span class='ocrx_word' id='word_1_371' title='bbox 3430 2274 3501 2329; x_wconf 86' lang='lat' dir='ltr'><strong>ad</strong></span> 
     </span>
    </p>
   </div>
   <div class='ocr_carea' id='block_1_51' title="bbox 1920 2358 3494 2429">
    <p class='ocr_par' dir='ltr' id='par_1_51' title="bbox 1920 2358 3494 2429">
     <span class='ocr_line' id='line_1_51' title="bbox 1920 2358 3494 2429; baseline -0.001 -14"><span class='ocrx_word' id='word_1_372' title='bbox 1920 2364 2118 2416; x_wconf 90' lang='lat' dir='ltr'><strong>bonum</strong></span> <span class='ocrx_word' id='word_1_373' title='bbox 2174 2360 2438 2414; x_wconf 88' lang='lat' dir='ltr'><strong>trahentis</strong></span> <span class='ocrx_word' id='word_1_374' title='bbox 2487 2374 2713 2413; x_wconf 90' lang='lat' dir='ltr'><strong>accensa</strong></span> <span class='ocrx_word' id='word_1_375' title='bbox 2748 2368 3025 2429; x_wconf 89' lang='lat' dir='ltr'><strong>appareat.</strong></span> <span class='ocrx_word' id='word_1_376' title='bbox 3063 2358 3195 2413; x_wconf 85' lang='lat' dir='ltr'><strong>Nam</strong></span> <span class='ocrx_word' id='word_1_377' title='bbox 3226 2358 3494 2414; x_wconf 81' lang='lat' dir='ltr'><strong>inﬁrmam</strong></span> 
     </span>
    </p>
   </div>
   <div class='ocr_carea' id='block_1_52' title="bbox 1921 2451 3494 2523">
    <p class='ocr_par' dir='ltr' id='par_1_52' title="bbox 1921 2451 3494 2523">
     <span class='ocr_line' id='line_1_52' title="bbox 1921 2451 3494 2523; baseline 0 -18"><span class='ocrx_word' id='word_1_378' title='bbox 1921 2465 2130 2523; x_wconf 88' lang='lat' dir='ltr'><strong>partem</strong></span> <span class='ocrx_word' id='word_1_379' title='bbox 2172 2451 2437 2506; x_wconf 88' lang='lat' dir='ltr'><strong>naturalis</strong></span> <span class='ocrx_word' id='word_1_380' title='bbox 2479 2452 2625 2514; x_wconf 92' lang='lat' dir='ltr'><strong>boni,</strong></span> <span class='ocrx_word' id='word_1_381' title='bbox 2667 2466 2786 2519; x_wconf 66' lang='lat' dir='ltr'><strong>quae</strong></span> <span class='ocrx_word' id='word_1_382' title='bbox 2820 2452 2956 2505; x_wconf 87' lang='lat' dir='ltr'><strong>victa</strong></span> <span class='ocrx_word' id='word_1_383' title='bbox 2991 2465 3019 2504; x_wconf 92' lang='lat' dir='ltr'><strong>a</strong></span> <span class='ocrx_word' id='word_1_384' title='bbox 3064 2452 3494 2521; x_wconf 84' lang='lat' dir='ltr'><strong>concupiscentia</strong></span> 
     </span>
    </p>
   </div>
   <div class='ocr_carea' id='block_1_53' title="bbox 1924 2540 3502 2610">
    <p class='ocr_par' dir='ltr' id='par_1_53' title="bbox 1924 2540 3502 2610">
     <span class='ocr_line' id='line_1_53' title="bbox 1924 2540 3502 2610; baseline -0.001 -14"><span class='ocrx_word' id='word_1_385' title='bbox 1924 2543 1975 2596; x_wconf 91' lang='lat' dir='ltr'><strong>in</strong></span> <span class='ocrx_word' id='word_1_386' title='bbox 2030 2556 2256 2610; x_wconf 89' lang='lat' dir='ltr'><strong>corpore</strong></span> <span class='ocrx_word' id='word_1_387' title='bbox 2290 2540 2517 2610; x_wconf 80' lang='lat' dir='ltr'><strong>degente</strong></span> <span class='ocrx_word' id='word_1_388' title='bbox 2550 2542 2875 2609; x_wconf 78' lang='lat' dir='ltr'><strong>:egrotabat,</strong></span> <span class='ocrx_word' id='word_1_389' title='bbox 2913 2544 3125 2596; x_wconf 85' lang='lat' dir='ltr'><strong>sanavit</strong></span> <span class='ocrx_word' id='word_1_390' title='bbox 3166 2542 3325 2607; x_wconf 87' lang='lat' dir='ltr'><strong>Dens,</strong></span> <span class='ocrx_word' id='word_1_391' title='bbox 3372 2543 3502 2595; x_wconf 89' lang='lat' dir='ltr'><strong>mit-</strong></span> 
     </span>
    </p>
   </div>
   <div class='ocr_carea' id='block_1_54' title="bbox 1924 2635 3494 2705">
    <p class='ocr_par' dir='ltr' id='par_1_54' title="bbox 1924 2635 3494 2705">
     <span class='ocr_line' id='line_1_54' title="bbox 1924 2635 3494 2705; baseline 0.001 -17"><span class='ocrx_word' id='word_1_392' title='bbox 1924 2645 2043 2689; x_wconf 92' lang='lat' dir='ltr'><strong>tens</strong></span> <span class='ocrx_word' id='word_1_393' title='bbox 2069 2635 2265 2689; x_wconf 86' lang='lat' dir='ltr'><strong>Filium</strong></span> <span class='ocrx_word' id='word_1_394' title='bbox 2297 2650 2478 2698; x_wconf 92' lang='lat' dir='ltr'><strong>suum,</strong></span> <span class='ocrx_word' id='word_1_395' title='bbox 2504 2637 2596 2705; x_wconf 89' lang='lat' dir='ltr'><strong>qui</strong></span> <span class='ocrx_word' id='word_1_396' title='bbox 2621 2636 2849 2689; x_wconf 88' lang='lat' dir='ltr'><strong>similem</strong></span> <span class='ocrx_word' id='word_1_397' title='bbox 2875 2649 3089 2689; x_wconf 88' lang='lat' dir='ltr'><strong>carnem</strong></span> <span class='ocrx_word' id='word_1_398' title='bbox 3116 2636 3264 2690; x_wconf 89' lang='lat' dir='ltr'><strong>carni</strong></span> <span class='ocrx_word' id='word_1_399' title='bbox 3291 2636 3494 2704; x_wconf 82' lang='lat' dir='ltr'><strong>peccati</strong></span> 
     </span>
    </p>
   </div>
   <div class='ocr_carea' id='block_1_55' title="bbox 1922 2726 3498 2797">
    <p class='ocr_par' dir='ltr' id='par_1_55' title="bbox 1922 2726 3498 2797">
     <span class='ocr_line' id='line_1_55' title="bbox 1922 2726 3498 2797; baseline 0 -17"><span class='ocrx_word' id='word_1_400' title='bbox 1922 2728 2234 2796; x_wconf 80' lang='lat' dir='ltr'><strong>assumpsit,</strong></span> <span class='ocrx_word' id='word_1_401' title='bbox 2278 2735 2336 2781; x_wconf 90' lang='lat' dir='ltr'><strong>ut</strong></span> <span class='ocrx_word' id='word_1_402' title='bbox 2373 2736 2600 2795; x_wconf 87' lang='lat' dir='ltr'><strong>peccato</strong></span> <span class='ocrx_word' id='word_1_403' title='bbox 2638 2729 2702 2780; x_wconf 90' lang='lat' dir='ltr'><strong>ad</strong></span> <span class='ocrx_word' id='word_1_404' title='bbox 2739 2728 3157 2782; x_wconf 86' lang='lat' dir='ltr'><strong>internecionem</strong></span> <span class='ocrx_word' id='word_1_405' title='bbox 3195 2726 3498 2797; x_wconf 82' lang='lat' dir='ltr'><strong>proﬂigato,</strong></span> 
     </span>
    </p>
   </div>
   <div class='ocr_carea' id='block_1_56' title="bbox 1921 2819 3500 2889">
    <p class='ocr_par' dir='ltr' id='par_1_56' title="bbox 1921 2819 3500 2889">
     <span class='ocr_line' id='line_1_56' title="bbox 1921 2819 3500 2889; baseline 0.001 -17"><span class='ocrx_word' id='word_1_406' title='bbox 1921 2834 1989 2872; x_wconf 84' lang='lat' dir='ltr'><strong>ne</strong></span> <span class='ocrx_word' id='word_1_407' title='bbox 2035 2820 2385 2882; x_wconf 87' lang='lat' dir='ltr'><strong>repullularet</strong></span> <span class='ocrx_word' id='word_1_408' title='bbox 2429 2819 2482 2873; x_wconf 89' lang='lat' dir='ltr'><strong>in</strong></span> <span class='ocrx_word' id='word_1_409' title='bbox 2534 2834 2722 2885; x_wconf 90' lang='lat' dir='ltr'><strong>carne,</strong></span> <span class='ocrx_word' id='word_1_410' title='bbox 2778 2831 2832 2874; x_wconf 88' lang='lat' dir='ltr'><strong>et</strong></span> <span class='ocrx_word' id='word_1_411' title='bbox 2890 2821 3192 2889; x_wconf 85' lang='lat' dir='ltr'><strong>proprietas</strong></span> <span class='ocrx_word' id='word_1_412' title='bbox 3240 2820 3500 2874; x_wconf 89' lang='lat' dir='ltr'><strong>naturalis</strong></span> 
     </span>
    </p>
   </div>
   <div class='ocr_carea' id='block_1_57' title="bbox 1925 2912 3502 2984">
    <p class='ocr_par' dir='ltr' id='par_1_57' title="bbox 1925 2912 3502 2984">
     <span class='ocr_line' id='line_1_57' title="bbox 1925 2912 3502 2984; baseline 0.001 -18"><span class='ocrx_word' id='word_1_413' title='bbox 1925 2912 2060 2984; x_wconf 80' lang='lat' dir='ltr'><strong>legis</strong></span> <span class='ocrx_word' id='word_1_414' title='bbox 2094 2913 2407 2982; x_wconf 88' lang='lat' dir='ltr'><strong>impleretur</strong></span> <span class='ocrx_word' id='word_1_415' title='bbox 2443 2914 2494 2968; x_wconf 90' lang='lat' dir='ltr'><strong>in</strong></span> <span class='ocrx_word' id='word_1_416' title='bbox 2532 2913 2598 2967; x_wconf 88' lang='lat' dir='ltr'><strong>iis</strong></span> <span class='ocrx_word' id='word_1_417' title='bbox 2633 2915 2721 2983; x_wconf 90' lang='lat' dir='ltr'><strong>qui</strong></span> <span class='ocrx_word' id='word_1_418' title='bbox 2757 2930 2861 2968; x_wconf 91' lang='lat' dir='ltr'><strong>non</strong></span> <span class='ocrx_word' id='word_1_419' title='bbox 2895 2914 3187 2969; x_wconf 89' lang='lat' dir='ltr'><strong>secundum</strong></span> <span class='ocrx_word' id='word_1_420' title='bbox 3220 2914 3502 2982; x_wconf 61' lang='lat' dir='ltr'><strong>concupiso</strong></span> 
     </span>
    </p>
   </div>
   <div class='ocr_carea' id='block_1_58' title="bbox 1923 3006 3497 3069">
    <p class='ocr_par' dir='ltr' id='par_1_58' title="bbox 1923 3006 3497 3069">
     <span class='ocr_line' id='line_1_58' title="bbox 1923 3006 3497 3069; baseline -0.002 -9"><span class='ocrx_word' id='word_1_421' title='bbox 1923 3006 2155 3060; x_wconf 89' lang='lat' dir='ltr'><strong>centiam</strong></span> <span class='ocrx_word' id='word_1_422' title='bbox 2209 3006 2410 3069; x_wconf 89' lang='lat' dir='ltr'><strong>carnis,</strong></span> <span class='ocrx_word' id='word_1_423' title='bbox 2447 3006 2539 3059; x_wconf 87' lang='lat' dir='ltr'><strong>sed</strong></span> <span class='ocrx_word' id='word_1_424' title='bbox 2587 3009 2882 3061; x_wconf 77' lang='lat' dir='ltr'><strong>Secundum</strong></span> <span class='ocrx_word' id='word_1_425' title='bbox 2926 3007 3254 3061; x_wconf 88' lang='lat' dir='ltr'><strong>desiderium</strong></span> <span class='ocrx_word' id='word_1_426' title='bbox 3295 3017 3350 3061; x_wconf 90' lang='lat' dir='ltr'><strong>et</strong></span> <span class='ocrx_word' id='word_1_427' title='bbox 3396 3007 3497 3059; x_wconf 88' lang='lat' dir='ltr'><strong>du-</strong></span> 
     </span>
    </p>
   </div>
   <div class='ocr_carea' id='block_1_59' title="bbox 1924 3096 3500 3168">
    <p class='ocr_par' dir='ltr' id='par_1_59' title="bbox 1924 3096 3500 3168">
     <span class='ocr_line' id='line_1_59' title="bbox 1924 3096 3500 3168; baseline 0.003 -21"><span class='ocrx_word' id='word_1_428' title='bbox 1924 3106 2070 3149; x_wconf 90' lang='lat' dir='ltr'><strong>ctum</strong></span> <span class='ocrx_word' id='word_1_429' title='bbox 2122 3096 2344 3165; x_wconf 87' lang='lat' dir='ltr'><strong>spiritus</strong></span> <span class='ocrx_word' id='word_1_430' title='bbox 2391 3097 2687 3152; x_wconf 86' lang='lat' dir='ltr'><strong>ambulant.</strong></span> <span class='ocrx_word' id='word_1_431' title='bbox 2736 3097 2845 3152; x_wconf 82' lang='lat' dir='ltr'><strong>Lex</strong></span> <span class='ocrx_word' id='word_1_432' title='bbox 2894 3099 3037 3153; x_wconf 89' lang='lat' dir='ltr'><strong>enim</strong></span> <span class='ocrx_word' id='word_1_433' title='bbox 3081 3099 3303 3168; x_wconf 90' lang='lat' dir='ltr'><strong>spiritus</strong></span> <span class='ocrx_word' id='word_1_434' title='bbox 3354 3099 3500 3165; x_wconf 68' lang='lat' dir='ltr'><strong>vitae,</strong></span> 
     </span>
    </p>
   </div>
   <div class='ocr_carea' id='block_1_60' title="bbox 239 3176 1818 3262">
    <p class='ocr_par' dir='ltr' id='par_1_60' title="bbox 239 3176 1815 3253">
     <span class='ocr_line' id='line_1_60' title="bbox 239 3176 1815 3253; baseline 0.004 -25"><span class='ocrx_word' id='word_1_435' title='bbox 239 3176 477 3246; x_wconf 78' lang='grc' dir='ltr'>φυσικοῦ</span> <span class='ocrx_word' id='word_1_436' title='bbox 505 3176 670 3246; x_wconf 86' lang='grc' dir='ltr'>νόμου</span> <span class='ocrx_word' id='word_1_437' title='bbox 700 3177 984 3248; x_wconf 81' lang='grc' dir='ltr'>πληρωθῇ,</span> <span class='ocrx_word' id='word_1_438' title='bbox 1021 3176 1322 3231; x_wconf 82' lang='grc' dir='ltr'>πλεονάσαν</span> <span class='ocrx_word' id='word_1_439' title='bbox 1351 3182 1417 3250; x_wconf 82' lang='grc' dir='ltr'>τῇ</span> <span class='ocrx_word' id='word_1_440' title='bbox 1451 3181 1661 3253; x_wconf 76' lang='grc' dir='ltr'>ὑπακοῇ</span> <span class='ocrx_word' id='word_1_441' title='bbox 1705 3185 1815 3247; x_wconf 87' lang='grc' dir='ltr'>τοῖς</span> 
     </span>
    </p>
   </div>
   <div class='ocr_carea' id='block_1_61' title="bbox 1922 3176 3502 3262">
    <p class='ocr_par' dir='ltr' id='par_1_61' title="bbox 1922 3186 3502 3262">
     <span class='ocr_line' id='line_1_61' title="bbox 1922 3186 3502 3262; baseline 0.006 -25"><span class='ocrx_word' id='word_1_442' title='bbox 1922 3186 2059 3257; x_wconf 84' lang='lat' dir='ltr'><strong>quod</strong></span> <span class='ocrx_word' id='word_1_443' title='bbox 2087 3198 2172 3242; x_wconf 89' lang='lat' dir='ltr'><strong>est</strong></span> <span class='ocrx_word' id='word_1_444' title='bbox 2203 3188 2547 3259; x_wconf 79' lang='lat' dir='ltr'><strong>Evangeliutn</strong></span> <span class='ocrx_word' id='word_1_445' title='bbox 2576 3188 2593 3260; x_wconf 96' lang='lat'>(</span> <span class='ocrx_word' id='word_1_446' title='bbox 2618 3205 2737 3258; x_wconf 64' lang='lat' dir='ltr'><strong>quae</strong></span> <span class='ocrx_word' id='word_1_447' title='bbox 2766 3191 2868 3243; x_wconf 91' lang='lat' dir='ltr'><strong>alia</strong></span> <span class='ocrx_word' id='word_1_448' title='bbox 2931 3200 3012 3245; x_wconf 92' lang='lat' dir='ltr'><strong>est</strong></span> <span class='ocrx_word' id='word_1_449' title='bbox 3045 3191 3111 3245; x_wconf 89' lang='lat' dir='ltr'><strong>ab</strong></span> <span class='ocrx_word' id='word_1_450' title='bbox 3147 3188 3347 3262; x_wconf 74' lang='lat' dir='ltr'><strong>297d</strong></span> <span class='ocrx_word' id='word_1_451' title='bbox 3377 3200 3502 3247; x_wconf 88' lang='lat' dir='ltr'><strong>ante</strong></span> 
     </span>
    </p>
   </div>
   <div class='ocr_carea' id='block_1_62' title="bbox 239 3266 1813 3341">
    <p class='ocr_par' dir='ltr' id='par_1_62' title="bbox 239 3266 1813 3341">
     <span class='ocr_line' id='line_1_62' title="bbox 239 3266 1813 3341; baseline 0.004 -23"><span class='ocrx_word' id='word_1_452' title='bbox 239 3266 320 3337; x_wconf 80' lang='grc' dir='ltr'><strong>μὴ</strong></span> <span class='ocrx_word' id='word_1_453' title='bbox 347 3267 495 3321; x_wconf 83' lang='grc' dir='ltr'>κατά</span> <span class='ocrx_word' id='word_1_454' title='bbox 520 3268 622 3337; x_wconf 81' lang='grc' dir='ltr'><strong>τὴν</strong></span> <span class='ocrx_word' id='word_1_455' title='bbox 676 3267 973 3337; x_wconf 86' lang='grc' dir='ltr'>ἐπιθυμίαν</span> <span class='ocrx_word' id='word_1_456' title='bbox 1025 3268 1125 3337; x_wconf 85' lang='grc' dir='ltr'><strong>τῆς</strong></span> <span class='ocrx_word' id='word_1_457' title='bbox 1165 3270 1368 3339; x_wconf 79' lang='grc' dir='ltr'>σαρκὸς</span> <span class='ocrx_word' id='word_1_458' title='bbox 1399 3271 1813 3341; x_wconf 84' lang='grc' dir='ltr'>περιπατοῦσιν,</span> 
     </span>
    </p>
   </div>
   <div class='ocr_carea' id='block_1_63' title="bbox 236 3356 1819 3434">
    <p class='ocr_par' dir='ltr' id='par_1_63' title="bbox 236 3356 1819 3434">
     <span class='ocr_line' id='line_1_63' title="bbox 236 3356 1819 3434; baseline 0.004 -23"><span class='ocrx_word' id='word_1_459' title='bbox 236 3357 375 3411; x_wconf 74' lang='grc' dir='ltr'>ἀλλὰ</span> <span class='ocrx_word' id='word_1_460' title='bbox 425 3358 571 3411; x_wconf 81' lang='grc' dir='ltr'>κατὰ</span> <span class='ocrx_word' id='word_1_461' title='bbox 612 3356 713 3427; x_wconf 84' lang='grc' dir='ltr'>τὴν</span> <span class='ocrx_word' id='word_1_462' title='bbox 764 3358 1061 3426; x_wconf 82' lang='grc' dir='ltr'>ἐπιθυμίαν</span> <span class='ocrx_word' id='word_1_463' title='bbox 1118 3359 1212 3413; x_wconf 89' lang='grc' dir='ltr'><strong>τοῦ</strong></span> <span class='ocrx_word' id='word_1_464' title='bbox 1247 3360 1557 3431; x_wconf 87' lang='grc' dir='ltr'>πνεύματος</span> <span class='ocrx_word' id='word_1_465' title='bbox 1606 3364 1699 3416; x_wconf 78' lang='grc' dir='ltr'>καὶ</span> <span class='ocrx_word' id='word_1_466' title='bbox 1718 3365 1819 3434; x_wconf 84' lang='grc' dir='ltr'>τὴν</span> 
     </span>
    </p>
   </div>
   <div class='ocr_carea' id='block_1_64' title="bbox 238 3449 1813 3527">
    <p class='ocr_par' dir='ltr' id='par_1_64' title="bbox 238 3449 1813 3527">
     <span class='ocr_line' id='line_1_64' title="bbox 238 3449 1813 3527; baseline 0.005 -25"><span class='ocrx_word' id='word_1_467' title='bbox 238 3449 613 3521; x_wconf 80' lang='grc' dir='ltr'>ύφήγησιν.’0</span> <span class='ocrx_word' id='word_1_468' title='bbox 640 3449 753 3521; x_wconf 83' lang='grc' dir='ltr'>γὰρ</span> <span class='ocrx_word' id='word_1_469' title='bbox 773 3451 934 3520; x_wconf 89' lang='grc' dir='ltr'>νόμος</span> <span class='ocrx_word' id='word_1_470' title='bbox 965 3451 1057 3504; x_wconf 89' lang='grc' dir='ltr'><strong>τοῦ</strong></span> <span class='ocrx_word' id='word_1_471' title='bbox 1078 3452 1393 3522; x_wconf 81' lang='grc' dir='ltr'>πνεύματος</span> <span class='ocrx_word' id='word_1_472' title='bbox 1424 3455 1523 3523; x_wconf 82' lang='grc' dir='ltr'>τῆς</span> <span class='ocrx_word' id='word_1_473' title='bbox 1568 3455 1713 3526; x_wconf 76' lang='grc' dir='ltr'>ζωῆς</span> <span class='ocrx_word' id='word_1_474' title='bbox 1747 3458 1813 3527; x_wconf 79' lang='grc'>³¹,</span> 
     </span>
    </p>
   </div>
   <div class='ocr_carea' id='block_1_65' title="bbox 235 3539 1817 3618">
    <p class='ocr_par' dir='ltr' id='par_1_65' title="bbox 235 3539 1817 3618">
     <span class='ocr_line' id='line_1_65' title="bbox 235 3539 1817 3618; baseline 0.005 -25"><span class='ocrx_word' id='word_1_475' title='bbox 235 3539 265 3593; x_wconf 82' lang='grc' dir='ltr'><strong>δ</strong></span> <span class='ocrx_word' id='word_1_476' title='bbox 292 3539 357 3609; x_wconf 83' lang='grc' dir='ltr'>δή</span> <span class='ocrx_word' id='word_1_477' title='bbox 389 3540 509 3593; x_wconf 83' lang='grc' dir='ltr'>ἐστι</span> <span class='ocrx_word' id='word_1_478' title='bbox 533 3541 597 3592; x_wconf 88' lang='lat'><strong>:6</strong></span> <span class='ocrx_word' id='word_1_479' title='bbox 620 3540 959 3609; x_wconf 75' lang='grc' dir='ltr'>εὐαγγέλιον,</span> <span class='ocrx_word' id='word_1_480' title='bbox 984 3541 1171 3612; x_wconf 84' lang='grc' dir='ltr'>ἐτερος</span> <span class='ocrx_word' id='word_1_481' title='bbox 1217 3541 1293 3595; x_wconf 83' lang='grc' dir='ltr'>ὢν</span> <span class='ocrx_word' id='word_1_482' title='bbox 1323 3542 1434 3597; x_wconf 90' lang='grc' dir='ltr'><strong>τῶν</strong></span> <span class='ocrx_word' id='word_1_483' title='bbox 1483 3549 1817 3618; x_wconf 80' lang='grc' dir='ltr'>προειρημέ-</span> 
     </span>
    </p>
   </div>
   <div class='ocr_carea' id='block_1_66' title="bbox 1926 3266 3500 3351">
    <p class='ocr_par' dir='ltr' id='par_1_66' title="bbox 1926 3266 3500 3351">
     <span class='ocr_line' id='line_1_66' title="bbox 1926 3266 3500 3351; baseline 0.004 -20"><span class='ocrx_word' id='word_1_484' title='bbox 1926 3278 2084 3332; x_wconf 88' lang='lat' dir='ltr'><strong>dictis</strong></span> <span class='ocrx_word' id='word_1_485' title='bbox 2124 3278 2352 3349; x_wconf 83' lang='lat' dir='ltr'><strong>legibus,</strong></span> <span class='ocrx_word' id='word_1_486' title='bbox 2397 3266 2505 3350; x_wconf 26' lang='lat' dir='ltr'><strong>per.</strong></span> <span class='ocrx_word' id='word_1_487' title='bbox 2540 3283 2972 3351; x_wconf 71' lang='lat' dir='ltr'><strong>prmdicationetu</strong></span> <span class='ocrx_word' id='word_1_488' title='bbox 3025 3283 3089 3335; x_wconf 89' lang='lat' dir='ltr'><strong>ad</strong></span> <span class='ocrx_word' id='word_1_489' title='bbox 3140 3283 3500 3337; x_wconf 87' lang='lat' dir='ltr'><strong>obedientiam</strong></span> 
     </span>
    </p>
   </div>
   <div class='ocr_carea' id='block_1_67' title="bbox 1925 3372 3504 3446">
    <p class='ocr_par' dir='ltr' id='par_1_67' title="bbox 1925 3372 3504 3446">
     <span class='ocr_line' id='line_1_67' title="bbox 1925 3372 3504 3446; baseline 0.004 -24"><span class='ocrx_word' id='word_1_490' title='bbox 1925 3378 1977 3422; x_wconf 88' lang='lat' dir='ltr'><strong>et</strong></span> <span class='ocrx_word' id='word_1_491' title='bbox 2015 3372 2382 3426; x_wconf 89' lang='lat' dir='ltr'><strong>remissionem</strong></span> <span class='ocrx_word' id='word_1_492' title='bbox 2447 3382 2791 3441; x_wconf 82' lang='lat' dir='ltr'><strong>peccatorum</strong></span> <span class='ocrx_word' id='word_1_493' title='bbox 2846 3373 3051 3446; x_wconf 84' lang='lat' dir='ltr'><strong>posita)</strong></span> <span class='ocrx_word' id='word_1_494' title='bbox 3095 3372 3341 3428; x_wconf 78' lang='lat' dir='ltr'><strong>liberavit</strong></span> <span class='ocrx_word' id='word_1_495' title='bbox 3405 3389 3504 3429; x_wconf 84' lang='lat' dir='ltr'><strong>nos</strong></span> 
     </span>
    </p>
   </div>
   <div class='ocr_carea' id='block_1_68' title="bbox 1926 3450 3504 3536">
    <p class='ocr_par' dir='ltr' id='par_1_68' title="bbox 1926 3450 3504 3536">
     <span class='ocr_line' id='line_1_68' title="bbox 1926 3450 3504 3536; baseline 0.006 -23"><span class='ocrx_word' id='word_1_496' title='bbox 1926 3450 1957 3514; x_wconf 85' lang='lat' dir='ltr'><strong>a</strong></span> <span class='ocrx_word' id='word_1_497' title='bbox 1992 3460 2107 3531; x_wconf 83' lang='lat' dir='ltr'><strong>lege</strong></span> <span class='ocrx_word' id='word_1_498' title='bbox 2159 3464 2362 3531; x_wconf 85' lang='lat' dir='ltr'><strong>peccati</strong></span> <span class='ocrx_word' id='word_1_499' title='bbox 2409 3475 2463 3519; x_wconf 86' lang='lat' dir='ltr'><strong>et</strong></span> <span class='ocrx_word' id='word_1_500' title='bbox 2516 3468 2726 3532; x_wconf 90' lang='lat' dir='ltr'><strong>mortis,</strong></span> <span class='ocrx_word' id='word_1_501' title='bbox 2773 3467 2981 3520; x_wconf 83' lang='lat' dir='ltr'><strong>devicto</strong></span> <span class='ocrx_word' id='word_1_502' title='bbox 3023 3467 3236 3536; x_wconf 81' lang='lat' dir='ltr'><strong>penitus</strong></span> <span class='ocrx_word' id='word_1_503' title='bbox 3280 3476 3504 3536; x_wconf 88' lang='lat' dir='ltr'><strong>peccato</strong></span> 
     </span>
    </p>
   </div>
   <div class='ocr_carea' id='block_1_69' title="bbox 1926 3554 2669 3630">
    <p class='ocr_par' dir='ltr' id='par_1_69' title="bbox 1926 3554 2669 3630">
     <span class='ocr_line' id='line_1_69' title="bbox 1926 3554 2669 3630; baseline 0.011 -26"><span class='ocrx_word' id='word_1_504' title='bbox 1926 3554 2067 3623; x_wconf 90' lang='lat' dir='ltr'><strong>quod</strong></span> <span class='ocrx_word' id='word_1_505' title='bbox 2097 3555 2246 3610; x_wconf 89' lang='lat' dir='ltr'><strong>carni</strong></span> <span class='ocrx_word' id='word_1_506' title='bbox 2272 3558 2669 3630; x_wconf 77' lang='lat' dir='ltr'><strong>dominabatur.</strong></span> 
     </span>
    </p>
   </div>
   <div class='ocr_carea' id='block_1_70' title="bbox 234 3634 3505 3725">
    <p class='ocr_par' dir='ltr' id='par_1_70' title="bbox 234 3634 3505 3725">
     <span class='ocr_line' id='line_1_70' title="bbox 234 3634 3505 3725; baseline 0.007 -38"><span class='ocrx_word' id='word_1_507' title='bbox 234 3652 346 3689; x_wconf 90' lang='grc' dir='ltr'><strong>νων</strong></span> <span class='ocrx_word' id='word_1_508' title='bbox 397 3635 600 3706; x_wconf 89' lang='grc' dir='ltr'>νόμων,</span> <span class='ocrx_word' id='word_1_509' title='bbox 632 3635 721 3689; x_wconf 80' lang='grc' dir='ltr'>διὰ</span> <span class='ocrx_word' id='word_1_510' title='bbox 777 3634 871 3688; x_wconf 83' lang='grc' dir='ltr'><strong>τοῦ</strong></span> <span class='ocrx_word' id='word_1_511' title='bbox 899 3634 1253 3705; x_wconf 76' lang='grc' dir='ltr'>κηρύγματος</span> <span class='ocrx_word' id='word_1_512' title='bbox 1284 3637 1418 3707; x_wconf 79' lang='grc' dir='ltr'>πρὸς</span> <span class='ocrx_word' id='word_1_513' title='bbox 1459 3634 1705 3711; x_wconf 82' lang='grc' dir='ltr'>ὑπακοὴν</span> <span class='ocrx_word' id='word_1_514' title='bbox 1768 3644 1945 3708; x_wconf 74' lang='grc' dir='ltr'>τεθεὶς</span> <span class='ocrx_word' id='word_1_515' title='bbox 1990 3648 2086 3701; x_wconf 76' lang='grc' dir='ltr'>καὶ</span> <span class='ocrx_word' id='word_1_516' title='bbox 2158 3652 2354 3720; x_wconf 83' lang='grc' dir='ltr'>ἄφεσιν</span> <span class='ocrx_word' id='word_1_517' title='bbox 2411 3653 2843 3725; x_wconf 85' lang='grc' dir='ltr'>ἁμαρτημάτων,</span> <span class='ocrx_word' id='word_1_518' title='bbox 2903 3655 3277 3725; x_wconf 76' lang='grc' dir='ltr'>ἠλευθέρωσεν</span> <span class='ocrx_word' id='word_1_519' title='bbox 3355 3656 3505 3724; x_wconf 75' lang='grc' dir='ltr'>ἡμᾶς</span> 
     </span>
    </p>
   </div>
   <div class='ocr_carea' id='block_1_71' title="bbox 233 3726 3503 3817">
    <p class='ocr_par' dir='ltr' id='par_1_71' title="bbox 233 3726 3503 3817">
     <span class='ocr_line' id='line_1_71' title="bbox 233 3726 3503 3817; baseline 0.006 -37"><span class='ocrx_word' id='word_1_520' title='bbox 233 3726 346 3781; x_wconf 78' lang='grc' dir='ltr'><strong>ἀπὺ</strong></span> <span class='ocrx_word' id='word_1_521' title='bbox 405 3728 501 3782; x_wconf 88' lang='grc' dir='ltr'><strong>τοῦ</strong></span> <span class='ocrx_word' id='word_1_522' title='bbox 555 3729 722 3800; x_wconf 89' lang='grc' dir='ltr'>νόμου</span> <span class='ocrx_word' id='word_1_523' title='bbox 772 3728 875 3797; x_wconf 81' lang='grc' dir='ltr'><strong>τῆς</strong></span> <span class='ocrx_word' id='word_1_524' title='bbox 914 3727 1205 3799; x_wconf 70' lang='grc' dir='ltr'>ἁμαρτίας</span> <span class='ocrx_word' id='word_1_525' title='bbox 1258 3728 1351 3780; x_wconf 76' lang='grc' dir='ltr'>καὶ</span> <span class='ocrx_word' id='word_1_526' title='bbox 1410 3728 1504 3781; x_wconf 88' lang='grc' dir='ltr'><strong>τοῦ</strong></span> <span class='ocrx_word' id='word_1_527' title='bbox 1554 3731 1807 3799; x_wconf 79' lang='grc' dir='ltr'>Θανάτου,</span> <span class='ocrx_word' id='word_1_528' title='bbox 1844 3738 2070 3807; x_wconf 81' lang='grc' dir='ltr'>νικήσας</span> <span class='ocrx_word' id='word_1_529' title='bbox 2088 3741 2151 3793; x_wconf 90' lang='grc' dir='ltr'><strong>ἐκ</strong></span> <span class='ocrx_word' id='word_1_530' title='bbox 2179 3744 2379 3807; x_wconf 85' lang='grc' dir='ltr'>παντὸς</span> <span class='ocrx_word' id='word_1_531' title='bbox 2412 3743 2511 3815; x_wconf 83' lang='grc' dir='ltr'><strong>τὴν</strong></span> <span class='ocrx_word' id='word_1_532' title='bbox 2535 3744 2812 3815; x_wconf 83' lang='grc' dir='ltr'>ἁμαρτίαν</span> <span class='ocrx_word' id='word_1_533' title='bbox 2870 3744 3264 3816; x_wconf 81' lang='grc' dir='ltr'>βασιλεύουσαν</span> <span class='ocrx_word' id='word_1_534' title='bbox 3341 3747 3438 3817; x_wconf 80' lang='grc' dir='ltr'>τῆς</span> <span class='ocrx_word' id='word_1_535' title='bbox 3458 3747 3503 3778; x_wconf 79' lang='grc'>³³</span> 
     </span>
    </p>
   </div>
   <div class='ocr_carea' id='block_1_72' title="bbox 237 3819 463 3891">
    <p class='ocr_par' dir='ltr' id='par_1_72' title="bbox 237 3819 463 3891">
     <span class='ocr_line' id='line_1_72' title="bbox 237 3819 463 3891; baseline -0.004 -16"><span class='ocrx_word' id='word_1_536' title='bbox 237 3819 463 3891; x_wconf 87' lang='grc' dir='ltr'>σαρκός.</span> 
     </span>
    </p>
   </div>
   <div class='ocr_carea' id='block_1_73' title="bbox 309 3910 1818 3987">
    <p class='ocr_par' dir='ltr' id='par_1_73' title="bbox 309 3910 1818 3987">
     <span class='ocr_line' id='line_1_73' title="bbox 309 3910 1818 3987; baseline 0.025 -43"><span class='ocrx_word' id='word_1_537' title='bbox 309 3913 436 3966; x_wconf 64' lang='grc' dir='ltr'><strong>ὀτι</strong></span> <span class='ocrx_word' id='word_1_538' title='bbox 492 3913 627 3983; x_wconf 68' lang='grc' dir='ltr'>φησὶ</span> <span class='ocrx_word' id='word_1_539' title='bbox 686 3910 761 3983; x_wconf 74' lang='grc' dir='ltr'>μὴ</span> <span class='ocrx_word' id='word_1_540' title='bbox 816 3913 1113 3984; x_wconf 87' lang='grc' dir='ltr'>τρέφεσθαι</span> <span class='ocrx_word' id='word_1_541' title='bbox 1163 3914 1196 3985; x_wconf 76' lang='grc' dir='ltr'>ἦ</span> <span class='ocrx_word' id='word_1_542' title='bbox 1250 3915 1501 3983; x_wconf 74' lang='grc' dir='ltr'>αὐξάνειν</span> <span class='ocrx_word' id='word_1_543' title='bbox 1560 3916 1668 3969; x_wconf 71' lang='grc' dir='ltr'><strong>ἀπὸ</strong></span> <span class='ocrx_word' id='word_1_544' title='bbox 1718 3918 1818 3987; x_wconf 81' lang='grc' dir='ltr'><strong>τῆς</strong></span> 
     </span>
    </p>
   </div>
   <div class='ocr_carea' id='block_1_74' title="bbox 233 4007 1815 4083">
    <p class='ocr_par' dir='ltr' id='par_1_74' title="bbox 233 4007 1815 4083">
     <span class='ocr_line' id='line_1_74' title="bbox 233 4007 1815 4083; baseline -0.01 -5"><span class='ocrx_word' id='word_1_545' title='bbox 233 4008 343 4077; x_wconf 75' lang='grc' dir='ltr'><strong>γῆς</strong></span> <span class='ocrx_word' id='word_1_546' title='bbox 398 4007 468 4060; x_wconf 69' lang='grc' dir='ltr'><strong>τὰ</strong></span> <span class='ocrx_word' id='word_1_547' title='bbox 516 4008 678 4077; x_wconf 84' lang='grc' dir='ltr'>φυτά.</span> <span class='ocrx_word' id='word_1_548' title='bbox 729 4007 892 4076; x_wconf 80' lang='grc' dir='ltr'>Λέγει</span> <span class='ocrx_word' id='word_1_549' title='bbox 939 4008 1068 4080; x_wconf 85' lang='grc' dir='ltr'>γὰρ,</span> <span class='ocrx_word' id='word_1_550' title='bbox 1132 4010 1470 4083; x_wconf 73' lang='grc' dir='ltr'>Διαπορήσαι</span> <span class='ocrx_word' id='word_1_551' title='bbox 1522 4010 1567 4065; x_wconf 73' lang='grc' dir='ltr'>δ’</span> <span class='ocrx_word' id='word_1_552' title='bbox 1617 4010 1681 4064; x_wconf 79' lang='grc' dir='ltr'>ἄν</span> <span class='ocrx_word' id='word_1_553' title='bbox 1732 4028 1815 4075; x_wconf 88' lang='grc' dir='ltr'><strong>τις</strong></span> 
     </span>
    </p>
   </div>
   <div class='ocr_carea' id='block_1_75' title="bbox 237 4099 1815 4172">
    <p class='ocr_par' dir='ltr' id='par_1_75' title="bbox 237 4099 1815 4172">
     <span class='ocr_line' id='line_1_75' title="bbox 237 4099 1815 4172; baseline 0.003 -21"><span class='ocrx_word' id='word_1_554' title='bbox 237 4100 357 4163; x_wconf 87' lang='grc' dir='ltr'><strong>πῶς</strong></span> <span class='ocrx_word' id='word_1_555' title='bbox 418 4099 496 4163; x_wconf 87' lang='grc' dir='ltr'><strong>είς</strong></span> <span class='ocrx_word' id='word_1_556' title='bbox 550 4099 641 4153; x_wconf 76' lang='grc' dir='ltr'><strong>τὸν</strong></span> <span class='ocrx_word' id='word_1_557' title='bbox 696 4100 860 4168; x_wconf 73' lang='grc' dir='ltr'>ὅγκον</span> <span class='ocrx_word' id='word_1_558' title='bbox 913 4100 1390 4172; x_wconf 75' lang='grc' dir='ltr'>ἀναλαμϐάνεσθαι</span> <span class='ocrx_word' id='word_1_559' title='bbox 1433 4102 1651 4155; x_wconf 86' lang='grc' dir='ltr'>δύναται</span> <span class='ocrx_word' id='word_1_560' title='bbox 1705 4103 1815 4156; x_wconf 91' lang='grc' dir='ltr'><strong>τῶν</strong></span> 
     </span>
    </p>
   </div>
   <div class='ocr_carea' id='block_1_76' title="bbox 239 4189 1815 4267">
    <p class='ocr_par' dir='ltr' id='par_1_76' title="bbox 239 4189 1815 4267">
     <span class='ocr_line' id='line_1_76' title="bbox 239 4189 1815 4267; baseline 0.004 -24"><span class='ocrx_word' id='word_1_561' title='bbox 239 4189 473 4259; x_wconf 78' lang='grc' dir='ltr'>δένδρων</span> <span class='ocrx_word' id='word_1_562' title='bbox 526 4192 559 4260; x_wconf 77' lang='grc' dir='ltr'>ἡ</span> <span class='ocrx_word' id='word_1_563' title='bbox 615 4194 685 4263; x_wconf 80' lang='grc' dir='ltr'>γῆ</span> <span class='ocrx_word' id='word_1_564' title='bbox 746 4193 1246 4267; x_wconf 74' lang='grc' dir='ltr'>μεταλλοιουμένηο</span> <span class='ocrx_word' id='word_1_565' title='bbox 1310 4195 1478 4267; x_wconf 74' lang='grc' dir='ltr'>ἐχρῆν</span> <span class='ocrx_word' id='word_1_566' title='bbox 1537 4200 1667 4267; x_wconf 67' lang='grc' dir='ltr'>γὰρ,</span> <span class='ocrx_word' id='word_1_567' title='bbox 1720 4196 1815 4250; x_wconf 79' lang='grc' dir='ltr'>ᾶτε</span> 
     </span>
    </p>
   </div>
   <div class='ocr_carea' id='block_1_77' title="bbox 238 4280 1815 4359">
    <p class='ocr_par' dir='ltr' id='par_1_77' title="bbox 238 4280 1815 4359">
     <span class='ocr_line' id='line_1_77' title="bbox 238 4280 1815 4359; baseline 0.006 -28"><span class='ocrx_word' id='word_1_568' title='bbox 238 4280 341 4349; x_wconf 84' lang='grc' dir='ltr'>τῆς</span> <span class='ocrx_word' id='word_1_569' title='bbox 388 4280 756 4352; x_wconf 76' lang='grc' dir='ltr'>ὑποκειμένης</span> <span class='ocrx_word' id='word_1_570' title='bbox 801 4285 904 4353; x_wconf 76' lang='grc' dir='ltr'>γῆς</span> <span class='ocrx_word' id='word_1_571' title='bbox 963 4285 1416 4359; x_wconf 79' lang='grc' dir='ltr'>ἀναρπαζομένης</span> <span class='ocrx_word' id='word_1_572' title='bbox 1453 4288 1539 4339; x_wconf 75' lang='grc' dir='ltr'>ἀεὶ</span> <span class='ocrx_word' id='word_1_573' title='bbox 1575 4288 1662 4344; x_wconf 77' lang='grc' dir='ltr'>διὰ</span> <span class='ocrx_word' id='word_1_574' title='bbox 1708 4287 1815 4341; x_wconf 89' lang='grc' dir='ltr'><strong>τῶν</strong></span> 
     </span>
    </p>
   </div>
   <div class='ocr_carea' id='block_1_78' title="bbox 241 4370 1857 4451">
    <p class='ocr_par' dir='ltr' id='par_1_78' title="bbox 241 4370 1857 4451">
     <span class='ocr_line' id='line_1_78' title="bbox 241 4370 1857 4451; baseline 0.007 -29"><span class='ocrx_word' id='word_1_575' title='bbox 241 4370 411 4442; x_wconf 68' lang='grc' dir='ltr'>ῥιζῶν</span> <span class='ocrx_word' id='word_1_576' title='bbox 445 4374 524 4434; x_wconf 82' lang='grc' dir='ltr'>εἰς</span> <span class='ocrx_word' id='word_1_577' title='bbox 554 4371 681 4443; x_wconf 74' lang='grc' dir='ltr'>ὅλην</span> <span class='ocrx_word' id='word_1_578' title='bbox 711 4375 810 4443; x_wconf 76' lang='grc' dir='ltr'>τὴν</span> <span class='ocrx_word' id='word_1_579' title='bbox 854 4375 966 4439; x_wconf 76' lang='grc' dir='ltr'>ἕξιν</span> <span class='ocrx_word' id='word_1_580' title='bbox 1004 4376 1099 4429; x_wconf 90' lang='grc' dir='ltr'><strong>τοῦ</strong></span> <span class='ocrx_word' id='word_1_581' title='bbox 1142 4377 1331 4451; x_wconf 75' lang='grc' dir='ltr'>ξύλου,</span> <span class='ocrx_word' id='word_1_582' title='bbox 1365 4379 1457 4432; x_wconf 81' lang='grc' dir='ltr'><strong>τὸν</strong></span> <span class='ocrx_word' id='word_1_583' title='bbox 1480 4381 1664 4444; x_wconf 88' lang='grc' dir='ltr'>τόπον,</span> <span class='ocrx_word' id='word_1_584' title='bbox 1694 4378 1816 4434; x_wconf 85' lang='grc' dir='ltr'>καθ’</span> <span class='ocrx_word' id='word_1_585' title='bbox 1854 4388 1857 4389; x_wconf 65' lang='grc'><strong><em>⁷</em></strong></span> 
     </span>
    </p>
   </div>
   <div class='ocr_carea' id='block_1_79' title="bbox 238 4462 1818 4541">
    <p class='ocr_par' dir='ltr' id='par_1_79' title="bbox 238 4462 1818 4541">
     <span class='ocr_line' id='line_1_79' title="bbox 238 4462 1818 4541; baseline 0.006 -26"><span class='ocrx_word' id='word_1_586' title='bbox 238 4463 300 4515; x_wconf 79' lang='grc' dir='ltr'>ὅν</span> <span class='ocrx_word' id='word_1_587' title='bbox 335 4462 400 4516; x_wconf 90' lang='lat'><strong>:6</strong></span> <span class='ocrx_word' id='word_1_588' title='bbox 432 4462 647 4535; x_wconf 80' lang='grc' dir='ltr'>δένδρον</span> <span class='ocrx_word' id='word_1_589' title='bbox 679 4464 1045 4537; x_wconf 78' lang='grc' dir='ltr'>βεϐλάστηκε,</span> <span class='ocrx_word' id='word_1_590' title='bbox 1089 4469 1450 4523; x_wconf 85' lang='grc' dir='ltr'>κοιλαίνεσθαι</span> <span class='ocrx_word' id='word_1_591' title='bbox 1481 4486 1494 4499; x_wconf 91' lang='grc'>·</span> <span class='ocrx_word' id='word_1_592' title='bbox 1528 4469 1667 4526; x_wconf 81' lang='grc' dir='ltr'>ὥστε</span> <span class='ocrx_word' id='word_1_593' title='bbox 1711 4471 1818 4541; x_wconf 79' lang='grc' dir='ltr'>μάο</span> 
     </span>
    </p>
   </div>
   <div class='ocr_carea' id='block_1_80' title="bbox 244 4553 1818 4632">
    <p class='ocr_par' dir='ltr' id='par_1_80' title="bbox 244 4553 1818 4632">
     <span class='ocr_line' id='line_1_80' title="bbox 244 4553 1818 4632; baseline 0.006 -27"><span class='ocrx_word' id='word_1_594' title='bbox 244 4567 399 4617; x_wconf 85' lang='grc' dir='ltr'>ταιος</span> <span class='ocrx_word' id='word_1_595' title='bbox 430 4553 609 4608; x_wconf 83' lang='grc' dir='ltr'>αὐτῶν</span> <span class='ocrx_word' id='word_1_596' title='bbox 632 4555 659 4608; x_wconf 87' lang='lat'><strong>6</strong></span> <span class='ocrx_word' id='word_1_597' title='bbox 688 4556 925 4621; x_wconf 89' lang='grc' dir='ltr'>τοιοῦτος</span> <span class='ocrx_word' id='word_1_598' title='bbox 961 4557 1059 4627; x_wconf 82' lang='grc' dir='ltr'><strong>τῆς</strong></span> <span class='ocrx_word' id='word_1_599' title='bbox 1092 4556 1221 4630; x_wconf 78' lang='grc' dir='ltr'>περὶ</span> <span class='ocrx_word' id='word_1_600' title='bbox 1254 4560 1322 4613; x_wconf 77' lang='grc' dir='ltr'>τὰ</span> <span class='ocrx_word' id='word_1_601' title='bbox 1354 4559 1578 4632; x_wconf 82' lang='grc' dir='ltr'>σώματα</span> <span class='ocrx_word' id='word_1_602' title='bbox 1610 4560 1818 4632; x_wconf 75' lang='grc' dir='ltr'>ῥύσεως</span> 
     </span>
    </p>
   </div>
   <div class='ocr_carea' id='block_1_81' title="bbox 1986 3919 3505 3999">
    <p class='ocr_par' dir='ltr' id='par_1_81' title="bbox 1986 3919 3505 3999">
     <span class='ocr_line' id='line_1_81' title="bbox 1986 3919 3505 3999; baseline 0.007 -27"><span class='ocrx_word' id='word_1_603' title='bbox 1986 3919 2207 3974; x_wconf 85' lang='lat' dir='ltr'><strong>Plantas</strong></span> <span class='ocrx_word' id='word_1_604' title='bbox 2241 3923 2317 3975; x_wconf 90' lang='lat' dir='ltr'><strong>ait</strong></span> <span class='ocrx_word' id='word_1_605' title='bbox 2369 3920 2718 3996; x_wconf 63' lang='lat' dir='ltr'><strong>[Methodius]</strong></span> <span class='ocrx_word' id='word_1_606' title='bbox 2767 3939 2865 3979; x_wconf 91' lang='lat' dir='ltr'><strong>nec</strong></span> <span class='ocrx_word' id='word_1_607' title='bbox 2904 3940 2932 3979; x_wconf 89' lang='lat' dir='ltr'><strong>a</strong></span> <span class='ocrx_word' id='word_1_608' title='bbox 2977 3934 3119 3980; x_wconf 92' lang='lat' dir='ltr'><strong>terra</strong></span> <span class='ocrx_word' id='word_1_609' title='bbox 3158 3927 3225 3980; x_wconf 90' lang='lat' dir='ltr'><strong>ali</strong></span> <span class='ocrx_word' id='word_1_610' title='bbox 3268 3943 3366 3983; x_wconf 91' lang='lat' dir='ltr'><strong>nec</strong></span> <span class='ocrx_word' id='word_1_611' title='bbox 3407 3944 3505 3999; x_wconf 79' lang='lat' dir='ltr'><strong>au-</strong></span> 
     </span>
    </p>
   </div>
   <div class='ocr_carea' id='block_1_82' title="bbox 1915 4010 3505 4088">
    <p class='ocr_par' dir='ltr' id='par_1_82' title="bbox 1915 4010 3505 4088">
     <span class='ocr_line' id='line_1_82' title="bbox 1915 4010 3505 4088; baseline 0.009 -23"><span class='ocrx_word' id='word_1_612' title='bbox 1915 4011 2049 4078; x_wconf 83' lang='lat' dir='ltr'><strong>geri.</strong></span> <span class='ocrx_word' id='word_1_613' title='bbox 2103 4010 2362 4075; x_wconf 85' lang='lat' dir='ltr'><strong>Dubitet,</strong></span> <span class='ocrx_word' id='word_1_614' title='bbox 2436 4012 2646 4082; x_wconf 86' lang='lat' dir='ltr'><strong>inquit,</strong></span> <span class='ocrx_word' id='word_1_615' title='bbox 2711 4015 2977 4084; x_wconf 85' lang='lat' dir='ltr'><strong>quispiam</strong></span> <span class='ocrx_word' id='word_1_616' title='bbox 3033 4020 3305 4088; x_wconf 89' lang='lat' dir='ltr'><strong>quomodo</strong></span> <span class='ocrx_word' id='word_1_617' title='bbox 3362 4031 3505 4079; x_wconf 78' lang='lat' dir='ltr'><strong>terra</strong></span> 
     </span>
    </p>
   </div>
   <div class='ocr_carea' id='block_1_83' title="bbox 1908 4105 3504 4180">
    <p class='ocr_par' dir='ltr' id='par_1_83' title="bbox 1908 4105 3504 4180">
     <span class='ocr_line' id='line_1_83' title="bbox 1908 4105 3504 4180; baseline 0.005 -17"><span class='ocrx_word' id='word_1_618' title='bbox 1908 4108 2199 4163; x_wconf 86' lang='lat' dir='ltr'><strong>immutata</strong></span> <span class='ocrx_word' id='word_1_619' title='bbox 2270 4105 2324 4158; x_wconf 92' lang='lat' dir='ltr'><strong>in</strong></span> <span class='ocrx_word' id='word_1_620' title='bbox 2381 4117 2586 4161; x_wconf 88' lang='lat' dir='ltr'><strong>tantam</strong></span> <span class='ocrx_word' id='word_1_621' title='bbox 2636 4108 2887 4162; x_wconf 78' lang='lat' dir='ltr'><strong>arborum</strong></span> <span class='ocrx_word' id='word_1_622' title='bbox 2934 4110 3342 4180; x_wconf 87' lang='lat' dir='ltr'><strong>amplitudinem</strong></span> <span class='ocrx_word' id='word_1_623' title='bbox 3412 4132 3504 4171; x_wconf 84' lang='lat' dir='ltr'><strong>as-</strong></span> 
     </span>
    </p>
   </div>
   <div class='ocr_carea' id='block_1_84' title="bbox 1914 4192 3502 4271">
    <p class='ocr_par' dir='ltr' id='par_1_84' title="bbox 1914 4192 3502 4271">
     <span class='ocr_line' id='line_1_84' title="bbox 1914 4192 3502 4271; baseline 0.004 -16"><span class='ocrx_word' id='word_1_624' title='bbox 1914 4202 2050 4255; x_wconf 91' lang='lat' dir='ltr'><strong>sumi</strong></span> <span class='ocrx_word' id='word_1_625' title='bbox 2082 4200 2198 4271; x_wconf 88' lang='lat' dir='ltr'><strong>(seu</strong></span> <span class='ocrx_word' id='word_1_626' title='bbox 2257 4198 2528 4269; x_wconf 82' lang='lat' dir='ltr'><strong>crescere)</strong></span> <span class='ocrx_word' id='word_1_627' title='bbox 2566 4199 2760 4268; x_wconf 90' lang='lat' dir='ltr'><strong>possit.</strong></span> <span class='ocrx_word' id='word_1_628' title='bbox 2790 4192 3084 4270; x_wconf 90' lang='lat' dir='ltr'><strong>Oportebat</strong></span> <span class='ocrx_word' id='word_1_629' title='bbox 3137 4203 3281 4257; x_wconf 89' lang='lat' dir='ltr'><strong>enim</strong></span> <span class='ocrx_word' id='word_1_630' title='bbox 3327 4203 3502 4261; x_wconf 79' lang='lat' dir='ltr'><strong>locum</strong></span> 
     </span>
    </p>
   </div>
   <div class='ocr_carea' id='block_1_85' title="bbox 1914 4291 3505 4361">
    <p class='ocr_par' dir='ltr' id='par_1_85' title="bbox 1914 4291 3505 4361">
     <span class='ocr_line' id='line_1_85' title="bbox 1914 4291 3505 4361; baseline 0.004 -15"><span class='ocrx_word' id='word_1_631' title='bbox 1914 4294 1966 4347; x_wconf 87' lang='lat' dir='ltr'><strong>in</strong></span> <span class='ocrx_word' id='word_1_632' title='bbox 2000 4309 2106 4361; x_wconf 91' lang='lat' dir='ltr'><strong>quo</strong></span> <span class='ocrx_word' id='word_1_633' title='bbox 2155 4294 2319 4345; x_wconf 83' lang='lat' dir='ltr'><strong>arbor</strong></span> <span class='ocrx_word' id='word_1_634' title='bbox 2350 4291 2611 4357; x_wconf 67' lang='lat' dir='ltr'><strong>excrevit,</strong></span> <span class='ocrx_word' id='word_1_635' title='bbox 2641 4303 2695 4344; x_wconf 91' lang='lat' dir='ltr'><strong>et</strong></span> <span class='ocrx_word' id='word_1_636' title='bbox 2739 4292 3158 4360; x_wconf 81' lang='lat' dir='ltr'><strong>circumjacente</strong></span> <span class='ocrx_word' id='word_1_637' title='bbox 3201 4304 3342 4352; x_wconf 88' lang='lat' dir='ltr'><strong>terra</strong></span> <span class='ocrx_word' id='word_1_638' title='bbox 3373 4299 3505 4351; x_wconf 88' lang='lat' dir='ltr'><strong>sub-</strong></span> 
     </span>
    </p>
   </div>
   <div class='ocr_carea' id='block_1_86' title="bbox 1916 4384 3503 4459">
    <p class='ocr_par' dir='ltr' id='par_1_86' title="bbox 1916 4384 3503 4459">
     <span class='ocr_line' id='line_1_86' title="bbox 1916 4384 3503 4459; baseline 0.003 -21"><span class='ocrx_word' id='word_1_639' title='bbox 1916 4385 2075 4439; x_wconf 82' lang='lat' dir='ltr'><strong>ducta</strong></span> <span class='ocrx_word' id='word_1_640' title='bbox 2113 4386 2163 4437; x_wconf 93' lang='lat' dir='ltr'><strong>in</strong></span> <span class='ocrx_word' id='word_1_641' title='bbox 2214 4385 2339 4451; x_wconf 85' lang='lat' dir='ltr'><strong>ligni</strong></span> <span class='ocrx_word' id='word_1_642' title='bbox 2387 4395 2633 4437; x_wconf 87' lang='lat' dir='ltr'><strong>naturam</strong></span> <span class='ocrx_word' id='word_1_643' title='bbox 2667 4384 2939 4439; x_wconf 79' lang='lat' dir='ltr'><strong>excavari.</strong></span> <span class='ocrx_word' id='word_1_644' title='bbox 2992 4384 3174 4441; x_wconf 87' lang='lat' dir='ltr'><strong>Inanis</strong></span> <span class='ocrx_word' id='word_1_645' title='bbox 3211 4403 3342 4459; x_wconf 81' lang='lat' dir='ltr'><strong>ergo</strong></span> <span class='ocrx_word' id='word_1_646' title='bbox 3389 4390 3503 4453; x_wconf 44' lang='lat' dir='ltr'><strong>illo,-</strong></span> 
     </span>
    </p>
   </div>
   <div class='ocr_carea' id='block_1_87' title="bbox 1920 4462 3501 4546">
    <p class='ocr_par' dir='ltr' id='par_1_87' title="bbox 1920 4462 3501 4546">
     <span class='ocr_line' id='line_1_87' title="bbox 1920 4462 3501 4546; baseline 0.005 -17"><span class='ocrx_word' id='word_1_647' title='bbox 1920 4490 2038 4529; x_wconf 89' lang='lat' dir='ltr'><strong>rum</strong></span> <span class='ocrx_word' id='word_1_648' title='bbox 2074 4475 2195 4529; x_wconf 88' lang='lat' dir='ltr'><strong>talis</strong></span> <span class='ocrx_word' id='word_1_649' title='bbox 2224 4476 2288 4529; x_wconf 85' lang='lat' dir='ltr'><strong>de</strong></span> <span class='ocrx_word' id='word_1_650' title='bbox 2312 4490 2597 4546; x_wconf 88' lang='lat' dir='ltr'><strong>corporum</strong></span> <span class='ocrx_word' id='word_1_651' title='bbox 2629 4475 2772 4528; x_wconf 82' lang='lat' dir='ltr'><strong>ﬂuxu</strong></span> <span class='ocrx_word' id='word_1_652' title='bbox 2797 4462 3182 4534; x_wconf 75' lang='lat' dir='ltr'><strong>consideratio.</strong></span> <span class='ocrx_word' id='word_1_653' title='bbox 3219 4480 3501 4546; x_wconf 80' lang='lat' dir='ltr'><strong>Quomodo</strong></span> 
     </span>
    </p>
   </div>
   <div class='ocr_carea' id='block_1_88' title="bbox 1922 4550 3502 4643">
    <p class='ocr_par' dir='ltr' id='par_1_88' title="bbox 1922 4550 3502 4643">
     <span class='ocr_line' id='line_1_88' title="bbox 1922 4550 3502 4643; baseline 0.007 -28"><span class='ocrx_word' id='word_1_654' title='bbox 1922 4562 2068 4616; x_wconf 90' lang='lat' dir='ltr'><strong>enim</strong></span> <span class='ocrx_word' id='word_1_655' title='bbox 2105 4562 2209 4615; x_wconf 88' lang='lat' dir='ltr'><strong>ulla</strong></span> <span class='ocrx_word' id='word_1_656' title='bbox 2245 4564 2452 4617; x_wconf 86' lang='lat' dir='ltr'><strong>ratione</strong></span> <span class='ocrx_word' id='word_1_657' title='bbox 2490 4575 2633 4619; x_wconf 89' lang='lat' dir='ltr'><strong>terra</strong></span> <span class='ocrx_word' id='word_1_658' title='bbox 2678 4580 2773 4635; x_wconf 91' lang='lat' dir='ltr'><strong>per</strong></span> <span class='ocrx_word' id='word_1_659' title='bbox 2809 4566 3019 4621; x_wconf 84' lang='lat' dir='ltr'><strong>radices</strong></span> <span class='ocrx_word' id='word_1_660' title='bbox 3072 4569 3122 4621; x_wconf 93' lang='lat' dir='ltr'><strong>in</strong></span> <span class='ocrx_word' id='word_1_661' title='bbox 3159 4550 3375 4637; x_wconf 71' lang='lat' dir='ltr'><strong>truncos</strong></span> <span class='ocrx_word' id='word_1_662' title='bbox 3420 4556 3502 4643; x_wconf 17' lang='lat' dir='ltr'><strong>inil-</strong></span> 
     </span>
    </p>
   </div>
   <div class='ocr_carea' id='block_1_89' title="bbox 239 4646 1818 4733">
    <p class='ocr_par' dir='ltr' id='par_1_89' title="bbox 239 4646 1818 4725">
     <span class='ocr_line' id='line_1_89' title="bbox 239 4646 1818 4725; baseline 0.004 -25"><span class='ocrx_word' id='word_1_663' title='bbox 239 4646 631 4718; x_wconf 79' lang='grc' dir='ltr'>ἀναλογισμός.</span> <span class='ocrx_word' id='word_1_664' title='bbox 660 4647 786 4711; x_wconf 85' lang='grc' dir='ltr'>Πῶς</span> <span class='ocrx_word' id='word_1_665' title='bbox 824 4650 932 4719; x_wconf 84' lang='grc' dir='ltr'>γὰρ</span> <span class='ocrx_word' id='word_1_666' title='bbox 973 4650 1109 4713; x_wconf 86' lang='grc' dir='ltr'>ὅλως</span> <span class='ocrx_word' id='word_1_667' title='bbox 1153 4652 1188 4720; x_wconf 87' lang='grc' dir='ltr'><strong>ή</strong></span> <span class='ocrx_word' id='word_1_668' title='bbox 1238 4651 1307 4720; x_wconf 84' lang='grc' dir='ltr'>γῆ</span> <span class='ocrx_word' id='word_1_669' title='bbox 1358 4651 1447 4704; x_wconf 69' lang='grc' dir='ltr'>διὰ</span> <span class='ocrx_word' id='word_1_670' title='bbox 1498 4651 1608 4704; x_wconf 86' lang='grc' dir='ltr'><strong>τῶν</strong></span> <span class='ocrx_word' id='word_1_671' title='bbox 1654 4652 1818 4725; x_wconf 76' lang='grc' dir='ltr'>ῥιζῶν</span> 
     </span>
    </p>
   </div>
   <div class='ocr_carea' id='block_1_90' title="bbox 1922 4646 3496 4733">
    <p class='ocr_par' dir='ltr' id='par_1_90' title="bbox 1926 4658 3496 4733">
     <span class='ocr_line' id='line_1_90' title="bbox 1926 4658 3496 4733; baseline 0.006 -26"><span class='ocrx_word' id='word_1_672' title='bbox 1926 4668 2133 4725; x_wconf 78' lang='lat' dir='ltr'><strong>gressa,</strong></span> <span class='ocrx_word' id='word_1_673' title='bbox 2167 4666 2217 4710; x_wconf 88' lang='lat' dir='ltr'><strong>et</strong></span> <span class='ocrx_word' id='word_1_674' title='bbox 2241 4672 2337 4725; x_wconf 87' lang='lat' dir='ltr'><strong>per</strong></span> <span class='ocrx_word' id='word_1_675' title='bbox 2365 4672 2529 4712; x_wconf 85' lang='lat' dir='ltr'><strong>venas</strong></span> <span class='ocrx_word' id='word_1_676' title='bbox 2567 4658 2617 4711; x_wconf 92' lang='lat' dir='ltr'><strong>in</strong></span> <span class='ocrx_word' id='word_1_677' title='bbox 2647 4674 2833 4714; x_wconf 88' lang='lat' dir='ltr'><strong>omnes</strong></span> <span class='ocrx_word' id='word_1_678' title='bbox 2865 4675 3050 4714; x_wconf 90' lang='lat' dir='ltr'><strong>earum</strong></span> <span class='ocrx_word' id='word_1_679' title='bbox 3081 4676 3259 4717; x_wconf 88' lang='lat' dir='ltr'><strong>ramos</strong></span> <span class='ocrx_word' id='word_1_680' title='bbox 3282 4662 3496 4733; x_wconf 80' lang='lat' dir='ltr'><strong>ditTnsa,</strong></span> 
     </span>
    </p>
   </div>
   <div class='ocr_carea' id='block_1_91' title="bbox 242 4738 1820 4812">
    <p class='ocr_par' dir='ltr' id='par_1_91' title="bbox 242 4738 1820 4812">
     <span class='ocr_line' id='line_1_91' title="bbox 242 4738 1820 4812; baseline 0.005 -23"><span class='ocrx_word' id='word_1_681' title='bbox 242 4740 325 4802; x_wconf 87' lang='grc' dir='ltr'>εἰς</span> <span class='ocrx_word' id='word_1_682' title='bbox 364 4738 491 4802; x_wconf 85' lang='grc' dir='ltr'>τοὺς</span> <span class='ocrx_word' id='word_1_683' title='bbox 535 4740 776 4811; x_wconf 75' lang='grc' dir='ltr'>κορμοὺς</span> <span class='ocrx_word' id='word_1_684' title='bbox 821 4740 930 4795; x_wconf 89' lang='grc' dir='ltr'><strong>τῶν</strong></span> <span class='ocrx_word' id='word_1_685' title='bbox 981 4741 1163 4810; x_wconf 87' lang='grc' dir='ltr'>φυτῶν</span> <span class='ocrx_word' id='word_1_686' title='bbox 1214 4741 1553 4812; x_wconf 82' lang='grc' dir='ltr'>εἰσδυομένη,</span> <span class='ocrx_word' id='word_1_687' title='bbox 1601 4745 1696 4797; x_wconf 74' lang='grc' dir='ltr'><strong>καὶ</strong></span> <span class='ocrx_word' id='word_1_688' title='bbox 1734 4743 1820 4797; x_wconf 80' lang='grc' dir='ltr'>διὰ</span> 
     </span>
    </p>
   </div>
   <div class='ocr_carea' id='block_1_92' title="bbox 239 4830 1819 4905">
    <p class='ocr_par' dir='ltr' id='par_1_92' title="bbox 239 4830 1819 4905">
     <span class='ocr_line' id='line_1_92' title="bbox 239 4830 1819 4905; baseline 0.004 -25"><span class='ocrx_word' id='word_1_689' title='bbox 239 4830 354 4881; x_wconf 84' lang='grc' dir='ltr'><strong>τῶν</strong></span> <span class='ocrx_word' id='word_1_690' title='bbox 393 4831 578 4899; x_wconf 88' lang='grc' dir='ltr'>πόρων</span> <span class='ocrx_word' id='word_1_691' title='bbox 631 4831 710 4893; x_wconf 87' lang='grc' dir='ltr'><strong>είς</strong></span> <span class='ocrx_word' id='word_1_692' title='bbox 740 4830 948 4895; x_wconf 82' lang='grc' dir='ltr'>πάντας</span> <span class='ocrx_word' id='word_1_693' title='bbox 1000 4832 1182 4886; x_wconf 81' lang='grc' dir='ltr'>αὐτῶν</span> <span class='ocrx_word' id='word_1_694' title='bbox 1234 4831 1819 4905; x_wconf 79' lang='grc' dir='ltr'>κατακερματιζομένη</span> 
     </span>
    </p>
   </div>
   <div class='ocr_carea' id='block_1_93' title="bbox 240 4920 1817 4998">
    <p class='ocr_par' dir='ltr' id='par_1_93' title="bbox 240 4920 1817 4998">
     <span class='ocr_line' id='line_1_93' title="bbox 240 4920 1817 4998; baseline 0.003 -25"><span class='ocrx_word' id='word_1_695' title='bbox 240 4923 371 4985; x_wconf 78' lang='grc' dir='ltr'>τοὺς</span> <span class='ocrx_word' id='word_1_696' title='bbox 403 4920 651 4987; x_wconf 84' lang='grc' dir='ltr'>κλάδους,</span> <span class='ocrx_word' id='word_1_697' title='bbox 686 4924 767 4986; x_wconf 83' lang='grc' dir='ltr'><strong>είς</strong></span> <span class='ocrx_word' id='word_1_698' title='bbox 793 4922 968 4992; x_wconf 89' lang='grc' dir='ltr'>φύλλα</span> <span class='ocrx_word' id='word_1_699' title='bbox 1007 4922 1101 4977; x_wconf 69' lang='grc' dir='ltr'>καὶ</span> <span class='ocrx_word' id='word_1_700' title='bbox 1134 4922 1347 4996; x_wconf 82' lang='grc' dir='ltr'>καρπὸν</span> <span class='ocrx_word' id='word_1_701' title='bbox 1380 4925 1817 4998; x_wconf 76' lang='grc' dir='ltr'>μεταϐάλλεται;</span> 
     </span>
    </p>
   </div>
   <div class='ocr_carea' id='block_1_94' title="bbox 238 5010 1817 5087">
    <p class='ocr_par' dir='ltr' id='par_1_94' title="bbox 238 5010 1817 5087">
     <span class='ocr_line' id='line_1_94' title="bbox 238 5010 1817 5087; baseline 0.003 -22"><span class='ocrx_word' id='word_1_702' title='bbox 238 5012 479 5082; x_wconf 78' lang='grc' dir='ltr'>Εύμὴκη</span> <span class='ocrx_word' id='word_1_703' title='bbox 506 5012 605 5083; x_wconf 78' lang='grc' dir='ltr'>μὲν</span> <span class='ocrx_word' id='word_1_704' title='bbox 633 5010 727 5067; x_wconf 82' lang='grc' dir='ltr'><strong>οὖν</strong></span> <span class='ocrx_word' id='word_1_705' title='bbox 750 5014 966 5086; x_wconf 79' lang='grc' dir='ltr'>δένδρα,</span> <span class='ocrx_word' id='word_1_706' title='bbox 988 5016 1170 5087; x_wconf 84' lang='grc' dir='ltr'>κέδροι</span> <span class='ocrx_word' id='word_1_707' title='bbox 1200 5012 1244 5048; x_wconf 77' lang='grc'><strong><em>³⁸</em></strong></span> <span class='ocrx_word' id='word_1_708' title='bbox 1276 5016 1308 5087; x_wconf 77' lang='grc' dir='ltr'>ἢ</span> <span class='ocrx_word' id='word_1_709' title='bbox 1333 5017 1520 5079; x_wconf 81' lang='grc' dir='ltr'>πίτυες</span> <span class='ocrx_word' id='word_1_710' title='bbox 1546 5016 1578 5087; x_wconf 79' lang='grc' dir='ltr'>ἢ</span> <span class='ocrx_word' id='word_1_711' title='bbox 1610 5016 1817 5083; x_wconf 81' lang='grc' dir='ltr'>ἐλάται,</span> 
     </span>
    </p>
   </div>
   <div class='ocr_carea' id='block_1_95' title="bbox 241 5103 1822 5180">
    <p class='ocr_par' dir='ltr' id='par_1_95' title="bbox 241 5103 1822 5180">
     <span class='ocr_line' id='line_1_95' title="bbox 241 5103 1822 5180; baseline 0.004 -26"><span class='ocrx_word' id='word_1_712' title='bbox 241 5104 339 5155; x_wconf 80' lang='grc' dir='ltr'><strong>καὶ</strong></span> <span class='ocrx_word' id='word_1_713' title='bbox 398 5103 598 5174; x_wconf 85' lang='grc' dir='ltr'>πολλὴν</span> <span class='ocrx_word' id='word_1_714' title='bbox 645 5104 876 5175; x_wconf 87' lang='grc' dir='ltr'>φέροντα</span> <span class='ocrx_word' id='word_1_715' title='bbox 937 5108 1058 5161; x_wconf 85' lang='grc' dir='ltr'>κατ’</span> <span class='ocrx_word' id='word_1_716' title='bbox 1124 5107 1244 5171; x_wconf 79' lang='grc' dir='ltr'>ἔτος</span> <span class='ocrx_word' id='word_1_717' title='bbox 1300 5109 1474 5179; x_wconf 79' lang='grc' dir='ltr'>κόμην</span> <span class='ocrx_word' id='word_1_718' title='bbox 1540 5110 1632 5162; x_wconf 78' lang='grc' dir='ltr'>κα¹ι</span> <span class='ocrx_word' id='word_1_719' title='bbox 1689 5127 1822 5180; x_wconf 85' lang='grc' dir='ltr'>καρ-</span> 
     </span>
    </p>
   </div>
   <div class='ocr_carea' id='block_1_96' title="bbox 241 5194 1822 5272">
    <p class='ocr_par' dir='ltr' id='par_1_96' title="bbox 241 5194 1822 5272">
     <span class='ocr_line' id='line_1_96' title="bbox 241 5194 1822 5272; baseline 0.005 -25"><span class='ocrx_word' id='word_1_720' title='bbox 241 5195 369 5260; x_wconf 69' lang='grc' dir='ltr'>πὸν,</span> <span class='ocrx_word' id='word_1_721' title='bbox 408 5194 538 5266; x_wconf 76' lang='lat'><strong>[920</strong></span> <span class='ocrx_word' id='word_1_722' title='bbox 566 5196 662 5269; x_wconf 68' lang='lat' dir='ltr'><strong>IL]</strong></span> <span class='ocrx_word' id='word_1_723' title='bbox 711 5198 841 5251; x_wconf 83' lang='grc' dir='ltr'>ίδεῖν</span> <span class='ocrx_word' id='word_1_724' title='bbox 883 5198 1032 5252; x_wconf 79' lang='grc' dir='ltr'>ἐστιν</span> <span class='ocrx_word' id='word_1_725' title='bbox 1060 5199 1103 5231; x_wconf 72' lang='grc'><strong>³⁸</strong></span> <span class='ocrx_word' id='word_1_726' title='bbox 1143 5200 1216 5264; x_wconf 85' lang='grc' dir='ltr'>ὼς</span> <span class='ocrx_word' id='word_1_727' title='bbox 1252 5200 1401 5254; x_wconf 79' lang='grc' dir='ltr'>οὐδὲν</span> <span class='ocrx_word' id='word_1_728' title='bbox 1444 5202 1545 5272; x_wconf 76' lang='grc' dir='ltr'>τῆς</span> <span class='ocrx_word' id='word_1_729' title='bbox 1603 5204 1822 5255; x_wconf 81' lang='grc' dir='ltr'>ὑποκει-</span> 
     </span>
    </p>
   </div>
   <div class='ocr_carea' id='block_1_97' title="bbox 243 5286 1822 5365">
    <p class='ocr_par' dir='ltr' id='par_1_97' title="bbox 243 5286 1822 5365">
     <span class='ocr_line' id='line_1_97' title="bbox 243 5286 1822 5365; baseline 0.005 -26"><span class='ocrx_word' id='word_1_730' title='bbox 243 5286 419 5357; x_wconf 78' lang='grc' dir='ltr'>μένης</span> <span class='ocrx_word' id='word_1_731' title='bbox 448 5290 551 5360; x_wconf 77' lang='grc' dir='ltr'>γῆς</span> <span class='ocrx_word' id='word_1_732' title='bbox 580 5290 661 5353; x_wconf 83' lang='grc' dir='ltr'><strong>είς</strong></span> <span class='ocrx_word' id='word_1_733' title='bbox 697 5288 787 5343; x_wconf 82' lang='grc' dir='ltr'><strong>τὸν</strong></span> <span class='ocrx_word' id='word_1_734' title='bbox 817 5289 987 5362; x_wconf 76' lang='grc' dir='ltr'>αὐτῆς</span> <span class='ocrx_word' id='word_1_735' title='bbox 1017 5292 1061 5325; x_wconf 82' lang='grc'><strong><em>³⁸</em></strong></span> <span class='ocrx_word' id='word_1_736' title='bbox 1102 5289 1265 5360; x_wconf 78' lang='grc' dir='ltr'>ὄγκον</span> <span class='ocrx_word' id='word_1_737' title='bbox 1290 5292 1387 5363; x_wconf 80' lang='grc' dir='ltr'><strong>τῆς</strong></span> <span class='ocrx_word' id='word_1_738' title='bbox 1411 5286 1638 5365; x_wconf 86' lang='grc' dir='ltr'>δρυάδος</span> <span class='ocrx_word' id='word_1_739' title='bbox 1688 5311 1822 5346; x_wconf 87' lang='grc' dir='ltr'>κατ-</span> 
     </span>
    </p>
   </div>
   <div class='ocr_carea' id='block_1_98' title="bbox 316 5418 769 5488">
    <p class='ocr_par' dir='ltr' id='par_1_98' title="bbox 316 5418 769 5488">
     <span class='ocr_line' id='line_1_98' title="bbox 316 5418 769 5488; baseline 0.009 -15"><span class='ocrx_word' id='word_1_740' title='bbox 316 5429 347 5456; x_wconf 67' lang='grc' dir='ltr'><strong>ιλ</strong></span> <span class='ocrx_word' id='word_1_741' title='bbox 373 5418 531 5475; x_wconf 80' lang='lat' dir='ltr'><strong>Rom.</strong></span> <span class='ocrx_word' id='word_1_742' title='bbox 562 5436 681 5488; x_wconf 86' lang='lat' dir='ltr'><strong>vm,</strong></span> <span class='ocrx_word' id='word_1_743' title='bbox 722 5423 769 5477; x_wconf 78' lang='lat'><strong>2.</strong></span> 
     </span>
    </p>
   </div>
   <div class='ocr_carea' id='block_1_99' title="bbox 1925 4745 3494 4822">
    <p class='ocr_par' dir='ltr' id='par_1_99' title="bbox 1925 4745 3494 4822">
     <span class='ocr_line' id='line_1_99' title="bbox 1925 4745 3494 4822; baseline 0.003 -23"><span class='ocrx_word' id='word_1_744' title='bbox 1925 4746 1976 4799; x_wconf 93' lang='lat' dir='ltr'><strong>in</strong></span> <span class='ocrx_word' id='word_1_745' title='bbox 2018 4745 2140 4799; x_wconf 80' lang='lat' dir='ltr'><strong>folia</strong></span> <span class='ocrx_word' id='word_1_746' title='bbox 2189 4757 2243 4800; x_wconf 90' lang='lat' dir='ltr'><strong>et</strong></span> <span class='ocrx_word' id='word_1_747' title='bbox 2295 4746 2500 4803; x_wconf 82' lang='lat' dir='ltr'><strong>fructus</strong></span> <span class='ocrx_word' id='word_1_748' title='bbox 2543 4751 2950 4804; x_wconf 89' lang='lat' dir='ltr'><strong>commutatur?</strong></span> <span class='ocrx_word' id='word_1_749' title='bbox 2984 4750 3228 4807; x_wconf 69' lang='lat' dir='ltr'><strong>Procerte</strong></span> <span class='ocrx_word' id='word_1_750' title='bbox 3277 4752 3494 4822; x_wconf 81' lang='lat' dir='ltr'><strong>quidem</strong></span> 
     </span>
    </p>
   </div>
   <div class='ocr_carea' id='block_1_100' title="bbox 1925 4836 3498 4907">
    <p class='ocr_par' dir='ltr' id='par_1_100' title="bbox 1925 4836 3498 4907">
     <span class='ocr_line' id='line_1_100' title="bbox 1925 4836 3498 4907; baseline 0.007 -19"><span class='ocrx_word' id='word_1_751' title='bbox 1925 4836 2148 4890; x_wconf 88' lang='lat' dir='ltr'><strong>arbores</strong></span> <span class='ocrx_word' id='word_1_752' title='bbox 2193 4836 2408 4900; x_wconf 90' lang='lat' dir='ltr'><strong>cedrus,</strong></span> <span class='ocrx_word' id='word_1_753' title='bbox 2460 4838 2542 4893; x_wconf 87' lang='lat' dir='ltr'><strong>vel</strong></span> <span class='ocrx_word' id='word_1_754' title='bbox 2580 4840 2760 4907; x_wconf 80' lang='lat' dir='ltr'><strong>pinus,</strong></span> <span class='ocrx_word' id='word_1_755' title='bbox 2792 4842 2875 4897; x_wconf 86' lang='lat' dir='ltr'><strong>vel</strong></span> <span class='ocrx_word' id='word_1_756' title='bbox 2926 4844 3170 4907; x_wconf 87' lang='lat' dir='ltr'><strong>abietes,</strong></span> <span class='ocrx_word' id='word_1_757' title='bbox 3205 4852 3260 4898; x_wconf 90' lang='lat' dir='ltr'><strong>et</strong></span> <span class='ocrx_word' id='word_1_758' title='bbox 3303 4844 3498 4899; x_wconf 85' lang='lat' dir='ltr'><strong>multas</strong></span> 
     </span>
    </p>
   </div>
   <div class='ocr_carea' id='block_1_101' title="bbox 1924 4916 3498 4998">
    <p class='ocr_par' dir='ltr' id='par_1_101' title="bbox 1924 4916 3498 4998">
     <span class='ocr_line' id='line_1_101' title="bbox 1924 4916 3498 4998; baseline 0.004 -18"><span class='ocrx_word' id='word_1_759' title='bbox 1924 4925 2141 4982; x_wconf 82' lang='lat' dir='ltr'><strong>frondes</strong></span> <span class='ocrx_word' id='word_1_760' title='bbox 2170 4936 2224 4981; x_wconf 92' lang='lat' dir='ltr'><strong>et</strong></span> <span class='ocrx_word' id='word_1_761' title='bbox 2258 4926 2464 4984; x_wconf 82' lang='lat' dir='ltr'><strong>fructus</strong></span> <span class='ocrx_word' id='word_1_762' title='bbox 2492 4916 2778 4998; x_wconf 84' lang='lat' dir='ltr'><strong>quotannis</strong></span> <span class='ocrx_word' id='word_1_763' title='bbox 2813 4931 3010 4989; x_wconf 83' lang='lat' dir='ltr'><strong>ferunt.</strong></span> <span class='ocrx_word' id='word_1_764' title='bbox 3065 4920 3215 4988; x_wconf 87' lang='lat' dir='ltr'><strong>Licet</strong></span> <span class='ocrx_word' id='word_1_765' title='bbox 3251 4934 3393 4988; x_wconf 89' lang='lat' dir='ltr'><strong>enim</strong></span> <span class='ocrx_word' id='word_1_766' title='bbox 3420 4935 3498 4987; x_wconf 84' lang='lat' dir='ltr'><strong>vi-</strong></span> 
     </span>
    </p>
   </div>
   <div class='ocr_carea' id='block_1_102' title="bbox 1923 5017 3497 5094">
    <p class='ocr_par' dir='ltr' id='par_1_102' title="bbox 1923 5017 3497 5094">
     <span class='ocr_line' id='line_1_102' title="bbox 1923 5017 3497 5094; baseline 0.005 -23"><span class='ocrx_word' id='word_1_767' title='bbox 1923 5017 2073 5081; x_wconf 89' lang='lat' dir='ltr'><strong>dere,</strong></span> <span class='ocrx_word' id='word_1_768' title='bbox 2100 5024 2166 5071; x_wconf 80' lang='lat' dir='ltr'><strong>&#39;ut</strong></span> <span class='ocrx_word' id='word_1_769' title='bbox 2195 5017 2330 5073; x_wconf 88' lang='lat' dir='ltr'><strong>nihil</strong></span> <span class='ocrx_word' id='word_1_770' title='bbox 2368 5020 2621 5089; x_wconf 71' lang='lat' dir='ltr'><strong>subjecta:</strong></span> <span class='ocrx_word' id='word_1_771' title='bbox 2652 5032 2809 5077; x_wconf 75' lang='lat' dir='ltr'><strong>terra:</strong></span> <span class='ocrx_word' id='word_1_772' title='bbox 2846 5024 2898 5077; x_wconf 92' lang='lat' dir='ltr'><strong>in</strong></span> <span class='ocrx_word' id='word_1_773' title='bbox 2936 5025 3235 5079; x_wconf 85' lang='lat' dir='ltr'><strong>vastitatem</strong></span> <span class='ocrx_word' id='word_1_774' title='bbox 3267 5040 3497 5094; x_wconf 88' lang='lat' dir='ltr'><strong>quercus</strong></span> 
     </span>
    </p>
   </div>
   <div class='ocr_carea' id='block_1_103' title="bbox 1928 5107 3495 5181">
    <p class='ocr_par' dir='ltr' id='par_1_103' title="bbox 1928 5107 3495 5181">
     <span class='ocr_line' id='line_1_103' title="bbox 1928 5107 3495 5181; baseline 0.004 -19"><span class='ocrx_word' id='word_1_775' title='bbox 1928 5118 2227 5163; x_wconf 90' lang='lat' dir='ltr'><strong>assumant.</strong></span> <span class='ocrx_word' id='word_1_776' title='bbox 2277 5107 2574 5181; x_wconf 87' lang='lat' dir='ltr'><strong>Oportebat</strong></span> <span class='ocrx_word' id='word_1_777' title='bbox 2628 5113 2793 5177; x_wconf 91' lang='lat' dir='ltr'><strong>enim,</strong></span> <span class='ocrx_word' id='word_1_778' title='bbox 2836 5115 2879 5167; x_wconf 91' lang='lat' dir='ltr'><strong>si</strong></span> <span class='ocrx_word' id='word_1_779' title='bbox 2936 5128 3124 5168; x_wconf 91' lang='lat' dir='ltr'><strong>verum</strong></span> <span class='ocrx_word' id='word_1_780' title='bbox 3174 5115 3269 5179; x_wconf 87' lang='lat' dir='ltr'><strong>sit,</strong></span> <span class='ocrx_word' id='word_1_781' title='bbox 3297 5124 3495 5169; x_wconf 87' lang='lat' dir='ltr'><strong>terram</strong></span> 
     </span>
    </p>
   </div>
   <div class='ocr_carea' id='block_1_104' title="bbox 1928 5201 3499 5277">
    <p class='ocr_par' dir='ltr' id='par_1_104' title="bbox 1928 5201 3499 5277">
     <span class='ocr_line' id='line_1_104' title="bbox 1928 5201 3499 5277; baseline 0.003 -24"><span class='ocrx_word' id='word_1_782' title='bbox 1928 5215 2026 5273; x_wconf 89' lang='lat' dir='ltr'><strong>per</strong></span> <span class='ocrx_word' id='word_1_783' title='bbox 2062 5201 2270 5257; x_wconf 86' lang='lat' dir='ltr'><strong>radices</strong></span> <span class='ocrx_word' id='word_1_784' title='bbox 2300 5205 2675 5259; x_wconf 88' lang='lat' dir='ltr'><strong>ascendentem</strong></span> <span class='ocrx_word' id='word_1_785' title='bbox 2700 5205 2751 5258; x_wconf 93' lang='lat' dir='ltr'><strong>in</strong></span> <span class='ocrx_word' id='word_1_786' title='bbox 2782 5206 2981 5277; x_wconf 88' lang='lat' dir='ltr'><strong>lignum</strong></span> <span class='ocrx_word' id='word_1_787' title='bbox 3011 5208 3229 5273; x_wconf 88' lang='lat' dir='ltr'><strong>mutari,</strong></span> <span class='ocrx_word' id='word_1_788' title='bbox 3255 5222 3499 5267; x_wconf 42' lang='lat' dir='ltr'><strong>omnem,-</strong></span> 
     </span>
    </p>
   </div>
   <div class='ocr_carea' id='block_1_105' title="bbox 1930 5292 3499 5375">
    <p class='ocr_par' dir='ltr' id='par_1_105' title="bbox 1930 5292 3499 5371">
     <span class='ocr_line' id='line_1_105' title="bbox 1930 5292 3499 5371; baseline 0.004 -27"><span class='ocrx_word' id='word_1_789' title='bbox 1930 5306 2035 5363; x_wconf 87' lang='lat' dir='ltr'><strong>que</strong></span> <span class='ocrx_word' id='word_1_790' title='bbox 2095 5292 2446 5350; x_wconf 82' lang='lat' dir='ltr'><strong>circumcirca</strong></span> <span class='ocrx_word' id='word_1_791' title='bbox 2488 5295 2662 5349; x_wconf 88' lang='lat' dir='ltr'><strong>locum</strong></span> <span class='ocrx_word' id='word_1_792' title='bbox 2718 5304 2875 5369; x_wconf 66' lang='lat' dir='ltr'><strong>terra;</strong></span> <span class='ocrx_word' id='word_1_793' title='bbox 2922 5298 3151 5354; x_wconf 87' lang='lat' dir='ltr'><strong>cavari:</strong></span> <span class='ocrx_word' id='word_1_794' title='bbox 3197 5298 3321 5371; x_wconf 90' lang='lat' dir='ltr'><strong>quia</strong></span> <span class='ocrx_word' id='word_1_795' title='bbox 3358 5297 3499 5368; x_wconf 81' lang='lat' dir='ltr'><strong>quod</strong></span> 
     </span>
    </p>
   </div>
   <div class='ocr_carea' id='block_1_106' title="bbox 1514 5557 2191 5621">
    <p class='ocr_par' dir='ltr' id='par_1_106' title="bbox 1514 5557 2191 5621">
     <span class='ocr_line' id='line_1_106' title="bbox 1514 5557 2191 5621; baseline 0.013 -10"><span class='ocrx_word' id='word_1_796' title='bbox 1514 5557 1746 5614; x_wconf 67' lang='lat' dir='ltr'><strong>VARle</strong></span> <span class='ocrx_word' id='word_1_797' title='bbox 1788 5558 2191 5621; x_wconf 81' lang='lat' dir='ltr'><strong>LECTIUNES.</strong></span> 
     </span>
    </p>
   </div>
   <div class='ocr_carea' id='block_1_107' title="bbox 313 5663 3137 5754">
    <p class='ocr_par' dir='ltr' id='par_1_107' title="bbox 313 5663 3137 5754">
     <span class='ocr_line' id='line_1_107' title="bbox 313 5663 3137 5754; baseline 0.001 -3"><span class='ocrx_word' id='word_1_798' title='bbox 313 5671 358 5751; x_wconf 79' lang='lat'><strong>&#39;.°</strong></span> <span class='ocrx_word' id='word_1_799' title='bbox 383 5663 471 5754; x_wconf 58' lang='grc' dir='ltr'><strong>ἧδ’]</strong></span> <span class='ocrx_word' id='word_1_800' title='bbox 510 5664 589 5749; x_wconf 58' lang='grc' dir='ltr'><strong>ἦῑ</strong></span> <span class='ocrx_word' id='word_1_801' title='bbox 606 5668 886 5754; x_wconf 36' lang='lat' dir='ltr'><strong>“mea.</strong></span> <span class='ocrx_word' id='word_1_802' title='bbox 943 5670 987 5754; x_wconf 65' lang='grc' dir='ltr'><strong>’ἶ</strong></span> <span class='ocrx_word' id='word_1_803' title='bbox 1011 5665 1327 5754; x_wconf 53' lang='grc' dir='ltr'><strong>εέπῗῗίὲδδίῗ</strong></span> <span class='ocrx_word' id='word_1_804' title='bbox 1349 5666 1630 5754; x_wconf 53' lang='lat' dir='ltr'><strong>“sem!”</strong></span> <span class='ocrx_word' id='word_1_805' title='bbox 1658 5670 1861 5754; x_wconf 62' lang='grc' dir='ltr'>δτιέίι.</span> <span class='ocrx_word' id='word_1_806' title='bbox 1910 5675 1956 5754; x_wconf 63' lang='grc' dir='ltr'><strong>ἶ⁸</strong></span> <span class='ocrx_word' id='word_1_807' title='bbox 1992 5677 2343 5754; x_wconf 51' lang='grc' dir='ltr'><strong>Ἀἴλέιδφρων</strong></span> <span class='ocrx_word' id='word_1_808' title='bbox 2374 5697 2437 5754; x_wconf 66' lang='lat'><strong>9;</strong></span> <span class='ocrx_word' id='word_1_809' title='bbox 2509 5683 2553 5713; x_wconf 85' lang='lat'><strong>”</strong></span> <span class='ocrx_word' id='word_1_810' title='bbox 2577 5682 2723 5754; x_wconf 74' lang='grc' dir='ltr'>λέγει</span> <span class='ocrx_word' id='word_1_811' title='bbox 2762 5682 2845 5740; x_wconf 70' lang='grc' dir='ltr'><strong>Βι</strong></span> <span class='ocrx_word' id='word_1_812' title='bbox 2874 5685 3052 5754; x_wconf 80' lang='grc' dir='ltr'>λέγειν</span> <span class='ocrx_word' id='word_1_813' title='bbox 3078 5703 3137 5748; x_wconf 81' lang='grc' dir='ltr'><strong>ς·</strong></span> 
     </span>
    </p>
   </div>
   <div class='ocr_carea' id='block_1_108' title="bbox 3247 5683 3500 5733">
    <p class='ocr_par' dir='ltr' id='par_1_108' title="bbox 3247 5683 3500 5733">
     <span class='ocr_line' id='line_1_108' title="bbox 3247 5683 3500 5733; baseline 0.004 -1"><span class='ocrx_word' id='word_1_814' title='bbox 3247 5683 3291 5714; x_wconf 81' lang='grc' dir='ltr'><strong>³ο</strong></span> <span class='ocrx_word' id='word_1_815' title='bbox 3320 5683 3383 5733; x_wconf 82' lang='grc' dir='ltr'><strong>ἐκ</strong></span> <span class='ocrx_word' id='word_1_816' title='bbox 3411 5696 3500 5733; x_wconf 80' lang='grc' dir='ltr'>νε-</span> 
     </span>
    </p>
   </div>
   <div class='ocr_carea' id='block_1_109' title="bbox 242 5732 3501 5824">
    <p class='ocr_par' dir='ltr' id='par_1_109' title="bbox 242 5732 3501 5824">
     <span class='ocr_line' id='line_1_109' title="bbox 242 5732 3501 5824; baseline 0.003 -34"><span class='ocrx_word' id='word_1_817' title='bbox 242 5732 631 5824; x_wconf 52' lang='grc' dir='ltr'>κρῶν·’;ῐήσοξν</span> <span class='ocrx_word' id='word_1_818' title='bbox 657 5732 717 5801; x_wconf 67' lang='lat' dir='ltr'><strong>e;-.</strong></span> <span class='ocrx_word' id='word_1_819' title='bbox 755 5739 799 5824; x_wconf 62' lang='grc' dir='ltr'>ξι</span> <span class='ocrx_word' id='word_1_820' title='bbox 826 5740 925 5824; x_wconf 58' lang='grc' dir='ltr'><strong>τῇς</strong></span> <span class='ocrx_word' id='word_1_821' title='bbox 950 5732 1097 5824; x_wconf 54' lang='grc' dir='ltr'><strong>ζευῇξ</strong></span> <span class='ocrx_word' id='word_1_822' title='bbox 1118 5742 1245 5819; x_wconf 68' lang='grc' dir='ltr'><strong>Δρρει</strong></span> <span class='ocrx_word' id='word_1_823' title='bbox 1272 5736 1375 5824; x_wconf 54' lang='grc' dir='ltr'>τὴν</span> <span class='ocrx_word' id='word_1_824' title='bbox 1394 5732 1796 5824; x_wconf 44' lang='lat' dir='ltr'><strong>pt&#39;azfzed.‘pottit</strong></span> <span class='ocrx_word' id='word_1_825' title='bbox 1824 5742 1983 5799; x_wconf 66' lang='lat' dir='ltr'><strong>noni.</strong></span> <span class='ocrx_word' id='word_1_826' title='bbox 2036 5732 2079 5781; x_wconf 69' lang='grc' dir='ltr'><strong>εί</strong></span> <span class='ocrx_word' id='word_1_827' title='bbox 2108 5732 2466 5821; x_wconf 66' lang='grc' dir='ltr'><strong>βαάἱκάιὲῆς</strong></span> <span class='ocrx_word' id='word_1_828' title='bbox 2494 5769 2552 5819; x_wconf 79' lang='grc' dir='ltr'>ς.</span> <span class='ocrx_word' id='word_1_829' title='bbox 2578 5732 2957 5824; x_wconf 39' lang='lat' dir='ltr'><strong>&quot;Sigeas:</strong></span> <span class='ocrx_word' id='word_1_830' title='bbox 2975 5732 3047 5795; x_wconf 64' lang='grc' dir='ltr'><strong>ῗῑῖ</strong></span> <span class='ocrx_word' id='word_1_831' title='bbox 3072 5732 3206 5807; x_wconf 54' lang='lat' dir='ltr'><strong>iam</strong></span> <span class='ocrx_word' id='word_1_832' title='bbox 3233 5732 3501 5821; x_wconf 72' lang='grc' dir='ltr'>γάρέστιν</span> 
     </span>
    </p>
   </div>
   <div class='ocr_carea' id='block_1_110' title="bbox 244 5805 1715 5881">
    <p class='ocr_par' dir='ltr' id='par_1_110' title="bbox 244 5805 1715 5881">
     <span class='ocr_line' id='line_1_110' title="bbox 244 5805 1715 5881; baseline 0.017 -44"><span class='ocrx_word' id='word_1_833' title='bbox 244 5805 305 5869; x_wconf 43' lang='grc' dir='ltr'><strong>τί.</strong></span> <span class='ocrx_word' id='word_1_834' title='bbox 388 5809 433 5840; x_wconf 79' lang='lat' dir='ltr'><strong><em>u</em></strong></span> <span class='ocrx_word' id='word_1_835' title='bbox 470 5805 636 5878; x_wconf 65' lang='grc' dir='ltr'><strong>ἀύτῆς</strong></span> <span class='ocrx_word' id='word_1_836' title='bbox 664 5839 731 5854; x_wconf 86' lang='grc'><strong>.-</strong></span> <span class='ocrx_word' id='word_1_837' title='bbox 751 5805 997 5881; x_wconf 78' lang='grc' dir='ltr'>δρυάδος]</span> <span class='ocrx_word' id='word_1_838' title='bbox 1027 5805 1224 5877; x_wconf 76' lang='grc' dir='ltr'>ἑαυτῆς</span> <span class='ocrx_word' id='word_1_839' title='bbox 1251 5805 1576 5878; x_wconf 79' lang='grc' dir='ltr'>-θρυὰδος</span> <span class='ocrx_word' id='word_1_840' title='bbox 1609 5805 1715 5863; x_wconf 81' lang='grc' dir='ltr'><strong>ΑΒ.</strong></span> 
     </span>
    </p>
   </div>
  </div>
