3954 6442
569 373 708 442 1123

1692 368 1956 433 ΡΗΟΤΙΙ
1981 365 2487 432 ΡΑΤΒῙΑΗΟΗΕ
2537 366 2644 430 CP.

3636 363 3761 432 1126

531 486 744 542 aridum
769 488 854 538 est
883 494 990 538 non
1017 479 1093 537 ita
1113 487 1294 554 potest
1330 478 1553 537 afﬂuere
1575 489 1638 537 ut
1665 482 1859 538 humor
1883 494 2096 550 semper

2228 481 2594 535 ναλίσκουσιν.
2668 477 2866 550 Ἐχρῆν
2931 477 3083 550 γὰρ,
3127 476 3176 534 εἰ
3229 477 3428 551 ἀληθὲς
3477 479 3525 512 ³⁸
3575 473 3644 550 ἦν
3687 481 3766 535 διὰ

529 572 725 636 afﬂuit,
758 587 879 626 cum
919 571 1201 641 proximus
1234 573 1606 628 submovetur.
1630 570 1749 626 Jam
1790 585 1919 625 vero
1946 579 2004 624 et
2032 568 2102 622 ii-

531 677 629 718 cus
650 662 960 731 similesque
991 664 1191 732 stirpes
1222 663 1276 718 in
1301 664 1495 718 aedium
1528 661 1830 718 recessibus
1853 659 2105 728 frequen-

533 765 615 809 tes
646 767 778 809 sata:
804 793 819 818 ,
853 755 985 809 nihil
1034 756 1256 810 omnino
1293 771 1358 810 ex
1399 756 1627 811 aedilicio
1666 754 1718 809 in
1770 767 1829 808 se
1872 751 2105 807 vertisse

531 845 804 899 videntur.
857 844 996 916 Ergo
1042 846 1088 901 si
1133 846 1423 901 multorum
1474 859 1736 900 annorum
1793 843 1996 898 fructus
2038 855 2105 895 ex

533 932 639 987 illis
678 943 735 987 et
763 933 886 987 folia
937 935 1057 1003 quis
1096 934 1394 1002 colligeret,
1439 935 1707 1002 ingentem
1741 933 1792 986 in
1826 934 2106 985 domorum

533 1023 903 1090 penetralibus
948 1033 1102 1078 terra:
1140 1023 1351 1091 copiam
1395 1040 1458 1077 ex
1499 1023 1603 1076 illis
1638 1021 1836 1075 factam
1878 1020 2107 1074 videret.

535 1110 692 1166 Unde
723 1111 1169 1167 absurdissimum
1195 1122 1278 1167 est
1318 1114 1635 1167 existimare
1665 1121 1862 1165 terram
1898 1111 1950 1164 in
1997 1109 2102 1164 fru-

534 1211 716 1256 ctuum
750 1202 1050 1258 ubertatem
1074 1204 1294 1269 mutari,
1325 1214 1378 1258 et
1407 1203 1532 1257 folia
1561 1201 1830 1268 consumi,
1857 1203 2106 1270 quamvis

533 1307 633 1362 per
682 1294 822 1349 hanc
870 1296 1047 1348 omnia
1109 1295 1256 1359 ﬂant,
1329 1309 1451 1349 cum
1501 1302 1659 1346 terra:
1715 1293 1841 1346 sede
1880 1291 2102 1363 locoque

2207 570 2320 625 τῶν
2383 571 2551 642 ῥιζῶν
2604 571 2981 644 ἀνερχομένην
3037 570 3439 636 άποξυλοῦσθαι
3487 570 3590 642 τὴν
3641 572 3765 643 γῆν,

2206 663 2426 717 ἅπαντα
2456 662 2548 716 τὸν
2578 664 2706 734 περὶ
2735 663 2878 717 αὐτὰ
2912 663 3075 716 τόπον
3110 662 3212 732 τῆς
3255 663 3362 731 γῆς
3389 662 3765 727 κοιλαίνεσθαι,

2209 754 2290 808 ὅτι
2319 752 2396 824 μὴ
2433 753 2711 824 ιπιρρέειν
2754 754 2966 823 πέφυκε
2999 753 3061 806 τὸ
3094 753 3278 824 ξηρὸν,
3309 753 3564 822 καθάπερ
3593 753 3684 806 καὶ
3715 753 3768 806 τὸ

2213 843 2400 913 ὑγρὸν,
2439 845 2526 897 ἀεὶ
2560 844 2695 916 πρὸς
2733 845 2795 898 τὸ
2833 845 3169 914 κινούμενον.
3206 845 3345 914 Ἤδη
3376 844 3434 897 δὲ
3482 844 3580 896 καὶ
3627 847 3769 898 συκαῖ

2211 935 2306 986 καὶ
2333 934 2468 989 ἄλλα
2509 934 2738 988 τοιαῦτα
2771 936 2914 1004 φυτὰ
2961 935 3245 1006 μνημείων
3286 936 3346 987 ὲν
3392 934 3770 1004 οἰκοδομήμασι

2212 1026 2473 1088 πολλάκις
2507 1027 2886 1098 βλαστήσαντα
2929 1027 3082 1080 οὐδὲν
3112 1030 3192 1091 εἰς
3225 1025 3397 1080 ἑαυτὰ
3441 1026 3546 1092 τῆς
3584 1026 3769 1079 οἰκοδο-

2214 1116 2322 1185 μῆς
2350 1116 2486 1179 ὅλως
2520 1117 2860 1188 ἱστοροῦνται
2891 1116 3356 1170 καταναλωκέναι.
3392 1115 3459 1169 El
3491 1114 3626 1181 γοῦν
3649 1115 3770 1168 ἑτῶν

2214 1205 2426 1257 πολλῶν
2459 1205 2878 1275 συλλογίσασθαί
2907 1224 2993 1270 τις
3026 1207 3117 1260 τὸν
3143 1206 3358 1276 καρπὸν
3386 1204 3573 1259 αὐτῶν
3605 1206 3690 1257 καί
3716 1204 3774 1258 τὰ

2216 1295 2393 1364 φύλλα
2417 1296 2724 1370 βουληθείη,
2753 1298 2960 1352 κατίδοι
3001 1298 3068 1352 ἂν
3098 1297 3546 1352 πολλαπλασίονα
3571 1298 3667 1366 τῆς
3696 1295 3775 1348 ἰπὶ

535 1393 780 1438 utuntur.
833 1383 1017 1454 Neque
1058 1386 1210 1453 panis
1241 1385 1358 1438 sine
1387 1382 1523 1438 mola
1545 1420 1561 1446 ,
1591 1382 1706 1436 loco
1726 1419 1743 1444 ,
1779 1390 2022 1451 tempore
2054 1391 2109 1439 et

2228 1384 2322 1439 τῶν
2362 1389 2649 1458 μνημείων
2689 1389 2792 1460 γῆς
2835 1391 2927 1443 τὸν
2963 1391 3126 1459 ὄγκον
3179 1389 3360 1444 αὐτῶν
3401 1387 3772 1458 γεγενημένον.

535 1473 656 1544 igne
690 1474 768 1538 lit,
793 1487 845 1530 et
869 1484 1043 1528 tamen
1074 1474 1205 1529 nihil
1223 1474 1412 1528 horum
1447 1481 1530 1527 est
1565 1480 1657 1526 aut
1708 1471 1766 1525 ﬁt
1798 1472 1951 1541 panis
1975 1513 1990 1537 ,
2027 1473 2104 1527 uti

2228 1475 2380 1530 Ὀθεν
2423 1479 2773 1533 ἀτοπώτατον
2820 1480 3072 1551 ἡγεῖσθαι
3121 1481 3220 1550 τὴν
3274 1479 3381 1551 γῆν
3433 1482 3516 1543 εἰς
3562 1476 3773 1548 καρπῶν

534 1574 590 1618 et
616 1565 668 1619 iu
700 1566 973 1620 sexcentis
995 1565 1135 1619 idem
1159 1574 1242 1618 est
1271 1565 1476 1620 videre.

2228 1567 2376 1637 βοράν
2429 1570 2902 1642 μεταϐαλλομένην
2938 1573 3033 1626 καὶ
3069 1571 3244 1642 φύλλα
3273 1568 3775 1629 καταναλίσκεσθαι.

535 1655 642 1709 κᾶν
685 1654 753 1709 δι’
806 1656 975 1726 αὐτῆς
1028 1656 1244 1710 ἅπαντα
1289 1657 1569 1724 γίνωνται,
1617 1654 1749 1726 ἕδρᾳ
1795 1653 1931 1724 αὐτῇ
1971 1651 2240 1746 χρώμενα
2261 1661 2304 1692 ³⁷
2333 1662 2625 1746 καχτόπῳ.
2677 1665 2811 1718 Οὐδὲ
2843 1665 2952 1736 γὰρ
3020 1666 3184 1736 ἄρτος
3250 1664 3372 1734 δίχα
3453 1662 3629 1734 μύλου
3697 1660 3778 1713 καὶ

535 1751 702 1805 τόπου
725 1751 820 1806 καὶ
851 1753 1046 1824 χρόνου
1079 1753 1175 1807 καὶ
1197 1751 1368 1823 πυρὸς
1395 1751 1628 1820 γίνεται,
1660 1749 1757 1804 καλ⁵
1785 1748 1940 1802 οὐδὲν
1963 1748 2112 1804 ἔστιν
2147 1733 2670 1823 ἢξίνεταίτούτων
2740 1761 2770 1812 6
2805 1733 2988 1830 ἄρτος.
3058 1733 3178 1815 *Καὶ
3225 1733 3333 1813 ὲπί
3365 1733 3547 1814 ἄλλων
3593 1755 3779 1826 μυρίων

534 1846 816 1908 ὡσαύτως.

611 1939 722 1993 Hoc
748 1937 900 1993 Pauli
949 1951 965 1989 :
1015 1935 1222 1990 Scimus
1271 1937 1435 1999 enim,
1481 1933 1730 2006 quoniam
1765 1934 1811 1987 si
1858 1935 2118 1988 terrestris
2153 1942 2194 2002 Β

537 2033 722 2086 domus
768 2040 949 2083 nostra
983 2029 1140 2097 hujus
1168 2025 1513 2080 habitationis
1552 2024 1874 2079 dissolvatur
1918 2033 1971 2089 ⁸,
2003 2036 2110 2080 etc.

539 2123 858 2188 Origenista:
892 2121 958 2176 ad
1001 2120 1288 2173 tollendam
1332 2131 1618 2186 corporum
1655 2115 2113 2170 resurrectionem

539 2215 691 2268 aiunt
752 2208 1153 2265 tabernaculum
1204 2189 1373 2276 accipi
1419 2221 1516 2276 pro
1563 2219 1811 2273 corpore,
1866 2213 1921 2258 et
1953 2203 2117 2258 cmle-

539 2312 680 2358 stem
712 2300 929 2355 domum
958 2297 1098 2353 nulla
1136 2312 1295 2351 manu
1327 2296 1552 2361 iactant,
1574 2310 1693 2365 qua:
1718 2294 1788 2349 illi
1820 2295 2116 2365 spiritualia

542 2394 854 2449 indumenta
939 2397 1157 2443 vocant.
1232 2385 1368 2443 Hinc
1432 2387 1562 2441 dicit
1627 2394 1850 2440 sanctus
1915 2384 2121 2441 Metho-

542 2484 686 2549 dius,
712 2479 916 2552 297!)
967 2494 1066 2549 per
1095 2488 1406 2533 terrestrem
1436 2479 1678 2543 domum,
1730 2478 1946 2532 brevem
1975 2478 2116 2534 hanc

544 2577 711 2630 vitam
754 2573 976 2628 abusive
1003 2570 1430 2640 intelligendam,
1465 2578 1522 2624 et
1560 2583 1664 2623 non
1700 2569 1802 2623 hoc
1838 2568 2120 2624 habitacu-

544 2666 678 2721 lum.
721 2664 779 2720 Si
811 2663 954 2718 enim
992 2677 1088 2732 per
1125 2672 1439 2716 terrestrem
1467 2661 1683 2715 domum
1722 2658 2118 2715 dissolvendam

543 2772 741 2827 corpus
769 2764 1009 2810 nostrum
1043 2755 1110 2809 ab
1131 2768 1197 2809 eo
1227 2751 1449 2822 intelligi
1480 2751 1720 2821 putatis:
1755 2751 1882 2822 quid
1915 2750 2123 2805 habita-

545 2849 723 2903 culum
770 2848 842 2901 sit
881 2846 1103 2910 docete,
1165 2843 1317 2911 cujus
1371 2843 1560 2898 domus
1624 2844 1696 2898 sit
1752 2841 2119 2896 dissolvenda.

543 2939 706 2995 Aliud
743 2939 886 2992 enim
930 2945 1012 2992 est
1059 2935 1446 3001 habitaculum,
1490 2933 1636 2989 aliud
1682 2933 1975 2989 habitaculi
2024 2934 2123 2988 do—

547 3043 686 3093 nius,
748 3035 804 3082 et
846 3026 990 3080 aliud
1039 3040 1159 3089 nos,
1203 3040 1434 3095 quorum
1483 3035 1567 3080 est
1626 3024 2009 3079 habitaculum.
2062 3023 2122 3078 Si

547 3117 711 3181 enim,
756 3116 962 3186 inquit,
1007 3117 1280 3171 terrestris
1325 3117 1517 3171 domus
1554 3124 1737 3169 nostra
1777 3115 2123 3171 habitationis

549 3209 899 3271 dissolvitur;
948 3206 1101 3276 quasi
1141 3205 1369 3276 ﬁgurate
1413 3221 1510 3261 nos
1542 3220 1662 3262 esse
1690 3207 1899 3262 animas
1941 3217 2124 3262 osten-

551 3305 724 3365 deret,
779 3301 1164 3355 habitationem
1224 3314 1353 3354 vero
1401 3313 1618 3368 corpus,
1676 3299 1893 3353 domum
1946 3309 2123 3353 autem

552 3393 904 3449 habitationis
931 3405 1150 3446 usuram
1176 3390 1356 3444 carnis
1388 3390 1439 3443 in
1466 3391 1716 3460 praesenti
1755 3390 1888 3444 vita.
1911 3389 1966 3444 Si
1998 3404 2129 3459 ergo

554 3484 670 3538 hanc
693 3484 936 3553 corporis
960 3483 1065 3534 vita
1109 3482 1280 3534 instar
1305 3479 1867 3639 dontus‘dissoitur,
1909 3480 2132 3535 habebi-

555 3591 677 3629 mus
727 3574 783 3628 in
837 3573 977 3627 caalo
1020 3587 1122 3626 non
1174 3573 1638 3639 manufaclamﬂn
1745 3582 1783 3636 ι,
1828 3573 1972 3639 quod
2020 3572 2132 3626 hate

555 3591 677 3629 mus
727 3574 783 3628 in
837 3573 977 3627 caalo
1020 3587 1122 3626 non
1174 3572 1783 3648 manufaclamg’ntﬂt,
1828 3573 1972 3640 quod
2020 3572 2134 3626 haec

556 3665 668 3717 vita
715 3660 1030 3716 diﬂereutia:
1060 3677 1220 3715 causa
1256 3663 1558 3715 manulacta
1595 3671 1873 3730 propterea
1905 3663 2132 3726 dicatur,

554 3769 621 3809 eo
648 3753 791 3825 quod
820 3753 996 3806 omnis
1041 3752 1220 3806 cultus
1252 3761 1306 3806 et
1335 3753 1513 3806 studia
1540 3753 1661 3805 vita:
1696 3751 1854 3818 hujus
1887 3752 2133 3806 manibus

559 3845 1006 3899 administrentur
1053 3853 1105 3897 et
1139 3853 1420 3914 gerantur.
1450 3841 1662 3912 Corpus
1687 3842 1828 3896 enim
1849 3880 1866 3909 ,
1901 3856 2022 3896 cum
2060 3841 2134 3896 sit

558 3950 694 4007 Opus
725 3936 841 4002 Dei,
872 3935 1240 3990 manufactum
1265 3951 1371 3990 non
1400 3937 1621 4003 dicitur,
1652 3951 1718 3991 eo
1745 3938 1890 4006 quod
1922 3953 2028 3991 non
2062 3937 2133 3992 sit

559 4038 675 4080 arte
699 4028 969 4082 Imminqu
997 4025 1270 4080 eﬂ‘ectum.
1304 4027 1361 4080 Si
1403 4037 1582 4081 autem
1615 4043 1812 4097 corpus
1847 4038 2130 4096 propterea

558 4117 926 4172 manufactum
976 4118 1247 4184 dixerint,
1306 4120 1448 4188 quod
1502 4133 1532 4172 a
1587 4121 1695 4174 Deo
1743 4119 1811 4174 sit
1859 4118 2131 4183 enectum,

561 4217 687 4263 tunc
707 4209 868 4262 etiam
900 4209 1116 4275 animae,
1151 4219 1208 4263 et
1243 4210 1446 4278 angeli,
1473 4219 1528 4265 et
1557 4210 1671 4280 ipsa
1710 4210 1763 4264 iu
1790 4208 1944 4264 cwlis
1977 4209 2135 4262 indu-

561 4309 742 4358 menta
769 4301 1080 4355 manufacta
1133 4301 1406 4356 dicentur.
1439 4298 1634 4357 Omnia
1670 4299 1866 4369 quippe
1894 4301 2010 4353 haec
2042 4298 2134 4354 Dei

561 4401 689 4447 suut
708 4405 890 4460 opera.
938 4392 1069 4457 Qua:
1098 4399 1182 4446 est
1209 4405 1343 4459 ergo
1382 4393 1575 4444 domus
1615 4388 1962 4444 mauul‘acta?
1989 4389 2135 4453 Haec,

560 4485 824 4556 inquam,
858 4486 1037 4539 brevis
1077 4485 1216 4549 vita,
1255 4497 1357 4554 ope
1407 4484 1644 4537 humana
1689 4490 1991 4536 sustentata
2042 4496 2134 4538 seu

2295 1937 2414 1990 Ὀτι
2444 1936 2524 2000 τδ,
2555 1935 2876 2005 οιδαιμεεςνις⁵
2894 1935 3006 2005 γὰρ
3032 1937 3113 2003 ὡς
3141 1936 3251 1990 ἐὰν
3277 1935 3316 2004 ἠ
3337 1937 3608 2008 ἐπίγειος
3634 1939 3781 2008 ἡμῶν

2214 2027 2371 2081 οἰκία
2389 2027 2494 2081 τοῦ
2521 2028 2796 2094 σκήνους
2817 2025 3149 2095 καταλυθῇ,
3179 2028 3275 2081 καὶ
3303 2027 3457 2098 ἑξῆς,
3487 2031 3545 2082 οἰ
3591 2031 3780 2101 Ὢριγε-

2215 2115 2433 2170 νιασταὶ
2462 2117 2542 2180 εἰς
2575 2117 2856 2187 ἀναίρεσιν
2883 2117 2982 2186 τῆς
3007 2116 3117 2169 τῶν
3148 2118 3415 2186 σωμάτων
3445 2119 3781 2182 ἀναστάσεως

2220 2205 2640 2278 προϐάλλονται,
2673 2207 2868 2276 σκῆνος
2896 2206 2957 2260 τὸ
2983 2206 3140 2276 σῶμα
3164 2207 3260 2260 καὶ
3285 2209 3701 2279 ἀχειροποίητον
3733 2212 3781 2264 ιν

2217 2300 2466 2372 οὐρανοῖς
2511 2299 2690 2353 οἰκίαν
2747 2298 2816 2352 τὰ
2858 2299 2988 2370 παρ’
3028 2298 3209 2354 αὐτῶν
3246 2302 3602 2369 πνευματικὰ
3653 2303 3781 2356 ἐνδύ-

2225 2408 2370 2462 ματα
2411 2391 2681 2459 λέγοντες.
2724 2391 2816 2443 Διό
2857 2407 3022 2460 φησιν
3059 2393 3088 2444 6
3133 2390 3286 2458 ἅγιος
3317 2393 3609 2456 Μεθόδιος·
3650 2394 3781 2447 Ἐπί-

2219 2497 2370 2550 γειον
2399 2481 2579 2533 οἰκίαν
2615 2480 2715 2548 τὴν
2756 2480 2801 2510 ³⁹
2834 2479 3068 2534 ἐνταῦθα
3099 2479 3391 2550 βραχύϐιον
3440 2479 3595 2552 ζωὴν
3627 2499 3781 2535 κατα-

2220 2571 2537 2643 χρηστικῶς
2569 2569 2826 2641 ληπτέον,
2859 2571 2954 2625 καὶ
2987 2571 3049 2624 οὐ
3076 2571 3137 2624 τὸ
3170 2571 3365 2641 σκῆνος
3392 2571 3578 2626 τοῦτο.
3611 2575 3668 2626 Εἰ
3689 2575 3781 2645 γὰρ

2220 2663 2466 2733 ἐπίγειον
2497 2661 2675 2717 οἰκίαν
2706 2662 3117 2734 καταλυομένην
3144 2662 3204 2716 τὸ
3246 2662 3406 2733 σῶμα
3434 2664 3684 2718 τίθεσθαι
3701 2665 3782 2718 αὑ-

2219 2754 2312 2808 τδν
2338 2754 2606 2824 νομίζετε,
2633 2755 2878 2824 φράσατε
2907 2753 2967 2807 τὸ
3000 2752 3200 2823 σκῆνος
3225 2753 3276 2806 τί
3299 2755 3468 2818 ἐστιν,
3509 2749 3576 2808 οὗ
3603 2755 3636 2823 ἠ
3657 2756 3782 2810 οἰκία

2221 2846 2595 2913 καταλύεται;
2632 2845 2860 2918 Ἕτερον
2896 2845 3008 2916 γὰρ
3035 2845 3098 2899 τὸ
3141 2846 3360 2916 σκῆνος,
3404 2847 3499 2901 καὶ
3535 2846 3664 2902 ἄλλο
3703 2848 3781 2900 τοῦ

2224 2939 2457 3007 σκήνους
2490 2938 2522 3007 ἡ
2567 2936 2737 3001 οἰκία,
2774 2937 2869 2990 καὶ
2899 2937 3087 3006 ἕτερον
3117 2937 3300 3006 ἡμεῖς,
3323 2929 3398 2990 ὧν
3428 2938 3552 2989 ἐστι
3580 2937 3641 2990 τὸ
3675 2938 3784 3006 σκῆ-

2221 3046 2334 3092 νος.
2357 3027 2486 3101 [48⁸1
2535 3027 2629 3100 Η.]
2682 3028 2822 3081 Ἐὰν
2863 3027 2972 3098 γὰρ
3033 3027 3072 3095 ἡ
3122 3027 3382 3095 ἐπίγειος
3428 3027 3605 3096 ἡμῶν
3627 3028 3781 3089 οἰκία,

2225 3121 2382 3191 φησὶ,
2409 3120 2516 3174 τοῦ
2571 3119 2844 3188 σκήνους
2878 3117 3211 3187 καταλυθῇ,
3247 3113 3360 3172 οἷον
3380 3120 3534 3189 ἡμᾶς
3575 3119 3672 3187 μὲν
3704 3118 3784 3180 τὰς

2229 3213 2409 3284 ψυχὰς
2439 3209 2577 3266 εἶναι
2602 3211 2872 3282 δηλώσας,
2897 3213 3094 3282 σκῆνος
3127 3210 3184 3264 δὲ
3213 3210 3274 3264 τὸ
3303 3209 3486 3281 σῶμα,
3529 3211 3704 3265 οἰκίαν
3740 3209 3786 3261 δὲ

2229 3301 2324 3358 τοῦ
2357 3304 2588 3372 σκήνους
2609 3301 2706 3372 τὴν
2733 3302 2875 3355 κατὰ
2902 3300 3000 3372 τὴν
3022 3300 3306 3372 παροῦσαν
3330 3299 3476 3370 ζωὴν
3507 3287 3786 3355 ἀπόλαυσιν

2229 3394 2330 3464 τῆς
2362 3394 2564 3464 σαρκὸς
2598 3393 2895 3464 τροπικῶς.
2944 3391 3071 3446 Ἐὰν
3107 3387 3202 3445 οῦν
3242 3394 3274 3460 ἡ
3308 3392 3354 3424 ⁸⁸
3397 3391 3492 3445 νῦν
3550 3392 3617 3460 δὴ
3669 3390 3787 3457 αὕτη

2231 3486 2264 3554 ἠ
2296 3482 2390 3537 τοῦ
2423 3481 2673 3552 σώματος
2713 3482 2828 3552 ζωὴ
2857 3482 3013 3554 δίκην
3049 3483 3227 3546 οἰκίας
3271 3482 3579 3552 καταλυθῇ,
3619 3481 3787 3549 ἓξομιν

2231 3575 2329 3644 τὴν
2367 3577 2426 3627 ὲν
2460 3575 2571 3636 τοῖς
2604 3572 2854 3642 οὐρανοῖς
2889 3573 3322 3644 ἀχειροποίητον.
3369 3570 3787 3643 Ἀχειροποίητόν

2233 3679 2366 3733 φησι
2391 3661 2478 3715 διὰ
2510 3662 2572 3714 τδ
2606 3661 2982 3732 χειροποίητον
3011 3661 3217 3731 ταύτην
3249 3661 3509 3730 λέγεσθαι
3539 3661 3636 3731 τὴν
3660 3660 3784 3728 ζωὴν

2232 3755 2376 3809 κατά
2396 3753 2826 3822 ἀντιδιαστολὴν,
2849 3751 3000 3822 παρὰ
3031 3752 3092 3806 τὸ
3114 3752 3291 3806 πάντα
3319 3754 3354 3822 ἡ
3363 3751 3480 3821 μῶν
3507 3753 3576 3805 τά
3599 3751 3788 3819 κοσμὴ-

2237 3864 2383 3919 ματα
2417 3845 2512 3900 καί
2543 3844 2939 3913 σπουδάσματα
2972 3842 3065 3895 τοῦ
3099 3842 3214 3914 βίου
3257 3841 3416 3913 χερσὶ
3449 3840 3786 3910 παλαμᾶσθαι

2234 3939 2556 4011 ἀνθρώπων.
2614 3936 2687 3988 Τὸ
2743 3935 2853 4006 γὰρ
2910 3935 3069 4005 σῶμα
3117 3934 3513 4006 δημιούργημα
3563 3934 3786 4003 ὑπάρχον

2233 4028 2368 4082 Θεοῦ
2414 4027 2793 4099 χειροποίητον
2838 4027 2899 4079 οὐ
2940 4025 3180 4094 λέγεται,
3217 4025 3300 4079 ὅτι
3354 4024 3429 4096 μὴ
3481 4024 3786 4094 ὲπαλαμήθη

2233 4121 2454 4190 τέχναις
2484 4118 2811 4188 ἀνθρώπων.
2837 4117 2900 4169 Εἰ
2929 4117 2984 4170 δὲ
3012 4116 3149 4169 διότι
3197 4117 3304 4170 ὐπὸ
3339 4115 3478 4169 Θεοῦ
3523 4116 3786 4187 ἐδημιουρ-

2234 4210 2401 4281 γήθη,
2423 4208 2797 4281 χειροποίητον
2830 4207 2966 4262 αὐτὸ
2994 4207 3231 4274 λέξουσι,
3297 4206 3663 4277 χειροποίητοι
3698 4203 3788 4270 ἄρα

2235 4301 2332 4355 καί⁸
2359 4300 2417 4353 αἰ
2444 4299 2616 4370 ψυχαὶ
2646 4301 2740 4352 καὶ
2774 4298 2823 4351 οἰ
2853 4297 3078 4367 ἄγγελοι
3109 4299 3204 4351 καὶ
3241 4297 3312 4351 τὰ
3359 4296 3629 4367 ἐνδύματα
3670 4293 3788 4348 αὐτὰ

2233 4390 2305 4444 τὰ
2349 4391 2408 4445 ἰν
2444 4392 2558 4454 τοῖς
2599 4389 2850 4462 οὐρανοῖς
2879 4404 2894 4420 ο
2933 4388 3067 4442 Θεοῦ
3099 4389 3209 4460 γὰρ
3245 4389 3672 4460 αὐτουργήματα
3707 4385 3787 4436 καὶ

2235 4482 2430 4538 ταῦτα.
2460 4483 2556 4546 Τίς
2589 4477 2683 4535 οῦν
2712 4485 2858 4535 ἐστιν
2897 4483 2932 4553 η
2965 4481 3339 4551 χειροποίητος
3366 4481 3514 4534 οἰκία
3539 4498 3554 4545 ;
3590 4480 3649 4532 Ἦ
3676 4477 3786 4548 βραο

561 4574 775 4631 condita
805 4591 818 4629 :
855 4572 921 4630 In
951 4575 1163 4639 sudore,
1199 4574 1373 4642 inquit
1396 4613 1412 4640 ,
1435 4572 1608 4626 uultus
1639 4571 1718 4625 tui
1740 4571 1957 4625 vesceris
2006 4588 2124 4640 pam

2240 4574 2447 4644 χύῦιος,
2485 4573 2561 4636 ὼς
2597 4572 2752 4644 ἔφην,
2786 4571 2922 4643 αὕτη
2959 4572 3094 4642 ζωὴ,
3124 4573 3158 4644 ἡ
3191 4571 3282 4625 ἀπ’
3313 4571 3664 4642 ἀνθρωπίνων
3688 4585 3783 4638 χει-

564 4677 654 4720 ιιιο
682 4677 744 4731 P;
780 4681 885 4736 qua
920 4665 1180 4720 dissoluta
1224 4665 1368 4719 illam
1413 4663 1770 4719 immortalem
1805 4680 1910 4717 non
1943 4679 2133 4717 mauu-

564 4757 765 4812 factam
807 4769 1168 4826 occupamus,
1217 4754 1670 4824 quemadmodum
1716 4753 1977 4809 Dominus
2018 4755 2134 4824 ipse

565 4847 892 4909 declaravit,
960 4860 1083 4900 cum
1141 4845 1276 4898 dixit
1325 4860 1342 4901 :
1395 4842 1584 4899 Facite
1630 4846 1769 4899 vobis
1819 4845 2014 4899 amicos
2075 4847 2137 4899 de

566 4956 867 4993 mammona
913 4939 1228 5008 iniquitatis,
1270 4948 1329 4992 ut
1366 4955 1484 4992 cum
1524 4939 1837 5008 defccerilis,
1883 4939 2135 5002 recipiant

569 5045 654 5082 vos
679 5030 731 5080 in
768 5039 962 5082 (eterna
984 5028 1320 5082 tabernacula
1347 5039 1395 5085 (ι.
1427 5028 1580 5096 Quod
1611 5030 1754 5083 enim
1788 5028 1856 5082 ibi
1881 5027 2136 5083 Dominus

569 5119 855 5190 appellavit
897 5119 1264 5184 tabernacula,
1315 5119 1404 5173 hic
1449 5119 1739 5187 Apostolus
1785 5127 1941 5172 vocat
1987 5119 2138 5171 indu-

569 5223 768 5266 menta.
807 5211 957 5278 Quod
1001 5211 1073 5265 ibi
1126 5211 1322 5264 amicos
1367 5211 1659 5278 iniquitatis
1685 5250 1700 5276 ,
1730 5210 1817 5265 hic
1849 5211 2136 5281 Apostolus

570 5305 755 5355 domus
828 5300 1199 5356 dissolvendas
1276 5300 1561 5354 diversorii
1623 5315 1716 5354 seu
1767 5301 2132 5355 habitationis.

573 5392 1036 5461 Quemadmodum
1081 5405 1234 5459 ergo,
1283 5404 1402 5444 cum
1450 5391 1565 5444 dies
1597 5389 1721 5444 vita:
1770 5401 1964 5444 nostra:
1997 5405 2136 5458 prae-

648 5496 672 5522 ο
709 5488 752 5541 ll
775 5486 902 5542 Cor.
929 5501 980 5554 v,
1009 5487 1061 5541 1.
1161 5496 1189 5536 P
1215 5485 1352 5542 Gen.
1387 5500 1467 5553 ιιι,
1503 5485 1589 5542 l9.
1665 5493 1692 5535 ιι
1719 5483 1849 5540 Luc.
1881 5499 1992 5549 xw,
2017 5484 2068 5538 9.

2241 4663 2351 4734 ρῶν
2378 4663 2940 4735 δραματουργουμένη
2973 4679 2988 4695 ·
3035 4661 3201 4732 (Pani
3243 4662 3287 4694 “
3321 4662 3454 4732 γὰρ,
3511 4661 3686 4730 φησὶν.
3727 4658 3784 4710 ἐν

2241 4750 2433 4820 ιδρῶτι
2456 4751 2562 4804 τοῦ
2586 4751 2910 4820 προσώπου
2938 4765 3055 4805 σου
3086 4751 3197 4803 τὸν
3231 4750 3415 4817 ἄρτον
3442 4764 3559 4802 σου
3579 4764 3593 4778 ·
3624 4741 3684 4818 ἧς
3705 4762 3784 4797 κα-

2241 4843 2563 4913 ταλυθείσης
2595 4842 2811 4911 ἐκείνην
2839 4840 2939 4911 τὴν
2975 4841 3389 4912 ἀχειροποίητον
3428 4841 3573 4910 ζωὴν
3597 4839 3781 4910 ἔχομεν.

2244 4935 2509 5005 Καθάπερ
2539 4932 2633 4985 καὶ
2660 4932 2688 4984 6
2729 4933 2932 5004 Κύριος
2967 4933 3137 4987 εἰπὼν
3163 4933 3420 5003 ἐδήλωσε
3452 4931 3730 4999 Ποιήσατε
3746 4926 3784 4957 ⁸⁸

2241 5027 2460 5095 φίλους
2489 5025 2557 5080 ἐκ
2588 5025 2701 5094 τῆς
2737 5025 2974 5091 ἀδικίας
3001 5026 3108 5078 τοῦ
3134 5023 3390 5094 μαμωνᾶ
3425 5024 3492 5090 ⁸³,
3534 5024 3625 5076 ἵνα
3663 5020 3787 5073 ὅταν

2241 5118 2534 5171 ἑκλίπωσι
2589 5118 2658 5181 ⁸⁵,
2702 5117 2990 5182 δέξωνται
3046 5115 3204 5185 ὑμᾶς
3255 5117 3345 5180 εἰς
3388 5117 3497 5181 τὰς
3545 5113 3786 5174 ἁίωνίους

2242 5207 2497 5274 σκηνάς.
2554 5209 2620 5261 '0
2665 5209 2773 5280 γὰρ
2822 5209 2940 5260 ἐκεῖ
2992 5206 3195 5276 σκηνὰς
3248 5208 3276 5259 6
3315 5204 3518 5276 Κύριος
3570 5203 3784 5261 ἐκάλεσε,

2243 5299 2404 5352 τοῦτο
2454 5297 2690 5351 ἐνταῦθα
2736 5300 2764 5352 6
2807 5297 3131 5360 Ἀπόστολος
3165 5296 3442 5365 ἐνδύματα
3472 5309 3488 5324 ·
3538 5293 3565 5346 ὃ
3597 5292 3646 5346 δὲ
3693 5289 3788 5341 ἐκεῖ

2244 5391 2432 5459 φίλους
2486 5393 2551 5445 ὲκ
2597 5393 2697 5462 τῆς
2745 5390 2985 5454 ἀδικίας,
3051 5388 3286 5442 ἐνταῦθα
3337 5384 3725 5455 καταλυομένας
3765 5379 3788 5429 ὁ

1837 5578 2070 5634 νΑἰὶΙΙΕ
2120 5576 2522 5633 LECTIONES.

665 5669 717 5743 “_
743 5669 1098 5743 61q06;_AB.
1157 5672 1218 5743 7"
1253 5671 1520 5743 χρώμενοι
1542 5691 1600 5738 ς.
1680 5672 1725 5704 ³⁸
1764 5671 2006 5743 οῖδαμεν]
2058 5670 2099 5725 ll
2131 5669 2256 5724 Cor.
2294 5673 2429 5743 v_,_l.

2531 5669 2575 5700 υ
2599 5667 2698 5738 τὴν
2728 5681 2839 5738 om.
2880 5663 2968 5738 A._
2996 5733 3006 5738 _
3063 5664 3110 5694 ⁴⁶
3133 5664 3166 5732 ἡ
3219 5670 3342 5718 ante
3371 5659 3466 5714 τοῦ
3499 5675 3602 5715 om.
3633 5671 3706 5727 pr.
3731 5652 3784 5705 A-

574 5736 631 5812 ⁸⁸,
651 5740 803 5814 φάγῃ
940 5733 1014 5774 ’⁸³
1046 5733 1330 5814 ποιήσατέ]
1368 5733 1504 5800 'Luc.
1530 5733 1645 5809 ἱνι,
1679 5743 1733 5798 9.
1804 5741 1851 5773 ’⁵⁸
1883 5733 2162 5813 μαμῖμωνᾶ
2189 5758 2251 5804 ς.
2324 5741 2370 5772 ⁸⁸
2401 5733 2698 5793 ἐκλίπωσιν
2729 5735 2818 5790 ΑΒ
2846 5753 2859 5790 :
2889 5733 3148 5803 ὲκλίπητε
3181 5749 3241 5795 ς.
