4066 6404
183 335 336 404 1125

1227 330 1761 394 BIBLIOTHECA.
1794 355 1866 369 -·
1902 332 2070 396 COD.
2100 331 2458 395 CCXXXIV.

3311 324 3456 394 1126

188 454 531 520 Ἀπόστολος
559 450 758 517 οίκίας.
792 449 1066 522 Καθάπερ
1090 447 1225 520 γοῦν
1250 449 1346 504 ὲάν
1370 449 1696 519 ἑκλείψωσιν
1725 450 1782 503 αί

1912 450 2056 505 entis
2106 449 2426 516 defecerint,
2468 447 2607 503 bona
2653 459 2854 517 Opera,
2885 444 3098 501 animas
3128 451 3346 500 nostras
3395 446 3465 500 ad

178 549 285 617 τῆς
313 547 606 619 παρούσης
634 545 782 616 ζωῆς
814 543 973 616 ἡμῶν
1005 541 1235 613 ἡμέραι,
1269 541 1340 595 τά
1367 541 1504 612 πρὸς
1527 540 1777 594 εὐποιίαν

180 640 288 702 τὰς
321 639 507 709 ψυχὰς
549 636 708 708 ήμῶν
739 636 785 670 ⁸⁸
833 634 1183 701 ὑποδέξονται
1219 632 1706 702 ἀγαθοεργήματα,
1743 629 1783 685 ἃ

183 729 302 785 ἀπὸ
338 730 442 800 τῆς
488 729 548 782 ὲν
586 731 653 800 τῇ
695 727 882 798 ἀδικίᾳ
921 725 1068 795 ζωῆς
1120 723 1476 795 ἐκτησάμεθα
1512 721 1636 795 [92!
1681 721 1776 794 R.]

186 821 270 891 τῷ
315 821 412 874 τὸν
450 820 656 891 κόσμον
703 821 762 874 ὲν
808 817 886 889 τῷ
935 817 1161 890 πονηριῖι
1202 815 1444 884 κεῖσθαι,
1491 815 1637 870 οὕτω
1685 817 1785 886 τῆς

188 911 346 983 ζωῆς
383 911 791 981 καταλυθείσης
823 913 923 983 τῆς
948 909 1244 982 ὠκυμόρου
1263 909 1364 981 τὴν
1396 907 1508 979 πρὸ
1526 908 1626 978 τῆς
1655 909 1787 962 ἀνα-

192 1004 446 1068 στάσεως
486 1003 682 1074 ἒξομεν
721 1003 938 1072 οίκησιν
983 1002 1039 1055 αί
1077 1000 1250 1072 ψυχαὶ
1276 1001 1322 1034 ⁸⁸
1354 999 1508 1070 παρά
1539 998 1618 1069 τῷ
1644 997 1784 1070 Θεῷ,

193 1094 310 1148 εστ⁹
343 1093 412 1148 ἀν
445 1093 1031 1165 ἀνακαινοποιηθεῐσαν
1064 1093 1198 1164 ἡμῖν
1225 1093 1480 1148 ἄπτωτον
1504 1089 1788 1146 ἀναλάϐω.

198 1204 306 1258 μεν
343 1185 523 1241 οίκίαν
551 1187 620 1243 δ’.
648 1186 814 1242 Ὅθεν
840 1185 938 1240 καὶ
969 1185 1319 1256 στενάζομεν,
1358 1185 1434 1257 μὴ
1457 1183 1704 1249 θέλοντες
1729 1184 1789 1238 τὺ

201 1278 369 1348 σῶμα
402 1279 842 1343 ἀπεκδύσασθαι,
876 1277 994 1332 ἀλλ’
1029 1278 1119 1332 ἐπ’
1144 1277 1296 1350 αὐτῷ
1330 1277 1433 1349 τήν
1465 1276 1663 1348 λοιπὴν
1693 1277 1790 1330 ιπ-

200 1367 534 1423 ενδύσασθαι
565 1368 733 1440 ζωήν.
767 1369 844 1424 Τὸ
874 1367 985 1440 γάρ
1011 1369 1326 1440 οἰκητήριον
1354 1368 1416 1422 τὸ
1443 1369 1502 1436 ἐξ
1534 1367 1789 1440 ούρανοῦ,

202 1459 236 1512 ὃ
275 1458 657 1531 ἐπιθυμοῦμεν
695 1461 740 1492 ⁸⁸
774 1458 1198 1522 ἐπενδύσασθαι,
1227 1461 1263 1530 ή
1306 1460 1576 1516 ἀθανασία
1617 1462 1790 1516 ἐστίν.

209 1554 321 1606 Ἦν
359 1552 456 1607 ἐὰν
493 1552 919 1624 ἐπεπυσώμεθα
942 1593 958 1619 ,
996 1553 1438 1623 καταποθήσεται
1478 1555 1588 1608 πᾶν
1634 1555 1695 1608 τὸ
1735 1557 1794 1608 ὲν

206 1645 351 1715 αὐτῇ
374 1644 677 1716 ὁλοσχερῶς
703 1644 926 1709 ἀσθενὲς
956 1645 1063 1699 ὑπὸ
1087 1645 1189 1716 τῆς
1207 1645 1440 1717 άχρόνου
1474 1645 1620 1717 ζωῆς
1653 1663 1793 1702 κατ-

207 1736 492 1791 ἀναλωθὲν
519 1736 612 1790 καὶ⁵
648 1735 861 1806 θνητόν.

1882 541 2288 610 coinpensanda
2331 537 2660 600 benefacta.
2714 551 2836 606 qua:
2887 535 2941 590 in
2995 536 3108 590 vita
3159 535 3468 605 iniquitatis

1882 628 2243 698 possedimus,
2292 627 2379 697 (eo
2407 626 2553 697 quod
2591 624 2822 681 mundus
2850 623 2921 678 sit
2958 623 3012 677 in
3043 622 3281 694 maligno
3318 623 3469 694 posi-

1885 718 1993 790 tus)
2041 717 2303 790 recipient
2328 727 2354 758 τ
2383 731 2398 772 :
2429 718 2504 772 ita
2551 716 2702 772 brevi
2749 716 2852 772 ltac
2877 715 2987 770 vita
3028 716 3226 781 soluta,
3273 716 3469 770 anima:

1887 821 2014 866 ante
2066 810 2534 866 resurrectionem
2578 808 2974 864 habitationem
3021 809 3296 862 habebunt
3326 807 3468 876 apud

1887 901 2080 967 Deum,
2111 902 2286 958 donec
2313 903 2673 958 instauretam
2704 908 2759 956 et
2797 915 3076 970 nunquam
3101 915 3351 955 casuram
3384 913 3472 953 re-

1887 994 2150 1065 cipiamus
2177 993 2423 1050 domum.
2462 991 2620 1048 Unde
2651 1001 2706 1048 et
2738 990 3171 1061 ingemiscimus,
3225 989 3472 1044 nolentes

1887 1100 2088 1158 corpus
2126 1085 2233 1141 hoc
2260 1100 2498 1152 exuere,
2529 1085 2626 1140 sed
2671 1098 2832 1154 super
2867 1084 3042 1153 ipsum
3089 1082 3352 1152 reliquam
3393 1085 3473 1133 vi-

1889 1189 1999 1234 tam
2059 1179 2289 1234 induere
2347 1190 2396 1233 ι.
2449 1177 2587 1233 Illud
2645 1177 2791 1232 enim
2841 1175 3173 1231 domicilium
3225 1175 3472 1238 caeleste,

1890 1273 2090 1345 298a
2142 1272 2285 1344 quod
2315 1271 2707 1342 superinduere
2740 1271 3009 1341 cupimus,
3039 1275 3123 1324 est
3147 1267 3473 1323 immortali-

1891 1377 1976 1423 tas
2012 1381 2176 1437 quam
2224 1365 2315 1421 ubi
2348 1363 2721 1431 induerimus,
2755 1363 3139 1418 absorbebitur
3182 1361 3398 1432 pellitus
3441 1373 3474 1413 a

1889 1460 2002 1514 vita
2027 1467 2228 1513 aeterna
2258 1463 2665 1527 consumptum,
2695 1455 2960 1526 quidquid
2989 1454 3046 1510 in
3079 1453 3172 1510 illa
3199 1453 3474 1509 inﬁrmum

1892 1559 1949 1608 et
1971 1549 2220 1607 mortale.

283 1829 391 1882 Διά
423 1828 684 1895 πίστεως
709 1798 822 1897 τλὰρ
851 1826 1315 1897 περιπατοῦμεν,
1338 1828 1411 1882 οὐ
1436 1826 1536 1881 διὰ
1573 1826 1794 1894 είδους,

1973 1831 2080 1888 Per
2107 1832 2264 1901 ﬁdem
2286 1831 2425 1886 enim
2464 1828 2820 1894 ambulamus,
2859 1843 2960 1881 non
2978 1842 3073 1896 per
3104 1823 3350 1893 speciem,
3376 1821 3482 1876 hoc

210 1922 466 1975 τουτέστι
495 1920 586 1975 διὰ
623 1920 862 1984 πίστεως
901 1921 1010 1991 γὰρ
1048 1919 1405 1990 ὲπιϐαίνομεν
1449 1918 1803 1991 ἔτι,ἀτρανο-

213 2015 366 2085 τάτιρ
413 2013 664 2085 λογισμῷ
708 2013 781 2067 τά
831 2015 949 2068 ἐκεῖ
1001 2013 1303 2086 πράγματα
1344 2012 1799 2080 κατοπτεύοντες,

216 2108 318 2161 καὶ
349 2107 412 2159 ού
454 2105 663 2176 σαφῶς,
701 2104 846 2160 ὥστε
882 2104 979 2159 καὶ
1016 2106 1154 2178 όρᾷν
1183 2105 1280 2159 καὶ
1307 2103 1605 2160 ἀπολαύειν
1627 2103 1722 2160 καὶ
1746 2104 1805 2160 ὲν

217 2197 412 2261 αὐτοῖς
441 2191 604 2251 εῖναι.

298 2287 481 2343 Τοῦτο
503 2287 548 2320 δ’
579 2285 648 2342 δέ
696 2304 844 2357 φημι
869 2328 884 2352 ,
907 2285 1181 2357 ἀδελφοί,
1227 2287 1318 2342 ὅτι
1363 2287 1520 2356 σὰρξ
1549 2281 1808 2357 καίαῖμα

223 2374 683 2445 κληρονομῆσαι
711 2376 1044 2440 ,Βασιλείαν
1067 2375 1216 2430 Θεοῦ
1231 2377 1302 2430 οὐ
1325 2376 1638 2441 δύνανται,
1666 2376 1809 2432 οὐδὲ

221 2470 265 2536 ἡ
289 2467 482 2537 φθορὰ
500 2465 614 2534 τὴν
631 2465 975 2536 ἀφθαρσίαν
995 2466 1371 2537 κληρονομεῖ.
1391 2467 1601 2538 Σάρκα,
1621 2469 1806 2538 φησιν,

224 2559 291 2613 οὐ
346 2559 447 2628 τὴν
501 2557 678 2628 σάρκα
728 2558 900 2627 αὐτὴν
945 2557 1235 2629 ἐδήλωσεν,
1295 2557 1432 2613 ἀλλὰ
1469 2559 1570 2631 τήν
1616 2560 1812 2630 ἄλογον

225 2651 372 2724 πρὸς
428 2651 526 2714 τὰς
572 2650 617 2682 ⁵⁸
657 2649 955 2721 μαχλὼσας
995 2653 1097 2722 τῆς
1143 2651 1326 2722 ψυχῆς
1371 2652 1548 2724 όρμὴν
1595 2653 1810 2724 ἡδονάς.

237 2740 426 2796 Εἰπὼν
453 2741 546 2796 οὖν
573 2740 656 2794 ὅτι
694 2744 737 2774 ⁸⁸
800 2740 961 2809 Σὰρξ
990 2743 1091 2796 καί
1131 2736 1274 2812 αἷμα
1305 2743 1638 2808 ,βασιλείαν
1663 2743 1814 2799 Θεοῦ

228 2833 684 2905 κληρονομῆσαι
717 2835 789 2890 οὺ
811 2834 1555 2907 δύνανταιρὲπαπεφήνατοο
1590 2837 1744 2892 οὐδὲ
1774 2838 1814 2907 ἡ

229 2927 428 2998 φθορὰ
472 2927 588 2995 τὴν
628 2928 975 2998 ἀφθαρσίαν
1011 2928 1391 2998 κληρονομεῖ.
1426 2929 1605 3001 Φθορά
1631 2930 1688 2983 δὲ
1717 2932 1818 2984 ούκ

231 3019 370 3073 αὐτό
403 3019 521 3072 ἐστι
571 3019 631 3072 τὸ
673 3018 1060 3091 φθειρόμενον,
1102 3019 1240 3074 ἀλλά
1280 3020 1343 3074 τὸ
1381 3019 1623 3091 φθεῖρον.
1671 3022 1820 3075 Ἐπι-

1877 1936 2010 2002 ‘est,
2041 1941 2138 1997 per
2165 1923 2325 1979 ﬁdem
2359 1923 2533 1978 adhuc
2563 1920 2966 1992 progredimur,
3001 1925 3198 1974 statum
3234 1915 3344 1970 illic
3380 1913 3481 1968 ob-

1903 2015 2220 2074 scurissima
2267 2012 2706 2068 consideratione
2755 2008 3224 2077 contemplantes,
3271 2013 3327 2059 et
3371 2017 3480 2058 non

1906 2117 2117 2180 aperte,
2139 2115 2198 2161 ut
2218 2105 2425 2172 videre,
2460 2112 2514 2158 et
2542 2102 2670 2159 frui.
2699 2111 2754 2158 et
2783 2115 2908 2156 esse
2941 2100 2996 2154 in
3031 2098 3121 2153 illo
3148 2096 3438 2167 possimus.

1980 2285 2096 2340 Hoc
2121 2294 2294 2338 autem
2313 2282 2454 2346 dico,
2488 2281 2709 2351 fratres,
2742 2279 2880 2349 quod
2917 2293 3041 2331 caro
3066 2284 3114 2331 et
3147 2275 3360 2345 sanguis
3398 2289 3486 2329 re-

1909 2395 2071 2452 gnum
2129 2377 2226 2430 Dei
2271 2378 2539 2445 possidere
2591 2391 2696 2428 non
2738 2374 2962 2443 possint,
3011 2386 3177 2439 neque
3220 2367 3488 2437 corruptio

1911 2470 2356 2537 incorruptionem
2398 2465 2729 2520 hmreditabit
2776 2465 2822 2518 ί.
2870 2462 3006 2518 Cum
3047 2476 3264 2516 carnem
3306 2468 3488 2525 vocat,

1915 2581 2020 2618 non
2051 2565 2188 2616 lianc
2217 2574 2436 2614 carnem
2477 2557 2759 2622 intellexit,
2788 2556 2880 2610 sed
2910 2553 3278 2609 irrationalem
3319 2554 3492 2622 impe-

1917 2667 2029 2710 tum
2071 2663 2259 2709 contra
2294 2652 2523 2707 lascivas
2569 2649 2766 2704 anima:
2809 2648 3135 2716 voluptates.
3181 2645 3315 2700 Cum
3362 2659 3494 2713 ergo

1916 2749 2047 2804 dicit
2072 2766 2086 2802 :
2123 2745 2274 2811 Quod
2299 2759 2424 2797 caro
2449 2751 2498 2796 et
2524 2741 2738 2811 sanguis
2775 2755 2991 2808 regnum
3016 2738 3113 2792 Dei
3136 2753 3239 2791 non
3262 2736 3496 2802 posside-

1918 2839 2066 2900 bunt,
2095 2835 2253 2892 simul
2295 2832 2610 2896 declaravit,
2652 2833 2795 2901 quod
2825 2844 2988 2899 neque
3022 2827 3294 2896 corruptio
3319 2829 3494 2879 ntere-

1917 2931 2105 2987 ditabit
2138 2926 2605 2996 incorruptionem.
2641 2923 2932 2993 Corruptio
2973 2930 3156 2975 autem
3193 2933 3299 2972 non
3323 2925 3408 2972 est
3441 2914 3494 2970 id

1921 3023 2064 3094 quod
2097 3020 2484 3089 corrumpitur,
2509 3019 2606 3072 sed
2629 3014 2773 3087 quod
2803 3012 3124 3083 corrumpit.
3151 3009 3324 3066 Morte
3349 3009 3495 3065 enim

233 3109 618 3198 κρατήσαντος
651 3110 749 3181 μὲν
776 3111 885 3183 γὰρ
905 3111 1001 3164 τοῦ
1033 3110 1266 3164 θανάτου
1297 3110 1541 3166 κλίνεται
1565 3114 1626 3166 τὸ
1659 3113 1810 3184 σῶμα

1924 3113 2366 3186 pmdominante,
2394 3125 2592 3182 corpus
2620 3109 2673 3164 in
2700 3103 3113 3177 corruptionem
3149 3103 3342 3173 vergit.
3375 3100 3498 3156 Vita

236 3198 370 3272 [488
412 3197 507 3272 H.]
546 3202 626 3264 είς
665 3199 873 3272 φθοράν
900 3217 915 3234 ο
949 3200 1316 3272 ἐπιμενούσης
1343 3201 1400 3255 δὲ
1448 3202 1684 3273 ἔμπαλιν
1715 3203 1810 3274 τῆς

1921 3218 2102 3262 autem
2130 3207 2183 3261 in
2219 3218 2285 3260 eo
2311 3219 2528 3260 rursum
2571 3208 2847 3265 manente,
2880 3206 3064 3253 manet
3104 3195 3499 3264 incorruptum.

237 3290 387 3358 ζωῆς
437 3291 495 3343 ἐν
543 3290 694 3360 αύτῷ
738 3291 939 3362 ἕστηκε
998 3290 1075 3362 μὴ
1135 3291 1586 3363 καθαιρούμενον.
1636 3294 1727 3348 Διὸ
1771 3296 1817 3328 ⁵⁸

236 3380 432 3452 ἐπειδὴ
495 3381 747 3452 μεθόριον
803 3383 902 3453 τῆς
950 3384 1262 3456 ἀφθαρσίας
1303 3386 1536 3458 ἐγενήθη
1581 3389 1676 3440 καὶ
1722 3387 1821 3458 τῆς

239 3470 452 3543 φθορᾶς
485 3473 520 3543 ή
548 3472 708 3544 σὰρξ,
730 3473 832 3526 οὐκ
859 3472 995 3527 οὖσα
1018 3474 1140 3528 οὐδὲ
1163 3474 1339 3546 φθορὰ
1368 3475 1492 3530 οὐδὲ
1517 3475 1820 3548 ἀφθαρσία,

243 3564 530 3635 ἐκρατήθη
560 3581 620 3616 τε
638 3565 729 3618 διά
752 3564 852 3635 τήν
875 3566 1071 3636 ήδονὴν
1097 3566 1204 3620 ὑπὸ
1236 3567 1338 3637 τῆς
1360 3567 1586 3637 φθορᾶς,
1608 3569 1822 3639 ποίημα

244 3654 349 3723 τῆς
405 3653 714 3726 ἀφθαρσίας
764 3657 857 3708 καὶ
899 3656 1086 3727 κτῆμα
1128 3657 1473 3728 ὑπάρχουσα,
1526 3657 1618 3711 διὰ
1663 3657 1822 3712 τοῦτο

244 3746 546 3818 γεγένηται
603 3747 684 3810 είς
725 3748 953 3818 φθοράν.
995 3750 1106 3802 Kal.
1144 3750 1267 3803 ἐπεὶ
1306 3749 1678 3822 συνεκροτήθη
1719 3751 1826 3806 ὑπὸ

242 3839 345 3905 τῆς
376 3837 584 3909 φθορᾶς
625 3839 723 3894 καὶ
757 3838 974 3910 θανάτῳ
1014 3839 1104 3894 διὰ
1132 3840 1381 3896 παιδείαν
1417 3841 1714 3912 παρεδόθη,
1744 3844 1827 3907 είς

245 3931 396 3993 νῖκος
416 3929 585 4002 αὐτὴν
606 3933 674 4001 τῇ
704 3931 880 4003 φθορᾷ
913 3931 1166 4004 καθάπερ
1197 3933 1560 4004 κληρονομίαν
1594 3935 1657 3988 οὐ
1691 3952 1827 3990 κατ-

253 4023 464 4091 ἑλιπεν,
513 4023 649 4077 ἀλλά
705 4023 869 4077 πάλιν
913 4023 1002 4078 διὰ
1062 4025 1160 4095 τῆς
1207 4025 1558 4090 ἀναστάσεως
1597 4027 1828 4098 νικήσας

250 4115 345 4169 τὸν
371 4114 602 4170 θάνατον
633 4115 887 4170 ἀπέδωκε
911 4118 980 4188 τῇ
1004 4115 1304 4189 ἀφθαρσίᾳ,
1339 4118 1428 4173 ῐνα
1456 4116 1532 4190 μὴ
1572 4117 1830 4188 κληρονο-

253 4207 410 4279 μήσῃ
444 4207 479 4277 ή
517 4206 695 4276 φθορά
733 4206 833 4278 τὴν
864 4207 1196 4279 ἀφθαρσίαν,
1231 4208 1349 4262 ἀλλ’
1381 4211 1414 4278 ή
1452 4208 1733 4278 ἀφθαρσία
1769 4209 1832 4263 τὸ

1919 3302 2099 3368 Quare
2139 3315 2261 3355 cum
2311 3297 2456 3353 inter
2505 3294 2741 3352 conﬁnia
2783 3290 3151 3361 corruptionis
3209 3297 3264 3344 et
3320 3287 3502 3341 ineor-

1923 3390 2189 3462 ruptionis
2218 3403 2347 3444 caro
2370 3396 2497 3444 nata
2532 3387 2625 3453 sit,
2655 3398 2754 3439 nec
2795 3383 2866 3438 sit
2888 3380 3165 3452 corruptio
3193 3395 3295 3434 nec
3320 3378 3502 3432 incor-

1924 3485 2120 3554 ruptio,
2148 3484 2412 3564 victafest
2445 3498 2474 3536 a
2514 3479 2890 3550 corruptione,
2920 3484 3140 3546 propter
3178 3473 3500 3529 delectatio-

1923 3591 2067 3641 nem,
2129 3563 2554 3643 incorritptionis
2615 3569 2919 3640 opilicium,
2962 3565 3214 3638 quamvis
3256 3571 3401 3620 esset
3450 3563 3504 3616 in

1925 3667 2270 3738 possessione
2305 3659 2714 3737 [incorruptio].
2767 3661 2903 3716 Hinc
2955 3657 3131 3732 [caro]
3168 3667 3293 3712 nata
3327 3664 3414 3711 est
3449 3654 3504 3709 in

1925 3757 2352 3827 corruptionem.
2383 3753 2450 3809 Et
2479 3764 2764 3825 postquam
2786 3752 2929 3807 victa
2951 3760 3038 3806 est
3067 3765 3096 3803 a
3129 3747 3506 3817 corruptione,

1926 3861 1980 3908 et
2011 3850 2170 3904 morti
2207 3857 2430 3918 propter
2471 3846 2884 3915 castigationem
2931 3842 3166 3907 tradita,
3225 3856 3330 3895 non
3380 3837 3509 3893 reli-

1927 3944 2046 4013 quit
2071 3941 2219 3997 illam
2250 3938 2585 4010 corruptioni
2615 3938 2682 3992 ad
2716 3935 3000 3991 victoriam
3026 3935 3078 3989 in
3110 3933 3508 3996 hatreditatem,

1929 4033 2022 4090 sed
2058 4047 2272 4086 rursum
2305 4030 2447 4086 victa
2469 4043 2565 4099 per
2592 4027 3051 4083 resurrectionem
3105 4033 3283 4079 morte
3328 4022 3511 4078 reddi-

1928 4126 2007 4182 dit
2030 4120 2450 4194 incorruptioni,
2498 4130 2556 4176 ut
2597 4134 2663 4175 ne
2705 4117 2985 4189 corruptio
3040 4116 3506 4183 incorruptionem

1929 4218 1985 4272 in
2034 4215 2409 4271 hereditatem
2462 4212 2752 4280 acciperet.
2798 4211 2893 4265 sed
2953 4208 3132 4278 potius
3175 4204 3513 4272 ineorruptio

249 4294 513 4364 φθαρτόν.
559 4294 1014 4367 Ἐπαποκρίνεται
1049 4296 1203 4366 γοῦν,
1223 4297 1323 4350 Δεῖ
1336 4297 1447 4367 γὰρ
1476 4297 1542 4352 τὸ
1566 4299 1810 4367 φθαρτὸς

1931 4307 2284 4378 corruptibile
2315 4299 2701 4378 [absorberet].
2737 4302 2875 4357 Dicit
2901 4301 3044 4355 enim
3084 4301 3336 4367 :Oportet
3370 4297 3512 4350 enim

250 4388 430 4443 τοῦτο
472 4390 850 4446 ἐνδύσασθαι
891 4390 1008 4461 τὴν
1041 4391 1412 4461 ἀφθαρσίαν,
1446 4393 1545 4446 καί
1585 4392 1652 4447 τὸ
1686 4398 1832 4459 θνη-

253 4481 364 4535 τόν
398 4480 513 4548 τὴν
543 4482 903 4538 ἀθανασίαν.
939 4482 1184 4554 Φθαρτδν
1210 4483 1267 4536 δὲ
1297 4483 1392 4537 καὶ
1425 4483 1618 4554 θνητὸν
1649 4484 1810 4537 ἑνδυό

1934 4491 2382 4547 immortalitatem
2413 4497 2442 4526 υ

256 4589 419 4642 μενον
461 4572 760 4630 ἀθανασίαν
788 4576 884 4630 καὶ
915 4573 1229 4646 ἀφθαρσίαν
1279 4575 1330 4627 τί
1355 4573 1421 4628 ἂν
1445 4575 1494 4608 ³³
1521 4575 1711 4645 ἕτερον
1740 4576 1826 4648 είη

254 4665 408 4736 παρά
448 4666 510 4719 τὸ
535 4666 892 4739 σπειρόμενον
925 4668 984 4722 ιν
1025 4667 1202 4739 φθορᾷ
1247 4666 1338 4720 καὶ
1373 4667 1732 4738 ἀνιστάμενον
1772 4670 1831 4722 ὲν

254 4757 557 4830 ἀφθαρσίᾳ,
597 4759 704 4826 ἵνα,
731 4757 938 4826 Καθὼς
964 4758 1339 4829 ἐφορέσαμεν
1361 4757 1475 4828 τὴν
1491 4761 1697 4813 εικόνα
1725 4761 1832 4815 τοῦ

253 4849 487 4917 χοϊκοῦ,
533 4849 884 4920 φορέσωμεν
918 4849 1018 4905 καί
1071 4850 1190 4918 τὴν
1238 4849 1287 4882 ⁸⁸
1333 4851 1538 4904 εἰκόνα
1582 4851 1691 4906 τοῦ
1727 4851 1835 4904 ἐπ-

252 4941 576 5008 ουρανίον;
617 4941 681 4995 Ἦ
716 4942 826 5012 γὰρ
855 4941 1019 4996 εἰκὼν
1063 4941 1159 4995 τοῦ
1196 4940 1406 5012 χοϊκοῦ,
1446 4941 1516 5014 ἢν
1563 4943 1836 5015 ἐφορέσα-

258 5049 383 5103 μεν.
421 5033 482 5086 τὸ
501 5035 552 5087 Γ
561 5033 592 5102 ἦ
615 5035 660 5067 ⁸³
699 5030 878 5090 εἶκαὶ
911 5036 999 5101 εις
1019 5032 1138 5103 m'r
1165 5034 1476 5104 ἁπελεύσῃ
1513 5035 1684 5101 ἐστὶν,
1717 5037 1752 5106 ἡ
1777 5036 1836 5090 δὲ

255 5125 424 5178 είκὼν
454 5125 548 5178 τοῦ
581 5126 910 5198 ἐπουρανίου
939 5129 972 5198 ή
1001 5129 1068 5180 ὲκ
1095 5125 1308 5198 νεκρῶν
1337 5126 1635 5191 ἀνάστασις
1667 5129 1836 5200 κα).εή

255 5213 560 5285 ἀφθαρσία.

335 5360 356 5388 τ
389 5351 406 5404 l
435 5349 592 5408 Joan.
620 5366 674 5421 v,
704 5351 791 5408 l9.

869 5364 891 5393 ι
923 5351 965 5410 ll
990 5351 1116 5409 Cor.
1147 5368 1198 5418 v,
1219 5351 1273 5407 2.
1359 5353 1378 5390 ι
1406 5350 1425 5406 l
1454 5351 1581 5410 Cor.
1615 5369 1705 5422 xv,
1732 5355 1822 5411 50.
1900 5366 1927 5397 ιι
1958 5359 2088 5416 ibid.
2123 5359 2214 5416 55.

1934 4397 2272 4467 corruptibile
2300 4397 2398 4450 hoc
2437 4397 2653 4450 induere
2679 4392 3149 4462 incorruptionem,
3193 4400 3241 4444 et
3290 4389 3514 4444 mortale

2449 4527 2464 4544 .
2523 4486 2892 4558 Corruptibile
2949 4495 3128 4540 autem
3177 4492 3231 4540 et
3287 4484 3516 4538 mortale

1938 4585 2164 4640 induere
2195 4581 2650 4637 immortalitatem
2675 4590 2728 4635 et
2755 4578 3210 4647 incorruptionem
3227 4575 3355 4648 quid
3371 4575 3515 4629 aliud

1935 4679 2028 4741 sit,
2061 4691 2223 4747 quam
2273 4675 2599 4731 semiustum
2631 4671 2685 4726 in
2727 4671 3095 4740 corruptione,
3139 4681 3426 4737 resurgens
3462 4667 3514 4720 in

1938 4764 2344 4836 incorruptione
2389 4781 2404 4818 :
2464 4761 2532 4817 Ut
2581 4763 2718 4816 sicut
2753 4760 3081 4830 portavimus
3115 4755 3392 4826 imaginem
3418 4764 3520 4809 ter-

1940 4859 2074 4924 reni,
2103 4867 2367 4927 portemus
2395 4864 2442 4910 et
2474 4855 2757 4923 imaginem
2805 4852 3030 4906 cwlestis
3057 4850 3127 4903 τί
3150 4849 3332 4921 Imago
3371 4851 3517 4904 enim

1941 4949 2166 5013 terreni.
2189 4963 2351 5020 quam
2370 4947 2729 5017 portavimus,
2760 4943 2894 4999 illud
2925 4953 3010 5000 est
3042 4955 3060 4996 :
3094 4940 3257 4996 Terra
3281 4957 3360 5009 es,
3383 4951 3434 4994 et
3457 4941 3514 4994 in

1939 5055 2134 5099 terram
2156 5041 2425 5096 reverteris
2446 5047 2496 5093 ⁸.
2542 5037 2722 5108 Imago
2751 5046 2932 5091 autem
2964 5035 3202 5092 caelestis
3223 5042 3307 5091 est
3338 5047 3522 5089 resur-

1945 5135 2114 5192 rectio
2153 5147 2221 5188 ex
2251 5131 2478 5187 mortuis
2499 5140 2555 5184 et
2584 5127 2936 5196 incorruptio.

2296 5365 2319 5394 '
2353 5355 2596 5412 tbid.49.
2675 5353 2859 5411 ιϐοη.
2901 5368 2984 5424 ιιι,
3040 5354 3128 5410 l9.

1515 5489 1750 5548 VARI/{'3
1782 5493 2191 5552 LECTIONES.

329 5604 375 5685 ξ’
401 5604 786 5693 ἡμῶγρετξλβο
880 5607 940 5693 δξ,
954 5608 1009 5662 αι
1037 5607 1233 5693 ξξυχαέ]
1263 5609 1544 5693 ᾲνῆψξχὴν
1572 5609 1885 5693 Sca_ligcr.__
1929 5617 1974 5693 δῖ
2000 5615 2178 5668 οίκίαν
2207 5616 2320 5693 AB:
2349 5617 2457 5693 τὴν
2479 5615 2775 5693 οἰκίανης.
2836 5610 3308 5693 -ξθξπενδύσασθοι
3329 5609 3522 5693 ἑπιρυῖ

301 5673 492 5754 ρὲμέθθο
535 5673 802 5754 "90f-
832 5693 884 5742 ν.
906 5680 961 5754 2ο
1107 5673 1290 5754 έρἶξέέ]
1353 5673 1629 5754 [cor-53V,
1657 5673 1750 5742 5οΪ
1841 5686 1888 5720 ⁸ο
1917 5686 2014 5750 τάς
2046 5703 2156 5742 οηι.
2195 5688 2262 5742 Α.
2347 5688 2390 5720 ⁸⁸
2413 5673 2496 5742 ὃτι
2525 5702 2637 5743 om.
2673 5673 2743 5742 A:
2834 5687 2880 5718 "
2908 5685 2987 5738 διὸ
3024 5701 3134 5740 om.
3170 5680 3278 5735 AB.
3358 5681 3404 5712 "
3427 5677 3524 5754 ἂν]

328 5745 392 5800 ἀν
418 5746 482 5800 Α.
559 5745 605 5776 ⁸⁸
635 5746 734 5817 τὴν
757 5763 867 5804 om.
897 5751 964 5805 Α.
1039 5751 1084 5784 ⁸³
1113 5748 1206 5822 γῆ]
1234 5745 1370 5806 (ἷειι.
1404 5765 1487 5816 ιιι,
1517 5750 1604 5806 l9.
