4066 6422
572 361 705 431 112⁸1

571 567 965 641 εροειοιοιοιιιη,
995 563 1332 631 temporibus
1393 571 1451 617 et
1512 560 1811 617 virtutibus
1870 572 2148 628 remotus,

569 658 713 728 quod
740 656 967 711 mortale
996 664 1077 709 est
1110 653 1429 707 hmreditate
1455 653 1626 721 accipi
1662 653 1813 719 dicit,
1836 654 2001 706 vitam
2021 666 2154 706 vero

571 750 947 807 hereditatem
985 746 1252 813 accipere.
1294 746 1360 798 Et
1390 759 1610 798 carnem
1638 743 1853 813 quidem
1881 745 2038 809 mori,
2069 745 2154 798 vi-

572 856 699 895 vere
747 854 872 893 vero
926 852 1148 906 regnum
1183 836 1467 890 caelorum.
1512 834 1737 901 Quando
1792 851 1922 889 vero
1953 835 2154 890 Paulus

572 932 768 1003 2986
803 946 831 983 ιι
856 931 1115 997 sanguine
1146 944 1370 998 regnum
1410 928 1502 981 Dei
1565 927 1827 997 possideri
1865 942 2023 997 posse
2058 944 2157 983 ne-

574 1037 683 1095 gat,
721 1040 825 1078 non
862 1024 988 1076 dicit
1016 1024 1138 1086 hoc,
1178 1033 1237 1074 ut
1265 1022 1446 1073 carnis
1472 1020 1936 1089 regenerationem
1969 1021 2154 1075 videa-

577 1130 663 1172 tur
695 1132 914 1185 negare,
955 1117 1050 1169 sed
1098 1124 1157 1167 ut
1191 1119 1403 1178 doceat,
1452 1129 1557 1167 non
1613 1114 1876 1179 possideri
1928 1126 2150 1183 regnum

574 1211 691 1273 Dei,
717 1208 861 1278 quod
888 1218 975 1261 est
1003 1206 1106 1259 vita
1150 1217 1373 1265 aeterna,
1415 1221 1443 1257 a
1474 1217 1722 1272 corpore,
1769 1205 1860 1256 sed
1892 1218 2089 1270 corpus
2123 1218 2153 1257 a

578 1301 708 1352 vita.
733 1299 789 1351 Si
824 1297 967 1350 enim
1003 1308 1223 1362 regnum
1253 1294 1365 1355 Dei,
1406 1294 1547 1361 quod
1577 1301 1665 1346 est
1694 1292 1823 1351 vita,
1860 1309 1886 1343 a
1922 1306 2154 1358 corpore

585 1366 979 1460 possidentur,
1004 1386 1246 1438 eieniret
1277 1394 1336 1437 ut
1378 1386 1485 1436 vita
1518 1399 1545 1435 a
1584 1383 1933 1452 corruptione
1968 1383 2157 1437 absor-

590 1482 832 1534 beretur.
868 1476 1019 1529 Nunc
1045 1486 1231 1528 contra
1265 1476 1315 1529 id
1348 1476 1488 1543 quod
1524 1484 1795 1529 mortuum
1828 1484 1933 1538 est,
1970 1491 1998 1527 a
2047 1476 2152 1527 vita

581 1572 911 1640 possidetur,
962 1581 1019 1623 ut
1044 1571 1096 1622 in
1135 1568 1361 1621 victoria
1396 1582 1543 1620 mors
1567 1584 1593 1618 a
1628 1568 1731 1620 vita
1777 1567 2150 1627 absorbeatur.

578 1673 633 1719 et
663 1662 1010 1731 corruptibile
1042 1663 1107 1714 ab
1137 1659 1533 1727 incorruptibili
1569 1659 1829 1727 possideri
1862 1657 2112 1710 videatur
2138 1674 2152 1722 ;

578 1755 804 1809 liberum
836 1764 1011 1807 tamen
1057 1767 1084 1804 a
1130 1762 1302 1805 morte
1336 1761 1390 1804 et
1438 1760 1659 1818 peccato
1704 1749 1941 1813 factum;
1977 1751 2067 1802 sed
2099 1758 2157 1802 ut

1598 396 1601 399 »
1665 356 1929 419 ΡΗΟΤΙΙ
1966 355 2472 419 PATRIARCH/E
2504 356 2614 415 CP-

637 475 886 534 Justinus
925 484 1057 527 vero
1102 468 1489 539 Neapolitanus
1544 466 1631 524 vir
1687 471 1831 525 haud
1887 472 2045 539 longe
2093 473 2161 523 ab
2189 474 2235 531 Α

2346 468 2632 528 Ίουστϊνος
2656 464 2713 519 δὲ
2748 466 2778 519 6
2817 465 3182 536 Νεαπολίτης,
3213 464 3357 535 ἀνὴρ
3386 465 3513 520 οὔτε
3554 462 3631 537 τῷ
3659 470 3833 541 χρόνῳ

2257 562 2449 632 πόρρω
2478 560 2555 612 ὢν
2584 559 2695 612 τῶν
2734 557 3053 611 ἀποστόλων
3078 555 3205 611 οὔτε
3238 561 3307 629 τῇ
3349 559 3545 629 ἀρετῇ,
3579 560 3835 629 κληρονο.

2258 652 2480 723 μεῖσθαι
2536 650 2637 720 μὲν
2666 648 2728 703 τὸ
2796 649 3161 718 ἀποθνῆσκον,
3204 649 3567 720 κληρονομεῖν
3596 651 3642 682 ⁸⁸
3687 646 3747 704 δὲ
3780 653 3841 704 τὸ

2255 744 2365 810 ζῶν
2391 744 2536 811 λέγει
2561 784 2577 809 ,
2610 743 2706 796 καὶ
2729 742 3096 812 ἀποθνήσκειν
3127 742 3227 813 μὲν
3260 743 3309 777 ⁸⁷
3337 744 3537 812 σάρκα,
3569 740 3668 814 ζῇν
3703 744 3755 775 ⁸⁸
3784 744 3839 797 δὲ

2254 835 2355 904 τὴν
2392 831 2670 902 βασιλείαν
2701 832 2809 884 τῶν
2874 832 3149 901 οὐρανῶν.
3202 834 3439 886 Ὀπόταν
3486 834 3547 885 δὲ
3577 834 3759 903 σάρκα
3813 837 3841 887 6

2256 925 2468 989 Παῦλος
2492 927 2535 958 ⁸⁹
2563 927 2657 979 καὶ
2679 919 2817 993 αἷμα
2858 926 2932 995 μὴ
2973 924 3237 978 δύνασθαι
3284 925 3386 993 τὴν
3423 925 3706 994 βασιλείαν
3748 926 3838 979 τοῦ

2255 1017 2390 1071 Θεοῦ
2429 1018 2840 1087 κληρονομῆσαι
2873 1017 3031 1087 λέγῃ,
3062 1017 3161 1086 οὐχ
3187 1018 3264 1079 ὡς
3287 1016 3656 1084 ἐκφαυλίζων,
3684 1019 3837 1086 φησὶ,

2255 1112 2356 1178 τῆς
2399 1110 2601 1180 σαρκὸς
2654 1110 2755 1180 τὴν
2797 1109 3222 1175 παλιγγενεσίαν
3277 1110 3664 1176 ἀποφαίνεται,
3704 1111 3839 1163 ἀλλά

2254 1204 2521 1256 διδάσκων
2563 1203 2627 1253 ού
2681 1199 3134 1271 κληρονομεῶθαι
3180 1201 3457 1269 βασιλείαν
3507 1201 3670 1264 Θεοῦ,
3711 1202 3839 1254 αξὼ-

2254 1311 2365 1347 νιον
2399 1295 2753 1365 ὑπάρχουσαν
2804 1294 2970 1364 ζωὴν,
3022 1292 3127 1346 ὑπὸ
3155 1293 3250 1346 τοῦ
3287 1294 3562 1363 σώματος,
3606 1294 3747 1346 ἀλλὰ
3783 1295 3841 1347 τὺ

2260 1386 2419 1454 σῶμα
2448 1387 2554 1438 ὑπὸ
2578 1387 2676 1455 τῆς
2706 1386 2870 1454 ζωῆς.
2906 1387 2971 1438 El
3012 1386 3119 1455 γὰρ
3149 1386 3568 1456 ἐκληρονομεῖτο
3615 1387 3650 1454 ἡ
3692 1384 3840 1453 βασι-

2256 1478 2374 1531 λεία
2427 1477 2522 1531 τοῦ
2569 1478 2707 1531 Θεοῦ
2758 1479 2862 1530 ὑπὸ
2905 1477 2999 1530 τοῦ
3030 1477 3280 1547 σώματος
3325 1477 3436 1547 ζωὴ
3490 1478 3837 1547 ὑπάρχουσα,

2259 1567 2570 1619 συνέϐαινεν
2611 1568 2678 1620 ἀν
2733 1567 2829 1636 τὴν
2867 1566 3013 1636 ζωὴν
3037 1566 3142 1619 ὑπὸ
3183 1566 3284 1634 τῆς
3310 1567 3516 1637 φθορᾶς
3546 1566 3840 1619 καταπίνε-

2260 1660 2401 1714 σθαι,
2427 1659 2541 1712 Νῦν
2564 1660 2621 1713 δὲ
2655 1660 2715 1712 τὸ
2753 1660 3014 1725 τεθνηκὸς
3045 1662 3077 1730 ἡ
3114 1660 3225 1731 ζωὴ
3256 1661 3606 1729 κληρονομεῖ,
3639 1660 3729 1711 ἵνα
3765 1662 3841 1723 είς

2259 1756 2405 1816 νῖκος
2444 1751 2724 1821 καταποθῇ
2773 1755 2802 1804 ὁ
2856 1752 3085 1813 Θάνατος
3132 1752 3237 1804 ὑπὸ
3291 1752 3392 1820 τῆς
3431 1751 3599 1819 ζωῆς,
3654 1751 3750 1804 καὶ
3783 1753 3840 1804 τὺ

576 1846 774 1901 serviat
796 1855 850 1899 et
872 1845 1148 1897 ministret
1170 1839 1580 1903 immortalitati,
1604 1851 1661 1893 ut
1683 1855 1876 1906 corpus
1898 1840 1965 1892 sit
1989 1839 2157 1893 incor-

2267 1844 2506 1913 φθαρτὸν
2552 1841 2653 1912 τῆς
2680 1844 2988 1913 ἀφθαρσίας
3025 1844 3212 1913 κτῆμα
3253 1844 3523 1915 ἀναφανῇ,
3570 1842 3708 1915 [9ἳ4
3751 1843 3838 1915 3.]

579 1936 869 2005 rnptionis,
900 1952 1007 1989 non
1043 1933 1377 2002 incorruptio
1407 1932 1676 1999 corporis.
1704 1931 1855 1996 Quod
1881 1933 2074 1984 mortui
2102 1934 2155 1985 in

577 2028 789 2082 Christo
818 2035 1083 2094 resurgant
1110 2024 1360 2093 primum,
1385 2022 1569 2075 deinde
1592 2038 1686 2075 nos
1725 2022 1814 2091 qui
1846 2020 2067 2074 visimus
2101 2030 2154 2073 1.

581 2119 654 2189 De
679 2119 781 2173 hoc
810 2119 881 2171 ita
911 2124 1097 2172 censet
1137 2126 1358 2170 sanctus
1390 2114 1693 2169 Methodius
1729 2130 1742 2167 :
1770 2112 1884 2169 lloc
1924 2122 2007 2169 est
2048 2112 2159 2184 [in-

578 2206 719 2280 quit]
750 2225 763 2259 :
797 2205 915 2274 lpsa
940 2214 1124 2259 nostra
1152 2204 1267 2257 haec
1295 2218 1545 2272 corpora.
1586 2200 1696 2257 Nos
1720 2204 1864 2257 enim
1898 2206 1989 2273 qui
2019 2204 2154 2257 vivi-

579 2314 719 2361 mus,
746 2297 939 2351 anima:
989 2312 1197 2363 sumus,
1241 2296 1334 2366 qui
1382 2300 1617 2350 excitata
1661 2310 1693 2351 e
1741 2305 1885 2350 terra
1928 2310 2154 2362 corpora

579 2395 792 2443 mortua
842 2388 1159 2457 accipimus,
1196 2398 1255 2441 ttt
1307 2387 1359 2440 in
1394 2400 1682 2440 occursum
1731 2386 1940 2441 Domini
1992 2387 2156 2441 simul

581 2494 703 2532 cum
748 2477 882 2547 ipsis
914 2477 1052 2546 rapti
1088 2476 1321 2546 gloriose
1359 2476 1693 2529 celebremus
1727 2476 1801 2528 illi
1836 2474 2030 2529 festum
2069 2491 2153 2530 rc.-

579 2569 952 2623 surrectionis.
1006 2569 1108 2623 Pro
1153 2569 1349 2637 quibus
1377 2579 1576 2621 aeterna
1609 2569 1766 2622 nobis
1809 2567 2151 2622 tabernacula

576 2675 685 2713 non
715 2659 998 2713 interitura
1030 2670 1121 2711 aut
1148 2661 1399 2713 solvenda
1427 2659 1755 2725 accepimus.

2261 1932 2547 2002 ἐλεύθερον
2607 1933 2705 2001 μὲν
2754 1931 2984 1986 θανάτου
3014 1934 3110 1986 καὶ
3137 1933 3406 2003 ἁμαρτίας
3448 1935 3839 2004 γεγενημένον,

2260 2020 2442 2073 δοῦλον
2460 2022 2514 2073 δὲ
2533 2024 2627 2075 καὶ
2650 2022 2887 2091 ὑπήκοον
2909 2022 3226 2091 ἀθανασίας,
3242 2025 3387 2087 ὅπως
3404 2024 3505 2093 τῆς
3530 2026 3843 2095 ἀφθαρσίας

2258 2110 2319 2163 τὸ
2348 2107 2582 2182 σῶμαῇ,
2614 2113 2708 2163 καὶ
2740 2114 2815 2183 μὴ
2850 2113 2943 2166 τοῦ
2987 2112 3240 2183 σώματος
3274 2116 3307 2185 ἡ
3364 2116 3668 2185 ἀφθαρσία.
3725 2116 3842 2169 Ὅτι

2262 2202 2367 2256 Καὶ
2394 2205 2448 2255 οἱ
2479 2203 2522 2233 ⁶⁰
2544 2205 2741 2269 νεκροί
2764 2205 2834 2257 ἐν
2855 2205 3085 2272 Χριστῷ
3105 2206 3557 2273 ἀναστήσονται
3582 2204 3840 2276 πρῶτον,

2260 2295 2468 2349 ἔπειτα
2500 2296 2674 2364 ἡμεῖς
2705 2298 2747 2327 ⁶¹
2794 2300 2850 2351 οἱ
2895 2296 3127 2364 ζῶντες,
3163 2302 3191 2353 6
3225 2300 3379 2368 ἅγιος
3410 2301 3679 2363 Μεθόδιος
3708 2300 3843 2354 οὓτω

2258 2386 2393 2455 φησί
2424 2402 2437 2415 ·
2506 2387 2798 2441 Τουτέστιν
2849 2389 2989 2440 αὐτὰ
3026 2389 3184 2458 ἡμῶν
3233 2389 3404 2443 ταῦτα
3446 2389 3514 2442 τά
3563 2390 3840 2460 σώματα·

2256 2478 2416 2547 ἡμεῖς
2441 2479 2549 2549 γὰρ
2583 2481 2631 2531 οἱ
2669 2479 2871 2543 ζῶντες
2905 2481 2964 2534 αἱ
2990 2481 3158 2551 ψυχαί
3202 2482 3390 2551 ἐσμεν,
3420 2482 3469 2534 οἱ
3514 2481 3837 2550 ἀπολαμϐάο

2257 2586 2443 2633 νοντες
2491 2572 2806 2641 ἐγερθέντες
2834 2574 2899 2625 ὲκ
2938 2574 3038 2640 τῆς
3066 2574 3171 2641 γῆς
3210 2574 3336 2635 τοὺς
3365 2575 3617 2643 νεκροὺς,
3651 2573 3743 2626 ἵνα
3769 2573 3844 2631 είς

2252 2661 2561 2731 ἀπάντησιν
2598 2664 2716 2732 ἄμα
2753 2665 2934 2726 αὐτοῖς
2973 2664 3343 2734 ἁρπασθέντες
3375 2662 3471 2717 τοῦ
3505 2664 3723 2734 Κυρίου
3762 2664 3841 2717 ὲν·

574 2750 745 2816 δόξως
785 2749 1133 2819 ἑορτάσωμεν
1175 2749 1324 2819 αὐτῷ
1361 2750 1460 2819 τὴν
1500 2748 1732 2817 φαιδρὰν
1772 2750 1870 2819 τῆς
1921 2749 2272 2815 ἀναστάσεως
2334 2754 2548 2826 ἑορτὴν,
2599 2754 2719 2808 ἀνθ’
2793 2750 2869 2809 ὧν
2920 2757 3171 2821 αἰωνίους
3248 2754 3407 2826 ἡμῶν
3448 2758 3551 2819 τὰς
3620 2757 3841 2826 σκηνάς,

575 2845 759 2898 οὐκέτι
792 2844 1186 2915 τεθνηξομένας
1210 2844 1242 2913 ἢ
1278 2844 1675 2914 λυθησομένας,
1703 2844 2113 2914 ἀπειλήφαμεν.

653 2935 794 2996 Vidi.
843 2937 1038 3005 inquit,
1080 2936 1136 2990 in
1209 2933 1435 3006 Olympo
1492 2947 1675 2990 munte
1729 2935 1909 3006 Lycia:
1975 2937 2153 3004 ignem

576 3038 770 3096 sponte
794 3042 888 3082 sua
954 3027 1009 3081 in
1043 3027 1239 3081 montis
1279 3027 1560 3081 cacumine
1590 3043 1655 3081 ex
1682 3028 1795 3081 imo
1834 3037 1994 3081 terrae
2022 3042 2154 3081 en..-

574 3119 1004 3188 seetttem,juxta
1029 3132 1189 3187 quem
1229 3119 1707 3188 stirps,pyragnus
1738 3119 1852 3188 (78)
1888 3117 2153 3189 [nomine]

2335 2936 2458 2990 Ὀτι
2494 2937 2682 3006 φησὶν,
2712 2938 3059 3011 Ἐθεασάμην
3085 2941 3145 2994 ὲν
3168 2939 3427 3013 Ὀλύμπῳ
3456 2941 3569 3011 ἐγὼ
3608 2944 3761 3015 (ὅρος
3790 2947 3845 3006 δέ

2254 3031 2408 3084 ἐστιν
2440 3033 2470 3083 6
2503 3031 2784 3101 Ὄλυμπος
2813 3032 2912 3102 τῆς
2937 3033 3164 3104 Δυκίας)
3204 3034 3317 3105 πῦρ
3347 3035 3682 3106 αὐτομάτως
3712 3041 3844 3093 κατὰ

2259 3122 2358 3192 τὴν
2380 3121 2689 3192 ἀκρώρειαν
2705 3122 2796 3176 τοῦ
2814 3124 2979 3193 ὅρους
3003 3125 3245 3178 κάτωθεν
3268 3127 3330 3179 ἐκ
3349 3127 3448 3197 τῆς
3467 3128 3574 3197 γῆς
3596 3127 3734 3200 [489
3757 3128 3842 3201 [1.]

574 3210 797 3265 exsistit
839 3211 973 3265 adeo
1014 3208 1228 3275 Dorida,
1281 3212 1485 3276 virens,
1530 3222 1586 3266 et
1620 3226 1812 3280 opaca,
1846 3220 1964 3266 nte
2006 3209 2157 3264 fonte

2260 3214 2644 3284 ἀναδιδόμενον
2673 3216 2743 3283 “,
2774 3217 2905 3285 περὶ
2930 3216 2964 3269 6
2992 3217 3109 3288 πῦρ
3132 3220 3293 3288 ἄγνος
3323 3219 3369 3252 ⁸³
3397 3220 3567 3289 φυτόν
3598 3222 3757 3275 ἐστιν
3780 3222 3842 3282 ⁸⁵.

576 3304 757 3373 potius
839 3310 964 3357 nata
1040 3304 1303 3357 videatur.
1352 3304 1524 3368 Quam
1586 3302 1749 3373 igitur
1805 3302 1876 3357 ob
1937 3318 2155 3356 causam

572 3409 701 3447 cum
730 3402 934 3448 natura:
974 3396 1356 3464 corruptibiles
1404 3396 1536 3458 sint,
1574 3402 1628 3449 et
1672 3409 1898 3464 corpora
1936 3397 2000 3449 ah
2034 3396 2158 3464 igne

576 3493 993 3549 consumantur,
1037 3486 1151 3540 haec
1200 3485 1311 3539 sola
1344 3485 1509 3553 stirps
1549 3499 1656 3539 non
1691 3486 1863 3539 solum
1895 3501 1999 3539 non
2027 3501 2161 3539 exu-

584 3576 747 3638 ritur,
771 3577 869 3629 sed
896 3576 1072 3645 magis
1111 3577 1276 3629 etiam
1320 3574 1632 3637 emorescit,
1680 3577 1932 3644 quamvis
1969 3587 2161 3630 natura

574 3664 742 3720 facile
769 3667 920 3720 esuri
946 3668 1139 3733 possit,
1171 3669 1470 3735 praesertim
1501 3667 1565 3721 ad
1593 3667 1763 3736 ipsius
1797 3667 2011 3721 radices
2041 3668 2164 3735 igne

582 3756 907 3811 eructante?
944 3755 1142 3809 Ramos
1168 3770 1296 3821 ergo
1323 3772 1388 3810 ex
1416 3756 1854 3822 circttmjacentis
1883 3755 2031 3811 silvae
2076 3772 2163 3808 ar-

570 3847 828 3909 boribus,
842 3846 902 3899 in
930 3848 1106 3915 ignem
1132 3844 1242 3902 illic
1272 3857 1646 3916 erumpentem
1680 3847 1915 3915 conjeci,
1946 3847 2036 3915 qui
2069 3863 2163 3901 su-

571 3938 700 4003 ,hito
733 3936 963 3993 ﬂammis
988 3938 1224 4007 correpti
1252 3939 1303 3990 in
1330 3939 1565 3993 cinerem
1602 3939 1802 3993 redacti
1837 3949 1984 3993 sunt.
2018 3939 2159 4005 Quid

585 4044 715 4098 ergo
754 4029 855 4083 sibi
891 4028 1001 4081 vult
1027 4028 1135 4087 hoc
1172 4030 1529 4084 miraculum?
1551 4029 1771 4099 Signum
1816 4040 1872 4087 et
1906 4031 2162 4086 iudicium

576 4120 750 4177 futuri
786 4122 890 4176 diei
927 4121 1069 4177 Deus
1095 4124 1198 4177 hoc
1235 4122 1505 4187 exhibuit,
1538 4124 1611 4176 uti
1644 4125 1902 4185 sciamus,
1933 4123 2164 4178 ﬂannnis

587 4214 714 4268 olim
751 4215 929 4268 omnia
967 4214 1341 4283 absumpturis
1369 4230 1599 4284 corpora
1630 4216 1821 4282 qntein
1845 4217 2078 4284 puritate
2111 4225 2167 4271 et

582 4304 793 4373 justitia
818 4306 983 4359 vitam
1040 4314 1374 4375 transegere,
1410 4323 1506 4376 per
1537 4308 1715 4375 ignem
1760 4323 1868 4361 non
1916 4322 2073 4363 secus
2102 4323 2167 4363 ac

587 4392 837 4466 frigidam
866 4411 1062 4465 aquam
1096 4396 1422 4451 transitura.

655 4678 809 4745 Vide,
826 4678 1021 4748 inquit,
1041 4687 1219 4731 utrum
1234 4691 1345 4731 non
1358 4676 1546 4730 beatus
1558 4674 1757 4745 299a
1771 4675 2029 4740 Joannes,
2047 4692 2167 4733 cum

2261 3310 2404 3363 οὕτω
2425 3310 2534 3380 μὲν
2578 3311 2802 3374 εὐθαλὲς
2825 3313 2921 3364 καὶ
2963 3312 3206 3384 χλοερὸν,
3239 3313 3379 3367 οὕτω
3410 3313 3468 3366 δὲ
3497 3314 3748 3382 σύσκιον,
3775 3316 3845 3378 ὡς

2261 3403 2368 3455 ὑπὸ
2401 3404 2584 3473 πηγῆς
2619 3404 2818 3474 μᾶλλον
2846 3404 2978 3457 αὐτὸ
2998 3406 3177 3458 δοκεῖν
3205 3406 3251 3438 ⁸⁸
3277 3405 3738 3478 βεϐλαστηκέναι.
3770 3407 3843 3460 Δι’

2261 3494 2451 3563 ἥντινα
2493 3489 2587 3547 οῦν
2629 3495 2829 3559 αἰτίαν,
2871 3495 2919 3546 εί
2958 3495 3149 3563 φύσεις
3172 3496 3280 3548 εἰσὶ
3310 3496 3570 3567 φθαρτῶν
3602 3497 3703 3549 καὶ
3745 3495 3843 3551 imo

2262 3584 2437 3656 πυρὸς
2496 3585 2967 3653 καταναλωμένων
3021 3586 3309 3653 σωμάτων,
3346 3586 3406 3639 ού
3446 3586 3609 3655 μόνον
3650 3589 3714 3641 ού
3749 3606 3841 3641 καο

2260 3676 2589 3746 ταφλέγεται
2612 3677 2675 3731 τὸ
2702 3678 2869 3746 φυτὸν
2898 3676 3079 3740 τοῦτο,
3108 3677 3241 3732 ἀλλά
3282 3678 3378 3732 καὶ
3407 3679 3611 3748 μᾶλλον
3639 3681 3841 3750 ἀκμαι-

2261 3768 2450 3838 ότερον
2488 3768 2745 3837 ὑπάρχει,
2786 3770 2833 3820 εί
2904 3772 2971 3839 τῇ
3012 3768 3172 3836 φύσει
3202 3770 3348 3822 ἐστὶν
3390 3768 3719 3839 εὖκαυστον,
3755 3770 3841 3826 καὶ

2263 3859 2440 3913 ταῦτα
2474 3859 2607 3928 περὶ
2644 3858 2818 3922 αὐτὰς
2858 3860 3145 3923 αὐτοῦκτάς
3179 3860 3335 3931 ῥίζας
3360 3860 3455 3914 τοῦ
3487 3862 3661 3932 πυρὸς
3697 3866 3839 3917 ἐντυ-

2264 3951 2502 4021 φομένου
2532 3953 2615 4017 “;
2647 3951 2872 4014 κλάδους
2897 3951 3029 4020 γοῦν
3063 3951 3175 4020 ἐγὼ
3206 3952 3435 4021 δένδρων
3485 3954 3551 4006 ὲκ
3591 3954 3696 4023 τῆς
3744 3972 3839 4007 πα-

2267 4043 2604 4115 ρακειμένης
2639 4042 2773 4113 ’ύλης
2808 4043 3102 4114 ὲπέρῤιψα,
3140 4043 3268 4096 καθ’
3298 4043 3358 4096 ὃν
3397 4046 3759 4116 ἀνερεύγεται
3785 4046 3838 4097 τδ

2267 4136 2380 4205 πῦρ
2406 4135 2592 4198 τόπον,
2622 4135 2717 4187 καὶ
2757 4133 2959 4197 εὐθέως
2984 4136 3064 4196 είς
3096 4135 3269 4203 φλόγα
3304 4136 3564 4205 ἀρθέντες
3603 4136 3839 4207 ὲτεφρὼ-

2266 4226 2456 4296 θησαν.
2484 4226 2550 4278 Τί
2571 4227 2667 4280 οὖν
2698 4224 2945 4296 βούλεται
2972 4226 3033 4279 τὸ
3070 4226 3411 4295 παράδοξονς
3440 4229 3654 4297 Δεῖγμα
3688 4227 3838 4281 τοῦτο

2263 4318 2363 4386 τῆς
2398 4316 2702 4387 μελλούσης
2743 4318 2774 4369 6
2819 4316 2953 4378 Θεὸς
2984 4317 3197 4385 ἡμέρας
3236 4318 3329 4367 καλ⁸
3353 4316 3642 4385 προοίμιον
3668 4316 3832 4377 ἔθετο,

2269 4409 2356 4461 ⁶ίνα
2395 4408 2756 4478 γινώσκωμεν
2792 4408 2877 4461 ὅτι
2923 4406 3142 4460 πάντων
3172 4407 3308 4475 πυρὶ
3345 4407 3838 4476 κατομδρουμένων

2265 4498 2335 4549 τὰ
2386 4500 2443 4550 ὲν
2489 4498 2686 4568 ἁγνείᾳ
2728 4496 2959 4564 σώματα
2992 4495 3347 4566 διατρίψαντα
3389 4497 3485 4548 καὶ
3508 4496 3836 4566 δικαιοσύνῃ,

2198 4592 2241 4648 D
2269 4591 2525 4661 καθάπερ
2547 4590 2742 4661 ψυχρῷ
2768 4589 2942 4655 ὕδατι,
2977 4588 3055 4659 τῷ
3087 4589 3221 4659 πυρὶ
3259 4588 3637 4659 ἑτασήσονται.

2346 4683 2468 4734 Ὅτι
2504 4682 2690 4751 φησὶν,
2739 4680 3066 4753 Ἐπίστησον
3099 4679 3157 4733 δὲ
3190 4681 3263 4751 μή
3296 4692 3425 4733 ποτε
3455 4680 3549 4732 καὶ
3589 4679 3621 4731 6
3670 4678 3838 4749 μακά·

585 4771 755 4827 dicit:
790 4770 1118 4823 lkditmare
1150 4780 1385 4824 mortuos
1428 4785 1572 4833 suos,
1599 4768 1689 4839 qui
1726 4769 1782 4822 in
1808 4784 1868 4822 eo
1886 4778 2035 4823 erant
2066 4783 2085 4823 :
2119 4783 2157 4825 st

2272 4790 2395 4844 pro;
2440 4773 2697 4842 Ἰωάννης
2725 4814 2740 4838 ,
2793 4771 3059 4827 Ἔδωκεν
3104 4773 3196 4839 "si
3245 4770 3532 4825 θάλασσα
3576 4768 3723 4834 τοὺς
3748 4782 3836 4821 re-

586 4880 727 4918 mors
752 4872 801 4917 et
832 4863 1073 4931 infernus
1109 4862 1362 4916 dederunt
1385 4873 1621 4916 mortuos
1663 4878 1809 4925 suos,
1841 4863 1931 4931 qui
1952 4862 2007 4915 in
2041 4862 2167 4928 ipsis

586 4965 821 5019 erant";
855 4964 1037 5026 partes
1107 4954 1176 5007 ab
1236 4954 1519 5009 elementis
1566 4954 1804 5009 redditas
1858 4956 1927 5010 ad
1979 4954 2167 5009 unius-

2266 4863 2455 4930 κροὺς
2492 4863 2636 4927 τοὺς
2671 4863 2742 4915 ἐν·
2781 4860 2958 4930 αὐτῇ,
2986 4862 3180 4929 λέγων,
3236 4861 3333 4913 καί
3387 4858 3422 4913 ὀ
3453 4858 3714 4923 θάνατος
3747 4854 3837 4908 καί

2260 4959 2306 5009 αό
2335 4955 2488 5023 ῷδης
2525 4955 2758 5011 ἔδωκαν
2791 4955 2929 5020 τοὺς
2960 4954 3213 5021 νεκροὺς
3253 4952 3395 5016 τοὺς
3432 4951 3503 5004 ἐν
3533 4950 3740 5015 αὐτοῖς
3775 4947 3836 5010 ⁵⁸,

585 5048 851 5118 cujusque
894 5048 1292 5118 reparationem
1317 5086 1334 5113 ,
1364 5045 1703 5103 ostenderit?
1754 5044 1915 5101 Mare
1953 5048 2157 5116 quiderm

2277 5047 2350 5099 τὰ
2380 5048 2488 5100 ἀπὸ
2518 5046 2628 5102 τῶν
2665 5045 2943 5117 στοιχείων
2988 5043 3343 5113 ἁναδιδόμενα
3383 5041 3518 5111 πρὸς
3566 5040 3837 5094 ἀποκατά-

658 5173 686 5212 y
717 5164 732 5216 1
761 5164 953 5220 Thess.
979 5181 1054 5229 tv,
1089 5163 1179 5227 15,
1213 5161 1303 5218 16.
1379 5170 1403 5199 ι
1425 5166 1594 5231 Apoc.
1632 5160 1843 5226 xx,15.

661 5348 705 5378 ³⁵⁸
738 5347 1090 5416 κληρονομεῖν
1126 5377 1196 5389 -
1226 5344 1613 5416 ἀποθνήσκειν]
1641 5344 1893 5416 θνήσκειν
1918 5345 2024 5416 A_B.

589 5416 678 5471 50.
754 5417 797 5446 ⁸ο
826 5418 915 5469 καὶ
944 5415 1014 5487 οἱ]
1044 5415 1063 5468 l
1092 5416 1281 5471 Thess.
1317 5434 1387 5470 tv.
1423 5415 1511 5479 i5,
1544 5415 1632 5472 16.

589 5488 748 5555 ἄγνος
814 5487 852 5539 Β
881 5497 933 5540 et
969 5485 1045 5540 rc.
1070 5488 1153 5556 A:
1189 5487 1462 5556 πύραγνος
1497 5504 1557 5550 ς’.
1658 5485 1702 5518 ⁸⁵
1726 5486 1842 5556 ἐστι
1881 5486 2044 5555 φυτόν
2082 5486 2145 5539 Β.

1782 5412 1964 5485 ἡμεῖς]
1992 5413 2085 5467 καὶ
2116 5412 2198 5485 an

1891 5249 1979 5304 VA
1992 5248 2129 5306 ΒΙΑΣ
2173 5247 2470 5304 LECTION
2480 5248 2585 5305 ES.

2125 5345 2170 5376 ’⁷
2192 5342 2313 5415 μὲν]
2341 5344 2401 5396 δὲ
2428 5345 2487 5398 B.

2200 5417 2278 5475 εἰς
2298 5416 2362 5468 A.
2447 5417 2491 5446 “
2516 5416 2766 5480 ἀναδιὸὀμ

2252 5487 2296 5517 ⁸⁵
2318 5486 2499 5540 δοκεῖν
2550 5485 2676 5538 add.
2708 5482 2766 5535 Β.

2587 5341 2777 5418 ’ἷζῇη
2813 5340 2956 5410 ζωὴν
2976 5338 3034 5392 Β.
3117 5408 3127 5418 _
3164 5339 3262 5418 ἐλά
3299 5336 3837 5418 [1151.0ng00‘2.1.\',

2447 5383 2491 5446 ὃ
2516 5383 3039 5480 ἀναδῖδῦξίειῖονᾞηῖε
3067 5383 3506 5478 κάτωθέἦὸἑὶἷὶ
3610 5383 3835 5464 ’ἲϊςέῦρ

2447 5488 2499 5537 ἰν
2550 5485 2676 5538 add.
2708 5482 2766 5535 Β.
2846 5480 2891 5511 ⁶⁶
2916 5477 3292 5547 ὲντυφωμένου
3347 5479 3413 5544 Λ,
3484 5473 3836 5546 ὲκτυφομένου

594 5553 753 5613 nmn.
829 5558 869 5587 ⁸⁷
898 5555 1120 5629 ἔδωκεν]
1164 5553 1382 5627 Apocal.
1408 5572 1498 5621 xv,
1532 5556 1639 5611 15.
1694 5556 1737 5587 ⁸⁸
1763 5553 1902 5617 τοὺς
1952 5556 2010 5607 ὲν
2042 5553 2203 5626 αὐτῇ]
2231 5556 2397 5625 αὐτῆς
2452 5556 2510 5609 Β.

2114 5667 2346 5725 NOT/E.

568 5766 569 5769 “
659 5764 771 5835 (78)
801 5762 1022 5818 Salicem
1064 5764 1305 5818 torrentis
1363 5762 1523 5818 vertit
1557 5761 1683 5817 ch.
1713 5777 1870 5829 mn,
1918 5760 2037 5817 Joh.
2075 5778 2161 5815 χι..
