4066 6408
274 384 413 451 1129

1296 404 1813 467 BIBLIOTHECA.
1849 431 1919 443 -
1946 407 2108 467 COD.
2152 407 2503 471 CCXXXIV.

3382 414 3517 479 1130

264 530 460 566 στάσιν
490 515 720 571 ἑκάστου
749 519 913 589 μόρια
939 521 1174 592 ἐδήλωσε
1199 540 1214 557 ο
1239 524 1335 592 τὴν
1367 527 1465 597 μὲν
1492 528 1603 597 γάρ
1635 528 1840 581 θάλασ-

1957 528 2204 601 constat]
2246 544 2366 585 esse
2399 540 2647 585 naturam
2668 532 2964 597 humidam,
3003 533 3274 589 infernum
3311 546 3513 601 autem,

262 623 369 658 σαν
396 603 538 661 εἶναι
566 608 665 679 τὴν
700 611 875 681 ὑγρὰν
903 614 1113 674 οὐσίαν.
1143 616 1275 687 ᾅδην
1310 617 1368 670 δὲ
1396 619 1489 670 τὸν
1523 619 1662 691 ἀέρα
1697 620 1847 689 παρά

258 698 326 750 τὸ
360 699 555 763 ἀειδὲς,
595 701 683 755 διά
718 704 780 758 τὸ
814 703 890 776 μὴ
930 708 1184 775 ὁρᾶσθαι,
1226 709 1477 780 καθάπερ
1514 711 1710 781 ἐλέχθη
1752 711 1848 764 καὶ

277 795 569 865 Ὤριγένει,
612 798 979 853 καὶλθάνατον
1022 802 1121 872 τὴν
1152 804 1256 870 γῆν
1305 805 1457 874 παρὰ
1503 804 1563 857 τὸ
1609 806 1667 857 ὲν
1712 805 1846 875 αὐτῇ

262 886 546 940 κλινεσθαι
594 888 665 942 τὰ
701 889 746 923 ⁸⁸
789 890 1113 962 θνήσκοντα,
1166 892 1288 947 ὅθεν
1344 895 1439 947 καὶ⁸
1474 894 1600 966 χοῦς
1643 895 1847 967 ὲκλήθη

262 978 502 1031 θανάτου
517 981 561 1011 ⁷ο
600 982 659 1033 έν
705 982 1035 1053 Ψαλμοῖςτι,
1075 988 1163 1052 είς
1210 986 1364 1056 χοῦν
1402 988 1665 1043 θανάτου
1710 1005 1881 1041 κατ-ι

265 1069 453 1137 ἦχθαι
479 1074 787 1140 εἰρηκότος
816 1076 1097 1143 Χριστοῦ.

345 1160 467 1213 Ὅτι
529 1163 683 1232 φησὶ,
734 1166 848 1218 Πᾶν
909 1164 1019 1236 γάρ
1057 1166 1115 1219 τὸ
1140 1169 1205 1220 ὲκ
1244 1167 1485 1238 καθαροῦ
1547 1168 1710 1239 ἀέρος
1754 1168 1852 1222 καὶ

267 1252 519 1323 καθαροῦ
550 1256 721 1326 πυρὸς
787 1260 1181 1329 συνιστάμενον
1235 1260 1538 1330 σύγκριμα,
1597 1262 1693 1314 καὶ
1739 1262 1852 1323 τοῖς

268 1344 583 1413 ἀγγελικοῖς
608 1349 891 1419 ὁμοούσιον
929 1352 1193 1423 ὑπάρχον,
1229 1355 1291 1406 οὺ
1322 1353 1542 1407 δύναται
1579 1354 1681 1421 γῆς
1709 1353 1852 1422 ἔχειν

269 1437 539 1508 ποιότητα
569 1443 661 1494 καὶ
693 1441 904 1509 ὕδατος,
936 1445 1058 1498 ἐπεὶ
1101 1445 1443 1516 συμϐήσεται
1473 1445 1690 1499 ἔσεσθαι
1720 1445 1852 1499 αὐτὸ

268 1526 497 1593 γεῶδες.
545 1531 798 1587 Τοιοῦτον
839 1534 935 1587 καὶ
964 1536 1029 1588 ὲκ
1051 1536 1257 1588 τούτων
1282 1536 1344 1589 τὸ
1375 1537 1671 1606 ἀναστῆναι
1726 1535 1853 1605 μέλ-

268 1617 367 1672 λον
426 1620 585 1691 σῶμα
627 1623 915 1696 ἀνθρώπου
933 1627 978 1658 ⁷¹
1040 1627 1387 1699 Ὤριγένης⁷³
1432 1627 1786 1697 ἐφαντάζετο,
1818 1626 1847 1680 δ

269 1713 371 1764 καί
390 1712 437 1744 ⁷⁸
472 1717 840 1785 πνευματικὸν
865 1718 1066 1790 ἔφησεν
1088 1723 1154 1772 ⁷⁸.

367 1803 491 1856 Ὅτι
552 1806 708 1876 φησὶ,
777 1808 1028 1863 Ποδαπὸν
1074 1810 1184 1881 ἄρα
1207 1812 1379 1864 ἐστὶη
1438 1814 1533 1866 καὶ
1582 1810 1768 1881 σχῆμα
1790 1810 1853 1863 τὸ

1948 632 2130 670 aerem
2162 620 2230 671 ab
2257 618 2609 683 obscuritate,
2643 621 2784 687 quod
2817 636 2920 675 non
2959 621 3229 689 videatur,
3260 626 3522 693 quemad-

1949 709 2166 762 modum
2200 708 2465 781 Origenes
2493 711 2747 781 explicat,
2797 722 3025 768 mortem
3070 714 3197 769 item
3246 731 3368 771 esse
3410 724 3522 771 ter-

1949 812 2089 863 ram,
2144 814 2209 856 eo
2247 804 2390 872 quod
2431 813 2675 861 mortuus
2726 805 2778 859 in
2822 819 2885 860 ea
2925 816 3241 875 reponatur.
3280 808 3432 863 Unde
3469 820 3525 864 et

1950 891 2122 956 pulvis
2171 902 2253 947 est
2298 894 2563 964 appellata
2611 910 2757 951 mors
2797 896 2851 951 in
2900 896 3146 962 Psalmis,
3180 898 3398 955 Christo
3436 900 3523 955 di-

1950 990 2106 1037 cente
2152 1000 2206 1038 se
2253 985 2307 1038 in
2344 986 2607 1050 pulverem
2629 988 2807 1043 mortis
2839 988 3119 1043 deductum
3147 1005 3259 1044 esse
3292 999 3339 1042 ι.

2022 1159 2111 1213 Ait
2136 1157 2483 1233 [Methodius]
2517 1176 2532 1216 :
2566 1161 2834 1231 Quidquid
2869 1177 2936 1218 ex
2985 1179 3118 1232 puro
3150 1178 3277 1220 aere
3304 1174 3358 1220 et
3385 1181 3523 1236 puro

1954 1246 2076 1316 igne
2108 1250 2475 1316 componitur,
2515 1259 2571 1305 et
2619 1251 2878 1319 angelicis
2918 1253 3128 1307 naturis
3164 1253 3524 1309 consubstan-

1955 1339 2081 1392 tiale
2101 1348 2203 1404 est,
2239 1340 2365 1394 illud
2392 1358 2496 1394 non
2530 1352 2707 1409 potest
2731 1343 2931 1399 habere
2954 1352 3113 1399 terra:
3139 1352 3194 1399 et
3215 1359 3368 1414 aqum
3391 1360 3527 1415 qua-

1954 1431 2326 1501 litatem,quia
2360 1435 2667 1489 necessario
2697 1436 2872 1504 ipsum
2907 1445 3055 1491 esset
3077 1445 3353 1492 terrestre.
3395 1436 3525 1492 Tale

1911 1532 1915 1535 ‘
1956 1534 2132 1581 autem
2155 1533 2209 1579 et
2239 1542 2302 1579 ex
2331 1526 2480 1581 hisce
2513 1525 2660 1598 [aere
2690 1538 2745 1583 et
2784 1528 2928 1601 igne]
2955 1540 3383 1585 resurrecturum
3408 1546 3531 1586 cor:

1952 1631 2053 1684 pus
2087 1615 2239 1687 ﬁngit
2266 1616 2550 1688 Origenes,
2583 1622 2724 1689 quod
2759 1620 3037 1689 spirituale
3082 1622 3390 1692 appellavit.

2022 1794 2209 1861 Atqui,
2252 1796 2451 1863 inquit,
2502 1812 2620 1866 quae
2660 1806 2870 1865 spectes
2916 1800 3021 1854 erit
3073 1799 3431 1870 resurgentis,
3481 1800 3529 1855 si

271 1898 658 1967 ἀνιστάμενον,
690 1900 740 1952 εί
789 1901 926 1965 ὅλως
970 1901 1033 1955 τὸ
1092 1904 1491 1973 άνθρωποειδὲς
1544 1905 1721 1970 τοῦτο,
1775 1906 1851 1968 ὡς

1962 1886 2132 1943 forma
2172 1891 2288 1945 haec
2316 1892 2573 1957 humana,
2608 1893 2751 1947 velut
2799 1894 3005 1950 inutilis
3047 1895 3169 1963 ipsi,
3214 1896 3529 1966 exstingua-

268 1991 547 2061 ἄχρηστον
574 1991 634 2045 ὃν
672 1994 794 2047 κατ’
849 1995 1037 2063 αὐτὸν,
1090 1996 1505 2065 ὲξαφανίζεται·
1556 1999 1585 2051 ὃ
1637 2000 1855 2053 πάντων

270 2085 394 2136 ἐστὶ
428 2086 534 2138 τῶν
582 2088 661 2150 είς
691 2085 808 2152 ζῶα
870 2091 1318 2162 συγκεκριμένων
1379 2093 1677 2162 σχημάτων
1721 2094 1857 2163 ἐρα-

273 2177 583 2251 σμιώτερον
614 2197 629 2211 ο
664 2174 708 2248 ᾧ
747 2183 842 2235 καὶ
872 2183 934 2235 τὸ
971 2182 1126 2235 Θεῖον
1152 2184 1561 2257 χρῆταιείκὸνι,
1603 2182 1856 2252 καθάπερ

272 2269 373 2321 καὶ
401 2272 429 2323 ὁ
457 2269 767 2339 σοφώτατος
782 2272 989 2337 Παῦλος
1010 2273 1194 2344 δηλοῖ·
1232 2273 1402 2342 Ἀνὴρ
1415 2275 1457 2305 ⁷⁷
1474 2274 1588 2343 μὲν
1610 2273 1720 2343 τὰρ
1742 2275 1856 2327 οὐκ

272 2360 505 2429 ὀφείλει
553 2365 1118 2419 κατακαλύπτεσθαι
1158 2365 1274 2432 τὴν
1316 2366 1630 2435 κεφαλὴν,
1680 2366 1857 2419 εἰκὼν

271 2453 379 2506 καὶ
409 2453 559 2519 δόξα
589 2456 738 2511 Θεοῦ
781 2456 1090 2528 ὑπάρχων.
1151 2458 1246 2523 Ei;
1274 2458 1304 2512 ὂ
1340 2460 1436 2513 καὶ
1459 2459 1528 2512 τὰ
1558 2458 1722 2529 νοερά
1746 2457 1855 2510 τῶν

271 2545 528 2613 ἀγγέλων
572 2546 799 2619 σώματα
835 2549 1298 2622 διεκοσμήθησαν.
1332 2546 1480 2620 Ἀρα
1527 2549 1857 2620 κυκλοτερὲς

274 2639 313 2708 ἢ
350 2640 682 2709 πολυγὼνιον
736 2644 770 2714 ἢ
804 2643 1030 2698 κυϐικὸν
1061 2644 1096 2716 ἢ
1141 2644 1548 2715 πυραμοειδέςς
1607 2642 1858 2697 πλεῖσται

274 2734 388 2804 γάρ
453 2734 563 2788 τῶν
627 2736 924 2807 σχημάτων
946 2739 1004 2791 αἱ
1048 2737 1420 2810 παραλλαγαί.
1492 2736 1653 2791 Ἀλλά
1700 2736 1860 2790 τοῦτο

274 2828 581 2897 ἀμήχανον.
635 2830 844 2885 Οὐκοῦν
890 2831 976 2897 τίς
1005 2834 1039 2902 ἡ
1091 2832 1498 2903 ἀποκλήρωσις,
1524 2832 1586 2885 τὸ
1613 2832 1713 2901 μὲν
1740 2830 1860 2883 θεο-

274 2916 486 2971 είκελον
546 2919 732 2990 σχῆμα
788 2922 1064 2992 (ὁμολογεί
1109 2922 1219 2992 γὰρ
1266 2922 1363 2976 καὶ
1414 2921 1578 2986 αὐτὸς
1635 2921 1856 2991 ὁμοειδῆ

276 3004 423 3062 εἶναι
477 3009 576 3082 τὴν
623 3011 803 3082 ψυχὴν
854 3012 933 3082 τῷ
980 3011 1229 3084 σώματι)
1295 3012 1732 3083 ἀπαγορεύεσθαι
1781 3012 1859 3076 ὡς

276 3100 658 3172 ἀκλεέστερον,
696 3103 870 3158 ἄπουν
902 3104 960 3157 δὲ
988 3106 1083 3159 κα)⁵
1105 3105 1324 3175 ἄχειρον
1343 3104 1698 3171 άνίστασθαι;

351 3192 482 3263 [925
513 3192 603 3266 8.]
665 3195 787 3249 Ὅτι
834 3198 1021 3268 φησὶν,
1065 3196 1124 3251 '0
1158 3196 1681 3268 μετασχηματισμὸς
1714 3197 1747 3267 ἡ
1778 3198 1860 3259 είς

1963 1995 2069 2047 tur,
2096 1999 2213 2051 qua:
2240 2000 2308 2039 ex
2336 1988 2586 2040 omnibus
2618 1987 2672 2040 in
2714 1987 2966 2040 animalia
2994 1988 3315 2043 cadentibus
3343 1986 3530 2043 formis

1956 2086 2040 2129 est
2070 2075 2373 2141 amabilior,
2418 2092 2522 2145 qua
2566 2073 2775 2132 Numen
2829 2079 3005 2145 ipsum
3057 2080 3248 2144 utitur,
3274 2082 3532 2148 quemad-

1961 2170 2173 2220 modum
2203 2168 2634 2235 sapientissimus
2681 2168 2882 2225 Paulus
2933 2171 3229 2238 explanat:
3276 2170 3367 2224 Vir
3409 2173 3527 2240 qui-

1957 2263 2071 2315 dem
2093 2279 2197 2331 non
2226 2264 2376 2317 debet
2405 2264 2575 2317 velare
2613 2274 2767 2325 caput
2792 2279 2970 2329 suum,
2998 2265 3249 2334 quoniam
3282 2264 3454 2333 imago
3482 2272 3533 2317 et

1956 2356 2125 2425 gloria
2157 2355 2253 2409 Dei
2291 2365 2369 2409 est
2397 2367 2446 2419 ο,
2477 2357 2545 2410 ad
2574 2356 2716 2426 quod
2754 2355 3039 2410 rationalia
3063 2370 3278 2426 quoque
3318 2357 3535 2424 angelo-

1959 2464 2077 2501 rum
2111 2463 2341 2517 corpora
2384 2459 2513 2503 sunt
2541 2456 2827 2503 exornata.
2856 2449 3047 2505 Eritne
3083 2464 3213 2519 ergo
3264 2447 3534 2521 [corporis

1961 2542 2295 2612 resurgentis
2372 2541 2583 2615 forma]
2652 2543 2972 2607 circnlaris,
3048 2550 3142 2597 aut
3214 2543 3533 2613 angularis,

1966 2647 2062 2690 aut
2112 2636 2340 2699 cubira,
2396 2647 2488 2688 aut
2549 2635 2941 2705 pyramidalis?
2998 2634 3177 2691 Variae
3218 2635 3362 2689 enim
3407 2644 3537 2688 sunt

1960 2728 2255 2790 ﬁgurarum
2307 2729 2553 2798 species;
2615 2728 2709 2782 sed
2768 2729 2870 2781 hoc
2912 2736 2997 2783 est
3037 2726 3391 2794 impossibile.
3430 2727 3532 2788 Ec-

1962 2838 2064 2890 qua
2097 2821 2211 2875 haec
2243 2836 2363 2876 sors
2390 2831 2556 2884 esset,
2591 2822 2824 2875 formam
2861 2820 2971 2876 Deo
2999 2821 3230 2875 similem
3275 2820 3531 2889 (similem

1961 2914 2105 2967 enim
2133 2915 2366 2967 animam
2388 2928 2512 2969 esse
2532 2913 2748 2983 corpori
2779 2912 2894 2981 ipse
2923 2927 3138 2982 quoque
3167 2912 3396 2980 fatetur)
3422 2912 3557 2967 vel-‘

1964 3017 2023 3059 ut
2068 3007 2393 3061 deteriorem
2429 3006 2613 3074 abjici,
2649 3012 2702 3060 et
2747 3003 2988 3079 [corpus]
3021 3004 3138 3060 sine
3166 3004 3391 3073 pedibus
3424 3020 3537 3058 ma-

1966 3098 2235 3168 nibusque
2268 3100 2587 3169 resurgere?

2033 3190 2486 3258 Transformalio,
2516 3193 2714 3262 inquit,
2758 3201 2841 3249 est
2876 3194 2942 3247 ad
2984 3190 3447 3246 immortalitatem
3482 3199 3538 3242 et

274 3284 341 3337 τδ
362 3284 568 3349 ἀπαθὲς
620 3287 714 3343 καὶ
758 3286 969 3353 ἔνδοξόν
1025 3288 1178 3341 ἐστιν
1222 3289 1701 3351 ἀποκατάστασις·
1761 3286 1856 3341 νῦν

1960 3285 2185 3355 gloriam
2221 3286 2623 3341 transmutatio.
2654 3284 2810 3339 Nunc
2850 3285 2994 3340 enim
3029 3298 3225 3351 corpus
3248 3292 3331 3335 est
3357 3282 3410 3333 in
3443 3282 3539 3333 de-

278 3376 382 3445 μὲν
439 3376 548 3447 γὰρ
605 3378 765 3449 σῶμα
786 3379 831 3412 ⁷⁸
858 3379 1157 3451 ἐπιθυμίας
1209 3381 1328 3437 ἐστὶ
1353 3380 1448 3434 καὶ
1473 3380 1858 3443 ταπεινώσεως

276 3468 380 3539 (διὸ
413 3470 507 3522 καὶ
556 3471 754 3540 Δανιὴλ
766 3472 812 3506 "
849 3471 1006 3539 ἀνὴρ
1037 3471 1364 3541 ἐπιθυμιῶν
1393 3470 1583 3543 ἤκουε)
1602 3511 1617 3536 ,
1646 3474 1768 3526 τότε
1800 3473 1857 3526 δὲ

276 3561 926 3631 μετασχηματισθήσεται
952 3565 1033 3628 εἰς
1067 3564 1227 3633 σῶμα
1263 3563 1490 3630 ἀπαθὲς,
1525 3565 1587 3617 οὐ
1609 3566 1674 3635 τῇ
1702 3564 1861 3629 ἐξαλ-

274 3655 418 3723 λαγῇ
450 3654 547 3723 τῆς
607 3654 1021 3726 διακοσμήσεως
1068 3658 1178 3711 τῶν
1234 3657 1436 3727 μελῶν,
1484 3658 1623 3712 ἀλλά
1656 3658 1736 3730 τῷ
1784 3659 1859 3732 μὴ

275 3746 569 3817 ἐπιθυμεῖν
596 3746 705 3803 τῶν
740 3748 939 3805 ὑλικῶν
970 3749 1194 3819 ἡδονῶν.

350 3840 476 3891 ’Ὁτι
519 3842 684 3909 φησὶν
747 3840 876 3911 [490
919 3842 1012 3914 11.]
1068 3843 1369 3913 ἐξελέγχων
1411 3843 1503 3898 τὸν
1553 3843 1856 3914 Ὠριγένην·

277 3931 796 3987 Βούλεταιτοίνυνὸ
830 3935 1111 4005 Ὠριγένης
1158 3939 1257 4005 τὴν
1310 3936 1409 4005 μὲν
1461 3936 1633 4006 αὐτὴν
1680 3936 1860 4005 σάρκα

278 4023 358 4094 μὴ
378 4024 848 4079 ἀποκαθίστασθαι
877 4029 943 4097 τῇ
969 4026 1137 4098 ψυχῇ,
1190 4028 1287 4097 τὴν
1312 4028 1372 4081 δὲ
1396 4027 1555 4081 ποιὰν
1624 4027 1859 4080 ἑκάστου

278 4116 518 4186 μορφὴν,
542 4117 684 4171 κατά
705 4117 766 4170 τὸ
791 4118 929 4181 εἶδος
947 4121 1010 4171 τὸ
1029 4121 1127 4188 τὴν
1148 4120 1326 4190 σάρκα
1348 4122 1441 4173 καὶ
1459 4120 1553 4174 νῦν
1582 4137 1860 4191 χαρακτη-

278 4206 452 4278 ρίζον,
485 4211 542 4261 ἐν
585 4209 758 4280 ἑτέρῳ
804 4211 1162 4281 πνευματικῷ
1212 4212 1665 4283 ὲντετυπωμένην
1723 4213 1859 4266 ἀνα·-

276 4301 576 4371 στήσεσθαι
612 4302 846 4373 σώματι,
890 4305 979 4360 ἴνα
1010 4306 1239 4369 ἕκαστος
1267 4308 1432 4361 πάλιν
1461 4311 1489 4362 ὀ
1519 4309 1681 4372 αὐτὸς
1710 4311 1854 4380 φανῇ

276 4396 420 4447 κατά
448 4395 548 4464 τὴν
576 4397 812 4467 μορφὴν,
836 4398 929 4451 καὶ
958 4398 1117 4453 τοῦτο
1144 4396 1285 4455 εἶναι
1308 4403 1408 4472 τὴν
1447 4403 1858 4473 ἐπαγγελλομέ-

275 4502 377 4552 νην
433 4486 750 4547 ἀνάστασιν.
802 4489 1054 4545 Ῥευστοῦ
1104 4491 1236 4563 γὰρ,
1276 4494 1464 4563 φησιν,
1519 4495 1859 4565 ὑπάρχοντος

274 4577 370 4631 τοῦ
392 4577 578 4633 ὑλικοῦ
606 4579 858 4649 σώματος
893 4582 986 4635 καὶ
1037 4584 1309 4653 μηδέποτε
1341 4585 1595 4653 μένοντος
1616 4587 1701 4655 ἐφ’
1727 4589 1855 4639 ἐαυ-

1963 3376 2168 3431 siderio
2192 3385 2247 3429 et
2278 3374 2581 3428 humilitate
2611 3392 2622 3427 :
2662 3374 2802 3427 unde
2829 3371 3016 3426 Daniel
3045 3373 3122 3425 vir
3153 3371 3537 3424 desideriorum

1961 3479 2043 3523 est
2085 3468 2386 3538 appellatus
2410 3468 2460 3522 δ.
2514 3467 2667 3522 Tune
2722 3476 2899 3521 autem
2953 3464 3429 3533 transﬁgurabitur
3482 3463 3538 3516 in

1960 3575 2159 3631 corpus
2202 3561 2556 3629 impa‘ssibile,
2599 3576 2704 3614 non
2738 3567 2948 3614 mutato
2978 3559 3033 3613 in
3065 3557 3304 3613 deterius
3338 3565 3535 3609 ornatu

1961 3653 2351 3719 membrorum,
2421 3657 2514 3708 sed
2565 3654 2836 3709 exstincta
2883 3650 3242 3722 corporalium
3297 3648 3540 3717 volupta-

1963 3756 2074 3800 tum
2099 3747 2563 3816 concupiscentia.

2030 3835 2342 3906 Coarguens
2399 3839 2523 3892 dein
2572 3837 2858 3908 Origenem
2895 3837 3013 3891 ait:
3051 3836 3314 3907 Origenes
3375 3838 3539 3907 igitur

1960 3928 2074 3982 vult
2125 3945 2231 3983 non
2278 3929 2524 3984 eamdem
2555 3944 2777 3984 carnem
2817 3945 2939 3983 eum
2969 3930 3149 3983 anima
3183 3929 3536 3995 coniunctum

1962 4023 2049 4085 iri,
2127 4025 2219 4077 sed
2278 4024 2489 4092 qualem
2550 4039 2692 4078 nunc.
2745 4024 3078 4094 singulorum
3141 4023 3391 4087 formam,
3450 4039 3538 4078 se-

1960 4114 2191 4166 cundum
2224 4116 2457 4182 speciem
2492 4129 2687 4183 corpus
2709 4115 2860 4169 carni
2889 4113 3167 4183 imprimit,
3196 4111 3380 4184 [talem
3414 4113 3535 4184 sed]

1962 4204 2014 4258 in
2049 4204 2154 4258 alio
2185 4220 2409 4275 corpore
2439 4207 2710 4276 spirituali
2733 4207 3055 4278 impressam
3081 4217 3536 4268 resurrecturam,

1964 4308 2020 4349 ut
2061 4300 2426 4368 unusquisque
2480 4316 2696 4355 rursum
2752 4301 2891 4354 idem
2952 4300 3198 4354 videatur
3241 4300 3537 4353 secundum

1963 4390 2227 4455 fortnam;
2258 4401 2311 4443 et
2342 4391 2479 4445 hanc
2528 4408 2647 4447 esse
2686 4391 2881 4462 299b
2912 4391 3232 4461 promissam
3263 4388 3418 4443 nobis
3450 4404 3537 4442 re—

1962 4485 2382 4539 surrectionem.
2422 4484 2558 4539 Cum
2590 4486 2755 4550 enim,
2801 4484 2992 4555 inquit,
3028 4498 3224 4551 corpus
3258 4481 3539 4535 materiale

1963 4572 2162 4627 ﬂuxum
2195 4576 2289 4641 sit,
2339 4586 2393 4629 et
2433 4577 2485 4629 in
2529 4578 2708 4644 seipso
2738 4591 3073 4646 nequaquam
3121 4575 3395 4644 persistat,
3442 4572 3538 4627 sed

272 4671 376 4741 τῷ,
419 4672 560 4726 ἀλλά
611 4674 1009 4745 ἀπογινομένου
1070 4677 1165 4729 καὶ
1228 4679 1607 4747 ἐπιγινομένου
1640 4681 1769 4749 περὶ
1795 4681 1856 4733 τὸ

1967 4665 2184 4720 deﬁciat
2203 4678 2256 4720 et
2287 4678 2500 4722 crescat
2542 4670 2839 4722 secundum
2887 4668 3135 4737 ﬁguram,
3161 4682 3280 4736 qua:
3309 4664 3539 4718 formant

273 4763 416 4827 εἶδος
450 4766 513 4818 τὸ
534 4768 938 4838 χαρακτηρίζον
978 4769 1078 4838 τὴν
1109 4769 1326 4840 μορφὴν
1375 4770 1467 4839 ὑφ’
1503 4767 1564 4824 οὗ
1599 4773 1693 4824 καὶ
1724 4789 1857 4841 συγ-

276 4858 562 4925 κρατεῖται
594 4856 654 4909 τὸ
684 4859 891 4926 σχῆμα,
926 4857 1141 4928 ἀνάγκη
1169 4859 1235 4927 δὴ
1290 4860 1389 4928 τὴν
1419 4860 1713 4913 ἀνάστασιν
1766 4862 1859 4914 ἐπὶ

278 4948 443 5017 μόνου
465 4948 637 5011 είδους
653 4948 890 5003 έσεσθαι.
919 4945 1052 5005 Εἶτα
1079 4951 1196 5022 μετ’
1222 4952 1401 5019 ὀλίγον
1417 4953 1603 5021 φησὶν,
1628 4955 1855 5021 Οὐκοῦν,

273 5031 321 5089 ὦ
360 5039 653 5106 Ὠρίγενες,
681 5040 728 5091 εἰ
757 5040 851 5091 ἐπὶ
896 5038 990 5092 τοῦ
1022 5040 1199 5103 εἴδους
1262 5041 1422 5110 μόνον
1453 5043 1859 5110 προσδοκᾶσθαι

274 5129 585 5201 διισχυρξζῃ
607 5129 707 5202 τὴν
737 5130 1035 5183 ἀνάστασιν
1065 5133 1122 5183 ἐν
1154 5132 1514 5202 πνευματικῴ
1550 5133 1858 5203 μεταθησο-

277 5220 442 5289 μένου
483 5222 718 5291 σώματι,
766 5222 1039 5289 ἀπόδειξίν
1058 5238 1119 5274 τε
1151 5222 1529 5293 δοκιμωτάτην
1570 5225 1669 5293 τὴν
1718 5224 1860 5278 κατὰ

271 5312 364 5364 τὸν
417 5311 603 5365 Ἠλίαν
632 5314 765 5382 ἡμῖν
813 5312 1081 5365 ὀπτασίαν
1122 5312 1219 5364 καὶ
1268 5312 1509 5365 Μωῦσέα
1573 5313 1854 5382 παρέχεις,

274 5405 507 5473 ”Ωσπερ
553 5405 789 5473 ἐκεῖνοι,
818 5406 1079 5475 φάμενος,
1105 5405 1258 5474 μετὰ
1284 5405 1400 5472 τὴν
1424 5405 1543 5459 ἀπὸ
1585 5405 1693 5458 τοῦ
1708 5406 1853 5469 βίου

346 5570 369 5595 ι
398 5558 538 5614 Psal.
572 5576 685 5625 xm,
710 5560 795 5614 16.
870 5571 897 5601 α
929 5558 947 5612 Ι
978 5558 1104 5614 Cor.
1138 5575 1218 5624 ιι,
1250 5560 1304 5613 7.
1383 5560 1409 5599 ι»
1450 5559 1582 5613 Dan.
1621 5576 1694 5625 rx,
1720 5558 1817 5611 ἥδ.

1959 4759 2235 4827 exprimit,
2270 4762 2369 4813 sub
2404 4775 2508 4827 qua
2547 4757 2771 4831 [specie]
2804 4761 3114 4814 continetur
3138 4769 3193 4812 et
3224 4758 3413 4826 ﬁgura,
3445 4771 3542 4810 ne-

1961 4864 2114 4903 cesse
2141 4859 2224 4903 est
2277 4861 2330 4904 ut
2366 4853 2693 4904 resurrectio
2726 4853 2779 4904 in
2814 4853 2925 4906 sola
2967 4853 3147 4920 specie
3190 4851 3302 4904 ﬁat.
3339 4849 3542 4903 Deinde

1961 4952 2083 5009 post
2108 4957 2276 5009 pauca
2320 4943 2497 4998 dicit:
2540 4943 2596 4998 Si
2645 4946 2826 5015 igitur,
2864 4959 2897 4999 o
2932 4944 3226 5012 Origenes,
3292 4957 3538 4996 resurre-

1957 5036 2190 5088 ctionem
2228 5035 2279 5087 in
2326 5035 2441 5089 sola
2473 5038 2652 5105 specie
2686 5037 2738 5090 in
2768 5037 3051 5106 spirituale
3076 5050 3274 5101 corpus
3299 5042 3531 5098 mutata,

1957 5128 2377 5193 exspectandam
2421 5130 2727 5195 contendis,
2758 5140 2813 5184 et
2849 5131 3109 5183 visionem
3142 5127 3272 5182 Elia:
3304 5137 3357 5178 et
3386 5124 3539 5195 Moy-

1956 5220 2033 5273 sis
2061 5220 2215 5273 nobis
2259 5236 2356 5290 pro
2402 5223 2705 5276 certissima
2755 5223 3218 5277 demonstratione
3262 5219 3535 5273 exhibes:

1961 5314 2417 5379 Quemadmodum
2446 5315 2549 5379 illi,
2603 5315 2803 5384 inquis,
2844 5323 2957 5382 post
3008 5323 3226 5365 niorteni
3267 5326 3370 5362 non
3405 5309 3535 5369 alia,

1962 5423 2117 5475 quam
2151 5408 2373 5460 viventes
2420 5408 2547 5460 olim
2598 5408 2884 5473 habebant,
2914 5406 3111 5473 species
3137 5408 3537 5473 apparuerunt:

1544 5674 1779 5730 VARle
1820 5670 2228 5728 LECTIONES;

348 5794 391 5823 εν
424 5792 490 5873 τά
515 5792 596 5873 Au:
632 5791 725 5873 τδν
754 5808 837 5873 ςε.
862 5790 938 5873 “7°
973 5790 1231 5873 Ogvdtop]
1258 5791 1483 5873 θάνατος
1497 5789 1578 5873 “B.
1631 5785 2007 5873 ~:‘.drr'z)tp.o‘t:.;l
2027 5802 2146 5849 ut,
2350 5783 2706 5873 ’ξάνθρώπου
2737 5800 2848 5873 orn.
3000 5782 3433 5873 ’ζξὸῌᾮρξγένης
3458 5780 3532 5842 Α.

274 5862 319 5893 ⁷⁵
355 5862 449 5914 καὶ
489 5862 614 5917 add.
653 5864 719 5915 A.
793 5859 966 5931 "Ecpq
992 5862 1052 5917 Β.
1142 5863 1188 5894 ⁷⁸
1216 5861 1355 5916 ἐστὶι
1388 5878 1468 5914 σοι
1494 5860 1552 5915 Β.

650 5956 923 6019 Pauor.
968 5958 1085 6019 Gn.
1132 5956 1285 6019 Cll].
1422 5966 1425 5969 '

1631 5861 1673 5892 "
1706 5856 1866 5931 ἀνήρ]
1928 5856 2096 5913 lCor.
2137 5872 2212 5921 ιι,
2242 5856 2295 5909 7.

2391 5857 2433 5888 ⁷⁸
2464 5854 2619 5926 σῶμα
2650 5873 2710 5919 ς.
2790 5856 2832 5886 τ’
2858 5854 3076 5925 Δανιήλῖ
3112 5870 3188 5918 Ix,
3218 5854 3311 5909 ‘23.

3105 5948 3178 6007 36
