3954 6388
523 385 655 449 1131

1715 379 1974 438 PIlOTlI
2021 379 2522 439 PATRIARCH.’E
2567 382 2675 439 Cl’.

3625 377 3737 441 1132

516 501 591 552 ita
629 508 674 551 et
709 511 799 548 nos
833 506 1163 563 resurgemus
1194 506 1212 544 :
1242 488 1451 560 Moyses
1493 497 1669 543 autem
1705 502 1760 544 et
1802 491 1947 544 Elias
1968 500 2094 545 ante

2197 492 2414 558 ἔξοδον
2476 492 2768 561 ὤφθησαν
2800 495 2911 560 οὐχ
2943 493 3148 560 ἕτερον
3190 496 3320 560 παρ’
3346 491 3374 545 ὃ
3401 490 3562 560 εἶχον
3605 495 3740 564 εἶδε-ς

518 589 720 647 Christi
748 587 1053 658 passionem
1083 594 1135 639 et
1164 581 1650 648 resurrectionem,
1679 582 1905 636 formam
1933 583 2091 646 hanc,

518 698 678 751 quam
710 682 813 744 ais,
865 679 1125 733 habentes
1173 683 1587 731 resurrexerunt
1615 683 1670 728 et
1702 682 2092 742 apparuerunt.

517 774 797 839 Quomodo
826 787 954 840 ergo
977 769 1226 826 Christus
1272 767 1326 839 [ο
1378 765 1659 838 Origenes]
1708 765 2096 834 primogenitus

518 879 854 921 mortuorum
892 880 919 917 a
956 862 1230 933 prophetis
1271 870 1324 915 et
1368 859 1624 928 apostolis
1655 858 1997 913 celebratur?
2038 856 2096 912 Si

516 961 661 1015 enim
696 958 1087 1028 primogenitus
1120 964 1456 1010 mortuorum
1486 952 1736 1008 Christus
1766 966 1885 1004 esse
1913 948 2097 1003 credi-

521 1064 608 1108 tus
634 1064 736 1115 est,
771 1051 1158 1121 primogenitus
1181 1063 1307 1103 vero
1337 1046 1382 1101 is
1411 1055 1514 1110 est,
1539 1045 1631 1115 qui
1663 1052 1789 1097 ante
1811 1056 1999 1096 omnes
2027 1055 2095 1094 ex

519 1148 748 1203 mortuis
781 1145 1099 1199 resurrexit:
1122 1142 1331 1213 Moyses
1367 1149 1546 1195 autem
1578 1139 1685 1210 iam
1736 1147 1861 1191 ante
1889 1133 2095 1189 Christi

518 1237 823 1307 passionem
894 1234 1032 1287 hanc
1080 1230 1284 1284 habens
1334 1228 1566 1283 formam
1634 1225 1895 1297 apostolis
1930 1238 2096 1292 appa-

519 1329 649 1390 ruit,
688 1325 979 1382 secundum
1024 1338 1185 1393 quam
1230 1321 1443 1390 impleri
1483 1321 1564 1374 ais
1600 1315 2093 1379 resurrectionem;

519 1421 665 1489 atqui
718 1434 821 1473 non
873 1418 1061 1471 formae
1112 1415 1231 1471 sine
1275 1429 1439 1469 carne
1480 1422 1565 1468 est
1611 1410 1968 1474 resurrectio,
2004 1416 2099 1461 aut

520 1515 665 1568 enim
710 1511 879 1566 solius
933 1509 1118 1563 fortine
1165 1516 1249 1561 est
1300 1505 1648 1570 resurrectio,
1687 1514 1745 1557 ut
1793 1503 1986 1566 doces;
2040 1509 2097 1555 et

520 1603 643 1676 [hac
674 1602 884 1656 ratione
910 1598 1187 1671 Christus]
1227 1614 1330 1653 non
1364 1606 1539 1669 potest
1564 1610 1683 1651 esse
1715 1594 1949 1664 amplius
1985 1595 2095 1663 pri-

518 1695 818 1764 mogenitus
854 1702 1210 1756 mortuormn,
1240 1706 1304 1745 eo
1322 1692 1461 1760 quod
1482 1690 1675 1744 animae
1711 1697 1831 1758 post
1864 1697 2091 1740 mortem

516 1786 815 1842 secundum
849 1784 1080 1840 formam
1112 1793 1236 1837 ante
1267 1782 1541 1838 Christum
1580 1782 1681 1836 hoc
1714 1778 2000 1835 habuerint
2032 1786 2091 1833 ut

2197 583 2265 647 ἐξ
2290 582 2485 651 ἀρχῆς
2507 581 2917 648 διασώζοντες,
2949 584 3097 637 κατὰ
3132 581 3204 635 τὰ
3232 583 3382 636 αὐτὰ
3419 583 3515 636 καὶ
3548 584 3585 650 ἡ
3614 589 3741 639 πάν-

2196 691 2314 727 των
2348 675 2519 728 ἔσται
2535 675 2583 706 ⁸⁰
2613 675 2971 741 ἀνάστασις,
2990 677 3017 727 6
3033 675 3273 745 Μωῦσῆς
3298 674 3353 727 δὲ
3376 676 3465 728 καὶ
3489 676 3570 728 ὁ⁸¹
3588 678 3745 743 Ἠλίας

2198 766 2305 837 πρὸ
2318 766 2411 820 τοῦ
2429 767 2519 820 τὸν
2544 769 2778 838 Χριστὸν
2808 767 2999 822 παθεῖν
3020 767 3115 820 καὶ
3127 768 3419 837 ἀναστῆναι
3439 769 3538 838 ἤδη
3559 770 3615 822 τὸ
3628 766 3744 835 εἶδος

2196 859 2353 912 τοῦτο
2364 859 2392 912 ὂ
2411 862 2515 931 φῂς
2532 859 2741 930 ἔχοντες
2764 860 2961 930 ἀνέστη
2970 877 3068 912 σαν
3082 859 3177 912 καὶ
3192 858 3592 929 dupe-rissimum;
3609 862 3666 931 δὴ
3680 863 3746 917 ἔτι

2196 952 2223 1004 ὁ
2240 951 2472 1021 Χριστὸς
2490 951 2832 1022 πρωτότοκος
2861 946 3129 1003 εἶναιτῶν
3160 951 3368 1021 νεκρῶν
3394 952 3496 1004 ὑπὸ
3512 952 3614 1004 τῶν
3635 970 3747 1024 προ-

2197 1043 2383 1113 φητῶν
2436 1045 2532 1096 καὶ
2588 1043 2903 1097 ἀποστόλων
2950 1043 3175 1114 ᾅδεται;
3210 1044 3269 1095 Ei
3300 1042 3405 1115 γὰρ
3437 1046 3747 1114 πρωτότοκος

2196 1136 2305 1190 τῶν
2336 1138 2547 1209 νεκρῶν
2578 1140 2811 1210 Χριστὸς
2838 1134 2977 1194 εἶναι
3011 1139 3389 1202 πεπίστευται,
3432 1139 3746 1209 πρωτότοκος

2197 1231 2254 1284 δέ
2282 1232 2401 1283 ἐστι
2431 1232 2539 1284 τῶν
2590 1233 2801 1305 νεκρῶν
2849 1237 2878 1289 ὁ
2923 1236 3027 1299 πρὸ
3083 1238 3304 1290 πάντων
3358 1232 3617 1295 ἀναστὰς,
3649 1234 3673 1284 6
3700 1233 3748 1286 δὲ

2198 1323 2439 1394 Μωῦσῆς
2490 1325 2591 1396 ἤδη
2635 1328 2730 1380 καὶ⁹
2779 1328 2885 1399 πρὸ
2906 1326 3003 1381 τοῦ
3034 1328 3125 1381 τὸν
3156 1327 3390 1398 Χριστὸν
3420 1324 3609 1378 παθεῖν
3631 1324 3748 1395 ἔχων

2196 1418 2258 1470 τὸ
2285 1414 2426 1482 εἶδος
2474 1419 2633 1472 τοῦτο
2684 1422 2856 1491 ἐφάνη
2894 1424 3007 1483 τοῖς
3049 1422 3390 1483 ἀποστόλοις,
3416 1420 3546 1490 περὶ
3581 1419 3748 1489 ὅπλη-

2199 1511 2422 1581 ροῦσθαι
2441 1512 2545 1583 φῂς
2575 1514 2734 1577 αὐτὸς
2758 1515 2856 1584 τὴν
2883 1516 3201 1577 ἀνάστασιν,
3237 1515 3337 1567 οὐκ
3353 1514 3464 1583 ἄρα
3491 1513 3582 1565 τοῦ
3602 1512 3750 1573 εἴδους

2198 1606 2366 1676 χωρὶς
2395 1607 2495 1676 τῆς
2526 1608 2727 1679 σαρκός
2760 1610 2909 1661 ἐστιν
2939 1610 2973 1680 ἡ
3007 1610 3325 1671 ἀνάστασις.
3368 1609 3528 1660 Ἤτοι
3558 1606 3657 1677 γὰρ
3672 1606 3750 1659 τοῦ

2197 1698 2368 1761 εἴδους
2432 1701 2599 1766 ἐστὶν,
2654 1700 2846 1771 ὥσπερ
2896 1704 3150 1773 έγγυᾷθί,
3180 1704 3346 1771 μόνου
3383 1704 3416 1772 ἡ
3445 1701 3741 1767 divinam.

2196 1791 2291 1844 καὶ
2314 1791 2372 1843 οὐ
2399 1790 2623 1846 δύναται
2671 1793 2752 1847 ἔτι
2784 1796 3126 1864 πρωτότοκος
3156 1789 3297 1847 εἶναι
3318 1796 3347 1847 6
3382 1793 3615 1865 Χριπδς
3659 1795 3751 1846 τῶν

518 1888 845 1949 apparerent
879 1898 891 1933 :
923 1895 989 1933 an
1026 1891 1234 1942 revera,
1261 1876 1651 1945 primogenitus
1681 1882 1785 1939 est,
1815 1883 1872 1926 ut
1896 1882 2005 1936 est;
2041 1880 2094 1924 et

2198 1883 2406 1954 νεκρῶν
2459 1884 2536 1955 τῷ
2605 1886 2710 1956 πρὸ
2755 1887 2921 1940 αὑτοῦ
2974 1886 3208 1957 ἐχούσας
3262 1886 3426 1939 τοῦτο
3483 1885 3617 1955 μετά
3667 1888 3751 1957 τὴν

518 1974 849 2044 impossibile
877 1983 959 2028 est
995 1988 1219 2041 prorsus
1252 1980 1311 2024 ut
1340 1970 1502 2037 aliqui
1528 1978 1657 2023 ante
1687 1967 1839 2021 illum
1885 1965 2091 2036 dignati

515 2068 717 2121 fuerint
758 2081 821 2121 ea
861 2066 1256 2121 resurrectione
1296 2072 1353 2117 ut
1398 2078 1503 2116 non
1553 2060 1783 2130 amplius
1816 2074 2094 2113 moreren-

520 2170 627 2214 tur.
655 2159 710 2213 Si
748 2168 926 2213 autem
963 2172 1122 2211 nemo
1154 2166 1281 2211 ante
1310 2155 1459 2209 illum
1493 2154 1797 2208 surrexerit
1834 2170 1848 2207 :
1882 2150 2095 2223 Moyses

517 2261 695 2306 autem
722 2259 778 2305 et
811 2250 952 2302 Elias
982 2264 1089 2303 non
1119 2249 1170 2302 in
1207 2261 1455 2316 corpore,
1496 2246 1589 2300 sed
1622 2254 1829 2299 tantum
1859 2259 1953 2313 per
1984 2244 2093 2297 for-

520 2359 660 2398 mam
709 2341 968 2411 apostolis
1012 2348 1417 2410 apparuerunt;
1470 2337 1718 2407 profecto
1767 2338 2094 2391 resurrectio

520 2436 804 2491 manifeste
842 2436 893 2488 iu
927 2448 1090 2488 carne
1121 2431 1326 2505 [futura
1353 2429 1494 2503 esse]
1532 2430 1859 2486 declaratur.
1891 2430 2096 2482 Absur-

519 2531 798 2585 dissimum
829 2530 973 2582 enim
1008 2533 1092 2581 est
1127 2525 1578 2579 resurrectionem
1608 2522 1722 2578 sola
1760 2521 1935 2575 forma
1963 2522 2095 2575 deli-

520 2621 659 2684 nire,
690 2618 906 2689 quando
936 2617 1129 2671 animae
1154 2626 1275 2684 post
1307 2615 1511 2671 exitum
1540 2630 1570 2668 a
1601 2613 1920 2684 corporibus
1957 2628 2095 2667 nuu-

518 2728 679 2782 quam
710 2721 976 2781 apparent
1004 2709 1299 2764 secundum
1351 2708 1603 2772 formam,
1639 2707 1781 2776 quod
1808 2706 1875 2760 ad
1910 2720 2093 2760 resur-

518 2808 810 2862 rectionem
860 2805 967 2859 siut
1012 2804 1278 2873 repositte.
1329 2801 1384 2856 Si
1434 2812 1615 2856 autem
1649 2800 1823 2855 aderit
1856 2799 1965 2853 illis
1994 2800 2095 2854 hoc

502 2900 661 2969 ‘quod
707 2901 773 2953 ab
817 2899 920 2952 illis
960 2910 1234 2963 nunquam
1290 2892 1585 2959 auferetur,
1634 2893 2093 2963 quemadmodum

519 2992 572 3045 in
607 2988 775 3061 Moysi
804 3001 857 3044 et
885 2988 1009 3042 Eliae
1041 2988 1221 3041 anima
1259 2985 1431 3041 adfuit
1460 3002 1475 3051 ;
1509 2999 1683 3054 neque
1726 2985 2095 3052 corrumpitur

518 3082 810 3137 secundum
862 3090 933 3146 te,
993 3094 1166 3148 neque
1214 3077 1373 3149 perit,
1420 3090 1635 3144 semper
1678 3090 1917 3144 prteseus
1969 3089 2093 3129 cum

519 3174 647 3235 illis,
678 3187 782 3227 non
832 3173 1005 3226 forma
1056 3170 1301 3240 profecto
1350 3168 1603 3237 resurgit,
1654 3181 1774 3237 quae
1818 3181 2092 3235 nunquam
2122 3207 2164 3265 ο

518 3267 735 3321 cecidit.
793 3266 945 3331 Quod
983 3267 1027 3319 si
1078 3266 1199 3333 quis
1248 3264 1560 3333 indignatus
1607 3260 1799 3316 dicat:
1835 3258 1890 3314 Si
1934 3274 2094 3313 nemo

519 3359 817 3413 resurrexit
857 3368 1143 3427 antequam
1200 3355 1451 3411 Christus
1495 3355 1852 3410 descenderet
1900 3353 2097 3424 300a

518 3453 586 3506 ad
639 3450 883 3515 inferos,
943 3450 1212 3519 quomodo
1268 3455 1643 3504 memorantur
1699 3445 1919 3516 quidam
1971 3458 2098 3501 aute

519 3545 670 3598 illum
727 3543 1064 3607 surrexisse,
1117 3541 1261 3594 inter
1320 3555 1456 3607 quos
1525 3539 1700 3593 viduae
1783 3538 2097 3609 Sareptanae

519 3636 679 3699 lilius,
744 3645 798 3688 et
857 3632 1218 3689 Sunamitidis
1283 3631 1459 3695 ﬁlius,
1531 3631 1766 3697 itemque
1825 3628 2097 3683 Lazarus?

522 3724 950 3793 respondendum
1010 3724 1107 3777 hos
1173 3723 1539 3775 resurrexisse
1584 3731 1642 3773 ut
1684 3722 1877 3775 iterum
1925 3737 2097 3775 more-

520 3828 732 3873 rentur.
783 3815 890 3871 Nos
926 3828 1104 3871 autem
1150 3815 1218 3870 de
1267 3815 1331 3869 iis
1382 3814 1816 3881 pronuntiamus,
1846 3813 1937 3882 qui
1977 3821 2097 3882 post

520 3913 975 3968 resurrectionem
1027 3925 1299 3976 nunquam
1365 3908 1599 3979 amplius
1649 3918 1778 3963 sunt
1822 3907 2094 3963 morituri.

519 4005 673 4072 Quod
696 4005 743 4060 si
769 4006 834 4060 de
865 4004 998 4059 Elite
1032 4003 1216 4057 anima
1253 3999 1448 4054 dubius
1481 4001 1716 4066 dixerit,
1744 4000 1899 4069 quasi
1947 3999 2097 4054 Scri-

519 4097 692 4164 pturis
718 4096 1109 4151 allirmantibus
1139 4094 1287 4148 illum
1308 4094 1361 4148 in
1388 4108 1554 4147 carne
1578 4103 1913 4162 assumptum
1948 4106 2094 4157 esse,

519 4207 618 4245 nos
651 4192 942 4244 doceamus
991 4189 1138 4241 illum
1171 4187 1429 4257 apostolis
1477 4189 1682 4255 absque
1719 4201 1884 4240 carne
1927 4200 2094 4254 appa-

520 4284 733 4338 ruisse?
781 4281 1211 4350 respondendum
1242 4282 1410 4349 quod,
1459 4280 1562 4333 etsi
1598 4280 1905 4334 diceremus
1947 4279 2095 4333 illum

516 4373 776 4442 apostolis
809 4372 860 4425 in
884 4387 1047 4425 carne
1081 4372 1417 4441 apparuisse,
1442 4371 1571 4424 illud
1605 4381 1783 4424 tamen
1816 4385 1915 4439 pro
1943 4371 2097 4425 nobis

519 4469 689 4538 magis
722 4468 944 4522 faceret.
987 4464 1373 4522 Ostenderetur
1425 4456 1568 4520 enim
1628 4474 1915 4535 pr0pterea
1955 4481 2093 4533 quo-

2195 1975 2452 2047 τελευτὴν
2473 1977 2535 2029 τὸ
2560 1972 2701 2042 εἶδος
2764 1980 3065 2049 πεφηνέναι
3111 1980 3289 2049 ψυχάς
3318 1998 3332 2013 ·
3358 1981 3392 2050 ἢ
3434 1980 3751 2051 πρωτότοκος

2194 2065 2414 2137 ἀληθῶς
2472 2071 2662 2141 ὥσπερ
2719 2070 2857 2135 ἔστι,
2918 2072 3012 2125 καὶ
3050 2072 3312 2125 ἀδύνατον
3341 2073 3483 2135 ὅλως
3514 2070 3750 2140 ἠξιῶσθαι

2196 2160 2303 2230 πρὸ
2331 2162 2497 2214 αὑτοῦ
2522 2179 2671 2227 τινας
2692 2163 2792 2234 τῆς
2814 2166 2893 2227 είς
2914 2164 2975 2216 τὸ
3015 2166 3089 2236 μὴ
3126 2162 3284 2230 αὖθις
3312 2165 3607 2219 ἀποθανεῖν
3639 2167 3752 2219 ἀνα-

2198 2252 2459 2316 στάσεως.
2494 2254 2559 2308 Ei
2589 2253 2646 2307 δὲ
2670 2254 2868 2325 ἀνέστη
2918 2257 3093 2321 οὐδεὶς
3117 2259 3224 2329 πρὸ
3242 2258 3434 2323 αὑτοῦ,
3467 2258 3519 2311 οἱ
3550 2256 3606 2311 δὲ
3633 2258 3752 2327 ἀμφὶ

2194 2344 2285 2397 τὸν
2305 2344 2543 2398 Μωῡσέα
2572 2346 2779 2400 καὶτὸν
2822 2348 3009 2401 Ἠλίαν
3045 2350 3257 2419 σάρκας
3287 2350 3391 2421 μὲν
3420 2348 3635 2420 ἔχοντες
3659 2353 3757 2411 τοῖς

2195 2434 2517 2499 ἀποστόλοις
2559 2437 2659 2490 οὐκ
2709 2436 2995 2510 ὤφθησαν,
3032 2439 3191 2509 μόνον
3219 2441 3275 2494 δὲ
3300 2442 3364 2494 τὸ
3400 2437 3565 2506 εἶδος,
3606 2442 3636 2503 ἡ
3661 2441 3753 2510 ἄρα

2195 2526 2492 2591 ἀνάστασις
2548 2529 2641 2581 ἐπὶ
2685 2530 2782 2600 τῆς
2830 2531 3032 2601 σαρκὸς
3054 2532 3330 2602 δηλοῦται.
3362 2535 3480 2587 Καὶ
3507 2534 3613 2606 γὰρ
3646 2536 3751 2589 ἀτο-

2196 2616 2445 2672 πώτατον
2495 2621 2587 2672 ἐπὶ
2619 2621 2781 2691 μόνου
2815 2622 2908 2675 τοῦ
2939 2621 3112 2688 εἴδους
3143 2624 3241 2696 τὴν
3270 2627 3573 2680 ἀνάστασιν
3610 2627 3753 2696 διορί-

2198 2711 2410 2776 ζεσθαι,
2454 2714 2615 2768 ὁπότε
2647 2716 2700 2767 αἱ
2725 2713 2895 2785 ψυχαί⁵
2939 2716 3035 2769 καὶ
3082 2717 3221 2787 μετά
3250 2718 3352 2788 τὴν
3388 2720 3492 2788 τῆς
3526 2719 3755 2790 σαρκὺς⁸³

2196 2804 2377 2870 ἔξοδον
2431 2805 2690 2859 οὐδέποτε
2726 2808 3010 2875 φαίνονται
3032 2808 3092 2861 τὸ
3119 2805 3277 2873 εἶδος,
3304 2812 3332 2863 ὅ
3362 2828 3535 2881 φησιν
3564 2814 3758 2865 ἀνίστα.

2200 2897 2344 2963 σθαι,
2416 2898 2834 2968 ἀποτιθέμεναι.
2911 2900 2975 2952 Et
3033 2900 3090 2953 δὲ
3150 2903 3543 2973 συμπαρέσται
3596 2906 3760 2968 αὑταῖς

2195 2988 2353 3043 τοῦτο
2382 2989 2767 3061 ἀναφαίρετον,
2792 2992 3045 3063 καθάπερ
3076 2994 3170 3047 καὶ
3197 2996 3291 3047 ἐπὶ
3306 2998 3411 3067 τῆς
3428 2997 3479 3027 ⁸⁸
3510 2998 3760 3060 Μωῡσέως

2197 3081 2294 3135 καὶ
2332 3081 2515 3135 Ἠλίου
2563 3081 2762 3154 ψυχῆς,
2825 3084 2920 3137 καὶ
2953 3084 3013 3137 οὐ
3048 3084 3327 3156 φθείρεται
3376 3087 3524 3142 κατὰ
3573 3090 3630 3142 σὲ
3660 3089 3761 3141 οὔτε

2197 3178 2513 3244 ἀπόλλυται,
2568 3182 2663 3233 σὺν
2721 3181 2912 3245 αὑταῖς
2975 3182 3251 3252 πανταχοῦ
3292 3184 3625 3254 συμπαρὺν,
3679 3187 3761 3237 οὐκ

2198 3270 2307 3341 ἀρα
2330 3271 2391 3324 τὸ
2414 3267 2556 3334 εἶδος
2584 3273 2890 3338 ἀνίσταται,
2922 3273 2951 3327 ὃ
2982 3274 3254 3345 μηδέποτε
3300 3276 3618 3331 πέπτωκεν.
3656 3276 3763 3330 Ἐὰν

2197 3362 2255 3415 δέ
2272 3363 2318 3395 ⁸⁵
2340 3382 2423 3422 τις
2449 3364 2809 3436 δυσχεράνας,
2842 3368 2949 3421 Καὶ
2976 3367 3094 3432 πῶς
3108 3367 3193 3439 δὴ,
3215 3369 3518 3441 ἀποκριθῇ,
3536 3373 3584 3424 εξ
3602 3371 3762 3440 μηδεὶς

2198 3456 2397 3527 ἀνέστη
2436 3458 2544 3528 πρὸ
2565 3454 2667 3512 τοίῖ
2682 3458 2965 3514 κατελθεῖν
2997 3462 3079 3525 είς
3112 3462 3205 3515 τὸν
3244 3461 3380 3533 ᾅδην
3404 3464 3500 3517 τὸν
3532 3464 3761 3535 Χριστὸν,

2197 3548 2530 3611 ἀναστάντες
2559 3550 2660 3620 ἤδη
2686 3552 2830 3615 τινὲς
2862 3552 3232 3625 ίστορήθησαν
3266 3555 3377 3624 πρὸ
3410 3555 3599 3620 αὐτοῦ,
3622 3557 3676 3608 ὲν
3697 3550 3765 3618 οἷς

2197 3641 2297 3712 τῆς
2321 3642 2667 3715 Σαραφθίνης
2694 3647 2870 3716 χήρας
2907 3647 2936 3699 ό
2969 3647 3084 3710 υίὸς
3111 3647 3206 3700 καὶ
3267 3649 3372 3718 τῆς
3418 3649 3767 3719 Σωμανὶτιὸος

2201 3735 2291 3787 καὶ
2316 3734 2345 3786 6
2368 3733 2653 3807 Λάζαροςς
2689 3734 2828 3807 [928
2858 3734 2951 3807 PL]
3000 3735 3243 3803 λεκτέον,
3261 3734 3405 3790 Ἀλλ’
3446 3732 3595 3791 οὗτοι
3626 3739 3698 3799 είς
3716 3737 3765 3788 τὸ

2198 3825 2293 3879 καὶ
2342 3825 2497 3890 αὖθις
2549 3828 2840 3881 ἀποθανεῖν
2906 3827 3253 3899 ἀνέστησαν,
3318 3830 3487 3900 ἡμεῖς
3541 3830 3598 3883 δὲ
3655 3828 3766 3897 περὶ

2201 3916 2323 3989 [491
2352 3915 2445 3989 Η.]
2476 3918 2586 3972 τῶν
2643 3919 2842 3989 μηκέτι
2893 3920 3032 3990 μετά
3064 3919 3167 3991 τὴν
3190 3919 3415 3991 ἔγερσιν
3436 3919 3764 3990 διοριζόμεθα

2195 4009 2624 4080 τεθνηξομένων.
2668 4012 2794 4065 Ἐὰν
2816 4011 2875 4065 δὲ
2909 4012 3002 4065 καὶ
3065 4014 3196 4083 περὶ
3244 4012 3347 4083 τῆς
3390 4013 3576 4083 ψυχῆς
3602 4012 3767 4065 διαπο-

2199 4102 2373 4172 ρήσας
2401 4102 2585 4173 φράσῃ
2609 4103 2705 4156 τοῦ
2740 4104 2945 4169 Ἡλίου,
2985 4105 3061 4169 ὡς
3094 4104 3207 4158 τῶν
3239 4104 3339 4176 μὲν
3370 4105 3614 4175 Γραφῶν
3635 4108 3764 4157 ἀνει-

2198 4193 2400 4261 Λῆφθαι
2427 4195 2590 4248 αὐτὸν
2618 4196 2895 4264 λεγουσῶν
2933 4198 2991 4250 ὲν
3015 4198 3205 4269 σαρκὶ,
3232 4198 3392 4267 ὴμῶν
3412 4199 3472 4252 δὲ
3503 4197 3764 4268 ἀσύμπλο-

2198 4301 2292 4337 κον
2352 4287 2556 4358 σαρκὸς
2610 4290 2725 4352 τοῖς
2780 4288 3103 4353 ἀποστόλοις
3174 4283 3359 4359 ὦφθαι
3442 4292 3761 4360 φασκόντων

2196 4377 2432 4441 λεκτέον,
2467 4379 2547 4432 ὅτι
2574 4381 2668 4434 καὶ
2710 4380 2817 4451 μὴν
2853 4382 3052 4451 μᾶλλον
3078 4382 3140 4435 τὺ
3176 4383 3360 4450 λέγειν
3399 4383 3571 4438 αὐτὸν
3605 4376 3762 4452 ὦφθαι

2196 4470 2308 4532 τοῖς
2340 4470 2659 4535 ἀποστόλοις
2686 4472 2745 4523 ὲν
2768 4473 2933 4542 σαρκὶ
2963 4474 3101 4544 πρὸς
3124 4474 3284 4544 ἡμῶν
3317 4476 3463 4529 ὲστι.
3496 4476 3760 4528 Δείκνυται

517 4577 623 4631 que
682 4576 878 4627 corpus
936 4570 1180 4613 nostrum
1233 4558 1657 4613 immortalitatis
1722 4573 1844 4613 esse
1900 4572 2090 4625 capax,

2198 4560 2306 4628 γὰρ
2360 4561 2454 4614 καὶ
2500 4560 2591 4613 διὰ
2645 4560 2805 4615 τοῦτο
2824 4562 2870 4593 ⁸⁸
2893 4562 3204 4634 ἀφθαρσίας
3267 4566 3429 4635 ήμῶν
3457 4563 3761 4635 ὑπάρχοντὸ

518 4652 965 4722 quemadmodum
994 4661 1268 4709 ostensum
1303 4659 1385 4703 est
1418 4649 1468 4702 in
1499 4649 1683 4705 Enocb
1726 4650 2008 4705 translato.
2036 4651 2094 4705 Si

517 4744 661 4797 enim
687 4743 1109 4811 incorruptionis
1130 4757 1300 4811 capax
1328 4758 1430 4796 non
1462 4750 1627 4806 esset,
1657 4741 1798 4796 haud
1827 4744 2092 4809 potuisset

522 4845 671 4887 tanto
719 4846 959 4901 tempore
1006 4835 1121 4889 sine
1164 4835 1281 4887 labe
1317 4835 1707 4911 corruptionis
1756 4851 2092 4905 permanere.

519 4928 662 4995 Ergo
690 4942 810 4981 cum
847 4942 1073 4994 corpore
1101 4927 1375 4995 apparuit,
1409 4936 1529 4980 erat
1564 4927 1652 4981 ille
1684 4927 1900 4996 quidem
1928 4930 2095 4982 mori-

520 5030 692 5083 turus,
740 5021 834 5073 sed
881 5019 1117 5073 nondum
1165 5021 1341 5075 adhuc
1394 5031 1730 5075 surrexerat.
1765 5020 1829 5074 Et
1872 5021 1987 5074 haec
2039 5029 2097 5074 ut

516 5113 707 5164 demus
737 5107 979 5177 Origeni,
1014 5110 1105 5179 qui
1130 5110 1359 5165 formam
1393 5113 1687 5166 secundum
1709 5113 1897 5165 eadem
1928 5112 2097 5165 linea-

518 5209 700 5253 menta
748 5211 867 5268 post
907 5213 1132 5254 mortem
1174 5216 1202 5254 a
1245 5216 1472 5270 corpore
1524 5200 1857 5270 seiunctam,
1901 5202 2096 5255 anima:

520 5290 672 5344 reddi
697 5290 847 5355 dicit,
880 5290 1021 5358 quod
1058 5290 1202 5343 nulla
1234 5305 1454 5359 prorsus
1504 5290 1714 5343 ratione
1746 5290 1859 5343 ﬁeri
1890 5300 2086 5360 potest,

518 5396 584 5436 eo
610 5383 752 5450 quod
783 5382 956 5436 forma
1004 5383 1186 5436 carnis
1231 5384 1379 5450 prius
1422 5383 1476 5436 in
1511 5382 1925 5436 alterationibus
1965 5398 2088 5437 cur-

518 5484 820 5544 rumpatur,
874 5475 1328 5542 quemadmodum
1376 5482 1431 5527 et
1487 5473 1658 5542 ﬁgura
1708 5471 1841 5526 fusa:
1894 5481 2089 5527 statua:

2200 4650 2361 4719 σῶμα
2407 4650 2675 4714 δεκτικὸν,
2714 4652 2968 4723 καθάπερ
2992 4656 3204 4726 ἐδείχθη
3237 4657 3331 4709 καὶ
3357 4660 3456 4710 ἐπὶ
3479 4658 3577 4711 τοῦ
3614 4654 3761 4723 Ἑνὼχ

2200 4742 2642 4812 μετατιθεμένου.
2699 4745 2759 4797 Εἰ
2804 4745 2879 4814 μὴ
2921 4744 3031 4816 γὰρ
3083 4746 3396 4817 ἀφθαρσίαν
3444 4749 3666 4801 ἐδύνατο
3691 4747 3760 4800 δέ-

2198 4834 2413 4900 ξασθαι,
2460 4837 2559 4889 οὐκ
2585 4836 2649 4890 ἂν
2682 4838 2804 4890 οὐδὲ
2847 4838 3119 4909 διέμεινεν
3148 4841 3206 4892 ἐν
3256 4841 3505 4913 ἀπαθείᾳ
3548 4842 3761 4909 τοσούτῳ

2198 4928 2394 4999 χρόνῳ.
2420 4929 2481 4981 Εί
2514 4930 2694 4981 τοίνυν
2743 4928 2899 4999 ὤφθη
2966 4930 3104 4999 μετά
3145 4929 3239 4982 τοῦ
3277 4930 3560 5000 σώματος,
3593 4932 3681 4985 καὶ
3703 4926 3761 5002 ἦν

2196 5021 2524 5087 τελευτήσας
2548 5021 2665 5089 μὲν,
2691 5021 2930 5083 ἀναστὰς
2959 5021 3015 5073 δὲ
3028 5020 3072 5051 ⁸⁷
3099 5020 3200 5091 ἤδη
3224 5022 3289 5075 ὲκ
3312 5023 3530 5093 νεκρῶν
3551 5024 3759 5077 οὐδέπω.

2198 5112 2307 5164 Καὶ
2326 5111 2497 5165 ταῦτα
2530 5113 2618 5164 ἵνα
2644 5113 2706 5179 δὴ
2740 5112 3193 5181 συγχωρήσωμεν
3222 5112 3302 5182 τῷ
3339 5114 3630 5184 Ὠριγένει,
3656 5112 3759 5166 καθ’

2196 5203 2357 5256 ἑαυτὸ
2387 5205 2445 5255 τὸ
2474 5200 2610 5267 εἶδος
2640 5204 2855 5272 λέγοντι
2884 5204 3021 5273 μετά
3044 5204 3143 5273 τὴν
3160 5204 3424 5275 τελευτὴν
3444 5203 3761 5271 ἀποζευγνύ-

2199 5312 2358 5363 μενον
2409 5296 2515 5348 ἀπὸ
2564 5295 2658 5348 τοῦ
2715 5295 2967 5365 σώματος
2996 5299 3063 5365 τῇ
3106 5296 3249 5367 ψυχῇ
3287 5297 3574 5361 ιὸίδοσθαι,
3642 5290 3760 5364 ὅπερ

2196 5386 2342 5439 ἐστὶν
2400 5387 2654 5440 ἁπάντων
2721 5386 2985 5440 ἀδύνατον
3004 5388 3052 5419 ⁸⁸
3096 5386 3176 5457 τῷ
3226 5389 3674 5458 προαπόλλυσθαι
3712 5390 3761 5439 τὸ

2197 5474 2334 5541 εἶδος
2356 5478 2465 5530 τῶν
2494 5478 2712 5549 σαρκῶν
2743 5479 2801 5534 ὲν
2836 5483 2955 5544 ταῖς
2985 5478 3329 5545 ἀλλοιώσεσι,
3387 5480 3645 5550 καθάπερ
3679 5479 3760 5532 καὶ

1800 5612 2035 5667 VABUE
2084 5612 2378 5669 LECTION
2386 5614 2490 5669 ES.

594 5707 643 5739 ⁸ο
673 5706 847 5778 ἔσται]
874 5723 957 5759 σοι
984 5706 1048 5778 Β.
1119 5706 1163 5736 ⁸¹
1196 5707 1224 5758 6
1251 5705 1373 5778 add.
1402 5707 1489 5778 A._
1542 5706 1587 5738 ⁸³
1613 5706 1895 5778 ὥσπερ-ἐγ

523 5778 749 5846 σαρκῶν
776 5794 837 5840 ς.

521 5845 924 5903 ἀδυνατώτατον
944 5850 968 5902 ?
991 5849 1094 5921 τῷ]
1130 5849 1191 5902 τό
1230 5845 1288 5903 Β.

912 5724 957 5759 οι
984 5706 1058 5789 Βζ
1119 5706 1163 5736 ⁸¹
1196 5707 1224 5758 ὁ
1251 5705 1373 5786 add.
1402 5707 1466 5759 A.
1542 5706 1587 5738 ⁸³
1613 5706 1802 5775 ὥσπερ
1831 5708 2005 5777 ἐγγυᾷ
2034 5708 2098 5763 Α.
2136 5704 2211 5767 ὡς
2243 5710 2535 5779 παρεγγυᾷ
2555 5706 2594 5763 Β
2624 5725 2639 5761 :
2666 5708 2854 5781 ὥσπερ
2880 5709 3084 5780 ἐγγύας
3110 5730 3147 5777 ς
3167 5753 3181 5767 ,
3256 5712 3302 5744 ⁸³
3330 5712 3427 5781 τῆς
3459 5710 3662 5780 σαρκός
3689 5706 3757 5760 B:

912 5778 958 5808 ιιι
996 5795 1096 5808 -..ρ
1214 5778 1392 5808 Jan...”-
1426 5776 1504 5808 ΔΩ
1542 5795 1553 5806 ι
1594 5781 1660 5808 ...7.
1700 5806 1760 5808 ,4,
1789 5776 1933 5808 Ληιαᾶ
1969 5795 2006 5808 ρ
2095 5776 2142 5808 85
2172 5776 2228 5808 λέ
2262 5777 2300 5808 Π
2323 5795 2335 5806 .
2364 5778 2426 5808 ει.
2463 5795 2500 5808 ρ
2630 5780 2676 5808 BI
2704 5782 2887 5808 .m..l:m
2915 5782 3103 5808 -.ηε-..η
3203 5783 3247 5808 n1
3275 5782 3327 5808 ιι
3351 5797 3432 5808 Α.-.
3499 5784 3523 5808 Δ
3632 5779 3675 5808 I3
3703 5796 3757 5808 ι...

996 5777 1096 5844 τῆς
1119 5807 1188 5818 -
1214 5776 1392 5849 ψυχῆς
1418 5776 1505 5830 ΑΒ
1541 5795 1553 5831 :
1594 5781 1662 5849 τῇ
1697 5806 1766 5816 ——-
1788 5776 1934 5849 ψυχῇ
1967 5776 2026 5841 ς.
2095 5776 2142 5808 ⁸⁵
2172 5776 2228 5829 δέ
2260 5777 2336 5830 Β;
2364 5778 2427 5848 δή
2462 5776 2525 5842 ς’.

2630 5780 2676 5812 ⁸⁸
2703 5779 2887 5837 malim
2914 5779 3127 5839 τούτου.
3203 5783 3247 5813 ⁸⁷
3273 5782 3330 5837 δὲ
3349 5779 3457 5837 om.
3488 5779 3555 5835 A.
3632 5779 3675 5811 ⁸⁸
3701 5796 3759 5830 au
