3954 6400
218 395 358 462 1133

1257 411 1783 474 BIBLIOTHECA.
1825 434 1895 447 -τ
1925 412 2088 474 COD.
2131 415 2485 477 CCXXXIV.

3353 425 3488 491 1134

210 509 272 560 τὸ
314 509 501 579 σχῆμα
554 508 647 564 τοῦ
714 517 1187 586 συγχωνευομένου
1211 519 1524 593 ἀνδριάντος
1561 523 1667 594 πρδ
1691 525 1789 592 τῆς

1899 531 2016 577 ante
2048 522 2208 578 totius
2238 525 2419 594 operis
2447 523 2806 583 solutionem:
2839 530 3072 599 qualitas
3092 534 3234 589 enim
3266 550 3296 590 a
3319 549 3489 594 mate-

208 599 510 666 διαλύσεως
543 603 639 657 τοῦ
667 605 813 672 ὅλου,
843 610 925 662 ὁτι
964 610 1037 680 μὴ
1064 611 1287 666 δύναται
1316 616 1649 688 χωρίζεσθαι
1680 615 1804 669 καθ’

208 693 515 749 ὑπόστασιν
544 697 652 750 ἀπὸ
690 699 788 768 τῆς
826 699 960 773 ὕλης
995 703 1294 776 ήποιότης.
1347 707 1656 776 Χωρίζεται
1706 707 1805 778 μὲν

204 782 320 855 γάρ
374 787 484 839 ἀπὸ
542 789 635 841 τοῦ
689 790 1007 861 ἀνδριάντος
1073 796 1510 868 χωνευθέντοςή
1561 800 1688 870 περὶ
1727 797 1805 868 τῷ

204 877 400 950 χαλκῷ
455 881 638 952 μορφὴ
691 884 1091 959 ἀφανιζομένη,
1131 889 1191 943 οὑ
1221 889 1329 962 μὴν
1380 891 1671 960 ὑφεστῶσα
1721 891 1802 946 ἔτι

205 972 332 1022 κατ’
367 973 579 1026 οὐσίαν.
620 974 768 1030 Ἐπεὶ
799 977 856 1030 δὲ
885 978 1101 1047 λέγεται
1137 983 1194 1035 έν
1217 983 1295 1054 τῷ
1341 984 1557 1054 θανάτῳ
1575 985 1637 1037 τὸ
1665 980 1802 1049 εἶδος

205 1063 544 1133 χωρίζεσθαι
583 1068 692 1121 ἀπὸ
738 1072 840 1140 τῆς
880 1075 1103 1142 σαρκὸς,
1160 1075 1292 1146 φέρε
1321 1076 1384 1128 τὸ
1427 1076 1798 1148 χωριζόμενον

205 1155 466 1226 ποσαχῶς
486 1157 704 1227 λέγεται
726 1163 1054 1233 χωρίζεσθαι
1091 1168 1539 1238 ἐπισκεψώμεθα.
1565 1169 1800 1238 Λέγεται

204 1243 391 1300 τοίνυν
440 1249 770 1319 χωρίζεσθαί
800 1271 852 1305 τι
890 1257 998 1308 ἀπό
1022 1275 1165 1322 τινος
1209 1258 1241 1331 ἢ
1267 1261 1520 1332 ἐνεργείᾳ
1547 1264 1637 1315 καὶ
1664 1263 1798 1315 ὑπο-

206 1338 422 1405 στάσει,
451 1342 482 1410 ῆ
511 1343 744 1414 ἐπινοίᾳ,
842 1348 1092 1420 ἐνεργείᾳ
1141 1351 1262 1420 μὲν,
1290 1353 1349 1404 οὑ
1385 1353 1493 1422 μὴν
1542 1353 1638 1407 καὶ
1668 1353 1798 1406 ὑπο-

206 1431 422 1486 στάσει.
468 1433 556 1496 Ὣς
589 1437 637 1488 εἰ
661 1436 706 1466 ⁸⁹
739 1439 942 1508 πυρούς
995 1459 1078 1506 τις
1108 1443 1200 1497 καὶ
1232 1444 1428 1514 κριθὰς
1481 1447 1798 1517 μεμιγμένα

204 1524 499 1595 χωρίσειεν
551 1528 646 1580 ἀπ’
683 1528 964 1600 ἀλλήλωνο
1064 1535 1164 1604 μὲν
1216 1537 1324 1609 γὰρ
1379 1538 1522 1592 κατὰ
1582 1539 1796 1608 κίνησιν

202 1616 526 1686 χωρίζεται,
579 1621 829 1693 ἐνεργείᾳ
889 1624 1122 1694 λέγεται,
1228 1629 1282 1682 δὲ
1323 1631 1663 1701 χωρισθέντα
1691 1635 1794 1701 se-

204 1705 443 1774 έστηκεν
496 1707 792 1765 ὑποστάσει
856 1714 1075 1781 λέγεται
1151 1720 1507 1789 κεχωρίσθαι.
1553 1723 1795 1794 Ἐπινοίᾳ

201 1797 286 1860 δὲ,
319 1797 449 1850 ὅταν
486 1797 583 1869 τὴν
626 1798 760 1869 ὓλην
814 1803 922 1857 ἀπὸ
979 1806 1089 1860 τῶν
1127 1810 1429 1880 ποιοτήτων
1469 1812 1792 1884 χωρίζωμεν

1918 613 1996 668 ria
2027 614 2321 669 secundum
2352 615 2669 686 hypostasin
2706 630 2992 688 separatur
3038 623 3252 691 quidem
3298 642 3327 680 a
3371 628 3486 683 fusa

1915 714 2118 771 statua,
2148 706 2321 761 forma
2361 706 2417 761 in
2457 722 2564 764 aere
2610 709 2807 776 deleta,
2848 713 2941 766 sed
2971 729 3090 782 quae
3125 730 3229 771 non
3257 721 3489 788 amplius

1913 798 2210 855 secundum
2241 801 2598 856 substantiam
2625 804 2901 860 subsistat.
2930 806 3065 873 Quia
3099 823 3230 864 vero
3259 810 3427 867 forma
3458 830 3487 868 a

1913 903 2079 942 carne
2123 889 2176 941 in
2219 899 2394 945 morte
2425 893 2677 946 recedere
2709 892 2930 960 dicitur,
2965 910 3064 965 age
3093 900 3366 966 quomodo
3401 917 3489 957 re-

1911 981 2067 1036 cedat
2097 981 2397 1038 videamus.
2433 984 2685 1053 Separari
2721 985 2923 1054 aliquid
2963 989 3030 1043 ab
3070 989 3253 1059 aliquo
3291 993 3489 1049 dicitur

1910 1083 2003 1128 aut
2037 1075 2178 1131 facto
2211 1086 2265 1130 et
2295 1078 2667 1146 subsistentia,
2699 1093 2791 1133 aut
2821 1083 3151 1151 cogitatione
3171 1124 3188 1149 ,
3220 1094 3314 1140 aut
3343 1085 3486 1142 facto

1909 1168 2123 1236 quidem
2182 1183 2275 1223 seu
2319 1170 2653 1236 operatione,
2706 1173 2798 1226 sed
2836 1189 2940 1228 non
2981 1173 3298 1244 hypostasi:
3352 1186 3409 1230 ut
3437 1179 3482 1232 si

1907 1261 2031 1329 quis
2057 1261 2293 1316 triticum
2339 1272 2391 1318 et
2437 1264 2696 1319 hordeum
2733 1267 2892 1321 mista
2945 1266 3087 1322 inter
3122 1284 3180 1323 se
3209 1282 3480 1326 secernat.

1909 1355 2184 1420 Quatenus
2233 1355 2377 1410 enim
2420 1359 2711 1413 secundum
2756 1369 2962 1414 motum
2994 1362 3317 1427 secernitur,
3355 1378 3484 1432 ope-

1908 1448 2046 1500 ratio
2083 1447 2318 1511 dicitur;
2360 1457 2627 1522 quatenus
2654 1465 2783 1505 vero
2813 1461 3022 1506 secreta
3065 1469 3160 1522 per
3208 1468 3267 1508 se
3307 1456 3484 1509 subsi-

1905 1547 2076 1603 stunt,
2125 1541 2395 1610 hypostasi
2433 1540 2606 1595 divisa
2653 1542 2924 1597 dicuntur.
2969 1542 3308 1614 Cogitatiune
3355 1561 3484 1602 vero

1905 1645 1997 1684 seu
2026 1633 2255 1697 ratione,
2291 1633 2506 1702 quando
2539 1635 2822 1691 materiam
2857 1651 2884 1688 a
2920 1637 3274 1706 qualitatibus
3295 1639 3482 1694 distin-

1903 1725 2136 1792 guimus,
2168 1734 2222 1778 et
2250 1725 2539 1793 qualitates
2569 1741 2597 1779 a
2631 1728 2880 1783 materia.
2917 1730 3240 1799 Operatione
3271 1739 3480 1786 tantum

1904 1824 1956 1869 et
1988 1831 2094 1870 non
2135 1816 2436 1886 hypostasi,
2475 1833 2596 1872 cum
2632 1831 2939 1889 separatum
2966 1821 3169 1891 aliquid
3204 1823 3271 1878 ab
3297 1822 3479 1892 aliquo

167 1895 182 1925 ἰ
203 1888 305 1941 καὶ
363 1890 466 1953 τὰς
498 1893 790 1964 ποιότητας
827 1896 938 1950 ἀπὸ
979 1899 1079 1967 τῆς
1107 1899 1259 1972 ὕλης.
1300 1903 1581 1976 Ἐνεργείᾳ
1607 1905 1684 1970 δὲ,
1729 1906 1789 1960 οὑ

1901 1925 2004 1963 non
2052 1910 2282 1978 amplius
2314 1909 2500 1977 fuerit,
2539 1888 2856 1968 substantia:
2891 1888 3201 1985 hypostasiu
3242 1932 3345 1971 non
3391 1918 3482 1972 ha-

205 1981 320 2050 μὴν
381 1984 475 2036 καὶ
532 1984 848 2049 ὑποστάσει,
908 1990 1040 2044 ὁταν
1096 1993 1366 2064 χωρισθὲν
1395 2013 1450 2048 τι
1481 1998 1588 2051 ἀπό
1649 2015 1794 2063 τινος

207 2075 414 2144 μηκέτι
447 2076 704 2149 ὑπάρχοι,
739 2080 1042 2136 ὑπόστασιν
1081 2086 1270 2149 οὑσίας
1309 2088 1410 2140 οὑκ
1434 2089 1576 2158 ἕχον.
1632 2091 1790 2160 Γνοίη

197 2170 252 2223 δ’
278 2172 348 2225 ἄν
369 2190 452 2235 τις
469 2174 559 2226 καὶ
580 2177 638 2229 ἐν
654 2178 763 2240 τοῖς
781 2182 1271 2250 χειροτεχνήμασιν
1287 2183 1360 2248 ὡς
1383 2183 1516 2255 ἔχει,
1543 2186 1788 2258 ἀνδριάν-

195 2279 273 2314 τα
307 2263 436 2317 ἰδὼν
469 2266 692 2334 ἣῖππον
759 2270 1014 2339 χαλκοῦν.
1068 2274 1250 2328 Ταῦτα
1289 2276 1400 2348 γὰρ
1444 2278 1793 2351 λογιζόμενος

193 2355 394 2421 ενᾲεται
445 2358 542 2429 τὴν
585 2359 828 2429 ἔμφυτον
875 2365 1089 2437 μορφὴν
1139 2367 1543 2435 διαλλάττοντα,
1610 2376 1691 2436 είς
1737 2374 1793 2427 δὲ

193 2446 402 2536 ἑτέραν
460 2449 584 2518 ὄψιν
650 2452 1022 2526 μεθιστάμενα
1069 2459 1158 2528 ὑφ’
1192 2455 1260 2532 ἧς
1298 2461 1359 2514 τὸ
1395 2462 1792 2536 ξυγγενόμενον

193 2533 345 2602 εἶδος
386 2539 735 2609 ἀφανίζεται.
796 2547 855 2601 Εἰ
886 2548 995 2620 γάρ
1038 2567 1121 2614 τις
1156 2553 1223 2606 τά
1253 2552 1388 2626 ἔργα
1420 2555 1490 2608 τά
1522 2533 1792 2627 σχηματι-

192 2632 414 2702 ζόμενα
441 2637 520 2699 είς
547 2633 685 2699 εἶδος
700 2637 1040 2712 ἀνθρώπουῆ
1067 2643 1235 2697 ἵππου
1257 2648 1535 2717 συντήκοι,
1566 2650 1792 2719 εὑρήσει

191 2724 266 2776 τὸ
297 2726 400 2795 μὲν
435 2726 528 2779 τοῦ
556 2729 837 2798 σχήματος
886 2727 1025 2796 εἶδος
1069 2733 1494 2806 ἀῖρανιζόμενον,
1535 2740 1706 2810 αὑτὴν
1735 2742 1792 2795 δὲ

191 2816 302 2885 τὴν
354 2817 491 2887 ὓλην
543 2821 831 2889 μένουσαν.
871 2824 1035 2879 Ὥστε
1089 2827 1394 2882 ἀσύστατον
1423 2832 1483 2884 τὸ
1530 2832 1709 2900 λέγειν
1731 2834 1792 2886 τὸ

194 2912 305 2980 μὲν
336 2909 477 2975 εἶδος
506 2913 831 2968 ἀνίστασθαι
867 2918 1270 2992 ἠμαυρωμένον
1306 2923 1494 2993 μηδὲν,
1517 2926 1576 2978 τὸ
1598 2927 1654 2980 δὲ
1687 2928 1794 2981 σῶ-

194 3020 300 3072 μα,
342 3005 401 3058 ἐν
427 2998 473 3072 ᾧ
499 3001 568 3076 ἦν
589 3006 650 3058 τὸ
680 3003 816 3072 εἶδος
855 3011 1319 3082 ἐντετυπωμένον,
1357 3016 1789 3089 διαφθείρεσθαι.

205 3097 378 3150 Ἀθλλά
403 3099 514 3158 ναὶ..
544 3105 711 3174 φησίν
729 3121 745 3135 ·
765 3105 823 3158 ἐν
847 3108 1323 3178 πνευματικῷγὰρ
1360 3112 1789 3182 μετατεθήσεται

196 3190 445 3260 σώματι.
473 3194 683 3248 Οὐκοῦν
712 3197 926 3267 ἀνάγκη
944 3198 1004 3252 τὸ
1035 3200 1134 3267 μὲν
1170 3197 1310 3266 εἶδος
1337 3202 1480 3266 ἰδίως
1499 3204 1782 3274 ὁμολογεῖν

193 3281 335 3334 αὐτὸ
369 3283 434 3335 τὸ
495 3287 711 3355 πρῶτον
741 3290 814 3360 μὴ
850 3291 1192 3358 ἀνίστασθαι,
1231 3295 1308 3365 τῷ
1362 3295 1787 3367 συνηλλοιῶσθαι

192 3373 333 3426 αὑτὸ
375 3377 676 3445 συμφθῖιον
702 3383 767 3451 τῇ
805 3381 988 3452 σαρκί.
1048 3383 1166 3437 Κᾶν
1206 3385 1313 3458 γὰρ
1340 3388 1398 3440 ὲν
1429 3391 1786 3462 πνευματικῷ

195 3469 566 3541 μεταπλασθῇ
605 3471 840 3544 σώματι,
871 3475 1002 3530 αὑτὸ
1034 3476 1133 3547 μὲν
1157 3477 1299 3543 ἰδίως
1320 3480 1381 3533 τὸ
1408 3483 1623 3553 πρῶτον
1652 3485 1786 3538 ὑπο-

190 3557 461 3628 κείμενον
485 3562 662 3616 έκεῖνο
698 3565 797 3618 οὑκ
843 3564 1080 3635 έσται⁹⁰,
1105 3570 1358 3642 ὁμοιότης
1384 3572 1441 3628 δέ
1464 3592 1547 3638 τις
1572 3576 1784 3632 ἐκείνου

191 3649 254 3701 ἐν
283 3650 622 3723 λεπτομερεῖ
647 3658 1147 3732 μεταπεπλασμένη
1185 3661 1421 3732 σώματι.
1460 3664 1525 3719 Εἰ
1554 3666 1612 3720 δὲ
1645 3669 1784 3740 μήτε

188 3741 253 3793 τὸ
271 3737 421 3806 εἶδος
454 3744 514 3796 τὸ
537 3746 669 3799 αὑτὸ
701 3750 838 3821 μήτε
857 3750 918 3804 τὸ
943 3751 1103 3821 σῶμα
1127 3753 1434 3819 ἀνίσταται,
1458 3757 1574 3811 ἀλλ’
1598 3737 1684 3813 έτε
1694 3737 1784 3832 ρον

188 3834 320 3886 ἀντὶ
340 3835 441 3888 τοῦ
466 3839 728 3908 προτέρου
755 3841 838 3911 (τὸ
861 3843 970 3915 γὰρ
992 3844 1178 3912 ὅμοιον
1208 3846 1394 3918 ἕτερον
1415 3850 1510 3902 τοῦ
1541 3849 1780 3927 [49211]

189 3925 398 3980 ἑαυτοῦ
420 3929 608 4016 ὁμοίου
640 3929 722 4000 ὃν)
744 3972 759 3996 ,
820 3934 951 3988 αὑτὸ
981 3938 1160 3990 ἐκεῖνο
1201 3939 1262 3992 τὸ
1307 3941 1546 4011 πρῶτον,
1597 3925 1784 4016 πρὸςὸ

187 4017 447 4085 ἐγένετο,
486 4015 624 4075 εἶναι
649 4023 710 4075 οὑ
741 4023 984 4082 δύναται.
1609 4039 1616 4047 “

269 4110 404 4164 Ὅτι
462 4110 603 4178 εἶδός
634 4132 800 4187 φησιν
822 4115 962 4173 εἶναι
995 4121 1056 4175 τὸ
1080 4124 1179 4194 τὴν
1211 4127 1516 4198 ταυτότητα
1543 4130 1652 4183 τῶν
1683 4149 1782 4200 με-

183 4201 302 4255 λῶν
339 4205 400 4258 έν
425 4204 503 4277 τῷ
526 4211 835 4282 χαρακτῆρι
871 4214 972 4282 τῆς
1029 4218 1246 4290 μορφῆς
1297 4222 1528 4276 ἑκάστου
1580 4225 1780 4296 ἐμφαῖ-

186 4312 282 4349 νον
288 4334 303 4347 .

261 4386 526 4484 [φθῆ]
576 4395 699 4448 Ὅτι
741 4398 800 4451 τὸ
843 4401 994 4471 παρὰ
1050 4403 1144 4457 τοῦ
1196 4408 1478 4477 προφήτου
1519 4410 1780 4484 Ίεζεκιὴλ

185 4481 328 4573 περὶ
381 4483 482 4553 τῆς
511 4485 856 4553 ἀναστάσεως
885 4492 994 4546 τῶν
1042 4496 1252 4566 νεκρῶν
1300 4501 1464 4568 ῥητὸν
1490 4481 1779 4573 εἰρημένον

1900 2002 2052 2056 bens.
2087 2001 2353 2069 Intelligat
2389 2013 2568 2057 autem
2601 2004 2871 2075 quispiam
2902 2004 3004 2058 hoc
3037 2007 3199 2072 etiam
3232 2005 3285 2061 in
3318 2006 3479 2062 rebus

1898 2092 2212 2158 mecanicis,
2249 2094 2519 2163 quomodo
2581 2111 2640 2151 se
2672 2096 2890 2162 habeat,
2917 2097 2962 2151 si
3003 2109 3238 2154 statuam
3273 2101 3473 2164 videat,

1897 2193 1987 2235 aut
2013 2198 2208 2253 equum
2241 2199 2304 2238 ex
2338 2200 2444 2239 aere
2474 2186 2674 2242 fusum.
2713 2187 2840 2242 Haec
2882 2191 3026 2244 enim
3079 2194 3475 2262 contemplatus

1897 2275 2097 2330 videbit
2120 2276 2417 2332 naturalem
2447 2277 2675 2332 formam
2703 2281 2754 2334 in
2782 2281 2865 2335 his
2896 2283 3115 2348 mutari,
3145 2291 3200 2338 et
3229 2284 3280 2338 in
3314 2285 3476 2341 aliam

1897 2365 2120 2436 figuram
2169 2377 2374 2421 mutata
2423 2368 2817 2437 transformari,
2875 2388 2902 2425 a
2960 2387 3063 2442 qua
3118 2375 3267 2442 prior
3300 2375 3474 2432 forma

1897 2458 2163 2512 naturalis
2190 2457 2422 2515 deletur.
2476 2461 2688 2516 Etenim
2715 2463 2761 2516 si
2799 2464 2922 2534 quis
2952 2466 3104 2534 signa
3147 2470 3199 2520 in
3236 2468 3474 2526 hominis

1894 2562 1986 2604 aut
2029 2552 2223 2622 3001)
2275 2555 2395 2625 equi
2442 2556 2665 2628 ﬁguram
2710 2555 2938 2628 efﬁgiata
2987 2559 3219 2628 collique
3277 2561 3473 2628 faciat;

1897 2645 2079 2714 figura:
2128 2646 2356 2701 formam
2390 2647 2591 2703 videbit
2639 2650 2986 2713 exstinctam,
3037 2654 3320 2708 materiam
3358 2671 3476 2710 ma-

1895 2751 2044 2790 nere.
2075 2736 2259 2807 Itaque
2287 2739 2580 2793 absurdum
2606 2751 2688 2794 est
2711 2741 2978 2796 allirmare
3005 2742 3234 2797 formam
3257 2745 3475 2815 quidem

1895 2845 2236 2900 nequaquam
2264 2842 2573 2900 corruptam
2618 2848 2921 2904 resurgere,
2948 2851 3146 2906 corpus
3184 2847 3384 2904 autem,
3419 2840 3486 2896 in.

1894 2939 2000 2994 quo
2032 2923 2200 2978 forma
2238 2924 2506 2993 descripta
2543 2935 2628 2980 est
2669 2929 2963 2996 corrumpi.
3005 2928 3168 2998 Atqui
3201 2945 3349 2998 sane,
3389 2921 3506 2986 in?

1894 3015 2030 3083 quit,
2065 3016 2117 3069 in
2171 3017 2450 3085 spirituale
2488 3017 2845 3073 transferetur
2871 3036 3088 3091 corpus.
3133 3023 3274 3092 Ergo
3311 3024 3473 3080 fateri

1897 3121 2119 3161 necesse
2163 3117 2248 3161 est
2289 3109 2534 3163 eamdem
2581 3112 2796 3180 preprie
2843 3109 3073 3168 formam
3103 3115 3330 3182 primam
3364 3131 3471 3171 non

1899 3214 2203 3268 resurgere,
2248 3216 2312 3256 eo
2359 3202 2497 3270 quod
2543 3202 2700 3256 simul
2747 3212 2950 3258 mutata
2993 3215 3047 3259 et
3085 3221 3346 3274 corporea
3401 3211 3474 3263 sit

1841 3291 1858 3311 ‘
1895 3308 2018 3346 cum
2047 3307 2292 3362 corpore.
2331 3292 2442 3346 Etsi
2471 3293 2612 3347 enim
2648 3293 2700 3347 in
2736 3295 3018 3363 Spirituale
3060 3311 3257 3368 corpus
3291 3308 3470 3354 trans-

1896 3386 2001 3439 lata
2029 3385 2099 3438 sit
2131 3402 2144 3438 :
2197 3384 2310 3453 ipsa
2350 3393 2528 3437 tamen
2559 3386 2747 3438 eadem
2781 3401 2884 3438 non
2924 3387 3028 3440 erit
3056 3387 3289 3456 primum
3347 3405 3472 3459 pro-

1893 3479 2009 3549 prie
2045 3477 2343 3546 subjectum
2372 3475 2535 3548 [quod
2576 3488 2702 3531 ante
2731 3477 2877 3549 fuit],
2915 3481 3009 3533 sed
3043 3482 3290 3550 quzedatn
3324 3481 3471 3536 illius

1893 3572 1945 3625 in
1978 3571 2162 3625 subtili
2193 3584 2422 3638 corpore
2442 3569 2830 3624 transformata
2854 3570 3174 3627 similitudo.
3201 3571 3256 3628 Si
3287 3582 3467 3629 autem

1894 3678 1999 3716 uon
2025 3663 2211 3717 eadem
2249 3662 2450 3728 forma,
2477 3675 2654 3730 neque
2680 3663 2820 3716 idem
2859 3679 3056 3732 corpus
3090 3663 3344 3735 resurgit,
3374 3669 3468 3720 sed

1891 3755 2033 3810 aliud
2066 3769 2163 3823 pro
2188 3754 2328 3809 alio:
2361 3755 2537 3808 simile
2571 3755 2713 3808 enim
2747 3754 2977 3808 altermn
3019 3755 3195 3810 simile
3229 3756 3329 3812 sibi
3363 3768 3467 3810 est:

1894 3847 2020 3900 illud
2053 3846 2251 3916 ipsum,
2293 3849 2360 3901 ad
2403 3846 2553 3913 cujus
2598 3843 2907 3912 exemplum
2955 3844 3154 3898 factum
3204 3855 3309 3912 est,
3351 3845 3469 3900 ﬁeri

1891 3953 1996 3994 non
2027 3947 2221 4009 potest.

1963 4118 2217 4176 Formam
2247 4118 2322 4172 ait
2349 4131 2469 4173 esse
2501 4117 2574 4185 id,
2605 4118 2748 4186 quod
2780 4117 2831 4172 in
2867 4119 3034 4190 figura
3067 4117 3251 4172 forma:
3278 4117 3468 4172 unius-

1890 4212 2171 4282 cujusque,
2197 4212 2563 4267 membrorum
2595 4211 2929 4268 identitatem
2953 4213 3194 4267 exhibet.

1962 4417 2198 4473 Verbum
2250 4415 2396 4487 quod
2452 4416 2589 4470 dixit
2637 4416 2894 4486 propheta
2937 4415 3188 4470 Ezechiel
3219 4415 3287 4470 de
3317 4430 3462 4469 mor-

1891 4518 2102 4566 tuorum
2154 4508 2556 4564 resurrectione
2585 4518 2608 4546 ο
2651 4508 2913 4578 Origenes
2962 4508 3248 4577 allegorice
3297 4506 3468 4560 inter-

185 4572 290 4626 τοῦ
336 4575 648 4646 Ὠριγένους
679 4581 1129 4653 ἀλληγοροῦντος,
1169 4589 1264 4641 καὶ
1301 4593 1378 4652 εἰς
1409 4592 1506 4662 τὴν
1534 4572 1644 4647 τῶν
1699 4597 1779 4659 εἰς

1899 4610 2133 4656 ποιειυε
2193 4609 2294 4664 est,
2355 4610 2411 4654 et
2463 4602 2529 4653 ad
2599 4598 2968 4652 lsraelitarum
3025 4613 3092 4652 ex
3149 4596 3467 4665 captivitate

185 4666 500 4723 Βαϐυλῶνα
529 4673 1083 4743 αἰχμαλωτισθέντων
1123 4680 1472 4753 Ἰσραηλιτῶν
1521 4688 1778 4744 ἐπάνοδον

173 4758 595 4830 ἐκϐιαζομένου
639 4765 939 4836 εἰρῆσθαι,
991 4771 1293 4845 ἐξελέγχων
1357 4777 1493 4846 μετά
1544 4780 1713 4835 πολλά
1753 4784 1782 4834 ὁ

182 4847 352 4918 ἅγιος
403 4851 500 4942 καὶ
525 4854 684 4908 τοῦτό
715 4875 877 4928 φησιν
899 4876 915 4891 ·
949 4862 1087 4916 Οὐδὲ
1130 4865 1257 4936 γάρι
1284 4867 1402 4921 οὑδὲ
1448 4871 1602 4924 αὑτοὶ
1645 4873 1780 4942 πρὸς

181 4940 515 5012 ἐλευθερίαν
568 4946 879 5018 ἁνέσφηλαν
931 4951 1203 5025 καθαρὰν,
1263 4957 1384 5010 οὑδέ
1432 4960 1541 5014 τῶν
1570 4940 1780 5034 ἐχθρῶν

181 5036 723 5107 κατακρατήσαντες
767 5042 1320 5121 ἐξουσιαστικώτερον
1373 5052 1703 5125 κατῴκησαν
1733 5058 1778 5090 ⁹¹

179 5126 287 5196 τὴν
304 5126 691 5202 Ἰερουσαλήμ.
723 5133 986 5207 Είργοντο
1003 5139 1128 5207 γοῦν
1153 5143 1258 5196 ὑπὸ
1279 5143 1389 5197 τῶν
1418 5146 1716 5201 ἀλλοεθνῶν
1734 5152 1781 5183 θ’

180 5217 462 5282 πολλάκις
473 5220 823 5294 οἰκοδομῆσαι
851 5227 1175 5301 θελήσαντες
1196 5235 1286 5286 τὸν
1306 5237 1510 5289 ναόν⁹³·
1533 5239 1656 5293 ὅθεν
1687 5243 1782 5295 καὶ

179 5311 242 5362 ἐν
275 5317 338 5380 μ’
375 5313 542 5366 αὑτὸν
572 5317 666 5369 καὶ
689 5318 739 5382 ς’
776 5319 922 5373 ἔτεσι
982 5322 1137 5390 μόλις
1194 5327 1538 5401 ἠδυνήθησαν
1587 5332 1779 5404 δείμα-

180 5401 320 5456 σθαι
344 5443 360 5468 ,
387 5405 485 5459 τοῦ
509 5408 854 5479 Σολομῶντος
868 5413 914 5444 ’⁸
954 5417 1010 5467 ἐν
1045 5417 1299 5472 ἑπταετεῖ
1324 5423 1500 5494 χρόνῳ
1525 5426 1588 5477 ἐκ
1616 5425 1779 5496 θεμε.⁸

259 5547 288 5578 ο
324 5538 528 5598 Ezech.
577 5559 781 5612 xxxvu,
833 5549 857 5602 l
899 5563 1054 5620 seqq.

1885 4693 2210 4765 Babylonica
2268 4693 2502 4747 reditum
2547 4691 2704 4760 quasi
2750 4705 2846 4759 per
2875 4689 2981 4743 vim
3013 4686 3264 4752 detorsit,
3300 4701 3467 4754 quem

1883 4793 2006 4853 post
2033 4783 2204 4838 multa
2243 4793 2471 4837 sanctus
2503 4779 2811 4835 Methodius
2841 4792 3139 4848 coarguens
3164 4776 3268 4831 hoc
3296 4774 3461 4831 dicit:
3561 4790 3583 4865 1‘-

1885 4875 2071 4945 Neque
2109 4873 2283 4929 Judaei
2322 4874 2538 4944 plenam
2593 4873 2976 4940 sinceramque
3021 4868 3333 4925 libertatem
3377 4881 3466 4921 as-
3571 4875 3578 4882 '

1885 4970 2055 5025 secuti
2104 4977 2252 5030 sunt,
2307 4981 2482 5034 neque
2521 4965 2770 5020 hostibus
2805 4962 3033 5018 devictis
3085 4959 3276 5028 majori
3339 4973 3466 5014 cum

1888 5071 2159 5132 potestate
2227 5058 2659 5128 Hierosolymam
2729 5055 3094 5110 incoluerunt.
3150 5052 3266 5107 Imo
3321 5065 3467 5120 sape

1889 5170 2012 5210 eum
2041 5153 2350 5209 instaurare
2378 5153 2567 5205 urbem
2608 5156 2963 5211 conarentur,
3000 5145 3068 5200 ab
3103 5144 3225 5199 aliis
3253 5141 3466 5213 populis

1885 5255 2016 5302 sunt
2066 5243 2332 5313 impediti.
2368 5240 2523 5298 Unde
2559 5251 2617 5296 et
2659 5240 2800 5293 intra
2855 5237 3209 5308 quadraginta
3239 5250 3334 5291 sex
3364 5249 3464 5286 an-

1886 5350 1986 5390 uos
2023 5336 2113 5389 vix
2151 5332 2410 5402 templum
2455 5331 2828 5393 absolverunt,
2871 5343 2994 5384 cum
3026 5327 3160 5382 illud
3199 5325 3463 5381 Salomon

1882 5438 2091 5498 septem
2134 5427 2290 5482 annis
2332 5427 2399 5481 ab
2436 5426 2568 5496 ipsis
2605 5421 2975 5479 fundamentis
3011 5420 3308 5477 excitatum
3337 5431 3464 5488 per-

1471 5664 1707 5721 νΑιιιᾸς
1769 5668 2171 5725 LECTIONES.

256 5747 316 5820 εξ
350 5746 429 5812 ὡς
485 5749 549 5820 εί
586 5765 696 5805 om.
731 5767 814 5820 pr.
872 5755 937 5817 A,
979 5755 1026 5806 εἰ
1062 5768 1171 5807 om.
1210 5753 1274 5808 Β.

177 5819 230 5852 ³³
264 5817 364 5872 τὸν
402 5819 553 5887 ναόν]
591 5822 708 5877 libri
732 5817 960 5890 μᾶλλον.
1041 5825 1086 5856 ’⁸
1107 5825 1419 5895 Σολομῶνος
1445 5827 1553 5880 ΑΒ.

1367 5754 1412 5786 ⁸⁸
1437 5756 1538 5832 ei»);
1594 5756 1770 5831 ἔσται]
1837 5761 1934 5831 οὐκ
1962 5759 2068 5817 ΑΒ.
2150 5762 2193 5793 ει
2239 5760 2550 5832 κατῴκισαν
2580 5780 2641 5826 ς’.
2718 5767 2764 5796 η
2797 5764 2910 5819 τῶν
2949 5763 3120 5819 ἄλλων
3149 5756 3320 5815 ἐθνῶν
3346 5754 3460 5812 ΑΒ.
