  <div class='ocr_page' id='page_1' title='image "/cluster/home/n/w/nwhite01/storage/ocr_20150623/103/hvd.32044018872861/575.png"; bbox 0 0 4066 6404; ppageno 0'>
   <div class='ocr_carea' id='block_1_1' title="bbox 533 426 667 491">
    <p class='ocr_par' dir='ltr' id='par_1_1' title="bbox 533 426 667 491">
     <span class='ocr_line' id='line_1_1' title="bbox 533 426 667 491; baseline 0 0"><span class='ocrx_word' id='word_1_1' title='bbox 533 426 667 491; x_wconf 80' lang='grc'><strong>1135</strong></span> 
     </span>
    </p>
   </div>
   <div class='ocr_carea' id='block_1_2' title="bbox 1618 419 2583 481">
    <p class='ocr_par' dir='ltr' id='par_1_2' title="bbox 1618 419 2583 481">
     <span class='ocr_line' id='line_1_2' title="bbox 1618 419 2583 481; baseline 0.001 -1"><span class='ocrx_word' id='word_1_2' title='bbox 1618 421 1879 481; x_wconf 84' lang='grc' dir='ltr'><strong>ΡΙΙΟΤΙΙ</strong></span> <span class='ocrx_word' id='word_1_3' title='bbox 1921 419 2427 479; x_wconf 71' lang='lat' dir='ltr'><strong>PATRIARClLE</strong></span> <span class='ocrx_word' id='word_1_4' title='bbox 2476 421 2583 481; x_wconf 87' lang='lat' dir='ltr'><strong>CI’.</strong></span> 
     </span>
    </p>
   </div>
   <div class='ocr_carea' id='block_1_3' title="bbox 3645 417 3780 483">
    <p class='ocr_par' dir='ltr' id='par_1_3' title="bbox 3645 417 3780 483">
     <span class='ocr_line' id='line_1_3' title="bbox 3645 417 3780 483; baseline 0.007 -3"><span class='ocrx_word' id='word_1_5' title='bbox 3645 417 3780 483; x_wconf 82' lang='lat'><strong>1136</strong></span> 
     </span>
    </p>
   </div>
   <div class='ocr_carea' id='block_1_4' title="bbox 526 536 2111 611">
    <p class='ocr_par' dir='ltr' id='par_1_4' title="bbox 526 537 2103 611">
     <span class='ocr_line' id='line_1_4' title="bbox 526 537 2103 611; baseline -0.002 -17"><span class='ocrx_word' id='word_1_6' title='bbox 526 543 763 597; x_wconf 77' lang='lat' dir='ltr'><strong>fecisset.</strong></span> <span class='ocrx_word' id='word_1_7' title='bbox 823 541 885 594; x_wconf 86' lang='lat' dir='ltr'><strong>Et</strong></span> <span class='ocrx_word' id='word_1_8' title='bbox 940 538 1070 611; x_wconf 86' lang='lat' dir='ltr'><strong>quid</strong></span> <span class='ocrx_word' id='word_1_9' title='bbox 1125 554 1259 608; x_wconf 89' lang='lat' dir='ltr'><strong>opus</strong></span> <span class='ocrx_word' id='word_1_10' title='bbox 1307 548 1385 593; x_wconf 86' lang='lat' dir='ltr'><strong>est</strong></span> <span class='ocrx_word' id='word_1_11' title='bbox 1418 537 1640 591; x_wconf 74' lang='lat' dir='ltr'><strong>verbis?</strong></span> <span class='ocrx_word' id='word_1_12' title='bbox 1670 539 1711 590; x_wconf 79' lang='grc' dir='ltr'><strong>Α</strong></span> <span class='ocrx_word' id='word_1_13' title='bbox 1742 537 2103 591; x_wconf 71' lang='lat' dir='ltr'><strong>Nabuchodo-</strong></span> 
     </span>
    </p>
   </div>
   <div class='ocr_carea' id='block_1_5' title="bbox 2216 536 3789 611">
    <p class='ocr_par' dir='ltr' id='par_1_5' title="bbox 2216 536 3789 610">
     <span class='ocr_line' id='line_1_5' title="bbox 2216 536 3789 610; baseline 0.003 -23"><span class='ocrx_word' id='word_1_14' title='bbox 2216 536 2333 590; x_wconf 68' lang='lat' dir='ltr'><strong>itin</strong></span> <span class='ocrx_word' id='word_1_15' title='bbox 2399 538 2621 590; x_wconf 72' lang='grc' dir='ltr'>αὑτὺν⁹⁸</span> <span class='ocrx_word' id='word_1_16' title='bbox 2651 554 2712 589; x_wconf 88' lang='grc' dir='ltr'><strong>συ</strong></span> <span class='ocrx_word' id='word_1_17' title='bbox 2723 537 3173 609; x_wconf 84' lang='grc' dir='ltr'>μπληρώσαντος.</span> <span class='ocrx_word' id='word_1_18' title='bbox 3231 541 3338 593; x_wconf 76' lang='grc' dir='ltr'>Καὶ</span> <span class='ocrx_word' id='word_1_19' title='bbox 3365 542 3416 593; x_wconf 83' lang='grc' dir='ltr'><strong>τί</strong></span> <span class='ocrx_word' id='word_1_20' title='bbox 3442 539 3549 610; x_wconf 81' lang='grc' dir='ltr'><strong>χρὴ</strong></span> <span class='ocrx_word' id='word_1_21' title='bbox 3576 541 3789 608; x_wconf 72' lang='grc' dir='ltr'>λέγεινς</span> 
     </span>
    </p>
   </div>
   <div class='ocr_carea' id='block_1_6' title="bbox 527 627 2106 698">
    <p class='ocr_par' dir='ltr' id='par_1_6' title="bbox 527 627 2106 698">
     <span class='ocr_line' id='line_1_6' title="bbox 527 627 2106 698; baseline -0.004 -8"><span class='ocrx_word' id='word_1_22' title='bbox 527 648 724 690; x_wconf 86' lang='lat' dir='ltr'><strong>nosore</strong></span> <span class='ocrx_word' id='word_1_23' title='bbox 772 642 825 687; x_wconf 87' lang='lat' dir='ltr'><strong>et</strong></span> <span class='ocrx_word' id='word_1_24' title='bbox 885 632 1298 686; x_wconf 81' lang='lat' dir='ltr'><strong>successoribus</strong></span> <span class='ocrx_word' id='word_1_25' title='bbox 1346 628 1463 697; x_wconf 77' lang='lat' dir='ltr'><strong>ejus</strong></span> <span class='ocrx_word' id='word_1_26' title='bbox 1517 630 1569 681; x_wconf 91' lang='lat' dir='ltr'><strong>iu</strong></span> <span class='ocrx_word' id='word_1_27' title='bbox 1621 627 1893 698; x_wconf 79' lang='lat' dir='ltr'><strong>Babylone</strong></span> <span class='ocrx_word' id='word_1_28' title='bbox 1936 643 2106 696; x_wconf 82' lang='lat' dir='ltr'><strong>usque</strong></span> 
     </span>
    </p>
   </div>
   <div class='ocr_carea' id='block_1_7' title="bbox 522 722 2099 795">
    <p class='ocr_par' dir='ltr' id='par_1_7' title="bbox 522 722 2099 795">
     <span class='ocr_line' id='line_1_7' title="bbox 522 722 2099 795; baseline -0.004 -14"><span class='ocrx_word' id='word_1_29' title='bbox 522 733 587 781; x_wconf 80' lang='lat' dir='ltr'><strong>ad</strong></span> <span class='ocrx_word' id='word_1_30' title='bbox 618 727 906 781; x_wconf 76' lang='lat' dir='ltr'><strong>Persarum</strong></span> <span class='ocrx_word' id='word_1_31' title='bbox 945 728 995 779; x_wconf 92' lang='lat' dir='ltr'><strong>in</strong></span> <span class='ocrx_word' id='word_1_32' title='bbox 1030 725 1283 795; x_wconf 88' lang='lat' dir='ltr'><strong>Assyrios</strong></span> <span class='ocrx_word' id='word_1_33' title='bbox 1319 722 1741 791; x_wconf 73' lang='lat' dir='ltr'><strong>expeditionem,</strong></span> <span class='ocrx_word' id='word_1_34' title='bbox 1779 733 1831 776; x_wconf 82' lang='lat' dir='ltr'><strong>et</strong></span> <span class='ocrx_word' id='word_1_35' title='bbox 1864 722 2099 775; x_wconf 73' lang='lat' dir='ltr'><strong>Alexan-</strong></span> 
     </span>
    </p>
   </div>
   <div class='ocr_carea' id='block_1_8' title="bbox 521 814 2099 885">
    <p class='ocr_par' dir='ltr' id='par_1_8' title="bbox 521 814 2099 885">
     <span class='ocr_line' id='line_1_8' title="bbox 521 814 2099 885; baseline -0.003 -14"><span class='ocrx_word' id='word_1_36' title='bbox 521 818 606 872; x_wconf 86' lang='lat' dir='ltr'><strong>dri</strong></span> <span class='ocrx_word' id='word_1_37' title='bbox 641 819 948 885; x_wconf 80' lang='lat' dir='ltr'><strong>imperium,</strong></span> <span class='ocrx_word' id='word_1_38' title='bbox 992 825 1046 871; x_wconf 85' lang='lat' dir='ltr'><strong>et</strong></span> <span class='ocrx_word' id='word_1_39' title='bbox 1080 816 1277 870; x_wconf 90' lang='lat' dir='ltr'><strong>bellum</strong></span> <span class='ocrx_word' id='word_1_40' title='bbox 1314 814 1423 882; x_wconf 82' lang='lat' dir='ltr'><strong>jam</strong></span> <span class='ocrx_word' id='word_1_41' title='bbox 1460 830 1580 868; x_wconf 91' lang='lat' dir='ltr'><strong>cum</strong></span> <span class='ocrx_word' id='word_1_42' title='bbox 1620 814 1881 867; x_wconf 82' lang='lat' dir='ltr'><strong>Romanis</strong></span> <span class='ocrx_word' id='word_1_43' title='bbox 1914 815 2099 868; x_wconf 87' lang='lat' dir='ltr'><strong>incru-</strong></span> 
     </span>
    </p>
   </div>
   <div class='ocr_carea' id='block_1_9' title="bbox 522 904 2098 977">
    <p class='ocr_par' dir='ltr' id='par_1_9' title="bbox 522 904 2098 977">
     <span class='ocr_line' id='line_1_9' title="bbox 522 904 2098 977; baseline -0.002 -13"><span class='ocrx_word' id='word_1_44' title='bbox 522 912 750 967; x_wconf 82' lang='lat' dir='ltr'><strong>desceus</strong></span> <span class='ocrx_word' id='word_1_45' title='bbox 802 911 983 965; x_wconf 80' lang='lat' dir='ltr'><strong>sexies</strong></span> <span class='ocrx_word' id='word_1_46' title='bbox 1049 908 1117 961; x_wconf 85' lang='lat' dir='ltr'><strong>ab</strong></span> <span class='ocrx_word' id='word_1_47' title='bbox 1169 908 1415 962; x_wconf 80' lang='lat' dir='ltr'><strong>hostibus</strong></span> <span class='ocrx_word' id='word_1_48' title='bbox 1472 904 1844 977; x_wconf 81' lang='lat' dir='ltr'><strong>Hierosolyma</strong></span> <span class='ocrx_word' id='word_1_49' title='bbox 1912 921 2098 961; x_wconf 82' lang='lat' dir='ltr'><strong>eversa</strong></span> 
     </span>
    </p>
   </div>
   <div class='ocr_carea' id='block_1_10' title="bbox 522 996 2099 1070">
    <p class='ocr_par' dir='ltr' id='par_1_10' title="bbox 522 996 2099 1070">
     <span class='ocr_line' id='line_1_10' title="bbox 522 996 2099 1070; baseline -0.003 -15"><span class='ocrx_word' id='word_1_50' title='bbox 522 1013 670 1056; x_wconf 90' lang='lat' dir='ltr'><strong>sunt.</strong></span> <span class='ocrx_word' id='word_1_51' title='bbox 708 1001 772 1055; x_wconf 86' lang='lat' dir='ltr'><strong>Et</strong></span> <span class='ocrx_word' id='word_1_52' title='bbox 814 1002 918 1055; x_wconf 91' lang='lat' dir='ltr'><strong>hoc</strong></span> <span class='ocrx_word' id='word_1_53' title='bbox 948 1000 1185 1070; x_wconf 86' lang='lat' dir='ltr'><strong>Josepho</strong></span> <span class='ocrx_word' id='word_1_54' title='bbox 1226 1010 1361 1053; x_wconf 86' lang='lat' dir='ltr'><strong>teste</strong></span> <span class='ocrx_word' id='word_1_55' title='bbox 1394 998 1483 1065; x_wconf 85' lang='lat' dir='ltr'><strong>qui</strong></span> <span class='ocrx_word' id='word_1_56' title='bbox 1525 996 1657 1050; x_wconf 91' lang='lat' dir='ltr'><strong>dicit</strong></span> <span class='ocrx_word' id='word_1_57' title='bbox 1688 1013 1700 1048; x_wconf 87' lang='lat'><strong>:</strong></span> <span class='ocrx_word' id='word_1_58' title='bbox 1748 999 1897 1049; x_wconf 76' lang='lat' dir='ltr'><strong>Anno</strong></span> <span class='ocrx_word' id='word_1_59' title='bbox 1931 999 2099 1051; x_wconf 82' lang='lat' dir='ltr'><strong>altera</strong></span> 
     </span>
    </p>
   </div>
   <div class='ocr_carea' id='block_1_11' title="bbox 532 1092 2099 1161">
    <p class='ocr_par' dir='ltr' id='par_1_11' title="bbox 532 1092 2099 1161">
     <span class='ocr_line' id='line_1_11' title="bbox 532 1092 2099 1161; baseline -0.002 -15"><span class='ocrx_word' id='word_1_60' title='bbox 532 1092 840 1161; x_wconf 70' lang='lat' dir='ltr'><strong>Vespasiani</strong></span> <span class='ocrx_word' id='word_1_61' title='bbox 898 1094 1245 1161; x_wconf 75' lang='lat' dir='ltr'><strong>imperatoris,</strong></span> <span class='ocrx_word' id='word_1_62' title='bbox 1300 1104 1453 1160; x_wconf 83' lang='lat' dir='ltr'><strong>capta</strong></span> <span class='ocrx_word' id='word_1_63' title='bbox 1515 1102 1688 1143; x_wconf 83' lang='lat' dir='ltr'><strong>autent</strong></span> <span class='ocrx_word' id='word_1_64' title='bbox 1746 1100 1792 1142; x_wconf 88' lang='lat' dir='ltr'><strong>et</strong></span> <span class='ocrx_word' id='word_1_65' title='bbox 1846 1092 2099 1159; x_wconf 88' lang='lat' dir='ltr'><strong>antejam</strong></span> 
     </span>
    </p>
   </div>
   <div class='ocr_carea' id='block_1_12' title="bbox 519 1180 2099 1256">
    <p class='ocr_par' dir='ltr' id='par_1_12' title="bbox 519 1180 2099 1256">
     <span class='ocr_line' id='line_1_12' title="bbox 519 1180 2099 1256; baseline -0.001 -19"><span class='ocrx_word' id='word_1_66' title='bbox 519 1187 791 1256; x_wconf 73' lang='lat' dir='ltr'><strong>quinquies</strong></span> <span class='ocrx_word' id='word_1_67' title='bbox 842 1186 1038 1253; x_wconf 80' lang='lat' dir='ltr'><strong>fuerat,</strong></span> <span class='ocrx_word' id='word_1_68' title='bbox 1096 1187 1289 1237; x_wconf 81' lang='lat' dir='ltr'><strong>iterum</strong></span> <span class='ocrx_word' id='word_1_69' title='bbox 1355 1184 1531 1236; x_wconf 80' lang='lat' dir='ltr'><strong>excisa</strong></span> <span class='ocrx_word' id='word_1_70' title='bbox 1563 1192 1637 1235; x_wconf 83' lang='lat' dir='ltr'><strong>est</strong></span> <span class='ocrx_word' id='word_1_71' title='bbox 1702 1180 2099 1251; x_wconf 79' lang='lat' dir='ltr'><strong>Hierosolyma.</strong></span> 
     </span>
    </p>
   </div>
   <div class='ocr_carea' id='block_1_13' title="bbox 520 1274 2101 1345">
    <p class='ocr_par' dir='ltr' id='par_1_13' title="bbox 520 1274 2101 1345">
     <span class='ocr_line' id='line_1_13' title="bbox 520 1274 2101 1345; baseline -0.004 -13"><span class='ocrx_word' id='word_1_72' title='bbox 520 1280 804 1333; x_wconf 81' lang='lat' dir='ltr'><strong>Asoclta&#39;us</strong></span> <span class='ocrx_word' id='word_1_73' title='bbox 862 1281 997 1332; x_wconf 86' lang='lat' dir='ltr'><strong>enim</strong></span> <span class='ocrx_word' id='word_1_74' title='bbox 1035 1276 1255 1345; x_wconf 52' lang='lat' dir='ltr'><strong>{Egypti</strong></span> <span class='ocrx_word' id='word_1_75' title='bbox 1317 1292 1426 1341; x_wconf 75' lang='lat' dir='ltr'><strong>rex,</strong></span> <span class='ocrx_word' id='word_1_76' title='bbox 1489 1285 1538 1328; x_wconf 85' lang='lat' dir='ltr'><strong>et</strong></span> <span class='ocrx_word' id='word_1_77' title='bbox 1609 1274 1773 1343; x_wconf 81' lang='lat' dir='ltr'><strong>hujus</strong></span> <span class='ocrx_word' id='word_1_78' title='bbox 1829 1289 2101 1327; x_wconf 74' lang='lat' dir='ltr'><strong>successor</strong></span> 
     </span>
    </p>
   </div>
   <div class='ocr_carea' id='block_1_14' title="bbox 520 1364 2098 1435">
    <p class='ocr_par' dir='ltr' id='par_1_14' title="bbox 520 1364 2098 1435">
     <span class='ocr_line' id='line_1_14' title="bbox 520 1364 2098 1435; baseline -0.004 -12"><span class='ocrx_word' id='word_1_79' title='bbox 520 1371 852 1433; x_wconf 73' lang='lat' dir='ltr'><strong>Antiochus,</strong></span> <span class='ocrx_word' id='word_1_80' title='bbox 924 1368 1110 1423; x_wconf 83' lang='lat' dir='ltr'><strong>deinde</strong></span> <span class='ocrx_word' id='word_1_81' title='bbox 1182 1366 1480 1435; x_wconf 79' lang='lat' dir='ltr'><strong>Pompeius,</strong></span> <span class='ocrx_word' id='word_1_82' title='bbox 1551 1365 1738 1417; x_wconf 78' lang='lat' dir='ltr'><strong>deinde</strong></span> <span class='ocrx_word' id='word_1_83' title='bbox 1818 1374 1932 1431; x_wconf 87' lang='lat' dir='ltr'><strong>post</strong></span> <span class='ocrx_word' id='word_1_84' title='bbox 2001 1364 2098 1417; x_wconf 76' lang='lat' dir='ltr'><strong>hos</strong></span> 
     </span>
    </p>
   </div>
   <div class='ocr_carea' id='block_1_15' title="bbox 522 1458 2092 1523">
    <p class='ocr_par' dir='ltr' id='par_1_15' title="bbox 522 1458 2092 1523">
     <span class='ocr_line' id='line_1_15' title="bbox 522 1458 2092 1523; baseline -0.005 -6"><span class='ocrx_word' id='word_1_85' title='bbox 522 1463 708 1517; x_wconf 80' lang='lat' dir='ltr'><strong>Sosius</strong></span> <span class='ocrx_word' id='word_1_86' title='bbox 761 1478 877 1514; x_wconf 88' lang='lat' dir='ltr'><strong>cum</strong></span> <span class='ocrx_word' id='word_1_87' title='bbox 961 1460 1168 1514; x_wconf 78' lang='lat' dir='ltr'><strong>Herode</strong></span> <span class='ocrx_word' id='word_1_88' title='bbox 1217 1472 1424 1523; x_wconf 75' lang='lat' dir='ltr'><strong>captam</strong></span> <span class='ocrx_word' id='word_1_89' title='bbox 1480 1458 1660 1511; x_wconf 86' lang='lat' dir='ltr'><strong>urbem</strong></span> <span class='ocrx_word' id='word_1_90' title='bbox 1724 1458 2092 1510; x_wconf 83' lang='lat' dir='ltr'><strong>incenderunt.</strong></span> 
     </span>
    </p>
   </div>
   <div class='ocr_carea' id='block_1_16' title="bbox 522 1552 2024 1621">
    <p class='ocr_par' dir='ltr' id='par_1_16' title="bbox 522 1552 2024 1621">
     <span class='ocr_line' id='line_1_16' title="bbox 522 1552 2024 1621; baseline -0.004 -15"><span class='ocrx_word' id='word_1_91' title='bbox 522 1556 657 1607; x_wconf 77' lang='lat' dir='ltr'><strong>Ante</strong></span> <span class='ocrx_word' id='word_1_92' title='bbox 681 1555 771 1605; x_wconf 83' lang='lat' dir='ltr'><strong>hos</strong></span> <span class='ocrx_word' id='word_1_93' title='bbox 802 1568 917 1605; x_wconf 86' lang='lat' dir='ltr'><strong>vero</strong></span> <span class='ocrx_word' id='word_1_94' title='bbox 946 1552 1228 1621; x_wconf 76' lang='lat' dir='ltr'><strong>Babylonis</strong></span> <span class='ocrx_word' id='word_1_95' title='bbox 1276 1567 1363 1605; x_wconf 76' lang='lat' dir='ltr'><strong>rex</strong></span> <span class='ocrx_word' id='word_1_96' title='bbox 1392 1563 1742 1618; x_wconf 77' lang='lat' dir='ltr'><strong>expugnatam</strong></span> <span class='ocrx_word' id='word_1_97' title='bbox 1786 1552 2024 1602; x_wconf 74' lang='lat' dir='ltr'><strong>vastavit.</strong></span> 
     </span>
    </p>
   </div>
   <div class='ocr_carea' id='block_1_17' title="bbox 2222 628 3794 701">
    <p class='ocr_par' dir='ltr' id='par_1_17' title="bbox 2222 628 3794 701">
     <span class='ocr_line' id='line_1_17' title="bbox 2222 628 3794 701; baseline 0.003 -21"><span class='ocrx_word' id='word_1_98' title='bbox 2222 629 2356 681; x_wconf 76' lang='grc' dir='ltr'>’Λπδ</span> <span class='ocrx_word' id='word_1_99' title='bbox 2386 629 2493 699; x_wconf 78' lang='grc' dir='ltr'>γὰρ</span> <span class='ocrx_word' id='word_1_100' title='bbox 2525 628 2589 698; x_wconf 81' lang='grc' dir='ltr'>δὴ</span> <span class='ocrx_word' id='word_1_101' title='bbox 2620 628 3092 699; x_wconf 74' lang='grc' dir='ltr'>Ναϐουχοδονόσορ</span> <span class='ocrx_word' id='word_1_102' title='bbox 3115 632 3161 661; x_wconf 72' lang='grc'><strong>’⁸</strong></span> <span class='ocrx_word' id='word_1_103' title='bbox 3190 633 3282 685; x_wconf 74' lang='grc' dir='ltr'>καὶ</span> <span class='ocrx_word' id='word_1_104' title='bbox 3315 632 3423 683; x_wconf 82' lang='grc' dir='ltr'>τῶν</span> <span class='ocrx_word' id='word_1_105' title='bbox 3457 630 3578 701; x_wconf 79' lang='grc' dir='ltr'>μετ’</span> <span class='ocrx_word' id='word_1_106' title='bbox 3632 631 3794 684; x_wconf 72' lang='grc' dir='ltr'>αὑτὸν</span> 
     </span>
    </p>
   </div>
   <div class='ocr_carea' id='block_1_18' title="bbox 2209 721 3798 793">
    <p class='ocr_par' dir='ltr' id='par_1_18' title="bbox 2209 721 3798 793">
     <span class='ocr_line' id='line_1_18' title="bbox 2209 721 3798 793; baseline 0.001 -19"><span class='ocrx_word' id='word_1_107' title='bbox 2209 721 2527 785; x_wconf 75' lang='grc' dir='ltr'>Βαϐυλῶνος</span> <span class='ocrx_word' id='word_1_108' title='bbox 2577 721 3018 792; x_wconf 82' lang='grc' dir='ltr'><strong>βασιλευσάντων</strong></span> <span class='ocrx_word' id='word_1_109' title='bbox 3074 723 3204 793; x_wconf 78' lang='grc' dir='ltr'>ἄχρι</span> <span class='ocrx_word' id='word_1_110' title='bbox 3259 723 3358 791; x_wconf 82' lang='grc' dir='ltr'><strong>τῆς</strong></span> <span class='ocrx_word' id='word_1_111' title='bbox 3426 722 3656 793; x_wconf 82' lang='grc' dir='ltr'>Περσῶν</span> <span class='ocrx_word' id='word_1_112' title='bbox 3708 726 3798 776; x_wconf 81' lang='grc' dir='ltr'>ἐπὶ</span> 
     </span>
    </p>
   </div>
   <div class='ocr_carea' id='block_1_19' title="bbox 2204 813 3796 885">
    <p class='ocr_par' dir='ltr' id='par_1_19' title="bbox 2204 813 3796 885">
     <span class='ocr_line' id='line_1_19' title="bbox 2204 813 3796 885; baseline 0.001 -20"><span class='ocrx_word' id='word_1_113' title='bbox 2204 816 2330 876; x_wconf 74' lang='grc' dir='ltr'>τοὺς</span> <span class='ocrx_word' id='word_1_114' title='bbox 2372 814 2694 885; x_wconf 78' lang='grc' dir='ltr'><strong>Ἀσσυρίους</strong></span> <span class='ocrx_word' id='word_1_115' title='bbox 2710 814 2753 847; x_wconf 80' lang='grc'><strong>⁸⁷</strong></span> <span class='ocrx_word' id='word_1_116' title='bbox 2790 813 3043 878; x_wconf 82' lang='grc' dir='ltr'>καθόδου,</span> <span class='ocrx_word' id='word_1_117' title='bbox 3066 818 3166 885; x_wconf 82' lang='grc' dir='ltr'>τῆς</span> <span class='ocrx_word' id='word_1_118' title='bbox 3192 832 3251 868; x_wconf 90' lang='grc' dir='ltr'><strong>τε</strong></span> <span class='ocrx_word' id='word_1_119' title='bbox 3268 814 3627 884; x_wconf 78' lang='grc' dir='ltr'>Ἀλεξάνδρου</span> <span class='ocrx_word' id='word_1_120' title='bbox 3665 817 3796 885; x_wconf 81' lang='grc' dir='ltr'>ἡγε-</span> 
     </span>
    </p>
   </div>
   <div class='ocr_carea' id='block_1_20' title="bbox 2208 886 3801 981">
    <p class='ocr_par' dir='ltr' id='par_1_20' title="bbox 2208 906 3801 981">
     <span class='ocr_line' id='line_1_20' title="bbox 2208 906 3801 981; baseline 0.002 -24"><span class='ocrx_word' id='word_1_121' title='bbox 2208 906 2419 976; x_wconf 87' lang='grc' dir='ltr'>μονίας,</span> <span class='ocrx_word' id='word_1_122' title='bbox 2456 908 2549 959; x_wconf 74' lang='grc' dir='ltr'>καὶ</span> <span class='ocrx_word' id='word_1_123' title='bbox 2580 906 2673 960; x_wconf 79' lang='grc' dir='ltr'>τοῦ</span> <span class='ocrx_word' id='word_1_124' title='bbox 2693 906 2738 939; x_wconf 75' lang='grc'><strong>⁸⁸</strong></span> <span class='ocrx_word' id='word_1_125' title='bbox 2760 906 3047 977; x_wconf 86' lang='grc' dir='ltr'>Ῥωμαίων</span> <span class='ocrx_word' id='word_1_126' title='bbox 3075 907 3171 961; x_wconf 81' lang='grc' dir='ltr'><strong>τοῦ</strong></span> <span class='ocrx_word' id='word_1_127' title='bbox 3203 910 3339 981; x_wconf 65' lang='grc' dir='ltr'>πρὸς</span> <span class='ocrx_word' id='word_1_128' title='bbox 3369 910 3495 972; x_wconf 66' lang='grc' dir='ltr'>τοὺς</span> <span class='ocrx_word' id='word_1_129' title='bbox 3514 909 3801 972; x_wconf 72' lang='grc' dir='ltr'>Ἰουδαίους</span> 
     </span>
    </p>
   </div>
   <div class='ocr_carea' id='block_1_21' title="bbox 2204 999 3801 1071">
    <p class='ocr_par' dir='ltr' id='par_1_21' title="bbox 2204 999 3801 1071">
     <span class='ocr_line' id='line_1_21' title="bbox 2204 999 3801 1071; baseline 0.003 -22"><span class='ocrx_word' id='word_1_130' title='bbox 2204 1000 2575 1069; x_wconf 67' lang='grc' dir='ltr'>συρραγέντος</span> <span class='ocrx_word' id='word_1_131' title='bbox 2633 999 2894 1069; x_wconf 75' lang='grc' dir='ltr'>πολέμου,</span> <span class='ocrx_word' id='word_1_132' title='bbox 2950 1000 3139 1066; x_wconf 78' lang='grc' dir='ltr'>ἑξάκις</span> <span class='ocrx_word' id='word_1_133' title='bbox 3184 1000 3653 1071; x_wconf 54' lang='grc' dir='ltr'>κατεστρώθησαν</span> <span class='ocrx_word' id='word_1_134' title='bbox 3698 1002 3801 1053; x_wconf 58' lang='grc' dir='ltr'><strong>ὑπο</strong></span> 
     </span>
    </p>
   </div>
   <div class='ocr_carea' id='block_1_22' title="bbox 2206 1090 3797 1164">
    <p class='ocr_par' dir='ltr' id='par_1_22' title="bbox 2206 1090 3797 1164">
     <span class='ocr_line' id='line_1_22' title="bbox 2206 1090 3797 1164; baseline 0.003 -21"><span class='ocrx_word' id='word_1_135' title='bbox 2206 1090 2314 1143; x_wconf 83' lang='grc' dir='ltr'><strong>τῶν</strong></span> <span class='ocrx_word' id='word_1_136' title='bbox 2348 1092 2626 1160; x_wconf 82' lang='grc' dir='ltr'>πολεμίων</span> <span class='ocrx_word' id='word_1_137' title='bbox 2668 1091 2738 1144; x_wconf 80' lang='grc' dir='ltr'><strong>τά</strong></span> <span class='ocrx_word' id='word_1_138' title='bbox 2781 1091 3149 1162; x_wconf 83' lang='grc' dir='ltr'>Ἰεροσόλυμα.</span> <span class='ocrx_word' id='word_1_139' title='bbox 3212 1092 3323 1146; x_wconf 74' lang='grc' dir='ltr'><strong>Καὶ</strong></span> <span class='ocrx_word' id='word_1_140' title='bbox 3368 1092 3531 1147; x_wconf 80' lang='grc' dir='ltr'>τοῦτο</span> <span class='ocrx_word' id='word_1_141' title='bbox 3564 1094 3797 1164; x_wconf 65' lang='grc' dir='ltr'>Ἰώσηπε</span> 
     </span>
    </p>
   </div>
   <div class='ocr_carea' id='block_1_23' title="bbox 2209 1181 3801 1253">
    <p class='ocr_par' dir='ltr' id='par_1_23' title="bbox 2209 1181 3801 1253">
     <span class='ocr_line' id='line_1_23' title="bbox 2209 1181 3801 1253; baseline 0.004 -21"><span class='ocrx_word' id='word_1_142' title='bbox 2209 1196 2309 1243; x_wconf 81' lang='grc' dir='ltr'><strong>πος</strong></span> <span class='ocrx_word' id='word_1_143' title='bbox 2347 1184 2552 1252; x_wconf 80' lang='grc' dir='ltr'>ἱστορεῖ</span> <span class='ocrx_word' id='word_1_144' title='bbox 2576 1181 2771 1249; x_wconf 82' lang='grc' dir='ltr'>λέγων·</span> <span class='ocrx_word' id='word_1_145' title='bbox 2816 1183 2978 1237; x_wconf 80' lang='grc' dir='ltr'>Ἔτει</span> <span class='ocrx_word' id='word_1_146' title='bbox 3012 1184 3268 1253; x_wconf 78' lang='grc' dir='ltr'><strong>δευτέρῳ</strong></span> <span class='ocrx_word' id='word_1_147' title='bbox 3284 1183 3393 1253; x_wconf 80' lang='grc' dir='ltr'>τῆς</span> <span class='ocrx_word' id='word_1_148' title='bbox 3414 1188 3801 1239; x_wconf 79' lang='grc' dir='ltr'>Οὐεσπασια-</span> 
     </span>
    </p>
   </div>
   <div class='ocr_carea' id='block_1_24' title="bbox 2207 1275 3800 1345">
    <p class='ocr_par' dir='ltr' id='par_1_24' title="bbox 2207 1275 3800 1345">
     <span class='ocr_line' id='line_1_24' title="bbox 2207 1275 3800 1345; baseline 0.001 -18"><span class='ocrx_word' id='word_1_149' title='bbox 2207 1275 2319 1329; x_wconf 87' lang='grc' dir='ltr'><strong>νοῦ</strong></span> <span class='ocrx_word' id='word_1_150' title='bbox 2338 1276 2382 1305; x_wconf 77' lang='grc'><strong>’⁸</strong></span> <span class='ocrx_word' id='word_1_151' title='bbox 2408 1277 2753 1344; x_wconf 71' lang='grc' dir='ltr'>ἡγεμονίας,</span> <span class='ocrx_word' id='word_1_152' title='bbox 2784 1276 3027 1330; x_wconf 71' lang='grc' dir='ltr'><em>ἁλοῦσα</em></span> <span class='ocrx_word' id='word_1_153' title='bbox 3051 1276 3119 1328; x_wconf 85' lang='grc' dir='ltr'>δὲ</span> <span class='ocrx_word' id='word_1_154' title='bbox 3144 1278 3240 1331; x_wconf 81' lang='grc' dir='ltr'>καὶ</span> <span class='ocrx_word' id='word_1_155' title='bbox 3270 1280 3564 1345; x_wconf 77' lang='grc' dir='ltr'>πρότερον</span> <span class='ocrx_word' id='word_1_156' title='bbox 3580 1278 3800 1331; x_wconf 78' lang='grc' dir='ltr'>πεντὰ-</span> 
     </span>
    </p>
   </div>
   <div class='ocr_carea' id='block_1_25' title="bbox 2208 1366 3802 1439">
    <p class='ocr_par' dir='ltr' id='par_1_25' title="bbox 2208 1366 3802 1439">
     <span class='ocr_line' id='line_1_25' title="bbox 2208 1366 3802 1439; baseline 0.001 -19"><span class='ocrx_word' id='word_1_157' title='bbox 2208 1385 2322 1432; x_wconf 80' lang='grc' dir='ltr'>κις,</span> <span class='ocrx_word' id='word_1_158' title='bbox 2351 1367 2526 1420; x_wconf 84' lang='grc' dir='ltr'>τοῦτο</span> <span class='ocrx_word' id='word_1_159' title='bbox 2540 1366 2825 1436; x_wconf 83' lang='grc' dir='ltr'>δεύτερον</span> <span class='ocrx_word' id='word_1_160' title='bbox 2857 1368 3161 1436; x_wconf 80' lang='grc' dir='ltr'>ἠρημώθη.</span> <span class='ocrx_word' id='word_1_161' title='bbox 3198 1370 3519 1439; x_wconf 84' lang='grc' dir='ltr'><strong>Ἀσωχαῖος</strong></span> <span class='ocrx_word' id='word_1_162' title='bbox 3550 1371 3666 1439; x_wconf 81' lang='grc' dir='ltr'>μὲν</span> <span class='ocrx_word' id='word_1_163' title='bbox 3697 1372 3802 1438; x_wconf 69' lang='grc' dir='ltr'>γὰρ</span> 
     </span>
    </p>
   </div>
   <div class='ocr_carea' id='block_1_26' title="bbox 2208 1460 3801 1533">
    <p class='ocr_par' dir='ltr' id='par_1_26' title="bbox 2208 1460 3801 1533">
     <span class='ocr_line' id='line_1_26' title="bbox 2208 1460 3801 1533; baseline 0.003 -21"><span class='ocrx_word' id='word_1_164' title='bbox 2208 1464 2240 1513; x_wconf 82' lang='grc' dir='ltr'><strong>ό</strong></span> <span class='ocrx_word' id='word_1_165' title='bbox 2271 1460 2389 1512; x_wconf 87' lang='grc' dir='ltr'><strong>τῶν</strong></span> <span class='ocrx_word' id='word_1_166' title='bbox 2426 1462 2765 1530; x_wconf 72' lang='grc' dir='ltr'><strong>Αἰγυπτίων</strong></span> <span class='ocrx_word' id='word_1_167' title='bbox 2792 1462 3116 1528; x_wconf 78' lang='grc' dir='ltr'>βασιλεὺς,</span> <span class='ocrx_word' id='word_1_168' title='bbox 3153 1464 3249 1516; x_wconf 77' lang='grc' dir='ltr'>καὶ</span> <span class='ocrx_word' id='word_1_169' title='bbox 3281 1467 3407 1533; x_wconf 75' lang='grc' dir='ltr'>μετ’</span> <span class='ocrx_word' id='word_1_170' title='bbox 3446 1465 3638 1518; x_wconf 79' lang='grc' dir='ltr'>αὑτὸν</span> <span class='ocrx_word' id='word_1_171' title='bbox 3675 1467 3801 1517; x_wconf 75' lang='grc' dir='ltr'><strong>Ἂν·</strong></span> 
     </span>
    </p>
   </div>
   <div class='ocr_carea' id='block_1_27' title="bbox 2208 1552 3803 1624">
    <p class='ocr_par' dir='ltr' id='par_1_27' title="bbox 2208 1552 3803 1624">
     <span class='ocr_line' id='line_1_27' title="bbox 2208 1552 3803 1624; baseline 0.003 -20"><span class='ocrx_word' id='word_1_172' title='bbox 2208 1552 2430 1621; x_wconf 83' lang='grc' dir='ltr'>τίοχος,</span> <span class='ocrx_word' id='word_1_173' title='bbox 2466 1555 2673 1609; x_wconf 79' lang='grc' dir='ltr'>ἔπειτα</span> <span class='ocrx_word' id='word_1_174' title='bbox 2719 1556 3053 1624; x_wconf 83' lang='grc' dir='ltr'>Πομπήϊος,</span> <span class='ocrx_word' id='word_1_175' title='bbox 3092 1557 3191 1609; x_wconf 80' lang='grc' dir='ltr'>καὶ</span> <span class='ocrx_word' id='word_1_176' title='bbox 3250 1558 3348 1611; x_wconf 79' lang='grc' dir='ltr'><strong>ἐπὶ</strong></span> <span class='ocrx_word' id='word_1_177' title='bbox 3404 1560 3643 1623; x_wconf 86' lang='grc' dir='ltr'><em>τούτοις</em></span> <span class='ocrx_word' id='word_1_178' title='bbox 3684 1558 3803 1610; x_wconf 86' lang='grc' dir='ltr'><strong>σὺν</strong></span> 
     </span>
    </p>
   </div>
   <div class='ocr_carea' id='block_1_28' title="bbox 532 1647 3803 1723">
    <p class='ocr_par' dir='ltr' id='par_1_28' title="bbox 532 1647 3803 1723">
     <span class='ocr_line' id='line_1_28' title="bbox 532 1647 3803 1723; baseline -0.003 -17"><span class='ocrx_word' id='word_1_179' title='bbox 532 1651 751 1718; x_wconf 79' lang='grc' dir='ltr'>Ἡρώδῃ</span> <span class='ocrx_word' id='word_1_180' title='bbox 796 1655 1054 1718; x_wconf 78' lang='grc' dir='ltr'>Σόσσιος</span> <span class='ocrx_word' id='word_1_181' title='bbox 1094 1652 1108 1682; x_wconf 92' lang='grc'>¹</span> <span class='ocrx_word' id='word_1_182' title='bbox 1148 1652 1392 1715; x_wconf 69' lang='grc' dir='ltr'>ἑλόντες</span> <span class='ocrx_word' id='word_1_183' title='bbox 1418 1650 1761 1716; x_wconf 76' lang='grc' dir='ltr'><strong>ἐνέπρησαν</strong></span> <span class='ocrx_word' id='word_1_184' title='bbox 1790 1647 1904 1713; x_wconf 82' lang='grc' dir='ltr'>τὴν</span> <span class='ocrx_word' id='word_1_185' title='bbox 1933 1649 2114 1701; x_wconf 78' lang='grc' dir='ltr'>πόλιν</span> <span class='ocrx_word' id='word_1_186' title='bbox 2143 1666 2156 1680; x_wconf 92' lang='grc'><strong>·</strong></span> <span class='ocrx_word' id='word_1_187' title='bbox 2198 1654 2308 1720; x_wconf 84' lang='grc' dir='ltr'>πρὸ</span> <span class='ocrx_word' id='word_1_188' title='bbox 2327 1654 2395 1707; x_wconf 80' lang='grc' dir='ltr'>δὲ</span> <span class='ocrx_word' id='word_1_189' title='bbox 2423 1658 2649 1710; x_wconf 80' lang='grc' dir='ltr'>τούτων</span> <span class='ocrx_word' id='word_1_190' title='bbox 2682 1661 2714 1711; x_wconf 86' lang='grc' dir='ltr'><strong>ό</strong></span> <span class='ocrx_word' id='word_1_191' title='bbox 2740 1656 2859 1712; x_wconf 83' lang='grc' dir='ltr'>τῶν</span> <span class='ocrx_word' id='word_1_192' title='bbox 2886 1657 3285 1713; x_wconf 73' lang='grc' dir='ltr'>Βαϐυλωνίων</span> <span class='ocrx_word' id='word_1_193' title='bbox 3316 1655 3622 1723; x_wconf 75' lang='grc' dir='ltr'>,βασιλεὺς</span> <span class='ocrx_word' id='word_1_194' title='bbox 3669 1671 3803 1722; x_wconf 75' lang='grc' dir='ltr'>κρα.</span> 
     </span>
    </p>
   </div>
   <div class='ocr_carea' id='block_1_29' title="bbox 520 1743 1289 1813">
    <p class='ocr_par' dir='ltr' id='par_1_29' title="bbox 520 1743 1289 1813">
     <span class='ocr_line' id='line_1_29' title="bbox 520 1743 1289 1813; baseline 0 -16"><span class='ocrx_word' id='word_1_195' title='bbox 520 1743 709 1811; x_wconf 68' lang='grc' dir='ltr'>νήσας</span> <span class='ocrx_word' id='word_1_196' title='bbox 732 1743 1051 1813; x_wconf 73' lang='grc' dir='ltr'><strong>ἠρήμωσεν</strong></span> <span class='ocrx_word' id='word_1_197' title='bbox 1076 1743 1289 1810; x_wconf 76' lang='grc' dir='ltr'>αὑτήν.</span> 
     </span>
    </p>
   </div>
   <div class='ocr_carea' id='block_1_30' title="bbox 597 1859 2177 1930">
    <p class='ocr_par' dir='ltr' id='par_1_30' title="bbox 597 1859 2177 1930">
     <span class='ocr_line' id='line_1_30' title="bbox 597 1859 2177 1930; baseline -0.002 -15"><span class='ocrx_word' id='word_1_198' title='bbox 597 1859 859 1927; x_wconf 80' lang='lat' dir='ltr'><strong>Origenes</strong></span> <span class='ocrx_word' id='word_1_199' title='bbox 893 1870 1152 1930; x_wconf 61' lang='lat' dir='ltr'><strong>praeterea</strong></span> <span class='ocrx_word' id='word_1_200' title='bbox 1188 1860 1301 1913; x_wconf 77' lang='lat' dir='ltr'><strong>lucc</strong></span> <span class='ocrx_word' id='word_1_201' title='bbox 1330 1860 1457 1913; x_wconf 84' lang='lat' dir='ltr'><strong>dicit</strong></span> <span class='ocrx_word' id='word_1_202' title='bbox 1496 1878 1508 1911; x_wconf 88' lang='lat'>:</span> <span class='ocrx_word' id='word_1_203' title='bbox 1554 1860 1627 1913; x_wconf 91' lang='lat' dir='ltr'><strong>De</strong></span> <span class='ocrx_word' id='word_1_204' title='bbox 1661 1859 1871 1913; x_wconf 83' lang='lat' dir='ltr'><strong>Lazaro</strong></span> <span class='ocrx_word' id='word_1_205' title='bbox 1899 1859 2098 1930; x_wconf 77' lang='lat' dir='ltr'><strong>301a</strong></span> <span class='ocrx_word' id='word_1_206' title='bbox 2135 1865 2177 1920; x_wconf 77' lang='grc' dir='ltr'><strong>Β</strong></span> 
     </span>
    </p>
   </div>
   <div class='ocr_carea' id='block_1_31' title="bbox 524 1952 2102 2024">
    <p class='ocr_par' dir='ltr' id='par_1_31' title="bbox 524 1952 2102 2024">
     <span class='ocr_line' id='line_1_31' title="bbox 524 1952 2102 2024; baseline -0.002 -16"><span class='ocrx_word' id='word_1_207' title='bbox 524 1965 576 2008; x_wconf 88' lang='lat' dir='ltr'><strong>et</strong></span> <span class='ocrx_word' id='word_1_208' title='bbox 621 1956 787 2009; x_wconf 84' lang='lat' dir='ltr'><strong>divite</strong></span> <span class='ocrx_word' id='word_1_209' title='bbox 842 1953 1071 2008; x_wconf 80' lang='lat' dir='ltr'><strong>dubitari</strong></span> <span class='ocrx_word' id='word_1_210' title='bbox 1112 1963 1311 2023; x_wconf 90' lang='lat' dir='ltr'><strong>potest,</strong></span> <span class='ocrx_word' id='word_1_211' title='bbox 1359 1953 1481 2008; x_wconf 91' lang='lat' dir='ltr'><strong>aliis</strong></span> <span class='ocrx_word' id='word_1_212' title='bbox 1529 1953 1748 2024; x_wconf 83' lang='lat' dir='ltr'><strong>quidem</strong></span> <span class='ocrx_word' id='word_1_213' title='bbox 1799 1952 2102 2020; x_wconf 74' lang='lat' dir='ltr'><strong>simplicius</strong></span> 
     </span>
    </p>
   </div>
   <div class='ocr_carea' id='block_1_32' title="bbox 523 2045 2099 2117">
    <p class='ocr_par' dir='ltr' id='par_1_32' title="bbox 523 2045 2099 2117">
     <span class='ocr_line' id='line_1_32' title="bbox 523 2045 2099 2117; baseline -0.003 -14"><span class='ocrx_word' id='word_1_214' title='bbox 523 2050 724 2104; x_wconf 88' lang='lat' dir='ltr'><strong>dictum</strong></span> <span class='ocrx_word' id='word_1_215' title='bbox 762 2047 1113 2117; x_wconf 82' lang='lat' dir='ltr'><strong>putantibus,</strong></span> <span class='ocrx_word' id='word_1_216' title='bbox 1161 2046 1314 2115; x_wconf 87' lang='lat' dir='ltr'><strong>quasi</strong></span> <span class='ocrx_word' id='word_1_217' title='bbox 1354 2045 1510 2099; x_wconf 85' lang='lat' dir='ltr'><strong>ambo</strong></span> <span class='ocrx_word' id='word_1_218' title='bbox 1544 2047 1595 2099; x_wconf 92' lang='lat' dir='ltr'><strong>in</strong></span> <span class='ocrx_word' id='word_1_219' title='bbox 1624 2046 1943 2116; x_wconf 87' lang='lat' dir='ltr'><strong>corporilms</strong></span> <span class='ocrx_word' id='word_1_220' title='bbox 1987 2045 2099 2098; x_wconf 86' lang='lat' dir='ltr'><strong>suis</strong></span> 
     </span>
    </p>
   </div>
   <div class='ocr_carea' id='block_1_33' title="bbox 522 2136 2097 2208">
    <p class='ocr_par' dir='ltr' id='par_1_33' title="bbox 522 2136 2097 2208">
     <span class='ocr_line' id='line_1_33' title="bbox 522 2136 2097 2208; baseline -0.005 -13"><span class='ocrx_word' id='word_1_221' title='bbox 522 2139 818 2207; x_wconf 77' lang='lat' dir='ltr'><strong>assumptis</strong></span> <span class='ocrx_word' id='word_1_222' title='bbox 856 2138 1018 2208; x_wconf 84' lang='lat' dir='ltr'><strong>digna</strong></span> <span class='ocrx_word' id='word_1_223' title='bbox 1065 2137 1225 2191; x_wconf 82' lang='lat' dir='ltr'><strong>factis</strong></span> <span class='ocrx_word' id='word_1_224' title='bbox 1266 2138 1317 2191; x_wconf 90' lang='lat' dir='ltr'><strong>in</strong></span> <span class='ocrx_word' id='word_1_225' title='bbox 1354 2138 1458 2189; x_wconf 81' lang='lat' dir='ltr'><strong>vita</strong></span> <span class='ocrx_word' id='word_1_226' title='bbox 1488 2138 1711 2206; x_wconf 76' lang='lat' dir='ltr'><strong>przcmia</strong></span> <span class='ocrx_word' id='word_1_227' title='bbox 1746 2136 2097 2204; x_wconf 86' lang='lat' dir='ltr'><strong>receperint:</strong></span> 
     </span>
    </p>
   </div>
   <div class='ocr_carea' id='block_1_34' title="bbox 522 2229 2103 2299">
    <p class='ocr_par' dir='ltr' id='par_1_34' title="bbox 522 2229 2103 2299">
     <span class='ocr_line' id='line_1_34' title="bbox 522 2229 2103 2299; baseline -0.003 -12"><span class='ocrx_word' id='word_1_228' title='bbox 522 2234 646 2289; x_wconf 87' lang='lat' dir='ltr'><strong>aliis</strong></span> <span class='ocrx_word' id='word_1_229' title='bbox 685 2232 956 2296; x_wconf 89' lang='lat' dir='ltr'><strong>subtilius,</strong></span> <span class='ocrx_word' id='word_1_230' title='bbox 994 2232 1142 2299; x_wconf 87' lang='lat' dir='ltr'><strong>quia,</strong></span> <span class='ocrx_word' id='word_1_231' title='bbox 1194 2245 1317 2284; x_wconf 87' lang='lat' dir='ltr'><strong>cum</strong></span> <span class='ocrx_word' id='word_1_232' title='bbox 1351 2238 1473 2299; x_wconf 91' lang='lat' dir='ltr'><strong>post</strong></span> <span class='ocrx_word' id='word_1_233' title='bbox 1510 2229 1966 2282; x_wconf 87' lang='lat' dir='ltr'><strong>resurrectionem</strong></span> <span class='ocrx_word' id='word_1_234' title='bbox 2014 2244 2103 2282; x_wconf 60' lang='lat' dir='ltr'><strong>nec</strong></span> 
     </span>
    </p>
   </div>
   <div class='ocr_carea' id='block_1_35' title="bbox 523 2321 2102 2393">
    <p class='ocr_par' dir='ltr' id='par_1_35' title="bbox 523 2321 2102 2393">
     <span class='ocr_line' id='line_1_35' title="bbox 523 2321 2102 2393; baseline -0.004 -13"><span class='ocrx_word' id='word_1_235' title='bbox 523 2342 611 2381; x_wconf 91' lang='lat' dir='ltr'><strong>mo</strong></span> <span class='ocrx_word' id='word_1_236' title='bbox 646 2326 699 2380; x_wconf 93' lang='lat' dir='ltr'><strong>in</strong></span> <span class='ocrx_word' id='word_1_237' title='bbox 727 2326 836 2379; x_wconf 85' lang='lat' dir='ltr'><strong>vita</strong></span> <span class='ocrx_word' id='word_1_238' title='bbox 875 2324 1235 2393; x_wconf 90' lang='lat' dir='ltr'><strong>relinquatur,</strong></span> <span class='ocrx_word' id='word_1_239' title='bbox 1274 2339 1379 2375; x_wconf 93' lang='lat' dir='ltr'><strong>non</strong></span> <span class='ocrx_word' id='word_1_240' title='bbox 1424 2321 1743 2377; x_wconf 79' lang='lat' dir='ltr'><strong>existimant</strong></span> <span class='ocrx_word' id='word_1_241' title='bbox 1772 2322 1885 2375; x_wconf 70' lang='lat' dir='ltr'><strong>haec</strong></span> <span class='ocrx_word' id='word_1_242' title='bbox 1916 2322 1967 2375; x_wconf 92' lang='lat' dir='ltr'><strong>in</strong></span> <span class='ocrx_word' id='word_1_243' title='bbox 2012 2337 2102 2375; x_wconf 90' lang='lat' dir='ltr'><strong>re-</strong></span> 
     </span>
    </p>
   </div>
   <div class='ocr_carea' id='block_1_36' title="bbox 522 2413 2103 2484">
    <p class='ocr_par' dir='ltr' id='par_1_36' title="bbox 522 2413 2103 2484">
     <span class='ocr_line' id='line_1_36' title="bbox 522 2413 2103 2484; baseline -0.004 -11"><span class='ocrx_word' id='word_1_244' title='bbox 522 2419 863 2473; x_wconf 89' lang='lat' dir='ltr'><strong>surrectione</strong></span> <span class='ocrx_word' id='word_1_245' title='bbox 907 2416 1217 2484; x_wconf 79' lang='lat' dir='ltr'><strong>contigisse.</strong></span> <span class='ocrx_word' id='word_1_246' title='bbox 1270 2414 1411 2469; x_wconf 86' lang='lat' dir='ltr'><strong>Dicit</strong></span> <span class='ocrx_word' id='word_1_247' title='bbox 1462 2415 1607 2467; x_wconf 89' lang='lat' dir='ltr'><strong>enim</strong></span> <span class='ocrx_word' id='word_1_248' title='bbox 1657 2414 1808 2466; x_wconf 85' lang='lat' dir='ltr'><strong>dives</strong></span> <span class='ocrx_word' id='word_1_249' title='bbox 1858 2434 1869 2467; x_wconf 92' lang='lat'><strong>:</strong></span> <span class='ocrx_word' id='word_1_250' title='bbox 1918 2413 2103 2467; x_wconf 80' lang='lat' dir='ltr'><strong>Habeo</strong></span> 
     </span>
    </p>
   </div>
   <div class='ocr_carea' id='block_1_37' title="bbox 520 2505 2104 2582">
    <p class='ocr_par' dir='ltr' id='par_1_37' title="bbox 520 2505 2104 2582">
     <span class='ocr_line' id='line_1_37' title="bbox 520 2505 2104 2582; baseline -0.005 -17"><span class='ocrx_word' id='word_1_251' title='bbox 520 2514 746 2582; x_wconf 80' lang='lat' dir='ltr'><strong>quinque</strong></span> <span class='ocrx_word' id='word_1_252' title='bbox 797 2510 1010 2579; x_wconf 74' lang='lat' dir='ltr'><strong>fratres,</strong></span> <span class='ocrx_word' id='word_1_253' title='bbox 1060 2524 1120 2560; x_wconf 88' lang='lat' dir='ltr'><strong>ne</strong></span> <span class='ocrx_word' id='word_1_254' title='bbox 1168 2518 1215 2561; x_wconf 89' lang='lat' dir='ltr'><strong>et</strong></span> <span class='ocrx_word' id='word_1_255' title='bbox 1246 2508 1346 2576; x_wconf 84' lang='lat' dir='ltr'><strong>ipsi</strong></span> <span class='ocrx_word' id='word_1_256' title='bbox 1402 2508 1609 2560; x_wconf 85' lang='lat' dir='ltr'><strong>veniant</strong></span> <span class='ocrx_word' id='word_1_257' title='bbox 1664 2507 1717 2559; x_wconf 86' lang='lat' dir='ltr'><strong>in</strong></span> <span class='ocrx_word' id='word_1_258' title='bbox 1761 2505 1931 2560; x_wconf 84' lang='lat' dir='ltr'><strong>locum</strong></span> <span class='ocrx_word' id='word_1_259' title='bbox 1966 2508 2104 2559; x_wconf 84' lang='lat' dir='ltr'><strong>hunc</strong></span> 
     </span>
    </p>
   </div>
   <div class='ocr_carea' id='block_1_38' title="bbox 523 2600 2105 2670">
    <p class='ocr_par' dir='ltr' id='par_1_38' title="bbox 523 2600 2105 2670">
     <span class='ocr_line' id='line_1_38' title="bbox 523 2600 2105 2670; baseline -0.004 -12"><span class='ocrx_word' id='word_1_260' title='bbox 523 2612 924 2666; x_wconf 85' lang='lat' dir='ltr'><strong>tormentorum,</strong></span> <span class='ocrx_word' id='word_1_261' title='bbox 958 2604 1102 2655; x_wconf 85' lang='lat' dir='ltr'><strong>mitte</strong></span> <span class='ocrx_word' id='word_1_262' title='bbox 1125 2601 1414 2666; x_wconf 72' lang='lat' dir='ltr'><strong>Lazarum,</strong></span> <span class='ocrx_word' id='word_1_263' title='bbox 1456 2603 1544 2670; x_wconf 85' lang='lat' dir='ltr'><strong>qui</strong></span> <span class='ocrx_word' id='word_1_264' title='bbox 1574 2602 1777 2654; x_wconf 83' lang='lat' dir='ltr'><strong>nuntiet</strong></span> <span class='ocrx_word' id='word_1_265' title='bbox 1806 2600 1953 2664; x_wconf 80' lang='lat' dir='ltr'><strong>ipsis.</strong></span> <span class='ocrx_word' id='word_1_266' title='bbox 1988 2615 2105 2668; x_wconf 63' lang='lat' dir='ltr'><strong>quae</strong></span> 
     </span>
    </p>
   </div>
   <div class='ocr_carea' id='block_1_39' title="bbox 522 2692 2103 2765">
    <p class='ocr_par' dir='ltr' id='par_1_39' title="bbox 522 2692 2103 2765">
     <span class='ocr_line' id='line_1_39' title="bbox 522 2692 2103 2765; baseline -0.006 -14"><span class='ocrx_word' id='word_1_267' title='bbox 522 2700 607 2751; x_wconf 82' lang='lat' dir='ltr'><strong>hic</strong></span> <span class='ocrx_word' id='word_1_268' title='bbox 640 2698 770 2765; x_wconf 82' lang='lat' dir='ltr'><strong>ﬁunt</strong></span> <span class='ocrx_word' id='word_1_269' title='bbox 798 2696 848 2750; x_wconf 75' lang='grc' dir='ltr'>ἀ.</span> <span class='ocrx_word' id='word_1_270' title='bbox 883 2695 1141 2763; x_wconf 69' lang='grc' dir='ltr'>ρυίιιτιιηι</span> <span class='ocrx_word' id='word_1_271' title='bbox 1174 2708 1304 2764; x_wconf 73' lang='lat' dir='ltr'><strong>ergo</strong></span> <span class='ocrx_word' id='word_1_272' title='bbox 1340 2710 1432 2764; x_wconf 85' lang='lat' dir='ltr'><strong>per</strong></span> <span class='ocrx_word' id='word_1_273' title='bbox 1462 2694 1575 2748; x_wconf 71' lang='lat' dir='ltr'><strong>hzec</strong></span> <span class='ocrx_word' id='word_1_274' title='bbox 1617 2694 1851 2763; x_wconf 81' lang='lat' dir='ltr'><strong>linguam</strong></span> <span class='ocrx_word' id='word_1_275' title='bbox 1881 2704 1933 2745; x_wconf 88' lang='lat' dir='ltr'><strong>et</strong></span> <span class='ocrx_word' id='word_1_276' title='bbox 1962 2692 2103 2761; x_wconf 84' lang='lat' dir='ltr'><strong>digi-</strong></span> 
     </span>
    </p>
   </div>
   <div class='ocr_carea' id='block_1_40' title="bbox 527 2786 2105 2853">
    <p class='ocr_par' dir='ltr' id='par_1_40' title="bbox 527 2786 2105 2853">
     <span class='ocr_line' id='line_1_40' title="bbox 527 2786 2105 2853; baseline -0.004 -9"><span class='ocrx_word' id='word_1_277' title='bbox 527 2802 635 2845; x_wconf 90' lang='lat' dir='ltr'><strong>tum</strong></span> <span class='ocrx_word' id='word_1_278' title='bbox 663 2802 716 2845; x_wconf 89' lang='lat' dir='ltr'><strong>et</strong></span> <span class='ocrx_word' id='word_1_279' title='bbox 751 2790 903 2844; x_wconf 87' lang='lat' dir='ltr'><strong>sinus</strong></span> <span class='ocrx_word' id='word_1_280' title='bbox 940 2789 1196 2853; x_wconf 69' lang='lat' dir='ltr'><strong>Abrahae,</strong></span> <span class='ocrx_word' id='word_1_281' title='bbox 1227 2798 1278 2841; x_wconf 90' lang='lat' dir='ltr'><strong>et</strong></span> <span class='ocrx_word' id='word_1_282' title='bbox 1331 2786 1770 2853; x_wconf 80' lang='lat' dir='ltr'><strong>compellatiouis</strong></span> <span class='ocrx_word' id='word_1_283' title='bbox 1811 2801 2023 2848; x_wconf 86' lang='lat' dir='ltr'><strong>vocem,</strong></span> <span class='ocrx_word' id='word_1_284' title='bbox 2052 2793 2105 2837; x_wconf 87' lang='lat' dir='ltr'><strong>et</strong></span> 
     </span>
    </p>
   </div>
   <div class='ocr_carea' id='block_1_41' title="bbox 523 2879 2105 2954">
    <p class='ocr_par' dir='ltr' id='par_1_41' title="bbox 523 2879 2105 2954">
     <span class='ocr_line' id='line_1_41' title="bbox 523 2879 2105 2954; baseline -0.007 -13"><span class='ocrx_word' id='word_1_285' title='bbox 523 2886 759 2941; x_wconf 81' lang='lat' dir='ltr'><strong>fortasse</strong></span> <span class='ocrx_word' id='word_1_286' title='bbox 820 2886 1046 2954; x_wconf 85' lang='lat' dir='ltr'><strong>liguram</strong></span> <span class='ocrx_word' id='word_1_287' title='bbox 1104 2882 1250 2935; x_wconf 85' lang='lat' dir='ltr'><strong>illam</strong></span> <span class='ocrx_word' id='word_1_288' title='bbox 1308 2896 1402 2934; x_wconf 88' lang='lat' dir='ltr'><strong>seu</strong></span> <span class='ocrx_word' id='word_1_289' title='bbox 1460 2879 1693 2935; x_wconf 80' lang='lat' dir='ltr'><strong>formam</strong></span> <span class='ocrx_word' id='word_1_290' title='bbox 1748 2880 1932 2933; x_wconf 88' lang='lat' dir='ltr'><strong>statim</strong></span> <span class='ocrx_word' id='word_1_291' title='bbox 1982 2893 2105 2931; x_wconf 88' lang='lat' dir='ltr'><strong>cum</strong></span> 
     </span>
    </p>
   </div>
   <div class='ocr_carea' id='block_1_42' title="bbox 525 2973 2104 3043">
    <p class='ocr_par' dir='ltr' id='par_1_42' title="bbox 525 2973 2104 3043">
     <span class='ocr_line' id='line_1_42' title="bbox 525 2973 2104 3043; baseline -0.004 -11"><span class='ocrx_word' id='word_1_292' title='bbox 525 2979 721 3033; x_wconf 70' lang='lat' dir='ltr'><strong>animte</strong></span> <span class='ocrx_word' id='word_1_293' title='bbox 751 2992 1002 3040; x_wconf 83' lang='lat' dir='ltr'><strong>excessu,</strong></span> <span class='ocrx_word' id='word_1_294' title='bbox 1035 2974 1272 3028; x_wconf 84' lang='lat' dir='ltr'><strong>similem</strong></span> <span class='ocrx_word' id='word_1_295' title='bbox 1314 2973 1529 3043; x_wconf 88' lang='lat' dir='ltr'><strong>corpori</strong></span> <span class='ocrx_word' id='word_1_296' title='bbox 1568 2987 1757 3027; x_wconf 88' lang='lat' dir='ltr'><strong>crasso</strong></span> <span class='ocrx_word' id='word_1_297' title='bbox 1783 2982 1836 3026; x_wconf 88' lang='lat' dir='ltr'><strong>et</strong></span> <span class='ocrx_word' id='word_1_298' title='bbox 1866 2982 2104 3025; x_wconf 89' lang='lat' dir='ltr'><strong>terreno.</strong></span> 
     </span>
    </p>
   </div>
   <div class='ocr_carea' id='block_1_43' title="bbox 526 3064 2108 3137">
    <p class='ocr_par' dir='ltr' id='par_1_43' title="bbox 526 3064 2108 3137">
     <span class='ocr_line' id='line_1_43' title="bbox 526 3064 2108 3137; baseline -0.005 -12"><span class='ocrx_word' id='word_1_299' title='bbox 526 3071 633 3125; x_wconf 80' lang='lat' dir='ltr'><strong>Res</strong></span> <span class='ocrx_word' id='word_1_300' title='bbox 662 3072 735 3124; x_wconf 90' lang='lat' dir='ltr'><strong>ita</strong></span> <span class='ocrx_word' id='word_1_301' title='bbox 768 3078 943 3137; x_wconf 84' lang='lat' dir='ltr'><strong>potest</strong></span> <span class='ocrx_word' id='word_1_302' title='bbox 977 3066 1198 3137; x_wconf 77' lang='lat' dir='ltr'><strong>intelligi</strong></span> <span class='ocrx_word' id='word_1_303' title='bbox 1226 3078 1241 3118; x_wconf 89' lang='lat'><strong>:</strong></span> <span class='ocrx_word' id='word_1_304' title='bbox 1280 3064 1337 3120; x_wconf 88' lang='lat' dir='ltr'><strong>Si</strong></span> <span class='ocrx_word' id='word_1_305' title='bbox 1370 3066 1591 3135; x_wconf 82' lang='lat' dir='ltr'><strong>quando</strong></span> <span class='ocrx_word' id='word_1_306' title='bbox 1622 3064 1747 3135; x_wconf 90' lang='lat' dir='ltr'><strong>quis</strong></span> <span class='ocrx_word' id='word_1_307' title='bbox 1776 3080 1842 3119; x_wconf 79' lang='lat' dir='ltr'><strong>ex</strong></span> <span class='ocrx_word' id='word_1_308' title='bbox 1872 3064 2108 3117; x_wconf 89' lang='lat' dir='ltr'><strong>mortuis</strong></span> 
     </span>
    </p>
   </div>
   <div class='ocr_carea' id='block_1_44' title="bbox 527 3156 2107 3229">
    <p class='ocr_par' dir='ltr' id='par_1_44' title="bbox 527 3156 2107 3229">
     <span class='ocr_line' id='line_1_44' title="bbox 527 3156 2107 3229; baseline -0.006 -13"><span class='ocrx_word' id='word_1_309' title='bbox 527 3172 785 3216; x_wconf 88' lang='lat' dir='ltr'><strong>narratur</strong></span> <span class='ocrx_word' id='word_1_310' title='bbox 813 3159 1157 3229; x_wconf 84' lang='lat' dir='ltr'><strong>apparuisse,</strong></span> <span class='ocrx_word' id='word_1_311' title='bbox 1197 3159 1410 3213; x_wconf 88' lang='lat' dir='ltr'><strong>videtur</strong></span> <span class='ocrx_word' id='word_1_312' title='bbox 1438 3158 1490 3211; x_wconf 89' lang='lat' dir='ltr'><strong>in</strong></span> <span class='ocrx_word' id='word_1_313' title='bbox 1531 3157 1692 3213; x_wconf 86' lang='lat' dir='ltr'><strong>simili</strong></span> <span class='ocrx_word' id='word_1_314' title='bbox 1724 3156 1918 3220; x_wconf 79' lang='lat' dir='ltr'><strong>forma,</strong></span> <span class='ocrx_word' id='word_1_315' title='bbox 1943 3170 2107 3225; x_wconf 88' lang='lat' dir='ltr'><strong>quam</strong></span> 
     </span>
    </p>
   </div>
   <div class='ocr_carea' id='block_1_45' title="bbox 2276 1862 3801 1939">
    <p class='ocr_par' dir='ltr' id='par_1_45' title="bbox 2276 1862 3801 1939">
     <span class='ocr_line' id='line_1_45' title="bbox 2276 1862 3801 1939; baseline -0.001 -23"><span class='ocrx_word' id='word_1_316' title='bbox 2276 1864 2396 1917; x_wconf 84' lang='grc' dir='ltr'>Ὂτι</span> <span class='ocrx_word' id='word_1_317' title='bbox 2427 1865 2712 1939; x_wconf 81' lang='grc' dir='ltr'>Ὠριγένης</span> <span class='ocrx_word' id='word_1_318' title='bbox 2740 1866 2868 1919; x_wconf 85' lang='grc' dir='ltr'>τάδε</span> <span class='ocrx_word' id='word_1_319' title='bbox 2909 1866 3042 1934; x_wconf 78' lang='grc' dir='ltr'>φησι</span> <span class='ocrx_word' id='word_1_320' title='bbox 3065 1881 3078 1895; x_wconf 81' lang='grc'><strong>’</strong></span> <span class='ocrx_word' id='word_1_321' title='bbox 3119 1864 3257 1935; x_wconf 64' lang='grc' dir='ltr'><strong>Περὶ⁵</strong></span> <span class='ocrx_word' id='word_1_322' title='bbox 3288 1863 3343 1916; x_wconf 86' lang='grc' dir='ltr'><strong>δὲ</strong></span> <span class='ocrx_word' id='word_1_323' title='bbox 3363 1865 3382 1901; x_wconf 83' lang='lat'><strong>&#39;-</strong></span> <span class='ocrx_word' id='word_1_324' title='bbox 3409 1862 3505 1917; x_wconf 77' lang='grc' dir='ltr'>τοῦ</span> <span class='ocrx_word' id='word_1_325' title='bbox 3542 1864 3801 1934; x_wconf 69' lang='grc' dir='ltr'>Λαζάρου</span> 
     </span>
    </p>
   </div>
   <div class='ocr_carea' id='block_1_46' title="bbox 2204 1956 3805 2029">
    <p class='ocr_par' dir='ltr' id='par_1_46' title="bbox 2204 1956 3805 2029">
     <span class='ocr_line' id='line_1_46' title="bbox 2204 1956 3805 2029; baseline 0.002 -21"><span class='ocrx_word' id='word_1_326' title='bbox 2204 1958 2297 2009; x_wconf 76' lang='grc' dir='ltr'><strong>καὶ</strong></span> <span class='ocrx_word' id='word_1_327' title='bbox 2326 1956 2419 2009; x_wconf 77' lang='grc' dir='ltr'>τοῦ</span> <span class='ocrx_word' id='word_1_328' title='bbox 2447 1957 2704 2011; x_wconf 76' lang='grc' dir='ltr'><strong>πλουσίου</strong></span> <span class='ocrx_word' id='word_1_329' title='bbox 2726 1958 3053 2029; x_wconf 80' lang='grc' dir='ltr'><strong>ἀπορεῖσθαι</strong></span> <span class='ocrx_word' id='word_1_330' title='bbox 3087 1956 3455 2021; x_wconf 82' lang='grc' dir='ltr'>δύναται,τῶν</span> <span class='ocrx_word' id='word_1_331' title='bbox 3477 1958 3582 2027; x_wconf 86' lang='grc' dir='ltr'>μὲν</span> <span class='ocrx_word' id='word_1_332' title='bbox 3602 1958 3805 2014; x_wconf 76' lang='grc' dir='ltr'>ἀπλούο</span> 
     </span>
    </p>
   </div>
   <div class='ocr_carea' id='block_1_47' title="bbox 2205 2046 3801 2124">
    <p class='ocr_par' dir='ltr' id='par_1_47' title="bbox 2205 2046 3801 2124">
     <span class='ocr_line' id='line_1_47' title="bbox 2205 2046 3801 2124; baseline 0.001 -23"><span class='ocrx_word' id='word_1_333' title='bbox 2205 2046 2427 2120; x_wconf 83' lang='grc' dir='ltr'>στερον³</span> <span class='ocrx_word' id='word_1_334' title='bbox 2480 2052 2743 2124; x_wconf 68' lang='grc' dir='ltr'>οἰομένων</span> <span class='ocrx_word' id='word_1_335' title='bbox 2788 2051 2962 2105; x_wconf 77' lang='grc' dir='ltr'>ταῦτα</span> <span class='ocrx_word' id='word_1_336' title='bbox 3021 2050 3294 2120; x_wconf 86' lang='grc' dir='ltr'>λελέχθαι,</span> <span class='ocrx_word' id='word_1_337' title='bbox 3344 2049 3420 2115; x_wconf 83' lang='grc' dir='ltr'>ὡς</span> <span class='ocrx_word' id='word_1_338' title='bbox 3465 2051 3801 2121; x_wconf 75' lang='grc' dir='ltr'><strong>ἀμφοτέρων</strong></span> 
     </span>
    </p>
   </div>
   <div class='ocr_carea' id='block_1_48' title="bbox 2207 2142 3801 2215">
    <p class='ocr_par' dir='ltr' id='par_1_48' title="bbox 2207 2142 3801 2215">
     <span class='ocr_line' id='line_1_48' title="bbox 2207 2142 3801 2215; baseline 0.001 -20"><span class='ocrx_word' id='word_1_339' title='bbox 2207 2143 2344 2211; x_wconf 84' lang='grc' dir='ltr'><strong>μετά</strong></span> <span class='ocrx_word' id='word_1_340' title='bbox 2388 2142 2497 2195; x_wconf 86' lang='grc' dir='ltr'><strong>τῶν</strong></span> <span class='ocrx_word' id='word_1_341' title='bbox 2539 2145 2806 2215; x_wconf 86' lang='grc' dir='ltr'>σωμάτων</span> <span class='ocrx_word' id='word_1_342' title='bbox 2844 2142 3235 2214; x_wconf 80' lang='grc' dir='ltr'>λαμϐανόντων</span> <span class='ocrx_word' id='word_1_343' title='bbox 3290 2142 3361 2197; x_wconf 83' lang='grc' dir='ltr'>τὰ</span> <span class='ocrx_word' id='word_1_344' title='bbox 3402 2142 3529 2209; x_wconf 77' lang='grc' dir='ltr'>ἄξια</span> <span class='ocrx_word' id='word_1_345' title='bbox 3584 2144 3698 2197; x_wconf 82' lang='grc' dir='ltr'><strong>τῶν</strong></span> <span class='ocrx_word' id='word_1_346' title='bbox 3726 2144 3801 2212; x_wconf 81' lang='grc' dir='ltr'><strong>τῷ</strong></span> 
     </span>
    </p>
   </div>
   <div class='ocr_carea' id='block_1_49' title="bbox 2206 2233 3801 2308">
    <p class='ocr_par' dir='ltr' id='par_1_49' title="bbox 2206 2233 3801 2308">
     <span class='ocr_line' id='line_1_49' title="bbox 2206 2233 3801 2308; baseline 0.003 -22"><span class='ocrx_word' id='word_1_347' title='bbox 2206 2233 2307 2304; x_wconf 83' lang='grc' dir='ltr'>βίῳ</span> <span class='ocrx_word' id='word_1_348' title='bbox 2354 2237 2779 2307; x_wconf 82' lang='grc' dir='ltr'><strong>πεπραγμένων,</strong></span> <span class='ocrx_word' id='word_1_349' title='bbox 2812 2236 2921 2297; x_wconf 77' lang='grc' dir='ltr'><strong>τῶν</strong></span> <span class='ocrx_word' id='word_1_350' title='bbox 2958 2237 3013 2289; x_wconf 83' lang='grc' dir='ltr'><strong>δὲ</strong></span> <span class='ocrx_word' id='word_1_351' title='bbox 3042 2236 3453 2308; x_wconf 78' lang='grc' dir='ltr'>ἀκριϐέστερον,</span> <span class='ocrx_word' id='word_1_352' title='bbox 3506 2238 3633 2290; x_wconf 75' lang='grc' dir='ltr'>ἐπεὶ</span> <span class='ocrx_word' id='word_1_353' title='bbox 3667 2238 3801 2307; x_wconf 87' lang='grc' dir='ltr'><strong>μετά</strong></span> 
     </span>
    </p>
   </div>
   <div class='ocr_carea' id='block_1_50' title="bbox 2204 2332 3801 2404">
    <p class='ocr_par' dir='ltr' id='par_1_50' title="bbox 2204 2332 3801 2404">
     <span class='ocr_line' id='line_1_50' title="bbox 2204 2332 3801 2404; baseline -0.001 -20"><span class='ocrx_word' id='word_1_354' title='bbox 2204 2333 2305 2400; x_wconf 85' lang='grc' dir='ltr'><strong>τὴν</strong></span> <span class='ocrx_word' id='word_1_355' title='bbox 2342 2334 2641 2388; x_wconf 81' lang='grc' dir='ltr'>ἀνάστασιν</span> <span class='ocrx_word' id='word_1_356' title='bbox 2680 2334 2857 2398; x_wconf 72' lang='grc' dir='ltr'>οὐδεὶς</span> <span class='ocrx_word' id='word_1_357' title='bbox 2905 2335 2963 2387; x_wconf 76' lang='grc' dir='ltr'>ἐν</span> <span class='ocrx_word' id='word_1_358' title='bbox 3011 2334 3110 2404; x_wconf 81' lang='grc' dir='ltr'><strong>βίῳ</strong></span> <span class='ocrx_word' id='word_1_359' title='bbox 3149 2332 3575 2391; x_wconf 84' lang='grc' dir='ltr'>καταλείπεται.</span> <span class='ocrx_word' id='word_1_360' title='bbox 3600 2332 3703 2385; x_wconf 77' lang='grc' dir='ltr'>οὐκ</span> <span class='ocrx_word' id='word_1_361' title='bbox 3746 2333 3801 2383; x_wconf 81' lang='grc' dir='ltr'><strong>ἐν</strong></span> 
     </span>
    </p>
   </div>
   <div class='ocr_carea' id='block_1_51' title="bbox 2206 2424 3801 2498">
    <p class='ocr_par' dir='ltr' id='par_1_51' title="bbox 2206 2424 3801 2498">
     <span class='ocr_line' id='line_1_51' title="bbox 2206 2424 3801 2498; baseline -0.001 -19"><span class='ocrx_word' id='word_1_362' title='bbox 2206 2430 2271 2498; x_wconf 83' lang='grc' dir='ltr'>τῇ</span> <span class='ocrx_word' id='word_1_363' title='bbox 2317 2428 2609 2480; x_wconf 77' lang='grc' dir='ltr'>ἀναστάσει</span> <span class='ocrx_word' id='word_1_364' title='bbox 2651 2427 2914 2495; x_wconf 74' lang='grc' dir='ltr'>οἰομένων</span> <span class='ocrx_word' id='word_1_365' title='bbox 2947 2425 3122 2479; x_wconf 80' lang='grc' dir='ltr'>ταῦτα</span> <span class='ocrx_word' id='word_1_366' title='bbox 3157 2426 3439 2495; x_wconf 81' lang='grc' dir='ltr'>γεγονέναι</span> <span class='ocrx_word' id='word_1_367' title='bbox 3481 2424 3672 2492; x_wconf 80' lang='grc' dir='ltr'>(λέγει</span> <span class='ocrx_word' id='word_1_368' title='bbox 3698 2424 3801 2495; x_wconf 84' lang='grc' dir='ltr'>γὰρ</span> 
     </span>
    </p>
   </div>
   <div class='ocr_carea' id='block_1_52' title="bbox 2206 2515 3800 2587">
    <p class='ocr_par' dir='ltr' id='par_1_52' title="bbox 2206 2515 3800 2587">
     <span class='ocr_line' id='line_1_52' title="bbox 2206 2515 3800 2587; baseline -0.002 -16"><span class='ocrx_word' id='word_1_369' title='bbox 2206 2521 2234 2571; x_wconf 90' lang='grc' dir='ltr'><strong>ό</strong></span> <span class='ocrx_word' id='word_1_370' title='bbox 2261 2517 2545 2581; x_wconf 83' lang='grc' dir='ltr'>πλούσιος,</span> <span class='ocrx_word' id='word_1_371' title='bbox 2579 2519 2662 2572; x_wconf 82' lang='grc' dir='ltr'>ὃτι</span> <span class='ocrx_word' id='word_1_372' title='bbox 2694 2518 2883 2573; x_wconf 81' lang='grc' dir='ltr'><strong>Πέντε</strong></span> <span class='ocrx_word' id='word_1_373' title='bbox 2921 2517 3230 2587; x_wconf 72' lang='grc' dir='ltr'>ἀδελφοὺς</span> <span class='ocrx_word' id='word_1_374' title='bbox 3258 2518 3397 2586; x_wconf 84' lang='grc' dir='ltr'><strong>ἔχω,</strong></span> <span class='ocrx_word' id='word_1_375' title='bbox 3427 2515 3527 2570; x_wconf 72' lang='grc' dir='ltr'>καὶ</span> <span class='ocrx_word' id='word_1_376' title='bbox 3580 2517 3683 2568; x_wconf 80' lang='grc' dir='ltr'>ἵνα</span> <span class='ocrx_word' id='word_1_377' title='bbox 3720 2518 3800 2585; x_wconf 76' lang='grc' dir='ltr'>μὴ</span> 
     </span>
    </p>
   </div>
   <div class='ocr_carea' id='block_1_53' title="bbox 2207 2605 3799 2673">
    <p class='ocr_par' dir='ltr' id='par_1_53' title="bbox 2207 2605 3799 2673">
     <span class='ocr_line' id='line_1_53' title="bbox 2207 2605 3799 2673; baseline -0.001 -12"><span class='ocrx_word' id='word_1_378' title='bbox 2207 2608 2467 2661; x_wconf 74' lang='grc' dir='ltr'>ἔλθωσιν</span> <span class='ocrx_word' id='word_1_379' title='bbox 2523 2609 2610 2673; x_wconf 79' lang='grc' dir='ltr'><strong>είς</strong></span> <span class='ocrx_word' id='word_1_380' title='bbox 2661 2607 2769 2660; x_wconf 81' lang='grc' dir='ltr'>τὸν</span> <span class='ocrx_word' id='word_1_381' title='bbox 2822 2607 3013 2661; x_wconf 75' lang='grc' dir='ltr'>τόπον</span> <span class='ocrx_word' id='word_1_382' title='bbox 3062 2607 3279 2661; x_wconf 82' lang='grc' dir='ltr'>τοῦτον</span> <span class='ocrx_word' id='word_1_383' title='bbox 3327 2605 3441 2673; x_wconf 83' lang='grc' dir='ltr'>τῆς</span> <span class='ocrx_word' id='word_1_384' title='bbox 3491 2607 3799 2670; x_wconf 78' lang='grc' dir='ltr'>βασάνου,</span> 
     </span>
    </p>
   </div>
   <div class='ocr_carea' id='block_1_54' title="bbox 2208 2699 3803 2777">
    <p class='ocr_par' dir='ltr' id='par_1_54' title="bbox 2208 2699 3803 2777">
     <span class='ocr_line' id='line_1_54' title="bbox 2208 2699 3803 2777; baseline 0 -24"><span class='ocrx_word' id='word_1_385' title='bbox 2208 2702 2449 2777; x_wconf 67' lang='grc' dir='ltr'>πέμψον</span> <span class='ocrx_word' id='word_1_386' title='bbox 2470 2700 2736 2771; x_wconf 76' lang='grc' dir='ltr'><strong>Λάζαρον</strong></span> <span class='ocrx_word' id='word_1_387' title='bbox 2761 2702 3226 2771; x_wconf 62' lang='grc' dir='ltr'><strong>ἀπαγγέλλοντα</strong></span> <span class='ocrx_word' id='word_1_388' title='bbox 3251 2701 3456 2764; x_wconf 80' lang='grc' dir='ltr'>αὐτοῖς</span> <span class='ocrx_word' id='word_1_389' title='bbox 3496 2702 3571 2755; x_wconf 80' lang='grc' dir='ltr'>τὰ</span> <span class='ocrx_word' id='word_1_390' title='bbox 3602 2699 3803 2753; x_wconf 79' lang='grc' dir='ltr'>ἐνταῦ-</span> 
     </span>
    </p>
   </div>
   <div class='ocr_carea' id='block_1_55' title="bbox 2209 2791 3803 2862">
    <p class='ocr_par' dir='ltr' id='par_1_55' title="bbox 2209 2791 3803 2862">
     <span class='ocr_line' id='line_1_55' title="bbox 2209 2791 3803 2862; baseline -0.004 -15"><span class='ocrx_word' id='word_1_391' title='bbox 2209 2796 2326 2862; x_wconf 84' lang='grc' dir='ltr'>θα),</span> <span class='ocrx_word' id='word_1_392' title='bbox 2374 2795 2467 2848; x_wconf 73' lang='grc' dir='ltr'><strong>καὶ</strong></span> <span class='ocrx_word' id='word_1_393' title='bbox 2516 2794 2606 2847; x_wconf 78' lang='grc' dir='ltr'>διὰ</span> <span class='ocrx_word' id='word_1_394' title='bbox 2656 2794 2903 2847; x_wconf 66' lang='grc' dir='ltr'><strong>’τούτων⁸</strong></span> <span class='ocrx_word' id='word_1_395' title='bbox 2957 2792 3266 2861; x_wconf 79' lang='grc' dir='ltr'>ζητούντων</span> <span class='ocrx_word' id='word_1_396' title='bbox 3294 2791 3393 2859; x_wconf 83' lang='grc' dir='ltr'>τὴν</span> <span class='ocrx_word' id='word_1_397' title='bbox 3422 2791 3679 2859; x_wconf 81' lang='grc' dir='ltr'>γλῶσσαν</span> <span class='ocrx_word' id='word_1_398' title='bbox 3712 2791 3803 2843; x_wconf 75' lang='grc' dir='ltr'><strong>καὶ</strong></span> 
     </span>
    </p>
   </div>
   <div class='ocr_carea' id='block_1_56' title="bbox 2208 2881 3800 2953">
    <p class='ocr_par' dir='ltr' id='par_1_56' title="bbox 2208 2881 3800 2953">
     <span class='ocr_line' id='line_1_56' title="bbox 2208 2881 3800 2953; baseline -0.003 -17"><span class='ocrx_word' id='word_1_399' title='bbox 2208 2885 2301 2937; x_wconf 83' lang='grc' dir='ltr'><strong>τὸν</strong></span> <span class='ocrx_word' id='word_1_400' title='bbox 2356 2885 2617 2937; x_wconf 82' lang='grc' dir='ltr'>δάκτυλον</span> <span class='ocrx_word' id='word_1_401' title='bbox 2674 2886 2936 2946; x_wconf 73' lang='grc' dir='ltr'>καὶτοὺς</span> <span class='ocrx_word' id='word_1_402' title='bbox 2988 2885 3225 2946; x_wconf 79' lang='grc' dir='ltr'>κόλπους</span> <span class='ocrx_word' id='word_1_403' title='bbox 3274 2883 3533 2953; x_wconf 75' lang='grc' dir='ltr'>Ἀϐραὰμ</span> <span class='ocrx_word' id='word_1_404' title='bbox 3587 2884 3687 2934; x_wconf 74' lang='grc' dir='ltr'><strong>καὶ</strong></span> <span class='ocrx_word' id='word_1_405' title='bbox 3710 2881 3800 2950; x_wconf 55' lang='grc' dir='ltr'>τὶν</span> 
     </span>
    </p>
   </div>
   <div class='ocr_carea' id='block_1_57' title="bbox 2209 2974 3805 3047">
    <p class='ocr_par' dir='ltr' id='par_1_57' title="bbox 2209 2974 3805 3047">
     <span class='ocr_line' id='line_1_57' title="bbox 2209 2974 3805 3047; baseline -0.003 -16"><span class='ocrx_word' id='word_1_406' title='bbox 2209 2978 2494 3033; x_wconf 85' lang='grc' dir='ltr'>ἀνάκλισιν</span> <span class='ocrx_word' id='word_1_407' title='bbox 2511 2978 2553 3029; x_wconf 82' lang='grc'><strong>⁸.</strong></span> <span class='ocrx_word' id='word_1_408' title='bbox 2582 2978 2693 3030; x_wconf 76' lang='grc' dir='ltr'><strong>Καὶ</strong></span> <span class='ocrx_word' id='word_1_409' title='bbox 2710 2978 2853 3047; x_wconf 83' lang='grc' dir='ltr'>τάχα</span> <span class='ocrx_word' id='word_1_410' title='bbox 2876 2977 2935 3030; x_wconf 84' lang='grc' dir='ltr'><strong>τὸ</strong></span> <span class='ocrx_word' id='word_1_411' title='bbox 2956 2978 3055 3046; x_wconf 82' lang='grc' dir='ltr'>τῆς</span> <span class='ocrx_word' id='word_1_412' title='bbox 3068 2977 3247 3045; x_wconf 69' lang='grc' dir='ltr'>ψυχῆς</span> <span class='ocrx_word' id='word_1_413' title='bbox 3283 2977 3400 3046; x_wconf 74' lang='grc' dir='ltr'>ἅμα</span> <span class='ocrx_word' id='word_1_414' title='bbox 3420 2978 3488 3046; x_wconf 81' lang='grc' dir='ltr'>τῇ</span> <span class='ocrx_word' id='word_1_415' title='bbox 3514 2974 3805 3043; x_wconf 73' lang='grc' dir='ltr'>ἀπαλλαγῇ</span> 
     </span>
    </p>
   </div>
   <div class='ocr_carea' id='block_1_58' title="bbox 2213 3064 3805 3140">
    <p class='ocr_par' dir='ltr' id='par_1_58' title="bbox 2213 3064 3805 3140">
     <span class='ocr_line' id='line_1_58' title="bbox 2213 3064 3805 3140; baseline -0.004 -17"><span class='ocrx_word' id='word_1_416' title='bbox 2213 3073 2420 3140; x_wconf 80' lang='grc' dir='ltr'>σχῆμα,</span> <span class='ocrx_word' id='word_1_417' title='bbox 2444 3069 2690 3139; x_wconf 75' lang='grc' dir='ltr'>ὁμοειδὲς</span> <span class='ocrx_word' id='word_1_418' title='bbox 2713 3068 2771 3121; x_wconf 85' lang='grc' dir='ltr'>ὃν</span> <span class='ocrx_word' id='word_1_419' title='bbox 2799 3068 2877 3139; x_wconf 79' lang='grc' dir='ltr'>τῷ</span> <span class='ocrx_word' id='word_1_420' title='bbox 2911 3069 3077 3137; x_wconf 85' lang='grc' dir='ltr'>παχεῖ</span> <span class='ocrx_word' id='word_1_421' title='bbox 3108 3069 3203 3119; x_wconf 71' lang='grc' dir='ltr'><strong>καὶ</strong></span> <span class='ocrx_word' id='word_1_422' title='bbox 3225 3066 3303 3135; x_wconf 84' lang='grc' dir='ltr'>τῷ</span> <span class='ocrx_word' id='word_1_423' title='bbox 3325 3068 3345 3096; x_wconf 77' lang='grc'>⁸</span> <span class='ocrx_word' id='word_1_424' title='bbox 3371 3066 3548 3135; x_wconf 72' lang='grc' dir='ltr'>γηΐνῳ</span> <span class='ocrx_word' id='word_1_425' title='bbox 3570 3064 3805 3135; x_wconf 86' lang='grc' dir='ltr'>σώματι,</span> 
     </span>
    </p>
   </div>
   <div class='ocr_carea' id='block_1_59' title="bbox 2210 3156 3810 3231">
    <p class='ocr_par' dir='ltr' id='par_1_59' title="bbox 2210 3156 3810 3231">
     <span class='ocr_line' id='line_1_59' title="bbox 2210 3156 3810 3231; baseline -0.004 -15"><span class='ocrx_word' id='word_1_426' title='bbox 2210 3163 2431 3216; x_wconf 81' lang='grc' dir='ltr'>δύναται</span> <span class='ocrx_word' id='word_1_427' title='bbox 2467 3162 2639 3224; x_wconf 71' lang='grc' dir='ltr'>οὕτως</span> <span class='ocrx_word' id='word_1_428' title='bbox 2667 3160 3065 3231; x_wconf 80' lang='grc' dir='ltr'>λαμϐάνεσθαι.</span> <span class='ocrx_word' id='word_1_429' title='bbox 3088 3158 3154 3212; x_wconf 72' lang='grc' dir='ltr'>Εἴ</span> <span class='ocrx_word' id='word_1_430' title='bbox 3186 3176 3317 3212; x_wconf 86' lang='grc' dir='ltr'>ποτε</span> <span class='ocrx_word' id='word_1_431' title='bbox 3350 3156 3483 3227; x_wconf 81' lang='grc' dir='ltr'>γοῦν</span> <span class='ocrx_word' id='word_1_432' title='bbox 3508 3156 3810 3227; x_wconf 82' lang='grc' dir='ltr'>ίστορεῖταί</span> 
     </span>
    </p>
   </div>
   <div class='ocr_carea' id='block_1_60' title="bbox 529 3232 2111 3322">
    <p class='ocr_par' dir='ltr' id='par_1_60' title="bbox 529 3251 2109 3321">
     <span class='ocr_line' id='line_1_60' title="bbox 529 3251 2109 3321; baseline -0.004 -14"><span class='ocrx_word' id='word_1_433' title='bbox 529 3256 582 3307; x_wconf 90' lang='lat' dir='ltr'><strong>in</strong></span> <span class='ocrx_word' id='word_1_434' title='bbox 622 3270 787 3309; x_wconf 89' lang='lat' dir='ltr'><strong>carne</strong></span> <span class='ocrx_word' id='word_1_435' title='bbox 823 3252 1030 3307; x_wconf 88' lang='lat' dir='ltr'><strong>habuit.</strong></span> <span class='ocrx_word' id='word_1_436' title='bbox 1074 3252 1278 3307; x_wconf 86' lang='lat' dir='ltr'><strong>Deinde</strong></span> <span class='ocrx_word' id='word_1_437' title='bbox 1317 3251 1539 3306; x_wconf 89' lang='lat' dir='ltr'><strong>Samuel</strong></span> <span class='ocrx_word' id='word_1_438' title='bbox 1584 3265 1873 3321; x_wconf 87' lang='lat' dir='ltr'><strong>apparens,</strong></span> <span class='ocrx_word' id='word_1_439' title='bbox 1904 3258 1964 3302; x_wconf 89' lang='lat' dir='ltr'><strong>ut</strong></span> <span class='ocrx_word' id='word_1_440' title='bbox 1992 3264 2109 3301; x_wconf 88' lang='lat' dir='ltr'><strong>ma-</strong></span> 
     </span>
    </p>
   </div>
   <div class='ocr_carea' id='block_1_61' title="bbox 2216 3232 3813 3322">
    <p class='ocr_par' dir='ltr' id='par_1_61' title="bbox 2216 3248 3813 3322">
     <span class='ocr_line' id='line_1_61' title="bbox 2216 3248 3813 3322; baseline -0.004 -16"><span class='ocrx_word' id='word_1_441' title='bbox 2216 3271 2299 3318; x_wconf 86' lang='grc' dir='ltr'><strong>τις</strong></span> <span class='ocrx_word' id='word_1_442' title='bbox 2328 3255 2434 3307; x_wconf 80' lang='grc' dir='ltr'><strong>τῶν</strong></span> <span class='ocrx_word' id='word_1_443' title='bbox 2467 3252 2887 3322; x_wconf 78' lang='grc' dir='ltr'>κεκοιμημένων</span> <span class='ocrx_word' id='word_1_444' title='bbox 2908 3251 3255 3321; x_wconf 81' lang='grc' dir='ltr'>φαινόμενος,</span> <span class='ocrx_word' id='word_1_445' title='bbox 3282 3251 3465 3318; x_wconf 80' lang='grc' dir='ltr'>ὅμοιος</span> <span class='ocrx_word' id='word_1_446' title='bbox 3483 3250 3501 3277; x_wconf 91' lang='grc'><strong>⁷</strong></span> <span class='ocrx_word' id='word_1_447' title='bbox 3528 3248 3774 3317; x_wconf 75' lang='grc' dir='ltr'>ἑώραται</span> <span class='ocrx_word' id='word_1_448' title='bbox 3794 3248 3813 3277; x_wconf 77' lang='grc'>³</span> 
     </span>
    </p>
   </div>
   <div class='ocr_carea' id='block_1_62' title="bbox 532 3339 2111 3413">
    <p class='ocr_par' dir='ltr' id='par_1_62' title="bbox 532 3339 2111 3413">
     <span class='ocr_line' id='line_1_62' title="bbox 532 3339 2111 3413; baseline -0.006 -13"><span class='ocrx_word' id='word_1_449' title='bbox 532 3345 785 3400; x_wconf 77' lang='lat' dir='ltr'><strong>nifestum</strong></span> <span class='ocrx_word' id='word_1_450' title='bbox 829 3355 933 3408; x_wconf 87' lang='lat' dir='ltr'><strong>est,</strong></span> <span class='ocrx_word' id='word_1_451' title='bbox 981 3343 1295 3413; x_wconf 82' lang='lat' dir='ltr'><strong>Spectabilis</strong></span> <span class='ocrx_word' id='word_1_452' title='bbox 1347 3343 1543 3410; x_wconf 89' lang='lat' dir='ltr'><strong>probat</strong></span> <span class='ocrx_word' id='word_1_453' title='bbox 1583 3354 1641 3394; x_wconf 90' lang='lat' dir='ltr'><strong>se</strong></span> <span class='ocrx_word' id='word_1_454' title='bbox 1685 3354 1915 3409; x_wconf 89' lang='lat' dir='ltr'><strong>corpore</strong></span> <span class='ocrx_word' id='word_1_455' title='bbox 1946 3339 2111 3391; x_wconf 88' lang='lat' dir='ltr'><strong>indu-</strong></span> 
     </span>
    </p>
   </div>
   <div class='ocr_carea' id='block_1_63' title="bbox 532 3424 2113 3495">
    <p class='ocr_par' dir='ltr' id='par_1_63' title="bbox 532 3424 2113 3495">
     <span class='ocr_line' id='line_1_63' title="bbox 532 3424 2113 3495; baseline -0.006 -6"><span class='ocrx_word' id='word_1_456' title='bbox 532 3424 645 3489; x_wconf 83' lang='lat' dir='ltr'><strong>tum</strong></span> <span class='ocrx_word' id='word_1_457' title='bbox 698 3436 886 3488; x_wconf 75' lang='lat' dir='ltr'><strong>fuisse.</strong></span> <span class='ocrx_word' id='word_1_458' title='bbox 934 3433 992 3487; x_wconf 89' lang='lat' dir='ltr'><strong>Si</strong></span> <span class='ocrx_word' id='word_1_459' title='bbox 1040 3433 1277 3486; x_wconf 77' lang='lat' dir='ltr'><strong>maxime</strong></span> <span class='ocrx_word' id='word_1_460' title='bbox 1311 3429 1868 3484; x_wconf 88' lang='lat' dir='ltr'><strong>demonstrationibus</strong></span> <span class='ocrx_word' id='word_1_461' title='bbox 1919 3442 2113 3495; x_wconf 89' lang='lat' dir='ltr'><strong>urgea-</strong></span> 
     </span>
    </p>
   </div>
   <div class='ocr_carea' id='block_1_64' title="bbox 534 3517 2114 3590">
    <p class='ocr_par' dir='ltr' id='par_1_64' title="bbox 534 3517 2114 3590">
     <span class='ocr_line' id='line_1_64' title="bbox 534 3517 2114 3590; baseline -0.004 -12"><span class='ocrx_word' id='word_1_462' title='bbox 534 3541 657 3578; x_wconf 92' lang='lat' dir='ltr'><strong>mur</strong></span> <span class='ocrx_word' id='word_1_463' title='bbox 684 3523 863 3588; x_wconf 84' lang='lat' dir='ltr'><strong>fateri,</strong></span> <span class='ocrx_word' id='word_1_464' title='bbox 892 3524 1089 3576; x_wconf 69' lang='lat' dir='ltr'><strong>animte</strong></span> <span class='ocrx_word' id='word_1_465' title='bbox 1114 3532 1363 3576; x_wconf 89' lang='lat' dir='ltr'><strong>naturam</strong></span> <span class='ocrx_word' id='word_1_466' title='bbox 1392 3522 1773 3590; x_wconf 89' lang='lat' dir='ltr'><strong>incorpoream</strong></span> <span class='ocrx_word' id='word_1_467' title='bbox 1800 3533 1942 3582; x_wconf 87' lang='lat' dir='ltr'><strong>esse,</strong></span> <span class='ocrx_word' id='word_1_468' title='bbox 1972 3517 2114 3571; x_wconf 88' lang='lat' dir='ltr'><strong>hanc</strong></span> 
     </span>
    </p>
   </div>
   <div class='ocr_carea' id='block_1_65' title="bbox 531 3610 2114 3685">
    <p class='ocr_par' dir='ltr' id='par_1_65' title="bbox 531 3610 2114 3685">
     <span class='ocr_line' id='line_1_65' title="bbox 531 3610 2114 3685; baseline -0.003 -19"><span class='ocrx_word' id='word_1_469' title='bbox 531 3615 702 3669; x_wconf 82' lang='lat' dir='ltr'><strong>videri</strong></span> <span class='ocrx_word' id='word_1_470' title='bbox 738 3612 1334 3685; x_wconf 77' lang='lat' dir='ltr'><strong>[demonstrationem].</strong></span> <span class='ocrx_word' id='word_1_471' title='bbox 1372 3612 1557 3666; x_wconf 88' lang='lat' dir='ltr'><strong>Sedet</strong></span> <span class='ocrx_word' id='word_1_472' title='bbox 1594 3610 1746 3664; x_wconf 85' lang='lat' dir='ltr'><strong>dives</strong></span> <span class='ocrx_word' id='word_1_473' title='bbox 1774 3611 2017 3679; x_wconf 91' lang='lat' dir='ltr'><strong>punitus,</strong></span> <span class='ocrx_word' id='word_1_474' title='bbox 2060 3618 2114 3662; x_wconf 90' lang='lat' dir='ltr'><strong>et</strong></span> 
     </span>
    </p>
   </div>
   <div class='ocr_carea' id='block_1_66' title="bbox 533 3702 2114 3777">
    <p class='ocr_par' dir='ltr' id='par_1_66' title="bbox 533 3702 2114 3777">
     <span class='ocr_line' id='line_1_66' title="bbox 533 3702 2114 3777; baseline -0.003 -18"><span class='ocrx_word' id='word_1_475' title='bbox 533 3723 739 3777; x_wconf 79' lang='lat' dir='ltr'><strong>pauper</strong></span> <span class='ocrx_word' id='word_1_476' title='bbox 773 3708 824 3761; x_wconf 91' lang='lat' dir='ltr'><strong>in</strong></span> <span class='ocrx_word' id='word_1_477' title='bbox 853 3708 972 3760; x_wconf 91' lang='lat' dir='ltr'><strong>sinu</strong></span> <span class='ocrx_word' id='word_1_478' title='bbox 1005 3707 1281 3761; x_wconf 81' lang='lat' dir='ltr'><strong>Abraham</strong></span> <span class='ocrx_word' id='word_1_479' title='bbox 1328 3705 1681 3773; x_wconf 85' lang='lat' dir='ltr'><strong>requiescens</strong></span> <span class='ocrx_word' id='word_1_480' title='bbox 1710 3712 1836 3757; x_wconf 88' lang='lat' dir='ltr'><strong>ante</strong></span> <span class='ocrx_word' id='word_1_481' title='bbox 1866 3702 2114 3755; x_wconf 84' lang='lat' dir='ltr'><strong>Salvato-</strong></span> 
     </span>
    </p>
   </div>
   <div class='ocr_carea' id='block_1_67' title="bbox 536 3792 2113 3862">
    <p class='ocr_par' dir='ltr' id='par_1_67' title="bbox 536 3792 2113 3862">
     <span class='ocr_line' id='line_1_67' title="bbox 536 3792 2113 3862; baseline -0.004 -12"><span class='ocrx_word' id='word_1_482' title='bbox 536 3800 610 3852; x_wconf 75' lang='lat' dir='ltr'><strong>ris</strong></span> <span class='ocrx_word' id='word_1_483' title='bbox 648 3799 961 3862; x_wconf 87' lang='lat' dir='ltr'><strong>adventum,</strong></span> <span class='ocrx_word' id='word_1_484' title='bbox 1000 3809 1053 3852; x_wconf 89' lang='lat' dir='ltr'><strong>et</strong></span> <span class='ocrx_word' id='word_1_485' title='bbox 1088 3808 1217 3849; x_wconf 88' lang='lat' dir='ltr'><strong>ante</strong></span> <span class='ocrx_word' id='word_1_486' title='bbox 1258 3793 1787 3849; x_wconf 84' lang='lat' dir='ltr'><strong>consummationem</strong></span> <span class='ocrx_word' id='word_1_487' title='bbox 1829 3792 2035 3858; x_wconf 66' lang='lat' dir='ltr'><strong>saaculi,</strong></span> <span class='ocrx_word' id='word_1_488' title='bbox 2059 3801 2113 3846; x_wconf 84' lang='lat' dir='ltr'><strong>et</strong></span> 
     </span>
    </p>
   </div>
   <div class='ocr_carea' id='block_1_68' title="bbox 533 3882 2115 3959">
    <p class='ocr_par' dir='ltr' id='par_1_68' title="bbox 533 3882 2115 3959">
     <span class='ocr_line' id='line_1_68' title="bbox 533 3882 2115 3959; baseline -0.004 -17"><span class='ocrx_word' id='word_1_489' title='bbox 533 3901 822 3959; x_wconf 84' lang='lat' dir='ltr'><strong>propterea</strong></span> <span class='ocrx_word' id='word_1_490' title='bbox 875 3899 1000 3943; x_wconf 89' lang='lat' dir='ltr'><strong>ante</strong></span> <span class='ocrx_word' id='word_1_491' title='bbox 1044 3887 1528 3949; x_wconf 81' lang='lat' dir='ltr'><strong>resurrectionem,</strong></span> <span class='ocrx_word' id='word_1_492' title='bbox 1565 3885 1692 3938; x_wconf 89' lang='lat' dir='ltr'><strong>dum</strong></span> <span class='ocrx_word' id='word_1_493' title='bbox 1740 3884 1992 3937; x_wconf 89' lang='lat' dir='ltr'><strong>dicuntur</strong></span> <span class='ocrx_word' id='word_1_494' title='bbox 2028 3882 2115 3936; x_wconf 88' lang='lat' dir='ltr'><strong>hic</strong></span> 
     </span>
    </p>
   </div>
   <div class='ocr_carea' id='block_1_69' title="bbox 534 3973 2117 4053">
    <p class='ocr_par' dir='ltr' id='par_1_69' title="bbox 534 3973 2117 4053">
     <span class='ocr_line' id='line_1_69' title="bbox 534 3973 2117 4053; baseline -0.008 -15"><span class='ocrx_word' id='word_1_495' title='bbox 534 3985 752 4053; x_wconf 81' lang='lat' dir='ltr'><strong>quidem</strong></span> <span class='ocrx_word' id='word_1_496' title='bbox 772 3984 910 4052; x_wconf 87' lang='lat' dir='ltr'><strong>apud</strong></span> <span class='ocrx_word' id='word_1_497' title='bbox 935 3980 1138 4036; x_wconf 78' lang='lat' dir='ltr'><strong>inferos</strong></span> <span class='ocrx_word' id='word_1_498' title='bbox 1169 3978 1373 4049; x_wconf 91' lang='lat' dir='ltr'><strong>puniri,</strong></span> <span class='ocrx_word' id='word_1_499' title='bbox 1396 3976 1485 4031; x_wconf 91' lang='lat' dir='ltr'><strong>ille</strong></span> <span class='ocrx_word' id='word_1_500' title='bbox 1507 3991 1636 4030; x_wconf 90' lang='lat' dir='ltr'><strong>vero</strong></span> <span class='ocrx_word' id='word_1_501' title='bbox 1666 3975 1717 4029; x_wconf 92' lang='lat' dir='ltr'><strong>in</strong></span> <span class='ocrx_word' id='word_1_502' title='bbox 1742 3973 1861 4029; x_wconf 90' lang='lat' dir='ltr'><strong>sinu</strong></span> <span class='ocrx_word' id='word_1_503' title='bbox 1884 3973 2117 4027; x_wconf 68' lang='lat' dir='ltr'><strong>Abrahae</strong></span> 
     </span>
    </p>
   </div>
   <div class='ocr_carea' id='block_1_70' title="bbox 536 4074 2114 4147">
    <p class='ocr_par' dir='ltr' id='par_1_70' title="bbox 536 4074 2114 4147">
     <span class='ocr_line' id='line_1_70' title="bbox 536 4074 2114 4147; baseline -0.006 -17"><span class='ocrx_word' id='word_1_504' title='bbox 536 4079 918 4147; x_wconf 88' lang='lat' dir='ltr'><strong>requiescere,</strong></span> <span class='ocrx_word' id='word_1_505' title='bbox 983 4076 1180 4130; x_wconf 87' lang='lat' dir='ltr'><strong>docent</strong></span> <span class='ocrx_word' id='word_1_506' title='bbox 1228 4074 1392 4127; x_wconf 87' lang='lat' dir='ltr'><strong>etiam</strong></span> <span class='ocrx_word' id='word_1_507' title='bbox 1449 4085 1593 4126; x_wconf 92' lang='lat' dir='ltr'><strong>nunc</strong></span> <span class='ocrx_word' id='word_1_508' title='bbox 1653 4080 1774 4139; x_wconf 87' lang='lat' dir='ltr'><strong>post</strong></span> <span class='ocrx_word' id='word_1_509' title='bbox 1827 4083 2114 4123; x_wconf 85' lang='lat' dir='ltr'><strong>excessum</strong></span> 
     </span>
    </p>
   </div>
   <div class='ocr_carea' id='block_1_71' title="bbox 533 4162 2116 4234">
    <p class='ocr_par' dir='ltr' id='par_1_71' title="bbox 533 4162 2116 4234">
     <span class='ocr_line' id='line_1_71' title="bbox 533 4162 2116 4234; baseline -0.003 -15"><span class='ocrx_word' id='word_1_510' title='bbox 533 4182 563 4220; x_wconf 91' lang='lat' dir='ltr'><strong>e</strong></span> <span class='ocrx_word' id='word_1_511' title='bbox 594 4168 702 4219; x_wconf 90' lang='lat' dir='ltr'><strong>vita</strong></span> <span class='ocrx_word' id='word_1_512' title='bbox 754 4167 990 4220; x_wconf 87' lang='lat' dir='ltr'><strong>animam</strong></span> <span class='ocrx_word' id='word_1_513' title='bbox 1041 4178 1273 4234; x_wconf 88' lang='lat' dir='ltr'><strong>corpore</strong></span> <span class='ocrx_word' id='word_1_514' title='bbox 1317 4162 1417 4215; x_wconf 91' lang='lat' dir='ltr'><strong>uti.</strong></span> <span class='ocrx_word' id='word_1_515' title='bbox 1477 4163 1557 4215; x_wconf 85' lang='lat' dir='ltr'><strong>Ad</strong></span> <span class='ocrx_word' id='word_1_516' title='bbox 1606 4163 1722 4216; x_wconf 63' lang='lat' dir='ltr'><strong>haec</strong></span> <span class='ocrx_word' id='word_1_517' title='bbox 1775 4162 1859 4214; x_wconf 90' lang='lat' dir='ltr'><strong>vir</strong></span> <span class='ocrx_word' id='word_1_518' title='bbox 1894 4171 2116 4215; x_wconf 89' lang='lat' dir='ltr'><strong>sanctus</strong></span> 
     </span>
    </p>
   </div>
   <div class='ocr_carea' id='block_1_72' title="bbox 538 4254 2115 4326">
    <p class='ocr_par' dir='ltr' id='par_1_72' title="bbox 538 4254 2115 4326">
     <span class='ocr_line' id='line_1_72' title="bbox 538 4254 2115 4326; baseline -0.004 -13"><span class='ocrx_word' id='word_1_519' title='bbox 538 4258 851 4323; x_wconf 84' lang='lat' dir='ltr'><strong>respondet,</strong></span> <span class='ocrx_word' id='word_1_520' title='bbox 914 4260 1139 4326; x_wconf 85' lang='lat' dir='ltr'><strong>ﬁguram</strong></span> <span class='ocrx_word' id='word_1_521' title='bbox 1200 4255 1363 4308; x_wconf 91' lang='lat' dir='ltr'><strong>aliam</strong></span> <span class='ocrx_word' id='word_1_522' title='bbox 1411 4256 1527 4309; x_wconf 89' lang='lat' dir='ltr'><strong>visu</strong></span> <span class='ocrx_word' id='word_1_523' title='bbox 1576 4254 1810 4309; x_wconf 85' lang='lat' dir='ltr'><strong>similem</strong></span> <span class='ocrx_word' id='word_1_524' title='bbox 1872 4254 2115 4308; x_wconf 87' lang='lat' dir='ltr'><strong>sensibili</strong></span> 
     </span>
    </p>
   </div>
   <div class='ocr_carea' id='block_1_73' title="bbox 535 4350 2119 4420">
    <p class='ocr_par' dir='ltr' id='par_1_73' title="bbox 535 4350 2119 4420">
     <span class='ocr_line' id='line_1_73' title="bbox 535 4350 2119 4420; baseline -0.003 -14"><span class='ocrx_word' id='word_1_525' title='bbox 535 4353 684 4420; x_wconf 87' lang='lat' dir='ltr'><strong>huic,</strong></span> <span class='ocrx_word' id='word_1_526' title='bbox 731 4352 969 4405; x_wconf 80' lang='lat' dir='ltr'><strong>animam</strong></span> <span class='ocrx_word' id='word_1_527' title='bbox 1024 4360 1141 4419; x_wconf 88' lang='lat' dir='ltr'><strong>post</strong></span> <span class='ocrx_word' id='word_1_528' title='bbox 1185 4352 1598 4418; x_wconf 85' lang='lat' dir='ltr'><strong>emigrationem</strong></span> <span class='ocrx_word' id='word_1_529' title='bbox 1633 4366 1700 4403; x_wconf 84' lang='lat' dir='ltr'><strong>ex</strong></span> <span class='ocrx_word' id='word_1_530' title='bbox 1742 4350 1844 4403; x_wconf 86' lang='lat' dir='ltr'><strong>hac</strong></span> <span class='ocrx_word' id='word_1_531' title='bbox 1889 4350 1996 4402; x_wconf 89' lang='lat' dir='ltr'><strong>vita</strong></span> <span class='ocrx_word' id='word_1_532' title='bbox 2031 4350 2119 4403; x_wconf 88' lang='lat' dir='ltr'><strong>ha-</strong></span> 
     </span>
    </p>
   </div>
   <div class='ocr_carea' id='block_1_74' title="bbox 534 4438 2115 4509">
    <p class='ocr_par' dir='ltr' id='par_1_74' title="bbox 534 4438 2115 4509">
     <span class='ocr_line' id='line_1_74' title="bbox 534 4438 2115 4509; baseline -0.003 -13"><span class='ocrx_word' id='word_1_533' title='bbox 534 4443 694 4505; x_wconf 87' lang='lat' dir='ltr'><strong>bere;</strong></span> <span class='ocrx_word' id='word_1_534' title='bbox 762 4442 998 4494; x_wconf 90' lang='lat' dir='ltr'><strong>animam</strong></span> <span class='ocrx_word' id='word_1_535' title='bbox 1049 4441 1429 4508; x_wconf 88' lang='lat' dir='ltr'><strong>incorpoream</strong></span> <span class='ocrx_word' id='word_1_536' title='bbox 1461 4440 1741 4509; x_wconf 82' lang='lat' dir='ltr'><strong>professus</strong></span> <span class='ocrx_word' id='word_1_537' title='bbox 1774 4439 1839 4493; x_wconf 89' lang='lat' dir='ltr'><strong>ad</strong></span> <span class='ocrx_word' id='word_1_538' title='bbox 1872 4438 2115 4493; x_wconf 87' lang='lat' dir='ltr'><strong>Platoni-</strong></span> 
     </span>
    </p>
   </div>
   <div class='ocr_carea' id='block_1_75' title="bbox 536 4529 2196 4617">
    <p class='ocr_par' dir='ltr' id='par_1_75' title="bbox 536 4529 2196 4617">
     <span class='ocr_line' id='line_1_75' title="bbox 536 4529 2196 4617; baseline -0.004 -29"><span class='ocrx_word' id='word_1_539' title='bbox 536 4550 653 4588; x_wconf 73' lang='lat' dir='ltr'><strong>cam</strong></span> <span class='ocrx_word' id='word_1_540' title='bbox 705 4530 818 4587; x_wconf 81' lang='lat' dir='ltr'><strong>fere</strong></span> <span class='ocrx_word' id='word_1_541' title='bbox 861 4532 1128 4585; x_wconf 87' lang='lat' dir='ltr'><strong>rationem</strong></span> <span class='ocrx_word' id='word_1_542' title='bbox 1179 4530 1391 4585; x_wconf 69' lang='lat' dir='ltr'><strong>definit.</strong></span> <span class='ocrx_word' id='word_1_543' title='bbox 1425 4530 1561 4583; x_wconf 90' lang='lat' dir='ltr'><strong>Dum</strong></span> <span class='ocrx_word' id='word_1_544' title='bbox 1610 4530 1753 4584; x_wconf 89' lang='lat' dir='ltr'><strong>enim</strong></span> <span class='ocrx_word' id='word_1_545' title='bbox 1805 4529 1937 4584; x_wconf 89' lang='lat' dir='ltr'><strong>dicit</strong></span> <span class='ocrx_word' id='word_1_546' title='bbox 1969 4530 2114 4583; x_wconf 84' lang='lat' dir='ltr'><strong>illam</strong></span> <span class='ocrx_word' id='word_1_547' title='bbox 2152 4563 2196 4617; x_wconf 70' lang='grc' dir='ltr'><strong>ι)</strong></span> 
     </span>
    </p>
   </div>
   <div class='ocr_carea' id='block_1_76' title="bbox 535 4621 2117 4690">
    <p class='ocr_par' dir='ltr' id='par_1_76' title="bbox 535 4621 2117 4690">
     <span class='ocr_line' id='line_1_76' title="bbox 535 4621 2117 4690; baseline -0.004 -11"><span class='ocrx_word' id='word_1_548' title='bbox 535 4632 659 4690; x_wconf 87' lang='lat' dir='ltr'><strong>post</strong></span> <span class='ocrx_word' id='word_1_549' title='bbox 687 4638 971 4679; x_wconf 82' lang='lat' dir='ltr'><strong>excessum</strong></span> <span class='ocrx_word' id='word_1_550' title='bbox 1003 4637 1069 4674; x_wconf 83' lang='lat' dir='ltr'><strong>ex</strong></span> <span class='ocrx_word' id='word_1_551' title='bbox 1117 4622 1217 4675; x_wconf 87' lang='lat' dir='ltr'><strong>hac</strong></span> <span class='ocrx_word' id='word_1_552' title='bbox 1252 4622 1360 4674; x_wconf 90' lang='lat' dir='ltr'><strong>vita</strong></span> <span class='ocrx_word' id='word_1_553' title='bbox 1390 4621 1638 4674; x_wconf 90' lang='lat' dir='ltr'><strong>vehiculo</strong></span> <span class='ocrx_word' id='word_1_554' title='bbox 1670 4635 1829 4689; x_wconf 88' lang='lat' dir='ltr'><strong>egere</strong></span> <span class='ocrx_word' id='word_1_555' title='bbox 1854 4630 1910 4675; x_wconf 90' lang='lat' dir='ltr'><strong>et</strong></span> <span class='ocrx_word' id='word_1_556' title='bbox 1943 4629 2117 4685; x_wconf 80' lang='lat' dir='ltr'><strong>veste,</strong></span> 
     </span>
    </p>
   </div>
   <div class='ocr_carea' id='block_1_77' title="bbox 534 4712 2109 4786">
    <p class='ocr_par' dir='ltr' id='par_1_77' title="bbox 534 4712 2109 4786">
     <span class='ocr_line' id='line_1_77' title="bbox 534 4712 2109 4786; baseline -0.003 -15"><span class='ocrx_word' id='word_1_557' title='bbox 534 4731 599 4772; x_wconf 88' lang='lat' dir='ltr'><strong>eo</strong></span> <span class='ocrx_word' id='word_1_558' title='bbox 646 4716 792 4786; x_wconf 90' lang='lat' dir='ltr'><strong>quod</strong></span> <span class='ocrx_word' id='word_1_559' title='bbox 842 4717 984 4769; x_wconf 86' lang='lat' dir='ltr'><strong>nuda</strong></span> <span class='ocrx_word' id='word_1_560' title='bbox 1037 4712 1420 4781; x_wconf 88' lang='lat' dir='ltr'><strong>comprehendi</strong></span> <span class='ocrx_word' id='word_1_561' title='bbox 1480 4713 1719 4767; x_wconf 85' lang='lat' dir='ltr'><strong>tenerive</strong></span> <span class='ocrx_word' id='word_1_562' title='bbox 1765 4727 1869 4766; x_wconf 93' lang='lat' dir='ltr'><strong>non</strong></span> <span class='ocrx_word' id='word_1_563' title='bbox 1917 4716 2109 4781; x_wconf 78' lang='lat' dir='ltr'><strong>possil,</strong></span> 
     </span>
    </p>
   </div>
   <div class='ocr_carea' id='block_1_78' title="bbox 534 4804 2121 4879">
    <p class='ocr_par' dir='ltr' id='par_1_78' title="bbox 534 4804 2121 4879">
     <span class='ocr_line' id='line_1_78' title="bbox 534 4804 2121 4879; baseline -0.004 -14"><span class='ocrx_word' id='word_1_564' title='bbox 534 4811 807 4879; x_wconf 85' lang='lat' dir='ltr'><strong>quomodo</strong></span> <span class='ocrx_word' id='word_1_565' title='bbox 848 4825 976 4879; x_wconf 82' lang='lat' dir='ltr'><strong>ergo</strong></span> <span class='ocrx_word' id='word_1_566' title='bbox 1007 4822 1099 4878; x_wconf 90' lang='lat' dir='ltr'><strong>per</strong></span> <span class='ocrx_word' id='word_1_567' title='bbox 1141 4822 1200 4861; x_wconf 91' lang='lat' dir='ltr'><strong>se</strong></span> <span class='ocrx_word' id='word_1_568' title='bbox 1232 4822 1337 4860; x_wconf 92' lang='lat' dir='ltr'><strong>non</strong></span> <span class='ocrx_word' id='word_1_569' title='bbox 1367 4806 1442 4859; x_wconf 89' lang='lat' dir='ltr'><strong>sit</strong></span> <span class='ocrx_word' id='word_1_570' title='bbox 1467 4806 1830 4874; x_wconf 84' lang='lat' dir='ltr'><strong>incorporea?</strong></span> <span class='ocrx_word' id='word_1_571' title='bbox 1859 4804 1995 4859; x_wconf 88' lang='lat' dir='ltr'><strong>Cum</strong></span> <span class='ocrx_word' id='word_1_572' title='bbox 2023 4822 2121 4859; x_wconf 84' lang='lat' dir='ltr'><strong>an-</strong></span> 
     </span>
    </p>
   </div>
   <div class='ocr_carea' id='block_1_79' title="bbox 537 4897 2123 4978">
    <p class='ocr_par' dir='ltr' id='par_1_79' title="bbox 537 4897 2123 4978">
     <span class='ocr_line' id='line_1_79' title="bbox 537 4897 2123 4978; baseline -0.007 -15"><span class='ocrx_word' id='word_1_573' title='bbox 537 4920 644 4965; x_wconf 89' lang='lat' dir='ltr'><strong>tem</strong></span> <span class='ocrx_word' id='word_1_574' title='bbox 673 4910 1002 4978; x_wconf 88' lang='lat' dir='ltr'><strong>incorporea</strong></span> <span class='ocrx_word' id='word_1_575' title='bbox 1054 4908 1147 4971; x_wconf 86' lang='lat' dir='ltr'><strong>sit,</strong></span> <span class='ocrx_word' id='word_1_576' title='bbox 1191 4904 1467 4976; x_wconf 89' lang='lat' dir='ltr'><strong>quomodo</strong></span> <span class='ocrx_word' id='word_1_577' title='bbox 1494 4918 1600 4956; x_wconf 91' lang='lat' dir='ltr'><strong>non</strong></span> <span class='ocrx_word' id='word_1_578' title='bbox 1633 4916 1834 4971; x_wconf 83' lang='lat' dir='ltr'><strong>expers</strong></span> <span class='ocrx_word' id='word_1_579' title='bbox 1870 4902 1974 4955; x_wconf 88' lang='lat' dir='ltr'><strong>erit</strong></span> <span class='ocrx_word' id='word_1_580' title='bbox 2002 4897 2123 4970; x_wconf 89' lang='lat' dir='ltr'><strong>[per</strong></span> 
     </span>
    </p>
   </div>
   <div class='ocr_carea' id='block_1_80' title="bbox 534 4993 2117 5071">
    <p class='ocr_par' dir='ltr' id='par_1_80' title="bbox 534 4993 2117 5071">
     <span class='ocr_line' id='line_1_80' title="bbox 534 4993 2117 5071; baseline -0.009 -15"><span class='ocrx_word' id='word_1_581' title='bbox 534 4998 616 5071; x_wconf 88' lang='lat' dir='ltr'><strong>se]</strong></span> <span class='ocrx_word' id='word_1_582' title='bbox 695 5000 1035 5070; x_wconf 88' lang='lat' dir='ltr'><strong>passionum,</strong></span> <span class='ocrx_word' id='word_1_583' title='bbox 1118 5013 1211 5051; x_wconf 89' lang='lat' dir='ltr'><strong>seu</strong></span> <span class='ocrx_word' id='word_1_584' title='bbox 1267 4996 1564 5049; x_wconf 88' lang='lat' dir='ltr'><strong>dolorum?</strong></span> <span class='ocrx_word' id='word_1_585' title='bbox 1614 4993 1919 5048; x_wconf 88' lang='lat' dir='ltr'><strong>Comitatur</strong></span> <span class='ocrx_word' id='word_1_586' title='bbox 1972 4993 2117 5045; x_wconf 86' lang='lat' dir='ltr'><strong>enim</strong></span> 
     </span>
    </p>
   </div>
   <div class='ocr_carea' id='block_1_81' title="bbox 537 5084 2114 5163">
    <p class='ocr_par' dir='ltr' id='par_1_81' title="bbox 537 5084 2114 5163">
     <span class='ocr_line' id='line_1_81' title="bbox 537 5084 2114 5163; baseline -0.007 -18"><span class='ocrx_word' id='word_1_587' title='bbox 537 5095 731 5163; x_wconf 80' lang='lat' dir='ltr'><strong>ipsam,</strong></span> <span class='ocrx_word' id='word_1_588' title='bbox 784 5093 829 5147; x_wconf 91' lang='lat' dir='ltr'><strong>si</strong></span> <span class='ocrx_word' id='word_1_589' title='bbox 866 5092 1183 5161; x_wconf 87' lang='lat' dir='ltr'><strong>incorporea</strong></span> <span class='ocrx_word' id='word_1_590' title='bbox 1236 5089 1328 5151; x_wconf 91' lang='lat' dir='ltr'><strong>sit,</strong></span> <span class='ocrx_word' id='word_1_591' title='bbox 1364 5088 1439 5140; x_wconf 90' lang='lat' dir='ltr'><strong>uti</strong></span> <span class='ocrx_word' id='word_1_592' title='bbox 1487 5102 1585 5139; x_wconf 90' lang='lat' dir='ltr'><strong>nec</strong></span> <span class='ocrx_word' id='word_1_593' title='bbox 1622 5086 1751 5153; x_wconf 87' lang='lat' dir='ltr'><strong>pati,</strong></span> <span class='ocrx_word' id='word_1_594' title='bbox 1806 5100 1903 5139; x_wconf 86' lang='lat' dir='ltr'><strong>nec</strong></span> <span class='ocrx_word' id='word_1_595' title='bbox 1938 5084 2114 5136; x_wconf 90' lang='lat' dir='ltr'><strong>teneri</strong></span> 
     </span>
    </p>
   </div>
   <div class='ocr_carea' id='block_1_82' title="bbox 533 5174 2121 5255">
    <p class='ocr_par' dir='ltr' id='par_1_82' title="bbox 533 5174 2121 5255">
     <span class='ocr_line' id='line_1_82' title="bbox 533 5174 2121 5255; baseline -0.009 -16"><span class='ocrx_word' id='word_1_596' title='bbox 533 5185 727 5255; x_wconf 89' lang='lat' dir='ltr'><strong>possit.</strong></span> <span class='ocrx_word' id='word_1_597' title='bbox 762 5183 906 5253; x_wconf 82' lang='lat' dir='ltr'><strong>Ergo</strong></span> <span class='ocrx_word' id='word_1_598' title='bbox 946 5184 989 5237; x_wconf 92' lang='lat' dir='ltr'><strong>si</strong></span> <span class='ocrx_word' id='word_1_599' title='bbox 1023 5180 1467 5247; x_wconf 82' lang='lat' dir='ltr'><strong>concupiscentia</strong></span> <span class='ocrx_word' id='word_1_600' title='bbox 1511 5175 1815 5230; x_wconf 87' lang='lat' dir='ltr'><strong>irrationali</strong></span> <span class='ocrx_word' id='word_1_601' title='bbox 1862 5174 2003 5227; x_wconf 70' lang='lat' dir='ltr'><strong>nulla</strong></span> <span class='ocrx_word' id='word_1_602' title='bbox 2036 5191 2121 5225; x_wconf 85' lang='lat' dir='ltr'><strong>ra-</strong></span> 
     </span>
    </p>
   </div>
   <div class='ocr_carea' id='block_1_83' title="bbox 538 5268 2119 5340">
    <p class='ocr_par' dir='ltr' id='par_1_83' title="bbox 538 5268 2119 5340">
     <span class='ocr_line' id='line_1_83' title="bbox 538 5268 2119 5340; baseline -0.008 -8"><span class='ocrx_word' id='word_1_603' title='bbox 538 5278 685 5333; x_wconf 88' lang='lat' dir='ltr'><strong>tione</strong></span> <span class='ocrx_word' id='word_1_604' title='bbox 723 5276 823 5330; x_wconf 81' lang='lat' dir='ltr'><strong>fuit</strong></span> <span class='ocrx_word' id='word_1_605' title='bbox 854 5286 1019 5338; x_wconf 85' lang='lat' dir='ltr'><strong>tacta,</strong></span> <span class='ocrx_word' id='word_1_606' title='bbox 1084 5287 1256 5340; x_wconf 87' lang='lat' dir='ltr'><strong>neque</strong></span> <span class='ocrx_word' id='word_1_607' title='bbox 1296 5270 1542 5337; x_wconf 82' lang='lat' dir='ltr'><strong>corporis</strong></span> <span class='ocrx_word' id='word_1_608' title='bbox 1574 5268 1807 5321; x_wconf 89' lang='lat' dir='ltr'><strong>dolentis</strong></span> <span class='ocrx_word' id='word_1_609' title='bbox 1837 5268 2119 5336; x_wconf 84' lang='lat' dir='ltr'><strong>patientis-</strong></span> 
     </span>
    </p>
   </div>
   <div class='ocr_carea' id='block_1_84' title="bbox 602 5410 1196 5473">
    <p class='ocr_par' dir='ltr' id='par_1_84' title="bbox 602 5410 1196 5473">
     <span class='ocr_line' id='line_1_84' title="bbox 602 5410 1196 5473; baseline -0.007 -6"><span class='ocrx_word' id='word_1_610' title='bbox 602 5412 631 5451; x_wconf 74' lang='grc' dir='ltr'><strong>ἀ</strong></span> <span class='ocrx_word' id='word_1_611' title='bbox 664 5411 796 5468; x_wconf 86' lang='lat' dir='ltr'><strong>Luc.</strong></span> <span class='ocrx_word' id='word_1_612' title='bbox 834 5427 949 5473; x_wconf 68' lang='lat' dir='ltr'><strong>XVI,</strong></span> <span class='ocrx_word' id='word_1_613' title='bbox 978 5411 1069 5473; x_wconf 72' lang='lat'><strong>27,</strong></span> <span class='ocrx_word' id='word_1_614' title='bbox 1106 5410 1196 5463; x_wconf 70' lang='lat'><strong>28.</strong></span> 
     </span>
    </p>
   </div>
   <div class='ocr_carea' id='block_1_85' title="bbox 2216 3336 3816 3417">
    <p class='ocr_par' dir='ltr' id='par_1_85' title="bbox 2216 3336 3816 3417">
     <span class='ocr_line' id='line_1_85' title="bbox 2216 3336 3816 3417; baseline -0.005 -18"><span class='ocrx_word' id='word_1_615' title='bbox 2216 3346 2295 3417; x_wconf 82' lang='grc' dir='ltr'>τῷ</span> <span class='ocrx_word' id='word_1_616' title='bbox 2323 3346 2411 3399; x_wconf 82' lang='grc' dir='ltr'>ὅτε</span> <span class='ocrx_word' id='word_1_617' title='bbox 2442 3346 2539 3415; x_wconf 80' lang='grc' dir='ltr'><strong>τὴν</strong></span> <span class='ocrx_word' id='word_1_618' title='bbox 2606 3345 2787 3414; x_wconf 85' lang='grc' dir='ltr'>σάρκα</span> <span class='ocrx_word' id='word_1_619' title='bbox 2818 3338 2933 3413; x_wconf 77' lang='grc' dir='ltr'>εἶχε</span> <span class='ocrx_word' id='word_1_620' title='bbox 2982 3343 3244 3412; x_wconf 84' lang='grc' dir='ltr'>σχήματι.</span> <span class='ocrx_word' id='word_1_621' title='bbox 3296 3336 3453 3405; x_wconf 80' lang='grc' dir='ltr'>Εἶτα,</span> <span class='ocrx_word' id='word_1_622' title='bbox 3484 3339 3629 3396; x_wconf 83' lang='grc' dir='ltr'><strong>ἀλλά</strong></span> <span class='ocrx_word' id='word_1_623' title='bbox 3660 3339 3759 3392; x_wconf 73' lang='grc' dir='ltr'>καὶ</span> <span class='ocrx_word' id='word_1_624' title='bbox 3787 3340 3816 3391; x_wconf 88' lang='grc' dir='ltr'><strong>ό</strong></span> 
     </span>
    </p>
   </div>
   <div class='ocr_carea' id='block_1_86' title="bbox 2217 3430 3816 3507">
    <p class='ocr_par' dir='ltr' id='par_1_86' title="bbox 2217 3430 3816 3507">
     <span class='ocr_line' id='line_1_86' title="bbox 2217 3430 3816 3507; baseline -0.004 -17"><span class='ocrx_word' id='word_1_625' title='bbox 2217 3436 2473 3507; x_wconf 83' lang='grc' dir='ltr'>Σαμουὴλ</span> <span class='ocrx_word' id='word_1_626' title='bbox 2538 3438 2885 3507; x_wconf 75' lang='grc' dir='ltr'>φαινόμενος,</span> <span class='ocrx_word' id='word_1_627' title='bbox 2945 3435 3019 3496; x_wconf 82' lang='grc' dir='ltr'>ὡς</span> <span class='ocrx_word' id='word_1_628' title='bbox 3067 3435 3225 3506; x_wconf 82' lang='grc' dir='ltr'>δῆλόν</span> <span class='ocrx_word' id='word_1_629' title='bbox 3276 3436 3445 3498; x_wconf 78' lang='grc' dir='ltr'>ἐστιν,</span> <span class='ocrx_word' id='word_1_630' title='bbox 3507 3433 3708 3502; x_wconf 72' lang='grc' dir='ltr'>ὁρατὸς</span> <span class='ocrx_word' id='word_1_631' title='bbox 3740 3430 3816 3483; x_wconf 80' lang='grc' dir='ltr'><strong>ὢν</strong></span> 
     </span>
    </p>
   </div>
   <div class='ocr_carea' id='block_1_87' title="bbox 2218 3524 3813 3601">
    <p class='ocr_par' dir='ltr' id='par_1_87' title="bbox 2218 3524 3813 3601">
     <span class='ocr_line' id='line_1_87' title="bbox 2218 3524 3813 3601; baseline -0.004 -18"><span class='ocrx_word' id='word_1_632' title='bbox 2218 3531 2547 3601; x_wconf 82' lang='grc' dir='ltr'>παρίστησιν</span> <span class='ocrx_word' id='word_1_633' title='bbox 2588 3532 2671 3585; x_wconf 79' lang='grc' dir='ltr'>ὅτι</span> <span class='ocrx_word' id='word_1_634' title='bbox 2696 3529 2854 3598; x_wconf 84' lang='grc' dir='ltr'>σῶμα</span> <span class='ocrx_word' id='word_1_635' title='bbox 2886 3528 3219 3597; x_wconf 81' lang='grc' dir='ltr'>περιέκειτο,</span> <span class='ocrx_word' id='word_1_636' title='bbox 3265 3526 3501 3595; x_wconf 84' lang='grc' dir='ltr'>μάλιστα</span> <span class='ocrx_word' id='word_1_637' title='bbox 3525 3524 3625 3578; x_wconf 73' lang='grc' dir='ltr'><strong>ἐὰν</strong></span> <span class='ocrx_word' id='word_1_638' title='bbox 3656 3526 3813 3592; x_wconf 67' lang='grc' dir='ltr'>ἀναγι</span> 
     </span>
    </p>
   </div>
   <div class='ocr_carea' id='block_1_88' title="bbox 2218 3617 3813 3691">
    <p class='ocr_par' dir='ltr' id='par_1_88' title="bbox 2218 3617 3813 3691">
     <span class='ocr_line' id='line_1_88' title="bbox 2218 3617 3813 3691; baseline -0.004 -17"><span class='ocrx_word' id='word_1_639' title='bbox 2218 3622 2512 3691; x_wconf 85' lang='grc' dir='ltr'>κασθῶμεν</span> <span class='ocrx_word' id='word_1_640' title='bbox 2546 3623 2650 3676; x_wconf 80' lang='grc' dir='ltr'><strong>ὑπὸ</strong></span> <span class='ocrx_word' id='word_1_641' title='bbox 2702 3622 2810 3674; x_wconf 83' lang='grc' dir='ltr'><strong>τῶν</strong></span> <span class='ocrx_word' id='word_1_642' title='bbox 2841 3619 3170 3685; x_wconf 79' lang='grc' dir='ltr'>ἀποδείξεων</span> <span class='ocrx_word' id='word_1_643' title='bbox 3199 3618 3297 3689; x_wconf 84' lang='grc' dir='ltr'>τὴν</span> <span class='ocrx_word' id='word_1_644' title='bbox 3354 3618 3543 3670; x_wconf 75' lang='grc' dir='ltr'>οὐσίαν</span> <span class='ocrx_word' id='word_1_645' title='bbox 3578 3617 3685 3686; x_wconf 77' lang='grc' dir='ltr'>τῆς</span> <span class='ocrx_word' id='word_1_646' title='bbox 3712 3618 3813 3685; x_wconf 72' lang='grc' dir='ltr'><strong>ψυ-</strong></span> 
     </span>
    </p>
   </div>
   <div class='ocr_carea' id='block_1_89' title="bbox 2218 3708 3811 3785">
    <p class='ocr_par' dir='ltr' id='par_1_89' title="bbox 2218 3708 3811 3785">
     <span class='ocr_line' id='line_1_89' title="bbox 2218 3708 3811 3785; baseline -0.006 -16"><span class='ocrx_word' id='word_1_647' title='bbox 2218 3716 2318 3785; x_wconf 79' lang='grc' dir='ltr'>χῆς</span> <span class='ocrx_word' id='word_1_648' title='bbox 2366 3714 2657 3784; x_wconf 85' lang='grc' dir='ltr'>ἀσώματον</span> <span class='ocrx_word' id='word_1_649' title='bbox 2697 3708 2838 3767; x_wconf 76' lang='grc' dir='ltr'>εἶναι</span> <span class='ocrx_word' id='word_1_650' title='bbox 2896 3711 3017 3766; x_wconf 85' lang='grc' dir='ltr'>καθ’</span> <span class='ocrx_word' id='word_1_651' title='bbox 3068 3712 3269 3782; x_wconf 80' lang='grc' dir='ltr'>ἑαυτὴν</span> <span class='ocrx_word' id='word_1_652' title='bbox 3311 3712 3331 3741; x_wconf 86' lang='grc'><strong>⁹</strong></span> <span class='ocrx_word' id='word_1_653' title='bbox 3393 3708 3811 3779; x_wconf 80' lang='grc' dir='ltr'>ἀποφήνασθαι.</span> 
     </span>
    </p>
   </div>
   <div class='ocr_carea' id='block_1_90' title="bbox 2234 3799 3814 3876">
    <p class='ocr_par' dir='ltr' id='par_1_90' title="bbox 2234 3799 3814 3876">
     <span class='ocr_line' id='line_1_90' title="bbox 2234 3799 3814 3876; baseline -0.005 -17"><span class='ocrx_word' id='word_1_654' title='bbox 2234 3807 2394 3860; x_wconf 83' lang='grc' dir='ltr'>Ἀλλά</span> <span class='ocrx_word' id='word_1_655' title='bbox 2424 3808 2519 3859; x_wconf 73' lang='grc' dir='ltr'><strong>καὶ</strong></span> <span class='ocrx_word' id='word_1_656' title='bbox 2549 3808 2576 3859; x_wconf 91' lang='grc' dir='ltr'>ὁ</span> <span class='ocrx_word' id='word_1_657' title='bbox 2610 3805 2976 3876; x_wconf 75' lang='grc' dir='ltr'>κολαζόμενος</span> <span class='ocrx_word' id='word_1_658' title='bbox 3028 3802 3284 3867; x_wconf 83' lang='grc' dir='ltr'>πλούσιος</span> <span class='ocrx_word' id='word_1_659' title='bbox 3316 3801 3407 3855; x_wconf 70' lang='grc' dir='ltr'>καὶ</span> <span class='ocrx_word' id='word_1_660' title='bbox 3433 3801 3462 3853; x_wconf 87' lang='grc' dir='ltr'><strong>ό</strong></span> <span class='ocrx_word' id='word_1_661' title='bbox 3496 3801 3557 3851; x_wconf 77' lang='grc' dir='ltr'>ὲν</span> <span class='ocrx_word' id='word_1_662' title='bbox 3591 3799 3814 3859; x_wconf 77' lang='grc' dir='ltr'>κόλποις</span> 
     </span>
    </p>
   </div>
   <div class='ocr_carea' id='block_1_91' title="bbox 2232 3886 3814 3967">
    <p class='ocr_par' dir='ltr' id='par_1_91' title="bbox 2232 3886 3814 3967">
     <span class='ocr_line' id='line_1_91' title="bbox 2232 3886 3814 3967; baseline -0.008 -16"><span class='ocrx_word' id='word_1_663' title='bbox 2232 3897 2325 3951; x_wconf 81' lang='grc' dir='ltr'><strong>Ἀϐ</strong></span> <span class='ocrx_word' id='word_1_664' title='bbox 2336 3897 2482 3967; x_wconf 81' lang='grc' dir='ltr'><strong>ραάμ</strong></span> <span class='ocrx_word' id='word_1_665' title='bbox 2504 3897 2667 3964; x_wconf 82' lang='grc' dir='ltr'>πένης</span> <span class='ocrx_word' id='word_1_666' title='bbox 2691 3894 3122 3963; x_wconf 81' lang='grc' dir='ltr'>ἀναπαυόμενος,</span> <span class='ocrx_word' id='word_1_667' title='bbox 3144 3892 3250 3962; x_wconf 82' lang='grc' dir='ltr'><strong>πρὸ</strong></span> <span class='ocrx_word' id='word_1_668' title='bbox 3276 3891 3376 3959; x_wconf 79' lang='grc' dir='ltr'>τῆς</span> <span class='ocrx_word' id='word_1_669' title='bbox 3391 3889 3707 3960; x_wconf 80' lang='grc' dir='ltr'>παρουσίας</span> <span class='ocrx_word' id='word_1_670' title='bbox 3723 3886 3814 3939; x_wconf 70' lang='grc' dir='ltr'>τοῦ</span> 
     </span>
    </p>
   </div>
   <div class='ocr_carea' id='block_1_92' title="bbox 2221 3978 3815 4057">
    <p class='ocr_par' dir='ltr' id='par_1_92' title="bbox 2221 3978 3815 4057">
     <span class='ocr_line' id='line_1_92' title="bbox 2221 3978 3815 4057; baseline -0.007 -17"><span class='ocrx_word' id='word_1_671' title='bbox 2221 3987 2475 4057; x_wconf 78' lang='grc' dir='ltr'>Σωτῆρος</span> <span class='ocrx_word' id='word_1_672' title='bbox 2507 3986 2601 4039; x_wconf 72' lang='grc' dir='ltr'>καὶ</span> <span class='ocrx_word' id='word_1_673' title='bbox 2638 3986 2742 4055; x_wconf 84' lang='grc' dir='ltr'><strong>πρὸ</strong></span> <span class='ocrx_word' id='word_1_674' title='bbox 2758 3988 2855 4055; x_wconf 80' lang='grc' dir='ltr'>τῆς</span> <span class='ocrx_word' id='word_1_675' title='bbox 2881 3984 3008 4057; x_wconf 71' lang='grc'><strong>[495</strong></span> <span class='ocrx_word' id='word_1_676' title='bbox 3036 3981 3127 4055; x_wconf 86' lang='grc' dir='ltr'><strong>Η.]</strong></span> <span class='ocrx_word' id='word_1_677' title='bbox 3156 3981 3469 4043; x_wconf 81' lang='grc' dir='ltr'>συντελείας</span> <span class='ocrx_word' id='word_1_678' title='bbox 3491 3978 3586 4031; x_wconf 74' lang='grc' dir='ltr'>τοῦ</span> <span class='ocrx_word' id='word_1_679' title='bbox 3615 3978 3815 4041; x_wconf 80' lang='grc' dir='ltr'>αἰῶνος</span> 
     </span>
    </p>
   </div>
   <div class='ocr_carea' id='block_1_93' title="bbox 2221 4071 3810 4147">
    <p class='ocr_par' dir='ltr' id='par_1_93' title="bbox 2221 4071 3810 4147">
     <span class='ocr_line' id='line_1_93' title="bbox 2221 4071 3810 4147; baseline -0.006 -16"><span class='ocrx_word' id='word_1_680' title='bbox 2221 4078 2317 4131; x_wconf 74' lang='lat' dir='ltr'><strong>ml.</strong></span> <span class='ocrx_word' id='word_1_681' title='bbox 2358 4076 2445 4131; x_wconf 80' lang='grc' dir='ltr'><strong>διὰ</strong></span> <span class='ocrx_word' id='word_1_682' title='bbox 2484 4076 2640 4130; x_wconf 79' lang='grc' dir='ltr'>τοῦτο</span> <span class='ocrx_word' id='word_1_683' title='bbox 2662 4077 2768 4147; x_wconf 83' lang='grc' dir='ltr'><strong>πρὸ</strong></span> <span class='ocrx_word' id='word_1_684' title='bbox 2806 4078 2904 4147; x_wconf 81' lang='grc' dir='ltr'>τῆς</span> <span class='ocrx_word' id='word_1_685' title='bbox 2931 4071 3612 4141; x_wconf 81' lang='grc' dir='ltr'>ἀναστάσεως,λεγόμενοι</span> <span class='ocrx_word' id='word_1_686' title='bbox 3646 4072 3677 4121; x_wconf 90' lang='grc' dir='ltr'>ὁ</span> <span class='ocrx_word' id='word_1_687' title='bbox 3714 4071 3810 4140; x_wconf 83' lang='grc' dir='ltr'><strong>μὲν</strong></span> 
     </span>
    </p>
   </div>
   <div class='ocr_carea' id='block_1_94' title="bbox 2222 4160 3814 4238">
    <p class='ocr_par' dir='ltr' id='par_1_94' title="bbox 2222 4160 3814 4238">
     <span class='ocr_line' id='line_1_94' title="bbox 2222 4160 3814 4238; baseline -0.006 -18"><span class='ocrx_word' id='word_1_688' title='bbox 2222 4171 2279 4221; x_wconf 85' lang='grc' dir='ltr'>ὲν</span> <span class='ocrx_word' id='word_1_689' title='bbox 2307 4167 2433 4238; x_wconf 74' lang='grc' dir='ltr'>ᾅδου</span> <span class='ocrx_word' id='word_1_690' title='bbox 2459 4166 2917 4233; x_wconf 76' lang='grc' dir='ltr'>κολάζεσθαι,όδὲ</span> <span class='ocrx_word' id='word_1_691' title='bbox 2944 4169 3001 4220; x_wconf 78' lang='grc' dir='ltr'>ὲν</span> <span class='ocrx_word' id='word_1_692' title='bbox 3018 4166 3239 4227; x_wconf 83' lang='grc' dir='ltr'>κόλποις</span> <span class='ocrx_word' id='word_1_693' title='bbox 3255 4162 3508 4235; x_wconf 76' lang='grc' dir='ltr'>Ἀϐραὰμ</span> <span class='ocrx_word' id='word_1_694' title='bbox 3534 4160 3814 4215; x_wconf 76' lang='grc' dir='ltr'>ἀναπαύε-</span> 
     </span>
    </p>
   </div>
   <div class='ocr_carea' id='block_1_95' title="bbox 2224 4250 3813 4323">
    <p class='ocr_par' dir='ltr' id='par_1_95' title="bbox 2224 4250 3813 4323">
     <span class='ocr_line' id='line_1_95' title="bbox 2224 4250 3813 4323; baseline -0.004 -14"><span class='ocrx_word' id='word_1_695' title='bbox 2224 4255 2366 4320; x_wconf 88' lang='grc' dir='ltr'>σθαι,</span> <span class='ocrx_word' id='word_1_696' title='bbox 2429 4256 2772 4309; x_wconf 84' lang='grc' dir='ltr'>διδάσκουσιν</span> <span class='ocrx_word' id='word_1_697' title='bbox 2811 4256 2895 4307; x_wconf 77' lang='grc' dir='ltr'>ὃτι</span> <span class='ocrx_word' id='word_1_698' title='bbox 2940 4256 3036 4308; x_wconf 78' lang='grc' dir='ltr'><strong>καὶ</strong></span> <span class='ocrx_word' id='word_1_699' title='bbox 3092 4253 3184 4306; x_wconf 78' lang='grc' dir='ltr'>νῦν</span> <span class='ocrx_word' id='word_1_700' title='bbox 3212 4254 3254 4284; x_wconf 85' lang='grc'><strong>¹⁰</strong></span> <span class='ocrx_word' id='word_1_701' title='bbox 3275 4256 3341 4323; x_wconf 80' lang='grc' dir='ltr'>τῇ</span> <span class='ocrx_word' id='word_1_702' title='bbox 3376 4250 3675 4320; x_wconf 77' lang='grc' dir='ltr'>ἀπαλλαγῇ</span> <span class='ocrx_word' id='word_1_703' title='bbox 3715 4251 3813 4302; x_wconf 84' lang='grc' dir='ltr'><strong>σώ-</strong></span> 
     </span>
    </p>
   </div>
   <div class='ocr_carea' id='block_1_96' title="bbox 2226 4344 3812 4419">
    <p class='ocr_par' dir='ltr' id='par_1_96' title="bbox 2226 4344 3812 4419">
     <span class='ocr_line' id='line_1_96' title="bbox 2226 4344 3812 4419; baseline -0.005 -18"><span class='ocrx_word' id='word_1_704' title='bbox 2226 4366 2357 4419; x_wconf 86' lang='grc' dir='ltr'>ματι</span> <span class='ocrx_word' id='word_1_705' title='bbox 2388 4349 2584 4417; x_wconf 78' lang='grc' dir='ltr'>χρῆται</span> <span class='ocrx_word' id='word_1_706' title='bbox 2606 4350 2639 4418; x_wconf 86' lang='grc' dir='ltr'>ἡ</span> <span class='ocrx_word' id='word_1_707' title='bbox 2668 4348 2837 4418; x_wconf 76' lang='grc' dir='ltr'><strong>ψυχή.</strong></span> <span class='ocrx_word' id='word_1_708' title='bbox 2869 4345 3016 4417; x_wconf 84' lang='grc' dir='ltr'>Πρὸς</span> <span class='ocrx_word' id='word_1_709' title='bbox 3048 4346 3223 4397; x_wconf 82' lang='grc' dir='ltr'>ταῦτα</span> <span class='ocrx_word' id='word_1_710' title='bbox 3245 4348 3273 4398; x_wconf 89' lang='grc' dir='ltr'><strong>ό</strong></span> <span class='ocrx_word' id='word_1_711' title='bbox 3310 4346 3463 4413; x_wconf 78' lang='grc' dir='ltr'>ἆγιος</span> <span class='ocrx_word' id='word_1_712' title='bbox 3499 4344 3630 4397; x_wconf 79' lang='grc' dir='ltr'>τάδε</span> <span class='ocrx_word' id='word_1_713' title='bbox 3659 4344 3812 4413; x_wconf 78' lang='grc' dir='ltr'>φησί·</span> 
     </span>
    </p>
   </div>
   <div class='ocr_carea' id='block_1_97' title="bbox 2222 4436 3815 4511">
    <p class='ocr_par' dir='ltr' id='par_1_97' title="bbox 2222 4436 3815 4511">
     <span class='ocr_line' id='line_1_97' title="bbox 2222 4436 3815 4511; baseline -0.003 -18"><span class='ocrx_word' id='word_1_714' title='bbox 2222 4441 2417 4511; x_wconf 83' lang='grc' dir='ltr'>Σχῆμα</span> <span class='ocrx_word' id='word_1_715' title='bbox 2442 4440 2568 4494; x_wconf 82' lang='grc' dir='ltr'>ἄλλο</span> <span class='ocrx_word' id='word_1_716' title='bbox 2599 4440 2843 4510; x_wconf 84' lang='grc' dir='ltr'>ὁμοειδὲς</span> <span class='ocrx_word' id='word_1_717' title='bbox 2862 4442 2902 4471; x_wconf 81' lang='grc'>¹¹</span> <span class='ocrx_word' id='word_1_718' title='bbox 2924 4438 3003 4509; x_wconf 83' lang='grc' dir='ltr'>τῷ</span> <span class='ocrx_word' id='word_1_719' title='bbox 3028 4436 3275 4507; x_wconf 81' lang='grc' dir='ltr'>αἰσθητῷ</span> <span class='ocrx_word' id='word_1_720' title='bbox 3303 4436 3479 4506; x_wconf 83' lang='grc' dir='ltr'>τούτῳ</span> <span class='ocrx_word' id='word_1_721' title='bbox 3528 4437 3675 4503; x_wconf 80' lang='grc' dir='ltr'><strong>μετᾶ</strong></span> <span class='ocrx_word' id='word_1_722' title='bbox 3720 4438 3815 4504; x_wconf 73' lang='grc' dir='ltr'>τὴν</span> 
     </span>
    </p>
   </div>
   <div class='ocr_carea' id='block_1_98' title="bbox 2223 4526 3816 4603">
    <p class='ocr_par' dir='ltr' id='par_1_98' title="bbox 2223 4526 3816 4603">
     <span class='ocr_line' id='line_1_98' title="bbox 2223 4526 3816 4603; baseline -0.006 -17"><span class='ocrx_word' id='word_1_723' title='bbox 2223 4533 2471 4587; x_wconf 77' lang='grc' dir='ltr'>ἐντεῦθεν</span> <span class='ocrx_word' id='word_1_724' title='bbox 2498 4533 2762 4603; x_wconf 81' lang='grc' dir='ltr'>ἐκδημίαν</span> <span class='ocrx_word' id='word_1_725' title='bbox 2788 4532 2932 4602; x_wconf 79' lang='grc' dir='ltr'>ἔχειν</span> <span class='ocrx_word' id='word_1_726' title='bbox 2959 4530 3329 4600; x_wconf 79' lang='grc' dir='ltr'>ἐκτιθέμενος.</span> <span class='ocrx_word' id='word_1_727' title='bbox 3351 4528 3448 4599; x_wconf 83' lang='grc' dir='ltr'>τὴν</span> <span class='ocrx_word' id='word_1_728' title='bbox 3468 4527 3651 4599; x_wconf 73' lang='grc' dir='ltr'>ψυχὴν</span> <span class='ocrx_word' id='word_1_729' title='bbox 3674 4526 3816 4581; x_wconf 79' lang='grc' dir='ltr'>ἀσώ-</span> 
     </span>
    </p>
   </div>
   <div class='ocr_carea' id='block_1_99' title="bbox 2226 4620 3812 4697">
    <p class='ocr_par' dir='ltr' id='par_1_99' title="bbox 2226 4620 3812 4697">
     <span class='ocr_line' id='line_1_99' title="bbox 2226 4620 3812 4697; baseline -0.006 -17"><span class='ocrx_word' id='word_1_730' title='bbox 2226 4644 2394 4697; x_wconf 84' lang='grc' dir='ltr'>ματον</span> <span class='ocrx_word' id='word_1_731' title='bbox 2436 4625 2540 4677; x_wconf 81' lang='grc' dir='ltr'><strong>ὑπό</strong></span> <span class='ocrx_word' id='word_1_732' title='bbox 2566 4642 2617 4676; x_wconf 85' lang='grc' dir='ltr'><strong>τι</strong></span> <span class='ocrx_word' id='word_1_733' title='bbox 2640 4622 3003 4687; x_wconf 84' lang='grc' dir='ltr'>Πλατωνικῶς</span> <span class='ocrx_word' id='word_1_734' title='bbox 3052 4623 3419 4692; x_wconf 76' lang='grc' dir='ltr'>ἀποφαίνεται</span> <span class='ocrx_word' id='word_1_735' title='bbox 3448 4622 3647 4691; x_wconf 73' lang='grc' dir='ltr'>αὑτήν.</span> <span class='ocrx_word' id='word_1_736' title='bbox 3688 4620 3812 4671; x_wconf 67' lang='lat' dir='ltr'><strong>To“</strong></span> 
     </span>
    </p>
   </div>
   <div class='ocr_carea' id='block_1_100' title="bbox 2222 4710 3813 4787">
    <p class='ocr_par' dir='ltr' id='par_1_100' title="bbox 2222 4710 3813 4787">
     <span class='ocr_line' id='line_1_100' title="bbox 2222 4710 3813 4787; baseline -0.006 -17"><span class='ocrx_word' id='word_1_737' title='bbox 2222 4718 2331 4787; x_wconf 90' lang='grc' dir='ltr'><strong>γάρ</strong></span> <span class='ocrx_word' id='word_1_738' title='bbox 2370 4718 2463 4769; x_wconf 78' lang='grc' dir='ltr'><strong>καὶ</strong></span> <span class='ocrx_word' id='word_1_739' title='bbox 2494 4718 2631 4784; x_wconf 87' lang='grc' dir='ltr'><strong>μετά</strong></span> <span class='ocrx_word' id='word_1_740' title='bbox 2664 4714 2760 4783; x_wconf 80' lang='grc' dir='ltr'><strong>τὴν</strong></span> <span class='ocrx_word' id='word_1_741' title='bbox 2790 4714 2897 4766; x_wconf 75' lang='grc' dir='ltr'>ἀπὸ</span> <span class='ocrx_word' id='word_1_742' title='bbox 2920 4712 3014 4765; x_wconf 80' lang='grc' dir='ltr'>τοῦ</span> <span class='ocrx_word' id='word_1_743' title='bbox 3044 4712 3249 4781; x_wconf 90' lang='grc' dir='ltr'>κόσμου</span> <span class='ocrx_word' id='word_1_744' title='bbox 3292 4711 3659 4779; x_wconf 78' lang='grc' dir='ltr'>ἀποφοίτησιν</span> <span class='ocrx_word' id='word_1_745' title='bbox 3689 4710 3813 4778; x_wconf 79' lang='grc' dir='ltr'><strong>όχή-</strong></span> 
     </span>
    </p>
   </div>
   <div class='ocr_carea' id='block_1_101' title="bbox 2226 4800 3810 4878">
    <p class='ocr_par' dir='ltr' id='par_1_101' title="bbox 2226 4800 3810 4878">
     <span class='ocr_line' id='line_1_101' title="bbox 2226 4800 3810 4878; baseline -0.007 -17"><span class='ocrx_word' id='word_1_746' title='bbox 2226 4824 2395 4878; x_wconf 90' lang='grc' dir='ltr'>ματος</span> <span class='ocrx_word' id='word_1_747' title='bbox 2451 4806 2619 4877; x_wconf 75' lang='grc' dir='ltr'>αὐτὴν</span> <span class='ocrx_word' id='word_1_748' title='bbox 2648 4804 2856 4859; x_wconf 86' lang='grc' dir='ltr'>δεῖσθαι</span> <span class='ocrx_word' id='word_1_749' title='bbox 2887 4806 2980 4857; x_wconf 75' lang='grc' dir='ltr'><strong>καὶ</strong></span> <span class='ocrx_word' id='word_1_750' title='bbox 3031 4803 3328 4875; x_wconf 77' lang='grc' dir='ltr'>περιϐολῆς</span> <span class='ocrx_word' id='word_1_751' title='bbox 3388 4802 3595 4869; x_wconf 80' lang='grc' dir='ltr'>λέγειν,</span> <span class='ocrx_word' id='word_1_752' title='bbox 3648 4800 3728 4863; x_wconf 84' lang='grc' dir='ltr'>ὡς</span> <span class='ocrx_word' id='word_1_753' title='bbox 3757 4800 3810 4852; x_wconf 74' lang='grc' dir='ltr'><strong>οὐ</strong></span> 
     </span>
    </p>
   </div>
   <div class='ocr_carea' id='block_1_102' title="bbox 2222 4881 3810 4971">
    <p class='ocr_par' dir='ltr' id='par_1_102' title="bbox 2222 4881 3810 4971">
     <span class='ocr_line' id='line_1_102' title="bbox 2222 4881 3810 4971; baseline -0.008 -16"><span class='ocrx_word' id='word_1_754' title='bbox 2222 4901 2529 4971; x_wconf 75' lang='grc' dir='ltr'>δυναμένην</span> <span class='ocrx_word' id='word_1_755' title='bbox 2580 4898 2982 4969; x_wconf 75' lang='grc' dir='ltr'>κατασχεθῆναι</span> <span class='ocrx_word' id='word_1_756' title='bbox 3041 4897 3278 4967; x_wconf 82' lang='grc' dir='ltr'>γυμνὴν,</span> <span class='ocrx_word' id='word_1_757' title='bbox 3338 4881 3453 4957; x_wconf 71' lang='grc' dir='ltr'><strong>πῶς</strong></span> <span class='ocrx_word' id='word_1_758' title='bbox 3475 4896 3577 4947; x_wconf 79' lang='grc' dir='ltr'><strong>οὐκ</strong></span> <span class='ocrx_word' id='word_1_759' title='bbox 3605 4894 3673 4948; x_wconf 84' lang='grc' dir='ltr'><strong>ἂν</strong></span> <span class='ocrx_word' id='word_1_760' title='bbox 3697 4892 3810 4946; x_wconf 80' lang='grc' dir='ltr'>καθ’</span> 
     </span>
    </p>
   </div>
   <div class='ocr_carea' id='block_1_103' title="bbox 2226 4984 3812 5063">
    <p class='ocr_par' dir='ltr' id='par_1_103' title="bbox 2226 4984 3812 5063">
     <span class='ocr_line' id='line_1_103' title="bbox 2226 4984 3812 5063; baseline -0.006 -18"><span class='ocrx_word' id='word_1_761' title='bbox 2226 4994 2425 5063; x_wconf 76' lang='grc' dir='ltr'>ἑαυτὴν</span> <span class='ocrx_word' id='word_1_762' title='bbox 2470 4991 2761 5060; x_wconf 82' lang='grc' dir='ltr'>ἀσώματον</span> <span class='ocrx_word' id='word_1_763' title='bbox 2790 4992 2833 5023; x_wconf 81' lang='grc'><strong>¹³</strong></span> <span class='ocrx_word' id='word_1_764' title='bbox 2886 4990 3010 5057; x_wconf 76' lang='grc' dir='ltr'>εἴης</span> <span class='ocrx_word' id='word_1_765' title='bbox 3061 4987 3192 5059; x_wconf 69' lang='grc'><strong>[952</strong></span> <span class='ocrx_word' id='word_1_766' title='bbox 3239 4985 3331 5059; x_wconf 73' lang='grc' dir='ltr'><strong>1ὶ.]</strong></span> <span class='ocrx_word' id='word_1_767' title='bbox 3415 4984 3812 5056; x_wconf 75' lang='grc' dir='ltr'>Ἀσώματοςδὲ</span> 
     </span>
    </p>
   </div>
   <div class='ocr_carea' id='block_1_104' title="bbox 2227 5076 3809 5147">
    <p class='ocr_par' dir='ltr' id='par_1_104' title="bbox 2227 5076 3809 5147">
     <span class='ocr_line' id='line_1_104' title="bbox 2227 5076 3809 5147; baseline -0.008 -8"><span class='ocrx_word' id='word_1_768' title='bbox 2227 5082 2362 5139; x_wconf 75' lang='grc' dir='ltr'>οὖσα</span> <span class='ocrx_word' id='word_1_769' title='bbox 2426 5083 2545 5147; x_wconf 81' lang='grc' dir='ltr'>πῶς</span> <span class='ocrx_word' id='word_1_770' title='bbox 2610 5084 2710 5135; x_wconf 70' lang='grc' dir='ltr'><strong>οὐκ</strong></span> <span class='ocrx_word' id='word_1_771' title='bbox 2754 5080 2907 5135; x_wconf 72' lang='grc' dir='ltr'>ἔσται</span> <span class='ocrx_word' id='word_1_772' title='bbox 2942 5080 2984 5110; x_wconf 65' lang='grc'><strong>*⁸</strong></span> <span class='ocrx_word' id='word_1_773' title='bbox 3033 5082 3129 5133; x_wconf 75' lang='grc' dir='ltr'><strong>καὶ</strong></span> <span class='ocrx_word' id='word_1_774' title='bbox 3178 5078 3527 5140; x_wconf 82' lang='grc' dir='ltr'>ἀνεπίδεκτος</span> <span class='ocrx_word' id='word_1_775' title='bbox 3583 5076 3809 5135; x_wconf 78' lang='grc' dir='ltr'>παθῶν;</span> 
     </span>
    </p>
   </div>
   <div class='ocr_carea' id='block_1_105' title="bbox 2227 5169 3813 5247">
    <p class='ocr_par' dir='ltr' id='par_1_105' title="bbox 2227 5169 3813 5247">
     <span class='ocr_line' id='line_1_105' title="bbox 2227 5169 3813 5247; baseline -0.008 -15"><span class='ocrx_word' id='word_1_776' title='bbox 2227 5178 2512 5232; x_wconf 81' lang='grc' dir='ltr'>ἀκολουθεῖ</span> <span class='ocrx_word' id='word_1_777' title='bbox 2568 5177 2677 5247; x_wconf 74' lang='grc' dir='ltr'><strong>γὰρ</strong></span> <span class='ocrx_word' id='word_1_778' title='bbox 2707 5176 2785 5245; x_wconf 82' lang='grc' dir='ltr'>τῷ</span> <span class='ocrx_word' id='word_1_779' title='bbox 2816 5175 3107 5241; x_wconf 80' lang='grc' dir='ltr'>ἀσώματον</span> <span class='ocrx_word' id='word_1_780' title='bbox 3174 5173 3345 5243; x_wconf 75' lang='grc' dir='ltr'>αὐτὴν</span> <span class='ocrx_word' id='word_1_781' title='bbox 3392 5174 3666 5241; x_wconf 78' lang='grc' dir='ltr'>ὑπάρχειν</span> <span class='ocrx_word' id='word_1_782' title='bbox 3725 5169 3813 5223; x_wconf 80' lang='grc' dir='ltr'>καὶ</span> 
     </span>
    </p>
   </div>
   <div class='ocr_carea' id='block_1_106' title="bbox 2228 5256 3812 5340">
    <p class='ocr_par' dir='ltr' id='par_1_106' title="bbox 2228 5256 3812 5340">
     <span class='ocr_line' id='line_1_106' title="bbox 2228 5256 3812 5340; baseline -0.008 -16"><span class='ocrx_word' id='word_1_783' title='bbox 2228 5274 2288 5324; x_wconf 83' lang='grc' dir='ltr'><strong>τὸ</strong></span> <span class='ocrx_word' id='word_1_784' title='bbox 2348 5273 2531 5340; x_wconf 82' lang='grc' dir='ltr'>ἀπαθῆ</span> <span class='ocrx_word' id='word_1_785' title='bbox 2577 5266 2713 5322; x_wconf 82' lang='grc' dir='ltr'>εἶναι</span> <span class='ocrx_word' id='word_1_786' title='bbox 2772 5272 2867 5322; x_wconf 73' lang='grc' dir='ltr'><strong>καὶ</strong></span> <span class='ocrx_word' id='word_1_787' title='bbox 2918 5270 3357 5337; x_wconf 81' lang='grc' dir='ltr'>ἀπερίσπαστον.</span> <span class='ocrx_word' id='word_1_788' title='bbox 3420 5266 3483 5318; x_wconf 80' lang='grc' dir='ltr'><strong>Εἰ</strong></span> <span class='ocrx_word' id='word_1_789' title='bbox 3544 5265 3650 5334; x_wconf 80' lang='grc' dir='ltr'><strong>μὲν</strong></span> <span class='ocrx_word' id='word_1_790' title='bbox 3726 5256 3812 5313; x_wconf 80' lang='grc' dir='ltr'>οὖν</span> 
     </span>
    </p>
   </div>
   <div class='ocr_carea' id='block_1_107' title="bbox 1842 5494 2518 5553">
    <p class='ocr_par' dir='ltr' id='par_1_107' title="bbox 1842 5494 2518 5553">
     <span class='ocr_line' id='line_1_107' title="bbox 1842 5494 2518 5553; baseline 0.006 -5"><span class='ocrx_word' id='word_1_791' title='bbox 1842 5494 2078 5552; x_wconf 67' lang='lat' dir='ltr'><strong>VARI/ﬁ</strong></span> <span class='ocrx_word' id='word_1_792' title='bbox 2112 5496 2518 5553; x_wconf 74' lang='lat' dir='ltr'><strong>LECTIONES.</strong></span> 
     </span>
    </p>
   </div>
   <div class='ocr_carea' id='block_1_108' title="bbox 610 5620 1027 5683">
    <p class='ocr_par' dir='ltr' id='par_1_108' title="bbox 610 5620 1027 5683">
     <span class='ocr_line' id='line_1_108' title="bbox 610 5620 1027 5683; baseline 0 -11"><span class='ocrx_word' id='word_1_793' title='bbox 610 5623 657 5653; x_wconf 79' lang='lat'>”</span> <span class='ocrx_word' id='word_1_794' title='bbox 683 5620 865 5672; x_wconf 78' lang='grc' dir='ltr'>αὐτῶν</span> <span class='ocrx_word' id='word_1_795' title='bbox 888 5620 938 5671; x_wconf 87' lang='grc' dir='ltr'><strong>’Β</strong></span> <span class='ocrx_word' id='word_1_796' title='bbox 970 5637 1027 5683; x_wconf 82' lang='grc' dir='ltr'>ς.</span> 
     </span>
    </p>
   </div>
   <div class='ocr_carea' id='block_1_109' title="bbox 1125 5615 1774 5687">
    <p class='ocr_par' dir='ltr' id='par_1_109' title="bbox 1125 5615 1774 5687">
     <span class='ocr_line' id='line_1_109' title="bbox 1125 5615 1774 5687; baseline -0.006 -15"><span class='ocrx_word' id='word_1_797' title='bbox 1125 5619 1171 5648; x_wconf 75' lang='grc'><strong>⁸⁸</strong></span> <span class='ocrx_word' id='word_1_798' title='bbox 1193 5615 1687 5687; x_wconf 78' lang='grc' dir='ltr'>Ναϐουχοδονόσωρ</span> <span class='ocrx_word' id='word_1_799' title='bbox 1710 5615 1774 5669; x_wconf 84' lang='grc' dir='ltr'><strong>Α.</strong></span> 
     </span>
    </p>
   </div>
   <div class='ocr_carea' id='block_1_110' title="bbox 1852 5612 2313 5686">
    <p class='ocr_par' dir='ltr' id='par_1_110' title="bbox 1852 5612 2313 5686">
     <span class='ocr_line' id='line_1_110' title="bbox 1852 5612 2313 5686; baseline 0 -18"><span class='ocrx_word' id='word_1_800' title='bbox 1852 5612 1895 5643; x_wconf 76' lang='grc'><strong>⁸⁷</strong></span> <span class='ocrx_word' id='word_1_801' title='bbox 1944 5614 2229 5686; x_wconf 83' lang='grc' dir='ltr'>Ἀσυρίους</span> <span class='ocrx_word' id='word_1_802' title='bbox 2252 5617 2313 5669; x_wconf 81' lang='grc' dir='ltr'><strong>Α.</strong></span> 
     </span>
    </p>
   </div>
   <div class='ocr_carea' id='block_1_111' title="bbox 2401 5610 3812 5685">
    <p class='ocr_par' dir='ltr' id='par_1_111' title="bbox 2401 5610 3812 5685">
     <span class='ocr_line' id='line_1_111' title="bbox 2401 5610 3812 5685; baseline -0.007 -18"><span class='ocrx_word' id='word_1_803' title='bbox 2401 5615 2446 5646; x_wconf 79' lang='grc'><strong>’⁸</strong></span> <span class='ocrx_word' id='word_1_804' title='bbox 2471 5614 2589 5685; x_wconf 80' lang='grc' dir='ltr'>τοῦ]</span> <span class='ocrx_word' id='word_1_805' title='bbox 2614 5614 2721 5666; x_wconf 81' lang='grc' dir='ltr'><strong>τῶν</strong></span> <span class='ocrx_word' id='word_1_806' title='bbox 2757 5616 2829 5685; x_wconf 43' lang='grc' dir='ltr'>Β,</span> <span class='ocrx_word' id='word_1_807' title='bbox 2897 5616 2947 5646; x_wconf 74' lang='grc'>⁸³</span> <span class='ocrx_word' id='word_1_808' title='bbox 2976 5610 3381 5685; x_wconf 64' lang='grc' dir='ltr'>Οὐεσπεσιανοῦ</span> <span class='ocrx_word' id='word_1_809' title='bbox 3407 5610 3490 5685; x_wconf 36' lang='grc' dir='ltr'><strong>Β..</strong></span> <span class='ocrx_word' id='word_1_810' title='bbox 3538 5612 3582 5685; x_wconf 32' lang='grc'><strong>,⁸</strong></span> <span class='ocrx_word' id='word_1_811' title='bbox 3618 5610 3812 5685; x_wconf 55' lang='lat' dir='ltr'><strong>moto;</strong></span> 
     </span>
    </p>
   </div>
   <div class='ocr_carea' id='block_1_112' title="bbox 537 5676 3809 5758">
    <p class='ocr_par' dir='ltr' id='par_1_112' title="bbox 537 5676 3809 5758">
     <span class='ocr_line' id='line_1_112' title="bbox 537 5676 3809 5758; baseline -0.005 -15"><span class='ocrx_word' id='word_1_812' title='bbox 537 5692 582 5743; x_wconf 87' lang='lat' dir='ltr'><strong>B</strong></span> <span class='ocrx_word' id='word_1_813' title='bbox 607 5706 668 5754; x_wconf 85' lang='grc' dir='ltr'>ς.</span> <span class='ocrx_word' id='word_1_814' title='bbox 744 5691 765 5719; x_wconf 84' lang='grc'>⁸</span> <span class='ocrx_word' id='word_1_815' title='bbox 796 5688 853 5741; x_wconf 83' lang='grc' dir='ltr'><strong>δὲ</strong></span> <span class='ocrx_word' id='word_1_816' title='bbox 878 5676 1001 5743; x_wconf 57' lang='lat' dir='ltr'><strong>add:</strong></span> <span class='ocrx_word' id='word_1_817' title='bbox 1028 5687 1137 5742; x_wconf 88' lang='lat' dir='ltr'><strong>AB.</strong></span> <span class='ocrx_word' id='word_1_818' title='bbox 1217 5690 1237 5720; x_wconf 90' lang='grc'><strong><em>³</em></strong></span> <span class='ocrx_word' id='word_1_819' title='bbox 1266 5676 1667 5758; x_wconf 60' lang='grc' dir='ltr'>ἁπλουστέρων</span> <span class='ocrx_word' id='word_1_820' title='bbox 1695 5697 1749 5758; x_wconf 83' lang='lat' dir='ltr'><strong>et.</strong></span> <span class='ocrx_word' id='word_1_821' title='bbox 1785 5699 1924 5758; x_wconf 29' lang='lat' dir='ltr'><strong>mox.</strong></span> <span class='ocrx_word' id='word_1_822' title='bbox 1948 5676 2354 5758; x_wconf 67' lang='grc' dir='ltr'>ἀκριόεστέρων</span> <span class='ocrx_word' id='word_1_823' title='bbox 2396 5686 2485 5738; x_wconf 88' lang='lat' dir='ltr'><strong>AB</strong></span> <span class='ocrx_word' id='word_1_824' title='bbox 2539 5676 2834 5758; x_wconf 57' lang='lat' dir='ltr'><strong>_‘:_‘COt&#39;tT.u)V_]</strong></span> <span class='ocrx_word' id='word_1_825' title='bbox 2869 5686 3048 5738; x_wconf 90' lang='lat' dir='ltr'><strong>malim</strong></span> <span class='ocrx_word' id='word_1_826' title='bbox 3080 5685 3260 5758; x_wconf 79' lang='grc' dir='ltr'>τοῦτο.</span> <span class='ocrx_word' id='word_1_827' title='bbox 3336 5684 3357 5713; x_wconf 81' lang='grc'><strong><em>⁵</em></strong></span> <span class='ocrx_word' id='word_1_828' title='bbox 3394 5679 3685 5758; x_wconf 70' lang='grc' dir='ltr'>ἀνάκλισιν</span> <span class='ocrx_word' id='word_1_829' title='bbox 3720 5676 3809 5758; x_wconf 44' lang='lat' dir='ltr'><strong>BH:</strong></span> 
     </span>
    </p>
   </div>
   <div class='ocr_carea' id='block_1_113' title="bbox 539 5758 928 5827">
    <p class='ocr_par' dir='ltr' id='par_1_113' title="bbox 539 5758 928 5827">
     <span class='ocr_line' id='line_1_113' title="bbox 539 5758 928 5827; baseline -0.003 -14"><span class='ocrx_word' id='word_1_830' title='bbox 539 5758 840 5827; x_wconf 78' lang='grc' dir='ltr'>ἀνάκλησιν</span> <span class='ocrx_word' id='word_1_831' title='bbox 866 5777 928 5823; x_wconf 79' lang='grc' dir='ltr'>ς.</span> 
     </span>
    </p>
   </div>
   <div class='ocr_carea' id='block_1_114' title="bbox 542 5828 1498 5900">
    <p class='ocr_par' dir='ltr' id='par_1_114' title="bbox 542 5828 1498 5900">
     <span class='ocr_line' id='line_1_114' title="bbox 542 5828 1498 5900; baseline 0.002 -19"><span class='ocrx_word' id='word_1_832' title='bbox 542 5832 563 5861; x_wconf 75' lang='grc'><strong><em>⁸</em></strong></span> <span class='ocrx_word' id='word_1_833' title='bbox 587 5830 708 5900; x_wconf 71' lang='grc' dir='ltr'>καθ’</span> <span class='ocrx_word' id='word_1_834' title='bbox 742 5828 963 5900; x_wconf 79' lang='grc' dir='ltr'>ἑαυτήν]</span> <span class='ocrx_word' id='word_1_835' title='bbox 990 5828 1119 5884; x_wconf 70' lang='grc' dir='ltr'>ιῑιπῑ</span> <span class='ocrx_word' id='word_1_836' title='bbox 1152 5833 1245 5883; x_wconf 73' lang='grc' dir='ltr'><strong>καὶ</strong></span> <span class='ocrx_word' id='word_1_837' title='bbox 1276 5830 1498 5898; x_wconf 84' lang='grc' dir='ltr'>ταύτην.</span> 
     </span>
    </p>
   </div>
   <div class='ocr_carea' id='block_1_115' title="bbox 541 5897 1597 5971">
    <p class='ocr_par' dir='ltr' id='par_1_115' title="bbox 541 5897 1597 5971">
     <span class='ocr_line' id='line_1_115' title="bbox 541 5897 1597 5971; baseline 0.001 -18"><span class='ocrx_word' id='word_1_838' title='bbox 541 5914 633 5962; x_wconf 72' lang='grc' dir='ltr'><strong>τος</strong></span> <span class='ocrx_word' id='word_1_839' title='bbox 657 5897 699 5953; x_wconf 81' lang='grc' dir='ltr'><strong><em>Β</em></strong></span> <span class='ocrx_word' id='word_1_840' title='bbox 719 5909 775 5956; x_wconf 84' lang='lat' dir='ltr'><strong>et</strong></span> <span class='ocrx_word' id='word_1_841' title='bbox 798 5897 1040 5957; x_wconf 68' lang='lat' dir='ltr'><strong>corr.&#39;A.</strong></span> <span class='ocrx_word' id='word_1_842' title='bbox 1118 5902 1161 5933; x_wconf 73' lang='lat'>”</span> <span class='ocrx_word' id='word_1_843' title='bbox 1188 5900 1362 5971; x_wconf 75' lang='grc' dir='ltr'>ἔσται]</span> <span class='ocrx_word' id='word_1_844' title='bbox 1391 5897 1455 5954; x_wconf 79' lang='grc' dir='ltr'>ἄν</span> <span class='ocrx_word' id='word_1_845' title='bbox 1489 5898 1597 5954; x_wconf 78' lang='grc' dir='ltr'><strong>ΑΒ.</strong></span> 
     </span>
    </p>
   </div>
   <div class='ocr_carea' id='block_1_116' title="bbox 1018 5743 3812 5829">
    <p class='ocr_par' dir='ltr' id='par_1_116' title="bbox 1018 5743 3812 5829">
     <span class='ocr_line' id='line_1_116' title="bbox 1018 5743 3812 5829; baseline -0.005 -17"><span class='ocrx_word' id='word_1_846' title='bbox 1018 5760 1038 5790; x_wconf 79' lang='grc'><strong><em>⁸</em></strong></span> <span class='ocrx_word' id='word_1_847' title='bbox 1062 5760 1137 5829; x_wconf 82' lang='grc' dir='ltr'>τῷ</span> <span class='ocrx_word' id='word_1_848' title='bbox 1162 5772 1286 5814; x_wconf 85' lang='lat' dir='ltr'><strong>ante</strong></span> <span class='ocrx_word' id='word_1_849' title='bbox 1312 5759 1485 5829; x_wconf 73' lang='grc' dir='ltr'>γηΐνῳ</span> <span class='ocrx_word' id='word_1_850' title='bbox 1505 5743 1627 5812; x_wconf 73' lang='lat' dir='ltr'><strong>add.</strong></span> <span class='ocrx_word' id='word_1_851' title='bbox 1661 5757 1771 5810; x_wconf 80' lang='lat' dir='ltr'><strong>AB.</strong></span> <span class='ocrx_word' id='word_1_852' title='bbox 1816 5743 2198 5829; x_wconf 26' lang='grc' dir='ltr'>*τ’-ἱστορεῖται</span> <span class='ocrx_word' id='word_1_853' title='bbox 2218 5743 2290 5799; x_wconf 50' lang='grc' dir='ltr'><strong>σὲ-</strong></span> <span class='ocrx_word' id='word_1_854' title='bbox 2307 5760 2491 5829; x_wconf 83' lang='grc' dir='ltr'>ὅμοιος</span> <span class='ocrx_word' id='word_1_855' title='bbox 2522 5754 2611 5808; x_wconf 80' lang='lat' dir='ltr'><strong>AB</strong></span> <span class='ocrx_word' id='word_1_856' title='bbox 2650 5774 2662 5807; x_wconf 89' lang='lat'><strong>:</strong></span> <span class='ocrx_word' id='word_1_857' title='bbox 2699 5743 2981 5829; x_wconf 73' lang='grc' dir='ltr'>ἱστόρηται</span> <span class='ocrx_word' id='word_1_858' title='bbox 3006 5786 3075 5795; x_wconf 91' lang='grc'><strong><em>-</em></strong></span> <span class='ocrx_word' id='word_1_859' title='bbox 3099 5755 3302 5829; x_wconf 86' lang='grc' dir='ltr'>ὁμοίως</span> <span class='ocrx_word' id='word_1_860' title='bbox 3331 5770 3391 5829; x_wconf 41' lang='grc' dir='ltr'><strong><em>ςί</em></strong></span> <span class='ocrx_word' id='word_1_861' title='bbox 3409 5823 3429 5829; x_wconf 83' lang='lat'>_</span> <span class='ocrx_word' id='word_1_862' title='bbox 3470 5753 3494 5784; x_wconf 80' lang='grc'>⁸</span> <span class='ocrx_word' id='word_1_863' title='bbox 3516 5753 3724 5829; x_wconf 38' lang='grc' dir='ltr'>-όρᾷται</span> <span class='ocrx_word' id='word_1_864' title='bbox 3755 5743 3812 5797; x_wconf 88' lang='grc' dir='ltr'><strong>Β.</strong></span> 
     </span>
    </p>
   </div>
   <div class='ocr_carea' id='block_1_117' title="bbox 1579 5825 2510 5897">
    <p class='ocr_par' dir='ltr' id='par_1_117' title="bbox 1579 5825 2510 5897">
     <span class='ocr_line' id='line_1_117' title="bbox 1579 5825 2510 5897; baseline -0.004 -14"><span class='ocrx_word' id='word_1_865' title='bbox 1579 5830 1622 5859; x_wconf 84' lang='grc'><strong>¹⁰</strong></span> <span class='ocrx_word' id='word_1_866' title='bbox 1656 5830 1748 5883; x_wconf 72' lang='grc' dir='ltr'>καὶ</span> <span class='ocrx_word' id='word_1_867' title='bbox 1780 5825 1898 5897; x_wconf 76' lang='grc' dir='ltr'>νῦν]</span> <span class='ocrx_word' id='word_1_868' title='bbox 1927 5825 2035 5884; x_wconf 82' lang='lat' dir='ltr'><strong>imo</strong></span> <span class='ocrx_word' id='word_1_869' title='bbox 2068 5830 2160 5882; x_wconf 73' lang='grc' dir='ltr'>καὶ</span> <span class='ocrx_word' id='word_1_870' title='bbox 2193 5831 2250 5882; x_wconf 81' lang='grc' dir='ltr'><strong>ἐν</strong></span> <span class='ocrx_word' id='word_1_871' title='bbox 2281 5829 2361 5883; x_wconf 80' lang='lat' dir='ltr'><strong>vel</strong></span> <span class='ocrx_word' id='word_1_872' title='bbox 2389 5828 2510 5879; x_wconf 79' lang='grc' dir='ltr'>κάν.</span> 
     </span>
    </p>
   </div>
   <div class='ocr_carea' id='block_1_118' title="bbox 2592 5819 3817 5895">
    <p class='ocr_par' dir='ltr' id='par_1_118' title="bbox 2592 5819 3817 5895">
     <span class='ocr_line' id='line_1_118' title="bbox 2592 5819 3817 5895; baseline -0.005 -17"><span class='ocrx_word' id='word_1_873' title='bbox 2592 5828 2631 5857; x_wconf 66' lang='grc'>⁸⁸</span> <span class='ocrx_word' id='word_1_874' title='bbox 2664 5819 2959 5895; x_wconf 72' lang='grc' dir='ltr'>ὁμοιοειδές</span> <span class='ocrx_word' id='word_1_875' title='bbox 2995 5844 3054 5888; x_wconf 75' lang='grc' dir='ltr'>ς.</span> <span class='ocrx_word' id='word_1_876' title='bbox 3135 5819 3178 5857; x_wconf 70' lang='grc'><strong>¹²</strong></span> <span class='ocrx_word' id='word_1_877' title='bbox 3203 5842 3270 5879; x_wconf 85' lang='lat' dir='ltr'><strong>an</strong></span> <span class='ocrx_word' id='word_1_878' title='bbox 3316 5822 3432 5893; x_wconf 68' lang='grc' dir='ltr'>τῴἳ</span> <span class='ocrx_word' id='word_1_879' title='bbox 3513 5819 3572 5853; x_wconf 71' lang='grc'><strong>¹³’</strong></span> <span class='ocrx_word' id='word_1_880' title='bbox 3594 5819 3817 5889; x_wconf 57' lang='lat' dir='ltr'><strong>ambita-</strong></span> 
     </span>
    </p>
   </div>
  </div>
