3954 6404
217 356 356 428 1m
1250 372 1781 433 BIBLIOTHECA.
1807 396 1877 408 -
1910 371 2076 434 con.
2112 374 2431 437 ccxxxv.
3335 378 3473 461 1138

208 472 320 528 ὑπὸ
372 474 571 543 ἀλόγου
609 475 670 529 οὐ
734 476 1059 545 παρείλκετο
1095 480 1231 544 ὅλως
1292 482 1610 552 ἐπιθυμίας,
1668 482 1787 537 οὐδὲ

1902 498 1999 553 que
2041 498 2201 540 sensu
2244 486 2355 539 ullo
2389 484 2489 539 fuit
2525 495 2688 552 tacta,
2722 487 2869 558 (nam
2915 488 3293 560 incorporeum
3335 511 3473 561 quo.

207 567 694 638 συμμετεϐἀλλετο
724 568 981 637 ἀλγοῦντι
1043 574 1136 625 καὶ
1165 574 1525 647 πάσχοντιτῷ
1576 575 1787 646 σώματι

1902 576 2055 631 modo
2084 579 2328 645 corporis
2357 594 2543 644 sensu,
2574 587 2667 633 aut
2689 594 2891 648 corpus
2931 580 3235 652 incorporei
3270 584 3467 641 affectu

203 658 524 729 (ἀσώματον
576 659 686 730 γὰρ
736 659 1014 733 σώματιῆ
1064 663 1227 734 σῶμα
1279 668 1557 739 ἀσωμάτῳ
1601 669 1701 721 οὑκ
1726 668 1787 722 ἀν

1902 667 2209 738 tangatur?)
2242 670 2488 738 sequitur
2533 671 2923 726 convenienter
2979 675 3253 742 praedictis
3286 688 3341 729 ut
3382 679 3467 732 in-

199 764 337 800 ποτε
384 750 721 820 συμπάθοι),
780 747 911 823 ἦν¹⁸
965 753 1033 808 ἂν
1088 755 1380 827 ἀσώματον
1426 759 1575 825 δόξαι
1624 759 1793 827 αὐτὴν

202 840 518 905 ἀκολούθως
579 844 693 908 τοῖς
744 846 1080 916 εἰρημένοις.
1115 847 1179 901 Ei
1229 850 1285 903 δὲ
1348 851 1662 921 συμπάσχοι
1715 852 1792 922 τῷ

202 929 442 1001 σώματι,
502 935 754 1003 καθάπερ
781 938 874 990 καὶ
898 938 985 991 διὰ
1017 939 1119 1008 τῆς
1154 944 1649 1013 ὲπιμαρτυρήσεως
1682 945 1790 995 τῶν

202 1024 551 1093 φαινομένων
599 1027 1011 1093 ἀποδείκνυται,
1057 1030 1349 1101 ἀσώματος
1371 1031 1594 1087 εἶναιού
1626 1035 1789 1088 δύνα-

202 1129 314 1166 ται.
359 1114 425 1167 Ἢ
447 1117 579 1182 γοῦν
606 1119 869 1188 ἀγένητος
898 1121 950 1153 ⁸⁸
985 1123 1077 1175 καὶ
1109 1124 1361 1195 ἀνενδεὴς
1384 1126 1481 1179 καὶ
1503 1127 1793 1197 ἀκάματος

203 1208 370 1274 φύσις
397 1210 427 1261 ό
458 1211 592 1275 Θεὸς
639 1213 797 1281 μόνος
830 1214 1038 1284 ᾄδεται,
1090 1217 1388 1287 ἀσώματος
1422 1219 1519 1283 ὢν,
1564 1221 1644 1274 διὸ
1698 1223 1792 1275 καὶ

202 1300 460 1369 ἀόρατος
482 1302 615 1356 Θεὸν
630 1304 739 1374 γὰρ
757 1305 932 1369 οὐδεὶς
952 1307 1217 1379 ἑώρακεν.
1245 1311 1313 1363 Δί
1334 1311 1391 1364 δὲ
1415 1311 1586 1383 ψυχαὶ
1619 1314 1722 1367 ὑπὸ
1748 1316 1790 1347 ¹⁷

200 1391 299 1445 τοῦ
329 1395 678 1465 Δημιουργοῦ
724 1396 818 1449 καὶ
857 1398 1071 1468 Πατρὸς
1098 1399 1206 1452 τῶν
1229 1401 1387 1466 ὅλων,
1417 1401 1647 1472 σώματα
1676 1421 1792 1457 νοε-

206 1480 278 1549 ρά
302 1482 668 1555 ὑπάρχουσαι,
694 1487 775 1550 είς
801 1485 945 1557 λόγῳ
975 1488 1226 1560 θεωρητά
1244 1490 1380 1561 μέλη
1395 1491 1791 1564 διακεκόσμην-

200 1590 317 1639 ται,
345 1574 550 1645 ταύτην
582 1577 841 1632 λαϐοῦσαι
888 1579 988 1651 τὴν
1016 1580 1367 1637 διατύπωσιν.
1399 1583 1561 1637 Ὅθεν
1610 1586 1703 1638 καὶ
1731 1587 1789 1638 ἐν

201 1665 283 1737 τῷ
304 1667 432 1741 ᾅδῃ,
464 1669 717 1744 καθάπερ
732 1674 825 1727 καὶ
853 1674 953 1729 ἐπὶ
981 1674 1078 1729 τοῦ
1100 1677 1353 1748 Λαζάρου
1379 1680 1475 1732 καὶ
1503 1680 1597 1733 τοῦ
1626 1680 1790 1733 πλου-

204 1759 348 1819 σίου,
368 1764 465 1815 καὶ
490 1762 745 1830 γλῶσσαν
788 1765 882 1819 καὶ
936 1766 1201 1821 δάκτυλον
1233 1771 1328 1822 καὶ
1354 1770 1423 1823 τά
1451 1770 1586 1824 ἀλλα
1648 1771 1786 1842 μέλη

1893 775 2152 829 corporea
2186 776 2306 816 esse
2339 762 2606 817 videatur.
2647 763 2703 818 Si
2754 773 2934 819 autem
2967 780 3088 820 cum
3114 781 3339 836 corpore
3370 785 3468 838 pa-

1896 855 2081 917 tiatur,
2114 854 2567 922 quemadmodum
2597 855 2795 926 301b
2832 870 2897 910 ex
2965 856 3034 911 iis
3073 858 3163 926 qui
3202 874 3473 928 apparue-

1894 956 2020 998 runt
2073 947 2476 1014 cooiprobatnr,
2548 948 2865 1015 incorporea
2918 964 3041 1005 esse
3101 966 3204 1004 non
3266 961 3466 1020 potest.

1893 1034 2036 1105 Ergo
2059 1035 2208 1089 solus
2247 1036 2386 1090 Deus
2430 1048 2619 1091 natura
2655 1040 2914 1108 ingenita,
2951 1041 3150 1096 nullius
3194 1042 3465 1112 indigens,

1891 1137 1946 1180 et
1991 1127 2258 1181 indefessa
2321 1145 2418 1183 nec
2471 1130 2763 1198 fatigahilis
2812 1135 3158 1201 praedicatur,
3192 1136 3308 1204 qui,
3345 1151 3468 1190 cum

1892 1217 2244 1286 incorporeus
2271 1219 2362 1284 sit,
2390 1232 2674 1287 proiiterea
2700 1233 2783 1276 est
2808 1224 3112 1277 invisibilis.
3137 1226 3303 1278 Deum
3324 1229 3467 1279 enim

1892 1325 2052 1363 uento
2083 1311 2249 1377 vidit;
2284 1312 2478 1366 animae
2511 1329 2637 1366 vero
2669 1314 2783 1382 (79)
2826 1333 2855 1369 a
2892 1316 3052 1369 Patre
3090 1317 3465 1372 universorum

1892 1416 2117 1469 corpora
2136 1402 2420 1459 rationalia
2437 1407 2685 1471 conditae,
2706 1409 2756 1461 in
2777 1410 3014 1463 membra
3049 1413 3257 1465 ratione
3287 1414 3466 1482 perri-

1894 1489 2087 1557 pienda
2115 1502 2415 1560 exornatae,
2460 1495 2600 1549 hanc
2639 1499 2867 1567 ﬁgurant
2921 1513 3245 1570 acceperunt
3284 1521 3298 1556 :
3330 1507 3470 1560 unde

1893 1579 2033 1645 apud
2082 1578 2306 1648 inferos,
2348 1592 2407 1638 ut
2456 1586 2509 1639 in
2542 1585 2750 1642 Lazaro
2798 1598 2854 1645 et
2898 1591 3064 1645 divite
3100 1591 3207 1664 [est
3256 1595 3461 1668 videre]

1895 1670 2154 1741 linguam,
2198 1685 2254 1730 et
2280 1676 2528 1747 digitum,
2568 1689 2623 1734 et
2640 1681 2742 1735 alia
2778 1686 3018 1737 membra
3052 1686 3250 1741 habere
3280 1689 3469 1743 dicun-

1896 1773 2003 1831 tur,
2042 1780 2148 1821 non
2199 1771 2344 1837 quod
2400 1771 2635 1827 alienum
2692 1790 2891 1842 corpus
2922 1793 3044 1832 cum
3099 1780 3205 1834 illis
3244 1783 3471 1838 exsistat

205 1851 551 1921 ιστοροῦνται
593 1854 760 1925 ἔχειν,
805 1857 903 1927 οὐχ
935 1857 1011 1920 ώς
1034 1858 1285 1929 σώματος
1308 1861 1497 1931 ἐτέρου
1517 1862 1787 1932 συνυπάρ-

1902 1857 2147 1925 informe,
2177 1862 2271 1916 sed
2302 1864 2447 1932 quod
2484 1864 2613 1934 ipsa:
2642 1867 2858 1935 anima,
2892 1871 2959 1923 ab
2984 1871 3128 1924 omni
3158 1880 3469 1938 legumento

203 1960 396 2012 χοντος
420 1945 611 2009 αὑταῖς
635 1948 869 2012 ἀειδοῦς,
894 1950 1008 2001 ἀλλ’
1039 1952 1120 2004 ὅτι
1161 1952 1323 2005 αὑταὶ
1346 1953 1389 1985 ³⁸
1415 1952 1574 2021 φύσει
1600 1955 1657 2008 αἱ
1682 1954 1786 2023 ψυ-

201 2037 322 2106 χαὶ,
345 2039 546 2101 παντὸς
580 2041 1061 2111 ἀπογυμνωθείσαι
1089 2044 1515 2115 περιϐλήματος.
1542 2048 1785 2101 τοιαῦται

200 2129 349 2182 κατά
374 2129 473 2200 τὴν
505 2132 695 2185 οὐσίαν
720 2134 1077 2205 ὑπάρχουσιν.

286 2223 417 2277 Ὀτι
444 2227 609 2296 φησὶν
643 2229 673 2281 ό
697 2228 849 2297 ἅγιος
875 2233 932 2284 ὲν
953 2232 1286 2292 τέλει,”Ωστε
1316 2236 1396 2301 τὸ,
1421 2237 1522 2288 Διὰ
1546 2236 1720 2290 τοῦτο
1744 2239 1784 2269 ¹⁹

199 2317 464 2382 Χριστὸς
517 2319 801 2388 ἀπέθανε,
857 2322 1177 2394 λεγόμενον,
1232 2328 1335 2380 ἵνα
1407 2327 1638 2387 ζώντων
1688 2331 1787 2383 καὶ

196 2409 439 2478 νεκρῶν
479 2414 797 2483 κυριεύσῃ,
838 2417 932 2471 ἐπὶ
991 2418 1102 2472 τῶν
1156 2419 1345 2490 ψυχῶν
1389 2422 1487 2475 καὶ
1531 2422 1626 2476 ἐπὶ
1676 2424 1785 2477 τῶν

196 2501 481 2569 σωμάτων
530 2506 939 2575 παραληπτέον,
997 2509 1217 2574 ζώντων
1264 2512 1365 2583 μὲν
1412 2513 1523 2568 τῶν
1571 2515 1779 2587 ψυχῶν,

193 2592 341 2646 καθὸ
370 2594 652 2660 ἀθάνατοι,
689 2600 897 2672 νεκρῶν
931 2602 988 2655 δὲ
1021 2602 1131 2656 τῶν
1156 2606 1448 2674 σωμάτων.

273 2686 402 2740 Ὅτι
451 2690 500 2742 εί
556 2691 887 2765 τιμιώτερον
915 2694 1076 2766 σῶμα
1109 2695 1400 2769 ἀνθρώπου
1448 2699 1556 2753 τῶν
1606 2701 1785 2755 ἀλλων

192 2776 381 2843 ζώων,
415 2781 673 2853 ὅτιχερσί
700 2801 760 2839 τε
796 2786 931 2840 Θεοῦ
962 2787 1182 2854 λέγεται
1216 2789 1529 2844 πεπλάσθαι
1573 2792 1668 2845 καὶ
1701 2794 1783 2847 ὅτι

190 2874 532 2944 τιμιωτέρου
574 2876 674 2945 τῆς
722 2877 963 2948 ψυχῆςίο
996 2880 1297 2949 τετύχηκεν
1338 2882 1616 2953 ὀχήματος
1637 2886 1780 2948 ²¹-²²,

190 2962 321 3025 πῶς
349 2962 510 3016 τοῦτο
539 2964 639 3034 μὲν
653 2966 1039 3037 ὀλιγοχρόνιον,
1075 2970 1283 3036 ἀλόγων
1314 2970 1371 3025 δέ
1404 2989 1565 3027 τινων
1604 2974 1784 3045 πολλῷ

192 3052 764 3128 πολυχρονιώτερα;ῆ
792 3058 953 3126 δῆλον
982 3060 1058 3123 ὡς
1099 3062 1131 3129 ἡ
1164 3060 1358 3115 τούτου
1428 3062 1781 3135 πολυχρόνιος

193 3144 442 3216 ὕπαρξις
472 3147 613 3217 μετά
639 3148 737 3219 τὴν
760 3150 1058 3205 ἀνάστασιν
1090 3151 1266 3206 ἔσται.

922 3417 1091 3472 ΣΛΕ¹.

199 3501 316 3556 Τοῦ
346 3503 538 3558 αὐτοῦ
574 3505 705 3572 περὶ
738 3505 857 3560 τῶν
885 3507 1153 3645 γεῐητῶν
1179 3509 1405 3581 ἐκλογὴ
1445 3512 1597 3566 κατὰ
1635 3515 1788 3568 σύν·

915 3596 967 3631 οι
1003 3596 1080 3632 ιν.

915 3596 1061 3632 ουνιν
1068 3619 1080 3632 .

282 3660 631 3734 ’Λνεγνώσθη
669 3665 736 3719 ἐκ
764 3666 860 3720 τοῦ
919 3658 1097 3737 ἁγίου’
1127 3669 1406 3741 μάρτυρος
1453 3672 1715 3727 Μεθοδίου
1744 3676 1788 3707 ’³

191 3755 293 3804 καὶ
326 3755 637 3809 ἐπισκόπου
660 3757 756 3810 τοῦ
792 3760 921 3830 περὶ
958 3760 1066 3814 τῶν
1098 3762 1343 3833 γενητῶν
1365 3764 1432 3831 ’⁸,
1455 3765 1657 3836 ἐκλογὴ
1689 3784 1788 3820 και

193 3845 267 3897 τὰ
288 3845 543 3916 σύνοψιν.

267 3939 401 3993 Ὅτι
432 3940 515 4005 τὸ,
545 3941 642 4009 Μὴ
673 3942 907 4011 βάλητε
925 3945 969 3979 ⁸⁸
996 3945 1063 3998 τὸ
1088 3946 1260 4017 ἅγιον
1292 3950 1417 4016 τοῖς
1442 3952 1609 4017 κυσὶ,
1635 3954 1791 4022 μηδὲ

189 4031 347 4097 τοὺς
389 4036 752 4102 μαργαρίτας
801 4035 969 4106 ὑμῶν
1013 4038 1359 4107 ἔμπροσθεν
1386 4042 1505 4096 τῶν
1539 4046 1785 4113 χοίρων,

192 4124 561 4195 μαργαρίτας
594 4127 693 4195 μὲν
722 4128 817 4181 τοῦ
861 4128 1091 4195 ξενῶνος
1116 4132 1162 4162 ’⁸
1181 4132 1261 4185 τά⁸
1279 4135 1663 4208 μυστικώτερα
1690 4140 1789 4204 τῆς

190 4216 493 4270 θεοσδότου
548 4215 846 4289 θρησκείας
905 4220 1408 4292 ὲκλαμϐἁνόντοξη
1463 4228 1788 4299 μαθήματα,

188 4308 429 4377 χοίρους
467 4307 525 4361 δὲ
575 4312 706 4374 τοὺς
746 4304 833 4363 ἔτι
868 4306 1094 4385 ἀσεϐείᾳ
1148 4314 1244 4367 καὶ
1274 4314 1488 4386 ἡδοναῖς
1543 4314 1789 4393 [49411.]

185 4398 495 4463 παντοίαις
523 4400 681 4472 δίκην
710 4402 910 4472 χοίρων
940 4404 998 4456 ὲν
1038 4401 1282 4475 βορϐόρῳ
1333 4407 1792 4479 καλινδουμένους

189 4489 447 4567 (τρύτοις
468 4490 576 4561 γάρ
598 4493 852 4564 εἰρῆσθαι
881 4495 1035 4567 παρά
1062 4496 1301 4568 Χριστοῦ
1328 4497 1481 4567 ἔλεγε
1500 4500 1577 4571 μὴ
1604 4519 1788 4572 παρα-

188 4564 391 4636 ϐαλεῖν
425 4583 496 4637 τὰ
531 4584 652 4639 θεῖα
682 4564 1126 4657 μαθήματα,,διά
1156 4590 1216 4643 τὸ
1250 4592 1325 4663 μὴ
1358 4564 1617 4647 δύνασθαι
1648 4564 1789 4650 αῦτά
1822 4564 1871 4623 D

187 4677 419 4747 φέρειν,
441 4677 533 4731 am
556 4680 622 4749 τῇ
643 4678 872 4751 ἀσεϐείᾳ
891 4680 986 4734 καὶ
1010 4683 1133 4745 ταῖς
1160 4683 1382 4755 ἀγρίαις
1402 4684 1615 4756 ἡδοναῖς
1646 4705 1783 4757 προ-

272 4807 299 4835 ο
338 4795 499 4854 Rom.
536 4816 657 4866 xw,
681 4803 733 4858 9-
814 4804 835 4843 τ
868 4804 1059 4859 Matth.
1103 4822 1201 4873 vn,
1233 4806 1286 4860 6.

1896 1950 2108 2006 nudatae
2159 1969 2257 2023 per
2298 1971 2360 2011 se
2404 1968 2596 2013 natura
2632 1974 2726 2014 sua
2764 1964 3058 2017 secundum
3106 1967 3465 2022 substantiam

1895 2043 2030 2098 talcs
2056 2046 2189 2100 sint.

1966 2227 2130 2281 Addit
2175 2229 2225 2282 in
2258 2230 2363 2283 fine
2411 2234 2493 2285 vir
2525 2245 2771 2299 sanctus,
2808 2236 2939 2294 illud
2986 2240 3188 2296 dictum
3222 2261 3237 2295 :
3281 2244 3343 2298 In
3373 2246 3468 2300 Itoc

1895 2318 2137 2372 Christus
2172 2332 2412 2378 mortuus
2442 2335 2522 2380 est
2550 2336 2607 2381 ut
2642 2328 2877 2384 vivorum
2910 2341 2959 2385 et
3006 2344 3336 2389 mortuorum
3365 2343 3469 2392 do-

1896 2412 2123 2466 minetur
2158 2425 2205 2477 ο,
2238 2415 2305 2469 de
2342 2418 2624 2474 animabus
2654 2432 2707 2474 et
2738 2426 3069 2493 corporibus
3096 2428 3469 2498 accipiendum

1895 2517 2038 2569 esse,
2082 2507 2219 2561 vivis
2258 2508 2466 2563 scilicet
2500 2512 2809 2578 animabus,
2833 2522 3019 2585 utpote
3046 2518 3466 2591 immortalibus,

1894 2596 2121 2652 mortuis
2148 2614 2274 2653 vero
2299 2604 2639 2671 corporibus.

1964 2686 2115 2754 Quod
2148 2690 2194 2744 si
2217 2690 2327 2763 (80)
2356 2708 2552 2760 corpus
2573 2694 2863 2751 humanum
2888 2700 3130 2755 omnium
3155 2702 3468 2759 animalium

1891 2777 2116 2834 aliorum
2167 2785 2487 2852 corporibus
2535 2798 2619 2840 est
2660 2788 2914 2854 nobilius,
2959 2792 3083 2861 quia
3137 2794 3306 2864 ipsius
3360 2796 3456 2852 Dei

1893 2874 2146 2929 inanibus
2192 2874 2536 2931 elformatum
2570 2888 2624 2933 et
2661 2881 2941 2937 rationalis
2969 2886 3164 2940 animae
3203 2896 3469 2955 praestan-

1893 2964 2000 3018 tius
2058 2964 2357 3020 vehiculum
2419 2985 2433 3022 :
2485 2970 2753 3039 quomodo
2822 2970 2926 3024 hoc
2987 2978 3095 3025 tam
3157 2973 3334 3028 brevis
3381 2982 3469 3029 est

1889 3056 2011 3119 invi,
2049 3070 2171 3109 cum
2213 3057 2385 3129 multa
2438 3060 2753 3115 animalium
2794 3063 3191 3118 irrationalium
3234 3080 3462 3135 corpora

1891 3146 2000 3201 sint
2051 3149 2154 3203 hoc
2203 3150 2371 3205 multo
2431 3150 2693 3222 longioris
2738 3155 2903 3210 vitae?
2951 3158 3292 3212 Manifestum
3328 3175 3460 3230 ergo

1812 3220 1855 3279 (ἶ
1892 3236 2034 3292 illius
2083 3240 2445 3295 substantiam
2493 3220 2615 3313 post
2659 3249 3120 3305 resurrectionem
3170 3252 3466 3323 longzevam

1893 3330 2031 3402 [sive
2061 3334 2347 3407 αξιοι-ηοω]
2380 3336 2516 3401 fprc.

2529 3430 2836 3488 CCXXXV.

1998 3519 2084 3572 Ea:
2108 3519 2240 3574 libro
2269 3525 2437 3576 sancti
2486 3522 2744 3580 Methodii
2774 3529 2837 3582 de
2864 3531 3055 3585 creatis
3087 3545 3353 3603 excerpta.

1962 3675 2087 3748 Legi
2111 3694 2140 3732 e
2160 3691 2351 3735 sancto
2377 3680 2652 3739 Methodio
2670 3687 2923 3756 episcopo
2947 3700 3183 3762 martyre
3211 3708 3305 3762 per
3318 3709 3469 3749 com-

1890 3769 2139 3838 peodium
2173 3784 2426 3844 excerpta
2456 3775 2521 3830 de
2544 3777 2743 3848 genitis
2772 3794 2867 3835 seu
2896 3783 3110 3838 creatis.

1962 3961 2093 4015 Illud
2131 3961 2331 4019 Christi
2375 3980 2389 4018 :
2433 3964 2614 4022 Nolite
2660 3969 2915 4038 projicere
2949 3985 3187 4028 sanctum
3229 3978 3469 4046 canibus,

1894 4070 2054 4121 neque
2066 4058 2380 4125 margaritas
2392 4066 2586 4117 vestras
2600 4070 2721 4115 ante
2736 4079 2915 4125 porcos
2937 4064 2983 4132 ¹;
2999 4066 3135 4120 dixit
3151 4072 3472 4138 margaritas

1892 4160 2014 4202 esse
2040 4162 2133 4203 eos
2171 4149 2262 4218 qui
2294 4150 2347 4203 in
2375 4150 2616 4206 Ecclesia
2650 4154 2920 4209 sanctiora
2959 4158 3154 4212 divinae
3193 4161 3470 4230 religionis

1892 4238 2153 4307 mysteria
2189 4239 2450 4308 capiunt:
2480 4257 2672 4311 porcos
2708 4259 2857 4311 vero,
2889 4247 2977 4315 qui
3011 4247 3234 4305 inomni
3272 4266 3471 4322 genere

1894 4328 2191 4398 impietatis
2221 4341 2276 4384 et
2298 4332 2583 4402 voluptatis
2626 4336 2791 4391 veluti
2826 4340 2973 4408 porci
3006 4340 3058 4394 in
3099 4356 3259 4398 cceno
3287 4345 3467 4400 adhue

1892 4421 2203 4476 volutantur
2246 4424 2382 4493 (Si).
2414 4424 2539 4493 His,
2585 4427 2783 4498 inquit,
2817 4447 2846 4483 a
2874 4430 3091 4487 Christo
3132 4434 3331 4490 dictum
3387 4447 3470 4491 est

1898 4521 2001 4560 non
2060 4523 2179 4564 esse
2231 4512 2472 4567 caelestia
2524 4518 2784 4586 mysteria
2840 4520 2954 4587 (82)
3009 4522 3359 4591 projicienda,
3403 4541 3471 4581 eo

1898 4600 2040 4666 quod
2081 4601 2197 4655 haec
2247 4618 2442 4671 capere
2492 4622 2597 4660 non
2630 4609 2858 4677 possint,
2902 4613 3066 4666 veluti
3097 4616 3390 4683 impietatis
3415 4629 3470 4673 et

1897 4688 2029 4743 feris
2060 4689 2287 4749 fmdisve
2326 4695 2694 4764 voluptatibus
2722 4700 2835 4769 jam
2872 4715 2995 4759 ante
3025 4708 3298 4775 occupati.
3338 4712 3470 4764 San-

1517 4900 1745 4957 VARIIE
1780 4902 2191 4961 LECTIONES.

268 4981 319 5015 ’⁸
356 4975 430 5057 ᾖν
451 4982 579 5057 AD:
614 4984 699 5038 ἵνα
734 5003 797 5051 ς.
878 4973 1248 5057 ⁸θ’ὀιγέννητος
1270 4992 1336 5046 Δ.

186 5069 333 5129 ξιιμ.
348 5053 403 5129 9..
438 5054 537 5129 μη
566 5057 898 5129 τιμιωτέρου
925 5053 1023 5127 τῆς
1055 5053 1253 5129 ψυχῆς.

1330 5061 1448 5094 ’μη
1477 5064 1504 5114 ὸ

1414 4995 1457 5082 L7
1485 4992 1623 5082 ’01::6]
1654 4994 1937 5082 librind'tté.
2019 4998 2061 5029 ¹⁸
2094 5000 2258 5082 αὐταί
2294 5000 2385 5082 ΑΞ
2422 5004 2519 5055 καὶ
2555 4996 2717 5082 αὒ-ται
2764 5022 2823 5068 ς.
2861 5007 2947 5082 _"
2973 5006 3275 5082 ﬁdat-06:0]
3309 5010 3465 5066 Rom.

1508 5065 1749 5133 χήματος
1780 5065 1821 5118 Β
1845 5078 1899 5120 et
1931 5083 2075 5121 corr.
2098 5070 2140 5123 A
2172 5087 2184 5121 :
2224 5070 2549 5153 τιμιώτερον
2579 5075 2677 5142 τῆς
2701 5065 2924 5160 λογικῆς
2959 5075 3157 5202 dum};
3192 5065 3375 5152 ὄχημα
3404 5100 3467 5167 ς.

1508 5136 1640 5187 όπου
1690 5136 1954 5190 Μεθοδίου
1986 5157 2047 5202 ς’.
2141 5141 2187 5172 ’⁸
2213 5158 2487 5202 γεννητων
2518 5161 2577 5202 ς’.
2655 5145 2701 5175 ⁸⁸
2732 5147 2807 5202 μὴ
2844 5146 2989 5202 βαλ.]
3107 5148 3267 5202 lattli.
3296 5170 3387 5202 vn.
3412 5157 3463 5202 ί)-

184 5126 237 5203 ξξ
269 5121 546 5203 NII-3925b?
584 5121 690 5203 κάι-
704 5121 1004 5203 ἐπισκόπου
1033 5121 1168 5203 A15":
1186 5121 1301 5203 ίκαὶ
1336 5121 1640 5187 ἐπισκόπου
1690 5121 1954 5190 Μεθοδίου
1986 5157 2047 5203 ς.
2100 5121 2187 5172 ﬁ"
3008 5121 3128 5202 “3i

183 5194 236 5224 ¹⁶
272 5192 377 5246 τοῦ
409 5192 636 5260 ξενῶνος
659 5198 800 5252 delet
830 5205 895 5262 A,
935 5214 1044 5254 om.
1071 5199 1146 5266 B;
1184 5201 1286 5275 legi
1335 5206 1505 5273 possit
1527 5205 1620 5257 τοῦ
1644 5207 1974 5278 Ὠριγένους.

2141 5141 2487 5227 τικγενϊητῶυ
2518 5161 2577 5207 ς.
2608 5141 2701 5227 .1"
2732 5141 2807 5227 μὴ
2832 5141 3004 5227 ,βᾶλᾍῙΔ
3037 5141 3387 5217 ”Μειιιίι’.’νιι,
3412 5141 3465 5210 ii.

2056 5211 2102 5246 ’⁷
2129 5211 2564 5283 ἐκλαμϐάνοντος
2592 5214 2680 5269 ΑΒ
2706 5211 2743 5267 ς’
2764 5211 3206 5289 ἐκλαμϐἆνοντας
3228 5240 3291 5286 ς.

1728 5320 1960 5381 NOTAE.

264 5403 395 5483 (2?)
423 5404 589 5483 Error
627 5406 883 5483 Methodii
914 5413 1125 5471 animas
1151 5428 1272 5470 esse
1307 5430 1621 5483 corporeas.

266 5474 395 5545 (80)
427 5475 483 5528 Si
518 5476 664 5546 legas
701 5472 873 5556 ᾒμμιό
898 5483 991 5556 εί,
1011 5496 1069 5538 ιιι
1096 5487 1307 5539 videtur
1334 5472 1617 5554 legendum
1668 5502 1786 5556 pro-

178 5554 325 5619 pter
378 5559 639 5614 sequens,
699 5549 878 5619 δῆλον,
929 5555 1066 5609 alius
1114 5570 1305 5611 sensus
1351 5549 1478 5609 est:
1530 5549 1786 5613 Christus

182 5617 410 5671 dicitur
458 5617 793 5694 mortuorum
841 5624 956 5676 sive
1016 5640 1304 5694 corporum
1374 5626 1638 5681 Dominus
1687 5640 1783 5682 aut

178 5689 587 5805 quiancorpus
638 5690 929 5745 humanum
977 5705 1081 5760 est,
1113 5689 1221 5751 'aut
1268 5695 1396 5763 quia
1427 5699 1779 5754 manifestum

180 5767 272 5805 est
319 5772 333 5805 I
383 5770 489 5805 Ius.

180 5767 272 5811 (εει
319 5767 489 5807 IIIIUS.

267 5824 393 5895 (81)
438 5824 599 5881 Forte
625 5827 885 5899 Origenes
915 5848 1075 5903 quem
1104 5835 1326 5894 refutat.

1966 5420 2081 5499 (82)
2109 5420 2306 5499 sacras
2336 5425 2591 5483 Litteras.
2617 5427 2795 5482 Ξενὼν
2816 5428 2917 5484 hoc
2946 5428 3065 5484 loco
3098 5445 3197 5499 pro
3223 5428 3464 5486 Ecclesia

1888 5493 2265 5568 accipiendum
2316 5507 2466 5563 puto,
2509 5514 2629 5568 qua:
2660 5515 2950 5555 commune
2998 5493 3243 5554 omnium
3278 5501 3465 5568 hospi-

1887 5562 2043 5640 tium3
2083 5565 2186 5617 nisi
2218 5562 2359 5640 forte
2402 5562 2584 5640 locum
2641 5570 2893 5640 intelligit
2950 5571 3041 5625 ubi
3086 5562 3464 5625 catechumen.

1882 5633 2041 5709 simul
2076 5637 2351 5709 et__pagani
2381 5639 2713 5695 docebantur
2741 5633 3054 5709 religionem
3079 5640 3467 5694 Christianami

1882 5702 2297 5781 Esvt‘ovalioqui
2345 5718 2428 5761 est
2463 5710 2626 5776 idem,
2651 5711 2796 5780 quod
2839 5702 3233 5766 icnodocbium
3262 5713 3349 5765 ubi
3386 5725 3469 5781 pe-

1892 5773 2090 5841 regrini
2133 5776 2489 5845 recipiuntur.
