3954 6394
566 393 701 460 1139

1646 386 1909 451 ΡΗΟἸῚΙ
1944 377 2451 446 ΡΑΤΠΙΑΒΟΗΕΕ
2490 377 2603 437 CP.

3635 367 3741 433 1150

571 522 688 564 ctus
728 504 1029 562 Metliodius
1075 505 1170 570 ait,
1205 504 1247 559 si
1281 519 1379 573 per
1421 502 1739 573 margaritas
1769 497 2127 568 intelligenda)

2246 486 2702 560 ιατισχημένους),
2734 488 2760 538 ὁ
2794 485 2965 557 μέγας
2995 478 3262 542 Μεθόδιός
3284 493 3467 548 φησιν,
3490 478 3533 529 εἱ
3568 495 3738 550 μαργα.

566 608 687 654 Sunt
734 596 1051 651 veneranda:
1097 580 1379 663 sacrzeque'
1420 593 1656 658 Litterae,
1704 608 1798 660 per
1824 607 2013 662 porcos
2041 605 2135 643 au-

566 698 671 735 tem
718 680 964 736 homines
1006 680 1267 748 impietati
1300 687 1354 731 et
1397 677 1765 746 voluptatibus
1795 677 1985 739 dediti,
2018 674 2136 743 qui-

567 775 666 828 bus
697 772 995 841 apostolica
1039 771 1240 841 302a
1275 770 1419 823 dicta
1479 771 1545 823 ad
1600 770 1854 838 pietatem
1887 778 1943 822 et
1973 767 2136 821 Chri-

567 868 635 921 sti
683 865 843 921 ﬁdem
898 865 1147 919 ducentia
1225 880 1330 918 non
1383 864 1491 916 sint
1559 860 1992 923 accommodata,
2043 859 2136 913 sed

567 960 762 1024 celata,
795 960 919 1017 vide
947 974 1014 1013 ne
1033 959 1185 1012 dicas
1215 958 1380 1010 ullum
1405 956 1842 1009 Christianorum
1876 951 2135 1020 apostoli-

568 1054 650 1107 cis
679 1051 970 1121 przeconiis
1012 1064 1076 1104 ex
1112 1050 1308 1118 prioris
1350 1049 1472 1100 vita:
1500 1047 1775 1113 impietate
1817 1056 2137 1097 conversum

569 1159 711 1200 esse.
765 1143 950 1212 Neque
996 1143 1138 1196 enim
1185 1142 1288 1193 ulla
1328 1140 1536 1192 ratione
1567 1136 1748 1189 divina
1781 1134 1987 1190 Christi
2020 1150 2140 1203 my-

570 1238 735 1294 steria
780 1236 1106 1307 projecerint
1140 1236 1225 1297 iis,
1273 1234 1364 1302 qui
1415 1242 1638 1301 propter
1669 1228 2039 1284 inﬁdelitatem
2066 1228 2141 1282 si-

570 1330 726 1387 miles
770 1338 897 1386 sunt
956 1329 1161 1397 porcis.
1216 1328 1323 1379 Aut
1365 1340 1492 1393 ergo
1532 1324 1782 1378 omnibus
1832 1320 2054 1385 ϐιηθεὶς,
2088 1329 2142 1374 et

571 1423 691 1477 aliis
739 1420 1048 1477 inﬁdelibus
1097 1420 1209 1473 haec
1257 1418 1509 1488 mysteria
1540 1432 1570 1469 a
1610 1414 1812 1469 Christi
1861 1412 2140 1482 discipulis

572 1526 699 1570 sunt
750 1514 1020 1584 proposita
1051 1523 1103 1566 et
1127 1511 1440 1581 praedicata,
1477 1509 1705 1577 illosque
1749 1508 1816 1561 ab
1864 1506 2139 1574 impietate

570 1608 636 1659 ad
692 1605 965 1659 Christum
1022 1611 1412 1658 converterunt
1471 1602 1566 1672 (uti
1616 1608 1669 1654 et
1724 1613 1821 1652 nos
1861 1597 2141 1651 credentes

569 1697 934 1763 conﬁtemur),
981 1704 1035 1749 et
1066 1694 1195 1749 illud
1237 1694 1440 1746 dictum
1476 1710 1489 1744 :
1528 1690 1871 1759 Neprojicite
1926 1703 2141 1755 marga-

568 1793 701 1842 ritas
754 1798 953 1841 vestras
1001 1798 1120 1840 ante
1154 1802 1361 1854 porcos,
1412 1799 1515 1837 non
1563 1792 1739 1852 potest
1784 1778 2015 1849 amplius
2066 1778 2138 1831 ita

568 1883 762 1950 accipi,
800 1881 876 1934 uti
905 1880 1105 1934 dictum
1142 1888 1226 1933 est
1258 1896 1271 1932 :
1319 1886 1412 1929 aut
1446 1849 1683 1937 hoc—ita,
1712 1882 1769 1926 ut
1800 1872 2001 1925 dictum
2036 1878 2136 1930 est,
2170 1849 2217 1908 Β

567 1983 792 2043 accepto
844 1988 939 2026 seu
987 1970 1281 2031 intellecto,
1330 1967 1618 2022 dicendum
1652 1966 1755 2018 erit
1787 1963 1962 2027 nobis,
2005 1960 2136 2013 nulli

567 2066 861 2123 inlidelium
905 2079 1040 2132 quos
1072 2062 1251 2131 porcis
1278 2070 1683 2127 comparamus,
1714 2068 1809 2120 per
1838 2052 2137 2119 apostolica

565 2163 888 2214 documenta
936 2170 1056 2225 qua:
1102 2154 1313 2206 animas
1362 2152 1533 2205 instar
1575 2146 1989 2216 margaritarum
2028 2143 2138 2197 illu-

566 2246 795 2309 minant,
825 2244 983 2297 ﬁdem
1037 2243 1090 2296 in
1137 2241 1414 2296 Christum
1460 2237 1608 2293 etab
1641 2237 1915 2306 impietate
1971 2235 2137 2288 liber-

568 2350 732 2394 tatem
783 2348 993 2408 partam
1032 2350 1174 2389 esse.
1209 2335 1313 2389 Sed
1362 2335 1463 2388 boc
1519 2332 1890 2400 blasphemum
1921 2338 2003 2382 est
2055 2329 2137 2381 di-

564 2448 709 2486 evre.
740 2431 879 2500 Ergo
899 2431 1206 2499 margarita:
1245 2427 1350 2481 hoc
1378 2427 1492 2480 loco
1522 2440 1626 2478 non
1656 2434 1781 2477 sunt
1811 2421 2136 2491 accipienda:

566 2541 663 2594 pro
714 2522 1084 2577 sanctiuribus
1136 2517 1497 2591 [Ecclesiae]
1567 2516 1888 2585 disciplinis,
1966 2530 2137 2582 neque

564 2617 713 2686 porci
747 2631 844 2687 pro
872 2614 1075 2683 impiis.
1116 2612 1300 2682 Neque
1333 2612 1459 2664 illud
1526 2611 1753 2673 dictum,
1804 2606 1986 2660 Nolite
2012 2622 2137 2674 pro-

565 2713 724 2775 iicere
771 2708 1092 2775 margaritas
1133 2714 1327 2758 vestras
1376 2714 1497 2756 ante
1537 2718 1743 2771 porcos,
1771 2701 1841 2755 ita
1871 2701 2139 2770 explican-

564 2807 688 2859 dum
720 2812 803 2857 est
836 2820 849 2856 :
880 2799 956 2853 Ne
988 2798 1238 2869 projicite
1292 2798 1478 2865 impiis
1512 2806 1564 2849 et
1613 2794 1920 2865 inﬁdelibus
1955 2794 2135 2847 divina

563 2908 616 2951 et
652 2896 807 2950 ﬁdem
858 2895 909 2949 in
953 2893 1230 2948 Christum
1293 2889 1624 2958 perﬁcientia
1683 2896 1990 2958 praecepta;
2043 2885 2138 2940 sed

566 2988 872 3059 margarita:
906 3001 1005 3057 pro
1054 2983 1349 3037 virtutibus
1394 2982 1724 3051 accipienda:
1753 2990 1900 3045 sunt,
1943 2980 2138 3048 quibus

563 3080 730 3134 veluti
762 3077 1016 3147 pretiosis
1064 3073 1292 3144 gemmis
1329 3073 1507 3125 anima
1542 3081 1858 3127 exornatur.
1894 3069 2007 3123 Non
2038 3070 2137 3122 ab-

562 3175 831 3243 jiciendas
856 3181 1039 3227 autem
1076 3185 1170 3225 eas
1198 3167 1401 3237 porcis,
1440 3167 1542 3219 hoc
1575 3174 1681 3224 est.
1716 3178 1818 3218 non
1846 3162 2138 3231 projicien—

564 3270 663 3322 das
690 3267 941 3328 virtutes,
984 3264 1293 3319 castitatem
1334 3273 1545 3327 nempe,
1598 3254 2140 3326 temperantiam,ju-

564 3364 769 3419 stitiam
816 3370 869 3416 et
913 3360 1229 3414 veritatem:
1282 3356 1402 3420 has,
1451 3355 1693 3421 inquam,
1749 3365 1853 3404 non
1886 3347 2141 3417 objicien-

565 3458 663 3510 das
683 3470 803 3510 esse
833 3452 1060 3521 impuris
1092 3447 1475 3516 voluptatibus:
1508 3447 1588 3499 ba:
1616 3445 1758 3495 enim
1787 3441 1965 3509 porcis
1995 3455 2142 3493 com-

568 3558 871 3617 parantur:
914 3561 980 3599 ne
1013 3545 1109 3599 bas
1170 3546 1544 3610 depascentcs,
1600 3536 1721 3590 illos
1768 3536 1930 3587 vitam
1964 3533 2142 3601 porcis

568 3637 800 3693 similem
852 3636 1034 3689 vivere
1092 3642 1308 3703 cogant,
1333 3642 1386 3685 et
1416 3630 1654 3684 animam
1685 3624 1831 3678 omni
1888 3623 2140 3675 vitiorum

568 3745 765 3799 genere
793 3728 1117 3796 compleant.

639 3888 924 3956 Origenes,
969 3899 1127 3954 quem
1181 3890 1499 3934 centaurum
1538 3876 1652 3945 (85)
1682 3874 1941 3946 appellat,
1992 3887 2140 3928 asse-

569 3984 725 4035 rebat
772 3978 1081 4032 universum
1130 3975 1232 4029 boc
1265 3972 1429 4043 [quod
1475 3980 1713 4025 creatum
1750 3968 1854 4041 est]
1902 3966 1999 4021 soli
2056 3982 2144 4020 sa-

567 4073 737 4143 pienti
780 4080 836 4125 et
868 4069 1065 4124 nullius
1098 4068 1278 4135 indigo
1311 4065 1416 4118 Ι)εο
1445 4072 1642 4117 matter
1658 4077 1786 4115 num
1814 4076 1959 4115 esse.
1997 4059 2145 4114 Dice-

566 4168 659 4220 bat
685 4164 851 4229 enim,
889 4161 1039 4215 Sicut
1073 4176 1176 4213 non
1217 4169 1300 4212 est
1345 4156 1523 4227 opifex
1554 4156 1673 4209 sine
1705 4153 1941 4221 opiﬁcio,
1983 4162 2141 4219 poeta

567 4261 687 4314 sine
733 4256 1018 4326 poematis,
1069 4253 1367 4323 imperator
1422 4251 1541 4303 sine
1586 4248 1869 4315 subjectis,
1924 4261 2143 4301 necesse

567 4361 651 4407 est
699 4350 843 4404 enim
882 4357 939 4401 ut
985 4347 1165 4416 opifex
1220 4346 1287 4399 ab
1329 4343 1570 4413 opiﬁcio,
1600 4348 1755 4409 poeta
1789 4356 1817 4391 a
1851 4338 2140 4407 poematis,

566 4451 623 4495 et
679 4441 973 4510 imperator
1003 4453 1030 4490 a
1070 4435 1329 4504 subjectis
1387 4433 1716 4495 nominetur,
1751 4428 1871 4501 [ita]
1924 4443 2141 4483 necesse

565 4543 652 4587 est
703 4541 885 4587 creata
934 4548 963 4586 a
996 4529 1261 4601 principio
1302 4543 1332 4581 a
1366 4525 1478 4580 Deo
1525 4525 1667 4579 facta
1707 4540 1847 4586 esse,
1888 4539 1985 4577 nec
2014 4533 2139 4576 tem-

570 4642 670 4697 pus
700 4626 866 4679 ullum
910 4640 1054 4688 esse,
1082 4638 1189 4692 quo
1228 4622 1339 4675 haec
1384 4635 1487 4673 non
1520 4618 1741 4672 fuerint.
1778 4616 1837 4670 Si
1867 4618 2008 4670 enim
2045 4616 2145 4669 fuit

568 4729 777 4787 tempus
797 4734 905 4788 quo
945 4733 1051 4771 non
1096 4715 1315 4768 fuerunt
1336 4712 1575 4781 opiﬁcia,
1607 4726 1736 4777 ergo
1767 4710 1999 4779 Opiﬁciis
2033 4710 2144 4763 ttul-

564 4813 631 4867 lis
686 4810 1096 4872 exsistentibus,
1146 4821 1319 4874 neque
1363 4803 1542 4874 opifex
1570 4813 1672 4857 est.
1716 4802 1850 4858 Vide
1895 4818 2014 4871 qme
2056 4818 2141 4856 se-

566 4914 767 4973 quatur
794 4904 885 4975 [ex
916 4900 1101 4970 dictis]
1134 4899 1387 4968 impietas
1418 4916 1430 4951 :
1464 4896 1592 4966 quin
1626 4896 1847 4949 alterari
1882 4896 2043 4949 etiam
2087 4904 2141 4949 et

562 4994 763 5047 mutari
806 5003 1067 5060 sequetur
1104 4989 1491 5044 immutabilem
1548 4987 1743 5059 302b
1788 5000 1843 5041 et
1901 4989 2137 5041 invaria-

561 5085 725 5139 bilem
756 5084 948 5137 Deum.
983 5082 1038 5136 Si
1067 5083 1211 5136 enim
1242 5096 1346 5134 non
1375 5081 1442 5133 ab
1475 5089 1678 5134 aeterno
1701 5081 1879 5133 omnia
1907 5080 2133 5145 creavit,

562 5176 912 5231 manifestum
966 5184 1051 5230 est
1103 5174 1248 5227 illum
1291 5189 1319 5226 a
1368 5188 1472 5226 non
1522 5171 1771 5226 faciendo
1814 5173 1881 5225 ad
1932 5171 2128 5225 facien-

2237 586 2388 657 ρίτας
2422 582 2490 635 τὰ
2518 578 2893 659 ’σεμνοπρεπῆ
2950 577 3045 628 καὶ
3095 574 3213 626 θεῖα
3269 569 3550 640 μαθήματα
3576 570 3641 623 δεῖ
3677 574 3744 638 ἐξ·

2234 674 2476 737 ακούειν,
2496 671 2712 742 χοίρους
2730 670 2785 721 δὲ
2798 669 2921 730 τοὺς
2935 665 3159 733 ἀσεϐείᾳ
3173 662 3267 716 καὶ
3283 661 3485 731 ἡδοναῖς
3502 662 3746 730 συζῶντας,

2235 764 2315 829 οἷς
2348 767 2442 818 καὶ
2488 745 2854 833 ἀπαράϐλητα
2901 758 2997 811 καὶ
3024 757 3321 825 ἀπόκρυφα
3370 754 3437 805 τά
3479 754 3598 822 πρὸς
3628 755 3749 807 εὖσέ.

2242 859 2393 911 ϐειαν
2424 858 2516 910 καὶ
2540 857 2637 925 τὴν
2662 856 2741 917 είς
2764 851 2998 922 Χριστὸν
3033 850 3214 900 πίστιν
3242 844 3562 899 ἀποστολικά
3593 846 3750 913 διεγεί-

2238 969 2399 1022 ροντα
2422 948 2754 1021 κηρύγματα
2784 944 2863 997 δεῖ
2883 937 3045 1004 εἶναι,
3077 942 3177 1009 ὅρα
3198 939 3272 1001 ὡς
3289 938 3472 990 οὐδένα
3494 937 3650 1003 λέγεις
3666 937 3750 989 τῶν

2238 1041 2579 1113 Χριστιανῶν
2605 1042 2724 1102 τοῖς
2755 1038 2866 1091 τῶν
2894 1035 3213 1090 ἀποστόλων
3237 1029 3576 1101 κηρύγμασιν
3593 1029 3642 1093 ἐξ
3664 1031 3753 1083 dss-

2240 1135 2390 1197 ϐείας
2412 1132 2591 1186 αὐτῶν
2621 1132 2719 1200 τῆς
2754 1128 3028 1199 προτέρας
3068 1120 3393 1191 ἐπιστρέψαι
3414 1135 3428 1150 ⁸
3458 1118 3569 1171 οὐδὲ
3593 1118 3682 1190 γὰρ
3703 1119 3753 1173 ἂν

2240 1228 2456 1288 πάντως
2515 1220 2820 1294 παρέϐαλον
2838 1221 2883 1251 ⁸⁸
2912 1220 2981 1272 τὰ
3024 1216 3165 1271 κατά
3209 1212 3442 1285 Χριστὸν
3461 1212 3505 1242 ’θ
3537 1212 3754 1280 μυστήρια

2241 1322 2352 1381 τοῖς
2383 1317 2450 1371 δι’
2484 1316 2742 1371 ἀπιστίαν
2780 1312 2982 1383 χοίροις
3028 1308 3282 1362 ὲοικόσιν.
3323 1302 3447 1376 [955
3476 1301 3564 1372 Et]
3590 1303 3651 1354 Ἦ
3686 1297 3755 1354 οὖν

2246 1414 2379 1466 πᾶσι
2403 1412 2513 1473 τοῖς
2552 1408 2776 1477 Ἕλλησι
2816 1408 2909 1458 καὶ
2961 1406 3070 1465 τοῖς
3103 1401 3283 1461 ἄλλοις
3339 1397 3577 1458 ἀπίστοις
3624 1396 3758 1449 ταῦτα

2244 1503 2564 1576 παρεϐλήθη
2595 1519 2670 1554 πα
2681 1501 2748 1572 ρά
2773 1499 2881 1553 τῶν
2909 1496 3003 1549 τοῦ
3036 1492 3272 1564 Χριστοῦ
3295 1487 3543 1561 μαθητῶν
3564 1486 3645 1539 καὶ
3664 1489 3759 1554 ἐκη-

2248 1595 2441 1666 ρύχθη,
2466 1594 2559 1647 καὶ
2586 1591 2694 1645 ἀπὸ
2716 1590 2813 1658 τῆς
2842 1584 3097 1647 ἀσεϐείας
3156 1579 3455 1653 μετέϐαλεν
3502 1576 3670 1637 αὐτοὺς
3701 1577 3760 1638 είς

2242 1688 2340 1759 τὴν
2370 1689 2448 1750 είς
2476 1682 2712 1753 Χριστὸν
2729 1683 2931 1746 πίστιν,
2959 1677 3143 1747 ὥσπερ
3179 1672 3272 1727 οὖν
3304 1672 3399 1725 καὶ
3465 1667 3758 1730 πιστεύοντες

2242 1777 2633 1849 ὁμολογοῦμεν,
2678 1775 2774 1828 καὶ
2805 1772 2987 1826 οὐκέτι
3037 1769 3261 1822 δύναται
3304 1762 3539 1816 νοεῖσθαι
3568 1761 3647 1827 τὸ,
3688 1760 3762 1826 Μὴ

2240 1871 2471 1938 βάλητε
2495 1868 2538 1900 ³ο
2558 1867 2702 1933 τοὺς
2766 1862 3132 1935 μαργαρίτας
3180 1855 3346 1927 ὑμῶν
3408 1855 3711 1923 ἔμπροσθεν
3730 1853 3762 1882 ³⁸

2245 1963 2365 2017 τῶν
2391 1961 2629 2031 χοίρων,
2668 1958 2743 2020 ὡς
2768 1954 2979 2027 ἐρρήθη
3007 1968 3021 1983 ·
3055 1953 3089 2022 ἢ
3120 1950 3308 2003 τούτου
3348 1947 3427 2009 ὡς
3458 1945 3633 2015 ἐλέχθη
3652 1960 3765 1997 vosu-

2248 2057 2430 2126 μένου,
2455 2054 2671 2120 ἀνάγκη
2704 2050 2850 2119 ἡμᾶς
2871 2047 3049 2114 λέγειν
3079 2043 3155 2103 ὡς
3191 2040 3366 2094 οὐδενὶ
3408 2036 3516 2090 τῶν
3547 2035 3762 2096 ἀπίστων,

2254 2148 2346 2211 οὒς
2375 2146 2575 2217 χοίροις
2592 2138 2983 2209 ἀπεικάζομεν,
3014 2138 3077 2188 ἐκ
3106 2135 3214 2187 τῶν
3234 2128 3598 2185 ἁποστολικῶν
3620 2126 3765 2192 διδαγ-

2253 2242 2460 2313 μάτων,
2478 2233 2831 2309 μαργαριτῶν
2852 2231 3009 2299 δίκην
3025 2226 3121 2289 τὰς
3137 2224 3317 2295 ψυχάς
3338 2219 3764 2288 καταυγαζόντων,

2243 2309 2276 2407 η
2312 2335 2392 2396 είς
2430 2329 2664 2402 Χριστὸν
2689 2327 2872 2388 πίστις
2902 2324 2946 2355 ³¹
2978 2321 3124 2387 καὶὴ
3162 2318 3261 2386 τῆς
3300 2312 3552 2375 ἀσεϐείας
3600 2309 3767 2363 ἐλευθε-

2246 2397 2340 2498 ρία
2368 2397 2680 2492 γεγένηται.
2719 2416 3051 2485 Βλάσφημον
3084 2410 3141 2462 δὲ
3192 2406 3372 2460 τοῦτο.
3423 2403 3533 2456 Οὐκ
3562 2402 3679 2498 Δἄρα
3709 2397 3769 2450 δεῖ

2248 2489 2591 2587 μαργαρίτας
2622 2510 2719 2581 μὲν
2772 2506 2840 2559 τὰ
2895 2499 3276 2574 μυστικώτερα
3315 2494 3430 2547 τῶν
3483 2489 3768 2587 μαθημάτων

2244 2606 2607 2676 ἐκλαμϐάνειν
2630 2598 2883 2659 ἐνταῦθα,
2913 2594 3130 2664 χοίρους
3167 2589 3224 2643 δὲ
3253 2588 3382 2649 τοὺς
3434 2582 3652 2642 ἀσεϐεῖς,
3677 2577 3766 2628 οὐδὲ

2243 2700 2325 2763 τὸ,
2364 2673 2459 2764 Μὴ
2495 2691 2789 2760 βάλητε³³
2830 2687 2972 2753 τοὺς
3007 2681 3370 2754 μαργαρίτας
3407 2673 3570 2745 ὑμῶν
3594 2673 3769 2764 ἐμπρο-

2245 2793 2395 2844 σθεν
2432 2762 2548 2841 τῶν
2597 2785 2835 2855 χοίρων,
2870 2781 2950 2842 είς
2987 2778 3069 2840 τὸ,
3114 2774 3207 2844 Μὴ
3244 2762 3647 2842 παραϐάλητειδ
3687 2762 3770 2855 τοῖς

2245 2977 2345 3045 τῆς
2376 2976 2456 3037 εἰς
2500 2970 2737 3043 Χριστὸν
2756 2971 2800 3001 ³⁸
2830 2967 3063 3027 πίστεως
3102 2961 3431 3029 διδάγματα,
3464 2946 3774 3045 παραλαμϐάο

2250 3037 2382 3121 venit.
2420 3037 2581 3118 Ἀλλά
2619 3060 2964 3132 μαργαρίτας
3008 3056 3105 3121 μὲν
3138 3053 3236 3115 τὰς
3272 3047 3479 3120 ἀρετὰς
3510 3037 3775 3132 ἐκδέχεσθαι

2252 3160 2382 3231 χρὴ,
2416 3152 2505 3220 αἶς
2563 3130 2753 3222 ὥσπερ
2812 3149 3130 3218 πολυτίμοις
3188 3141 3554 3214 μαργαρίταις
3598 3130 3774 3231 ἠιψυχὴ

2254 3224 2675 3319 καάωραῖζεται,
2700 3245 2772 3314 μὴ
2801 3239 3133 3312 παραϐαλεῖν
3157 3236 3213 3288 δὲ
3247 3233 3448 3293 αὐτοὺς
3462 3230 3569 3290 τοῖς
3596 3224 3774 3319 χοίροις,

2252 3306 2611 3407 τουτέστι-μὴ
2643 3306 2982 3405 παραϐαλεῖν
2999 3329 3166 3391 αύτάς
3194 3326 3238 3357 ⁸⁸
3281 3323 3382 3386 τὰς
3434 3318 3644 3391 ἀρετὰς,
3694 3306 3775 3364 οἷον

2253 3431 2476 3502 ἁγνείαν
2516 3431 2610 3482 καὶ
2642 3425 2998 3498 σωφροσύνην
3043 3422 3137 3475 καὶ
3182 3415 3532 3485 δικαιοσύνην
3561 3411 3644 3464 καὶ
3678 3407 3777 3475 ἁλή-

2252 3526 2426 3587 Θειαν,
2459 3522 2664 3583 ταύτας
2710 3518 2773 3589 δὴ
2831 3517 2905 3588 μὴ
2953 3510 3289 3584 παραϐαλεῖν
3343 3510 3471 3568 ταῖς
3519 3499 3779 3573 μαχλώσαις

2251 3616 2463 3686 ἡδοναῖς
2509 3588 2899 3683 (χοίροιςγγὰρ
2945 3607 3181 3659 ἐοίκασιν
3223 3596 3453 3668 αὗται),
3486 3598 3569 3651 ἴνα
3603 3592 3666 3663 μὴ
3706 3588 3781 3686 τὰς

2251 3705 2450 3776 ἀρετάς
2470 3698 2628 3758 αὗται
2654 3696 3073 3767 καταφαγοῦσαι
3100 3692 3334 3765 χοιρώδη
3370 3690 3488 3761 βίον
3541 3686 3626 3739 καὶ
3650 3681 3779 3733 πολυ-

2252 3797 2401 3867 παθῆ
2435 3796 2533 3868 τὴν
2566 3794 2744 3864 ψυχὴν
2779 3788 3039 3861 βιοτεύειν
3078 3776 3643 3857 παρασκευάσωσιν³ἱ

2326 3864 2501 3940 "oue
2543 3882 2823 3954 Ὠριγένης
2842 3880 2909 3945 ³⁸,
2955 3879 3013 3932 ὃν
3058 3877 3374 3944 Κένταυρον
3432 3870 3603 3931 καλεῖ,
3658 3864 3779 3927 ἔλεγε

2254 3982 2525 4036 συναῖδιον
2544 3975 2683 4033 εἶναι
2709 3976 2785 4047 τῷ
2828 3976 2975 4046 μόνῳ
3008 3970 3157 4041 σοφῷ
3212 3968 3307 4022 καὶ
3369 3962 3653 4036 ἀπροσδεεῖ
3691 3954 3782 4023 Θεῷ

2250 4075 2310 4127 τὸ
2346 4075 2472 4127 πᾶν.
2500 4072 2748 4139 Ἔφασκε
2782 4070 2910 4139 γὰρ,
2942 4066 3005 4119 Εἰ
3036 4065 3135 4117 οὐκ
3168 4062 3285 4114 ἐστι
3336 4055 3657 4129 δημιουργὸς
3683 4050 3783 4139 ἄνευ

2250 4165 2771 4238 δημιουργημάτων,
2804 4164 2836 4232 ἢ
2866 4138 3105 4228 ποιητὴς
3155 4155 3285 4210 ἄνευ
3334 4149 3669 4220 ποιημάτων,
3692 4138 3783 4238 ονδὲ

2252 4258 2648 4328 παντοκράτωρ
2683 4256 2811 4309 ἄνευ
2842 4253 2949 4306 τῶν
2978 4246 3367 4321 κρατουμένων
3421 4244 3534 4313 (τὸν
3581 4238 3677 4306 γὰρ
3713 4233 3784 4298 δη·

2259 4323 2518 4423 μιουργδν
2556 4323 2644 4402 διά
2673 4348 2743 4401 τὰ
2785 4344 3247 4420 δημιουργήματα
3304 4336 3524 4402 ἀνάγκη
3582 4329 3666 4382 καὶ

2254 4444 2484 4514 ποιητὴν
2517 4442 2606 4494 διὰ
2642 4441 2709 4493 τὰ
2734 4439 3011 4507 ποιήματα
3045 4434 3140 4487 καὶ
3168 4431 3258 4484 τὸν
3287 4424 3693 4496 παντοκράτορα
3718 4413 3785 4467 διὰ

2252 4538 2320 4591 τὰ
2341 4507 2691 4607 κρατούμενα
2708 4529 3008 4599 λέγεσθαι),
3044 4527 3257 4593 ἀνάγκη
3285 4522 3344 4586 ἐξ
3368 4521 3545 4591 ἀρχῆς
3573 4514 3693 4569 αὐτὰ

2250 4629 2344 4682 τοῦ
2368 4625 2504 4680 Θεοῦ
2529 4623 2883 4694 γεγενῆσθαι,
2915 4622 3014 4673 καὶ
3052 4618 3126 4688 μὴ
3168 4613 3307 4669 εἶναι
3338 4614 3535 4684 χρόνον
3586 4611 3667 4661 ὅτε
3708 4601 3784 4653 οὐκ

2245 4716 2314 4790 ἦν
2332 4720 2525 4772 ταῦτα.
2552 4718 2613 4769 Εἰ
2648 4716 2755 4785 γὰρ
2782 4710 2850 4784 ἦν
2868 4712 3057 4782 χρόνος
3091 4711 3181 4763 ὅτε
3209 4707 3308 4759 οὐκ
3330 4702 3401 4776 ἦν
3428 4704 3499 4756 τὰ
3530 4701 3780 4769 ποιήματαν

2245 4789 2372 4862 ἐπεὶ
2401 4808 2508 4860 τῶν
2540 4806 2862 4875 ποιημάτων
2891 4804 2965 4872 μὴ
3012 4800 3184 4853 ὄντων
3212 4796 3332 4849 οὐδέ
3388 4792 3623 4861 ποιητής
3652 4789 3782 4841 ἐστιν»

2244 4904 2347 4971 ὅρα
2373 4896 2484 4953 οἷον
2506 4898 2702 4960 ἀσεϐὲς
2740 4894 3044 4949 ἀκολουθεῖ.
3109 4890 3273 4945 Ἀλλά
3329 4889 3428 4942 καὶ
3484 4877 3782 4939 ἀλλοιοῦσθαι

2246 4993 2342 5046 καὶ
2373 4988 2730 5061 μεταϐάλλειν
2752 4987 2844 5039 τὸν
2868 4985 3136 5053 ἄτρεπτον
3166 4982 3259 5035 καὶ
3285 4976 3644 5032 ἀναλλοίωτον
3669 4984 3781 5061 συμο

2247 5083 2472 5152 ϐήσεται
2505 5079 2656 5133 Θεὸν.
2685 5077 2871 5147 Εἰγάρ
2898 5076 3123 5146 ὕστερον
3156 5072 3429 5139 πεποίηκε
3463 5069 3527 5122 τὸ
3559 5066 3677 5125 πᾶν,
3701 5060 3775 5126 δῆ-

2236 5175 2325 5227 λον
2358 5171 2624 5226 etiam”
2648 5169 2742 5223 τοῦ
2768 5168 2844 5241 μὴ
2877 5170 3050 5221 ποιεῖν
3076 5167 3155 5230 είς
3193 5165 3253 5217 τὸ
3289 5164 3469 5216 ποιεῖν
3518 5150 3784 5229 μετέϐαλε·-

1862 5305 1949 5360 νΑ
1961 5305 2100 5359 [1le
2138 5306 2439 5363 LECTION
2449 5306 2552 5360 ES.

635 5430 681 5463 “
720 5428 1025 5496 παρέλαϐον
1051 5446 1109 5493 ς’.
1188 5430 1235 5460 ’⁸
1272 5428 1413 5481 κατά
1444 5428 1533 5479 τὸν
1561 5428 1661 5495 Χρ.
1704 5445 1763 5489 ς.
1844 5427 1888 5458 ³⁰
1931 5427 2200 5496 βάλετεΑ.
2277 5428 2318 5458 ³¹
2355 5424 2666 5496 ἔμπροσθεν
2711 5430 2831 5493 post
2862 5420 3060 5490 χοιρῶν
3091 5417 3233 5486 ponit
3270 5415 3328 5469 Β.

635 5502 689 5529 λ..
724 5501 905 5529 ..ι.......
952 5500 1030 5529 an
1073 5518 1085 5529 .
1130 5501 1161 5529 ,ι
1192 5500 1271 5529 ..ιρ
1302 5499 1483 5529 ..ιη-η.
1510 5515 1548 5529 ,-
1666 5497 1712 5528 az
1744 5498 1959 5529 una,"
1990 5516 2025 5529 ,-
2162 5499 2207 5529 at
2246 5496 2622 5529 ..κηκρξριῑὶςηε
2662 5511 2699 5529 ρ-
2830 5493 2874 5523 85
2899 5494 2971 5529 εῖν
2998 5491 3087 5529 τὴν
3118 5487 3328 5529 Χηιρττόι

944 5500 1031 5551 AB
1073 5518 1085 5552 :
1130 5501 1163 5570 ἡ
1190 5500 1271 5561 εἰς
1302 5499 1483 5551 πίστιν
1510 5515 1571 5560 ς’.
1666 5497 1712 5528 ³³
1743 5498 1960 5565 βάλλετε
1989 5516 2050 5561 ς.
2162 5499 2207 5529 ³⁵
2246 5496 2624 5565 παραϐάλλετε
2661 5511 2722 5557 ς.
2830 5496 2874 5523 ³⁵
2899 5496 2973 5553 είς
2998 5496 3087 5541 τὸν
3118 5496 3272 5556 λρισε

938 5572 981 5601 ³⁷
1008 5569 1289 5638 βιωτεύειν
1334 5568 1850 5638 παρασκευάσουσιν
1900 5571 1963 5620 Α.
2040 5571 2085 5601 ³⁸
2109 5571 2136 5620 ὁ
2168 5566 2476 5638 Ὠριγὲνηςῖ
2514 5566 2723 5638 ού-τὸν
2764 5562 3048 5638 ᾭριγένην
3102 5558 3272 5638 λέγει,

560 5628 872 5711 Κένταυρον
893 5628 1018 5693 τινα
1040 5642 1263 5710 ὀνόματι
1288 5628 1716 5707 ἐπιλαμϐάνεται
1738 5638 1939 5708 ταύτης
1967 5628 2350 5711 ἐχόμενον’τῆς
2372 5628 2536 5708 eiei};
2559 5636 2659 5708 τῆς
2688 5628 2920 5696 ἀσεϐοῦς
2957 5628 3063 5701 mg.
3098 5644 3175 5683 rc.
3208 5628 3265 5681 Β.

564 5502 689 5553 στὸν
724 5501 905 5570 πίστις
944 5500 1031 5570 ΑΒ
1073 5518 1085 5552 :
1130 5501 1163 5570 ἡ
1190 5500 1271 5561 εἰς
1302 5499 1483 5551 πίστιν
1510 5515 1571 5560 ς’.
1647 5497 1712 5570 μ³³
1743 5498 1960 5565 βάλλετε
1989 5516 2050 5561 ς.

562 5572 744 5631 αὐτοῖς
773 5569 832 5623 Β.

3428 5414 3472 5445 ³²
3506 5414 3536 5480 ἡ
3572 5410 3645 5468 εἰς

2830 5466 3352 5556 δδλέἑξῗεδν“Χ“ῥιὲτξόν
3489 5554 3498 5556 4
3621 5466 3783 5556 αὑτὰς]

3326 5555 3442 5608 ἀλλ’
3477 5554 3507 5603 ὁ
3539 5545 3785 5617 Ὠριγέης

3344 5626 3385 5658 ³⁹
3413 5622 3525 5678 ἀπὸ
3561 5609 3670 5677 Olli;
3692 5609 3781 5667 ΑΒ.

2108 5753 2341 5809 ΝΟΤΛΕ.

632 5848 741 5923 (85)
775 5848 1052 5905 Illetudius
1082 5847 1373 5918 Origencm
1415 5854 1729 5901 Centaurum
1766 5846 2069 5917 appellavit.
2114 5850 2274 5905 Bene.
