4066 6408
274 375 407 446 1141

1308 396 1825 460 BIBLIOTHECA.
1868 407 1941 438 ὧν
1975 404 2140 465 COD.
2170 407 2493 467 CCXXXV.

3382 404 3520 469 1142

270 490 399 562 1495
428 493 522 567 H.]
552 496 722 551 Τοῦτο
752 500 809 553 δὲ
842 502 1043 557 ἄτοπον
1071 506 1212 576 μετά
1238 507 1349 560 τῶν
1393 512 1834 581 προειρημένων.

1952 514 2069 568 dum
2103 518 2406 572 transiisse.
2441 516 2546 572 Sed
2588 516 2691 571 hoc
2720 532 2824 572 una
2849 533 2972 572 cum
3001 518 3288 574 antedictis
3325 517 3517 572 absur-

266 585 383 638 οὐκ
411 587 522 658 ἄρα
545 588 767 644 δυνατὸν
797 592 973 661 λέγειν
998 596 1073 666 μὴ
1102 591 1244 651 εἶναι
1263 598 1496 670 ἄναρχον
1524 602 1620 654 καὶ
1650 602 1836 654 συνατ-

265 674 379 732 ὅιον
405 679 482 749 τῷ
519 682 641 750 Θεῷ
668 688 737 736 τὸ
752 687 882 739 πᾶν.

335 771 482 842 Πρὸς
513 774 572 826 ὃν
596 792 730 845 φησι
765 777 833 831 δι’
859 779 1047 850 ἑτέρου
1098 782 1390 853 προσώπου
1420 786 1448 837 6
1496 785 1651 853 ἅγιος
1700 787 1837 858 ἐρω-

263 862 396 916 τῶν·
422 859 570 938 *Αρά
595 884 659 935 γε
689 870 880 939 σοφίας
907 873 999 926 καὶ
1018 873 1176 945 δόξης
1202 877 1295 930 καὶ
1324 879 1623 950 συλλήσδην
1656 879 1837 949 πάσης

261 956 466 1028 ἀρετῆς
492 959 667 1030 ἀρχὴν
710 962 807 1015 καὶ
842 964 1023 1036 πηγὴν
1075 968 1370 1033 οὐσιωδῶς,
1406 970 1544 1024 ἀλλά
1583 970 1660 1042 μὴ
1716 973 1839 1025 ὲπι-

263 1048 483 1119 κτήτως
505 1052 613 1122 ἡγῇ
641 1053 734 1106 τὸν
761 1054 920 1122 Θεόν;
946 1060 975 1110 6
1008 1058 1084 1124 δὲ,
1112 1059 1242 1116 Ναί.
1259 1061 1324 1113 Τί
1353 1061 1409 1115 δὲ
1434 1062 1573 1133 πρὸς
1595 1062 1837 1128 τούτοις;

261 1140 388 1212 οὐχὶ
416 1142 619 1208 τέλειος
647 1146 823 1217 πάντη
850 1149 918 1201 δι’
942 1151 1136 1205 ἑαυτὸν
1170 1153 1263 1205 καὶ
1297 1153 1636 1226 ἁπροσδεής;
1678 1156 1836 1225 Ἀλη-

263 1231 357 1302 θῆ.
400 1233 708 1305 Ἀμήχανον
733 1239 842 1310 γὰρ
875 1241 935 1293 τὸ
966 1243 1262 1311 ἀπροσδεὲς
1289 1243 1358 1297 δι’
1385 1243 1578 1315 ἕτερον
1623 1239 1761 1300 εἷναί
1782 1263 1837 1299 τι

261 1325 597 1396 ἀπροσδεές;
642 1332 961 1403 Ἀμήχανον.
984 1335 1101 1389 Πᾶν
1125 1337 1234 1407 γὰρ
1256 1337 1318 1389 τὸ
1336 1336 1403 1390 δι’
1422 1337 1611 1406 ἕτερον
1632 1338 1840 1411 πλῆρες

259 1415 322 1468 ὃν
353 1416 448 1471 καὶ
468 1420 656 1485 ἀτελὲς
710 1422 961 1490 λεκτέον;
1008 1425 1274 1497 Ἀνάγκη.
1310 1426 1384 1480 Τὸ
1435 1426 1546 1498 γάρ
1578 1426 1713 1482 αὐτὸ
1769 1426 1838 1479 δι’

258 1509 433 1562 ἑαυτὸ
460 1511 654 1565 ἑαυτοῦ
682 1512 956 1586 πλήρωμα
982 1514 1064 1579 ὃν,
1112 1517 1206 1570 καὶ
1260 1517 1395 1571 αὐτὸ
1442 1517 1501 1570 ὲν
1533 1515 1713 1589 ἐαυτῷ
1747 1516 1841 1589 μὲ-

259 1619 377 1667 νον,
394 1603 598 1658 τέλειον
613 1600 754 1660 εἶναι
776 1608 1113 1680 τοῦτοξμόνον
1140 1609 1423 1674 δοξαστέον
1441 1627 1456 1676 ;
1473 1610 1842 1683 Ἀληθέστατα

261 1692 467 1761 λέγεις.
490 1695 565 1749 Τὸ
589 1696 647 1749 δὲ
680 1698 817 1769 μήτε
839 1699 972 1753 αὐτὸ
995 1699 1063 1753 δι’
1096 1701 1257 1753 ἑαυτὸ
1289 1702 1429 1773 μήτε
1472 1700 1605 1755 αὐτὸ
1644 1702 1840 1755 ἑαυτοῦ

260 1784 542 1857 πλήρωμα
586 1787 646 1840 ὃν
677 1789 843 1860 φαίης
894 1789 960 1843 ἂν
1008 1791 1340 1862 ἀπροσδεὲς;
1387 1792 1677 1862 Οὐδαμῶς.
1724 1794 1840 1846 Οὐκ

258 1855 432 1947 ἄραήό
462 1877 594 1943 Θεὸς
616 1855 819 1944 τέλειος
845 1879 934 1935 διά
964 1898 1018 1934 τι
1045 1855 1451 1952 νομισθήσεται.
1490 1855 1555 1937 "D
1612 1881 1721 1954 γὰρ
1753 1882 1841 1936 διά
1876 1855 1918 1910 Β

258 1986 320 2021 τι
356 1969 562 2024 τέλειόν
601 1972 772 2038 ἐστιν,
804 1972 938 2026 αὐτὸ
988 1972 1111 2027 καθ’
1172 1974 1335 2028 ἑαυτὸ
1385 1973 1576 2038 ἀτελὲς
1625 1975 1838 2046 ἀνάγκη

260 2065 600 2135 τυγχάνειν;
640 2065 900 2137 Ἀνάγκη.
957 2065 1169 2122 Οὐκοῦν
1222 2068 1317 2122 καί
1342 2069 1371 2122 6
1422 2068 1553 2132 Θεὸς
1586 2068 1748 2132 αὐτὸς
1774 2068 1842 2122 δι’

261 2154 463 2209 ἑαυτὸν
489 2155 714 2224 τέλειος,
738 2157 853 2210 ἀλλ’
878 2157 938 2211 οὐ
961 2157 1027 2211 δι’
1052 2158 1237 2230 ἕτερον
1268 2158 1682 2230 λογισθήσεταις
1722 2160 1846 2228 ’ορ-

262 2245 495 2304 θότατα.
535 2246 663 2319 [936
689 2246 782 2320 R.]
822 2248 1048 2320 Ἕτερον
1086 2248 1220 2313 Θεὸς
1248 2249 1479 2320 κόσμου,
1509 2249 1603 2303 καὶ
1658 2249 1845 2321 ἕτερον

261 2341 472 2411 κόσμος
502 2341 672 2409 Θεοῦ;
706 2343 1011 2407 Παντελῶς.
1044 2343 1161 2396 Οὐκ
1198 2341 1308 2412 ἄρα
1336 2342 1543 2395 τέλειον
1576 2343 1771 2413 φατέον
1800 2342 1845 2374 ⁵ο

266 2436 370 2488 καὶ
399 2435 731 2507 δημιουργὸν
781 2439 875 2491 καὶ
907 2438 1325 2509 παντοκράτορα
1375 2439 1466 2493 διὰ
1510 2439 1715 2509 κόσμον
1756 2441 1847 2493 τὸν

267 2528 442 2592 Θεόν;
469 2526 568 2582 Οὔ.
594 2528 782 2592 Ὅπως
809 2528 931 2601 [μὴ]
974 2530 1039 2583 δι’
1094 2532 1305 2597 ἑαυτὸν,
1339 2531 1476 2586 ἀλλὰ
1510 2531 1586 2602 μὴ
1623 2532 1712 2584 διὰ
1753 2532 1849 2585 κό-

269 2636 434 2689 σμον,
465 2622 560 2674 καὶ
593 2622 765 2675 ταῦτα
794 2624 1047 2693 τρεπτὸν,
1078 2625 1241 2688 αὐτὸς
1272 2624 1394 2679 καθ’
1422 2624 1614 2678 ἑαυτὸν
1646 2624 1852 2687 τέλειος

265 2713 618 2784 εὑρίσκοιτος
654 2715 1068 2785 Προσηκόντως.
1114 2716 1177 2768 Τί
1199 2716 1290 2782 δέ;
1333 2716 1424 2769 τὸν
1458 2716 1713 2769 πλούσιον
1764 2716 1854 2769 διὰ

265 2805 365 2859 τὸν
397 2805 628 2859 πλοῦτον
661 2807 882 2861 λεκτέον
914 2807 1199 2873 πλούσιον;
1244 2807 1471 2877 Ὀρθῶς.
1516 2809 1624 2860 Καὶ
1649 2807 1740 2861 τὸν
1766 2825 1854 2860 σο-

266 2899 375 2969 φὸν
410 2901 554 2955 κατὰ
584 2900 815 2972 μετοχὴν
840 2901 941 2972 τῆς
968 2901 1259 2965 οὐσιώδους
1300 2901 1511 2966 σοφίας,
1543 2901 1644 2953 οὐκ
1692 2902 1854 2954 αὑτὸν

267 2994 468 3062 σοφίαν
490 2993 641 3057 ὄντα,
696 2993 858 3063 σοφὸν
912 2993 1423 3064 προσαγορευτέον;
1483 2994 1611 3046 Ναί.
1662 2993 1728 3045 Τί
1757 2991 1851 3059 δὲ;

267 3086 371 3137 καὶ
400 3084 492 3137 τὸν
531 3082 684 3146 Θεὸν,
721 3083 910 3154 ἕτερον
966 3083 1097 3137 ὄντα
1142 3084 1351 3154 κόσμου
1377 3084 1445 3151 δί,
1504 3082 1593 3136 διὰ
1647 3084 1853 3153 κόσμον

1942 607 2070 659 dum
2123 617 2227 673 est,
2265 625 2392 679 ergo
2439 610 2545 663 dici
2581 624 2686 663 non
2737 620 2914 679 potest
2968 627 3076 665 non
3117 627 3237 667 esse
3267 613 3516 682 principii

1942 712 2135 765 expers
2167 709 2221 754 et
2253 700 2363 754 Deo
2404 710 2733 755 coaeternum
2764 702 2867 756 hoc
2898 703 3233 757 universum.

2014 788 2153 845 Huic
2207 795 2500 861 respondet
2544 793 2647 847 alia
2688 795 2843 861 quasi
2899 810 3126 862 persona
3161 811 3259 865 per
3293 796 3521 851 interro-

1940 882 2214 951 gationem
2282 882 2782 954 [sermocinationis
2847 886 2960 941 sive
3010 886 3234 958 dialogi]
3281 909 3293 942 :
3334 887 3524 944 Nonne

1946 974 2111 1027 Deum
2155 974 2439 1029 existimas
2497 976 2832 1046 principium
2873 985 2927 1031 et
2970 977 3174 1032 fontem
3223 979 3522 1048 sapientiae,

1942 1065 2148 1135 gloriae,
2198 1074 2253 1120 et
2299 1067 2458 1121 simul
2500 1069 2677 1122 omnis
2714 1069 2933 1124 virtutis
2984 1070 3418 1126 substantialiter
3467 1083 3522 1126 et

1944 1173 2051 1211 non
2100 1159 2373 1214 ascititie?
2425 1160 2587 1227 Sane,
2614 1160 2813 1232 inquit,
2844 1163 2938 1218 sed
2969 1162 3094 1232 quid
3129 1164 3231 1218 hoc
3268 1163 3333 1216 ad
3370 1165 3527 1218 rem?

1942 1250 2130 1306 Nonne
2182 1253 2427 1308 absolute
2475 1269 2571 1323 per
2613 1256 2851 1323 seipsum
2903 1255 3171 1325 perfectus
3198 1264 3284 1311 est
3321 1266 3376 1310 et
3404 1258 3526 1309 nul-

1944 1343 2048 1398 lius
2076 1343 2360 1412 indigens?
2406 1345 2481 1398 lta
2526 1355 2632 1401 est.
2687 1345 3029 1417 impossibile
3058 1347 3202 1402 enim
3243 1357 3345 1413 est,
3376 1356 3437 1401 ut
3472 1348 3525 1401 id

1944 1440 2087 1507 quod
2144 1439 2342 1493 nullius
2387 1440 2617 1510 indiget,
2660 1440 2730 1495 sit
2777 1449 2998 1510 propter
3031 1441 3264 1496 alterum
3297 1442 3526 1511 aliquid,

1945 1528 2130 1602 [quam
2183 1530 2372 1604 etiam]
2447 1532 2644 1587 nullius
2696 1532 2961 1603 indigens.
3021 1534 3361 1604 Impossibile
3417 1533 3531 1606 [in-

1945 1625 2156 1699 quam].
2193 1624 2469 1695 Quidquid
2515 1625 2662 1680 enim
2698 1637 2919 1698 propter
2949 1626 3182 1681 alterum
3224 1626 3530 1695 perfectum

1944 1730 2049 1787 est,
2094 1735 2319 1776 necesse
2368 1729 2454 1775 est
2515 1720 2727 1775 dicatur
2778 1719 3183 1790 imperfectum.
3237 1719 3351 1774 Hoc
3385 1720 3531 1773 enim

1946 1813 2119 1867 solum
2146 1812 2288 1883 quod
2318 1819 2542 1882 propter
2567 1812 2812 1882 seipsum
2845 1812 2925 1867 sui
2957 1812 3126 1881 ipsius
3155 1811 3420 1881 perfectio
3448 1818 3535 1865 est

1945 1915 1998 1959 et
2028 1904 2080 1958 iu
2110 1905 2290 1973 seipso
2325 1913 2530 1970 manet,
2573 1902 2877 1973 perfectum
2906 1917 3029 1959 esse
3051 1903 3379 1958 censendum
3411 1902 3533 1955 est?

1950 1996 2244 2052 Verissime
2293 2011 2505 2053 censes.
2539 1995 2693 2063 Quod
2728 2007 2911 2050 autem
2963 2010 3139 2065 neque
3185 1996 3380 2063 ipsum,
3414 2008 3538 2062 pro-

1946 2099 2067 2160 pter
2093 2088 2359 2158 seipsum,
2427 2089 2794 2158 nequeipsum
2832 2088 2915 2143 sui
2952 2088 3121 2157 ipsius
3146 2096 3228 2141 est
3256 2084 3534 2156 perfectio,

1946 2181 2096 2237 dices
2136 2179 2298 2234 alieni
2353 2194 2460 2233 non
2492 2180 2784 2249 egentem?
2810 2179 3185 2247 Nequaquam.
3238 2177 3379 2231 Deus
3409 2190 3539 2243 ergo

1949 2286 2052 2324 non
2114 2267 2393 2338 perfectus
2439 2278 2665 2338 propter
2716 2268 2862 2323 aliud
2916 2268 3348 2323 cxistimabitur.
3386 2267 3543 2336 Quod

1947 2363 2091 2417 enim
2118 2370 2343 2431 propter
2372 2361 2517 2415 aliud
2547 2360 2845 2430 perfectum
2878 2371 2983 2425 est,
3005 2376 3181 2414 nonne
3209 2370 3295 2414 est
3318 2374 3539 2414 necesse

1948 2463 2008 2508 ut
2077 2455 2130 2509 id
2183 2454 2236 2507 in
2301 2454 2482 2521 seipso
2512 2453 2587 2508 sit
2616 2451 3035 2521 imperfectum?
3065 2452 3318 2507 Necesse.
3350 2451 3541 2506 Nonne

1949 2562 2078 2618 ergo
2122 2546 2264 2600 Deus
2322 2546 2436 2615 ipse
2484 2554 2709 2615 propter
2759 2547 2996 2613 seipsum
3053 2555 3108 2601 et
3154 2562 3261 2601 non
3320 2555 3544 2616 propter

1951 2640 2096 2694 aliud
2145 2639 2422 2710 perlectus
2485 2636 2857 2708 judicabitur?
2928 2638 3277 2693 Rectissime.
3348 2638 3545 2693 Nonne

1952 2730 2095 2785 aliud
2146 2739 2231 2784 est
2272 2730 2415 2784 Deus
2445 2729 2655 2799 mundi,
2697 2739 2753 2784 et
2780 2729 2925 2784 aliud
2960 2732 3193 2785 mundus
3238 2731 3332 2786 Dei
3357 2731 3542 2787 20m-

1954 2824 2103 2879 nino.
2150 2822 2265 2877 Non
2314 2823 2484 2894 igitur
2537 2821 2677 2879 Deus
2727 2832 2782 2878 et
2819 2834 3037 2879 creator
3079 2834 3135 2878 et
3176 2825 3542 2893 omnipotens,

1955 2914 2226 2985 perfectus
2279 2924 2364 2970 est
2412 2913 2676 2970 dicendus
2725 2924 2951 2985 pr0pter
2982 2915 3281 2969 mundum?
3329 2913 3544 2984 Nequa-
3652 2981 3665 2990 η

1955 3022 2139 3076 quam,
2170 3021 2240 3062 ne
2286 3017 2510 3077 propter
2540 3007 2825 3073 mundum,
2859 3008 3161 3078 praesertim
3198 3007 3539 3073 mutabilem,

1956 3117 2020 3156 ac
2050 3116 2156 3156 non
2201 3111 2423 3171 propter
2464 3101 2701 3171 seipsum
2742 3100 2972 3175 [ponus]
3005 3101 3219 3156 dicatur
3247 3102 3541 3156 secundum

264 3178 445 3247 ταύτῃ
471 3175 723 3228 πλούσιον
744 3175 840 3229 καὶ⁸
874 3175 1171 3248 εὐεργέτην
1197 3177 1293 3229 καὶ
1338 3175 1672 3246 δημιουργὸν
1724 3175 1848 3245 κλη-

1959 3208 2018 3247 se
2050 3193 2346 3264 perfectus,
2384 3193 2581 3247 merito
2622 3193 3030 3248 convenienter.
3070 3190 3436 3259 Quamobrem
3464 3192 3546 3245 di-

264 3272 424 3339 τέον;
454 3270 743 3342 Οὐδαμῶς,
769 3269 949 3338 ἄπαγε
973 3267 1040 3322 δ’.
1060 3268 1269 3323 Οὐκοῦν
1289 3269 1450 3332 αὐτὸς
1469 3266 1662 3322 ἑαυτοῦ
1681 3267 1848 3322 πλοῦ-

267 3383 384 3429 τος,
420 3365 519 3417 καὶ
552 3364 617 3417 δι’
668 3362 831 3417 αὑτὸν
862 3362 1116 3426 πλούσιος
1153 3362 1247 3416 καὶ
1300 3362 1524 3427 δυνατὸς
1559 3362 1847 3432 τυγχάνεις

272 3458 514 3511 .meev.
553 3451 661 3509 την
694 3454 803 3526 ἄρα
831 3454 928 3509 καὶ
965 3454 1071 3525 πρὸ
1092 3454 1297 3524 κόσμου
1327 3454 1506 3523 πάντη
1537 3452 1849 3524 ἀπροσδεὴς

268 3548 350 3603 ὣν
380 3550 474 3604 καὶ
510 3548 703 3618 Πατὴρ
750 3548 846 3601 καὶ
913 3548 1310 3617 παντοκράτωρ
1358 3546 1455 3600 καὶ
1486 3546 1843 3617 δημιουργὸς,

266 3646 421 3706 ὅπως
444 3642 490 3674 ⁸³
530 3643 600 3695 δι’
630 3640 840 3706 ἑαυτὸν,
898 3638 1036 3692 ἀλλὰ
1094 3639 1169 3709 μὴ
1220 3637 1287 3691 δι’
1323 3638 1511 3707 ἕτερον
1568 3636 1741 3691 ταῦτα
1781 3631 1847 3711 ﬁ;

284 3736 547 3807 Ἀνάγκη.
579 3734 643 3787 Εἰ
665 3733 772 3802 γὰρ
793 3731 879 3785 διὰ
911 3730 1114 3800 κόσμον
1130 3730 1224 3783 καὶ
1250 3730 1371 3799 οὐχὶ
1398 3728 1466 3782 δι’
1498 3728 1711 3793 ἑαυτὸν,
1731 3728 1850 3781 ἓτε-

276 3847 371 3899 ρος
392 3830 467 3881 ὢν
515 3827 722 3897 κόσμου
750 3826 819 3892 ⁸⁸,
854 3822 1250 3892 παντοκράτωρ
1311 3820 1631 3891 γνωρίζοιτο
1691 3819 1850 3890 (συγο

270 3922 501 3991 γνώμην
515 3922 544 3972 ὁ
563 3920 716 3985 Θεὸς,
740 3917 1121 3988 ἀναγκάζομαι
1149 3914 1257 3985 γὰρ
1271 3913 1431 3967 τοῦτο
1447 3912 1664 3984 εἰπεῖν),
1689 3913 1850 3975 αὐτὸς

272 4014 396 4067 καθ’
428 4014 622 4066 ἑαυτὸν
656 4009 855 4080 ἀτελὴς
873 4010 919 4042 ⁸⁸
952 4008 1105 4062 ἔσται
1128 4007 1174 4038 ⁴⁶
1201 4007 1298 4061 καὶ
1332 4004 1607 4077 προσδεὴς
1645 4004 1852 4058 τούτων

270 4108 341 4161 δι’
378 4106 415 4160 ἆ
444 4104 839 4176 παντοκράτωρ
899 4102 995 4155 καὶ
1053 4097 1382 4170 δημιουργός
1423 4099 1612 4163 ὲστιν;
1649 4096 1853 4167 ’Υπερ-

272 4198 450 4267 φυῶς.
467 4198 580 4251 Οὐκ
597 4198 703 4268 ἄρα
719 4194 1043 4249 ἀποδεκτέον
1062 4191 1266 4263 ταύτην
1289 4191 1387 4263 τὴν
1403 4191 1649 4263 ὀλέθριον
1671 4191 1855 4261 ἁμαρ-

271 4291 395 4344 τίαν
422 4288 554 4359 περὶ
592 4285 728 4340 Θεοῦ
781 4285 889 4339 τῶν
935 4283 1204 4353 λεγόντων
1249 4282 1666 4352 παντοκράτορα
1693 4282 1789 4333 καὶ
1806 4280 1851 4311 ⁸⁷

271 4381 608 4454 δημιουργὸν
628 4379 716 4434 διὰ
744 4379 815 4433 τὰ
849 4377 1196 4448 κρατούμενα
1225 4376 1322 4428 καὶ
1370 4374 1853 4446 δημιουργούμενα

269 4475 508 4549 τρεπτὰ,
540 4473 656 4528 ἀλλ’
682 4473 743 4527 οὐ
767 4472 834 4526 δι’
866 4472 1055 4525 ἑαυτὸν
1072 4467 1213 4524 εἶναι
1239 4470 1334 4523 τὸν
1377 4470 1530 4525 Θεόν.

1957 3297 2076 3346 ves,
2114 3295 2294 3336 nonne
2335 3292 2561 3350 propter
2589 3282 2812 3337 divitias
2855 3282 3006 3336 dives
3039 3281 3395 3351 appellandus
3428 3280 3547 3337 est?

1957 3368 2143 3424 Recte.
2170 3368 2238 3423 Et
2282 3369 2499 3437 sapiens
2526 3368 2824 3423 secundum
2860 3369 3331 3438 participationem
3362 3382 3548 3423 essen-

1958 3458 2102 3514 tialis
2125 3459 2426 3529 sapientiae,
2463 3460 2556 3528 qui
2587 3474 2690 3512 non
2721 3467 2804 3513 est
2840 3460 2953 3528 ipsa
2989 3459 3286 3528 sapientia,
3325 3458 3548 3528 sapiens

1959 3560 2141 3604 tamen
2192 3548 2455 3603 dicendus
2485 3557 2568 3603 est
2589 3548 2615 3602 ?
2663 3547 2829 3602 Sane.
2896 3549 2977 3603 Au
3010 3559 3226 3617 ergoet
3258 3550 3419 3615 Deus,
3450 3550 3543 3618 qui

1958 3656 2064 3697 non
2102 3650 2188 3696 est
2221 3641 2480 3704 mundus,
2514 3650 2737 3709 propter
2761 3640 3024 3695 mundum
3056 3648 3234 3694 tamen
3266 3641 3345 3695 sic
3373 3641 3545 3706 dives,

1955 3735 2271 3791 benefactor
2321 3745 2376 3790 et
2397 3745 2612 3790 creator
2640 3735 3003 3790 nominandus
3027 3735 3149 3790 est?
3174 3734 3546 3805 Nequaquam,

1958 3844 2149 3898 apage.
2205 3826 2394 3881 Nonne
2448 3828 2561 3895 ipse
2616 3826 2668 3880 in
2716 3826 2902 3895 seipso
2952 3833 3006 3880 et
3055 3835 3277 3895 propter
3307 3829 3545 3895 seipsum

1960 3927 2110 3980 dives
2148 3938 2213 3978 ac
2261 3932 2455 3992 potens
2502 3921 2616 3976 est?
2660 3918 2902 3975 Videtur.
2959 3920 3164 3974 Eratne
3212 3918 3375 3973 etiam
3417 3929 3547 3972 ante

1961 4014 2146 4070 mundi
2187 4012 2547 4073 molitionem,
2600 4010 2824 4064 omnino
2870 4008 3036 4063 nullis
3091 4007 3362 4077 indigens,
3395 4016 3548 4076 pater

1961 4120 2154 4176 netnpe
2187 4114 2241 4160 et
2284 4105 2651 4173 omnipotens,
2698 4112 2755 4155 et
2785 4109 3020 4164 creator,
3061 4100 3196 4154 adeo
3239 4107 3297 4153 ut
3326 4107 3548 4169 pr0pter

1958 4202 2199 4270 seipsum
2248 4205 2304 4253 et
2328 4212 2435 4251 non
2488 4205 2710 4266 propter
2749 4193 2898 4247 aliud
2948 4193 3019 4246 sit
3048 4193 3163 4247 haec
3188 4189 3416 4246 omnia?
3441 4189 3549 4243 Ne-

1959 4288 2261 4345 cessarium
2313 4294 2418 4342 est.
2476 4285 2531 4340 Si
2580 4287 2722 4340 enim
2765 4292 2984 4352 propter
3030 4282 3312 4347 mundum,
3356 4288 3547 4334 etnon

1956 4390 2178 4452 propter
2218 4381 2457 4449 seipsmn
2506 4378 2644 4432 alius
2691 4392 2717 4431 a
2750 4377 2949 4431 mundo
2982 4376 3275 4438 exsisteus,
3308 4371 3546 4439 omnipo-

1958 4486 2081 4527 tens
2113 4486 2237 4527 esse
2267 4470 2665 4540 intelligeretur
2687 4468 2843 4539 (pace
2877 4476 2964 4521 tua
2982 4466 3143 4529 Deus,
3178 4480 3341 4535 cogor
3372 4464 3445 4517 ita
3470 4463 3548 4515 lo-

271 4570 413 4642 quii;
460 4573 574 4642 ipse
616 4570 914 4625 secundum
943 4568 1185 4637 seipsum
1226 4565 1577 4637 imperfectus
1605 4576 1776 4633 esset,
1804 4578 1861 4623 et
1898 4570 2149 4640 indigens
2181 4567 2288 4633 his,
2324 4581 2560 4636 quorum
2606 4579 2770 4618 causa
2815 4563 3163 4631 omnipotens
3221 4568 3276 4614 et
3336 4570 3551 4613 creator

272 4663 820 4735 estsupernaturalis.
849 4661 1197 4731 Rejicieudus
1215 4674 1344 4729 ergo
1366 4659 1704 4729 perniciosus
1718 4676 1878 4717 error
1900 4677 2114 4727 eorum,
2144 4661 2237 4730 qui
2262 4661 2452 4715 dicunt
2477 4659 2540 4712 de
2561 4658 2691 4722 Deo,
2725 4656 2893 4709 Deum
2911 4671 3015 4709 non
3043 4661 3269 4723 propter
3282 4652 3544 4719 seipsum,

271 4761 369 4818 sed
417 4770 636 4828 propter
687 4755 885 4827 303a
926 4752 1198 4822 subiectas
1249 4766 1335 4807 res
1382 4758 1437 4805 et
1478 4760 1713 4819 creataS,
1765 4768 1887 4824 (ιυω
1938 4756 2228 4811 mutabiles
2267 4764 2419 4820 sunt,
2451 4766 2575 4806 esse
2610 4753 3037 4821 omnipotentem
3072 4760 3126 4804 et
3153 4758 3477 4803 creatorem.

348 4855 495 4924 Ὅρα
521 4852 575 4905 δὲ
608 4851 703 4903 καὶ
732 4843 854 4902 ὧδε·
890 4848 953 4900 El
985 4845 1233 4913 ὕστερον,
1275 4843 1433 4915 ἔφης,
1487 4844 1785 4916 πεποίηται
1821 4847 1848 4899 ὁ

2014 4846 2194 4900 'Etiam
2237 4845 2309 4899 ita
2347 4843 2675 4897 ratiocinare
2703 4859 2716 4895 :
2742 4842 2799 4895 Si
2836 4856 2940 4895 non
2973 4839 3042 4893 ab
3080 4850 3307 4903 mterno,
3344 4838 3548 4910 inquis,

272 4948 480 5015 κόσμος
511 4943 586 5014 μὴ
614 4940 878 5012 πρότερον
894 4938 940 4970 ⁸⁸
966 4936 1063 5003 ὢν,
1083 4935 1440 5005 μεταϐάλλειν
1480 4936 1693 5007 ἀνάγκη
1759 4937 1848 4990 τὸν

1963 4938 2196 4992 mundus
2223 4945 2306 4991 est
2344 4934 2616 4999 conditus,
2663 4942 2717 4987 et
2755 4933 2885 4987 olim
2921 4946 3029 4985 non
3059 4929 3183 4998 fuit,
3216 4945 3439 4985 necesse
3467 4942 3552 4987 est

272 5037 464 5108 ἀπαθῆ
498 5036 591 5089 καὶ
606 5032 961 5088 ἀναλλοίωτον
980 5030 1114 5083 Θεὸν
1141 5044 1155 5058 ⁶
1187 5029 1278 5082 τὸν
1302 5028 1410 5098 γὰρ
1434 5028 1692 5081 ποιοῦντα
1719 5030 1856 5100 πρό-

273 5148 437 5203 τερον
469 5129 657 5201 μηδὲν,
692 5125 920 5197 ὕστερον
949 5124 1030 5188 δὲ,
1058 5123 1167 5176 ἀπὸ
1202 5121 1295 5175 τοῦ
1350 5121 1426 5192 μὴ
1460 5124 1637 5181 ποιεῖν,
1686 5123 1765 5186 εἰς
1796 5122 1858 5175 τὸ

274 5223 452 5277 ποιεῖν
485 5216 844 5291 μεταϐάλλειν
863 5215 960 5269 καὶ
987 5212 1334 5269 ἀλλοιοῦσθαι
1355 5212 1592 5282 ἀνάγκη.
1633 5213 1859 5281 Ἔλεγον

273 5316 407 5385 γάρ’
428 5313 714 5369 Πέπαυται
744 5309 802 5363 δὲ
820 5307 917 5363 τοῦ
948 5307 1123 5361 ποιεῖν
1142 5322 1276 5359 ποτε
1295 5305 1387 5358 τὸν
1412 5306 1616 5375 κόσμον
1650 5307 1677 5359 6
1703 5305 1857 5369 Θεὸς,

274 5407 312 5478 ἢ
345 5404 443 5471 οὓς
484 5404 790 5457 Πέπαυται.
853 5398 1021 5454 Οὔπω
1061 5396 1169 5469 γὰρ
1212 5392 1282 5467 ἦν
1318 5395 1739 5467 τετελειωμένος
1768 5397 1854 5450 ἄν.

1964 5031 2131 5084 Deum
2162 5026 2516 5098 impatibilem
2542 5034 2596 5080 et
2632 5022 3024 5078 inalterabilem
3057 5021 3277 5076 mutari.
3336 5020 3551 5076 Etenim

1966 5134 2193 5175 necesse
2237 5128 2321 5173 est
2366 5116 2514 5171 illum
2559 5117 2712 5185 prius
2766 5113 2898 5169 nihil
2938 5114 3231 5169 facientem
3260 5127 3290 5166 a
3326 5129 3432 5168 non
3471 5114 3553 5169 fa-

1966 5211 2163 5267 ciendo
2210 5214 2276 5263 ad
2313 5208 2623 5262 faciendum
2681 5206 2913 5260 transire
2935 5215 2992 5260 et
3026 5204 3219 5260 mutari
3248 5221 3265 5271 ;
3298 5204 3553 5258 dicebant

1967 5304 2182 5358 enim:
2264 5300 2617 5371 Requievitne
2701 5298 2840 5352 Deus
2905 5312 2935 5352 a
3026 5298 3229 5353 mundo
3306 5300 3551 5353 faciendo

1967 5394 2170 5450 necne?
2205 5392 2519 5462 Requievit;
2575 5391 2774 5459 alioqui
2814 5390 2956 5445 enim
2984 5392 3219 5445 nondum
3252 5398 3398 5446 esset
3426 5406 3551 5459 per-

290 5499 538 5570 Ἀληθές.
572 5500 634 5551 Εἰ
665 5493 759 5551 οὖν
787 5495 847 5549 τὸ
871 5496 1044 5548 ποιεῖν
1061 5493 1125 5545 ὲκ
1142 5490 1241 5545 τοῦ
1270 5489 1346 5561 μὴ
1370 5491 1545 5544 ποιεῖν
1566 5489 1848 5543 ἀλλοίωσιν

1970 5490 2159 5543 tectus.
2197 5486 2274 5539 Ita
2321 5496 2425 5540 est.
2456 5487 2510 5538 Si
2539 5500 2670 5554 ergo
2700 5484 2901 5551 facere,
2940 5499 2967 5536 a
3000 5498 3107 5537 non
3141 5482 3409 5544 faciendo,
3446 5482 3553 5535 Deo

1589 5622 1825 5679 VARIA‘I
1868 5619 2279 5679 LECTIONES.

354 5726 401 5756 ⁸⁸
439 5722 661 5795 φατέον]
693 5722 828 5792 φατέ
851 5721 959 5777 AC.
1037 5720 1079 5751 “
1112 5716 1739 5795 xécpoullibrigdapov.
1818 5712 2100 5795 f'ubimtre]
2134 5710 2477 5795 0'35gtt‘tbgvA.
2556 5706 2599 5736 ”
2627 5715 2742 5795 post
2764 5706 2927 5795 ὅπως)
2955 5718 3076 5795 ους)
3100 5701 3190 5755 AB
3248 5702 3406 5755 omisi
3444 5704 3555 5787 ῗαὺ-

281 5798 397 5857 τός.
448 5774 965 5860 ’ίί-ἰὸνίκοίὶκόσμοο
1004 5809 1063 5859 ς.
1160 5774 1441 5857 ιδ’ἁτὲλὴς
1472 5788 1552 5843 bis
1576 5774 1776 5858 pe'tunt
1810 5784 1920 5840 AB.
1998 5774 2039 5815 ἰδ
2082 5774 2350 5854 ἐσταιᾟᾶν
2381 5780 2533 5831 ἔσται
2574 5792 2652 5833 rc.
2688 5781 2751 5841 Λ,
2791 5776 2855 5829 ἄν
2890 5775 2948 5826 Β.
3028 5774 3069 5804 ⁵⁷
3114 5788 3381 5844 παντοκρ.
3412 5774 3559 5834 εἶναι

288 5867 509 5921 καίΑΒ,
615 5866 661 5895 δ’*
700 5866 961 5934 πρότερος
991 5866 1053 5916 Α.
