3954 6414
493 368 631 436 1143

1653 371 1919 433 ΡΗΟΤΙΙ
1957 371 2461 433 PATRIARCH/E
2499 373 2611 432 (ΣΡ.

3599 369 3725 431 1144

495 480 875 536 alienationem
911 481 1088 546 aﬁ‘ert,
1124 495 1303 536 nonne
1356 482 1517 536 etiam
1549 497 1654 534 non
1690 483 1888 542 facere,
1923 495 1952 532 a
1985 483 2069 533 l'a-

2190 482 2265 534 τοῦ
2295 481 2430 535 Θεοῦ
2447 479 2902 551 καταψηφίζεται,
2945 479 3067 550 οὐχὶ
3088 480 3182 533 καὶ
3222 477 3285 532 τὸ
3329 476 3407 548 μὴ
3453 477 3626 530 ποιεῖν
3671 479 3729 532 ὲκ

495 573 730 629 ciendo?
763 556 841 628 ita
890 590 1132 643 prorsus.
1171 573 1435 628 Mutatum
1476 586 1656 630 autem
1696 575 1907 629 diceres
1945 589 2069 627 eum

497 667 654 719 hodie
685 677 1022 735 aperantem,
1053 669 1119 719 ah
1153 682 1217 721 eo
1248 667 1388 737 quod
1427 677 1696 722 eratcum
1738 683 1844 720 non
1888 682 2070 735 opera-

499 759 692 812 retur?
721 759 1090 829 Nequaquam.
1121 759 1308 829 Neque
1352 775 1482 832 ergo
1524 762 1644 814 ideo
1693 759 1841 813 illum
1872 759 2068 812 mutari

497 862 721 901 necesse
775 849 902 912 erit,
957 850 1098 918 quod
1145 848 1306 902 faciat
1359 849 1638 912 mundum,
1697 848 1763 901 al)
1807 861 1872 901 eo
1928 845 2070 914 quod

497 948 633 1004 erat,
661 943 878 1008 quando
913 955 1018 993 non
1061 939 1314 996 faciebat.
1358 941 1534 1008 Atque
1569 936 1691 1009 [ita]
1758 952 1862 991 non
1889 952 2072 992 neces-

496 1031 642 1084 sario
690 1031 976 1084 dicendum
1022 1033 1124 1086 erit
1168 1032 1271 1087 hnc
1302 1033 1612 1086 universum
1644 1031 1915 1086 exsistere
1944 1046 2067 1084 cum

498 1121 588 1176 illo
641 1132 859 1192 propter
904 1123 1008 1176 hoc
1054 1124 1229 1192 ipsum
1269 1121 1345 1176 illi
1390 1132 1739 1187 coaeternutn,
1803 1136 1870 1175 ne
1907 1135 2069 1191 coga-

498 1231 618 1268 mur
648 1216 825 1270 dicere
859 1215 1003 1269 illum
1029 1231 1149 1270 esse
1186 1224 1472 1268 mutatum.

565 1306 728 1376 Atqui
764 1309 844 1361 sic
879 1322 1090 1360 mecum
1126 1307 1444 1375 diSpntant:
1483 1307 1770 1362 Dieeresne
1805 1308 2068 1377 genitum,

493 1400 634 1466 quod
667 1400 1035 1468 generationis
1068 1399 1396 1468 principium
1423 1414 1526 1453 non
1554 1399 1751 1453 habet?
1775 1397 1892 1454 Non
1917 1401 2073 1470 equi-

496 1491 637 1544 dem.
687 1490 837 1557 Quod
883 1493 1026 1545 enim
1077 1501 1231 1546 caret
1259 1493 1626 1562 generationis
1657 1493 1947 1563 principio,
1975 1508 2072 1548 ne-

493 1582 729 1636 cessario
753 1590 834 1637 est
865 1582 1188 1652 ingenitum.
1226 1581 1282 1636 Si
1316 1592 1494 1636 autem
1537 1583 1778 1652 genitum
1814 1592 1920 1650 est,
1944 1599 2074 1638 con-

494 1673 642 1728 cedis
675 1674 742 1728 ab
787 1674 964 1744 aliqua
1013 1690 1176 1731 causa
1212 1689 1334 1730 esse
1363 1675 1604 1746 genitum
1637 1689 1901 1744 :prorsus
1925 1675 2069 1730 enim

494 1764 831 1833 impossibile
877 1775 960 1821 est
995 1765 1113 1820 sine
1143 1781 1307 1821 causa
1333 1767 1742 1835 generationem
1771 1768 1930 1822 esse?
1960 1766 2070 1822 lm-

2173 574 2265 626 τοῦ
2289 573 2415 645 [μὴ]
2457 577 2662 639 ποιεῖν,
2713 574 2973 644 Ἀνάγκη.
3026 571 3382 627 Ἦλλοιῶσθαι
3426 569 3484 622 δὲ
3514 569 3727 621 αὑτὸνδν

2174 669 2339 739 φαίης
2367 670 2441 738 μὴ
2467 669 2726 722 ποιοῦντα
2752 669 2992 737 σήμερον
3025 665 3153 736 παρ’
3173 663 3203 716 ὃ
3227 658 3296 734 ἦν
3332 663 3423 716 ὅτε
3469 660 3637 712 ἐποίει
3654 662 3726 724 ⁸⁶ς

2174 761 2461 830 Οὐδαμῶς.
2487 761 2608 814 Οὐδ’
2638 760 2745 832 ἄρα
2776 759 2852 812 ὅτ’
2883 758 3055 812 ἐποίει
3085 758 3182 810 τὸν
3237 756 3467 825 κόσμον,
3517 751 3728 821 ἠλλοιῶ-

2174 856 2296 909 σθαι
2326 856 2487 910 αὑτδν
2521 856 2734 925 ἀνάγκη
2767 854 2898 926 παρ’
2934 855 2962 908 δ
3010 849 3080 924 ἦν
3117 852 3208 905 ὅτε
3242 852 3345 904 οὐκ
3382 848 3562 903 ἐποίει
3589 863 3604 880 ⁸
3645 849 3731 900 καὶ

2171 948 2295 1002 οὔτε
2331 949 2544 1018 ἀνάγκη
2595 948 2958 1019 συνυπάρχειν
2998 945 3147 1016 αὐτῷ
3172 944 3234 999 τὸ
3282 946 3391 998 πᾶν
3425 944 3509 997 δεῖ
3545 941 3728 1009 λέγειν,

2171 1043 2260 1096 διὰ
2283 1043 2346 1096 τὸ
2372 1042 2446 1112 μὴ
2463 1041 2871 1108 ἀναγκάζεσθαι
2896 1041 3077 1110 λέγειν
3113 1039 3242 1112 [496
3270 1037 3365 1110 ιι]
3387 1035 3722 1107 ἠλλοιῶσθαι,

2172 1134 2295 1188 οὔτε
2321 1134 2365 1166 ⁸⁸
2391 1134 2657 1188 ωναῖδιον
2680 1134 2748 1187 δι’
2775 1132 2907 1187 αὐτὸ
2927 1132 3104 1187 τοῦτο.

2245 1313 2353 1367 Καί
2387 1330 2478 1384 μοι
2497 1311 2628 1382 φάθι
2645 1312 2692 1344 δ’
2714 1311 2808 1364 καὶ
2843 1302 2946 1364 ὧδε
2973 1324 2986 1339 ⁸
3021 1308 3255 1378 Γενητὸν
3281 1307 3342 1360 τὸ
3367 1304 3443 1376 μὴ
3481 1302 3733 1371 γενέσεως

2172 1406 2294 1476 ἔχον
2329 1403 2503 1475 ἀρχὴν
2537 1402 2704 1473 φαίης
2729 1401 2829 1466 ἀνς
2863 1401 2938 1454 Οὐ
2983 1400 3123 1469 δῆτα
3146 1415 3158 1428 ·
3193 1401 3244 1452 εἰ
3293 1397 3402 1466 γὰρ
3439 1395 3735 1466 μὴνὺποπέ-

2173 1513 2298 1549 πτει
2328 1495 2595 1564 γενέσεως
2624 1493 2789 1564 ἀρχῇ,
2818 1491 2879 1556 ἐξ
2901 1492 3145 1559 ἀνάγκης
3178 1487 3444 1556 ἀγένητόν
3476 1487 3644 1538 ἐστιν.
3681 1483 3733 1535 Εἰ

2171 1587 2228 1641 δὲ
2266 1588 2512 1656 γέγονεν,
2533 1584 2637 1638 ὑπὸ
2657 1584 2832 1639 αἰτίου
2865 1584 3010 1646 τινὸς
3057 1581 3214 1643 δίδως
3241 1579 3379 1632 αὐτὸ
3429 1575 3731 1645 γεγονέναι·

2174 1681 2352 1751 πάντη
2405 1679 2514 1751 γὰρ
2562 1676 2826 1732 ἀδύνατον
2877 1676 3050 1747 χωρὶς
3088 1674 3264 1727 αίτίου
3319 1673 3541 1741 γένεσιν
3571 1669 3733 1737 ἕχεινς

2188 1773 2495 1828 Ἀδύνατον.
2531 1771 2753 1842 Κόσμον
2767 1771 2832 1841 δὴ
2862 1768 2976 1834 οὖν,
3002 1768 3097 1821 καὶ
3125 1767 3227 1820 ὅσα
3248 1767 3306 1818 ὲν
3329 1763 3504 1834 αὐτῷ,
3530 1761 3682 1816 ἄλλον
3698 1759 3737 1789 ⁸³

492 1831 768 1926 possibile.
821 1855 1010 1910 Nonne
1059 1872 1189 1928 ergo
1234 1868 1289 1911 et
1343 1860 1624 1920 mundum,
1656 1867 1709 1912 et
1736 1873 2068 1928 quaecunque

2190 1868 2319 1930 me;
2352 1867 2388 1937 ἢ
2451 1863 2587 1918 Θεοῦ
2639 1831 3102 1934 δημιουργοξίντος
3148 1859 3395 1930 φήσομεν
3455 1831 3736 1922 ⁷γεγονέναι

493 1960 620 2004 sunt
658 1950 712 2004 in
749 1950 880 2004 illo?
911 1949 1101 2005 Nonne
1128 1951 1211 2004 vel
1243 1953 1309 2004 ah
1342 1951 1548 2018 aliquo,
1573 1949 1654 2004 vel
1689 1949 1799 2005 Deo
1821 1962 2069 2007 creatore

497 2054 680 2112 postea
722 2043 922 2098 factum
974 2045 1216 2098 dicemus
1251 2060 1373 2096 cum
1407 2043 1555 2106 prius
1587 2058 1691 2098 non
1733 2043 2071 2100 essetiPer-

495 2133 746 2204 spicunm
781 2144 864 2189 est
897 2151 928 2189 a
963 2136 1089 2189 Deo.
1129 2133 1466 2203 lmpossibile
1507 2135 1650 2188 enim
1697 2145 1798 2201 est,
1839 2146 1898 2190 ut
1928 2138 2069 2204 quod

494 2227 861 2295 generationis
905 2227 1168 2296 principio
1224 2227 1714 2294 circumscribitur,
1757 2229 1808 2282 id
1858 2229 2071 2285 infinito

496 2333 616 2371 esse
645 2317 1018 2371 coiulinitnm?
1051 2317 1404 2387 lmpossibile.

570 2408 708 2477 Ergo
755 2410 977 2473 iterum,
1030 2421 1307 2476 centaure,
1339 2415 1404 2467 ad
1463 2414 1786 2484 principium
1837 2415 2078 2484 disputav

501 2500 664 2554 tionis
714 2514 1076 2557 revertamur.
1115 2503 1484 2560 Allirmatisne
1545 2522 1606 2560 ea
1630 2522 1750 2576 quae
1783 2484 2074 2576 exsistunt,

505 2592 684 2645 divina
724 2594 946 2646 scientia
1007 2593 1146 2650 facta
1196 2611 1316 2650 ease
1352 2599 1560 2653 necne?
1607 2599 1806 2654 Iterum
1848 2601 2066 2655 dicent:

501 2683 717 2740 Minime
739 2683 874 2754 (84),
891 2685 981 2740 sed
1000 2686 1067 2741 ab
1088 2688 1390 2753 elementis,
1411 2690 1491 2744 vel
1513 2692 1758 2758 materia,
1786 2701 1878 2746 aut
1898 2692 2081 2746 ﬁrma-

499 2777 719 2840 mentis,
772 2787 865 2831 aut
914 2778 1112 2846 quibus
1165 2779 1280 2833 haec
1328 2781 1508 2835 verbis
1571 2782 1846 2851 appellare
1896 2785 2079 2851 vultis,

500 2867 635 2921 nihil
689 2869 834 2922 enim
884 2869 1134 2924 interest.
1199 2869 1296 2925 His
1350 2873 1496 2927 enim
1548 2873 1752 2942 absque
1806 2877 2082 2931 creatione

2178 1960 2426 2030 ὕστερον,
2478 1957 2744 2030 πρότερον
2763 1956 2811 1987 ⁵⁸
2857 1956 2958 2008 οὐκ
3019 1954 3181 2018 own;
3228 1950 3397 2020 Δῆλον
3454 1949 3541 2001 ὅτι
3597 1942 3734 1997 Θεοῦ.

2192 2053 2477 2106 Ἀδύνατον
2503 2050 2614 2121 γὰρ
2647 2050 2708 2103 τὸ
2745 2047 3016 2117 γενέσεως
3053 2047 3198 2118 ἀρχῇ
3237 2039 3593 2115 περιορισθὲν
3628 2054 3735 2091 συν-

2180 2148 2285 2204 απέ
2295 2163 2486 2218 ραντον
2507 2145 2554 2177 ⁸⁸
2579 2141 2818 2212 εἶναιτῷ
2837 2143 2940 2196 ἀπε
2949 2141 3162 2211 ρὰντῳ;
3197 2136 3504 2191 Ἀδύνατον.

2251 2416 2421 2471 Πάλιν
2438 2415 2502 2486 δὴ
2522 2410 2637 2475 οὖν,
2669 2407 2714 2466 ὦ
2755 2411 3058 2479 Κένταυρε,
3095 2408 3154 2473 ἐξ
3195 2404 3372 2475 ἀρχῆς
3414 2399 3739 2468 διαλεγώμε-

2181 2510 2249 2564 θα
2267 2511 2330 2562 ⁸⁶.
2359 2507 2492 2579 Θεία
2530 2507 2810 2576 ἐπιστήμῃ
2832 2503 2905 2556 τὰ
2939 2503 3071 2556 ὅντα
3093 2497 3228 2567 φατὲ
3252 2494 3564 2565 γεγονέναι,
3596 2490 3629 2559 ἢ
3659 2489 3738 2552 ob;

2180 2598 2250 2657 Ὦ
2269 2603 2406 2675 βάλῃ
2420 2603 2488 2664 ⁸⁷,
2505 2599 2770 2664 λέξουσιν,
2792 2595 3064 2663 οὐδαμῶς,
3086 2592 3219 2646 ἀλλά
3237 2592 3345 2645 ἀπὸ
3361 2591 3471 2642 τῶν
3485 2584 3743 2654 στοιχείων

2181 2698 2215 2768 ἢ
2251 2694 2438 2766 ὓληςῆ
2469 2691 2884 2762 στηριγμάτων,
2923 2688 2956 2758 ἦ
2991 2689 3141 2748 ὅπως
3191 2684 3346 2739 αὐτοὶ
3404 2680 3582 2775 ταδτα
3633 2677 3741 2775 βού-

2181 2790 2338 2842 λεσθε
2366 2787 2656 2857 ὀνομάζειν
2679 2801 2693 2814 ο
2726 2783 2879 2836 οὐδὲν
2914 2781 3024 2848 γὰρ
3051 2779 3319 2847 διαφέρει.
3365 2773 3588 2827 Τούτων
3633 2773 3745 2837 ἀγε-

2182 2885 2356 2952 νήτως
2387 2875 2882 2951 προῦφεστηκὸτων
2911 2875 3005 2927 καὶ
3049 2868 3384 2940 πλημμελῶς
3419 2863 3744 2934 φερομένων,

499 2957 1020 3028 praeexsistentihus,
1042 2972 1352 3030 temereque
1369 2963 1765 3030 oberrantibus,
1784 2965 1923 3020 Deus
1944 2965 2077 3040 [illa]

2190 2973 2373 3036 ὁθώς
2400 2971 2684 3039 διακρίνας
2748 2968 3076 3038 ὲτεχνάσατο
3111 2965 3156 2997 ⁸*
3212 2962 3282 3015 τά
3321 2960 3526 3021 πάντα,
3569 2955 3742 3022 ὥσπερ

499 3064 810 3115 secernens,
867 3053 1050 3106 omnia
1100 3051 1392 3108 fabricatus
1442 3065 1548 3119 est,
1608 3055 1758 3110 velut
1814 3068 2077 3126 praestans

2190 3065 2388 3134 ἀγαθὸς
2455 3061 2747 3133 ζωγράφος
2809 3057 2920 3113 ἀπὸ
2975 3055 3188 3110 πολλῶν
3255 3049 3564 3122 χρωμάτων
3639 3045 3750 3114 μίαν

497 3141 674 3211 pictor
719 3157 785 3199 ex
834 3143 1018 3199 multis
1059 3147 1331 3201 coloribus
1385 3162 1547 3201 uuam
1603 3149 1860 3217 exprimit
1905 3150 2077 3204 idean]

2190 3159 2586 3229 τεχνησάμενος
2623 3155 2798 3217 ίδέαν;
2827 3152 2951 3223 [9'57
2977 3148 3072 3220 IL]
3126 3147 3262 3201 Οὐδὲ
3292 3143 3463 3238 τοῦτο
3481 3158 3498 3174 ο
3552 3140 3751 3238 nivem?

501 3250 596 3290 seu
627 3236 940 3306 imaginem.
967 3235 1079 3291 Nec
1123 3237 1224 3293 hoc
1259 3237 1516 3310 [dicent].
1550 3238 1786 3296 Omnino
1817 3243 1960 3297 enim
1994 3258 2077 3297 re-

2190 3251 2296 3322 γὰρ
2329 3249 2728 3319 ἀποφεύξονται
2757 3244 3089 3315 ὁμολογῆσαι
3132 3238 3254 3293 καθ’
3295 3235 3528 3298 ἑαυτῶν,
3576 3232 3664 3285 ἵνα
3688 3229 3750 3300 μὴ

501 3327 710 3396 fugient
743 3336 930 3382 contra
994 3329 1206 3398 seipsos
1252 3330 1353 3385 hoc
1395 3332 1609 3396 testari,
1668 3348 1734 3386 ne
1763 3335 1892 3388 dato
1938 3333 2077 3402 quod

2190 3345 2283 3414 τῆς
2331 3340 2712 3410 κατακρίσεως
2740 3339 2786 3370 ⁵³
2842 3334 3075 3402 καὶτῆς
3133 3324 3607 3402 μεταμορφώσεως
3667 3323 3750 3414 τὴν

502 3420 730 3475 materia
765 3421 1016 3477 habuerit
1059 3423 1382 3493 principium
1437 3426 1764 3480 secretionis
1803 3436 1858 3480 et
1905 3436 2083 3482 trans-

503 3512 870 3582 formationis,
916 3528 1180 3585 cogantur
1211 3517 1374 3572 fateri
1419 3520 1585 3572 Deum
1624 3520 1858 3589 ctepisse
1905 3530 2079 3576 mate-

505 3608 639 3661 riam
689 3608 840 3675 prius
897 3607 1221 3677 indigestam
1280 3623 1376 3664 seu
1425 3610 1712 3666 informem
1750 3611 1919 3666 verbo
1955 3627 2083 3681 per-

507 3697 651 3753 fecte
679 3697 872 3768 303!)
903 3700 1149 3768 digerere
1176 3709 1232 3754 et
1261 3701 1520 3771 expolire.

575 3792 688 3862 Age
718 3806 844 3844 vero
879 3791 1130 3859 quoniam
1170 3791 1281 3847 Deo
1301 3793 1528 3863 juvante
1560 3792 1790 3850 dicendo
1836 3797 1903 3850 ad
1940 3797 2087 3852 hunc

507 3884 684 3939 locum
717 3885 1081 3952 pervenimus,
1108 3887 1154 3943 si
1183 3885 1268 3940 cui
1296 3896 1474 3941 statua
1513 3887 1630 3940 basi
1667 3902 1762 3940 sua
1798 3888 2084 3957 collocata,

511 3977 836 4048 elegansque
885 3980 994 4041 sit,
1044 3978 1197 4047 cujus
1259 3979 1581 4033 concinnam
1630 3980 2085 4050 pulchritudinem

507 4077 845 4139 spectatores
877 4069 1166 4139 mirentur,
1192 4071 1285 4124 sed
1314 4071 1698 4125 dissentientes
1731 4071 1872 4127 inter
1902 4086 1962 4127 se
1989 4088 2085 4128 co-

507 4170 702 4216 nentur
728 4161 980 4216 evincere
999 4162 1194 4231 partim
1222 4177 1343 4218 esse
1369 4164 1606 4232 genitam
1635 4164 1906 4236 |factam].
1958 4181 2087 4236 par-

505 4255 602 4309 tim
643 4268 774 4310 vero
811 4256 1102 4325 ingenitam
1153 4255 1286 4328 [non
1319 4257 1576 4330 factam];
1620 4261 1940 4328 quaesierim
1989 4275 2090 4330 ego

509 4363 578 4402 ex
605 4347 759 4402 vobis
783 4364 886 4418 qua
919 4349 986 4402 de
1015 4364 1181 4404 causa
1207 4350 1504 4420 ingenitam
1531 4352 1749 4417 dicatis,
1774 4368 1841 4408 an
1865 4364 2090 4423 propter

510 4440 773 4496 artiﬁcem
815 4451 874 4494 nt
905 4457 972 4494 ne
999 4457 1235 4511 unquam
1268 4443 1338 4497 ab
1367 4458 1529 4511 opere
1567 4460 1771 4499 vacuus
1801 4460 1922 4500 esse
1952 4461 2085 4500 cen-

2192 3413 2325 3504 ὓλην
2351 3431 2766 3503 συγχωροῦντες
2796 3428 2970 3499 ἀρχὴν
3011 3425 3329 3494 ἐσχηκυῖαν,
3385 3413 3752 3484 ἀναγκασθῶσι

2190 3526 2266 3596 τῷ
2304 3525 2449 3596 λόγῳ
2487 3524 2628 3579 κατά
2661 3525 2838 3576 πάντα
2862 3523 2954 3573 τὸν
2987 3519 3122 3572 Θεὸν
3148 3514 3350 3587 ἦρχθαι
3397 3510 3497 3564 τοῦ
3553 3510 3751 3562 διοικεῖν

2190 3619 2370 3688 λέγειν
2429 3618 2525 3670 καὶ
2581 3615 2958 3683 κατακοσμεῖν
3036 3610 3136 3680 τὴν
3199 3608 3470 3678 πρότερον
3531 3602 3752 3672 ἄμορφον

2191 3710 2358 3764 οὖσαν
2394 3706 2550 3776 ὓλην.

2257 3803 2394 3874 Φέρε
2423 3801 2550 3870 γὰρ,
2586 3800 2797 3869 ἐπειδὴ,
2835 3798 2935 3852 σὺν
2997 3798 3075 3868 τῷ
3127 3796 3247 3866 Θεῷ
3292 3797 3484 3864 φάναι,
3544 3791 3752 3849 ἐνταῦθα

2191 3894 2288 3950 τοῦ
2313 3894 2469 3961 λόγου
2498 3893 2826 3961 γεγόναμεν,
2877 3890 2993 3960 ἤτω
3024 3906 3110 3952 τις
3170 3889 3416 3960 ἀνδριὰς,
3474 3886 3640 3948 ἑστὼς
3675 3884 3752 3934 ἐπὶ

2195 3987 2428 4056 βάσεως,
2478 3983 2675 4044 καλόςσ
2717 3978 2782 4034 οὒ
2840 3980 3215 4050 θαυμάζοντες
3245 3980 3296 4032 οἱ
3355 3979 3621 4048 θεώμενοι
3668 3974 3750 4043 τὴν

2195 4077 2469 4147 εὔρυθμον
2499 4077 2546 4108 ⁶⁰
2569 4073 2834 4143 καλλονὴν
2861 4073 3306 4143 διαφερέσθωσαν
3334 4071 3472 4142 πρὸς
3495 4068 3750 4138 ἀλλήλους,

2195 4173 2272 4242 πῆ
2312 4170 2408 4240 μὲν
2433 4167 2688 4238 γενητὸν,
2721 4165 2876 4236 πῆῐδὲ
2903 4166 2999 4219 καὶ
3024 4165 3289 4234 ἀγένητον
3323 4162 3651 4234 πειρώμενοι
3672 4159 3747 4210 λέ-

2193 4277 2312 4330 γειν
2333 4261 2400 4313 ⁸³.
2435 4259 2696 4330 Ἐροίμην
2715 4257 2824 4327 γὰρ
2878 4257 3039 4322 σφᾶς,
3075 4255 3142 4307 δι’
3173 4254 3241 4324 ἣν
3291 4255 3472 4308 αἰτίαν
3520 4251 3749 4320 ἀγένητον

2196 4353 2358 4406 αὐτόν
2391 4365 2564 4420 φατες
2600 4349 2827 4418 πότερον
2847 4346 2937 4400 διὰ
2965 4347 3056 4399 τὸν
3099 4347 3352 4416 τεχνίτην
3377 4385 3393 4410 ,
3443 4346 3588 4407 ὅπως
3640 4340 3750 4412 μηδ-

2201 4442 2360 4512 αμῶς
2381 4440 2633 4510 ἀργήσας
2654 4439 2753 4508 τῆς
2781 4437 3142 4508 δημιουργίας
3167 4436 3465 4508 νομίζοιτο,
3494 4437 3528 4506 ἢ
3578 4435 3638 4488 δι’
3661 4435 3744 4486 αὑ-

508 4541 694 4586 seatur
731 4531 864 4601 (85'),
911 4547 978 4586 an
1017 4543 1240 4603 propter
1281 4534 1555 4603 seipsam?
1599 4537 1758 4605 Atqui
1788 4537 1833 4590 si
1874 4545 2077 4606 proptel

2197 4533 2286 4586 τόν
2303 4533 2347 4562 ⁶²
2373 4549 2387 4595 ;
2418 4532 2514 4584 Ἀν
2541 4529 2640 4599 μὲν
2667 4527 2775 4599 γὰρ
2795 4527 2882 4581 διὰ
2909 4528 3002 4581 τὸν
3024 4527 3297 4597 τεχνίτην,
3347 4528 3471 4590 πῶς
3517 4527 3747 4595 ἀγένητος

510 4623 812 4688 artificem,
867 4625 1140 4693 quomodo
1193 4626 1433 4697 ingenita
1473 4627 1578 4680 erit
1620 4643 1743 4682 cum
1775 4628 1844 4682 ab
1882 4629 2092 4684 artifice

2197 4624 2272 4678 ὢν
2299 4624 2435 4694 πρὸς
2457 4620 2550 4675 τοῦ
2572 4620 2822 4691 τεχνίτου
2863 4620 3320 4690 δημιουργεῖται,
3373 4619 3437 4672 El
3488 4619 3595 4688 γὰρ
3636 4615 3746 4675 ὅλως

509 4716 864 4772 ell'ormetur?
892 4717 1026 4773 Nam
1071 4720 1117 4774 si
1165 4733 1364 4788 expers
1410 4721 1586 4776 omnis
1633 4722 1849 4790 penitus
1876 4723 2011 4777 artis
2039 4738 2077 4776 e:

2199 4719 2258 4770 ἐν
2281 4717 2456 4787 ἐνδείᾳ
2517 4714 2618 4783 τῆς
2672 4713 2868 4782 τέχνης
2914 4712 3222 4782 καθέστηκε
3267 4709 3744 4781 χαλκουργοὺμενος

510 4805 682 4870 rudis,
717 4805 1003 4876 effingatur
1042 4809 1109 4862 ad
1146 4823 1529 4879 quamcunque
1572 4810 1699 4863 velit
1749 4811 1945 4864 artifex
1978 4810 2092 4864 for-

510 4912 652 4950 mam
683 4913 777 4952 seu
812 4899 1063 4968 figuram,
1093 4902 1362 4968 quomodo
1393 4904 1499 4956 erit
1530 4902 1793 4972 ingenita,
1818 4901 2089 4974 [manum]

508 5005 667 5059 passa
692 4999 747 5045 et
778 4991 1053 5046 tractata?
1081 4993 1138 5047 Si
1167 5009 1380 5048 rursum
1415 5007 1634 5064 propter
1658 4996 1890 5062 seipsam
1915 4993 2093 5062 perfe-

2201 4809 2337 4878 πρὸς
2367 4807 2428 4859 τὸ
2451 4808 2599 4876 σχεῖν
2616 4807 2799 4858 ὁποῖον
2825 4805 2854 4857 ὁ
2875 4805 3208 4874 δημιουργὸς
3228 4803 3404 4856 ἐθέλοι
3433 4822 3500 4873 χα
3513 4801 3738 4871 ρακτῆρα,

2200 4900 2340 4968 ποίῳ
2367 4899 2552 4969 τρόπῳ
2585 4897 2852 4965 ἀγένητος
2891 4895 3043 4948 ἔσται
3070 4895 3114 4925 ⁸³
3137 4895 3366 4962 πάσχων
3397 4911 3457 4946 τε
3491 4894 3583 4945 καὶ
3632 4887 3741 4959 δρῶ·

2203 5007 2394 5060 μενος;
2425 4990 2489 5042 Εἰ
2511 4990 2570 5042 δὲ
2601 4984 2667 5042 αὖ
2720 4987 2789 5039 δι’
2845 4985 3036 5040 ἑαυτὸν
3091 4986 3294 5048 τέλειος
3350 4986 3448 5038 καὶ
3516 4983 3740 5051 ἀγένητος

1810 5127 2046 5182 νΑιιιΑε
2096 5124 2494 5186 LECTIONES.

615 5219 662 5252 “
689 5221 746 5274 δὲ
783 5222 876 5276 τὸν
907 5221 1073 5275 αὐτόν
1125 5221 1188 5275 Β.
1289 5222 1345 5293 7⁵⁸
1380 5223 1459 5274 ὅτ’
1499 5222 1702 5293 ἐποίειι

509 5287 670 5362 ἄλλου
725 5308 847 5346 cutn
902 5293 990 5345 AB
1021 5294 1180 5346 omisi
1236 5292 1371 5362 μῶν.
1479 5293 1525 5323 ⁵³
1559 5287 1823 5362 πρότερον
1880 5295 1922 5346 Β
1977 5314 1990 5348 :

510 5309 670 5344 αυιου
725 5309 847 5346 cum
902 5309 990 5345 Ab
1021 5309 1180 5346 ontlSI
1236 5310 1371 5360 μων.
1479 5309 1525 5323 ν’
1559 5309 1724 5362 προτε

510 5359 570 5431 τὸ
602 5363 890 5428 γενέσεως.
965 5364 1010 5395 ³⁸
1031 5361 1408 5431 διαλεγώμεθα
1440 5377 1583 5415 corr.
1616 5362 1656 5414 Β
1689 5379 1701 5414 :
1731 5309 1764 5415 δ

507 5427 620 5502 λεί
665 5433 712 5464 ⁸⁸
741 5433 1070 5502 ἐτεχνάσατο
1125 5427 1610 5502 ΑΒεετεχνὴσατο
1641 5450 1700 5496 ς.

513 5451 590 5482 ΛΕ.
665 5451 712 5464 “’“
741 5451 1070 5502 ετεχνασατο
1125 5451 1247 5484 AD!
1282 5451 1436 5501 ετεχν
1480 5451 1509 5483 σ

513 5499 720 5570 ρυθμον
743 5504 834 5556 ΑΒ
866 5519 880 5556 :
917 5503 1216 5576 ἐρρύθμιον
1245 5520 1304 5568 ς.
1383 5451 1513 5554 “gis

1768 5223 1888 5276 libri
1950 5224 2038 5276 ὅτε
2090 5225 2253 5306 ποιεῖ.

1822 5314 1823 5328 ι
1882 5310 1922 5346 ts
1977 5314 1990 5348 :
2053 5311 2269 5366 πρωτον
2342 5310 2402 5356 ς.

1822 5364 2091 5416 λεγόμεθα
2115 5382 2176 5416 ς.
2275 5365 2320 5395 ⁸⁷
2357 5363 2402 5416 Bc

1766 5378 2091 5416 ιαλεγομευα
2115 5382 2176 5416 C.

1799 5383 2091 5432 υιεγομευα
2115 5383 2176 5428 ς’
2275 5383 2314 5395 ’⁵
2356 5383 2516 5434 ραιιῃ]
2541 5383 2701 5416 παΛιν
2735 5383 2774 5412 D
2800 5383 2854 5414 Cl.
2884 5383 3027 5414 corr.
3062 5383 3102 5412 ﬂ
3139 5383 3153 5411 ;
3183 5383 3272 5410 aut
3302 5383 3433 5426 ριμιε
3472 5383 3517 5435 ι...

1799 5436 1843 5505 ⁸-³
1878 5431 2280 5505 κατακρίσεως]
2311 5429 2934 5505 otaxpiaawgs‘caliger,
2983 5426 3360 5505 μετακρίσεως
3429 5428 3539 5480 aln.

1521 5519 1636 5571 γειν
1667 5503 1998 5573 πειρώμενοι
2028 5499 2090 5568 εξ.
2167 5505 2211 5536 ⁸³
2253 5499 2454 5559 ἔαυτόν
2475 5506 2541 5556 A.
2619 5501 2664 5534 “
2693 5499 2872 5571 ἔσται]
2901 5501 2967 5554 ἀν
2992 5499 3100 5554 ΑΒ.

2353 5221 2398 5253 ⁵³
2426 5220 2551 5274 οὔτε
2601 5220 2733 5275 AB:
2773 5219 2857 5272 ὅτι
2919 5237 2982 5282 ς.
3087 5220 3133 5250 υ
3166 5191 3302 5284 (pagi
3353 5213 3462 5269 ΑΒ.
3554 5211 3740 5284 ﬂante

2511 5293 2556 5324 ’⁵⁵
2607 5301 2724 5360 post
2778 5279 3191 5359 συναιῖτέραντον
3215 5279 3740 5360 ελιιιιι-ᾼΒ-οιιιίεἱγᾲρ

2275 5365 2320 5395 ετ
2352 5347 2516 5434 Beia]
2541 5347 2701 5416 πάλιν
2735 5362 2774 5412 B
2800 5370 2854 5414 el.
2884 5347 3027 5414 corr.
3062 5363 3102 5412 Α
3139 5375 3153 5411 :
3183 5358 3272 5410 alii
3302 5356 3433 5426 βάλε
3471 5357 3517 5435 i.
3541 5368 3588 5406 θ.
3624 5347 3733 5403 ἀϐά-

2275 5431 2279 5468 l
2311 5435 2638 5468 R.~vnim_-..m
2668 5429 2911 5468 Qnalinnr
2983 5426 3360 5468 σιςτανηίσεωτ
3429 5428 3539 5468 salu-
3611 5422 3648 5452 ⁶⁰
3667 5414 3733 5468 εὖ·

2020 5614 2258 5673 NOTIE.

584 5733 696 5804 (84)
734 5727 780 5790 ὧ
805 5733 1041 5808 βάλη.ξο
1068 5748 1234 5804 apage
1268 5735 1531 5806 inquient.
1570 5737 1623 5791 In
1667 5736 1912 5808 margine
1937 5737 2096 5791 πάλιν
2206 5735 2512 5808 τακρίσεως
2544 5733 2728 5808 malim
2751 5732 3101 5808 διακρίσεως,
3121 5731 3224 5786 nisi
3257 5729 3400 5784 idem
3433 5729 3649 5784 valeant.

514 5804 733 5862 iterum.
796 5807 1109 5875 ἀγεννήτως
1156 5804 1373 5876 proprie
1418 5809 1534 5866 sine
1577 5804 1944 5880 generatione.
1980 5811 2094 5863 Κα-

2278 5807 2391 5879 (85)
2433 5805 2665 5863 Causam
2697 5805 2839 5860 banc
2869 5819 2977 5860 non
3009 5804 3145 5859 bene
3176 5816 3453 5872 assequor.
