4066 6420
279 356 417 421 1145

1314 359 1840 421 BlBLIOTHECA.
1876 357 2130 420 --COD.
2167 358 2487 418 CCXXXV.

3406 352 3541 418 1146

272 473 488 540 λέγοιτο
515 470 590 543 μὴ
619 469 827 524 δεῖσθαι
861 469 959 540 τῆς
984 471 1028 503 “
1082 471 1279 541 τέχνης
1338 475 1367 526 6
1412 474 1654 544 ἀνδριὰς,
1711 473 1852 525 κατὰ

1957 480 2038 524 cta
2093 482 2151 526 et
2205 470 2485 540 ingenita,
2546 467 2782 531 dicatur,
2833 469 3129 522 secundum
3178 467 3540 537 perniciosam

275 564 340 614 τὸ
371 562 613 630 ὀλέθριον
678 560 878 629 δόγμα,
929 560 1143 631 ἀνάγκη
1194 563 1603 633 αὐτοματισμὸν
1657 563 1850 633 ὁμολο-

271 659 414 723 γεῖν.
448 655 518 706 Ἢ
543 653 667 706 οὐδὲ
690 652 882 707 τοῦτον
917 653 1046 716 ἴσως
1074 653 1428 723 ἐθελήσαντες
1470 654 1849 725 προσήκασθαι

269 747 366 797 τὸν
398 746 557 813 λόγον
586 745 911 815 πικρότερον
942 744 1386 814 ἀποκρινοῦνται,
1416 747 1476 799 τὸ
1520 748 1618 816 μὲν
1654 746 1853 818 βρέτας

272 839 537 907 ἀγένητον
568 838 667 890 οὐκ
706 831 846 891 εἶναι
892 837 1170 907 λέγοντες,
1208 842 1435 910 γενητὸν
1467 839 1522 892 δὲ
1571 835 1710 892 εἷναι
1765 840 1853 892 ἀεὶ

271 928 540 996 γενέσεως
560 928 733 997 ἀρχὴν
763 928 862 979 οὐκ
923 926 1069 995 ἔχον,
1117 926 1267 988 ὅπως
1320 925 1575 996 ἀνάρχως
1638 924 1851 994 λέγοιτο

275 1022 499 1089 κρατεῖν
532 1018 626 1072 τοῦ
647 1022 1022 1089 τεχνάσματος
1071 1020 1099 1072 6
1146 1018 1417 1090 τεχνίτης.
1470 1017 1706 1081 Οὐκοῦν,
1737 1012 1781 1071 ὦ
1805 1018 1849 1049 ⁶⁸

272 1107 445 1175 οὗτοι,
466 1110 691 1183 λέξομεν
725 1113 927 1176 αὐτοῖς,
954 1113 1001 1164 εί
1056 1111 1131 1182 μὴ
1159 1112 1349 1181 χρόνος
1386 1110 1522 1180 μήτε
1569 1108 1704 1162 αἰὼν
1765 1110 1853 1161 εὑ-

277 1206 516 1277 ρίσκοιτο
559 1207 764 1269 ἐπάνω,
801 1205 890 1257 ὅτε
928 1205 1029 1257 οὐκ
1086 1199 1152 1273 ἦν
1199 1202 1405 1264 τέλειος
1453 1204 1481 1255 6
1514 1200 1759 1272 ἀνδριὰς,
1800 1202 1852 1255 τί

272 1300 556 1371 παρέσχεν
582 1298 731 1368 αὑτῷ
760 1301 789 1351 6
836 1297 1092 1367 τεχνίτης
1133 1296 1167 1367 ἢ
1202 1297 1256 1349 τί
1291 1297 1595 1366 ἐνήργησεν
1635 1294 1713 1350 είς
1752 1293 1853 1346 αὑ·

269 1391 394 1452 τόνς
421 1390 563 1444 Φατέ
594 1406 609 1422 ο
641 1390 691 1443 εἰ
752 1388 861 1459 γάρ
910 1389 939 1440 ὁ
977 1388 1138 1449 αὐτὸς
1197 1385 1449 1455 ἀνενδεὴς
1480 1384 1555 1438 ὢν
1612 1385 1705 1437 καὶ
1752 1385 1853 1437 οὐκ

271 1483 417 1550 ἔχων
456 1480 628 1552 ἀρχὴν
651 1481 919 1549 γενέσεως
948 1480 1226 1549 τυγχάνει,
1255 1477 1428 1550 ταὺτῃ
1474 1476 1675 1548 μᾶλλον
1730 1475 1852 1529 καθ’

273 1579 425 1646 ὑμᾶς
477 1579 506 1630 6
554 1574 888 1646 δημιουργὸς
944 1573 1200 1627 οὐδέποτε
1253 1572 1663 1641 δημιουργήσας
1732 1568 1855 1622 οὔτε

272 1666 632 1738 δημιουργῶν
664 1666 1039 1736 εὑρεθήσεται.
1072 1664 1182 1717 Καὶ
1212 1664 1372 1717 πάλιν
1395 1666 1475 1725 είς
1499 1663 1630 1715 αὐτὸ
1678 1661 1854 1714 ἔοικεν

277 1762 309 1811 6
343 1760 502 1826 λόγος
533 1756 1085 1827 περιδεδραμηκέναι,
1108 1753 1517 1824 αὐτοματισμὸν
1550 1754 1851 1822 ὁμολογεῖν.

1955 572 2192 616 vestram
2248 562 2597 623 sententiam,
2639 571 2755 613 arte
2803 574 2909 613 non
2958 574 3141 629 egere,
3183 575 3404 614 necesse
3435 561 3540 614 erit

1957 653 2113 708 fateri
2145 664 2382 708 statuam
2418 666 2512 721 per
2533 668 2594 707 se
2625 662 2818 719 sponte
2852 649 3006 721 [sine
3038 650 3281 722 artifice]
3316 649 3538 705 factam.

1953 746 2023 800 At
2055 761 2231 815 neque
2257 747 2397 800 hanc
2428 743 2722 799 admissuri
2752 743 3079 805 orationem,
3110 743 3418 797 mordacius
3448 758 3539 797 re-

1955 841 2317 909 Spondebunt,
2370 838 2718 892 simulacrum
2792 836 3010 903 quidem
3080 834 3378 903 ingenitum
3434 852 3539 889 non

1954 947 2076 985 esse
2103 932 2447 995 dictitantes,
2492 929 2733 999 genitum
2778 938 2959 983 autem
3012 941 3134 981 esse
3173 926 3542 995 generationis

1955 1026 2223 1095 principio
2281 1038 2500 1092 semper
2558 1037 2788 1086 carens,
2854 1032 2913 1074 ut
2967 1019 3145 1091 opifex
3204 1019 3422 1088 opillcio
3477 1019 3544 1071 ab

1955 1130 2157 1172 a-terno
2180 1117 2357 1186 major
2372 1114 2773 1183 dicatur.Agite
2794 1128 2908 1177 vos,
2930 1128 3131 1177 nonne,
3155 1112 3262 1165 illis
3278 1113 3542 1176 dicemus,

1958 1212 2013 1265 Si
2052 1226 2227 1279 neque
2258 1219 2491 1277 tempus,
2517 1223 2690 1277 neque
2725 1222 2898 1261 aevum
2929 1216 3078 1260 retro
3107 1205 3273 1259 ullum
3310 1206 3545 1273 reperia-

1959 1311 2066 1369 tur,
2092 1303 2307 1369 quando
2330 1309 2509 1354 statua
2534 1300 2776 1367 perfecta
2803 1313 2909 1352 non
2937 1296 3060 1362 fuit,
3085 1297 3213 1365 quid
3241 1297 3317 1349 illi
3342 1295 3541 1349 artifex

1958 1394 2242 1462 praestitit?
2275 1402 2369 1446 aut
2406 1393 2537 1461 quid
2572 1390 2878 1445 eﬂ'ormavit
2920 1393 2976 1444 in
3015 1390 3144 1442 illa?
3180 1389 3371 1442 Dicite.
3408 1388 3542 1442 Natu

1957 1485 2003 1539 si
2028 1486 2140 1553 ipsa
2164 1482 2363 1538 nullius
2388 1484 2564 1553 indiga
2590 1483 2912 1552 principium
2939 1482 3306 1551 generationis
3331 1481 3538 1534 nullum

1960 1577 2141 1635 habet,
2184 1575 2256 1629 ita
2296 1575 2592 1630 secundum
2627 1590 2753 1639 vos,
2804 1575 2984 1644 potius
3012 1582 3228 1627 creator
3264 1589 3543 1641 nunquam

1959 1667 2191 1729 creavit,
2228 1681 2404 1734 neque
2429 1679 2617 1719 creare
2655 1666 2885 1719 dicetur.
2910 1663 3087 1733 Atque
3116 1664 3192 1717 ita
3226 1678 3439 1718 rursum
3475 1668 3544 1717 ad

1962 1758 2100 1812 idem
2132 1756 2372 1811 revoluta
2392 1758 2590 1820 oratio.
2608 1767 2831 1825 cogetur
2848 1772 2979 1826 opus
2994 1766 3289 1824 suasponte
3321 1754 3527 1809 factum

270 1851 402 1902 Ἐὰν
430 1851 539 1919 γὰρ
560 1847 664 1900 κᾶν
684 1847 746 1900 τὸ
761 1847 805 1877 ⁸⁸
825 1844 1215 1916 ἀκαριαίτατον
1240 1841 1529 1913 ἀνδριάντα
1549 1843 1595 1873 ⁸⁷
1626 1843 1852 1912 κινήσας

1960 1850 2340 1917 fateri.Quodsi
2356 1851 2523 1915 enim,
2539 1851 2785 1919 quamvis
2802 1851 3144 1905 rudissimam
3168 1858 3401 1903 statuam
3421 1864 3538 1901 mo-

269 1945 299 1995 6
327 1940 661 2010 δημιουργὸς
682 1938 871 2009 λεχθῇ,
899 1939 1040 2008 ἀρχῇ
1067 1938 1445 1998 ὑποπεσείται,
1471 1934 1594 1988 καθ’
1616 1936 1683 2004 ἦν
1718 1935 1854 2004 πρό-

268 2049 432 2103 τερον
456 2030 583 2102 [497
606 2030 701 2101 1].}
734 2030 895 2083 αὐτὸν
916 2028 1158 2097 ἄκοσμον
1188 2027 1283 2081 καὶ
1309 2027 1568 2092 ἀκίνητον
1594 2026 1725 2079 ὄντα
1763 2026 1855 2096 ἥρ-

279 2128 413 2190 ξατο
446 2127 617 2178 κινεῖν
644 2124 736 2177 καὶ
754 2124 1004 2192 κοσμεῖν.
1035 2121 1246 2175 Οὔκουν
1295 2121 1390 2174 καὶ
1418 2115 1486 2191 ἦν
1550 2122 1645 2173 καὶ
1701 2119 1854 2171 ἔσται

272 2218 545 2289 διηνεκῶς
580 2218 607 2271 6
636 2217 797 2280 αὐτὸς
828 2216 916 2269 ἀεὶ
951 2216 1154 2285 κόσμος
1181 2231 1196 2245 ⁸
1231 2213 1593 2266 ἀπεικαστέον
1623 2213 1734 2282 γὰρ
1776 2210 1854 2282 τῷ

278 2316 383 2384 μὲν
417 2312 535 2382 Θεῷ
566 2310 658 2364 τὸν
691 2310 965 2380 τεχνίτην,
989 2309 1081 2362 τὸν
1113 2308 1168 2360 δὲ
1196 2307 1491 2377 ἀνδριάντα
1520 2305 1599 2376 τῷ
1641 2306 1852 2374 κόσμῳ.

273 2405 361 2474 Πῆ
391 2402 516 2472 δῆ⁶⁸
565 2398 678 2466 οὖν,
713 2393 758 2452 ὦ
784 2398 997 2468 ἠλίθιοι,
1053 2396 1231 2450 οἴεσθε
1269 2396 1367 2467 τὴν
1395 2396 1574 2449 κτίσιν
1615 2397 1855 2449 συναπέ-

276 2510 477 2564 ραντον
502 2488 667 2544 οὖσαν
692 2489 769 2559 τῷ
800 2486 1120 2558 δημιουργῷ
1151 2485 1226 2556 μὴ
1247 2483 1454 2538 δεῖσθαι
1474 2484 1566 2538 τοῦ
1592 2484 1855 2554 δημιουρ-

272 2584 414 2654 γοῦ;
440 2584 512 2636 Τὸ
542 2581 650 2652 γὰρ
721 2581 1125 2649 συναπέραντον
1176 2576 1441 2648 μηδαμῶς
1474 2575 1648 2646 ἀρχὴν
1696 2576 1853 2644 γενέ-

276 2694 419 2739 σεως
446 2674 590 2745 ἕχον,
627 2673 721 2726 καὶ
747 2672 1110 2740 συναγένητον
1142 2669 1237 2722 καὶ
1269 2667 1589 2737 ίσοδύναμον
1639 2667 1854 2745 ἀνάγκη

271 2740 587 2835 τυγχάνειν.
628 2764 700 2816 Τὸ
724 2763 781 2815 δὲ
809 2762 1097 2831 ἀγένητον,
1129 2758 1416 2821 αὐτοτελὲς
1457 2762 1551 2811 καὶ
1582 2740 1853 2828 ἄτρεπτον

276 2856 501 2927 φανθὲν,
542 2857 635 2907 καὶ
689 2852 987 2923 ἀπροσδεὲς
1012 2851 1107 2904 καὶ
1155 2848 1391 2920 ἄφθορον
1431 2848 1591 2915 ἔσται
1626 2850 1691 2902 ⁸⁸.
1743 2848 1856 2902 Καὶ

275 2952 325 3001 εί
351 2946 513 3000 τοῦτο
541 2944 713 3008 οὕτως
733 2944 866 3014 ἔχει,
890 2942 1074 2996 οὐκέτι
1104 2943 1133 2995 6
1186 2941 1393 3011 κόσμος
1441 2938 1677 3008 τρεπτὸς
1730 2938 1854 2992 καθ’

276 3041 446 3111 ὑμᾶς.

349 3218 479 3273 ’Ὁτι
515 3214 812 3287 Ἐκκλησία
842 3214 992 3287 παρά
1014 3213 1073 3268 τὸ
1113 3213 1554 3268 ἐκκεκλικέναι⁷⁰
1590 3213 1689 3278 τὰς
1721 3210 1850 3284 ἡδο-

280 3311 379 3374 νὰς
407 3308 662 3378 λέγεσθαί
702 3326 887 3379 φησιν.

351 3404 474 3457 Ὅτι
504 3403 667 3471 φησὶν
715 3402 744 3453 6
799 3402 977 3468 ἆγιος,
1018 3399 1123 3453 Δύο
1166 3399 1223 3452 δὲ
1248 3400 1292 3431 ⁷⁸
1328 3399 1585 3469 δυνάμεις
1639 3402 1696 3452 ὲν
1742 3403 1855 3463 τοῖς

281 3491 834 3563 προωμολογημένοις
882 3488 1091 3556 ἔφαμεν
1152 3484 1292 3540 εἶναι
1333 3486 1709 3557 ποιητικάς⁷¹,
1756 3486 1855 3556 τὴν

279 3586 341 3650 ἐξ
375 3584 475 3637 οὐκ
491 3583 657 3635 ὅντων
676 3580 865 3651 γυμνῷ
877 3580 952 3650 τῷ
975 3579 1273 3648 βουλήματι
1297 3580 1466 3649 χωρὶς
1482 3577 1795 3648 μελλησμοῦ
1809 3578 1854 3609 τι

280 3678 400 3747 ἅμα
426 3675 504 3744 τῷ
535 3674 758 3743 θελῆσαι
818 3670 1223 3739 αὑτουργοῦσαν
1249 3670 1277 3723 ὃ
1328 3670 1573 3740 βούλεται
1630 3672 1803 3725 ποιεῖν
1837 3686 1851 3702 ’

278 3768 542 3837 τυγχάνει
567 3765 624 3817 δὲ
651 3766 679 3817 6
719 3765 913 3835 Πατήρ
940 3781 955 3795 ο
1003 3764 1238 3835 θατέραν
1288 3763 1346 3816 δὲ
1398 3764 1854 3834 κατακοσμοῦσαν

278 3862 375 3914 καὶ
404 3858 790 3912 ποικίλλουσαν
845 3858 985 3911 κατὰ
1032 3857 1267 3927 μίμησιν
1317 3857 1417 3927 τῆς
1465 3857 1735 3927 προτέρας
1785 3858 1857 3910 τά

276 3953 380 4023 ῆδη
398 3952 664 4019 γεγονότα
698 3967 713 3981 ·
753 3948 869 4001 ἐστι
901 3948 958 4000 δὲ
982 3947 1008 3998 6
1040 3946 1188 4010 Υἱὸς,
1224 3949 1256 4016 ἡ
1292 3945 1701 4015 παντοδύναμος
1760 3944 1855 3999 καὶ

278 4041 523 4113 κραταιὰ
555 4041 676 4111 χεὶρ
703 4038 795 4092 τοῦ
834 4039 1066 4107 Πατρὸς,
1092 4040 1150 4091 ὲν
1260 4039 1396 4109 μετά
1427 4037 1488 4090 τὸ
1510 4038 1730 4109 ποιῆσαι
1755 4037 1854 4108 τὴν

278 4137 417 4205 ὕλην
444 4134 503 4200 ἐξ
539 4135 640 4187 οὑκ
665 4134 835 4186 ὄντων
866 4131 1230 4200 κατακοσμεῖ.

349 4230 476 4281 ’Ότι
499 4225 560 4279 τό
595 4224 715 4279 ’1ὼὸ
733 4223 933 4295 βιϐλίον
953 4221 1199 4283 Μωσέως
1225 4216 1365 4273 εἶναι
1408 4224 1435 4274 ὁ
1480 4220 1633 4288 ἆγιὸς
1666 4240 1850 4291 φησιν.

347 4320 477 4393 [940
515 4316 610 4392 8,]
654 4319 925 4388 Ὂτιπερὶ
950 4314 1065 4380 τοῦ,
1108 4316 1211 4370 Ἐν
1239 4313 1393 4385 ἀρχῂ
1428 4316 1718 4380 ἐποίησεν
1750 4317 1855 4371 τὸν

273 4414 542 4484 οὐρανὸν
572 4413 671 4466 καὶ
695 4411 810 4480 τὴν
832 4410 970 4481 γῆν,
1000 4410 1185 4481 φησίν,
1207 4410 1405 4479 Ἀρχὴν
1425 4408 1480 4460 δὲ
1502 4407 1671 4479 αὐτὴν
1691 4410 1790 4480 τὴν
1806 4410 1852 4442 ⁷⁸

1959 1942 2085 1999 litus
2108 1944 2179 1997 sit
2201 1943 2395 1997 artifex
2420 1983 2435 2009 ,
2456 1942 2546 1996 illa
2578 1952 2754 1996 tamen
2787 1940 3199 2013 [generationis]
3224 1940 3544 2011 principium

1957 2033 2200 2096 habebit,
2234 2049 2343 2103 quo
2372 2034 2663 2089 informem
2699 2043 2755 2088 et
2789 2035 2976 2088 rudem
3004 2032 3204 2086 artifex
3240 2033 3404 2101 cmpit
3436 2041 3547 2084 tra-

1956 2136 2109 2181 ctare
2138 2135 2192 2182 et
2230 2125 2490 2194 expolire.
2533 2126 2674 2195 Ergo
2711 2141 2814 2181 nec
2850 2134 2968 2180 erat
3016 2139 3115 2179 nec
3150 2125 3256 2179 erit
3289 2133 3547 2193 perpetuo

1958 2222 2099 2275 idem
2122 2234 2339 2288 semper
2360 2219 2590 2273 mundus
2621 2216 3042 2285 (comparandus
3072 2225 3151 2271 est
3178 2216 3324 2269 enim
3351 2215 3545 2269 artifex
3640 2200 3651 2211 ’

1957 2310 2093 2376 Deo,
2119 2320 2174 2364 et
2219 2319 2398 2364 statua
2432 2310 2675 2379 mundo).
2726 2310 3008 2374 Quomodo
3053 2323 3203 2377 ergo,
3228 2322 3260 2362 ο
3286 2307 3544 2375 stupidis~

1956 2403 2114 2467 siuti,
2163 2402 2492 2457 existimatis
2550 2410 2857 2454 creaturam
2913 2400 3171 2454 Creatori
3222 2410 3546 2453 coaeternam

1958 2493 2265 2567 [adeoque]
2310 2494 2569 2549 Creatore
2623 2492 2803 2564 [non]
2871 2492 3156 2562 indigere?
3206 2493 3545 2548 Coaeternum

1956 2585 2121 2649 enim,
2152 2599 2277 2637 cum
2316 2582 2520 2636 nullum
2566 2584 2935 2651 generationis
2976 2583 3301 2652 principium
3350 2584 3548 2638 admit-

1956 2689 2054 2745 tat,
2091 2693 2313 2734 necesse
2346 2685 2429 2733 est
2467 2688 2520 2731 nt
2557 2678 2628 2731 sit
2670 2678 2833 2730 etiam
2877 2677 3177 2745 ingenitum
3216 2687 3272 2730 et
3303 2676 3544 2745 ejusdem

1956 2773 2233 2842 pmentiaa.
2278 2770 2434 2837 Quod
2467 2779 2648 2823 autem
2701 2769 2996 2836 ingenitum
3032 2778 3134 2829 est,
3168 2768 3217 2821 id
3249 2767 3540 2821 manifeste

1956 2863 2116 2917 etiam
2149 2878 2243 2930 per
2287 2876 2346 2917 se
2372 2860 2670 2931 perfectum
2701 2858 2896 2930 θοάα
2933 2868 2990 2913 et
3041 2858 3397 2921 immutabile,
3427 2857 3547 2911 ttul-

1956 2955 2170 3023 liusqne
2198 2969 2363 3022 egens
2394 2962 2448 3007 et
2482 2952 2898 3019 incorruptibile
2926 2952 3053 3005 erit.
3089 2949 3153 3002 Et
3185 2950 3234 3002 si
3262 2949 3337 3002 ita
3367 2963 3427 3003 se
3458 2963 3546 3002 res

1956 3047 2140 3111 habet,
2164 3060 2233 3101 ex
2259 3057 2441 3100 vestra
2469 3044 2739 3100 sententia
2770 3043 3005 3098 mundus
3032 3042 3142 3097 erit
3168 3041 3544 3096 immutabilis.

2043 3220 2343 3276 Ecclesiam
2378 3221 2447 3277 ab
2473 3222 2765 3276 evocandis
2793 3220 3161 3291 voluptatibus
3193 3219 3321 3290 (hoc
3350 3228 3434 3274 est
3451 3235 3546 3273 ex-

1959 3311 2277 3381 Slirpattdis)
2315 3312 2512 3364 dictam
2540 3312 2637 3364 ait.

1952 3464 1957 3471 ν
2028 3402 2201 3456 Porro
2247 3412 2469 3455 sanctus
2517 3401 2688 3455 dicit:
2732 3399 2874 3453 Duas
2904 3400 2957 3453 in
2990 3414 3153 3468 supra
3194 3386 3354 3450 dictis
3397 3395 3544 3449 afﬁr-

1960 3493 2237 3543 tnabamus
2266 3506 2383 3544 esse
2408 3490 2710 3544 elfectrices
2747 3488 3032 3543 facultates
3067 3508 3081 3543 ;
3120 3502 3279 3540 unam
3326 3501 3447 3555 qua:
3476 3502 3544 3539 ex

1970 3584 2138 3635 rebus
2163 3598 2270 3635 non
2294 3581 2680 3635 exsistentibns
2705 3580 2817 3634 sola
2842 3579 3138 3644 voluntate,
3167 3580 3283 3654 sine
3313 3577 3545 3645 partium

1958 3675 2308 3728 distinctione
2340 3674 2501 3728 simul
2555 3685 2717 3743 atque
2751 3673 2864 3726 vult
2888 3714 2903 3738 ,
2945 3672 3200 3741 quidquid
3227 3671 3337 3723 vult
3364 3668 3545 3735 ellicit;

1956 3777 2039 3821 est
2072 3777 2250 3821 autem
2288 3768 2373 3821 hic
2422 3767 2619 3821 Pater:
2651 3768 2899 3829 alteram,
2934 3781 3053 3835 quae
3083 3764 3312 3835 perlicit,
3342 3764 3546 3817 variat-

1956 3876 2060 3929 que
2087 3871 2141 3914 et
2165 3870 2427 3924 exornat,
2476 3862 2772 3914 secundum
2821 3859 3019 3928 prioris
3060 3859 3314 3925 potentia:
3346 3858 3543 3916 idenm,

1957 3953 2098 4021 quod
2124 3952 2232 4019 jatn
2274 3964 2399 4006 ante
2429 3952 2631 4006 factum
2672 3962 2757 4005 est
2782 3990 2796 4014 ,
2828 3961 2882 4005 et
2925 3952 3012 4004 hic
3036 3962 3119 4003 est
3149 3950 3337 4013 Filius,
3367 3949 3547 4001 omni-

1957 4056 2147 4113 potens
2168 4060 2360 4112 nempe
2384 4053 2437 4097 et
2464 4045 2663 4098 invicta
2690 4058 2883 4097 manus
2916 4041 3115 4105 Patris,
3136 4057 3239 4110 qua
3267 4041 3546 4093 materiam

1955 4151 2020 4189 ex
2052 4134 2217 4189 nihilo
2245 4135 2392 4202 prius
2420 4145 2678 4197 creatam,
2704 4140 2886 4201 postea
2922 4130 3140 4200 perlicit
3180 4144 3273 4183 seu
3301 4137 3547 4183 exornat.

2025 4227 2269 4282 Allirmat
2294 4228 2453 4281 etiam
2487 4235 2735 4281 sanctum
2763 4225 2960 4279 librum
2990 4221 3094 4277 Job
3120 4237 3243 4277 esse
3282 4220 3470 4275 Mosis.

2029 4322 2195 4376 Docet
2230 4329 2488 4385 prmterea
2528 4332 2689 4387 super
2736 4317 2841 4371 illis
2892 4316 3072 4369 verbis
3115 4317 3227 4369 :In
3283 4313 3551 4382 principio

1956 4415 2145 4468 creavit
2180 4411 2320 4465 Deus
2363 4410 2547 4464 cretum
2574 4422 2619 4464 et
2658 4420 2851 4463 terram
2875 4410 2923 4473 5;
2961 4424 3082 4462 eum
3115 4408 3204 4475 qui
3228 4406 3550 4476 principium

275 4509 472 4577 σοφίαν
503 4508 679 4575 λέγων
699 4524 782 4569 τις
798 4506 897 4557 οὐκ
926 4505 991 4561 ἂν
1020 4504 1275 4575 ἁμάρτοι.
1301 4505 1529 4572 Λέγεται
1564 4507 1672 4575 γὰρ
1701 4506 1851 4576 παρά

1958 4507 2126 4575 ipsam
2168 4504 2370 4558 dixerit
2406 4520 2526 4558 esse
2569 4502 2945 4572 sapientiam,
2996 4516 3104 4556 non
3149 4501 3549 4554 aberraturum.

270 4616 382 4652 τινι
412 4598 521 4652 τῶν
551 4600 615 4651 ὲκ
640 4598 733 4650 τοῦ
762 4597 907 4649 θείου
940 4595 1100 4667 χοροῦ
1123 4594 1356 4663 λέγουσα
1389 4598 1518 4665 περὶ
1559 4596 1725 4665 αὐτῆς
1758 4592 1851 4649 τὸν

270 4692 477 4761 τρόπον
499 4690 707 4754 τοῦτον,
741 4689 1013 4756 Κύριοςτδ
1068 4686 1273 4740 ἔκτισέ
1318 4704 1395 4755 με
1444 4686 1644 4755 ἀρχὴν
1693 4686 1853 4739 ὁδῶν

272 4779 487 4841 αὐτοῦ,
511 4782 596 4844 εὶς
609 4779 751 4848 ἔργα
774 4777 962 4831 αὐτοῦ
986 4778 1101 4843 πρὸ
1130 4777 1236 4830 τοῦ
1259 4775 1474 4842 αἰῶνος
1494 4777 1850 4846 ἐθεμελίωσέ

268 4885 369 4939 με.
394 4864 503 4921 Ἦν
524 4869 633 4937 γὰρ
657 4868 951 4920 ἀκόλουθον
972 4867 1068 4920 καὶ
1095 4866 1543 4935 πρεπωδέστερον
1594 4867 1773 4920 πάντα
1815 4867 1851 4922 ἀ

272 4963 357 5022 είς
376 4960 590 5027 γένεσιν
616 4955 780 5030 ἦλθον
809 4954 948 5010 εἶναι
978 4957 1183 5027 ταύτης
1204 4958 1464 5026 νεώτερα,
1495 4959 1618 5011 ἐπεὶ
1655 4959 1750 5011 καὶ
1783 4960 1849 5011 δι’

274 5052 451 5118 αὐτῆς
477 5051 785 5119 γεγόνασιν.
820 5050 1144 5118 Ἐπίστησον
1168 5050 1294 5119 γάρ,
1326 5050 1375 5101 εί
1407 5049 1479 5121 μὴ
1508 5050 1604 5102 καὶ
1629 5050 1711 5111 τδ,
1748 5052 1851 5104 Ἐν

272 5140 435 5209 ἀρχῇ
475 5137 557 5209 ἦν
603 5143 635 5195 ὁ
669 5142 883 5210 Λόγος,
939 5138 1036 5192 καὶ
1091 5142 1123 5191 ὀ
1171 5142 1362 5206 Λόγος
1415 5135 1496 5206 ἦν
1537 5139 1687 5207 πρὸς
1742 5141 1850 5194 τὸν

277 5235 449 5295 Θεὸν,
474 5234 615 5286 κατά
646 5235 737 5287 τὸν
769 5230 1181 5302 εὐαγγελιστὴν,
1215 5230 1313 5284 καὶ
1367 5232 1512 5296 Θεὸς
1542 5228 1621 5299 ἦν
1669 5234 1702 5285 ό
1739 5232 1849 5285 Λό-

274 5320 612 5393 τος-οὖτος
640 5321 719 5395 ἦν
771 5324 842 5377 ἐν
883 5321 1044 5392 ἀρχῇ
1100 5321 1252 5391 πρὸς
1284 5322 1391 5374 τὸν
1437 5323 1605 5388 Θεὸν,
1662 5324 1711 5375 εί
1771 5324 1846 5394 μὴ

352 5458 379 5499 ⁸
405 5456 539 5513 Gen.
570 5475 610 5524 ι,
637 5458 692 5512 1.
766 5459 796 5499 h
828 5457 985 5512 Prov.
1033 5474 1161 5522 vnt,
1184 5456 1275 5511 2‘2.
1358 5460 1373 5497 ί
1404 5456 1559 5513 Joan.
1609 5474 1661 5521 ι,
1688 5460 1742 5524 1,
1777 5459 1832 5513 ‘2.

1954 4598 2161 4651 Dicitur
2186 4597 2330 4649 enim
2373 4597 2511 4664 apud
2547 4593 2836 4660 quemdam
2871 4608 2902 4648 e
2954 4608 3101 4648 coazu
3140 4606 3297 4646 sacro
3320 4590 3553 4656 scripto-

1952 4706 2069 4744 rum
2102 4689 2183 4745 sic
2218 4692 2283 4743 de
2308 4689 2484 4757 seipsa
2526 4686 2672 4755 loqui
2704 4699 2723 4741 :
2774 4680 3034 4740 Dominus
3062 4684 3302 4738 condidit
3334 4700 3414 4736 me
3448 4683 3551 4735 ini-

1951 4784 2082 4836 tium
2103 4783 2308 4835 viarum
2352 4795 2570 4833 suarum
2624 4779 2693 4833 ad
2756 4794 2913 4847 opera
2961 4794 3092 4839 sua,
3143 4786 3263 4829 ante
3301 4776 3553 4829 arculum

1952 4872 2193 4943 [undavit
2233 4889 2313 4925 me
2343 4872 2393 4929 ιι.
2432 4872 2564 4925 Erat
2617 4869 2761 4924 enim
2816 4883 3159 4939 consequens
3192 4876 3248 4921 et
3274 4868 3554 4922 decentius

1955 4966 2135 5020 omnia
2179 4980 2297 5035 qua:
2338 4973 2517 5018 creata
2542 4972 2707 5025 sunt.
2751 4976 2877 5017 esse
2927 4962 3028 5015 hac
3074 4960 3399 5029 posteriora,
3428 4976 3553 5014 cum

1953 5074 2049 5127 per
2080 5072 2198 5112 eam
2234 5056 2373 5110 facta
2402 5056 2531 5109 sint.
2559 5054 2878 5117 Considera,
2909 5066 3089 5106 annon
3153 5061 3207 5105 et
3256 5052 3357 5105 hoc
3387 5066 3554 5104 evan-

1955 5149 2182 5218 gelista,
2261 5147 2328 5201 In
2359 5148 2620 5216 principio
2646 5156 2758 5200 erat
2797 5144 3046 5209 Verbum,
3087 5154 3138 5199 et
3174 5141 3397 5198 Verbum
3436 5153 3551 5197 erat

1954 5239 2095 5305 apud
2138 5238 2340 5301 Deum,
2391 5238 2504 5290 haec
2547 5234 2951 5305 consequatur?
2992 5232 3060 5288 Et
3094 5232 3234 5287 Deus
3266 5244 3377 5287 erat
3425 5231 3551 5285 Ver-

1957 5334 2076 5383 bum
2103 5348 2121 5385 :
2143 5331 2240 5384 hoc
2260 5340 2371 5384 erat
2403 5331 2459 5383 in
2480 5330 2738 5399 principio
2764 5330 2904 5397 apud
2938 5327 3107 5381 Deum
3140 5326 3185 5382 ι.
3211 5326 3545 5395 Principium

802 5634 807 5645 λ
1547 5572 1788 5626 νΑιιιΑε
1826 5570 2232 5626 LECTIONES~

353 5667 400 5721 σθ
420 5668 514 5739 τῆς
548 5682 657 5739 om.
692 5668 761 5721 A.
788 5737 800 5739 _
834 5669 879 5701 ⁸⁵
904 5662 1227 5739 dicimAB.
1256 5668 1301 5698 ⁸⁸
1334 5668 1417 5738 τό]
1449 5668 1541 5721 τόν
1574 5666 1683 5725 AB.
1730 5666 1775 5698 ⁶⁷
1801 5667 1852 5739 ἀι

1958 5663 2115 5736 άντα]
2149 5667 2331 5720 malim
2362 5663 2455 5739 τὸν
2482 5663 2801 5739 ἀνδριάντα,
2819 5673 2878 5739 et
2908 5677 3032 5717 mox
3068 5661 3307 5739 κινῆσαι.

279 5737 337 5791 δέ
366 5736 482 5791 AB.
551 5740 595 5769 “
626 5737 802 5809 ἔσται]
834 5738 897 5793 ἄν
934 5737 1043 5809 AB,
1078 5738 1146 5790 ἂν
1205 5736 1355 5809 ἔσται
1393 5736 1452 5802 εξ.

1574 5666 1683 5725 AB.
1730 5666 1775 5698 ⁶⁷
1801 5667 1852 5720 ἀι

1550 5738 1596 5769 ⁷⁰
1634 5737 1852 5790 ἐκκεκλι

1958 5663 2115 5736 άντα]
2149 5667 2331 5720 malim
2362 5663 2455 5718 τὸν
2482 5663 2799 5735 ἀνδριάντα,
2819 5673 2878 5716 et
2908 5677 3032 5717 mox
3068 5661 3307 5729 κινῆσαι.
3384 5657 3538 5785 "53!

1956 5755 2020 5789 ιαι
2059 5739 2185 5806 AB:
2220 5736 2612 5806 ἐκκεκληκέναι
2650 5751 2710 5806 ς.
2747 5735 2802 5806 *7³
2832 5734 2889 5786 δὲ
2954 5742 3217 5806 exptulgtt
3240 5735 3305 5799 A,
3336 5747 3444 5786 om.

281 5810 330 5841 "
372 5810 661 5880 ποιητικῆς
684 5803 802 5865 AB:
873 5809 922 5841 ⁷⁸
942 5807 1255 5880 μελλησμοῦ
1289 5808 1416 5863 AB:
1456 5807 1718 5880 μελισμοῦ
1747 5825 1808 5871 ς.

1965 5805 2087 5877 τὴν]
2116 5806 2209 5860 καί
2233 5806 2343 5862 AB.
2376 5803 2453 5881 ’7‘
2486 5803 2709 5877 Κύριος]
2746 5803 2901 5859 l’rov.
2932 5818 3041 5868 vm,
3084 5803 3172 5855 ρι’.
