4066 6458
554 418 691 484 ιιιτ

1723 422 1977 482 ΡΗΟΤΙΙ
2021 418 2524 481 PATRIARCH/E
2553 419 2664 478 ΟΡ.

3659 405 3782 470 1148

549 533 716 595 enim,
748 545 775 583 a
808 546 915 599 quo
940 531 1266 600 germinavit
1291 532 1633 611 verissimum
1664 531 1921 598 Verbum,
1954 534 2126 588 faten-

2243 533 2446 595 τούτοις
2467 531 2781 602 ὁμαρτείτθ.
2819 529 2930 599 Τὴν
2959 532 3058 598 μὲν
3101 526 3211 596 γάρ
3247 522 3451 595 ἀρχὴν,
3480 519 3577 588 ἀφ’
3605 516 3669 593 ἧς
3698 520 3784 573 ἁν-

547 622 675 673 dmn
720 630 802 672 est
846 636 967 674 esse
1003 620 1216 674 Patrem
1246 623 1581 676 conditorem
1627 622 2003 676 universorum
2030 639 2045 676 :
2072 622 2123 675 in

549 726 657 781 quo
692 720 809 765 erat
841 710 1145 783 [Verbum].
1188 711 1321 765 Illud
1360 723 1538 766 autem
1567 755 1581 778 ,
1620 710 1733 766 Hoc
1760 725 1873 765 erat
1904 714 1959 765 in
1983 715 2126 781 prin-

549 805 686 869 cipio
722 808 860 871 apud
900 804 1090 867 Deum,
1141 805 1435 872 potentiam
1480 805 1678 869 Verbi,
1731 821 1892 875 quam
1941 805 2127 859 habuit

551 897 690 963 apud
730 895 967 961 Patrem,
1014 908 1307 967 antequam
1358 901 1588 950 mundus
1638 908 1953 960 crearetur,
1997 898 2128 951 insi-

554 1002 721 1039 nuare
761 988 989 1050 videtur,
1032 1003 1155 1042 cum
1196 989 1488 1058 potentiam
1520 990 1839 1059 principium
1876 989 2124 1058 appellat.

550 1078 696 1147 Ergo
742 1088 861 1148 post
904 1079 1180 1147 proprium
1210 1091 1580 1148 aeternumque
1629 1079 1951 1149 principium
1986 1080 2129 1146 quod

554 1171 715 1225 Pater
743 1182 850 1235 est,
895 1168 1129 1225 Verbum
1170 1186 1383 1241 quoque
1423 1180 1507 1225 est
1529 1171 1759 1225 aliorum
1806 1170 2128 1241 principium

554 1279 651 1332 per
678 1266 821 1331 quod
852 1263 1031 1317 omnia
1064 1273 1340 1317 creantur.

622 1356 884 1423 Origenes
901 1364 1183 1423 postquam
1205 1354 1371 1407 multa
1398 1354 1669 1409 fabulatus
1689 1366 1774 1409 est
1798 1353 1865 1408 de
1890 1354 2129 1409 universi

551 1445 878 1511 aeternitate,
908 1448 1071 1499 etiam
1105 1447 1207 1500 hoc
1236 1444 1399 1500 infert
1425 1464 1437 1500 :
1475 1446 1658 1514 Neque
1686 1460 1815 1514 ergo
1845 1445 1913 1499 ab
1937 1446 2129 1509 Adam,

553 1547 615 1590 nt
653 1539 865 1606 quidam
907 1537 1215 1600 affirmant,
1262 1554 1382 1592 cum
1433 1540 1584 1609 prius
1617 1555 1721 1593 non
1760 1545 1906 1593 esset
1947 1538 2130 1603 homo,

558 1639 686 1682 tunc
717 1630 961 1683 omnium
996 1631 1204 1699 primus
1248 1628 1513 1684 formatus
1554 1631 1605 1683 in
1666 1630 1922 1683 mtmdum
1961 1631 2129 1683 venit.

554 1719 740 1788 Neque
766 1723 998 1776 mundus
1043 1737 1284 1784 rursum,
1308 1733 1432 1776 ante
1450 1737 1545 1776 sex
1564 1724 1698 1787 dies,
1720 1737 1882 1792 quam
1914 1737 2134 1777 creare-

556 1824 644 1864 tur
684 1814 890 1877 Adam,
937 1814 1104 1882 capit
1147 1814 1287 1869 ﬁeri.
1331 1815 1483 1879 Quod
1536 1814 1580 1868 si
1623 1815 1747 1883 quis
1796 1816 1913 1868 haec
1954 1814 2136 1883 cupiat

554 1904 843 1973 dispicere,
864 1906 1015 1973 prius
1043 1907 1359 1975 perpendat,
1405 1921 1585 1960 annon
1612 1907 1907 1961 secundum
1931 1906 2133 1977 3040
2168 1884 2209 1940 Β

556 1995 738 2051 Mosen
786 1997 859 2052 sit
904 1997 1082 2052 facilis
1122 2009 1411 2053 nnmeratu
1452 2014 1592 2053 unus
1638 1999 1789 2064 dies,
1840 2000 1906 2053 iis
1933 2000 2026 2067 qui
2063 2000 2137 2052 ita

559 2089 739 2145 Mosen
772 2095 1087 2161 exponunt?
1117 2092 1431 2162 prophetica
1473 2107 1607 2147 voce
1643 2093 1730 2147 bic
1758 2094 1922 2147 etiam
1958 2092 2135 2147 accla-

559 2193 742 2236 mante
767 2200 781 2237 :
812 2184 855 2235 A
876 2185 1070 2237 swculo
1095 2194 1144 2238 et
1172 2200 1333 2254 usque
1354 2185 1409 2237 in
1436 2185 1688 2239 saeculum
1716 2195 1770 2237 tu
1792 2202 1865 2250 es,
1890 2185 2138 2253 quoniam

558 2274 706 2329 mille
734 2278 862 2329 anni
908 2286 1030 2331 ante
1075 2278 1253 2331 oculos
1286 2286 1422 2341 tuos,
1463 2287 1713 2348 tanquam
1755 2278 1866 2331 dies
1897 2278 2140 2331 hesterna

555 2383 676 2434 qua:
707 2369 979 2438 praeteriit,
1008 2376 1059 2422 et
1088 2370 1327 2422 custodia
1361 2370 1416 2423 in
1441 2379 1590 2422 nocte
1614 2380 1627 2418 l
1648 2410 1661 2423 .
1714 2369 1857 2424 Mille
1885 2371 2043 2423 annis
2086 2370 2139 2422 in

561 2473 726 2510 unum
800 2458 943 2512 diem
998 2460 1288 2524 conclusis,
1345 2461 1398 2514 in
1452 2460 1623 2515 oculis
1677 2462 1791 2526 Dei,
1844 2478 1871 2513 a
1925 2461 2141 2515 condito

562 2552 763 2604 mundo
790 2568 960 2621 usque
992 2554 1057 2606 ad
1080 2537 1333 2621 requiem
1367 2561 1605 2607 nostram
1643 2553 1779 2623 (86),
1806 2555 1995 2615 optimi
2029 2553 2141 2607 cal-

559 2644 777 2698 culandi
845 2645 1088 2715 magistri
1147 2644 1416 2699 afﬁrmant
1472 2662 1565 2700 sex
1616 2647 1733 2700 dies
1790 2646 2137 2715 praeteriisse.

560 2736 776 2787 Annum
811 2749 940 2789 vero
978 2736 1155 2790 sexies
1190 2737 1560 2801 millesimum,
1595 2740 1663 2791 ab
1698 2737 1906 2790 Adamo
1935 2738 2001 2790 ad
2042 2752 2142 2792 nos

563 2840 735 2895 usque
757 2825 907 2880 aiunt
932 2829 1171 2883 extendi.
1205 2829 1347 2899 Ergo
1374 2847 1404 2882 a
1436 2831 1591 2884 nobis
1618 2845 1790 2899 usque
1826 2832 1891 2883 ad
1938 2831 2144 2899 princi-

562 2918 710 2984 pium
743 2918 797 2973 in
819 2934 925 2989 quo
949 2919 1090 2976 Deus
1110 2924 1317 2975 creavit
1340 2922 1537 2976 C(Bltltlt
1563 2933 1619 2976 et
1652 2932 1849 2975 terram
1877 2921 2139 2976 tredecim

562 3012 680 3066 dies
715 3012 1072 3068 numerantur
1098 3013 1243 3085 (nam
1278 3016 1329 3069 in
1356 3016 1584 3083 septimo
1614 3016 1799 3067 mundi
1838 3014 2144 3069 tnillenario

556 3102 824 3170 judicium
854 3104 1010 3159 aiunt
1039 3104 1325 3173 futurum),
1360 3108 1556 3175 quibus
1589 3106 1730 3160 Deus
1758 3107 2053 3176 antiquior,
2104 3115 2146 3161 It

2227 622 2557 692 εὸλάστησεν
2587 624 2614 673 ό
2642 622 2931 687 ὀρθότατος
2951 619 3141 686 Λόγος,
3157 617 3250 670 τὸν
3279 616 3502 686 Πατέρα
3526 614 3622 665 καὶ
3652 631 3790 680 mmo

2226 714 2325 785 τὴν
2345 714 2453 767 τῶν
2481 714 2619 766 ὅλων
2651 713 2929 781 φατέοντν,
2980 714 3039 765 ὲν
3068 704 3114 778 ᾧ
3160 706 3229 779 ἦν
3254 724 3267 737 ·
3326 708 3385 760 τδ
3404 708 3452 739 ’⁸
3489 705 3572 768 δὲ,
3614 701 3791 766 Οὗτος

2227 805 2393 876 ἦνὲν
2425 805 2585 875 ἀρχῇ
2613 806 2763 875 πρὸς
2817 804 2922 858 τὸν
2952 802 3121 864 Θεὸν.
3175 802 3237 854 τὸ
3274 797 3682 864 ἑξουσιαστικδν
3708 796 3790 849 τοῦ

2229 899 2428 965 Λόγου,
2464 896 2492 949 ὃ
2519 892 2631 966 εἶχε
2668 895 2819 966 παρὰ
2846 894 2924 963 τῷ
2953 894 3126 964 Πατρὶ
3179 891 3272 944 καὶ
3303 888 3408 959 πρὸ
3439 885 3537 939 τοῦ
3592 886 3681 939 τὸν
3710 886 3778 937 κό-

2232 1005 2367 1057 σμον
2396 990 2476 1051 είς
2506 988 2719 1055 γένεσιν
2774 985 3091 1056 παρελθεῖν,
3150 984 3294 1037 ἔοικε
3347 979 3662 1051 σημαίνειν,
3705 977 3792 1049 τὴν

2232 1080 2481 1145 ἐξουσίαν
2519 1079 2693 1150 ἀρχὴν
2717 1075 2906 1131 εἰπών.
2939 1074 3149 1129 Οὐκοῦν
3179 1073 3344 1145 ἀρχὴ,
3378 1068 3522 1141 μετὰ
3551 1068 3650 1138 τὴν
3674 1066 3794 1120 ἰδίαν

2230 1176 2465 1247 ἄναρχον
2495 1175 2669 1245 ἀρχὴν
2698 1174 2786 1227 τὸν
2813 1172 3046 1241 Πατέρα,
3093 1168 3252 1232 αὐτὸς
3285 1167 3393 1220 τῶν
3436 1164 3621 1218 ἄλλων
3660 1162 3793 1231 γίνε-

2232 1285 2344 1333 ται,
2368 1268 2437 1322 δι’
2473 1262 2539 1338 ἧς
2567 1268 2783 1321 ἅπαντα
2798 1264 3234 1335 δημιουργεῖται.

2304 1359 2427 1413 Ὀτι
2473 1358 2756 1427 Ὦριγένης
2791 1355 2929 1425 μετὰ
2970 1354 3031 1406 τὸ
3071 1350 3243 1405 πολλὰ
3278 1347 3630 1419 μυθήσασθαι
3679 1343 3795 1415 περὶ

2231 1455 2331 1523 τῆς
2355 1449 2449 1503 τοῦ
2489 1449 2691 1512 παντὸς
2712 1448 3014 1516 άῖδιότητος
3051 1444 3250 1512 ἐπάγει
3282 1443 3374 1496 καὶ
3432 1438 3618 1492 τοῦτο’
3674 1436 3796 1489 Οὔτε

2233 1540 2327 1597 οὖν
2360 1542 2467 1595 ἀπὸ
2502 1541 2693 1609 Ἀδάμ,
2741 1539 2816 1602 ὥς
2842 1538 2975 1605 φασί
3008 1553 3175 1600 τινες,
3230 1534 3500 1603 πρότερον
3557 1529 3655 1582 οὐκ
3683 1528 3797 1580 ῶνό

2234 1634 2520 1704 ἄνθρωπος
2548 1632 2668 1685 τότε
2699 1628 2929 1700 πρώτως
2954 1629 3001 1660 ⁷⁵
3036 1624 3301 1688 πλασθεὶς
3326 1624 3407 1686 είς
3437 1622 3649 1691 κόσμον
3674 1636 3794 1688 παρα

2234 1725 2418 1795 ἦλθεν,
2455 1723 2579 1777 οὔτε
2629 1721 2700 1776 αὖ
2732 1721 2936 1789 κόσμος
2982 1720 3090 1790 πρὸ
3152 1717 3210 1785 ἓξ
3271 1714 3503 1787 ἡμερῶν
3566 1712 3667 1780 τῆς
3715 1708 3796 1763 τοῦ

2250 1817 2421 1887 Ἀδάμ
2458 1815 2724 1884 γενέσεως
2755 1813 2958 1883 ἤρξατο
2982 1813 3043 1882 δη
3054 1808 3461 1881 μιουργεῖσθαι.
3500 1807 3564 1859 El
3592 1806 3648 1857 δὲ
3668 1802 3799 1871 φιλο-

2238 1913 2487 1982 φρονοῖτο
2540 1908 2893 1979 διαφέρεσθαι
2961 1906 3098 1976 πρὸς
3157 1903 3333 1956 ταῦτά
3385 1918 3496 1965 τις,
3558 1898 3799 1969 πρότερον

2238 2002 2502 2072 φρασάτω
2530 2001 2687 2071 εἰμὴ
2730 1998 3099 2067 εὐαρίθμητος
3150 1996 3261 2049 ἀπὸ
3292 1994 3395 2063 τῆς
3452 1992 3552 2045 τοῦ
3611 1990 3798 2057 κόσμου

2237 2096 2503 2162 γενέσεως
2534 2092 2675 2145 κατὰ
2706 2090 2805 2161 τὴν
2828 2088 3073 2151 Μωσέως
3106 2086 3287 2157 βίϐλον
3344 2086 3462 2146 τοῖς
3501 2081 3675 2142 οὕτως
3716 2079 3801 2131 αὑ-

2237 2187 2336 2257 τὴν
2375 2184 2876 2256 ἐκλαμϐανομένοις
2905 2184 2934 2234 ὁ
2962 2182 3153 2251 χρόνος
3183 2180 3337 2233 ἔσται
3365 2177 3438 2241 ⁸⁸,
3463 2175 3564 2245 τῆς
3612 2188 3801 2241 προφη-

2238 2278 2397 2346 τικῆς
2426 2277 2519 2330 καὶ
2546 2275 2735 2329 ἐνθάδε
2768 2273 2979 2344 βοώσης
3010 2271 3213 2339 φωνῆς,
3252 2267 3394 2322 Ἀπὸ
3411 2267 3458 2299 ⁸⁸
3486 2264 3593 2319 τοῦ
3613 2262 3801 2325 αἰῶνος

2239 2371 2337 2425 καὶ
2359 2370 2469 2435 ἕως
2498 2368 2605 2422 τοῦ
2628 2367 2843 2432 αἰῶνος
2866 2365 2949 2420 σὺ
2975 2360 3048 2418 εἷο
3073 2364 3163 2416 ὅτι
3204 2363 3367 2431 χίλια
3387 2361 3495 2427 ἐτη
3517 2357 3799 2426 ἐνοφθαλ-

2236 2461 2372 2531 μοῖς
2397 2476 2513 2514 σου
2543 2460 2624 2525 ὡς
2648 2457 2779 2530 [498
2805 2456 2896 2529 IL]
2924 2456 3117 2525 ἡμέρα
3163 2455 3201 2522 ἡ
3235 2452 3399 2523 χθὲς,
3430 2450 3569 2519 ἥτις
3595 2446 3798 2515 διῆλθε,

2242 2555 2338 2609 καί
2361 2553 2606 2623 φυλακὴ
2626 2553 2695 2605 ἐν
2720 2551 2917 2605 νυκτί.
2944 2549 3147 2602 Χιλίων
3174 2547 3283 2616 γάρ
3321 2543 3461 2597 ἑτῶν
3510 2538 3793 2611 περιοριξο-

2246 2648 2422 2717 μένων
2455 2645 2536 2708 είς
2570 2645 2699 2714 μίαν
2733 2642 2949 2713 ἡμέραν
2976 2643 3035 2694 ὲν
3065 2639 3366 2709 ὀφθαλμοῖς
3392 2635 3559 2699 Θεοῦ,
3601 2634 3700 2687 ἀπὸ
3721 2633 3801 2702 τῆς

2242 2738 2338 2793 τοῦ
2368 2739 2573 2808 κόσμου
2603 2736 2870 2806 γενέσεως
2897 2735 2945 2766 ⁸⁸
2978 2735 3177 2804 μέχρις
3204 2731 3383 2801 ἡμῶν,
3408 2730 3487 2792 ὡς
3516 2730 3564 2780 οἱ
3581 2726 3699 2796 περὶ
3719 2724 3801 2791 τὴν

2243 2832 2614 2906 ἀριθμητικὴν
2630 2832 2900 2899 φάσκουσι
2923 2827 3106 2891 δεινοὶ,
3127 2823 3188 2890 ἓξ
3215 2826 3416 2895 ἡμέραι
3436 2841 3504 2876 συ
3514 2816 3803 2893 μπεραιοῦνο

2242 2943 2355 2980 ται.
2395 2921 2889 2993 Ἐξακισχιλιοστὸν
2918 2920 3007 2991 ἄρ’
3034 2918 3155 2981 ἔτος
3183 2918 3344 2986 φασὶν
3370 2915 3484 2969 άπὸ
3530 2913 3693 2979 ’Δδὰμ
3737 2911 3802 2969 εἰς

2247 3018 2409 3090 δεῦρο
2442 3017 2737 3072 συντείνειν
2767 3030 2783 3047 ·
2844 3017 2910 3086 τῇ
2943 3014 3051 3083 γὰρ
3093 3010 3347 3081 ὲῦδομάδι
3384 3008 3467 3078 τῷ
3515 3008 3802 3070 ἑπτακισχι-

2247 3110 2444 3181 λιοστῷ
2470 3110 2581 3163 ἔτει
2610 3109 2793 3180 κρίσιν
2822 3104 3114 3176 ἀφίξεσθαι
3160 3120 3346 3172 φασιν.
3401 3099 3613 3153 Οὐκοῦν
3635 3098 3687 3150 αἱ
3716 3095 3803 3147 πᾶν

563 3212 660 3252 vos
687 3196 789 3267 ipsi
823 3197 1117 3252 secundum
1169 3208 1404 3253 vestram
1439 3201 1707 3253 insaniam
1747 3199 1966 3265 dicitis,
2008 3200 2142 3253 nihil

2254 3220 2344 3257 σαι
2372 3204 2575 3274 ἡμέραι
2600 3202 2731 3255 δέκα
2756 3201 2851 3254 καὶ
2871 3201 3021 3270 τρεῖς
3048 3197 3141 3266 ἀφ’
3172 3196 3331 3267 ἡμῶν
3368 3194 3478 3258 ἓως
3518 3194 3596 3255 είς
3620 3190 3707 3261 τὴν
3758 3187 3805 3238 ὲν

563 3288 855 3358 quidquam
906 3287 1069 3361 [ante
1117 3289 1168 3343 id
1208 3288 1458 3360 tempus]
1511 3290 1621 3359 egit
1667 3300 1761 3343 aut
1806 3290 2034 3355 creavit,
2091 3300 2142 3344 et

2252 3299 2417 3369 ἀρχῇ.
2452 3300 2509 3350 ὲν
2603 3297 2861 3367 ἐποίησεν
2888 3297 2915 3348 ό
2939 3293 3072 3357 Θεὸς
3095 3293 3187 3345 τὸν
3207 3289 3431 3362 οὐρανὸν
3470 3290 3564 3342 καὶ
3590 3286 3680 3357 τὴν
3700 3286 3802 3352 γῆν,

562 3384 743 3440 Patris
781 3387 998 3441 nomine
1039 3400 1105 3440 ac
1145 3384 1421 3440 Creatoris
1463 3385 1704 3453 privatus
1744 3395 1847 3439 est.
1884 3384 1939 3439 Si
1968 3395 2142 3439 autem

2257 3388 2604 3461 μετροῦνται.
2654 3382 2757 3441 Ὧν
2809 3390 2837 3441 ό
2868 3386 3001 3450 Θεὸς
3036 3384 3307 3454 ἀνώτερον
3347 3382 3494 3435 κατά
3544 3381 3637 3452 τὴν
3680 3376 3804 3445 σφῶν

566 3477 825 3532 tredecim
854 3479 970 3533 dies
1006 3489 1133 3532 sunt
1174 3479 1226 3531 in
1274 3477 1445 3532 oculis
1478 3479 1568 3531 Dei
1613 3495 1640 3530 a
1674 3476 1875 3531 mundo
1910 3480 2149 3543 condito,

568 3573 836 3638 quomodo
876 3570 1154 3641 Sapientia
1190 3571 1240 3623 in
1296 3568 1423 3624 Jesu
1474 3569 1670 3624 biracb
1709 3569 1885 3624 dicit:
1924 3570 2154 3622 Arenam

574 3664 760 3728 maris,
792 3673 838 3715 et
872 3664 1062 3728 pluvia:
1096 3672 1296 3733 guttas,
1335 3672 1384 3715 et
1414 3661 1525 3716 dies
1553 3662 1733 3716 θανουιὶ
1769 3663 1886 3731 quis
1913 3661 2154 3715 dinume-

577 3756 718 3807 ravit
754 3752 812 3809 ιι
859 3755 981 3810 llzce
1020 3756 1166 3810 serio
1215 3756 1494 3826 disputans
1540 3754 1803 3826 Origenes
1851 3754 1971 3809 vide
2018 3768 2154 3824 quo-

576 3849 735 3902 modo
766 3858 1016 3917 nugetur.

1208 4112 1543 4170 CCXXXVI.

936 4207 1210 4278 Ejusdem,
1245 4208 1323 4263 De
1352 4209 1519 4264 libero
1550 4211 1791 4264 arbitrio.

649 4302 777 4375 Legi
799 4302 1037 4372 ejusdem
1065 4305 1309 4375 quaedam
1346 4319 1413 4360 ex
1436 4304 1575 4359 libro
1609 4304 1686 4359 De
1713 4305 1875 4360 libero
1911 4306 2159 4373 arbitrio,

2253 3483 2432 3537 αὐτῶν
2455 3484 2639 3535 ἄνοιαν
2687 3480 2842 3535 οὐδὲν
2890 3480 3139 3551 οὐδαμῶς
3185 3478 3597 3548 δημιουργήσας
3643 3468 3803 3539 ἐγεγύ-

2259 3596 2439 3649 μνωτο
2479 3577 2573 3630 τοῦ
2615 3577 2807 3649 Πατὴρ
2837 3577 2933 3629 καὶ
2975 3573 3377 3645 παντοκράτωρ
3405 3567 3573 3625 εῖναι.
3598 3569 3657 3624 Εἰ
3708 3562 3803 3617 ὂὲυ

2255 3670 2615 3743 τρισκαίδεκά
2669 3672 2807 3723 εἰσιν
2853 3669 3061 3740 ἡμέραι
3108 3668 3165 3720 ἐν
3204 3666 3506 3735 ὀφθαλμοῖς
3541 3660 3667 3714 Θεοῦ
3718 3655 3804 3710 ἀπὸ

2259 3762 2527 3831 γενέσεως
2550 3763 2779 3832 κόσμου,
2798 3760 2914 3823 πῶς
2936 3777 3101 3830 φησιν
3135 3760 3168 3828 ἡ
3194 3760 3250 3812 ὲν
3275 3757 3353 3827 τῷ
3374 3757 3574 3827 Σειράχ
3590 3754 3632 3785 ⁸⁸
3655 3750 3803 3819 σοφία.

2262 3854 2494 3923 Ἀμμον
2508 3855 2553 3888 ⁸⁵
2597 3852 2931 3908 θαλασσῶν
2985 3852 3083 3905 καὶ
3150 3853 3453 3920 σταγόνας
3523 3846 3690 3905 ὑετοῦ
3723 3843 3801 3895 καί

2258 3941 2486 4011 ’ἡμέρας
2517 3941 2734 4008 αίῶνος
2754 3942 2845 4006 τίς
2897 3940 3320 4010 ἐξαριθμήσει;
3381 3939 3567 3993 Ταῦτά
3600 3952 3741 4005 φησιν
3782 3932 3804 3983 ό

2272 4034 2554 4105 Ὠριγένης
2586 4032 2928 4099 σπουδάζων,
2958 4035 3054 4087 καὶ
3084 4035 3187 4103 ὅρα
3217 4027 3304 4086 οἷα
3330 4034 3541 4096 παίζει.

2974 4124 3138 4193 mc:

2480 4216 2591 4273 Τοῦ
2637 4218 2824 4272 αὐτοῦ
2884 4220 3018 4286 περὶ
3057 4218 3165 4273 τοῦ
3208 4217 3628 4283 αὐτεξουσίου.

2345 4309 2690 4381 Ἀνεγνώσθη
2716 4310 2809 4363 τοῦ
2844 4310 3011 4364 αὑτοῦ
3031 4313 3096 4364 ὲκ
3128 4310 3221 4373 τοῦ
3247 4311 3386 4380 Περὶ
3421 4304 3800 4373 αὐτεξουσίου.

581 4399 897 4468 pariterque
920 4398 1133 4468 (nactus
1161 4398 1275 4468 ipse
1300 4397 1567 4466 ejusmodi
1585 4399 1987 4469 compendium)
2019 4400 2142 4454 undt

2261 4402 2363 4472 τῆς
2384 4403 2431 4436 ⁸⁸
2460 4404 2585 4474 ἴσης
2632 4404 2726 4456 καὶ
2770 4403 2934 4466 αὐτὸς
2953 4402 3131 4474 τυχὼν
3184 4402 3501 4471 συντομίας.
3556 4396 3707 4452 Πόθεν
3749 4392 3801 4442 τά

576 4490 688 4543 sint
721 4489 885 4554 mala,
918 4497 973 4544 et
996 4489 1118 4558 qnis
1151 4504 1340 4543 eorum
1381 4498 1593 4543 auctor.
1626 4487 1772 4543 Deus
1800 4490 1943 4543 enim
1980 4491 2024 4545 is
2057 4505 2142 4544 ιιοι

2263 4496 2411 4549 κακὰ
2436 4497 2530 4549 καὶ
2568 4496 2650 4559 τίς
2685 4496 2714 4549 ό
2743 4498 2949 4549 τούτων
2980 4497 3255 4567 ποιητής;
3308 4496 3367 4548 Ὀ
3417 4494 3517 4563 μὲν
3563 4492 3661 4561 γὰρ
3698 4485 3801 4544 Θεὸς

575 4590 680 4649 est;
712 4596 884 4651 neque
919 4582 1063 4635 enim
1109 4579 1267 4635 malis
1295 4579 1620 4644 delectatur,
1648 4580 1777 4650 quin
1825 4581 1985 4634 etiam
2016 4582 2142 4635 mal:

2264 4588 2365 4641 οὐκ
2396 4588 2563 4652 ἐστιν,
2590 4589 2672 4641 ὅτι
2702 4587 2839 4657 μηδὲ
2878 4587 3090 4651 τούτοις
3140 4588 3347 4658 ἣδεται,
3380 4587 3517 4640 ἀλλὰ
3572 4582 3656 4637 καὶ
3693 4578 3793 4634 τοὺς

577 4675 840 4729 facientes
905 4673 1269 4729 abominatur.
1307 4668 1653 4742 Qu’apropter
1711 4673 1896 4728 censui
1957 4674 2142 4744 aliquit

2264 4680 2506 4752 δρῶντας
2542 4681 2683 4733 αὐτὰ
2708 4680 3076 4750 βδελύσσεται.
3128 4680 3329 4749 Διόπερ
3380 4678 3526 4744 ἔδοξέ
3560 4692 3662 4749 ,μοι
3708 4684 3801 4722 συν·

576 4767 842 4821 cxsistere
880 4780 1003 4820 cum
1050 4763 1193 4829 Deo,
1237 4763 1378 4832 quod
1426 4765 1710 4818 materiam
1759 4764 2062 4831 nominant,
2093 4780 2161 4819 ex

579 4873 685 4927 qua
746 4858 1000 4911 universa
1036 4857 1313 4920 condidit,
1343 4869 1410 4910 ex
1446 4871 1550 4926 qua
1591 4856 1729 4909 mala
1763 4870 1885 4911 esse
1925 4857 2055 4910 mihi
2084 4858 2163 4910 vi-

580 4948 1033 5021 dentur(87-88).
1056 4948 1192 5002 Cum
1223 4947 1368 5001 enim
1403 4948 1626 5002 materia
1665 4948 1911 5001 informis
1936 4958 2080 5002 esset
2106 4954 2162 5002 et

581 5043 787 5113 absque
818 5043 926 5097 ulla
956 5042 1148 5111 figura,
1176 5049 1229 5093 et
1260 5039 1481 5108 insuper
1514 5049 1714 5093 temere
1741 5040 2027 5103 inerraret,
2053 5056 2158 5095 non

580 5148 773 5203 passus
813 5147 900 5191 est
950 5150 1069 5190 eam
1117 5132 1339 5188 omnino
1383 5133 1455 5185 ita
1501 5145 1632 5186 casu
1661 5129 2034 5198 circumferri,
2070 5133 2163 5189 sed

2267 4772 2532 4842 υπάρχειν
2556 4790 2608 4826 τι
2639 4772 2809 4843 αὐτῷ,
2846 4771 3083 4841 τοῦνομα
3110 4772 3230 4840 ὕλη,
3280 4769 3340 4834 ἐξ
3366 4765 3433 4840 ἦς
3458 4768 3525 4821 τά
3559 4767 3675 4818 ὄντα
3699 4758 3796 4823 ἐδη-

2268 4864 2708 4935 μιούργησεν,ὲξ
2756 4858 2825 4935 ἦς
2878 4864 2977 4916 καὶ
3024 4864 3092 4917 τά
3134 4863 3281 4917 κακὰ
3325 4858 3468 4914 εἶναί
3534 4876 3617 4930 μοι
3668 4849 3799 4905 δοκεῖ.

2277 4954 2495 5008 Ἀποίου
2528 4972 2589 5009 τε
2612 4954 2717 5025 γάρ
2746 4955 2841 5007 καὶ
2891 4954 3301 5025 ἀσχηματίστου
3358 4951 3481 5025 [941
3538 4945 3622 5018 IL]
3672 4941 3799 5006 οὔσης

2266 5046 2457 5115 αὐτῆς,
2494 5046 2629 5118 πρὸς
2660 5046 2725 5117 δὴ
2741 5047 2785 5078 ⁸⁷
2813 5046 3025 5110 τούτοις
3068 5048 3163 5100 καὶ
3210 5046 3466 5109 ἀτάκτως
3515 5036 3799 5114 φερομένης,

2268 5138 2330 5193 οὐ
2357 5139 2445 5192 διὰ
2476 5138 2676 5203 παντὸς
2692 5141 2985 5195 κατέλιπεν
3023 5139 3194 5211 αὐτὴν
3231 5139 3376 5193 οὕτω
3421 5136 3683 5209 φέρεσθαι,
3722 5125 3795 5181 ἀλ·

690 5300 706 5350 i
741 5301 882 5355 Psal.
912 5313 1139 5357 Lxxxrx.
1169 5296 1225 5361 2,
1260 5297 1315 5349 4.
1394 5296 1421 5336 Ιί
1453 5295 1623 5352 Eccli.
1666 5310 1705 5361 ι,
1745 5294 1797 5350 2.

1888 5406 2120 5471 VARUE
2150 5410 2560 5468 LECTIONES.

657 5510 703 5541 ⁷⁸
735 5508 970 5576 ἁμάρτοι
992 5505 1102 5578 ΑΒ.
1147 5506 1224 5578 *⁷⁷
1256 5503 1404 5578 φατέ
1428 5504 1535 5558 AB:
1596 5506 1658 5578 77°
1686 5504 1772 5577 τό]
1825 5508 2004 5578 malim
2045 5508 2142 5578 τῷ.
2220 5508 2266 5539 τ’
2293 5507 2510 5578 πρῶτος
2545 5525 2605 5571 ς.
2684 5507 2728 5578 ⁸9
2751 5502 3025 5578 έσταιίαν
3057 5502 3143 5578 AB
3170 5518 3185 5553 :
3218 5503 3308 5578 εἰςΔ
3332 5517 3392 5578 3;.
3458 5497 3509 5578 f‘
3537 5485 3797 5578 ςπόλινξξξίξ

584 5554 915 5642 Ludi?
956 5554 1772 5643 ἱ’ῗῆένέξσεωῐςγᾸῘὶἷθιένέσειιιίῖ³
2049 5554 2573 5641 ὲέὲαπαύὲἓῶξξῗ
2594 5554 2605 5559 ’
2635 5578 2680 5609 ⁸³
2702 5554 3083 5630 δέ-Ᾰνξηδὲνκαί
3126 5589 3185 5635 ς.
3273 5554 3319 5602 δ’
3340 5554 3511 5640 ἷιράχ
3542 5565 3597 5619 Β.
3636 5554 3793 5621 ’δ’ἄμ·

588 5664 714 5718 μον,
755 5660 796 5713 ι,
823 5646 878 5699 2.
948 5645 994 5677 ⁸⁸
1022 5646 1125 5715 τῆς
1152 5647 1193 5699 Α
1231 5665 1245 5699 :
1279 5647 1537 5709 ὡσαύτως
1560 5646 1659 5718 τῆς
1694 5664 1754 5710 ς.
1847 5645 2003 5719 “tam
2038 5653 2417 5719 exspectabam
2446 5649 2525 5702 δέ.

2113 5741 2347 5798 NOTAE.

662 5833 779 5908 (θῇ)
805 5833 1001 5908 lisque
1034 5836 1099 5889 ad
1130 5835 1369 5908 requiem
1397 5844 1659 5897 nostram,
1695 5837 1743 5889 id
1767 5846 1849 5893 est
1883 5853 2051 5908 usque
2082 5839 2146 5894 ad
2182 5840 2511 5896 creationem
2555 5832 2788 5889 hominis
2824 5838 3107 5901 postquam
3133 5829 3337 5899 quievit
3369 5828 3519 5883 Deus.

647 5903 889 5983 .187-88)
926 5904 1049 5964 Hmc
1085 5920 1152 5963 es
1177 5906 1350 5963 aliena
1390 5908 1657 5963 sententia
1682 5908 1830 5963 dicit.
