4066 6408
297 388 436 453 1149

1314 385 1836 483 BIBLIOTHECA.
1860 409 1907 419 -
1941 381 2104 442 COD.
2144 382 2495 443 CCXXXVI.

3399 366 3547 433 «1150

288 503 362 557 λά
393 504 745 573 δημιουργεῖν
767 504 984 574 ηρχετο,
1016 502 1111 555 καὶ
1140 502 1245 555 ἀπὸ
1273 504 1382 555 τῶν
1413 502 1701 573 χειρίστων
1763 499 1861 552 αὺ-

1993 497 2225 552 ιιιιοῐίοθτο
2258 498 2443 566 erepit,
2488 496 2859 564 optimumque
2911 506 2938 543 a
2977 488 3230 559 pessimis
3265 500 3553 541 secernere

291 598 394 687 τῆς
419 598 490 650 τὰ
515 596 778 651 κάλλιστα
805 595 1103 665 διακρίνειν
1152 596 1334 665 ήθελε.
1399 594 1509 647 Καὶ
1553 592 1696 647 οὕτω
1738 592 1869 659 γοῦν

294 687 734 759 ἐδημιούργησεν
768 688 867 740 ὃσα
899 688 956 754 ἐξ
1006 689 1177 758 αὐτῆς
1220 687 1429 758 ἥρμοζε
1460 687 1579 756 Θεῷ
1607 686 1873 757 δημιουρ-

292 783 435 847 γεῖν.
472 778 553 833 Τὰ
598 779 653 832 δὲ
713 780 813 832 ὅσα
861 781 1054 851 αὐτῆς,
1106 780 1181 842 ὼς
1213 780 1341 842 ἕπος
1377 782 1574 842 εἰπεῖν,
1619 776 1871 846 τρυγώδη

294 873 585 941 ἐτύγχανε,
624 871 797 925 ταῦτα
819 873 1139 942 ἀνάρμοστα
1172 872 1300 924 ὄντα
1333 872 1470 942 πρὸς
1511 870 1875 941 δημιουργίαν

296 965 376 1027 ὠς
405 960 519 1033 εἶχε
541 964 862 1017 κατέλιπεν·
899 965 957 1029 ἐξ
979 957 1056 1017 ῶν
1084 964 1233 1017 δοκεῖ
1283 981 1372 1034 μοι
1402 962 1499 1016 νῦν
1524 964 1776 1034 ἐπιρρεῖν
1809 961 1877 1014 τά

297 1056 467 1131 κακά.
498 1054 682 1109 Ταῦτα
705 1055 805 1125 μὲν
843 1051 997 1119 οὗτος
1022 1072 1038 1087 ·
1078 1056 1214 1126 πρὸς
1247 1056 1415 1109 αὐτὸν
1453 1055 1509 1108 δέ
1564 1055 1878 1123 φησιν,”οτι

304 1150 404 1213 μὲν
435 1146 527 1201 οὖν
557 1147 820 1202 ἀδύνατον
857 1149 1098 1219 ἀγένητα
1116 1149 1210 1203 δύο
1226 1148 1362 1219 ἅμα,
1388 1148 1508 1201 οὐδὲ
1561 1148 1619 1199 σὲ
1663 1148 1878 1216 ἀγνοεῖν

300 1239 531 1311 νομίζω.
571 1242 643 1294 Ἦ
662 1241 771 1313 γὰρ
791 1240 1033 1312 ἡνῶσθαι
1084 1241 1116 1312 ἢ
1154 1240 1486 1313 κεχωρίσθαι
1515 1241 1654 1294 αὺτά
1697 1240 1878 1307 λέγειν

299 1330 541 1400 ἀνάγκη.
575 1331 636 1382 Εἰ
670 1331 768 1401 μὲν
798 1331 889 1384 οὖν
911 1333 1152 1401 ἡνῶσθαι
1175 1331 1342 1396 λέξοι,
1370 1331 1427 1383 ἓν
1470 1330 1532 1383 τὸ
1567 1330 1830 1400 ἀγένητον
1856 1347 1870 1361 ο

300 1422 536 1475 ἕκαστον
568 1422 676 1493 γὰρ
700 1422 901 1476 τούτων
932 1424 1094 1494 μέρος
1124 1423 1275 1476 ἔσται
1299 1423 1345 1454 ⁸⁸
1373 1420 1467 1476 τοῦ
1509 1421 1763 1492 πλησίον,
1786 1421 1881 1474 ἀλ-

302 1516 480 1586 λήλων
504 1518 561 1570 δὲ
604 1516 742 1588 μέρη
777 1519 1113 1588 τυγχάνοντα
1140 1518 1426 1587 ἀγένητον,
1474 1517 1589 1571 ἀλλ’
1612 1517 1709 1569 οὐκ
1750 1517 1879 1583 ἀγέ-

302 1627 443 1679 νητα
458 1610 612 1664 ἔσται
630 1627 645 1641 ο
676 1611 798 1665 οὐδὲ
822 1611 930 1682 γάρ
952 1611 1044 1664 τὸν
1073 1611 1358 1682 ἄνθρωπον
1394 1610 1536 1680 μέρη
1558 1610 1749 1680 ἔχοντα
1776 1627 1881 1663 και

302 1699 783 1770 τακερματίζομεν
836 1702 916 1764 είς
960 1700 1129 1753 πολλά
1164 1701 1383 1770 γενητὰ.
1423 1700 1485 1752 Ei
1544 1699 1602 1751 δὲ
1648 1698 1882 1769 κεχωρί-

304 1791 495 1898 σθαιθθ
527 1793 687 1898 φήσει
709 1810 814 1857 τις,
843 1792 1058 1864 ἀνάγκη
1088 1788 1227 1846 εἷναί
1255 1811 1306 1846 τι
1347 1793 1408 1846 τὸ
1432 1792 1535 1845 ἀνά
1567 1793 1732 1863 μέσον
1772 1794 1881 1862 ἀμ·
1914 1840 1957 1898 Β

306 1883 572 1954 φοτέρων,
600 1886 738 1955 ὅπερ
765 1885 858 1938 καὶ
904 1884 993 1938 τὸν
1044 1885 1325 1956 χωρισμὸν
1373 1885 1556 1938 αὐτῶν
1611 1886 1875 1939 δείκνυσι.

305 1974 480 2026 Τοῦτο
505 1974 560 2027 δὲ
596 1974 715 2044 ἦτοι
745 1974 941 2028 ταυτὸν
1001 1974 1061 2031 ὃν
1109 1976 1316 2047 ἥνωται
1358 1975 1572 2047 θατέρῳ
1616 1976 1726 2028 τῶν
1764 1976 1881 2040 δύο,

306 2065 404 2118 καὶ
432 2065 644 2137 ἀνάγκη
676 2066 837 2119 πάλιν
863 2066 895 2138 ἢ
923 2066 1117 2120 ἕνωσιν
1144 2067 1175 2136 ἢ
1200 2068 1477 2138 χωρισμὸν
1498 2067 1635 2139 πρὸς
1674 2067 1736 2119 τὸ
1762 2067 1880 2120 ἓτε-

308 2175 402 2227 ρον
430 2157 639 2230 ζητεῖν.
667 2160 902 2213 Ἔνωσιν
949 2160 1049 2231 μὲν
1079 2160 1338 2214 ἀδύνατον
1374 2161 1520 2223 ἰδεῖν,
1570 2161 1730 2232 εἴπερ
1790 2161 1882 2213 θα-

311 2252 457 2322 τέρῳ
485 2254 680 2306 ταυτὸν
706 2249 845 2308 εἶναι
872 2255 968 2307 καὶ
1000 2254 1240 2325 ἡνῶσθαι
1267 2254 1475 2308 δέδοται
1499 2270 1513 2284 ο
1560 2255 1752 2326 ηνοῦτο
1776 2256 1885 2327 γὰρ

309 2344 376 2398 ἂν
409 2344 584 2409 οὕτως
604 2348 650 2379 ⁹⁰
672 2348 767 2400 καὶ
790 2347 850 2400 τὸ
870 2347 930 2412 ἐξ
958 2348 1157 2417 ἀρχῆς,
1213 2342 1258 2417 ᾧ
1287 2349 1483 2401 ταυτὸν
1545 2344 1686 2402 εῖναι
1726 2349 1884 2403 τοῦτο

310 2435 490 2505 ἐδόθη.
522 2436 586 2488 El
622 2436 677 2489 δὲ
707 2437 1038 2508 κεχωρίσθαι
1069 2440 1291 2491 ἀπαιτεῖ
1340 2441 1368 2493 ὁ
1410 2438 1589 2508 λόγος,
1625 2440 1788 2494 πάλιν
1823 2441 1886 2494 τὸ

311 2526 546 2596 χωρίζον
566 2527 917 2597 ἀπαιτητέον,
948 2528 1052 2591 ἓως
1092 2528 1157 2581 ἂν
1209 2528 1453 2601 ἀπείρων
1507 2531 1640 2599 ἡμῖν
1696 2531 1889 2601 ἀγενή-

312 2632 422 2669 των
444 2617 609 2687 ἑσμὸς
637 2617 904 2689 ἀναφανῇ.
941 2620 1038 2670 Ἂν
1064 2619 1107 2671 δ’
1130 2618 1239 2690 ἀρα
1263 2637 1349 2683 τις
1375 2622 1468 2674 καὶ
1491 2622 1672 2690 τρίτον
1700 2621 1887 2694 λέξηθί

311 2707 491 2776 λόγον,
531 2709 776 2762 τουτέστι
805 2709 866 2762 τὸ
910 2712 1046 2781 μήτε
1096 2712 1430 2782 κεχωρίσθαι
1474 2712 1565 2765 τὸν
1620 2713 1753 2766 Θεὸν
1790 2716 1890 2782 τῆς

313 2799 467 2869 ὕλης,
501 2800 623 2870 μηδ’
644 2796 711 2854 αὖ
743 2800 902 2854 πάλιν
934 2801 1009 2865 ὡς
1053 2803 1111 2856 ὲν
1154 2804 1309 2874 μέρει
1353 2804 1615 2873 ἡνῶσθαι,
1650 2801 1791 2858 εἶναι
1831 2806 1889 2859 δὲ

310 2891 389 2953 ὡς
418 2894 474 2944 ὲν
514 2892 656 2963 τόπῳ
682 2891 978 2967 [καθάπερ]
1008 2897 1072 2966 τῇ
1098 2894 1197 2965 ὕλῃ
1226 2896 1318 2948 τὸν
1340 2895 1467 2968 [499
1508 2896 1598 2969 Η.]
1628 2897 1759 2950 Θεὸν
1794 2898 1889 2950 καὶ

311 2983 410 3051 τὴν
451 2982 585 3053 ὓλην
634 2986 693 3037 ὲν
724 2984 804 3055 τῷ
830 2984 971 3055 Θεῷ,
1023 2988 1269 3041 ἀκουέτω
1326 2989 1408 3041 ὅτι
1449 2990 1545 3042 ἐὰν
1576 2989 1744 3044 τόπον
1796 2990 1891 3042 τοῦ

313 3074 450 3127 Θεοῦ
478 3076 576 3146 τὴν
625 3076 756 3145 ὓλην
804 3078 1068 3147 εἴπωμεν,
1115 3079 1175 3144 ἐξ
1213 3081 1458 3151 ἀνάγκης
1494 3082 1590 3134 καὶ
1643 3082 1891 3153 χωρητὸς

1972 592 2161 644 voluit.
2217 592 2397 660 Itaque
2440 606 2568 658 ergo
2626 586 2844 641 molitus
2895 594 2978 638 est
3042 598 3104 636 ea
3151 596 3271 649 quae
3325 581 3434 633 Deo
3480 578 3550 630 ad

1974 684 2265 738 creandum
2317 692 2472 736 erant
2521 688 2668 748 apta.
2733 677 3084 743 Qutecunque
3141 688 3307 736 vero,
3362 680 3421 723 ut
3471 669 3551 722 sie

1974 775 2183 843 loquar,
2206 784 2362 828 erant
2379 772 2665 831 feculenta,
2692 770 2800 833 illa,
2824 778 2879 819 ut
2900 766 2966 819 ad
2994 764 3320 817 creationem
3342 766 3547 829 inepta,

1976 877 2034 919 ιιι
2076 876 2231 920 erant
2281 865 2515 934 reliquit.
2563 863 2715 918 Unde
2766 861 2894 913 mihi
2943 873 3085 911 nunc
3128 858 3376 908 videnlur
3423 868 3551 923 pro-

1978 961 2197 1015 ﬂuxisse
2234 958 2394 1011 mala.
2446 957 2567 1011 llarc
2608 957 2823 1025 quidem
2870 954 2989 1015 ille;
3027 961 3214 1006 contra
3252 963 3410 1018 quem
3443 947 3554 1000 dis-

1980 1064 2128 1124 putat
2158 1048 2535 1123 [Methodius].
2572 1049 2726 1114 Quod
2764 1048 2810 1100 si
2848 1045 2963 1099 ﬁeri
3002 1042 3148 1111 nullo
3177 1041 3334 1093 modo
3362 1038 3553 1107 possit,

1981 1155 2040 1199 ut
2069 1146 2176 1198 duo
2211 1142 2368 1197 simul
2406 1143 2514 1195 sint
2545 1142 2809 1201 increata,
2851 1152 2946 1191 nec
2976 1146 3027 1191 te
3059 1134 3273 1202 quidem
3307 1132 3556 1198 ignorare

1979 1247 2148 1309 puto;
2180 1234 2433 1289 autenim
2468 1233 2554 1285 illa
2580 1235 2719 1284 inter
2749 1245 2808 1284 se
2832 1228 3006 1292 unita,
3034 1236 3125 1279 aut
3159 1232 3408 1291 separata
3438 1234 3559 1275 esse

1984 1328 2292 1384 necessario
2334 1326 2620 1380 dicendum
2671 1331 2811 1376 erat.
2858 1321 2915 1376 Si
2955 1320 3078 1389 quis
3123 1317 3272 1371 unita
3319 1314 3554 1370 dixerit:

1981 1424 2085 1479 erit
2118 1435 2280 1475 unum
2314 1419 2635 1481 increatum,
2670 1427 3007 1483 unaquaeque
3036 1411 3179 1464 enim
3215 1423 3341 1478 pars
3368 1408 3558 1460 borum

1983 1518 2087 1572 erit
2146 1513 2298 1568 alteri
2361 1510 2586 1573 similis,
2644 1516 2825 1578 partes
2879 1506 3026 1560 enim
3080 1506 3221 1556 inter
3282 1515 3340 1554 se
3401 1512 3560 1567 pares

1984 1618 2109 1664 sunt
2158 1621 2320 1661 unum
2388 1604 2722 1665 increatum,
2782 1606 2837 1652 et
2903 1611 3009 1650 non
3062 1603 3221 1649 erunt
3284 1594 3560 1652 iucreata,

1983 1717 2157 1771 neque
2196 1699 2392 1771 305a
2452 1696 2598 1751 enim
2643 1693 2917 1749 hominem
2967 1706 3031 1742 ex
3080 1686 3264 1741 multis
3316 1685 3564 1753 partibus

1987 1805 2324 1849 constantem
2364 1791 2418 1843 in
2464 1787 2630 1842 multa
2670 1792 2853 1838 creata
2892 1779 3200 1834 dividimus.
3241 1776 3298 1829 Si
3329 1789 3454 1828 vero
3483 1775 3564 1825 di-

1987 1889 2100 1942 visa
2156 1900 2252 1940 seu
2294 1890 2542 1950 separata
2588 1876 2711 1946 quis
2758 1870 2953 1928 dixerit
2997 1868 3109 1941 [illa
3145 1869 3381 1921 increata
3413 1859 3563 1933 duo],

1984 1994 2211 2036 necesse
2248 1974 2333 2033 est
2361 1984 2419 2030 ut
2446 1974 2516 2028 sit
2544 1971 2759 2041 aliquod
2791 1967 3029 2022 medium
3072 1964 3216 2015 inter
3249 1968 3564 2025 utrmnque,

1985 2074 2126 2145 quod
2156 2069 2551 2141 separationem
2592 2064 2805 2119 illorum
2839 2056 3115 2113 ostendat.
3166 2053 3280 2106 Hoc
3308 2058 3487 2102 autem
3519 2045 3565 2100 si

1985 2169 2055 2223 sit
2083 2167 2219 2222 idem
2249 2178 2369 2219 cum
2400 2161 2570 2215 altero
2593 2173 2659 2213 ex
2685 2155 2914 2218 duobus,
2939 2165 3060 2204 cum
3103 2146 3194 2201 illo
3223 2144 3429 2198 unitum
3459 2150 3564 2203 est,

1985 2271 2041 2314 et
2071 2272 2284 2313 rursum
2318 2255 2421 2310 erit
2456 2265 2680 2307 necesse
2723 2258 2971 2318 quaerere
3017 2236 3565 2307 autcoujunctionem

1988 2361 2078 2405 aut
2109 2347 2505 2419 separationth
2561 2340 2784 2395 alterius
2806 2338 2871 2389 ab
2902 2334 3095 2388 altero.
3121 2330 3389 2386 Ultionem
3421 2326 3567 2379 enim

1990 2444 2176 2497 videre
2214 2437 2543 2508 impossibile
2576 2442 2679 2496 est,
2697 2432 2741 2486 si
2779 2431 3007 2483 alterum
3047 2427 3119 2478 sit
3151 2424 3289 2477 idem
3328 2435 3449 2475 cum
3475 2432 3565 2480 eo,

1990 2545 2043 2589 et
2065 2534 2270 2586 unitmn
2294 2544 2413 2583 esse
2445 2525 2802 2581 concedatur.
2832 2521 2924 2575 Sic
2950 2519 3095 2572 enim
3133 2516 3380 2569 uuiretur
3404 2510 3567 2565 etiam

1994 2623 2043 2675 id
2074 2619 2217 2690 quod
2251 2634 2279 2670 a
2321 2615 2589 2685 principio
2630 2612 2771 2665 idem
2802 2624 2923 2663 cum
2948 2622 3014 2660 eo
3053 2605 3217 2657 fuisse
3251 2612 3570 2655 concessum

1992 2720 2092 2766 est.
2130 2710 2184 2764 Si
2211 2717 2389 2761 autem
2421 2710 2732 2772 Scplll‘allllll
2772 2699 2943 2753 fuisse
2977 2697 3113 2750 ratio
3144 2695 3322 2757 docet,
3351 2704 3571 2744 rursum

1992 2801 2339 2873 quaerendum
2372 2810 2455 2853 est
2493 2812 2585 2866 per
2613 2794 2754 2865 quod
2792 2792 2895 2846 fuit
2919 2798 3251 2858 separatum,
3282 2786 3453 2836 donec
3487 2784 3570 2833 in-

1994 2894 2267 2949 linitorum
2295 2891 2446 2944 nobis
2470 2889 2622 2955 copia
2659 2886 3019 2938 increatorum
3048 2883 3320 2931 occurrat.
3348 2870 3501 2938 Quod
3523 2869 3572 2924 si

1995 2989 2116 3057 quis
2156 2988 2318 3041 etiam
2374 2983 2589 3036 tertiam
2633 2974 2961 3032 sententiam
3006 2970 3281 3030 habuerit,
3328 2966 3432 3019 hoc
3469 2970 3572 3023 est,

1997 3093 2171 3147 neque
2188 3083 2498 3144 separatum
2532 3069 2701 3124 fuisse
2722 3067 2888 3120 Deum
2924 3080 2951 3117 a
2981 3062 3231 3125 materia,
3260 3071 3435 3127 neque
3458 3070 3577 3108 rur-

314 3167 549 3231 έσταιθί,
566 3171 632 3238 τῇ
664 3167 766 3241 ὕλῃ
789 3146 1261 3241 περιγραφόμενος
1277 3146 1450 3236 ⁸³,καὶ
1483 3175 1547 3244 τῇ
1571 3146 1675 3243 ὅλη
1694 3146 1889 3243 ὁμοίως

1997 3146 2114 3223 sum
2139 3166 2282 3219 velut
2301 3164 2351 3217 in
2379 3169 2529 3231 parte
2553 3159 2670 3233 [seu
2707 3171 2828 3213 cum
2859 3154 3029 3208 altera
3054 3146 3311 3221 partium]
3344 3147 3574 3209 unitum,

313 3262 568 3326 ἀτάκτως
612 3264 909 3334 φερόμενος
932 3281 945 3294 ·
979 3264 1072 3318 τοῦ
1109 3265 1217 3335 γὰρ
1250 3266 1308 3317 ὲν
1336 3258 1380 3333 ᾦ
1401 3267 1517 3319 ἐστι
1552 3266 1891 3336 πλημμελῶς

313 3351 660 3421 κινουμένου,
699 3353 913 3424 ἀνάγκη
970 3355 1064 3407 καὶ
1110 3354 1171 3406 τὸ
1201 3356 1260 3409 ἐν
1305 3355 1456 3426 αὐτῷ
1493 3356 1888 3424 συγκινεῖσθαι.

314 3443 552 3513 Πότερον
586 3444 643 3497 δὲ
680 3445 919 3516 ἐπλήρου
970 3444 1069 3516 τὴν
1126 3443 1260 3517 ὕλην
1292 3447 1320 3498 ὁ
1343 3446 1496 3513 Θεὸς,
1552 3447 1585 3519 ἢ
1621 3448 1679 3499 ἐν
1740 3447 1894 3518 μέρει

311 3535 507 3605 αὐτῆς,
528 3535 856 3605 ὲτύγχανεν;
894 3537 959 3591 Ei
1001 3539 1101 3607 μὲν
1124 3538 1234 3608 γὰρ
1262 3540 1321 3590 ὲν
1354 3541 1529 3610 μέρει,
1571 3539 1897 3609 μικρότερος

311 3626 487 3696 αὐτῆς
510 3626 607 3681 ἀτε
632 3627 697 3699 δὴ
727 3628 785 3679 έν
808 3626 962 3697 μέρει
996 3628 1166 3697 αὐτῆς
1197 3628 1467 3698 χωρηθείς
1493 3646 1508 3660 ο
1543 3631 1591 3681 εί
1618 3629 1675 3682 δὲ
1727 3629 1890 3699 ἐπλή-

315 3735 436 3787 ρου,
472 3719 588 3781 πῶς
625 3719 828 3788 ταύτην
857 3720 1321 3790 ὲδημιούργησεν;
1352 3721 1569 3791 ἀνάγκη
1588 3724 1696 3793 γάρ
1735 3723 1767 3794 ἢ
1799 3740 1895 3775 συ-

316 3810 513 3878 στολήν
539 3828 660 3862 τινα
689 3810 782 3863 τοῦ
798 3812 846 3843 ⁸⁸
887 3810 1022 3863 Θεοῦ
1061 3811 1262 3880 λέγειν,
1307 3809 1375 3885 ἦς
1420 3815 1720 3885 γενομένης
1776 3817 1898 3887 ἐδη-

317 3902 657 3973 μιούργησεν
694 3905 870 3957 ὲκεῖνο
894 3905 987 3973 ἀφ’
1014 3898 1075 3958 οὗ
1100 3904 1480 3977 ὑπεχώρησεν,
1512 3908 1544 3978 ἢ
1595 3908 1692 3961 καὶ
1731 3908 1896 3962 αὐτὸν

312 3995 384 4062 τῇ
422 3990 521 4062 ὕλῃ
562 3994 1036 4065 συνδημιουργεῖν,
1087 3998 1189 4049 οὐκ
1249 3997 1445 4067 ἔχοντα
1494 3999 1899 4071 ὑποχωρήσεως

314 4084 506 4138 τόπον.
531 4086 595 4139 Ei
641 4085 695 4138 δὲ
724 4087 822 4156 τὴν
878 4088 1009 4157 ὓλην
1046 4091 1105 4142 ὲν
1138 4087 1217 4159 τῷ
1256 4090 1376 4160 Θεῷ
1416 4085 1557 4143 εἶναι
1594 4090 1742 4159 λέγοι
1789 4108 1894 4156 τις,

320 4179 518 4249 ῥητέον
541 4180 769 4251 πότερον
798 4182 873 4244 ὡς
904 4182 1254 4252 διισταμένου
1298 4183 1463 4236 αὑτοῦ
1492 4184 1539 4216 9⁸
1577 4184 1671 4254 ἀφ’
1709 4184 1898 4250 αὑτοῦ,

316 4271 415 4323 καὶ
439 4269 626 4342 ῶσπερ
646 4274 702 4325 ὲν
722 4273 849 4344 ἀέρι
882 4274 1037 4337 ζώων
1059 4260 1359 4345 ὑπάρχειν*
1408 4276 1563 4348 γένη,
1606 4276 1901 4347 μεριζομέ-

315 4380 413 4417 νου
437 4365 601 4417 αὑτοῦ
628 4367 706 4428 είς
753 4366 1021 4436 ὑποδοχὴν
1064 4366 1172 4420 τῶν
1223 4367 1524 4436 γινομένων
1571 4370 1630 4421 ὲν
1676 4368 1899 4439 αὑτῷ,ἢ

317 4460 510 4532 ὥσπερ
538 4464 595 4514 ἐν
617 4465 687 4533 γῇ
716 4461 890 4533 ὕδωρ,
929 4464 990 4515 Εἰ
1024 4464 1122 4533 μὲν
1152 4464 1350 4532 γὰρώς
1382 4466 1438 4516 ἐν
1455 4464 1600 4535 ἀέρι,
1644 4465 1901 4535 μεριστὸν

2000 3264 2093 3318 sed
2113 3274 2233 3315 esse
2270 3257 2434 3311 Deum
2462 3257 2513 3309 in
2538 3252 2764 3307 materia
2786 3250 2933 3325 velut
2960 3247 3013 3300 in
3048 3246 3188 3309 loco,
3210 3251 3265 3295 et
3290 3238 3578 3294 materiam

2001 3356 2050 3409 in
2072 3354 2201 3417 Deo,
2219 3353 2264 3407 is
2283 3349 2576 3417 intelligat,
2604 3345 2744 3415 quod
2763 3343 2808 3397 si
2826 3342 3001 3394 locum
3022 3336 3137 3399 Dei,
3153 3332 3435 3389 materiam
3458 3343 3582 3383 esse

1999 3443 2317 3505 dixerimus,
2340 3436 2651 3492 necessario
2672 3434 2839 3487 etiam
2865 3428 3089 3482 materia
3114 3422 3580 3488 circumscriptus,

2000 3536 2162 3590 veluti
2198 3533 2314 3587 loco
2345 3529 2672 3591 includetur,
2707 3537 2921 3594 unaque
2950 3536 3071 3576 cum
3113 3517 3341 3573 materia
3376 3525 3583 3569 temere

2002 3626 2438 3683 circumferetur.
2465 3621 2675 3675 Etenim
2702 3618 2797 3673 illo
2830 3626 3033 3671 temere
3076 3620 3225 3667 moto
3253 3611 3304 3663 in
3340 3623 3449 3678 quo
3474 3615 3583 3671 est,

2005 3719 2313 3775 necessario
2340 3718 2503 3771 etiam
2537 3714 2588 3768 id
2631 3727 2735 3765 una
2778 3718 3026 3764 movetur
3063 3705 3204 3775 quod
3238 3711 3321 3758 est
3361 3702 3414 3755 in
3470 3700 3583 3755 illo.

2006 3814 2270 3869 Totamne
2324 3807 2609 3863 materiam
2687 3804 2830 3858 Deus
2880 3800 3212 3869 occupabat,
3267 3811 3335 3849 an
3376 3802 3585 3863 partem

2006 3907 2148 3960 illius
2183 3900 2423 3957 tantum?
2454 3899 2510 3953 Si
2546 3910 2750 3967 partem
2792 3903 3024 3956 tantum,
3072 3906 3202 3958 ergo
3247 3888 3425 3941 minor
3470 3892 3591 3938 erat

2008 4000 2118 4062 illa,
2164 4003 2345 4065 utpote
2389 4006 2492 4045 una
2536 4000 2744 4043 tantum
2790 3986 2931 4040 illius
2980 3992 3132 4055 parte
3182 3991 3325 4035 totus
3356 3978 3589 4032 circum-

2008 4092 2277 4159 scriptus;
2312 4088 2355 4141 si
2388 4092 2578 4149 totam,
2608 4079 2880 4151 quomodo
2910 4078 3051 4130 hanc
3077 4072 3321 4129 creavit?
3356 4069 3592 4123 Necesse

2007 4194 2088 4240 est
2123 4183 2265 4236 enim
2298 4190 2356 4233 ut
2382 4180 2626 4233 dicamus
2661 4174 2824 4227 Deum
2850 4170 3019 4223 fuisse
3049 4165 3229 4233 aliquo
3263 4162 3421 4216 modo
3454 4160 3508 4211 in
3533 4174 3592 4212 se

2012 4284 2326 4335 retractum,
2374 4281 2433 4324 ιιι
2480 4264 2851 4324 contractione
2908 4262 3049 4315 facta
3104 4257 3249 4310 illam
3299 4262 3528 4324 partem,
3560 4265 3591 4305 a

2011 4384 2115 4439 qua
2145 4383 2205 4421 se
2230 4364 2476 4429 retraxit,
2503 4367 2754 4423 crearet;
2782 4363 2878 4409 aut
2905 4353 3054 4407 illum
3082 4363 3186 4402 una
3213 4361 3335 4400 cum
3364 4341 3592 4398 materia

2011 4474 2261 4523 creasse,
2301 4472 2423 4511 cum
2468 4470 2574 4508 non
2613 4451 2835 4506 haberet
2867 4445 3076 4506 locum,
3117 4455 3227 4511 quo
3270 4453 3329 4493 se
3372 4432 3593 4488 interim

320 4528 541 4619 ἀνάγκη
565 4528 744 4618 λέγειν
779 4528 870 4603 τὸν
910 4528 1069 4603 Θεὸν·
1132 4528 1180 4603 εί
1213 4528 1267 4603 δὲ
1291 4552 1366 4614 ὡς
1414 4528 1557 4623 ὕδωρ
1588 4528 1658 4606 εὖ
1692 4528 1758 4623 τῇ
1804 4557 1889 4624 γῇ1

2017 4555 2296 4624 reciperet.
2344 4549 2400 4604 Si
2445 4562 2574 4601 vero
2619 4546 2741 4614 quis
2785 4549 2995 4596 asserat
3035 4535 3331 4606 lmateriam
3383 4530 3437 4583 in
3486 4528 3596 4580 Deo

320 4638 394 4712 ἦν
429 4642 487 4695 δὲ
514 4644 748 4706 ἄτακτος
786 4644 880 4696 καὶ
911 4643 1151 4713 ἄκοσμος
1180 4647 1211 4715 η
1244 4644 1366 4713 ὕλη,
1413 4647 1554 4715 πρὸς
1603 4644 1667 4715 δὴ
1692 4646 1901 4710 τούτοις

322 4732 525 4802 ἔχουσα
541 4736 636 4788 καὶ
667 4735 836 4796 κακά,
866 4736 955 4787 τὸν
985 4735 1116 4788 Θεὸν
1155 4736 1333 4803 λέγειν
1370 4737 1582 4809 ἀνάγκη
1620 4737 1728 4791 τῶν
1775 4739 1907 4791 ἀκο-

324 4827 553 4895 σμήτων
585 4828 678 4879 καί⁵
701 4827 886 4880 κακῶν
907 4827 1110 4881 τούτων
1129 4828 1322 4881 αἴτιον.
1356 4829 1466 4881 Καὶ
1487 4829 1588 4899 ὅρα
1616 4828 1772 4902 [γὰρ]
1831 4832 1907 4895 ὡς

324 4917 891 4989 ὕληνύποτιθέμενος,
933 4921 1021 4974 ἵνα
1068 4920 1142 4991 μὴ
1177 4919 1286 4972 τῶν
1320 4922 1506 4974 κακῶν
1560 4924 1791 4992 ποιητὴν
1835 4923 1911 4975 εί-

322 5025 450 5072 ποις
473 5010 515 5042 ”
562 5010 655 5063 τὸν
686 5010 840 5077 Θεὸν,
896 5010 1103 5080 δοχεῖον
1154 5009 1317 5063 αὑτὸν
1372 5009 1484 5063 τῶν
1535 5010 1722 5064 κακῶν
1764 5007 1904 5065 εἶναι

322 5101 527 5171 λέγεις.

2006 4646 2194 4707 fuisse,
2225 4639 2571 4712 quterendum
2605 4646 2691 4691 est
2720 4650 2787 4688 an
2822 4634 2962 4686 Deus
2989 4646 3017 4682 a
3054 4628 3237 4694 seipse
3275 4623 3394 4676 loco
3431 4618 3596 4673 fuerit

2005 4736 2244 4798 divisus,
2290 4741 2345 4785 et
2370 4731 2518 4783 velut
2552 4728 2603 4781 in
2648 4740 2774 4780 aere
2819 4720 3072 4778 animalia
3105 4726 3250 4780 sunt,
3287 4714 3378 4768 illo
3400 4710 3595 4765 diviso.

2007 4828 2155 4881 locus
2184 4827 2256 4880 sit
2288 4824 2461 4876 factus
2491 4822 2556 4874 iis
2586 4822 2746 4873 rebus
2770 4831 2892 4884 qua:
2927 4816 2978 4867 in
3012 4828 3076 4867 eo
3108 4806 3280 4863 fiunt?
3317 4814 3409 4859 aut
3440 4801 3591 4856 velut

2010 4924 2063 4977 in
2095 4930 2239 4975 terra
2278 4917 2462 4987 aqua?
2506 4916 2573 4967 Et
2597 4912 2863 4980 siquidem
2897 4918 2954 4962 ut
2982 4907 3035 4960 in
3076 4919 3223 4967 aere,
3269 4910 3397 4955 tunc
3424 4898 3592 4951 Deum

2017 5014 2250 5070 divisum
2290 5023 2548 5079 cogemur
2592 5018 2879 5059 asserere:
2934 5000 2980 5055 si
3029 5006 3204 5051 autem
3250 5001 3308 5046 ut
3354 5004 3495 5059 aqua
3547 4986 3602 5039 in

2015 5115 2184 5169 terra,
2216 5115 2335 5156 cum
2379 5097 2606 5153 materia
2646 5102 2790 5149 esset
2827 5088 3078 5145 informis
3117 5094 3171 5141 et
3212 5084 3500 5151 indigesta,
3547 5081 3605 5130 et

326 5198 470 5253 mala
508 5208 768 5268 praeterea
816 5199 868 5252 in
902 5214 960 5254 se
991 5201 1319 5265 contineret,
1354 5215 1574 5257 necesse
1628 5202 1731 5256 erit
1759 5202 1942 5261 dicere
1976 5203 2144 5258 Deum
2197 5212 2378 5253 rerum
2407 5191 2719 5249 informium
2745 5197 2801 5241 et
2846 5184 3110 5240 malarum
3146 5194 3269 5236 esse
3296 5187 3601 5233 auctorem.

330 5292 397 5345 Et
453 5295 696 5357 adverte,
741 5293 1193 5363 quemadmodum
1242 5295 1525 5351 materiam
1561 5302 1932 5364 supponendo,
1995 5310 2066 5352 ne
2120 5292 2387 5348 malorum
2436 5285 2773 5341 conditorem
2821 5280 3001 5335 Deum
3041 5276 3315 5331 alﬁrmare
3366 5268 3604 5341 cogaris,

330 5383 501 5438 Deum
554 5382 725 5439 facias
765 5385 1163 5455 receptaculqu
1211 5385 1493 5441 malorum.

1630 5528 1870 5586 VARIAB
1899 5526 2312 5587 LECTIONES.

405 5659 452 5735 ξε
474 5658 650 5735 ἔσται]
678 5659 877 5735 ἇμνῂΑΒ,
914 5662 979 5715 ἂν
1010 5660 1163 5716 ἔσται
1193 5682 1252 5727 ς.
1353 5665 1398 5697 ⁸³
1422 5662 1752 5735 κεχώρισται
1787 5664 1895 5719 ΑΒ·

328 5731 374 5762 "
405 5659 452 5744 :8
474 5658 650 5762 έστῖαὲ]
678 5659 979 5762 ἅΪΩΑΒἈῩν
1010 5660 1163 5716 ἔσται
1193 5682 1264 5762 ς·Ξ
1353 5665 1398 5697 ⁸³
1422 5662 1752 5735 κεχώρισται
1787 5664 1895 5719 ΑΒ.
2000 5666 2045 5697 ⁸ο
2069 5665 2136 5717 ἂν
2174 5660 2347 5720 οὕτως
2389 5656 2476 5711 AB
2508 5674 2522 5709 :
2553 5655 2725 5717 οὕτως
2763 5653 2829 5707 ἄν
2865 5668 2925 5717 ς.

406 5748 553 5762 ευρ-η..
645 5748 706 5762 ι..
956 5750 1234 5762 ...ρηυηηλ
1275 5752 1432 5762 μη.--
1486 5736 1572 5762 ..-ι
1604 5738 1668 5762 ,τι
1718 5735 1816 5762 1‘...
1853 5752 1936 5762 -m
1997 5735 2075 5762 an
2172 5733 2218 5762 es
2248 5747 2365 5762 ...ηη
2406 5727 2526 5762 ..ΑΓΛ
2554 5725 2720 5762 ηθιφηῗι
2747 5722 2827 5762 ΔΩ

877 5734 923 5828 ξ’.³
956 5736 1433 5828 περιγραφάρρενος
1702 5735 1819 5819 βλῃ
1850 5752 1959 5789 om.
1986 5735 2096 5793 AB.
2172 5733 2218 5765 9⁵
2248 5747 2368 5783 τινα
2406 5727 2527 5799 τοῦ]
2554 5725 2720 5782 αὐτοῦ
2740 5722 2847 5779 AB.

336 5800 445 5874 χει]
480 5801 603 5856 libri
636 5801 923 5873 ὑπάρχειν.
1002 5800 1043 5836 ³⁷
1072 5800 1282 5876 simth
1309 5806 1476 5860 εἰπών
1505 5805 1595 5859 ΑΒ
1618 5800 1843 5860 ε”εἰπεῗν
1868 5824 1923 5870 ς.

3033 5649 3074 5681 9‘
3105 5645 3232 5725 λέξῃ
3279 5641 3326 5697 Α
3356 5638 3603 5725 Ξξξειθς.

2932 5722 2977 5754 π
3002 5711 3285 5778 ἑαυτοῦ-ς.
3362 5711 3409 5744 ⁸⁵
3435 5711 3605 5780 ὑπάρ-
