4066 6416
564 362 692 425 1151

1739 369 2004 428 PIIUTII
2040 368 2553 429 PATRIARCIME
2590 371 2701 433 CP.

3691 368 3811 436 1152

638 476 777 544 Quin
797 486 851 531 et
876 478 948 532 ita
970 488 1353 547 argumentarc
1374 498 1388 535 :
1414 480 1691 536 Materiam
1711 498 1841 551 ergo
1858 482 2155 537 informem'

2322 483 2462 551 Λέγε
2488 483 2543 537 δὲ
2570 486 2665 536 καὶ
2691 476 2793 536 ὦδε
2813 498 2827 512 ·
2852 483 2961 553 Φῂς
2988 481 3170 534 τοίνυν
3186 480 3377 536 ἄποιον
3404 478 3538 549 ὓλην
3569 482 3817 550 συνυπάρη

560 563 641 618 ais
684 565 960 619 exstitisse
993 582 1116 619 cum
1149 566 1276 633 Deo,
1300 583 1363 621 ex
1391 584 1496 638 qua
1526 571 1782 623 mundum
1807 571 2048 625 creavit?
2074 570 2147 625 lla

566 660 700 714 mihi
730 661 965 715 videtur.
998 660 1187 717 Nonne
1205 663 1390 733 igitur,
1420 667 1464 718 si
1502 665 1752 720 informis
1785 667 2147 722 eratmateria

565 752 707 824 [sine
740 753 1140 825 qualitatibus],
1177 754 1438 813 formatus
1473 770 1555 812 est
1590 759 1819 823 mundus
1854 774 1885 812 a
1921 760 2061 814 Deo?
2095 760 2149 815 in

567 848 768 899 mumlo
783 855 960 901 autem
982 858 1106 901 sunt
1122 849 1409 916 qualitates
1425 867 1439 915 ;
1457 849 1775 919 qualitatum
1795 852 2153 907 conditorfuit

568 937 730 992 Deus.
766 940 843 993 Ita
872 948 976 993 est.
1005 939 1272 1005 Quoniam
1292 955 1420 995 vero
1455 941 1551 995 tibi
1580 944 1797 997 videtur
1822 944 2153 1013 impossibile

566 1045 689 1083 esse
719 1040 775 1082 ut
815 1030 1009 1100 305b
1056 1047 1123 1084 ex
1185 1032 1353 1085 nihilo
1395 1032 1752 1103 liataliquid,
1795 1035 2061 1104 responde
2084 1036 2151 1089 ad

564 1123 919 1192 quaestionem
954 1142 967 1177 :
1018 1123 1354 1180 Videnturne
1390 1126 1484 1181 tibi
1520 1128 1817 1197 qualitates
1863 1130 2046 1183 tnundi
2084 1144 2151 1184 ex

568 1229 674 1266 non
706 1214 965 1283 subjectis
994 1216 1344 1284 qualitatibus
1390 1216 1547 1273 laetae
1577 1218 1600 1273 ?
1638 1218 1923 1274 Videntur.
1962 1220 2030 1273 Et
2058 1221 2155 1275 has

569 1321 691 1360 esse
716 1306 915 1375 aliquid
939 1308 1086 1361 aliud
1120 1325 1146 1361 a
1181 1311 1482 1363 substantia
1506 1312 1835 1366 existimas?
1858 1314 1958 1378 Ita,
1984 1313 2151 1367 aliud.

571 1390 759 1445 Nonne
802 1409 965 1464 ergo,
1009 1396 1052 1449 si
1103 1395 1247 1452 Deus
1295 1398 1588 1465 qualitates
1630 1416 1697 1455 ex
1749 1417 1852 1456 non
1897 1403 2156 1473 subjectis

572 1484 923 1551 qualitatibus
955 1488 1230 1551 condidit,
1270 1505 1390 1558 quae
1422 1506 1484 1544 ex
1518 1492 1844 1547 substantiis
1884 1511 1988 1548 non
2024 1503 2155 1551 sunt

575 1573 750 1637 lactte,
779 1590 900 1629 eum
940 1578 1253 1634 substantiae
1281 1597 1386 1635 non
1417 1583 1530 1635 sint
1566 1584 1877 1653 qualitates,
1916 1589 2025 1643 erit
2060 1605 2155 1645 ne-

574 1678 726 1719 cesse
756 1666 936 1723 dicere
975 1670 1094 1725 illas
1124 1687 1190 1725 ex
1236 1673 1406 1727 nihilo
1432 1689 1461 1726 a
1495 1677 1603 1729 Deo
1639 1691 1761 1731 esse
1784 1690 1998 1735 creatas
2028 1696 2156 1737 :su-

576 1773 965 1825 pervacaneum
1002 1774 1180 1819 autem
1207 1767 1315 1819 erit
1337 1767 1535 1821 docere
1556 1767 1691 1822 nihil
1718 1784 1743 1822 a
1772 1770 1879 1824 Deo
1900 1785 1967 1825 ex
1989 1773 2157 1829 nihilo

2249 592 2367 646 χειν
2390 574 2467 645 τῷ
2497 574 2639 644 Θεῷ,
2664 574 2721 638 ἐξ
2741 570 2808 645 ἧς
2824 573 2924 643 τὴν
2947 571 3042 624 τοῦ
3073 571 3283 641 κόσμου
3306 570 3522 638 γένεσιν
3544 569 3817 639 ἐδημιούρο

2248 686 2418 737 γησεν
2440 687 2455 733 ;
2480 666 2637 721 Οὑτυι
2677 684 2765 737 μοι
2799 668 2967 719 δοκεῖ.
3003 665 3214 718 Οὐκοῦν
3243 664 3293 716 εί
3323 663 3514 725 ἄποιος
3543 661 3820 729 ἐτύγχανεν

2249 762 2283 831 η
2316 761 2439 830 ὑλη,
2494 760 2687 828 γέγονε
2717 759 2774 811 δὲ
2816 758 3019 828 κόσμος
3060 757 3195 827 πρὸς
3255 754 3351 808 τοῦ
3382 754 3542 818 Θεοῦ,
3580 755 3637 806 ἐν
3669 754 3723 807 δὲ
3753 754 3819 824 τῷ

2251 854 2442 923 κόσμῳ
2464 855 2521 905 αἱ
2545 853 2850 919 ποιότητες,
2876 849 2986 902 τῶν
3015 851 3315 919 ποιοτήτων
3338 848 3529 918 γέγονε
3565 846 3820 916 ποιητὴςό

2250 944 2417 1009 Θεόςς
2456 943 2644 1004 Οὑτως
2689 942 2827 1012 ἔχει.
2874 941 3001 1013 [944
3037 940 3129 1013 [1.]
3169 941 3323 994 Ἐπεὶ
3351 940 3409 992 δέ
3433 956 3519 992 σοι
3564 938 3819 991 δοκεῖκαὶ

2250 1038 2327 1101 ὡς
2365 1037 2630 1091 ἀδύνατον
2660 1034 2720 1100 ἐξ
2748 1035 2849 1087 οὐκ
2903 1034 3076 1087 ὄντων
3131 1032 3383 1101 γίνεσθαί
3409 1050 3487 1095 τι,
3547 1032 3683 1103 πρὸς
3736 1033 3819 1100 τὴν

2251 1129 2520 1201 ἐρώτησιν
2556 1127 2854 1198 ἀπόκριναι
2874 1127 2921 1159 ⁸⁸
2950 1142 2964 1156 ⁸
3024 1128 3186 1180 Δοκεῖ
3239 1144 3323 1179 σοι
3376 1125 3475 1189 τὰς
3508 1124 3605 1178 τοῦ
3636 1124 3819 1193 κόσμου

2254 1219 2602 1290 ποιότητας⁰⁹
2628 1221 2703 1288 μὴ
2747 1218 2807 1285 ἐξ
2846 1216 3222 1287 ὑποκειμένων
3273 1216 3561 1286 γεγονέναι
3619 1218 3819 1285 ποιοτή-

2252 1328 2396 1377 των;
2446 1312 2622 1363 Δοκεῖ.
2651 1308 2880 1380 Ἕτερον
2929 1308 2988 1361 δέ
3022 1325 3075 1362 τι
3104 1309 3254 1380 παρὰ
3287 1308 3385 1372 τὰς
3440 1308 3638 1371 οὐσίας
3665 1308 3822 1378 ὑπάρ-

2254 1418 2372 1471 χειν
2400 1399 2608 1466 αὐτάς;
2641 1398 2826 1462 Οὕτως
2864 1398 2995 1468 ἔχει.
3060 1398 3267 1451 Οὐκοῦν
3295 1400 3344 1451 εί
3371 1402 3511 1469 μήτε
3538 1399 3596 1464 ἐξ
3619 1400 3821 1451 ὑποκει-

2258 1493 2435 1563 μένων
2490 1495 2791 1565 ποιοτήτων
2844 1492 2942 1555 τὰς
3009 1491 3301 1560 ποιότητας
3331 1489 3819 1561 ὲδημιούργησενό

2255 1584 2411 1646 Θεὸς,
2442 1585 2579 1655 μήτε
2612 1585 2676 1635 ὲκ
2700 1583 2810 1636 τῶν
2831 1580 3032 1635 οὐσιῶν
3048 1580 3354 1649 ὑπάρχουσι
3384 1580 3464 1648 τῷ
3495 1580 3631 1650 μηδὲ
3658 1580 3820 1643 obsis;

2256 1676 2425 1740 αὑτὰς
2479 1672 2641 1739 εἶναι,
2677 1677 2740 1727 ὲκ
2779 1675 2854 1744 μὴ
2884 1674 3056 1727 όντων
3096 1673 3266 1735 αὑτὰς
3302 1672 3409 1725 ὑπὸ
3443 1672 3586 1725 Θεοῦ
3624 1674 3821 1740 γεγονέ-

2256 1770 2379 1821 ναι¹
2434 1768 2649 1836 ἀνάγκη
2697 1768 2893 1819 εἰπεῖν.
2942 1765 3204 1834 Περιττὸν
3260 1764 3372 1833 ἄρα
3402 1764 3466 1816 τὸ
3498 1763 3738 1828 δοξάζειν
3760 1765 3824 1827 ὡς

575 1848 775 1904 factum
807 1867 949 1907 esse.
983 1854 1270 1911 Enimvero
1304 1873 1391 1911 res
1427 1857 1494 1913 de
1546 1860 1646 1913 hoc
1679 1859 2048 1935 [argumento]
2082 1865 2153 1918 ita

2258 1861 2410 1914 οὐδὲν
2443 1861 2500 1926 ἐξ
2545 1860 2644 1912 οὐκ
2671 1859 2840 1911 ὄντων
2898 1858 3107 1925 γίνεται
3161 1858 3299 1926 πρὸς
3333 1856 3429 1909 τοῦ
3462 1856 3622 1909 Θεοῦ.
3658 1856 3824 1907 Ἀλλ’ό

575 1940 875 1997 decidatur.
897 1943 1031 1999 Nam
1057 1947 1217 2000 etiam
1239 1951 1377 2017 apud
1402 1966 1500 2004 nos
1524 1950 1769 2006 videmus
1791 1955 2036 2022 quadam
2064 1972 2160 2024 per

577 2033 824 2090 homines
860 2051 926 2090 ex
964 2038 1131 2093 nihilo
1163 2040 1309 2105 ﬁeri,
1348 2052 1407 2097 ut
1441 2043 1487 2097 si
1524 2045 1830 2111 exemplum
1873 2049 1941 2099 ab
1969 2050 2156 2102 archi-

580 2128 863 2183 tectOuicis
886 2129 1165 2199 capiamus
1197 2152 1208 2185 :
1248 2136 1465 2202 quando
1494 2137 1546 2190 hi
1583 2138 1745 2193 urbes
1778 2154 1847 2192 ex
1871 2156 1977 2195 non
2017 2142 2160 2197 urbi-

577 2215 679 2270 bus
713 2218 979 2283 condunt,
1020 2229 1074 2275 et
1135 2224 1330 2292 templa
1367 2240 1432 2279 ex
1478 2242 1587 2280 non
1648 2230 1884 2297 templis.
1932 2228 2156 2297 Quodsi,

578 2308 705 2376 quia
742 2309 825 2363 his
849 2310 1167 2367 substantiae
1199 2317 1457 2384 subjecta:
1481 2318 1616 2383 sint,
1645 2319 1929 2376 existimas
1948 2322 2017 2377 ab
2050 2323 2158 2377 illis

581 2399 695 2452 inec
728 2414 793 2454 ex
842 2403 1008 2457 rebus
1059 2406 1449 2464 exsiStentibus
1501 2408 1643 2475 fieri,
1670 2411 1875 2467 falleris
1928 2415 2154 2469 ratione.

580 2485 766 2554 Neque
792 2489 935 2543 enim
961 2493 1261 2548 substantia
1286 2497 1471 2550 condit
1493 2498 1792 2564 civitatein,
1817 2511 1910 2553 aut
1936 2503 2153 2569 templa,

580 2578 673 2632 sed
702 2596 790 2635 ars
816 2596 934 2649 quae
972 2585 1116 2638 circa
1149 2588 1506 2641 substantiam
1556 2591 1671 2660 (seu
1708 2592 2013 2663 materiam)
2043 2609 2182 2648 verm

578 2678 751 2736 satur,
793 2687 911 2742 qua:
942 2689 1045 2729 non
1083 2690 1149 2729 ex
1177 2678 1414 2745 subjecta
1452 2680 1631 2747 aliqua
1668 2692 1783 2736 arte
1830 2700 1951 2753 qute
1992 2684 2064 2738 sit
2102 2686 2157 2739 in

578 2764 916 2827 substantia,
964 2770 1306 2837 producitur,
1334 2773 1426 2826 sed
1464 2787 1531 2827 ex
1572 2789 1635 2829 ea
1686 2790 1806 2845 quae
1841 2793 1946 2831 non
1986 2786 2069 2833 est
2105 2779 2157 2833 in

579 2854 717 2921 illis,
770 2860 1000 2915 exsistit.
1044 2862 1150 2917 Sed
1200 2865 1399 2921 videris
1434 2869 1569 2924 mihi
1612 2871 1714 2925 hac
1752 2871 1961 2928 ratione
2001 2875 2158 2929 dictis

577 2965 885 3016 occurrere,
911 2954 979 3009 ab
1006 2956 1218 3012 artiﬁce
1255 2972 1349 3026 per
1373 2970 1549 3015 artem
1582 2962 1787 3032 aliquid
1820 2964 1874 3019 in
1910 2968 2158 3022 substan-

579 3042 651 3093 tia
686 3042 800 3096 fieri
831 3062 844 3097 :
876 3048 1173 3115 respondeo
1198 3052 1264 3102 ad
1293 3051 1414 3113 hoc,
1460 3067 1561 3106 nec
1592 3054 1645 3107 iu
1683 3055 1904 3110 homine
1937 3058 2153 3128 quidem

577 3142 748 3186 artem
782 3150 849 3188 ex
890 3136 1131 3204 subjecta
1172 3149 1289 3194 arte
1332 3141 1512 3211 aliqua
1554 3146 1709 3212 ﬁeri,
1758 3160 1824 3202 eo
1862 3149 2006 3217 quod
2046 3164 2151 3204 non

576 3226 749 3293 possit
785 3227 1085 3284 substantia
1125 3248 1189 3287 ex
1231 3226 1291 3288 se
1314 3244 1485 3289 artem
1531 3253 1841 3306 procreare.
1879 3240 1977 3296 Est
2007 3244 2151 3297 enim

574 3332 669 3372 ars
715 3333 782 3372 ex
831 3319 938 3375 illis
978 3323 1385 3390 accidentibus,
1425 3343 1548 3395 qua:
1596 3340 1706 3383 tum
1753 3329 1954 3385 habent
1996 3347 2152 3387 suum

575 3422 719 3469 esse.
744 3417 960 3480 quando
989 3415 1042 3469 in
1071 3416 1369 3472 substantia
1394 3420 1573 3490 aliqua
1603 3422 1739 3477 ﬁunt
1766 3440 1781 3477 ;
1817 3424 1981 3478 homo
2007 3426 2153 3479 enim

575 3502 738 3554 etiam
778 3504 896 3559 sine
938 3509 1203 3562 tectonica
1251 3510 1360 3564 erit
1403 3513 1587 3567 homo.
1647 3512 1935 3573 Tectonica
1974 3530 2156 3573 autem

576 3593 723 3647 nulla
746 3595 873 3659 erit,
905 3598 1005 3651 nisi
1043 3600 1193 3667 prius
1217 3602 1375 3655 homo
1402 3606 1694 3663 exstiterit.
1732 3606 1882 3664 Unde
1914 3620 2063 3666 artes
2105 3613 2156 3667 in

577 3685 890 3741 hominibus
930 3704 998 3743 ex
1028 3705 1135 3744 non
1168 3702 1307 3759 eute,‘
1328 3699 1600 3762 procreari
1634 3703 1946 3756 necessario
1974 3685 2160 3757 dicen-

577 3775 704 3829 dum
743 3786 846 3833 est.
897 3780 1039 3852 Ergo
1074 3783 1116 3837 si
1161 3783 1263 3839 hoc
1305 3787 1377 3839 ita
1414 3802 1473 3842 se
1514 3788 1716 3846 habere
1759 3792 1811 3846 in
1850 3793 2161 3849 hominibus

576 3868 931 3934 ostendimus,
965 3873 1239 3941 quomodo
1266 3890 1371 3929 non
1405 3891 1619 3947 aequum
1653 3879 1758 3935 erit
1797 3881 2007 3949 dicere,
2054 3900 2159 3939 non

574 3958 748 4012 solum
797 3962 1084 4029 qualitates
1123 3980 1153 4019 a
1200 3966 1307 4021 Deo
1357 3982 1424 4022 ex
1450 3984 1558 4021 non
1604 3971 2011 4036 exsistentibus.
2063 3976 2160 4030 sed

577 4052 741 4106 etiam
786 4056 1120 4112 substantias
1160 4074 1317 4129 posse
1360 4060 1510 4115 ﬁeri?
1544 4062 1680 4116 Dum
1710 4065 1853 4119 enim
1895 4068 2155 4135 possibile

580 4146 811 4214 videtur,
844 4158 899 4201 ut
937 4149 1139 4220 aliquid
1176 4169 1243 4208 ex
1285 4155 1455 4209 nihilo
1491 4156 1605 4221 fiat,
1644 4158 1952 4213 ostenditur
1986 4160 2152 4214 etiam

575 4240 912 4295 substantias
939 4257 1005 4295 ex
1039 4244 1205 4300 nihilo
1242 4246 1357 4300 ﬁeri
1386 4262 1567 4316 posse.

649 4329 845 4385 Iterum
896 4348 1025 4388 vero
1070 4336 1479 4405 disceptandum
1526 4349 1610 4394 est
1663 4340 1731 4395 de
1785 4340 1962 4397 malis.
2016 4341 2155 4399 Mala

577 4419 896 4476 videnturne
924 4423 1017 4478 tibi
1047 4440 1165 4481 esse
1198 4429 1538 4496 substantiae,
1591 4446 1659 4484 an
1696 4431 1991 4500 qualitates
2024 4434 2156 4489 sub-

577 4511 937 4567 stantiaruni?
968 4514 1293 4582 Qualitates.
1320 4520 1540 4576 Materia
1562 4532 1753 4578 eratne
1787 4524 1905 4579 sine
1931 4526 2158 4593 qualita-

580 4603 744 4667 tibus,
767 4613 821 4658 et
842 4606 1127 4662 informis?
1149 4610 1297 4665 Erat.
1321 4611 1463 4665 Sunt
1489 4612 1633 4665 enim
1654 4612 1770 4668 hac
1791 4617 1974 4671 omnia
2003 4632 2157 4673 com-

578 4697 751 4764 posita
778 4713 897 4752 cum
926 4700 1226 4755 substantia
1257 4718 1323 4758 ex
1358 4704 1421 4757 iis
1447 4720 1570 4771 qua:
1609 4706 1863 4762 accidunt
1892 4710 2154 4765 substan-

578 4789 687 4844 tiae.
723 4789 902 4859 Neque
934 4793 1076 4846 enim
1112 4794 1471 4850 homicidium
1505 4808 1592 4851 est
1626 4800 1953 4866 substantia,
1985 4817 2161 4872 neque

576 4882 868 4951 quidquam
894 4885 1122 4941 aliorum
1144 4888 1431 4955 malorum,
1450 4890 1543 4946 sed
1576 4891 1642 4945 ab
1657 4892 1969 4959 Operatioue
1996 4894 2162 4949 deuo-

578 4974 873 5029 miuantur.
908 4976 1092 5047 Neque
1116 4983 1257 5034 enim
1282 4983 1456 5036 cmdes
1472 4992 1554 5037 est
1588 4982 1772 5047 homo,
1795 4985 1888 5039 sed
1915 4986 2161 5041 faciendo

579 5065 740 5126 hanc,
822 5064 1091 5122 homicida
1162 5068 1286 5122 inde
1351 5070 1786 5138 cognominatur,
1876 5071 1970 5140 qui
2050 5086 2155 5124 non

574 5164 660 5211 est
735 5145 849 5225 ipsa
906 5160 1111 5227 caedes,
1163 5176 1377 5230 neque,
1437 5172 1496 5215 ut
1568 5161 1888 5230 compendio
1962 5160 2163 5227 dicam,

574 5246 867 5318 quidquam
890 5265 957 5305 ex
987 5252 1109 5308 aliis
1140 5253 1297 5307 malis
1326 5262 1411 5307 est
1446 5253 1769 5316 substantia,
1818 5252 1910 5306 sed
1937 5252 2104 5322 306
2126 5269 2159 5304 α

574 5342 717 5396 mala
768 5344 873 5398 dici
929 5354 1102 5414 potest
1144 5345 1395 5399 faciendo
1443 5344 1647 5412 aliquid
1699 5344 1848 5397 mali.
1898 5342 2160 5397 Similiter

574 5438 900 5493 ratiocinare
929 5456 943 5492 :
974 5438 1031 5492 Si
1073 5438 1204 5507 quid
1244 5437 1388 5491 aliud
1428 5436 1609 5489 animo
1651 5436 1966 5503 conceperis
2013 5436 2155 5503 quod

575 5529 780 5584 homini
808 5531 882 5585 sit
914 5544 1078 5585 causa
1119 5533 1426 5584 malorum:
1462 5528 1607 5583 velut
1647 5538 1731 5583 est
1767 5527 1894 5581 illud
1930 5527 2151 5592 malum,

2264 1953 2362 2021 μὲν
2420 1952 2549 2021 περὶ
2610 1949 2800 2002 τούτου
2872 1950 3028 2016 λόγος
3059 1941 3160 2002 ὧδε
3202 1948 3394 2017 ἐχέτω.
3429 1948 3548 2002 Καὶ
3580 1948 3681 2017 γὰρ
3708 1949 3820 2017 παρ’

2257 2045 2391 2112 ἡμῖν
2450 2042 2670 2111 ὁρῶμεν
2733 2037 3058 2110 ἀνθρώπους
3086 2036 3146 2102 ἐξ
3172 2038 3273 2089 οὐκ
3325 2038 3503 2090 ὄντων
3564 2035 3824 2097 ποιοῦντὰς

2258 2154 2399 2197 τινα,
2446 2129 2555 2186 οἷον
2604 2134 2697 2186 ἐπὶ
2747 2132 2854 2185 τῶν
2906 2129 3364 2202 ἀρχιτεκτονικῶν
3392 2131 3457 2183 τὸ
3490 2130 3821 2199 παράδειγμα

2257 2225 2509 2294 λάϐωμεν
2527 2241 2539 2253 ·
2578 2220 2615 2294 ἦ
2637 2226 2655 2253 ‘
2681 2225 2790 2294 γὰρ
2816 2215 2961 2277 οὗτοι
2984 2221 3198 2275 ποιοῦσι
3217 2222 3402 2283 πόλεις
3425 2221 3533 2273 οὑκ
3552 2222 3616 2273 ἐκ
3638 2219 3822 2272 πόλεων

2259 2319 2355 2372 καὶ
2382 2318 2543 2381 ναοὺς
2571 2317 2673 2370 οὐκ
2701 2318 2765 2369 ὲκ
2787 2316 2954 2371 ναῶν.
3002 2316 3068 2370 Εί
3091 2315 3138 2368 δ’
3165 2315 3251 2368 ὅτι
3272 2312 3491 2375 τούτοις
3510 2311 3688 2365 οὐσίαι
3706 2310 3820 2362 ὑπό·

2258 2427 2492 2473 κεινται,
2524 2408 2625 2462 οἴει
2655 2407 2715 2474 ἐξ
2750 2407 2895 2480 [οὐκ]
2923 2408 3098 2462 ὄντων
3152 2407 3350 2470 αὐτοὺς
3373 2406 3393 2438 ³
3414 2404 3598 2458 ταῦτα
3650 2405 3821 2463 ποιεῖν,

2256 2502 2335 2573 τῷ
2364 2503 2507 2573 λόγῳ
2544 2501 2775 2573 σφάλλῃ.
2809 2501 2945 2555 Οὐδὲ
2982 2501 3089 2571 γὰρ
3115 2503 3149 2571 ἡ
3179 2501 3339 2553 οὐσία
3362 2500 3520 2552 ἐστὶν
3547 2501 3581 2568 ἠ
3614 2495 3819 2551 ποιοῦσα

2257 2596 2355 2666 τὴν
2379 2594 2465 2647 πό)
2479 2594 2579 2665 ινῆ
2612 2596 2736 2659 τοὺς
2766 2595 2952 2658 ναοὺς,
2977 2593 3147 2664 ἀλλίή
3175 2592 3303 2663 περὶ
3326 2593 3424 2663 τὴν
3451 2591 3642 2645 οὐσίαν
3660 2590 3817 2658 τέχνη.

2258 2685 2293 2754 ἢ
2318 2684 2416 2738 οὑκ
2442 2683 2503 2749 ἐξ
2534 2682 2903 2753 ὑποκειμένης
2954 2683 3097 2745 τινὸς
3138 2683 3335 2753 τέχνης
3365 2684 3424 2734 ὲν
3459 2684 3584 2743 ταῖς
3636 2680 3819 2740 οὐσίαις

2257 2779 2487 2848 γίνεται,
2520 2777 2635 2831 ἀλλ’
2657 2776 2717 2841 ἐξ
2744 2776 2844 2829 οὐκ
2870 2774 3039 2846 οὔσης
3080 2777 3139 2827 ὲν
3168 2774 3362 2837 αὑταῖς
3389 2773 3629 2840 γίνεται.
3647 2773 3818 2823 Ἅπαν-

2255 2872 2440 2942 τὴσειν
2469 2870 2527 2923 δέ
2554 2887 2644 2939 μοι
2689 2871 2865 2933 δοκεῖς
2918 2868 3060 2923 οὑτω
3088 2867 3165 2938 τῷ
3185 2867 3350 2937 λόγῳ,
3375 2868 3463 2920 ὅτι
3510 2864 3815 2935 τεχνίτηςτῇ

2258 2964 2315 3014 ὲν
2346 2963 2413 3032 τῇ
2436 2960 2594 3031 οὐσίᾳ
2649 2959 2812 3031 τέχνῃ
2857 2961 3023 3013 ποιεῖ.
3074 2957 3223 3028 Φημὶ
3253 2957 3311 3010 δὲ
3342 2956 3488 3027 πρὸς
3549 2954 3702 3009 τοῦτο
3750 2954 3817 3004 ὅτι

2255 3053 2376 3107 οὐδὲ
2400 3054 2457 3105 ἐν
2480 3050 2559 3122 τῷ
2601 3051 2873 3122 ἀνθρώπῳ
2918 3051 2982 3103 ἔκ
3030 3067 3175 3112 τινος
3222 3048 3599 3117 ὑποκειμένης
3648 3046 3819 3116 τέχνης

2259 3144 2630 3216 προσγίνεται.
2666 3144 2803 3197 Οὐδὲ
2830 3142 2940 3212 γὰρ
2967 3140 3146 3195 ἔνεστι
3175 3139 3275 3211 τὴν
3303 3140 3390 3209 ἐφ’
3417 3138 3628 3208 ἑαυτῆς
3648 3137 3814 3191 οὐσίαν

2256 3237 2438 3291 δοῦναι
2498 3236 2600 3308 τὴν
2646 3236 2878 3306 τέχνην·
2912 3233 3019 3287 τῶν
3075 3234 3186 3304 γὰρ
3230 3231 3663 3303 συμϐεϐηκότων
3704 3228 3817 3291 ἐστὶ,

2259 3332 2351 3382 καὶ
2377 3328 2490 3381 τῶν
2518 3328 2640 3381 τότε
2662 3327 2724 3379 τδ
2746 3321 2889 3380 εἶναι
2946 3326 3203 3396 ἐχόντων,
3229 3324 3429 3378 ὁπόταν
3465 3325 3526 3377 ὲν
3555 3322 3705 3392 οὐσίᾳ⁵
3732 3320 3819 3371 τινὶ

2257 3420 2502 3489 γένηται.
2531 3418 2659 3491 [500
2684 3416 2779 3491 [1.]
2813 3418 2873 3471 ὐ
2934 3418 3032 3487 μὲν
3066 3416 3177 3486 γὰρ
3221 3416 3517 3485 ἄνθρωπος
3547 3418 3640 3469 καὶ
3679 3413 3818 3482 χωρὶς

2257 3504 2355 3580 τῆς
2372 3509 2690 3578 τεκτονικῆς
2708 3508 2883 3571 ἔσται,
2904 3507 3007 3577 ἠδὲ
3031 3506 3131 3559 οὐκ
3153 3506 3305 3558 ἔσται
3322 3506 3342 3536 ⁸
3365 3504 3462 3557 ἐὰν
3500 3504 3575 3575 μὴ
3592 3503 3818 3573 πρότερον

2260 3604 2356 3657 ἄνθ
2367 3620 2545 3675 ρωπος
2641 3602 2802 3656 Ὅθεν
2819 3604 2917 3664 τὰς
2937 3600 3129 3670 τέχνας
3150 3598 3321 3663 ὲξοὺκ
3344 3598 3402 3651 ὃν
3413 3616 3517 3653 ξων
3546 3597 3620 3660 εις
3640 3591 3818 3663 ἀνθρώ-

2262 3696 2707 3764 πουςπεφυκέναι
2758 3693 3007 3762 γίνεσθαι
3034 3693 3216 3762 λέγειν
3236 3693 3559 3756 ἀναγκαῖον.
3590 3690 3649 3743 Εἰ
3670 3688 3817 3740 τοίνυν

2259 3791 2421 3843 τοῦτο
2472 3788 2647 3849 οὕτως
2702 3787 2848 3858 ἔχειν
2902 3788 2990 3840 ἐπ’
3024 3787 3332 3856 ἀνθρώπων
3378 3785 3679 3853 ἐδείξαμεν,
3725 3778 3817 3839 πῶς

2261 3882 2387 3951 οὐχὶ
2408 3881 2652 3952 προσῆκε
2703 3880 2793 3932 τὸν
2836 3878 2969 3931 Θεὸν
3003 3879 3078 3949 μὴ
3111 3878 3272 3948 μόνον
3333 3876 3630 3967 ποιότητας
3660 3870 3818 3967 ὲξ

2261 3973 2432 4025 ὅντων
2460 3972 2627 4041 φάναι
2657 3969 2919 4024 δύνασθαι
2946 3972 3141 4033 ποιεῖν,
3176 3967 3313 4023 ἀλλὰ
3344 3968 3440 4021 καὶ
3470 3966 3691 4027 οὐσίας;
3718 3958 3816 4026 Τῷ³

2264 4066 2373 4133 γὰρ
2402 4064 2625 4116 δυνατὸν
2676 4064 2913 4131 φανῆναι
2942 4060 3003 4114 τὸ
3033 4058 3281 4128 γίνεσθαί
3333 4076 3387 4112 τι
3430 4057 3494 4122 ἐξ
3532 4058 3629 4110 οὑκ
3654 4054 3815 4109 ὄντων.

2266 4157 2485 4220 καὶτὰς
2513 4156 2703 4219 οὐσίας
2734 4155 2907 4218 οὑτως
2941 4154 3086 4225 ἔχειν
3129 4153 3425 4206 δείκνυται.

2336 4332 2504 4386 Πάλιν
2540 4331 2599 4385 δὲ
2627 4330 2951 4401 διαληπτέον
3002 4330 3108 4381 τῶν
3166 4328 3356 4381 κακῶν
3403 4327 3555 4397 πέρι.
3589 4322 3663 4376 Τὰ
3695 4317 3815 4372 κακὰ

2263 4427 2493 4495 πότερον
2520 4424 2699 4477 οὐσίαι
2728 4440 2809 4476 σοι
2840 4421 3085 4475 δοκοῦσιν
3104 4416 3245 4473 εἶναι
3263 4419 3294 4489 ἢ
3311 4419 3597 4487 ποιότητες
3613 4412 3812 4471 οὐσιῶν;

2263 4519 2581 4588 Ποιότητες.
2626 4514 2770 4569 Ἡδὲ
2802 4514 2905 4583 ὑλη
2930 4514 3122 4575 ἄποιος
3152 4509 3219 4580 ἦν
3250 4513 3347 4563 καὶ
3392 4508 3809 4579 ἁσχημάτιστοςς

2265 4609 2472 4673 Οὕτως.
2500 4608 2808 4662 Πέπλεκται
2835 4605 2942 4675 ἄρα
2970 4604 3039 4657 τὰ
3070 4604 3317 4671 ὀνόματα
3381 4601 3561 4653 ταῦτα
3588 4601 3650 4668 τῇ
3678 4593 3810 4661 οὐσίᾳ

2269 4705 2335 4756 ἐκ
2356 4703 2466 4755 τῶν
2502 4698 2933 4772 συμϐεϐηκότων
2963 4696 3121 4766 αὐτῇ.
3157 4693 3295 4746 Οὑτε
3329 4692 3438 4761 γάρ
3464 4694 3609 4745 ἐστιν
3635 4691 3660 4741 ὁ
3684 4686 3813 4755 φόνος

2267 4802 2302 4870 ἡ
2331 4800 2490 4853 οὐσία
2514 4792 2639 4851 οὔτε
2665 4813 2718 4849 τι
2745 4794 2852 4847 τῶν
2881 4791 3054 4847 ἄλλων
3082 4789 3289 4855 κακῶν,
3320 4787 3433 4842 ἀλλ’
3459 4787 3523 4840 ὲκ
3555 4784 3657 4838 τῶν
3688 4783 3809 4845 ἐνερ-

2266 4892 2432 4960 γειῶν
2459 4888 2924 4960 παρονομάξεται.
2976 4883 3115 4938 Οὑτε
3142 4883 3251 4955 γὰρ
3292 4881 3454 4959 ιλόνος
3480 4880 3509 4931 ὀ
3539 4876 3810 4978 Momms,

2270 4983 2408 5036 ἀλλὰ
2459 4980 2536 5049 τῷ
2586 4978 2953 5049 ἐνηργηκέναι
3004 4977 3196 5030 τοῦτον
3251 4973 3599 5046 παρωνύμως
3648 4973 3811 5035 φονεὺς

2271 5072 2730 5143 παρονομάζεται,
2758 5071 2833 5139 μὴ
2865 5069 2941 5122 ὢν
2981 5070 3144 5138 φόνος
3175 5069 3355 5129 αὐτός’
3388 5064 3510 5118 οὔτε
3549 5055 3810 5156 συλλ

2270 5164 2444 5217 εἰπεῖν
2472 5180 2525 5215 τι
2548 5162 2657 5215 τῶν
2687 5161 2863 5216 ἄλλων
2918 5160 3107 5213 κακῶν
3160 5160 3306 5211 ἐστιν
3327 5161 3360 5226 ὴ
3389 5157 3564 5221 οὐσία,
3607 5149 3729 5206 ἀλλὰ
3750 5162 3809 5213 τῳ

2269 5254 2473 5327 πρᾶξαί
2492 5274 2543 5309 τι
2572 5257 2680 5309 τῶν
2707 5254 2893 5309 κακῶν
2920 5254 3066 5324 κακὴ
3082 5251 3337 5322 λέγεσθαι
3360 5249 3597 5303 δύναται.
3616 5240 3810 5337 Uti-051:3;

2267 5348 2575 5419 ἐπινόησον,
2604 5348 2656 5398 et
2681 5364 2732 5399 τι
2766 5345 2956 5415 ἕτερον
2979 5342 3344 5404 ἀναπλάττεις
3383 5341 3440 5392 ὲν
3463 5339 3540 5408 τῷ
3566 5334 3638 5405 νῷ
3657 5342 3809 5425 mw?

2263 5439 2378 5500 τοῖς
2443 5435 2754 5508 ἀνθρώποις
2805 5437 2999 5500 αἴτιον,
3029 5435 3105 5497 ώς
3156 5433 3411 5487 κὰκεῖνο⁶
3473 5426 3638 5485 κακδν
3673 5427 3721 5476 ὲν
3750 5433 3810 5521 τξν

2266 5530 2474 5591 τούτοις
2529 5530 2773 5600 ἐνεργεῖν
2828 5532 2922 5582 καὶ
2981 5526 3306 5580 ὑποϐάλλειν
3356 5527 3529 5579 ποιεῖν
3565 5519 3631 5574 τὰ
3670 5519 3804 5567 κακα.

1863 5682 2101 5740 VARl/E
2148 5683 2556 5741 LECTIONES.

646 5802 691 5831 9"
719 5798 980 5867 ἀπόκρινε
1018 5816 1075 5863 ς.
1152 5802 1195 5831 99
1228 5799 1521 5868 ποιότητας
1548 5799 1638 5851 τοῦ
1662 5799 1865 5868 κόσμου
1899 5798 1962 5851 Α.
2043 5799 2057 5828 ¹
2087 5798 2310 5864 γέγονεν
2343 5800 2407 5853 Λ.
2486 5800 2505 5829 ’
2537 5793 2572 5866 ἦ
2599 5798 2638 5849 Β
2665 5806 2717 5853 et
2734 5813 2874 5854 corr.
2904 5797 2979 5849 At
3014 5795 3062 5847 εἰ
3096 5811 3155 5858 ς.
3236 5795 3255 5826 ³
3283 5790 3563 5854 αὐτούςΒε
3586 5780 3730 5841 αὑτάς
3754 5790 3799 5839 ς’

577 5874 597 5905 ⁸⁸
638 5874 792 5927 ἔσται
819 5869 900 5926 bis
930 5884 1038 5926 om.
1075 5868 1184 5927 AB.
1259 5870 1370 5938 ⁵τῴ

1462 5889 1475 5927 ς
1501 5870 1561 5924 τό
1583 5888 1644 5933 ς.
1717 5872 1735 5903 ⁸
1766 5869 2010 5931 κάκεῖνος
2044 5870 2208 5933 κακός
2238 5868 2273 5920 Β
2300 5881 2352 5926 et
2378 5884 2520 5927 corr.
2554 5873 2615 5923 Λ.
