4066 6420
265 409 402 475 1153

1291 401 1816 463 BIBIJOTHECA.
1857 424 1927 433 —
1964 397 2126 457 COD.
2167 395 2515 454 CCXXXVI.

3368 396 3502 461 1154

254 543 415 595 Ἔστι
470 540 577 610 γὰρ
625 539 717 591 καὶ
742 538 902 599 αὐτὸς
931 536 1093 597 κακὸς
1120 534 1177 601 ἐξ
1206 529 1281 586 ὧν
1319 535 1464 586 ποιεῖ
1492 551 1506 565 ο
1553 533 1642 585 διὸ.
1682 530 1840 582 τοῦτο

1950 505 2084 574 quod
2135 505 2297 557 silum
2350 514 2435 557 est
2475 504 2526 556 in
2576 503 3040 557 subministrando
3090 513 3144 559 et
3183 515 3521 576 suggerendo

241 635 357 704 γὰρ
415 634 625 696 κακὸςτ
679 630 818 684 εἶναι
884 631 1122 696 λέγεται,
1178 629 1258 680 ὅτι
1318 626 1427 677 τῶν
1488 624 1674 677 κακῶν
1716 626 1829 674 ἐστι

242 725 580 797 ποιητής.“Α
610 723 666 777 δέ
692 741 775 784 τις
812 722 977 780 ποιεῖ,
1025 720 1123 771 οὑκ
1156 718 1303 771 ἔστιν
1326 718 1508 781 αὐτὸς,
1543 716 1656 769 ἀλλ’
1684 715 1833 784 ἐνέρ-

243 835 373 887 γεια
426 816 613 876 αὑτοῦ,
672 807 861 883 ἀφ’ῶν
892 816 992 883 τὴν
1040 811 1414 887 προσηγορίαν
1481 808 1573 862 τοῦ
1625 807 1834 860 κακὸς⁸

243 912 503 978 λέγεσθαι
547 909 835 978 λαμϐάνει.
871 910 1059 978 Είγὰρ
1120 909 1283 961 αὐτὸν
1332 908 1579 976 εἴποιμεν
1628 901 1835 958 εἴναιᾶ

246 1006 422 1066 ποιεῖ,
466 1001 695 1056 ποιεῖδέ
732 1004 924 1070 φόνους
959 1003 1051 1053 καὶ
1116 1004 1360 1070 μοιχείας
1407 999 1499 1052 καὶ
1523 1000 1623 1050 ὅσα
1654 1000 1834 1066 ὃμοια,

246 1094 413 1156 αὐτὸς
468 1094 620 1146 ἐσται
640 1096 661 1125 ⁹
689 1093 883 1145 ταῦτα’
915 1094 961 1144 εί
985 1093 1039 1145 δὲ
1064 1092 1223 1154 αὑτός
1254 1094 1371 1143 ἐστι
1406 1090 1597 1156 ταῦτα,
1627 1092 1715 1143 ὅτε
1748 1090 1835 1157 γί-

248 1206 423 1254 νεται,
472 1190 570 1260 τὴν
616 1188 875 1243 σύστασιν
922 1188 1053 1258 ἔχει.
1099 1187 1172 1239 Οὐ
1234 1174 1492 1255 γινόμενα
1528 1185 1582 1237 δὲ
1618 1184 1834 1237 καὶτοῦ

249 1268 391 1334 εἶναι
450 1281 711 1334 παύεται.
761 1281 969 1332 Γίνεται
1010 1277 1271 1332 δὲταῦτα
1324 1277 1459 1348 πρὸς
1508 1274 1836 1347 ἀνθρώπων.

255 1373 512 1425 Ἔσονται
569 1372 679 1443 ἄρα
725 1370 994 1424 τούτων¹⁰
1033 1370 1384 1439 οίάνθρωποι
1446 1368 1690 1439 ποιηταὶ,
1746 1368 1841 1421 καί¹

247 1463 346 1514 τοῦ
380 1459 522 1514 εἶναι
565 1464 659 1515 καὶ
707 1462 902 1532 μηκέτι
938 1456 1077 1514 εἶναι
1120 1461 1304 1513 αἴτιοι.
1337 1459 1464 1531 [945
1484 1458 1576 1530 ἢ]
1623 1458 1761 1511 Ἀλλ’
1794 1460 1841 1510 εί

248 1554 314 1617 ἐξ
344 1547 422 1607 ὧν
456 1556 672 1624 ἐνεργεῖ
709 1554 937 1615 ἕκαστος
983 1554 1217 1623 ὑπάρχει
1243 1551 1436 1612 κακὸς,
1468 1551 1503 1604 ἆ
1525 1550 1580 1603 δὲ
1609 1552 1839 1621 ἐνεργεῖ,

246 1646 429 1716 ἀρχὴν
481 1646 573 1698 τοῦ
640 1642 781 1698 εἶναι
820 1642 1108 1715 λαμϐάνει,
1145 1643 1348 1714 ἤρξατο
1389 1644 1641 1704 κάκεῖνος
1692 1638 1832 1693 εἶναι

245 1742 441 1802 κακὸς,
460 1739 660 1809 ἤρξατο
676 1739 731 1791 δέ
750 1738 1026 1792 καὶταῦτα
1056 1738 1124 1790 τὰ
1154 1738 1321 1790 κακά.
1353 1735 1461 1789 Είδ’
1499 1735 1674 1798 οὕτως
1702 1734 1833 1804 ἔχει,

244 1831 350 1883 οὐκ
373 1832 519 1884 ἔστιν
548 1830 801 1902 ἀνάρχως
825 1847 908 1892 τις
937 1829 1124 1893 κακὸς,
1154 1829 1272 1882 οὐδὲ
1298 1829 1538 1899 ἀγένητα
1561 1828 1629 1881 τὰ
1675 1826 1837 1880 κακά.

335 2029 499 2082 Ἀλλά
532 2029 593 2081 τὸ
614 2029 653 2059 ¹¹
688 2029 786 2101 μὲν
830 2028 965 2098 πρὸς
1014 2028 1106 2079 τὸν
1130 2028 1318 2097 ἕτερον
1343 2025 1500 2095 λόγον
1541 2027 1761 2089 ἱκανῶς,
1792 2026 1837 2079 ὢ

245 2123 399 2191 φίλε,
443 2123 804 2189 πεποιηκέναι
833 2137 922 2191 μοι
947 2120 1143 2182 δοκεῖς.
1188 2120 1276 2186 Ἐξ
1306 2114 1379 2172 ὧν
1407 2120 1517 2189 γὰρ
1544 2119 1837 2188 προλαϐὼν

245 2218 423 2270 ἔδωκε
448 2216 527 2287 τῷ
570 2216 733 2289 λόγῳ,
766 2217 830 2269 ἐκ
872 2216 1075 2269 τούτων
1107 2217 1361 2283 συνάγειν
1420 2216 1607 2282 ἔδοξας
1635 2217 1837 2278 καλῶς.

261 2307 357 2371 Ὠς
383 2307 599 2379 άληθῶς
621 2309 748 2379 γάρ,
790 2308 837 2359 εί
866 2306 1057 2370 ἄποιος
1098 2306 1395 2376 ἐτύγχανεν
1430 2308 1462 2376 ἡ
1496 2306 1617 2375 ὕλη,
1642 2307 1751 2360 τῶν
1783 2307 1839 2359 δὲ

247 2401 625 2469 ποιοτήτων”
675 2400 1007 2473 δημιουργὸς
1048 2399 1078 2452 ὁ
1120 2399 1272 2466 Θεὸς,
1324 2398 1609 2467 ποιότητες
1659 2399 1715 2451 δὲ
1771 2399 1839 2451 τὰ

248 2489 423 2551 κακὰ,
462 2490 691 2559 ποιητὴς
715 2490 758 2521 ³³
780 2490 886 2543 τῶν
912 2488 1099 2542 κακῶν
1135 2492 1163 2543 ό
1195 2490 1346 2553 Θεός.
1389 2490 1543 2560 Ἐμοὶ
1565 2491 1620 2543 δὲ
1641 2490 1834 2556 ψεῦδος

248 2580 402 2633 δοκεί
453 2581 553 2652 τὴν
604 2582 735 2652 ὕλην
793 2583 982 2636 ἄποιον
1050 2581 1229 2651 λέγειν
1265 2599 1277 2611 ·
1321 2582 1442 2635 οὑδὲ
1492 2585 1601 2653 γὰρ
1636 2583 1841 2635 ἔνεστιν

248 2673 431 2724 εἰπεῖν
463 2674 591 2743 περὶ
626 2674 723 2745 τῆς
753 2691 898 2738 τινος
927 2674 1113 2736 οὐσίας
1142 2672 1214 2735 ὼς
1245 2672 1391 2726 ἐστιν
1420 2676 1631 2737 ἄποιος.
1674 2675 1837 2730 Ἀλλὰ

256 2762 368 2833 μὴν
413 2764 506 2817 καὶ
539 2767 596 2818 ἐν
631 2759 676 2833 ᾧ
722 2765 914 2819 ἄποιον
970 2761 1109 2818 εἶναι
1157 2766 1303 2833 λέγει
1327 2768 1388 2831 ¹”,
1423 2765 1521 2838 τὴν
1583 2768 1840 2834 ποιότητα

253 2854 431 2925 αὐτῆς
462 2856 679 2928 μηνύει,
696 2858 855 2911 ὁποία
876 2858 1022 2911 ἐστὶν
1049 2859 1081 2929 ἠ
1113 2856 1212 2927 ὕλη
1231 2858 1685 2928 διαγραφόμενος,
1708 2861 1841 2928 ὅπερ

254 2953 377 3003 ἐστί
404 2952 691 3022 ποιότητος
716 2948 1047 3013 εῐδος.”υθεν
1075 2953 1127 3006 εῐ
1148 2968 1231 3004 σοι
1255 2952 1407 3020 φίλον
1443 2953 1612 3016 ἐστὶν,
1634 2950 1842 3005 ἄνωθεν

254 3047 433 3114 ἄρχου
452 3044 497 3074 ⁸³
527 3043 620 3096 τοῦ
644 3043 823 3112 λόγου.
843 3044 997 3113 Ἐμοὶ
1025 3048 1134 3116 γὰρ
1162 3047 1196 3116 ἡ
1226 3044 1327 3115 ὕλη
1355 3046 1646 3116 ποιότητας
1677 3047 1844 3117 ἀνάρ-

257 3151 372 3203 χως
415 3133 558 3203 ἔχειν
608 3135 791 3187 δοκεῖ’
846 3136 988 3189 οὕτω
1056 3137 1162 3207 γάρ
1222 3138 1414 3190 καὶτὰ
1452 3138 1598 3190 κακὰ
1639 3138 1705 3190 ἐκ
1745 3139 1844 3209 τῆς

256 3226 560 3297 ἀπορροίας
612 3226 783 3296 αὐτῆς
842 3223 980 3280 εἶναι
1035 3227 1197 3297 λέγω.
1231 3225 1301 3281 Ὦ
1324 3229 1464 3298 φίλε,
1512 3232 1561 3282 εί
1618 3229 1844 3300 ἕμποιος

1938 595 2114 667 [hisce
2146 594 2485 665 hominibus]
2522 604 2578 647 ut
2602 594 2805 648 faciant
2834 595 2991 647 mala.
3022 597 3113 651 Est
3139 598 3282 651 enim
3318 609 3373 653 et
3405 600 3524 669 ipse

1942 684 2136 751 malus,
2162 688 2232 742 ob
2253 704 2315 742 ea
2352 703 2472 757 quae
2502 686 2673 753 facit;
2705 697 2991 755 propterea
3023 690 3166 742 enim
3200 690 3373 744 malus
3400 708 3524 746 esse

1943 782 2161 840 dicitur.
2208 781 2351 851 quod
2386 780 2457 833 sit
2494 790 2683 833 auctor
2726 778 3011 832 malorum.
3052 779 3183 845 Qum
3224 797 3351 835 vero
3383 785 3510 852 quis

1946 869 2111 933 facit,
2152 871 2199 924 is
2232 885 2335 922 non
2372 878 2454 921 est
2486 867 2539 921 id
2597 869 2770 935 ipsum
2819 867 2960 933 quod
3013 865 3162 929 facit,
3212 868 3305 920 sed
3351 868 3522 933 ipsius

1937 960 2226 1025 operatio,
2285 960 2427 1011 unde
2486 958 2599 1025 ipse
2648 969 2841 1009 nomen
2887 955 3012 1010 mali
3059 957 3159 1009 sibi
3208 956 3517 1024 acquisivit.

1938 1049 2150 1103 Etenim
2184 1050 2226 1103 si
2257 1048 2430 1115 ipsum
2461 1062 2580 1100 esse
2611 1044 2912 1099 dixerimus
2946 1046 2995 1097 id
3030 1046 3172 1113 quod
3207 1047 3359 1110 facit,
3392 1046 3521 1098 facit

1941 1153 2119 1195 autem
2160 1140 2357 1205 caedes,
2401 1138 2667 1192 adulteria
2709 1148 2762 1191 et
2802 1137 2904 1190 hoc
2944 1152 3114 1205 genus
3153 1137 3373 1199 similia,
3418 1136 3525 1189 erit

1942 1232 2056 1301 ipse
2084 1232 2197 1284 haec
2232 1229 2376 1301 [quae
2406 1228 2581 1299 facit].
2616 1228 2671 1282 Si
2713 1239 2893 1282 autem
2927 1238 3010 1280 est
3042 1229 3156 1296 ipse
3192 1229 3328 1289 haec,
3361 1230 3525 1283 liabet

1942 1338 2097 1377 suum
2133 1337 2275 1386 esse,
2317 1324 2534 1390 quando
2567 1324 2722 1385 fiunt,
2760 1320 2975 1390 quando
3011 1329 3190 1375 autem
3221 1336 3324 1374 non
3362 1321 3517 1384 tium,

1942 1416 2106 1470 etiam
2144 1416 2259 1483 ipse
2281 1429 2401 1468 esse
2437 1414 2655 1467 desinit.
2692 1413 2856 1467 Ftuut
2880 1423 3061 1467 autem
3093 1414 3206 1467 haec
3242 1413 3311 1464 ab
3344 1414 3527 1466 homi-

1943 1506 2134 1571 nibus;
2174 1505 2425 1558 homines
2454 1518 2583 1574 ergo
2616 1514 2778 1558 erunt
2820 1505 3012 1559 borum
3054 1511 3335 1568 auctores,
3374 1513 3427 1557 et
3468 1515 3528 1556 ut

1941 1598 2070 1661 sint,
2099 1596 2180 1649 vel
2204 1612 2308 1649 non
2334 1596 2463 1660 sint,
2488 1610 2686 1649 causas.
2716 1595 2877 1664 Atqui
2901 1597 2943 1649 si
2969 1596 3039 1649 ob
3066 1609 3128 1647 ea
3150 1610 3269 1662 qua:
3295 1595 3528 1663 quisque

1944 1688 2094 1751 facit,
2118 1687 2290 1741 malus
2314 1699 2429 1754 est;
2461 1704 2581 1755 qua:
2602 1698 2781 1741 autem
2807 1688 2934 1741 facit
2956 1684 3279 1756 principium
3302 1688 3530 1751 habent,

1946 1794 2075 1848 ergo
2098 1781 2259 1847 (‘thil
2286 1790 2340 1834 et
2368 1780 2455 1833 ille
2481 1795 2601 1833 esse
2630 1779 2824 1842 malus,
2851 1790 2905 1833 et
2926 1788 3203 1848 coeperunt
3229 1795 3350 1833 esse
3413 1782 3526 1846 ipsa

1950 1887 2164 1939 quoque
2202 1872 2363 1926 mala.
2415 1871 2566 1938 Quod
2608 1872 2652 1925 si
2695 1886 2880 1925 verum
2927 1880 3043 1933 est,
3092 1886 3224 1939 ergo
3269 1887 3427 1925 nemo
3462 1872 3532 1924 ab

1802 2026 1823 2043 τ
1870 1986 1915 2044 Β
1946 1973 2148 2016 attento
2170 1963 2365 2027 malus,
2384 1978 2561 2032 neque
2579 1974 2780 2017 teterua
2808 1964 2920 2019 sive
2945 1962 3179 2033 ingenita
3206 1974 3333 2016 sunt
3358 1964 3525 2016 mala.

2017 2056 2328 2119 Enimvero,
2374 2056 2569 2120 amice,
2598 2065 2919 2124 praesentem
2958 2056 3174 2123 quidem
3205 2056 3529 2123 disputatio.

1942 2158 2063 2199 nem
2095 2145 2225 2198 mibi
2259 2154 2444 2200 contra
2466 2146 2630 2198 alium
2649 2147 3008 2214 opportunius
3030 2145 3233 2199 videris
3260 2146 3533 2198 instituis-

1940 2250 2020 2290 se.
2074 2234 2225 2290 Unde
2251 2236 2397 2291 enim
2428 2236 2516 2297 ille
2552 2238 2703 2290 visus
2743 2246 2828 2291 est
2860 2237 3129 2291 orationis
3176 2236 3528 2291 fundamenta

1941 2342 2187 2393 sumere,
2229 2328 2355 2381 inde
2388 2339 2443 2381 tu
2476 2330 2612 2383 bene
2651 2328 2799 2383 visus
2833 2328 3175 2383 concludere.
3220 2326 3360 2382 Vere
3385 2329 3531 2381 enim

1942 2419 2230 2489 disputasti
2258 2436 2272 2471 :
2302 2420 2347 2473 si
2376 2420 2601 2473 materia
2629 2420 2878 2474 informis
2901 2435 2995 2475 seu
3028 2421 3145 2474 sine
3180 2420 3533 2489 qualitatibus

1942 2508 2062 2576 fuit,
2109 2511 2431 2579 qualitatum
2480 2520 2660 2565 autem
2725 2521 2915 2565 auctor
2968 2514 3145 2578 Deus;
3200 2513 3341 2566 mala
3406 2527 3534 2565 vero

1943 2605 2236 2673 qualitates
2292 2605 2422 2670 sint,
2460 2604 2725 2657 malortttn
2762 2620 2891 2675 ergo
2932 2605 3183 2659 conditor
3226 2605 3369 2661 Deus
3405 2606 3531 2659 erit.

1944 2698 2014 2749 At
2078 2696 2208 2749 mibi
2258 2696 2453 2749 falsum
2486 2697 2719 2761 videtur,
2769 2697 3055 2749 materiam
3104 2695 3392 2757 informem
3439 2711 3533 2749 seu

1945 2788 2066 2840 sine
2114 2787 2470 2854 qualitatibus
2518 2801 2665 2839 esse.
2727 2785 2803 2839 De
2843 2786 2984 2839 nulla
3033 2787 3175 2839 enim
3230 2786 3534 2839 subStantia

1943 2878 2121 2946 possis
2150 2876 2420 2931 aﬂirmare
2444 2876 2592 2935 illam
2638 2876 2923 2929 informem
2953 2891 3097 2930 esse.
3124 2875 3264 2940 Quin
3286 2876 3387 2928 hoc
3420 2875 3538 2942 ipso

1943 2971 2086 3037 quod
2128 2968 2415 3023 informem
2464 2968 2717 3037 appellat.
2748 2968 3063 3035 qualitatem
3115 2967 3231 3033 ejus
3266 2962 3533 3031 declarat,

1945 3071 2001 3115 et
2046 3062 2221 3129 qualis
2272 3063 2502 3114 materia
2555 3062 2627 3114 sit
2679 3061 2966 3127 describit,
3004 3062 3147 3128 quod
3195 3070 3279 3113 est
3330 3060 3540 3125 species

1946 3152 2247 3220 qualitatis.
2286 3151 2488 3218 Quare,
2528 3154 2575 3207 si
2613 3152 2707 3206 tibi
2736 3153 2929 3221 placet,
2956 3152 3114 3204 altius
3148 3151 3330 3204 ordire
3361 3149 3539 3216 dispu-

1944 3245 2225 3299 tationem.
2279 3244 2407 3299 ΜΗιί
2461 3244 2605 3298 enim
2648 3245 2871 3298 materia
2896 3244 3182 3312 qualitates
3235 3242 3303 3296 ab
3336 3249 3541 3295 aeterno

259 3314 330 3389 ἦν
374 3321 627 3391 ἀνάρχως
668 3322 700 3391 ἡ
769 3320 889 3391 ὕλη,
936 3322 1083 3385 τίνος
1133 3322 1242 3394 ἄρα
1294 3322 1511 3375 ἔσται¹⁶
1552 3326 1782 3396 ποιητὴς
1818 3327 1844 3378 ὁ

1951 3336 2152 3390 habere
2201 3336 2433 3389 videtur.
2495 3334 2571 3388 Ita
2605 3336 2822 3404 quippe,
2875 3350 2909 3389 ο
2945 3335 3141 3401 amice,
3186 3343 3240 3388 et
3282 3333 3419 3387 mala
3470 3350 3539 3387 ex

262 3411 428 3477 850;;
452 3413 562 3465 εἴτε
587 3411 696 3486 γάρ
734 3412 922 3476 οὐσίας
957 3414 1210 3484 ἐροῦμεν,
1244 3414 1489 3486 προεῖναί
1510 3433 1712 3486 φαμεν·
1734 3419 1844 3475 εἴτε

263 3502 332 3560 αὖ
406 3485 691 3571 ποιότητος
729 3542 744 3567 ,
815 3506 911 3558 καὶ
966 3505 1138 3569 αὐτὰς
1178 3507 1221 3537 ιτ
1276 3485 1545 3577 ὑπάρχειν
1594 3485 1847 3577 λέγομεν.

265 3596 479 3647 Οὐκοῦν
508 3594 629 3666 [501
692 3595 787 3669 Η.]
829 3596 1018 3659 οὐσίας
1068 3614 1127 3650 τε
1184 3596 1354 3668 οὕσης
1396 3598 1492 3651 καὶ
1550 3601 1852 3669 ποιοτήτων

266 3686 522 3756 περιττὸν
543 3682 683 3741 εἷναί
710 3706 799 3757 μοι
829 3688 976 3741 δοκεῖ
994 3689 1326 3761 δημιουργὸν
1354 3690 1533 3758 λέγειν
1566 3691 1657 3750 τὸν
1694 3691 1849 3750 Θεὸν.

1954 3426 2143 3479 eodem
2188 3423 2339 3478 fonte
2386 3439 2708 3494 promanare
2755 3438 2976 3478 assero.
3034 3423 3091 3476 Si
3149 3422 3375 3476 materia
3428 3422 3543 3476 suis

1955 3514 2145 3573 aﬂ'ecta
2172 3516 2527 3585 qualitatibus
2550 3518 2617 3569 ab
2638 3525 2841 3569 aeterno
2867 3515 2990 3579 fuit,
3017 3513 3170 3581 cujus
3195 3514 3300 3568 erit
3327 3525 3540 3567 creator

1950 3606 2095 3662 Deus
2139 3608 2162 3661 ?
2213 3606 2339 3662 Sive
2389 3608 2533 3661 enim
2586 3606 2927 3665 substantias
2970 3605 3269 3667 dixerimus
3303 3616 3537 3663 creatas.

1953 3698 2288 3755 aﬂirmamus
2320 3699 2440 3754 illas
2464 3699 2577 3768 jam
2606 3708 2736 3755 ante
2772 3698 2938 3757 fuisse
2970 3714 2986 3763 ;
3035 3697 3149 3773 sive
3183 3712 3371 3753 rursus
3408 3711 3542 3765 qua-

266 3781 463 3845 lilalis.
515 3787 574 3835 θι
638 3779 756 3835 illas
820 3781 1073 3837 CXSilisse
1114 3782 1433 3843 asserimus.
1477 3783 1617 3863 Ergo
1695 3796 1751 3841 et
1794 3789 2110 3846 substantiae
2172 3802 2227 3846 et
2278 3792 2598 3861 qualitatum
2665 3792 2997 3849 conditorem
3055 3804 3300 3847 asserere
3370 3791 3537 3844 Deum

266 3889 731 3942 supervacaneum
801 3876 932 3930 mibi
980 3876 1221 3937 videtur.

354 3969 495 4021 Ἀλλ’
524 3970 817 4041 ἀπόκριναι
847 3972 1222 4047 ἐρωτώμενος,
1246 3974 1351 4026 τίνι
1379 3973 1568 4045 τρόπῳ
1597 3974 1852 4046 δημιουρ-

266 4060 368 4127 γὸν
403 4059 543 4116 εἶναι
596 4064 700 4135 φῂς
728 4065 819 4119 τὸν
874 4065 1028 4128 Θεὸν,
1092 4065 1320 4136 πότερον
1372 4067 1454 4119 ὅτι
1514 4066 1612 4137 τὰς
1663 4068 1851 4135 οὐσίας

270 4153 500 4221 ἔτρεψεν
552 4153 767 4217 ἐκείνας
820 4156 899 4218 εἰς
957 4154 1018 4209 τὸ
1080 4157 1277 4226 μηκέτι
1332 4156 1633 4227 ὑπάρχειν,
1690 4159 1851 4231 αἴπερ

269 4240 414 4313 ἦσάν
465 4246 789 4317 ποτε,ἢὸτι
814 4246 913 4310 τὰς
961 4248 1063 4318 μὲν
1114 4247 1301 4312 οὐσίας
1369 4248 1625 4316 ἐφύλαξε,
1670 4252 1770 4315 τὰς
1798 4251 1853 4304 ὁέ

274 4339 568 4410 ποιότητας
595 4338 772 4391 αὐτῶν
821 4338 1083 4410 ἔτρεψεν;
1113 4340 1244 4393 Οὕτι
1304 4358 1394 4411 μοι
1442 4342 1589 4394 δοκεί
1611 4344 1853 4414 ἀλλαγὴν

273 4431 474 4482 οὐσιῶν
528 4432 834 4499 γεγονέναι,
890 4432 1027 4488 ἀλλὰ
1079 4434 1237 4503 μόνον
1267 4436 1592 4503 ποιοτήτων,
1630 4435 1753 4487 καθ’
1787 4436 1855 4500 ἃς

274 4521 611 4592 δημιουργὸν
670 4518 809 4577 εἶναι
866 4523 1098 4593 λέγομεν
1126 4525 1218 4577 τὸν
1268 4526 1433 4581 Θεόν·
1468 4529 1563 4581 καὶ
1604 4528 1854 4600 ὢσπερ¹⁸

2029 3976 2134 4032 Sed
2167 3978 2531 4047 interrogatus
2585 3977 2853 4045 responde
2906 3994 2917 4029 :
2956 3977 3069 4041 Qua
3134 3977 3343 4030 ratione
3372 3974 3539 4028 Deum

1957 4080 2259 4131 creatorem
2283 4084 2405 4122 esse
2431 4069 2588 4130 dicis,
2621 4082 2688 4123 an
2715 4068 2856 4134 quod
2903 4066 3257 4131 substantias,
3289 4080 3407 4137 quae
3438 4063 3541 4118 ali-

1958 4164 2173 4231 quando
2225 4160 2461 4223 l‘ueruut,
2512 4160 2563 4213 in
2631 4159 2854 4213 nihilum
2906 4159 3222 4228 redegerit?
3274 4174 3339 4210 an
3397 4157 3540 4225 quod

1960 4253 2293 4309 substantias
2341 4252 2556 4321 quidem
2590 4251 2944 4313 conservarit,
2991 4249 3088 4305 sed
3126 4248 3415 4318 qualitates
3445 4263 3541 4301 ea-

1958 4361 2076 4403 rum
2109 4346 2330 4399 mutarit
2358 4344 2381 4398 ’ί
2424 4343 2579 4402 Nulla
2612 4344 2740 4403 mibi
2767 4344 2979 4397 videtur
3008 4343 3406 4399 subtantiarum
3428 4356 3547 4393 mu-

1960 4437 2093 4497 tatio
2122 4435 2288 4498 facta,
2321 4434 2417 4491 sed
2447 4444 2652 4491 tantum
2705 4433 2898 4508 3061)
2939 4433 3281 4500 qualitatum,
3314 4445 3542 4500 quarum

1961 4542 2119 4589 causa
2152 4527 2481 4583 creationem
2510 4540 2629 4580 esse
2650 4524 2813 4581 Deum
2855 4520 3333 4581 asseveramus.Et
3358 4536 3546 4591 quem-

278 4614 496 4684 εἰτύχοι
550 4615 726 4683 λέγειν
750 4617 814 4668 ἐκ
846 4615 1009 4669 λίθων
1043 4616 1220 4671 οἰκίαν
1249 4619 1560 4685 γεγονέναι,
1593 4622 1678 4688 ἐφ’
1705 4622 1748 4653 ¹⁹
1780 4616 1844 4675 ὧι

1963 4619 2250 4674 admodum
2301 4618 2346 4673 si
2410 4617 2535 4686 quis
2598 4617 2853 4681 dicat,ex
2879 4615 3148 4683 lapidibus
3203 4615 3399 4668 factam
3429 4629 3547 4668 esse

279 4708 382 4758 οὐκ
446 4707 652 4759 ἔνεστιν
700 4707 874 4760 εἰπεῖν
907 4708 981 4770 ὡς
1012 4709 1192 4761 οὐκέτι
1223 4708 1360 4761 λίθοι
1410 4710 1633 4778 μένουσι
1672 4714 1737 4781 τῇ
1768 4713 1859 4766 οὐ·

282 4796 377 4864 σία
422 4797 570 4849 οἰκία
602 4796 884 4867 λεγόμενοι
915 4798 965 4849 οί
988 4797 1126 4850 λίθοι
1172 4798 1257 4869 (τῇ
1294 4800 1404 4870 γὰρ
1458 4800 1706 4871 ποιότητι
1757 4802 1858 4870 τῆς

284 4886 591 4951 συνθέσεως
644 4889 745 4957 τὴν
799 4889 979 4943 οἰκίαν
1028 4891 1308 4958 γεγονέναι
1366 4893 1556 4962 φημὶ),
1601 4894 1745 4949 οὕτω
1770 4912 1860 4962 μοι

280 4976 432 5029 δοκεῖ
458 4976 661 5029 καὶτὸν
689 4978 841 5042 Θεὸν,
868 4978 1248 5049 ὑπομενούσης
1271 4981 1371 5049 τῆς
1413 4980 1623 5048 οὐσίας,
1647 4984 1860 5053 τροπήν

284 5084 407 5119 τινα
461 5066 570 5119 τῶν
623 5069 924 5138 ποιοτήτων
964 5069 1132 5139 αὐτῆς
1187 5072 1568 5142 πεποιηκέναι,
1632 5073 1752 5126 καθ’
1797 5076 1863 5143 ἢν

285 5159 386 5228 τὴν
416 5159 566 5212 τοῦδε
589 5161 683 5213 τοῦ
704 5161 909 5231 κόσμου
934 5163 1148 5231 γένεσιν
1174 5164 1309 5233 πρὸς
1327 5164 1421 5223 τοῦ
1467 5166 1603 5219 Θεοῦ
1642 5169 1865 5234 γεγονέ-

288 5267 377 5301 ναι
430 5250 594 5320 φημί.
635 5252 867 5320 Πότερον
912 5252 1005 5306 καὶ
1030 5252 1115 5304 σοὶ
1136 5252 1284 5305 δοκεῖ
1311 5252 1378 5306 τὰ
1405 5255 1550 5307 κακά
1578 5256 1865 5326 ποιότητες

287 5343 489 5397 οὐσιῶν
529 5339 709 5410 sitiat;
765 5347 944 5399 Δοκεῖ.
983 5344 1223 5397 1’Δνωθεν
1254 5345 1310 5397 δὲ
1334 5340 1473 5414 ἦσαν
1505 5347 1558 5399 αί
1584 5348 1869 5417 ποιότητες

1968 4717 2208 4775 domum,
2239 4713 2306 4766 de
2336 4711 2531 4780 quibus
2570 4724 2674 4765 non
2704 4709 2840 4765 solet
2867 4709 2998 4770 dici,
3028 4706 3168 4776 quod
3212 4706 3389 4760 adhuc
3421 4703 3549 4758 sub.

1966 4806 2165 4865 stantia
2204 4811 2458 4857 maneant
2500 4801 2723 4871 lapides,
2756 4801 2851 4854 sed
2893 4799 3096 4866 lapides
3138 4798 3329 4852 domus
3363 4796 3552 4850 dicun-

1970 4906 2075 4950 tur:
2095 4911 2216 4949 nam
2244 4910 2309 4957 ex
2339 4894 2659 4965 qualitatum
2692 4892 3088 4960 compositione
3112 4891 3329 4942 domum
3352 4888 3549 4942 factam

1969 4989 2091 5044 dico
2122 5005 2136 5043 :
2184 4989 2258 5041 ita
2288 5001 2486 5040 censeo
2511 4986 2702 5047 Demn,
2738 4994 2988 5038 manente
3014 4981 3344 5048 substantia,
3378 4990 3554 5035 muta-

1971 5083 2171 5134 tionem
2211 5079 2501 5146 quamdam
2559 5076 2878 5143 qualitatum
2926 5073 3157 5137 fecisse,
3192 5071 3345 5139 cujus
3390 5086 3550 5125 causa

1973 5171 2232 5224 mundum
2260 5169 2402 5221 hunc
2424 5184 2452 5221 a
2475 5168 2583 5223 Deo
2605 5175 2944 5236 procreatum
2964 5179 3084 5221 esse
3106 5163 3331 5218 afﬁrmo.
3360 5163 3553 5216 Viden-

1973 5273 2130 5317 turne
2160 5261 2253 5314 tibi
2283 5276 2497 5330 quoque
2529 5259 2689 5321 mala,
2722 5258 3148 5313 substantiarum
3177 5269 3299 5311 esse
3323 5252 3555 5324 qualita-

1979 5353 2102 5407 tes?
2136 5352 2414 5407 Videntur.
2455 5350 2768 5407 Fueruntne
2798 5348 2880 5403 bat
2904 5348 3195 5418 Qualitates
3234 5346 3301 5399 ab
3332 5352 3556 5407 aeterno,

1598 5486 1834 5540 VARI/IS
1865 5488 2267 5543 LECTIONES.

368 5600 388 5632 '
420 5600 611 5673 κακός]
640 5600 784 5673 κακά
808 5603 873 5655 Α.

296 5672 501 5743 τήτων1
531 5672 765 5795 ποιὲτῶν
797 5688 877 5740 pr.
912 5673 977 5725 A.
1087 5672 1131 5703 ¹³
1163 5672 1392 5743 ποιητῆς
1418 5674 1525 5725 τῶν
1555 5676 1688 5726 κακᾷ

302 5745 347 5775 ’δ
368 5745 546 5796 λέγειν
575 5746 613 5794 Α
668 5781 682 5796 .
746 5742 784 5773 ¹⁵
813 5739 1004 5796 ἇργου]
1036 5742 1270 5796 ἀνάογου
1296 5746 1357 5796 Α.
1392 5745 1620 5796 ἐνάονον
1650 5745 1688 5796 C

302 5739 546 5809 ¹δ’λέγείν
575 5739 682 5796 ΑΒ.
746 5739 1004 5813 ¹⁵ίᾶρχου]
1036 5739 1359 5812 ἀνάρχουήΑ,
1392 5745 1620 5813 ὲνάρχου
1650 5745 1711 5798 (3.

299 5816 506 5885 καίπερ
530 5811 633 5866 AB.
712 5813 755 5843 "
792 5813 876 5880 ἐφ’
903 5810 1017 5865 AB:
1052 5810 1143 5880 ἀφ’
1182 5831 1239 5875 ς’.

955 5601 976 5633 ⁸
1007 5600 1198 5673 κακός]
1228 5602 1397 5655 κακοῦ
1427 5603 1536 5658 AB.
1607 5603 1628 5634 ⁹
1660 5604 1811 5657 ἔσται
1843 5619 1951 5658 om.
1987 5604 2097 5658 AB.
2175 5605 2217 5635 ¹⁰
2244 5604 2449 5656 τούτων
2473 5620 2580 5657 om.
2606 5604 2714 5657 AB.
2771 5604 2807 5635 ¹¹
2840 5604 2901 5655 τό
2924 5602 3058 5673 AB:
3089 5602 3179 5654 τόν
3214 5618 3273 5664 ς’.
3338 5602 3379 5631 ¹³
3406 5614 3557 5673 ποιοσ

1087 5672 1131 5743 “
1163 5671 1392 5743 ποιητῆς
1418 5674 1525 5725 τῶν
1555 5674 1738 5726 κακῶν
1762 5677 1825 5734 Α,
1880 5674 1989 5725 τῶν
2041 5675 2228 5726 κακῶν
2258 5675 2484 5743 ποιητής
2533 5674 2569 5725 Β
2599 5692 2612 5726 :
2641 5674 2747 5725 τῶν
2779 5673 2963 5735 κακῶς
3016 5671 3191 5743 ἐστοιι⁸
3226 5671 3454 5743 ποιητής
3488 5682 3551 5743 ς,

1802 5746 1844 5774 ’ἀ
1865 5745 2018 5797 ἔσται
2045 5760 2153 5798 οιιι.
2191 5743 2297 5797 AB.
2375 5733 2412 5774 ίτ
2441 5733 2609 5807 αὑτάς
2637 5743 2723 5795 AB
2762 5763 2773 5797 :
2802 5733 3002 5804 ταύτας
3031 5759 3091 5804 ς.
3154 5740 3195 5773 ⁸⁸
3223 5742 3312 5793 καὶ
3343 5733 3558 5808 ὥσπερ]
