3954 6430
494 387 630 451 1155

1646 386 1909 448 PHOTII
1950 386 2455 446 PATRIARCHJE
2489 389 2596 447 ΟΡ.

3610 386 3735 452 1155

493 507 545 559 in
582 503 827 567 materia,
881 518 948 556 an
995 502 1315 573 principium
1366 502 1657 559 exsistendi
1698 505 1999 558 habuerunt
2041 505 2059 554 ’ἓ

2168 496 2326 556 αὕται
2355 506 2412 556 ἐν
2438 507 2503 573 τῇ
2538 503 2662 577 ὕλῃ,
2712 504 2743 573 ἢ
2781 502 2959 579 ἀρχὴν
2983 502 3138 573 ἔσχον
3166 502 3257 555 τοῦ
3286 499 3423 556 εἶναι
3449 520 3463 565 ;
3502 504 3738 559 Συνεῖναὶ

489 596 684 650 Fuisse
729 597 826 649 has
864 596 1150 664 qualitates
1189 600 1256 649 ab
1283 607 1485 650 aeterno
1512 611 1633 649 cum
1668 596 1889 649 materia
1950 598 2063 649 exi-

491 688 669 742 stimo.
706 687 823 742 Non
858 688 1141 742 arbitraris
1184 689 1535 742 mutationem
1574 688 1805 756 aliquam
1832 687 2063 755 qualita-

491 788 604 832 tum
628 795 749 834 esse
774 794 801 833 a
830 778 938 833 Deo
956 780 1152 834 factam
1178 780 1201 833 ?
1224 780 1474 833 Arbitror
1505 778 1722 833 factam.
1744 781 1801 832 In
1831 779 2017 832 melius
2040 780 2063 832 ?

492 870 618 924 Μίιιί
650 872 878 925 videtur.
908 871 1046 939 Ergo
1094 871 1139 924 si
1175 870 1461 938 qualitates
1492 872 1730 923 materia:
1755 872 1894 923 inter
1924 868 2063 922 mala

492 970 619 1014 sunt
665 970 980 1022 numeratze,
1022 960 1158 1013 Deus
1186 968 1364 1011 autem
1407 958 1643 1010 materiae
1686 957 1977 1024 qualitates
2009 957 2061 1007 in

492 1049 683 1105 melius
715 1050 915 1118 aliquid
947 1049 1233 1111 convertit,
1274 1047 1576 1100 necessario
1603 1048 1950 1115 quazreudum
1979 1056 2063 1099 est

492 1144 633 1196 unde
666 1142 799 1194 mala
830 1142 955 1194 sint.
992 1141 1097 1192 Aut
1125 1142 1267 1193 enim
1297 1152 1508 1201 omnes,
1542 1154 1662 1190 eum
1690 1138 1842 1191 malae
1860 1148 2061 1198 essent,

493 1232 545 1289 in
593 1233 784 1286 melius
820 1245 945 1286 sunt
986 1247 1257 1285 conversae
1308 1248 1323 1284 :
1369 1231 1601 1284 antalize
1640 1231 1855 1298 quidem
1908 1240 2064 1282 erant

492 1326 667 1389 malae,
699 1325 816 1378 alia:
854 1340 982 1379 vero
1010 1339 1133 1378 non.
1175 1324 1238 1378 Et
1270 1323 1420 1376 mala.-
1455 1324 1670 1393 quidem
1703 1332 1921 1376 tnutatm
1956 1338 2059 1375 non

491 1428 617 1473 sunt
668 1420 718 1472 in
770 1418 1002 1472 melius:
1061 1417 1282 1485 reliquae
1332 1432 1483 1483 vero,
1520 1433 1854 1487 quaecunque
1909 1424 2063 1469 erant

489 1511 806 1575 commoda),
843 1522 1066 1565 ornatus
1109 1526 1271 1565 causa
1299 1526 1328 1563 a
1367 1510 1475 1564 Deo
1521 1520 1737 1563 minata:
1790 1522 1934 1563 sunt.
1986 1509 2060 1563 Ita

490 1619 588 1671 ego
632 1618 848 1663 censeo,
884 1603 952 1655 ab
987 1613 1193 1656 :eterno
1225 1603 1514 1671 qualitates
1560 1602 1773 1655 luerunt
1802 1602 2064 1656 constitu-

491 1704 576 1748 tae.
610 1694 889 1759 Quomodo
929 1709 1056 1761 ergo
1089 1694 1255 1748 malas
1288 1694 1603 1760 qualitates,
1639 1703 1696 1746 ut
1734 1710 1762 1745 ιι
1795 1693 2060 1762 principio

492 1786 729 1849 fuerunt,
769 1787 984 1839 relictas
1030 1785 1167 1839 dicis
1207 1783 1345 1838 ?An
1385 1786 1623 1854 potuisse
1678 1784 1795 1837 illas
1822 1783 1873 1854 [εὶ
1930 1782 2057 1854 Deo]

2171 612 2312 663 φημι
2359 596 2637 664 ἀγενήτως
2666 598 2731 665 τῇ
2781 595 2882 666 ὕλῃ
2921 596 3125 657 ταύτας
3150 596 3213 664 δὴ
3234 596 3279 626 ⁸ο
3306 595 3405 658 τὰς
3432 595 3739 665 ποιότητας.

2170 687 2304 755 Οὐχὶ
2330 686 2387 739 δὲ
2418 688 2509 738 τὸν
2549 688 2681 739 Θεὸν
2723 688 2828 757 φῂς
2871 688 3079 757 τροπήν
3139 668 3259 739 τινα
3304 686 3413 739 τῶν
3444 687 3739 754 ποιοτήτων

2169 780 2564 848 πεποιηκέναι;
2608 778 2775 832 Τοῦτό
2809 798 2973 850 φημι.
3022 779 3115 842 Εἰς
3145 779 3204 831 τὸ
3238 781 3527 849 κρεῖττον;
3582 779 3731 846 Ἐμοὶ

2167 871 2330 924 δοκεῖ.
2389 871 2597 924 Ούκοῦν
2630 872 2677 922 ei
2702 872 2987 941 ποιότητες
3032 871 3168 940 ὕλης
3214 872 3285 924 τὰ
3346 872 3515 935 κακὰ,
3572 871 3667 933 τὰς
3686 872 3737 923 δὲ

2169 963 2457 1032 ποιότητας
2508 962 2675 1027 αὐτῆς
2723 964 2803 1024 εἰς
2851 962 2911 1015 τὸ
2954 965 3201 1033 κρεῖττον
3251 962 3480 1033 ἔτρεψεν
3514 963 3544 1014 ὁ
3572 962 3733 1025 Θεὸς,

2169 1053 2332 1105 πόθεν
2375 1055 2444 1105 τα
2492 1055 2656 1117 κακά,
2694 1053 2877 1123 ζητεῖν
2906 1056 3221 1123 ἀνάγκη.Ἦ
3249 1056 3358 1122 γὰρ
3382 1056 3555 1107 πᾶσαι
3579 1056 3737 1106 κακαὶ

2167 1142 2321 1199 οὖσαι
2364 1147 2453 1198 ἐπὶ
2500 1146 2559 1198 τὸ
2590 1149 2835 1215 κρεῖττον
2879 1147 3195 1217 ἐτράπησαν
3226 1163 3239 1177 ⁶
3287 1148 3319 1217 ἣ
3370 1149 3425 1200 αἱ
3460 1148 3561 1215 μὲν
3589 1145 3735 1199 οὕσαι

2168 1239 2355 1301 κακαὶ,
2386 1240 2441 1289 αἱ
2477 1238 2532 1290 δὲ
2565 1238 2660 1306 μὴ.
2706 1240 2759 1290 αἱ
2786 1238 2883 1307 μὲν
2912 1239 3079 1290 κακαὶ
3109 1240 3207 1291 οὐκ
3274 1240 3601 1308 ἐτράπησαν
3651 1239 3735 1290 ἐπὶ

2166 1329 2227 1379 τὸ
2259 1330 2525 1397 κρεῖττον,
2564 1330 2618 1379 αἱ
2646 1328 2701 1381 δὲ
2732 1329 2932 1391 λοιπαὶ,
2991 1331 3113 1383 ὅσαι
3141 1330 3387 1400 διάφοροι
3417 1330 3731 1399 ἐτύγχανον,

2167 1418 2263 1487 τῆς
2307 1419 2713 1489 διακοσμήσεως
2770 1420 2933 1472 ἕνεκα
2996 1420 3133 1488 πρὸς
3197 1420 3332 1472 Θεοῦ
3395 1421 3731 1490 ἐτράπησαν.
3810 1426 3813 1431 ’

2167 1508 2353 1571 Οὕτως
2386 1509 2590 1562 ἄνωθεν
2617 1505 2761 1578 εἶχον
2790 1512 2918 1578 ἐγώ.
2954 1510 3076 1573 Πῶς
3102 1511 3281 1563 τοίνυν
3330 1510 3431 1573 τάς
3462 1510 3575 1561 τῶν
3605 1512 3735 1577 φαύ-

2165 1599 2270 1652 λων
2311 1599 2597 1668 ποιότητας
2636 1600 2709 1663 ὼς
2743 1596 2884 1669 εἶχον
2911 1601 3357 1655 καταλελοιπέναι
3391 1603 3613 1671 λέγεις;
3639 1604 3734 1655 Πό-

2165 1709 2319 1762 τερον
2341 1692 2634 1761 δυνάμενον
2664 1693 2760 1761 μὲν
2788 1692 3005 1755 ἐκείνας
3036 1693 3325 1758 ἀνελεῖν²¹,
3349 1695 3381 1764 ἣ
3406 1694 3734 1765 βουληθέντα

2169 1786 2287 1855 μὲν,
2309 1785 2381 1855 μὴ
2407 1784 2700 1854 δυνάμενον
2726 1784 2813 1850 δέ;
2842 1786 2902 1837 Ei
2939 1787 3038 1856 μὲν
3065 1787 3174 1857 γὰρ
3224 1787 3524 1857 δυνάμενον
3565 1788 3736 1855 λέγεις

491 1875 651 1929 tolli?
704 1886 796 1929 aut
851 1874 1014 1929 Deum
1059 1876 1271 1945 quidem
1331 1877 1612 1941 voluisse,
1660 1892 1760 1929 non
1819 1877 2055 1945 potuisse

2164 1878 2234 1948 μὴ
2262 1878 2591 1947 βουληθέντα
2615 1878 2691 1941 δὲ,
2725 1878 2883 1930 αὐτὸν
2937 1879 3110 1931 αἴτιον
3139 1880 3345 1934 τούτων
3362 1882 3428 1946 ¹“,
3471 1882 3556 1933 ὅτι
3588 1881 3735 1933 δυνά-

491 1976 667 2020 tainen
695 1982 788 2021 eas
824 1966 1122 2021 tollere?Si
1155 1966 1394 2033 potuisse
1431 1966 1533 2030 ais,
1563 1976 1611 2019 et
1640 1966 1899 2029 uoluisse,
1925 1964 2056 2017 facis

490 2058 635 2112 illmn
694 2070 971 2113 auctorem
1032 2059 1225 2113 horum
1264 2058 1525 2110 malorum
1569 2075 1581 2110 :
1636 2057 1778 2126 quod
1826 2055 2059 2124 potuerit

487 2150 700 2206 eﬂicere
768 2162 826 2204 ut
882 2166 985 2205 non
1047 2160 1230 2204 essent
1292 2150 1453 2211 mala,
1502 2158 1554 2202 et
1594 2159 1767 2202 tamen
1825 2148 1935 2209 illa,
1998 2156 2054 2200 ut

489 2253 664 2309 erant,
713 2258 835 2298 esse
883 2243 1217 2313 permiserit.
1242 2242 1505 2308 Quoniam
1546 2256 1666 2295 cum
1706 2250 1911 2310 partem
1959 2240 2056 2292 ali-

489 2350 651 2405 quam
690 2335 930 2389 materize
962 2334 1264 2404 perliceret,
1315 2344 1519 2402 partem
1555 2342 1731 2386 autem
1780 2332 1921 2385 illius
1963 2347 2057 2385 ne-

490 2428 734 2497 gligeret,
768 2441 888 2479 cum
915 2436 971 2480 et
999 2426 1144 2479 illam
1168 2426 1221 2478 in
1256 2426 1443 2479 melius
1465 2434 1644 2493 posset
1678 2434 1903 2487 mutare,
1927 2423 2055 2477 mihi

490 2518 706 2571 videtur
760 2532 921 2570 causa
983 2518 1289 2578 malorum,
1348 2519 1491 2589 quod
1562 2525 1769 2586 partem
1818 2516 2058 2570 materiae

493 2609 771 2678 reliquerit
805 2609 1019 2663 malam.
1079 2608 1218 2677 Ergo
1250 2609 1299 2661 iu
1334 2609 1560 2663 exitium
1612 2608 1779 2677 partis
1828 2606 2054 2678 [partem

491 2702 659 2775 Deus]
698 2704 952 2757 condidit.
1006 2703 1115 2755 lino
1142 2702 1290 2757 illius
1325 2717 1484 2757 causa
1528 2703 1641 2756 haec
1675 2715 1801 2770 pars
1851 2713 2056 2754 summa

492 2796 691 2863 injuria
726 2793 914 2847 aﬂecta
946 2793 1077 2847 mihi
1110 2794 1322 2846 videtur
1349 2808 1364 2846 :
1391 2808 1550 2861 quam
1583 2793 1823 2846 materia:
1853 2800 2055 2860 partem

492 2902 520 2940 a
558 2887 711 2940 malis
744 2896 1008 2940 secretam
1059 2885 1363 2939 exornavit.
1406 2886 1705 2953 Antequam
1745 2884 1890 2939 enim
1934 2899 2060 2952 per-

493 2978 750 3049 poliretur
780 2978 913 3049 (89),
947 2978 1124 3031 nullus
1159 2978 1233 3031 illi
1288 2992 1480 3033 sensus
1514 2975 1775 3031 malorum
1821 2978 2007 3032 aderat
2042 2998 2055 3035 :

494 3084 636 3124 nunc
668 3083 799 3122 vero
832 3068 1057 3139 singulae
1082 3068 1226 3122 illius
1251 3077 1428 3137 partes
1458 3082 1674 3122 sensum
1704 3068 1923 3137 capiunt
1949 3084 2061 3122 ma-

497 3162 692 3214 lorum.
740 3161 938 3229 Accipe
984 3161 1051 3215 ab
1096 3159 1313 3214 homine
1340 3158 1645 3228 exemplum
1687 3176 1701 3212 :
1748 3161 2058 3228 priusquam

493 3255 691 3308 animal
725 3255 835 3321 fiat,
868 3254 1007 3306 mala
1045 3269 1147 3307 non
1180 3253 1365 3309 sentit.
1398 3252 1465 3305 At
1501 3251 1590 3306 ubi
1637 3251 1845 3322 307a
1879 3269 1908 3306 a
1952 3253 2061 3308 Deo

492 3346 753 3401 formatus
800 3345 960 3399 homo
998 3346 1077 3408 lit,
1104 3355 1231 3399 tunc
1261 3344 1419 3399 simul
1446 3352 1501 3397 et
1546 3344 1670 3396 mali
1702 3322 2061 3400 incumbentis

493 3452 711 3492 sensum
740 3437 955 3505 accipit.
1002 3438 1078 3488 Ita
1113 3437 1233 3502 hoc,
1263 3436 1402 3505 quod
1430 3450 1458 3487 a
1486 3434 1593 3489 Deo
1629 3434 1872 3489 beneﬁcii
1903 3453 2058 3492 causa

494 3532 734 3584 materiae
767 3530 1016 3583 collatmn
1045 3530 1203 3591 dicis,
1230 3530 1407 3598 potius
1432 3530 1482 3581 in
1512 3527 1731 3581 exitium
1768 3528 1909 3583 illius
1939 3545 2064 3596 pro-

486 3631 734 3695 creatum
788 3622 1224 3690 deprehenditur.
1257 3620 1314 3675 Si
1364 3636 1493 3674 vero
1530 3619 1681 3675 dicas
1714 3636 1742 3674 a
1785 3621 1888 3675 Deo
1919 3622 2059 3676 mala

2162 1987 2317 2039 μενος
2366 1970 2592 2038 ποιῆσαι
2631 1971 2706 2040 μὴ
2761 1965 2898 2023 εἶναι
2936 1972 3107 2037 κακὰ,
3165 1973 3550 2043 συνεχώρησεν
3606 1971 3734 2024 αὐτὰ

2162 2059 2341 2129 μένειν
2365 2060 2438 2121 ῶς
2469 2057 2557 2129 ἦν,
2590 2062 2683 2113 καὶ
2714 2061 2947 2130 μάλιστα
2972 2062 3060 2115 ὅτε
3089 2063 3443 2133 δημιουργεῖν
3482 2060 3583 2132 τὴν
3610 2060 3735 2131 ὕλην

2158 2152 2381 2222 ἧρξατο.
2414 2154 2473 2205 Εἰ
2504 2154 2612 2223 γὰρ
2644 2154 2776 2225 μηδὲ
2804 2155 2942 2218 ὅλως
2995 2154 3186 2226 ἔμελεν
3238 2155 3387 2225 αὐτῷ
3440 2156 3542 2225 τῆς
3583 2155 3730 2226 ὕλης,

2157 2250 2255 2300 ούκ
2285 2247 2350 2300 ἂν
2381 2248 2551 2311 αἴτιος
2579 2244 2645 2318 ἢν
2700 2244 2774 2301 ὧν
2802 2248 3147 2321 συνεχώρησε
3202 2248 3385 2319 μένειν
3410 2265 3425 2279 ⁸
3495 2248 3621 2320 [948
3644 2225 3734 2301 Β]

2158 2344 2280 2395 ἐπεὶ
2311 2342 2366 2396 δὲ
2400 2343 2562 2414 μέρος
2623 2343 2719 2413 μέν
2742 2360 2793 2395 τι
2824 2344 2991 2413 αὐτῆς
3024 2343 3365 2414 δημιουργεῖ,
3401 2342 3571 2413 μέρος
3599 2343 3653 2395 δέ
3684 2359 3733 2394 τι

2158 2436 2329 2506 αὐτῆς
2347 2438 2429 2507 ἐᾷ,
2460 2436 2755 2505 δυνάμενος
2776 2438 2995 2489 κάκεῖνο
3020 2437 3242 2507 τρέπειν
3261 2437 3340 2499 εἰς
3374 2437 3434 2488 τὸ
3466 2438 3731 2506 κρεῖττον,

2158 2528 2326 2591 αἴτιός
2358 2546 2445 2598 μοι
2479 2528 2585 2581 τῶν
2611 2528 2797 2581 κακῶν
2844 2528 3008 2591 δοκεῖ,
3045 2527 3361 2581 καταλιπὼν
3398 2527 3567 2597 μέρος
3609 2526 3735 2597 ὕλης

2159 2623 2391 2693 πονηρὸν
2466 2620 2552 2673 ἐπ’
2585 2620 2789 2693 ὀλέθρῳ
2850 2615 2910 2674 οὕ
2942 2622 2987 2652 ’³
3039 2620 3444 2693 ἐδημιούργησε
3518 2620 3732 2690 μέρους.

2171 2713 2331 2766 Ἀλλὰ
2400 2712 2505 2783 μὴν
2567 2714 2659 2765 καὶ
2696 2713 2765 2765 τὰ
2805 2713 3040 2783 μέγιστα
3063 2714 3204 2765 κατά
3232 2712 3456 2765 τοῦτο’*
3485 2713 3545 2765 τὸ
3576 2713 3735 2782 μέρος

2159 2807 2451 2877 ἠδικῆσθαί
2494 2824 2581 2876 μοι
2629 2806 2808 2871 δοκεῖ,
2865 2806 3000 2877 ὅπερ
3039 2803 3415 2858 κατεσκεύασε
3464 2805 3564 2873 τῆς
3607 2802 3736 2872 ὕλης

2164 2901 2326 2970 μέρος
2368 2898 2896 2969 ἀντιλαμϐανόμενον
2921 2899 2989 2951 τὰ
3016 2900 3077 2950 ὲκ
3100 2896 3204 2949 τῶν
3236 2896 3441 2950 κακῶν.
3474 2895 3608 2965 Πρὶν
3630 2896 3735 2964 γὰρ

2160 2991 2326 3061 αὐτὴν
2348 2991 2687 3059 διακριθῆναι
2711 2992 2755 3023 ’⁸
2780 2990 2837 3042 τὺ
2865 2990 2998 3059 μηδὲ
3023 2989 3305 3043 αἰσθέσθαι
3323 2990 3392 3018 ’⁸³
3421 2987 3528 3039 τῶν
3557 2988 3736 3040 κακῶν

2161 3084 2344 3155 παρῆν
2370 3085 2526 3153 αὐτῇ·
2543 3083 2637 3136 νῦν
2663 3083 2717 3137 δὲ
2738 3083 2967 3136 ἕκαστον
2996 3082 3105 3135 τῶν
3141 3081 3323 3152 μερῶν
3347 3081 3523 3150 αὐτῆς
3551 3080 3736 3151 αἰσθη-

2164 3194 2247 3228 σιν
2300 3176 2564 3245 λαμὸάνει
2617 3175 2725 3227 τῶν
2785 3175 2991 3228 κακῶν.
3044 3174 3153 3227 Καί
3207 3191 3297 3244 μοι
3333 3174 3420 3225 ἐπ’
3452 3171 3735 3242 ἀνθρώπου

2166 3267 2296 3321 λάϐε
2325 3267 2386 3319 τὸ
2437 3266 2804 3338 παράδειγμα.
2832 3267 2967 3337 Πρὶν
3006 3268 3112 3338 γάρ
3154 3265 3290 3330 ζῶον
3311 3264 3563 3333 γένηται,
3588 3261 3736 3315 ἀναί-

2172 3358 2369 3428 σθητον
2397 3352 2466 3428 ἦν
2492 3357 2601 3409 τῶν
2632 3356 2839 3409 κακῶν⁸
2878 3356 2971 3426 ἀφ’
3001 3350 3060 3409 οὕ
3086 3355 3143 3408 δὲ
3174 3356 3477 3409 εἰκονισθὲν
3532 3353 3733 3422 ἀνθρω-

2169 3467 2268 3512 πος
2286 3448 2422 3519 πρὸς
2455 3446 2589 3500 Θεοῦ
2618 3448 2848 3517 γίνεται,
2876 3449 2995 3501 τότε
3048 3449 3140 3501 καὶ
3184 3448 3283 3519 τὴν
3342 3446 3598 3516 αἴσθησιν
3635 3444 3735 3497 ’τοῦ

2167 3538 2633 3610 προσπελάζοντος
2687 3539 2858 3593 κοικοῦ
2908 3540 3339 3609 προσλαμϐάνει.
3405 3540 3519 3592 Καὶ
3561 3538 3729 3601 τοῦτο,

2166 3634 2301 3701 ὅπερ
2330 3630 2416 3683 ἐπ’
2449 3631 2738 3701 εὐεργεσίᾳ
2774 3631 2871 3699 τῆς
2909 3629 3041 3701 ὕλης
3082 3630 3219 3700 πρὸς
3272 3630 3410 3683 Θεοῦ
3457 3632 3729 3699 γεγονέναι

486 3715 610 3799 ‘tolli
643 3729 750 3769 non
794 3715 1073 3783 potuisse;
1125 3716 1243 3769 haec
1282 3713 1697 3781 inipossibilitas
1745 3724 1837 3766 aut
1891 3714 2059 3784 arguit

2164 3721 2359 3790 λέγεις,
2391 3721 2704 3791 εὑρίσκεται
2736 3722 2934 3791 μᾶλλον
2968 3723 3060 3775 ἐπὶ
3092 3722 3172 3792 τῷ
3206 3722 3413 3793 χείρονι
3443 3722 3733 3792 προσγενό-

492 3807 643 3862 illum
678 3814 869 3860 natura
898 3821 1021 3862 esse
1054 3805 1401 3867 imbecillum,
1431 3813 1523 3857 aut
1558 3805 1750 3859 timore
1780 3820 1809 3857 a
1845 3805 2063 3859 fortiore

2164 3830 2321 3881 μενον
2348 3812 2394 3843 ’⁸
2423 3812 2582 3882 αὐτῇ.
2617 3813 2682 3865 Ei
2707 3812 2764 3864 δὲ
2816 3812 2889 3882 μὴ
2931 3812 3195 3865 δύνασθαι
3264 3812 3473 3865 παῦσαι
3500 3812 3569 3865 τὰ
3598 3812 3730 3864 κακά

492 3898 672 3967 aliquo
718 3898 962 3951 victum:
1006 3896 1128 3951 vide
1177 3907 1357 3950 utrum
1395 3896 1583 3949 borum
1630 3896 1980 3965 onmipotenti
2010 3906 2059 3951 et

2164 3900 2253 3953 τὸν
2315 3900 2450 3954 Θεὸν
2509 3899 2638 3972 [502
2669 3899 2761 3972 IL]
2825 3901 2950 3971 φῂς,
2980 3900 3040 3953 τὸ
3069 3900 3126 3953 δὲ
3182 3900 3445 3954 ἀδύνατον
3501 3902 3621 3970 ἦτοι
3670 3900 3728 3966 τῇ

491 3988 635 4043 bono
670 3986 782 4043 Deo
814 3988 947 4042 velis
987 3988 1285 4057 assignare.

2159 3994 2320 4064 φύσει
2342 3992 2542 4062 ἀσθενῆ
2573 3993 2840 4065 ὑπάρχειν
2868 3992 3014 4045 ἐστὶν
3036 3992 3069 4062 ἢ
3103 3991 3182 4061 τῷ
3208 3990 3463 4045 νικᾶσθαι
3491 3990 3570 4060 τῷ
3594 3989 3730 4060 φόόῳ

489 4079 883 4153 δεδουλωμένον
925 4081 1062 4153 πρός
1101 4097 1246 4144 τινος
1290 4079 1616 4152 κρείττονος,
1644 4081 1745 4152 δρα
1788 4081 1968 4133 ὁποῖον
1997 4085 2201 4141 τούτων
2230 4086 2561 4157 προσάπτειν
2592 4086 2796 4149 ἐθέλοις
2817 4088 2860 4118 ’⁷
2907 4084 2984 4157 τῷ
3003 4084 3401 4156 παντοκράτορι
3424 4083 3525 4138 κοιλ⁸
3554 4080 3730 4152 ἀγαθῷ

488 4176 625 4247 Θεῷ.

562 4269 668 4323 Sed
708 4269 901 4323 iterum
942 4270 1009 4323 de
1041 4267 1267 4321 materia
1302 4266 1586 4335 responde.
1620 4265 1787 4320 Estne
1832 4266 2059 4337 simplex

490 4363 666 4432 aliqua
705 4362 930 4415 materia
972 4376 1037 4413 an
1084 4359 1426 4430 composita?
1470 4359 1528 4413 Si
1572 4358 1714 4412 enim
1751 4357 1973 4427 simplex
2008 4370 2063 4415 et

2251 4266 2409 4320 Ἀλλὰ
2466 4264 2627 4318 πάλιν
2688 4266 2818 4335 περὶ
2859 4264 2958 4334 τῆς
3005 4264 3137 4334 ὕλης
3166 4266 3485 4336 ἀπόκριναι,
3515 4271 3727 4342 πότερον

2165 4362 2308 4431 ἁπλῆ
2339 4361 2421 4423 τίς
2450 4360 2597 4412 ἐστιν
2624 4359 2658 4428 ἡ
2689 4357 2788 4427 ὕλη
2819 4359 2852 4429 ἢ
2879 4357 3132 4421 σύνθετος
3148 4359 3228 4425 ²³;
3260 4360 3324 4412 Ei
3348 4360 3460 4430 γὰρ
3493 4363 3632 4432 ἁπλῆ
3652 4380 3726 4423 τις

492 4456 777 4510 uniformis
831 4457 1053 4508 materia
1091 4453 1212 4519 fuit,
1261 4453 1532 4523 quomodo
1568 4467 1698 4507 vero
1732 4454 2059 4523 compositus

2168 4454 2461 4523 ἐτύγχανεν
2475 4451 2574 4521 ὕλη
2592 4454 2637 4483 ’ν
2653 4453 2746 4504 κοιλ⁴
2769 4451 3067 4521 μονοειδὴς,
3087 4451 3338 4515 σύνθετος
3354 4455 3411 4506 δὲ
3428 4455 3455 4506 ὁ
3478 4456 3667 4524 κόσμος
3680 4456 3723 4487 ³⁸

488 4558 571 4603 est
602 4547 851 4613 mundus,
880 4558 933 4601 et
958 4563 1020 4601 ex
1058 4546 1288 4600 diversis
1314 4545 1629 4599 substantiis
1666 4546 1917 4600 constat?
1947 4546 2059 4600 ﬁeri

488 4656 595 4695 non
636 4648 810 4710 potest
852 4649 909 4691 ut
939 4639 1153 4692 dicatur
1177 4637 1281 4690 hoc
1326 4637 1683 4702 compositum
1718 4652 1787 4691 ex
1836 4638 2061 4692 materia

491 4734 713 4798 factum,
756 4745 822 4785 eo
849 4731 990 4800 quod
1031 4728 1328 4799 composita
1358 4743 1464 4782 non
1510 4731 1721 4797 possint
1756 4743 1820 4783 ex
1852 4743 1958 4783 uno
1980 4729 2062 4783 in-

489 4824 648 4879 formi
686 4824 930 4894 componi
981 4821 1383 4893 [subsistereve
1409 4819 1469 4892 ]:
1506 4820 1861 4889 compositum
1915 4820 2059 4875 enim

489 4916 811 4985 simplicium
852 4916 1154 4985 aliquorum
1207 4915 1516 4968 mistionem
1550 4911 1771 4966 indicat.
1821 4914 1971 4978 Quod
2014 4913 2058 4967 si

489 5009 681 5063 iterum
736 5009 1014 5063 materiam
1058 5009 1205 5063 dicas
1285 5021 1408 5063 esse
1459 5004 1586 5075 quid
1639 5006 1997 5073 compositum
2042 5020 2056 5068 ;

488 5100 708 5155 omnino
748 5100 930 5155 debuit
985 5115 1050 5155 ex
1100 5100 1434 5168 simplicibus
1483 5096 1757 5166 componi,
1812 5108 1863 5150 et
1900 5105 2060 5149 erant

488 5191 615 5246 olim
646 5199 894 5262 separata
916 5190 1203 5261 simplicia,
1233 5192 1425 5261 quibus
1456 5188 1771 5254 compositis
1804 5187 1943 5240 facta
1968 5197 2053 5240 est

2163 4546 2255 4599 καὶ
2308 4547 2371 4596 ἐκ
2398 4545 2666 4615 διαφόρων
2698 4543 2895 4596 οὐσιῶν
2948 4543 3217 4606 συνεστώς
3251 4545 3422 4609 ἐστιν,
3479 4547 3723 4599 ἀδύνατον

2161 4634 2348 4688 τοῦτον
2378 4635 2420 4667 ³⁸
2453 4634 2511 4697 ἐξ
2558 4634 2690 4704 ὕλης
2735 4634 3016 4702 γεγονέναι
3048 4634 3248 4701 λέγειν,
3288 4634 3367 4703 τῷ
3395 4635 3465 4687 τὰ
3510 4636 3720 4688 σύνθετα

2166 4729 2239 4799 μὴ
2265 4724 2435 4781 οἷόντε
2464 4725 2524 4793 eg
2548 4729 2665 4791 ἑνὸς
2692 4729 2884 4781 ἀποίου
2909 4729 3006 4797 τὴν
3036 4727 3293 4780 σύστασιν
3327 4727 3474 4796 ἔχειν
3499 4744 3514 4761 ⁸
3545 4730 3602 4781 τὸ
3625 4728 3721 4796 γὰρ

2164 4819 2413 4872 σύνθετον
2437 4818 2622 4871 ἁπλῶν
2646 4835 2805 4870 τινων
2863 4818 3004 4887 μίξει
3035 4817 3263 4887 μηνύει·
3298 4820 3349 4870 εὶ
3386 4818 3432 4871 δ’
3472 4814 3541 4872 αὖ
3576 4819 3718 4872 πάλιν

2163 4910 2413 4963 σύνθετον
2456 4910 2637 4977 λέγεις
2686 4910 2782 4977 τὴν
2839 4909 2992 4978 ὕλην,
3029 4910 3246 4972 πάντως
3291 4910 3349 4974 ἐξ
3381 4910 3575 4963 ἁπλῶν
3604 4926 3715 4961 συνο

2159 5001 2342 5072 ετέθη,
2373 5001 2467 5053 καὶ
2490 4997 2559 5070 ἦν
2588 5017 2716 5053 ποτε
2750 5001 2872 5053 καθ’
2895 5000 3061 5054 ἑαυτὰ
3086 5001 3252 5064 ἁπλᾶ,
3272 4996 3346 5054 ῶν
3366 5002 3714 5055 συντεθέντων

2159 5096 2378 5163 γέγονεν
2406 5098 2439 5165 ἠ
2473 5096 2575 5163 ὕλη
2603 5111 2618 5125 ·
2642 5094 2712 5147 τά
2740 5095 2797 5147 δὲ
2829 5095 2874 5126 ³³
2907 5095 3139 5149 σύνθετα
3192 5094 3253 5159 ἐξ
3286 5095 3481 5148 ἁπλῶν
3507 5095 3600 5163 τὴν
3626 5092 3713 5145 σύ-

2160 5203 2349 5239 στασιν
2379 5188 2510 5257 ἔχει.
2539 5183 2649 5239 Ἦν
2693 5204 2823 5239 ποτε
2884 5186 3074 5257 καιρὸς
3128 5188 3215 5239 ὅτε
3242 5188 3342 5256 ή⁸²
3384 5187 3484 5257 ὕλη
3514 5189 3607 5240 οὐκ
3628 5181 3708 5255 ἦν,

1778 5322 2009 5377 VARl/E
2037 5321 2435 5378 LECTIONES.

544 5422 604 5451 ,ιο
623 5421 694 5503 δή.
716 5419 777 5485 Bo
804 5420 911 5503 ἦ,Α
938 5436 953 5473 ἶ
988 5420 1050 5489 δὴ
1082 5421 1115 5488 ἦ
1152 5437 1207 5503 ς-
1284 5419 1322 5503 ξ’
1360 5432 1479 5503 ἣοδξ
1508 5415 2413 5503 ἀ,νελεῖν“ἀεεξιξιιτμῂηβουὶηθέντα
2451 5418 2523 5503 δέ.
2605 5419 2649 5497 ζ’
2680 5417 2847 5503 at}???
2873 5416 3045 5497 αἴτιον
3072 5414 3299 5495 τούτων]
3326 5415 3489 5503 αὐτον
3520 5411 3710 5503 ⁴τούτων

490 5490 554 5553 Α,
579 5485 736 5541 acim
767 5485 967 5541 τούτων
999 5485 1225 5557 ποιητὴν
1257 5489 1428 5539 εἰπεῖν
1456 5488 1667 5557 ἀνάγκη

489 5526 756 5627 ὃῆεὲιῖᾌὶι
778 5526 1130 5627 ῖέιὲιῖεᾏέξῖἦό

487 5624 597 5683 AB.
662 5629 707 5660 ³⁰
741 5629 938 5699 κόσμος
962 5624 1206 5683 om.‘AB.
1258 5628 1297 5658 ³³
1326 5626 1511 5680 τοῦτον
1551 5629 1595 5681 Α
1628 5625 1823 5682 ετοῦτο
1852 5642 1911 5688 ς.
1983 5624 2027 5656 ³“
2056 5624 2138 5695 δέ]
2179 5624 2359 5682 malim
2393 5629 2517 5698 γάρ.

1848 5485 1893 5514 ’³
1916 5484 1976 5535 οὕ
2002 5484 2090 5535 ΑΒ
2124 5501 2136 5535 :
2166 5486 2257 5537 οὕν
2289 5504 2348 5550 ς.

1134 5554 1258 5625 ἦναι
1286 5574 1345 5619 ς.
1370 5558 1439 5588 ⁸⁵⁸
1465 5554 1816 5626 αἰσθάνεσθαι
1847 5571 1906 5617 ς.
1950 5554 2421 5626 ’δήπρογενόμενον
2453 5575 2511 5621 ς.
2554 5559 2599 5595 ³⁷
2623 5557 2826 5619 ἐθέλεις
2848 5556 2909 5611 Β.
2943 5556 2986 5587 ⁸⁸
3018 5556 3050 5626 ἢ

2474 5490 2519 5518 ’⁸⁵
2546 5486 2705 5539 τοῦτο
2736 5488 2825 5539 ΑΒ
2852 5505 2863 5540 :
2897 5486 3076 5549 τοῦτο,
3107 5483 3350 5549 τοῦτο’ς.
3440 5485 3486 5515 ⁸⁵
3516 5483 3707 5549 διακρι·

3081 5556 3144 5611 σύ
3157 5556 3361 5619 νθετος.
3414 5555 3460 5588 ¹⁹
3481 5553 3578 5622 ὕλη
3600 5566 3704 5607 om.

2596 5627 2642 5659 ³³
2670 5629 2703 5696 ἡ
2725 5627 2846 5682 add.
2879 5630 2939 5681 Δ.

1970 5739 2192 5798 NOTAE.

562 5809 672 5871 (89)
707 5812 881 5867 Malim
917 5811 966 5867 id
1000 5811 1049 5866 in
1082 5829 1174 5867 ora
1203 5821 1594 5869 secerneretur.

1176 5977 1183 6001 l
