4066 6406
218 403 362 468 1157

1282 384 1799 451 BIBLIOTIIECA.
1830 401 1896 413 --
1923 376 2087 437 COD.
2118 371 2467 433 CCXXXVI.

3347 355 3485 421 1158

220 518 474 570 τουτέστι
520 513 648 584 πρὶν
671 512 715 545 ³⁸
753 512 820 565 τὰ
852 510 999 564 ἁπλᾶ
1058 506 1352 561 συνελθεῖν.
1390 506 1450 556 Εἰ
1477 503 1533 555 δὲ
1562 498 1630 571 ἦν
1674 513 1805 551 ποτε

1936 490 2151 545 nateria.
2199 485 2509 556 Composita
2550 492 2729 536 autem
2764 497 2828 537 ex
2864 478 3206 550 simplicibus
3233 487 3488 530 constant

215 609 419 678 καιρὸς
449 608 537 660 ὅτε
564 608 598 677 ἡ
633 604 735 674 ὕλη
763 604 861 656 οὐκ
904 598 994 673 ἦν,
1023 600 1123 653 οὐκ
1167 594 1236 669 ἦν
1258 598 1315 650 δέ
1345 612 1472 648 ποτε
1506 592 1691 662 καιρὸς
1715 591 1802 642 ὅτε

216 699 492 766 ἀγένητον
537 697 637 750 ούκ
679 692 768 765 ἦν,
804 695 907 747 οὐκ
961 692 1071 761 ἄρα
1116 689 1268 742 ἔσται
1312 685 1631 757 ἀγένητοςή
1666 681 1762 747 ὕλη
1787 696 1801 711 ο

217 784 284 836 τὸ
313 785 358 837 δ’
388 784 638 838 ἐντεῦθεν
693 785 801 853 ἄρα
832 782 983 835 ἔσται
1010 778 1183 832 πολλὰ
1233 778 1302 832 τὰ
1329 776 1587 845 ἀγένητα.
1618 773 1680 825 El
1700 772 1807 841 γὰρ

218 872 297 946 ἦν
327 878 594 948 ἀγένητος
644 879 672 929 ὁ
721 876 874 938 Θεὸς,
906 869 975 944 ἦν
1004 873 1059 926 δὲ
1089 872 1329 940 ἀγένητα
1364 869 1457 921 καὶ
1487 867 1555 919 τὰ
1580 865 1727 919 ἁπλᾶ
1750 861 1810 926 ἐξ

220 962 299 1020 ὧν
330 970 364 1040 ή
406 967 508 1038 ὕλη
536 967 813 1037 συνετέθη,
868 966 969 1018 οὐκ
1016 962 1123 1034 ἄρα
1158 962 1312 1015 ἔσται
1339 959 1383 991 ³⁵
1428 958 1522 1011 δύο
1548 958 1640 1009 καὶ
1675 955 1811 1024 μόνα

219 1060 296 1114 τὰ
328 1060 597 1130 ἀγένητα,
624 1060 713 1111 ἴνα
737 1059 972 1129 παρήσω
988 1056 1049 1108 τὸ
1073 1050 1475 1123 ὲπιζητῆσαιτί
1506 1049 1634 1101 ὄντα
1665 1047 1811 1101 ἐστὶν

222 1150 402 1216 ἁπλᾶ,
444 1148 543 1219 ὕλη
570 1149 605 1218 ἢ
628 1143 770 1209 εἶδος
800 1162 813 1177 ο
843 1144 1015 1199 πολλὰ
1032 1144 1142 1214 γὰρ
1165 1144 1259 1197 καὶ
1283 1140 1455 1202 οὕτως
1484 1139 1658 1193 ἄτοπα
1691 1137 1812 1189 ἁκο-

224 1241 579 1310 λουθησειαν.

1905 591 1961 638 et
1993 580 2315 636 subsistunt.
2354 577 2484 630 Erat
2514 573 2800 643 aliquando
2836 586 2957 625 cum
2986 566 3213 623 materia
3258 579 3364 619 non
3395 576 3489 617 es-

1906 683 2031 742 set,
2080 678 2183 729 hoc
2230 679 2333 735 est.
2365 679 2653 738 antequam
2698 664 2964 735 simplicia
3010 666 3491 733 componerentur.
3530 690 3535 695 ι

1910 768 1966 822 Si
1991 782 2120 822 vero
2147 766 2248 819 fuit
2272 762 2563 834 aliquando
2592 770 2942 827 tempus,qua
2969 755 3194 809 materia
3220 767 3324 807 non
3348 749 3449 803 fuit
3472 766 3487 801 :

1911 873 2015 912 non
2047 856 2151 910 fuit
2183 865 2365 910 autem
2394 866 2630 921 unquam
2666 858 2882 918 tempus
2903 861 3013 917 quo
3042 845 3341 915 ingenitum
3385 856 3491 894 non

1910 961 2025 1005 erat
2061 967 2075 1004 :
2112 964 2215 1004 non
2262 948 2369 1003 erit
2400 961 2530 1016 ergo
2578 938 2811 1014 ingenita
2842 942 2934 1014 [ab
2966 935 3191 1008 aeterno]
3242 922 3491 989 materia.

1912 1042 2029 1098 Hoc
2086 1053 2264 1096 autem
2300 1041 2426 1095 hinc
2459 1048 2719 1107 sequetur
2750 1036 2912 1089 multa
2963 1032 3077 1087 lore
3113 1029 3350 1099 ingenita
3384 1046 3396 1080 :
3446 1025 3492 1079 si

1918 1138 2059 1193 enim
2120 1136 2260 1189 Deus
2310 1133 2603 1202 ingenitus,
2644 1138 2699 1183 et
2732 1136 2889 1183 erant
2931 1124 3202 1194 simplicia
3233 1119 3495 1189 ingenita.

1913 1245 1980 1285 ex
2020 1230 2213 1299 quibus
2240 1226 2465 1280 materia
2497 1222 2793 1292 composita
2818 1230 2921 1286 est,
2950 1234 3054 1272 non
3079 1224 3237 1270 erunt
3269 1210 3500 1280 amplius

224 1341 338 1393 duo
367 1348 421 1393 et
450 1338 563 1391 sola
598 1335 856 1404 ingenita,
901 1341 958 1387 ut
988 1329 1395 1401 praetermittam
1422 1339 1664 1396 quaerere
1686 1324 1814 1394 quid
1854 1323 2054 1381 fuerint
2130 1323 2220 1378 illa
2284 1319 2573 1392 simplicia,
2634 1313 2859 1370 materia
2938 1325 3005 1363 an
3058 1306 3254 1361 forma.
3331 1302 3496 1357 Multa

224 1431 377 1486 enim
405 1439 461 1484 et
489 1429 612 1482 hinc
661 1427 896 1481 absurda
930 1416 1249 1492 sequentur.

300 1525 465 1576 Δοκεῖ
492 1521 549 1575 δέ
580 1537 664 1573 σοι
714 1518 882 1589 μηδὲν
910 1517 1015 1570 τῶν
1061 1514 1230 1568 ὄντων
1284 1512 1417 1567 αὐτὸ
1459 1508 1636 1580 ἑαυτῷ
1666 1510 1816 1564 ἀντι-

226 1611 486 1677 κεῖσθαι;
516 1611 693 1665 Δοκεῖ.
733 1608 1058 1661 Ἀντίκειται
1080 1606 1139 1659 δὲ
1168 1602 1247 1674 τῷ
1272 1603 1405 1673 πυρὶ
1436 1602 1498 1655 τὸ
1531 1600 1697 1671 ὕδωρ,
1726 1600 1819 1654 καὶ

227 1706 314 1775 τῷ
348 1704 491 1773 φωτὶ
548 1703 610 1755 τὸ
655 1701 868 1762 σκότος,
901 1700 996 1753 καὶ
1023 1698 1102 1769 τῷ
1146 1696 1341 1768 ψυχρῷ
1377 1696 1439 1751 τὸ
1465 1696 1688 1767 θερμὸν,
1723 1697 1819 1749 καὶ

227 1792 315 1863 τῷ
355 1791 505 1862 ξηρῷ
529 1792 592 1844 τὸ
617 1789 815 1860 ὑγρόν;
844 1787 1030 1849 Οὕτως
1053 1786 1198 1857 ἔχειν
1227 1804 1315 1857 μοι
1336 1786 1380 1819 ³⁸
1409 1787 1577 1840 δοκεῖ.
1609 1784 1818 1838 Οὐκοῦν

229 1886 283 1936 ει
320 1884 489 1955 μηδὲν
531 1881 639 1937 τῶν
683 1882 853 1934 ὄντων
896 1880 1028 1934 αὐτὸ
1072 1877 1248 1949 ἑαυτῷ
1309 1876 1632 1939 ἀντίκειται,
1658 1876 1821 1946 ἀλλή-
1857 1928 1896 1981 Β

232 1975 431 2039 λοιςδὲ
486 1974 658 2027 ταῦτα
704 1974 1008 2028 ἀντίκειται
1030 1973 1095 2037 ³⁷,
1149 1972 1251 2025 οὐκ
1309 1969 1521 2023 ἔσονται
1560 1968 1660 2039 ὕλη
1700 1970 1818 2041 μία,

231 2068 360 2123 οὐδὲ
390 2066 498 2138 μὴν
523 2066 585 2131 ἐξ
611 2064 744 2136 ὕλης
774 2066 925 2133 μιᾶς.

311 2169 485 2223 Πάλιν
518 2166 577 2219 δὲ
597 2165 864 2218 πυθέσθαι
919 2163 1182 2235 βούλομαι
1207 2179 1222 2195 ο
1277 2164 1435 2218 Δοκεῖ
1461 2180 1544 2216 σοι
1574 2163 1642 2216 τὰ
1684 2164 1823 2231 μέρη

238 2261 321 2330 μὴ
338 2256 667 2328 ἀναιρετικὰ
714 2255 962 2325 ἀλλήλων
1009 2252 1188 2319 εἶναις
1246 2257 1423 2309 Δοκεῖ.
1455 2248 1610 2307 Εἶναι
1643 2254 1699 2307 δὲ
1723 2256 1822 2323 τῆς

238 2352 379 2420 ὕλης
413 2350 578 2420 μέρος
608 2346 670 2401 τό
697 2363 756 2400 τε
787 2345 898 2418 πῦρ
932 2345 1029 2399 καλ⁸
1057 2345 1118 2398 τὸ
1143 2345 1309 2417 ὕδωρ,
1331 2344 1593 2408 ὡσαύτως
1629 2344 1688 2399 δὲ
1730 2344 1824 2397 καὶ

235 2444 309 2496 τὰ
332 2439 530 2507 λοιπά;
562 2440 747 2503 Οὕτως
778 2439 906 2509 ἔχω.
949 2439 1015 2491 Τί
1052 2437 1147 2503 δέ;
1180 2438 1240 2491 οὐ
1289 2439 1436 2491 δοκεῖ
1459 2454 1540 2490 σοι
1564 2439 1830 2508 ἀναιρετι-

238 2535 339 2587 κὸν
371 2533 471 2603 μὲν
497 2527 636 2586 εἶναι
662 2530 757 2585 τοῦ
786 2531 959 2602 πυρὸς
979 2530 1040 2583 τὸ
1094 2528 1261 2600 ὕδωρ,
1293 2529 1388 2582 τοῦ
1425 2529 1483 2583 δὲ
1508 2529 1731 2592 σκότους
1769 2530 1829 2583 τὸ

241 2627 388 2695 φῶς,
434 2626 531 2679 καὶ
576 2620 747 2678 τᾶλλα
794 2625 895 2678 ὅσα
951 2622 1166 2686 τούτοις
1214 2623 1611 2694 παραπλήσια;
1648 2624 1824 2680 Δοκεῖ.

241 2717 461 2772 υύκοῦν
498 2721 547 2771 εἰ
576 2718 644 2771 τὰ
675 2717 819 2790 μέρη
866 2716 968 2770 οὐκ
1016 2716 1162 2768 ἔστιν
1216 2714 1461 2787 ἀλλήλων
1490 2713 1829 2786 ἀναιρετικὰ,

242 2810 426 2863 ταῦτα
450 2809 507 2862 δὲ
532 2807 858 2881 ἀναιρετικὰ
891 2809 1174 2879 τυγχάνει,
1218 2809 1318 2862 οὐκ
1355 2807 1464 2880 ἄρα
1496 2805 1650 2860 ἔσται
1675 2806 1720 2839 ³⁸
1741 2806 1836 2860 άλ-

243 2903 428 2974 λήλων
463 2901 639 2971 μέρηο
671 2903 721 2953 εἰ
746 2900 791 2953 δ’
840 2900 886 2932 ⁸⁸
926 2900 1025 2953 ούκ
1053 2899 1204 2952 ἔσται
1241 2898 1485 2968 ἀλλήλων
1515 2898 1695 2969 ῐμέρη,
1735 2898 1836 2951 οὐκ

244 2995 471 3050 ἔσονται
500 2994 632 3065 ὕλης
666 2995 816 3064 μιᾶς.
850 2993 1012 3047 Ἀλλὰ
1046 2993 1152 3064 μὴν
1181 2992 1289 3045 οὐδ’
1314 2989 1379 3045 αὖ
1402 2991 1449 3023 δ’)
1476 2990 1687 3044 ἔσονται
1712 2988 1835 3060 ὕλη,

246 3092 329 3163 τῷ
402 3090 570 3161 μηδέν
620 3107 673 3142 τι
718 3088 827 3141 τῶν
860 3087 1031 3140 ὅντων
1087 3084 1219 3138 αὐτὸ
1266 3082 1461 3137 ἑαυτοῦ
1490 3082 1838 3153 ἀναιρετικὸν

249 3180 420 3238 εἶναι.
446 3182 633 3244 Οὕτως
659 3176 752 3234 οὖν
776 3180 886 3232 τῶν
920 3176 1311 3248 ἀντικειμένων
1368 3174 1625 3245 ἑχόντων,
1661 3173 1723 3226 τὸ
1758 3174 1834 3245 μὴ

248 3273 396 3331 εἶναι
428 3275 528 3346 τὴν
562 3272 698 3343 ὕλην
730 3272 1027 3325 δείκνυται.

326 3366 467 3435 Περὶ
500 3363 599 3434 μὲν
626 3362 726 3433 τῆς
757 3360 890 3432 ὕλης
947 3360 1237 3429 αὐτάρκως
1289 3357 1402 3429 ἔχει
1422 3375 1436 3389 ·
1467 3358 1592 3429 [949
1626 3356 1716 3429 3.]
1748 3358 1841 3409 ἐπὶ

253 3457 431 3526 δὲτὴν
453 3455 562 3509 τῶν
592 3453 780 3508 κακῶν
811 3452 1060 3517 ἐξέτασιν
1097 3450 1356 3522 ἔρχεσθαι
1405 3450 1505 3512 δεῖ,
1548 3449 1644 3502 καὶ
1675 3451 1843 3515 ἀναγ-

255 3548 432 3611 καίως
458 3547 753 3616 ἀναζητεῖν
781 3543 852 3597 τὰ
892 3543 1044 3614 παρὰ
1087 3541 1421 3613 ἀνθρώποις.
1462 3542 1544 3595 Τὰ
1592 3540 1721 3611 παρ’
1751 3541 1844 3592 ἀν-

256 3641 501 3715 θρώποις
550 3640 699 3693 κακὰ
738 3637 967 3707 πότερον
1021 3635 1066 3666 ⁸³
1133 3635 1247 3706 εἴδη
1298 3634 1557 3704 τυγχάνει
1604 3631 1840 3702 κακοῦἣ

262 3737 445 3807 μέρη;
472 3735 533 3788 El
555 3735 663 3805 γὰρ
695 3733 834 3802 εἴδη,
859 3732 959 3785 ούκ
985 3729 1259 3802 ἄραὲσται
1284 3728 1473 3800 ἕτερον
1494 3728 1646 3798 παρὰ
1676 3725 1844 3779 ταῦτα

257 3831 322 3882 τὸ
348 3827 519 3881 κακὸν
556 3824 681 3879 καθ’
725 3824 877 3890 αὐτὸ,
922 3823 1002 3893 τῷ
1042 3822 1113 3876 τὰ
1151 3823 1283 3892 γένη
1308 3823 1365 3874 ὲν
1395 3823 1506 3883 τοῖς
1528 3820 1722 3872 εἴδεσιν
1755 3818 1845 3884 ἐξ-

258 3918 557 3983 ετάζεσθαι
581 3916 675 3970 καὶ
702 3915 1025 3985 ὑφεστάναι.
1058 3913 1121 3967 Εἰ
1165 3913 1222 3965 δὲ
1260 3911 1440 3977 τοῦτο,
1476 3910 1703 3980 γενητὸν
1736 3909 1847 3979 ἄρα

259 4014 417 4067 ἔσται
444 4011 490 4042 δ’
513 4006 575 4062 τὺ
603 4011 772 4063 κακόν
791 4023 807 4038 ο
846 4008 915 4060 τὰ
960 4007 1070 4077 γὰρ
1115 4004 1229 4075 εἴδη
1282 4002 1489 4072 γενητὰ
1514 4002 1643 4055 ὄντα
1667 4001 1713 4032 ⁸³
1739 4001 1847 4055 δεί-

260 4126 481 4172 κνυται,
509 4103 621 4160 οἷον
655 4104 813 4175 φόνος
830 4105 926 4157 καὶ
959 4102 1175 4174 μοιχεία
1212 4100 1306 4154 καὶ
1332 4098 1399 4153 τὰ
1429 4096 1639 4161 τούτοις
1665 4115 1847 4169 παρα-

262 4201 494 4271 πλήσια.
520 4199 583 4251 Εἰ
599 4198 653 4251 δὲ
671 4197 812 4268 μέρη
828 4195 974 4259 τινὸς
1000 4193 1173 4247 κακοῦ
1190 4192 1362 4247 ταῦτα
1390 4188 1531 4246 εἶναι
1561 4192 1763 4256 ἐθέλοις
1780 4192 1845 4255 ⁵⁵,

266 4295 387 4347 ἔστι
413 4294 470 4345 δὲ
487 4291 663 4344 ταῦτα
686 4288 912 4360 γενητὰ,
931 4289 1142 4359 ἀνάγκη
1166 4287 1387 4341 κάκεῖνο
1406 4286 1634 4358 γενητὸν
1672 4286 1851 4355 ὑπάρ-

263 4403 405 4457 χειν.
444 4380 547 4440 Ὧν
572 4385 682 4452 γὰρ
733 4382 802 4435 τὰ
854 4382 993 4452 μέρη
1044 4380 1250 4450 γενητὰ
1276 4378 1344 4443 ⁸⁸,
1371 4378 1545 4432 ταῦτα
1575 4378 1774 4448 ὁμοίως
1792 4377 1852 4443 ἐξ

267 4480 518 4548 ἀνάγκης
576 4476 690 4529 ἐστὶ
740 4473 976 4544 γενητὰ·
1021 4472 1211 4543 τὸγὰρ
1242 4472 1364 4526 ὅλον
1400 4473 1466 4525 ἐκ
1501 4472 1685 4543 μερῶν
1718 4488 1849 4523 συν-

1996 1506 2294 1562 Videturne
2340 1503 2435 1558 tibi
2473 1500 2607 1555 nihil
2635 1512 2824 1553 eorum
2856 1509 2974 1564 qua:
3002 1491 3292 1553 exsistunt,
3322 1488 3497 1557 ipsum

1925 1597 2025 1652 sibi
2083 1596 2181 1665 ipsi
2226 1590 2616 1648 contrarium?
2665 1588 2906 1642 Videtur.
2954 1587 3026 1636 At
3077 1582 3181 1650 igni
3227 1578 3501 1631 contraria

1923 1700 2007 1744 est
2034 1704 2172 1759 aqua
2203 1704 2218 1753 ;
2262 1695 2317 1740 et
2354 1686 2459 1739 luci
2495 1682 2732 1737 tenebrae
2764 1698 2779 1746 ;
2816 1689 2869 1733 et
2897 1676 3099 1743 frigido
3122 1672 3355 1728 calidum
3398 1686 3413 1728 :
3447 1678 3504 1723 et

1924 1782 2076 1836 arido
2132 1777 2462 1834 humidum?
2510 1775 2636 1829 Mihi
2677 1776 2749 1827 ita
2799 1772 3031 1826 videtur.
3080 1768 3221 1838 Ergo
3268 1765 3312 1819 si
3369 1761 3504 1816 nihil

1924 1890 2113 1931 eorum
2139 1887 2261 1942 qua:
2281 1871 2551 1927 exsistunt
2580 1870 2752 1937 ipsum
2781 1865 2883 1921 sibi
2904 1861 3235 1918 contrarium
3259 1866 3361 1921 est,
3385 1856 3503 1911 hare

1928 1977 2105 2021 autem
2137 1965 2239 2019 sibi
2274 1970 2612 2032 repugnant;
2636 1975 2765 2029 ergo
2798 1972 2901 2011 non
2932 1962 3094 2010 erunt
3116 1969 3217 2007 una
3248 1948 3500 2011 materia,

1924 2072 2103 2126 neque
2133 2072 2197 2112 ex
2229 2072 2332 2109 una
2366 2056 2591 2109 materia
2627 2051 2946 2119 composita.

1996 2150 2232 2203 Rursum
2259 2147 2420 2201 velim
2458 2147 2663 2199 audire.
2703 2142 3031 2197 Videnturne
3066 2138 3156 2192 tibi
3192 2146 3373 2205 partes
3404 2132 3506 2187 sibi

1926 2249 2113 2295 mutuo
2143 2254 2339 2294 nocere
2368 2239 2390 2292 ’Ξ
2423 2236 2709 2291 Videntur.
2737 2234 2977 2288 Materiae
3021 2242 3226 2301 partem
3257 2228 3510 2298 agnoscis

1927 2349 2090 2387 unatn
2142 2333 2342 2402 ignem,
2376 2329 2600 2384 alteram
2642 2341 2861 2397 aquam,
2893 2334 2945 2379 et
2980 2324 3052 2377 ita
3089 2321 3371 2390 reliquas}
3433 2319 3506 2371 Ita

1928 2439 2142 2480 censeo.
2193 2421 2336 2489 Quid
2380 2421 2545 2475 vero?
2618 2434 2721 2473 non
2774 2419 2986 2472 videtur
3016 2415 3111 2469 tibi
3148 2428 3285 2482 aqua
3315 2426 3511 2467 nocere

1929 2516 2079 2586 igni,
2129 2514 2217 2568 lux
2255 2513 2493 2568 tenebris
2521 2507 2885 2583 [adversari]
2914 2518 2970 2562 et
3022 2506 3129 2561 alia
3173 2517 3512 2574 qutecunque

1932 2616 2060 2662 sunt
2118 2606 2205 2660 bis
2254 2604 2498 2658 similia?
2545 2602 2793 2656 Videtur.
2818 2599 3007 2653 Nonne
3052 2611 3202 2666 ergo,
3236 2596 3280 2651 si
3333 2603 3515 2663 partes

1934 2699 2073 2753 inter
2099 2712 2157 2753 se
2186 2697 2289 2751 sibi
2323 2708 2513 2749 mutuo
2540 2710 2644 2747 non
2665 2698 2881 2755 nocent,
2911 2690 2991 2743 hm
3024 2698 3205 2742 autem
3236 2699 3294 2739 se
3325 2695 3513 2738 mutuo

1934 2792 2226 2861 perimunt,
2254 2805 2357 2842 non
2381 2797 2542 2842 erunt
2565 2788 2702 2839 inter
2722 2800 2779 2839 se
2808 2793 3027 2853 partes:
3052 2782 3095 2836 si
3117 2790 3294 2833 autem
3318 2777 3513 2848 307!»

1936 2900 2043 2940 non
2086 2891 2244 2936 erunt
2272 2891 2472 2934 mutua:
2512 2881 2656 2932 inter
2693 2893 2751 2931 se
2788 2885 2994 2944 partes,
3030 2888 3135 2926 non
3170 2879 3328 2924 erunt
3352 2869 3514 2922 unius

1937 2977 2179 3032 materiae
2213 2992 2228 3028 :
2271 2976 2379 3027 imo
2405 2989 2503 3028 nec
2526 2982 2685 3027 erunt
2714 2970 2960 3031 materia,
2986 2981 3052 3021 eo
3080 2964 3221 3035 quod
3247 2960 3383 3016 nihil
3410 2959 3514 3014 sibi

1939 3070 2036 3139 ipsi
2084 3070 2156 3125 sit
2196 3068 2532 3123 contrarium
2585 3081 2683 3121 seu
2729 3064 2974 3117 noxium.
3008 3059 3141 3114 Cum
3185 3068 3321 3125 ergo
3358 3066 3417 3107 se
3445 3053 3517 3105 ita

1940 3166 2172 3220 habeant
2202 3163 2471 3234 opposita,
2502 3169 2648 3231 patet
2678 3159 2802 3213 inde
2821 3172 2883 3210 ea
2922 3171 3025 3208 non
3053 3165 3173 3206 esse
3211 3146 3514 3203 materiam.

2012 3375 2186 3445 Atque
2213 3373 2280 3428 de
2303 3371 2529 3427 materia
2559 3369 2693 3424 satis
2715 3369 2939 3423 dictum.
2977 3363 3311 3419 Veniendum
3333 3367 3515 3414 autem

1944 3478 2028 3523 est
2059 3468 2124 3522 ad
2150 3467 2414 3522 malorum
2452 3462 2904 3531 disquisitionem,
2936 3467 2991 3513 et
3014 3455 3322 3512 necessario
3357 3466 3525 3506 excu-

1946 3559 2124 3615 tienda
2146 3558 2419 3613 hominum
2443 3556 2601 3610 mala.
2626 3553 2759 3608 Mala
2786 3551 3065 3606 hominum
3087 3557 3285 3604 suntne
3312 3544 3525 3615 species

1945 3648 2095 3713 mali,
2121 3663 2188 3701 an
2220 3645 2440 3715 partes?
2467 3645 2523 3699 Si
2557 3645 2768 3714 species
2794 3683 2807 3703 .
2861 3655 2969 3695 non
3005 3640 3109 3693 erit
3131 3638 3274 3692 aliud
3299 3636 3523 3700 malum,

1946 3750 2141 3810 praeter
2202 3741 2298 3793 has
2351 3739 2578 3807 species.
2629 3734 2927 3791 secundum
2975 3733 3210 3800 seipsum
3263 3745 3328 3785 eo
3383 3729 3525 3798 quod

1945 3846 2142 3901 genera
2162 3830 2213 3883 itt
2249 3829 2528 3898 speciebus
2553 3826 2981 3894 inquirantur,et
3003 3824 3333 3878 subsistant:
3368 3822 3411 3875 si
3432 3836 3528 3872 att-

1949 3930 2053 3975 tem
2074 3919 2174 3973 hoc
2190 3914 2518 3990 [genusest],
2541 3916 2737 3969 malum
2756 3916 2859 3967 erit
2880 3914 3156 3982 genitum:
3173 3927 3296 3965 nam
3321 3910 3530 3979 species

1948 4013 2143 4082 genitae
2176 4009 2477 4078 probantur
2505 4027 2518 4063 :
2546 4015 2605 4061 ut
2632 4017 2716 4062 est
2744 4007 2939 4070 caades,
2974 4004 3325 4066 adulterium,
3347 4002 3530 4056 ethoc

1948 4118 2115 4173 genus
2142 4101 2361 4156 similia.
2393 4100 2452 4155 Si
2480 4108 2658 4154 autem
2688 4108 2870 4168 partes
2908 4096 3139 4164 alicujus
3165 4094 3286 4149 mali
3320 4093 3531 4163 species

1952 4199 2048 4253 has
2066 4211 2184 4251 esse
2203 4194 2357 4249 velis:
2388 4203 2516 4249 sunt
2533 4202 2710 4248 autem
2736 4193 2816 4246 hae
2842 4191 3037 4263 genitae
3062 4207 3077 4245 :
3107 4202 3331 4243 necesse
3350 4186 3453 4240 erit
3472 4193 3531 4237 ut

1949 4298 2002 4341 et
2023 4297 2190 4342 totum
2212 4285 2339 4340 illud
2358 4286 2592 4355 genitum
2610 4285 2701 4338 sit.
2717 4281 2954 4349 Quorum
2972 4280 3115 4335 enim
3138 4288 3317 4347 partes
3336 4277 3533 4346 genita:

1951 4387 2117 4443 sunt,
2168 4378 2475 4432 necessario
2526 4384 2580 4429 et
2635 4377 2750 4430 haec
2808 4383 2919 4429 tota
2967 4372 3216 4428 similiter
3255 4380 3381 4426 sunt
3436 4382 3532 4440 ge-

1954 4472 2085 4534 nita,
2124 4479 2291 4523 totum
2325 4469 2468 4523 enim
2512 4484 2572 4522 ex
2612 4467 3101 4537 partibuseonstat.
3138 4465 3390 4520 Actotum
3416 4462 3532 4537 (90)

268 4569 489 4638 έστηκε.
519 4565 629 4619 Καὶ
644 4564 705 4617 τὸ
738 4563 837 4634 μὲν
854 4563 973 4616 ὅλον
996 4563 1096 4615 οὐκ
1121 4561 1274 4615 ἔσται
1302 4560 1377 4632 μὴ
1411 4560 1580 4614 ὄντων
1599 4560 1725 4632 [505
1756 4559 1835 4631 ll.

1954 4561 2169 4629 quidem
2208 4575 2312 4613 non
2338 4559 2465 4620 erit,
2490 4559 2735 4626 partibus
2763 4572 2867 4611 non
2894 4554 3283 4611 exsistentibus
3308 4570 3323 4618 ;
3350 4558 3535 4619 partes

273 4660 478 4731 μερῶν,
508 4658 661 4711 ἔσται
716 4656 776 4709 δέ
825 4672 947 4708 τινα
1000 4654 1110 4708 τῶν
1166 4652 1367 4723 μερῶν,
1402 4653 1507 4706 κᾶν
1540 4654 1616 4723 μὴ
1637 4652 1697 4705 τὸ
1730 4653 1835 4706 ὅλοι

1958 4665 2086 4705 vero
2114 4650 2307 4720 aliquae
2327 4658 2504 4713 erunt,
2525 4648 2772 4717 quamVis
2793 4658 2961 4702 totum
2993 4662 3100 4702 non
3130 4646 3291 4701 adsit.
3320 4643 3534 4698 Nullius

267 4754 443 4823 παρῇ.
480 4750 705 4813 Οὐδενὸς
735 4748 793 4802 δὲ
827 4748 934 4800 τῶν
959 4746 1127 4799 ὄντων
1157 4745 1323 4815 μέρος
1343 4745 1440 4814 μέν
1460 4745 1576 4797 ἐστι
1600 4744 1850 4815 γενητὸν,

274 4844 441 4916 μέρος
474 4842 533 4896 δὲ
568 4841 852 4911 ἀγένητον.
886 4840 951 4894 Εἰ
1004 4838 1062 4891 δὲ
1102 4839 1198 4892 καὶ
1236 4836 1397 4890 τοῦτο
1428 4840 1853 4906 συγχωρήσαιμι

268 4936 351 5006 τῷ
379 4936 545 5005 λόγῳ,
574 4930 643 5005 ἦν
669 4950 799 4987 ποτε
833 4930 892 4985 τὸ
914 4931 1106 4993 κακὸν,
1150 4930 1239 4983 ὅτε
1300 4928 1599 4999 ὁλόκληρον
1640 4930 1739 4983 οὐκ
1763 4926 1853 4999 ἦν,

271 5028 525 5081 τουτέστι
554 5027 683 5098 πρὶν
713 5024 1117 5095 δημιουργῆσαι
1144 5021 1242 5092 τὴν
1271 5021 1401 5091 ὕλην
1423 5022 1513 5074 τὸν
1538 5022 1669 5075 Θεόν
1688 5039 1700 5051 ·
1734 5022 1857 5074 τότε

273 5120 331 5173 δὲ
369 5119 662 5190 ὁλόκληρον
679 5117 909 5186 γίνεται,
936 5116 1026 5168 ὅτε
1057 5113 1193 5183 πρὸς
1227 5113 1362 5165 Θεοῦ
1394 5112 1615 5181 γέγονεν
1642 5113 1855 5184 ἀνορω-

274 5226 377 5271 «to;
401 5226 416 5240 ·
442 5208 552 5261 τῶν
572 5210 682 5280 γὰρ
725 5207 907 5279 μερῶν
938 5205 1032 5259 τοῦ
1075 5203 1246 5258 κακοῦ
1300 5202 1587 5272 ἅνθρωπος
1616 5202 1855 5273 ὑπάρχει

1958 4754 2136 4800 autem
2188 4745 2263 4799 rei
2294 4745 2607 4799 exsistentis
2651 4758 2775 4811 pars
2808 4742 2975 4796 altera
3016 4751 3098 4796 est
3134 4741 3335 4812 genita,
3364 4740 3535 4794 altera

1960 4835 2199 4904 ingenita
2232 4852 2246 4889 :
2288 4834 2335 4889 si
2370 4846 2548 4888 autem
2590 4843 2643 4886 et
2674 4834 2775 4887 hoc
2818 4832 3047 4886 orationi
3073 4831 3390 4896 concedam,
3417 4828 3536 4883 Ma—

1960 4926 2070 4980 lum
2112 4926 2210 4979 fuit
2244 4925 2395 4990 olim,
2426 4939 2547 4978 cum
2583 4932 2751 4978 tottnn
2793 4924 3061 4992 integrum
3099 4937 3205 4977 non
3240 4932 3406 4989 esset,
3437 4923 3540 4976 hoc

1962 5028 2067 5080 est,
2096 5026 2385 5087 antequam
2416 5015 2558 5070 Deus
2585 5016 2864 5069 materiam
2896 5022 3129 5070 crearet.
3173 5013 3327 5071 Tunc
3356 5027 3537 5069 autem

1963 5118 2133 5163 talum
2162 5108 2425 5177 integrum
2452 5107 2682 5171 exstitit,
2722 5106 2939 5175 quando
2962 5121 2990 5160 a
3019 5106 3130 5161 Deo
3171 5105 3330 5160 homo
3351 5107 3539 5161 condi-

1967 5214 2053 5256 tus
2085 5210 2186 5257 est.
2218 5201 2459 5256 Partium
2486 5201 2630 5257 enim
2670 5199 2793 5253 mali
2838 5208 3027 5254 auctor
3055 5206 3142 5255 est
3180 5197 3361 5254 homo.
3400 5197 3539 5253 Hinc

1581 5336 1820 5392 VARl/E
1853 5338 2261 5395 LECTIONES.

358 5435 405 5466 “
450 5431 582 5504 πρίν
610 5432 655 5483 Α
685 5428 882 5504 ςξτλήν-
902 5434 984 5504 lg.

279 5507 326 5537 ³⁸
356 5499 510 5556 ἔσται
542 5517 651 5555 om.
674 5500 784 5553 AB.
829 5499 885 5535 ⁷³⁹
910 5502 959 5551 εἰ
990 5499 1121 5551 δ’-

279 5517 326 5537 "
356 5517 509 5556 εσται
542 5517 651 5555 om.
674 5517 784 5553 an.
842 5517 884 5535 ου
910 5517 959 5551 ει
990 5517 1031 5551 ον
1052 5529 1121 5539 -
1185 5517 1206 5551 ε

278 5577 326 5608 ⁸³
355 5575 487 5627 ὄντα
511 5586 620 5628 om.
658 5568 767 5624 AB.
835 5569 881 5600 “
905 5569 1109 5633 ἐθέλεις

1078 5427 1123 5461 ³⁸
1154 5427 1306 5501 ἔσται
1368 5445 1478 5482 om.
1503 5430 1613 5483 AB.
1688 5431 1737 5501 7“
1760 5448 1850 5500 μοι
1874 5432 1939 5485 Α.
1987 5449 2000 5484 :
2041 5434 2115 5501 μή
2154 5450 2214 5497 ς.

1185 5500 1419 5571 έρηλοιιι.
1451 5503 1515 5552 Δ.
1564 5501 1609 5531 ⁸ο
1645 5500 1785 5553 αὕἈ
1819 5518 1831 5553 :
1867 5502 1931 5555 ἄν
1962 5520 2022 5566 ς’.

2303 5433 2347 5464 ³⁷
2373 5430 2624 5503 ἀλλήλοις
2649 5431 2705 5485 δὲ
2726 5430 2899 5485 ταῦτα
2928 5428 3229 5503 ᾀντίκειται
3262 5444 3374 5483 om.
3426 5429 3537 5503 Ali.

2187 5503 2417 5575 πότερον
2442 5498 2511 5543 -ί-
2538 5502 2711 5557 κακοῦ
2741 5518 2849 5557 om.
2879 5501 2988 5556 AB.
3044 5502 3089 5534 “
3108 5500 3261 5555 ἔσται
3291 5516 3401 5555 om.
3426 5498 3539 5551 ΑΒ.

1286 5569 1332 5601 ’⁸⁸
1357 5571 1561 5640 γενητά
1589 5574 1847 5641 expungit
1879 5575 1937 5627 Α.
1964 5589 2073 5627 om.
2112 5572 2170 5627 Β.

1758 5653 1994 5718 NOTAE.

284 5846 480 5892 totum.

355 5762 467 5834 (90)
517 5760 710 5816 Tutum
766 5756 1031 5825 integrum
1078 5754 1344 5826 intelligit.
1388 5752 1583 5811 Positis
1631 5754 1880 5809 omnibus
1918 5757 2162 5824 partibus
2216 5758 2432 5828 ponitur
2474 5766 2640 5812 totum
2675 5774 2689 5822 ;
2731 5755 2935 5812 sublata
2984 5769 3087 5809 una
3142 5762 3295 5824 parte
3343 5749 3547 5806 tollitur
