4066 6408
616 354 753 418 1159

1746 354 2007 416 ΡΗΟΤΠ
2046 352 2550 415 ΡΑΤΒΙΛΒΕΗίΕ
2597 352 2706 411 CP.

3697 351 3801 417 1160

607 477 665 519 ut
700 472 870 518 totum
897 461 1166 532 integrum
1196 460 1320 517 mali
1366 462 1675 527 exsisteret,
1718 475 1907 517 auctor
1935 465 2058 525 erit,
2094 464 2182 530 qui

2292 464 2539 532 ποιητής.
2571 463 2678 514 Καὶ
2706 462 2766 514 τὸ
2795 460 3045 514 ἐντεῦθεν
3114 458 3401 528 ὀλόκληρον
3432 456 3563 515 εἶναι
3595 463 3648 514 τὸ
3672 481 3803 520 κακον

605 555 846 612 condidit
880 552 1077 625 [illum]
1122 554 1285 608 Dens.
1336 554 1489 621 Quod
1539 556 1763 623 impium
1817 563 1918 611 est.
1958 554 2015 609 Si
2062 570 2189 608 vero

608 658 861 705 neutrum
907 648 1103 701 horum
1142 647 1347 701 dixeris
1395 662 1517 703 esse
1544 649 1767 711 malum,
1815 648 1905 701 sed
1939 645 2061 699 mali
2091 646 2187 698 ali.

603 740 762 809 cujus
809 755 946 805 opus
983 754 1107 793 esse
1136 739 1395 801 aﬂlrmas,
1432 750 1542 795 tum
1589 740 1827 807 genitum
1866 753 1984 793 esse
2015 739 2188 807 ipsum

601 831 950 901 doces.0pns
972 834 1115 887 enim
1146 832 1513 901 cujuscunque
1564 832 1883 900 principium
1923 831 2187 889 exsiSIen-

604 925 655 978 di
691 925 875 979 habet.
914 927 994 978 Ad
1033 926 1167 986 Iure,
1197 933 1391 992 praeter
1423 925 1537 979 haec
1570 923 1776 981 nullum
1812 923 1959 979 aliud
1989 924 2188 978 malum

603 1019 883 1087 assignare
944 1020 1311 1085 potes;quod
1380 1017 1525 1073 enim
1570 1031 1707 1085 opus
1766 1015 1910 1073 aliud
1965 1015 2187 1080 malum,

564 1152 567 1155 .
603 1117 801 1175 praeter
851 1109 903 1162 id
931 1109 1247 1177 quodinter
1289 1108 1532 1167 homines
1583 1120 1685 1172 est,
1718 1118 1875 1178 potes
1908 1106 2189 1162 exhibere?

605 1197 739 1251 Nam
766 1198 909 1266 quod
946 1200 991 1251 is
1019 1200 1109 1266 qui
1139 1208 1413 1266 operatur,
1445 1214 1551 1255 non
1587 1200 1657 1253 sit
1696 1200 1991 1254 secundum
2026 1201 2191 1255 ratio-

605 1304 729 1343 nem
762 1290 1099 1352 substantite,
1128 1290 1354 1356 malitia,
1387 1292 1482 1347 sed
1523 1292 1823 1347 secundum
1856 1291 2026 1360 ipsam
2060 1308 2188 1361 ope-

605 1383 870 1438 rationem
900 1383 1045 1447 mali,
1073 1383 1184 1452 jam
1221 1390 1500 1438 ostensum
1551 1395 1654 1438 est.

681 1476 823 1531 Dicit
850 1475 1155 1531 Methodius
1184 1487 1375 1530 natura
1401 1477 1533 1531 nihil
1562 1491 1683 1532 esse
1707 1477 1930 1545 malum,
1961 1479 2054 1532 sed
2086 1494 2183 1532 usu

606 1569 767 1632 mala,
807 1568 923 1622 ﬁeri
958 1569 1118 1624 mala.

678 1658 874 1714 Libero
900 1676 1019 1713 cum
1039 1661 1287 1725 arbitrio,
1316 1660 1487 1730 inquit
1506 1660 1827 1725 Methodius,
1846 1662 2042 1721 factum
2066 1677 2186 1717 esse

604 1748 725 1803 dico
753 1748 1053 1815 hominem,
1089 1764 1192 1805 non
1231 1760 1488 1819 tanquam
1538 1750 1679 1804 malo
1714 1752 1894 1817 aliquo
1916 1751 2028 1820 jam
2058 1764 2184 1805 ante

603 1840 926 1906 exsistente,
956 1842 1115 1911 cujus
1150 1842 1409 1911 eligendi,
1435 1842 1481 1897 si
1516 1842 1693 1907 vellet,
1732 1853 2051 1912 potestatem
2086 1844 2184 1898 ha-
2215 1830 2259 1887 Β

603 1934 758 1993 heret
791 1951 803 1986 :
839 1936 935 1989 sed
969 1935 1081 1989 sola
1112 1950 1276 1989 causa
1317 1946 1454 2000 erat,
1496 1936 1780 1991 obedieudi
1816 1936 1927 1990 Deo
1959 1937 2038 1990 vel
2081 1953 2186 1990 non

602 2024 913 2080 obediendi.
973 2026 1083 2081 lloc
1132 2030 1276 2081 enim
1334 2038 1462 2083 tunc
1528 2038 1646 2084 erat
1698 2030 1751 2083 in
1825 2030 1993 2099 ipsius
2045 2030 2190 2085 arbi-

605 2117 731 2172 trio.‘
786 2118 985 2189 308a
1021 2119 1084 2172 Et
1129 2120 1289 2175 homo
1318 2122 1567 2179 conditus
1607 2136 1635 2175 a
1696 2121 1803 2175 Deo
1860 2132 2183 2190 praeceptum

602 2211 820 2278 accipit,
855 2221 909 2266 et
940 2211 1197 2281 hincjam
1229 2213 1431 2267 malum
1466 2214 1681 2283 incipit.
1717 2213 1833 2268 Non
1861 2216 2007 2268 enim
2035 2224 2190 2283 paret

600 2305 784 2360 divino
816 2306 1085 2362 mandato.
1113 2307 1178 2362 Et
1214 2308 1315 2366 hoc
1346 2318 1403 2363 et
1464 2309 1635 2363 solum
1670 2319 1788 2365 erat
1822 2309 2043 2375 malum,
2070 2310 2185 2367 ino-

601 2397 895 2461 bedieutia,
926 2414 1047 2469 qua:
1072 2399 1146 2455 ibi
1198 2400 1366 2469 coepit
1400 2401 1685 2457 exsistere.

1212 2579 1541 2637 CCXXXVII
1564 2625 1579 2638 .

678 2667 938 2738 Excerpta
964 2687 992 2725 ε
1047 2670 1183 2726 libro
1218 2674 1386 2727 sancti
1429 2671 1687 2729 Methodii
1729 2671 1804 2727 De
1843 2673 2105 2731 castitate.

678 2764 805 2832 Legi
839 2763 1090 2819 similiter
1135 2763 1377 2831 ejusdem
1409 2766 1653 2833 quaedam
1690 2780 1754 2819 ex
1792 2765 1928 2819 libro
1971 2765 2043 2821 De
2096 2778 2184 2823 ca-

598 2860 798 2925 stitate,
832 2867 891 2912 ut
938 2858 992 2912 in
1037 2857 1202 2912 simili
1234 2858 1553 2927 compendio
1586 2868 1708 2913 sunt
1751 2859 1913 2912 edita.
1948 2857 2180 2922 Primus,

599 2950 801 3019 inquit,
829 2950 1109 3005 Abraham
1133 2964 1256 3004 cum
1292 2948 1345 3002 in
1383 2957 1706 3005 testamento
1752 2948 2184 3005 circumcisionis

600 3041 772 3111 legem
815 3040 1106 3109 acciperet,
1136 3038 1267 3095 nihil
1315 3038 1457 3093 aliud
1490 3039 1767 3093 insinuare
1808 3039 2039 3105 videtur,
2071 3053 2183 3093 suae

601 3134 773 3202 ipsius
809 3132 990 3187 carnis
1030 3132 1333 3186 membrum
1380 3129 1836 3194 circumcidenda,
1860 3146 2021 3199 quam
2055 3134 2177 3193 hoc,

604 3242 710 3280 non
732 3225 963 3295 amplius
985 3239 1105 3280 esse
1127 3225 1421 3280 liberorum
1441 3226 1891 3293 procreationem,
1916 3225 1969 3278 in
1998 3233 2178 3277 creata

598 3335 666 3374 ex
712 3318 901 3374 eodem
954 3317 1219 3387 sanguine
1252 3332 1415 3371 carne
1459 3316 1894 3371 instituendam:
1939 3316 2182 3384 singulos

600 3427 711 3466 suae
749 3410 954 3465 sororis
987 3409 1233 3480 exemplo
1280 3409 1478 3463 docens
1509 3410 1963 3479 quemadmodum
1997 3409 2181 3466 carnis

598 3502 848 3569 voluptas
877 3500 928 3553 in
955 3513 1249 3569 congressu
1278 3498 1349 3552 sit
1378 3500 1693 3555 resecanda.

672 3592 807 3660 Ego,
854 3589 1029 3658 inquit
1061 3599 1343 3659 praeterea,
1378 3590 1506 3642 mihi
1548 3589 1691 3645 clare
1714 3591 1898 3645 videor
1928 3606 1995 3645 ex
2030 3591 2180 3646 Scri-

598 3685 773 3753 pturis
818 3682 991 3737 sacris
1038 3681 1488 3736 animadvertisse
1520 3677 1564 3747 ι,
1612 3698 1705 3752 per
1736 3684 2065 3755 virginitatis
2096 3686 2180 3739 in-

599 3776 935 3829 stitutionem
983 3788 1015 3828 a
1058 3776 1227 3830 verbo
1292 3789 1397 3828 non
1420 3842 1427 3851 _
1459 3790 1581 3831 esse
1629 3778 1850 3831 onmino
1908 3777 2176 3831 sublatam

600 3867 893 3921 liberorum
931 3866 1359 3935 generationem.
1406 3866 1593 3937 Neque
1641 3870 1806 3933 enim,
1840 3871 1965 3940 quia
2004 3870 2179 3925 stellis

598 3958 773 4028 major
829 3966 912 4013 est
969 3943 1100 4012 luna
1145 3956 1282 4030 (91),
1335 3970 1617 4028 propterea
1668 3960 1895 4014 aliorum
1932 3962 2169 4015 siderum

598 4049 779 4104 lumen
809 4050 1105 4119 exstinguit
1160 4063 1177 4102 :
1227 4064 1329 4103 nec
1388 4052 1511 4121 quia
1541 4051 1661 4106 aliis
1691 4052 1826 4111 cibis
1860 4053 2071 4108 dulcius
2098 4064 2181 4107 est

599 4142 702 4195 mel
738 4151 791 4196 et
821 4141 1064 4207 suavius,
1091 4148 1376 4213 pr0pterea
1405 4142 1508 4195 alia
1536 4154 1664 4197 sunt
1698 4143 1892 4198 acerba
1914 4154 1968 4199 et
1992 4158 2175 4197 amara

595 4234 974 4289 existimanda.

669 4324 800 4379 Illud
835 4342 850 4379 :
884 4323 1019 4379 Filii
1049 4323 1411 4379 adulterorum
1442 4323 1732 4392 imperfecti
1769 4332 1834 4388 ’³,
1859 4325 1923 4378 de
1974 4325 2178 4379 verita—

595 4427 705 4474 tem
749 4417 1174 4475 adulterantibus
1221 4416 1305 4479 ait.
1336 4428 1461 4468 esse
1495 4416 1723 4480 dictum,
1759 4432 1867 4485 quo
1895 4416 2035 4471 falso
2073 4418 2175 4471 sibi

2292 555 2460 615 αἴτιος
2478 554 2631 607 ἔσται
2665 555 2712 588 ⁴⁶
2749 552 3163 623 δημιουργήσας
3205 554 3234 604 6
3279 552 3428 617 Θεὸς,
3472 554 3601 624 ὅπερ
3630 555 3805 622 ἀσεϐές.

2291 648 2353 699 Εἰ
2388 647 2431 699 δ’
2458 648 2574 700 ὀὐδ’
2603 648 2859 715 ὁπότερον
2877 646 3083 700 τούτων
3108 646 3288 712 λέγεις
3334 645 3394 697 τὸ
3446 646 3624 714 κακον,
3648 650 3807 717 πρὶξιν

2288 740 2345 793 δέ
2385 756 2527 802 τινος
2567 738 2737 791 κακοῦ
2767 736 2905 791 εἶναι
2933 737 3109 805 λέγεις
3152 738 3212 791 τὸ
3257 738 3443 800 κακὸν,
3466 740 3673 813 γενητὸν
3707 743 3809 797 αὐτὸ

2290 832 2554 901 ὑπάρχειν
2597 828 2824 901 μηνύεις
2849 844 2863 857 ο
2912 831 2946 897 ἡ
2990 829 3099 899 γὰρ
3126 829 3219 883 τοῦ
3246 846 3390 892 τινος
3445 830 3631 899 πρᾶξις
3674 834 3811 903 ἀρχὴν

2288 926 2381 977 τοῦ
2424 921 2562 977 εἶναι
2604 922 2891 993 λαμϐάνει.
2939 922 3087 993 Πρὺς
3131 921 3194 993 δὴ
3238 922 3447 985 τούτοις
3481 923 3621 976 οὐδὲν
3663 924 3811 993 ἓτερον

2287 1016 2439 1085 παρὰ
2470 1016 2641 1069 ταῦτα
2679 1016 2742 1068 τὸ
2774 1016 2945 1069 κακὸν
2976 1016 3151 1068 εἰπεῖν
3190 1013 3353 1084 ἔχεις.
3393 1014 3553 1067 Ποίαν
3582 1015 3679 1086 γὰρ
3703 1020 3813 1087 πρᾶ-

2289 1108 2371 1174 ξιν
2397 1108 2573 1177 κακὴν
2602 1108 2788 1174 ἕτερον
2812 1108 2963 1179 παρά
2994 1108 3055 1160 τὸ
3074 1108 3117 1138 ⁸⁷
3155 1109 3214 1161 ὲν
3257 1105 3561 1176 ἀνθρώποις
3592 1105 3814 1161 δεικνύειν

2288 1198 2431 1267 ἔχεις
2451 1214 2466 1260 ς
2490 1198 2572 1249 ὅτι
2596 1196 2705 1267 γὰρ
2732 1199 2760 1250 ὁ
2793 1196 3031 1265 ἐνεργῶν
3060 1196 3122 1247 οὑ
3151 1195 3293 1248 κατὰ
3317 1194 3411 1247 τὸν
3432 1195 3528 1263 τῆς
3559 1196 3724 1257 οὐσίας
3750 1197 3814 1249 λό-

2286 1308 2382 1359 γον
2421 1290 2655 1360 ὑπάρχει
2690 1289 2857 1343 κακία
2877 1288 2944 1353 “,
2979 1288 3115 1342 ἀλλὰ
3143 1288 3263 1343 κατ’
3292 1287 3424 1341 αὑτὸ
3447 1288 3508 1341 τὸ
3534 1288 3749 1359 ἐνεργεῖν
3767 1290 3813 1344 τὸ

2288 1384 2473 1447 κακὸν,
2505 1385 2605 1454 ἤδη
2633 1382 2921 1437 δέδεικται.

2360 1478 2570 1546 Ὅτιτῇ
2596 1475 2755 1543 φύσει
2782 1474 2950 1528 κακὸν
2993 1473 3147 1527 οὐδέν
3198 1476 3371 1540 ἐστιν,
3405 1475 3541 1531 ἀλλά
3572 1482 3634 1551 τῇ
3659 1482 3813 1553 χρήσει

2287 1569 2493 1638 γίνεται
2524 1570 2669 1622 κακὰ
2691 1568 2759 1621 τὰ
2786 1566 2953 1621 κακά.

2362 1659 2485 1711 Ὅτι
2504 1656 2875 1722 α’ὑτεξοὺσιον,
2901 1656 3057 1727 φησὶ,
3080 1656 3357 1725 γεγονέναι
3374 1660 3521 1730 φημὶ
3535 1661 3622 1715 τὸν
3647 1663 3815 1734 ἄνθρω-

2290 1768 2407 1814 πον,
2439 1752 2537 1821 οὑχ
2557 1751 2631 1813 ὡς
2664 1748 3139 1821 προῦποκειμένου
3156 1748 3299 1813 τινος
3324 1751 3426 1821 ήδη
3459 1753 3643 1817 κακοῦ,
3669 1752 3722 1809 οὗ
3740 1757 3814 1826 τὴν

2290 1843 2536 1908 ἐξουσίαν
2564 1842 2657 1895 τοῦ
2681 1840 2919 1905 ἑλέσθαι,
2948 1842 2997 1893 εἰ
3034 1838 3273 1909 βούλοιτο
3298 1841 3364 1907 ‘9,
3384 1843 3659 1914 ἄνθρωπος
3677 1848 3814 1918 ἐλάμ.

2291 1930 2453 1983 ϐανεν
2473 1947 2486 1961 ·
2525 1930 2663 1983 ἀλλὰ
2686 1929 2784 1997 τὴν
2815 1927 2908 1982 τοῦ
2946 1927 3240 1983 ὑπακούειν
3266 1930 3344 2000 τῷ
3368 1932 3488 1998 Θεῷ
3528 1935 3706 2005 καὶμὴ
3737 1938 3815 1988 ὑιι-

2289 2019 2507 2073 ακούειν
2523 2021 2695 2074 αἴτιον
2731 2020 2891 2090 μόνον
2912 2016 3000 2090 ἦν.
3050 2021 3220 2073 Τοῦτο
3254 2024 3361 2090 γὰρ
3407 2024 3471 2077 τὸ
3516 2027 3815 2096 αὐτεξούσιον

2288 2112 2541 2164 ἐϐούλετο
2568 2114 2710 2166 τότε.
2768 2115 2876 2165 Καὶ
2917 2115 3211 2185 γενόμενος
3259 2118 3287 2169 ὁ
3329 2116 3611 2187 ἄνθρωπος
3637 2119 3815 2191 ἐντολὴν

2286 2204 2553 2274 λαμϐάνει
2590 2205 2739 2275 παρά
2762 2205 2855 2261 τοῦ
2880 2205 3038 2272 Θεοῦ,
3077 2208 3171 2260 καὶ
3201 2208 3454 2263 ἐντεῦθεν
3476 2209 3573 2281 ήδη
3602 2212 3656 2262 τὸ
3682 2214 3816 2263 κακὸν

2285 2296 2512 2367 ἄρχεται
2537 2311 2551 2325 ⁸
2581 2298 2641 2354 οὑ
2674 2297 2784 2369 γὰρ
2814 2297 3061 2353 πείθεται
3082 2298 3158 2369 τῷ
3176 2297 3306 2369 θείῳ
3329 2303 3712 2373 προστάγματι.
3731 2306 3815 2357 Καὶ

2284 2389 2443 2441 τοῦτο
2475 2389 2569 2444 καί⁵
2596 2390 2758 2459 μόνον
2788 2385 2855 2463 ἦν
2883 2389 2943 2445 τὸ
2983 2391 3178 2457 κακὸν,
3227 2393 3262 2463 ἡ
3311 2395 3586 2466 παρακοὴ,
3619 2395 3723 2466 ἥτις
3741 2395 3813 2447 τοῦ

2284 2478 2424 2535 εἶναι
2455 2483 2659 2554 ἤρξατο
2688 2487 2756 2539 ⁶⁰.

2982 2584 3123 2639 ΣΛΖ’
3133 2628 3145 2642 .

2662 2674 2773 2731 Τοῦ
2812 2676 2999 2731 αὐτοῦ
3044 2678 3183 2745 Περὶ
3215 2678 3483 2747 ἁγνείας.

2370 2763 2710 2835 Ἀνεγνώσθη
2746 2766 2841 2821 τοῦ
2864 2768 3032 2825 αὑτοῦ
3060 2771 3124 2822 ἐκ
3155 2768 3251 2822 τοῦ
3285 2769 3431 2838 Περὶ
3454 2768 3701 2837 ἁγνείας,
3722 2766 3811 2829 ὃς⁵¹

2284 2858 2377 2910 καὶ
2406 2859 2463 2910 ὲν
2491 2859 2662 2929 ὁμοίῳ
2694 2860 2968 2931 συνόψεως
2998 2861 3218 2934 ἐξεδόθη
3258 2863 3495 2933 τύπῳ⁸¹.
3522 2862 3636 2914 Ὀτι
3665 2860 3814 2929 φησὶν,

2300 2950 2357 3002 '0
2391 2949 2522 3018 γοῦν
2562 2950 2816 3022 ’Δὸραάμ
2841 2954 3056 3022 πρῶτος
3081 2954 3139 3007 ὲν
3168 2953 3400 3026 διαθήκῃ
3431 2954 3528 3024 τὴν
3562 2950 3814 3023 περιτομὴν

2282 3043 2461 3098 λαϐὼν
2511 3044 2666 3098 οὐδὲν
2725 3045 2911 3116 ἕτερον
2966 3046 3305 3102 αἰνίττεσθαι
3356 3047 3526 3111 δοκεῖ,
3570 3045 3626 3098 τὸ
3654 3045 3813 3097 οἰκεῖον

2285 3135 2724 3208 ἀποτεμνόμενος
2779 3138 2879 3208 τῆς
2935 3137 3137 3208 σαρκὸς
3169 3136 3334 3191 αὑτοῦ
3375 3139 3558 3207 μέλος,
3602 3137 3630 3209 ἢ
3668 3136 3812 3197 τοῦτο,

2281 3229 2342 3280 τὸ
2380 3229 2679 3299 μηκέτιείς
2709 3230 2808 3300 τὴν
2851 3232 2915 3283 ἐκ
2961 3230 3057 3283 τοῦ
3100 3230 3267 3284 αὑτοῦ
3297 3231 3530 3300 αἵματος
3569 3230 3727 3301 σάρκα
3745 3229 3814 3297 δη-

2285 3321 2712 3391 μιουργηθεὼαν
2778 3322 3175 3395 παιδοσπορίαν
3237 3323 3547 3388 ἐπιτελεῖν,
3604 3322 3700 3374 ἀπὸ
3737 3319 3814 3385 τῆς

2286 3412 2422 3476 ἰδίας
2475 3414 2708 3467 ἕκαστον
2753 3414 3021 3468 διδάσκων
3051 3407 3285 3485 ἀδελφῆς
3307 3410 3397 3468 οἷα
3440 3414 3634 3486 σαρκὸς
3655 3411 3815 3467 am:-

2286 3523 2442 3575 μνειν
2466 3505 2564 3576 τὴν
2582 3507 2726 3559 κατὰ
2760 3507 3041 3560 συνουσίαν
3076 3508 3294 3578 ἡδονήν.

2355 3598 2478 3650 Ὅτι
2511 3598 2698 3668 φησιν,
2752 3597 2893 3664 Ἐγὼ
2950 3597 3059 3669 γάρ
3113 3598 3533 3669 καθεωρακέναι
3574 3613 3656 3666 μοι
3702 3598 3814 3647 δοκω

2284 3689 2468 3757 σαφῶς
2492 3688 2599 3741 άπὸ
2641 3688 2749 3741 τῶν
2789 3689 3046 3760 Γραφῶν,
3098 3690 3180 3741 ὅτι
3214 3689 3515 3760 παρθενίας
3544 3682 3813 3753 ἐλθούσηςὸ

2280 3782 2437 3849 λόγος
2457 3782 2560 3834 οὑκ
2584 3782 2757 3834 ἀνεῖλε
2784 3782 2960 3850 πάντη
3005 3781 3368 3850 τεκνογονίαν.
3416 3780 3491 3837 Ut)
3529 3779 3629 3849 γὰρ
3662 3775 3811 3843 ἐπειδὴ

2280 3871 2390 3924 τῶν
2424 3872 2640 3943 ἄστρων
2669 3873 2701 3943 ἠ
2733 3871 2928 3945 σελήνη
2981 3871 3183 3941 μείζων
3211 3872 3350 3936 ἐστὶ,
3397 3870 3549 3941 παρὰ
3569 3868 3708 3925 τοῦτο
3727 3864 3812 3918 τῶν

2280 3964 2459 4023 ἄλλων
2485 3964 2734 4034 ἀστέρων
2761 3964 2821 4016 τὸ
2848 3963 2961 4031 φῶς
2993 3964 3325 4033 ἀναιρεῖται,
3346 3964 3380 4034 ἥ
3409 3963 3592 4032 ἐπειδὴ
3621 3960 3715 4013 τῶν
3738 3956 3811 4010 ἄλ-

2279 4058 2385 4110 λων
2417 4058 2535 4111 ὲστὶ
2563 4055 2892 4126 γλυκύτερον
2910 4056 2969 4107 τὸ
2996 4056 3119 4124 μέλι
3147 4058 3241 4109 καὶ
3292 4055 3576 4127 ήδύτερον,
3600 4056 3660 4107 τά
3683 4048 3811 4103 λοιπὰ

2280 4150 2453 4219 πικρὰ
2483 4150 2577 4202 καὶ
2603 4149 2835 4219 άνήδονα
2868 4149 3171 4216 νομιστέον.

2352 4328 2479 4401 [952
2496 4327 2587 4399 8.]
2602 4329 2725 4407 Ὅτι
2742 4328 2821 4392 τὸ,
2843 4326 3118 4383 Τέκναδὲ
3130 4326 3361 4395 μοιχῶν
3379 4324 3806 4393 ἀτελεσερόρητσν

2279 4422 2540 4494 περὶτῶν
2571 4424 2670 4492 τὴν
2727 4420 2987 4492 ἀλήθειαν
3032 4421 3389 4491 μοιχωμένων
3425 4420 3473 4452 ⁸³
3500 4420 3653 4489 φησὶν
3691 4414 3809 4483 εἰρῆ-

594 4518 851 4579 arrogant
882 4507 1222 4577 sapientiam,
1259 4516 1315 4562 et
1354 4506 1670 4575 Scripturas
1705 4508 2025 4577 depravant,
2068 4511 2167 4563 im-

2286 4514 2431 4571 σθαι,
2462 4512 2660 4575 οἵτινες
2711 4512 3049 4581 κλεψίσοςροι,
3100 4511 3410 4574 νοθεύοντες
3460 4510 3556 4573 τὰς
3606 4503 3807 4577 Γραφάςο

594 4612 973 4670 maturamque
1023 4600 1335 4671 producunt
1398 4600 1719 4670 sapientiam
1750 4638 1767 4665 ,
1814 4603 2013 4670 quique
2046 4618 2173 4677 ‘pcr

592 4694 828 4763 speciem
860 4694 1085 4763 pietatis
1113 4692 1310 4746 docent
1329 4706 1565 4746 errores.
1590 4693 1761 4747 Aliter
1791 4691 1919 4765 [hoc
1945 4694 2172 4769 dictum]

592 4802 697 4841 non
758 4794 843 4840 est
893 4785 1301 4856 intelligendum
1331 4799 1346 4848 ;
1399 4799 1571 4854 neque
1604 4785 1747 4840 enim
1777 4784 1845 4840 de
1884 4784 2068 4841 liberis
2105 4803 2173 4842 ex

591 4877 863 4931 adulterio
895 4893 999 4934 non
1054 4877 1349 4947 pariendis,
1388 4884 1441 4931 et
1466 4878 1516 4930 in
1548 4875 1723 4931 lucem
1760 4878 1898 4932 hanc
1934 4879 2171 4937 sensibi-

591 4969 693 5022 lem
718 4970 939 5025 edendis
957 4978 1134 5039 potest
1158 4969 1331 5038 accipi
1355 4986 1367 5022 :
1393 4968 1525 5038 quia
1549 4985 1651 5022 non
1679 4968 1849 5023 solum
1879 4970 2027 5023 multi
2061 4972 2171 5029 nati

590 5070 737 5125 sunt,
767 5061 860 5115 sed
891 5062 1052 5116 etiam
1074 5062 1189 5119 nati
1221 5077 1286 5117 ex
1315 5061 1583 5115 adulterio
1620 5060 1755 5115 alios
1791 5072 2143 5129 pepererunt.

2268 4608 2703 4678 ἀτελεσφόρητον
2758 4606 2990 4675 γεννῶσι
3051 4608 3266 4675 σοφίαν,
3308 4606 3376 4676 τῇ
3406 4602 3673 4667 θεοσεϐείᾳ
3704 4609 3807 4660 συγ-

2270 4702 2549 4771 κρίνοντες
2581 4701 2677 4769 τὴν
2713 4699 2941 4769 πλάνην.
2979 4699 3190 4761 ’Ἄλλως
3220 4697 3328 4767 γὰρ
3352 4696 3605 4765 νοηθῆναι
3630 4689 3808 4751 ούκὲγο

2269 4795 2457 4863 χωρεῖ.
2493 4790 2630 4844 Οὔτε
2659 4791 2768 4862 γὰρ
2820 4791 2911 4845 ἐπὶ
2968 4789 3062 4844 τοῦ
3100 4790 3174 4859 μὴ
3225 4786 3503 4840 τίκτεσθαι
3539 4785 3604 4837 τά
3634 4783 3689 4833 ὲκ
3712 4793 3805 4846 μοι·

2275 4884 2429 4955 χείας
2448 4883 2613 4936 τέκνα
2658 4883 2753 4935 καὶ
2791 4882 2869 4943 είς
2895 4881 3012 4951 φῶς
3064 4878 3321 4949 αἰσθητὸν
3350 4875 3579 4944 ἄγεσθαι
3626 4871 3806 4923 δύναται

2279 4975 2518 5033 νοεῖσθαι
2544 4974 2614 5038 ⁸⁸,
2644 4976 2724 5027 ὅτι
2752 4973 2936 5027 πολλοὶ
2968 4973 3031 5025 οὑ
3061 4972 3219 5042 μόνον
3242 4968 3564 5040 ἐτέχθησαν,
3591 4962 3709 5018 ἀλλὰ
3736 4957 3806 5010 καὶ

2279 5068 2563 5119 τετόκασιν
2592 5068 2655 5119 ὲκ
2686 5064 2934 5135 μοιχείας
2959 5064 3267 5134 τεχθέντες,
3293 5061 3414 5115 οὔτε
3448 5061 3540 5113 ἐπὶ
3566 5056 3650 5110 τοῦ
3682 5067 3806 5105 πνευ-

661 5218 675 5250 ¹
713 5218 901 5271 Μίιιιιι.
937 5219 1103 5283 xtx,5
1135 5233 1285 5287 seqq.
1320 5234 1335 5284 ;
1371 5217 1392 5271 l
1421 5216 1547 5272 Cor.
1580 5232 1681 5280 vn,
1714 5214 1750 5268 2
1793 5231 1947 5286 seqq.
2026 5229 2065 5257 ω
2104 5218 2229 5290 Sap.
2261 5238 2345 5285 ιιι,
2373 5222 2460 5277 16.

1886 5354 2122 5411 νΑΙὶΙᾹΞ
2155 5359 2571 5417 LECTIONES.

666 5442 902 5546 fferat]
925 5443 1033 5546 ᾶρὲι
1062 5442 1171 5498 AB.
1193 5514 1225 5546 ι
1254 5444 1299 5546 δέ
1325 5441 1406 5515 τὸ]
1437 5443 1563 5546 ’τοὶ
1617 5444 1724 5498 ΑΒ.

666 5532 711 5546 ,κ
753 5532 806 5546 ηπ
832 5533 871 5546 ρ
1050 5524 1162 5546 nnol
1237 5531 1264 5546 Λ
1304 5531 1399 5546 ,ιη-Λ
1438 5531 1488 5546 In
1592 5530 1724 5546 Ita-sel

586 5513 808 5568 ἑλέσθαι
832 5513 889 5578 ςζ

1814 5444 1859 5477 ⁸³
1882 5447 1941 5499 τὸ
1964 5451 2134 5503 κακὸν
2151 5467 2260 5507 om.
2280 5454 2389 5509 AB.
2458 5455 2502 5485 ⁸⁸
2518 5455 2611 5507 τοῦ
2648 5454 2827 5507 ἑλέσθ.
2858 5455 2905 5506 εἰ
2951 5452 3188 5523 βούλοιτο
3204 5451 3292 5505 ΑΒ
3341 5469 3353 5481 ο
3383 5454 3429 5523 εὶ
3458 5446 3687 5523 βούλοιτο
3728 5442 3803 5490 τοῦ

994 5517 1013 5546 ⁰
1050 5524 1168 5584 post
1185 5514 1400 5594 ,ἤρξατο
1437 5514 1488 5567 in
1526 5517 1565 5568 A
1592 5530 1779 5594 versus
1810 5530 2040 5594 quatuor
2067 5524 2240 5576 vacui.
2300 5526 2342 5555 ⁸¹
2371 5526 2427 5588 ὃς
2456 5525 2499 5578 Α
2528 5542 2542 5577 :
2570 5525 2643 5587 ὡς
2670 5542 2729 5588 ς.
2810 5526 2853 5556 δ’
2876 5514 3027 5594 τύᾶιῳ
3049 5522 3333 5586 ὡσαύτως.
3372 5514 3493 5574 Ὀτι
3516 5536 3575 5582 ς’.
3646 5514 3687 5545 ³³
3715 5525 3805 5581 μοι’

587 5586 853 5657 χωμένων
874 5586 935 5651 Β,
967 5585 1305 5658 μοιχομένων
1329 5586 1396 5653 Α,
1422 5587 1921 5658 μοιχευομένωνλ.
1986 5590 2031 5621 ⁸⁵
2061 5594 2295 5647 νοεῖσθαι
2316 5585 2539 5649 δύναται
2568 5612 2627 5657 ς.

2084 5701 2321 5759 NOTAE.

658 5794 770 5865 (9i)
809 5794 1114 5851 Secundum
1145 5803 1443 5866 aspectum,
1481 5811 1583 5851 non
1632 5795 1923 5849 secundum
1960 5811 2089 5847 rem.
