4066 6404
224 351 373 417 ,1161

1270 353 1794 417 BIBLIOTHECA.
1831 382 1899 397 --
1919 357 2082 420 COD.
2109 358 2496 420 CCXXXVII.

3381 361 3516 426 11ΐὲ

233 465 488 535 μιτικῶς
516 466 612 521 καὶ
641 465 803 531 θείως
830 464 959 538 [504
989 464 1081 538 IL]
1124 466 1587 539 τελεσφορηθῆναι
1618 485 1635 500 ο
1720 469 1934 525 πολλῶν
1996 470 2108 541 γὰρ
2172 471 2378 542 μοιχῶν
2422 471 2594 525 τέκνα
2654 470 2840 543 πλήρη
2927 448 3179 542 ἐγένοντο
3229 472 3276 506 ⁸⁸
3355 477 3516 543 ἁγίου

220 557 380 612 υνέύ
388 574 580 629 ματος.

310 655 433 709 Ὀτι
493 655 694 725 ἀπορεῖ
738 654 936 724 λέγων,
996 657 1060 711 Εἰ
1118 658 1271 729 παρὰ
1321 658 1457 712 Θεοῦ
1499 660 1733 715 δίδονται
1772 660 1829 715 αἱ

2003 658 2187 732 Neque
2222 661 2289 717 de
2339 655 2608 729 spirituali
2641 664 2694 711 et
2734 654 2916 709 divina
2957 653 3294 725 perfectione
3340 660 3523 724 potest

206 746 409 818 ’ψυχαὶ
428 746 544 801 ἀλλ’
574 747 638 801 ού
665 748 820 820 παρὰ
874 746 971 804 τοῦ
1019 751 1226 820 πατρὸς
1250 750 1296 784 ⁵⁸
1324 754 1437 817 τοῖς
1462 744 1827 825 τικτομένοις,

230 837 357 900 πῶς
385 837 572 892 δίδωσι
594 841 691 893 καὶ
727 843 837 904 τοῖς
869 843 936 895 ὲκ
968 842 1215 913 μοιχείας
1247 844 1622 915 τικτομένοιςς
1655 846 1830 918 είγὰρ

224 928 444 994 δίδωσι,
474 933 761 1002 συνεργεῖν
787 932 856 987 ἂν
912 932 1117 998 δόξειεν
1147 934 1193 966 ⁸⁷
1235 938 1349 999 τοῖς
1390 938 1827 1009 μοιχευομέναις·

222 1024 285 1077 εί
310 1020 424 1094 γὰρ
452 1021 529 1093 μὴ
548 1022 722 1078 εδωκε
760 1025 860 1097 τὴν
883 1023 1084 1095 ψυχὴν,
1135 1027 1237 1081 οὐκ
1267 1026 1337 1082 ἂν
1368 1029 1665 1084 ἑτίκτοντο.
1697 1031 1831 1086 Δύει

228 1112 298 1166 δὲ
346 1114 448 1186 τὴν
508 1115 751 1189 ἀπορίαν
814 1117 904 1172 διὰ
963 1118 1230 1173 πλειόνων
1284 1122 1379 1174 καὶ
1422 1121 1610 1191 σαφῶν
1655 1141 1832 1195 παρα-

227 1204 353 1275 δειγ
359 1208 571 1278 μάτων.

310 1389 440 1444 Ὅτι.
458 1388 528 1443 τὰ
556 1390 615 1441 ὲν
641 1391 709 1461 τῇ
742 1389 1023 1445 Γενέσει⁸⁸
1055 1392 1355 1461 φερόμενα,
1379 1389 1493 1445 οἷον
1516 1393 1579 1446 τό
1596 1409 1612 1425 ⁸
1645 1394 1827 1450 Τοῦτο

228 1476 353 1537 οὖν
383 1480 613 1537 ὀστοῦν
638 1482 710 1538 ἐκ
738 1481 859 1536 τῶν
892 1481 1095 1539 ὀστῶν
1114 1500 1257 1553 μου,
1303 1486 1403 1540 καὶ
1437 1486 1595 1555 σὰρξ
1616 1486 1684 1541 ἐκ
1712 1486 1835 1542 τῶν

229 1574 487 1643 σαρκῶν
504 1592 654 1645 μου⁸
685 1575 836 1644 αὕτη
877 1575 1249 1644 κληθήσεται
1269 1578 1450 1647 γυνὴ,
1479 1578 1571 1632 ὅτι
1608 1579 1680 1634 ἐκ
1725 1580 1834 1636 τοῦ

232 1668 465 1737 ἀνδρὸς
486 1669 679 1737 αὐτῆς
696 1669 931 1739 ἐλήφθη
948 1684 964 1700 ο
995 1669 1207 1724 ἕνεκεν
1242 1672 1460 1727 τούτου
1483 1674 1835 1743 καταλείψει

232 1760 555 1829 ἅνθρωπος
574 1760 683 1815 τὸν
720 1760 949 1830 πατέρα
974 1763 1164 1817 αὐτοῦ
1187 1763 1287 1817 καὶ
1316 1764 1435 1831 τὴν
1456 1763 1708 1833 μητέρα,
1733 1766 1833 1820 καὶ

233 1852 854 1922 προσκολληθήσεται
869 1853 947 1924 τῇ
967 1855 1205 1924 γυναικὶ
1222 1857 1433 1923 αὐτοῦ,
1460 1860 1559 1912 καὶ
1586 1859 1834 1914 ἔσονται

234 1951 296 2004 οι
325 1948 439 2003 δύο
459 1950 548 2015 είς
579 1947 779 2017 σάρκα
794 1948 965 2019 μίαν,
984 1948 1161 2003 ταῦτα
1177 1946 1271 2005 οὖν
1286 1952 1347 2004 ού
1360 1952 1577 2006 κατὰτὸ
1596 1953 1835 2025 γράμμα

1930 753 2212 825 explicari,
2270 751 2566 808 multorum
2616 748 2762 804 enim
2806 746 3174 803 adulterormn
3219 746 3312 801 lilii
3373 744 3519 815 pleni

1932 844 2148 902 fuerunt
2172 844 2379 915 Spiritu
2425 849 2639 898 sancto.
2682 839 2907 896 Dubitat
2934 840 3099 895 etiam
3134 856 3149 894 :
3200 837 3281 902 Si,
3317 837 3517 907 inquit,

1932 938 2127 993 animae
2151 952 2180 991 a
2218 937 2349 1004 Deo,
2392 944 2448 991 et
2492 950 2596 989 non
2624 949 2656 989 a
2686 943 2841 1005 patre
2874 930 3190 1005 [naturali]
3223 930 3517 987 nascitulis

1932 1032 2155 1097 dantur,
2180 1029 2455 1103 quomodo
2485 1029 2579 1083 dat
2596 1028 2764 1082 etiam
2787 1042 2854 1081 ex
2880 1024 3147 1080 adulterio
3167 1025 3468 1095 procreatis
3490 1021 3519 1079 1

1932 1123 2144 1179 videtur
2173 1123 2321 1178 enim
2353 1119 2620 1177 adulteris
2649 1108 2952 1189 cooperari.
2984 1117 3043 1172 Si
3069 1116 3212 1173 enim
3246 1131 3351 1170 non
3370 1130 3545 1170 crea»

1933 1224 2018 1272 ret
2055 1215 2315 1280 animam,
2358 1227 2462 1268 non
2506 1220 2872 1267 nascerentur.
2935 1208 3113 1264 Solvit
3162 1208 3516 1283 quaestionem

1934 1309 2121 1364 multis
2148 1317 2204 1363 et
2225 1304 2530 1379 perspicuis
2559 1305 2843 1378 exemplis.

2004 1401 2096 1457 llla
2137 1415 2206 1455 ex
2244 1399 2439 1456 Genesi
2475 1398 2705 1468 prolata,
2751 1398 2912 1468 quale
2950 1406 3032 1453 est
3073 1415 3086 1450 :
3131 1391 3248 1450 Hoc
3286 1412 3425 1450 nunc
3461 1411 3519 1448 os

1936 1512 2002 1551 ea:
2023 1494 2228 1550 ossibus
2266 1493 2416 1559 meis,
2443 1501 2491 1545 et
2524 1509 2647 1545 caro
2676 1508 2742 1546 ea;
2772 1507 2930 1545 carne
2961 1507 3075 1545 mea
3106 1506 3126 1554 ;
3160 1492 3274 1544 Iure
3314 1488 3519 1544 vocabi-

1934 1598 2022 1640 tur
2045 1586 2228 1655 virago
2266 1580 2531 1656 [mulier],
2565 1582 2817 1653 quoniam
2839 1582 2903 1636 de
2927 1582 3037 1635 viro
3063 1597 3163 1635 suo
3191 1591 3400 1649 sumptu
3419 1590 3517 1632 est.

1936 1675 2295 1743 Quamobrem
2345 1676 2603 1747 relinquet
2633 1674 2786 1728 homo
2808 1686 3009 1744 patrem
3036 1690 3189 1727 suum
3210 1686 3260 1729 et
3296 1684 3521 1727 matrem

1933 1784 2110 1831 suam,
2137 1776 2185 1821 et
2223 1765 2507 1820 adhaerebit
2774 1764 2929 1818 uxori
2962 1780 3094 1830 sure,
3121 1774 3170 1818 et
3208 1773 3360 1818 erunt
3415 1764 3521 1816 duo

1935 1860 1990 1914 in
2017 1875 2178 1914 carne
2226 1875 2336 1914 una
2377 1866 2429 1911 ιι.
2479 1855 2605 1912 Haec
2634 1866 2795 1928 negat
2826 1858 3121 1912 secundum
3153 1855 3389 1913 litteram
3422 1871 3522 1911 ex-

1936 1950 2208 2021 plicanda,
2234 1949 2331 2005 sed
2374 1947 2730 2018 spiritualiter
2759 1949 2828 2004 de
2857 1948 3075 2004 Christo
3106 1959 3161 2004 et
3184 1946 3303 2018 ejus
3333 1946 3522 2003 Eccleo

234 2047 380 2118 φησὶ
405 2046 520 2100 δεῖν
548 2046 597 2080 ³³
635 2046 799 2116 μόνον
833 2048 1097 2113 νοεῖσθαι,
1123 2046 1261 2102 ἀλλὰ
1291 2048 1387 2102 καὶ
1444 2050 1833 2121 πνευματικῶς

1941 2045 2040 2098 sia.
2079 2041 2269 2097 Divum
2299 2057 2518 2117 quoque
2545 2040 2772 2097 Paulum
2804 2042 2900 2107 ait,
2934 2049 3056 2111 post
3096 2040 3364 2096 dictorum
3402 2055 3524 2094 ver-

234 2136 322 2199 εἱς
356 2132 598 2206 Χριστὸν
631 2135 726 2189 καὶ
754 2136 836 2199 είς
868 2135 970 2207 τὴν
1010 2136 1363 2206 Ἐκκλησίαν.
1399 2139 1512 2192 Καί
1556 2156 1721 2209 φησιν
1753 2142 1836 2195 ὅτι

237 2227 343 2281 καὶ
400 2228 430 2280 ὁ
487 2226 631 2291 θεῖος
695 2226 909 2294 Παῦλος
971 2228 1114 2299 μετὰ
1148 2228 1377 2301 τὴντῶν
1421 2232 1600 2303 ῥητῶν
1628 2232 1835 2285 τούτων

234 2318 462 2373 ἔκθεσιν
487 2320 638 2388 λέγει
665 2335 679 2352 ·
712 2324 784 2376 Τὸ
834 2321 1177 2391 μυστήριον
1209 2324 1255 2356 ⁸ο
1291 2323 1469 2378 τοῦτο
1499 2325 1654 2399 μέγα
1704 2326 1839 2379 ἐστὶ

233 2410 401 2482 λέγω
433 2412 622 2481 δ’ὲτὼ
642 2414 732 2478 είς
767 2414 1028 2481 Χριστὸν
1053 2416 1153 2469 καὶ
1184 2416 1270 2482 είς
1301 2415 1827 2485 τὴνἚκκλησίαν.

250 2501 418 2555 Ἀλλὰ
435 2503 532 2556 καὶ
550 2503 629 2567 τὸ,
650 2504 1001 2569 Αὐξὰνεσθε
1013 2507 1055 2540 ⁸⁸
1077 2506 1177 2563 καὶ
1201 2511 1608 2578 πληθύνεσθε,
1627 2513 1727 2567 οὐκ
1743 2512 1837 2567 ἐπὶ

236 2594 354 2647 τῶν
387 2596 453 2648 ὲκ
483 2596 800 2667 σπέρματος
830 2598 926 2653 καὶ
984 2598 1187 2670 μίξεως
1236 2602 1595 2672 γεννωμένων
1621 2602 1832 2675 ἀνθρώ-

236 2677 363 2739 τῖων
391 2687 489 2739 καὶ
521 2688 714 2751 σιτίοις
737 2687 1124 2761 αὐξανομένων
1156 2694 1323 2765 φησὶν
1355 2695 1611 2765 εἰρῆσθαι
1648 2696 1833 2766 μόνον,

240 2776 383 2831 ἀλλὰ
406 2779 505 2831 καὶ
530 2778 578 2813 ⁸³
606 2780 738 2851 περὶ
765 2781 874 2835 τῶν
900 2782 1048 2836 κατὰ
1077 2785 1303 2856 Πνεῦμα
1341 2786 1388 2821 ⁸⁸
1439 2787 1835 2859 τελειουμένων

241 2868 341 2922 καὶ
395 2870 774 2938 γεννωμένων,
823 2872 1007 2938 καθὼς
1057 2877 1159 2931 καὶ
1211 2877 1423 2942 Παῦλος
1476 2879 1610 2951 βοᾷ,
1669 2882 1838 2935 τέκνα

243 2958 431 3012 καλῶν
461 2959 508 2991 ⁸⁵
534 2961 663 3024 τοὺς
685 2959 831 3017 οὕτω
855 2962 925 3017 δι’
955 2965 1123 3019 αὐτοῦ
1157 2969 1548 3036 γεννηθένταςο
1586 2970 1772 3025 Τέκνα
1792 2971 1839 3003 ⁸⁸

1936 2138 2127 2191 horum
2145 2136 2541 2207 expositionem
2564 2135 2746 2191 dicere
2771 2152 2783 2189 :
2812 2133 2926 2189 Hoc
2947 2134 3252 2204 mysterium
3275 2149 3524 2203 maguum

1935 2240 2033 2294 est,
2073 2230 2193 2284 dico
2227 2238 2405 2283 autem
2435 2245 2553 2305 ego,
2596 2229 2653 2284 in
2683 2226 2899 2283 Christo
2930 2238 2979 2282 et
3016 2225 3257 2280 Ecclesia
3290 2234 3337 2279 ο.
3379 2226 3520 2294 Quin

1936 2331 1992 2378 et
2020 2322 2123 2377 hoc
2155 2339 2170 2376 :
2209 2319 2438 2375 Crescite
2471 2331 2520 2373 et
2560 2315 2990 2391 multiplicamini
3011 2326 3061 2381 P,
3104 2331 3211 2371 non
3248 2316 3313 2369 de
3342 2308 3525 2368 ltouii—

1938 2416 2101 2471 nibus
2114 2431 2177 2471 ex
2202 2414 2429 2469 seminis
2446 2413 2828 2468 commistione
2845 2410 3167 2483 procreatis,
3185 2419 3242 2464 et
3268 2408 3525 2462 alimento

1937 2508 2312 2564 crescentibus
2356 2504 2534 2562 solum
2589 2509 2711 2561 esse
2768 2504 2997 2569 dictum,
3035 2502 3133 2558 sed
3182 2504 3249 2557 de
3278 2501 3422 2557 natis
3469 2510 3527 2555 et

1934 2598 2191 2673 perfectis
2212 2600 2507 2654 secundum
2527 2596 2819 2667 Spiritum,
2846 2594 3299 2666 quemadmodum
3326 2591 3526 2649 Paulus

1936 2692 2138 2747 clamat
2164 2706 2180 2744 :
2227 2705 2352 2746 cum
2385 2689 2526 2744 lilios
2556 2687 2795 2761 appellat
2837 2687 2961 2745 illos
2991 2701 3127 2755 quos
3160 2686 3232 2739 ita
3263 2684 3383 2757 [per
3411 2686 3529 2755 spi-

1940 2782 2126 2856 ritum]
2157 2792 2419 2855 genuerat
2450 2800 2465 2838 :
2501 2779 2712 2849 Filioli,
2745 2780 3095 2850 iuqttit,quas
3122 2779 3313 2833 iterum
3340 2789 3528 2846 partu-

1940 2878 2046 2941 rio,
2086 2877 2252 2931 donec
2281 2874 2525 2930 Christus
2565 2876 2622 2927 in
2646 2874 2788 2929 vobis
2830 2872 3089 2942 formetur
3114 2881 3166 2940 ιι,
3196 2878 3252 2925 et
3282 2872 3474 2929 iterum
3507 2885 3523 2926 :

1947 2970 2012 3024 In
2038 2968 2245 3026 Christo
2273 2966 2402 3027 Jesu
2433 2966 2571 3023 enim
2596 2981 2690 3035 per
2709 2963 3057 3035 Evangelium
3085 2978 3178 3032 ego
3197 2978 3283 3021 vos
3304 2962 3458 3032 genui
3479 2972 3527 3017 ι’.

243 3057 379 3129 γὰρ,
405 3057 594 3128 φησὶν,
630 3056 738 3123 οὓς
762 3057 953 3113 πάλιν
990 3062 1203 3128 ὠδίνω,
1238 3064 1349 3130 ἕως
1371 3062 1445 3122 οὗ
1464 3066 1719 3135 Χριστὸς
1750 3067 1821 3121 ἐν
1854 3065 2000 3137 ὑμῖν
2025 3064 2316 3141 μορφωθῇ
2337 3083 2352 3098 ·
2374 3063 2470 3119 καὶ
2502 3062 2687 3128 πάλιν,
2727 3060 2830 3121 Ἐν
2856 3058 2967 3133 γὰρ
2984 3057 3030 3090 ⁸⁸
3058 3054 3291 3127 Χριστῷ
3323 3055 3530 3125 Ἰησοῦ

244 3148 345 3205 διὰ
370 3153 480 3207 τοῦ
507 3155 883 3225 Εὐαγγελίου
916 3155 1031 3227 ἐγὼ
1066 3156 1223 3228 ὑμᾶς
1249 3157 1573 3227 ἐγέννησα.

320 3246 446 3300 ὀτι
504 3247 567 3302 τὸ
592 3249 638 3281 ⁸⁷
668 3251 727 3303 ὲν
749 3249 797 3282 ⁸⁸
818 3254 929 3316 τοῖς
971 3251 1324 3321 Εὐαγγελίοις
1388 3254 1678 3325 εἰρημένον
1743 3271 1839 3309 πα-

2024 3254 2155 3310 lllud
2192 3252 2357 3309 etiam
2393 3251 2445 3305 in
2479 3249 2771 3322 Evangelia
2800 3263 2896 3318 per
2925 3242 3232 3318 parabolam
3270 3238 3472 3296 dictum
3510 3258 3526 3296 :

251 3336 579 3407 ραϐολικῶς,
610 3341 706 3407 Τις
738 3342 784 3375 ⁸⁸
806 3342 979 3397 ἐστιν
997 3344 1067 3408 ἐξ
1097 3343 1265 3414 ὑμῶν
1283 3345 1594 3413 ἄνθρωπος
1626 3346 1695 3414 ὃς
1716 3346 1842 3415 ἔχει

250 3429 473 3485 ἑκατὸν
496 3434 763 3502 πρόϐατα
808 3436 908 3490 καὶ
942 3436 1261 3492 ἀπώλεσεν
1284 3437 1355 3492 ἐν
1393 3439 1464 3504 ἐξ
1502 3439 1723 3505 αὐτῶν,
1747 3439 1844 3493 καὶ

250 3524 403 3595 ἑξῆς,
444 3527 769 3599 ἐνενήκοντα
804 3530 961 3583 ἐννέα
993 3531 1091 3599 μὲν
1144 3530 1397 3600 πρόϐατα
1423 3529 1521 3595 τὰς
1553 3531 1844 3603 οὐρανίους

250 3616 517 3687 δυνάμεις
538 3620 707 3690 φησὶν
736 3619 1056 3689 ἐκδέχεσθαι
1089 3620 1216 3693 χρὴ,
1252 3619 1312 3674 ἓν
1356 3621 1415 3674 δὲ
1451 3621 1512 3674 τὸ
1566 3619 1846 3684 ἀπολωλὸς

249 3710 349 3764 τὸν
384 3711 675 3783 ἄνθρωπον
718 3711 886 3782 ἤγουν
935 3712 1035 3784 τὴν
1077 3712 1429 3785 ἀνθρωπείαν
1470 3712 1653 3783 φύσιν,
1681 3713 1750 3767 δι’
1778 3712 1846 3782 ἢν

254 3802 354 3855 καὶ
381 3802 808 3873 κατεληλυθέναι
840 3804 932 3858 τὸν
956 3804 1131 3874 Λόγον
1158 3804 1254 3859 τοῦ
1276 3805 1492 3877 Πατρδς
1527 3806 1594 3860 ἐκ
1619 3805 1730 3860 τῶν
1757 3806 1847 3859 ού-

258 3892 461 3965 ρανῶν.

331 3986 455 4040 Ὅτι
480 3985 542 4040 τὸ
565 4025 581 4051 ,
625 3986 751 4040 Ἐπὶ
778 3987 825 4019 ⁷⁸
862 3985 1147 4057 ποταμῶν
1177 3985 1555 4053 Βαϐυλῶνος,
1596 3987 1690 4042 καὶ
1718 3987 1846 4059 ἑξῆς

196 4086 197 4089 “
255 4080 313 4134 αἱ
370 4079 565 4149 ψυχαὶ,
588 4080 725 4150 φησὶ
751 4121 766 4145 ,
796 4079 1066 4149 λέγουσιν.
1096 4078 1356 4133 Ἐστενον
1405 4078 1515 4149 γὰρ
1563 4078 1768 4150 ὄργανα
1800 4081 1845 4113 τι

257 4170 527 4225 καλοῦσαι
551 4174 620 4225 τὰ
656 4172 991 4245 σκηνώματα
1038 4172 1274 4239 ἑαυτῶν,
1306 4171 1344 4226 ἃ.
1378 4172 1698 4243 ἐκρέμασαν
1738 4175 1848 4229 ἀπὸ

258 4264 370 4317 τῶν
438 4265 760 4334 πεισμάτων
824 4265 923 4335 τῆς
968 4264 1193 4335 ἁγνείας
1231 4266 1502 4335 saeuam
1540 4267 1635 4321 τοῦ
1664 4267 1846 4337 ξύλου,

258 4358 347 4411 ἶνα
382 4357 458 4427 μὴ
488 4356 792 4429 δυνηθῶσιν
815 4357 1248 4430 ὲξαρπασθείσαι
1279 4357 1442 4414 πάλιν
1466 4362 1848 4434 παρασυρῆναι

255 4449 337 4521 τῷ
376 4449 611 4522 ῥεύματι
636 4451 735 4521 τῆς
756 4450 1049 4522 ἀκρασίας.
1092 4450 1355 4505 Βαϐυλὼν
1380 4452 1508 4526 γὰρ,
1533 4452 1789 4524 τάραχος
1812 4453 1846 4525 ἢ

1947 3348 2077 3415 Quis
2128 3354 2206 3401 est
2240 3361 2305 3400 ex
2346 3344 2489 3399 vobis
2533 3344 2709 3406 hamo,
2744 3341 2833 3411 qui
2873 3339 3025 3393 habet
3070 3349 3277 3392 centum
3305 3349 3444 3397 oves,
3479 3342 3532 3387 et

1945 3457 2107 3497 unam
2155 3438 2390 3511 perdidit
2451 3453 2517 3493 ex
2549 3436 2659 3493 illis
2689 3442 2739 3502 ³,
2784 3443 2840 3489 et
2867 3447 2989 3504 quas
3031 3436 3375 3500 sequuntur:
3424 3424 3532 3480 Per

1946 3530 2240 3600 nonaginta
2298 3542 2494 3584 novem
2549 3542 2680 3581 oves
2719 3521 3080 3592 intelligenda:
3109 3527 3235 3575 sunt
3278 3516 3532 3573 caelestes

1943 3630 2247 3696 potestates
2275 3621 2394 3675 sive
2416 3617 2590 3693 angeli
2626 3635 2641 3685 ;
2677 3631 2781 3671 una
2811 3625 2991 3669 autem
3012 3610 3222 3683 perdita
3256 3607 3531 3663 hominem

1945 3711 2241 3782 signiﬁcat,
2280 3710 2397 3766 sive
2448 3718 2695 3763 naturam
2748 3708 3060 3766 humanam,
3093 3711 3316 3771 propter
3365 3712 3531 3773 quam

1946 3805 2024 3859 ait
2059 3801 2292 3859 Verbum
2324 3803 2506 3858 Patris
2535 3816 2568 3856 e
2596 3799 2736 3856 coelo
2773 3795 3140 3853 descendisse.

2018 3981 2155 4038 Illud
2223 3999 2237 4035 :
2293 3980 2464 4049 Super
2506 3979 2730 4050 ﬂumina
2779 3975 3063 4048 Babylonis
3088 3976 3133 4042 ί,
3165 3971 3388 4037 etc.,ab
3417 3969 3539 4025 ani-

1949 4075 2145 4130 mabus
2190 4072 2393 4127 dictum
2441 4071 2765 4126 existimat:
2815 4083 3017 4139 organa
3043 4063 3536 4133 enim‘habitacula

1948 4183 2048 4222 sua
2071 4166 2365 4237 appellant,
2401 4179 2521 4233 qua:
2560 4161 2965 4232 suspenderunt
2994 4175 3025 4214 a
3057 4157 3281 4215 funibus
3310 4156 3536 4211 castita-

1950 4262 2041 4326 tis,
2073 4269 2132 4315 ut
2158 4257 2434 4330 laquearia
2467 4262 2773 4326 tangerent,
2801 4268 2869 4309 ne
2904 4266 3120 4307 rursum
3170 4251 3427 4305 detracta:
3452 4247 3537 4302 in-

1955 4352 2336 4423 temperantiae
2373 4348 2492 4403 lactt
2524 4330 2917 4400 voltttarentur.
2946 4342 3185 4413 Babylon
3210 4348 3389 4395 autent
3419 4354 3538 4407 per-

1952 4443 2182 4499 turbatio
2212 4449 2308 4495 aut
2358 4438 2602 4510 confusio
2626 4436 2949 4506 explicatur,
2982 4443 3038 4489 et
3085 4432 3253 4486 vitam
3284 4434 3426 4484 hanc
3482 4430 3535 4483 in

256 4543 1107 4615 σύγχυσιςὲρμηνευομένη,τδν
1127 4562 1194 4598 πε
1204 4523 1588 4619 ρίρρυτοννβίον
1610 4544 1839 4599 δείκνυσι

1953 4537 2243 4592 ﬂuentibus
2277 4534 2443 4589 sitam
2481 4530 2743 4590 ostendit,
2781 4529 2835 4582 in
2868 4524 3024 4594 cujus
3058 4524 3237 4581 medio
3285 4523 3539 4587 sedentes

182 4685 189 4689 _
257 4634 469 4698 τοῦτον,
495 4629 556 4689 οὗ
592 4636 651 4688 ὲν
676 4634 828 4705 μέσῳ
857 4614 1221 4700 καθεσθέντες
1258 4614 1700 4710 περικλύζόμεθα
1732 4634 1839 4690 τῶν

1950 4630 2250 4701 iniquitatis
2293 4627 2615 4683 ﬂuminibus
2641 4620 2975 4679 irruentibus
3009 4615 3253 4673 conclusi
3305 4614 3538 4673 inunda—

259 4725 527 4798 ποταμῶν
574 4726 671 4796 τῆς
720 4726 924 4790 κακίας
969 4728 1360 4800 έφορμώντων.
1391 4729 1482 4783 Διὸ
1512 4728 1604 4783 καὶ
1630 4727 1847 4799 βοῶμεν

263 4817 405 4888 μετὰ
444 4815 726 4888 κλαυθμοῦ
752 4816 889 4887 πρὸς
914 4818 1004 4872 τὸν
1036 4818 1191 4879 Θεὸν.
1230 4818 1319 4873 ἴνα
1349 4818 1424 4889 μὴ
1448 4816 1849 4888 κατολισθήσω-

262 4926 350 4963 σιν
376 4898 537 4981 ἡμῶν
565 4910 986 4982 απορρηχθέντα
1011 4913 1125 4974 τοῖς
1149 4910 1360 4981 κύμασι
1387 4911 1485 4982 τῆς
1516 4909 1711 4980 ἡδονῆς
1739 4908 1850 4964 ἀπὸ

260 5002 356 5056 τοῦ
378 5001 548 5072 φυτοῦ
572 5004 671 5072 τῆς
701 5002 924 5073 ἁγνείας
951 5003 1021 5057 τὰ
1044 5004 1273 5075 ὄργανα.
1311 5003 1400 5058 Ἐν
1432 5003 1588 5075 τύπῳ
1616 5002 1725 5075 γὰρ
1748 5003 1850 5071 τῆς

265 5095 568 5164 παρθενίας
603 5098 702 5166 τὴν
736 5097 886 5150 ἰτέαν
918 5097 1198 5169 πανταχοῦ
1229 5096 1751 5170 παραλαμϐάνουσιν
1785 5097 1842 5149 αἱ

262 5188 504 5259 Γραφαὶ,
529 5189 828 5261 ἐπειδήπερ
854 5189 914 5242 τὸ
933 5187 1095 5254 ἄνθος
1142 5190 1321 5244 αὐτῶν
1349 5191 1426 5253 είς
1451 5188 1596 5261 ὕδωρ
1616 5193 1848 5263 ἀποτριο

1946 4740 2088 4778 mur.
2138 4722 2320 4789 Quare
2354 4734 2477 4774 cum
2522 4715 2778 4787 lacrytuis
2807 4723 2862 4769 et
2904 4710 3107 4782 gemitu
3141 4709 3445 4767 clamamus
3462 4704 3533 4759 ad

1948 4814 2141 4875 Deum,
2172 4824 2239 4866 ne
2264 4824 2467 4881 organa
2496 4818 2680 4862 nostra
2724 4821 2752 4859 a
2789 4805 2960 4873 stirpe
3003 4798 3274 4856 castitatis
3309 4812 3404 4869 per
3443 4794 3538 4850 ﬂu-

1946 4916 2067 4961 ctus
2105 4892 2453 4972 voluptatum
2482 4898 2668 4954 avulsa
2715 4907 2963 4967 pereant.
2992 4893 3093 4951 Per
3126 4892 3345 4950 Salicem
3388 4890 3536 4945 enim

1951 4997 2249 5067 Scriptum
2299 4993 2501 5063 ubique
2543 4990 2874 5046 adumbrant
2921 4987 3146 5059 ﬁguram
3183 4982 3537 5058 virginitatis.

1953 5092 2087 5159 Quia
2143 5090 2243 5145 llos
2294 5087 2519 5144 salicum
2561 5084 2606 5139 si
2658 5083 2710 5137 iu
2769 5095 2909 5151 aqua
2955 5080 3209 5134 decoctus
3263 5085 3535 5142 sumatur,

1955 5183 2213 5256 quidquid
2239 5182 2306 5237 ad
2335 5180 2538 5235 coitum
2570 5176 2774 5232 excitat
2801 5184 2857 5228 et
2886 5172 3187 5234 libidinem,
3214 5166 3538 5238 exstinguit,

335 5311 363 5376 ξι
396 5301 533 5376 Gen.
563 5318 620 5367 tt,
660 5302 874 5376 9.3.24.
952 5311 979 5339 ⁸
1022 5305 1221 5376 Epltes.
1260 5319 1313 5372 ν,
1348 5303 1440 5359 52.
1517 5316 1545 5354 P
1570 5304 1707 5360 Gen.
1743 5321 1783 5367 ι,
1817 5309 1839 5357 Ἃ

1985 5312 2014 5352 τι
2042 5299 2217 5357 Galat.
2251 5313 2326 5365 tv,
2368 5294 2458 5352 19.
2532 5301 2558 5334 ι’
2596 5293 2617 5348 1
2659 5288 2790 5346 Cor.
2823 5303 2900 5353 tv,
2940 5284 3029 5343 15.
3104 5292 3128 5321 ³
3162 5283 3296 5340 Luc.
3335 5297 3427 5350 xv,
3479 5281 3537 5336 ι.

272 5375 291 5411 ί
323 5374 463 5429 Psal.
497 5389 717 5437 cxxxvn,
759 5373 813 5430 1.

1569 5484 1809 5543 VARUE
1840 5481 2245 5541 LECTIONES.

346 5601 391 5634 "
412 5599 635 5702 ἑξένετο
667 5618 728 5665 ς.
804 5603 850 5635 ⁸⁸
885 5602 1121 5726 πατὲδς]
1152 5598 1463 5674 πνεύματος
1498 5602 1606 5656 ΛΒ.
1682 5603 1727 5634 ⁵⁷
1762 5599 1891 5671 δόξῃ
1926 5614 1986 5661 ς.
2068 5597 2115 5629 ⁸”
2146 5595 2269 5676 Γεν]
2295 5594 2464 5675 ξῑιῗδ·
2534 5594 2589 5677 ξ’
2622 5590 2704 5646 δεῖ
2727 5610 2789 5657 ς’
2864 5594 2908 5625 ⁸⁸
2924 5591 2986 5644 τὸ
3016 5587 3226 5662 μυστ-Ρ
3257 5588 3455 5657 891⁸⁸⁸⁸
3483 5602 3535 5674 ξ’

352 5714 362 5722 .
524 5670 672 5726 αυξ]
715 5670 851 5726 Gen.
884 5690 920 5726 I.
948 5674 984 5726 9.
1027 5714 1040 5726 .
1121 5676 1259 5726 ’καὶ
1292 5692 1403 5726 om.
1428 5674 1536 5726 AB.
1613 5673 1661 5704 ⁸⁸
1679 5672 1964 5726 πνεύματα
1997 5685 2057 5726 ς.
2102 5667 2148 5699 ⁸⁵
2180 5682 2361 5718 καλων
2405 5666 2449 5717 Α
2486 5682 2499 5717 :
2537 5663 2712 5726 Αέγων
2752 5680 2815 5726 ς.
2895 5663 2939 5694 ⁸³
2967 5660 3155 5726 τέκνα]
3203 5660 3322 5716 Gul.
3354 5674 3428 5720 tv,
3452 5659 3534 5712 lo.

270 5670 362 5743 '52.
439 5672 500 5743 “_
524 5670 672 5743 αύξ]
715 5670 851 5727 Gen.
884 5690 920 5737 I,
948 5674 984 5726 9.

273 5742 320 5773 ⁸⁸
345 5743 404 5794 ὲν
442 5741 577 5812 γὰρξ
614 5741 789 5795 ιἰἱοτ.
840 5759 917 5797 rx.
951 5744 1036 5797 15.
1116 5746 1159 5776 ⁸⁷
1193 5745 1254 5797 τὸ
1280 5762 1369 5798 om
1427 5761 1508 5806 pr.
1546 5744 1612 5798 Α.

277 5812 323 5845 ⁷⁸
354 5813 562 5884 ὄργανα
617 5812 879 5867 καλοῦσαι
914 5813 1005 5867 ΑΒ
1036 5831 1049 5868 :
1080 5814 1448 5870 ἀνακαλοῦσαι
1486 5832 1548 5879 ς.

680 5908 950 5971 Parnm“
986 5907 1105 5969 Gtt.
1140 5907 1302 5970 CllI.

1163 5676 1259 5728 καὶ
1292 5663 1403 5728 om.
1428 5663 1536 5726 ΑΒ.
1613 5673 1661 5704 ⁸⁸
1679 5663 1964 5739 πνεύμξὶτα
1997 5685 2057 5732 ς.
2102 5667 2148 5699 ⁸⁵
2180 5663 2361 5718 καλῶν
2405 5666 2449 5717 Α
2486 5682 2499 5717 :
2534 5663 2712 5732 λέγων
2752 5680 2815 5727 ς.

1193 5745 1254 5793 τὸ
1280 5762 1369 5793 om
1427 5761 1508 5793 nr.
1548 5744 1612 5793 Α.
1688 5745 1731 5773 ⁸⁸
1764 5744 1819 5793 ὲν
1848 5755 1958 5793 om.
1983 5743 2049 5793 A.
2144 5739 2189 5771 ⁶⁹
2222 5735 2328 5793 τίς]
2404 5734 2537 5791 Luc.
2563 5749 2662 5793 xv.
2684 5737 2739 5791 4.

1793 5760 1819 5794 ν
1848 5755 1958 5796 Olli.
1983 5755 2049 5793 ﬂ.

2895 5663 2939 5694 "
2967 5659 3168 5734 τέκνα]
3188 5659 3322 5716 ὉδιΙ.
3354 5659 3534 5734 1ν,1ᾆ.

2144 5739 2189 5771 ⁶⁹
2222 5735 2328 5809 τις]
2404 5734 2537 5791 Luc.
2563 5729 2662 5802 xv,
2684 5737 2739 5791 4.
2829 5732 2873 5765 ⁷ο
2905 5733 3022 5805 ἐπὶ]
3055 5729 3195 5786 vsa.
3220 5745 3443 5796 cxxxw,
3486 5729 3535 5782 1.

3024 5895 3104 5954 37
