4066 6462
568 387 706 453 1163

1694 375 1956 437 ΡΗΟἸῚῘ
1995 370 2504 435 ΡΑΤΒΙΑΒΩΗΕ
2542 371 2649 430 ΠΡ.

3663 364 3776 431 ιιιῑι

567 500 740 552 donec
770 492 1065 565 genitalem
1092 498 1388 545 sementem
1418 487 1630 558 penitus
1656 488 1895 542 sterilem
1927 485 2140 540 reddat.

2251 474 2338 537 ϐἐν
2367 484 2435 537 ἂν
2470 482 2632 553 ποθῇ,
2656 480 2766 533 πᾶν
2799 477 2924 531 ὅσον
2963 476 3045 539 εἰς
3074 474 3260 545 ὀχείας
3286 473 3475 539 ἀναζεῖ
3506 474 3552 507 "
3576 475 3666 527 καὶ
3684 478 3784 547 Epe-

568 584 1032 657 Quemadmodum
1068 590 1125 637 et
1174 579 1438 635 Homerus
1479 579 1792 643 declaravit,
1827 578 1917 649 qui
1947 576 2141 632 salices

569 690 849 751 prapterea
877 674 1215 747 frugiperdas
1243 671 1557 728 nominavit.

643 947 774 1002 Illud
804 943 1091 999 Jeremize:
1119 938 1377 1007 Sponsam
1400 935 1679 990 sollicitam
1701 949 1830 995 esse,
1855 948 1915 985 ne
1933 932 2142 986 oblivis-

580 1050 733 1092 catur
753 1033 1042 1086 ornamenti
1076 1030 1178 1093 sui,
1212 1038 1257 1080 et
1286 1027 1535 1094 virginem
1564 1039 1625 1077 ne
1646 1021 1921 1091 pectoralis
1954 1022 2036 1075 sui
2061 1028 2142 1058 υο*

494 1134 501 1141 “
574 1126 807 1198 309a;
835 1126 992 1177 docet
1039 1136 1144 1175 non
1186 1113 1570 1172 committenda
1613 1128 1713 1168 nec
1757 1112 1985 1166 laxanda
2023 1124 2144 1165 esse

514 1198 533 1217 ’
575 1218 853 1273 traudibus
892 1213 1047 1269 frena
1081 1225 1176 1266 seu
1216 1205 1428 1261 vincula
1492 1204 1886 1274 temperantiae.
1910 1200 2014 1255 Per
2044 1214 2139 1270 pe-

572 1320 725 1365 ctora
757 1308 899 1361 enim
929 1320 1121 1361 sensus
1147 1304 1337 1366 animi,
1371 1316 1501 1357 sane
1529 1296 1873 1355 convenienti
1899 1294 2139 1355 ratione,

573 1410 628 1455 et
682 1413 833 1454 mens
860 1407 1044 1451 nostra
1077 1396 1412 1465 intelligitur.
1447 1389 1725 1445 Pectorale
1754 1396 1939 1442 autem
1963 1426 1979 1452 ,
2014 1400 2141 1455 pro-

573 1490 804 1560 positum
848 1490 1010 1542 animi
1038 1488 1105 1542 ad
1136 1487 1442 1542 castitatem
1472 1482 1759 1553 colligaus,
1790 1489 1874 1535 est
1906 1477 2146 1535 Charitas

2247 576 2478 646 θισμοὺς
2516 571 2934 631 ἀποσϐέννυσιν,
2984 567 3096 620 ἐστ’
3131 568 3198 621 ἂν
3252 567 3330 629 είς
3374 566 3545 636 ἄρδην
3568 566 3785 621 ἀποστει-

2250 669 2400 741 ρώσῃ
2425 666 2524 737 τὴν
2550 666 2649 720 ἐπὶ
2698 663 3045 718 παιδοποιίαν
3093 660 3287 731 φορὰν,
3338 658 3531 729 ὥσπερ
3578 659 3640 729 δὴ
3660 662 3786 714 καὶὸ

2248 762 2499 830 Ὄμηρος
2533 758 2580 790 ⁷³
2614 758 2871 828 ἐμήνυσε,
2901 754 2991 808 διά
3043 752 3201 806 τοῦτο
3250 752 3491 814 καλέσας
3523 749 3787 824 ὠλεσιιιάρ-

2248 870 2381 916 πους
2402 852 2499 915 τὰς
2523 851 2688 915 ἰτέας.

2319 943 2450 1016 [955
2482 942 2577 1014 IL]
2604 943 2728 995 Ὀτι
2758 942 2945 1012 φησιν,
2981 937 3214 1009 Ἀμέλει
3235 938 3301 991 τὸ
3319 935 3406 1006 μὴ
3434 934 3788 991 ἐπιλαθέσθαι

2248 1035 2494 1103 νύμφην
2509 1034 2619 1087 τὸν
2635 1032 2870 1101 κόσμον
2888 1031 3043 1100 μηδὲ
3058 1028 3357 1097 παρθένον
3385 1027 3503 1094 τὴν
3539 1027 3789 1093 στηθοδε-

2250 1122 2441 1190 σμίδα
2466 1120 2713 1194 i505H.j,
2733 1120 3027 1191 λεγόμενον
3051 1122 3109 1173 ὲν
3137 1116 3532 1189 Ἱερεμίᾳτδ,τδ
3554 1117 3623 1186 μὴ
3645 1116 3791 1169 ἐνδοῦ-

2254 1232 2342 1267 ναι
2376 1214 2473 1267 καὶ
2502 1214 2732 1284 χαλάσαι
2758 1213 2849 1266 τὸν
2868 1212 3065 1281 δεσμὸν
3076 1212 3174 1281 τῆς
3202 1207 3557 1279 σωφροσύνης
3591 1209 3791 1272 ἀπάταις

2253 1302 2423 1372 δηλοῖ.
2498 1302 2677 1374 Στὴθη
2707 1303 2818 1372 γὰρ
2844 1304 2901 1356 αί
2926 1302 3143 1372 φρένεις
3173 1302 3344 1355 εἰκότι
3367 1300 3513 1370 λόγῳ
3530 1298 3620 1351 καὶ
3642 1302 3668 1352 ό
3693 1301 3791 1363 νοῦς

2252 1396 2411 1466 ἡμῶν
2446 1390 2587 1449 εἶναι
2615 1395 2894 1465 νομίζεται
2921 1411 2934 1425 ⁸
2958 1397 2992 1464 ἡ
3022 1394 3079 1448 δὲ
3106 1394 3484 1465 στηθοδεσμὶς,
3512 1393 3545 1462 ἡ
3570 1392 3791 1446 συνδοῦσα

2253 1486 2365 1558 ζωὴ
2400 1488 2444 1519 ⁷⁵
2473 1487 2572 1558 τὴν
2588 1486 2846 1556 πρόθεσιν
2880 1486 2985 1557 τῆς
3012 1486 3192 1559 ψυχῆς
3228 1487 3313 1549 είς
3349 1481 3596 1554 ἁγνείαν,
3622 1484 3791 1554 ἐστινὴ

576 1585 627 1636 in
658 1580 954 1636 Christum.

644 1674 809 1729 Illud:
838 1674 999 1729 Sume
1016 1671 1142 1726 mihi
1163 1671 1377 1725 vitulam
1400 1670 1675 1734 triennem,
1699 1677 1746 1720 et
1765 1666 1978 1719 arietem
1996 1662 2150 1716 trien-

574 1783 712 1831 nem,
742 1776 789 1820 et
825 1776 1098 1831 turturem,
1117 1774 1166 1817 et
1188 1761 1524 1816 columbam!
1552 1762 1627 1814 ait
1656 1757 1957 1829 signiﬁcare
1976 1751 2145 1826 [hoc,]

2252 1579 2388 1649 πρὸς
2420 1577 2655 1649 Χριστὸν
2691 1579 2909 1649 ἀγάπη.

2325 1671 2449 1724 Ὅτι
2476 1672 2558 1737 τὸ,
2593 1671 2749 1726 Λάϐε
2789 1672 2836 1704 ⁷⁸
2859 1689 2962 1743 μοι
3010 1670 3271 1739 δάμαλιν
3294 1665 3690 1739 τριετίζουσαν
3714 1666 3791 1723 καί

2253 1760 2395 1833 αἶγα
2450 1764 2857 1835 τριετίζουσαν
2924 1765 3028 1820 καί
3095 1765 3267 1833 κριὸν
3323 1761 3673 1832 τριετίζοντα
3715 1763 3793 1815 καὶ

582 1856 718 1911 aﬂ'er
746 1857 876 1911 milii
902 1855 1015 1927 jugi
1051 1864 1325 1924 expertem
1370 1853 1627 1917 animam,
1664 1851 1831 1904 instar
1869 1848 2066 1911 vitulus,
2093 1855 2145 1899 et

2251 1857 2505 1927 τρυγόνα
2550 1858 2650 1912 καί
2716 1859 3073 1928 περιστερὰν
3119 1854 3476 1918 αίνίττεσθαί,
3519 1870 3689 1923 φησιν.
3730 1852 3794 1905 ὅτι

575 1948 723 2001 omni
746 1948 943 2001 malitia
961 1957 1235 2001 carentem
1258 1964 1271 2011 ;
1303 1944 1637 2014 corpusitern
1658 1953 1710 1997 et
1725 1940 2017 1995 rationem:
2039 1952 2152 1993 cor-

2254 1949 2595 2022 Προσένεγκέ
2626 1967 2717 2020 μοι
2739 1949 2917 2018 άζυγα
2932 1949 3028 2003 καὶ
3046 1948 3331 2002 ἀκάκωτόν
3352 1948 3397 1978 ⁷⁷
3429 1962 3524 1998 σου
3548 1944 3791 2014 τὴνψυχὴν

578 2039 901 2108 pusquidem
925 2038 1087 2091 veluti
1111 2036 1488 2107 capram,quia
1510 2049 1605 2103 per
1632 2033 1768 2087 altas
1783 2040 2153 2101 rupesetprar-
2250 2042 2533 2112 δαμάλεως
2581 2042 2761 2114 δίκην⁹
2799 2042 2892 2095 και
2924 2041 3028 2112 τὴν
3071 2041 3253 2111 σάρκα
3287 2038 3387 2093 χαλ
3431 2038 3527 2091 τὸν
3554 2035 3793 2103 λογισμδῆ

577 2130 756 2198 cipitia
779 2127 1010 2193 incedit;
1034 2128 1294 2182 rationem
1316 2142 1440 2181 vero
1456 2135 1512 2179 ut
1525 2125 1769 2188 arietem,
1786 2138 1853 2176 ne
1869 2120 2152 2176 exsultans

2251 2134 2349 2205 τὴν
2378 2133 2475 2205 μὲν
2496 2134 2573 2197 ὼς
2601 2130 2737 2202 αἶγα
2769 2134 2838 2196 ’⁸,
2870 2133 3057 2205 ἐπειδὴ
3081 2132 3151 2186 τά
3179 2132 3435 2203 μετέωρα
3460 2128 3554 2183 καὶ
3576 2124 3793 2199 κρημνώ-

577 2222 794 2277 excidat
822 2235 851 2274 a
874 2221 1123 2276 veritate.
1154 2220 1244 2275 Sic
1262 2220 1403 2274 enim
1427 2216 1769 2287 inculpabilis
1803 2216 1937 2279 eris,
1959 2229 2150 2285 quem-

2251 2225 2315 2297 δη
2336 2225 2638 2296 περιπολεῖ,
2650 2225 2741 2279 τὸν
2763 2224 2822 2280 δὲ
2851 2225 2927 2289 ὡς
2954 2224 3127 2295 κριὸν,
3153 2224 3241 2276 ἶνα
3270 2221 3537 2293 μηδαμῶς
3566 2221 3794 2289 ἀποσκιρ-

587 2312 877 2368 admodum
929 2312 1226 2375 Abraham,
1284 2311 1331 2365 si
1375 2309 1507 2364 mihi
1564 2308 1803 2362 animam
1847 2314 1901 2362 et
1955 2318 2151 2361 sensus

2251 2321 2423 2389 τήσας
2465 2317 2783 2389 ἐξολισθήσῃ
2806 2358 2810 2363 .
2837 2318 2937 2384 τῆς
2970 2316 3247 2387 ἀληθείας.
3294 2314 3453 2369 Οὕτω
3503 2314 3607 2384 γάρ
3638 2309 3792 2366 ἀνεπί-

580 2415 925 2474 meutemque
957 2403 1318 2468 consecraris,
1354 2417 1474 2472 quze
1494 2402 1720 2471 ﬁgurate
1755 2400 1889 2454 dicit
1919 2397 2150 2452 vitulam

2252 2411 2454 2482 ληπτος
2486 2410 2585 2482 ἔσῃ
2614 2410 2691 2472 ὡς
2738 2409 2990 2481 Ἀϐραὰμ
3024 2411 3094 2474 ⁷⁸,
3116 2408 3186 2463 ἂν
3228 2407 3437 2477 ἀναθῇς
3465 2407 3585 2476 ἐμοὶ
3609 2404 3691 2459 καὶ
3715 2403 3793 2473 τὴν

582 2507 637 2551 et
674 2511 915 2565 capram,
973 2505 1028 2550 et
1087 2496 1311 2549 arietem
1372 2495 1665 2559 triennem,
1708 2493 1859 2562 quasi
1894 2491 2152 2559 optimam

2254 2502 2433 2573 ψυχὴν
2458 2503 2554 2556 καὶ
2578 2500 2677 2573 τὴν
2698 2501 2953 2572 αἴσθησιν
2977 2502 3075 2554 καὶ
3100 2500 3195 2554 τὸν
3221 2498 3349 2553 νοῦν
3373 2516 3388 2531 ·
3432 2497 3469 2551 ἃ.
3496 2493 3791 2566 συμϐολικῶς

580 2587 873 2643 Trinitatis
917 2587 1286 2659 cognitionem
1343 2585 1585 2641 tollentia
1620 2585 1755 2656 (92).
1794 2584 1959 2640 Forte
1989 2583 2152 2637 etiam

2253 2594 2484 2664 δάμαλιν
2511 2593 2615 2665 ἔφη
2649 2592 2745 2647 καὶ
2796 2588 2929 2661 αἶγα
2974 2592 3070 2647 καὶ
3107 2592 3260 2664 κριὸν
3284 2588 3640 2661 τριετίζοντα,
3662 2582 3794 2639 οἱονεὶ

581 2692 636 2735 et
665 2682 898 2751 primam
934 2690 990 2735 et
1046 2680 1303 2745 mediam,
1348 2690 1402 2736 et
1462 2680 1705 2734 ultimam
1761 2679 1885 2733 vitae
1936 2686 2152 2732 aetatem

2255 2687 2354 2757 τὴν
2385 2686 2587 2755 γνῶσιν
2615 2686 3005 2758 άκακέμφατον
3029 2687 3130 2757 τῆς
3160 2682 3380 2755 τριάδος
3420 2677 3788 2751 ἐπανῃρημένα.

2256 2777 2408 2846 Τάχα
2436 2776 2492 2830 δὲ
2529 2775 2625 2831 καὶ
2673 2778 2772 2847 τὴν
2818 2775 3043 2847 πρώτην
3098 2776 3194 2828 καὶ
3241 2774 3343 2843 τὴν
3392 2773 3564 2843 μέσην
3599 2768 3681 2823 καὶ
3715 2765 3793 2837 τὴν

2254 2869 2573 2922 τελευταίαν
2624 2867 2736 2922 ’τοῦ
2784 2868 2898 2940 βίου
2958 2868 3061 2938 τῆς
3111 2866 3324 2938 ἡλικίας
3346 2864 3509 2936 ἡμῶν
3534 2862 3792 2918 αίνίσσεται

2254 2960 2464 3033 τρίϐον,
2504 2962 2833 3033 βουλόμενος
2869 2961 2947 3025 ὡς
2993 2962 3077 3016 ὅτι
3122 2962 3169 2992 ⁸ο
3209 2959 3447 3031 μάλιστα
3478 2956 3568 3011 καὶ
3600 2954 3681 3007 τὸν
3710 2950 3794 3004 τῶν

582 2773 734 2846 [Deo
794 2771 1251 2846 consecrandam]
1298 2772 1600 2839 insinuant,
1660 2781 1718 2826 ut
1761 2771 1854 2840 qui
1917 2769 2155 2824 maxime

581 2867 716 2923 velit
758 2882 855 2922 nos
908 2876 963 2922 et
1020 2882 1192 2921 annos
1243 2865 1510 2935 pueritiae.
1540 2874 1594 2918 et
1653 2863 1827 2919 virilis
1872 2863 2072 2928 aetatis,
2100 2870 2157 2916 et

580 2959 880 3015 senectutis
924 2958 1042 3028 pari
1094 2958 1295 3027 pietate
1337 2958 1612 3011 traductos
1656 2956 1761 3011 sibi
1799 2953 2015 3011 oﬁ‘erre.
2068 2953 2149 3009 Ad

586 3066 748 3121 quem
799 3051 1018 3105 modum
1044 3050 1211 3104 etiam
1255 3050 1310 3104 in
1351 3048 1662 3121 Evangeliis
1692 3049 1953 3104 Dominus
1998 3048 2152 3103 nobis

2257 3055 2465 3110 παίδων
2490 3056 2585 3110 καὶ
2610 3055 2702 3111 τὸν
2727 3054 2835 3107 τῶν
2862 3053 3074 3124 ἀνδρῶν
3121 3054 3218 3107 καὶ
3243 3050 3335 3105 τὸν
3363 3050 3475 3103 τῶν
3505 3045 3794 3119 γεραιτέρων

582 3144 853 3214 pratcipit:
886 3141 1217 3212 Quapropter
1240 3150 1288 3194 et
1324 3158 1411 3195 vos
1453 3142 1651 3195 similes
1703 3142 1825 3195 estis
1860 3140 2152 3194 hominibus

2259 3149 2449 3221 χρόνον
2472 3148 2795 3218 συμφρόνως
2818 3146 3118 3218 βιώσαντας
3149 3142 3304 3215 αὐτῷ
3323 3136 3759 3213 προσενέγκασθαι
3776 3148 3792 3165 ·

583 3240 674 3305 ιμιί
702 3247 1005 3305 exspectant
1045 3235 1326 3290 Dominum
1367 3249 1520 3288 suum
1560 3234 1774 3303 quando
1811 3242 2152 3287 revertatura

2261 3196 2388 3292 ’ὲὲιθν
2421 3238 2480 3291 ὃν
2527 3196 3420 3309 {paululi};estimating}
3456 3196 3646 3304 Κύριος
3676 3243 3794 3297 νομο-

586 3330 806 3395 nuptiis,
832 3337 891 3383 ut
928 3343 1044 3381 cum
1068 3327 1284 3399 venerit,
1311 3333 1361 3379 et
1389 3327 1693 3395 pulsaverit,
1720 3326 1991 3393 confestim
2033 3342 2152 3394 ape-

2267 3329 2432 3383 θετεῖ·
2470 3331 2579 3385 Διὰ
2620 3330 2797 3385 τοῦτο
2838 3329 2884 3361 ⁸⁸
2912 3327 3012 3383 καὶ
3040 3329 3207 3399 ὑμεῖς
3235 3327 3426 3396 ὅμοιοι
3472 3326 3692 3396 γίνεσθε
3711 3321 3794 3373 άν-

587 3420 732 3473 riant
763 3421 842 3474 ei:
877 3419 1014 3473 beati
1050 3420 1199 3485 estis,
1244 3418 1370 3489 quia
1413 3417 1571 3488 faciet
1608 3432 1693 3470 vos
1739 3416 2090 3478 discumbere,
2113 3426 2152 3469 et

2267 3420 2521 3490 θρώποις
2580 3420 3095 3490 προσδεχομένοις
3160 3419 3267 3473 τὸν
3320 3420 3532 3485 κύριον
3605 3410 3793 3471 αὐτῶν.

589 3512 848 3564 transiens
866 3512 1183 3565 ministrabit
1210 3511 1370 3565 vobis.
1395 3505 1467 3562 Et
1492 3510 1537 3564 si
1566 3510 1619 3562 in
1639 3508 1890 3572 secunda,
1914 3516 1960 3561 et
1983 3508 2152 3575 tertia1

2269 3514 2413 3567 πότε
2442 3513 2733 3567 ἀναλύσει
2785 3514 2855 3567 ἐκ
2891 3509 3009 3566 τῶν
3062 3513 3287 3581 γάμων,
3320 3512 3426 3565 ἵνα
3451 3511 3672 3564 ἐλθόντι
3718 3502 3794 3557 καί

588 3600 727 3657 beati
750 3605 873 3658 estis
888 3613 939 3658 γ.

2270 3606 2595 3673 κρούσαντι
2695 3604 2857 3670 αὐτῷ
2925 3605 3142 3670 εὐθέως
3200 3604 3507 3669 ἁνοίξωσι.
3558 3596 3793 3665 Μακάριοι

589 3697 729 3752 ἐστε
752 3740 767 3763 ,
827 3698 917 3752 ὅτι
1001 3696 1314 3753 ἀνακλινεῖ
1360 3699 1407 3736 δ’
1465 3696 1620 3767 ὑμᾶς
1688 3698 1786 3752 καὶ
1852 3700 2166 3767 παρελθὼν
2201 3700 2570 3767 διακονήσει.
2617 3702 2744 3760 Κάν
2832 3699 2908 3770 τῇ
2964 3698 3210 3768 δευτέρᾳ
3291 3697 3396 3753 καὶ
3456 3696 3530 3765 τῇ
3576 3694 3617 3727 ⁸³
3663 3691 3795 3759 τρίτη

586 3788 868 3858 μακάριοί
894 3790 1055 3844 ἐστε.

664 3882 1015 3938 Considerate
1074 3884 1218 3936 enim
1276 3883 1418 3952 quod
1468 3891 1579 3938 tres
1631 3881 1838 3951 vigilias
1888 3884 2152 3954 ponendo,

2357 3878 2760 3949 Ἐπισκέψασθε
2780 3878 2888 3948 γάρ
2919 3877 2999 3930 ὅτι
3017 3877 3165 3946 τρεῖς
3188 3873 3519 3945 ὑποθέμενος
3538 3871 3580 3904 ⁸⁸
3595 3866 3793 3939 φυλακᾶς

592 3975 982 4044 vespertinam,
1011 3974 1262 4039 alteram,
1290 3985 1348 4029 et
1374 3976 1613 4042 tertiam,
1651 3985 1758 4031 tres
1778 3992 1999 4047 quoque
2029 3987 2152 4032 teta-

2271 3974 2484 4037 νυκτὸς,
2523 3970 2841 4043 ἐσπερινὴν,
2897 3970 2992 4023 καὶ
3033 3968 3296 4039 δευτέραν
3341 3968 3439 4020 καὶ
3495 3964 3681 4036 τρίτην,
3722 3956 3794 4011 καὶ

596 4065 665 4119 tis
696 4065 1027 4119 mutationes
1090 4065 1448 4135 signiﬁcarit:
1485 4066 1926 4131 adolescentiam,
1953 4068 2152 4123 virilem

2269 4071 2421 4139 τρεῖς
2447 4065 2603 4137 ἡμῶν
2659 4064 2759 4127 τὰς
2797 4063 2899 4133 τῆς
2927 4062 2973 4094 ⁸⁸
3003 4061 3220 4131 ἡλικίας
3256 4058 3478 4131 ᾐνίξατο
3522 4050 3790 4127 μεταϐολάς.

593 4164 836 4221 :etatem,
867 4168 921 4211 et
961 4166 1320 4221 senectutem,
1353 4159 1497 4228 quod
1542 4158 1670 4213 velit
1696 4174 1814 4224 nos,
1845 4174 1965 4214 cum
1998 4174 2152 4215 vene-

2268 4161 2368 4232 τὴν
2410 4155 2747 4231 μειρακιώδη
2764 4158 2859 4210 καὶ
2886 4154 2984 4226 τὴν
3011 4152 3286 4225 πρόσηϐον
3318 4154 3413 4204 καὶ
3440 4150 3534 4220 τὴν
3554 4143 3791 4232 πρεσϐυτι-

594 4246 666 4300 rit
689 4247 945 4300 mundum
969 4244 988 4317 [
1012 4248 1063 4300 in
1086 4245 1332 4319 judicio]
1363 4260 1763 4318 assumpturus,
1794 4259 2012 4318 paratos
2037 4264 2152 4305 esse

2270 4231 2397 4324 κῆν,
2459 4250 2779 4322 βουλόμενος
2835 4247 2924 4301 ἵνα
2981 4248 3076 4300 καὶ
3126 4246 3317 4306 παῖδας
3348 4243 3527 4305 ὄντας,
3576 4237 3658 4291 ἐὰν
3692 4231 3789 4324 ἔλθῃ

596 4351 660 4391 ac
689 4350 855 4405 puros
882 4337 1129 4405 quamvis
1173 4338 1351 4392 adhuc
1393 4337 1447 4391 in
1480 4340 1705 4406 pueritia
1737 4348 2057 4405 versantes;
2088 4340 2152 4392 si-

2270 4321 2727 4412 παραληψόμενος
2764 4338 2855 4392 τὸν
2887 4336 3112 4404 κόσμον,
3146 4334 3397 4403 ἑτοίμους
3434 4326 3698 4387 καταλάϐοι
3720 4321 3790 4375 καὶ

596 4427 799 4482 militer
851 4427 1146 4481 secundam
1241 4437 1293 4481 et
1355 4432 1572 4483 tertiam
1642 4429 1886 4498 vigiliam
1940 4429 2152 4486 indicat.

2270 4430 2571 4500 καθαροὺς,
2605 4429 2701 4482 καὶ
2740 4427 2837 4498 τὴν
2864 4427 3124 4496 δευτέραν
3155 4425 3358 4495 ὁμοίως
3389 4425 3481 4477 καὶ
3505 4421 3595 4490 τὴν
3622 4415 3785 4487 τρίτην-

594 4514 918 4584 Vespertina
943 4518 1086 4572 enim
1114 4517 1294 4589 vigilis
1325 4527 1408 4573 est
1440 4518 1683 4573 ﬂorentis
1708 4520 1886 4574 aetatis
1917 4520 2152 4576 humana

2282 4519 2576 4591 Ἐσπερινὴ
2597 4518 2705 4589 γὰρ
2738 4518 2951 4589 φυλακὴ
2979 4520 3007 4570 ό
3034 4516 3224 4586 καιρός
3260 4516 3376 4568 ἐστι
3405 4516 3503 4586 τῆς
3530 4508 3692 4580 ἀκμῆς
3715 4500 3787 4555 τοῦ

597 4618 795 4674 status,
844 4622 953 4679 quo
996 4608 1184 4677 incipit
1219 4608 1446 4664 rationis
1499 4608 1784 4678 imperium
1826 4610 2152 4681 passionibus

2271 4612 2369 4667 ἀνθ
2380 4611 2584 4681 ρώπου,
2614 4609 2736 4665 καθ’
2761 4610 2826 4680 ἢν
2850 4611 3077 4681 ἄρχεται
3106 4606 3478 4679 ταράσσεσθαι
3500 4606 3785 4673 τδήγεμονι·

598 4702 860 4771 agitatum
931 4699 1175 4768 turbari;
1227 4701 1394 4755 altera
1450 4715 1602 4769 vero,
1647 4702 1861 4771 quando
1916 4702 2152 4769 deincep:

2278 4703 2372 4758 κδν
2398 4702 2813 4770 ἐπιθολούμενον
2836 4702 2947 4764 τοῖς
2971 4699 3167 4753 πάθεσι
3190 4715 3204 4730 ο
3238 4698 3469 4768 δευτέρα
3498 4697 3571 4759 δὲ,
3600 4688 3788 4758 ὁπηνίκα

598 4795 653 4848 in
688 4793 989 4862 perfectum
1022 4794 1195 4847 virum
1220 4795 1456 4849 evadens
1492 4795 1678 4865 incipit
1717 4810 1870 4850 mens
1897 4796 2152 4866 perpetui:

2274 4794 2459 4848 λοιπὸν
2490 4795 2569 4858 εἰς
2596 4793 2764 4863 ἄνδρα
2785 4793 2986 4847 τέλειον
3027 4790 3223 4853 ἐλάσας
3266 4788 3492 4860 ἄρχεται
3522 4781 3785 4855 βεϐαιότητα

599 4886 939 4954 negotiorum
1016 4882 1333 4939 tumultibus
1407 4888 1685 4955 occupari.
1753 4885 1939 4941 Tertia
2017 4902 2152 4942 vero.

2275 4886 2383 4939 τῶν
2432 4883 2676 4954 θορύϐων
2705 4886 2733 4936 ὁ
2760 4881 2882 4945 νοῦς
2918 4880 3391 4953 προσλαμϐάνειν·
3432 4878 3581 4948 τρίτη
3622 4871 3688 4931 δὲ,
3720 4867 3785 4918 ὅτε

600 4977 814 5045 quando
844 4976 1070 5031 inﬁnita:
1104 4975 1461 5045 cupiditatum
1494 4978 1760 5047 imagines
1797 4993 2026 5048 corpore
2053 4977 2152 5046 jan‘

2273 4978 2332 5032 αἱ
2388 4976 2635 5029 πλεῖσται
2685 4972 2976 5043 φαντασίαι
3024 4971 3132 5025 τῶν
3196 4970 3498 5040 ἐπιθυμιῶν
3544 4964 3782 5035 φθίνουσιν.

600 5073 974 5119 marcescente
991 5073 1043 5119 et
1066 5065 1119 5118 in
1144 5066 1352 5119 senium
1379 5076 1637 5133 vergente
1668 5067 1868 5119 sensim
1896 5066 2147 5120 deﬁciunt

2277 5064 2797 5137 ἀπομαραινομένης
2864 5064 2967 5135 ἤδη
3020 5062 3118 5133 τῆς
3163 5061 3365 5131 σαρκὸς
3415 5060 3505 5115 καὶ
3545 5059 3615 5118 είς
3650 5050 3784 5118 γῆρας

601 5153 945 5225 Quapropter
1001 5168 1202 5211 aeterna
1245 5157 1365 5212 ﬁdei
1420 5157 1615 5228 3091:
1673 5157 1881 5226 lampas
1936 5158 2152 5211 ἱιιοοισι

2279 5136 2716 5231 προκοπτούσης.
2755 5156 2847 5209 Διὸ
2872 5155 3149 5227 προσ-ἧκεν
3176 5152 3438 5209 ἄσϐεστον
3469 5153 3523 5204 ἐν
3549 5149 3609 5217 τῇ
3633 5136 3785 5211 καρδίὲ

675 5275 755 5306 δι’*
781 5268 981 5324 Jerem.
1006 5284 1067 5337 ιι,
1095 5270 1184 5324 52.
1260 5279 1287 5307 κ
1318 5269 1453 5326 Gen.
1489 5286 1574 5337 xv,
1603 5269 1656 5324 9.
1731 5278 1761 5318 y
1796 5268 1926 5325 Luc.
1955 5284 2051 5335 xu,
2077 5269 2237 5325 5-27.

1908 5409 2147 5466 vanus
2175 5409 2557 5467 LECTIONES
2590 5481 2600 5491 ν

682 5506 727 5539 ν’
756 5504 928 5576 ἀναζῇ
970 5520 1037 5577 ςξῗ
1105 5503 1448 5577 ’ἷέομηροςῖ
1479 5503 1579 5577 Od-
1609 5520 1663 5577 κν
1688 5502 1917 5577 5102-"?
1950 5502 2152 5577 159-]?

2252 5505 2306 5559 5.
2364 5506 2414 5539 ⁷⁵
2441 5522 2515 5577 an
2558 5481 2754 5577 ζιῖινηλῖ
2837 5500 3069 5577 ξ’[λάϐε]
3097 5502 3243 5577 _G_en.
3274 5501 3458 5577 νηοί
3499 5498 3540 5530 "
3585 5480 3783 5577 καὶιξῖα

606 5555 928 5648 manu:
960 5555 1068 5630 se.
1104 5574 1167 5648 ,τε
1196 5555 1747 5648 assignate:
1765 5555 1780 5648 ς
1884 5555 2152 5648 mere;

2251 5555 2377 5648 μ-ς.
2407 5555 2527 5648 --ίθ
2826 5555 3069 5648 Α-Βξὲθῗ
3094 5555 3180 5626 διά
3217 5555 3395 5643 τοῦτο]
3440 5569 3561 5625 Luc.
3613 5576 3691 5621 xtl.
3714 5555 3779 5609 35-

608 5594 777 5648 τριετ.
803 5592 927 5630 auu.
960 5592 1068 5630 an.
1128 5592 1167 5606 ὐ
1196 5592 1314 5629 non
1345 5592 1719 5628 ακακωτατον.
1819 5592 1859 5607 η
1884 5592 1959 5636 ως
1983 5592 2011 5627 ο
2041 5592 2288 5643 Λορααμ
2317 5593 2377 5640 ς.
2479 5592 2527 5608 ον
2556 5592 2662 5646 οτιι
2693 5592 2803 5645 αρα
2826 5592 2935 5628 an.
3024 5592 3066 5605 ··
3094 5592 3180 5626 οια
3217 5592 3244 5627 τ

608 5649 655 5681 “
674 5646 937 5719 ἀνακλίνῃ
965 5663 1024 5711 ς’.
1099 5646 1145 5678 ⁸⁸
1170 5650 1239 5717 τῇ
1265 5661 1376 5700 om.
1398 5645 1465 5700 A.
1550 5644 1596 5675 δε
1623 5644 1944 5709 ἐπιθέμενος
1973 5661 2032 5709 ς.
2108 5645 2154 5676 ⁸⁸
2184 5646 2280 5707 τὰς
2304 5644 2427 5719 τῆς]
2445 5647 2543 5711 τὰς
2570 5645 2611 5700 Β
2635 5655 2691 5702 et
2724 5660 2807 5716 pr.
2848 5645 2914 5699 A.
2945 5642 3042 5715 τῆς
3076 5659 3138 5707 ς.

2068 5738 2299 5797 NOTAE.

684 5832 794 5904 (9i)
837 5835 950 5892 Pra:
974 5851 1033 5891 sc
1067 5834 1317 5904 ferentia,
1348 5832 1728 5905 signiﬁcantia.
