4066 6408
241 362 388 427 1165

1276 363 1799 427 BIBLIOTHECA.
1828 389 1897 400 --
1928 364 2092 426 COD.
2128 364 2513 429 CCXXXVII.

3379 366 3511 432 116⁸5

236 474 349 542 τῆς
386 469 625 534 πίστεως
663 468 967 541 ἐξάψαντας
1017 470 1108 525 τὸν
1138 470 1350 544 λύχνον,
1384 474 1479 525 καὶ
1514 470 1611 541 τὴν
1661 472 1832 540 ὀσφὺν

1956 472 2165 527 'ovenda
2190 484 2294 540 est,
2321 475 2599 545 lumhique
2626 478 2978 546 temperantia
3008 477 3346 549 accingendi.
3370 482 3507 549 vigi-

238 561 707 632 ἀναζωσαμένους
757 565 823 634 τῇ
881 563 1238 636 σωφροσύνῃ,
1310 562 1670 633 ἐγρηγορέναι
1744 562 1838 615 καὶ

238 653 564 723 προσδοκᾷν
590 654 681 706 ἀεὶ
708 653 802 707 τὸν
837 653 1065 725 Κύριον.

323 742 447 796 Ὅτι
478 747 688 814 σίκερα.
733 745 893 813 φησὶ,
925 745 1035 798 πᾶν
1056 743 1117 797 τὸ
1149 742 1322 815 μέθην
1361 741 1528 813 φέρον
1568 741 1709 811 μετὰ
1745 740 1838 793 τὸν

240 830 393 887 οἶνον
420 834 512 886 τὸν
544 834 604 898 ἐξ
635 834 916 905 ἀμπέλων.

325 926 450 978 Ὀτι
474 925 567 979 δύο
588 927 702 998 εἴδη
725 927 985 996 ἀμπέλων
1006 928 1157 999 παρά
1181 930 1249 999 τῇ
1278 927 1491 999 Γραφῇ,
1521 925 1643 981 λίαν
1663 923 1841 993 ἀγαθὴ

246 1018 349 1071 καὶ
378 1018 502 1073 λίαν
543 1021 711 1090 κακή.
769 1020 879 1074 Καὶ
930 1020 1041 1088 γάρ
1088 1036 1252 1091 φησιν
1293 1021 1322 1072 ὁ
1370 1018 1597 1090 Κύριος.
1631 1016 1778 1088 Ἐγώ
1795 1016 1843 1048 ⁸⁸

244 1113 375 1180 ειμι
412 1112 452 1181 ἡ
492 1111 765 1181 ἄμπελος
810 1115 850 1182 ἡ
894 1113 1175 1181 ἀληθινὴ,
1210 1112 1380 1183 ὑμεῖς
1424 1113 1498 1167 τὰ
1546 1111 1841 1181 κλήματα.

264 1202 335 1255 Ἢ
369 1202 427 1255 δὲ
470 1204 617 1274 κακὴ
681 1205 776 1257 καὶ
824 1205 995 1274 ἀγρία
1056 1205 1204 1258 ἐστὶν
1257 1206 1287 1258 ὁ
1326 1203 1595 1268 διάϐολος,
1640 1203 1844 1257 λύσσαν

250 1293 611 1361 ἀποστάζων,
644 1294 719 1358 ὡς
748 1296 846 1348 καὶ
877 1296 1120 1364 Μωῢσῆς
1158 1295 1477 1364 διαγράφων
1522 1296 1652 1363 περὶ
1675 1292 1843 1346 αὑτοῦ

250 1399 431 1453 φησιν
455 1399 473 1415 ο
518 1386 614 1438 Ἐκ
667 1385 776 1453 γὰρ
803 1386 848 1417 ⁸⁷
883 1383 1156 1456 ἀμπέλου
1179 1386 1460 1454 Σοδόμων
1490 1387 1530 1453 ἡ
1581 1385 1846 1455 ἄμπελος

250 1474 395 1549 [506
446 1475 543 1549 ιι]
583 1476 801 1542 αὐτῶν,
840 1478 939 1531 καὶ
985 1478 1025 1545 ή
1068 1476 1363 1546 κληματὶς
1392 1476 1591 1531 αὐτῶν
1622 1476 1691 1530 ἐκ
1735 1478 1847 1529 Γο-

251 1567 509 1637 μόῤῥαςο
541 1570 637 1621 καὶ
667 1568 818 1639 ἑξῆς.

335 1661 462 1717 Ὀτι
491 1663 519 1714 ὁ
539 1659 739 1731 χρυσὸς
773 1659 851 1712 ίδν
879 1658 941 1712 ού
969 1657 1363 1729 παραδέχεται.

335 1758 459 1811 ..Οτι
496 1756 654 1825 φησὶ,
708 1752 783 1807 Τὸ
815 1750 925 1824 γὰρ
972 1751 1265 1821 λεγόμενον
1318 1750 1712 1821 ὡμοιῶσθαιθα
1732 1751 1849 1820 τὴν.

1939 556 2182 620 landum,
2213 567 2270 614 et
2312 558 2577 613 Dominus
2617 570 2803 615 noster
2832 575 3049 633 semper
3085 567 3508 634 exspectandus.

2012 738 2224 801 Sicera,
2266 738 2475 808 inquit,
2504 747 2589 794 est
2632 737 2913 808 quidquid,
2945 752 3100 795 extra
3131 742 3315 797 vinum
3345 757 3378 797 e
3408 746 3517 797 vite

1940 840 2277 895 expressum,
2313 826 2563 881 inebriat.

1943 950 1954 970 ι
2016 911 2132 968 Duo
2163 913 2288 967 vitis
2326 928 2524 984 genera
2577 914 2655 969 ait
2693 913 2749 971 in
2786 914 3063 985 Scriptura
3090 918 3214 986 poni
3244 932 3258 969 :
3286 917 3513 974 altermn

1942 1005 2225 1074 optimum,
2255 1003 2486 1059 alterum
2529 1005 2849 1077 pessimum.
2894 1007 3142 1063 Etenim:
3169 1008 3304 1077 Ego,
3338 1007 3518 1077 inquit

1943 1096 2226 1161 Dominus,
2248 1112 2366 1150 sum
2387 1096 2507 1152 uitis
2537 1113 2681 1160 vera,
2710 1114 2798 1152 vos
2826 1100 3069 1167 palmites
3088 1108 3134 1154 ³.
3166 1098 3304 1153 Mal‘a
3335 1110 3516 1153 autem
3536 1156 3553 1175 α

1943 1198 1998 1243 et
2037 1189 2269 1260 agrestis
2297 1198 2382 1244 est
2415 1188 2663 1246 diabolus
2724 1190 2964 1247 furorem
3011 1192 3519 1262 distillans,quem-

1947 1282 2233 1336 admodum
2285 1280 2466 1337 Moses
2508 1281 2577 1337 de
2620 1296 2685 1337 eo
2739 1283 2985 1338 scribens
3034 1283 3112 1338 ait
3162 1301 3177 1338 :
3242 1282 3319 1337 De
3372 1284 3521 1338 vinea

1947 1371 2298 1426 Sodomorum
2332 1375 2483 1427 uinea
2506 1389 2706 1438 eorum,
2730 1385 2779 1427 et
2807 1374 2926 1428 uitis
2954 1390 3133 1428 eorum
3162 1390 3261 1427 uva
3301 1373 3439 1442 fellis
3466 1383 3517 1439 ';

1945 1476 2000 1520 et
2022 1482 2143 1534 qua:
2171 1476 2494 1537 sequuntur.

2019 1645 2224 1698 Aurum
2256 1646 2481 1716 mrugini
2517 1661 2624 1701 non
2655 1662 2775 1702 esse
2801 1647 3093 1703 obnoxium
3131 1648 3308 1703 docet.

2017 1735 2140 1790 Illa:
2165 1734 2530 1791 Assimilatum
2554 1753 2667 1792 esse
2690 1754 2901 1807 regnum
2925 1738 3176 1792 cartorum
3197 1742 3372 1792 decent
3416 1738 3525 1792 vir-

248 1848 585 1915 ,ϐασιλείαν
609 1841 727 1897 τῶν
746 1841 1019 1911 οὐρανῶν
1031 1841 1179 1897 δέκα
1196 1843 1534 1912 παρθένοις,
1569 1842 1850 1913 σημαίνειν

1956 1829 2162 1901 ginibus
2184 1828 2245 1895 δ,
2290 1830 2406 1885 vult
2455 1830 2782 1901 signiﬁcare,
2811 1846 3003 1886 omnes
3031 1832 3172 1887 idem
3201 1832 3321 1886 vita:
3354 1845 3526 1900 genus

259 1939 515 2011 βούλεται
542 1936 642 2008 τὴν
690 1936 862 2007 αὐτὴν
893 1936 1014 1990 ὁδὸν
1047 1934 1143 1988 τοῦ
1196 1934 1627 2006 ἐπιτηδεύματος
1671 1936 1851 1999 πάσας

256 2030 711 2102 ἐπανῃρημένας,
748 2029 839 2082 διὰ
869 2029 968 2099 τὴν
1000 2027 1241 2099 ἔμφασιν
1277 2028 1373 2081 τοῦ
1403 2028 1537 2082 ίῶτα
1566 2029 1849 2099 στοιχείου.

259 2124 396 2196 [956
421 2122 515 2194 lt]
558 2120 900 2175 Ἐστείλαντο
933 2120 1033 2191 μὲν
1070 2120 1180 2192 γὰρ
1225 2120 1621 2192 παραπλησίως
1653 2122 1855 2185 ἑαυτὰς

256 2220 346 2280 εἰς
367 2215 530 2268 τούτο
545 2211 1056 2282 καθομολογήσασαι
1075 2212 1143 2274 ⁸⁸,
1166 2211 1261 2265 καὶ⁵
1280 2211 1456 2285 ταύτῃ
1470 2211 1853 2282 κικλήσκονται

257 2308 422 2367 δέκα,
465 2304 651 2359 οὐκέτι
676 2306 721 2337 ⁹⁰
745 2304 803 2358 δὲ
840 2303 1041 2373 ὁμοίως
1077 2302 1299 2371 ἐξῆλθον
1331 2304 1741 2374 ὑπαντήσουσαι
1776 2302 1856 2375 τῷ

254 2399 507 2469 -Νυμφίῳ
552 2414 566 2429 ⁶
592 2399 651 2451 αί
686 2396 787 2467 μὲν
842 2396 951 2466 γάρ
1003 2395 1213 2467 τροφὴν
1259 2394 1488 2465 ἄφθονον
1530 2396 1855 2466 ἐπορίσαντο

260 2498 392 2560 ταῖς
414 2493 823 2565 ἑλαιοθρέπτοις
841 2492 1143 2564 λαμπάσιν,
1173 2492 1230 2547 αἱ
1255 2492 1312 2546 δὲ
1337 2492 1855 2565 κατερῤᾳθύμησαν.

264 2590 364 2643 Διὸ
408 2588 475 2657 δὴ
514 2587 614 2640 καὶ
670 2585 948 2657 ίσάριθμοι
992 2584 1131 2656 πρὸς
1189 2583 1229 2638 ε’
1261 2583 1616 2656 διαιροῦνται,
1668 2586 1853 2658 ἐπειδή

265 2701 379 2757 περ
403 2685 503 2749 τάς
530 2690 572 2737 ε’
604 2683 893 2755 αἰσθήσεις
921 2683 978 2737 αἱ
1025 2682 1123 2754 μὲν
1161 2682 1342 2736 αὐτῶν
1389 2682 1726 2751 ἐφυλάξαντο
1752 2697 1856 2733 καί⁸

270 2774 471 2845 θαράς,
499 2773 565 2837 ἃς
597 2775 647 2827 oi
680 2774 926 2827 πλεῖστοι
955 2774 1149 2843 σοφίας
1176 2773 1351 2837 πύλας
1383 2770 1854 2844 προσηγόρευσαν,

269 2869 329 2921 αἱ
353 2867 414 2921 δὲ
446 2866 759 2921 τούναντίον
789 2866 1243 2937 κατελωὸήσαντο
1297 2865 1487 2936 κακίᾳ.
1529 2863 1858 2933 Ἐγκρατευ-

272 2960 514 3031 σάμεναι
558 2958 672 3030 γὰρ
722 2958 823 3011 καὶ
870 2956 1207 3028 ἀγνεύσασαι
1255 2956 1607 3028 δικαιοσύνης
1656 2956 1859 3027 μᾶλλον

267 3053 581 3126 εύφόρεσαν
609 3054 655 3085 ’ί
684 3050 1133 3123 παραπτώμασιν
1157 3067 1171 3080 ·
1195 3048 1255 3114 ἐξ
1273 3044 1334 3103 οὗ
1362 3049 1459 3102 καὶ
1484 3049 1679 3121 συνέϐη
1697 3050 1858 3112 αὐτὸς

272 3142 741 3215 ἀπαγορευθῆναι.
789 3143 913 3195 Εῐτε
951 3141 1063 3211 γὰρ
1105 3139 1480 3211 κατορθοῦμεν
1522 3139 1634 3193 εἴτε
1680 3140 1860 3211 πλημ-
1884 3172 1929 3232 c

277 3235 575 3308 μλοῦμεν,
628 3234 719 3288 διὰ
764 3235 969 3288 τούτων
1001 3232 1239 3303 ἑκάτερα
1278 3232 1373 3286 καὶ
1413 3232 1483 3286 τά
1518 3231 1857 3303 ἀνδραγαθή-

276 3349 422 3402 ματα
438 3329 763 3401 κρατύνεται
783 3328 881 3383 καὶ
906 3329 974 3381 τά
996 3329 1142 3382 κακά
1170 3328 1493 3398 πράγματα.
1522 3326 1636 3380 Καὶ
1666 3325 1859 3397 ὥσπερ

275 3424 310 3487 ἡ
351 3423 618 3477 θάλλουσα
663 3422 759 3475 καὶ
810 3420 1107 3490 ὀφθαλμῶν
1159 3418 1385 3487 ἁγνείαν
1437 3419 1539 3488 ἔφη
1569 3417 1665 3471 καὶ
1709 3416 1862 3471 ὤτων

275 3505 418 3567 εἶναι
453 3512 547 3565 καὶ
584 3510 838 3582 γλώσσης
873 3509 1104 3563 καὶτῶν
1144 3507 1348 3562 λοιπῶν
1395 3506 1631 3576 καθεξῆς
1665 3504 1859 3574 αἰσθη-

274 3607 506 3679 τηρίων,
539 3604 685 3658 οὕτω
717 3604 784 3674 δὴ
824 3603 922 3657 καὶ
960 3600 1032 3655 τὰ
1063 3600 1300 3654 ἐνταῦθα
1333 3598 1432 3669 τὴν
1457 3598 1640 3652 πίστιν
1667 3597 1863 3653 ἄσυλον

275 3701 312 3770 ὴ
340 3697 691 3770 φυλαξαμένη
706 3697 815 3750 τῶν
840 3697 1001 3749 πέντε
1022 3693 1208 3747 διόδων
1229 3692 1329 3764 τῆς
1345 3691 1567 3762 ἀρετῆς,
1588 3691 1858 3762 ὁράσεως,

274 3789 542 3859 γεύσεως,
570 3788 890 3860 ὀσφρήσεως
912 3788 982 3851 ⁸³,
1026 3785 1170 3855 ἁφῆς
1196 3801 1256 3837 τε
1312 3783 1406 3838 καὶ
1457 3783 1647 3852 ἀκοῆς,
1700 3780 1863 3832 πέντε

279 3880 787 3955 προσαγορεύονται
820 3879 865 3912 ’³
896 3877 1179 3950 παρθένοι,
1210 3875 1299 3930 διὰ
1337 3874 1399 3927 τὸ
1439 3872 1539 3935 τὰς
1571 3872 1731 3925 πέντε
1766 3871 1865 3940 τῆς

281 3976 591 4045 αίσθήσεως
640 3971 812 4041 άγνάς
866 3967 1321 4037 ἀποκαταστῆσαι
1358 3963 1439 4035 τῷ
1485 3961 1705 4035 Χριστῷ
1739 3978 1866 4031 φαν·

277 4069 502 4133 τασίας,
538 4065 632 4134 ἀφ’
663 4064 900 4133 ἑκάστης
953 4060 1127 4130 αὐτῆς
1167 4052 1255 4113 οἵα
1295 4056 1556 4128 λαμπάδα
1591 4054 1690 4125 τὴν
1718 4053 1863 4107 ὁσιό-

275 4176 419 4225 τητα
473 4158 795 4225 λάμπουσαν
836 4154 888 4187 ⁸⁸
944 4152 1158 4224 τρανῶς
1180 4167 1197 4185 ·
1257 4152 1292 4221 ἡ
1350 4150 1460 4219 γάρ
1515 4146 1865 4216 πεντάφωτος

279 4250 442 4324 ἡμῶν
503 4247 719 4318 ἀληθῶς
773 4247 997 4318 λαμπὰς
1034 4247 1068 4315 ἡ
1125 4242 1265 4316 σάρξ
1324 4242 1493 4306 ἐστιν,
1528 4239 1596 4310 ἢν
1642 4239 1675 4307 ἡ
1719 4238 1865 4308 ψυχὴ

278 4342 629 4415 βαστάζουσα
682 4341 837 4414 δᾳδὸς
888 4340 1045 4408 δίκην
1110 4337 1188 4407 τῷ
1243 4334 1480 4406 Νυμφίῳ
1535 4331 1868 4403 παρίσταται

284 4432 533 4505 Χριστῷ,
564 4435 634 4503 τῇ
674 4432 861 4502 ἡμέρᾳ.
900 4429 1003 4500 τῆς
1042 4428 1393 4488 ἀναστάσεως
1420 4422 1862 4494 παραφαίνουσα,

1955 1938 2050 1978 seu
2096 1924 2337 1978 studium
2396 1921 2716 1992 arripuisse,
2785 1931 3005 1991 propter
3073 1922 3523 1992 signiﬁcationem

1951 2026 2008 2071 et
2036 2017 2143 2071 vim
2175 2016 2522 2071 elementaris
2573 2014 2769 2069 littera;
2818 2013 2941 2068 Iota
2985 2013 3097 2083 (95;
3130 2012 3151 2086 [
3180 2028 3300 2084 quae
3337 2014 3524 2067 decem

1954 2107 2147 2181 valet.]
2169 2107 2445 2164 Ornarunt
2481 2106 2626 2163 enim
2661 2107 2869 2175 seipsas
2897 2104 3061 2161 simili
3095 2106 3264 2171 cultu,
3290 2110 3350 2160 ut
3383 2104 3524 2159 idem

1954 2201 2080 2257 vitae
2132 2212 2304 2271 genus
2350 2213 2541 2255 omnes
2584 2198 2996 2268 proﬁterentur,
3054 2198 3149 2253 sed
3190 2212 3296 2251 non
3332 2196 3527 2253 eodem

1952 2307 2142 2349 omnes
2169 2292 2331 2349 modo
2373 2290 2627 2348 exierunt
2674 2299 2732 2345 ut
2761 2298 3111 2346 occurrerent
3155 2304 3374 2358 sponso.
3431 2290 3529 2343 Hae

1953 2387 2097 2442 enim
2128 2385 2381 2439 alimenta
2406 2384 2629 2455 copiosa
2662 2384 3008 2452 praebuerunt
3029 2382 3368 2452 lampadibus
3405 2380 3529 2437 oleo

1956 2478 2234 2533 fovendis:
2266 2479 2372 2532 illa:
2396 2491 2527 2532 vero
2562 2486 2849 2531 cessarunt
2874 2490 2971 2545 per
2994 2474 3285 2544 ignaviam.
3315 2473 3451 2528 Hinc
3470 2473 3527 2528 in

1955 2571 2196 2643 quinque
2244 2571 2362 2641 pari
2408 2584 2637 2625 numero
2675 2569 2866 2624 divisae
2908 2577 3056 2624 sunt.
3105 2566 3243 2633 Quia
3290 2566 3532 2636 quinque

1955 2680 2148 2721 sensus
2172 2674 2299 2720 sunt
2326 2706 2343 2730 ,
2369 2678 2509 2733 quos
2537 2661 2643 2717 illm
2684 2661 2904 2733 quidem
2934 2675 3101 2730 puros
3128 2659 3529 2722 custodierunt,

1956 2774 2097 2827 quos
2117 2758 2336 2830 plurimi
2386 2763 2652 2811 vocarunt
2682 2763 2870 2825 portas
2911 2753 3229 2823 sapientiae;
3272 2753 3358 2808 hae
3398 2763 3532 2805 vero

1956 2868 2053 2924 per
2085 2851 2345 2907 malitiam
2377 2847 2771 2905 deformarunt.
2825 2843 2961 2899 Nam
2991 2844 3119 2899 dum
3160 2843 3347 2899 colunt
3394 2853 3533 2898 tem-

1956 2942 2260 3015 perantiam
2289 2949 2345 2997 et
2380 2938 2809 3003 sanctiﬁcantur,
2838 2935 3011 3003 magis
3044 2933 3157 3005 (9‘)
3188 2933 3534 2987 ahundarunt

1958 3035 2108 3089 vitiis
2150 3047 2312 3102 quam
2362 3030 2579 3100 iustitia
2637 3042 2731 3084 seu
2790 3026 3107 3093 virtutibus,
3157 3026 3302 3081 unde
3363 3026 3528 3080 etiam

1959 3126 2141 3183 evenit
2182 3133 2241 3179 ut
2278 3124 2701 3187 damnarentur;
2759 3121 2873 3176 sive
2919 3120 3064 3174 enim
3111 3128 3261 3174 recte
3307 3132 3532 3188 agamus

1963 3221 2077 3275 sive
2102 3230 2403 3289 peccemus,
2452 3230 2549 3286 per
2579 3215 2682 3269 hos
2712 3208 2960 3285 [sensus]
3020 3219 3253 3280 utraque
3299 3220 3353 3265 et
3386 3224 3530 3279 prte-

1962 3312 2111 3369 clare
2141 3310 2282 3365 facta
2308 3318 2365 3364 et
2396 3306 2640 3378 improbe
2668 3306 2841 3361 ﬁunt:
2872 3314 2930 3358 et
2957 3302 3128 3358 virtus
3159 3317 3443 3374 generosa,
3478 3313 3535 3357 et

1963 3404 2102 3458 male
2151 3401 2293 3457 facta
2341 3400 2586 3455 vincunt.
2620 3396 2688 3453 Et
2732 3397 3188 3467 quemadmodum
3239 3394 3392 3464 virgo
3431 3395 3533 3462 ait,

1958 3492 2351 3549 continentiam
2372 3504 2494 3545 esse
2522 3486 2827 3550 oculorum,
2859 3495 2916 3540 et
2948 3484 3185 3550 aurium,
3216 3492 3272 3538 et
3313 3483 3533 3551 linguae.

1960 3594 2017 3641 et
2046 3583 2385 3653 reliquorum
2408 3580 2663 3647 deinceps
2690 3590 2971 3640 sensuum,
3011 3574 3085 3629 ita
3120 3589 3244 3643 quae
3261 3573 3349 3628 hic
3372 3573 3535 3629 ﬁdem

1963 3671 2385 3744 impraedabilem
2409 3669 2651 3740 quinque
2684 3668 2894 3722 viarum
2928 3665 3166 3727 virtutis,
3196 3666 3346 3720 visus
3402 3665 3539 3738 [iu-

1962 3757 2158 3831 quam]
2182 3759 2437 3820 olfactus,
2460 3764 2707 3826 gustatus
2727 3765 2783 3811 et
2803 3755 3023 3809 auditus
3066 3754 3403 3819 custodiunt,
3427 3755 3535 3810 illa;

1960 3853 2202 3922 quinque
2252 3850 2491 3920 virgines
2534 3847 2912 3919 appellantur,
2974 3860 3042 3902 eo
3098 3846 3244 3916 quod
3294 3847 3539 3917 quinque

1962 3958 2219 3999 sensuum
2243 3941 2461 4012 specula
2486 3941 2603 3997 sive
2647 3939 2913 4009 imagines
2938 3937 3161 3993 Christo
3203 3952 3389 4006 puras,
3444 3940 3538 4007 (alt

1964 4048 2288 4105 unaquaque
2324 4030 2621 4105 [sensuum
2652 4028 2927 4102 imagine]
2968 4031 3316 4085 sanctitatem
3370 4030 3538 4085 veluti

1964 4125 2269 4197 lampadem
2323 4124 2474 4179 clare
2513 4122 2831 4193 fulgentem)
2873 4123 3091 4179 sistant.
3128 4119 3264 4175 Nam
3300 4122 3540 4190 quinque

1966 4224 2177 4295 lychnis
2225 4222 2435 4291 lampas
2488 4235 2619 4276 vere
2675 4230 2922 4275 nostrum
2979 4232 3180 4288 corpus
3235 4227 3361 4277 est.
3393 4219 3541 4285 quod

1965 4320 2148 4373 anima
2194 4316 2367 4371 instar
2402 4312 2541 4370 facis
2588 4309 2923 4375 circumfert,
2954 4308 3282 4378 Christoque
3323 4307 3541 4377 Sponso

1969 4417 2357 4482 repraesentat,
2411 4408 2481 4462 ad
2541 4407 2684 4462 diem
2755 4402 3178 4459 resurrectionis
3232 4416 3530 4471 apparens,

278 4492 373 4580 διά
418 4492 753 4578 «sedici.»
792 4492 1102 4593 αίσθήσεων
1147 4492 1624 4588 διεκθρὼσκουσαν
1646 4514 1696 4546 ⁸⁸
1724 4516 1857 4582 λαμ-

1968 4518 2175 4574 perque
2223 4515 2416 4557 omnes
2485 4514 2680 4555 sensus
2752 4496 3091 4553 clarissimos
3162 4493 3287 4549 ﬁdei
3357 4492 3541 4547 radios

282 4617 431 4687 πράν
452 4616 555 4686 τὴν
580 4616 784 4679 πίστιν,
817 4614 1001 4676 καθὼς
1017 4613 1178 4675 αὐτὸς
1201 4610 1437 4673 ἐδίδαξεν
1454 4606 1646 4673 εἰπὼν,
1667 4605 1856 4674 Πῦρ⁹⁶

282 4708 478 4779 ἦλθον
498 4709 723 4775 βαλεῖν
751 4708 850 4762 ἐπὶ
878 4707 995 4775 τὴν
1020 4704 1158 4776 γῆν,
1184 4702 1283 4758 καὶ
1332 4701 1558 4771 ἤθελον
1582 4701 1635 4753 εί
1671 4697 1786 4767 ἤδη
1812 4696 1858 4731 ⁹¹¹

282 4801 552 4870 ἀνήφθη,
609 4800 715 4869 γῆν
765 4799 924 4870 ἡμῶν
965 4798 1034 4851 τὰ
1071 4793 1407 4865 σκηνώματα
1446 4791 1683 4863 φράσας,
1711 4790 1794 4853 είς
1822 4787 1859 4843 ἂ

1966 4595 2291 4655 diffundens,
2317 4590 2767 4662 quemadmodum
2791 4589 2908 4659 ipse
2933 4587 3181 4643 Christus
3201 4585 3382 4639 docuit
3411 4599 3539 4638 cum

1967 4690 2102 4743 dixit
2135 4706 2149 4743 :
2185 4685 2384 4757 310a
2409 4681 2586 4755 Ignem
2619 4682 2735 4739 veni
2764 4683 2968 4735 mittere
2998 4681 3053 4733 in
3078 4688 3294 4739 terram,
3336 4675 3540 4741 etquid

1965 4778 2078 4833 uolo
2097 4776 2197 4830 nisi
2223 4787 2277 4828 ut
2288 4774 2410 4844 jam
2426 4774 2611 4828 ardeat
2636 4770 2698 4845 [Α
2708 4769 3013 4843 ccendatur]
3029 4779 3052 4808 ε
3066 4809 3081 4823 .
3105 4767 3328 4823 Terram
3356 4775 3541 4821 nostra

359 4949 382 4978 ³
412 4937 573 4994 Joat't.
598 4952 691 5001 xv,
718 4935 774 4991 5.
849 4946 877 4974 ι
906 4933 1064 4988 Deut.
1121 4946 1299 4996 xxx",
1324 4927 1416 4983 52.
1497 4928 1521 4966 δ
1550 4925 1740 4979 Matth.
1778 4938 1848 4977 xx

1956 4916 2044 4980 ,l.
2122 4924 2144 4953 ε
2178 4912 2312 4969 an.
2365 4928 2465 4979 xit,
2515 4911 2606 4966 49.

1638 5078 1877 5136 VARIE
1923 5069 2324 5134 LECTIONES.

361 5252 410 5284 ⁸⁸
441 5248 575 5322 ἐγώ]
621 5248 781 5322 ³ου·
823 5262 920 5322 ,ινο
968 5247 1030 5322 ιι
1097 5244 1223 5322 “ﬁ”
1250 5240 1411 5322 γάρῙ-
1437 5240 1590 5322 99'“.-
1635 5254 1807 5322 *;‘"'v
1856 5238 1947 5293 δῖα
1979 5224 2440 5322 ..ΨΨθῩΨθῗῧ

291 5339 456 5378 σασαι
482 5310 580 5375 καί
608 5320 782 5390 ταύτῃ
808 5319 872 5390 A_
889 5310 915 5372 τ’
933 5310 1479 5390 καθομολογήσασθαι
1502 5313 1596 5390 καὶ
1620 5310 1799 5381 πάντῃ
1829 5326 1890 5390 ς.
1979 5310 2026 5338 ’⁵
2050 5310 2238 5390 οὐκέτι
2254 5310 2367 5390 ei
2379 5310 2818 5390 ούκοεστὶὲᾄηέ
2829 5310 3136 5390 fta-3:32:63"
3175 5310 3267 5390 ﬁt:

611 5363 1408 5460 an).th
1426 5363 1677 5460 Υξῦρεως
1699 5363 1799 5443 ς,”
1838 5363 2509 5460 προσαγκορειύονταὲᾼξ
2536 5384 2550 5420 ;
2574 5363 3042 5436 προσαγορεύεται
3065 5380 3128 5427 ς.
3175 5363 3221 5394 ⁸⁸
3248 5363 3539 5431 λάμπουσα

292 5411 394 5447 σαν
426 5409 464 5457 ς

2519 5222 2711 5277 Matth.
2763 5235 2894 5285 xxv,
2935 5222 2988 5275 1.
3101 5220 3150 5254 ⁸⁵
3178 5218 3555 5290 καθομολογή-’

1979 5305 2026 5338 ’⁸
2050 5291 2233 5357 οὐκέτι
2267 5301 2311 5354 A
2337 5316 2350 5352 :
2379 5291 2480 5350 ούκ
2500 5294 2615 5348 ἔστι
2646 5311 2708 5358 ς’.
2759 5295 2805 5327 ⁸⁸
2835 5293 3136 5363 εύφόρεσαν
3175 5293 3265 5345 ΑΒ
3293 5309 3307 5363 ;
3344 5291 3539 5362 ἐφόρε-

432 5438 664 5516 Ἲιίὶὶῦἰ
691 5438 1200 5530 δίεκθρῶσκουσαΓ
1245 5438 1291 5487 ³⁸
1315 5438 1491 5526 πύρῙσ
1521 5438 1663 5506 Luc:
1682 5438 1780 5515 ιίι,
1833 5438 1956 5503 49.’
1990 5447 2033 5477 ⁸⁷
2060 5438 2163 5515 ἤδη
2186 5442 2234 5495 Α
2266 5458 2281 5496 :
2310 5438 2429 5507 εἴδη
2461 5452 2526 5500 ς.

1792 5564 2026 5622 ΝΟΤΙΕ.

367 5672 481 5740 (95)
510 5668 789 5743 Signiﬁcat
818 5667 973 5743 ίῶτα.
999 5663 1405 5743 apnd_Gr:ecns,
1425 5663 1629 5723 decem,
1665 5670 1719 5713 et
1747 5674 1863 5713 ma-

290 5736 599 5817 jorigfigura'
620 5758 657 5804 ι,
684 5755 849 5792 unum
884 5740 1051 5817 :itittc
1081 5736 1549 5817 idiotaznpr'i‘uatus:
1571 5748 1727 5783 unus.

300 5802 311 5853 ⁷
369 5802 491 5882 (θιῖ
529 5814 583 5867 ltt
616 5802 843 5881 corpore
887 5807 1211 5880 εύφοὸρεσαν⁸
1255 5804 1409 5861 MSS.
1446 5821 1464 5855 ι
1496 5803 1663 5875 Magts
1694 5802 1871 5856 abun-

1980 5656 2177 5708 darunt
2202 5649 2347 5705 vitiis
2369 5662 2529 5717 quam
2558 5645 2852 5717 virtutibus
2878 5658 2973 5701 seu
2995 5644 3222 5717 iustitia.
3255 5641 3537 5717 Locu_s_hie

1981 5726 2139 5795 plane
2165 5724 2373 5795 videtur
2388 5710 2971 5795 '_co_r_ruptt_ts,__aliquid
2998 5710 3158 5770 enim
3193 5714 3362 5769 deest.
3391 5710 3536 5767 ldctn

1978 5785 2357 5851 animadvertit
2392 5789 2452 5843 ι).
2486 5785 2842 5844 ilmschelius.
2881 5804 2899 5836 ι
3372 5824 3377 5829 .
