3954 6402
462 337 595 402 1167

1611 344 1871 405 PHOTII
1911 345 2418 406 PATRIARCHE
2455 347 2562 408 ΟΡ.

3596 347 3725 412 1168

461 452 812 507 tabernacula
839 465 1066 522 corpora
1096 453 1246 519 dicit,
1285 452 1339 507 in
1372 453 1569 524 quibus
1603 458 1774 511 voluit
1809 458 1914 510 vim
1940 471 2034 511 seu

2149 459 2391 511 ἑὸούλετο
2433 459 2640 528 ταχέως
2679 459 2985 528 ἀναφθῆναι
3030 458 3129 530 τὴν
3157 458 3477 525 ὀξυκίνητον
3525 461 3626 530 τῆς
3652 463 3726 514 δι-

457 548 826 616 operationem
880 547 1137 600 doctrina:
1189 561 1300 600 suze
1341 545 1635 602 ferventem
1687 557 1741 602 et
1791 547 2040 604 celeriter

459 638 708 691 mobilem
742 636 1042 709 [subtilem]
1084 639 1302 693 accendi
1336 655 1350 703 ;
1379 639 1556 694 oleum
1608 649 1785 694 autem
1809 638 2035 706 justitia‘.

460 739 514 783 et
549 728 826 798 sapientia:
854 730 1278 798 comparandum
1318 747 1332 783 :
1378 744 1476 799 per
1506 743 1710 782 moram
1741 729 1869 783 illud
1906 738 2042 784 tem-

464 823 614 890 poris
674 821 1016 875 intervallum
1081 820 1238 886 dixit,
1297 820 1440 889 quod
1485 833 1654 888 usque
1719 820 1790 875 ad
1839 821 2040 875 Christi

459 908 750 962 adventum
797 905 1101 978 [judicium]
1151 908 1477 976 porrigitur;
1509 909 1885 963 dormitiouem
1914 924 2041 964 vero

460 1007 516 1052 et
569 1013 816 1066 soporem
857 1000 1100 1064 virginis,
1132 999 1334 1052 exitum
1381 1015 1448 1054 ex
1499 1000 1602 1054 hac
1647 1001 1779 1054 vita.
1807 1000 2037 1056 Mediam

462 1102 676 1145 noctem
704 1106 831 1144 vero
860 1090 1182 1144 Antichristi
1213 1107 1459 1161 regnum,
1485 1106 1592 1161 qua
1628 1102 1788 1148 nocte
1820 1093 2041 1163 angelus

464 1184 707 1251 perditor
765 1184 958 1238 domos
1016 1185 1293 1252 pervadet.
1345 1185 1652 1240 Clamorem
1716 1195 1896 1240 autem
1950 1188 2042 1257 qui

463 1277 596 1331 dicit
623 1296 637 1333 :
677 1279 811 1332 Ecce
841 1294 1060 1340 sponsus
1107 1280 1264 1341 venit,
1297 1281 1432 1332 exite
1461 1277 1665 1332 obviam
1693 1281 1740 1334 ei
1767 1279 1822 1346 ἀ,
1853 1295 2042 1336 vocem

461 1385 494 1425 e
525 1372 664 1426 caalo
701 1381 755 1425 et
785 1372 965 1426 tubam
1019 1372 1236 1438 quando
1268 1385 1456 1424 omnes
1489 1373 1894 1442 resurgentibus
1916 1389 2042 1442 pro-

464 1463 598 1531 priis
652 1464 986 1532 corporibus,
1037 1460 1269 1516 nubibus
1317 1462 1455 1516 vecti
1504 1463 1719 1518 obviam
1765 1465 2045 1532 rapientur

2140 551 2435 614 δασκαλίας
2459 551 2625 604 αὐτοῦ
2667 553 2760 605 καὶ
2793 552 3058 622 διάπυρον
3083 552 3282 620 πρᾶξιν
3308 552 3391 622 (τὸ
3416 553 3530 622 γὰρ
3559 554 3728 605 ἔλαιον

2140 645 2206 711 τῇ
2230 641 2546 711 δικαιοσύνῃ
2579 642 2673 695 καὶ
2690 645 2755 712 τῇ
2787 643 2949 711 σοφίᾳ
2974 642 3402 710 παραϐλητέον),
3436 644 3730 713 χρονισμὸν

2141 734 2198 787 δὲ
2233 735 2296 787 τὸ
2345 735 2450 805 πρὸ
2495 735 2597 805 τῆς
2625 735 2933 806 παρουσίας
2977 735 3252 803 διάστημα
3303 734 3399 788 τοῦ
3469 735 3729 799 Χριστοῦ,

2143 825 2452 894 νυσταγμὸν
2483 824 2540 876 δὲ
2575 825 2670 877 καὶ
2705 825 2962 894 κοίμησιν
2987 825 3086 893 τῆς
3116 824 3388 895 παρθένου
3423 825 3529 893 τὴν
3559 824 3732 889 ἔξοδον

2141 914 2240 983 τὴν
2273 914 2381 966 ἀπὸ
2423 915 2516 967 τοῦ
2548 914 2687 983 βίου,
2730 917 3078 984 μεσονύκτιον
3110 912 3165 965 δὲ
3197 913 3294 982 τὴν
3330 912 3616 982 βασιλείαν
3643 913 3732 966 τοῦ

2142 1006 2511 1078 ἀντιχρίστου,
2539 1005 2662 1060 καθ’
2709 1008 2774 1075 ἢν
2795 1005 2825 1057 ὁ
2872 1004 3198 1073 ὀλοθρευτὴς
3220 1044 3235 1068 ,
3275 1004 3510 1072 ἅγγελος
3543 1006 3736 1056 ἐπιπο-

2147 1098 2364 1168 ρεύεται
2417 1098 2515 1159 τὰς
2563 1097 2762 1158 οἰκίας,
2823 1097 3070 1167 κραυγὴν
3091 1098 3149 1150 δὲ
3185 1098 3489 1165 λέγουσαν·
3530 1095 3735 1149 Ἰδοὺό

2143 1189 2433 1257 Νυμφίοςο
2467 1188 2717 1257 ἔρχεσθε
2738 1191 2785 1220 ⁰⁸
2809 1191 2896 1252 είς
2924 1187 3294 1256 ἀπάντησιν,
3324 1189 3426 1254 τὴν
3466 1187 3585 1240 άπὸ
3629 1187 3734 1239 τῶν

2143 1281 2386 1351 οὐρανῶν
2450 1280 2634 1350 φωνὴν
2667 1280 2762 1334 καὶ
2807 1281 3122 1347 σάλπιγγα,
3173 1280 3335 1332 όπότε
3398 1280 3607 1339 πάντες
3653 1277 3736 1342 ἐξ·

2145 1371 2493 1425 αναστάντων
2561 1372 2745 1433 αὐτοῖς
2787 1371 2898 1423 τῶν
2972 1372 3240 1440 σωμάτων
3327 1369 3422 1422 ἐπὶ
3493 1369 3734 1436 νεφελῶν

2144 1465 2455 1533 ὀχήσονται,
2496 1463 2577 1526 είς
2611 1463 2710 1532 τὴν
2747 1463 3053 1533 ἀπάντησιν
3083 1462 3458 1533 ἁρπασθέντες
3487 1460 3586 1513 τοῦ
3630 1461 3734 1512 Ku-

466 1555 694 1608 Domino
721 1565 767 1610 θ.

537 1647 668 1699 tium
701 1647 768 1700 de
799 1645 1100 1714 virginibus
1129 1655 1184 1700 et
1207 1645 1370 1700 castis
1399 1645 1598 1699 animis
1619 1644 1848 1713 plurima
1877 1643 2045 1698 dixis-

465 1747 568 1802 set,
600 1747 654 1791 et
684 1738 787 1791 hoc
825 1737 1008 1791 infert.
1040 1737 1147 1791 Has
1185 1737 1348 1806 igitur
1379 1737 1523 1791 solas
1554 1734 1782 1800 animas,
1816 1734 2042 1789 electam

464 1845 716 1900 sponsam
778 1845 950 1894 suam,
985 1828 1220 1884 Verbum
1255 1839 1430 1894 vocat,
1478 1829 1715 1897 reliquas
1745 1843 1874 1882 vero
1905 1842 2041 1882 con-

2149 1830 2404 1903 ὲκλεκτὴν
2443 1830 2680 1900 Νύμφην
2704 1829 2802 1891 τὰς
2825 1829 3005 1899 ψυχὰς
3059 1831 3086 1881 ό
3109 1828 3278 1895 Λόγος
3313 1829 3510 1881 ἑαυτοῦ
3564 1830 3738 1895 καλεῖ,

464 1923 709 1987 cubinas,
766 1921 1196 1976 adolescentulas
1240 1933 1296 1976 et
1340 1923 1475 1976 ﬁlias
1507 1921 1784 1991 appellans
1811 1920 1953 1974 hunc
1989 1920 2041 1973 in

2149 1924 2241 1986 τὰς
2271 1923 2466 1984 λοιπὰς
2499 1922 2556 1974 δὲ
2584 1922 2866 1984 παλλακὰς
2895 1923 2988 1974 καὶ
3003 1920 3250 1982 νεάνιδας
3279 1920 3730 1990 καὶιθυγατέρας,

468 2013 682 2067 modum
717 2031 732 2068 :
766 2013 1056 2084 Sexaginta
1085 2024 1205 2068 sunt
1229 2013 1444 2083 reginae,
1471 2021 1521 2067 et
1552 2015 1814 2082 octoginta
1846 2028 2041 2066 concu-

2149 2013 2322 2082 λέγων
2384 2009 2507 2067 ὧδεο
2559 2012 2894 2078 Ἑξήκοντά
2935 2012 2979 2043 ³⁸
3035 2011 3155 2064 εισι
3214 2010 3591 2073 βασίλισσαι
3645 2010 3740 2062 καί

465 2105 620 2169 bime,
664 2116 710 2158 et
756 2107 1268 2159 adolescentularnm
1312 2120 1414 2156 non
1459 2115 1532 2158 est
1584 2121 1866 2158 numerus.
1928 2101 2043 2155 Una

2149 2105 2527 2174 ὀγδοήκοντα
2595 2103 2924 2167 παλλακαὶ,
2989 2103 3089 2156 καί
3143 2101 3418 2169 νεάνιδες
3481 2095 3575 2155 ὧν
3629 2106 3738 2157 οὐκ

461 2205 540 2248 est
573 2194 813 2247 columba
857 2211 994 2261 mea,
1031 2197 1262 2264 perfecta
1301 2213 1416 2249 mea
1447 2211 1465 2259 ;
1496 2210 1600 2246 una
1635 2206 1709 2247 est
1749 2193 1912 2246 matri
1935 2207 2045 2246 suae

2149 2198 2316 2251 ἐστιν
2340 2197 2605 2266 ἀριθμός.
2647 2197 2766 2250 Μία
2792 2195 2925 2249 ἐστὶ
2956 2194 3282 2262 περιστερὰ
3345 2212 3486 2262 μου,
3539 2197 3741 2248 τελεία

464 2287 629 2340 electa
685 2288 927 2356 genitrici
971 2304 1103 2343 sum.
1161 2288 1412 2343 Viderunt
1439 2304 1552 2342 eam
1587 2288 1732 2356 ﬁlim,
1758 2295 1805 2340 et
1839 2287 2044 2340 beatam

2149 2307 2281 2359 μου,
2306 2290 2416 2358 μία
2439 2289 2573 2342 ἐστὶ
2603 2286 2679 2356 τῇ
2700 2288 2881 2357 μητρί
2922 2286 3136 2356 αὐτῆς,
3166 2285 3421 2352 ἐκλεκτή
3449 2286 3588 2339 ἑστι
3623 2288 3638 2316 ¹
3667 2285 3740 2354 τῇ

2187 1557 2264 1608 ίου
2274 1595 2289 1610 .

2187 1573 2289 1610 ιου.

2148 1573 2178 1626 ρ
2216 1647 2340 1700 Ὀτι
2362 1645 2628 1717 περὶτῶν
2648 1643 2936 1715 παρθένων
2966 1645 3063 1698 καὶ
3087 1643 3266 1712 ἁγνῶν
3285 1644 3478 1714 ψυχῶν
3510 1645 3736 1698 πλεῖστα

2146 1739 2317 1793 εἰπὼν
2369 1740 2620 1811 ἐπιφέρει
2667 1739 2764 1792 καὶ
2817 1738 2996 1792 τοῦτο.
3045 1737 3268 1806 Ἀμέλει
3319 1737 3530 1801 ταύτας
3582 1739 3737 1808 μόνον

465 2381 887 2444 prwdicaverunt
917 2395 1032 2433 eam
1079 2381 1295 2446 reginae,
1324 2389 1373 2432 et
1403 2379 1708 2432 concubinae
1752 2377 2044 2430 laudabunt

2149 2383 2412 2451 τεκούσῃ
2437 2382 2653 2450 αὐτήν.
2691 2381 2817 2454 [507
2851 2380 3233 2452 Η.]1ςιόοσαν
3255 2381 3457 2446 αὐτὴν
3492 2378 3741 2448 θυγατέ-

465 2487 584 2523 eam
623 2469 668 2526 ί.
701 2470 835 2526 Cum
862 2472 1005 2526 enim
1041 2473 1222 2526 multa:
1255 2472 1364 2525 sint
1393 2473 1535 2538 ﬁlim,
1567 2481 1625 2524 ut
1655 2481 1820 2539 patet,
1858 2469 2045 2524 Eccle-

2149 2493 2268 2544 ρες,
2297 2475 2398 2528 καί
2420 2474 2828 2544 μακαριοῦσίν
2865 2473 3084 2541 αὐτὴν,
3111 2473 3486 2536 βασίλισσαι
3530 2472 3634 2524 καί
3678 2487 3742 2539 τε

466 2565 580 2630 site,
614 2579 719 2618 una
751 2575 928 2618 tamen
960 2573 1044 2618 est
1073 2564 1239 2618 electa
1284 2573 1339 2618 et
1371 2564 1604 2632 pretiosa
1636 2563 1687 2616 iu
1722 2561 1893 2616 oculis
1932 2560 2045 2630 eius

2150 2567 2461 2621 παλλακαὶ
2505 2567 2869 2620 αίνέσουσιν
2913 2563 3130 2630 αὑτήν.
3172 2563 3392 2616 Πολλῶν
3425 2563 3538 2631 γάρ
3569 2562 3743 2614 οὐσῶν

467 2673 579 2726 prae
623 2657 893 2719 omnibus,
948 2666 1123 2710 status
1168 2670 1361 2724 nempe
1405 2652 1789 2723 virginum.Et
1831 2653 2045 2724 reginas

2149 2659 2391 2727 δηλονότι
2441 2660 2542 2728 τῆς
2584 2657 2912 2728 Ἑκκλησίας
2949 2657 3061 2709 τῶν
3108 2655 3449 2726 θυγατέρων,
3492 2654 3595 2724 μία
3627 2655 3743 2706 ἐστὶ

469 2748 680 2801 videtur
733 2746 1015 2816 prophetia
1066 2747 1202 2800 velle
1261 2746 1562 2808 insinuare,
1613 2743 1764 2816 [quia
1815 2759 1922 2799 nou
1979 2743 2045 2797 ad

2151 2754 2288 2824 μόνη
2335 2754 2369 2823 ἢ
2404 2751 2637 2823 ὲκλεκτὴ
2683 2753 2777 2804 καὶ⁵
2815 2749 3124 2820 τιμιωτάτη
3155 2750 3212 2802 ὲν
3243 2747 3546 2818 ὀφθαλμοῖς
3573 2748 3742 2814 αὐτῆς

469 2854 631 2892 unum
660 2853 838 2908 regem
865 2839 1064 2908 regina:
1097 2840 1178 2891 ba:
1210 2838 1638 2901 adducebantur,
1670 2837 1764 2890 sed
1793 2848 2045 2904 unaquae-

2151 2845 2293 2915 ὑπὲρ
2321 2843 2524 2906 πάσας,
2554 2843 2615 2895 τὸ
2646 2842 2834 2912 τάγμα
2872 2841 2984 2894 τῶν
3022 2841 3332 2909 παρθένων.
3368 2837 3702 2898 Βασιλίσσας
3724 2837 3743 2867 ⁸

467 2947 572 3002 que
605 2931 750 2985 velut
799 2932 1012 2984 domina
1045 2944 1141 2998 per
1172 2945 1232 2985 se
1256 2939 1310 2984 et
1344 2931 1524 3001 regina
1547 2941 1684 2994 erat,
1715 2929 2045 2996 aliarumque

2149 2933 2205 2986 δὲ
2245 2933 2578 2987 αἰνίττεσθαι
2627 2933 2662 3002 ἡ
2717 2929 3024 3000 προφητεία
3066 2929 3337 2998 βούλεται,
3373 2929 3459 2980 ὃτι
3504 2927 3605 2996 οὐχ
3653 2925 3742 2993 ὑφ’

469 3031 590 3091 post
625 3022 726 3075 bac
761 3024 1031 3075 auctrices
1079 3030 1134 3074 et
1165 3019 1490 3092 principes.]
1518 3021 1638 3074 lllas
1679 3021 1872 3089 regias,
1929 3033 2045 3088 quae

2150 3025 2248 3076 ἕνα
2311 3024 2509 3094 ῆγοντο
2568 3020 3288 3093 βασιλέαρβασιλευόμεναι,
3347 3018 3460 3072 ἀλλ’
3532 3019 3742 3084 ἑκάστη

468 3124 592 3168 ante
622 3114 882 3167 diluvium
914 3112 1185 3173 vixerunt,
1211 3113 1424 3165 animas
1475 3112 1580 3165 ι)εο
1619 3111 1912 3178 placentes,
1948 3112 2045 3163 boc

2152 3112 2343 3185 ὥσπερ
2371 3114 2766 3174 αὑτοδέσποτος
2809 3114 2902 3166 καὶ
2931 3113 3217 3182 βασίλισσα
3251 3107 3340 3181 ἦν,
3374 3110 3470 3162 κα)⁸
3511 3111 3594 3163 ὅτι
3633 3109 3742 3162 τῶν

469 3216 575 3270 est,
602 3205 807 3270 Abelis,
846 3205 1018 3269 Sethi,
1060 3204 1289 3259 Enocbi.
1326 3204 1667 3258 (loncubinas
1695 3211 1897 3266 autem,
1929 3216 2048 3270 qua:

471 3309 591 3368 post
646 3298 905 3352 diluvium
962 3296 1208 3361 fuerunt,
1263 3297 1472 3350 animas
1498 3295 2050 3364 pr0pbetarum,qute

471 3391 784 3460 priusquam
831 3386 1077 3442 Ecclesia
1120 3387 1229 3443 Deo
1276 3388 1718 3454 desponsaretur,
1765 3386 1856 3453 qui
1899 3384 2044 3438 velut

470 3499 593 3538 cum
642 3481 962 3536 concubinis
994 3491 1240 3534 versatus
1283 3480 1336 3533 in
1369 3479 1590 3546 copiosa
1625 3487 1680 3531 et
1717 3476 1926 3531 sincera
1963 3490 2051 3527 sa-

471 3575 685 3643 pientia:
715 3571 962 3626 doctrina
987 3587 1116 3625 vero
1147 3570 1401 3624 submisit
1424 3569 1669 3634 oracula,
1697 3578 1756 3620 ut
1797 3575 2052 3636 caperent

474 3666 550 3718 illi
587 3665 747 3718 ﬁdem
773 3662 981 3716 salutis.
1015 3661 1360 3716 Concubinas
1386 3667 1565 3714 autem
1596 3659 1893 3713 nominavit
1923 3657 2051 3711 Ver-

475 3763 600 3813 bum
629 3759 1016 3826 propbetarum
1039 3757 1269 3821 animas,
1293 3754 1418 3823 quia
1446 3769 1549 3807 non
1579 3764 1765 3821 aperte
1781 3762 1838 3806 ut
1867 3751 2049 3806 Eccle-

471 3852 608 3904 siam
642 3849 745 3902 sibi
795 3863 888 3903 eas
937 3847 1225 3915 copulavit.
1261 3845 1574 3900 sacriﬁcans
1606 3844 1750 3898 illam
1794 3844 1846 3897 in
1881 3843 2048 3912 ﬁgura

470 3928 626 3995 vituli
679 3939 933 4009 saginati.
985 3938 1278 4007 Sexaginta
1332 3948 1510 3990 autem
1557 3936 1772 4005 reginas
1815 3935 1957 3994 inde.
1994 3943 2052 3988 ut

474 4044 615 4092 reor,
643 4029 707 4080 ab
726 4028 945 4096 Adamq
959 4026 1292 4094 pr0t0plasto
1317 4040 1484 4092 usque
1504 4023 1569 4076 ad
1588 4021 1701 4077 Noe
1717 4038 1811 4091 per
1835 4037 2052 4078 succes-

471 4124 679 4175 sionem
715 4121 862 4174 viros
914 4117 1024 4172 Deo
1057 4117 1334 4190 placentes
1373 4115 1609 4179 vocavit,
1634 4116 1760 4183 quia
1803 4114 1890 4169 isti
1933 4113 2052 4167 aliis

476 4209 750 4283 [aliorum]
801 4208 1082 4279 prmeeptis
1125 4207 1191 4260 ad
1239 4207 1467 4260 salutem
1514 4203 1902 4274 acquirendam
1945 4219 2050 4256 non

469 4303 634 4375 310
663 4304 689 4356 b
711 4301 1080 4370 indiguerunt,
1099 4311 1163 4351 eo
1177 4299 1319 4365 quod
1352 4297 1526 4350 adhuc
1559 4310 1746 4350 recens
1770 4302 1917 4348 esset
1947 4293 2053 4347 illis

471 4394 655 4448 mundi
687 4407 780 4446 sex
813 4388 1000 4443 diebus
1040 4387 1242 4442 conditi
1274 4385 1499 4439 molitio.
1526 4383 1885 4438 Meminerant
1909 4384 2050 4435 enim

2154 3208 2294 3278 μετὰ
2331 3207 2534 3270 ταύτας
2567 3207 2588 3238 ³
2631 3205 2798 3276 ἁρχαὶ
2845 3207 2940 3259 καὶ
2987 3206 3202 3276 πρῶται
3242 3199 3402 3274 ἦσαν,
3448 3203 3550 3265 τὰς
3583 3202 3744 3271 βασι-

2149 3299 2305 3363 λικὰς
2355 3299 2592 3362 ὲκείνας,
2648 3299 2750 3358 τὰς
2803 3297 2912 3367 πρὸ
2957 3297 3052 3351 τοῦ
3107 3296 3503 3365 κατακλυσμοῦ
3559 3296 3743 3364 ψυχὰς

2149 3393 2477 3464 εὐαρέστους
2503 3393 2582 3464 τῷ
2605 3391 2724 3462 Θεῷ
2755 3390 3151 3460 γεγενημένας,
3188 3389 3439 3443 τουτέστι
3467 3392 3569 3452 τὰς
3594 3390 3742 3458 ἀμφὶ

2149 3487 2241 3538 τὸν
2269 3484 2435 3537 ’Ἅϐελ
2465 3487 2558 3538 καὶ
2586 3484 2678 3537 τὸν
2709 3483 2815 3552 Σὴο
2847 3483 2941 3535 καὶ
2970 3483 3060 3535 τὸν
3096 3481 3287 3552 Ἑνώχο
3319 3481 3444 3553 [957
3473 3480 3568 3551 IL]
3599 3481 3741 3533 παλ-

2149 3575 2323 3637 λακὰς
2344 3574 2401 3627 δὲ
2439 3573 2538 3636 τὰς
2572 3573 2710 3644 μετὰ
2741 3572 2831 3626 τὸν
2869 3571 3250 3642 κατακλυσμὸν
3268 3570 3375 3623 τῶν
3417 3570 3739 3639 προφητῶν,

2151 3661 2241 3729 αἶς
2269 3666 2376 3736 πρὸ
2413 3665 2506 3718 τοῦ
2547 3665 2650 3735 τὴν
2698 3663 3027 3734 Ἐκκλησίαν
3070 3663 3412 3734 ἁρμοσθῆναι
3443 3662 3522 3730 τῷ
3551 3663 3744 3733 Κυρίῳ

2152 3756 2500 3811 παλλακίδων
2528 3755 2686 3825 δίκην
2722 3754 3108 3822 συγγινόμενος
3165 3752 3385 3822 ἀληθεῖς
3435 3752 3745 3822 ὑπέσπειρε

2152 3849 2346 3918 λόγους
2381 3848 2440 3900 ὲν
2467 3847 2684 3916 ἀφθόνῳ
2711 3845 2732 3876 ⁵
2762 3846 2856 3898 καὶ
2899 3845 3115 3914 καθαρᾷ
3145 3844 3455 3914 φιλοσοφίᾳ,
3489 3844 3579 3896 ἵνα
3615 3860 3746 3909 γεν-

2153 3941 2393 4010 νήσωσιν
2413 3936 2564 4006 αὐτῷ
2591 3935 2956 3990 συλλαϐοῦσαι
2989 3934 3171 3988 πίστιν
3195 3935 3494 4005 σωτηρίας.
3531 3934 3745 3986 Παλλα-

2153 4032 2256 4095 κὰς
2282 4030 2340 4084 δὲ
2357 4028 2767 4100 προσηγόρευσε
2786 4028 2885 4091 τὰς
2917 4029 3261 4097 προφητικὲις
3286 4027 3397 4095 ψυχ
3408 4026 3472 4087 ὰς
3488 4027 3515 4077 ὁ
3548 4026 3746 4092 Λόγος,

2159 4125 2242 4178 ὅτι
2284 4123 2358 4194 μὴ
2390 4122 2638 4192 φανερῶς
2670 4119 2861 4183 αὑτάς,
2892 4119 3083 4189 ὥσπερ
3119 4118 3186 4188 δὴ
3235 4119 3328 4171 καὶ
3371 4119 3474 4188 τὴν
3516 4119 3748 4186 Ἐκκληο

2160 4215 2307 4280 σίαν,
2332 4215 2665 4283 ἐπηγάγετο,
2719 4213 2887 4276 θύσας
2930 4213 2996 4267 δι’
3030 4214 3050 4244 ⁸
3095 4211 3264 4281 αὐτὴν
3306 4211 3511 4280 μόσχον
3540 4211 3633 4263 τὸν
3661 4227 3744 4262 σι-

2152 4307 2365 4361 τευτόν.
2408 4306 2705 4378 Ἐξήκοντα
2729 4305 2788 4358 δὲ
2816 4305 3136 4375 βασιλίσσας
3175 4302 3450 4366 ἐντεῦθεν,
3478 4302 3557 4365 ὡς
3596 4298 3745 4371 οἶμαι

2153 4398 2252 4468 δὴ,
2305 4396 2432 4459 τοὺς
2461 4397 2569 4450 ἀπὸ
2600 4395 2695 4448 τοῦ
2743 4394 3173 4466 πρωτοπλὰστου
3227 4395 3389 4463 μέχρι
3435 4394 3567 4446 Νῶε
3613 4394 3746 4446 κατὰ

471 4486 732 4538 mundum
765 4496 795 4533 a
833 4482 942 4535 Deo
973 4492 1068 4532 sex
1098 4476 1289 4530 diebus
1329 4475 1624 4544 perfectum
1652 4489 1795 4538 esse,
1825 4488 2045 4544 quaeque

2153 4485 2406 4556 διαδοχὴν
2447 4487 2925 4556 εὑαρεστήσαντας
2963 4485 3193 4538 ἐκάλεσε
3235 4485 3314 4554 τῷ
3350 4483 3475 4552 Θεῴ
3498 4526 3514 4547 ,
3559 4485 3744 4552 ἐπειδή

470 4577 526 4632 in
571 4575 825 4645 paradiso
878 4571 1209 4626 acciderunt.
1260 4565 1398 4620 Hinc
1435 4582 1563 4634 ergo
1599 4567 1807 4622 animas
1860 4567 2045 4629 hasce,

469 4685 590 4738 qua:
621 4667 728 4720 Deo
747 4683 774 4718 a
794 4664 1013 4720 condito
1042 4661 1243 4715 mundo
1274 4673 1371 4728 per
1411 4658 1809 4713 successionem
1837 4659 2049 4726 placere

468 4759 867 4817 desiderarunt,
899 4763 952 4808 et
978 4751 1154 4822 quasi,
1186 4750 1231 4805 si
1259 4749 1342 4804 fas
1367 4749 1439 4802 ita
1469 4749 1636 4818 loqui,
1669 4750 1829 4819 primi
1864 4751 2049 4804 saeculi

469 4857 745 4917 neptes,et
769 4847 972 4900 vicinas
998 4843 1069 4896 illi
1097 4841 1296 4912 ingenti
1328 4856 1421 4894 sex
1457 4841 1662 4895 dierqu
1693 4842 1865 4910 operi,
1890 4857 2048 4895 sexa-

467 4942 615 5010 ginta
665 4939 878 5008 reginas
927 4937 1154 5006 ﬁgurate
1192 4934 1494 5003 appellavit,
1526 4949 1590 4986 eo
1633 4937 1800 5001 quod,
1825 4944 1882 4986 ut
1910 4935 2042 5000 dixi,

467 5029 551 5088 lia:
582 5040 702 5102 post
749 5046 841 5085 sex
886 5029 1096 5084 dierum
1131 5041 1319 5095 opera,
1363 5025 1620 5079 vixerint.
1671 5024 1862 5094 Magno
1899 5027 2044 5080 enim

468 5128 547 5181 illi
583 5123 811 5198 [sancti]
853 5123 1059 5179 honore
1092 5129 1216 5175 sunt
1245 5119 1444 5184 affecti,
1487 5133 1611 5172 cum
1645 5117 1848 5187 dignati
1878 5117 2044 5172 collo-

465 5223 594 5288 quio
622 5218 933 5289 angelorqu
985 5215 1150 5268 Deum
1196 5228 1301 5267 non
1335 5227 1430 5281 per
1459 5211 1730 5265 somnium
1761 5213 1855 5266 sed
1885 5226 2042 5280 aper-

467 5321 575 5365 tam
609 5311 873 5365 visionem
909 5312 1241 5374 spectarunt.
1267 5301 1590 5370 Perpendite
1611 5301 1755 5354 enim
1779 5312 2036 5370 quantam

2157 4595 2262 4648 περ
2288 4578 2492 4648 ἑτέρων
2515 4571 2660 4630 οὗτοι
2683 4577 3164 4649 παραγγελμάτων
3186 4577 3265 4638 είς
3295 4576 3358 4628 τὸ
3399 4576 3746 4646 σωθήσεσθαι

2153 4665 2344 4735 χρείαν
2389 4665 2490 4717 οὐκ
2517 4665 2838 4734 ἐσχήκασιν,
2860 4665 2941 4718 ἔτι
2975 4664 3076 4736 [δὲ]
3105 4666 3422 4734 προσφάτου
3456 4664 3560 4733 τῆς
3615 4667 3746 4718 κατὰ

2153 4757 2252 4825 τὴν
2277 4756 2580 4827 ὲξαήμερον
2596 4755 2763 4826 οῠσης
2787 4757 2970 4818 αὐτοῖς
3001 4757 3021 4787 ⁸
3044 4755 3138 4808 τοῦ
3167 4756 3372 4824 κόσμου
3404 4759 3739 4817 συστάσεως·

2152 4846 2461 4917 ἐμέμνηντο
2488 4849 2596 4918 γὰρ
2627 4848 2708 4900 ὅτι
2729 4849 2788 4901 ὲν
2832 4847 2891 4911 ἒξ
2919 4847 3154 4917 ἡμέραις
3183 4849 3210 4899 ὁ
3253 4847 3385 4909 Θεὸς
3415 4848 3744 4916 ἐτεκτήνατο

2152 4935 2254 5005 τὴν
2298 4936 2480 4989 κτίσιν
2506 4937 2576 4988 τά
2613 4953 2674 4989 τε
2720 4937 2779 4990 ὲν
2819 4935 2900 5007 τῷ
2938 4936 3258 5007 παραδείσῳ
3294 4937 3587 5005 γεγονότα.
3623 4936 3742 4987 Ἐν-

2151 5025 2342 5080 τεῦθεν
2387 5024 2482 5081 οὖν
2513 5027 2578 5098 δὴ
2608 5029 2708 5092 τὰς
2755 5029 2864 5083 ἀπὸ
2911 5030 3011 5099 τῆς
3047 5030 3362 5091 συστάσεως
3409 5029 3616 5092 εὐθέως
3645 5026 3743 5079 τοῦ

2151 5117 2361 5188 κόσμου
2397 5119 2540 5172 κατὰ
2585 5119 2836 5191 διαδοχὴν
2883 5120 2975 5173 τὸν
3009 5120 3144 5173 Θεὸν
3195 5121 3385 5173 ποθεῖν
3431 5119 3744 5190 ὲλομέναςτ

2149 5210 2350 5281 ψυχὰς,
2391 5213 2486 5265 καὶ
2532 5212 2741 5281 σχεδὸν,
2785 5213 2836 5265 εί
2872 5211 2978 5283 χρὴ
3007 5214 3196 5281 φάναι,
3247 5213 3347 5276 τὰς
3381 5212 3481 5265 τοῦ
3520 5212 3742 5281 πρώτου

2149 5303 2351 5367 αἰῶνος
2414 5303 2584 5368 οὔσας
2635 5304 2834 5372 ἔγγονα
2886 5305 2983 5358 καὶ
3035 5304 3284 5372 γείτονας
3337 5304 3462 5375 τῆς,
3495 5302 3744 5374 μεγάλης

541 5449 568 5489 ἀ
598 5445 786 5502 Matth.
819 5457 946 5507 xxv,
976 5441 1032 5506 6,
1107 5450 1132 5479 ο
1158 5439 1179 5495 Ι
1213 5438 1403 5494 Thess.
1445 5453 1520 5504 tv,
1547 5437 1634 5493 16.
1703 5437 1735 5497 ,τ
1774 5437 1934 5494 Cant.
1960 5457 2035 5506 vr,
2065 5442 2120 5509 7,
2147 5443 2201 5497 8.

1733 5554 1974 5611 VARIE
2014 5556 2420 5614 LECTIONES.

537 5704 582 5736 ’⁸
603 5701 826 5774 ἔρχεσθε
923 5714 936 5751 :
977 5699 1038 5768 ἕρ

1077 5715 1197 5753 εται
1221 5715 1281 5763 ς.

537 5717 582 5736 ὀ
603 5717 826 5774 ιρχεσυι
849 5717 891 5784 is
923 5717 936 5751 :
977 5717 1115 5824 sp};-

469 5792 565 5839 σας
592 5791 656 5838 ς.
742 5772 763 5803 ⁸
785 5788 1009 5836 ταυταις
1099 5807 1115 5825 .

1201 5771 1222 5800 ⁵
1246 5767 1467 5839 αφθόρῳ
1520 5767 1877 5822 ιιωεειιειίυε.

1369 5697 1416 5728 ⁹⁹
1443 5694 1726 5766 ἐξήκοντα]
1747 5697 1902 5750 Cant.
1948 5712 2024 5759 νι,
2051 5698 2102 5751 7.

2210 5699 2224 5728 ¹
2250 5697 2370 5750 ἐστὶ
2417 5707 2536 5768 post
2573 5697 2805 5768 ἐκλεκτή
2854 5713 2962 5750 out.
2993 5698 3058 5755 A.
3120 5699 3142 5728 '
3172 5696 3340 5767 παρθ.
3372 5699 3468 5751 καὶ
3493 5697 3750 5764 βασιλίσο

1971 5769 1992 5799 ⁸
2017 5769 2082 5822 δι’
2112 5769 2157 5822 Δ
2204 5786 2217 5823 :
2250 5770 2306 5822 δὲ
2337 5786 2394 5832 ς.
2424 5767 2428 5768 ⁷
2472 5769 2492 5799 ⁸
2522 5767 2730 5837 αὑτοίςι
2778 5769 2944 5838 αὐτῆς
2969 5771 3034 5822 Α.
3109 5771 3128 5801 ⁷
3163 5770 3428 5839 ἑλομένας
3461 5769 3647 5823 ποθεῖν
3681 5789 3748 5835 ς.
