4066 6410
275 439 418 507 1159
514 450 517 455 ⁴
1317 439 1839 508 BIBLIOTIIECA.
1856 441 1873 463 ’“

1985 448 2151 508 COD.
2200 445 2586 517 ccxxxvu.
3420 455 3553 520 1170

272 560 611 631 ἐξαημέρου,
673 561 939 632 ἑξήκοντα
981 561 1298 634 βασιλίσσας
1330 564 1434 635 ἔφη
1491 563 1856 635 ωμὸολικῶς,

1976 562 2217 618 ﬁduciam
2269 566 2521 624 habuerit
2578 568 2707 624 Seth
2737 570 2803 622 ad
2858 569 3335 643 Denm,qnantam
3390 575 3546 640 Abel,

266 649 366 707 διὰ
394 653 455 707 τὸ
496 653 635 723 μετά
666 656 765 724 τὴν
804 655 1111 727 ἑξαήμερον
1134 655 1365 727 ταύταςῇ
1393 657 1470 721 ὡς
1502 657 1661 727 ἔφην,
1693 673 1856 725 γεγο-

1976 665 2224 725 qnantam
2256 657 2464 719 Enoch.
2487 670 2744 731 quantam
2785 662 3113 727 Mathusala,
3144 677 3401 735 quantam
3438 666 3554 721 Noe
3622 672 3623 675 “

269 744 458 799 νέναι·
497 745 740 816 μεγάλην
786 747 899 819 γὰρ
946 742 1092 803 οὗτοι
1127 749 1294 818 τιμήν
1345 750 1646 820 ἐσχήκασιν
1689 748 1860 816 άγγέ-

1976 748 2126 816 primi
2148 749 2376 819 iustitia;
2405 754 2642 810 cultores
2670 755 2695 810 *ί
2724 756 2831 812 Sed
2856 757 2921 812 de
2949 756 3034 812 his
3069 759 3221 813 satis.
3250 761 3323 814 De
3347 776 3555 814 concu-

268 837 390 901 λοις
454 839 820 910 ὁμιλήσαντες
862 841 958 896 καὶ
1017 840 1109 895 τὸν
1157 841 1292 895 Θεὸν
1349 841 1498 911 ῦπαρ
1560 842 1663 895 ούκ
1725 840 1860 909 ὄναρ

1976 839 2111 897 binis
2151 844 2345 899 iterum
2373 845 2683 901 dicendum.

266 928 623 1000 θεασάμενοι.
662 933 1070 1005 Ἑπισκέψασθε
1119 936 1229 1006 γὰρ
1266 935 1401 1005 ὅσην
1459 933 1587 1005 ἔσχε
1618 932 1958 1005 ’παρρησίαν
2005 934 2035 986 6
2075 935 2183 1006 Σήθ
2235 936 2375 1008 πρὸς
2448 937 2541 991 τδν
2593 939 2748 1001 Θεὸν,
2782 938 2915 1009 ὅσην
2959 939 2989 993 6
3070 940 3256 1006 Ἀδελ,
3341 942 3473 1013 δσην
3517 944 3548 996 6

286 1024 483 1096 Ἑνὼχ.
499 1027 671 1097 ὄσηνὸ
696 1030 1053 1095 Μαθουσάλα,
1084 1032 1216 1101 ὅσην
1238 1031 1269 1083 6
1300 1028 1447 1095 Νῶε,
1481 1029 1687 1101 πρῶτοι
1719 1028 2080 1111 δικαιοσύνης.
2119 1030 2274 1095 ὄντες
2300 1033 2548 1104 ἐρασταί.
2574 1033 2684 1087 Kal
2706 1036 2833 1105 περὶ
2859 1033 3066 1091 τούτων
3099 1035 3197 1109 μὲν
3222 1036 3516 1108 αὐτάρκως
3535 1054 3553 1070 ο

269 1136 341 1173 πε
352 1123 407 1193 pl
443 1124 503 1178 δὲ
573 1124 681 1179 τῶν
710 1125 1006 1181 παλλακῶν
1040 1127 1204 1181 πάλιν
1235 1127 1476 1181 λεκτέον.

345 1234 474 1297 Τοῖς
518 1235 659 1304 μετὰ
696 1236 791 1289 τὸν
841 1236 1227 1308 κατακλυσμὸν
1280 1236 1557 1304 ἀπωτέρω
1595 1232 1788 1288 λοιπὸν
1834 1232 1869 1304 ή

2048 1232 2131 1287 Ab
2160 1233 2225 1288 iis
2253 1234 2343 1303 qui
2375 1243 2495 1304 post
2547 1233 2805 1290 diluvium
2854 1236 3133 1302 vixerunt,
3183 1237 3275 1293 Dei
3317 1238 3559 1310 cognitio

268 1326 479 1397 γνῶσις
515 1323 584 1399 ἦν
650 1327 745 1381 τοῦ
792 1327 951 1393 Θεοῦ,
1008 1328 1100 1382 καὶ
1139 1327 1371 1399 ἔχρῃζον
1413 1327 1604 1398 ἑτέρας
1648 1325 1871 1395 διδαχῆς

1977 1323 2137 1392 paulo
2168 1324 2378 1394 longius
2413 1325 2675 1387 recessit,
2720 1326 2935 1395 aliaque
2974 1329 3186 1383 ratione
3230 1331 3372 1385 docti
3404 1340 3556 1394 sunt,

269 1420 558 1493 ἑρπούσης
598 1421 703 1493 ήδη
732 1424 833 1491 τῆς
877 1420 1341 1491 είδωλολατρείας.
1377 1420 1436 1472 Ὀ
1475 1415 1569 1472 οὖν
1597 1417 1751 1481 Θεὸς,
1781 1416 1870 1470 ἵνα

1976 1426 2226 1485 serpente
2246 1416 2358 1485 jam
2386 1416 2591 1486 passim
2618 1418 2940 1476 idololatria.
2972 1418 3116 1475 Deus
3137 1436 3267 1491 ergo
3292 1436 3356 1475 ne
3386 1436 3559 1491 genus

275 1515 357 1582 μή
392 1514 570 1586 πάντη
623 1514 686 1567 τὸ
726 1514 883 1583 γένος
927 1513 1036 1567 τῶν
1065 1512 1370 1585 ἀνθρώπων
1408 1512 1648 1581 ἀϊστωθῇ
1680 1510 1702 1542 ³
1726 1509 1867 1582 λήθῃ

1976 1508 2272 1564 humanum
2303 1507 2573 1563 oblivione
2607 1510 2908 1565 honestatis
2957 1512 3171 1581 penitus
3222 1512 3554 1578 aboleretur,

270 1604 389 1656 τῶν
428 1603 628 1670 καλῶν,
652 1603 744 1657 τὸν
776 1603 905 1658 ἴδιον
937 1603 1110 1657 Παῖδα
1151 1604 1265 1665 τοῖς
1308 1602 1617 1673 προφήταις
1643 1600 1865 1655 ἐκέλευ-

1976 1617 2129 1657 suum
2159 1600 2357 1657 Filium
2386 1616 2481 1671 per
2510 1603 2988 1673 pr0phetasjussit
3010 1590 3237 1668 dictare,
3266 1605 3556 1663 adventum

276 1712 377 1747 σεν
407 1695 686 1767 ύφηγῆσαι
707 1695 729 1726 ⁹
755 1694 852 1767 τὴν
874 1694 1140 1766 ἐσομένην
1171 1693 1365 1748 ἑαυτοῦ
1388 1694 1432 1725 ¹⁶
1452 1692 1750 1765 παρουσίαν
1774 1692 1865 1746 διὰ

1976 1694 2085 1763 ejus
2116 1694 2169 1748 in
2206 1694 2463 1748 mundum
2492 1709 2657 1748 carne
2682 1704 2964 1764 assumpta
3000 1694 3268 1761 futurum,
3305 1711 3411 1763 quo
3438 1695 3556 1768 spi-

276 1787 488 1857 σαρκὸς
517 1788 596 1850 είς
624 1788 717 1840 τὸν
742 1788 969 1858 κόσμον,
1003 1786 1125 1840 καθ’
1157 1787 1224 1858 ήν
1264 1788 1297 1856 ή
1338 1786 1440 1855 τῆς
1483 1785 1860 1857 πνευματικῆς

1976 1786 2177 1841 ritualis
2206 1785 2475 1840 octonarii
2505 1786 2758 1855 gaudium
2804 1795 2860 1840 et
2901 1787 3139 1858 cognitio
3173 1788 3559 1857 praedicaretur

274 1853 536 1947 ὀγδοάδος
560 1879 704 1951 χαρὰ
748 1853 860 1933 καὶ-
892 1879 1091 1949 γνῶσις
1133 1853 1560 1951 κηρυχθήσεται,
1613 1853 1863 1947 ἁφέσεώς

1976 1878 2033 1932 ad
2065 1877 2427 1932 exhibendam
2457 1876 2838 1932 remissionem
2872 1887 3245 1948 peccatorum,
3275 1887 3331 1934 et
3369 1894 3558 1936 resur-

275 1973 697 2043 ἁμαρτημάτων
747 1968 884 2027 οὖσα
932 1972 1027 2025 καὶ
1087 1972 1435 2033 ἀναστάσεως
1510 1970 1858 2041 παρεκτικήο

1976 1969 2285 2035 rectionem,
2324 1984 2423 2040 per
2470 1969 2617 2024 illum
2650 1969 2793 2025 enim
2843 1970 3227 2025 circumcisum
3275 1970 3339 2024 iri
3378 1970 3556 2026 homi-

277 2064 791 2135 περιτμηθήσεσθαι
844 2063 953 2134 γὰρ
990 2063 1057 2116 δι’
1087 2062 1262 2132 αὐτῆς
1311 2063 1401 2115 τὸν
1452 2061 1738 2133 ἄνθρωπον
1792 2060 1863 2115 τὰ

280 2155 431 2225 πάθη
462 2155 557 2208 καὶ
586 2155 683 2225 τὴν
714 2155 939 2225 φθοράν.
973 2155 1083 2209 Kal
1109 2153 1200 2207 διὰ
1242 2155 1400 2208 τοῦτο
1439 2154 1531 2207 τὸν
1560 2154 1861 2221 κατάλογον

276 2250 392 2301 τῶν
426 2248 647 2303 ἀπὸτοῦ
684 2248 938 2319 Ἀδραάμ
967 2248 1284 2319 προφητῶν,
1315 2247 1402 2301 διὰ
1445 2248 1545 2319 τήν
1576 2247 1675 2317 τῆς
1702 2262 1862 2318 περι-

277 2343 457 2413 τομῆς
508 2340 803 2411 πρεσὸείαν
854 2341 944 2394 τὸν
984 2340 1128 2395 ὀκτὼ
1184 2339 1548 2411 περιεχούσης
1607 2339 1862 2409 ἀριθμὸν,

278 2428 349 2504 ἧς
401 2432 699 2502 ἐξήρτηται
730 2431 824 2485 καὶ
855 2434 884 2486 6
920 2433 1106 2503 νόμος,
1139 2431 1421 2495 παλλακὰς
1460 2431 1738 2494 ἐκάλεσεν,
1780 2432 1865 2484 ὅτι

282 2525 392 2594 πρὸ
433 2524 528 2578 τοῦ
559 2525 659 2595 τὴν
691 2523 913 2595 νύμφην
946 2524 1046 2595 τὴν
1102 2524 1433 2596 Ἐκκλησίαν
1485 2523 1866 2595 κατεγγυηθῆ-

280 2634 373 2669 ναι
396 2615 474 2687 τῷ
508 2616 689 2688 Λόγῳ,
719 2616 787 2670 τά
815 2617 931 2670 θεῖα
963 2615 1318 2679 συλλαϐόντες
1352 2616 1394 2647 ¹¹
1419 2616 1736 2687 σπέρματα,
1767 2617 1868 2687 τῆς

280 2711 483 2780 νοητῆς
545 2709 981 2780 προεξήγγειλαν
1052 2707 1304 2777 ὀγδοάδος
1364 2708 1470 2777 τὴν
1536 2708 1866 2779 περιτομήν.

282 2800 551 2863 Νεάνιδας
605 2801 662 2854 δὲ
705 2800 865 2853 πάλιν
929 2801 1010 2862 εἰς
1066 2797 1439 2869 ἀναρίθμητον
1502 2797 1865 2861 συντελούσας

280 2894 476 2964 ὅμιλον
511 2893 580 2947 τά
609 2892 714 2946 ὑπὸ
743 2895 857 2957 τοῖς
894 2892 1168 2963 κρείττοσι
1202 2890 1440 2963 [5081].]
1469 2892 1868 2962 δικαιοπραγή-

286 3003 462 3039 σαντα
516 2986 715 3056 πλήθη,
750 2986 845 3037 καὶ
899 2982 1164 3046 νεανικῶς
1213 2983 1309 3037 καὶ
1342 2982 1609 3050 γενναίως
1647 2982 1871 3054 διαθλή-

286 3096 458 3134 σαντα
489 3080 625 3148 πρὸς
650 3080 747 3152 τὴν
775 3079 1072 3150 ἁμαρτίαν,
1103 3075 1277 3131 καλεῖ.
1315 3076 1477 3130 Ἀλλὰ
1504 3076 1711 3129 τούτων
1751 3075 1869 3129 οὔθ’

283 3178 343 3229 αί
370 3174 678 3246 βασίλισσαι
699 3173 813 3228 οὔθ’
844 3176 900 3228 αἱ
921 3173 1194 3228 παλλακαὶ
1226 3172 1609 3245 συγκρίνονται
1638 3174 1704 3243 τῇ
1743 3172 1868 3225 Ἐκ-

284 3267 532 3340 κλησίᾳο
581 3269 615 3338 ή
658 3267 768 3339 γὰρ
819 3267 1001 3322 τελεία
1051 3267 1146 3321 καὶ
1202 3267 1435 3337 ὲκλεκτὴ
1488 3266 1640 3338 παρὰ
1690 3264 1872 3329 πάσας

284 3364 687 3436 ὀνομαζομένη,
721 3366 755 3436 ή
788 3366 853 3418 ἐκ
890 3365 1110 3419 πάντων
1148 3362 1461 3417 συνεστῶσά
1488 3379 1550 3415 τε
1603 3354 1702 3415 καὶ
1742 3379 1870 3414 συν-

286 3458 534 3529 ημμένη,
595 3458 706 3511 τῶν
768 3458 1085 3512 ἀποστόλων
1135 3457 1305 3524 ἐστὶν,
1352 3457 1385 3527 ἡ
1451 3455 1873 3527 ὑπερϐάλλουσα

284 3550 477 3620 νύμφη
530 3551 608 3621 τῷ
666 3550 852 3605 κάλλει
893 3550 994 3620 τῆς
1045 3551 1228 3620 ἀκμῆς
1274 3548 1368 3603 καὶ
1418 3548 1520 3619 τῆς
1573 3548 1875 3619 παρθενίας

288 3642 494 3706 πάσας.
541 3642 631 3695 Διὸ
686 3643 783 3696 καὶ
832 3642 1194 3714 μακαρίζεται
1224 3640 1362 3711 πρὸς
1392 3640 1500 3693 τῶν
1541 3641 1739 3704 ἄλλων,
1790 3642 1873 3695 ὃτι

287 3732 432 3805 αὕτη
463 3730 568 3787 εἶδε
600 3737 692 3787 καὶ
721 3734 953 3804 Ιἡκουσεν
986 3733 1234 3801 ἀφθόνως
1279 3731 1316 3785 ἃ
1360 3732 1565 3785 ἐκεῖναι
1599 3731 1875 3802 ἐπεπόθη-

290 3844 395 3879 σαν
448 3826 575 3878 ίδεῖν
631 3825 725 3879 καὶ
759 3824 989 3879 ἀκούσαι
1045 3824 1139 3877 καὶ
1166 3823 1266 3876 ούκ
1295 3817 1435 3875 εἶδον
1477 3823 1587 3875 οὐδ’
1611 3824 1871 3893 ἥκουσαν.

287 3918 635 3987 Μακάριοι¹¹
672 3918 782 3988 γὰρ
798 3920 851 3972 οἱ
866 3915 1181 3987 ὀφθαλμοί,
1202 3915 1391 3985 φησίν,
1414 3915 1601 3983 ὑμῶν,
1625 3917 1653 3966 6
1669 3914 1877 3985 Κύριος

288 4015 407 4075 τοῖς
435 4013 721 4083 μαθηταῖς,
743 4015 795 4065 οἱ
821 4012 1162 4077 βλέποντες
1201 4010 1239 4064 (2
1266 4010 1548 4074 βλέπετε.
1572 4006 1877 4083 Λέγωαιὰρ

289 4104 440 4172 ὑμῖν
483 4103 574 4156 ὅτι
614 4101 834 4157 πολλοὶ
881 4100 1181 4170 προφῆται
1220 4101 1614 4168 ἐπεθύμησαν
1652 4099 1803 4154 ἰδεῖν
1838 4097 1879 4153 ἁ

283 4194 575 4260 βλέπετε,
612 4195 709 4248 καὶ
737 4195 848 4249 οὐκ
887 4188 1073 4254 εἶδον,
1105 4190 1204 4246 καί
1226 4191 1487 4246 ἀκοῦσαι
1522 4190 1561 4245 d
1606 4190 1875 4255 ἀκούετε,

293 4286 396 4341 καὶ
425 4290 535 4340 οὐκ
578 4285 880 4356 ἤκουσαν.
912 4282 1040 4355 [560
1074 4283 1165 4355 [1.]
1192 4283 1403 4338 Ούκοῦν
1428 4284 1517 4338 διὰ
1547 4284 1721 4339 ταῦτα
1767 4301 1877 4355 μα-

292 4376 615 4448 καρίζουσιν
671 4377 840 4449 αὐτὴν
900 4379 949 4430 oi
1002 4378 1300 4448 προφῆται,
1352 4378 1434 4431 ὅτι
1482 4373 1558 4430 ῶν
1607 4376 1761 4430 αὐτοὶ
1804 4376 1879 4448 μὴ

292 4468 920 4541 ὲπέτυχονήἘκκλησία
952 4470 1243 4540 μετείληφε
1268 4468 1364 4522 καὶ
1392 4467 1622 4539 ἠξιώθη.
1647 4468 1879 4522 Δύναται

1965 2078 2111 2129 nem,
2146 2062 2298 2126 vitia,
2339 2063 2581 2132 inquam,
2624 2074 2679 2118 et
2708 2064 3135 2133 corruptionem.
3184 2062 3323 2118 Hinc
3361 2062 3558 2118 catalo-

1965 2168 2091 2224 gum
2126 2154 2514 2223 prophetarum
2576 2154 2645 2210 ab
2678 2154 2986 2209 Abrahamo
3026 2163 3289 2224 emptum,
3335 2164 3556 2226 propter

1965 2244 2421 2310 circumcisionis,
2454 2261 2575 2315 qua:
2598 2247 2940 2301 octonarium
2969 2248 3211 2303 continet
3242 2264 3552 2311 numerum,

1968 2337 2367 2406 antiquitatem,
2392 2353 2422 2393 a
2456 2354 2563 2409 qua
2591 2339 2676 2393 lex
2701 2340 2932 2407 pendet,
2958 2340 3294 2396 concubinas
3325 2340 3557 2409 appella-

1967 2432 2063 2485 vit.
2086 2430 2220 2485 Nam
2253 2442 2541 2500 antequam
2569 2447 2765 2502 sponsa
2817 2431 3058 2488 Ecclesia
3101 2430 3279 2487 Verbo
3315 2430 3554 2501 despon-

1967 2522 2207 2587 deretur,
2239 2524 2612 2593 concipientes
2637 2523 2877 2577 divinam
2912 2527 3217 2577 sementem
3255 2519 3555 2591 spiritualis

1971 2616 2263 2680 octonarii,
2293 2615 2765 2671 circumcisionem
2806 2614 3265 2684 praanuntiarunt.
3301 2610 3382 2667 Ad
3420 2611 3559 2666 mul-

1968 2710 2253 2766 titudinem
2284 2724 2413 2763 vero
2443 2723 2665 2764 rursum
2712 2707 3163 2763 innumerabilem
3200 2704 3554 2777 (hominum).

1969 2821 2090 2875 quae
2120 2819 2218 2874 pro
2241 2803 2505 2872 majorum
2538 2802 2765 2870 imperio
2795 2804 2946 2870 juste
2976 2800 3128 2863 vivit,
3157 2809 3211 2854 et
3245 2800 3477 2854 viriliter
3502 2808 3560 2857 et

1971 2914 2234 2972 generose
2258 2907 2451 2954 contra
2476 2898 2603 2952 vitia
2628 2897 2890 2961 decertat,
2912 2894 3349 2949 adulescentulas
3376 2893 3560 2962 appel-

1971 2995 2068 3048 lat.
2108 2994 2216 3049 Sed
2248 3008 2315 3047 ex
2370 2992 2435 3047 iis
2484 3005 2658 3061 neque
2706 2990 2944 3060 reginae.
2993 3002 3167 3056 neque
3217 2986 3556 3049 concubinae,

1973 3103 2094 3143 cum
2140 3084 2382 3142 Ecclesia
2413 3092 2823 3154 comparantur.
2861 3081 2986 3137 Haec
3032 3081 3175 3135 enim
3223 3077 3463 3150 perfecta
3502 3086 3558 3132 et

1974 3180 2146 3235 electa
2213 3194 2323 3249 pra:
2376 3179 2628 3233 omnibus
2671 3176 2971 3240 nominata,
3027 3190 3147 3246 qua:
3191 3190 3257 3229 ex
3306 3172 3561 3233 omnibus

1954 3261 1972 3272 4

1974 3281 2187 3331 constat
2224 3280 2280 3327 et
2324 3273 2650 3327 concinnata
2690 3278 2811 3334 est,
2864 3279 2948 3324 est
2981 3266 3388 3338 apostolorum,
3440 3280 3560 3335 quas

1975 3381 2172 3437 sponsa
2222 3365 2388 3429 ﬂore}
2420 3361 2839 3435 pulchritudinis
2888 3369 2944 3416 et
3003 3359 3271 3415 castitatis
3337 3368 3561 3427 superat

1975 3473 2185 3514 omnes.
2214 3458 2551 3526 Quapropter
2581 3453 2739 3509 beata
2783 3453 2851 3508 ab
2889 3450 3011 3507 aliis
3056 3450 3401 3521 prmdicatur,
3432 3448 3559 3518 quia

1976 3549 2090 3605 haec
2113 3556 2300 3620 aperte
2332 3548 2467 3603 vidit
2490 3556 2544 3603 et
2576 3545 2805 3610 audivit,
2845 3558 2965 3614 quae
3002 3542 3106 3597 illa:
3155 3542 3337 3596 videre
3376 3548 3430 3595 et
3464 3556 3561 3594 au-

1975 3646 2092 3699 dire
2130 3642 2595 3697 desideraverunt.
2632 3638 2782 3694 Beati
2809 3637 2969 3705 oculi,
3003 3636 3162 3707 311
3190 3653 3221 3689 a
3253 3635 3427 3703 inquit
3456 3634 3560 3688 Do-

1977 3736 2154 3789 minus
2182 3733 2481 3803 discipulis,
2514 3732 2605 3803 qui
2650 3730 2851 3796 vident,
2885 3746 3004 3801 quae
3053 3746 3139 3783 vos
3185 3728 3390 3783 videtis.
3430 3726 3560 3780 Dico

1974 3833 2113 3887 enim
2142 3833 2305 3894 vobis,
2354 3828 2493 3900 quod
2524 3826 2676 3881 multi
2718 3826 2984 3895 pronaetaz
3018 3823 3445 3878 desideraverunt
3488 3820 3563 3875 vi-

1976 3927 2098 3978 dere
2118 3938 2237 3993 qua:
2263 3924 2470 3987 videtis,
2503 3930 2551 3975 et
2583 3937 2685 3973 non
2726 3919 2999 3981 viderunt;
3025 3926 3070 3970 et
3104 3915 3292 3968 audire
3315 3928 3433 3984 quia
3462 3929 3565 3965 au-

1976 4017 2124 4078 ditis,
2158 4023 2209 4068 et
2255 4031 2358 4068 non
2388 4014 2669 4067 audierunt
2713 4012 2759 4063 ⁸.
2790 4008 2984 4063 Nonne
3027 4015 3312 4075 propterea
3346 4005 3562 4058 beatam

1977 4109 2275 4179 praedicant
2327 4105 2500 4175 ipsam
2540 4101 2839 4174 prOphetae,
2892 4098 3037 4169 quod
3068 4099 3268 4168 quibus
3314 4096 3418 4167 ipsi
3455 4109 3564 4149 non

1980 4208 2289 4271 potuerunt,
2320 4198 2404 4253 his
2429 4194 2669 4251 Ecclesia
2697 4193 2867 4265 potita
2894 4192 3002 4256 sit,
3035 4200 3089 4248 et
3109 4190 3349 4262 dignata.
3386 4186 3567 4242 Possit

1979 4296 2103 4365 quis
2132 4306 2387 4363 sponsam
2415 4289 2580 4346 etiam
2608 4288 2767 4343 aliter
2792 4285 3095 4355 explicare,
3134 4296 3191 4338 et
3232 4282 3413 4336 dicere
3442 4294 3567 4334 car-

1981 4407 2105 4447 nem
2133 4405 2255 4445 esse
2280 4388 2655 4443 intemeratam
2688 4378 2931 4446 Domini,
2972 4378 3130 4446 cujus
3153 4392 3316 4432 causa
3353 4382 3566 4444 patrem

1982 4480 2218 4537 deseruit
2246 4490 2300 4535 ct
2329 4478 2385 4532 in
2416 4486 2619 4532 terram
2652 4474 2760 4528 huc
2790 4468 3092 4535 descendit,
3125 4467 3313 4537 illique
3353 4479 3452 4535 per
3482 4462 3569 4515 in-

290 4561 353 4615 δέ
384 4578 464 4624 τις
496 4563 591 4615 xal
618 4562 818 4633 ἑτέρως
842 4561 947 4631 τὴν
974 4560 1194 4631 νύμφην
1224 4561 1390 4631 φάναι
1430 4561 1529 4631 τὴν
1565 4560 1744 4631 σάρκα
1778 4560 1873 4632 τὴν

1982 4567 2353 4624 carnationem
2412 4562 2700 4631 copulatus
2759 4568 2865 4613 est.
2919 4556 3057 4610 Hinc
3122 4554 3354 4623 ﬁgurate
3416 4551 3565 4606 illam

293 4653 595 4721 ἁμόλυντον
641 4647 781 4705 εἶναι
819 4651 913 4704 τοῦ
958 4652 1188 4722 Κυρίου,
1236 4645 1303 4723 ἦς
1343 4651 1503 4721 χάριν
1546 4650 1881 4719 καταλείψας

294 4749 386 4800 τὸν
405 4746 625 4816 Πατέρα
653 4744 916 4815 κατῆλθεν
947 4745 1183 4798 ἐνταῦθα
1197 4746 1291 4798 καὶ
1306 4743 1716 4815 προσεκολλήθη
1742 4745 1880 4817 αὐτῇ

296 4836 745 4907 ἐνανθρωπήσας.
777 4834 869 4887 Διὸ
911 4833 974 4901 δὴ
1034 4834 1130 4887 καὶ
1179 4832 1509 4903 περιστεράν
1556 4832 1727 4902 αὐτὴν
1776 4832 1879 4902 ἔφη

294 4928 656 5000 τροπικῶς²²,
687 4925 1171 4999 ὲπειδὴτιθασὺν¹δ
1199 4927 1259 4979 τὸ
1282 4925 1421 4990 ζῶον
1449 4926 1545 4979 καὶ
1567 4924 1881 4995 ὑπωρόφιον

298 5023 393 5075 καὶ
416 5022 595 5094 διαίτῃ
619 5023 685 5091 τῇ
716 5018 1018 5090 ἀνθρώπων
1049 5019 1093 5050 ⁸⁸
1132 5018 1445 5090 ἀσμενίζον.
1487 5018 1598 5071 Καὶ
1630 5009 1693 5070 ὲν
1721 5015 1799 5086 τῷ
1831 5032 1887 5085 μ’

299 5116 396 5171 καὶ
407 5115 447 5167 δ’
472 5114 694 5185 ψαλμῷ,
728 5115 831 5168 Ἐκ
854 5113 1067 5178 δεξιῶν
1083 5115 1126 5145 ⁸⁸
1146 5111 1558 5181 παρισταμένη
1580 5109 1673 5163 τοῦ
1695 5110 1737 5142 "
1751 5111 1887 5163 Θεοῦ

293 5205 497 5277 μερῶν
510 5206 880 5271 βασίλισσα,
898 5208 931 5276 ή
950 5205 1027 5277 τῷ
1052 5205 1327 5276 διαχρύσῳ
1341 5203 1441 5273 τῆς
1470 5204 1674 5272 ἀρετῆς
1697 5203 1889 5273 κόσμῳ

302 5299 762 5369 κατεστολισμένη
781 5339 795 5363 ,
830 5294 898 5370 ἧς
954 5298 1270 5370 ἐπεθύμησε
1302 5296 1397 5350 τοῦ
1426 5297 1654 5360 κάλλους
1685 5297 1714 5349 6
1738 5295 1890 5365 βασι-

373 5492 399 5527 κ
440 5481 573 5536 Luc.
618 5498 673 5548 ι,
704 5481 795 5547 24,
831 5479 922 5535 25.
998 5478 1028 5519 δ
1054 5480 1201 5537 Psal.
1254 5494 1405 5543 xuv,
1449 5479 1535 5535 10.

1988 4660 2292 4716 columbam
2325 4655 2637 4727 appellavit,
2681 4652 2823 4723 quod
2856 4647 3057 4704 animal
3088 4647 3160 4701 sit
3198 4646 3348 4698 cicur
3376 4651 3433 4698 et
3466 4643 3569 4699 sub

1989 4754 2148 4809 tectis
2171 4752 2394 4821 degens,
2433 4748 2789 4815 convictuque
2830 4742 3111 4797 hominum
3156 4737 3471 4792 delectetur.
3502 4734 3573 4790 Et

1988 4848 2042 4901 in
2086 4842 2501 4914 quadragesimo
2548 4845 2744 4907 quarto
2788 4835 2994 4904 psalmo
3046 4848 3061 4885 :
3118 4830 3279 4886 Stans
3328 4829 3508 4898 regina
3535 4846 3571 4882 α

1988 4936 2189 4991 dextris
2221 4934 2269 4988 ιι.
2298 4933 2430 4999 (Deo
2458 4930 2561 4986 sibi
2591 4929 2845 4984 sinistras
2872 4925 3139 4995 sumente)
3164 4936 3329 4977 aureo
3353 4918 3571 4974 virtutis

1987 5027 2133 5081 cultu
2185 5030 2485 5090 exornata;
2537 5022 2690 5088 cujus
2744 5018 3205 5088 pulchritudinem
3253 5012 3570 5083 concupivit

1988 5122 2128 5185 Rex,
2157 5134 2285 5174 caro
2309 5126 2415 5182 est,
2452 5124 2510 5171 ut
2546 5116 2683 5179 dixi,
2716 5114 2806 5169 illa
2835 5113 3041 5168 illibata
3085 5121 3143 5167 et
3182 5110 3363 5176 beata,
3407 5122 3571 5178 quam

1986 5228 2172 5269 secum
2202 5212 2254 5266 in
2287 5210 2483 5265 caelum
2524 5208 2827 5276 deportavit
2860 5204 3121 5270 Verbum,
3154 5212 3317 5274 atque
3348 5204 3402 5256 in
3434 5203 3566 5255 dex-

1989 5313 2071 5357 tra
2123 5301 2299 5356 Patris
2340 5299 2648 5364 collocavit,
2688 5300 2885 5353 vestitu
2925 5298 3185 5353 deaurato
3226 5300 3570 5354 exornatam,

1577 5637 1816 5696 VARUS
1861 5627 2264 5694 LECTIONES.

375 5757 399 5791 ³
431 5759 669 5833 ἀίστωθῇ
693 5776 802 5833 om.
834 5760 943 5816 ᾹΒι
1050 5762 1071 5792 ⁹
1110 5760 1493 5833 ὑφηγήσασθαι
1529 5759 1788 5833 Scaliger.

305 5829 397 5884 24.
478 5830 522 5860 ¹³
556 5830 714 5901 τρόπ.
747 5831 781 5882 ἐι

313 5904 407 5955 καὶ
440 5900 534 5954 τοῦ
598 5917 681 5971 pr.
714 5903 781 5955 Α.

1899 5759 1943 5789 ⁸⁸
1974 5756 2139 5810 αὖτοῦ
2169 5776 2230 5821 ς.

478 5830 527 5903 ίξ
556 5819 714 5901 τρόπ.
747 5831 851 5903 ἔφη
880 5850 941 5897 ς.
1020 5833 1063 5866 ίδ
1088 5819 1340 5887 sti-laici»
1384 5840 1439 5888 et
1472 5819 1804 5903 ύπορῤόφιον
1834 5845 1894 5894 ς.
1976 5829 2019 5858 ⁸⁵
2058 5831 2125 5898 τῇ
2172 5819 2279 5881 τῶν
2308 5819 2467 5898 ἀνθρ.
2503 5846 2563 5892 ς.
2647 5830 2688 5859 ¹⁶
2712 5830 2776 5880 ἐκ
2805 5826 2915 5880 τῶν
2942 5824 2988 5877 δ.
3028 5819 3085 5888 li,
3167 5819 3327 5873 ¹⁷⁷τοῡ

2322 5759 2361 5788 ¹¹
2391 5755 2789 5827 προσλαϐόντες
2816 5754 2919 5809 AB.
2990 5755 3032 5784 ²¹
3108 5743 3350 5892 ακάριοἻ
3378 5746 3506 5802 Luc.
3544 5760 3575 5801 ι

2322 5828 2467 5892 ὶνθρ.
2503 5846 2563 5892 ς.
2647 5830 2688 5859 ¹⁶
2712 5830 2776 5880 ἐκ
2805 5826 2915 5880 τῶν
2942 5824 2988 5877 δ.
3028 5771 3103 5888 εξ
3167 5821 3206 5854 ¹⁷
3234 5819 3327 5873 τοῦ
3408 5817 3575 5873 λαιῶν

3408 5817 3576 5873 λαιῶν
