4066 6446
551 440 693 508 1171
1703 446 1966 507 ΡΗΟΤΙΙ
2006 445 2150 506 ΡΑΤ

2174 445 2515 507 KIARCHIE
2548 449 2658 509 ΟΡ.
3667 433 3780 502 1172

554 560 693 612 ruod
749 558 975 630 mystice
1005 568 1092 615 est
1120 559 1313 615 studiis
1360 559 1686 614 innocentiae
1720 574 1814 615 seu
1856 560 2142 627 incorrup-

2180 565 2217 625 Α
2240 555 2388 622 λεὺς,
2418 561 2453 630 ἡ
2481 559 2618 631 σάρξ
2645 560 2813 623 ἐστιν,
2842 556 2919 620 ὡς
2961 557 3119 627 ἔφην,
3153 557 3187 626 η
3223 554 3490 625 ἄχραντος
3516 547 3686 619 ἐκείνη
3712 549 3786 603 καὶ

550 649 732 706 tionis.
2245 654 2517 726 μακαρία,
2552 655 2619 725 ἢν
2650 652 2817 716 αὐτὸς
2842 650 3184 721 ἀνακομίσας
3215 648 3246 699 ὁ
3272 646 3428 715 λόγος
3450 643 3529 707 εἰς
3562 641 3787 712 οὐρανοὺς

550 745 612 798 ἐκ
674 746 866 811 δεξιῶν
923 749 1237 819 παρέστησε
1279 748 1376 801 τοῦ
1443 746 1678 819 Πατρὸς,
1736 748 1795 801 ἐν
1863 750 2145 820 ἱματισμῳ
2181 749 2460 823 διαχρύσῳ
2492 748 2934 821 κεκοσμημένην,
2964 744 2995 799 δ
3026 745 3089 811 δή
3123 746 3241 798 ἐστι
3307 737 3643 810 συμϐολικῶς
3697 737 3789 797 τοῖς

549 840 951 913 ἐπιτηδεύμασι
978 840 1081 913 τῆς
1103 842 1432 913 ἀφθαρσίας.

621 933 806 1006 (Dicit)
843 934 985 1005 quod
1024 932 1296 1005 παρθενία
1343 934 1457 1004 (95)
1476 935 1690 989 dicatur
1738 949 1767 987 a
1816 934 1968 1005 παρὰ
2011 934 2132 988 θεία

2239 927 2437 987 ΓιέὍτι
2463 925 2697 998 παρθεία
2716 924 2758 958 ’⁸
2778 927 2811 996 ἡ
2835 921 3106 995 παρθενία
3127 919 3267 974 κατά
3293 919 3422 989 μίαν
3443 917 3740 989 ἀπαλλαγὴν
3756 921 3788 954 ι’

549 1023 848 1078 mutatione
886 1024 1047 1079 unius
1078 1024 1299 1090 litterae,
1342 1022 1499 1094 quasi
1540 1038 1663 1093 qua:
1692 1021 1808 1078 sola
1840 1023 2012 1090 illum,
2039 1022 2132 1092 qui

2238 1019 2489 1073 καλεῖται
2518 1018 2813 1088 στοιχείου,
2838 1015 2915 1079 ὡς
2944 1014 3010 1084 δὴ
3046 1012 3183 1083 μόνη
3209 1011 3300 1064 τὸν
3321 1009 3518 1081 ἔχοντα
3540 1010 3695 1079 αὐτῆς
3712 1010 3791 1073 τὰς

551 1114 877 1184 virginitatis
904 1116 1229 1171 intemerata
1256 1115 1529 1170 contineat
1553 1114 1807 1185 mysteria
1839 1112 1951 1170 Deo
1980 1129 2134 1169 com-

2239 1111 2514 1183 ἀφθόρους
2536 1110 2763 1173 τελετάς
2792 1107 2915 1179 Θεῷ
2942 1106 3323 1170 ἀπεικάζουσα
3346 1144 3361 1170 ,
3391 1094 3457 1157 οὗ
3484 1102 3657 1173 μεῖζον
3683 1102 3791 1171 ἀγα-

552 1216 727 1276 paret,
757 1221 864 1275 quo
893 1208 1094 1265 bonum
1132 1206 1335 1262 nullum
1383 1206 1613 1261 inveniri
1650 1205 1826 1276 majus
1856 1215 2059 1277 potest.

1254 1221 1335 1261 um
1383 1206 1613 1261 inveniri
1650 1205 1826 1276 majus
1856 1215 2059 1277 potest.
2242 1202 2336 1258 θὸν
2364 1204 2628 1258 ἀδύνατον
2656 1203 2860 1271 εὑρεῖν.

625 1295 911 1365 Virtutem,
967 1300 1060 1364 ait,
1113 1299 1230 1355 sive
1274 1308 1497 1369 propter
1543 1297 1801 1368 seipsam,
1847 1300 1960 1354 sive
1988 1300 2133 1369 quod

2304 1296 2429 1351 Ὀτι
2485 1297 2672 1367 φησὶν,
2691 1294 2755 1346 'H
2773 1291 2943 1362 ἀρετὴ
2968 1291 3089 1363 ἦτοι
3115 1290 3183 1345 δι’
3206 1288 3489 1351 ἑαυτὴνίθ,
3520 1284 3627 1339 εἴτε
3654 1286 3729 1339 διὰ
3745 1288 3792 1340 τὸ

553 1390 765 1443 animas
803 1389 1057 1444 sublimet
1093 1399 1149 1444 et
1187 1389 1242 1444 in
1277 1388 1475 1444 cmlum
1514 1388 1667 1444 tollat
1710 1390 1854 1445 hanc
1895 1390 2133 1446 nominis

2234 1390 2533 1464 αῐρειν-καὶ
2565 1387 2919 1461 μετεωρίζειν
2948 1384 3089 1455 πρὸς
3110 1381 3338 1454 οὐρανὸν
3357 1381 3459 1444 ea;
3486 1378 3657 1449 ψυχὰς
3684 1378 3791 1432 ταύ-

553 1481 967 1550 appellatiouem
996 1482 1295 1552 accepisse.

2242 1500 2344 1553 την
2386 1482 2589 1553 ἔσχηκε
2624 1480 2722 1552 τὴν
2762 1477 3102 1546 ἐπωνυμίαν.

626 1570 761 1628 Cum
795 1572 955 1627 dictis
986 1573 1249 1628 hactenus
1275 1574 1444 1629 etiam
1475 1575 1579 1629 hoc
1613 1573 1686 1628 ait
1718 1575 1886 1630 videri
1926 1574 2127 1633 facere.

2304 1574 2428 1627 Ὀτι
2476 1574 2659 1643 φησὶν,
2702 1570 2887 1623 ’Έοικε
2919 1566 2977 1620 δὲ
3016 1566 3133 1628 τοῖς
3179 1560 3492 1633 εἰρημένοις
3535 1560 3626 1613 καὶ
3667 1559 3791 1613 τοῦτο

553 1659 846 1717 Oraculum
870 1664 1081 1719 caelitus
1101 1681 1131 1719 a
1161 1663 1318 1719 Patre
1341 1663 1559 1719 Christo
1584 1665 1636 1718 in
1658 1663 1890 1719 Jordaue
1915 1666 2094 1720 datum
2117 1683 2134 1719 :

2249 1666 2486 1737 μάλιστα
2538 1663 2853 1732 συμφωνεῖν
2900 1658 2963 1712 τὸ
3009 1652 3510 1729 χρησμῳδούμενον
3537 1649 3723 1706 ἀνωθεν
3747 1651 3792 1715 ἐξ

555 1750 735 1807 Filius
773 1770 915 1808 meus
940 1770 994 1809 es
1027 1765 1105 1821 tu,
1148 1770 1241 1825 ego
1287 1754 1443 1808 hodie
1480 1754 1636 1823 genui
1663 1763 1711 1808 te
1751 1755 1795 1809 ί.
1828 1752 2136 1809 Observan-

2242 1755 2407 1812 αὑτοῦ
2454 1754 2550 1809 τοῦ
2597 1754 2804 1825 Πατρὸς
2836 1751 2916 1823 τῷ
2944 1748 3165 1823 Χριστῷ
3192 1749 3251 1801 ἐν
3282 1746 3363 1818 τῷ
3396 1744 3657 1817 Ἰορδάνῃ·
3688 1743 3791 1809 ride

557 1846 683 1900 dum
712 1846 824 1910 hic,
866 1844 998 1900 illud
1035 1844 1205 1900 lilium
1234 1860 1393 1900 suum
1435 1858 1578 1908 esse,
1629 1844 1909 1899 indeﬁnite
1934 1854 1988 1901 et
2016 1846 2137 1901 sine

2185 1858 2210 1914 3
2232 1867 2352 1920 μου
2382 1843 2438 1903 εἷ
2452 1847 2557 1911 σὺ,
2582 1846 2698 1917 ἐγὼ
2727 1845 3001 1914 σήμερον
3024 1836 3358 1910 γεγέννηκὰ
3378 1852 3473 1890 σε.
3502 1837 3791 1905 Παρατηρη·

558 1946 804 2006 tempore
830 1934 1053 1991 dictum.
1082 1938 1157 1989 Es
1193 1936 1335 1990 enim
1363 1934 1511 2003 ﬁlius
1539 1950 1639 1990 suo
1667 1936 1940 2006 ipsidixit,
1959 1945 2138 1991 etnon

2242 1943 2364 1997 τέον
2387 1941 2495 2012 γάρ
2518 1941 2601 1994 ὅτι
2631 1940 2693 1993 τὸ
2723 1938 2823 2009 μὲν
2854 1936 2982 1991 Υίδν
3004 1931 3170 1988 αὑτοῦ
3187 1932 3232 1963 ’³
3258 1926 3401 1983 εἶναι
3433 1926 3685 1995 ἀορίστως
3705 1925 3791 1977 ἀπ-

561 2027 746 2098 (dixit)
793 2027 963 2096 factus
1004 2043 1097 2092 es;
1129 2026 1414 2083 declarans
1460 2042 1638 2097 neque
1683 2042 1881 2082 novum
1911 2043 2005 2083 seu
2054 2044 2143 2083 re-

2245 2040 2484 2108 εφήνατο
2503 2037 2599 2091 καὶ
2618 2035 2885 2107 ἀχρόνως.
2920 2034 2993 2087 ει
3021 2029 3131 2100 γὰρ
3164 2028 3298 2094 Υἱὸς
3319 2023 3470 2093 αύτῷ
3502 2022 3601 2093 ἔφη
3630 2016 3791 2093 [καὶού

559 2128 778 2174 centem
832 2118 1010 2189 ipsum
1067 2118 1320 2188 adeptum
1373 2132 1495 2175 esse
1558 2118 1903 2186 liliatiouem,
1963 2134 2140 2190 neque

2241 2134 2471 2202 γέγονας
2491 2128 2559 2202 ⁸³]
2591 2128 2874 2199 ἐμφαίνων
2902 2125 3041 2197 μήτε
3068 2122 3382 2194 πρόσφατον
3414 2116 3574 2172 αὑτὸν
3601 2128 3791 2181 τετυχη-

562 2210 724 2264 ﬁnem
743 2208 1000 2264 habuisse
1025 2223 1148 2263 eum
1163 2210 1253 2281 qui
1279 2209 1428 2281 prius
1450 2210 1743 2277 exstiterit,
1768 2213 1862 2266 sed
1888 2210 2139 2292 eumdem

2241 2225 2397 2279 κέναι
2445 2224 2545 2293 τῆς
2593 2220 2866 2283 υἱοθεσίας
2892 2257 2909 2285 ,
2947 2218 3084 2287 μήτε
3118 2209 3185 2269 αὖ
3216 2210 3642 2285 προῦπάρξαντα
3669 2206 3792 2265 τέλος

560 2311 780 2365 semper
803 2311 948 2352 esse.
989 2294 1122 2351 lllud
1152 2311 1282 2352 vero
1307 2314 1324 2352 :
1355 2297 1462 2365 Ego
1484 2299 1637 2352 hodie
1658 2300 1812 2369 genui
1856 2312 1943 2364 te;
1973 2298 2141 2367 volui,

2242 2316 2556 2389 ἐσχηκέναι,
2604 2314 2742 2368 ἀλλά
2781 2308 2922 2365 εἶναι
2964 2309 3053 2364 ἀεὶ
3095 2308 3187 2362 τὸν
3220 2306 3407 2361 αὐτόν.
3437 2304 3512 2356 Τὸ
3545 2301 3633 2354 δέ’
3675 2297 3791 2367 Ἐγὼ

564 2387 762 2457 inquit,
788 2402 915 2441 eum
940 2387 1029 2456 qui
1058 2388 1208 2456 prius
1231 2385 1345 2457 jam
1370 2390 1495 2444 inde
1525 2401 1650 2445 ante
1679 2390 1875 2445 saecula
1909 2392 1963 2446 in
1988 2391 2143 2447 caelis

2243 2385 2510 2480 σήμερον
2541 2404 2873 2478 γεγέννηκά
2906 2419 3001 2471 σε,
3031 2402 3113 2456 ὅτι
3147 2399 3395 2471 Προόντα
3428 2396 3529 2468 ἥδη
3576 2392 3673 2464 πρὸ
3705 2390 3792 2444 τῶν

562 2479 742 2535 fuerat
776 2480 939 2535 etiam
971 2482 1169 2536 mundo
1208 2497 1492 2552 generare,
1534 2483 1637 2538 hoc
1670 2494 1773 2546 est,
1810 2485 1961 2551 prius
1990 2486 2145 2554 igno-

2242 2479 2474 2566 αἰώνων,
2502 2498 2651 2567 λέγει
2672 2501 2739 2561 ⁸³,
2770 2498 2828 2550 ἐν
2860 2498 2976 2558 τοῖς
3004 2494 3250 2563 οὐρανοῖς
3274 2487 3576 2559 ἐϐουλήθην
3616 2485 3699 2539 καὶ
3730 2482 3790 2553 τῷ

565 2583 703 2641 tum,
732 2582 916 2628 notum
964 2573 1209 2630 reddere.
1242 2573 1532 2641 Nimirum,
1557 2575 1623 2629 iis
1651 2576 1742 2644 qui
1767 2576 2141 2631 multimodam

2244 2594 2436 2663 κόσμῳ
2489 2590 2770 2660 γεννῆσαι,
2822 2586 2851 2640 ὃ
2896 2586 2959 2657 δή
3009 2586 3127 2639 ἐστι
3179 2581 3422 2653 πρόσθεν
3470 2577 3789 2646 ἀγνοούμενον

559 2664 663 2720 Dei
688 2664 1013 2736 sapientiam
1054 2667 1293 2722 nondum
1322 2666 1934 2738 ittlelliguntnunquam
1966 2668 2142 2723 adhuc

2244 2684 2531 2755 γνωρίσαι.
2549 2680 2766 2751 Ἀμέλει
2785 2679 2834 2711 ’δ
2860 2680 2975 2741 τοῖς
2998 2676 3225 2748 μηδέπω
3242 2673 3355 2727 τῶν
3380 2672 3477 2725 ἀνθ
3486 2669 3670 2741 ρώπων
3689 2683 3789 2719 σνν-

564 2767 729 2812 natus
761 2765 846 2813 est
889 2757 1163 2827 Christus,
1195 2760 1298 2815 hoc
1335 2768 1441 2823 est,
1474 2774 1751 2829 nunquam
1800 2760 2052 2829 COgnitus
2090 2769 2146 2813 et

2245 2776 2577 2849 ῃσθημένοις
2603 2774 2703 2844 τὴν
2728 2769 3115 2826 πολυποίκιλον
3143 2767 3238 2820 τοῦ
3264 2764 3404 2822 Θεοῦ
3442 2762 3627 2831 σοφίαν
3646 2762 3671 2813 ὁ
3690 2760 3790 2828 Χρι-

561 2854 857 2911 revelatus.
919 2850 933 2862 ’
2249 2871 2374 2933 στδς
2418 2866 2631 2923 οὐδέπω
2673 2865 3033 2934 γεγέννηται·
3068 2862 3207 2930 ὅπερ
3247 2857 3636 2913 ἐστὶνπούδέπω
3658 2850 3792 2921 ἐγνώ-

2251 2961 2377 3029 σθη,
2419 2960 2637 3013 οὐδέπω
2674 2956 3084 3026 πεφανέρωται.

635 3031 871 3088 Ρ¹⁰¹⁵Ῐ¹η³
895 3046 961 3087 ⁸⁸
990 3031 1310 3103 ΑΡ⁰⁶³¹ΥΡ⁵Ῐ
1351 3031 1522 3088 sane“
1569 3030 1796 3088 Ῐοθηηίθ
1843 3032 2038 3104 311ὺ
2062 3034 2145 3087 δί’
2322 3054 2446 3107 Ὀτι
2469 3052 2537 3105 τά
2568 3050 2795 3103 πλεῖστα
2826 3047 2926 3115 τῆς
2953 3046 3050 3099 τοῦ
3073 3045 3230 3113 ἀγίου
3259 3044 3508 3097 Ἰωάννου
3535 3034 3791 3093 Ἄποκαλύ-

564 3134 651 3182 cta
676 3126 742 3180 ad
765 3124 1060 3181 Ecclesiam
1087 3133 1141 3180 et
1158 3125 1447 3195 virginales
1462 3124 1671 3180 animas
1693 3124 1875 3182 refert.
1894 3125 2148 3193 Quiuimo

2186 3210 2215 3215 _
2249 3145 2396 3215 ψεως
2425 3141 2567 3215 ῥητά
2604 3142 2685 3204 εἰς
2720 3138 2820 3211 τὴν
2855 3136 3185 3208 Ἐκκλησίαν
3219 3134 3317 3189 καὶ
3348 3134 3450 3196 τὰς
3477 3126 3792 3202 παρθενευού-

564 3218 747 3274 omnia
778 3267 787 3277 .
815 3216 932 3272 fere
987 3216 1131 3273 dicta
1191 3216 1413 3272 aliunde
1460 3216 1870 3288 interpretatur,
1906 3232 2006 3275 nec
2050 3221 2148 3274 ad-

2185 3210 2217 3269 Β
2252 3210 2351 3298 σας
2386 3210 2564 3305 ψυχὰς
2592 3228 2983 3299 ἀνάγει.⁹Δλλά
3020 3228 3204 3299 σχεδὸν
3231 3227 3324 3280 καὶ
3361 3224 3490 3297 [509
3518 3220 3605 3293 11.]
3630 3222 3718 3274 ὅσα
3742 3218 3791 3271 ἂν

563 3313 830 3378 litteram,
859 3313 956 3370 sed
975 3312 1264 3383 allegorice
1297 3313 1352 3368 in
1375 3313 1479 3369 hoc
1500 3313 1715 3386 dialogo
1741 3314 1984 3385 exponit.

2254 3327 2394 3401 ρητά
2439 3327 2533 3381 καί⁸
2580 3323 2799 3381 ἄλλοθεν
2830 3321 3046 3388 ἔλασεν,
3076 3318 3459 3390 ἀλληγορικῶς
3487 3316 3618 3369 αὐτὰ
3641 3312 3722 3366 καὶ
3743 3308 3789 3363 ού

2252 3420 2396 3475 κατά
2423 3420 2485 3473 τὸ
2518 3418 2755 3490 γράμμα
2784 3416 3055 3487 διηγεῖται
3081 3415 3138 3468 ἐν
3165 3411 3304 3484 τῷδε
3333 3410 3415 3481 τῷ
3443 3406 3678 3475 διαλόγῳ.

639 3513 856 3570 Refellit
893 3529 988 3570 eos
1036 3514 1129 3584 qui
1180 3514 1349 3568 fatum
1395 3522 1622 3584 ponunt,
1671 3513 1757 3568 his
1808 3513 1990 3568 verbis
2030 3528 2043 3563 :
2092 3511 2148 3567 Si

2324 3513 2448 3565 Ὅτι
2478 3510 2717 3581 ἀναιρῶν
2737 3508 2865 3572 τοὺς
2893 3505 3235 3578 εἱμαρμένην
3270 3503 3591 3569 δοξάζοντας
3625 3494 3788 3569 φησίν

568 3620 719 3663 astra
769 3606 1088 3664 mortalibus
1137 3605 1479 3661 calamitates
1531 3614 1587 3660 et
1642 3605 1843 3659 malam
1910 3612 2147 3657 mentem

2251 3607 2317 3661 Εί
2344 3606 2445 3668 τάς
2476 3603 2588 3657 τῶν
2616 3600 2828 3674 θνητῶν
2873 3600 3163 3673 συμφορὰς
3196 3601 3291 3653 καὶ
3320 3594 3717 3668 κακοφροσύνας
3740 3588 3790 3642 τὰ

567 3700 886 3763 conciliant,
931 3699 1079 3754 circa
1128 3698 1396 3753 luxuriam
1449 3707 1506 3754 et
1556 3697 1681 3751 vitae
1730 3695 2149 3751 inconslantiam

2252 3697 2427 3769 ἄστρα
2456 3693 2825 3759 τεκταίνεται,
2856 3692 2990 3763 περὶ
3024 3692 3124 3757 τὰς
3154 3691 3445 3760 ἀσελγείας
3491 3687 3583 3742 καὶ
3623 3680 3790 3754 τροπὰς

568 3799 856 3860 occupata,
883 3789 1014 3859 ipsis
1040 3788 1351 3844 hominibus
1375 3788 1676 3844 infeliciora
1696 3795 1842 3850 sunt,
1869 3785 2015 3857 quod
2041 3798 2149 3840 non

2251 3787 2347 3844 τοῦ
2383 3787 2499 3859 βίου
2528 3785 2906 3856 ἀσχολούμενα
2934 3785 3044 3855 ἄρα
3073 3780 3379 3853 ἀθλιώτερα
3398 3780 3506 3835 τῶν
3534 3772 3790 3848 ἀνθρώπων

570 3880 686 3950 ipsa
723 3879 914 3949 (astra)
941 3889 1128 3934 ament
1160 3876 1338 3945 mala;
1385 3878 1477 3933 sed
1511 3877 1756 3933 homines
1793 3874 1957 3931 etiam
1998 3885 2055 3928 ut
2085 3888 2152 3929 ea

2253 3882 2422 3946 ἐστὶν,
2449 3881 2531 3934 ὃτι
2580 3879 2641 3932 ού
2694 3878 2854 3949 μόνον
2900 3876 3043 3931 αύτά
3083 3875 3191 3931 τῶν
3225 3874 3416 3930 κακῶν
3457 3872 3661 3943 ἐρῶσιν,
3683 3862 3788 3919 ἀλλὰ

571 3973 892 4043 designent,
921 3982 1140 4043 cogant.
1185 3970 1455 4027 Praeterea
1485 3969 1532 4026 si
1561 3970 1706 4025 nulla
1736 3970 1880 4025 actio
1913 3970 2032 4024 sine
2057 3969 2150 4023 de-

2253 3976 2349 4029 xal
2389 3974 2518 4037 τοὺς
2562 3970 2885 4043 ἀνθρώπους
2932 3968 3305 4038 ἀναγκάζουσι
3346 3965 3521 4021 ταῦτα
3552 3960 3786 4033 πράττειν.

571 4063 773 4119 siderio
824 4061 918 4127 lit,
955 4071 1009 4116 et
1042 4075 1207 4116 omne
1240 4060 1565 4116 desiderium
1605 4069 1788 4115 careat
1819 4058 2150 4123 desiderato,

2256 4069 2378 4122 Ἔτι
2400 4067 2623 4120 critica
2649 4064 2847 4135 πρᾶξις
2862 4062 3031 4136 χωρὶς
3056 4060 3351 4131 ἐπιθυμίας
3376 4059 3438 4112 ού
3464 4057 3673 4126 γίνεται.
3693 4047 3790 4102 οὐδὲ

568 4156 718 4213 Deus
748 4164 928 4210 autem
966 4153 1168 4209 nullius
1191 4153 1264 4209 sit
1290 4152 1561 4223 indigens,
1589 4168 1720 4221 ergo
1762 4167 1861 4206 nec
1890 4150 2150 4205 malitiam

2257 4161 2366 4233 μὴν
2411 4157 2681 4230 ἐπιθυμία
2722 4156 2891 4228 χωρίς
2934 4155 3161 4219 ἐνδείας,
3193 4151 3440 4215 ἀνενδεές
3482 4148 3623 4203 δὲτὸ
3649 4144 3787 4204 Θεῖον,

572 4248 889 4303 meditatur.
919 4246 1204 4301 Astrorum
1235 4244 1676 4314 uaturafpropior
1700 4252 1786 4297 est
1826 4241 1956 4321 Deo,
1984 4242 2153 4297 adeo-

2253 4252 2573 4321 ἁνεννόητον
2622 4250 2731 4321 ἄρα
2786 4246 3069 4319 πονηρίας.
3088 4246 3153 4299 Ἦ
3177 4245 3232 4298 δὲ
3260 4246 3370 4297 τῶν
3420 4244 3625 4313 ἄστρων
3665 4234 3789 4321 φύῖις

570 4352 680 4408 que
707 4336 899 4392 melior
942 4336 1204 4391 bonorqu
1242 4335 1525 4391 hominum
1566 4334 1803 4399 virtute;
1842 4320 1971 4404 erg'o
2001 4340 2153 4388 astra

2255 4320 2538 4413 ἐγγυτέρω
2588 4338 2847 4392 τέτακται
2895 4336 3055 4397 Θεοῦ.
3087 4336 3359 4405 κρείσσων
3405 4327 3539 4386 οὖσα
3583 4327 3670 4397 τῆς
3706 4320 3789 4374 τῶν

569 4431 700 4485 mali
732 4438 860 4485 sunt
880 4429 1145 4499 expertia,
1182 4443 1282 4482 nec
1315 4428 1479 4483 ullius
1515 4427 1777 4497 indigent.
1812 4426 1895 4481 Ad
1916 4426 2052 4490 haec,
2085 4426 2151 4483 ad

2256 4432 2588 4505 κρεισσόνων
2631 4427 2937 4500 ἀνθρώπων
2979 4427 3210 4500 ἀρετῆςο
3264 4423 3588 4492 ἀννεννόητα
3629 4413 3788 4475 κακίας

571 4521 945 4583 refellendum,
970 4520 1113 4590 quod
1133 4519 1348 4591 genesis
1369 4519 1615 4587 quaedam
1645 4524 1922 4587 operetur,
1952 4518 2146 4588 (dicit:

2184 4552 2229 4608 ο
2256 4526 2364 4597 ἀρα
2387 4524 2481 4578 καὶ
2504 4522 2726 4591 ἀνενδεῆ
2756 4524 2872 4574 ἐστι
2895 4520 2966 4574 τά
2993 4518 3319 4589 ἀστρα,Ἔτι
3351 4517 3431 4579 εἰς
3448 4516 3494 4548 ³⁸
3520 4507 3785 4608 τδλάνελεῖν,

569 4613 687 4669 Hoc
714 4614 822 4680 lex)
858 4612 1127 4683 prohibet,
1162 4613 1485 4682 impostores
1515 4610 1703 4681 punit,
1742 4611 2011 4681 minisque
2041 4610 2151 4667 Ge-

2184 4603 2217 4608 -
2261 4618 2395 4673 Τινὰ
2423 4616 2633 4685 γένεσις
2664 4614 2957 4685 ἐργάζεται
2980 4655 2997 4680 ,
3021 4612 3182 4665 τοῦτο
3222 4611 3280 4663 δὲ
3309 4610 3470 4679 νόμος
3500 4603 3698 4665 κωλύει,
3722 4613 3790 4650 κο-

572 4706 967 4762 nethliacorum
1004 4704 1308 4760 doctrinam
1359 4703 1649 4772 proscribit
1690 4719 1705 4760 :
1737 4718 1869 4773 ergo
1910 4704 1995 4759 lex
2025 4718 2155 4759 con-

2260 4712 2439 4775 λάζων
2480 4709 2605 4773 τοὺς
2639 4708 2944 4777 ἀλάστορας
2975 4705 3069 4758 καὶ
3114 4703 3179 4757 δι’
3204 4701 3437 4772 ἀπειλῆς
3461 4697 3714 4766 ἀπείργων
3740 4687 3788 4739 τὰ

571 4800 738 4854 traria
785 4808 869 4855 est
916 4798 1122 4869 genesi.
1164 4798 1510 4867 Quaecunque
1556 4797 1701 4852 enim
1749 4798 1835 4852 lex
1880 4797 2152 4863 prohibet,

2260 4806 2360 4873 τῆς
2387 4802 2659 4872 γενέσεως
2692 4800 2967 4870 δόγματα,
2999 4796 3239 4852 ἐναντίον
3259 4796 3367 4866 ἄρα
3394 4794 3553 4864 νόμος
3581 4784 3785 4856 γενέσει⁸

573 4893 787 4963 genesis
822 4893 1040 4959 delinit;
1073 4905 1413 4961 quacunque
1440 4898 1616 4944 autem
1644 4891 1789 4960 cogit
1818 4892 2033 4960 genesis
2074 4889 2155 4944 fa-

2261 4896 2363 4948 ὂσα
2415 4893 2513 4963 μὲν
2559 4892 2670 4963 γὰρ
2717 4892 2879 4961 νόμος
2930 4885 3357 4952 κωλύει,ταῦτα
3379 4885 3585 4953 γένεσις
3611 4876 3785 4963 ὤρινεν·

575 4961 723 5044 cere,
751 4994 813 5033 ea
844 4981 931 5035 lex
971 4979 1279 5044 interdicit;
1320 4994 1451 5048 ergo
1479 4978 1563 5032 lex
1590 4977 1809 5033 inimica
1839 4981 2022 5049 genesi
2049 4990 2153 5037 est.

2260 4985 2361 5038 ὅσα
2385 4983 2444 5036 δὲ
2464 4980 2677 5052 γένεσις
2712 4983 2887 5034 ποιεῖν
2919 4979 3188 5050 βιάζεται,
3222 4977 3399 5031 ταῦτα
3426 4976 3581 5046 νόμος
3609 4961 3784 5022 κωλύει·

576 5070 636 5123 Si
664 5081 843 5124 autem
886 5073 1139 5140 inimica,
1169 5088 1298 5143 ergo
1334 5072 1683 5143 legislatores
1704 5088 1810 5125 non
1844 5083 1968 5126 sunt
1992 5072 2150 5143 legis-

2262 5074 2530 5145 Πολέμιον
2553 5074 2660 5144 ἄρα
2678 5073 2889 5142 γενέσει
2911 5073 3096 5143 νόμος.
3127 5073 3191 5126 Ei
3218 5072 3274 5124 δὲ
3298 5069 3572 5136 πολέμιον,
3601 5060 3687 5113 οὒκ
3704 5054 3786 5145 ἀρε

576 5159 779 5215 latores
809 5166 1107 5217 secundum
1150 5166 1393 5235 genesin.
1439 5161 1551 5218 Hoc
1584 5177 1702 5229 est,
1752 5179 1857 5217 non
1895 5175 2022 5218 sunt
2060 5182 2155 5235 ge—

2265 5140 2421 5222 mes-
2452 5140 2667 5236 γένεσιν
2693 5140 2743 5220 οἱ
2774 5140 3062 5236 νομοθέται
3093 5164 3400 5235 νομοθέται.
3449 5157 3564 5232 [961
3601 5148 3684 5223 Β·]
3724 5140 3785 5196 Τὰ

660 5273 675 5311 ί
722 5272 872 5326 Psal.
911 5271 970 5337 2,
1002 5273 1082 5339 7.,

1850 5369 2087 5425 ἾΑΙιΙιιΕ
2124 5370 2536 5432 LECTIONES.

656 5479 901 5563 “stupe
937 5482 1058 5563 θεῖα
1083 5497 1201 5563 post
1228 5484 1507 5563 tho‘ttuiu
1542 5485 1756 5563 Suicer.
1780 5485 2103 5563 Thes._ti,p.
2126 5490 2269 5546 595:
2308 5493 2551 5563 frustra.
2634 5496 2678 5528 ¹⁹
2702 5490 3018 5563 ὑπαλλαγὴν
3050 5490 3159 5545 AB.
3246 5489 3303 5563 A”
3354 5470 3784 5563 ρηξιξαυτὴνέέῖ

579 5543 821 5636 deminui
846 5543 1177 5636 «ipsam-1"
1210 5553 1382 5636 εἶναι]
1421 5553 1564 5636 εἶναι.
1608 5557 1772 5636 αὐτον
1822 5543 2148 5636 ϐεωλρᾖάέ
2601 5582 2654 5635 p.
3108 5543 3167 5615 ού
3194 5543 3445 5630 γέγονας]
3504 5543 3782 5609 horuinluco

583 5619 776 5678 laeutta
822 5619 995 5681 est'in
1024 5619 1132 5682 ΑΒ.
1210 5628 1255 5658 ⁸³
1283 5619 1452 5695 λέγει.
1528 5626 1574 5658 ⁸⁸
1612 5626 1805 5696 ἀμέλει
1830 5629 2085 5697 om.|AB.
2162 5619 2217 5664 η’
2240 5635 2351 5688 είΑ
2389 5653 2404 5689 :
2437 5637 2516 5699 εἰς

2129 5747 2362 5808 NOTAE.

635 5852 1365 5936 ⁸(95)..ἰτιιιρθενία-ἱιιιιξι·ε(ει
1400 5874 1415 5907 ι
1448 5872 1585 5936 pone
1607 5875 1650 5936 v_
1672 5869 1722 5911 et
1761 5877 1794 5911 α
1828 5863 2165 5936 ριάεροείιίο-
2272 5882 2301 5936 ν
2323 5880 2469 5930 proa
2507 5864 2855 5936 Elymologns
2892 5866 2994 5922 huc
3023 5878 3125 5921 non
3152 5861 3284 5920 facit
3318 5860 3408 5931 qui
3437 5855 3563 5913 dicit
3588 5849 3773 5907 dictum;

594 5923 679 5975 nis
716 5923 965 5981 ultimum
995 5924 1187 5997 abjice.
1206 5927 1280 5982 Ita
1316 5937 1397 5982 eSt
1420 5923 1576 5984 unius
1618 5929 1811 5986 littera:
1829 5923 2159 6002 permutatio
2269 5923 2351 5988 δτί
2386 5937 2533 6006 παρὰ
2561 5923 2697 5990 Θεοῦ
2731 5923 2905 6006 ἐδόθη.
