4066 6406
229 437 373 503 1173

1206 431 1733 493 BIBLIOTHECA.
1772 454 1846 466 ——
1883 427 2047 491 COD.
2089 382 2475 495 ecxxxvn.

221 559 339 630 γὰρ
369 555 591 610 ὲναντία
627 552 1044 625 δογματίζοντες
1078 551 1288 620 γενέσει
1320 550 1532 618 γένεσιν
1571 546 1809 600 λύουσιν.
1842 550 1860 606 1

1962 548 2032 601 esi
2075 548 2382 603 necessario
2412 562 2511 617 per
2549 544 2719 599 fatum
2764 540 3014 610 subjecti.
3042 539 3178 596 Nam
3213 542 3339 596 dum
3368 555 3502 592 con-

225 652 391 704 Ἠτοι
416 646 512 702 οὗν
536 646 747 718 γένεσίς
777 648 914 705 ἐστι,
946 646 1041 699 καὶ
1083 645 1144 698 ού
1187 643 1296 715 χρὴ
1344 640 1482 697 εἶναι
1525 641 1752 712 νόμους,
1784 640 1818 711 ἥ

1926 641 2075 695 raria
2108 639 2297 711 genesi
2325 638 2655 701 decernunt,
2715 636 2958 706 genesim
3004 634 3320 689 destruunt.
3356 632 3501 701 Ergo

223 740 340 791 εἰσὶ
378 739 560 807 νόμοι,
587 738 681 791 καὶ
710 737 810 790 οὐκ
842 736 951 789 εἰσὶ
976 734 1120 789 κατὰ
1145 735 1382 804 γένεσιν.
1400 732 1563 786 Ἀλλά
1594 732 1822 802 ἀμήχα-

1962 740 2017 786 ιιι
2039 732 2259 801 genesis
2286 740 2391 796 est,
2438 738 2495 783 et
2539 728 2801 783 tolluntur
2823 727 3013 799 leges:
3047 734 3141 779 aut
3174 725 3322 794 leges
3348 732 3502 788 sunt,

226 849 324 884 νον
346 831 516 901 χωρὶς
540 831 806 900 γενέσεως
825 828 990 898 φῦναί
1016 828 1122 881 τινί
1148 845 1269 881 τινα
1300 827 1394 880 καὶ
1414 821 1826 895 διαπράξασθαί

1965 836 1983 879 ι
2013 840 2118 878 non
2149 832 2279 878 sunt
2308 837 2429 892 quae
2457 820 2640 891 genesi
2700 819 3051 888 respondent.
3109 817 3215 872 Sed
3285 831 3390 869 non
3417 824 3502 868 est

228 938 285 973 τι
306 937 319 950 ·
344 921 469 975 οὐδὲ
488 920 598 991 γὰρ
625 922 717 975 τὸν
736 919 1001 973 δάκτυλον
1026 916 1225 983 ἐξεῖναί
1249 932 1413 986 φασιν
1436 916 1608 987 χωρὶς
1631 915 1828 984 εἱμαρ-

235 1014 410 1084 μένης
462 1014 704 1083 κινῆσαι.
737 1013 894 1066 Κατὰ
940 1012 1156 1081 γένεσιν
1208 1010 1315 1080 ἄρα
1359 1008 1455 1062 καὶ
1501 1007 1689 1069 Μίνως
1732 1006 1830 1059 καὶ

249 1105 634 1175 Ῥαδάμανθυς
674 1106 769 1159 καὶ
802 1105 1031 1176 Δράκων
1064 1104 1159 1158 καὶ
1184 1100 1500 1172 Λυκοῦργος
1529 1100 1624 1153 καὶ
1653 1099 1831 1151 Σόλων

234 1194 337 1247 καὶ
366 1195 641 1257 Ζάλευκος
670 1194 958 1264 νομοθέται
1003 1192 1201 1263 φύντες
1244 1190 1559 1254 διετάξαντο
1586 1189 1718 1252 τοὺς
1745 1188 1834 1241 νόο-

239 1302 402 1354 μους,
427 1286 874 1355 ἀπαγορεύοντας
906 1284 1115 1346 κλοπὰς
1146 1284 1342 1354 φόνους
1376 1285 1472 1338 καὶ
1497 1282 1567 1336 τὰ
1591 1284 1775 1353 ὃμοια,
1796 1280 1835 1336 ἃ

237 1376 386 1429 κατά
431 1377 652 1445 γένεσιν
724 1377 1143 1447 ὲπισυμϐαίνειν
1183 1376 1625 1447 δογματίζουσιν.
1652 1375 1835 1444 Ὅπερ

238 1464 509 1519 ἀδύνατον
532 1483 548 1497 ·
584 1466 722 1538 αὑτὴ
747 1466 856 1537 γάρ
881 1466 949 1520 ἂν
984 1465 1075 1534 ὑφ’
1099 1466 1301 1536 ἑαυτῆς
1329 1468 1585 1537 ἀνῃρεῖτο
1614 1467 1649 1535 ἠ
1676 1466 1722 1498 ³⁸
1748 1464 1840 1533 γέ-

242 1573 417 1622 νεσις,
453 1559 594 1630 αὑτὴ
624 1560 823 1631 ἑαυτὴν
855 1558 1157 1629 ἀκυροῦσα,
1188 1560 1286 1613 καὶ
1316 1558 1553 1612 ἐνταῦθα
1601 1558 1700 1629 μὲν
1732 1558 1837 1611 ἀπο

241 1653 644 1722 αγορευτικοὺς
691 1652 941 1722 μοιχείας
984 1653 1078 1706 καὶ
1116 1652 1226 1704 τῶν
1258 1636 1438 1706 ἄλλων)
1461 1650 1660 1722 νόμους
1690 1648 1841 1703 τιθε-

250 1744 414 1813 μένη,
448 1741 687 1795 ἐνταῦθα
730 1742 786 1795 δὲ
828 1744 958 1803 τοὺς
1003 1742 1203 1811 νόμους
1219 1743 1265 1774 ³⁷
1308 1742 1405 1796 καὶ
1449 1741 1548 1804 τὰς
1599 1739 1843 1811 μοιχείας

246 1830 597 1902 ἐργαζομένη
620 1847 635 1862 ·
663 1831 815 1885 οὐδὲν
845 1832 955 1902 γὰρ
982 1832 1271 1887 ἀλλόκοτον
1316 1830 1431 1905 [αὖ]
1485 1832 1621 1887 αὐτὸ
1663 1830 1845 1902 ἑαυτῷ

252 1924 569 1994 μαχόμενον
613 1926 709 1980 καὶ
757 1924 890 1979 αὐτὸ
927 1925 1089 1979 ἑαυτὸ
1118 1925 1406 1980 καταλύειν
1438 1925 1692 1980 σπεῦδον.
1731 1926 1845 1979 υύκ

250 2014 367 2083 ἀρα
402 2014 639 2083 γένεσις.

324 2204 451 2257 Ὅτι
479 2205 664 2275 φησὶν,
709 2204 774 2258 Ἡ
802 2204 945 2258 κατά
987 2204 1341 2277 σωφροσύνην
1368 2205 1537 2278 ἀρετὴ
1575 2206 1850 2280 κρείσσων

254 2296 378 2349 ἐστὶ
405 2297 506 2365 τῆς
533 2296 677 2349 κατὰ
699 2296 974 2367 ἀκρασίαν
1002 2297 1222 2364 κακίας,
1258 2299 1449 2369 μαθεῖν
1478 2299 1595 2353 ἐστι
1623 2299 1721 2353 καὶ
1744 2298 1853 2352 ἀπὸ

258 2386 548 2456 βασιλέων,
585 2386 693 2439 ἀπὸ
739 2387 1042 2457 ἀρχόντων,
1070 2387 1180 2441 ἀπὸ
1226 2390 1572 2460 στρατηγῶν,
1601 2391 1710 2444 ἀπὸ
1759 2390 1855 2444 τέ-

258 2494 429 2540 κνων,
456 2475 567 2528 ἀπὸ
609 2475 866 2540 πολιτῶν,
896 2476 1008 2529 ἀπὸ
1049 2477 1299 2543 οἰκετῶν,
1325 2479 1434 2531 ἀπὸ
1466 2480 1851 2549 παιδαγωγῶν.

259 2569 539 2631 Ἕκαστος
578 2567 690 2637 γὰρ
720 2568 926 2623 τούτων
949 2570 1130 2640 ἑαυτῷ
1151 2573 1246 2624 καὶ
1279 2570 1358 2641 τῷ
1387 2572 1551 2642 κοινῷ
1578 2573 1855 2643 ὠφέλιμος

260 2659 475 2727 γίνεται
529 2660 857 2732 σωφρονῶν,
884 2661 1290 2717 ἀκολασταίνων
1336 2663 1383 2716 δ’
1409 2664 1588 2736 ἑαυτῷ
1638 2667 1734 2720 καὶ
1776 2665 1857 2736 τῷ

263 2752 431 2821 κοινῷ
472 2752 755 2824 βλαὸερός.

336 2843 465 2895 Ὀτι
513 2844 698 2913 φησὶν,
716 2843 781 2897 '0
816 2843 935 2913 μὲν
977 2845 1162 2914 νόμος
1187 2848 1377 2915 τύπος
1405 2847 1538 2903 ἐστι
1568 2848 1669 2902 καί
1712 2849 1859 2903 σκιὰ

263 2932 378 3002 τῆς
422 2935 678 3000 εἰκόνος,
708 2936 952 2990 τουτέστι
978 2938 1073 2996 τοῦ
1104 2939 1439 3007 Εὐαγγελίου
1461 2957 1476 2971 ·
1512 2942 1546 3011 ὴ
1586 2941 1645 2994 δὲ
1694 2941 1859 2996 είκὼν

265 3028 329 3078 τὸ
361 3026 699 3094 Εὑαγγέλιον
727 3026 899 3095 αὐτῆς
925 3028 1027 3100 τῆς
1057 3029 1317 3100 ἀληθείας
1345 3031 1449 3102 τῆς
1492 3032 1761 3104 ἐσομένης
1799 3034 1861 3087 ὲν

268 3119 336 3188 τῇ
375 3116 607 3189 δευτέρᾳ
643 3117 739 3171 τοῦ
778 3118 987 3191 Κυρίου
1028 3122 1327 3194 παρουσίᾳ.

1929 915 2205 986 possibile,
2234 914 2502 983 inquiunt,
2528 912 2810 981 quisquam
2842 919 2900 965 ut
2928 917 3206 973 nascatur,
3244 916 3303 959 ut
3350 905 3510 975 quid-

1931 1021 2092 1074 quam
2134 1019 2164 1059 a
2196 1019 2468 1075 quoquam
2510 1005 2602 1057 liat
2651 1003 2770 1057 sine
2807 1001 3017 1073 genesi,
3066 1014 3241 1069 neque
3278 997 3509 1066 digitum

1933 1099 2052 1154 sine
2106 1095 2220 1151 fato
2268 1109 2427 1165 posse
2474 1094 2676 1150 moveri
2715 1093 2885 1147 aiunt.
2935 1091 3018 1145 An
3048 1104 3180 1159 ergo
3210 1088 3511 1143 secundum

1934 1190 2154 1262 genesin
2183 1191 2296 1244 nati
2340 1187 2536 1252 Minos,
2562 1186 2999 1247 Rbadamantus,
3032 1182 3269 1244 Dracon,
3305 1177 3513 1251 Lycur-

1935 1298 2074 1356 gus,
2132 1281 2337 1347 Solon,
2390 1280 2647 1336 Seleucus
2695 1278 3068 1348 legislatores,
3132 1274 3278 1345 leges
3327 1271 3518 1326 conui—

1937 1377 2133 1431 deruut
2179 1387 2301 1444 quae
2354 1374 2679 1428 damnarunt
2708 1371 2874 1435 furta,
2910 1370 3108 1431 caedes,
3164 1374 3219 1421 et
3264 1366 3370 1420 hoc
3426 1378 3520 1434 ge-

1941 1483 2042 1524 nus
2091 1467 2217 1531 alia,
2269 1479 2391 1536 quae
2451 1464 2565 1519 fato
2607 1464 2723 1519 ﬁeri
2768 1478 2864 1519 seu
2925 1461 3109 1531 genesi
3165 1456 3520 1522 contendunt,

1941 1560 2084 1630 quod
2115 1559 2233 1615 ﬁeri
2262 1574 2369 1614 non
2423 1565 2619 1627 potest,
2663 1572 2791 1611 nam
2826 1554 3041 1625 genesis
3072 1567 3102 1607 a
3137 1552 3316 1618 seipsa
3361 1564 3511 1605 ever-

1945 1664 2185 1718 teretur,
2230 1655 2356 1708 dum
2381 1651 2498 1721 ipsa
2552 1648 2788 1717 seipsam
2821 1652 3158 1701 exauctorat.
3190 1642 3331 1697 Hinc
3373 1640 3520 1694 enim

1943 1756 2109 1818 ponat
2139 1744 2356 1814 genesis
2383 1741 2531 1811 leges
2571 1754 2692 1810 qua:
2733 1737 2996 1793 adulteria
3027 1746 3082 1791 et
3129 1735 3234 1789 alia
3288 1733 3522 1787 crimina

1947 1840 2225 1903 damnant,
2256 1835 2407 1891 illinc
2433 1847 2564 1888 vero
2584 1832 2796 1905 [eadem
2821 1827 3058 1901 genesis]
3086 1829 3260 1881 credes
3292 1832 3346 1880 et
3375 1824 3523 1878 adul-

1949 1934 2083 1988 teria
2117 1939 2374 2002 operetur
2400 1946 2417 1984 :
2454 1927 2589 1981 nihil
2623 1925 2768 1981 enim
2797 1923 2940 1978 idem
2963 1920 3192 1989 aseipso
3222 1917 3526 1978 diversum,

1950 2038 2134 2080 secum
2164 2030 2391 2093 pugnat,
2437 2008 2689 2087 idemque
2719 2017 2784 2069 ad
2818 2014 2898 2069 sui
2935 2012 3108 2082 ipsius
3137 2008 3364 2063 exitium
3398 2020 3526 2060 ver-

1951 2117 2049 2188 git.
2082 2115 2225 2183 Ergo
2247 2111 2463 2184 genesis
2487 2109 2630 2164 nulla
2666 2116 2773 2161 est.

2023 2203 2420 2274 Temperantia;
2471 2203 2728 2256 virtutem
2760 2197 2837 2251 ait
2878 2195 3154 2250 utiliorem
3211 2203 3337 2246 esse
3387 2186 3527 2241 vitio

1954 2296 2408 2367 intemperantiae,
2432 2294 2595 2361 idque
2626 2300 2815 2361 patere
2859 2303 2925 2342 ex
2963 2286 3206 2357 regibus,
3235 2282 3533 2353 magistra-

1955 2394 2123 2455 tibus,
2156 2388 2282 2445 belli
2332 2387 2582 2451 ducibus,
2621 2383 2769 2446 ﬁliis,
2825 2380 3056 2446 civibus,
3105 2376 3304 2442 servis,
3349 2374 3532 2444 paeda—

1954 2478 2372 2555 gogis:singuli
2412 2478 2562 2533 enim
2610 2477 2828 2539 horum,
2876 2487 3001 2527 cum
3052 2470 3215 2540 312
3245 2486 3277 2523 a
3320 2476 3534 2536 tempe-

1956 2584 2140 2632 ranter
2163 2572 2371 2636 vivunt,
2416 2578 2648 2641 prosunt
2680 2568 2783 2623 sibi
2822 2577 2878 2622 et
2920 2566 3262 2635 reipublicae;
3297 2576 3419 2617 cum
3451 2559 3535 2614 in-

1958 2676 2331 2737 temperanter
2364 2664 2465 2720 sibi
2496 2674 2551 2718 et
2575 2660 2889 2732 reipublicae
2911 2669 3133 2715 nocent.

2029 2848 2161 2913 Lex,
2189 2846 2385 2918 inquit,
2419 2846 2591 2916 figura
2617 2852 2667 2898 et
2729 2840 2918 2895 umbra
2954 2848 3029 2893 est
3087 2836 3342 2905 imaginis
3394 2832 3535 2904 (8‘),

1961 2942 2065 2998 boc
2101 2950 2188 2997 est
2218 2938 2497 3010 Evangelii
2531 2954 2548 3005 ;
2580 2936 2934 3007 Evangelium
2960 2946 3097 2989 vero
3122 2931 3304 2995 imago
3343 2927 3542 2982 futurae

1963 3032 2017 3087 in
2040 3031 2280 3088 secundo
2310 3029 2523 3086 Domini
2548 3030 2805 3092 adventu,
2837 3023 3107 3081 veritatis.

343 3210 471 3310 'D-ct
516 3211 577 3264 τὸ
594 3210 640 3310 ’ξ
670 3210 837 3310 ἐντῷ
866 3212 1139 3283 Λευῖτικῷ
1172 3215 1302 3284 περὶ
1346 3215 1445 3287 τῆς
1489 3218 1860 3288 σκηνοπηγίας

2035 3215 2251 3271 Dictum
2286 3212 2343 3267 in
2380 3210 2631 3266 Levitico
2685 3208 2752 3263 de
2785 3202 3130 3274 scenopegiis
3165 3215 3260 3256 seu
3290 3199 3547 3254 taberna-

271 3293 565 3366 λεγόμενον
595 3298 675 3361 είς
709 3299 808 3369 τὴν
840 3300 898 3352 ἐν
923 3302 989 3371 τῇ
1017 3299 1062 3369 β’
1090 3301 1184 3354 τοῦ
1214 3303 1419 3374 Κυρίου
1448 3306 1721 3379 παρουσίᾳ
1745 3308 1869 3361 ὲσο-

280 3390 448 3458 μένην
489 3390 601 3444 τῶν
645 3390 951 3461 ἀνθρώπων
1000 3393 1300 3448 ἀνάστασιν
1328 3397 1632 3467 ἐκδέχεται,
1664 3399 1869 3471 σκηνὴν

278 3482 511 3537 ἑκάστου
544 3482 607 3535 τὸ
632 3485 834 3537 οἰκεῖον
861 3484 1034 3549 τιθεὶς
1059 3486 1104 3519 ²⁹
1137 3485 1319 3558 σῶμα,
1350 3489 1449 3551 τὰς
1471 3489 1528 3542 δὲ
1564 3490 1704 3545 ἑπτὰ
1732 3493 1873 3561 ήμέ·

282 3590 386 3645 ρας
415 3576 496 3638 είς
528 3573 701 3629 τύπον
744 3575 855 3629 τῶν
899 3577 1040 3631 ἐπτά
1088 3577 1323 3645 αἰώνων,
1348 3582 1445 3636 καὶ
1469 3581 1639 3636 τᾶλλα
1666 3582 1869 3637 ἀναλό-

280 3684 419 3737 γως.

357 3759 480 3811 Ὀτι
507 3758 868 3827 ἀναγωγικῶς
883 3759 928 3791 ³⁰
949 3759 1231 3829 ἐκδέχεται
1259 3762 1322 3815 τὸ
1344 3764 1427 3825 εἰς
1448 3763 1575 3826 τοὺς
1598 3765 1809 3835 Κριτὰς
1829 3767 1873 3800 ³⁸

281 3848 572 3919 εἰρημένον
595 3863 614 3880 ο
634 3850 1010 3919 Πορευόμενα
1029 3852 1388 3919 ἐπορεύοντο
1406 3853 1532 3926 [510
1546 3854 1638 3928 ﬂ
1656 3857 1728 3910 τὰ
1766 3857 1873 3921 εύ-

281 3945 366 3996 λα
387 3940 494 3993 τοῦ
512 3938 716 4009 χρῖσαι
742 3940 832 4009 ἐφ’
853 3941 1082 3995 ἑαυτῶν
1100 3944 1145 3975 ⁸¹
1156 3944 1445 4008 βασιλέα,
1471 3946 1573 3999 καὶ
1594 3943 1773 4001 εἶπαν
1799 3948 1879 3983 ἰ*

283 4030 361 4099 τῇ
391 4031 591 4099 ἐλαίᾳ,
625 4032 1006 4087 Βασίλευσον
1030 4034 1123 4103 ἐφ’
1141 4034 1336 4103 ήμῶν·
1362 4036 1461 4090 καὶ
1482 4035 1653 4090 εἶπεν
1677 4038 1881 4104 αὐτοῖς

284 4124 325 4190 ἡ
355 4122 805 4191 ἐλαία,Ἀφεῖσα
832 4123 948 4191 τὴν
971 4124 1226 4192 πιότητά
1254 4144 1395 4195 μου,
1423 4125 1505 4196 ἣν
1523 4126 1821 4192 ἐδόξασεν
1848 4131 1881 4183 ό

289 4216 440 4279 Θεὸς
467 4214 564 4267 καὶ
591 4217 646 4268 οι
683 4215 983 4284 ἄνθρωποι
1010 4255 1026 4278 ,
1066 4217 1338 4285 πορευθῶ
1368 4217 1578 4287 ἄρχειν
1613 4218 1734 4274 τῶν
1780 4220 1882 4286 ξύ·

286 4304 519 4371 .lm'”;
546 4306 655 4360 Καὶ
701 4303 880 4359 εἶπαν
929 4309 1001 4361 τὰ
1046 4308 1205 4373 ξύλα
1229 4309 1305 4378 τῇ
1333 4310 1523 4380 συκῇ,
1553 4313 1740 4382 Δεῦρο
1777 4313 1882 4381 σὺ,

283 4398 675 4462 βασίλευσον
699 4397 793 4467 ἐφ’
821 4398 1018 4469 ἡμῶν·
1048 4401 1150 4454 καί
1186 4398 1359 4456 εἷπεν
1388 4403 1593 4470 αὐτοῖς
1622 4405 1661 4473 ἡ
1694 4407 1879 4477 συκῆ,

305 4486 545 4555 Ἀφεῖσα
560 4487 675 4555 τὴν
690 4489 1038 4557 γλυκύτητά
1048 4507 1169 4559 μου
1185 4493 1284 4545 καὶ
1316 4492 1385 4545 τὸ
1401 4493 1666 4564 γέννημά
1679 4514 1798 4565 μου
1815 4498 1885 4552 τὸ

1967 3308 2106 3365 culis
2124 3306 2295 3362 refert
2332 3304 2399 3360 ad
2439 3301 2905 3359 resurrectionem
2963 3295 3249 3351 hominum
3309 3288 3551 3347 secundo

1972 3402 2184 3458 Domini
2242 3399 2479 3455 adventu
2546 3396 2783 3453 futuram
2841 3412 2857 3449 :
2917 3389 3330 3449 tabernaculum
3401 3386 3547 3441 enim

1971 3491 2400 3563 uniuscujusque
2424 3504 2626 3560 corpus
2652 3490 3082 3556 interpretatur;
3114 3490 3320 3552 septem
3365 3488 3551 3534 autem

1973 3589 2093 3643 dies
2142 3585 2374 3656 ﬁguram
2429 3583 2507 3639 ait
2550 3590 2760 3651 septem
2817 3577 3163 3644 saeculorum,
3216 3573 3436 3643 aliaque
3499 3569 3555 3627 id

1975 3694 2145 3753 genus
2171 3675 2455 3747 analogice
2480 3672 2726 3744 exponit.

2047 3770 2356 3840 Anagogice
2378 3767 2508 3822 illud
2537 3766 2616 3838 [in
2661 3763 2912 3819 Judicum
2944 3756 3121 3830 libris]
3148 3759 3203 3813 in
3234 3755 3456 3816 Judices
3476 3752 3565 3809 di-

1979 3866 2125 3912 ctum
2167 3854 2408 3924 accipit:
2466 3848 2669 3904 Euntia
2719 3849 2927 3902 iverunt
3002 3844 3150 3914 ligna
3193 3851 3251 3895 ut
3304 3844 3564 3910 ungerent

1978 3962 2136 4015 super
2184 3960 2242 3999 se
2298 3958 2491 4012 regem.
2548 3950 2599 3995 et
2633 3940 2879 3992 dixerunt
2938 3934 3139 3988 olivae:
3175 3930 3354 4000 Regna
3403 3942 3567 3997 super

1982 4056 2096 4094 nos;
2126 4037 2192 4090 Et
2225 4035 2455 4090 dixiteis
2492 4032 2631 4086 oliva
2655 4046 2676 4086 :
2702 4029 2955 4083 Desereris
2978 4024 3346 4094 pinguedinem
3370 4037 3566 4082 meam,

1981 4146 2141 4201 quam
2180 4130 2236 4182 in
2273 4143 2356 4181 me
2382 4123 2703 4195 gloriﬁcavit
2732 4122 2871 4175 Deus
2923 4129 2974 4174 et
3007 4116 3265 4178 homines,
3299 4110 3455 4168 abibo
3508 4119 3569 4166 ut

1983 4224 2222 4277 dominer
2259 4222 2396 4273 inter
2417 4217 2557 4287 ligna
2586 4218 2611 4270 ?
2638 4215 2703 4269 Et
2733 4216 2981 4269 dixerunt
3024 4213 3169 4280 ligna
3213 4208 3379 4279 ﬂeui:
3414 4204 3569 4273 Veni,

1985 4332 2145 4386 regna
2169 4328 2327 4381 super
2348 4326 2467 4366 nos.
2521 4308 2593 4364 Et
2627 4308 2706 4361 ait
2740 4308 2815 4361 eis
2846 4305 3024 4374 ﬁcus:
3074 4301 3326 4355 Desereris
3384 4294 3574 4351 dulce-

1986 4410 2159 4462 dinem
2212 4419 2405 4469 meam,
2431 4414 2478 4457 et
2522 4402 2755 4471 fructum
2789 4413 2963 4452 meum
3026 4396 3244 4458 bonum,
3304 4389 3462 4444 abibo
3512 4394 3571 4439 ut

1987 4501 2235 4569 imperem
2265 4496 2425 4567 lignis
2448 4497 2473 4549 ?
2508 4494 2581 4547 Et
2622 4493 2873 4546 dixerunt
2918 4488 3063 4557 ligna
3110 4486 3206 4540 viti
3234 4497 3254 4537 :
3291 4494 3469 4551 usque
3502 4476 3573 4531 ad

292 4577 523 4646 ἀγαθὸν
536 4579 810 4647 πορευθὼ
831 4579 1037 4650 ἄρχειν
1052 4579 1172 4635 τῶν
1214 4583 1453 4651 ξύλωνς
1476 4586 1587 4639 Καὶ
1604 4588 1781 4641 εἶπαν
1811 4607 1860 4642 τι

1962 4591 2173 4650 ιίιιυύι
2212 4587 2281 4642 Et
2303 4589 2554 4641 dixerunt
2594 4586 2815 4636 rhamno
2844 4579 2894 4646 ἰ,
2950 4588 3007 4632 et
3064 4591 3189 4646 quae
3241 4580 3570 4642 sequuntur.

298 4668 483 4735 ξύλα,
540 4668 614 4739 τῇ
684 4671 932 4741 ἀμπέλῳ
966 4672 1014 4704 ³⁵
1062 4672 1164 4726 καί
1204 4670 1388 4728 εἶπαν
1444 4675 1519 4744 τῇ
1572 4677 1784 4747 ῥάμνῳ
1822 4681 1890 4747 ³⁸,

298 4761 393 4814 καὶ
443 4761 592 4829 ἑξῆς.
624 4762 765 4832 Φησὶ
813 4764 944 4833 γὰρ,
975 4762 1161 4821 Ταῦτα
1212 4764 1269 4818 δὲ
1310 4765 1393 4819 ὅτι
1438 4768 1512 4839 μὴ
1546 4770 1675 4839 περὶ
1709 4769 1884 4834 ξύλων

298 4851 517 4923 ἐλέχθη,
546 4854 718 4921 σαφές
762 4855 909 4907 ἐστιν
936 4871 951 4884 ·
1005 4854 1144 4909 ἀλλά
1192 4859 1323 4929 περὶ
1370 4857 1558 4928 ψυχῶν
1594 4862 1888 4931 ἱστορεῖται

298 4945 498 5011 ταῦτα,
525 4946 579 4999 αϊ
614 4948 720 5017 πρὸ
750 4947 850 5017 τῆς
876 4948 1346 5021 ὲνανθρωπήσεως
1366 4952 1460 5005 τοῦ
1490 4954 1726 5025 Χριστοῦ
1751 4956 1889 5008 καθ-

1994 4682 2141 4744 Ηωο,
2167 4680 2364 4749 inquit,
2383 4685 2598 4734 constat
2630 4690 2736 4728 non
2764 4686 2891 4727 esse
2931 4671 3000 4725 de
3040 4668 3204 4740 lignis
3255 4665 3419 4729 dicta,
3472 4663 3571 4718 sed

1991 4777 2061 4831 de
2080 4772 2371 4828 animabus
2416 4769 2532 4824 haec
2565 4774 2881 4828 narrantur,
2912 4776 3035 4831 quae
3078 4767 3206 4811 ante
3236 4754 3443 4811 Christi
3488 4753 3575 4806 in-

1990 4865 2378 4922 carnationem
2433 4859 2662 4915 luxuriae
2696 4855 2848 4910 vitiis
2915 4852 3231 4919 inquinatas,
3301 4845 3573 4900 accedunt

1990 4964 2241 5026 rogantes
2271 4962 2331 5007 ut
2362 4946 2798 5005 misericordiam
2839 4959 2868 4996 a
2904 4942 3015 4997 Deo
3069 4941 3387 5007 impetrent,
3415 4944 3472 4989 et
3514 4942 3576 4986 ut

300 5035 714 5109 υλομανήσασαι
747 5040 861 5101 τοῖς
902 5040 1319 5111 παραπτώμασι
1367 5044 1676 5114 προσίασιν,
1707 5042 1858 5100 οῐκτο

1983 5023 2098 5115 jam
2129 5041 2415 5098 miseratio
2444 5052 2609 5108 super
2634 5050 2731 5090 eas
2778 5040 2967 5103 regnet
2999 5039 3055 5085 et
3107 5029 3319 5083 viscera
3352 5023 3575 5079 miseri-

301 5128 484 5182 αὐτῶν
514 5128 767 5195 ἀξιοῦσαι
795 5130 981 5185 λαϐεῖν
1011 5133 1102 5185 τὸν
1124 5134 1280 5197 Θεὸν,
1316 5135 1410 5188 καὶ
1450 5134 1770 5205 βασιλεῦσαι
1795 5138 1887 5191 τὸν

302 5219 451 5274 ἔλεον
480 5221 569 5274 ἐπ’
588 5222 759 5286 αὑτὰς
792 5222 891 5295 ἤδη
920 5225 1014 5277 καὶ
1037 5226 1137 5297 τὴν
1164 5225 1588 5297 εύσπλαγχνίαν,
1614 5229 1681 5301 ἥν
1698 5230 1884 5296 ἐλαίας

383 5441 399 5494 i
436 5442 613 5500 Judic.
638 5461 715 5512 Ix,
749 5446 908 5504 8-H.

1994 5137 2213 5199 cordiae,
2242 5149 2402 5205 quam
2437 5131 2572 5188 oleae
2599 5129 2767 5200 ligura
2807 5123 3083 5195 expressit
3127 5119 3436 5189 Scriptura.
3500 5115 3568 5170 Et

1995 5229 2260 5287 advertite
2288 5236 2471 5283 utrum
2499 5238 2607 5280 non
2641 5236 2672 5275 a
2701 5218 3040 5292 protoplasto
3085 5227 3258 5284 usque
3309 5212 3379 5266 ad
3413 5208 3574 5265 Chri-

1607 5564 1845 5624 VARIE
1902 5562 2307 5622 LECTIONES.

381 5761 431 5792 “
464 5758 498 5827 ἡ
530 5758 651 5814 add.
681 5758 722 5810 B
751 5768 803 5830 et
845 5772 922 5811 rc.
951 5758 1015 5812 A.
1067 5828 1076 5830 Α
1105 5760 1149 5790 ³⁷
1183 5756 1407 5830 νόμους]
1437 5758 1631 5829 φόνους
1688 5776 1794 5830 mg.
1860 5758 1918 5830 7”
1944 5756 2004 5830 το
2037 5756 2161 5807 add.
2201 5756 2280 5830 Α,
2418 5750 2636 5830 τεθείσα
2664 5748 2723 5830 Βς
2803 5737 3265 5830 ὀἱρναχωγικῷᾒ
3297 5735 3577 5822 ἀκαλόγως

315 5830 423 5886 ΑΒ.
488 5808 543 5860 ’δι
577 5828 806 5901 Κριτάς]
842 5830 987 5891 tx,8.
1062 5828 1105 5860 ³¹
1123 5808 1887 5901 eqo'zifbfiitiri'éerqi.”m
1925 5808 2161 5901 εἷπον-ς.
2240 5826 2283 5856 ³³
2310 5822 2465 5894 ξύλα]
2493 5822 2624 5886 ξύλα
2654 5820 2830 5873 πάντα
2850 5817 2909 5870 Β.
2986 5808 3170 5884 “post
3197 5808 3425 5881 ἀμπέλῳ
3460 5822 3583 5860 cum

319 5904 410 5956 ΔΒ
436 5901 593 5956 omisi
623 5900 715 5953 καὶ
742 5900 843 5963 ἕως
881 5900 993 5953 τοῦ.
1073 5901 1116 5934 ³⁸
1145 5900 1237 5971 τὴν
1263 5904 1466 5970 ῥάμνον

1634 5896 1693 5955 ut
1743 5901 1848 5956 add
1881 5911 1969 5955 tut'
2009 5896 2167 5967 πρὸς.

3361 420 3498 489 1174
3612 422 3615 423 ⁷
