3954 6392
520 398 657 464 ΗΠ)
1672 396 1938 460 ΡΗΟΤΙΙ
1979 397 2087 457 PA’.

2190 393 2488 456 [ARCHB
2525 394 2637 453 ΟΡ.
3659 391 3785 452 ll’lb

509 528 655 570 stum
674 512 934 581 deinceps
952 510 1234 583 Scriptura
1264 521 1535 583 precepts
1571 509 1864 582 signiticet,
1894 512 2087 580 quibus

2195 506 2353 578 τύπῳ
2381 506 2691 576 παρέλαϐεν
2719 504 2753 576 ἡ
2778 501 2995 575 Γραφή.
3022 501 3137 556 Καὶ
3165 500 3543 572 ὶπισκέψασθε
3576 501 3784 573 μήποτε

510 622 627 665 sua.
644 604 898 661 diabolus
918 605 1243 675 opponendo
1266 604 1593 660 adumbrata
1625 603 1909 675 figmenta,
1926 616 2087 671 genus

2200 598 2301 664 τάς
2322 600 2416 653 ἐπὶ
2446 596 2542 652 τοῦ
2572 595 3001 669 πρωτοπλάστου
3051 592 3215 664 μέχρι
3246 593 3342 646 τοῦ
3376 592 3622 665 Χριστοῦ
3656 595 3784 647 καθα

509 699 807 753 humanum
866 696 1103 765 decepit.
1158 694 1347 751 Ficum
1400 699 1601 767 quippe
1639 711 1765 752 cum
1816 704 2087 765 praecepto

2199 692 2330 763 εξῆς
2370 692 2403 763 ἡ
2437 689 2629 762 Γραφὴ
2654 687 2977 760 νομοθεσίας
3004 686 3174 757 δηλοῖ,
3210 678 3286 738 ὧν
3316 686 3345 738 ό
3367 685 3621 747 διάϐολος
3650 686 3786 738 ἀντι.

510 789 713 844 homini
745 790 799 844 iu
832 789 1085 856 paradiso
1114 790 1240 843 dato
1282 789 1644 858 comparavit,
1672 788 1799 857 quia
1830 789 2087 857 deceptus

2203 787 2391 858 μίμοις
2422 785 2735 857 ἐξηπάτησε
2769 782 3055 853 πλάσμασι
3081 780 3143 834 τδ
3163 779 3468 851 ἀνθρώπων
3494 778 3678 847 γένος,
3698 779 3787 847 τὴν

508 883 670 937 homo
705 881 848 938 foliis
873 883 956 937 lici
990 882 1290 936 nuditatem
1315 897 1468 936 suam
1499 881 1699 937 velavit
1724 898 1740 948 ;
1770 881 1933 937 vitem
1964 894 2098 937 vero

506 970 611 1037 legi
645 983 768 1041 post
796 973 1061 1028 diluvium
1104 971 1218 1027 Noe
1250 972 1411 1035 datae,
1443 986 1510 1028 eo
1541 972 1687 1040 quod
1735 975 1863 1027 vino
1887 972 2097 1043 sopitus

508 1062 672 1119 fuerit
706 1063 947 1129 irrisus;
993 1063 1169 1119 oleam
1220 1077 1350 1117 vero
1395 1062 1498 1133 legi
1545 1063 1711 1119 Mosis
1761 1064 1813 1117 in
1854 1065 2095 1130 deserto,

508 1158 639 1227 quia
662 1157 841 1213 oleum
883 1169 1133 1214 sanctum
1190 1160 1305 1214 sive
1330 1160 1505 1231 gratia
1552 1159 1898 1229 prophetica.
1949 1173 2092 1226 pne-

508 1251 882 1306 varieantibus
915 1252 1023 1306 illis
1059 1251 1338 1307 defecerat
1374 1254 1445 1308 ab
1489 1252 1829 1308 inmeditate.
1884 1252 2093 1306 libam-

508 1355 639 1396 nnm
672 1353 951 1411 comparat
995 1341 1135 1397 datae
1180 1341 1281 1412 legi
1330 1344 1396 1399 ad
1453 1343 1686 1398 salutem
1738 1344 1926 1398 mundi
1958 1357 2095 1412 apo-

507 1430 688 1496 stolis,
718 1431 846 1500 quia
873 1444 970 1499 per
1004 1430 1218 1485 illorum
1251 1431 1562 1487 doctrinam
1600 1432 1911 1487 castitatem
1946 1431 2093 1487 didi-

505 1522 702 1588 cimus.
751 1523 840 1578 cui
888 1522 990 1578 soli
1046 1523 1281 1579 similem
1359 1524 1557 1579 nullam
1622 1526 1800 1596 potuit
1850 1525 2091 1594 speciem

506 1614 757 1671 diabolus
804 1615 1070 1671 invenire.
1100 1615 1265 1686 312
1285 1617 1313 1669 b
1344 1614 1486 1672 Hinc
1515 1625 1749 1683 quatuor
1782 1615 2087 1685 Evangelia

505 1704 652 1760 edita
676 1714 827 1768 sunt,
848 1703 958 1760 Deo
974 1714 1171 1776 quater
1187 1706 1582 1762 humanitatem
1606 1705 2088 1780 [incarnationem]

506 1796 887 1861 annuntiante,
914 1805 972 1852 et
998 1797 1284 1865 quaternis
1320 1796 1534 1868 legibus
1562 1797 1817 1865 docente,
1847 1812 2083 1868 quarum

506 1897 750 1957 tempora
771 1900 980 1959 aperte,
1002 1904 1099 1959 per
1122 1889 1398 1945 fructuum
1417 1890 1735 1946 discrimina
1772 1890 2085 1961 intelligun-

504 1990 617 2036 tur.
648 1979 812 2038 Ficus
832 1983 978 2037 enim
1009 1992 1232 2053 propter
1259 1982 1601 2039 dulcedinem
1631 1992 1687 2039 et
1707 1984 2090 2051 nutritionem,

502 2068 676 2142 legem
709 2083 836 2128 ante
875 2074 1383 2144 praevaricationem
1424 2074 1589 2132 latam
1629 2075 1895 2133 declarat.
1946 2077 2093 2133 Non-

504 2180 783 2237 nunquam
807 2167 953 2221 enim
982 2167 1119 2222 licus
1139 2166 1194 2221 in
1232 2167 1518 2239 Scriptura
1551 2170 1609 2223 in
1642 2170 1927 2226 meliorem
1972 2185 2093 2240 par-

505 2265 614 2310 tam
637 2257 925 2327 accipitur.
974 2256 1116 2313 Vitis
1150 2272 1281 2313 vero
1310 2258 1380 2313 ob
1420 2258 1530 2313 viui
1586 2258 1990 2328 iucunditatem
2034 2268 2092 2315 et

502 2343 771 2413 laetitiam,
802 2362 993 2404 eorum
1030 2350 1123 2420 qui
1154 2365 1221 2406 ex
1268 2351 1347 2407 ira
1387 2350 1485 2407 Dei
1539 2363 1599 2408 et
1641 2352 1847 2410 diluvio
1886 2353 2088 2409 servati

501 2447 650 2505 sunt,
693 2439 946 2496 timorem
972 2443 1470 2502 etsollicitudiuem
1518 2444 1576 2499 in
1624 2444 1884 2516 gaudium
1916 2460 2075 2501 versa

501 2528 765 2585 insinuat.
796 2530 922 2587 Olea
950 2548 1102 2599 vero,
1132 2545 1359 2606 propter
1406 2535 1513 2592 olei
1542 2535 1804 2604 fructum,
1833 2534 2086 2590 intimam

502 2621 600 2677 Dei
633 2623 1064 2679 misericordiam
1089 2626 1403 2694 signiﬁcat;
1435 2628 1547 2683 Deo
1587 2642 1806 2683 rursum
1842 2627 2090 2682 homines

500 2713 570 2767 ad
593 2714 928 2784 impietatem
965 2726 1088 2785 post
1137 2717 1401 2772 diluvium
1454 2716 1739 2787 prolapsos
1794 2718 2087 2780 tolerante,

499 2815 558 2862 et
586 2807 841 2880 dignante
889 2810 1218 2879 quibusdam
1262 2810 1437 2881 legem
1496 2812 1631 2867 dare
1683 2819 1740 2866 et
1797 2825 2085 2881 apparere.

501 2896 787 2954 Rhamnus
846 2909 1029 2955 autem
1081 2900 1447 2971 virginitatem
1505 2900 1753 2956 denotat.
1802 2900 2088 2961 Rhamnus

501 2991 649 3045 enim
677 2992 842 3047 arbor
867 3001 1018 3048 casta
1050 3003 1158 3059 est,
1196 3003 1251 3049 et
1278 2993 1515 3050 fortasse
1542 3008 1613 3048 ex
1646 2995 1815 3051 simili
1847 2998 2085 3066 quadam

501 3097 626 3138 eum
662 3084 876 3155 virgine
930 3095 1123 3141 natura
1160 3089 1329 3157 stirps
1354 3088 1492 3154 ,haac
1525 3088 1755 3158 ῥάμνος,
1786 3089 1883 3143 καὶ
1921 3090 2088 3160 ἄγνος

501 3178 848 3248 appellatur;
874 3180 1391 3273 rhamnusquidem
1429 3191 1653 3251 propter
1696 3184 1865 3237 robur
1885 3196 1943 3240 et
1971 3185 2086 3240 for-
2112 3209 2160 3273 ο

508 3271 791 3326 titudinem
843 3280 1037 3328 contra
1078 3272 1426 3343 voluptates,
1468 3274 1634 3344 άγνος
1677 3274 1892 3345 (96-85)
1919 3292 2087 3343 vero,

503 3366 648 3434 quod
668 3367 813 3421 omni
839 3376 909 3421 ex
940 3378 1094 3437 parte
1115 3377 1269 3424 easta
1291 3378 1349 3424 et
1378 3382 1513 3439 pura
1538 3369 1629 3425 sit.
1664 3368 1814 3427 Unde
1835 3383 1890 3426 et
1916 3371 2087 3427 Ellam

504 3455 690 3513 ferunt
741 3474 770 3513 a
822 3458 966 3515 faeie
1010 3456 1286 3517 Jeaabelis
1337 3461 1583 3518 mulieris
1643 3461 1939 3533 fugientem
2012 3464 2085 3521 ad

504 3552 795 3607 rhamnum
822 3553 1057 3623 primum
1078 3555 1315 3620 venisse,
1346 3562 1515 3625 atque
1541 3555 1859 3611 exauditum
1893 3556 2088 3625 fuisse,

503 3642 799 3713 cibumque
855 3645 1157 3714 accepisse,
1213 3648 1342 3716 quia
1399 3646 1738 3718 fugientibus
1801 3648 2089 3706 stimulum

502 3736 713 3799 carnis,
759 3745 816 3791 et
852 3735 1139 3804 feminam,
1197 3749 1255 3795 et
1288 3740 1651 3813 voluptatem,
1683 3746 1991 3816 perfugium
2028 3757 2089 3803 et

503 3836 902 3897 tegumentum,
935 3830 1211 3887 castitatis
1234 3832 1445 3902 lignum
1472 3835 1820 3903 germinavit,
1851 3838 1998 3907 quod
2017 3836 2090 3892 ab

504 3923 741 3977 adventa
802 3922 1062 3993 principis
1114 3926 1386 3996 virginum
1435 3925 1664 3995 Christi,
1726 3944 1952 4000 regnum
2032 3931 2087 3985 in

502 4010 758 4069 homines
780 4013 1028 4069 obtinuit
1049 4014 1188 4086 (86).
1219 4014 1335 4072 Hoc
1368 4016 1516 4072 enim
1558 4020 1781 4073 unicum
1816 4019 2088 4075 castitatis

507 4116 763 4176 regnum,
823 4108 983 4176 cujus
1031 4108 1182 4180 ipsos
1236 4124 1516 4180 nunquam
1589 4113 1905 4181 paeniteret,
1963 4123 2088 4183 post

496 4189 703 4248 Christi
730 4194 1019 4250 adventum
1049 4196 1403 4267 arripuerunt
1433 4198 1701 4269 homines,
1731 4216 1854 4257 cum
1893 4204 2087 4274 singu-

502 4282 677 4337 lorum
733 4285 989 4353 aliorum,
1037 4290 1239 4358 quibus
1296 4290 1441 4347 datas
1484 4292 1704 4349 fuerant
1766 4295 1913 4365 leges
1955 4306 2086 4352 ante

499 4372 706 4430 Christi
760 4378 1081 4445 adventum,
1137 4396 1432 4451 regnorum
1498 4385 1744 4442 habenas
1793 4401 1827 4441 a
1883 4386 2085 4457 seipsis

495 4467 751 4525 celeriter
773 4472 1173 4542 excussissem,
1210 4484 1270 4530 et
1295 4477 1576 4534 contrario
1607 4478 2084 4551 falsoquelparere

2202 880 2302 949 μὲν
2328 873 2421 933 οῦν
2450 877 2624 947 συκῆν
2651 874 3030 940 άπεικάζουσα
3055 876 3124 945 τῇ
3166 873 3305 927 κατὰ
3335 872 3426 925 τὸν
3456 869 3785 941 παράδεισον

2196 970 2411 1041 δοθείσῃ
2459 967 2539 1039 τῷ
2585 966 2859 1038 ἀνθρώπῳ
2901 964 3127 1035 ἐντολῇ,
3158 962 3349 1033 ἐπειδὴ
3377 962 3480 1033 τὴν
3510 961 3786 1030 γύμνωσιν

2196 1059 2502 1132 ἀπατηθεὶς
2528 1052 2685 1123 οὗτος
2716 1057 2969 1119 πετάλοις
3002 1054 3315 1124 ὲπεκάλυψε
3345 1052 3521 1123 συκῆς
3546 1069 3563 1084 ·
3595 1052 3699 1122 τὴν
3736 1052 3786 1106 δὲ

2196 1153 2443 1223 άμπελον
2474 1153 2542 1222 τῇ
2577 1152 2670 1203 ἐπὶ
2697 1148 2793 1203 τοῦ
2828 1146 3224 1217 κατακλυσμοῦ
3265 1145 3341 1217 τῷ
3364 1147 3410 1178 ³⁸
3439 1146 3596 1207 Νῶε,
3626 1143 3715 1197 διὰ
3736 1145 3790 1197 τὸ

2194 1248 2326 1319 olth
2346 1244 2714 1318 χλευασθέντα
2743 1241 3077 1314 κοιμηθῆναι
3096 1258 3111 1271 ο
3141 1241 3242 1311 τὴν
3264 1238 3322 1292 δὲ
3353 1239 3544 1293 ἐλαίαν
3564 1240 3637 1308 τῇ
3660 1239 3787 1290 κατὰ

2192 1341 2294 1413 τὴν
2319 1339 2525 1413 ἔρημον
2544 1338 2623 1409 τῷ
2650 1338 2860 1408 Μωῦσῇ
2878 1336 2946 1398 ⁸⁷.
2975 1334 3165 1405 ἐπειδὴ
3195 1332 3256 1386 τὸ
3283 1332 3536 1404 χάρισμα
3566 1330 3633 1383 τὸ
3658 1347 3784 1400 προ-

2193 1434 2449 1506 φητικὸν,
2488 1432 2552 1487 τὸ
2604 1431 2785 1485 ἔλαιον
2828 1428 2892 1482 τὸ
2939 1428 3097 1497 ἅγιον
3121 1466 3136 1492 ,
3170 1425 3572 1496 άνομησάντων
3620 1422 3789 1476 αὐτῶν

2192 1524 2503 1579 ἐκλελοίπει
2532 1522 2635 1593 τῆς
2674 1520 3071 1593 κληρονομίας⁸
3102 1519 3204 1590 τὴν
3246 1517 3305 1571 δὲ
3336 1517 3545 1589 ῥάμνον
3587 1518 3659 1585 τῇ
3707 1516 3790 1568 ἐπὶ

2198 1617 2300 1688 τῆς
2332 1611 2669 1687 σωτηρίαςθί
2693 1612 2791 1668 τοῦ
2826 1612 3035 1683 κόσμου
3061 1613 3175 1674 τοῖς
3201 1608 3550 1671 ἀποστόλοις.
3580 1605 3791 1677 ἐπειδή-

2189 1730 2298 1784 περ
2319 1712 2387 1766 δι’
2416 1710 2601 1767 αὐτῶν
2622 1709 2979 1780 ἐδιδάχθημεν
3021 1705 3265 1775 ἁγνείαν,
3282 1697 3351 1776 ἦς
3374 1699 3665 1773 ἀπατηλὸν

2189 1781 2286 1881 νης
2314 1807 2531 1863 εῐδωλον
2556 1806 2587 1858 ό
2609 1803 2853 1865 διάϐολος
2873 1802 2973 1855 οὐκ
3002 1798 3190 1871 ἴσχυσε
3219 1795 3508 1851 σκευάσαι.
3545 1792 3681 1865 [964
3707 1781 3790 1857 ιε]

2192 1902 2301 1956 Καὶ
2332 1901 2422 1955 διὰ
2459 1897 2619 1953 τοῦτο
2663 1898 2757 1950 καὶ
2786 1892 3097 1963 Εὐαγγέλια
3140 1891 3384 1961 τέσσαρα
3402 1885 3788 1957 παραδέδοται,

2190 1992 2445 2064 τετράκις
2466 1985 2965 2057 εὐαγγελισαμένου
2984 1983 3080 2038 τοῦ
3101 1982 3236 2036 Θεοῦ
3263 1981 3363 2052 τὴν
3387 1978 3785 2051 άνθρωπότητα

2191 2086 2292 2141 καὶ
2322 2081 2846 2153 παιδαγωγήσαντος
2877 2075 3159 2148 τέτρασι³⁹
3186 2073 3396 2145 νόμοις,
3422 2065 3500 2125 ὧν
3526 2070 3579 2122 ei
3611 2068 3786 2139 καιροὶ

2193 2176 2382 2247 σαφῶς
2402 2174 2512 2229 ἀπὸ
2535 2174 2632 2243 τῆς
2656 2171 3048 2242 διαφορότητος
3079 2166 3366 2238 δηλοῦνται
3396 2165 3509 2219 τῶν
3540 2161 3786 2235 καρπῶν.

2200 2270 2269 2324 Ἦ
2291 2270 2391 2341 μὲν
2410 2266 2522 2338 γὰρ
2550 2265 2690 2336 συκῆ
2709 2265 2797 2318 διὰ
2816 2263 2916 2331 τὴν
2939 2261 3243 2333 γλυκασίαν
3274 2260 3371 2314 καὶ
3392 2259 3497 2331 τὴν
3520 2256 3788 2329 τρυφὴνδδ

2188 2361 2290 2433 τὴν
2332 2361 2439 2433 πρὸ
2482 2360 2581 2431 τῆς
2630 2357 3000 2430 παραϐάσεως
3026 2354 3120 2409 τοῦ
3150 2352 3442 2425 ἀνθρώπου
3488 2351 3785 2424 παρίστησι

2189 2453 2566 2525 γεγενημένην
2588 2467 2604 2484 ο
2630 2450 2750 2504 εστι
2778 2449 2891 2520 γάρ
2936 2448 3026 2502 ὅτε
3072 2448 3175 2518 τῆς
3209 2447 3383 2517 συκῆς
3418 2448 3447 2500 ό
3484 2445 3704 2516 καρπὸς
3726 2446 3783 2516 τῇ

2188 2545 2381 2615 Γραφῇ
2411 2542 2506 2596 ἐπὶ
2530 2542 2591 2595 τὸ
2618 2542 2865 2613 κρεῖττον
2892 2537 3402 2608 ἑκλαμϐάνεται.ᾟ
3436 2536 3499 2589 δὲ
3527 2534 3784 2606 ἄμπελος,

2189 2634 2280 2689 διὰ
2306 2633 2405 2705 τὴν
2436 2631 2728 2703 ἱλαρότητα
2753 2630 2855 2701 τὴν
2884 2630 2950 2683 ὲκ
2976 2628 3072 2683 τοῦ
3098 2627 3245 2683 οίνου
3272 2627 3368 2681 καὶ⁸
3391 2626 3495 2698 τὴν
3520 2626 3785 2696 εὐφροσύ-

2188 2742 2288 2790 νην
2310 2724 2421 2777 τῶν
2445 2720 2861 2793 περισωθέντων
2905 2720 3005 2791 τῆς
3050 2719 3220 2790 ὀργῆς
3263 2719 3360 2773 καὶ
3384 2717 3484 2772 τοῦ
3514 2718 3783 2771 κατακλυ-

2174 2816 2352 2888 σμοῦ,
2384 2815 2483 2887 τὴν
2508 2814 2620 2869 άπὸ
2652 2813 2748 2867 τοῦ
2772 2814 2941 2883 φόϐου
2966 2814 3186 2883 καὶτῆς
3220 2811 3508 2884 φροντίδος
3536 2811 3671 2875 sig“
3694 2810 3783 2880 τὴν

2187 2908 2364 2980 χαράν
2390 2904 2906 2975 αύτῶνιμεταϐολὴν
2938 2901 3346 2957 αίνίσσεται.Ἱ-Ι
3392 2900 3453 2954 δὲ
3504 2900 3661 2954 ἐλαία
3704 2901 3783 2954 διὰ

2186 2996 2280 3051 τὸν
2312 2996 2526 3066 καρπὸν
2554 2993 2649 3047 τοῦ
2685 2992 2865 3046 ἐλαίου
2880 2993 2928 3025 ⁸⁸
2954 2992 3054 3065 τὴν
3083 2992 3495 3062 εύσπλαγχνίαν
3523 2990 3623 3046 τοῦ
3657 2991 3782 3045 Θεοῦ

2192 3086 2412 3158 μηνύει,
2442 3085 2607 3141 πάλιν
2655 3085 3164 3156 άνεξικακήσαντος
3212 3084 3308 3139 τοῦ
3341 3085 3484 3138 Θεοῦ
3528 3086 3667 3156 μετὰ
3697 3084 3782 3137 τὸν

2191 3177 2600 3249 κατακλυσμὸν,
2631 3177 2743 3231 τῶν
2772 3176 3078 3250 ἀνθρώπων
3107 3178 3502 3248 ἐκτραπέντων
3525 3179 3607 3242 είς
3634 3176 3780 3232 ἀθεό-

2190 3292 2351 3346 τητα,
2400 3274 2584 3329 δοῦναι
2633 3274 2800 3344 νόμον
2843 3274 2942 3327 καὶ
2984 3273 3385 3345 ἐμφανισθῆναι
3435 3274 3690 3329 τισιν.Ἡ
3732 3274 3779 3327 δι

2190 3368 2397 3439 ῥάμνος
2435 3368 2535 3439 τὴν
2561 3367 2785 3436 άγνείαν
2825 3366 3141 3439 συνίστησι-
3176 3367 3237 3420 τὸ
3262 3367 3374 3439 γὰρ
3398 3366 3538 3421 αὐτὸ
3574 3368 3779 3437 δένδρον

2192 3463 2398 3533 ῥάμνος
2427 3464 2523 3516 καὶ
2566 3462 2729 3531 άγνος
2760 3461 2901 3525 ἐστὶ,
2932 3462 3027 3515 καὶ
3051 3461 3193 3532 τάχα
3219 3461 3307 3515 διὰ
3333 3462 3398 3516 τὸ
3432 3462 3693 3531 συγγενὲς
3726 3460 3779 3515 τὸ

2191 3555 2362 3626 φυτὸν
2385 3554 2545 3608 τοῦτο
2571 3558 2640 3627 τῇ
2674 3552 3005 3627 παρθενία⁸³
3044 3555 3216 3626 ταύτῃ
3249 3555 3456 3626 ῥάμνος
3501 3556 3594 3608 καὶ
3624 3554 3777 3623 ἄγνος

2190 3643 2628 3715 προσηγορεύθη,
2661 3645 2867 3715 ῥάμνος
2902 3643 3003 3714 μὲν
3034 3644 3188 3717 παρὰ
3217 3643 3278 3701 τὸ
3323 3643 3644 3713 στερέμνιον
3688 3641 3775 3694 καὶ

2190 3736 2461 3807 καρτερὸν
2481 3736 2620 3807 πρὸς
2644 3737 2743 3799 τὰς
2766 3736 2980 3807 ἡδονάς,
3002 3734 3166 3803 ἄγνος
3189 3735 3247 3788 δὲ
3273 3734 3429 3804 παρὰ
3452 3734 3519 3787 τὸ
3543 3733 3629 3787 διά
3649 3751 3768 3786 παν-

2188 3829 2278 3891 τὸς
2301 3828 2744 3897 ἁγνεύειν.⁸Ὀθεν
2773 3828 2869 3881 καὶ
2896 3827 2991 3880 τὸν
3026 3826 3237 3891 Ἠλίαν,
3271 3828 3336 3879 ὲκ
3365 3827 3659 3897 προσώπου
3678 3825 3774 3895 τῆς

2201 3919 2438 3985 Ἰεζάϐελ.
2464 3918 2784 3988 γυναικδςδδ
2817 3918 3114 3989 φεύγοντα,
3141 3917 3299 3987 λόγος
3328 3918 3434 3971 ὑπὸ
3461 3918 3664 3990 ῥάμνον
3690 3917 3772 3971 ἐλ-

2190 4012 2306 4068 θεῖν
2339 4013 2558 4084 πρῶτον
2592 4014 2687 4067 καὶ
2713 4011 3143 4082 είσακουσθῆναι
3189 4012 3285 4067 καὶ
3334 4011 3527 4067 λαϐεῖν
3553 4011 3771 4083 τροφὴν,

2188 4104 2271 4159 ότι
2293 4104 2404 4159 τῶν
2429 4104 2741 4174 φευγόντων
2769 4104 2863 4157 τὸν
2896 4100 3113 4175 οἶστρον
3141 4103 3239 4157 καὶ
3271 4104 3372 4173 τὴν
3400 4106 3639 4173 γυναῖκα
3654 4100 3769 4175 [511

2189 4194 2282 4268 ιι]
2310 4197 2405 4250 καὶ⁵
2448 4197 2549 4268 τὴν
2584 4196 2776 4267 ἡδονὴν
2803 4194 2866 4249 τὸ
2894 4194 3243 4265 καταγώγιον
3273 4197 3371 4249 καὶ
3415 4195 3450 4266 ἡ
3514 4195 3685 4264 σκέπη
3713 4193 3769 4246 τὸ

2186 4288 2287 4358 τῆς
2313 4288 2537 4357 ἁγνείας
2559 4288 2859 4359 ἐϐλάστησε
2888 4286 3066 4353 ξύλον,
3098 4287 3208 4341 άπὸ
3229 4290 3327 4359 τῆς
3354 4288 3664 4358 παρουσίας
3680 4284 3769 4339 τοῦ

2187 4378 2597 4449 άρχιπαρθένου
2630 4375 2871 4449 Χριστοῦ
2922 4376 3251 4447 βασιλεῦσαν
3298 4375 3411 4429 τῶν
3452 4377 3768 4448 ἀνθρώπων.

2187 4469 2403 4541 Ταύτην
2426 4470 2536 4541 γὰρ
2561 4469 2729 4541 μόνην
2755 4469 2853 4541 τὴν
2872 4469 2974 4541 τῆς
2996 4468 3221 4539 άγνείας
3249 4468 3540 4540 βασιλείαν
3559 4467 3661 4522 άπὸ
3676 4467 3767 4536 τῆς

494 4569 633 4617 etse
662 4562 936 4633 subjicere
965 4567 1308 4625 maluissent.
1353 4570 1682 4641 Quanquam
1721 4587 1865 4644 sape
1902 4574 2081 4644 pinni-

2190 4564 2285 4619 τοῦ
2317 4565 2557 4636 Χριστοῦ
2592 4567 2897 4638 παρουσίας
2920 4565 3301 4637 άμεταμελητὶ
3340 4566 3683 4637 προσήκαγτο
3720 4564 3765 4617 οί

504 4662 680 4711 tentes
698 4657 1068 4727 quaesiverunt
1095 4661 1291 4717 iterum
1321 4665 1501 4735 regale
1519 4664 1609 4721 Dei
1638 4665 1774 4736 legis
1793 4668 2084 4739 imperium

502 4754 764 4815 recteque
795 4744 1066 4804 factorum
1107 4750 1272 4806 animi
1309 4753 1460 4808 vitiis
1489 4765 1870 4826 corruptorum
1926 4772 2088 4814 reno—

500 4837 798 4894 vationem.
833 4838 972 4896 Nam
1032 4842 1273 4899 hostium
1324 4847 1595 4914 manibus,
1646 4857 1703 4904 et
1773 4850 2087 4921 ignominiae

495 4930 849 4996 passio‘nibus
891 4933 1101 5003 traditi,
1160 4952 1375 4993 rursum
1409 4938 1642 5011 imperio
1680 4945 2080 5014 prcceptisque

496 5018 593 5075 Dei
618 5022 733 5092 regi
764 5024 1077 5095 voluerunt,
1105 5036 1245 5084 utex
1272 5030 1501 5087 infinitis
1527 5035 1787 5090 aerumnis
1809 5036 2082 5105 malisque

495 5113 864 5182 eriperentur.
904 5117 1010 5172 Sed
1038 5120 1157 5175 hzec
1178 5119 1354 5191 legum
1383 5137 1548 5194 regna
1574 5136 1803 5195 propter
1848 5126 2078 5183 letentia

497 5213 555 5258 et
594 5205 1016 5266 immedicabilia
1071 5212 1295 5283 313a
1336 5216 1560 5272 vulnera
1606 5218 1935 5287 animarum,
1977 5235 2081 5276 no-

2191 4654 2497 4727 ἄνθρωποι,
2512 4656 2748 4727 ἑκάστης
2772 4655 2879 4709 τῶν
2905 4655 3316 4727 προδεδομένων
3343 4657 3538 4720 αὐτοῖς
3558 4653 3766 4709 ἐντολῶν

2190 4745 2302 4817 πρὸ
2346 4746 2447 4817 τῆς
2480 4747 2718 4818 Χριστοῦ
2760 4746 3069 4817 παρουσίας
3110 4748 3255 4801 κατά
3288 4747 3457 4818 τάχος
3508 4745 3763 4818 βασιλείας

2190 4841 2417 4905 ἑαυτοὺς
2439 4840 2856 4911 ἀφηνιάζοντες,
2883 4840 2979 4895 καὶ
3007 4844 3073 4913 τῇ
3098 4841 3379 4912 άντιμίμῳ
3406 4841 3610 4912 μᾶλλον
3630 4838 3763 4892 πειθο

2189 4937 2378 5005 αρχείν
2409 4935 2504 4989 καὶ
2529 4935 2621 4988 ὑπ’
2640 4934 2814 5004 αὐτῆς
2846 4933 3227 5005 βασιλεύεσθαι
3258 4934 3697 5007 προαιρούμενοι,
3718 4933 3762 4983 εί

2188 5028 2286 5081 καὶ
2316 5026 2811 5097 μεταμελόμενοιδ⁸
2842 5026 3106 5090 πολλάκις
3154 5026 3459 5096 ἐπεζήτουν
3489 5026 3645 5079 πάλιν
3670 5022 3764 5093 τὴν

2190 5120 2329 5191 πρὸς
2368 5119 2505 5174 Θεοῦ
2531 5119 2826 5191 δεδομένην
2858 5120 3043 5183 αὐτοῖς
3086 5118 3530 5191 βασιλικωτάτην
3562 5114 3762 5183 ἐντολὴν

2189 5214 2287 5268 καὶ
2318 5214 2714 5283 άνακαινισμδν
2732 5213 2844 5268 τῶν
2868 5212 3278 5285 διαφθαρέντων
3296 5210 3480 5266 αὐτῶν
3498 5213 3561 5265 ὲκ
3579 5206 3763 5268 κακίας

1783 5390 2019 5479 ΥΑΒΙΛΕ
2059 5392 2469 5451 LECTIONES.

568 5502 613 5536 ³⁵
650 5501 729 5573 τῷ
750 5505 794 5557 Α
818 5521 834 5557 :
862 5505 958 5558 τοῦ
989 5522 1049 5571 ς,

1154 5508 1197 5540 ³⁷
1241 5515 1412 5578 μωσεί
1436 5512 1546 5565 ΑΒ.

496 5569 541 5603 ⁸⁸
575 5575 653 5637 εἰς
678 5569 725 5629 Ᾱ
763 5594 777 5630 ;
820 5575 918 5647 τὴν
946 5569 1115 5643 εἰς’ς.

1652 5514 1698 5547 ³⁸
1722 5518 1805 5587 τῇ,
1834 5516 2102 5587 σωῖηρίιι-

1194 5581 1237 5611 “
1263 5582 1412 5635 ἐλέου
1437 5586 1501 5636 Α.
1584 5584 1629 5615 ¹δ³
1668 5581 2008 5657 παρθένιρᾴ
2058 5581 2140 5620 ’⁸⁸
2189 5586 2309 5653 Ἱεζ.
2341 5591 2435 5643 καὶ
2472 5581 2729 5657 γυναικός
2753 5608 2813 5654 ς.

2206 5518 2429 5588 ξ’ίπαιδ.
2450 5520 2562 5582 τοῖς
2584 5518 2805 5588 τέτρασι
2836 5536 2896 5583 ς.
2975 5518 3019 5548 ⁸ο
3047 5518 3259 5588 τρυφὴν
3276 5513 3380 5588 ΔΑΒ
3407 5534 3419 5569 :
3444 5513 3640 5585 τροφὴν
3695 5528 3759 5575 ς.

2900 5589 2945 5621 ³⁵
2982 5586 3118 5658 μετα
3126 5586 3289 5659 μελού
3296 5603 3447 5657 μενοι
3474 5603 3533 5652 ς.

2004 5703 2238 5763 NOTAE.

500 5838 503 5841 .
568 5792 779 5863 (961-85)
821 5795 1222 5865 d7v6;,_castus
1246 5812 1430 5864 purus.

571 5864 682 5933 (86)
713 5867 866 5932 Quod
912 5870 979 5920 ab
1012 5864 1232 5923 auctore
1284 5868 1615 5937 virginitatis
1662 5869 1884 5926 Christo
1914 5870 2069 5942 plan-

2193 5813 2361 5854 talum
2387 5814 2474 5875 est
2510 5802 2579 5856 iis
2604 5804 2697 5870 qui
2721 5803 3084 5875 vlrginitatem
3138 5800 3589 5874 complectuntur.
3619 5794 3757 5853 Vide

2182 5884 2340 5930 notas
2384 5873 2701 5929 llmsehelii.
