3954 6448
230 448 380 515 1177’

1251 458 1777 523 BIBLIOTHECA.
1804 485 1872 499 --
1900 459 2066 520 COD.
2096 459 2479 521 CCXXXVII.

3356 450 3388 516 ι
3406 448 3510 517 178

218 570 472 642 ψυχικῶν
501 572 966 644 κατορθωμάτων.
1002 577 1425 649 Παραδιδόμενοι
1457 579 1569 650 γὰρ
1600 582 1681 644 εἰς
1702 582 1805 651 χεῖ·

1913 578 2129 632 luerunt
2158 577 2264 631 illis
2298 576 2610 645 imperare,
2644 574 2816 629 donec
2864 573 3025 638 Deus,
3058 577 3320 642 quartum
3343 569 3511 623 mise-

222 682 328 736 ρας
352 664 567 737 ἐχθρῶν
600 666 696 720 καὶ
725 667 875 738 πάθη
905 669 1147 739 ἀτιμίας,
1183 670 1486 741 ἐπεζήτουν
1517 671 1805 742 βασιλεύε-

219 759 349 811 σθαι
373 761 440 829 τῇ
472 761 660 832 ἐντολῇ
696 761 792 815 καὶ
832 765 946 825 τοῖς
978 762 1370 833 προστάγμασι
1400 763 1497 817 τοῦ
1528 764 1688 829 Θεοῦ,
1720 765 1809 819 ἵνα

214 851 446 919 γένηται
476 853 661 916 αὐτοῖς
693 853 846 919 λύσις
870 856 980 909 τῶν
1010 855 1367 911 πολυπλόκων
1395 857 1691 928 συμφορῶν
1712 857 1810 910 καὶ

216 942 513 1013 ἀπαλλαγὴ
541 944 653 996 τῶν
681 945 889 1000 κακῶν.
911 948 976 999 Αἱ
1009 945 1068 1001 δὲ
1099 945 1188 999 διὰ
1215 945 1277 998 τὸ
1310 946 1603 1018 προσάξειν
1629 946 1811 1000 αὐτῶν

214 1032 316 1083 καὶ
373 1033 612 1097 ἀνιάτως
664 1033 813 1103 ἔχειν
858 1034 988 1099 τοὺς
1030 1036 1134 1105 τῆς
1180 1036 1361 1108 ψυχῆς
1407 1035 1684 1104 μώλωπας
1712 1036 1814 1089 ούκ

216 1120 507 1177 ἐϐούλοντο
535 1124 843 1195 βασιλεύειν
870 1124 1073 1195 αὐτῶν,
1108 1128 1305 1199 μέχρις
1328 1129 1359 1181 ὁ
1389 1127 1524 1192 Θεὸς
1548 1126 1813 1197 τέταρτον

217 1212 564 1287 κατελεήσας
594 1217 685 1275 τὸν
714 1217 1005 1287 ἄνθρωπον
1032 1221 1132 1288 τὴν
1155 1218 1383 1287 άγνείαν
1400 1217 1690 1272 ἀπέστειλε
1716 1218 1815 1288 βα-

216 1306 473 1361 σιλεῦσαι
493 1350 509 1374 ,
535 1310 604 1380 ἢν
632 1310 839 1381 ῥάμνον
883 1311 1197 1376 ἀκολούθως
1224 1312 1487 1366 ἐκάλεσεν
1514 1314 1548 1384 ἡ
1581 1313 1770 1383 Γραφή
1794 1325 1812 1345 °

209 1396 340 1467 ἣτις
378 1400 810 1457 καταναλώσασα
832 1402 934 1467 τάς
964 1403 1180 1474 ἡδονάς,
1208 1406 1303 1458 καὶ
1318 1405 1679 1487 ρπειλήσασα
1698 1404 1813 1457 λοι-

211 1491 341 1556 πὸν,
374 1495 425 1547 εί
458 1494 535 1565 μὴ
567 1495 705 1568 αὐτῇ
755 1497 1039 1552 πείθονται
1084 1499 1292 1563 πάντες
1336 1500 1433 1553 καὶ
1478 1501 1539 1552 ἐν
1582 1496 1816 1568 ἀληθείᾳ

1913 679 2064 726 ratus
2088 670 2384 733 hominem,
2416 667 2566 723 misit
2598 668 2931 732 castitatem,
2951 680 2981 719 a
3003 664 3287 734 Scriptura
3318 662 3507 717 rham-

1911 777 2043 817 num
2073 770 2442 831 congruenter
2482 758 2837 829 appellatam,
2877 771 3001 826 quae
3050 755 3123 809 illi
3177 755 3502 824 imperaret,

1912 868 2037 922 qua:
2100 852 2475 922 voluptatibus
2538 850 2836 919 superatis,
2894 848 3059 901 etiam
3124 846 3180 900 in
3235 846 3507 915 reliquum

1912 954 2130 1014 tempus
2159 942 2636 1000 illisinterminata
2659 951 2765 1006 est,
2789 939 2959 1009 quod.
2988 938 3091 992 nisi
3125 937 3228 990 sibi
3252 941 3510 1004 parerent

1915 1050 2126 1103 omnes,
2168 1046 2222 1092 et
2252 1037 2467 1092 sincere
2518 1036 2586 1091 ad
2632 1049 2694 1089 se
2741 1033 3090 1095 accederent,
3147 1028 3389 1081 futurum
3450 1035 3509 1079 ut

1914 1143 2107 1183 omnes
2136 1127 2369 1183 ﬂammis
2398 1128 2859 1188 absumerentur;
2911 1121 3112 1177 nullam
3181 1118 3333 1174 enim
3385 1125 3510 1186 post

1917 1220 2059 1275 hanc
2083 1220 2247 1273 aliam
2301 1220 2473 1291 legem
2506 1226 2601 1274 aut
2646 1217 2954 1272 doctrinam
3011 1220 3347 1273 secuturam,
3403 1208 3501 1263 sed

1906 1310 2172 1380 judicium
2199 1320 2254 1366 et
2287 1311 2485 1380 ignem.
2523 1311 2661 1364 Hinc
2688 1309 2945 1376 deinceps
2989 1306 3151 1360 homo
3200 1299 3374 1369 cmpit
3413 1300 3506 1369 ju-

1915 1404 2121 1459 stitiam
2170 1403 2369 1470 colere,
2410 1406 2631 1473 Deoque
2681 1410 3003 1457 constanter
3058 1413 3156 1465 per
3208 1398 3371 1453 ﬁdem
3404 1395 3502 1447 ad-

1922 1496 2157 1561 haerere,
2186 1507 2244 1552 et
2265 1510 2324 1551 se
2356 1512 2385 1549 a
2408 1496 2625 1550 diabolo
2660 1496 2972 1564 seiungere.

210 1590 634 1661 προσέρχοιντο,
672 1594 807 1664 πυρὶ
852 1597 1310 1665 καταδαπανῆσαι
1342 1598 1582 1660 πάνταςο
1621 1594 1808 1649 οὐκέτι
1842 1596 1954 1666 γὰρ
1986 1595 2125 1665 μετὰ
2150 1596 2356 1665 ταύτην
2401 1594 2621 1648 ἔσεσθαι
2666 1594 2833 1664 νόμον
2862 1591 2896 1661 ἢ
2961 1588 3309 1644 διδασκαλίαν
3387 1585 3506 1639 ἐτέ-

209 1695 342 1749 ραν,
375 1681 514 1735 ἀλλὰ
541 1686 637 1738 καὶ
661 1687 843 1757 κρίσιν
868 1689 965 1742 καὶ
998 1688 1112 1761 πῦρ
1132 1706 1148 1723 ο
1180 1691 1277 1745 καὶ
1304 1690 1393 1745 διὰ
1426 1689 1585 1743 τοῦτο
1618 1686 1808 1741 λοιπὸν
1872 1686 1969 1738 ἀπ’
2032 1686 2285 1742 ἐντεῦθεν
2326 1688 2744 1759 δικαιοπραγεῖν
2773 1687 2803 1740 ὁ
2832 1685 3123 1757 ἄνθρωπος
3156 1680 3361 1753 ἦρξατο
3408 1680 3507 1732 καὶ

208 1775 501 1835 πιστεύειν
532 1778 765 1849 βεϐαίως
788 1780 868 1851 τῷ
890 1782 1013 1852 Θεῷ
1041 1785 1135 1837 καὶ
1159 1781 1662 1855 ἁωσχίζισθαιτοῦ
1686 1778 1960 1838 διαϐόλου.

292 1868 416 1921 Ὅτι
450 1874 787 1940 σημειωτέον
821 1874 897 1938 ὡς
917 1871 1071 1941 οὗτος
1099 1878 1127 1930 ὁ
1152 1878 1420 1947 διάλογος,
1448 1871 1492 1946 ᾧ
1515 1877 1799 1948 ἐπιγραφὴ

1973 1878 2397 1941 Observandum,
2447 1876 2717 1947 dialogum
2793 1876 2938 1931 hunc
2999 1873 3091 1943 qui
3165 1868 3501 1940 Symposium

208 1960 572 2028 Συμπόσιον
601 1964 633 2035 ῆ
665 1967 793 2037 περὶ
819 1968 1039 2037 ἁγνείας
1060 1969 1127 2032 ⁵⁸,
1159 1969 1309 2040 παρὰ
1340 1970 1476 2023 πολύ
1504 1970 1621 2022 ἐστι
1660 1986 1809 2022 νενο-

208 2046 483 2120 θευμένος
508 2053 553 2085 ⁸⁷
575 2068 589 2081 ·
622 2055 877 2127 εὑρήσεις
901 2059 1011 2130 γάρ
1040 2059 1100 2112 ἐν
1132 2060 1281 2131 αύτῷ
1310 2060 1810 2132 παραδεσλημένας

206 2143 315 2197 καὶ
344 2145 697 2215 Ἀρειανικὰς
723 2148 1049 2215 δοξοκοπίας
1078 2153 1175 2206 καὶ
1207 2152 1414 2224 ἐτέρων
1442 2152 1610 2206 τινῶν
1639 2169 1807 2206 κακο-

204 2231 516 2297 δοξούντων
546 2236 818 2310 μυθολογή
829 2257 999 2310 ματα.

282 2322 410 2378 Ὅτι
450 2327 783 2396 σημειωτέον
820 2328 874 2382 τί
916 2329 1048 2383 ποτέ
1098 2330 1215 2384 ἐστι
1258 2331 1321 2386 τὸ
1362 2334 1493 2387 κατ’
1520 2334 1745 2399 εἰκόνα,
1779 2331 1809 2386 ὃ

207 2419 382 2488 μόνος
427 2421 726 2492 ἐσχηκέναι
776 2423 995 2491 λέγεται
1042 2423 1332 2497 ἄνθρωπος
1357 2424 1467 2479 τῶν
1516 2426 1623 2480 ὑπὸ
1668 2424 1806 2480 Θεοῦ

202 2513 623 2583 γεγενημένων.
655 2515 791 2568 Οὐδὲ
812 2516 922 2587 γάρ
950 2516 1079 2589 [965
1097 2517 1191 2589 R.]
1219 2516 1286 2571 ἂν
1315 2515 1467 2588 εὖροι
1488 2534 1571 2581 τις
1600 2519 1686 2571 ἐπ’
1709 2520 1805 2572 ἀν-

205 2604 439 2676 θρώπου
463 2625 515 2660 τι
548 2606 659 2660 τῶν
691 2609 912 2678 τιμίων,
937 2603 998 2663 οὗ
1036 2608 1111 2682 μὴ
1153 2610 1246 2663 καὶ¹
1295 2608 1543 2677 ᾁγγέλων
1576 2610 1807 2680 μετέσχε

209 2698 405 2766 φύσις.
447 2698 585 2752 υῦτε
614 2698 723 2771 γὰρ
749 2700 810 2753 τὸ
840 2700 1132 2765 ἀθάνατον,
1164 2700 1261 2754 καὶ
1285 2700 1393 2771 γὰρ
1418 2699 1514 2754 καὶ
1552 2700 1805 2770 ἄγγελος,

211 2789 342 2843 οὔτε
372 2792 433 2844 τὸ
462 2793 811 2859 αὐτεξούσιον
833 2811 847 2826 ο
885 2796 934 2848 εἰ
966 2795 1074 2865 γὰρ
1103 2794 1185 2847 ὃτι
1230 2795 1482 2862 ἀγγέλοις
1536 2794 1678 2848 κατὰ
1715 2794 1808 2848 τὸν

204 2878 475 2947 Θεολόγον
507 2883 599 2935 ἐπὶ
626 2882 688 2935 τὸ
722 2881 926 2951 άγαθδν
960 2881 1162 2952 μᾶλλον
1187 2881 1221 2951 ὴ
1268 2880 1429 2952 ῥοπὴ,
1478 2880 1619 2933 κατὰ
1646 2878 1807 2933 τοῦτο

205 2969 313 3039 δρα
348 2971 433 3024 ὅτι
471 2972 599 3042 μηδ’
628 2972 764 3035 ὅλως
792 2971 1021 3025 δυνατὸν
1049 2971 1109 3024 τὸ
1141 2972 1265 3025 κατ’
1297 2970 1484 3024 είκόνα
1516 2970 1677 3023 τοῦτο
1716 2972 1805 3023 ἐν·

206 3065 371 3116 νοεῖν.
408 3064 473 3117 Εἰ
525 3064 583 3117 δὲ
635 3064 697 3117 τὸ
751 3065 979 3135 ἀρχικὸν
1032 3064 1213 3132 λέγεις
1267 3062 1494 3136 (ἄρχειν
1526 3062 1637 3134 γὰρ
1696 3062 1809 3123 τῶν¹

208 3154 416 3226 ίχθύων
440 3156 537 3209 καὶ
571 3156 680 3208 τῶν
706 3156 881 3210 ἄλλων
915 3159 943 3211 ὁ
975 3157 1262 3229 ἄνθρωπος
1291 3157 1429 3230 πρὸς
1462 3156 1598 3212 Θεοῦ
1637 3156 1803 3228 ἠξίω-

204 3264 302 3301 ται
333 3249 394 3301 ἐν
422 3250 490 3319 τῇ
519 3247 622 3318 τῆς
654 3247 1043 3319 κοσμογενείας
1088 3249 1439 3323 ξυγγραφῇ),
1474 3250 1587 3305 οὐδ’
1630 3250 1805 3314 οὕτως

207 3337 603 3405 ἀλλοτριώσεις
642 3338 733 3392 τὸν
766 3339 997 3408 ἄγγελον
1020 3355 1035 3370 ·
1065 3341 1255 3411 ἄρχειν
1274 3342 1385 3413 γὰρ
1412 3342 1522 3396 τῶν
1555 3342 1805 3410 ἀγγέλων

204 3431 337 3493 τοὺς
375 3430 597 3494 πλείους
645 3431 831 3494 ἔθνους
858 3432 954 3485 καὶ
999 3432 1175 3504 φυλῆς
1219 3434 1373 3505 παρὰ
1422 3434 1522 3505 τῆς
1576 3434 1804 3505 Γραφῆς

209 3520 363 3584 ίδίως
412 3519 793 3592 δεδιδάγμεθα.
829 3522 892 3575 Et
943 3521 988 3575 δ’
1022 3523 1106 3576 ὅτι
1153 3524 1227 3594 μὴ
1273 3523 1582 3596 χειροήθεις
1621 3525 1804 3589 αὐτοῖς

202 3612 338 3676 τοὺς
395 3612 738 3684 ἀρχομένους
786 3611 1004 3667 τελοῦσι
1066 3614 1167 3685 τὴν
1213 3614 1479 3685 διαφορὰν
1533 3616 1798 3684 εἰσάγεις,

204 3704 473 3776 καθάπερ
496 3707 694 3759 ἐκεῖνοι
724 3704 794 3760 τά
827 3705 1001 3760 πολλὰ
1029 3706 1139 3760 τῶν
1164 3704 1340 3771 ζώων,
1380 3707 1536 3762 οὐδὲν
1562 3709 1699 3780 πρὸς
1723 3710 1802 3781 τῷ

202 3796 409 3865 γέλωτι
452 3798 795 3869 κομπάζεις·
828 3799 951 3853 ούδέ
982 3798 1089 3871 γὰρ
1123 3791 1184 3853 οὗ
1225 3800 1411 3855 είκόνα
1440 3801 1628 3873 φέρειν
1653 3804 1681 3856 ὁ
1711 3802 1803 3856 άν-

204 3890 430 3961 θρωπος
458 3891 701 3961 λέγεται,
727 3892 1038 3969 χειροήθεις
1065 3892 1191 3956 τοὺς
1213 3893 1549 3965 ἀρχομένους
1573 3895 1798 3966 (ἄπαγε)

200 3982 461 4037 δεικνύει.
492 3984 558 4038 Τί
604 3978 697 4038 οῦν
743 3985 862 4037 ἐστι
899 3984 982 4050 τὸ,
1024 3984 1154 4039 κατ’
1213 3986 1463 4051 είκόνα;
1516 3988 1632 4041 ὅσοι
1690 3988 1799 4058 γὰρ

201 4075 303 4145 τὴν
365 4075 462 4129 τοῦ
530 4075 850 4147 σωματικοῦ
914 4076 1045 4149 Ῐ512
1096 4077 1188 4149 Η.]
1238 4079 1520 4149 σχήματος
1588 4078 1796 4151 εύπρέ-

200 4184 369 4220 πειαν
429 4167 851 4240 ἐρῤαψῴδησαν,
898 4169 1036 4240 πρὸς
1080 4172 1209 4239 τοῖς
1241 4169 1458 4241 μυρίοις
1521 4160 1795 4241 ἐλέγχοις,

204 4260 329 4313 οὐδὲ
373 4260 479 4329 τῆς
510 4261 651 4331 πρὸς
679 4260 772 4314 τὸν
826 4261 1058 4331 ἄγγελον
1092 4262 1382 4326 κοινωνίας
1425 4260 1566 4317 κατὰ
1614 4263 1795 4330 τοῦτο,

200 4354 344 4425 ὅπερ
388 4353 504 4406 ἐστὶ
532 4354 598 4407 τὸ
637 4354 995 4425 ζητούμενον,
1035 4355 1126 4408 τὸν
1154 4354 1444 4427 ἄνθρωπον
1485 4355 1798 4429 ἠλευθέρω-

204 4460 340 4498 σαν·
392 4446 868 4517 ἀνθρωπόμορφον
910 4446 1022 4519 γὰρ
1086 4447 1142 4502 αἱ
1201 4447 1344 4501 θεῖαι
1398 4447 1616 4518 Γραφαὶ
1664 4449 1795 4514 τοὺς

1915 1968 2251 2033 inscribitur,
2275 1968 2392 2024 sive
2425 1968 2493 2021 de
2523 1968 2795 2032 castitate,
2825 1979 3076 2033 magnam
3108 1973 3318 2032 partem
3352 1957 3504 2012 sdulo

1913 2069 2147 2115 teratum
2205 2074 2367 2115 esse:
2424 2058 2669 2114 oﬂ'endes
2716 2057 2864 2111 enim
2923 2058 2974 2110 in
3036 2054 3129 2109 illo
3162 2052 3404 2120 adjectus
3442 2057 3499 2105 et

1909 2155 2140 2209 Arianae
2174 2168 2452 2222 venasque
2481 2151 2849 2222 opiuationes,
2901 2148 3147 2218 aliasque
3198 2144 3338 2201 male
3373 2158 3501 2198 sen-

1914 2248 2163 2302 tientium
2201 2245 2444 2300 fabulas.

1980 2336 2307 2394 Notandum.
2344 2336 2482 2404 Quid
2518 2336 2589 2391 sit
2625 2349 2727 2391 cur
2769 2331 2918 2389 solus
2954 2330 3119 2385 homo
3155 2341 3222 2382 ex
3249 2326 3502 2382 omnibus

1912 2450 1941 2489 a
1968 2434 2077 2489 Deo
2110 2434 2311 2488 creatis
2346 2433 2512 2487 rebus
2545 2432 2784 2493 dicatur,
2822 2427 2997 2482 factus
3028 2421 3328 2481 secundum
3358 2424 3496 2474 ima-

1911 2530 2088 2598 ginem
2119 2526 2256 2582 Dei?
2292 2524 2433 2579 Nihil
2495 2524 2640 2579 enim
2700 2523 2754 2575 in
2820 2521 3039 2575 homine
3077 2516 3319 2587 reperiat
3373 2513 3498 2583 quis

1910 2618 2112 2685 nobile,
2154 2631 2263 2685 quo
2316 2624 2500 2671 careat
2545 2613 2791 2683 angelica
2832 2619 3069 2665 natura:
3128 2624 3234 2663 non
3271 2608 3497 2661 immor-

1909 2709 2118 2772 talitas,
2177 2723 2299 2761 nam
2347 2716 2402 2760 et
2441 2705 2666 2777 angelus
2695 2702 3020 2758 immortalis
3050 2719 3065 2767 ;
3100 2716 3204 2755 non
3262 2699 3494 2753 liberum

1908 2800 2216 2871 arbitrium,
2249 2814 2372 2853 nam
2406 2798 2450 2852 si
2476 2796 2674 2864 angeli,
2708 2805 2768 2849 ut
2802 2793 2972 2849 sentit
3005 2791 3335 2857 Theologus,
3361 2787 3497 2861 [Na-

1908 2889 2225 2963 zianzenus]
2273 2889 2446 2958 magis
2500 2888 2685 2961 [quam
2738 2883 3012 2956 homines]
3063 2883 3401 2952 propendent
3442 2882 3495 2935 in

1907 2983 2131 3045 bonum,
2160 2981 2464 3036 secundum
2529 2981 2633 3033 hoc
2661 2976 2904 3043 intellige
2957 2973 3106 3029 nullo
3139 2974 3301 3028 modo
3332 2986 3494 3041 posse

1906 3074 2081 3145 accipi
2112 3073 2243 3129 illud
2278 3072 2576 3128 secundum
2618 3068 3052 3124 similitudinem.
3098 3064 3156 3120 Si
3203 3063 3495 3133 imperium

1909 3169 2060 3225 dicas
2090 3167 2366 3239 (dignatus
2395 3173 2478 3218 est
2503 3164 2649 3217 enim
2690 3164 2854 3216 homo
2901 3175 2930 3213 a
2963 3158 3074 3214 Deo
3106 3158 3337 3227 imperio
3386 3158 3492 3227 pis-

1913 3260 2058 3315 cium
2108 3268 2165 3314 et
2195 3256 2426 3312 aliorum
2468 3255 2520 3309 in
2572 3254 2687 3325 ipsa
2742 3252 2928 3307 mundi
2980 3248 3236 3306 fabricati
3285 3249 3496 3305 descri-

1913 3350 2139 3423 ptione),
2174 3365 2241 3405 ne
2273 3350 2353 3405 sic
2376 3349 2597 3418 quidem
2626 3347 2849 3417 angelos
2876 3345 3136 3401 ostendes
3158 3357 3283 3398 esse
3309 3341 3498 3397 diver-

1911 3461 2023 3501 sus.
2057 3443 2334 3499 Dominari
2380 3442 2525 3496 enim
2560 3440 2742 3510 plures
2774 3437 3093 3510 angelorum
3123 3435 3401 3505 gentibus,
3432 3442 3491 3490 et

1911 3538 2225 3593 nationibus
2255 3533 2626 3605 singulatime
2681 3531 2965 3599 Scriptura
3019 3528 3312 3583 didicimus
3338 3527 3388 3583 ιι.
3433 3525 3495 3581 Si

1910 3639 2118 3692 autem,
2143 3628 2289 3697 quod
2317 3625 2594 3696 subjectos
2629 3639 2737 3677 non
2763 3619 3077 3677 tractabiles
3107 3619 3210 3675 sibi
3241 3619 3491 3682 reddant,

1909 3721 2371 3793 quemadmodum
2430 3718 2506 3774 illi
2561 3717 2733 3771 multa
2792 3715 3072 3777 animalia,
3137 3709 3495 3767 diﬁ'erentiam

1907 3813 2231 3877 constituas,
2260 3811 2394 3867 nihil
2427 3810 2529 3867 nisi
2551 3811 2719 3866 risum
2739 3809 2937 3879 jactas,
2971 3821 3145 3876 neque
3162 3803 3309 3859 enim
3336 3802 3497 3856 homo

1907 3902 2061 3972 cujus
2086 3903 2375 3973 imaginem
2425 3901 2572 3957 ferre
2598 3901 2797 3956 dicitur
2831 3898 3027 3970 (apage
3055 3896 3311 3965 dictum),
3370 3892 3500 3947 sub-

1902 3998 2075 4068 jectos
2096 3998 2271 4051 reddit
2292 3996 2406 4050 sive
2429 3994 2668 4050 ostendit
2701 4000 3041 4047 mansuetos.
3060 3988 3200 4055 Quid
3223 3988 3389 4056 igitur
3412 3994 3497 4039 est

1907 4089 2057 4153 illud,
2103 4088 2391 4142 secundum
2450 4084 2784 4154 imaginem?
2832 4079 2965 4135 Nam
3013 4081 3326 4149 quicunque
3382 4091 3498 4127 cor-

1904 4195 2083 4251 porcae
2112 4180 2297 4248 ﬁgura:
2335 4176 2670 4247 elegantiam
2724 4171 3022 4228 commenti
3057 4179 3206 4231 sunt,
3243 4168 3496 4222 omnibus

1905 4274 2021 4329 suis
2049 4270 2387 4343 argumentis
2421 4264 2695 4327 huminem
2730 4281 2906 4331 neque
2931 4266 2997 4319 ah
3032 4262 3352 4333 angelorum
3381 4259 3498 4329 qui-

1903 4369 2027 4421 dem
2076 4363 2267 4419 iormae
2312 4360 2697 4417 communione
2752 4373 2853 4428 pro
2900 4356 3116 4411 ratione
3165 4351 3491 4424 quaestionis

1902 4457 2203 4514 liberarunt
2230 4456 2367 4527 (87).
2396 4455 2478 4509 Ab
2519 4452 2726 4523 angelis
2752 4450 2897 4505 enim
2921 4448 3215 4503 humanam
3249 4444 3494 4500 indutam

202 4537 477 4607 ἀγγέλους
498 4539 633 4611 ἡμῖν
660 4540 972 4595 ἐνδεδύσθαι
1011 4540 1199 4611 σχῆμα
1231 4540 1599 4595 ὑπετύπωσαν
1626 4541 1692 4598 ⁸⁸.
1728 4542 1793 4596 Εἰ

1911 4562 2025 4604 esse
2048 4546 2301 4611 formam,
2328 4544 2482 4599 nobis
2508 4542 2707 4596 divina:
2752 4540 2979 4595 Litterae
3012 4536 3394 4607 prodiderunt.
3434 4532 3495 4588 Si

203 4632 260 4685 δὲ
292 4630 357 4685 τὸ
390 4632 786 4705 δημιουργικὸν
815 4633 911 4687 καὶ
942 4634 1246 4705 πρακτικὸν
1271 4634 1319 4667 δ’
1359 4635 1440 4698 είς
1470 4632 1706 4706 ὕπαρξιν
1731 4634 1793 4689 τὸ

1911 4648 2077 4693 mtem
2124 4636 2338 4706 opilicis
2396 4642 2453 4689 et
2496 4631 2772 4686 eﬁ'ectoris
2837 4628 3159 4684 substantia
3238 4626 3493 4682 humanae

204 4727 328 4780 κατ’
361 4725 549 4779 είκόνα
571 4725 869 4794 φυλάσσειν
901 4726 1046 4797 ἔχεις
1072 4727 1159 4779 ἐπ’
1188 4725 1478 4797 ἀνθρώπου
1506 4727 1795 4799 (δημιουρ-

1911 4728 2203 4799 :ﬁlgiemin
2260 4726 2479 4781 homine
2509 4723 2647 4778 dicis
2679 4736 2901 4776 manere
2949 4718 3063 4791 (88)
3115 4718 3290 4789 (creat
3345 4716 3493 4772 enim

206 4819 295 4887 γεῐ
324 4818 437 4888 γὰρ
464 4817 596 4882 Θεὸς
622 4818 670 4851 ⁸⁸
701 4818 761 4871 τὸ
795 4819 926 4883 πᾶν,
955 4819 1253 4890 ἀφράστως
1286 4819 1382 4872 καὶ
1426 4820 1795 4893 ἁνεπινοήτως

1911 4822 2062 4887 Deus,
2091 4820 2347 4875 universa
2378 4814 2745 4886 inexplicabili
2776 4826 2832 4869 et
2858 4815 3311 4884 iucompreheuso
3335 4811 3496 4863 modo

205 4910 471 4981 προάγων
495 4911 565 4963 τὰ
595 4910 669 4981 μὴ
698 4908 848 4976 ὄντα,
873 4909 1011 4964 ἀλλὰ
1042 4910 1136 4963 καὶ
1168 4908 1456 4981 ἄνθρωπος
1488 4911 1659 4965 ἐνίοτε
1694 4912 1795 4983 μὲν

1911 4912 2245 4984 producendo
2271 4926 2335 4965 ea
2372 4925 2495 4975 quae
2530 4922 2634 4961 non
2687 4908 2863 4977 sunt),
2900 4906 3063 4959 etiam
3126 4907 3290 4958 homo
3323 4916 3495 4970 quan-

206 5002 268 5054 ἐκ
294 5001 399 5071 τῆς
436 5001 576 5065 ἰδίας
625 5002 817 5067 ούσίας
866 5002 961 5056 καὶ⁵
999 5000 1216 5072 φύσεως
1258 5003 1469 5072 σπορᾶς
1515 5004 1792 5077 καταϐολῇ

1911 5007 2075 5077 doque
2109 5002 2304 5075 31317
2348 5018 2416 5058 ex
2474 5016 2569 5056 sua
2628 4999 2937 5056 substantia
2971 5009 3025 5053 et
3075 5006 3312 5059 natura,
3366 5004 3490 5050 satu

204 5093 393 5160 ὅμοιον
442 5092 733 5164 ἄνθρωπον
785 5093 1072 5165 γεωργῶν,
1114 5094 1285 5149 ἐνίοτε
1319 5096 1376 5149 δὲ
1422 5096 1590 5169 τέχνῃ
1622 5098 1794 5153 πολλὰ

1911 5097 2132 5154 seminis
2162 5094 2393 5152 similem
2445 5092 2548 5149 sibi
2602 5093 2878 5148 hominem
2931 5100 3106 5156 creat,
3160 5088 3500 5158 quandoque

203 5185 311 5238 τῶν
361 5185 641 5262 τεχνητῶν
667 5189 712 5219 ⁸¹
748 5187 1135 5258 δημιουργῶν,
1184 5189 1233 5241 εί
1276 5188 1371 5241 καὶ
1401 5188 1477 5260 μὴ
1522 5191 1568 5222 ⁵¹
1600 5192 1665 5244 ἐκ
1697 5191 1795 5246 τοῦ

1911 5206 2032 5246 vero
2065 5188 2294 5243 artiﬁcio
2337 5185 2502 5241 multa
2532 5184 2785 5253 opiﬁcum
2837 5181 3090 5245 artiﬁcia,
3146 5178 3395 5250 quamvis
3424 5192 3493 5231 ex

207 5276 436 5348 μηδαμῆ
471 5278 736 5350 μηδαμῶς
769 5280 817 5313 ⁸⁸
845 5279 1040 5347 δντος),
1070 5279 1205 5333 ἀλλὰ
1232 5281 1325 5334 καὶ
1351 5281 1511 5335 τοῦτό
1539 5300 1591 5337 τι
1622 5285 1668 5315 ⁸⁸
1700 5302 1796 5338 πι-

1911 5284 2049 5338 nulla
2080 5298 2137 5336 re
2159 5280 2309 5351 prius
2341 5280 2662 5344 exsistente,
2703 5276 2899 5347 ﬁngit;
2934 5274 3215 5330 enimvero
3265 5280 3321 5328 et
3369 5271 3499 5338 hoc,

204 5367 365 5423 θανὸν
423 5370 545 5441 ἕχον
577 5371 779 5444 ῥᾳδίως
828 5373 1135 5445 ἐλέγχεται.
1177 5373 1246 5428 Οἵ
1299 5373 1405 5449 [τε]
1456 5376 1566 5449 γὰρ
1622 5379 1791 5447 μονά-

1911 5377 1954 5431 si
1987 5375 2117 5444 quid
2172 5371 2450 5443 probabile
2484 5370 2668 5436 habet,
2718 5368 2880 5424 facile
2933 5368 3227 5424 refellitur.
3266 5364 3403 5419 Nam
3434 5374 3491 5418 et

1508 5510 1743 5569 VARI/ﬁ
1775 5492 2183 5571 LECTIONES.

272 5599 319 5630 “
370 5594 706 5669 ᾦ-άγνείας
736 5620 842 5659 om.
869 5604 977 5661 AC.
1052 5606 1096 5637 ⁸⁷
1125 5607 1241 5660 ἐστι
1258 5608 1637 5680 νενοθευμένος
1676 5614 1740 5668 Α.
1765 5613 1872 5684 γὰρ
1894 5610 2277 5680 νενοθευμένος
2305 5608 2452 5662 ἐστίν
2483 5626 2542 5675 ς.
2622 5608 2666 5639 ⁸⁸
2695 5607 3055 5661 ὲπετύπωσαν
3092 5623 3153 5670 ς.
3230 5604 3276 5636 δ’
3308 5600 3496 5654 malim

207 5674 562 5721 πσοακτικὸν-
617 5685 671 5721 et
716 5690 834 5721 nm:
870 5675 1003 5721 Evr-1t-
1078 5678 1124 5708 ⁵ο
1154 5679 1259 5721 γὰο
1292 5680 1319 5721 ὁ
1351 5680 1483 5721 “ab:
1512 5698 1551 5721 ρ-
1646 5684 1695 5714 ει
1724 5683 1979 5721 ινινυνηῗιυ
2024 5684 2054 5721 Δ
2158 5681 2202 5711 ⁸³
2247 5681 2317 5721 ιιῦι
2347 5698 2451 5721 ann.
2492 5686 2521 5721 Δ
2623 5680 2670 5712 ⁵³
2698 5679 2917 5721 ιιτιδαιιῆ
2954 5675 3217 5721 ιιτιδαιιῶς
3247 5675 3317 5721 Β.
3385 5688 3496 5721 tm-

204 5675 836 5814 Ξῗῗιῖξκίῗζιδαξιὲέῃὲξ
870 5675 1054 5819 ἔέῐξίιτι]
1151 5675 1492 5804 ἔιῗξμὸιέεὸέ
1512 5698 1574 5746 ς’
1646 5684 1695 5714 δ’
1724 5675 1979 5755 τέχῦιτῶν
2017 5684 2080 5735 Α·
2119 5675 2130 5680 '
2158 5681 2202 5711 δ’
2244 5681 2320 5751 μὴ
2347 5698 2454 5734 ⁰¹¹¹·
2482 5686 2547 5735 ’δ’
2623 5680 2670 5712 ⁵³
2696 5679 2918 5750 μηδαμῇ
2950 5675 3217 5748 μηδαμῶς
3247 5675 3285 5727 Β
3304 5713 3318 5736 ’
3384 5688 3498 5743 μηδ’

1724 5819 1957 5878 ΝΟΤᾹῦ.

274 5907 386 5979 (87)
423 5907 554 5975 Qua:
584 5918 722 5964 erat.
748 5924 854 5980 qua
880 5909 1091 5967 ratione
1113 5911 1303 5968 similis
1333 5922 1474 5968 esset
1502 5909 1629 5968 Deo.
1982 5907 2093 5981 (88)
2135 5906 2372 5978 Elﬁgiem
2402 5905 2672 5962 custodire
2697 5919 2860 5975 penes
2892 5902 3168 5960 imminent
3204 5912 3382 5974 putas.

272 5599 319 5630 ιθ
