4066 6466
317 445 465 515 2181
850 488 877 530 ,
1352 448 1867 510 BIBLIOTHECA.
1896 472 1966 483 ——
1992 448 2595 511 conccxxxvm.
3456 442 3592 508 1132
3652 398 3655 403 ’

320 574 513 645 ἔργων
543 574 769 645 ἔμελλον
816 573 1105 635 ἅπτεσθαι,
1145 569 1309 640 χίλιοι
1329 585 1343 599 ’
1399 568 1687 630 τοσούτους
1717 569 1763 599 ⁸³
1793 567 1901 637 γὰρ

2008 574 2195 631 tatem,
2263 566 2520 635 opinione
2583 563 2749 620 citius
2801 562 3127 619 adexitum
3193 559 3473 631 perduxit,
3525 569 3586 615 et

314 671 635 740 οἰκοδομεῖν
678 673 774 726 καὶ¹
826 668 1142 741 ξυλουργεῖν
1185 663 1587 730 ἐξεπαίδευσεν.
1627 659 1908 732 ἱερατικὰς

2008 677 2258 733 magnam
2314 662 2549 733 gratiam
2597 659 2739 731 apud
2783 659 3039 730 populum
3093 659 3410 714 conciliavit
3462 658 3593 713 sibi.

319 765 518 827 αὐτοῖς
549 764 752 817 ἅπασιν
784 761 1135 832 ὠνησάμενος
1159 756 1369 817 στολάς.
1403 755 1512 807 Καὶ
1534 752 1631 823 ἥδε
1659 754 1694 820 ἡ
1727 767 1908 821 παρα-

2008 753 2295 809 Sacrilicat
2327 762 2511 807 autem
2536 750 2779 806 Herodes
2802 750 3057 805 absoluto
3083 750 3284 818 templo
3315 757 3593 803 trecentas

322 856 505 925 σκευὴ
558 857 752 908 θᾶττον
795 855 894 925 μὲν
933 851 1147 913 ἐλπίδος
1196 850 1275 911 είς
1329 845 1505 917 πέρας
1550 845 1613 897 τὸ
1664 842 1908 913 βούλημα

2008 858 2247 912 vaccas;
2274 840 2539 914 quantum
2566 856 2697 899 vero
2715 840 2887 897 Judaei
2919 840 3307 905 sacrificarint,
3334 839 3445 894 dici
3478 854 3587 893 non

317 948 527 1017 ἤγαγε,
563 948 805 1018 μεγάλας
831 946 888 999 δὲ
909 945 1007 998 καὶ
1032 941 1233 1004 πολλὰς
1258 938 1365 993 ἀπὸ
1391 935 1488 991 τοῦ
1535 934 1776 1006 πλήθους
1810 935 1908 999 τὰς
2015 946 2215 1008 potest.

318 1039 682 1110 εὐχαριστίας
719 1040 777 1091 ὲν
800 1041 912 1100 τοῖς
945 1036 1125 1098 ἄλλοις
1146 1034 1350 1087 ἅπασιν
1379 1027 1680 1098 ἀχθομένου
1725 1025 1939 1099 Ἡρώδῃ
1959 1028 2004 1059 ⁸³
2036 1027 2394 1100 προύξένησε,
2438 1028 2566 1083 Θύει
2636 1029 2682 1082 δ’
2752 1026 2999 1101 Ἡρώδης
3064 1026 3182 1097 ἅμα
3227 1025 3323 1079 τοῦ
3402 1041 3597 1078 συντε-

318 1128 481 1182 λέσαι
503 1131 596 1184 τὸν
625 1131 760 1183 νεὼν
790 1126 917 1196 βοῦς
954 1124 1277 1198 τριακοσίας
1297 1138 1311 1154 ⁸
1342 1120 1452 1174 τῶν
1480 1120 1525 1171 δ’
1550 1118 1729 1173 ἄλλων
1766 1118 2040 1173 Ἰουδαίων
2064 1120 2165 1173 ὅσα
2191 1119 2433 1183 θύσειαν,
2462 1119 2572 1173 οὐδ’
2601 1118 2820 1188 ἐγένετο
2840 1118 3025 1174 λαϐεῖν
3063 1116 3308 1189 ἀριθμῷ.

401 1217 572 1286 υῦτος
613 1222 861 1292 Ἡρώδης
890 1221 1038 1273 ἐστὶν
1085 1219 1115 1272 ὁ
1177 1216 1538 1284 Ἀντιπάτρου
1591 1212 1688 1266 τοῦ
1746 1212 1908 1265 Ἰδουο

2081 1210 2180 1267 Hic
2196 1226 2327 1267 vero
2347 1210 2594 1267 Herodes
2624 1211 2770 1267 ﬁlius
2810 1210 2915 1266 fuit
2945 1210 3218 1281 Antipatri
3259 1208 3505 1272 Idumaei,
3540 1218 3595 1289 et

328 1307 496 1384 μαίου
526 1315 622 1368 καὶ
667 1286 768 1384 τῆς
804 1286 1136 1383 Ἀραϐίσσης
1168 1308 1408 1377 (Κύπρις
1439 1307 1484 1360 δ’
1528 1305 1704 1376 ϐνομα
1746 1306 1908 1375 αὐτῇ)

2008 1304 2281 1359 Arabissae
2300 1304 2390 1359 cui
2414 1317 2609 1358 nomen
2639 1302 2855 1372 Cypris,
2890 1318 2999 1372 quo
3029 1313 3316 1374 regnante,
3338 1286 3595 1357 Christus

322 1410 480 1470 παῖς,
516 1408 602 1476 ἐφ’
630 1399 693 1460 οῦ
721 1406 816 1459 καὶ
854 1404 1089 1474 Χριστὸς
1121 1403 1151 1455 ὁ
1181 1400 1313 1464 Θεὸς
1342 1396 1500 1470 ἡμῶν
1533 1397 1630 1451 ἐπὶ
1664 1396 1908 1467 σωτηρίᾳ

2010 1411 2045 1453 e
2080 1394 2304 1465 Virgine
2351 1396 2417 1450 ad
2445 1394 2819 1450 redimendum
2866 1408 3038 1464 genus
3082 1396 3376 1448 humanum
3431 1403 3597 1448 natus

319 1501 426 1553 τοῦ
460 1499 731 1569 ἡμετέρου
770 1496 962 1566 γένους
1005 1493 1343 1566 παρθενικῆς
1395 1491 1749 1545 ἀποτίκτεται
1802 1490 1913 1559 μή-

320 1611 357 1645 τ
365 1609 467 1663 ρας
486 1608 501 1622 ·
530 1591 653 1645 καθ’
676 1582 740 1642 οῦ
760 1590 855 1642 καὶ
883 1588 1074 1659 μανεὶς
1115 1585 1362 1656 Ἡρώδης
1381 1583 1476 1637 τοῦ
1512 1582 1612 1654 μὲν
1633 1582 1908 1636 Δεσπότου

321 1680 620 1750 διήμαρτε,
677 1678 874 1747 φονεὺς
928 1675 987 1729 δὲ
1020 1673 1232 1728 πολλῶν
1267 1670 1481 1744 νηπίων
1528 1670 1760 1741 γίνεται.
1814 1671 1911 1733 Εἰς

322 1771 591 1842 ὠμότητα
628 1770 687 1823 δὲ
730 1768 828 1823 καὶ
881 1767 1196 1838 μιαιφονίαν
1232 1765 1442 1828 πάντας
1484 1765 1600 1818 ὅσοι
1655 1762 1909 1835 τύραννοι

323 1863 735 1935 ὑπερϐαλέσθαι
772 1863 1083 1933 ἱστόρηται.
1122 1859 1235 1914 Καὶ
1269 1857 1532 1927 γυναικὸς
1568 1857 1626 1910 δὲ
1659 1857 1758 1927 τῆς
1787 1857 1910 1911 Μα-

326 1956 653 2028 ριάμμηςτο
685 1956 959 2025 (θυγάτηρ
1006 1954 1053 2009 δ’
1101 1948 1171 2024 ἦν
1214 1951 1354 2021 αῦτη
1401 1948 1759 2021 Ἀλεξάνδρας
1807 1948 1910 2019 τῆς

337 2046 608 2117 Ὑρκανοῦ
631 2045 725 2100 τοῦ
750 2045 1052 2117 ἀρχιερέως
1080 2045 1293 2109 παιδὸς,
1312 2043 1433 2116 ὥρᾳ
1452 2042 1704 2113 σώματος
1733 2042 1909 2095 οὐδενὶ

321 2143 507 2212 χρόνῳ
536 2140 774 2194 λιποῦσα
797 2141 842 2171 ⁷⁸
873 2138 1045 2203 δεῖξαι
1074 2138 1280 2207 ταύτης
1312 2137 1658 2208 ἐφάμιλλον),
1696 2136 1907 2207 ταύτης

323 2230 421 2288 οῦν
451 2234 549 2286 καὶ
578 2232 671 2286 δύο
693 2232 803 2286 τῶν
823 2231 886 2296 ἐξ
907 2232 1079 2302 αὐτῆς
1106 2230 1254 2300 αὐτῷ
1279 2229 1651 2300 γεννηθέντων
1676 2229 1906 2294 παίδων,

338 2324 756 2397 Ἀριστοϐούλου
782 2326 882 2378 καὶ
906 2323 1282 2391 Ἀλεξάνδρου,
1312 2321 1363 2374 οἳ
1396 2320 1585 2375 κάλλει
1609 2337 1670 2373 τε
1704 2320 1799 2374 καὶ
1820 2320 1910 2373 λό-

326 2432 441 2482 γων
483 2416 717 2484 ἀσκήσει
761 2415 857 2469 καὶ
896 2413 1097 2484 χειρῶν
1144 2411 1328 2483 ἔργοις
1374 2410 1529 2464 οὐδὲν
1563 2404 1726 2483 ἦττον
1760 2411 1793 2481 ἢ
1825 2412 1908 2465 ὅτι

328 2503 594 2573 βασιλέως
620 2501 759 2575 ἦσαν
792 2505 979 2564 παῖδες
1001 2502 1104 2557 ἀνά
1131 2502 1349 2555 πάντων
1373 2502 1629 2573 ἐφέροντο
1654 2503 1905 2571 στόμασι,

323 2596 530 2649 τούτων
571 2599 903 2667 συμπάντων
924 2595 968 2628 ⁷³
1000 2595 1276 2657 διαϐολαῖς
1311 2593 1672 2665 Ἀντιπάτρου
1715 2594 1909 2662 μανεὶς

325 2688 521 2759 δήμιος
550 2690 782 2758 γίνεται,
819 2688 1036 2759 πρῶτον
1078 2688 1178 2759 μὲν
1225 2688 1324 2759 τῆς
1368 2690 1639 2758 γαμετῆς,
1666 2686 1785 2741 εἶτα
1815 2688 1910 2741 καὶ

325 2780 435 2833 τῶν
467 2780 697 2844 παίδων,
724 2780 818 2834 καὶ
846 2779 1155 2834 τελευταῖον
1198 2779 1559 2849 Ἀντιπάτρου
1591 2779 1685 2832 καὶ
1716 2778 1905 2843 αὐτοῦ,

326 2874 519 2935 παιδὸς
552 2873 617 2927 ὲκ
655 2873 924 2942 προτέρας
947 2871 1230 2939 γυναικός.
1260 2870 1420 2940 Νόσῳ
1444 2870 1502 2923 δὲ
1533 2872 1710 2941 πικρᾷ
1733 2887 1912 2941 παρα-

322 2965 499 3027 δοθεὶς
562 2966 830 3036 (ἕλκωσις
875 2965 986 3035 γὰρ
1035 2964 1272 3034 ἐντέρων
1331 2959 1447 3034 εἶχε
1497 2964 1591 3018 τὸν
1646 2964 1910 3034 δύστηνον

322 3056 508 3127 ὄρθιόν
538 3073 600 3110 τε
647 3053 841 3128 ἆσθμα
887 3056 980 3111 καὶ
1014 3056 1192 3110 ποδῶν
1229 3055 1424 3109 λευκοῦ
1471 3057 1783 3127 φλέγματος
1832 3058 1911 3112 οῖ·-

321 3147 495 3216 δημα,
519 3148 689 3202 δειναί
710 3166 771 3201 τε
817 3147 911 3201 τοῦ
962 3148 1140 3202 κώλου
1177 3149 1493 3219 ἀλγηδόνες,
1554 3151 1651 3204 καὶ
1701 3150 1908 3205 αἰδοίου

294 3266 299 3271 ~
323 3238 491 3307 σῆψις
520 3239 812 3309 σκώληκας
839 3239 1164 3310 ἐμποιοῦσα,
1192 3242 1287 3294 καὶ
1310 3241 1483 3311 μυρία
1510 3242 1669 3315 ἄλλα)
1704 3243 1842 3312 μετὰ
1864 3243 1909 3275 ⁷³

321 3330 581 3403 πέμπτην
611 3328 679 3401 [δ’
700 3329 769 3402 ⁷⁵]
800 3330 1016 3402 ἡμέραν
1041 3331 1139 3401 τῆς
1163 3330 1532 3404 Ἀντιπάτρου
1561 3334 1780 3403 σφαγῆς
1811 3332 1908 3387 τοῦ

2014 1497 2118 1543 est.
2168 1485 2226 1543 In
2258 1502 2416 1556 quem
2471 1486 2701 1542 saeviens
2760 1485 3029 1557 peccavit,
3084 1492 3141 1540 et
3194 1485 3595 1540 contrucidatis

2014 1590 2095 1635 tut
2142 1579 2478 1645 infantibus,
2529 1593 2636 1650 qua
2686 1577 3014 1634 crudelitate
3079 1593 3145 1631 ac
3195 1578 3346 1633 caede
3396 1592 3594 1633 omnes

2018 1684 2167 1729 retro
2195 1684 2454 1749 tyrannos
2499 1686 2789 1744 superasse
2840 1669 3035 1726 fertur.
3078 1667 3212 1740 Ejus
3253 1670 3446 1725 uxoris
3473 1667 3594 1723 Mai-

2017 1765 2295 1831 riammes,
2325 1779 2446 1833 qua:
2495 1763 2821 1819 Alexandra;
2850 1761 3125 1833 pontificis
3174 1759 3415 1832 Hyrcani
3463 1760 3593 1818 tiliae

2014 1860 2125 1915 filia
2152 1859 2273 1924 fuit,
2306 1871 2565 1914 venustas
2606 1858 2854 1927 corporis
2894 1866 3041 1913 tanta
3069 1858 3171 1911 fuit
3213 1866 3272 1911 ut
3310 1856 3457 1910 nulla
3491 1871 3594 1910 un-

2015 1967 2177 2020 quam
2212 1952 2284 2005 illi
2316 1966 2414 2020 par
2454 1950 2625 2006 fuisse
2678 1951 2976 2005 videretur.
3015 1950 3096 2004 Ex
3136 1949 3239 2005 hac
3286 1949 3453 2018 igitur
3479 1949 3589 2003 duo

1940 2071 1984 2125 Β
2016 2045 2125 2100 uati
2170 2043 2265 2098 filii
2297 2042 2662 2107 Aristobulus,
2691 2049 2746 2097 et
2789 2042 3124 2105 Alexander,
3185 2042 3279 2111 qui
3341 2041 3591 2109 pulchri-

2011 2139 2220 2201 tudine,
2247 2138 2615 2204 orationisque
2665 2137 2875 2205 gratia,
2909 2150 3277 2204 manuumque
3316 2135 3588 2204 prompti-

2012 2231 2216 2294 tudine,
2254 2230 2385 2283 nihil
2410 2244 2515 2283 non
2547 2229 2755 2298 regium
2788 2228 3016 2293 habere,
3047 2228 3290 2283 omnium
3322 2241 3419 2281 ore
3444 2224 3594 2280 fere-

2008 2324 2226 2377 bantur.
2294 2322 2497 2378 Contra
2565 2323 2665 2377 hos
2718 2335 2912 2377 omnes
2974 2320 3261 2375 calumniis
3322 2319 3595 2389 Antipatri

2008 2413 2267 2470 efferatus
2311 2427 2415 2473 est.
2470 2416 2653 2470 Primo
2704 2416 2922 2485 quidem
2986 2418 3039 2471 in
3092 2429 3344 2477 uxorem,
3399 2413 3597 2468 deinde

2013 2508 2171 2568 ﬁlios,
2200 2518 2259 2562 et
2284 2508 2501 2562 demum
2537 2510 2889 2579 Antipatrum
2921 2525 2951 2565 e
2973 2510 3158 2579 priore
3180 2516 3373 2563 natum
3401 2522 3595 2562 uxore.

2009 2600 2222 2655 Aeerbo
2272 2601 2462 2654 morbo
2521 2609 2774 2665 vexatus,
2816 2603 3123 2655 vexabatur
3180 2599 3326 2654 enim
3379 2598 3601 2652 intesti-

2011 2708 2205 2747 norum
2269 2691 2698 2763 exulceratione,
2737 2692 2953 2747 nonnisi
2997 2701 3218 2747 erectus
3277 2689 3598 2753 anhelabat,

2011 2786 2175 2855 pedes
2211 2782 2485 2839 lumebant
2518 2783 2825 2855 plilegmate
2869 2784 3112 2849 humido,
3141 2794 3198 2839 et
3244 2798 3446 2854 graves
3492 2782 3599 2838 coli

2012 2874 2314 2944 passiones,
2343 2872 2583 2928 verenda
2617 2873 2917 2943 putrefacta
2961 2875 3248 2929 scatebant
3276 2875 3554 2928 vermibus
3580 2889 3595 2925 :

2010 2977 2062 3022 et
2095 2967 2198 3021 alia
2233 2966 2424 3023 multa.
2455 2966 2522 3021 Et
2543 2968 2738 3036 quinto
2783 2978 2906 3037 post
2943 2968 3149 3022 caedem
3178 2966 3451 3034 Antipatri
3499 2965 3596 3019 lilii

2011 3058 2099 3113 die
2125 3059 2289 3113 etiam
2322 3059 2486 3113 vitam
2513 3057 2671 3113 (iniit.
2714 3058 2914 3115 Vivens
2962 3073 3135 3114 annos
3183 3073 3375 3113 omnes
3398 3055 3597 3129 3141)

2014 3151 2433 3225 [septuaginta],
2492 3152 2771 3222 imperans
2818 3167 2885 3208 ex
2937 3152 3045 3207 illis
3103 3167 3200 3207 sex
3243 3161 3301 3207 et
3342 3151 3591 3222 triginta.

2012 3246 2225 3315 Regnat
2254 3261 2382 3301 vero
2410 3245 2708 3316 illegitime,
2735 3255 2790 3301 et
2805 3255 3006 3316 praeter
3026 3261 3176 3317 spem
3210 3260 3388 3312 suam,
3416 3246 3599 3301 studio

2014 3338 2235 3393 Antonii
2303 3340 2457 3394 ducis
2528 3336 2901 3394 Romanorum
2940 3341 3175 3409 pecunia
3232 3342 3503 3411 corrupti.
3538 3348 3597 3393 et

322 3420 512 3485 παιδὸς
537 3424 634 3475 καὶ
664 3423 827 3486 αὐτὸς
855 3423 948 3476 τὸν
980 3422 1095 3494 βίον
1134 3423 1492 3493 κατέστρεψε,
1522 3424 1765 3488 διαϐιοὺς
1796 3425 1896 3495 μὲν

2008 3430 2233 3500 Augusti
2262 3430 2761 3497 commendatione,
2790 3431 3010 3487 decreto
3034 3430 3105 3486 ad
3124 3431 3596 3487 confirmationem

320 3513 419 3583 ἐτη
449 3513 743 3583 σύμπαντα
764 3520 806 3566 o’
832 3514 878 3545 ⁷⁸
897 3554 912 3579 ,
940 3513 1269 3585 βασιλεύσας
1297 3516 1343 3568 δ’
1370 3516 1431 3580 ἐξ
1455 3516 1635 3569 αὐτῶν
1660 3516 1705 3581 ζ’
1725 3517 1820 3570 καὶ
1841 3518 1904 3571 λ’.

2017 3531 2237 3574 senatus
2265 3520 2521 3577 Romani.

320 3607 610 3662 Βασιλεύει
629 3608 675 3662 δ’
692 3602 850 3671 οὗτος
873 3592 1209 3681 παρανόμως
1238 3628 1297 3664 τε
1320 3612 1416 3664 καὶ
1430 3613 1563 3683 παρ’
1587 3612 1809 3677 ἐλπίδας
1841 3614 1938 3668 καὶ
1959 3614 2007 3646 ⁷⁸
2031 3616 2196 3670 αὐτοῦ
2222 3618 2458 3678 ἐκείνου.
2491 3616 2698 3687 σπουδῇ
2733 3615 2831 3686 μὲν
2856 3614 3144 3670 Ἀντωνίου
3171 3614 3264 3669 τοῦ
3287 3611 3597 3686 στρατηγοῦ

332 3696 645 3769 Ῥωμαίων,
676 3700 957 3772 χρήμασιν
993 3702 1416 3774 ὑπηρετοῦντος,
1462 3704 1557 3756 καί¹
1590 3705 1905 3772 Αὐγούστου
1944 3708 2257 3761 καταινέσει
2325 3708 2452 3779 [969
2522 3705 2637 3778 IL],
2678 3706 2844 3778 ψήφῳ
2887 3707 2945 3761 δὲ
2982 3707 3121 3777 πρὸς
3150 3706 3451 3777 ἀφοσίωσιν
3500 3702 3599 3759 καὶ

314 3793 421 3859 τῆς
448 3791 642 3862 βουλῆς
678 3792 988 3863 Ῥωμαίων.

394 3883 523 3937 Ὀτι
566 3884 808 3957 Ἡρώδου
841 3885 1020 3951 τοῦδε,
1059 3887 1153 3940 τοῦ
1215 3888 1434 3960 πρώτου
1487 3890 1547 3955 ἐξ
1595 3891 1912 3961 ἀλλοφύλων

320 3973 481 4045 παρὰ
503 3974 630 4038 τούς
664 3976 865 4047 νόμους
898 3978 1317 4048 βασιλεύσαντος
1374 3982 1669 4049 Ἰουδαίων,
1716 3986 1910 4038 τούτου

318 4066 509 4138 πατὴρ
539 4063 607 4138 ἦν
643 4068 944 4139 Ἰδουμαῖος
996 4071 1152 4140 γένος
1184 4071 1246 4137 ἐξ
1289 4072 1631 4138 Ἀσκάλωνος
1658 4073 1787 4147 [5M
1814 4074 1909 4150 H.]

318 4159 557 4224 πόλεως,
598 4162 727 4224 παῖς
769 4161 1023 4227 Ἀντίπα,
1049 4164 1310 4229 Ἀντίπας
1360 4166 1455 4219 καὶ
1507 4167 1671 4233 αὐτὸς
1710 4169 1909 4222 ἐπικα-

318 4249 586 4322 λούμενος
633 4253 921 4326 πρύτερον,
973 4255 1331 4329 Ἀντίπατρος
1386 4259 1432 4313 δ’
1480 4258 1693 4315 ἔπειτα.
1738 4254 1907 4323 Οὗτος

321 4344 533 4397 πολλῶν
558 4345 659 4416 μὲν
685 4348 989 4419 χρημάτων
1021 4350 1295 4422 εὐπορῶν,
1340 4351 1685 4423 δραστήριως
1719 4352 1777 4407 δὲ
1808 4352 1910 4424 τὴν

323 4434 485 4503 φύσιν
530 4436 630 4489 καὶ
681 4441 1013 4509 στασιαστὴς
1075 4442 1359 4510 τυγχάνων
1393 4442 1461 4507 ⁷⁷,
1522 4443 1775 4514 ’Υρκανῷ
1830 4443 1910 4515 τῷ

335 4526 607 4582 Ἰουδαίων
662 4531 912 4601 ἀρχιερεῖ
942 4532 1009 4584 δι’
1065 4532 1279 4597 εὐνοίας
1314 4533 1612 4604 ἐτύγχανεν
1641 4536 1709 4599 ⁷⁸,
1757 4535 1910 4606 Ἀρι-

322 4617 603 4688 στοϐούλῳ
629 4620 687 4673 δὲ
718 4621 965 4691 τάδελφῷ
986 4623 1031 4654 ⁷⁹
1060 4622 1328 4690 Ὑρκανοῦ
1355 4624 1613 4695 διάφορος
1632 4639 1646 4653 ⁸
1676 4625 1757 4678 διὸ
1789 4625 1910 4679 πεί-

322 4707 407 4761 θει
444 4709 741 4779 Ὑρκανὸν,
792 4712 1055 4777 πολλάκις
1110 4713 1443 4785 ἐνοχλήσας,
1480 4714 1580 4786 τὴν
1627 4715 1906 4786 βασιλείαν

322 4800 492 4854 πάλιν
520 4802 814 4874 ἀναζητεῖν
855 4805 1027 4859 ἆπασι
1066 4806 1309 4876 τρόποις,
1344 4808 1410 4877 ἢν
1439 4807 1651 4860 ἐκείνου
1690 4826 1906 4879 συγχω-

2083 3891 2316 3947 Herodis
2367 3889 2548 3957 hujus,
2602 3890 2693 3959 qui
2737 3890 2948 3959 primus
2994 3898 3349 3945 externorum
3396 3885 3600 3941 Iudaeis

2018 3984 2330 4053 imperavit,
2363 3992 2520 4051 pater
2549 3981 2649 4036 fuit
2679 3980 2947 4036 Idumaeos
2973 3985 3192 4037 natione
3210 3997 3278 4035 ex
3302 3979 3596 4046 Ascalone,

2012 4075 2155 4130 filius
2192 4075 2427 4143 Antipaa,
2462 4074 2627 4127 etiam
2655 4074 2885 4143 Antipas
2916 4074 3065 4141 prius
3100 4081 3344 4136 vocatus,
3391 4069 3591 4125 deinde

2007 4169 2312 4239 Antipater.
2340 4166 2442 4220 Hic
2477 4166 2661 4221 multis
2694 4166 2944 4237 pecuniis
2978 4165 3285 4227 abundans,
3327 4160 3597 4219 factiosus

2007 4261 2226 4327 ingenio
2258 4269 2313 4316 et
2333 4260 2643 4324 seditiosus,
2691 4275 2816 4314 cum
2851 4257 3103 4329 Hyrcano
3128 4254 3439 4311 Judzeorum
3461 4271 3598 4324 pon-

2009 4353 2176 4416 tilice,
2204 4366 2268 4406 eo
2295 4352 2440 4421 quod
2496 4354 2706 4407 faveret
2745 4348 3063 4404 Aristobulo
3104 4346 3265 4401 fratri
3326 4344 3590 4416 Hyrcani,

2008 4441 2326 4496 inimicitias
2374 4441 2565 4511 gessit.
2609 4441 2789 4507 Quare
2851 4454 2973 4491 cum
3029 4438 3231 4490 multas
3268 4451 3410 4504 szepe
3458 4450 3595 4490 con-

2006 4533 2144 4589 ciret
2193 4532 2405 4597 turbas,
2447 4547 2514 4587 eo
2551 4540 2834 4601 permovet
2887 4528 3197 4601 Hyrcanum
3254 4537 3315 4582 ut
3359 4541 3589 4597 regnum

1982 4627 2205 4682 iterum
2240 4625 2489 4695 requirat
2518 4624 2770 4679 omnibus
2805 4622 3003 4685 modis,
3033 4624 3176 4690 quod
3224 4620 3316 4673 illo
3349 4620 3591 4674 donante

2012 4715 2636 4773 lzabueratAristobulus
2667 4716 2835 4767 frater
2852 4712 3193 4767 interfectus.
3220 4712 3345 4765 llaec
3363 4712 3590 4765 fratrum

2012 4810 2281 4864 discordia
2302 4824 2492 4877 magna
2515 4807 2779 4862 Inalorum
2809 4820 2974 4860 causa
3008 4804 3164 4873 ipsis,
3189 4804 3597 4873 etcognationi,

324 4895 594 4967 ρὴσαντος
626 4897 960 4968 ἀφελόμενος
985 4899 1395 4969 Ἀριστόϐουλος
1426 4893 1573 4970 εἶχεν
1597 4900 1626 4953 ὁ
1652 4901 1901 4970 ἀδελφός.

2010 4900 2267 4973 gentique
2297 4896 2605 4954 Judzeorum
2637 4898 2757 4963 fuit,
2791 4906 2846 4951 et
2872 4911 2971 4952 cur
2988 4910 3214 4963 regnum
3250 4894 3318 4949 ad
3337 4906 3596 4951 externos

319 4986 472 5059 Αὕτη
523 4988 633 5041 τῶν
685 4989 929 5060 ἀδελφῶν
982 4994 1015 5063 ἡ
1074 4994 1265 5056 στάσις
1324 4993 1578 5063 μεγάλων
1622 4994 1667 5026 ⁸ο
1716 4996 1904 5050 κακῶν

322 5078 474 5132 αίτία
528 5080 713 5146 αὐτοῖς
740 5099 802 5136 τε
841 5083 938 5137 καὶ
980 5084 1128 5153 γένει
1171 5085 1267 5138 καὶ
1307 5085 1386 5156 τῷ
1452 5086 1722 5140 Ἰουδαίων
1757 5086 1903 5142 ἔθνει

319 5169 585 5241 κατέστη,
641 5173 739 5227 καὶ
797 5175 899 5244 τῆς
954 5177 1036 5239 είς
1086 5176 1421 5246 ἀλλοφύλους
1472 5180 1573 5250 τῆς
1630 5178 1910 5250 βασιλείας

329 5262 757 5330 μεταπτώσεως.
795 5265 884 5318 Ἐν
906 5269 973 5335 τῇ
1007 5267 1196 5321 στάσει
1232 5270 1410 5340 ταύτῃ
1439 5270 1611 5323 πολλά
1654 5273 1908 5339 φαίνεται

332 5353 685 5426 Ἀντίπατρος
705 5357 842 5427 ὑπὲρ
856 5357 1156 5430 ’Υρακανοῦ
1173 5360 1296 5415 κατ’
1322 5362 1738 5435 Ἀριστοϐούλου
1766 5365 1909 5435 πρά·

2013 4995 2379 5049 delaberetur.
2414 4993 2469 5046 In
2503 4993 2605 5046 hac
2643 4990 2914 5045 discordia
2952 4987 3122 5042 multa
3160 4988 3450 5056 Antipater
3494 5004 3592 5058 pro

2012 5084 2267 5155 Hyrcano
2320 5095 2509 5140 contra
2564 5082 2942 5139 Aristobulum
3004 5080 3157 5134 visus
3216 5090 3303 5134 est
3369 5081 3586 5137 fecisse.

2012 5179 2255 5235 Tandem
2276 5176 2625 5233 Aristobulus
2655 5192 2759 5230 una
2796 5192 2919 5232 cum
2966 5174 3157 5230 liberis
3195 5166 3447 5245 captivus
3494 5176 3596 5230 du-

2012 5273 2176 5328 citur.
2215 5272 2344 5328 lnde
2379 5274 2501 5345 fuga
2523 5282 2767 5343 ereptus,
2792 5272 2860 5327 ad
2904 5287 3016 5327 rem
3052 5270 3363 5330 Judaorum
3395 5272 3591 5351 iterum

2012 5380 2073 5421 se
2102 5366 2398 5429 convertit,
2435 5368 2746 5436 iterumque
2791 5364 3053 5422 obsessus
3100 5382 3132 5421 a
3159 5363 3421 5421 Romanis
3467 5377 3592 5417 cum

1609 5501 1847 5557 VARUE
1886 5500 2273 5557 LECTIONES
2314 5543 2328 5557 .

392 5587 439 5621 ⁸⁸
465 5585 752 5676 τοσούτους
770 5591 839 5676 Λζ
864 5590 1132 5675 τοσούτων
1296 5594 1340 5625 ⁶⁹
1384 5592 1641 5676 Ἡρώδουν
1664 5612 1723 5658 ς’.
1799 5595 1847 5626 ⁷⁰
1883 5595 2249 5676 μαριάμηςΑ.
2325 5595 2381 5625 ⁷⁸·
2443 5592 2676 5647 λιποῦσα
2707 5594 2749 5646 Β
2772 5634 2785 5657 ,
2828 5592 3091 5648 λειποῦσα
3120 5601 3185 5651 A.
3230 5592 3487 5676 λείπουσα
3526 5609 3590 5656 ς.

395 5655 751 5733 συμπάντων]
782 5657 1119 5733 οὖνπάντων
1149 5655 1191 5715 Β
1211 5674 1263 5717 et
1304 5655 1465 5717 corr:
1498 5667 1562 5726 A,
1584 5655 1689 5718 οὖν
1716 5655 2138 5733 συμπάντ’ων’ςί

856 5731 899 5761 ⁷⁸
929 5735 1021 5785 καὶ
1052 5745 1178 5788 ante
1210 5734 1377 5787 αὑτοῦ
1404 5736 1528 5789 add.
1559 5737 1625 5790 A.
1701 5738 1746 5767 ⁷⁷
1782 5731 1874 5789 καὶ
1918 5753 2074 5789 στασ.
2109 5736 2395 5802 τυγχάνων
2426 5733 2487 5797 Β,
2522 5734 2597 5788 ὣν
2641 5738 2732 5787 καὶ
2772 5753 2927 5788 στασ.
2962 5733 3228 5800 Jnsephus
3255 5731 3447 5802 Antiq.
3471 5747 3589 5802 xw,

1228 5805 1272 5837 ⁷⁸
1346 5806 1642 5877 ἐτύγχανεν
1693 5808 1814 5861 add.
1875 5806 1935 5859 Β.

318 5728 440 5781 libri
467 5728 610 5780 enim
638 5742 749 5782 om.

318 5800 375 5857 Ι.
411 5798 487 5851 5:
529 5812 643 5850 om.

720 5804 1061 5873 participium
1093 5821 1153 5869 ς.

321 5868 448 5924 libri
483 5865 715 5949 μεγάλη.

2240 5667 2288 5699 ⁷³
2334 5666 2471 5717 μετὰ
2503 5667 2567 5725 Α,
2606 5666 2747 5717 κατά
2775 5683 2834 5729 ς.
2868 5667 2914 5697 ⁷³
2942 5666 2988 5717 δ’
3025 5679 3135 5717 Olli.
3164 5663 3222 5716 Β.
3297 5663 3344 5694 ⁷⁵
3369 5660 3411 5713 ο¹
3443 5676 3589 5728 mg.:

2038 5807 2082 5838 7’
2122 5800 2195 5862 at
2237 5800 2479 5876 τάδελφῷ
2550 5805 2653 5872 AB,
2702 5805 2781 5876 τῷ
2830 5804 3040 5876 ἀδελφῷ
3072 5821 3133 5869 ς,
3236 5803 3283 5835 ⁸ο
3317 5800 3593 5875 μεγάλων]
