4066 6418
289 363 433 430 1185

1309 355 1834 417 BIBLIOTHECA.
1866 379 1932 389 -
1962 353 2124 414 COD.
2154 355 2572 420 CCXXXVII].

3433 355 3570 422 .‘L‘lﬂ

281 479 530 550 πλήθους
580 474 692 529 τῶν
740 472 871 545 περὶ
931 470 1178 542 Ἡρώδην
1230 471 1681 542 κατηγορούντων
1721 467 1872 521 ούδὲν

1981 468 2216 522 subirem
2229 511 2244 535 ,
2269 468 2388 522 loco
2415 485 2588 539 poena:
2607 476 2880 526 sumenda
2897 474 2968 527 ob
2993 488 3114 542 quae
3132 488 3522 530 accusaverunt
3547 495 3562 530 :

281 571 454 624 πλέον
486 567 628 639 πλὴν
653 565 748 619 τοῦ
791 564 1065 636 τιμωρίαν
1100 564 1326 632 ὑπέχειν
1370 561 1494 615 ἀντὶ
1535 558 1632 612 τοῦ
1691 558 1876 612 λαϐεῖν

279 657 362 716 ὧν
398 662 703 717 ἐπεκάλουν
754 659 965 725 ὲγίνενο
1006 655 1097 710 διὰ
1146 656 1206 708 τὸ
1257 657 1534 725 χρήμασιν
1591 648 1877 704 ’Λντώνιον

277 751 616 822 διεφθάρθαι
639 752 734 804 καὶ
768 747 1034 819 Ὑρκανὸν
1057 748 1169 808 τοῖς
1187 745 1316 815 περὶ
1347 741 1593 810 Ἡρώδην
1609 738 1874 793 τίθεσθαιο

277 840 388 910 ἥδη
423 840 533 909 γάρ
581 839 678 893 καὶ
713 839 812 907 τῆς
840 835 1114 906 θυγατρὸς
1141 833 1308 888 αὐτοῦ
1333 831 1498 884 παῖδα
1529 829 1878 899 Μαριάμμην

292 933 357 986 Ἦ
366 934 546 1004 ρώδης
566 931 892 1002 ἐγγεγύητο.

354 1021 697 1091 Πτολεμαίου
739 1021 796 1074 δὲ
837 1020 933 1074 τοῦ
966 1019 1206 1076 Μεναίου
1248 1020 1340 1074 τὸν
1376 1021 1494 1094 βίον
1546 1021 1798 1085 λιπόντος
1847 1019 1877 1073 6

278 1118 417 1180 παῖς
454 1116 720 1187 λαμϐάνει
744 1115 845 1184 τὴν
872 1114 1049 1185 ἀρχὴν
1075 1115 1369 1178 Λυσανίας.
1396 1116 1509 1168 Καὶ
1538 1115 1785 1184 Πάκορος
1818 1113 1875 1166 δὲ

277 1235 312 1288 ὁ
381 1210 648 1280 βασιλέως
721 1212 852 1272 παῖς
910 1209 1006 1261 καὶ
1076 1208 1525 1279 Βαζαφαρμάνης
1587 1208 1879 1279 σατράπης

282 1307 500 1374 Πάρθος
518 1305 784 1374 κατέσχον
811 1304 912 1374 τὴν
935 1303 1162 1372 Συρίαν.·
1178 1305 1456 1367 Λυσανίας
1479 1303 1536 1356 δὲ
1554 1303 1646 1356 τδν
1669 1303 1875 1370 σατρά-

279 1413 397 1465 πην
455 1394 598 1464 έχων
637 1396 736 1447 σὺν
787 1395 938 1461 αύτῷ
975 1397 1211 1447 ποιεῖται
1262 1394 1399 1463 πρὸς
1436 1393 1741 1461 Ἀντίγονον
1783 1391 1876 1444 τὸν

277 1482 705 1554 ’Δριστοϐούλου
752 1481 978 1551 φιλίανο
1032 1483 1129 1536 καὶ
1175 1483 1482 1550 Ἀντίγονος
1530 1481 1876 1550 ὑπισχνεῖται

278 1575 528 1644 Πάρθοις
561 1573 707 1642 χίλια
729 1573 968 1626 τάλαντα
1009 1573 1204 1627 δώσειν
1252 1574 1350 1626 καὶ
1381 1571 1741 1634 πεντακοσίας
1773 1588 1874 1639 γυ-

276 1671 498 1730 ναῖκας,
520 1670 568 1719 εί
598 1667 696 1736 τὴν
717 1665 980 1737 πατρῴαν
1000 1666 1176 1737 ἀρχὴν
1205 1664 1576 1719 ἀποδώσουσιν
1600 1664 1648 1695 ⁹⁰
1675 1662 1878 1734 ’Υρκα-

277 1763 375 1815 νὸν
429 1762 757 1830 ἀφελόμενοι
815 1761 1074 1824 καὶτοὺς
1129 1759 1260 1829 περὶ
1307 1757 1558 1828 Ἡρώδην
1609 1755 1869 1811 ἀνέλοιεν.

1979 561 2106 629 quia
2145 563 2420 618 Antonius
2450 575 2743 633 corruptus
2779 565 2958 623 fuerat,
2988 582 3144 630 auro,
3188 579 3244 621 et
3287 568 3572 638 Hyrcanus

1979 668 2102 708 cum
2137 651 2464 710 Herodianis
2503 658 2749 711 sentiret.
2781 656 2899 712 Jam
2932 660 3076 712 enim
3106 661 3229 714 filia:
3266 662 3430 715 ﬁliam
3458 661 3571 716 Ma-

1981 745 2247 800 riamnem
2279 745 2522 803 Herodes
2543 749 2868 818 desponsam
2891 750 3146 804 habebat.

2048 1011 2345 1069 Ptolomaeo
2376 1029 2507 1068 vero
2541 1012 2840 1084 Hymenaeo
2868 1014 2976 1066 vita
3007 1011 3266 1067 defuncto
3297 1013 3568 1082 Lysauias

1983 1103 2131 1159 ﬁlius
2183 1107 2394 1175 accepit
2434 1105 2719 1174 imperium
2750 1146 2764 1168 ,
2807 1113 2860 1158 et
2897 1104 3134 1157 Pacorus
3181 1104 3376 1174 315b
3423 1105 3570 1174 regis

1980 1197 2125 1251 ﬁlius
2153 1204 2208 1251 et
2249 1195 2723 1267 Bazapharmanes
2773 1207 2989 1266 satrapa
3029 1197 3287 1263 Parthus,
3337 1212 3571 1264 occupa-

1979 1300 2106 1344 runt
2154 1288 2391 1361 Syriam.
2440 1289 2703 1362 Lysanias
2755 1306 2884 1345 vero
2934 1291 3140 1344 habens
3181 1306 3365 1346 secum
3401 1301 3572 1345 satra-

1979 1395 2124 1446 pam,
2173 1381 2273 1434 init
2302 1380 2601 1436 amicitiam
2647 1396 2768 1434 cum
2805 1382 3080 1449 Antigono
3116 1381 3416 1435 Aristobuli
3453 1381 3567 1434 ﬁlio

1977 1480 2035 1525 et
2060 1471 2366 1543 Antigonus
2407 1472 2670 1542 promittit
2705 1471 2923 1525 Parthis
2969 1472 3116 1526 mille
3149 1473 3350 1526 talenta
3381 1487 3439 1526 se
3472 1473 3569 1525 da~

1979 1572 2184 1629 turum,
2216 1573 2272 1618 ct
2315 1567 2640 1634 quingentas
2681 1565 2956 1629 mulieres,
2988 1566 3031 1619 si
3064 1574 3351 1634 paternum
3394 1565 3572 1631 impc-

1978 1655 2116 1708 rium
2175 1656 2388 1719 darent,
2453 1654 2741 1710 interfecto
2805 1656 3055 1726 Hyrcano
3106 1665 3163 1711 et
3219 1655 3567 1711 Herodianis.

1977 1746 2270 1816 Propterea
2334 1747 2576 1802 Pacorus
2631 1757 2688 1802 et
2752 1748 3229 1818 Bazapharmanes
3291 1748 3572 1802 adducunt

275 1852 376 1905 Διὸ
405 1853 654 1921 Πάκορος
686 1850 784 1904 καὶ
825 1850 1272 1920 Βαζαφαρμάνης
1309 1847 1644 1914 κατάγουσιν
1689 1843 1868 1897 Ἀντί-

1981 1839 2304 1908 Antigonum
2331 1850 2385 1893 et
2409 1839 2557 1893 illato
2589 1839 2657 1892 ab
2681 1838 3002 1894 Hcrodianis
3028 1839 3189 1902 bello,
3222 1839 3372 1892 tnulti
3396 1840 3570 1892 utrin-

276 1961 463 2013 γονον,
498 1945 592 1996 καὶ
627 1942 866 2013 πολέμου
897 1943 1084 2004 αὐτοῖς
1128 1941 1234 1994 ὑπὸ
1276 1940 1386 1993 τῶν
1437 1939 1569 2008 περὶ
1620 1935 1868 2007 Ἡρώδην

281 2038 588 2098 συστάντος
617 2033 805 2086 πολλοὶ
833 2035 926 2102 ἀφ’
968 2033 1249 2102 ἑκατέρων
1280 2030 1604 2092 κτείνονται,
1657 2029 1868 2082 εύδοκι-

283 2125 520 2198 μοῦντος
550 2125 786 2196 μάλιστα
815 2127 926 2188 τοῖς
950 2124 1134 2185 πόνοις
1174 2123 1442 2189 Ἡρώδου.
1467 2119 1632 2184 Τέλος
1665 2120 1870 2191 ’Υρκαο

279 2218 374 2280 νὸς
407 2217 503 2270 καὶ
527 2214 811 2286 Φασάηλος
841 2214 978 2286 δόλῳ
1013 2214 1455 2285 συλλαμϐάνεται
1485 2213 1590 2265 ὑπὸ
1610 2212 1865 2282 Πάρθων

282 2309 382 2363 καὶ
421 2310 451 2362 6
505 2307 606 2379 μὲν
643 2307 929 2377 Φασάηλος
986 2307 1096 2359 τῶν
1147 2305 1357 2376 ἐχθρῶν
1401 2304 1723 2376 προφθάσας
1770 2301 1870 2372 τὴν

282 2400 529 2472 σφαγὴν,
561 2400 744 2472 πέτρᾳ
774 2399 874 2470 τὴν
913 2397 1158 2469 κεφαλὴν
1188 2395 1537 2468 προσαράξας
1570 2396 1738 2462 ἔξεισι
1774 2395 1869 2449 τοῦ

283 2491 425 2562 βίου,
463 2490 728 2561 Ὑρκανὸς
761 2489 818 2542 δὲ
841 2490 1058 2560 δέσμιος
1080 2488 1276 2558 εῐχετο.
1302 2488 1414 2541 Καὶ
1437 2491 1488 2541 οί
1529 2489 1736 2558 Πάρθοι
1758 2486 1872 2540 λοι-

282 2584 388 2638 πὺν
406 2584 477 2638 τὰ
520 2582 869 2654 Ἰεροσόλυμα
891 2581 1169 2645 λαϐόντες,
1205 2581 1359 2650 μόλις
1391 2581 1588 2644 αὐτοὺς
1630 2579 1871 2651 Ἡρώδου

281 2674 552 2745 δεινότητι
580 2672 808 2744 γνώμης
842 2673 937 2726 καὶ
962 2674 1119 2742 τάχει
1149 2672 1243 2725 τοῦ
1274 2670 1594 2743 προμηθοῦς
1633 2675 1727 2725 καὶ
1757 2688 1872 2742 χει-

288 2770 400 2840 ρῶν
427 2769 596 2839 άρετῇ
630 2768 729 2820 σὺν
770 2769 835 2837 τῇ
867 2768 1032 2838 γενεᾷ
1055 2766 1434 2837 διαφυγόντος,
1465 2764 1536 2818 τὰ
1557 2765 1667 2818 τῶν
1703 2764 1872 2836 Ἰερο-

285 2861 598 2932 σολυμιτῶν
641 2859 942 2930 διήρπαζον
975 2860 1236 2930 χρήματα
1268 2859 1409 2926 πλὴν
1448 2858 1558 2910 τῶν
1602 2856 1872 2928 Ὑρκανοῦ

283 2956 364 3024 (π’
417 2953 464 3005 δ’
491 2948 560 3023 ἦν
605 2953 868 3022 τάλαντα)
914 2953 982 3014 ⁹¹,
1030 2951 1124 3004 καὶ
1153 2951 1326 3013 οὕτως
1359 2950 1440 3014 είς
1469 2949 1570 3019 τὴν
1611 2947 1875 3019 πατρῴαν

283 3049 466 3122 ἀρχὴν
502 3049 813 3118 Ἀντίγονον
853 3046 1274 3116 ἑγκαθιστῶσιν.
1322 3046 1632 3114 Ἀντίγονος
1659 3044 1704 3096 δ’
1745 3043 1875 3114 ’Υρ-

285 3138 460 3194 κανοῦ
491 3137 590 3192 τοῦ
622 3138 770 3192 θείου
801 3138 944 3208 ὑπὲρ
986 3137 1081 3190 τοῦ
1113 3138 1188 3207 μὴ
1228 3137 1393 3190 πάλιν
1436 3133 1731 3188 ἀναλαϐεῖν
1772 3132 1874 3201 τὴν

1970 1945 2079 1998 que
2113 1930 2416 1994 caeduntur,
2462 1932 2690 1986 multum
2728 1931 2937 1986 Herode
2963 1932 3241 1987 laboribus
3267 1931 3564 1986 celebrato.

1970 2019 2214 2075 Tandem
2260 2022 2502 2076 Herodes
2559 2035 2615 2077 et
2683 2023 2978 2079 Phasaelus
3034 2025 3156 2079 dolo
3199 2024 3487 2092 capiuntur
3535 2037 3568 2076 a

1969 2111 2209 2178 Parthis,
2256 2120 2310 2167 et
2343 2113 2641 2169 Phasaelus
2681 2115 2882 2170 cmdem
2928 2117 3162 2170 hostium
3210 2124 3566 2182 praevertens,

1973 2205 2114 2260 illiso
2158 2206 2226 2260 ad
2266 2215 2472 2276 petram
2506 2209 2685 2277 capite
2723 2210 2894 2261 finivit
2937 2208 3100 2263 vitam
3127 2227 3141 2262 :
3165 2209 3410 2278 captivus
3442 2223 3569 2260 vero

1973 2301 2267 2354 tenebatur
2292 2300 2594 2370 Hyrcanus.
2626 2302 2688 2356 Et
2716 2303 2949 2374 denique
2975 2303 3158 2358 Parthi
3195 2302 3565 2372 Hierosolyma

1972 2404 2325 2465 occupantes,
2360 2398 2455 2451 vix
2493 2397 2618 2451 illos
2663 2397 2897 2463 Herode,
2939 2398 3106 2452 animi
3153 2397 3466 2468 praestantia
3512 2403 3570 2449 et.

1971 2488 2251 2543 celeritate
2290 2489 2527 2557 consilii,
2563 2505 2928 2560 manuumque
2973 2493 3166 2545 robore
3210 2505 3332 2544 cum
3364 2489 3568 2544 famdia

1975 2578 2233 2650 fugiente,
2281 2583 2544 2652 pecunias
2583 2582 3194 2654 Hierosolymitanorum
3245 2591 3566 2652 rapuerunt,

1975 2685 2171 2742 prater
2199 2689 2292 2730 eas
2319 2691 2438 2744 qua:
2467 2687 2622 2732 erant
2648 2676 2918 2748 Hyrcani;
2950 2680 3221 2747 octoginta
3254 2692 3386 2732 vero
3414 2687 3572 2732 erant

1978 2766 2200 2831 talenta,
2223 2776 2279 2822 et
2303 2770 2381 2823 sic
2406 2769 2458 2823 in
2481 2770 2714 2838 patrium
2743 2786 2970 2839 regnum
2999 2771 3327 2838 Antigonum
3363 2769 3572 2824 consti-

1977 2867 2218 2914 tuerunt.
2245 2863 2548 2932 Antigonus
2573 2878 2700 2918 vero
2727 2863 3008 2933 Hyrcano;
3040 2879 3110 2918 ne
3132 2863 3363 2932 amplius
3386 2878 3573 2918 sacer-

1977 2951 2184 3006 dotium
2209 2965 2420 3023 gereret
2441 2955 2588 3024 (nam
2612 2957 2703 3025 qui
2733 2956 2911 3025 aliqua
2937 2967 3092 3025 parte
3120 2956 3369 3026 corporis
3395 2955 3572 3009 mutili

1977 3054 2126 3107 sunt,
2159 3061 2264 3099 non
2316 3058 2443 3101 sunt
2489 3050 2599 3117 apti
2652 3048 2722 3102 ad
2770 3048 3074 3103 sacerdotia
3125 3051 3265 3116 apud
3311 3047 3575 3116 Judaes),

1981 3149 2141 3189 aures
2166 3137 2381 3200 incidit,
2409 3148 2466 3192 et
2497 3139 2712 3195 l’artbis
2739 3155 2924 3194 secum
2949 3149 3008 3192 ut
3032 3141 3233 3195 ducant
3259 3142 3570 3195 committit.

287 3232 591 3304 ἱερωσύνην
622 3231 705 3301 (τὸ
734 3232 843 3302 γὰρ
874 3232 1238 3301 σεσινωμένον
1271 3229 1412 3283 κατά
1434 3246 1488 3281 τι
1519 3226 1612 3280 τοῦ
1637 3224 1891 3296 σώματος
1935 3227 2101 3297 μέρος
2134 3229 2432 3302 ἀπείρηται
2472 3231 2745 3296 Ἰουδαίοις
2785 3233 3058 3304 ἱερᾶσθαι)
3124 3232 3446 3303 περιτέμνει
3509 3231 3578 3284 τὰ

287 3323 428 3390 ὦτα,
460 3328 556 3382 καὶ
590 3327 828 3394 Πάρθοις
852 3327 1006 3392 ἄγειν
1037 3325 1134 3377 σὺν
1157 3324 1342 3386 αὐτοῖς
1369 3321 1605 3374 δίδωσιν.

376 3421 623 3493 Ἡρώδης
677 3421 722 3474 δ’
757 3419 1010 3491 οὐδαμῶς
1042 3419 1262 3490 ἠρέμει,
1321 3416 1460 3471 ἀλλὰ
1512 3415 1733 3487 πρῶτον
1777 3413 1875 3485 μὲν

2057 3411 2302 3469 Herodes
2330 3429 2672 3486 nequaquam
2695 3416 3041 3486 quiescebat;
3070 3420 3165 3472 sed
3196 3434 3432 3488 primum
3462 3420 3582 3488 qui-

286 3513 372 3576 είς
399 3512 640 3582 Μάλιχον
672 3510 767 3564 τὸν
802 3508 1050 3578 Ἀράϐων
1080 3508 1248 3579 ἀπῄει
1275 3506 1524 3576 βασιλέα,
1554 3507 1873 3576 ἐπικουρίαν

284 3604 433 3657 κατὰ
465 3602 727 3673 πατρῴαν
753 3600 934 3671 φιλίαν
979 3599 1201 3661 ἐλπίδας
1231 3599 1370 3668 ἔχων
1411 3598 1620 3669 εὑρεῖν·
1669 3599 1875 3650 άποτυ⁴

284 3691 403 3762 χὼν
438 3690 567 3763 [516
623 3688 716 3761 ιι]
767 3690 825 3743 δὲ
874 3688 968 3741 ἐπὶ
1019 3689 1345 3758 Βρεντήσιον
1393 3687 1531 3756 πρὸς
1589 3684 1874 3738 Ἀντώνιον

285 3783 380 3836 τὸν
419 3785 464 3816 ³³
502 3784 792 3852 Ῥωμαίων
835 3781 1162 3852 στρατηγὸν,
1219 3777 1472 3833 κάκεῖθεν
1519 3779 1600 3840 είς
1654 3775 1874 3846 Ῥώμην

288 3875 393 3928 σὺν
421 3875 568 3944 αύτῷ
588 3875 872 3942 ἀνάγεται,
894 3873 1138 3941 άπολοφυ
1148 3871 1381 3942 ράμενος
1399 3871 1468 3922 τά
1489 3867 1874 3938 συνενεχθέντα

286 3969 387 4023 καὶ
405 3969 497 4022 τὸν
528 3965 792 4036 τάδελφοῦ
835 3966 1085 4019 θάνατον.
1133 3965 1401 4017 Ἐποιεῖτο
1437 3962 1494 4015 δὲ
1529 3961 1756 4030 γνώμην
1797 3959 1875 4029 τῷ

289 4061 396 4129 τῆς
431 4063 678 4132 γαμετῆς
710 4061 945 4132 ἀδελφῷ,
992 4059 1262 4131 Ὑρκανοῦ
1302 4059 1359 4112 δὲ
1397 4057 1664 4126 θυγατρὸς
1697 4055 1872 4118 παιδὶ,

288 4153 346 4204 et
372 4171 490 4216 πως
516 4153 753 4215 δύναιτο,
781 4155 881 4224 τὴν
901 4153 1180 4224 βασιλείαν
1205 4150 1663 4222 καταπράξασθαι
1682 4165 1696 4178 ·
1725 4147 1876 4216 αύτῷ

290 4245 404 4316 γάρ
451 4245 774 4301 ἀνέλπιστον
827 4243 896 4316 ἦν
948 4245 1267 4299 παντάπασι
1316 4243 1522 4312 ταύτην
1567 4241 1877 4314 περιελθεῖν

293 4336 584 4406 ἀλλοφύλῳ
613 4336 748 4389 δντι.
774 4336 917 4389 Ἀλλ’
945 4334 1230 4399 Ἀντώνιος
1260 4336 1354 4388 καὶ
1383 4333 1712 4402 Αύγουστος,
1741 4335 1877 4402 σύμ-

291 4427 481 4499 ψηφον
531 4427 790 4490 λαϐόντες
820 4428 918 4498 τὴν
954 4427 1172 4497 βουλὴν,
1217 4429 1311 4480 καὶ
1339 4425 1568 4496 βασιλέα
1609 4426 1878 4480 Ἰουδαίων

291 4521 682 4591 ἀποφαίνουσι,
727 4521 822 4574 καὶ
855 4521 998 4574 κατά
1050 4521 1360 4589 Ἀντιγόνου
1410 4518 1674 4581 πολλάκις
1728 4518 1879 4589 αύτῷ

295 4615 756 4687 συμμαχήσαντές
784 4613 925 4685 μετά
957 4613 1159 4676 πολλὰς
1205 4613 1420 4682 σφαγὰς
1467 4613 1560 4666 καὶ
1608 4612 1878 4681 πολέμους

307 4709 614 4778 Ἀντίγονον
646 4707 744 4778 μὲν
791 4707 1140 4778 αίχμάλωτον
1167 4706 1384 4774 ἄγουσι,
1417 4705 1644 4758 Σοσσίου
1680 4721 1879 4774 στρατ-

1986 3503 2106 3557 dem
2152 3507 2218 3557 ad
2274 3504 2562 3560 Malichum
2617 3508 2857 3562 Arabum
2923 3523 3102 3578 regem
3162 3510 3349 3572 vadit,
3406 3512 3579 3565 auxi-

1983 3593 2286 3663 liumjuxta
2319 3609 2602 3667 paternam
2645 3600 2938 3654 amicitiam
2971 3601 3321 3656 inventurunt
3364 3617 3424 3657 se
3458 3619 3581 3673 spe-

1989 3700 2120 3740 rans
2175 3704 2190 3740 :
2250 3688 2545 3745 frustratus
2604 3707 2736 3746 vero
2781 3692 3129 3747 Brundisium
3169 3696 3236 3750 ad
3282 3695 3578 3750 Antonium

1981 3780 2173 3834 ducem
2205 3779 2529 3850 Romanum,
2565 3785 2689 3839 inde
2713 3800 2835 3840 cum
2867 3786 2957 3839 illo
3006 3787 3234 3840 Romam
3277 3791 3580 3842 contendito

1984 3875 2270 3943 deplorans
2317 3891 2378 3930 ea
2411 3893 2530 3943 qua:
2579 3879 2926 3943 accidissent,
2977 3881 3271 3949 fratrisque
3324 3893 3580 3938 mortem.

1983 3966 2332 4034 Cogitaverat
2373 3982 2504 4022 vero
2538 3967 2690 4023 fratri
2717 3972 2936 4035 uxoris,
2989 3971 3098 4025 ﬁlio
3156 3972 3278 4025 ﬁliae
3315 3971 3577 4044 Hyrcani,

1984 4058 2028 4112 si
2060 4073 2168 4126 quo
2195 4059 2355 4113 modo
2379 4068 2584 4129 posset,
2608 4076 2833 4130 regnum
2860 4064 3103 4127 tradere;
3129 4064 3402 4119 diuidebat
3429 4067 3580 4121 enim

1983 4148 2234 4202 omnibus
2257 4149 2433 4203 modis
2458 4149 2562 4204 sibi
2585 4160 2812 4205 externo
2841 4151 2892 4206 id
2922 4168 3078 4221 posse
3100 4157 3438 4224 contingere.
3470 4157 3581 4214 Sed

1983 4239 2260 4308 Augustus
2312 4249 2366 4295 et
2427 4243 2697 4297 Antonius
2747 4247 2937 4299 eodem
2985 4247 3062 4300 usi
3125 4248 3354 4302 consilio
3395 4265 3574 4316 regem

1983 4331 2292 4390 Judaeorutn
2333 4345 2543 4399 creant,
2589 4345 2645 4391 et
2679 4348 2869 4391 contra
2915 4339 3241 4408 Antigonum
3281 4355 3424 4412 saepe
3447 4358 3574 4397 cum

1987 4427 2077 4480 illo
2105 4439 2410 4499 pugnantes
2441 4437 2562 4498 post
2603 4430 2798 4486 multas
2833 4432 3018 4487 clades
3051 4441 3105 4487 et
3149 4433 3310 4498 bella,
3343 4438 3572 4501 Antigo-

1988 4537 2114 4574 num
2131 4523 2402 4591 captivum
2448 4524 2673 4590 ducunt,
2715 4524 2891 4588 Sosio,
2923 4526 3167 4580 Romano
3209 4530 3365 4592 duce,
3413 4532 3576 4585 linem

1989 4612 2115 4666 huic
2148 4613 2290 4666 bello
2324 4615 2656 4684 itnponente.
2694 4616 2849 4671 Illum
2881 4632 3010 4672 vero
3051 4620 3226 4690 magis
3261 4622 3316 4674 in
3349 4623 3580 4691 imperio

1990 4704 2337 4759 conﬁrmant.
2374 4707 2645 4762 Antonius
2673 4708 2780 4762 dux
2816 4711 3092 4778 accipiens
3125 4715 3397 4780 captivum
3424 4717 3576 4769 Anti-

293 4801 467 4872 τηγοῦ
502 4801 790 4872 Ῥωμαίων
817 4801 970 4864 τέλος
993 4799 1152 4853 τοῦτο
1191 4802 1304 4862 τοῖς
1324 4799 1584 4868 πολέμοις
1621 4798 1875 4868 ἐπιθεμέ-

1997 4811 2216 4864 gonum,
2253 4798 2489 4852 vinctum
2517 4801 2792 4868 triumpho
2820 4817 3041 4857 servare
3066 4779 3325 4859 decrevit.
3375 4806 3578 4879 3160

295 4912 412 4957 vou.
442 4894 590 4965 αύτῷ
615 4894 672 4948 δὲ
695 4895 762 4948 τά
781 4897 878 4966 τῆς
913 4893 1091 4964 ἀρχῆς
1134 4894 1226 4946 ἐπὶ
1255 4891 1456 4961 μᾶλλον
1495 4891 1880 4962 κρατύνουσιν.

1983 4888 2208 4958 Cognito
2230 4898 2409 4944 autem
2443 4889 2756 4947 Juda-orum
2792 4895 3043 4963 populum
3072 4897 3199 4950 odio
3225 4899 3275 4952 in
3302 4899 3578 4956 Herodem

309 4985 597 5048 ’Δντώνιος
639 4985 696 5038 δὲ
738 4986 769 5038 6
819 4983 1126 5056 στρατηγὸς
1187 4982 1366 5037 λαϐὼν
1409 4984 1758 5053 αἰχμάλωτον
1797 4983 1875 5036 tu

1984 4993 2122 5032 nova
2160 4980 2360 5044 moliri,
2391 4981 2723 5052 Antigonum
2751 4984 3053 5040 Antiochiae
3081 4989 3261 5041 securi
3289 4994 3575 5057 percussit.

311 5078 620 5147 Ἀντίγονον
648 5076 777 5149 [975
811 5077 912 5150 IL]
944 5077 1166 5148 δέσμιον
1195 5076 1338 5144 ἔγνω
1368 5076 1529 5147 μέχρι
1564 5076 1660 5129 τοῦ
1685 5075 1889 5146 θριάμ-

299 5171 398 5225 ϐου
441 5171 735 5241 φυλάττειν
761 5187 776 5200 ’
817 5171 1006 5242 μαθὼν
1034 5171 1091 5224 δὲ
1119 5170 1461 5241 νεωτερίζειν
1501 5171 1562 5223 τὸ
1615 5170 1890 5224 Ἰουδαίων

300 5265 454 5327 ἔθνος
484 5267 548 5319 ὲκ
573 5264 667 5318 τοῦ
699 5264 838 5335 πρὸς
871 5263 1119 5336 Ἡρώδην
1147 5265 1361 5334 μίσους,
1391 5265 1585 5318 τοῦτον
1603 5265 1662 5317 ὲν
1683 5265 1887 5317 Ἀντιο-

298 5357 424 5427 χεία
457 5357 803 5412 ἐπελέκισεν.
844 5357 1111 5429 Ὑρκανὸς
1150 5356 1194 5410 δ’
1244 5356 1369 5409 ἐπεὶ
1429 5356 1678 5430 Ἡρώδην
1727 5355 1884 5427 βασι-

300 5449 482 5503 λεύειν
504 5451 760 5521 ἧκουσεν,
789 5451 979 5522 ἐδεήθη
1007 5451 1257 5522 Φραάτου
1308 5449 1590 5520 βασιλέως,
1632 5452 1724 5504 καὶ
1761 5469 1885 5503 συν-

301 5542 588 5612 δεηθέντος
634 5543 874 5614 Ἡρώδου
902 5543 1123 5612 ἀφίεται
1163 5545 1244 5606 εἰς
1266 5543 1366 5612 τὴν
1390 5543 1644 5615 πατρίδα,
1672 5543 1884 5596 πολλῶν

305 5636 535 5700 εΑπίσας
567 5637 700 5709 παρ’
743 5635 960 5708 Ἡρώδῃ
987 5639 1190 5707 τυχεῖν.
1232 5634 1478 5707 Ἡρώδης
1525 5636 1581 5690 δὲ
1634 5637 1887 5706 σχήματα

1986 5071 2268 5143 Hyrcanus
2279 5083 2482 5138 autem,
2497 5091 2620 5130 cum
2639 5075 2906 5132 Herodem
2925 5094 3154 5147 regnare
3171 5082 3452 5146 intellexit,
3475 5085 3545 5137 im
3560 5114 3580 5126 -

1989 5173 2224 5242 ploravit
2261 5171 2551 5228 Phraaten)
2594 5189 2774 5244 regem
2808 5192 2822 5229 :
2853 5184 2908 5229 et
2933 5176 3093 5230 simul
3127 5178 3433 5245 poswlante
3470 5178 3578 5232 lle-

1994 5265 2126 5319 rode
2184 5265 2237 5318 in
2290 5264 2518 5335 patriam
2577 5265 2831 5330 mittitur,
2889 5267 3053 5322 multa
3105 5284 3164 5322 se
3226 5284 3452 5338 sperans
3509 5273 3588 5325 ab.

1994 5355 2210 5410 Herode
2230 5363 2671 5410 consecuturum.
2703 5355 2942 5412 Herodes
2979 5373 3107 5412 vero
3138 5361 3373 5427 speciem
3410 5363 3589 5413 bene--

1993 5449 2247 5504 volentiae
2267 5457 2321 5502 et
2344 5449 2503 5517 primi
2532 5449 2754 5504 honoris
2783 5450 2835 5504 in
2863 5466 2984 5506 eum
3020 5469 3266 5522 magnam
3295 5455 3530 5509 ostendit
3562 5471 3585 5508 :

1994 5539 2187 5596 deinde
2211 5554 2343 5594 vero
2375 5539 2427 5594 ei
2460 5541 2864 5610 corruptionem
2906 5541 3252 5613 largitionum
3286 5543 3574 5612 objiciens,

1998 5645 2053 5689 et
2112 5631 2472 5704 proditionem
2515 5631 2656 5703 apud
2715 5634 2945 5702 Arabes,
2987 5636 3260 5693 hominem
3305 5634 3583 5691 interfecit

1614 5749 1848 5804 vanus:
1873 5747 2292 5828 _LEC'fl0NES.

381 5846 427 5878 “
459 5842 861 5917 ἀποδώσουσινι
882 5845 1030 5921 αύτῷ
1063 5844 1325 5898 δώσουσιν
1353 5846 1420 5898 Δ.
1497 5844 1540 5877 ”
1578 5843 1716 5914 πλὴν
1745 5873 1814 5883 -
1843 5841 2078 5896 τάλαντα
2117 5857 2228 5897 om.
2271 5843 2335 5896 Α.

2439 5841 2484 5872 ⁹¹
2508 5838 2624 5908 τὸν]
2669 5839 2778 5894 τῶν
2813 5841 2877 5893 A.
