  <div class='ocr_page' id='page_1' title='image "/cluster/home/n/w/nwhite01/storage/ocr_20150623/103/hvd.32044018872861/601.png"; bbox 0 0 3954 6420; ppageno 0'>
   <div class='ocr_carea' id='block_1_1' title="bbox 458 350 597 418">
    <p class='ocr_par' dir='ltr' id='par_1_1' title="bbox 458 350 597 418">
     <span class='ocr_line' id='line_1_1' title="bbox 458 350 597 418; baseline -0.029 0"><span class='ocrx_word' id='word_1_1' title='bbox 458 350 597 418; x_wconf 75' lang='grc'><strong>1187</strong></span> 
     </span>
    </p>
   </div>
   <div class='ocr_carea' id='block_1_2' title="bbox 1585 345 2530 409">
    <p class='ocr_par' dir='ltr' id='par_1_2' title="bbox 1585 345 2530 409">
     <span class='ocr_line' id='line_1_2' title="bbox 1585 345 2530 409; baseline 0 -1"><span class='ocrx_word' id='word_1_2' title='bbox 1585 345 1849 409; x_wconf 86' lang='lat' dir='ltr'><strong>PHOTII</strong></span> <span class='ocrx_word' id='word_1_3' title='bbox 1883 345 2388 407; x_wconf 76' lang='lat' dir='ltr'><strong>PATRIARCH/E</strong></span> <span class='ocrx_word' id='word_1_4' title='bbox 2422 346 2530 408; x_wconf 68' lang='grc' dir='ltr'><strong>(ΣΡ.</strong></span> 
     </span>
    </p>
   </div>
   <div class='ocr_carea' id='block_1_3' title="bbox 3600 344 3735 408">
    <p class='ocr_par' dir='ltr' id='par_1_3' title="bbox 3600 344 3735 408">
     <span class='ocr_line' id='line_1_3' title="bbox 3600 344 3735 408; baseline 0.015 -2"><span class='ocrx_word' id='word_1_5' title='bbox 3600 344 3735 408; x_wconf 75' lang='grc'><strong>1188</strong></span> 
     </span>
    </p>
   </div>
   <div class='ocr_carea' id='block_1_4' title="bbox 454 452 2039 530">
    <p class='ocr_par' dir='ltr' id='par_1_4' title="bbox 454 459 2033 530">
     <span class='ocr_line' id='line_1_4' title="bbox 454 459 2033 530; baseline -0.008 -11"><span class='ocrx_word' id='word_1_6' title='bbox 454 479 657 519; x_wconf 86' lang='lat' dir='ltr'><strong>annum</strong></span> <span class='ocrx_word' id='word_1_7' title='bbox 687 459 1079 529; x_wconf 72' lang='lat' dir='ltr'><strong>octogesimum</strong></span> <span class='ocrx_word' id='word_1_8' title='bbox 1111 459 1345 530; x_wconf 84' lang='lat' dir='ltr'><strong>primum</strong></span> <span class='ocrx_word' id='word_1_9' title='bbox 1374 467 1649 528; x_wconf 78' lang='lat' dir='ltr'><strong>agentem,</strong></span> <span class='ocrx_word' id='word_1_10' title='bbox 1684 471 1806 510; x_wconf 84' lang='lat' dir='ltr'><strong>cuin</strong></span> <span class='ocrx_word' id='word_1_11' title='bbox 1839 468 2033 523; x_wconf 84' lang='lat' dir='ltr'><strong>magna</strong></span> 
     </span>
    </p>
   </div>
   <div class='ocr_carea' id='block_1_5' title="bbox 2150 452 3733 530">
    <p class='ocr_par' dir='ltr' id='par_1_5' title="bbox 2150 452 3733 526">
     <span class='ocr_line' id='line_1_5' title="bbox 2150 452 3733 526; baseline 0.001 -19"><span class='ocrx_word' id='word_1_12' title='bbox 2150 455 2241 525; x_wconf 78' lang='grc' dir='ltr'>μὲν</span> <span class='ocrx_word' id='word_1_13' title='bbox 2273 455 2490 519; x_wconf 82' lang='grc' dir='ltr'>εὐνοίας</span> <span class='ocrx_word' id='word_1_14' title='bbox 2521 452 2620 510; x_wconf 74' lang='grc' dir='ltr'>καὶ</span> <span class='ocrx_word' id='word_1_15' title='bbox 2650 455 2817 526; x_wconf 80' lang='grc' dir='ltr'>τιμῆς</span> <span class='ocrx_word' id='word_1_16' title='bbox 2854 454 2958 525; x_wconf 82' lang='grc' dir='ltr'><strong>τῆς</strong></span> <span class='ocrx_word' id='word_1_17' title='bbox 3004 456 3394 526; x_wconf 82' lang='grc' dir='ltr'>πρωτευούσης</span> <span class='ocrx_word' id='word_1_18' title='bbox 3446 455 3631 510; x_wconf 86' lang='grc' dir='ltr'>πολλά</span> <span class='ocrx_word' id='word_1_19' title='bbox 3659 459 3733 519; x_wconf 71' lang='grc' dir='ltr'>εἰς</span> 
     </span>
    </p>
   </div>
   <div class='ocr_carea' id='block_1_6' title="bbox 457 546 2054 614">
    <p class='ocr_par' dir='ltr' id='par_1_6' title="bbox 457 546 2054 614">
     <span class='ocr_line' id='line_1_6' title="bbox 457 546 2054 614; baseline -0.009 -4"><span class='ocrx_word' id='word_1_20' title='bbox 457 566 513 611; x_wconf 91' lang='lat' dir='ltr'><strong>et</strong></span> <span class='ocrx_word' id='word_1_21' title='bbox 560 552 821 610; x_wconf 77' lang='lat' dir='ltr'><strong>ineffabili</strong></span> <span class='ocrx_word' id='word_1_22' title='bbox 868 554 1162 608; x_wconf 88' lang='lat' dir='ltr'><strong>clementia</strong></span> <span class='ocrx_word' id='word_1_23' title='bbox 1208 560 1266 606; x_wconf 90' lang='lat' dir='ltr'><strong>et</strong></span> <span class='ocrx_word' id='word_1_24' title='bbox 1318 550 1697 606; x_wconf 85' lang='lat' dir='ltr'><strong>incuriositate</strong></span> <span class='ocrx_word' id='word_1_25' title='bbox 1735 548 1786 602; x_wconf 68' lang='grc' dir='ltr'><strong>κ.</strong></span> <span class='ocrx_word' id='word_1_26' title='bbox 1822 546 1961 614; x_wconf 85' lang='lat' dir='ltr'><strong>Quin</strong></span> <span class='ocrx_word' id='word_1_27' title='bbox 1996 552 2054 600; x_wconf 91' lang='lat' dir='ltr'><strong>et</strong></span> 
     </span>
    </p>
   </div>
   <div class='ocr_carea' id='block_1_7' title="bbox 448 639 2053 717">
    <p class='ocr_par' dir='ltr' id='par_1_7' title="bbox 448 639 2053 717">
     <span class='ocr_line' id='line_1_7' title="bbox 448 639 2053 717; baseline -0.008 -14"><span class='ocrx_word' id='word_1_28' title='bbox 448 647 822 703; x_wconf 92' lang='lat' dir='ltr'><strong>Aristobulum</strong></span> <span class='ocrx_word' id='word_1_29' title='bbox 870 645 1105 717; x_wconf 83' lang='lat' dir='ltr'><strong>Hyrcani</strong></span> <span class='ocrx_word' id='word_1_30' title='bbox 1143 645 1333 711; x_wconf 86' lang='lat' dir='ltr'><strong>filium,</strong></span> <span class='ocrx_word' id='word_1_31' title='bbox 1370 642 1684 697; x_wconf 69' lang='lat' dir='ltr'><strong>Mariamnaa</strong></span> <span class='ocrx_word' id='word_1_32' title='bbox 1718 639 1907 695; x_wconf 83' lang='lat' dir='ltr'><strong>uxoris</strong></span> <span class='ocrx_word' id='word_1_33' title='bbox 1942 640 2053 692; x_wconf 84' lang='lat' dir='ltr'><strong>fra-</strong></span> 
     </span>
    </p>
   </div>
   <div class='ocr_carea' id='block_1_8' title="bbox 452 730 2052 806">
    <p class='ocr_par' dir='ltr' id='par_1_8' title="bbox 452 730 2052 806">
     <span class='ocr_line' id='line_1_8' title="bbox 452 730 2052 806; baseline -0.008 -10"><span class='ocrx_word' id='word_1_34' title='bbox 452 751 612 804; x_wconf 88' lang='lat' dir='ltr'><strong>trem,</strong></span> <span class='ocrx_word' id='word_1_35' title='bbox 642 741 921 795; x_wconf 89' lang='lat' dir='ltr'><strong>adnitente</strong></span> <span class='ocrx_word' id='word_1_36' title='bbox 949 738 1259 794; x_wconf 86' lang='lat' dir='ltr'><strong>Alexandra</strong></span> <span class='ocrx_word' id='word_1_37' title='bbox 1290 752 1583 806; x_wconf 89' lang='lat' dir='ltr'><strong>puerorum</strong></span> <span class='ocrx_word' id='word_1_38' title='bbox 1619 740 1815 797; x_wconf 82' lang='lat' dir='ltr'><strong>matre,</strong></span> <span class='ocrx_word' id='word_1_39' title='bbox 1842 740 1899 787; x_wconf 86' lang='lat' dir='ltr'><strong>et</strong></span> <span class='ocrx_word' id='word_1_40' title='bbox 1933 730 2052 784; x_wconf 81' lang='lat' dir='ltr'><strong>Ma-</strong></span> 
     </span>
    </p>
   </div>
   <div class='ocr_carea' id='block_1_9' title="bbox 451 823 2053 901">
    <p class='ocr_par' dir='ltr' id='par_1_9' title="bbox 451 823 2053 901">
     <span class='ocr_line' id='line_1_9' title="bbox 451 823 2053 901; baseline -0.007 -13"><span class='ocrx_word' id='word_1_41' title='bbox 451 834 685 899; x_wconf 87' lang='lat' dir='ltr'><strong>riamna,</strong></span> <span class='ocrx_word' id='word_1_42' title='bbox 714 848 985 888; x_wconf 90' lang='lat' dir='ltr'><strong>summum</strong></span> <span class='ocrx_word' id='word_1_43' title='bbox 1017 831 1326 901; x_wconf 85' lang='lat' dir='ltr'><strong>pontificem</strong></span> <span class='ocrx_word' id='word_1_44' title='bbox 1354 828 1570 883; x_wconf 89' lang='lat' dir='ltr'><strong>decimo</strong></span> <span class='ocrx_word' id='word_1_45' title='bbox 1607 826 1841 894; x_wconf 91' lang='lat' dir='ltr'><strong>septimo</strong></span> <span class='ocrx_word' id='word_1_46' title='bbox 1872 823 2053 877; x_wconf 61' lang='lat' dir='ltr'><strong>aetatis</strong></span> 
     </span>
    </p>
   </div>
   <div class='ocr_carea' id='block_1_10' title="bbox 450 914 2045 989">
    <p class='ocr_par' dir='ltr' id='par_1_10' title="bbox 450 914 2045 989">
     <span class='ocr_line' id='line_1_10' title="bbox 450 914 2045 989; baseline -0.006 -10"><span class='ocrx_word' id='word_1_47' title='bbox 450 940 596 979; x_wconf 85' lang='lat' dir='ltr'><strong>anno</strong></span> <span class='ocrx_word' id='word_1_48' title='bbox 617 934 788 980; x_wconf 89' lang='lat' dir='ltr'><strong>creat.</strong></span> <span class='ocrx_word' id='word_1_49' title='bbox 812 923 876 977; x_wconf 89' lang='lat' dir='ltr'><strong>Et</strong></span> <span class='ocrx_word' id='word_1_50' title='bbox 901 922 1099 980; x_wconf 90' lang='lat' dir='ltr'><strong>deinde</strong></span> <span class='ocrx_word' id='word_1_51' title='bbox 1124 923 1176 976; x_wconf 92' lang='lat' dir='ltr'><strong>in</strong></span> <span class='ocrx_word' id='word_1_52' title='bbox 1198 920 1416 976; x_wconf 78' lang='lat' dir='ltr'><strong>Jericbo</strong></span> <span class='ocrx_word' id='word_1_53' title='bbox 1438 923 1492 975; x_wconf 93' lang='lat' dir='ltr'><strong>in</strong></span> <span class='ocrx_word' id='word_1_54' title='bbox 1517 920 1729 989; x_wconf 83' lang='lat' dir='ltr'><strong>piscina</strong></span> <span class='ocrx_word' id='word_1_55' title='bbox 1749 916 1858 971; x_wconf 93' lang='lat' dir='ltr'><strong>illic</strong></span> <span class='ocrx_word' id='word_1_56' title='bbox 1880 914 2045 970; x_wconf 65' lang='lat' dir='ltr'><strong>sntio-</strong></span> 
     </span>
    </p>
   </div>
   <div class='ocr_carea' id='block_1_11' title="bbox 452 1009 2043 1087">
    <p class='ocr_par' dir='ltr' id='par_1_11' title="bbox 452 1009 2043 1087">
     <span class='ocr_line' id='line_1_11' title="bbox 452 1009 2043 1087; baseline -0.006 -15"><span class='ocrx_word' id='word_1_57' title='bbox 452 1020 564 1072; x_wconf 87' lang='lat' dir='ltr'><strong>cari</strong></span> <span class='ocrx_word' id='word_1_58' title='bbox 590 1018 776 1087; x_wconf 87' lang='lat' dir='ltr'><strong>jussit.</strong></span> <span class='ocrx_word' id='word_1_59' title='bbox 817 1018 923 1073; x_wconf 91' lang='lat' dir='ltr'><strong>Sed</strong></span> <span class='ocrx_word' id='word_1_60' title='bbox 959 1017 1199 1073; x_wconf 88' lang='lat' dir='ltr'><strong>Herodes</strong></span> <span class='ocrx_word' id='word_1_61' title='bbox 1239 1015 1455 1085; x_wconf 83' lang='lat' dir='ltr'><strong>quidem</strong></span> <span class='ocrx_word' id='word_1_62' title='bbox 1505 1013 1651 1077; x_wconf 89' lang='lat' dir='ltr'><strong>talis,</strong></span> <span class='ocrx_word' id='word_1_63' title='bbox 1696 1009 1873 1082; x_wconf 84' lang='lat' dir='ltr'><strong>qualis</strong></span> <span class='ocrx_word' id='word_1_64' title='bbox 1922 1022 2043 1064; x_wconf 87' lang='lat' dir='ltr'><strong>esse</strong></span> 
     </span>
    </p>
   </div>
   <div class='ocr_carea' id='block_1_12' title="bbox 446 1112 923 1183">
    <p class='ocr_par' dir='ltr' id='par_1_12' title="bbox 446 1112 923 1183">
     <span class='ocr_line' id='line_1_12' title="bbox 446 1112 923 1183; baseline 0.002 -18"><span class='ocrx_word' id='word_1_65' title='bbox 446 1112 558 1183; x_wconf 84' lang='lat' dir='ltr'><strong>jam</strong></span> <span class='ocrx_word' id='word_1_66' title='bbox 588 1113 792 1167; x_wconf 90' lang='lat' dir='ltr'><strong>dictum</strong></span> <span class='ocrx_word' id='word_1_67' title='bbox 819 1122 923 1166; x_wconf 89' lang='lat' dir='ltr'><strong>est.</strong></span> 
     </span>
    </p>
   </div>
   <div class='ocr_carea' id='block_1_13' title="bbox 2147 546 3738 620">
    <p class='ocr_par' dir='ltr' id='par_1_13' title="bbox 2147 546 3738 620">
     <span class='ocr_line' id='line_1_13' title="bbox 2147 546 3738 620; baseline 0 -19"><span class='ocrx_word' id='word_1_68' title='bbox 2147 547 2313 601; x_wconf 80' lang='grc' dir='ltr'>αὐτὸν</span> <span class='ocrx_word' id='word_1_69' title='bbox 2368 546 2603 612; x_wconf 77' lang='grc' dir='ltr'>ἐδείκνυ,</span> <span class='ocrx_word' id='word_1_70' title='bbox 2652 547 2713 599; x_wconf 78' lang='grc' dir='ltr'>ἐν</span> <span class='ocrx_word' id='word_1_71' title='bbox 2758 546 2974 620; x_wconf 78' lang='grc' dir='ltr'>ὑστέρῳ</span> <span class='ocrx_word' id='word_1_72' title='bbox 3015 547 3075 600; x_wconf 82' lang='grc' dir='ltr'>δὲ</span> <span class='ocrx_word' id='word_1_73' title='bbox 3115 546 3376 611; x_wconf 85' lang='grc' dir='ltr'>διαϐολὰς</span> <span class='ocrx_word' id='word_1_74' title='bbox 3420 547 3738 616; x_wconf 69' lang='grc' dir='ltr'>ἐπενεγκὼν</span> 
     </span>
    </p>
   </div>
   <div class='ocr_carea' id='block_1_14' title="bbox 2146 637 3738 710">
    <p class='ocr_par' dir='ltr' id='par_1_14' title="bbox 2146 637 3738 710">
     <span class='ocr_line' id='line_1_14' title="bbox 2146 637 3738 710; baseline 0.001 -19"><span class='ocrx_word' id='word_1_75' title='bbox 2146 637 2474 708; x_wconf 84' lang='grc' dir='ltr'><strong>δωροδοκίας</strong></span> <span class='ocrx_word' id='word_1_76' title='bbox 2511 638 2607 691; x_wconf 75' lang='grc' dir='ltr'>καὶ</span> <span class='ocrx_word' id='word_1_77' title='bbox 2635 637 2739 707; x_wconf 88' lang='grc' dir='ltr'><strong>τῆς</strong></span> <span class='ocrx_word' id='word_1_78' title='bbox 2768 638 2904 709; x_wconf 77' lang='grc' dir='ltr'>πρὸς</span> <span class='ocrx_word' id='word_1_79' title='bbox 2930 638 3180 709; x_wconf 73' lang='grc' dir='ltr'>’Ἄραϐας</span> <span class='ocrx_word' id='word_1_80' title='bbox 3209 639 3506 710; x_wconf 72' lang='grc' dir='ltr'>προδοσίας</span> <span class='ocrx_word' id='word_1_81' title='bbox 3528 639 3738 692; x_wconf 75' lang='grc' dir='ltr'><strong>ἀνεῖλεν</strong></span> 
     </span>
    </p>
   </div>
   <div class='ocr_carea' id='block_1_15' title="bbox 2148 726 3741 800">
    <p class='ocr_par' dir='ltr' id='par_1_15' title="bbox 2148 726 3741 800">
     <span class='ocr_line' id='line_1_15' title="bbox 2148 726 3741 800; baseline -0.001 -18"><span class='ocrx_word' id='word_1_82' title='bbox 2148 728 2318 799; x_wconf 75' lang='grc' dir='ltr'>ἄνδρα</span> <span class='ocrx_word' id='word_1_83' title='bbox 2346 726 2489 800; x_wconf 79' lang='grc' dir='ltr'>ὑπὲρ</span> <span class='ocrx_word' id='word_1_84' title='bbox 2514 727 2585 781; x_wconf 83' lang='grc' dir='ltr'><strong>τά</strong></span> <span class='ocrx_word' id='word_1_85' title='bbox 2621 727 2676 781; x_wconf 89' lang='grc' dir='ltr'>π’</span> <span class='ocrx_word' id='word_1_86' title='bbox 2704 727 2800 797; x_wconf 78' lang='grc' dir='ltr'>ἐτη</span> <span class='ocrx_word' id='word_1_87' title='bbox 2828 726 3063 798; x_wconf 79' lang='grc' dir='ltr'>ἐνιαυτῷ</span> <span class='ocrx_word' id='word_1_88' title='bbox 3098 730 3180 782; x_wconf 76' lang='grc' dir='ltr'><strong>ἐνὶ</strong></span> <span class='ocrx_word' id='word_1_89' title='bbox 3211 730 3351 799; x_wconf 81' lang='grc' dir='ltr'>μετὰ</span> <span class='ocrx_word' id='word_1_90' title='bbox 3388 728 3603 798; x_wconf 80' lang='grc' dir='ltr'>πολλῆς</span> <span class='ocrx_word' id='word_1_91' title='bbox 3652 730 3741 781; x_wconf 78' lang='grc' dir='ltr'>καὶ</span> 
     </span>
    </p>
   </div>
   <div class='ocr_carea' id='block_1_16' title="bbox 2147 821 3739 893">
    <p class='ocr_par' dir='ltr' id='par_1_16' title="bbox 2147 821 3739 893">
     <span class='ocr_line' id='line_1_16' title="bbox 2147 821 3739 893; baseline 0 -18"><span class='ocrx_word' id='word_1_92' title='bbox 2147 822 2359 890; x_wconf 84' lang='grc' dir='ltr'>ἀφάτου</span> <span class='ocrx_word' id='word_1_93' title='bbox 2385 822 2485 890; x_wconf 88' lang='grc' dir='ltr'><strong>τῆς</strong></span> <span class='ocrx_word' id='word_1_94' title='bbox 2504 821 2807 885; x_wconf 76' lang='grc' dir='ltr'>ἐπιεικείας</span> <span class='ocrx_word' id='word_1_95' title='bbox 2829 822 2926 875; x_wconf 74' lang='grc' dir='ltr'>καὶ</span> <span class='ocrx_word' id='word_1_96' title='bbox 2952 821 3387 893; x_wconf 84' lang='grc' dir='ltr'><strong>ἀπραγμοσύνης</strong></span> <span class='ocrx_word' id='word_1_97' title='bbox 3408 821 3739 892; x_wconf 74' lang='grc' dir='ltr'>βεϐιωκότα.</span> 
     </span>
    </p>
   </div>
   <div class='ocr_carea' id='block_1_17' title="bbox 2151 913 3740 986">
    <p class='ocr_par' dir='ltr' id='par_1_17' title="bbox 2151 913 3740 986">
     <span class='ocr_line' id='line_1_17' title="bbox 2151 913 3740 986; baseline -0.001 -18"><span class='ocrx_word' id='word_1_98' title='bbox 2151 914 2264 968; x_wconf 79' lang='grc' dir='ltr'>Καὶ</span> <span class='ocrx_word' id='word_1_99' title='bbox 2299 913 2710 985; x_wconf 83' lang='grc' dir='ltr'>Ἀριστόϐουλον</span> <span class='ocrx_word' id='word_1_100' title='bbox 2728 915 2786 969; x_wconf 79' lang='grc' dir='ltr'>δὲ</span> <span class='ocrx_word' id='word_1_101' title='bbox 2816 916 2909 969; x_wconf 74' lang='grc' dir='ltr'>τὸν</span> <span class='ocrx_word' id='word_1_102' title='bbox 2943 917 3139 968; x_wconf 84' lang='grc' dir='ltr'>υἱωνὸν</span> <span class='ocrx_word' id='word_1_103' title='bbox 3168 916 3215 949; x_wconf 73' lang='grc'>⁸³</span> <span class='ocrx_word' id='word_1_104' title='bbox 3244 916 3343 986; x_wconf 84' lang='grc' dir='ltr'>μὲν</span> <span class='ocrx_word' id='word_1_105' title='bbox 3378 916 3427 948; x_wconf 69' lang='grc'><strong>³⁸</strong></span> <span class='ocrx_word' id='word_1_106' title='bbox 3466 913 3740 986; x_wconf 79' lang='grc' dir='ltr'>Ὑρκανοῦ</span> 
     </span>
    </p>
   </div>
   <div class='ocr_carea' id='block_1_18' title="bbox 2149 1007 3741 1079">
    <p class='ocr_par' dir='ltr' id='par_1_18' title="bbox 2149 1007 3741 1079">
     <span class='ocr_line' id='line_1_18' title="bbox 2149 1007 3741 1079; baseline -0.001 -17"><span class='ocrx_word' id='word_1_107' title='bbox 2149 1008 2497 1079; x_wconf 78' lang='grc' dir='ltr'><strong>Μαριάμμης</strong></span> <span class='ocrx_word' id='word_1_108' title='bbox 2518 1009 2565 1040; x_wconf 79' lang='grc'><strong>’⁵</strong></span> <span class='ocrx_word' id='word_1_109' title='bbox 2593 1007 2653 1061; x_wconf 81' lang='grc' dir='ltr'>δὲ</span> <span class='ocrx_word' id='word_1_110' title='bbox 2678 1008 2777 1079; x_wconf 88' lang='grc' dir='ltr'><strong>τῆς</strong></span> <span class='ocrx_word' id='word_1_111' title='bbox 2798 1010 3049 1079; x_wconf 82' lang='grc' dir='ltr'><strong>γαμετῆς</strong></span> <span class='ocrx_word' id='word_1_112' title='bbox 3079 1008 3331 1077; x_wconf 76' lang='grc' dir='ltr'>ἀδελφὺν,</span> <span class='ocrx_word' id='word_1_113' title='bbox 3362 1009 3741 1079; x_wconf 82' lang='grc' dir='ltr'>ὲνοχλησὰσης</span> 
     </span>
    </p>
   </div>
   <div class='ocr_carea' id='block_1_19' title="bbox 2161 1097 3746 1169">
    <p class='ocr_par' dir='ltr' id='par_1_19' title="bbox 2161 1097 3746 1169">
     <span class='ocr_line' id='line_1_19' title="bbox 2161 1097 3746 1169; baseline 0 -19"><span class='ocrx_word' id='word_1_114' title='bbox 2161 1097 2518 1168; x_wconf 80' lang='grc' dir='ltr'>Ἀλεξάνδρας</span> <span class='ocrx_word' id='word_1_115' title='bbox 2572 1098 2675 1165; x_wconf 88' lang='grc' dir='ltr'><strong>τῆς</strong></span> <span class='ocrx_word' id='word_1_116' title='bbox 2727 1097 2839 1151; x_wconf 82' lang='grc' dir='ltr'><strong>τῶν</strong></span> <span class='ocrx_word' id='word_1_117' title='bbox 2889 1098 3097 1152; x_wconf 79' lang='grc' dir='ltr'>παίδων</span> <span class='ocrx_word' id='word_1_118' title='bbox 3156 1098 3365 1169; x_wconf 84' lang='grc' dir='ltr'>μητρὸς</span> <span class='ocrx_word' id='word_1_119' title='bbox 3419 1099 3518 1151; x_wconf 76' lang='grc' dir='ltr'>καὶ</span> <span class='ocrx_word' id='word_1_120' title='bbox 3575 1098 3746 1164; x_wconf 80' lang='grc' dir='ltr'>αὐτῆς</span> 
     </span>
    </p>
   </div>
   <div class='ocr_carea' id='block_1_20' title="bbox 449 1193 3745 1277">
    <p class='ocr_par' dir='ltr' id='par_1_20' title="bbox 449 1193 3745 1277">
     <span class='ocr_line' id='line_1_20' title="bbox 449 1193 3745 1277; baseline -0.005 -15"><span class='ocrx_word' id='word_1_121' title='bbox 449 1206 818 1277; x_wconf 81' lang='grc' dir='ltr'>Μαριάμμης,</span> <span class='ocrx_word' id='word_1_122' title='bbox 843 1204 1105 1276; x_wconf 80' lang='grc' dir='ltr'>ἀρχιερέα</span> <span class='ocrx_word' id='word_1_123' title='bbox 1128 1204 1228 1274; x_wconf 82' lang='grc' dir='ltr'>μὲν</span> <span class='ocrx_word' id='word_1_124' title='bbox 1250 1202 1571 1272; x_wconf 80' lang='grc' dir='ltr'>καθίστησιν</span> <span class='ocrx_word' id='word_1_125' title='bbox 1594 1200 1660 1266; x_wconf 76' lang='grc' dir='ltr'><strong>ιζ’</strong></span> <span class='ocrx_word' id='word_1_126' title='bbox 1683 1199 1802 1263; x_wconf 70' lang='lat' dir='ltr'><strong>Ero;</strong></span> <span class='ocrx_word' id='word_1_127' title='bbox 1819 1197 2042 1267; x_wconf 76' lang='grc' dir='ltr'>ἄγοντα,</span> <span class='ocrx_word' id='word_1_128' title='bbox 2080 1195 2177 1249; x_wconf 78' lang='grc' dir='ltr'>καὶ</span> <span class='ocrx_word' id='word_1_129' title='bbox 2204 1193 2323 1266; x_wconf 76' lang='grc' dir='ltr'>μετ’</span> <span class='ocrx_word' id='word_1_130' title='bbox 2358 1194 2540 1262; x_wconf 85' lang='grc' dir='ltr'>ὀλίγον</span> <span class='ocrx_word' id='word_1_131' title='bbox 2575 1196 2633 1248; x_wconf 76' lang='grc' dir='ltr'>ὲν</span> <span class='ocrx_word' id='word_1_132' title='bbox 2676 1194 2992 1265; x_wconf 79' lang='grc' dir='ltr'>Ἱεριχοῦντι</span> <span class='ocrx_word' id='word_1_133' title='bbox 3028 1196 3075 1229; x_wconf 76' lang='grc'><strong><em>³⁸</em></strong></span> <span class='ocrx_word' id='word_1_134' title='bbox 3106 1197 3228 1258; x_wconf 84' lang='grc' dir='ltr'>ταῖς</span> <span class='ocrx_word' id='word_1_135' title='bbox 3288 1196 3471 1249; x_wconf 78' lang='grc' dir='ltr'>ἐκεῖσε</span> <span class='ocrx_word' id='word_1_136' title='bbox 3537 1193 3745 1263; x_wconf 86' lang='grc' dir='ltr'>κολυμ-</span> 
     </span>
    </p>
   </div>
   <div class='ocr_carea' id='block_1_21' title="bbox 451 1282 3302 1371">
    <p class='ocr_par' dir='ltr' id='par_1_21' title="bbox 451 1282 3302 1371">
     <span class='ocr_line' id='line_1_21' title="bbox 451 1282 3302 1371; baseline -0.004 -22"><span class='ocrx_word' id='word_1_137' title='bbox 451 1296 684 1371; x_wconf 81' lang='grc' dir='ltr'>ϐήθραις</span> <span class='ocrx_word' id='word_1_138' title='bbox 724 1297 1154 1366; x_wconf 75' lang='grc' dir='ltr'>ἐναποπνιγῆναι</span> <span class='ocrx_word' id='word_1_139' title='bbox 1188 1295 1591 1366; x_wconf 81' lang='grc' dir='ltr'>κατεπράξατο,</span> <span class='ocrx_word' id='word_1_140' title='bbox 1648 1292 1787 1347; x_wconf 82' lang='grc' dir='ltr'>Ἀλλ’</span> <span class='ocrx_word' id='word_1_141' title='bbox 1842 1290 2088 1362; x_wconf 82' lang='grc' dir='ltr'>Ἡρώδης</span> <span class='ocrx_word' id='word_1_142' title='bbox 2115 1287 2214 1360; x_wconf 80' lang='grc' dir='ltr'>μὲν</span> <span class='ocrx_word' id='word_1_143' title='bbox 2234 1286 2498 1351; x_wconf 81' lang='grc' dir='ltr'>τοιοῦτος,</span> <span class='ocrx_word' id='word_1_144' title='bbox 2535 1286 2630 1340; x_wconf 75' lang='grc' dir='ltr'>καὶ</span> <span class='ocrx_word' id='word_1_145' title='bbox 2651 1282 2763 1351; x_wconf 75' lang='grc' dir='ltr'>οἷος</span> <span class='ocrx_word' id='word_1_146' title='bbox 2789 1287 2929 1341; x_wconf 87' lang='grc' dir='ltr'>εἶναι</span> <span class='ocrx_word' id='word_1_147' title='bbox 2955 1287 3302 1358; x_wconf 81' lang='grc' dir='ltr'>προείρηται.</span> 
     </span>
    </p>
   </div>
   <div class='ocr_carea' id='block_1_22' title="bbox 520 1385 2036 1452">
    <p class='ocr_par' dir='ltr' id='par_1_22' title="bbox 520 1385 2036 1452">
     <span class='ocr_line' id='line_1_22' title="bbox 520 1385 2036 1452; baseline -0.005 -9"><span class='ocrx_word' id='word_1_148' title='bbox 520 1389 760 1444; x_wconf 77' lang='lat' dir='ltr'><strong>Moriens</strong></span> <span class='ocrx_word' id='word_1_149' title='bbox 788 1389 1029 1444; x_wconf 85' lang='lat' dir='ltr'><strong>Herodes</strong></span> <span class='ocrx_word' id='word_1_150' title='bbox 1071 1389 1399 1443; x_wconf 83' lang='lat' dir='ltr'><strong>Archelaum</strong></span> <span class='ocrx_word' id='word_1_151' title='bbox 1444 1388 1613 1441; x_wconf 85' lang='lat' dir='ltr'><strong>filium</strong></span> <span class='ocrx_word' id='word_1_152' title='bbox 1661 1385 1879 1441; x_wconf 66' lang='lat' dir='ltr'><strong>Caesare</strong></span> <span class='ocrx_word' id='word_1_153' title='bbox 1912 1398 2036 1452; x_wconf 86' lang='lat' dir='ltr'><strong>per-</strong></span> 
     </span>
    </p>
   </div>
   <div class='ocr_carea' id='block_1_23' title="bbox 2208 1379 3741 1451">
    <p class='ocr_par' dir='ltr' id='par_1_23' title="bbox 2208 1379 3741 1451">
     <span class='ocr_line' id='line_1_23' title="bbox 2208 1379 3741 1451; baseline 0 -18"><span class='ocrx_word' id='word_1_154' title='bbox 2208 1380 2332 1433; x_wconf 87' lang='grc' dir='ltr'>Ὅτι</span> <span class='ocrx_word' id='word_1_155' title='bbox 2358 1380 2626 1433; x_wconf 85' lang='grc' dir='ltr'>τελευτῶν</span> <span class='ocrx_word' id='word_1_156' title='bbox 2675 1379 2921 1451; x_wconf 84' lang='grc' dir='ltr'>Ἡρώδης</span> <span class='ocrx_word' id='word_1_157' title='bbox 2950 1379 3245 1451; x_wconf 79' lang='grc' dir='ltr'>Ἀρχέλαον</span> <span class='ocrx_word' id='word_1_158' title='bbox 3275 1380 3369 1433; x_wconf 82' lang='grc' dir='ltr'>τὸν</span> <span class='ocrx_word' id='word_1_159' title='bbox 3416 1380 3537 1433; x_wconf 76' lang='grc' dir='ltr'>υἱὸν</span> <span class='ocrx_word' id='word_1_160' title='bbox 3572 1381 3741 1434; x_wconf 76' lang='grc' dir='ltr'>διατίο</span> 
     </span>
    </p>
   </div>
   <div class='ocr_carea' id='block_1_24' title="bbox 450 1472 2039 1551">
    <p class='ocr_par' dir='ltr' id='par_1_24' title="bbox 450 1477 2038 1551">
     <span class='ocr_line' id='line_1_24' title="bbox 450 1477 2038 1551; baseline -0.006 -15"><span class='ocrx_word' id='word_1_161' title='bbox 450 1482 701 1537; x_wconf 84' lang='lat' dir='ltr'><strong>mittente</strong></span> <span class='ocrx_word' id='word_1_162' title='bbox 745 1495 1118 1537; x_wconf 86' lang='lat' dir='ltr'><strong>successorem</strong></span> <span class='ocrx_word' id='word_1_163' title='bbox 1167 1480 1318 1551; x_wconf 82' lang='lat' dir='ltr'><strong>regni</strong></span> <span class='ocrx_word' id='word_1_164' title='bbox 1356 1478 1659 1534; x_wconf 82' lang='lat' dir='ltr'><strong>constituit.</strong></span> <span class='ocrx_word' id='word_1_165' title='bbox 1686 1477 1876 1531; x_wconf 68' lang='lat' dir='ltr'><strong>Caesar</strong></span> <span class='ocrx_word' id='word_1_166' title='bbox 1907 1488 2038 1527; x_wconf 91' lang='lat' dir='ltr'><strong>vero</strong></span> 
     </span>
    </p>
   </div>
   <div class='ocr_carea' id='block_1_25' title="bbox 2150 1472 3739 1551">
    <p class='ocr_par' dir='ltr' id='par_1_25' title="bbox 2150 1472 3739 1546">
     <span class='ocr_line' id='line_1_25' title="bbox 2150 1472 3739 1546; baseline 0.001 -19"><span class='ocrx_word' id='word_1_167' title='bbox 2150 1473 2314 1539; x_wconf 66' lang='lat' dir='ltr'><strong>ierat,</strong></span> <span class='ocrx_word' id='word_1_168' title='bbox 2367 1474 2647 1546; x_wconf 88' lang='grc' dir='ltr'>Καίσαρος</span> <span class='ocrx_word' id='word_1_169' title='bbox 2678 1472 2950 1538; x_wconf 87' lang='grc' dir='ltr'>διδοῦντος</span> <span class='ocrx_word' id='word_1_170' title='bbox 2981 1475 3026 1508; x_wconf 86' lang='grc'><strong>⁹⁷</strong></span> <span class='ocrx_word' id='word_1_171' title='bbox 3047 1473 3151 1543; x_wconf 90' lang='grc' dir='ltr'><strong>τῆς</strong></span> <span class='ocrx_word' id='word_1_172' title='bbox 3183 1473 3457 1543; x_wconf 75' lang='grc' dir='ltr'>βασιλείας</span> <span class='ocrx_word' id='word_1_173' title='bbox 3483 1475 3739 1542; x_wconf 81' lang='grc' dir='ltr'>γενέσθαι</span> 
     </span>
    </p>
   </div>
   <div class='ocr_carea' id='block_1_26' title="bbox 448 1562 2039 1642">
    <p class='ocr_par' dir='ltr' id='par_1_26' title="bbox 448 1567 2039 1642">
     <span class='ocr_line' id='line_1_26' title="bbox 448 1567 2039 1642; baseline -0.006 -16"><span class='ocrx_word' id='word_1_174' title='bbox 448 1574 727 1642; x_wconf 85' lang='lat' dir='ltr'><strong>Augustus</strong></span> <span class='ocrx_word' id='word_1_175' title='bbox 775 1570 1011 1625; x_wconf 66' lang='lat' dir='ltr'><strong>dimidiae</strong></span> <span class='ocrx_word' id='word_1_176' title='bbox 1060 1570 1211 1640; x_wconf 85' lang='lat' dir='ltr'><strong>regni</strong></span> <span class='ocrx_word' id='word_1_177' title='bbox 1257 1570 1425 1639; x_wconf 87' lang='lat' dir='ltr'><strong>partis</strong></span> <span class='ocrx_word' id='word_1_178' title='bbox 1470 1567 1800 1623; x_wconf 83' lang='lat' dir='ltr'><strong>Archelaum</strong></span> <span class='ocrx_word' id='word_1_179' title='bbox 1849 1578 2039 1619; x_wconf 91' lang='lat' dir='ltr'><strong>creans</strong></span> 
     </span>
    </p>
   </div>
   <div class='ocr_carea' id='block_1_27' title="bbox 2150 1562 3738 1642">
    <p class='ocr_par' dir='ltr' id='par_1_27' title="bbox 2150 1562 3738 1639">
     <span class='ocr_line' id='line_1_27' title="bbox 2150 1562 3738 1639; baseline -0.001 -19"><span class='ocrx_word' id='word_1_180' title='bbox 2150 1565 2401 1637; x_wconf 69' lang='grc' dir='ltr'>διάδοχον.</span> <span class='ocrx_word' id='word_1_181' title='bbox 2433 1569 2653 1639; x_wconf 81' lang='grc' dir='ltr'>Καῖσαρ</span> <span class='ocrx_word' id='word_1_182' title='bbox 2686 1567 2744 1621; x_wconf 83' lang='grc' dir='ltr'>δὲ</span> <span class='ocrx_word' id='word_1_183' title='bbox 2784 1566 2835 1638; x_wconf 94' lang='lat'><em>(6</em></span> <span class='ocrx_word' id='word_1_184' title='bbox 2863 1565 3172 1635; x_wconf 79' lang='grc' dir='ltr'>Αὔγουστος</span> <span class='ocrx_word' id='word_1_185' title='bbox 3222 1567 3267 1620; x_wconf 78' lang='grc' dir='ltr'>δ’</span> <span class='ocrx_word' id='word_1_186' title='bbox 3297 1562 3386 1639; x_wconf 79' lang='grc' dir='ltr'><strong>ἦν)</strong></span> <span class='ocrx_word' id='word_1_187' title='bbox 3440 1567 3548 1636; x_wconf 85' lang='grc' dir='ltr'><strong>τῆς</strong></span> <span class='ocrx_word' id='word_1_188' title='bbox 3610 1570 3738 1637; x_wconf 82' lang='grc' dir='ltr'>ἡμι-</span> 
     </span>
    </p>
   </div>
   <div class='ocr_carea' id='block_1_28' title="bbox 450 1656 2042 1730">
    <p class='ocr_par' dir='ltr' id='par_1_28' title="bbox 450 1656 2042 1730">
     <span class='ocr_line' id='line_1_28' title="bbox 450 1656 2042 1730; baseline -0.008 -9"><span class='ocrx_word' id='word_1_189' title='bbox 450 1664 754 1729; x_wconf 87' lang='lat' dir='ltr'><strong>dominum,</strong></span> <span class='ocrx_word' id='word_1_190' title='bbox 791 1671 846 1717; x_wconf 89' lang='lat' dir='ltr'><strong>et</strong></span> <span class='ocrx_word' id='word_1_191' title='bbox 878 1662 1021 1730; x_wconf 84' lang='lat' dir='ltr'><strong>regis</strong></span> <span class='ocrx_word' id='word_1_192' title='bbox 1046 1662 1204 1716; x_wconf 87' lang='lat' dir='ltr'><strong>titulo</strong></span> <span class='ocrx_word' id='word_1_193' title='bbox 1232 1672 1551 1716; x_wconf 90' lang='lat' dir='ltr'><strong>ornaturum</strong></span> <span class='ocrx_word' id='word_1_194' title='bbox 1581 1675 1642 1715; x_wconf 87' lang='lat' dir='ltr'><strong>se</strong></span> <span class='ocrx_word' id='word_1_195' title='bbox 1663 1660 1824 1721; x_wconf 83' lang='lat' dir='ltr'><strong>dixit,</strong></span> <span class='ocrx_word' id='word_1_196' title='bbox 1855 1658 1900 1712; x_wconf 88' lang='lat' dir='ltr'><strong>si</strong></span> <span class='ocrx_word' id='word_1_197' title='bbox 1931 1656 2042 1710; x_wconf 86' lang='lat' dir='ltr'><strong>cle-</strong></span> 
     </span>
    </p>
   </div>
   <div class='ocr_carea' id='block_1_29' title="bbox 448 1751 2117 1842">
    <p class='ocr_par' dir='ltr' id='par_1_29' title="bbox 448 1751 2117 1842">
     <span class='ocr_line' id='line_1_29' title="bbox 448 1751 2117 1842; baseline -0.007 -30"><span class='ocrx_word' id='word_1_198' title='bbox 448 1766 663 1812; x_wconf 83' lang='lat' dir='ltr'><strong>menter</strong></span> <span class='ocrx_word' id='word_1_199' title='bbox 689 1764 744 1811; x_wconf 92' lang='lat' dir='ltr'><strong>et</strong></span> <span class='ocrx_word' id='word_1_200' title='bbox 769 1755 914 1827; x_wconf 85' lang='lat' dir='ltr'><strong>juste</strong></span> <span class='ocrx_word' id='word_1_201' title='bbox 946 1770 1169 1825; x_wconf 77' lang='lat' dir='ltr'><strong>regnum</strong></span> <span class='ocrx_word' id='word_1_202' title='bbox 1202 1754 1640 1808; x_wconf 90' lang='lat' dir='ltr'><strong>administratum</strong></span> <span class='ocrx_word' id='word_1_203' title='bbox 1671 1751 2037 1822; x_wconf 80' lang='lat' dir='ltr'><strong>cognovisset.</strong></span> <span class='ocrx_word' id='word_1_204' title='bbox 2074 1785 2117 1842; x_wconf 72' lang='grc' dir='ltr'><strong>Β</strong></span> 
     </span>
    </p>
   </div>
   <div class='ocr_carea' id='block_1_30' title="bbox 444 1842 2063 1921">
    <p class='ocr_par' dir='ltr' id='par_1_30' title="bbox 444 1842 2063 1921">
     <span class='ocr_line' id='line_1_30' title="bbox 444 1842 2063 1921; baseline -0.006 -19"><span class='ocrx_word' id='word_1_205' title='bbox 444 1850 686 1903; x_wconf 81' lang='lat' dir='ltr'><strong>Alteram</strong></span> <span class='ocrx_word' id='word_1_206' title='bbox 714 1863 846 1903; x_wconf 83' lang='lat' dir='ltr'><strong>vero</strong></span> <span class='ocrx_word' id='word_1_207' title='bbox 863 1853 1075 1917; x_wconf 90' lang='lat' dir='ltr'><strong>partem</strong></span> <span class='ocrx_word' id='word_1_208' title='bbox 1105 1846 1372 1913; x_wconf 85' lang='lat' dir='ltr'><strong>dividens,</strong></span> <span class='ocrx_word' id='word_1_209' title='bbox 1405 1846 1711 1914; x_wconf 84' lang='lat' dir='ltr'><strong>Philippum</strong></span> <span class='ocrx_word' id='word_1_210' title='bbox 1734 1852 1790 1898; x_wconf 87' lang='lat' dir='ltr'><strong>et</strong></span> <span class='ocrx_word' id='word_1_211' title='bbox 1815 1842 2063 1921; x_wconf 0' lang='lat' dir='ltr'><strong>Antipa-q</strong></span> 
     </span>
    </p>
   </div>
   <div class='ocr_carea' id='block_1_31' title="bbox 449 1935 2039 2010">
    <p class='ocr_par' dir='ltr' id='par_1_31' title="bbox 449 1935 2039 2010">
     <span class='ocr_line' id='line_1_31' title="bbox 449 1935 2039 2010; baseline -0.005 -15"><span class='ocrx_word' id='word_1_212' title='bbox 449 1953 590 1996; x_wconf 88' lang='lat' dir='ltr'><strong>trum</strong></span> <span class='ocrx_word' id='word_1_213' title='bbox 628 1941 958 2006; x_wconf 82' lang='lat' dir='ltr'><strong>tetrarchas,</strong></span> <span class='ocrx_word' id='word_1_214' title='bbox 989 1938 1223 1995; x_wconf 85' lang='lat' dir='ltr'><strong>Herodis</strong></span> <span class='ocrx_word' id='word_1_215' title='bbox 1253 1950 1308 1995; x_wconf 88' lang='lat' dir='ltr'><strong>et</strong></span> <span class='ocrx_word' id='word_1_216' title='bbox 1353 1942 1499 2010; x_wconf 92' lang='lat' dir='ltr'><strong>ipsos</strong></span> <span class='ocrx_word' id='word_1_217' title='bbox 1547 1939 1690 1993; x_wconf 84' lang='lat' dir='ltr'><strong>filios</strong></span> <span class='ocrx_word' id='word_1_218' title='bbox 1733 1935 2039 1991; x_wconf 86' lang='lat' dir='ltr'><strong>constituit.</strong></span> 
     </span>
    </p>
   </div>
   <div class='ocr_carea' id='block_1_32' title="bbox 449 2026 2040 2097">
    <p class='ocr_par' dir='ltr' id='par_1_32' title="bbox 449 2026 2040 2097">
     <span class='ocr_line' id='line_1_32' title="bbox 449 2026 2040 2097; baseline -0.004 -11"><span class='ocrx_word' id='word_1_219' title='bbox 449 2033 556 2088; x_wconf 90' lang='lat' dir='ltr'><strong>Sed</strong></span> <span class='ocrx_word' id='word_1_220' title='bbox 579 2034 879 2088; x_wconf 85' lang='lat' dir='ltr'><strong>Archelaus</strong></span> <span class='ocrx_word' id='word_1_221' title='bbox 918 2048 1042 2087; x_wconf 90' lang='lat' dir='ltr'><strong>cum</strong></span> <span class='ocrx_word' id='word_1_222' title='bbox 1080 2033 1347 2087; x_wconf 85' lang='lat' dir='ltr'><strong>violenter</strong></span> <span class='ocrx_word' id='word_1_223' title='bbox 1391 2046 1543 2086; x_wconf 90' lang='lat' dir='ltr'><strong>more</strong></span> <span class='ocrx_word' id='word_1_224' title='bbox 1570 2042 1799 2097; x_wconf 89' lang='lat' dir='ltr'><strong>paterno</strong></span> <span class='ocrx_word' id='word_1_225' title='bbox 1825 2026 2040 2081; x_wconf 73' lang='lat' dir='ltr'><strong>Judzeos</strong></span> 
     </span>
    </p>
   </div>
   <div class='ocr_carea' id='block_1_33' title="bbox 448 2109 2041 2196">
    <p class='ocr_par' dir='ltr' id='par_1_33' title="bbox 448 2109 2041 2196">
     <span class='ocr_line' id='line_1_33' title="bbox 448 2109 2041 2196; baseline -0.005 -15"><span class='ocrx_word' id='word_1_226' title='bbox 448 2137 681 2195; x_wconf 67' lang='lat' dir='ltr'><strong>regeret,</strong></span> <span class='ocrx_word' id='word_1_227' title='bbox 738 2127 940 2181; x_wconf 66' lang='lat' dir='ltr'><strong>Cwsari</strong></span> <span class='ocrx_word' id='word_1_228' title='bbox 973 2126 1313 2196; x_wconf 89' lang='lat' dir='ltr'><strong>supplicante</strong></span> <span class='ocrx_word' id='word_1_229' title='bbox 1360 2124 1578 2195; x_wconf 91' lang='lat' dir='ltr'><strong>populo,</strong></span> <span class='ocrx_word' id='word_1_230' title='bbox 1616 2109 1903 2193; x_wconf 59' lang='lat' dir='ltr'><strong>tyrannide</strong></span> <span class='ocrx_word' id='word_1_231' title='bbox 1931 2134 2041 2188; x_wconf 90' lang='lat' dir='ltr'><strong>op-</strong></span> 
     </span>
    </p>
   </div>
   <div class='ocr_carea' id='block_1_34' title="bbox 445 2216 2042 2287">
    <p class='ocr_par' dir='ltr' id='par_1_34' title="bbox 445 2216 2042 2287">
     <span class='ocr_line' id='line_1_34' title="bbox 445 2216 2042 2287; baseline -0.004 -18"><span class='ocrx_word' id='word_1_232' title='bbox 445 2232 659 2287; x_wconf 89' lang='lat' dir='ltr'><strong>presso,</strong></span> <span class='ocrx_word' id='word_1_233' title='bbox 692 2217 906 2271; x_wconf 89' lang='lat' dir='ltr'><strong>decimo</strong></span> <span class='ocrx_word' id='word_1_234' title='bbox 944 2232 1085 2271; x_wconf 91' lang='lat' dir='ltr'><strong>anno</strong></span> <span class='ocrx_word' id='word_1_235' title='bbox 1121 2232 1286 2287; x_wconf 84' lang='lat' dir='ltr'><strong>regno</strong></span> <span class='ocrx_word' id='word_1_236' title='bbox 1312 2216 1535 2279; x_wconf 78' lang='lat' dir='ltr'><strong>excidit,</strong></span> <span class='ocrx_word' id='word_1_237' title='bbox 1568 2224 1622 2270; x_wconf 92' lang='lat' dir='ltr'><strong>et</strong></span> <span class='ocrx_word' id='word_1_238' title='bbox 1647 2216 2042 2269; x_wconf 89' lang='lat' dir='ltr'><strong>condemnatur</strong></span> 
     </span>
    </p>
   </div>
   <div class='ocr_carea' id='block_1_35' title="bbox 447 2303 2040 2375">
    <p class='ocr_par' dir='ltr' id='par_1_35' title="bbox 447 2303 2040 2375">
     <span class='ocr_line' id='line_1_35' title="bbox 447 2303 2040 2375; baseline -0.002 -14"><span class='ocrx_word' id='word_1_239' title='bbox 447 2324 505 2362; x_wconf 89' lang='lat' dir='ltr'><strong>nt</strong></span> <span class='ocrx_word' id='word_1_240' title='bbox 546 2310 819 2365; x_wconf 87' lang='lat' dir='ltr'><strong>habitaret</strong></span> <span class='ocrx_word' id='word_1_241' title='bbox 853 2310 1117 2365; x_wconf 80' lang='lat' dir='ltr'><strong>Viennam</strong></span> <span class='ocrx_word' id='word_1_242' title='bbox 1150 2309 1337 2365; x_wconf 68' lang='lat' dir='ltr'><strong>Galliae</strong></span> <span class='ocrx_word' id='word_1_243' title='bbox 1362 2311 1570 2375; x_wconf 88' lang='lat' dir='ltr'><strong>urbem,</strong></span> <span class='ocrx_word' id='word_1_244' title='bbox 1604 2318 1659 2363; x_wconf 90' lang='lat' dir='ltr'><strong>et</strong></span> <span class='ocrx_word' id='word_1_245' title='bbox 1696 2307 1819 2363; x_wconf 84' lang='lat' dir='ltr'><strong>inde</strong></span> <span class='ocrx_word' id='word_1_246' title='bbox 1847 2303 2040 2361; x_wconf 85' lang='lat' dir='ltr'><strong>recidit</strong></span> 
     </span>
    </p>
   </div>
   <div class='ocr_carea' id='block_1_36' title="bbox 443 2399 1445 2471">
    <p class='ocr_par' dir='ltr' id='par_1_36' title="bbox 443 2399 1445 2471">
     <span class='ocr_line' id='line_1_36' title="bbox 443 2399 1445 2471; baseline -0.004 -16"><span class='ocrx_word' id='word_1_247' title='bbox 443 2399 634 2455; x_wconf 78' lang='lat' dir='ltr'><strong>Judaea</strong></span> <span class='ocrx_word' id='word_1_248' title='bbox 671 2415 703 2455; x_wconf 90' lang='lat' dir='ltr'><strong>e</strong></span> <span class='ocrx_word' id='word_1_249' title='bbox 729 2415 897 2471; x_wconf 87' lang='lat' dir='ltr'><strong>regno</strong></span> <span class='ocrx_word' id='word_1_250' title='bbox 928 2401 979 2454; x_wconf 91' lang='lat' dir='ltr'><strong>in</strong></span> <span class='ocrx_word' id='word_1_251' title='bbox 1011 2399 1445 2470; x_wconf 69' lang='lat' dir='ltr'><strong>prmfecturaml.</strong></span> 
     </span>
    </p>
   </div>
   <div class='ocr_carea' id='block_1_37' title="bbox 540 2574 2035 2646">
    <p class='ocr_par' dir='ltr' id='par_1_37' title="bbox 540 2574 2035 2646">
     <span class='ocr_line' id='line_1_37' title="bbox 540 2574 2035 2646; baseline -0.003 -13"><span class='ocrx_word' id='word_1_252' title='bbox 540 2577 781 2635; x_wconf 86' lang='lat' dir='ltr'><strong>Herodes</strong></span> <span class='ocrx_word' id='word_1_253' title='bbox 808 2580 1078 2635; x_wconf 86' lang='lat' dir='ltr'><strong>tetrarcba</strong></span> <span class='ocrx_word' id='word_1_254' title='bbox 1109 2579 1341 2635; x_wconf 69' lang='lat' dir='ltr'><strong>Galilaaae</strong></span> <span class='ocrx_word' id='word_1_255' title='bbox 1361 2589 1416 2633; x_wconf 89' lang='lat' dir='ltr'><strong>et</strong></span> <span class='ocrx_word' id='word_1_256' title='bbox 1432 2577 1652 2645; x_wconf 63' lang='lat' dir='ltr'><strong>Peraeae,</strong></span> <span class='ocrx_word' id='word_1_257' title='bbox 1686 2576 1830 2633; x_wconf 78' lang='lat' dir='ltr'><strong>illius</strong></span> <span class='ocrx_word' id='word_1_258' title='bbox 1856 2574 2035 2646; x_wconf 84' lang='lat' dir='ltr'><strong>magni</strong></span> 
     </span>
    </p>
   </div>
   <div class='ocr_carea' id='block_1_38' title="bbox 448 2666 2039 2739">
    <p class='ocr_par' dir='ltr' id='par_1_38' title="bbox 448 2666 2039 2739">
     <span class='ocr_line' id='line_1_38' title="bbox 448 2666 2039 2739; baseline -0.003 -14"><span class='ocrx_word' id='word_1_259' title='bbox 448 2669 701 2739; x_wconf 82' lang='lat' dir='ltr'><strong>Herodis,</strong></span> <span class='ocrx_word' id='word_1_260' title='bbox 754 2674 977 2736; x_wconf 87' lang='lat' dir='ltr'><strong>amavit,</strong></span> <span class='ocrx_word' id='word_1_261' title='bbox 1030 2681 1089 2725; x_wconf 94' lang='lat' dir='ltr'><strong>ut</strong></span> <span class='ocrx_word' id='word_1_262' title='bbox 1132 2672 1327 2726; x_wconf 87' lang='lat' dir='ltr'><strong>scribit</strong></span> <span class='ocrx_word' id='word_1_263' title='bbox 1378 2668 1673 2738; x_wconf 86' lang='lat' dir='ltr'><strong>Josephus,</strong></span> <span class='ocrx_word' id='word_1_264' title='bbox 1724 2666 1911 2723; x_wconf 87' lang='lat' dir='ltr'><strong>fratris</strong></span> <span class='ocrx_word' id='word_1_265' title='bbox 1955 2667 2039 2722; x_wconf 90' lang='lat' dir='ltr'><strong>sui</strong></span> 
     </span>
    </p>
   </div>
   <div class='ocr_carea' id='block_1_39' title="bbox 448 2761 2040 2832">
    <p class='ocr_par' dir='ltr' id='par_1_39' title="bbox 448 2761 2040 2832">
     <span class='ocr_line' id='line_1_39' title="bbox 448 2761 2040 2832; baseline -0.003 -14"><span class='ocrx_word' id='word_1_266' title='bbox 448 2763 679 2820; x_wconf 85' lang='lat' dir='ltr'><strong>Herodis</strong></span> <span class='ocrx_word' id='word_1_267' title='bbox 732 2780 956 2819; x_wconf 86' lang='lat' dir='ltr'><strong>uxorem</strong></span> <span class='ocrx_word' id='word_1_268' title='bbox 998 2762 1383 2826; x_wconf 72' lang='lat' dir='ltr'><strong>Herodiailem,</strong></span> <span class='ocrx_word' id='word_1_269' title='bbox 1430 2778 1553 2832; x_wconf 64' lang='lat' dir='ltr'><strong>qua:</strong></span> <span class='ocrx_word' id='word_1_270' title='bbox 1592 2771 1644 2816; x_wconf 91' lang='lat' dir='ltr'><strong>et</strong></span> <span class='ocrx_word' id='word_1_271' title='bbox 1683 2761 1797 2831; x_wconf 89' lang='lat' dir='ltr'><strong>ipsa</strong></span> <span class='ocrx_word' id='word_1_272' title='bbox 1845 2774 2040 2829; x_wconf 80' lang='lat' dir='ltr'><strong>magno</strong></span> 
     </span>
    </p>
   </div>
   <div class='ocr_carea' id='block_1_40' title="bbox 451 2853 2040 2925">
    <p class='ocr_par' dir='ltr' id='par_1_40' title="bbox 451 2853 2040 2925">
     <span class='ocr_line' id='line_1_40' title="bbox 451 2853 2040 2925; baseline 0 -16"><span class='ocrx_word' id='word_1_273' title='bbox 451 2855 666 2911; x_wconf 86' lang='lat' dir='ltr'><strong>Herode</strong></span> <span class='ocrx_word' id='word_1_274' title='bbox 694 2857 949 2919; x_wconf 88' lang='lat' dir='ltr'><strong>oriunda.</strong></span> <span class='ocrx_word' id='word_1_275' title='bbox 988 2866 1112 2911; x_wconf 89' lang='lat' dir='ltr'><strong>nata</strong></span> <span class='ocrx_word' id='word_1_276' title='bbox 1140 2872 1172 2912; x_wconf 91' lang='lat' dir='ltr'><strong>e</strong></span> <span class='ocrx_word' id='word_1_277' title='bbox 1208 2856 1321 2912; x_wconf 84' lang='lat' dir='ltr'><strong>filio</strong></span> <span class='ocrx_word' id='word_1_278' title='bbox 1349 2854 1685 2919; x_wconf 85' lang='lat' dir='ltr'><strong>Aristobulo,</strong></span> <span class='ocrx_word' id='word_1_279' title='bbox 1712 2868 1875 2925; x_wconf 89' lang='lat' dir='ltr'><strong>quem</strong></span> <span class='ocrx_word' id='word_1_280' title='bbox 1920 2853 2040 2923; x_wconf 89' lang='lat' dir='ltr'><strong>ipse</strong></span> 
     </span>
    </p>
   </div>
   <div class='ocr_carea' id='block_1_41' title="bbox 451 2945 2038 3019">
    <p class='ocr_par' dir='ltr' id='par_1_41' title="bbox 451 2945 2038 3019">
     <span class='ocr_line' id='line_1_41' title="bbox 451 2945 2038 3019; baseline 0 -18"><span class='ocrx_word' id='word_1_281' title='bbox 451 2948 749 3004; x_wconf 78' lang='lat' dir='ltr'><strong>interfecit.</strong></span> <span class='ocrx_word' id='word_1_282' title='bbox 782 2947 914 3003; x_wconf 86' lang='lat' dir='ltr'><strong>Erat</strong></span> <span class='ocrx_word' id='word_1_283' title='bbox 949 2950 1074 3005; x_wconf 92' lang='lat' dir='ltr'><strong>huic</strong></span> <span class='ocrx_word' id='word_1_284' title='bbox 1108 2948 1279 3004; x_wconf 80' lang='lat' dir='ltr'><strong>frater</strong></span> <span class='ocrx_word' id='word_1_285' title='bbox 1300 2948 1535 3019; x_wconf 78' lang='lat' dir='ltr'><strong>Agrippa</strong></span> <span class='ocrx_word' id='word_1_286' title='bbox 1570 2965 1585 3003; x_wconf 89' lang='lat'><strong>:</strong></span> <span class='ocrx_word' id='word_1_287' title='bbox 1619 2948 1762 3002; x_wconf 88' lang='lat' dir='ltr'><strong>hanc</strong></span> <span class='ocrx_word' id='word_1_288' title='bbox 1797 2945 2038 3001; x_wconf 87' lang='lat' dir='ltr'><strong>Herodes</strong></span> 
     </span>
    </p>
   </div>
   <div class='ocr_carea' id='block_1_42' title="bbox 2144 1658 3739 1732">
    <p class='ocr_par' dir='ltr' id='par_1_42' title="bbox 2144 1658 3739 1732">
     <span class='ocr_line' id='line_1_42' title="bbox 2144 1658 3739 1732; baseline 0.001 -21"><span class='ocrx_word' id='word_1_289' title='bbox 2144 1658 2298 1724; x_wconf 85' lang='grc' dir='ltr'>σείας</span> <span class='ocrx_word' id='word_1_290' title='bbox 2333 1660 2626 1732; x_wconf 80' lang='grc' dir='ltr'>Ἀρχέλαον</span> <span class='ocrx_word' id='word_1_291' title='bbox 2667 1661 2956 1731; x_wconf 86' lang='grc' dir='ltr'>ἀποφήνας</span> <span class='ocrx_word' id='word_1_292' title='bbox 2990 1660 3204 1731; x_wconf 86' lang='grc' dir='ltr'>κύριον,</span> <span class='ocrx_word' id='word_1_293' title='bbox 3236 1661 3330 1714; x_wconf 77' lang='grc' dir='ltr'>καὶ</span> <span class='ocrx_word' id='word_1_294' title='bbox 3377 1660 3635 1730; x_wconf 66' lang='grc' dir='ltr'>βασιλείᾳ.</span> <span class='ocrx_word' id='word_1_295' title='bbox 3664 1679 3739 1713; x_wconf 84' lang='grc' dir='ltr'>τι-</span> 
     </span>
    </p>
   </div>
   <div class='ocr_carea' id='block_1_43' title="bbox 2148 1748 3740 1824">
    <p class='ocr_par' dir='ltr' id='par_1_43' title="bbox 2148 1748 3740 1824">
     <span class='ocr_line' id='line_1_43' title="bbox 2148 1748 3740 1824; baseline 0.002 -20"><span class='ocrx_word' id='word_1_296' title='bbox 2148 1754 2347 1821; x_wconf 84' lang='grc' dir='ltr'>μήσειν</span> <span class='ocrx_word' id='word_1_297' title='bbox 2398 1748 2576 1816; x_wconf 77' lang='grc' dir='ltr'>εἶπεν,</span> <span class='ocrx_word' id='word_1_298' title='bbox 2624 1753 2673 1805; x_wconf 84' lang='grc' dir='ltr'><strong>εί</strong></span> <span class='ocrx_word' id='word_1_299' title='bbox 2713 1752 2975 1817; x_wconf 75' lang='grc' dir='ltr'>ἐπιεικῶς</span> <span class='ocrx_word' id='word_1_300' title='bbox 3028 1754 3126 1807; x_wconf 75' lang='grc' dir='ltr'>καὶ</span> <span class='ocrx_word' id='word_1_301' title='bbox 3160 1754 3387 1817; x_wconf 83' lang='grc' dir='ltr'>δικαίως</span> <span class='ocrx_word' id='word_1_302' title='bbox 3417 1754 3521 1824; x_wconf 78' lang='grc' dir='ltr'>τὴν</span> <span class='ocrx_word' id='word_1_303' title='bbox 3567 1754 3740 1824; x_wconf 79' lang='grc' dir='ltr'>ἀρχὴν</span> 
     </span>
    </p>
   </div>
   <div class='ocr_carea' id='block_1_44' title="bbox 2152 1841 3739 1916">
    <p class='ocr_par' dir='ltr' id='par_1_44' title="bbox 2152 1841 3739 1916">
     <span class='ocr_line' id='line_1_44' title="bbox 2152 1841 3739 1916; baseline 0.003 -22"><span class='ocrx_word' id='word_1_304' title='bbox 2152 1841 2313 1912; x_wconf 81' lang='grc' dir='ltr'>μάθοι</span> <span class='ocrx_word' id='word_1_305' title='bbox 2350 1843 2658 1912; x_wconf 80' lang='grc' dir='ltr'>χειρίζοντα</span> <span class='ocrx_word' id='word_1_306' title='bbox 2681 1860 2696 1874; x_wconf 80' lang='grc'><em>’</em></span> <span class='ocrx_word' id='word_1_307' title='bbox 2718 1845 2833 1914; x_wconf 68' lang='grc' dir='ltr'>,τὴν</span> <span class='ocrx_word' id='word_1_308' title='bbox 2865 1846 2909 1899; x_wconf 77' lang='grc' dir='ltr'>δ’</span> <span class='ocrx_word' id='word_1_309' title='bbox 2951 1844 3118 1913; x_wconf 78' lang='grc' dir='ltr'>ἄλλην</span> <span class='ocrx_word' id='word_1_310' title='bbox 3170 1848 3365 1916; x_wconf 80' lang='grc' dir='ltr'>μοῖραν</span> <span class='ocrx_word' id='word_1_311' title='bbox 3420 1844 3623 1898; x_wconf 81' lang='grc' dir='ltr'>διελὼν</span> <span class='ocrx_word' id='word_1_312' title='bbox 3652 1862 3739 1898; x_wconf 83' lang='grc' dir='ltr'>τε-</span> 
     </span>
    </p>
   </div>
   <div class='ocr_carea' id='block_1_45' title="bbox 2146 1935 3738 2008">
    <p class='ocr_par' dir='ltr' id='par_1_45' title="bbox 2146 1935 3738 2008">
     <span class='ocr_line' id='line_1_45' title="bbox 2146 1935 3738 2008; baseline 0.003 -21"><span class='ocrx_word' id='word_1_313' title='bbox 2146 1935 2391 2005; x_wconf 79' lang='grc' dir='ltr'>τράρχας</span> <span class='ocrx_word' id='word_1_314' title='bbox 2411 1935 2676 1989; x_wconf 84' lang='grc' dir='ltr'>Φίλιππον</span> <span class='ocrx_word' id='word_1_315' title='bbox 2706 1937 2800 1990; x_wconf 76' lang='grc' dir='ltr'>καὶ</span> <span class='ocrx_word' id='word_1_316' title='bbox 2816 1936 3194 2007; x_wconf 82' lang='grc' dir='ltr'>Ἀντίπατρον,</span> <span class='ocrx_word' id='word_1_317' title='bbox 3223 1938 3318 1991; x_wconf 75' lang='grc' dir='ltr'><strong>καὶ</strong></span> <span class='ocrx_word' id='word_1_318' title='bbox 3342 1937 3738 2008; x_wconf 80' lang='grc' dir='ltr'>αὐτοὺςἩρώ-</span> 
     </span>
    </p>
   </div>
   <div class='ocr_carea' id='block_1_46' title="bbox 2146 2027 3739 2100">
    <p class='ocr_par' dir='ltr' id='par_1_46' title="bbox 2146 2027 3739 2100">
     <span class='ocr_line' id='line_1_46' title="bbox 2146 2027 3739 2100; baseline 0.002 -19"><span class='ocrx_word' id='word_1_319' title='bbox 2146 2027 2236 2081; x_wconf 89' lang='grc' dir='ltr'><strong>δου</strong></span> <span class='ocrx_word' id='word_1_320' title='bbox 2272 2028 2467 2091; x_wconf 79' lang='grc' dir='ltr'>παῖδας</span> <span class='ocrx_word' id='word_1_321' title='bbox 2497 2027 2680 2094; x_wconf 65' lang='grc' dir='ltr'>ὄντας,</span> <span class='ocrx_word' id='word_1_322' title='bbox 2717 2028 3059 2099; x_wconf 80' lang='grc' dir='ltr'>καθίστησιν.</span> <span class='ocrx_word' id='word_1_323' title='bbox 3102 2030 3246 2083; x_wconf 83' lang='grc' dir='ltr'>Ἀλλ’</span> <span class='ocrx_word' id='word_1_324' title='bbox 3277 2030 3584 2100; x_wconf 80' lang='grc' dir='ltr'>Ἀρχέλαος</span> <span class='ocrx_word' id='word_1_325' title='bbox 3621 2032 3739 2084; x_wconf 80' lang='grc' dir='ltr'>ἐπεὶ</span> 
     </span>
    </p>
   </div>
   <div class='ocr_carea' id='block_1_47' title="bbox 2145 2114 3740 2188">
    <p class='ocr_par' dir='ltr' id='par_1_47' title="bbox 2145 2114 3740 2188">
     <span class='ocr_line' id='line_1_47' title="bbox 2145 2114 3740 2188; baseline 0 -20"><span class='ocrx_word' id='word_1_326' title='bbox 2145 2115 2314 2185; x_wconf 83' lang='grc' dir='ltr'>ὠμῶς</span> <span class='ocrx_word' id='word_1_327' title='bbox 2364 2116 2460 2169; x_wconf 79' lang='grc' dir='ltr'>καὶ</span> <span class='ocrx_word' id='word_1_328' title='bbox 2507 2117 2651 2169; x_wconf 87' lang='grc' dir='ltr'><strong>κατά</strong></span> <span class='ocrx_word' id='word_1_329' title='bbox 2701 2116 2794 2169; x_wconf 81' lang='grc' dir='ltr'><strong>τὸν</strong></span> <span class='ocrx_word' id='word_1_330' title='bbox 2829 2116 3045 2188; x_wconf 82' lang='grc' dir='ltr'>πατέρα</span> <span class='ocrx_word' id='word_1_331' title='bbox 3094 2117 3367 2171; x_wconf 83' lang='grc' dir='ltr'>Ἰουδαίων</span> <span class='ocrx_word' id='word_1_332' title='bbox 3396 2114 3565 2188; x_wconf 80' lang='grc' dir='ltr'>ἦρχε,</span> <span class='ocrx_word' id='word_1_333' title='bbox 3606 2119 3740 2169; x_wconf 82' lang='grc' dir='ltr'>Καί-</span> 
     </span>
    </p>
   </div>
   <div class='ocr_carea' id='block_1_48' title="bbox 2151 2207 3738 2281">
    <p class='ocr_par' dir='ltr' id='par_1_48' title="bbox 2151 2207 3738 2281">
     <span class='ocr_line' id='line_1_48' title="bbox 2151 2207 3738 2281; baseline 0.001 -20"><span class='ocrx_word' id='word_1_334' title='bbox 2151 2225 2320 2281; x_wconf 88' lang='grc' dir='ltr'>σαρος</span> <span class='ocrx_word' id='word_1_335' title='bbox 2371 2207 2674 2278; x_wconf 83' lang='grc' dir='ltr'>δεηθέντων</span> <span class='ocrx_word' id='word_1_336' title='bbox 2714 2210 2825 2263; x_wconf 84' lang='grc' dir='ltr'><strong>τῶν</strong></span> <span class='ocrx_word' id='word_1_337' title='bbox 2870 2209 3324 2281; x_wconf 80' lang='grc' dir='ltr'>τυραννουμένων</span> <span class='ocrx_word' id='word_1_338' title='bbox 3365 2209 3590 2279; x_wconf 82' lang='grc' dir='ltr'>δεκάτῳ</span> <span class='ocrx_word' id='word_1_339' title='bbox 3633 2210 3738 2263; x_wconf 74' lang='grc' dir='ltr'>ἔτει</span> 
     </span>
    </p>
   </div>
   <div class='ocr_carea' id='block_1_49' title="bbox 2142 2299 3740 2371">
    <p class='ocr_par' dir='ltr' id='par_1_49' title="bbox 2142 2299 3740 2371">
     <span class='ocr_line' id='line_1_49' title="bbox 2142 2299 3740 2371; baseline 0.001 -18"><span class='ocrx_word' id='word_1_340' title='bbox 2142 2299 2246 2369; x_wconf 90' lang='grc' dir='ltr'><strong>τῆς</strong></span> <span class='ocrx_word' id='word_1_341' title='bbox 2277 2299 2554 2370; x_wconf 85' lang='grc' dir='ltr'>βασιλείας</span> <span class='ocrx_word' id='word_1_342' title='bbox 2590 2300 2943 2366; x_wconf 82' lang='grc' dir='ltr'>ὲκπέπτωκε,</span> <span class='ocrx_word' id='word_1_343' title='bbox 2974 2301 3069 2355; x_wconf 77' lang='grc' dir='ltr'>καὶ</span> <span class='ocrx_word' id='word_1_344' title='bbox 3100 2302 3325 2355; x_wconf 87' lang='grc' dir='ltr'>Βίενναν</span> <span class='ocrx_word' id='word_1_345' title='bbox 3363 2302 3411 2334; x_wconf 82' lang='grc'><strong>’⁸</strong></span> <span class='ocrx_word' id='word_1_346' title='bbox 3440 2303 3620 2355; x_wconf 80' lang='grc' dir='ltr'>οἰκεῖν</span> <span class='ocrx_word' id='word_1_347' title='bbox 3643 2303 3740 2371; x_wconf 81' lang='grc' dir='ltr'><strong>τῆς</strong></span> 
     </span>
    </p>
   </div>
   <div class='ocr_carea' id='block_1_50' title="bbox 2144 2391 3741 2463">
    <p class='ocr_par' dir='ltr' id='par_1_50' title="bbox 2144 2391 3741 2463">
     <span class='ocr_line' id='line_1_50' title="bbox 2144 2391 3741 2463; baseline 0.001 -18"><span class='ocrx_word' id='word_1_348' title='bbox 2144 2392 2376 2454; x_wconf 88' lang='grc' dir='ltr'>Γαλλίας</span> <span class='ocrx_word' id='word_1_349' title='bbox 2396 2391 2479 2426; x_wconf 69' lang='grc'><strong>⁸⁸*</strong></span> <span class='ocrx_word' id='word_1_350' title='bbox 2502 2392 2930 2459; x_wconf 74' lang='grc' dir='ltr'>καταδικάζεται</span> <span class='ocrx_word' id='word_1_351' title='bbox 2955 2435 2970 2459; x_wconf 90' lang='grc'><strong>,</strong></span> <span class='ocrx_word' id='word_1_352' title='bbox 3006 2392 3100 2447; x_wconf 77' lang='grc' dir='ltr'>καὶ</span> <span class='ocrx_word' id='word_1_353' title='bbox 3123 2393 3461 2463; x_wconf 85' lang='grc' dir='ltr'>μεταπίπτει</span> <span class='ocrx_word' id='word_1_354' title='bbox 3486 2391 3741 2446; x_wconf 80' lang='grc' dir='ltr'>ἐντεῦθεν</span> 
     </span>
    </p>
   </div>
   <div class='ocr_carea' id='block_1_51' title="bbox 2143 2483 3256 2556">
    <p class='ocr_par' dir='ltr' id='par_1_51' title="bbox 2143 2483 3256 2556">
     <span class='ocr_line' id='line_1_51' title="bbox 2143 2483 3256 2556; baseline 0.004 -20"><span class='ocrx_word' id='word_1_355' title='bbox 2143 2485 2178 2554; x_wconf 85' lang='grc' dir='ltr'><strong>ή</strong></span> <span class='ocrx_word' id='word_1_356' title='bbox 2206 2483 2443 2537; x_wconf 82' lang='grc' dir='ltr'>Ἰουδαία</span> <span class='ocrx_word' id='word_1_357' title='bbox 2473 2485 2537 2537; x_wconf 76' lang='grc' dir='ltr'>ὲκ</span> <span class='ocrx_word' id='word_1_358' title='bbox 2565 2483 2844 2553; x_wconf 87' lang='grc' dir='ltr'>βασιλείας</span> <span class='ocrx_word' id='word_1_359' title='bbox 2867 2487 2948 2549; x_wconf 88' lang='grc' dir='ltr'><strong>είς</strong></span> <span class='ocrx_word' id='word_1_360' title='bbox 2967 2486 3256 2556; x_wconf 71' lang='grc' dir='ltr'>ἐπαρχίαν.</span> 
     </span>
    </p>
   </div>
   <div class='ocr_carea' id='block_1_52' title="bbox 2216 2575 3733 2653">
    <p class='ocr_par' dir='ltr' id='par_1_52' title="bbox 2216 2575 3733 2653">
     <span class='ocr_line' id='line_1_52' title="bbox 2216 2575 3733 2653; baseline 0.003 -24"><span class='ocrx_word' id='word_1_361' title='bbox 2216 2576 2344 2630; x_wconf 73' lang='grc' dir='ltr'><strong>Ὀτι</strong></span> <span class='ocrx_word' id='word_1_362' title='bbox 2375 2575 2625 2648; x_wconf 91' lang='grc' dir='ltr'>Ἡρώδης</span> <span class='ocrx_word' id='word_1_363' title='bbox 2646 2578 2675 2630; x_wconf 97' lang='lat'><strong>6</strong></span> <span class='ocrx_word' id='word_1_364' title='bbox 2695 2578 3005 2649; x_wconf 86' lang='grc' dir='ltr'>τετράρχης</span> <span class='ocrx_word' id='word_1_365' title='bbox 3033 2580 3319 2644; x_wconf 86' lang='grc' dir='ltr'>Γαλιλαίας</span> <span class='ocrx_word' id='word_1_366' title='bbox 3347 2580 3447 2635; x_wconf 71' lang='grc' dir='ltr'>καὶ</span> <span class='ocrx_word' id='word_1_367' title='bbox 3471 2581 3733 2653; x_wconf 83' lang='grc' dir='ltr'>Περαίας,</span> 
     </span>
    </p>
   </div>
   <div class='ocr_carea' id='block_1_53' title="bbox 2144 2667 3737 2743">
    <p class='ocr_par' dir='ltr' id='par_1_53' title="bbox 2144 2667 3737 2743">
     <span class='ocr_line' id='line_1_53' title="bbox 2144 2667 3737 2743; baseline 0.003 -22"><span class='ocrx_word' id='word_1_368' title='bbox 2144 2670 2277 2732; x_wconf 84' lang='grc' dir='ltr'>παῖς</span> <span class='ocrx_word' id='word_1_369' title='bbox 2346 2667 2589 2739; x_wconf 78' lang='grc' dir='ltr'>Ἡρώδου</span> <span class='ocrx_word' id='word_1_370' title='bbox 2617 2669 2712 2722; x_wconf 82' lang='grc' dir='ltr'>τοῦ</span> <span class='ocrx_word' id='word_1_371' title='bbox 2749 2670 3011 2739; x_wconf 87' lang='grc' dir='ltr'>μεγάλου,</span> <span class='ocrx_word' id='word_1_372' title='bbox 3051 2672 3289 2741; x_wconf 76' lang='grc' dir='ltr'>ἠράσθη,</span> <span class='ocrx_word' id='word_1_373' title='bbox 3336 2673 3415 2737; x_wconf 87' lang='grc' dir='ltr'>ὡς</span> <span class='ocrx_word' id='word_1_374' title='bbox 3472 2673 3737 2743; x_wconf 78' lang='grc' dir='ltr'>Ἰώσηπός</span> 
     </span>
    </p>
   </div>
   <div class='ocr_carea' id='block_1_54' title="bbox 2144 2758 3729 2834">
    <p class='ocr_par' dir='ltr' id='par_1_54' title="bbox 2144 2758 3729 2834">
     <span class='ocr_line' id='line_1_54' title="bbox 2144 2758 3729 2834; baseline 0.006 -24"><span class='ocrx_word' id='word_1_375' title='bbox 2144 2776 2331 2829; x_wconf 85' lang='grc' dir='ltr'>φησιν,</span> <span class='ocrx_word' id='word_1_376' title='bbox 2358 2758 2591 2830; x_wconf 78' lang='grc' dir='ltr'>ἀδελφοῦ</span> <span class='ocrx_word' id='word_1_377' title='bbox 2631 2760 2875 2829; x_wconf 86' lang='grc' dir='ltr'>Ἡρώδου</span> <span class='ocrx_word' id='word_1_378' title='bbox 2907 2766 3144 2830; x_wconf 87' lang='grc' dir='ltr'>γυναῖκα</span> <span class='ocrx_word' id='word_1_379' title='bbox 3169 2764 3344 2833; x_wconf 77' lang='grc' dir='ltr'>ὄνομα</span> <span class='ocrx_word' id='word_1_380' title='bbox 3374 2764 3688 2834; x_wconf 83' lang='grc' dir='ltr'>Ἡρωδιάδα</span> <span class='ocrx_word' id='word_1_381' title='bbox 3713 2779 3729 2796; x_wconf 89' lang='grc'><strong>·</strong></span> 
     </span>
    </p>
   </div>
   <div class='ocr_carea' id='block_1_55' title="bbox 2142 2847 3729 2928">
    <p class='ocr_par' dir='ltr' id='par_1_55' title="bbox 2142 2847 3729 2928">
     <span class='ocr_line' id='line_1_55' title="bbox 2142 2847 3729 2928; baseline 0.004 -23"><span class='ocrx_word' id='word_1_382' title='bbox 2142 2852 2406 2921; x_wconf 86' lang='grc' dir='ltr'>ἀπόγονος</span> <span class='ocrx_word' id='word_1_383' title='bbox 2434 2852 2482 2904; x_wconf 74' lang='grc' dir='ltr'>δ’</span> <span class='ocrx_word' id='word_1_384' title='bbox 2508 2847 2579 2923; x_wconf 81' lang='grc' dir='ltr'>ἦν</span> <span class='ocrx_word' id='word_1_385' title='bbox 2604 2852 2747 2923; x_wconf 75' lang='grc' dir='ltr'>αὕτη</span> <span class='ocrx_word' id='word_1_386' title='bbox 2772 2853 2868 2907; x_wconf 83' lang='grc' dir='ltr'>τοῦ</span> <span class='ocrx_word' id='word_1_387' title='bbox 2905 2855 3143 2925; x_wconf 87' lang='grc' dir='ltr'>μεγάλου</span> <span class='ocrx_word' id='word_1_388' title='bbox 3180 2857 3450 2928; x_wconf 85' lang='grc' dir='ltr'>Ἡρώδου,</span> <span class='ocrx_word' id='word_1_389' title='bbox 3485 2857 3729 2928; x_wconf 76' lang='grc' dir='ltr'>Ἀριστο-</span> 
     </span>
    </p>
   </div>
   <div class='ocr_carea' id='block_1_56' title="bbox 2142 2944 3728 3021">
    <p class='ocr_par' dir='ltr' id='par_1_56' title="bbox 2142 2944 3728 3021">
     <span class='ocr_line' id='line_1_56' title="bbox 2142 2944 3728 3021; baseline 0.003 -23"><span class='ocrx_word' id='word_1_390' title='bbox 2142 2944 2318 3016; x_wconf 82' lang='grc' dir='ltr'>ϐούλῳ</span> <span class='ocrx_word' id='word_1_391' title='bbox 2350 2946 2429 3015; x_wconf 80' lang='grc' dir='ltr'>τῷ</span> <span class='ocrx_word' id='word_1_392' title='bbox 2460 2947 2631 3015; x_wconf 75' lang='grc' dir='ltr'>παιδὶ,</span> <span class='ocrx_word' id='word_1_393' title='bbox 2664 2946 2725 2999; x_wconf 80' lang='grc' dir='ltr'>ὃν</span> <span class='ocrx_word' id='word_1_394' title='bbox 2755 2948 2963 3011; x_wconf 77' lang='grc' dir='ltr'>ἐκεῖνος</span> <span class='ocrx_word' id='word_1_395' title='bbox 3008 2948 3185 3001; x_wconf 82' lang='grc' dir='ltr'>ἀνεῖλε</span> <span class='ocrx_word' id='word_1_396' title='bbox 3230 2951 3297 3015; x_wconf 81' lang='grc'><strong>⁸⁸,</strong></span> <span class='ocrx_word' id='word_1_397' title='bbox 3341 2951 3684 3021; x_wconf 85' lang='grc' dir='ltr'>γεγενημένη</span> <span class='ocrx_word' id='word_1_398' title='bbox 3709 2967 3728 2984; x_wconf 68' lang='grc' dir='ltr'>θ</span> 
     </span>
    </p>
   </div>
   <div class='ocr_carea' id='block_1_57' title="bbox 447 3033 2039 3116">
    <p class='ocr_par' dir='ltr' id='par_1_57' title="bbox 447 3038 2034 3112">
     <span class='ocr_line' id='line_1_57' title="bbox 447 3038 2034 3112; baseline -0.001 -19"><span class='ocrx_word' id='word_1_399' title='bbox 447 3054 479 3093; x_wconf 82' lang='lat' dir='ltr'><strong>a</strong></span> <span class='ocrx_word' id='word_1_400' title='bbox 532 3041 653 3094; x_wconf 87' lang='lat' dir='ltr'><strong>viro</strong></span> <span class='ocrx_word' id='word_1_401' title='bbox 700 3040 1051 3112; x_wconf 78' lang='lat' dir='ltr'><strong>disjungens,</strong></span> <span class='ocrx_word' id='word_1_402' title='bbox 1107 3056 1332 3096; x_wconf 87' lang='lat' dir='ltr'><strong>uxorem</strong></span> <span class='ocrx_word' id='word_1_403' title='bbox 1384 3041 1539 3096; x_wconf 79' lang='lat' dir='ltr'><strong>duxit</strong></span> <span class='ocrx_word' id='word_1_404' title='bbox 1561 3053 1623 3096; x_wconf 81' lang='grc' dir='ltr'><strong>ω.</strong></span> <span class='ocrx_word' id='word_1_405' title='bbox 1661 3038 1760 3095; x_wconf 87' lang='lat' dir='ltr'><strong>Hic</strong></span> <span class='ocrx_word' id='word_1_406' title='bbox 1818 3050 1902 3095; x_wconf 88' lang='lat' dir='ltr'><strong>est</strong></span> <span class='ocrx_word' id='word_1_407' title='bbox 1944 3039 2034 3109; x_wconf 91' lang='lat' dir='ltr'><strong>qui</strong></span> 
     </span>
    </p>
   </div>
   <div class='ocr_carea' id='block_1_58' title="bbox 2150 3033 3728 3116">
    <p class='ocr_par' dir='ltr' id='par_1_58' title="bbox 2150 3033 3728 3116">
     <span class='ocr_line' id='line_1_58' title="bbox 2150 3033 3728 3116; baseline 0.005 -26"><span class='ocrx_word' id='word_1_408' title='bbox 2150 3033 2207 3110; x_wconf 71' lang='grc' dir='ltr'>ἣν</span> <span class='ocrx_word' id='word_1_409' title='bbox 2235 3038 2280 3091; x_wconf 88' lang='grc' dir='ltr'>δ’</span> <span class='ocrx_word' id='word_1_410' title='bbox 2307 3039 2443 3110; x_wconf 80' lang='grc' dir='ltr'>αὐτῇ</span> <span class='ocrx_word' id='word_1_411' title='bbox 2478 3041 2572 3093; x_wconf 75' lang='grc' dir='ltr'>καὶ</span> <span class='ocrx_word' id='word_1_412' title='bbox 2617 3040 2646 3092; x_wconf 95' lang='lat'><strong>6</strong></span> <span class='ocrx_word' id='word_1_413' title='bbox 2682 3041 2912 3109; x_wconf 75' lang='grc' dir='ltr'>ἀδελφὸς</span> <span class='ocrx_word' id='word_1_414' title='bbox 2940 3042 3273 3111; x_wconf 82' lang='grc' dir='ltr'>’Λγρίππας.</span> <span class='ocrx_word' id='word_1_415' title='bbox 3310 3042 3441 3115; x_wconf 82' lang='grc'><strong>[517</strong></span> <span class='ocrx_word' id='word_1_416' title='bbox 3478 3043 3574 3116; x_wconf 73' lang='lat' dir='ltr'><strong>IL]</strong></span> <span class='ocrx_word' id='word_1_417' title='bbox 3602 3043 3728 3098; x_wconf 78' lang='grc' dir='ltr'>Ταύ-</span> 
     </span>
    </p>
   </div>
   <div class='ocr_carea' id='block_1_59' title="bbox 449 3127 2039 3202">
    <p class='ocr_par' dir='ltr' id='par_1_59' title="bbox 449 3131 2039 3200">
     <span class='ocr_line' id='line_1_59' title="bbox 449 3131 2039 3200; baseline 0 -14"><span class='ocrx_word' id='word_1_418' title='bbox 449 3147 704 3200; x_wconf 83' lang='lat' dir='ltr'><strong>magnum</strong></span> <span class='ocrx_word' id='word_1_419' title='bbox 754 3131 1018 3189; x_wconf 82' lang='lat' dir='ltr'><strong>Joannem</strong></span> <span class='ocrx_word' id='word_1_420' title='bbox 1065 3133 1462 3189; x_wconf 71' lang='lat' dir='ltr'><strong>Prmcursorem</strong></span> <span class='ocrx_word' id='word_1_421' title='bbox 1510 3133 1805 3199; x_wconf 88' lang='lat' dir='ltr'><strong>interfecit,</strong></span> <span class='ocrx_word' id='word_1_422' title='bbox 1857 3142 1919 3187; x_wconf 90' lang='lat' dir='ltr'><strong>ut</strong></span> <span class='ocrx_word' id='word_1_423' title='bbox 1968 3134 2039 3186; x_wconf 86' lang='lat' dir='ltr'><strong>ait</strong></span> 
     </span>
    </p>
   </div>
   <div class='ocr_carea' id='block_1_60' title="bbox 2150 3127 3721 3202">
    <p class='ocr_par' dir='ltr' id='par_1_60' title="bbox 2150 3127 3721 3202">
     <span class='ocr_line' id='line_1_60' title="bbox 2150 3127 3721 3202; baseline 0.005 -22"><span class='ocrx_word' id='word_1_424' title='bbox 2150 3144 2244 3199; x_wconf 89' lang='grc' dir='ltr'><strong>την</strong></span> <span class='ocrx_word' id='word_1_425' title='bbox 2288 3127 2533 3199; x_wconf 83' lang='grc' dir='ltr'>Ἡρώδης</span> <span class='ocrx_word' id='word_1_426' title='bbox 2576 3129 2803 3202; x_wconf 83' lang='grc' dir='ltr'>τάνδρὸς</span> <span class='ocrx_word' id='word_1_427' title='bbox 2848 3130 3146 3201; x_wconf 82' lang='grc' dir='ltr'>διαστήσας</span> <span class='ocrx_word' id='word_1_428' title='bbox 3195 3133 3441 3201; x_wconf 81' lang='grc' dir='ltr'>ἠγάγετο</span> <span class='ocrx_word' id='word_1_429' title='bbox 3477 3139 3721 3201; x_wconf 78' lang='grc' dir='ltr'>γυναῖκα.</span> 
     </span>
    </p>
   </div>
   <div class='ocr_carea' id='block_1_61' title="bbox 446 3220 2036 3293">
    <p class='ocr_par' dir='ltr' id='par_1_61' title="bbox 446 3220 2036 3293">
     <span class='ocr_line' id='line_1_61' title="bbox 446 3220 2036 3293; baseline -0.001 -17"><span class='ocrx_word' id='word_1_430' title='bbox 446 3220 736 3291; x_wconf 84' lang='lat' dir='ltr'><strong>Joscphus,</strong></span> <span class='ocrx_word' id='word_1_431' title='bbox 784 3238 851 3278; x_wconf 92' lang='lat' dir='ltr'><strong>ne</strong></span> <span class='ocrx_word' id='word_1_432' title='bbox 904 3223 1163 3293; x_wconf 90' lang='lat' dir='ltr'><strong>populum</strong></span> <span class='ocrx_word' id='word_1_433' title='bbox 1218 3225 1285 3277; x_wconf 90' lang='lat' dir='ltr'><strong>ad</strong></span> <span class='ocrx_word' id='word_1_434' title='bbox 1340 3222 1663 3278; x_wconf 86' lang='lat' dir='ltr'><strong>seditionem</strong></span> <span class='ocrx_word' id='word_1_435' title='bbox 1715 3222 2036 3277; x_wconf 88' lang='lat' dir='ltr'><strong>concitaret.</strong></span> 
     </span>
    </p>
   </div>
   <div class='ocr_carea' id='block_1_62' title="bbox 448 3314 2040 3381">
    <p class='ocr_par' dir='ltr' id='par_1_62' title="bbox 448 3314 2040 3381">
     <span class='ocr_line' id='line_1_62' title="bbox 448 3314 2040 3381; baseline -0.003 -10"><span class='ocrx_word' id='word_1_436' title='bbox 448 3314 649 3371; x_wconf 86' lang='lat' dir='ltr'><strong>Omnes</strong></span> <span class='ocrx_word' id='word_1_437' title='bbox 716 3318 860 3370; x_wconf 87' lang='lat' dir='ltr'><strong>enim</strong></span> <span class='ocrx_word' id='word_1_438' title='bbox 940 3318 1009 3370; x_wconf 92' lang='lat' dir='ltr'><strong>ob</strong></span> <span class='ocrx_word' id='word_1_439' title='bbox 1086 3315 1462 3371; x_wconf 81' lang='lat' dir='ltr'><strong>excellentiam</strong></span> <span class='ocrx_word' id='word_1_440' title='bbox 1516 3315 1757 3381; x_wconf 86' lang='lat' dir='ltr'><strong>virtutis,</strong></span> <span class='ocrx_word' id='word_1_441' title='bbox 1813 3314 2040 3370; x_wconf 86' lang='lat' dir='ltr'><strong>Joannis</strong></span> 
     </span>
    </p>
   </div>
   <div class='ocr_carea' id='block_1_63' title="bbox 447 3405 2037 3475">
    <p class='ocr_par' dir='ltr' id='par_1_63' title="bbox 447 3405 2037 3475">
     <span class='ocr_line' id='line_1_63' title="bbox 447 3405 2037 3475; baseline 0.001 -18"><span class='ocrx_word' id='word_1_442' title='bbox 447 3418 635 3459; x_wconf 80' lang='lat' dir='ltr'><strong>vocem</strong></span> <span class='ocrx_word' id='word_1_443' title='bbox 671 3405 1061 3475; x_wconf 86' lang='lat' dir='ltr'><strong>sequebantur.</strong></span> <span class='ocrx_word' id='word_1_444' title='bbox 1123 3406 1238 3462; x_wconf 89' lang='lat' dir='ltr'><strong>Sub</strong></span> <span class='ocrx_word' id='word_1_445' title='bbox 1282 3407 1374 3462; x_wconf 89' lang='lat' dir='ltr'><strong>illo</strong></span> <span class='ocrx_word' id='word_1_446' title='bbox 1409 3405 1659 3462; x_wconf 86' lang='lat' dir='ltr'><strong>Salvator</strong></span> <span class='ocrx_word' id='word_1_447' title='bbox 1697 3415 1781 3462; x_wconf 87' lang='lat' dir='ltr'><strong>est</strong></span> <span class='ocrx_word' id='word_1_448' title='bbox 1816 3421 2037 3475; x_wconf 88' lang='lat' dir='ltr'><strong>passus.</strong></span> 
     </span>
    </p>
   </div>
   <div class='ocr_carea' id='block_1_64' title="bbox 520 3670 2036 3744">
    <p class='ocr_par' dir='ltr' id='par_1_64' title="bbox 520 3670 2036 3744">
     <span class='ocr_line' id='line_1_64' title="bbox 520 3670 2036 3744; baseline 0.002 -18"><span class='ocrx_word' id='word_1_449' title='bbox 520 3674 757 3743; x_wconf 83' lang='lat' dir='ltr'><strong>Agrippa</strong></span> <span class='ocrx_word' id='word_1_450' title='bbox 790 3672 949 3741; x_wconf 89' lang='lat' dir='ltr'><strong>primi</strong></span> <span class='ocrx_word' id='word_1_451' title='bbox 978 3670 1208 3727; x_wconf 79' lang='lat' dir='ltr'><strong>Herodis</strong></span> <span class='ocrx_word' id='word_1_452' title='bbox 1242 3688 1430 3738; x_wconf 88' lang='lat' dir='ltr'><strong>nepos,</strong></span> <span class='ocrx_word' id='word_1_453' title='bbox 1462 3672 1757 3729; x_wconf 90' lang='lat' dir='ltr'><strong>Aristobuli</strong></span> <span class='ocrx_word' id='word_1_454' title='bbox 1783 3675 1921 3744; x_wconf 83' lang='lat' dir='ltr'><strong>ejus,</strong></span> <span class='ocrx_word' id='word_1_455' title='bbox 1944 3675 2036 3744; x_wconf 89' lang='lat' dir='ltr'><strong>qui</strong></span> 
     </span>
    </p>
   </div>
   <div class='ocr_carea' id='block_1_65' title="bbox 451 3765 2035 3839">
    <p class='ocr_par' dir='ltr' id='par_1_65' title="bbox 451 3765 2035 3839">
     <span class='ocr_line' id='line_1_65' title="bbox 451 3765 2035 3839; baseline 0.001 -18"><span class='ocrx_word' id='word_1_456' title='bbox 451 3766 812 3835; x_wconf 87' lang='lat' dir='ltr'><strong>interemptus</strong></span> <span class='ocrx_word' id='word_1_457' title='bbox 858 3774 943 3820; x_wconf 88' lang='lat' dir='ltr'><strong>est</strong></span> <span class='ocrx_word' id='word_1_458' title='bbox 988 3766 1154 3829; x_wconf 84' lang='lat' dir='ltr'><strong>filius,</strong></span> <span class='ocrx_word' id='word_1_459' title='bbox 1199 3765 1371 3820; x_wconf 78' lang='lat' dir='ltr'><strong>frater</strong></span> <span class='ocrx_word' id='word_1_460' title='bbox 1409 3767 1575 3839; x_wconf 74' lang='lat'><strong>316</strong></span> <span class='ocrx_word' id='word_1_461' title='bbox 1618 3768 1648 3820; x_wconf 73' lang='grc' dir='ltr'><strong><em>ὸ</em></strong></span> <span class='ocrx_word' id='word_1_462' title='bbox 1691 3766 2035 3832; x_wconf 86' lang='lat' dir='ltr'><strong>Herodiadis,</strong></span> 
     </span>
    </p>
   </div>
   <div class='ocr_carea' id='block_1_66' title="bbox 448 3854 2036 3920">
    <p class='ocr_par' dir='ltr' id='par_1_66' title="bbox 448 3854 2036 3920">
     <span class='ocr_line' id='line_1_66' title="bbox 448 3854 2036 3920; baseline 0 -8"><span class='ocrx_word' id='word_1_463' title='bbox 448 3855 723 3913; x_wconf 77' lang='lat' dir='ltr'><strong>sexcentis</strong></span> <span class='ocrx_word' id='word_1_464' title='bbox 753 3854 969 3911; x_wconf 88' lang='lat' dir='ltr'><strong>casibus</strong></span> <span class='ocrx_word' id='word_1_465' title='bbox 1009 3865 1064 3909; x_wconf 90' lang='lat' dir='ltr'><strong>et</strong></span> <span class='ocrx_word' id='word_1_466' title='bbox 1102 3857 1497 3911; x_wconf 88' lang='lat' dir='ltr'><strong>mutationibus</strong></span> <span class='ocrx_word' id='word_1_467' title='bbox 1528 3857 1819 3920; x_wconf 88' lang='lat' dir='ltr'><strong>obnoxius,</strong></span> <span class='ocrx_word' id='word_1_468' title='bbox 1852 3867 2036 3912; x_wconf 89' lang='lat' dir='ltr'><strong>tamen</strong></span> 
     </span>
    </p>
   </div>
   <div class='ocr_carea' id='block_1_67' title="bbox 449 3944 2036 4015">
    <p class='ocr_par' dir='ltr' id='par_1_67' title="bbox 449 3944 2036 4015">
     <span class='ocr_line' id='line_1_67' title="bbox 449 3944 2036 4015; baseline -0.001 -14"><span class='ocrx_word' id='word_1_469' title='bbox 449 3960 482 4001; x_wconf 88' lang='lat' dir='ltr'><strong>e</strong></span> <span class='ocrx_word' id='word_1_470' title='bbox 507 3944 753 4001; x_wconf 88' lang='lat' dir='ltr'><strong>custodia</strong></span> <span class='ocrx_word' id='word_1_471' title='bbox 782 3953 837 3998; x_wconf 90' lang='lat' dir='ltr'><strong>et</strong></span> <span class='ocrx_word' id='word_1_472' title='bbox 865 3944 1111 4007; x_wconf 87' lang='lat' dir='ltr'><strong>vinculis,</strong></span> <span class='ocrx_word' id='word_1_473' title='bbox 1143 3945 1341 4014; x_wconf 91' lang='lat' dir='ltr'><strong>quibus</strong></span> <span class='ocrx_word' id='word_1_474' title='bbox 1389 3945 1542 4000; x_wconf 91' lang='lat' dir='ltr'><strong>illum</strong></span> <span class='ocrx_word' id='word_1_475' title='bbox 1582 3947 2036 4015; x_wconf 88' lang='lat' dir='ltr'><strong>comprehensum</strong></span> 
     </span>
    </p>
   </div>
   <div class='ocr_carea' id='block_1_68' title="bbox 449 4034 2038 4107">
    <p class='ocr_par' dir='ltr' id='par_1_68' title="bbox 449 4034 2038 4107">
     <span class='ocr_line' id='line_1_68' title="bbox 449 4034 2038 4107; baseline 0.002 -17"><span class='ocrx_word' id='word_1_476' title='bbox 449 4034 702 4091; x_wconf 88' lang='lat' dir='ltr'><strong>Tiberius</strong></span> <span class='ocrx_word' id='word_1_477' title='bbox 740 4037 981 4091; x_wconf 88' lang='lat' dir='ltr'><strong>moriens</strong></span> <span class='ocrx_word' id='word_1_478' title='bbox 1011 4037 1329 4106; x_wconf 89' lang='lat' dir='ltr'><strong>reliquerat,</strong></span> <span class='ocrx_word' id='word_1_479' title='bbox 1361 4036 1425 4092; x_wconf 88' lang='lat' dir='ltr'><strong>C.</strong></span> <span class='ocrx_word' id='word_1_480' title='bbox 1473 4036 1705 4094; x_wconf 59' lang='lat' dir='ltr'><strong>Caesaris</strong></span> <span class='ocrx_word' id='word_1_481' title='bbox 1743 4040 2038 4107; x_wconf 84' lang='lat' dir='ltr'><strong>providen-</strong></span> 
     </span>
    </p>
   </div>
   <div class='ocr_carea' id='block_1_69' title="bbox 450 4125 2036 4196">
    <p class='ocr_par' dir='ltr' id='par_1_69' title="bbox 450 4125 2036 4196">
     <span class='ocr_line' id='line_1_69' title="bbox 450 4125 2036 4196; baseline 0.003 -17"><span class='ocrx_word' id='word_1_482' title='bbox 450 4127 546 4189; x_wconf 88' lang='lat' dir='ltr'><strong>tia,</strong></span> <span class='ocrx_word' id='word_1_483' title='bbox 580 4140 676 4180; x_wconf 89' lang='lat' dir='ltr'><strong>rex</strong></span> <span class='ocrx_word' id='word_1_484' title='bbox 711 4126 1019 4181; x_wconf 58' lang='lat' dir='ltr'><strong>tetrarchia:</strong></span> <span class='ocrx_word' id='word_1_485' title='bbox 1060 4125 1295 4196; x_wconf 86' lang='lat' dir='ltr'><strong>Philippi</strong></span> <span class='ocrx_word' id='word_1_486' title='bbox 1354 4128 1719 4183; x_wconf 88' lang='lat' dir='ltr'><strong>renuntiatur.</strong></span> <span class='ocrx_word' id='word_1_487' title='bbox 1765 4128 1865 4183; x_wconf 89' lang='lat' dir='ltr'><strong>Hic</strong></span> <span class='ocrx_word' id='word_1_488' title='bbox 1915 4139 2036 4183; x_wconf 87' lang='lat' dir='ltr'><strong>erat</strong></span> 
     </span>
    </p>
   </div>
   <div class='ocr_carea' id='block_1_70' title="bbox 448 4215 2035 4291">
    <p class='ocr_par' dir='ltr' id='par_1_70' title="bbox 448 4215 2035 4291">
     <span class='ocr_line' id='line_1_70' title="bbox 448 4215 2035 4291; baseline 0.001 -18"><span class='ocrx_word' id='word_1_489' title='bbox 448 4218 648 4289; x_wconf 89' lang='lat' dir='ltr'><strong>prioris</strong></span> <span class='ocrx_word' id='word_1_490' title='bbox 677 4215 908 4273; x_wconf 82' lang='lat' dir='ltr'><strong>Herodis</strong></span> <span class='ocrx_word' id='word_1_491' title='bbox 956 4217 1126 4272; x_wconf 81' lang='lat' dir='ltr'><strong>frater</strong></span> <span class='ocrx_word' id='word_1_492' title='bbox 1156 4236 1169 4272; x_wconf 92' lang='lat'>:</span> <span class='ocrx_word' id='word_1_493' title='bbox 1202 4219 1431 4286; x_wconf 89' lang='lat' dir='ltr'><strong>adeptus</strong></span> <span class='ocrx_word' id='word_1_494' title='bbox 1452 4229 1538 4275; x_wconf 91' lang='lat' dir='ltr'><strong>est</strong></span> <span class='ocrx_word' id='word_1_495' title='bbox 1574 4230 1628 4273; x_wconf 91' lang='lat' dir='ltr'><strong>et</strong></span> <span class='ocrx_word' id='word_1_496' title='bbox 1675 4218 1922 4291; x_wconf 64' lang='lat' dir='ltr'><strong>Lysanite</strong></span> <span class='ocrx_word' id='word_1_497' title='bbox 1953 4230 2035 4275; x_wconf 84' lang='lat' dir='ltr'><strong>te-</strong></span> 
     </span>
    </p>
   </div>
   <div class='ocr_carea' id='block_1_71' title="bbox 450 4310 2034 4383">
    <p class='ocr_par' dir='ltr' id='par_1_71' title="bbox 450 4310 2034 4383">
     <span class='ocr_line' id='line_1_71' title="bbox 450 4310 2034 4383; baseline 0.004 -19"><span class='ocrx_word' id='word_1_498' title='bbox 450 4312 773 4375; x_wconf 88' lang='lat' dir='ltr'><strong>trarchiam,</strong></span> <span class='ocrx_word' id='word_1_499' title='bbox 798 4321 855 4366; x_wconf 91' lang='lat' dir='ltr'><strong>et</strong></span> <span class='ocrx_word' id='word_1_500' title='bbox 884 4312 937 4367; x_wconf 90' lang='lat' dir='ltr'><strong>in</strong></span> <span class='ocrx_word' id='word_1_501' title='bbox 978 4310 1219 4367; x_wconf 72' lang='lat' dir='ltr'><strong>Judteam</strong></span> <span class='ocrx_word' id='word_1_502' title='bbox 1263 4314 1505 4383; x_wconf 87' lang='lat' dir='ltr'><strong>navigat,</strong></span> <span class='ocrx_word' id='word_1_503' title='bbox 1552 4314 1807 4369; x_wconf 90' lang='lat' dir='ltr'><strong>omnibus</strong></span> <span class='ocrx_word' id='word_1_504' title='bbox 1840 4316 2034 4371; x_wconf 90' lang='lat' dir='ltr'><strong>obstu-</strong></span> 
     </span>
    </p>
   </div>
   <div class='ocr_carea' id='block_1_72' title="bbox 450 4402 2033 4474">
    <p class='ocr_par' dir='ltr' id='par_1_72' title="bbox 450 4402 2033 4474">
     <span class='ocr_line' id='line_1_72' title="bbox 450 4402 2033 4474; baseline 0.001 -15"><span class='ocrx_word' id='word_1_505' title='bbox 450 4402 819 4474; x_wconf 88' lang='lat' dir='ltr'><strong>pescentibus,</strong></span> <span class='ocrx_word' id='word_1_506' title='bbox 848 4412 904 4459; x_wconf 90' lang='lat' dir='ltr'><strong>et</strong></span> <span class='ocrx_word' id='word_1_507' title='bbox 937 4413 1043 4458; x_wconf 91' lang='lat' dir='ltr'><strong>tam</strong></span> <span class='ocrx_word' id='word_1_508' title='bbox 1071 4405 1305 4459; x_wconf 84' lang='lat' dir='ltr'><strong>subitam</strong></span> <span class='ocrx_word' id='word_1_509' title='bbox 1335 4406 1693 4460; x_wconf 87' lang='lat' dir='ltr'><strong>mutationem</strong></span> <span class='ocrx_word' id='word_1_510' title='bbox 1718 4406 2033 4462; x_wconf 89' lang='lat' dir='ltr'><strong>admiranti-</strong></span> 
     </span>
    </p>
   </div>
   <div class='ocr_carea' id='block_1_73' title="bbox 2147 3214 3725 3299">
    <p class='ocr_par' dir='ltr' id='par_1_73' title="bbox 2147 3214 3725 3299">
     <span class='ocr_line' id='line_1_73' title="bbox 2147 3214 3725 3299; baseline 0.006 -27"><span class='ocrx_word' id='word_1_511' title='bbox 2147 3214 2314 3283; x_wconf 77' lang='grc' dir='ltr'>Οὗτός</span> <span class='ocrx_word' id='word_1_512' title='bbox 2346 3221 2492 3272; x_wconf 76' lang='grc' dir='ltr'>ἐστιν</span> <span class='ocrx_word' id='word_1_513' title='bbox 2522 3220 2551 3272; x_wconf 93' lang='lat'><strong>6</strong></span> <span class='ocrx_word' id='word_1_514' title='bbox 2588 3220 2678 3272; x_wconf 84' lang='grc' dir='ltr'>τὸν</span> <span class='ocrx_word' id='word_1_515' title='bbox 2707 3222 2879 3290; x_wconf 86' lang='grc' dir='ltr'>μέγαν</span> <span class='ocrx_word' id='word_1_516' title='bbox 2902 3222 3105 3275; x_wconf 85' lang='grc' dir='ltr'>ἀνελὼν</span> <span class='ocrx_word' id='word_1_517' title='bbox 3137 3222 3395 3294; x_wconf 85' lang='grc' dir='ltr'>Ἰωάννην</span> <span class='ocrx_word' id='word_1_518' title='bbox 3446 3226 3543 3280; x_wconf 77' lang='grc' dir='ltr'>τὸν</span> <span class='ocrx_word' id='word_1_519' title='bbox 3595 3230 3725 3299; x_wconf 84' lang='grc' dir='ltr'>Πρό-</span> 
     </span>
    </p>
   </div>
   <div class='ocr_carea' id='block_1_74' title="bbox 2145 3311 3723 3387">
    <p class='ocr_par' dir='ltr' id='par_1_74' title="bbox 2145 3311 3723 3387">
     <span class='ocr_line' id='line_1_74' title="bbox 2145 3311 3723 3387; baseline 0.006 -22"><span class='ocrx_word' id='word_1_520' title='bbox 2145 3312 2367 3383; x_wconf 90' lang='grc' dir='ltr'>δρομον,</span> <span class='ocrx_word' id='word_1_521' title='bbox 2401 3311 2589 3375; x_wconf 88' lang='grc' dir='ltr'>δεδιὼς</span> <span class='ocrx_word' id='word_1_522' title='bbox 2616 3312 2915 3383; x_wconf 84' lang='grc' dir='ltr'>(Ἰώσηπός</span> <span class='ocrx_word' id='word_1_523' title='bbox 2951 3330 3084 3384; x_wconf 80' lang='grc' dir='ltr'>φησι</span> <span class='ocrx_word' id='word_1_524' title='bbox 3113 3317 3155 3384; x_wconf 84' lang='grc'><strong>¹)</strong></span> <span class='ocrx_word' id='word_1_525' title='bbox 3187 3318 3263 3387; x_wconf 79' lang='grc' dir='ltr'>μὴ</span> <span class='ocrx_word' id='word_1_526' title='bbox 3295 3318 3359 3368; x_wconf 83' lang='grc' dir='ltr'>τὸ</span> <span class='ocrx_word' id='word_1_527' title='bbox 3388 3318 3547 3383; x_wconf 73' lang='grc' dir='ltr'>ἔθνος</span> <span class='ocrx_word' id='word_1_528' title='bbox 3570 3321 3723 3374; x_wconf 79' lang='grc' dir='ltr'>αὑτοῦ</span> 
     </span>
    </p>
   </div>
   <div class='ocr_carea' id='block_1_75' title="bbox 2146 3407 3722 3483">
    <p class='ocr_par' dir='ltr' id='par_1_75' title="bbox 2146 3407 3722 3483">
     <span class='ocr_line' id='line_1_75' title="bbox 2146 3407 3722 3483; baseline 0.004 -24"><span class='ocrx_word' id='word_1_529' title='bbox 2146 3407 2425 3477; x_wconf 82' lang='grc' dir='ltr'>διαστήσει</span> <span class='ocrx_word' id='word_1_530' title='bbox 2451 3422 2467 3438; x_wconf 77' lang='grc' dir='ltr'><strong>ο</strong></span> <span class='ocrx_word' id='word_1_531' title='bbox 2503 3407 2707 3469; x_wconf 86' lang='grc' dir='ltr'>πάντες</span> <span class='ocrx_word' id='word_1_532' title='bbox 2742 3410 2851 3477; x_wconf 85' lang='grc' dir='ltr'><strong>γάρ</strong></span> <span class='ocrx_word' id='word_1_533' title='bbox 2880 3407 2948 3461; x_wconf 87' lang='grc' dir='ltr'><strong>δι’</strong></span> <span class='ocrx_word' id='word_1_534' title='bbox 2980 3409 3286 3482; x_wconf 81' lang='grc' dir='ltr'>ὑπερϐολὴν</span> <span class='ocrx_word' id='word_1_535' title='bbox 3316 3413 3523 3483; x_wconf 82' lang='grc' dir='ltr'>ἀρετῆς</span> <span class='ocrx_word' id='word_1_536' title='bbox 3563 3418 3670 3478; x_wconf 82' lang='grc' dir='ltr'>τοῖς</span> <span class='ocrx_word' id='word_1_537' title='bbox 3702 3418 3722 3447; x_wconf 82' lang='grc'>²</span> 
     </span>
    </p>
   </div>
   <div class='ocr_carea' id='block_1_76' title="bbox 2158 3497 3725 3576">
    <p class='ocr_par' dir='ltr' id='par_1_76' title="bbox 2158 3497 3725 3576">
     <span class='ocr_line' id='line_1_76' title="bbox 2158 3497 3725 3576; baseline 0.005 -26"><span class='ocrx_word' id='word_1_538' title='bbox 2158 3497 2406 3552; x_wconf 84' lang='grc' dir='ltr'>Ἰωάννου</span> <span class='ocrx_word' id='word_1_539' title='bbox 2428 3497 2609 3565; x_wconf 87' lang='grc' dir='ltr'>λόγοις</span> <span class='ocrx_word' id='word_1_540' title='bbox 2642 3498 2882 3552; x_wconf 81' lang='grc' dir='ltr'>εἵποντο.</span> <span class='ocrx_word' id='word_1_541' title='bbox 2919 3500 3077 3554; x_wconf 80' lang='grc' dir='ltr'>Κατά</span> <span class='ocrx_word' id='word_1_542' title='bbox 3104 3501 3295 3556; x_wconf 82' lang='grc' dir='ltr'>τοῦτον</span> <span class='ocrx_word' id='word_1_543' title='bbox 3320 3504 3417 3556; x_wconf 79' lang='grc' dir='ltr'>καὶ</span> <span class='ocrx_word' id='word_1_544' title='bbox 3460 3504 3524 3557; x_wconf 81' lang='grc' dir='ltr'>τὸ</span> <span class='ocrx_word' id='word_1_545' title='bbox 3567 3509 3725 3576; x_wconf 72' lang='grc' dir='ltr'>σωτή-</span> 
     </span>
    </p>
   </div>
   <div class='ocr_carea' id='block_1_77' title="bbox 2148 3588 2748 3660">
    <p class='ocr_par' dir='ltr' id='par_1_77' title="bbox 2148 3588 2748 3660">
     <span class='ocr_line' id='line_1_77' title="bbox 2148 3588 2748 3660; baseline 0 -18"><span class='ocrx_word' id='word_1_546' title='bbox 2148 3606 2262 3660; x_wconf 92' lang='grc' dir='ltr'>ριον</span> <span class='ocrx_word' id='word_1_547' title='bbox 2286 3588 2530 3657; x_wconf 77' lang='grc' dir='ltr'>ἐγεγόνει</span> <span class='ocrx_word' id='word_1_548' title='bbox 2555 3588 2748 3651; x_wconf 87' lang='grc' dir='ltr'>πάθος.</span> 
     </span>
    </p>
   </div>
   <div class='ocr_carea' id='block_1_78' title="bbox 2216 3679 3722 3752">
    <p class='ocr_par' dir='ltr' id='par_1_78' title="bbox 2216 3679 3722 3752">
     <span class='ocr_line' id='line_1_78' title="bbox 2216 3679 3722 3752; baseline 0.004 -19"><span class='ocrx_word' id='word_1_549' title='bbox 2216 3679 2342 3733; x_wconf 83' lang='grc' dir='ltr'>Ὅτι</span> <span class='ocrx_word' id='word_1_550' title='bbox 2402 3679 2718 3750; x_wconf 79' lang='grc' dir='ltr'>Ἀγρίππας</span> <span class='ocrx_word' id='word_1_551' title='bbox 2769 3680 2799 3732; x_wconf 93' lang='lat'><strong>6</strong></span> <span class='ocrx_word' id='word_1_552' title='bbox 2869 3679 3109 3751; x_wconf 84' lang='grc' dir='ltr'>Ἡρώδου</span> <span class='ocrx_word' id='word_1_553' title='bbox 3167 3683 3266 3752; x_wconf 85' lang='grc' dir='ltr'>μὲν</span> <span class='ocrx_word' id='word_1_554' title='bbox 3315 3684 3588 3752; x_wconf 82' lang='grc' dir='ltr'>ἀπόγονος</span> <span class='ocrx_word' id='word_1_555' title='bbox 3637 3685 3722 3738; x_wconf 81' lang='grc' dir='ltr'>τοῦ</span> 
     </span>
    </p>
   </div>
   <div class='ocr_carea' id='block_1_79' title="bbox 2148 3769 3724 3846">
    <p class='ocr_par' dir='ltr' id='par_1_79' title="bbox 2148 3769 3724 3846">
     <span class='ocr_line' id='line_1_79' title="bbox 2148 3769 3724 3846; baseline 0.004 -22"><span class='ocrx_word' id='word_1_556' title='bbox 2148 3769 2370 3842; x_wconf 88' lang='grc' dir='ltr'>πρώτου</span> <span class='ocrx_word' id='word_1_557' title='bbox 2394 3813 2410 3836; x_wconf 92' lang='grc'><strong>,</strong></span> <span class='ocrx_word' id='word_1_558' title='bbox 2474 3770 2891 3841; x_wconf 83' lang='grc' dir='ltr'>Ἀριστοϐούλου</span> <span class='ocrx_word' id='word_1_559' title='bbox 2935 3771 2993 3826; x_wconf 84' lang='grc' dir='ltr'>δὲ</span> <span class='ocrx_word' id='word_1_560' title='bbox 3038 3772 3135 3825; x_wconf 84' lang='grc' dir='ltr'>τοῦ</span> <span class='ocrx_word' id='word_1_561' title='bbox 3174 3774 3529 3846; x_wconf 72' lang='grc' dir='ltr'>ἀνῃρημένου</span> <span class='ocrx_word' id='word_1_562' title='bbox 3580 3780 3724 3841; x_wconf 75' lang='grc' dir='ltr'>παῖς,</span> 
     </span>
    </p>
   </div>
   <div class='ocr_carea' id='block_1_80' title="bbox 2143 3860 3729 3936">
    <p class='ocr_par' dir='ltr' id='par_1_80' title="bbox 2143 3860 3729 3936">
     <span class='ocr_line' id='line_1_80' title="bbox 2143 3860 3729 3936; baseline 0.004 -23"><span class='ocrx_word' id='word_1_563' title='bbox 2143 3861 2373 3930; x_wconf 84' lang='grc' dir='ltr'>ἀδελφὸς</span> <span class='ocrx_word' id='word_1_564' title='bbox 2415 3860 2460 3914; x_wconf 84' lang='grc' dir='ltr'>δ’</span> <span class='ocrx_word' id='word_1_565' title='bbox 2505 3860 2857 3932; x_wconf 86' lang='grc' dir='ltr'>Ἡρωδιάδος,</span> <span class='ocrx_word' id='word_1_566' title='bbox 2908 3861 3132 3931; x_wconf 87' lang='grc' dir='ltr'>μυρίαις</span> <span class='ocrx_word' id='word_1_567' title='bbox 3174 3862 3368 3933; x_wconf 83' lang='grc' dir='ltr'>τύχαις</span> <span class='ocrx_word' id='word_1_568' title='bbox 3421 3866 3517 3918; x_wconf 74' lang='grc' dir='ltr'>καὶ</span> <span class='ocrx_word' id='word_1_569' title='bbox 3568 3884 3729 3936; x_wconf 81' lang='grc' dir='ltr'>μετα-</span> 
     </span>
    </p>
   </div>
   <div class='ocr_carea' id='block_1_81' title="bbox 2145 3952 3723 4031">
    <p class='ocr_par' dir='ltr' id='par_1_81' title="bbox 2145 3952 3723 4031">
     <span class='ocr_line' id='line_1_81' title="bbox 2145 3952 3723 4031; baseline 0.005 -27"><span class='ocrx_word' id='word_1_570' title='bbox 2145 3952 2329 4017; x_wconf 84' lang='grc' dir='ltr'>ϐολαῖς</span> <span class='ocrx_word' id='word_1_571' title='bbox 2368 3955 2684 4024; x_wconf 85' lang='grc' dir='ltr'>περιπεσὼν</span> <span class='ocrx_word' id='word_1_572' title='bbox 2733 3953 2885 4023; x_wconf 84' lang='grc' dir='ltr'>ὅμως</span> <span class='ocrx_word' id='word_1_573' title='bbox 2923 3955 2987 4006; x_wconf 81' lang='grc' dir='ltr'>ὲκ</span> <span class='ocrx_word' id='word_1_574' title='bbox 3042 3954 3291 4024; x_wconf 82' lang='grc' dir='ltr'>φυλακῆς</span> <span class='ocrx_word' id='word_1_575' title='bbox 3344 3959 3442 4010; x_wconf 71' lang='grc' dir='ltr'>καὶ</span> <span class='ocrx_word' id='word_1_576' title='bbox 3490 3959 3723 4031; x_wconf 82' lang='grc' dir='ltr'>δεσμῶν,</span> 
     </span>
    </p>
   </div>
   <div class='ocr_carea' id='block_1_82' title="bbox 2142 4038 3727 4118">
    <p class='ocr_par' dir='ltr' id='par_1_82' title="bbox 2142 4038 3727 4118">
     <span class='ocr_line' id='line_1_82' title="bbox 2142 4038 3727 4118; baseline 0.005 -22"><span class='ocrx_word' id='word_1_577' title='bbox 2142 4038 2224 4106; x_wconf 79' lang='grc' dir='ltr'>οἷς</span> <span class='ocrx_word' id='word_1_578' title='bbox 2264 4044 2428 4097; x_wconf 81' lang='grc' dir='ltr'>αὐτὸν</span> <span class='ocrx_word' id='word_1_579' title='bbox 2472 4043 2836 4114; x_wconf 86' lang='grc' dir='ltr'>κατεχόμενον</span> <span class='ocrx_word' id='word_1_580' title='bbox 2883 4044 3134 4117; x_wconf 88' lang='grc' dir='ltr'>Τιϐέριος</span> <span class='ocrx_word' id='word_1_581' title='bbox 3195 4048 3415 4118; x_wconf 85' lang='grc' dir='ltr'>Καῖσαρ</span> <span class='ocrx_word' id='word_1_582' title='bbox 3465 4052 3727 4104; x_wconf 77' lang='grc' dir='ltr'>τελευτῶν</span> 
     </span>
    </p>
   </div>
   <div class='ocr_carea' id='block_1_83' title="bbox 2142 4135 3723 4215">
    <p class='ocr_par' dir='ltr' id='par_1_83' title="bbox 2142 4135 3723 4215">
     <span class='ocr_line' id='line_1_83' title="bbox 2142 4135 3723 4215; baseline 0.006 -26"><span class='ocrx_word' id='word_1_583' title='bbox 2142 4135 2511 4201; x_wconf 78' lang='grc' dir='ltr'>ἀπολελοίπει,</span> <span class='ocrx_word' id='word_1_584' title='bbox 2546 4138 2611 4190; x_wconf 82' lang='grc' dir='ltr'>ὲκ</span> <span class='ocrx_word' id='word_1_585' title='bbox 2647 4135 2852 4191; x_wconf 87' lang='grc' dir='ltr'>τούτων</span> <span class='ocrx_word' id='word_1_586' title='bbox 2881 4139 3217 4209; x_wconf 76' lang='grc' dir='ltr'>ἀπαλλαγεὶς</span> <span class='ocrx_word' id='word_1_587' title='bbox 3256 4141 3420 4194; x_wconf 76' lang='grc' dir='ltr'>Γαΐου</span> <span class='ocrx_word' id='word_1_588' title='bbox 3454 4145 3723 4215; x_wconf 80' lang='grc' dir='ltr'>Καίσαρος</span> 
     </span>
    </p>
   </div>
   <div class='ocr_carea' id='block_1_84' title="bbox 2144 4228 3721 4308">
    <p class='ocr_par' dir='ltr' id='par_1_84' title="bbox 2144 4228 3721 4308">
     <span class='ocr_line' id='line_1_84' title="bbox 2144 4228 3721 4308; baseline 0.008 -29"><span class='ocrx_word' id='word_1_589' title='bbox 2144 4228 2373 4299; x_wconf 77' lang='grc' dir='ltr'>προνοίᾳ</span> <span class='ocrx_word' id='word_1_590' title='bbox 2409 4231 2504 4282; x_wconf 72' lang='grc' dir='ltr'>καὶ</span> <span class='ocrx_word' id='word_1_591' title='bbox 2546 4228 2801 4299; x_wconf 76' lang='grc' dir='ltr'>βασιλεὺς</span> <span class='ocrx_word' id='word_1_592' title='bbox 2844 4235 3229 4302; x_wconf 82' lang='grc' dir='ltr'>χειροτονεῖται</span> <span class='ocrx_word' id='word_1_593' title='bbox 3263 4238 3599 4308; x_wconf 80' lang='grc' dir='ltr'>τετραρχίας</span> <span class='ocrx_word' id='word_1_594' title='bbox 3633 4240 3721 4291; x_wconf 68' lang='grc' dir='ltr'>Φι-</span> 
     </span>
    </p>
   </div>
   <div class='ocr_carea' id='block_1_85' title="bbox 2142 4317 3721 4401">
    <p class='ocr_par' dir='ltr' id='par_1_85' title="bbox 2142 4317 3721 4401">
     <span class='ocr_line' id='line_1_85' title="bbox 2142 4317 3721 4401; baseline 0.007 -27"><span class='ocrx_word' id='word_1_595' title='bbox 2142 4321 2345 4374; x_wconf 87' lang='grc' dir='ltr'>λίππου</span> <span class='ocrx_word' id='word_1_596' title='bbox 2394 4319 2670 4389; x_wconf 83' lang='grc' dir='ltr'>(Ἡρώδου</span> <span class='ocrx_word' id='word_1_597' title='bbox 2703 4322 2749 4381; x_wconf 83' lang='grc' dir='ltr'>δ’</span> <span class='ocrx_word' id='word_1_598' title='bbox 2782 4317 2851 4392; x_wconf 83' lang='grc' dir='ltr'>ἦν</span> <span class='ocrx_word' id='word_1_599' title='bbox 2898 4318 3055 4387; x_wconf 74' lang='grc' dir='ltr'>οὗτος</span> <span class='ocrx_word' id='word_1_600' title='bbox 3078 4324 3306 4395; x_wconf 77' lang='grc' dir='ltr'>ἁδελφὸς</span> <span class='ocrx_word' id='word_1_601' title='bbox 3337 4329 3434 4381; x_wconf 84' lang='grc' dir='ltr'>τοῦ</span> <span class='ocrx_word' id='word_1_602' title='bbox 3463 4330 3721 4401; x_wconf 77' lang='grc' dir='ltr'>πρώτου),</span> 
     </span>
    </p>
   </div>
   <div class='ocr_carea' id='block_1_86' title="bbox 2145 4411 3720 4491">
    <p class='ocr_par' dir='ltr' id='par_1_86' title="bbox 2145 4411 3720 4491">
     <span class='ocr_line' id='line_1_86' title="bbox 2145 4411 3720 4491; baseline 0.008 -27"><span class='ocrx_word' id='word_1_603' title='bbox 2145 4411 2564 4484; x_wconf 83' lang='grc' dir='ltr'>προσλαμϐάνει</span> <span class='ocrx_word' id='word_1_604' title='bbox 2593 4411 2651 4464; x_wconf 82' lang='grc' dir='ltr'>δὲ</span> <span class='ocrx_word' id='word_1_605' title='bbox 2678 4414 2774 4466; x_wconf 79' lang='grc' dir='ltr'>καὶ</span> <span class='ocrx_word' id='word_1_606' title='bbox 2798 4413 2898 4485; x_wconf 84' lang='grc' dir='ltr'>τὴν</span> <span class='ocrx_word' id='word_1_607' title='bbox 2923 4415 3193 4471; x_wconf 85' lang='grc' dir='ltr'>Λυσανίου</span> <span class='ocrx_word' id='word_1_608' title='bbox 3239 4424 3597 4491; x_wconf 85' lang='grc' dir='ltr'>τετραρχίαν,</span> <span class='ocrx_word' id='word_1_609' title='bbox 3634 4426 3720 4477; x_wconf 79' lang='grc' dir='ltr'><strong>καὶ</strong></span> 
     </span>
    </p>
   </div>
   <div class='ocr_carea' id='block_1_87' title="bbox 446 4495 2039 4585">
    <p class='ocr_par' dir='ltr' id='par_1_87' title="bbox 446 4495 2038 4567">
     <span class='ocr_line' id='line_1_87' title="bbox 446 4495 2038 4567; baseline 0.001 -15"><span class='ocrx_word' id='word_1_610' title='bbox 446 4495 573 4552; x_wconf 84' lang='lat' dir='ltr'><strong>bus.</strong></span> <span class='ocrx_word' id='word_1_611' title='bbox 638 4495 772 4549; x_wconf 87' lang='lat' dir='ltr'><strong>Cum</strong></span> <span class='ocrx_word' id='word_1_612' title='bbox 832 4495 1033 4564; x_wconf 88' lang='lat' dir='ltr'><strong>quibus</strong></span> <span class='ocrx_word' id='word_1_613' title='bbox 1087 4504 1143 4550; x_wconf 92' lang='lat' dir='ltr'><strong>et</strong></span> <span class='ocrx_word' id='word_1_614' title='bbox 1194 4495 1465 4551; x_wconf 88' lang='lat' dir='ltr'><strong>Herodias</strong></span> <span class='ocrx_word' id='word_1_615' title='bbox 1536 4498 1785 4567; x_wconf 88' lang='lat' dir='ltr'><strong>perculsa</strong></span> <span class='ocrx_word' id='word_1_616' title='bbox 1842 4498 2038 4555; x_wconf 87' lang='lat' dir='ltr'><strong>lethale</strong></span> 
     </span>
    </p>
   </div>
   <div class='ocr_carea' id='block_1_88' title="bbox 2150 4495 3720 4585">
    <p class='ocr_par' dir='ltr' id='par_1_88' title="bbox 2150 4505 3720 4585">
     <span class='ocr_line' id='line_1_88' title="bbox 2150 4505 3720 4585; baseline 0.008 -28"><span class='ocrx_word' id='word_1_617' title='bbox 2150 4505 2380 4558; x_wconf 70' lang='grc' dir='ltr'>ἀποπλεί</span> <span class='ocrx_word' id='word_1_618' title='bbox 2411 4505 2549 4576; x_wconf 78' lang='grc' dir='ltr'>πρὸς</span> <span class='ocrx_word' id='word_1_619' title='bbox 2585 4507 2687 4577; x_wconf 85' lang='grc' dir='ltr'>τὴν</span> <span class='ocrx_word' id='word_1_620' title='bbox 2733 4507 3015 4573; x_wconf 86' lang='grc' dir='ltr'>Ἰουδαίαν,</span> <span class='ocrx_word' id='word_1_621' title='bbox 3048 4512 3269 4564; x_wconf 90' lang='grc' dir='ltr'>πάντων</span> <span class='ocrx_word' id='word_1_622' title='bbox 3319 4514 3586 4585; x_wconf 79' lang='grc' dir='ltr'>ἐκπλήξει</span> <span class='ocrx_word' id='word_1_623' title='bbox 3632 4518 3720 4569; x_wconf 65' lang='grc' dir='ltr'><strong>καὶ</strong></span> 
     </span>
    </p>
   </div>
   <div class='ocr_carea' id='block_1_89' title="bbox 447 4586 2035 4658">
    <p class='ocr_par' dir='ltr' id='par_1_89' title="bbox 447 4586 2035 4658">
     <span class='ocr_line' id='line_1_89' title="bbox 447 4586 2035 4658; baseline 0.002 -15"><span class='ocrx_word' id='word_1_624' title='bbox 447 4589 644 4644; x_wconf 89' lang='lat' dir='ltr'><strong>vulnus</strong></span> <span class='ocrx_word' id='word_1_625' title='bbox 697 4586 897 4658; x_wconf 89' lang='lat' dir='ltr'><strong>accipit</strong></span> <span class='ocrx_word' id='word_1_626' title='bbox 942 4587 1143 4643; x_wconf 88' lang='lat' dir='ltr'><strong>invidia</strong></span> <span class='ocrx_word' id='word_1_627' title='bbox 1179 4607 1194 4642; x_wconf 90' lang='lat'>:</span> <span class='ocrx_word' id='word_1_628' title='bbox 1231 4603 1333 4644; x_wconf 91' lang='lat' dir='ltr'><strong>nec</strong></span> <span class='ocrx_word' id='word_1_629' title='bbox 1360 4589 1524 4645; x_wconf 85' lang='lat' dir='ltr'><strong>desiit</strong></span> <span class='ocrx_word' id='word_1_630' title='bbox 1565 4589 1740 4645; x_wconf 90' lang='lat' dir='ltr'><strong>virum</strong></span> <span class='ocrx_word' id='word_1_631' title='bbox 1792 4590 2035 4657; x_wconf 86' lang='lat' dir='ltr'><strong>turbare,</strong></span> 
     </span>
    </p>
   </div>
   <div class='ocr_carea' id='block_1_90' title="bbox 448 4681 2033 4755">
    <p class='ocr_par' dir='ltr' id='par_1_90' title="bbox 448 4681 2033 4755">
     <span class='ocr_line' id='line_1_90' title="bbox 448 4681 2033 4755; baseline 0.003 -19"><span class='ocrx_word' id='word_1_632' title='bbox 448 4681 622 4737; x_wconf 89' lang='lat' dir='ltr'><strong>donec</strong></span> <span class='ocrx_word' id='word_1_633' title='bbox 650 4681 881 4736; x_wconf 76' lang='lat' dir='ltr'><strong>Romam</strong></span> <span class='ocrx_word' id='word_1_634' title='bbox 911 4681 992 4735; x_wconf 85' lang='lat' dir='ltr'><strong>ire</strong></span> <span class='ocrx_word' id='word_1_635' title='bbox 1027 4682 1227 4752; x_wconf 84' lang='lat' dir='ltr'><strong>coegit,</strong></span> <span class='ocrx_word' id='word_1_636' title='bbox 1263 4690 1318 4738; x_wconf 90' lang='lat' dir='ltr'><strong>et</strong></span> <span class='ocrx_word' id='word_1_637' title='bbox 1346 4682 1401 4736; x_wconf 91' lang='lat' dir='ltr'><strong>in</strong></span> <span class='ocrx_word' id='word_1_638' title='bbox 1433 4698 1660 4753; x_wconf 86' lang='lat' dir='ltr'><strong>regnum</strong></span> <span class='ocrx_word' id='word_1_639' title='bbox 1695 4682 1801 4739; x_wconf 88' lang='lat' dir='ltr'><strong>sibi</strong></span> <span class='ocrx_word' id='word_1_640' title='bbox 1836 4684 2033 4755; x_wconf 87' lang='lat' dir='ltr'><strong>adjun-</strong></span> 
     </span>
    </p>
   </div>
   <div class='ocr_carea' id='block_1_91' title="bbox 450 4772 2035 4847">
    <p class='ocr_par' dir='ltr' id='par_1_91' title="bbox 450 4772 2035 4847">
     <span class='ocr_line' id='line_1_91' title="bbox 450 4772 2035 4847; baseline 0.004 -21"><span class='ocrx_word' id='word_1_641' title='bbox 450 4788 578 4842; x_wconf 86' lang='lat' dir='ltr'><strong>gere</strong></span> <span class='ocrx_word' id='word_1_642' title='bbox 598 4773 839 4829; x_wconf 88' lang='lat' dir='ltr'><strong>studere.</strong></span> <span class='ocrx_word' id='word_1_643' title='bbox 870 4772 979 4828; x_wconf 90' lang='lat' dir='ltr'><strong>Sed</strong></span> <span class='ocrx_word' id='word_1_644' title='bbox 1002 4772 1092 4828; x_wconf 89' lang='lat' dir='ltr'><strong>ille</strong></span> <span class='ocrx_word' id='word_1_645' title='bbox 1118 4788 1239 4827; x_wconf 90' lang='lat' dir='ltr'><strong>eam</strong></span> <span class='ocrx_word' id='word_1_646' title='bbox 1269 4774 1560 4829; x_wconf 88' lang='lat' dir='ltr'><strong>comitatus</strong></span> <span class='ocrx_word' id='word_1_647' title='bbox 1580 4785 1684 4842; x_wconf 86' lang='lat' dir='ltr'><strong>est,</strong></span> <span class='ocrx_word' id='word_1_648' title='bbox 1712 4786 2035 4847; x_wconf 83' lang='lat' dir='ltr'><strong>secutusque</strong></span> 
     </span>
    </p>
   </div>
   <div class='ocr_carea' id='block_1_92' title="bbox 448 4865 2036 4937">
    <p class='ocr_par' dir='ltr' id='par_1_92' title="bbox 448 4865 2036 4937">
     <span class='ocr_line' id='line_1_92' title="bbox 448 4865 2036 4937; baseline 0.003 -17"><span class='ocrx_word' id='word_1_649' title='bbox 448 4867 685 4935; x_wconf 75' lang='lat' dir='ltr'><strong>Agrippa</strong></span> <span class='ocrx_word' id='word_1_650' title='bbox 722 4877 779 4920; x_wconf 89' lang='lat' dir='ltr'><strong>et</strong></span> <span class='ocrx_word' id='word_1_651' title='bbox 821 4873 1107 4921; x_wconf 83' lang='lat' dir='ltr'><strong>assecutus</strong></span> <span class='ocrx_word' id='word_1_652' title='bbox 1143 4874 1232 4920; x_wconf 79' lang='lat' dir='ltr'><strong>est</strong></span> <span class='ocrx_word' id='word_1_653' title='bbox 1270 4865 1384 4937; x_wconf 90' lang='lat' dir='ltr'><strong>jam</strong></span> <span class='ocrx_word' id='word_1_654' title='bbox 1429 4867 1726 4924; x_wconf 89' lang='lat' dir='ltr'><strong>solventes.</strong></span> <span class='ocrx_word' id='word_1_655' title='bbox 1756 4868 2036 4925; x_wconf 86' lang='lat' dir='ltr'><strong>Accusans</strong></span> 
     </span>
    </p>
   </div>
   <div class='ocr_carea' id='block_1_93' title="bbox 2142 4599 3720 4678">
    <p class='ocr_par' dir='ltr' id='par_1_93' title="bbox 2142 4599 3720 4678">
     <span class='ocr_line' id='line_1_93' title="bbox 2142 4599 3720 4678; baseline 0.007 -25"><span class='ocrx_word' id='word_1_656' title='bbox 2142 4599 2384 4670; x_wconf 85' lang='grc' dir='ltr'>θαύματι</span> <span class='ocrx_word' id='word_1_657' title='bbox 2407 4599 2470 4653; x_wconf 82' lang='grc' dir='ltr'>τὸ</span> <span class='ocrx_word' id='word_1_658' title='bbox 2500 4600 2601 4670; x_wconf 91' lang='grc' dir='ltr'><strong>τῆς</strong></span> <span class='ocrx_word' id='word_1_659' title='bbox 2651 4602 2953 4673; x_wconf 75' lang='grc' dir='ltr'>μεταϐολῆς</span> <span class='ocrx_word' id='word_1_660' title='bbox 2978 4604 3176 4677; x_wconf 80' lang='grc' dir='ltr'>ἀθρόον</span> <span class='ocrx_word' id='word_1_661' title='bbox 3212 4608 3565 4678; x_wconf 84' lang='grc' dir='ltr'>ποιουμένον.</span> <span class='ocrx_word' id='word_1_662' title='bbox 3594 4612 3720 4664; x_wconf 81' lang='grc' dir='ltr'>Μεθ’</span> 
     </span>
    </p>
   </div>
   <div class='ocr_carea' id='block_1_94' title="bbox 2141 4682 3717 4773">
    <p class='ocr_par' dir='ltr' id='par_1_94' title="bbox 2141 4682 3717 4773">
     <span class='ocr_line' id='line_1_94' title="bbox 2141 4682 3717 4773; baseline 0.008 -28"><span class='ocrx_word' id='word_1_663' title='bbox 2141 4686 2218 4747; x_wconf 83' lang='grc' dir='ltr'>ὧν</span> <span class='ocrx_word' id='word_1_664' title='bbox 2272 4692 2365 4745; x_wconf 76' lang='grc' dir='ltr'>καὶ</span> <span class='ocrx_word' id='word_1_665' title='bbox 2406 4682 2694 4763; x_wconf 72' lang='grc' dir='ltr'>’Ἡρωδιὰς</span> <span class='ocrx_word' id='word_1_666' title='bbox 2742 4695 3173 4768; x_wconf 78' lang='grc' dir='ltr'>ἐκπεπληγμένη</span> <span class='ocrx_word' id='word_1_667' title='bbox 3226 4700 3453 4769; x_wconf 88' lang='grc' dir='ltr'>καιρίαν</span> <span class='ocrx_word' id='word_1_668' title='bbox 3514 4703 3717 4773; x_wconf 84' lang='grc' dir='ltr'>δέχεται</span> 
     </span>
    </p>
   </div>
   <div class='ocr_carea' id='block_1_95' title="bbox 2142 4782 3719 4863">
    <p class='ocr_par' dir='ltr' id='par_1_95' title="bbox 2142 4782 3719 4863">
     <span class='ocr_line' id='line_1_95' title="bbox 2142 4782 3719 4863; baseline 0.01 -27"><span class='ocrx_word' id='word_1_669' title='bbox 2142 4782 2357 4854; x_wconf 84' lang='grc' dir='ltr'>πληγὴν</span> <span class='ocrx_word' id='word_1_670' title='bbox 2399 4786 2463 4837; x_wconf 82' lang='grc' dir='ltr'>ὲκ</span> <span class='ocrx_word' id='word_1_671' title='bbox 2510 4786 2727 4854; x_wconf 82' lang='grc' dir='ltr'>φθόνου,</span> <span class='ocrx_word' id='word_1_672' title='bbox 2778 4788 2874 4840; x_wconf 81' lang='grc' dir='ltr'>καὶ</span> <span class='ocrx_word' id='word_1_673' title='bbox 2919 4789 3021 4842; x_wconf 83' lang='grc' dir='ltr'>οὐκ</span> <span class='ocrx_word' id='word_1_674' title='bbox 3063 4791 3203 4844; x_wconf 86' lang='grc' dir='ltr'>ἀνίει</span> <span class='ocrx_word' id='word_1_675' title='bbox 3237 4792 3590 4863; x_wconf 61' lang='grc' dir='ltr'>διεπχλοῦσα</span> <span class='ocrx_word' id='word_1_676' title='bbox 3638 4799 3719 4851; x_wconf 74' lang='grc' dir='ltr'><strong>τὸν</strong></span> 
     </span>
    </p>
   </div>
   <div class='ocr_carea' id='block_1_96' title="bbox 2140 4876 3719 4960">
    <p class='ocr_par' dir='ltr' id='par_1_96' title="bbox 2140 4876 3719 4960">
     <span class='ocr_line' id='line_1_96' title="bbox 2140 4876 3719 4960; baseline 0.008 -29"><span class='ocrx_word' id='word_1_677' title='bbox 2140 4876 2332 4947; x_wconf 84' lang='grc' dir='ltr'>ἄνδρα,</span> <span class='ocrx_word' id='word_1_678' title='bbox 2370 4877 2477 4941; x_wconf 79' lang='grc' dir='ltr'>ἓως</span> <span class='ocrx_word' id='word_1_679' title='bbox 2510 4880 2915 4951; x_wconf 84' lang='grc' dir='ltr'>κατειργάσατο</span> <span class='ocrx_word' id='word_1_680' title='bbox 2942 4882 3187 4935; x_wconf 85' lang='grc' dir='ltr'>ἀνελθεῖν</span> <span class='ocrx_word' id='word_1_681' title='bbox 3231 4886 3312 4947; x_wconf 89' lang='grc' dir='ltr'><strong>είς</strong></span> <span class='ocrx_word' id='word_1_682' title='bbox 3366 4886 3590 4960; x_wconf 86' lang='grc' dir='ltr'>Ῥώμην</span> <span class='ocrx_word' id='word_1_683' title='bbox 3636 4892 3719 4943; x_wconf 74' lang='grc' dir='ltr'>καὶ</span> 
     </span>
    </p>
   </div>
   <div class='ocr_carea' id='block_1_97' title="bbox 452 4956 2039 5048">
    <p class='ocr_par' dir='ltr' id='par_1_97' title="bbox 452 4956 2039 5032">
     <span class='ocr_line' id='line_1_97' title="bbox 452 4956 2039 5032; baseline 0.003 -21"><span class='ocrx_word' id='word_1_684' title='bbox 452 4957 719 5011; x_wconf 87' lang='lat' dir='ltr'><strong>Herodem</strong></span> <span class='ocrx_word' id='word_1_685' title='bbox 752 4958 891 5025; x_wconf 90' lang='lat' dir='ltr'><strong>apud</strong></span> <span class='ocrx_word' id='word_1_686' title='bbox 921 4956 986 5013; x_wconf 89' lang='lat' dir='ltr'><strong>C.</strong></span> <span class='ocrx_word' id='word_1_687' title='bbox 1018 4956 1318 5022; x_wconf 69' lang='lat' dir='ltr'><strong>Caesarem,</strong></span> <span class='ocrx_word' id='word_1_688' title='bbox 1349 4960 1494 5027; x_wconf 91' lang='lat' dir='ltr'><strong>quod</strong></span> <span class='ocrx_word' id='word_1_689' title='bbox 1524 4959 1787 5014; x_wconf 81' lang='lat' dir='ltr'><strong>Romanis</strong></span> <span class='ocrx_word' id='word_1_690' title='bbox 1822 4975 2039 5032; x_wconf 89' lang='lat' dir='ltr'><strong>semper</strong></span> 
     </span>
    </p>
   </div>
   <div class='ocr_carea' id='block_1_98' title="bbox 2150 4956 3715 5048">
    <p class='ocr_par' dir='ltr' id='par_1_98' title="bbox 2150 4956 3715 5048">
     <span class='ocr_line' id='line_1_98' title="bbox 2150 4956 3715 5048; baseline 0.01 -27"><span class='ocrx_word' id='word_1_691' title='bbox 2150 4968 2422 5022; x_wconf 68' lang='grc' dir='ltr'>Βασιλείαν</span> <span class='ocrx_word' id='word_1_692' title='bbox 2453 4971 2632 5041; x_wconf 78' lang='grc' dir='ltr'>ἐαυτῷ</span> <span class='ocrx_word' id='word_1_693' title='bbox 2673 4972 2911 5043; x_wconf 77' lang='grc' dir='ltr'>σπουδὴν</span> <span class='ocrx_word' id='word_1_694' title='bbox 2947 4974 3216 5029; x_wconf 86' lang='grc' dir='ltr'>ποιεῖσθαι</span> <span class='ocrx_word' id='word_1_695' title='bbox 3244 4956 3715 5048; x_wconf 71' lang='grc' dir='ltr'>καταπράξασθαε.</span> 
     </span>
    </p>
   </div>
   <div class='ocr_carea' id='block_1_99' title="bbox 453 5047 2039 5122">
    <p class='ocr_par' dir='ltr' id='par_1_99' title="bbox 453 5047 2039 5122">
     <span class='ocr_line' id='line_1_99' title="bbox 453 5047 2039 5122; baseline 0.004 -19"><span class='ocrx_word' id='word_1_696' title='bbox 453 5048 685 5104; x_wconf 85' lang='lat' dir='ltr'><strong>infestus</strong></span> <span class='ocrx_word' id='word_1_697' title='bbox 711 5047 901 5104; x_wconf 80' lang='lat' dir='ltr'><strong>fuerit.</strong></span> <span class='ocrx_word' id='word_1_698' title='bbox 930 5051 1152 5115; x_wconf 86' lang='lat' dir='ltr'><strong>Tiberio</strong></span> <span class='ocrx_word' id='word_1_699' title='bbox 1181 5053 1326 5106; x_wconf 90' lang='lat' dir='ltr'><strong>enim</strong></span> <span class='ocrx_word' id='word_1_700' title='bbox 1354 5053 1534 5107; x_wconf 89' lang='lat' dir='ltr'><strong>adhuc</strong></span> <span class='ocrx_word' id='word_1_701' title='bbox 1561 5052 1875 5122; x_wconf 86' lang='lat' dir='ltr'><strong>superstite,</strong></span> <span class='ocrx_word' id='word_1_702' title='bbox 1915 5070 2039 5109; x_wconf 90' lang='lat' dir='ltr'><strong>cum</strong></span> 
     </span>
    </p>
   </div>
   <div class='ocr_carea' id='block_1_100' title="bbox 2158 5060 3716 5143">
    <p class='ocr_par' dir='ltr' id='par_1_100' title="bbox 2158 5060 3716 5143">
     <span class='ocr_line' id='line_1_100' title="bbox 2158 5060 3716 5143; baseline 0.009 -30"><span class='ocrx_word' id='word_1_703' title='bbox 2158 5060 2299 5114; x_wconf 84' lang='grc' dir='ltr'>Ἀλλ’</span> <span class='ocrx_word' id='word_1_704' title='bbox 2338 5064 2366 5115; x_wconf 95' lang='lat'><strong>6</strong></span> <span class='ocrx_word' id='word_1_705' title='bbox 2400 5062 2498 5131; x_wconf 82' lang='grc' dir='ltr'>μὲν</span> <span class='ocrx_word' id='word_1_706' title='bbox 2526 5062 2679 5134; x_wconf 84' lang='grc' dir='ltr'>ἀνῄει</span> <span class='ocrx_word' id='word_1_707' title='bbox 2734 5065 2832 5117; x_wconf 70' lang='grc' dir='ltr'><strong>σὺν</strong></span> <span class='ocrx_word' id='word_1_708' title='bbox 2860 5065 2996 5136; x_wconf 83' lang='grc' dir='ltr'>αὐτῇ</span> <span class='ocrx_word' id='word_1_709' title='bbox 3054 5068 3241 5121; x_wconf 80' lang='grc' dir='ltr'>εἵπετο</span> <span class='ocrx_word' id='word_1_710' title='bbox 3294 5069 3339 5122; x_wconf 85' lang='grc' dir='ltr'>δ’</span> <span class='ocrx_word' id='word_1_711' title='bbox 3392 5071 3716 5143; x_wconf 77' lang='grc' dir='ltr'>Ἀγρίππας.</span> 
     </span>
    </p>
   </div>
   <div class='ocr_carea' id='block_1_101' title="bbox 454 5137 2039 5235">
    <p class='ocr_par' dir='ltr' id='par_1_101' title="bbox 454 5137 2037 5211">
     <span class='ocr_line' id='line_1_101' title="bbox 454 5137 2037 5211; baseline 0.007 -19"><span class='ocrx_word' id='word_1_712' title='bbox 454 5137 656 5208; x_wconf 72' lang='lat' dir='ltr'><strong>Seiano</strong></span> <span class='ocrx_word' id='word_1_713' title='bbox 702 5138 1023 5195; x_wconf 88' lang='lat' dir='ltr'><strong>adversario</strong></span> <span class='ocrx_word' id='word_1_714' title='bbox 1071 5139 1443 5197; x_wconf 86' lang='lat' dir='ltr'><strong>Romanorum</strong></span> <span class='ocrx_word' id='word_1_715' title='bbox 1491 5144 1788 5200; x_wconf 84' lang='lat' dir='ltr'><strong>amicitiam</strong></span> <span class='ocrx_word' id='word_1_716' title='bbox 1823 5146 2037 5211; x_wconf 86' lang='lat' dir='ltr'><strong>iniisse,</strong></span> 
     </span>
    </p>
   </div>
   <div class='ocr_carea' id='block_1_102' title="bbox 2150 5137 3719 5235">
    <p class='ocr_par' dir='ltr' id='par_1_102' title="bbox 2150 5137 3719 5235">
     <span class='ocr_line' id='line_1_102' title="bbox 2150 5137 3719 5235; baseline 0.01 -29"><span class='ocrx_word' id='word_1_717' title='bbox 2150 5156 2236 5208; x_wconf 72' lang='grc' dir='ltr'>καὶ</span> <span class='ocrx_word' id='word_1_718' title='bbox 2261 5154 2675 5226; x_wconf 86' lang='grc' dir='ltr'>καταλαμϐάνει</span> <span class='ocrx_word' id='word_1_719' title='bbox 2718 5156 2847 5227; x_wconf 80' lang='grc' dir='ltr'>ἄρτι</span> <span class='ocrx_word' id='word_1_720' title='bbox 2899 5159 3271 5231; x_wconf 60' lang='grc' dir='ltr'>κατάρανταςέ</span> <span class='ocrx_word' id='word_1_721' title='bbox 3322 5137 3719 5235; x_wconf 70' lang='grc' dir='ltr'>Κατηγορήσας</span> 
     </span>
    </p>
   </div>
   <div class='ocr_carea' id='block_1_103' title="bbox 452 5230 2034 5305">
    <p class='ocr_par' dir='ltr' id='par_1_103' title="bbox 452 5230 2034 5305">
     <span class='ocr_line' id='line_1_103' title="bbox 452 5230 2034 5305; baseline 0.006 -20"><span class='ocrx_word' id='word_1_722' title='bbox 452 5242 509 5285; x_wconf 85' lang='lat' dir='ltr'><strong>et</strong></span> <span class='ocrx_word' id='word_1_723' title='bbox 533 5246 676 5285; x_wconf 91' lang='lat' dir='ltr'><strong>nunc</strong></span> <span class='ocrx_word' id='word_1_724' title='bbox 719 5230 861 5301; x_wconf 90' lang='lat' dir='ltr'><strong>apud</strong></span> <span class='ocrx_word' id='word_1_725' title='bbox 899 5232 1233 5289; x_wconf 81' lang='lat' dir='ltr'><strong>Artabanem</strong></span> <span class='ocrx_word' id='word_1_726' title='bbox 1267 5249 1449 5305; x_wconf 85' lang='lat' dir='ltr'><strong>regem</strong></span> <span class='ocrx_word' id='word_1_727' title='bbox 1482 5233 1811 5291; x_wconf 89' lang='lat' dir='ltr'><strong>Parthorum</strong></span> <span class='ocrx_word' id='word_1_728' title='bbox 1845 5240 2034 5295; x_wconf 89' lang='lat' dir='ltr'><strong>eadem</strong></span> 
     </span>
    </p>
   </div>
   <div class='ocr_carea' id='block_1_104' title="bbox 453 5325 2034 5401">
    <p class='ocr_par' dir='ltr' id='par_1_104' title="bbox 453 5325 2034 5401">
     <span class='ocr_line' id='line_1_104' title="bbox 453 5325 2034 5401; baseline 0.006 -23"><span class='ocrx_word' id='word_1_729' title='bbox 453 5334 643 5378; x_wconf 85' lang='lat' dir='ltr'><strong>contra</strong></span> <span class='ocrx_word' id='word_1_730' title='bbox 677 5325 953 5381; x_wconf 80' lang='lat' dir='ltr'><strong>Romanos</strong></span> <span class='ocrx_word' id='word_1_731' title='bbox 974 5325 1150 5380; x_wconf 91' lang='lat' dir='ltr'><strong>moliri</strong></span> <span class='ocrx_word' id='word_1_732' title='bbox 1175 5346 1188 5380; x_wconf 88' lang='lat'><strong>:</strong></span> <span class='ocrx_word' id='word_1_733' title='bbox 1215 5329 1421 5383; x_wconf 90' lang='lat' dir='ltr'><strong>obtinet</strong></span> <span class='ocrx_word' id='word_1_734' title='bbox 1448 5338 1507 5383; x_wconf 92' lang='lat' dir='ltr'><strong>ut</strong></span> <span class='ocrx_word' id='word_1_735' title='bbox 1541 5328 1661 5383; x_wconf 91' lang='lat' dir='ltr'><strong>loco</strong></span> <span class='ocrx_word' id='word_1_736' title='bbox 1686 5331 1862 5400; x_wconf 76' lang='lat' dir='ltr'><strong>regni,</strong></span> <span class='ocrx_word' id='word_1_737' title='bbox 1892 5335 2034 5401; x_wconf 83' lang='lat' dir='ltr'><strong>quod</strong></span> 
     </span>
    </p>
   </div>
   <div class='ocr_carea' id='block_1_105' title="bbox 2142 5246 3725 5331">
    <p class='ocr_par' dir='ltr' id='par_1_105' title="bbox 2142 5246 3725 5331">
     <span class='ocr_line' id='line_1_105' title="bbox 2142 5246 3725 5331; baseline 0.008 -31"><span class='ocrx_word' id='word_1_738' title='bbox 2142 5246 2187 5300; x_wconf 82' lang='lat'><em>6’</em></span> <span class='ocrx_word' id='word_1_739' title='bbox 2229 5248 2476 5317; x_wconf 87' lang='grc' dir='ltr'>Ἡρώδην</span> <span class='ocrx_word' id='word_1_740' title='bbox 2499 5248 2651 5318; x_wconf 91' lang='grc' dir='ltr'><strong>παρά</strong></span> <span class='ocrx_word' id='word_1_741' title='bbox 2678 5250 2823 5321; x_wconf 82' lang='grc' dir='ltr'>Γαΐῳ</span> <span class='ocrx_word' id='word_1_742' title='bbox 2855 5252 3098 5323; x_wconf 87' lang='grc' dir='ltr'>Καίσαρι</span> <span class='ocrx_word' id='word_1_743' title='bbox 3122 5254 3197 5317; x_wconf 83' lang='grc' dir='ltr'>ὡς</span> <span class='ocrx_word' id='word_1_744' title='bbox 3225 5255 3454 5322; x_wconf 86' lang='grc' dir='ltr'>δύσνους</span> <span class='ocrx_word' id='word_1_745' title='bbox 3474 5259 3561 5331; x_wconf 79' lang='grc' dir='ltr'>εἴη</span> <span class='ocrx_word' id='word_1_746' title='bbox 3597 5261 3725 5312; x_wconf 80' lang='grc' dir='ltr'><strong>Ῥω-</strong></span> 
     </span>
    </p>
   </div>
   <div class='ocr_carea' id='block_1_106' title="bbox 2145 5339 3726 5423">
    <p class='ocr_par' dir='ltr' id='par_1_106' title="bbox 2145 5339 3726 5423">
     <span class='ocr_line' id='line_1_106' title="bbox 2145 5339 3726 5423; baseline 0.01 -32"><span class='ocrx_word' id='word_1_747' title='bbox 2145 5339 2325 5408; x_wconf 88' lang='grc' dir='ltr'>μαίοις</span> <span class='ocrx_word' id='word_1_748' title='bbox 2358 5340 2489 5392; x_wconf 71' lang='grc' dir='ltr'>³ἀεὶ</span> <span class='ocrx_word' id='word_1_749' title='bbox 2521 5340 2685 5411; x_wconf 83' lang='lat'><strong>([976</strong></span> <span class='ocrx_word' id='word_1_750' title='bbox 2718 5341 2808 5415; x_wconf 84' lang='lat' dir='ltr'><strong>R.]</strong></span> <span class='ocrx_word' id='word_1_751' title='bbox 2857 5344 3109 5417; x_wconf 88' lang='grc' dir='ltr'>Τιϐερίου</span> <span class='ocrx_word' id='word_1_752' title='bbox 3165 5348 3262 5420; x_wconf 81' lang='grc' dir='ltr'>μὲν</span> <span class='ocrx_word' id='word_1_753' title='bbox 3300 5351 3412 5422; x_wconf 78' lang='grc' dir='ltr'><strong>γάρ</strong></span> <span class='ocrx_word' id='word_1_754' title='bbox 3450 5351 3531 5405; x_wconf 73' lang='grc' dir='ltr'>ἔτι</span> <span class='ocrx_word' id='word_1_755' title='bbox 3570 5370 3726 5423; x_wconf 80' lang='grc' dir='ltr'>περι-</span> 
     </span>
    </p>
   </div>
   <div class='ocr_carea' id='block_1_107' title="bbox 527 5460 2039 5548">
    <p class='ocr_par' dir='ltr' id='par_1_107' title="bbox 527 5460 2039 5542">
     <span class='ocr_line' id='line_1_107' title="bbox 527 5460 2039 5542; baseline 0.011 -30"><span class='ocrx_word' id='word_1_756' title='bbox 527 5460 847 5518; x_wconf 75' lang='grc' dir='ltr'>ιιΑιτΙιιεοι.</span> <span class='ocrx_word' id='word_1_757' title='bbox 872 5464 968 5521; x_wconf 89' lang='lat' dir='ltr'><strong>lib.</strong></span> <span class='ocrx_word' id='word_1_758' title='bbox 1014 5481 1109 5530; x_wconf 83' lang='lat' dir='ltr'><strong>xv,</strong></span> <span class='ocrx_word' id='word_1_759' title='bbox 1158 5478 1276 5534; x_wconf 85' lang='lat' dir='ltr'><strong>cap.</strong></span> <span class='ocrx_word' id='word_1_760' title='bbox 1296 5464 1353 5519; x_wconf 87' lang='lat'><strong>9.</strong></span> <span class='ocrx_word' id='word_1_761' title='bbox 1433 5462 1600 5523; x_wconf 85' lang='lat' dir='ltr'><strong>lLib.</strong></span> <span class='ocrx_word' id='word_1_762' title='bbox 1646 5483 1778 5536; x_wconf 86' lang='lat' dir='ltr'><strong>xvn,</strong></span> <span class='ocrx_word' id='word_1_763' title='bbox 1822 5485 1942 5542; x_wconf 92' lang='lat' dir='ltr'><strong>cap.</strong></span> <span class='ocrx_word' id='word_1_764' title='bbox 1993 5474 2039 5529; x_wconf 76' lang='lat' dir='ltr'><strong>l.</strong></span> 
     </span>
    </p>
   </div>
   <div class='ocr_carea' id='block_1_108' title="bbox 2150 5460 2575 5548">
    <p class='ocr_par' dir='ltr' id='par_1_108' title="bbox 2150 5477 2575 5548">
     <span class='ocr_line' id='line_1_108' title="bbox 2150 5477 2575 5548; baseline 0.007 -16"><span class='ocrx_word' id='word_1_765' title='bbox 2150 5477 2305 5539; x_wconf 48' lang='grc' dir='ltr'>αλιι,</span> <span class='ocrx_word' id='word_1_766' title='bbox 2347 5495 2502 5548; x_wconf 84' lang='lat' dir='ltr'><strong>xvtn,</strong></span> <span class='ocrx_word' id='word_1_767' title='bbox 2522 5481 2575 5535; x_wconf 83' lang='lat'><strong>7.</strong></span> 
     </span>
    </p>
   </div>
   <div class='ocr_carea' id='block_1_109' title="bbox 1720 5582 2410 5649">
    <p class='ocr_par' dir='ltr' id='par_1_109' title="bbox 1720 5582 2410 5649">
     <span class='ocr_line' id='line_1_109' title="bbox 1720 5582 2410 5649; baseline 0.014 -10"><span class='ocrx_word' id='word_1_768' title='bbox 1720 5583 1958 5641; x_wconf 76' lang='lat' dir='ltr'><strong>VARle</strong></span> <span class='ocrx_word' id='word_1_769' title='bbox 2002 5582 2410 5649; x_wconf 71' lang='lat' dir='ltr'><strong>LECTIONES.</strong></span> 
     </span>
    </p>
   </div>
   <div class='ocr_carea' id='block_1_110' title="bbox 528 5663 3721 5770">
    <p class='ocr_par' dir='ltr' id='par_1_110' title="bbox 528 5663 3721 5770">
     <span class='ocr_line' id='line_1_110' title="bbox 528 5663 3721 5770; baseline 0 0"><span class='ocrx_word' id='word_1_770' title='bbox 528 5663 784 5770; x_wconf 54' lang='lat' dir='ltr'><strong>Illi&quot;???</strong></span> <span class='ocrx_word' id='word_1_771' title='bbox 811 5669 908 5770; x_wconf 54' lang='grc' dir='ltr'><strong>ἑοὶ</strong></span> <span class='ocrx_word' id='word_1_772' title='bbox 930 5668 1627 5770; x_wconf 31' lang='lat' dir='ltr'><strong>Hirti-“31””3&#39;23};</strong></span> <span class='ocrx_word' id='word_1_773' title='bbox 1688 5679 2114 5770; x_wconf 45' lang='lat' dir='ltr'><strong>&quot;durissima</strong></span> <span class='ocrx_word' id='word_1_774' title='bbox 2145 5701 2253 5770; x_wconf 60' lang='grc' dir='ltr'><strong>ομιτ·</strong></span> <span class='ocrx_word' id='word_1_775' title='bbox 2282 5686 2387 5770; x_wconf 75' lang='grc' dir='ltr'><strong>Αο.</strong></span> <span class='ocrx_word' id='word_1_776' title='bbox 2424 5688 2722 5770; x_wconf 53' lang='lat' dir='ltr'><strong>&quot;imm</strong></span> <span class='ocrx_word' id='word_1_777' title='bbox 2749 5692 2830 5770; x_wconf 72' lang='grc' dir='ltr'>Αι,</span> <span class='ocrx_word' id='word_1_778' title='bbox 2891 5693 2938 5725; x_wconf 79' lang='grc'><strong><em>’⁷</em></strong></span> <span class='ocrx_word' id='word_1_779' title='bbox 2964 5693 3194 5770; x_wconf 54' lang='lat' dir='ltr'><strong>meo;</strong></span> <span class='ocrx_word' id='word_1_780' title='bbox 3221 5715 3285 5763; x_wconf 71' lang='grc' dir='ltr'>ς.</span> <span class='ocrx_word' id='word_1_781' title='bbox 3362 5700 3408 5733; x_wconf 71' lang='grc' dir='ltr'><strong>θ·</strong></span> <span class='ocrx_word' id='word_1_782' title='bbox 3442 5698 3721 5770; x_wconf 58' lang='lat' dir='ltr'><strong>ﬂavam</strong></span> 
     </span>
    </p>
   </div>
   <div class='ocr_carea' id='block_1_111' title="bbox 460 5731 1213 5837">
    <p class='ocr_par' dir='ltr' id='par_1_111' title="bbox 460 5731 1213 5837">
     <span class='ocr_line' id='line_1_111' title="bbox 460 5731 1213 5837; baseline 0.012 -53"><span class='ocrx_word' id='word_1_783' title='bbox 460 5731 701 5837; x_wconf 47' lang='grc' dir='ltr'>ρὶαὲνναν</span> <span class='ocrx_word' id='word_1_784' title='bbox 717 5754 786 5837; x_wconf 38' lang='grc' dir='ltr'><strong>ἐς.</strong></span> <span class='ocrx_word' id='word_1_785' title='bbox 830 5738 908 5837; x_wconf 49' lang='grc'><strong>2*</strong></span> <span class='ocrx_word' id='word_1_786' title='bbox 927 5731 1213 5837; x_wconf 54' lang='grc' dir='ltr'>Γρλιλαίας</span> 
     </span>
    </p>
   </div>
   <div class='ocr_carea' id='block_1_112' title="bbox 543 5806 1413 5883">
    <p class='ocr_par' dir='ltr' id='par_1_112' title="bbox 543 5806 1413 5883">
     <span class='ocr_line' id='line_1_112' title="bbox 543 5806 1413 5883; baseline 0.011 -24"><span class='ocrx_word' id='word_1_787' title='bbox 543 5806 812 5877; x_wconf 84' lang='grc' dir='ltr'>Ρωμαίοις</span> <span class='ocrx_word' id='word_1_788' title='bbox 839 5809 909 5865; x_wconf 86' lang='lat' dir='ltr'><strong>C:</strong></span> <span class='ocrx_word' id='word_1_789' title='bbox 939 5811 1017 5874; x_wconf 78' lang='grc' dir='ltr'><strong>είς</strong></span> <span class='ocrx_word' id='word_1_790' title='bbox 1055 5811 1330 5883; x_wconf 72' lang='grc' dir='ltr'>ρωμαίους</span> <span class='ocrx_word' id='word_1_791' title='bbox 1355 5832 1413 5878; x_wconf 79' lang='grc' dir='ltr'>ς.</span> 
     </span>
    </p>
   </div>
   <div class='ocr_carea' id='block_1_113' title="bbox 1255 5744 3211 5836">
    <p class='ocr_par' dir='ltr' id='par_1_113' title="bbox 1255 5744 3211 5836">
     <span class='ocr_line' id='line_1_113' title="bbox 1255 5744 3211 5836; baseline 0.013 -41"><span class='ocrx_word' id='word_1_792' title='bbox 1362 5744 1438 5836; x_wconf 44' lang='grc'><strong>’⁸³</strong></span> <span class='ocrx_word' id='word_1_793' title='bbox 1459 5746 1633 5801; x_wconf 76' lang='grc' dir='ltr'>ἀνεῖλε</span> <span class='ocrx_word' id='word_1_794' title='bbox 1661 5779 1731 5790; x_wconf 94' lang='lat'><strong>—-</strong></span> <span class='ocrx_word' id='word_1_795' title='bbox 1752 5766 1807 5821; x_wconf 75' lang='grc' dir='ltr'>ιι.</span> <span class='ocrx_word' id='word_1_796' title='bbox 1845 5744 2015 5808; x_wconf 71' lang='grc' dir='ltr'><strong>518ἰὶ</strong></span> <span class='ocrx_word' id='word_1_797' title='bbox 2047 5744 2134 5822; x_wconf 71' lang='grc' dir='ltr'>ἐθ,</span> <span class='ocrx_word' id='word_1_798' title='bbox 2169 5757 2516 5813; x_wconf 78' lang='grc' dir='ltr'>ὲπιστεύοντο</span> <span class='ocrx_word' id='word_1_799' title='bbox 2535 5744 2640 5816; x_wconf 72' lang='lat' dir='ltr'><strong>om.</strong></span> <span class='ocrx_word' id='word_1_800' title='bbox 2672 5744 2763 5816; x_wconf 38' lang='grc' dir='ltr'><strong>Δ(</strong></span> <span class='ocrx_word' id='word_1_801' title='bbox 2802 5744 2831 5794; x_wconf 44' lang='grc'><strong>”¹</strong></span> <span class='ocrx_word' id='word_1_802' title='bbox 2858 5744 3211 5836; x_wconf 59' lang='grc' dir='ltr'><strong>φησῖὀὶιὶξξ.</strong></span> 
     </span>
    </p>
   </div>
   <div class='ocr_carea' id='block_1_114' title="bbox 3328 5771 3724 5834">
    <p class='ocr_par' dir='ltr' id='par_1_114' title="bbox 3328 5771 3724 5834">
     <span class='ocr_line' id='line_1_114' title="bbox 3328 5771 3724 5834; baseline 0.005 -10"><span class='ocrx_word' id='word_1_803' title='bbox 3328 5771 3348 5802; x_wconf 86' lang='grc'>²</span> <span class='ocrx_word' id='word_1_804' title='bbox 3370 5775 3481 5834; x_wconf 82' lang='grc' dir='ltr'>τοῖς</span> <span class='ocrx_word' id='word_1_805' title='bbox 3506 5776 3627 5825; x_wconf 83' lang='lat' dir='ltr'><strong>add.</strong></span> <span class='ocrx_word' id='word_1_806' title='bbox 3655 5771 3724 5826; x_wconf 65' lang='lat' dir='ltr'><strong>ll.</strong></span> 
     </span>
    </p>
   </div>
  </div>
