  <div class='ocr_page' id='page_1' title='image "/cluster/home/n/w/nwhite01/storage/ocr_20150623/103/hvd.32044018872861/602.png"; bbox 0 0 4066 6432; ppageno 0'>
   <div class='ocr_carea' id='block_1_1' title="bbox 278 351 428 416">
    <p class='ocr_par' dir='ltr' id='par_1_1' title="bbox 278 351 428 416">
     <span class='ocr_line' id='line_1_1' title="bbox 278 351 428 416; baseline -0.027 0"><span class='ocrx_word' id='word_1_1' title='bbox 278 351 428 416; x_wconf 83' lang='grc'><strong>1189</strong></span> 
     </span>
    </p>
   </div>
   <div class='ocr_carea' id='block_1_2' title="bbox 1319 348 2601 421">
    <p class='ocr_par' dir='ltr' id='par_1_2' title="bbox 1319 348 2601 421">
     <span class='ocr_line' id='line_1_2' title="bbox 1319 348 2601 421; baseline 0.004 -13"><span class='ocrx_word' id='word_1_2' title='bbox 1319 349 1847 421; x_wconf 82' lang='lat' dir='ltr'><strong>BIBLIOTHECA.</strong></span> <span class='ocrx_word' id='word_1_3' title='bbox 1880 372 1949 385; x_wconf 85' lang='lat'><strong>—</strong></span> <span class='ocrx_word' id='word_1_4' title='bbox 1989 348 2154 410; x_wconf 85' lang='lat' dir='ltr'><strong>COD.</strong></span> <span class='ocrx_word' id='word_1_5' title='bbox 2182 350 2479 413; x_wconf 76' lang='lat' dir='ltr'><strong>CCXXXV</strong></span> <span class='ocrx_word' id='word_1_6' title='bbox 2484 352 2601 413; x_wconf 82' lang='lat' dir='ltr'><strong>III.</strong></span> 
     </span>
    </p>
   </div>
   <div class='ocr_carea' id='block_1_3' title="bbox 3424 348 3562 417">
    <p class='ocr_par' dir='ltr' id='par_1_3' title="bbox 3424 348 3562 417">
     <span class='ocr_line' id='line_1_3' title="bbox 3424 348 3562 417; baseline 0.036 -5"><span class='ocrx_word' id='word_1_7' title='bbox 3424 348 3562 417; x_wconf 71' lang='lat'><strong>1190,</strong></span> 
     </span>
    </p>
   </div>
   <div class='ocr_carea' id='block_1_4' title="bbox 268 461 1862 536">
    <p class='ocr_par' dir='ltr' id='par_1_4' title="bbox 268 461 1862 536">
     <span class='ocr_line' id='line_1_4' title="bbox 268 461 1862 536; baseline -0.001 -17"><span class='ocrx_word' id='word_1_8' title='bbox 268 468 436 529; x_wconf 86' lang='grc' dir='ltr'>όντος</span> <span class='ocrx_word' id='word_1_9' title='bbox 476 463 616 536; x_wconf 80' lang='grc' dir='ltr'>πρὸς</span> <span class='ocrx_word' id='word_1_10' title='bbox 648 463 817 520; x_wconf 74' lang='grc' dir='ltr'>Ἰανδν</span> <span class='ocrx_word' id='word_1_11' title='bbox 848 462 871 496; x_wconf 76' lang='grc'><strong>⁸</strong></span> <span class='ocrx_word' id='word_1_12' title='bbox 909 462 1105 536; x_wconf 73' lang='grc' dir='ltr'>ἐχθρὸν</span> <span class='ocrx_word' id='word_1_13' title='bbox 1152 462 1282 517; x_wconf 74' lang='grc' dir='ltr'>ὄντα</span> <span class='ocrx_word' id='word_1_14' title='bbox 1331 461 1622 535; x_wconf 83' lang='grc' dir='ltr'>Ῥωμαίων</span> <span class='ocrx_word' id='word_1_15' title='bbox 1677 464 1862 518; x_wconf 80' lang='grc' dir='ltr'><strong>θέσθαι</strong></span> 
     </span>
    </p>
   </div>
   <div class='ocr_carea' id='block_1_5' title="bbox 1963 461 3559 536">
    <p class='ocr_par' dir='ltr' id='par_1_5' title="bbox 1968 462 3559 535">
     <span class='ocr_line' id='line_1_5' title="bbox 1968 462 3559 535; baseline -0.001 -16"><span class='ocrx_word' id='word_1_16' title='bbox 1968 464 2358 530; x_wconf 86' lang='lat' dir='ltr'><strong>somniaverat,</strong></span> <span class='ocrx_word' id='word_1_17' title='bbox 2390 466 2609 535; x_wconf 89' lang='lat' dir='ltr'><strong>propria</strong></span> <span class='ocrx_word' id='word_1_18' title='bbox 2642 462 2936 519; x_wconf 90' lang='lat' dir='ltr'><strong>tetrarchia</strong></span> <span class='ocrx_word' id='word_1_19' title='bbox 2985 462 3223 527; x_wconf 76' lang='lat' dir='ltr'><strong>excidat,</strong></span> <span class='ocrx_word' id='word_1_20' title='bbox 3254 471 3311 519; x_wconf 92' lang='lat' dir='ltr'><strong>et</strong></span> <span class='ocrx_word' id='word_1_21' title='bbox 3339 462 3559 533; x_wconf 80' lang='lat' dir='ltr'><strong>Lugdu-</strong></span> 
     </span>
    </p>
   </div>
   <div class='ocr_carea' id='block_1_6' title="bbox 269 555 1869 628">
    <p class='ocr_par' dir='ltr' id='par_1_6' title="bbox 269 555 1869 628">
     <span class='ocr_line' id='line_1_6' title="bbox 269 555 1869 628; baseline -0.001 -16"><span class='ocrx_word' id='word_1_22' title='bbox 269 559 489 626; x_wconf 67' lang='grc' dir='ltr'>(ειλίαν,</span> <span class='ocrx_word' id='word_1_23' title='bbox 546 558 644 611; x_wconf 75' lang='grc' dir='ltr'>καὶ</span> <span class='ocrx_word' id='word_1_24' title='bbox 687 555 783 610; x_wconf 82' lang='grc' dir='ltr'><strong>νῦν</strong></span> <span class='ocrx_word' id='word_1_25' title='bbox 831 557 888 611; x_wconf 80' lang='grc' dir='ltr'>δὲ</span> <span class='ocrx_word' id='word_1_26' title='bbox 935 557 1076 627; x_wconf 83' lang='grc' dir='ltr'>πρὸς</span> <span class='ocrx_word' id='word_1_27' title='bbox 1132 556 1468 627; x_wconf 78' lang='grc' dir='ltr'>Ἀρτάϐανον</span> <span class='ocrx_word' id='word_1_28' title='bbox 1515 557 1606 610; x_wconf 74' lang='grc' dir='ltr'>τὸν</span> <span class='ocrx_word' id='word_1_29' title='bbox 1634 556 1869 628; x_wconf 82' lang='grc' dir='ltr'><strong>Πάρθων</strong></span> 
     </span>
    </p>
   </div>
   <div class='ocr_carea' id='block_1_7' title="bbox 271 648 1867 721">
    <p class='ocr_par' dir='ltr' id='par_1_7' title="bbox 271 648 1867 721">
     <span class='ocr_line' id='line_1_7' title="bbox 271 648 1867 721; baseline -0.001 -17"><span class='ocrx_word' id='word_1_30' title='bbox 271 651 511 720; x_wconf 75' lang='grc' dir='ltr'><strong>βασιλέα</strong></span> <span class='ocrx_word' id='word_1_31' title='bbox 541 651 608 704; x_wconf 80' lang='grc' dir='ltr'>τὰ</span> <span class='ocrx_word' id='word_1_32' title='bbox 627 649 767 703; x_wconf 67' lang='grc' dir='ltr'>αὐτὰ</span> <span class='ocrx_word' id='word_1_33' title='bbox 794 652 1011 720; x_wconf 84' lang='grc' dir='ltr'><strong>φρονεῖν</strong></span> <span class='ocrx_word' id='word_1_34' title='bbox 1033 650 1177 703; x_wconf 82' lang='grc' dir='ltr'>κατὰ</span> <span class='ocrx_word' id='word_1_35' title='bbox 1207 648 1518 721; x_wconf 83' lang='grc' dir='ltr'>Ῥωμαίων)</span> <span class='ocrx_word' id='word_1_36' title='bbox 1545 667 1867 721; x_wconf 84' lang='grc' dir='ltr'>παρασκευ-</span> 
     </span>
    </p>
   </div>
   <div class='ocr_carea' id='block_1_8' title="bbox 273 741 1865 815">
    <p class='ocr_par' dir='ltr' id='par_1_8' title="bbox 273 741 1865 815">
     <span class='ocr_line' id='line_1_8' title="bbox 273 741 1865 815; baseline -0.002 -18"><span class='ocrx_word' id='word_1_37' title='bbox 273 744 408 807; x_wconf 80' lang='grc' dir='ltr'>άζει</span> <span class='ocrx_word' id='word_1_38' title='bbox 459 744 581 797; x_wconf 73' lang='grc' dir='ltr'>ἀντὶ</span> <span class='ocrx_word' id='word_1_39' title='bbox 631 745 733 812; x_wconf 79' lang='grc' dir='ltr'>τῆς</span> <span class='ocrx_word' id='word_1_40' title='bbox 785 743 1298 815; x_wconf 82' lang='grc' dir='ltr'>ὀνειροποληθείσης</span> <span class='ocrx_word' id='word_1_41' title='bbox 1336 742 1611 811; x_wconf 83' lang='grc' dir='ltr'><strong>βασιλείας</strong></span> <span class='ocrx_word' id='word_1_42' title='bbox 1653 741 1756 811; x_wconf 79' lang='grc' dir='ltr'>τῆς</span> <span class='ocrx_word' id='word_1_43' title='bbox 1805 758 1865 794; x_wconf 86' lang='grc' dir='ltr'><strong>τε</strong></span> 
     </span>
    </p>
   </div>
   <div class='ocr_carea' id='block_1_9' title="bbox 266 831 1865 905">
    <p class='ocr_par' dir='ltr' id='par_1_9' title="bbox 266 831 1865 905">
     <span class='ocr_line' id='line_1_9' title="bbox 266 831 1865 905; baseline -0.001 -18"><span class='ocrx_word' id='word_1_44' title='bbox 266 834 487 897; x_wconf 79' lang='grc' dir='ltr'><strong>οἰκείας</strong></span> <span class='ocrx_word' id='word_1_45' title='bbox 520 835 776 887; x_wconf 80' lang='grc' dir='ltr'><strong>ἐκπεσεῖν</strong></span> <span class='ocrx_word' id='word_1_46' title='bbox 812 834 1141 905; x_wconf 78' lang='grc' dir='ltr'><strong>τετραρχίας</strong></span> <span class='ocrx_word' id='word_1_47' title='bbox 1166 836 1260 888; x_wconf 82' lang='grc' dir='ltr'>καὶ</span> <span class='ocrx_word' id='word_1_48' title='bbox 1291 835 1370 896; x_wconf 86' lang='grc' dir='ltr'><strong>είς</strong></span> <span class='ocrx_word' id='word_1_49' title='bbox 1397 831 1749 902; x_wconf 87' lang='grc' dir='ltr'>Λουγδούνων</span> <span class='ocrx_word' id='word_1_50' title='bbox 1778 834 1865 886; x_wconf 80' lang='grc' dir='ltr'><strong>ἀϊ-</strong></span> 
     </span>
    </p>
   </div>
   <div class='ocr_carea' id='block_1_10' title="bbox 267 926 1865 999">
    <p class='ocr_par' dir='ltr' id='par_1_10' title="bbox 267 926 1865 999">
     <span class='ocr_line' id='line_1_10' title="bbox 267 926 1865 999; baseline 0.001 -20"><span class='ocrx_word' id='word_1_51' title='bbox 267 926 371 999; x_wconf 78' lang='grc' dir='ltr'><strong>δίᾳ</strong></span> <span class='ocrx_word' id='word_1_52' title='bbox 417 929 563 996; x_wconf 83' lang='grc' dir='ltr'>φυγῇ</span> <span class='ocrx_word' id='word_1_53' title='bbox 612 926 964 997; x_wconf 80' lang='grc' dir='ltr'><strong>ζημιωθέντα</strong></span> <span class='ocrx_word' id='word_1_54' title='bbox 1021 927 1302 997; x_wconf 82' lang='grc' dir='ltr'>ἐλαθῆναι.</span> <span class='ocrx_word' id='word_1_55' title='bbox 1355 927 1467 980; x_wconf 77' lang='grc' dir='ltr'><strong>Καὶ</strong></span> <span class='ocrx_word' id='word_1_56' title='bbox 1508 927 1775 999; x_wconf 77' lang='grc' dir='ltr'>Ἡρωδιὰς</span> <span class='ocrx_word' id='word_1_57' title='bbox 1820 928 1865 980; x_wconf 80' lang='grc' dir='ltr'>δ’</span> 
     </span>
    </p>
   </div>
   <div class='ocr_carea' id='block_1_11' title="bbox 271 1020 1870 1093">
    <p class='ocr_par' dir='ltr' id='par_1_11' title="bbox 271 1020 1870 1093">
     <span class='ocr_line' id='line_1_11' title="bbox 271 1020 1870 1093; baseline -0.001 -18"><span class='ocrx_word' id='word_1_58' title='bbox 271 1021 487 1075; x_wconf 80' lang='grc' dir='ltr'>ἑκοῦσα</span> <span class='ocrx_word' id='word_1_59' title='bbox 529 1021 608 1089; x_wconf 83' lang='grc' dir='ltr'>τῷ</span> <span class='ocrx_word' id='word_1_60' title='bbox 657 1020 813 1089; x_wconf 76' lang='grc' dir='ltr'>ἀνδρὶ</span> <span class='ocrx_word' id='word_1_61' title='bbox 844 1020 1321 1092; x_wconf 86' lang='grc' dir='ltr'>συμφυγαδεύεται</span> <span class='ocrx_word' id='word_1_62' title='bbox 1345 1036 1364 1052; x_wconf 74' lang='grc' dir='ltr'><strong>ο</strong></span> <span class='ocrx_word' id='word_1_63' title='bbox 1402 1022 1503 1091; x_wconf 82' lang='grc' dir='ltr'><strong>τὴν</strong></span> <span class='ocrx_word' id='word_1_64' title='bbox 1541 1021 1597 1074; x_wconf 88' lang='grc' dir='ltr'>δὲ</span> <span class='ocrx_word' id='word_1_65' title='bbox 1634 1038 1870 1093; x_wconf 86' lang='grc' dir='ltr'>τετραρ-</span> 
     </span>
    </p>
   </div>
   <div class='ocr_carea' id='block_1_12' title="bbox 283 1112 1865 1185">
    <p class='ocr_par' dir='ltr' id='par_1_12' title="bbox 283 1112 1865 1185">
     <span class='ocr_line' id='line_1_12' title="bbox 283 1112 1865 1185; baseline 0 -18"><span class='ocrx_word' id='word_1_66' title='bbox 283 1114 413 1184; x_wconf 83' lang='grc' dir='ltr'>χίαν</span> <span class='ocrx_word' id='word_1_67' title='bbox 452 1112 618 1167; x_wconf 82' lang='grc' dir='ltr'>αὐτοῦ</span> <span class='ocrx_word' id='word_1_68' title='bbox 647 1113 807 1175; x_wconf 80' lang='grc' dir='ltr'>Γάϊος</span> <span class='ocrx_word' id='word_1_69' title='bbox 836 1113 1124 1184; x_wconf 74' lang='grc' dir='ltr'>Ἀγρίππᾳ</span> <span class='ocrx_word' id='word_1_70' title='bbox 1161 1112 1506 1185; x_wconf 81' lang='grc' dir='ltr'>προστίθησι.</span> <span class='ocrx_word' id='word_1_71' title='bbox 1539 1112 1741 1167; x_wconf 81' lang='grc' dir='ltr'>Τοῦτον</span> <span class='ocrx_word' id='word_1_72' title='bbox 1772 1114 1865 1168; x_wconf 87' lang='grc' dir='ltr'><strong>τὸν</strong></span> 
     </span>
    </p>
   </div>
   <div class='ocr_carea' id='block_1_13' title="bbox 270 1204 1866 1278">
    <p class='ocr_par' dir='ltr' id='par_1_13' title="bbox 270 1204 1866 1278">
     <span class='ocr_line' id='line_1_13' title="bbox 270 1204 1866 1278; baseline 0.001 -19"><span class='ocrx_word' id='word_1_73' title='bbox 270 1206 597 1276; x_wconf 79' lang='grc' dir='ltr'>’Δγρίππαν</span> <span class='ocrx_word' id='word_1_74' title='bbox 625 1206 763 1276; x_wconf 79' lang='grc' dir='ltr'>πρὸς</span> <span class='ocrx_word' id='word_1_75' title='bbox 790 1204 1203 1275; x_wconf 86' lang='grc' dir='ltr'>ἁντιδιαστολὴν</span> <span class='ocrx_word' id='word_1_76' title='bbox 1241 1205 1337 1259; x_wconf 84' lang='grc' dir='ltr'>τοῦ</span> <span class='ocrx_word' id='word_1_77' title='bbox 1386 1206 1503 1259; x_wconf 86' lang='grc' dir='ltr'>υἱοῦ</span> <span class='ocrx_word' id='word_1_78' title='bbox 1544 1207 1641 1260; x_wconf 76' lang='grc' dir='ltr'>καὶ</span> <span class='ocrx_word' id='word_1_79' title='bbox 1690 1207 1866 1278; x_wconf 86' lang='grc' dir='ltr'>μέγαν</span> 
     </span>
    </p>
   </div>
   <div class='ocr_carea' id='block_1_14' title="bbox 286 1297 1866 1372">
    <p class='ocr_par' dir='ltr' id='par_1_14' title="bbox 286 1297 1866 1372">
     <span class='ocr_line' id='line_1_14' title="bbox 286 1297 1866 1372; baseline 0.003 -22"><span class='ocrx_word' id='word_1_80' title='bbox 286 1300 603 1367; x_wconf 72' lang='grc' dir='ltr'><strong>Ἀγρίππαν</strong></span> <span class='ocrx_word' id='word_1_81' title='bbox 653 1297 898 1363; x_wconf 80' lang='grc' dir='ltr'>καλοῦσι,</span> <span class='ocrx_word' id='word_1_82' title='bbox 947 1298 1045 1351; x_wconf 63' lang='grc' dir='ltr'><strong>καλ¹</strong></span> <span class='ocrx_word' id='word_1_83' title='bbox 1113 1299 1193 1362; x_wconf 88' lang='grc' dir='ltr'><strong>είς</strong></span> <span class='ocrx_word' id='word_1_84' title='bbox 1241 1298 1304 1351; x_wconf 79' lang='grc' dir='ltr'>τὸ</span> <span class='ocrx_word' id='word_1_85' title='bbox 1357 1298 1594 1368; x_wconf 90' lang='grc' dir='ltr'>μάλιστα</span> <span class='ocrx_word' id='word_1_86' title='bbox 1640 1317 1866 1372; x_wconf 86' lang='grc' dir='ltr'>κεχαρι-</span> 
     </span>
    </p>
   </div>
   <div class='ocr_carea' id='block_1_15' title="bbox 269 1383 1865 1462">
    <p class='ocr_par' dir='ltr' id='par_1_15' title="bbox 269 1383 1865 1462">
     <span class='ocr_line' id='line_1_15' title="bbox 269 1383 1865 1462; baseline 0.001 -19"><span class='ocrx_word' id='word_1_87' title='bbox 269 1390 475 1459; x_wconf 79' lang='grc' dir='ltr'><strong>σμένον</strong></span> <span class='ocrx_word' id='word_1_88' title='bbox 517 1389 779 1461; x_wconf 85' lang='grc' dir='ltr'>Ἰὼσηπός</span> <span class='ocrx_word' id='word_1_89' title='bbox 810 1408 975 1460; x_wconf 85' lang='grc' dir='ltr'>φησιν</span> <span class='ocrx_word' id='word_1_90' title='bbox 1018 1390 1287 1444; x_wconf 80' lang='grc' dir='ltr'><strong>Ἰουδαίων</strong></span> <span class='ocrx_word' id='word_1_91' title='bbox 1315 1390 1496 1462; x_wconf 79' lang='grc' dir='ltr'>ἄρξαι.</span> <span class='ocrx_word' id='word_1_92' title='bbox 1530 1383 1698 1455; x_wconf 76' lang='grc' dir='ltr'>Οὗτος</span> <span class='ocrx_word' id='word_1_93' title='bbox 1722 1392 1865 1445; x_wconf 84' lang='grc' dir='ltr'>ὲκεί-</span> 
     </span>
    </p>
   </div>
   <div class='ocr_carea' id='block_1_16' title="bbox 265 1483 1864 1554">
    <p class='ocr_par' dir='ltr' id='par_1_16' title="bbox 265 1483 1864 1554">
     <span class='ocr_line' id='line_1_16' title="bbox 265 1483 1864 1554; baseline 0.001 -17"><span class='ocrx_word' id='word_1_94' title='bbox 265 1500 408 1548; x_wconf 85' lang='grc' dir='ltr'>νοις,</span> <span class='ocrx_word' id='word_1_95' title='bbox 432 1483 509 1545; x_wconf 84' lang='grc' dir='ltr'><strong>ὡς</strong></span> <span class='ocrx_word' id='word_1_96' title='bbox 530 1484 700 1547; x_wconf 81' lang='grc' dir='ltr'>ἐοικε,</span> <span class='ocrx_word' id='word_1_97' title='bbox 733 1484 1095 1554; x_wconf 82' lang='grc' dir='ltr'><strong>χαριζόμενος</strong></span> <span class='ocrx_word' id='word_1_98' title='bbox 1127 1483 1224 1537; x_wconf 77' lang='grc' dir='ltr'>καὶ</span> <span class='ocrx_word' id='word_1_99' title='bbox 1258 1484 1511 1539; x_wconf 87' lang='grc' dir='ltr'>Ἰάκωϐον</span> <span class='ocrx_word' id='word_1_100' title='bbox 1540 1485 1561 1517; x_wconf 84' lang='grc'><strong><em>⁸</em></strong></span> <span class='ocrx_word' id='word_1_101' title='bbox 1589 1485 1682 1538; x_wconf 82' lang='grc' dir='ltr'>τὸν</span> <span class='ocrx_word' id='word_1_102' title='bbox 1708 1485 1864 1538; x_wconf 87' lang='grc' dir='ltr'>ἀδελ-</span> 
     </span>
    </p>
   </div>
   <div class='ocr_carea' id='block_1_17' title="bbox 269 1574 1864 1648">
    <p class='ocr_par' dir='ltr' id='par_1_17' title="bbox 269 1574 1864 1648">
     <span class='ocr_line' id='line_1_17' title="bbox 269 1574 1864 1648; baseline 0.003 -21"><span class='ocrx_word' id='word_1_103' title='bbox 269 1576 376 1646; x_wconf 81' lang='grc' dir='ltr'>φὸν</span> <span class='ocrx_word' id='word_1_104' title='bbox 426 1574 674 1630; x_wconf 80' lang='grc' dir='ltr'><strong>Ἰωάννου</strong></span> <span class='ocrx_word' id='word_1_105' title='bbox 713 1576 960 1648; x_wconf 78' lang='grc' dir='ltr'>μαχαίρᾳ</span> <span class='ocrx_word' id='word_1_106' title='bbox 1006 1577 1209 1642; x_wconf 83' lang='grc' dir='ltr'>ἀνεῖλε,</span> <span class='ocrx_word' id='word_1_107' title='bbox 1262 1578 1357 1631; x_wconf 60' lang='grc' dir='ltr'><strong>καὶ¹</strong></span> <span class='ocrx_word' id='word_1_108' title='bbox 1411 1578 1503 1631; x_wconf 84' lang='grc' dir='ltr'>τὸν</span> <span class='ocrx_word' id='word_1_109' title='bbox 1566 1582 1864 1648; x_wconf 79' lang='grc' dir='ltr'>κορυφαῖον</span> 
     </span>
    </p>
   </div>
   <div class='ocr_carea' id='block_1_18' title="bbox 267 1666 1861 1741">
    <p class='ocr_par' dir='ltr' id='par_1_18' title="bbox 267 1666 1861 1741">
     <span class='ocr_line' id='line_1_18' title="bbox 267 1666 1861 1741; baseline 0.003 -22"><span class='ocrx_word' id='word_1_110' title='bbox 267 1667 385 1719; x_wconf 83' lang='grc' dir='ltr'>τῶν</span> <span class='ocrx_word' id='word_1_111' title='bbox 423 1666 683 1739; x_wconf 81' lang='grc' dir='ltr'>μαθητῶν</span> <span class='ocrx_word' id='word_1_112' title='bbox 712 1668 921 1739; x_wconf 83' lang='grc' dir='ltr'>Πέτρον</span> <span class='ocrx_word' id='word_1_113' title='bbox 946 1668 1327 1740; x_wconf 81' lang='grc' dir='ltr'>ἐπεχείρησεν,</span> <span class='ocrx_word' id='word_1_114' title='bbox 1350 1669 1398 1721; x_wconf 87' lang='grc' dir='ltr'><strong>εί</strong></span> <span class='ocrx_word' id='word_1_115' title='bbox 1421 1669 1515 1723; x_wconf 76' lang='grc' dir='ltr'>καὶ</span> <span class='ocrx_word' id='word_1_116' title='bbox 1542 1669 1861 1741; x_wconf 83' lang='grc' dir='ltr'>διήμαρτεν,</span> 
     </span>
    </p>
   </div>
   <div class='ocr_carea' id='block_1_19' title="bbox 268 1750 1867 1832">
    <p class='ocr_par' dir='ltr' id='par_1_19' title="bbox 268 1750 1867 1832">
     <span class='ocr_line' id='line_1_19' title="bbox 268 1750 1867 1832; baseline 0.003 -23"><span class='ocrx_word' id='word_1_117' title='bbox 268 1755 511 1810; x_wconf 82' lang='grc' dir='ltr'>ἀνελεῖν.</span> <span class='ocrx_word' id='word_1_118' title='bbox 544 1750 713 1820; x_wconf 74' lang='grc' dir='ltr'>Οὗτος</span> <span class='ocrx_word' id='word_1_119' title='bbox 750 1757 961 1826; x_wconf 84' lang='grc' dir='ltr'>ἐσθῆτα</span> <span class='ocrx_word' id='word_1_120' title='bbox 998 1758 1245 1829; x_wconf 82' lang='grc' dir='ltr'>ἀργύρου</span> <span class='ocrx_word' id='word_1_121' title='bbox 1291 1759 1669 1830; x_wconf 78' lang='grc' dir='ltr'>πεποιημένην</span> <span class='ocrx_word' id='word_1_122' title='bbox 1704 1777 1867 1832; x_wconf 88' lang='grc' dir='ltr'>περι-</span> 
     </span>
    </p>
   </div>
   <div class='ocr_carea' id='block_1_20' title="bbox 272 1833 1863 1922">
    <p class='ocr_par' dir='ltr' id='par_1_20' title="bbox 272 1833 1863 1922">
     <span class='ocr_line' id='line_1_20' title="bbox 272 1833 1863 1922; baseline 0.002 -20"><span class='ocrx_word' id='word_1_123' title='bbox 272 1850 509 1920; x_wconf 84' lang='grc' dir='ltr'>θέμενος</span> <span class='ocrx_word' id='word_1_124' title='bbox 534 1850 629 1902; x_wconf 68' lang='grc' dir='ltr'><strong>καὶ</strong></span> <span class='ocrx_word' id='word_1_125' title='bbox 659 1848 740 1919; x_wconf 85' lang='grc' dir='ltr'>τῷ</span> <span class='ocrx_word' id='word_1_126' title='bbox 788 1833 984 1921; x_wconf 86' lang='grc' dir='ltr'>πλήθεί</span> <span class='ocrx_word' id='word_1_127' title='bbox 1028 1850 1445 1922; x_wconf 78' lang='grc' dir='ltr'>δημηγορήσας,</span> <span class='ocrx_word' id='word_1_128' title='bbox 1502 1851 1624 1904; x_wconf 83' lang='grc' dir='ltr'>ἐπεὶ</span> <span class='ocrx_word' id='word_1_129' title='bbox 1679 1852 1863 1921; x_wconf 83' lang='grc' dir='ltr'>φωνὰς</span> 
     </span>
    </p>
   </div>
   <div class='ocr_carea' id='block_1_21' title="bbox 269 1937 1867 2013">
    <p class='ocr_par' dir='ltr' id='par_1_21' title="bbox 269 1937 1867 2013">
     <span class='ocr_line' id='line_1_21' title="bbox 269 1937 1867 2013; baseline 0.003 -22"><span class='ocrx_word' id='word_1_130' title='bbox 269 1940 407 2009; x_wconf 81' lang='grc' dir='ltr'>παρ’</span> <span class='ocrx_word' id='word_1_131' title='bbox 442 1937 620 1992; x_wconf 79' lang='grc' dir='ltr'>αὐτῶν</span> <span class='ocrx_word' id='word_1_132' title='bbox 650 1939 791 2009; x_wconf 82' lang='grc' dir='ltr'>μετὰ</span> <span class='ocrx_word' id='word_1_133' title='bbox 828 1940 889 1993; x_wconf 86' lang='grc' dir='ltr'>τὸ</span> <span class='ocrx_word' id='word_1_134' title='bbox 924 1940 1230 2013; x_wconf 82' lang='grc' dir='ltr'>ὑπερϐολὴν</span> <span class='ocrx_word' id='word_1_135' title='bbox 1262 1942 1553 2006; x_wconf 86' lang='grc' dir='ltr'>κολακείας</span> <span class='ocrx_word' id='word_1_136' title='bbox 1585 1942 1730 2013; x_wconf 77' lang='grc' dir='ltr'>ἔχειν</span> <span class='ocrx_word' id='word_1_137' title='bbox 1767 1944 1867 1998; x_wconf 70' lang='grc' dir='ltr'>καὶ</span> 
     </span>
    </p>
   </div>
   <div class='ocr_carea' id='block_1_22' title="bbox 268 2029 1861 2106">
    <p class='ocr_par' dir='ltr' id='par_1_22' title="bbox 268 2029 1861 2106">
     <span class='ocr_line' id='line_1_22' title="bbox 268 2029 1861 2106; baseline 0.001 -21"><span class='ocrx_word' id='word_1_138' title='bbox 268 2031 532 2094; x_wconf 81' lang='grc' dir='ltr'>ἀσεϐείας</span> <span class='ocrx_word' id='word_1_139' title='bbox 564 2032 645 2094; x_wconf 85' lang='grc' dir='ltr'><strong>είς</strong></span> <span class='ocrx_word' id='word_1_140' title='bbox 667 2029 895 2101; x_wconf 76' lang='grc' dir='ltr'>ἔσχατον</span> <span class='ocrx_word' id='word_1_141' title='bbox 931 2032 1089 2101; x_wconf 76' lang='grc' dir='ltr'>ἥκειν</span> <span class='ocrx_word' id='word_1_142' title='bbox 1114 2033 1135 2064; x_wconf 77' lang='grc'>⁸</span> <span class='ocrx_word' id='word_1_143' title='bbox 1165 2032 1379 2087; x_wconf 83' lang='grc' dir='ltr'>ἀκούων</span> <span class='ocrx_word' id='word_1_144' title='bbox 1407 2034 1507 2086; x_wconf 87' lang='grc' dir='ltr'>οὐκ</span> <span class='ocrx_word' id='word_1_145' title='bbox 1537 2037 1861 2106; x_wconf 88' lang='grc' dir='ltr'>ἐπετίμησε,</span> 
     </span>
    </p>
   </div>
   <div class='ocr_carea' id='block_1_23' title="bbox 268 2122 1863 2196">
    <p class='ocr_par' dir='ltr' id='par_1_23' title="bbox 268 2122 1863 2196">
     <span class='ocr_line' id='line_1_23' title="bbox 268 2122 1863 2196; baseline 0.001 -19"><span class='ocrx_word' id='word_1_146' title='bbox 268 2123 595 2194; x_wconf 76' lang='grc' dir='ltr'>παραυτίκα</span> <span class='ocrx_word' id='word_1_147' title='bbox 615 2122 769 2193; x_wconf 84' lang='grc' dir='ltr'>δίκην</span> <span class='ocrx_word' id='word_1_148' title='bbox 798 2122 1012 2177; x_wconf 88' lang='grc' dir='ltr'>δίδωσιν</span> <span class='ocrx_word' id='word_1_149' title='bbox 1030 2139 1046 2155; x_wconf 79' lang='grc' dir='ltr'><strong><em>ο</em></strong></span> <span class='ocrx_word' id='word_1_150' title='bbox 1078 2123 1392 2196; x_wconf 85' lang='grc' dir='ltr'>ἀλγήματος</span> <span class='ocrx_word' id='word_1_151' title='bbox 1413 2126 1523 2196; x_wconf 84' lang='grc' dir='ltr'>γὰρ</span> <span class='ocrx_word' id='word_1_152' title='bbox 1543 2124 1692 2194; x_wconf 89' lang='grc' dir='ltr'>αὑτῷ</span> <span class='ocrx_word' id='word_1_153' title='bbox 1721 2126 1863 2180; x_wconf 82' lang='grc' dir='ltr'>κατὰ</span> 
     </span>
    </p>
   </div>
   <div class='ocr_carea' id='block_1_24' title="bbox 268 2210 1862 2286">
    <p class='ocr_par' dir='ltr' id='par_1_24' title="bbox 268 2210 1862 2286">
     <span class='ocr_line' id='line_1_24' title="bbox 268 2210 1862 2286; baseline 0.001 -20"><span class='ocrx_word' id='word_1_154' title='bbox 268 2212 526 2282; x_wconf 86' lang='grc' dir='ltr'>γαστέρα</span> <span class='ocrx_word' id='word_1_155' title='bbox 554 2210 786 2282; x_wconf 80' lang='grc' dir='ltr'>σφοδροῦ</span> <span class='ocrx_word' id='word_1_156' title='bbox 816 2212 1105 2281; x_wconf 85' lang='grc' dir='ltr'>γεγονότος</span> <span class='ocrx_word' id='word_1_157' title='bbox 1133 2213 1201 2267; x_wconf 80' lang='grc' dir='ltr'><strong>δι’</strong></span> <span class='ocrx_word' id='word_1_158' title='bbox 1243 2212 1467 2286; x_wconf 79' lang='grc' dir='ltr'>ἡμερῶν</span> <span class='ocrx_word' id='word_1_159' title='bbox 1515 2210 1556 2268; x_wconf 83' lang='grc' dir='ltr'>ε’</span> <span class='ocrx_word' id='word_1_160' title='bbox 1603 2215 1697 2270; x_wconf 84' lang='grc' dir='ltr'>τὸν</span> <span class='ocrx_word' id='word_1_161' title='bbox 1747 2213 1862 2284; x_wconf 85' lang='grc' dir='ltr'>βίον</span> 
     </span>
    </p>
   </div>
   <div class='ocr_carea' id='block_1_25' title="bbox 269 2303 1862 2377">
    <p class='ocr_par' dir='ltr' id='par_1_25' title="bbox 269 2303 1862 2377">
     <span class='ocr_line' id='line_1_25' title="bbox 269 2303 1862 2377; baseline 0.001 -19"><span class='ocrx_word' id='word_1_162' title='bbox 269 2303 671 2375; x_wconf 77' lang='grc' dir='ltr'>κατέστρεψεν,</span> <span class='ocrx_word' id='word_1_163' title='bbox 708 2304 857 2371; x_wconf 81' lang='grc' dir='ltr'>ἄγων</span> <span class='ocrx_word' id='word_1_164' title='bbox 888 2304 997 2359; x_wconf 82' lang='grc' dir='ltr'><strong>ἀπὸ</strong></span> <span class='ocrx_word' id='word_1_165' title='bbox 1020 2305 1286 2374; x_wconf 86' lang='grc' dir='ltr'>γενέσεως</span> <span class='ocrx_word' id='word_1_166' title='bbox 1329 2307 1449 2370; x_wconf 77' lang='grc' dir='ltr'>ἔτος</span> <span class='ocrx_word' id='word_1_167' title='bbox 1477 2305 1520 2361; x_wconf 80' lang='grc' dir='ltr'>δ’</span> <span class='ocrx_word' id='word_1_168' title='bbox 1547 2307 1643 2360; x_wconf 79' lang='grc' dir='ltr'>καὶ</span> <span class='ocrx_word' id='word_1_169' title='bbox 1667 2314 1734 2373; x_wconf 85' lang='grc' dir='ltr'>ν’,</span> <span class='ocrx_word' id='word_1_170' title='bbox 1762 2310 1862 2377; x_wconf 79' lang='grc' dir='ltr'>τῆς</span> 
     </span>
    </p>
   </div>
   <div class='ocr_carea' id='block_1_26' title="bbox 268 2389 1862 2471">
    <p class='ocr_par' dir='ltr' id='par_1_26' title="bbox 268 2389 1862 2471">
     <span class='ocr_line' id='line_1_26' title="bbox 268 2389 1862 2471; baseline 0.004 -22"><span class='ocrx_word' id='word_1_171' title='bbox 268 2395 332 2449; x_wconf 86' lang='grc' dir='ltr'><strong>δέ</strong></span> <span class='ocrx_word' id='word_1_172' title='bbox 359 2394 638 2465; x_wconf 84' lang='grc' dir='ltr'>βασιλείας</span> <span class='ocrx_word' id='word_1_173' title='bbox 669 2396 740 2461; x_wconf 80' lang='grc' dir='ltr'><strong>ζ’,</strong></span> <span class='ocrx_word' id='word_1_174' title='bbox 770 2389 846 2449; x_wconf 82' lang='grc' dir='ltr'><strong>ὧν</strong></span> <span class='ocrx_word' id='word_1_175' title='bbox 885 2397 927 2450; x_wconf 82' lang='grc' dir='ltr'>δ’</span> <span class='ocrx_word' id='word_1_176' title='bbox 962 2398 1128 2452; x_wconf 74' lang='grc' dir='ltr'>Γαΐου</span> <span class='ocrx_word' id='word_1_177' title='bbox 1176 2398 1554 2470; x_wconf 83' lang='grc' dir='ltr'>βασιλεύοντος</span> <span class='ocrx_word' id='word_1_178' title='bbox 1593 2395 1752 2471; x_wconf 78' lang='grc' dir='ltr'>ἦρξε,</span> <span class='ocrx_word' id='word_1_179' title='bbox 1792 2401 1862 2455; x_wconf 82' lang='grc' dir='ltr'>τὰ</span> 
     </span>
    </p>
   </div>
   <div class='ocr_carea' id='block_1_27' title="bbox 272 2483 1879 2567">
    <p class='ocr_par' dir='ltr' id='par_1_27' title="bbox 272 2483 1879 2567">
     <span class='ocr_line' id='line_1_27' title="bbox 272 2483 1879 2567; baseline 0.004 -28"><span class='ocrx_word' id='word_1_180' title='bbox 272 2486 376 2558; x_wconf 83' lang='grc' dir='ltr'><strong>μὲν</strong></span> <span class='ocrx_word' id='word_1_181' title='bbox 427 2483 478 2555; x_wconf 58' lang='grc' dir='ltr'><em>Υ</em></span> <span class='ocrx_word' id='word_1_182' title='bbox 529 2487 630 2559; x_wconf 83' lang='grc' dir='ltr'><strong>τὴν</strong></span> <span class='ocrx_word' id='word_1_183' title='bbox 676 2489 944 2543; x_wconf 84' lang='grc' dir='ltr'>Φιλίππου</span> <span class='ocrx_word' id='word_1_184' title='bbox 997 2492 1136 2562; x_wconf 80' lang='grc' dir='ltr'>ἔχων</span> <span class='ocrx_word' id='word_1_185' title='bbox 1183 2494 1563 2566; x_wconf 71' lang='grc' dir='ltr'>τετραρχίαν,’</span> <span class='ocrx_word' id='word_1_186' title='bbox 1590 2495 1670 2567; x_wconf 86' lang='grc' dir='ltr'>τῷ</span> <span class='ocrx_word' id='word_1_187' title='bbox 1719 2496 1761 2550; x_wconf 88' lang='grc' dir='ltr'>δ’</span> <span class='ocrx_word' id='word_1_188' title='bbox 1802 2496 1879 2550; x_wconf 86' lang='grc' dir='ltr'><strong>δέ.</strong></span> 
     </span>
    </p>
   </div>
   <div class='ocr_carea' id='block_1_28' title="bbox 272 2580 1862 2658">
    <p class='ocr_par' dir='ltr' id='par_1_28' title="bbox 272 2580 1862 2658">
     <span class='ocr_line' id='line_1_28' title="bbox 272 2580 1862 2658; baseline 0.005 -26"><span class='ocrx_word' id='word_1_189' title='bbox 272 2580 598 2650; x_wconf 87' lang='grc' dir='ltr'>προσλαϐὼν</span> <span class='ocrx_word' id='word_1_190' title='bbox 649 2582 743 2636; x_wconf 75' lang='grc' dir='ltr'>καὶ</span> <span class='ocrx_word' id='word_1_191' title='bbox 799 2584 898 2654; x_wconf 83' lang='grc' dir='ltr'>τὴν</span> <span class='ocrx_word' id='word_1_192' title='bbox 960 2583 1227 2655; x_wconf 82' lang='grc' dir='ltr'>Ἡρώδου,</span> <span class='ocrx_word' id='word_1_193' title='bbox 1266 2589 1335 2641; x_wconf 82' lang='grc' dir='ltr'>τὰ</span> <span class='ocrx_word' id='word_1_194' title='bbox 1385 2588 1443 2641; x_wconf 82' lang='grc' dir='ltr'>δὲ</span> <span class='ocrx_word' id='word_1_195' title='bbox 1480 2589 1643 2643; x_wconf 86' lang='grc' dir='ltr'>λοιπὰ</span> <span class='ocrx_word' id='word_1_196' title='bbox 1680 2595 1729 2658; x_wconf 85' lang='grc' dir='ltr'>γ’</span> <span class='ocrx_word' id='word_1_197' title='bbox 1767 2587 1862 2641; x_wconf 73' lang='grc' dir='ltr'>ἐπὶ</span> 
     </span>
    </p>
   </div>
   <div class='ocr_carea' id='block_1_29' title="bbox 274 2668 1864 2751">
    <p class='ocr_par' dir='ltr' id='par_1_29' title="bbox 274 2668 1864 2751">
     <span class='ocr_line' id='line_1_29' title="bbox 274 2668 1864 2751; baseline 0.008 -29"><span class='ocrx_word' id='word_1_198' title='bbox 274 2670 565 2734; x_wconf 73' lang='grc' dir='ltr'>Κλαυδίου,</span> <span class='ocrx_word' id='word_1_199' title='bbox 610 2673 670 2726; x_wconf 90' lang='grc' dir='ltr'><strong>ἐν</strong></span> <span class='ocrx_word' id='word_1_200' title='bbox 719 2668 800 2737; x_wconf 76' lang='grc' dir='ltr'>οἷς</span> <span class='ocrx_word' id='word_1_201' title='bbox 839 2674 1101 2729; x_wconf 84' lang='grc' dir='ltr'>Ἰουδαίαν</span> <span class='ocrx_word' id='word_1_202' title='bbox 1150 2694 1211 2730; x_wconf 90' lang='grc' dir='ltr'><strong>τε</strong></span> <span class='ocrx_word' id='word_1_203' title='bbox 1254 2681 1352 2733; x_wconf 72' lang='grc' dir='ltr'><strong>καὶ</strong></span> <span class='ocrx_word' id='word_1_204' title='bbox 1398 2680 1718 2751; x_wconf 88' lang='grc' dir='ltr'>Σαμάρειαν</span> <span class='ocrx_word' id='word_1_205' title='bbox 1767 2684 1864 2736; x_wconf 75' lang='grc' dir='ltr'>καὶ</span> 
     </span>
    </p>
   </div>
   <div class='ocr_carea' id='block_1_30' title="bbox 278 2761 1861 2840">
    <p class='ocr_par' dir='ltr' id='par_1_30' title="bbox 278 2761 1861 2840">
     <span class='ocr_line' id='line_1_30' title="bbox 278 2761 1861 2840; baseline 0.009 -28"><span class='ocrx_word' id='word_1_206' title='bbox 278 2761 616 2833; x_wconf 80' lang='grc' dir='ltr'>Καισάρειαν</span> <span class='ocrx_word' id='word_1_207' title='bbox 668 2762 949 2835; x_wconf 86' lang='grc' dir='ltr'>Καίσαρος</span> <span class='ocrx_word' id='word_1_208' title='bbox 982 2765 1164 2830; x_wconf 85' lang='grc' dir='ltr'>δόντος</span> <span class='ocrx_word' id='word_1_209' title='bbox 1192 2770 1628 2840; x_wconf 85' lang='grc' dir='ltr'>προσεκτήσατο.</span> <span class='ocrx_word' id='word_1_210' title='bbox 1676 2771 1861 2836; x_wconf 77' lang='grc' dir='ltr'>Οὕτως</span> 
     </span>
    </p>
   </div>
   <div class='ocr_carea' id='block_1_31' title="bbox 286 2851 1862 2933">
    <p class='ocr_par' dir='ltr' id='par_1_31' title="bbox 286 2851 1862 2933">
     <span class='ocr_line' id='line_1_31' title="bbox 286 2851 1862 2933; baseline 0.008 -29"><span class='ocrx_word' id='word_1_211' title='bbox 286 2851 599 2923; x_wconf 71' lang='grc' dir='ltr'>Ἀγρίππας</span> <span class='ocrx_word' id='word_1_212' title='bbox 636 2855 886 2928; x_wconf 81' lang='grc' dir='ltr'>τελευτᾷ,</span> <span class='ocrx_word' id='word_1_213' title='bbox 918 2856 1015 2911; x_wconf 80' lang='grc' dir='ltr'>τοῦ</span> <span class='ocrx_word' id='word_1_214' title='bbox 1060 2857 1330 2928; x_wconf 86' lang='grc' dir='ltr'>βουϐῶνος</span> <span class='ocrx_word' id='word_1_215' title='bbox 1374 2861 1490 2933; x_wconf 84' lang='grc' dir='ltr'>(τοῦ</span> <span class='ocrx_word' id='word_1_216' title='bbox 1543 2862 1749 2932; x_wconf 88' lang='grc' dir='ltr'>πτηνοῦ</span> <span class='ocrx_word' id='word_1_217' title='bbox 1800 2864 1862 2917; x_wconf 83' lang='grc' dir='ltr'>δὲ</span> 
     </span>
    </p>
   </div>
   <div class='ocr_carea' id='block_1_32' title="bbox 269 2945 1861 3026">
    <p class='ocr_par' dir='ltr' id='par_1_32' title="bbox 269 2945 1861 3026">
     <span class='ocr_line' id='line_1_32' title="bbox 269 2945 1861 3026; baseline 0.006 -29"><span class='ocrx_word' id='word_1_218' title='bbox 269 2945 505 3013; x_wconf 83' lang='grc' dir='ltr'>γένους⁷</span> <span class='ocrx_word' id='word_1_219' title='bbox 562 2949 717 3020; x_wconf 76' lang='grc' dir='ltr'>παρὰ</span> <span class='ocrx_word' id='word_1_220' title='bbox 783 2950 1080 3021; x_wconf 87' lang='grc' dir='ltr'>Ῥωμαίοις</span> <span class='ocrx_word' id='word_1_221' title='bbox 1126 2951 1277 3005; x_wconf 77' lang='grc' dir='ltr'>ἐστὶν</span> <span class='ocrx_word' id='word_1_222' title='bbox 1329 2952 1476 3007; x_wconf 74' lang='grc' dir='ltr'>οὕτω</span> <span class='ocrx_word' id='word_1_223' title='bbox 1523 2955 1861 3026; x_wconf 85' lang='grc' dir='ltr'>καλούμενον</span> 
     </span>
    </p>
   </div>
   <div class='ocr_carea' id='block_1_33' title="bbox 270 3037 1860 3119">
    <p class='ocr_par' dir='ltr' id='par_1_33' title="bbox 270 3037 1860 3119">
     <span class='ocr_line' id='line_1_33' title="bbox 270 3037 1860 3119; baseline 0.006 -27"><span class='ocrx_word' id='word_1_224' title='bbox 270 3037 432 3109; x_wconf 77' lang='grc' dir='ltr'>ζῶον)</span> <span class='ocrx_word' id='word_1_225' title='bbox 468 3039 576 3110; x_wconf 80' lang='grc' dir='ltr'>πρὸ</span> <span class='ocrx_word' id='word_1_226' title='bbox 625 3040 788 3095; x_wconf 84' lang='grc' dir='ltr'>πέντε</span> <span class='ocrx_word' id='word_1_227' title='bbox 834 3043 936 3113; x_wconf 84' lang='grc' dir='ltr'>τῆς</span> <span class='ocrx_word' id='word_1_228' title='bbox 987 3044 1248 3115; x_wconf 81' lang='grc' dir='ltr'>τελευτῆς</span> <span class='ocrx_word' id='word_1_229' title='bbox 1302 3046 1435 3118; x_wconf 76' lang='grc'><strong>[518</strong></span> <span class='ocrx_word' id='word_1_230' title='bbox 1480 3046 1577 3119; x_wconf 86' lang='grc' dir='ltr'><strong>Η.]</strong></span> <span class='ocrx_word' id='word_1_231' title='bbox 1634 3048 1860 3119; x_wconf 81' lang='grc' dir='ltr'>ἡμερῶν</span> 
     </span>
    </p>
   </div>
   <div class='ocr_carea' id='block_1_34' title="bbox 271 3126 1860 3208">
    <p class='ocr_par' dir='ltr' id='par_1_34' title="bbox 271 3126 1860 3208">
     <span class='ocr_line' id='line_1_34' title="bbox 271 3126 1860 3208; baseline 0.006 -28"><span class='ocrx_word' id='word_1_232' title='bbox 271 3128 418 3198; x_wconf 79' lang='grc' dir='ltr'>ὑπὲρ</span> <span class='ocrx_word' id='word_1_233' title='bbox 450 3129 698 3199; x_wconf 80' lang='grc' dir='ltr'>κεφαλῆς</span> <span class='ocrx_word' id='word_1_234' title='bbox 742 3126 1073 3200; x_wconf 80' lang='grc' dir='ltr'>φανέντος,ᾧ</span> <span class='ocrx_word' id='word_1_235' title='bbox 1110 3133 1207 3189; x_wconf 75' lang='grc' dir='ltr'>καὶ</span> <span class='ocrx_word' id='word_1_236' title='bbox 1236 3134 1335 3205; x_wconf 82' lang='grc' dir='ltr'>τὴν</span> <span class='ocrx_word' id='word_1_237' title='bbox 1370 3134 1647 3205; x_wconf 89' lang='grc' dir='ltr'>βασιλείαν</span> <span class='ocrx_word' id='word_1_238' title='bbox 1689 3153 1860 3208; x_wconf 84' lang='grc' dir='ltr'>προσ-</span> 
     </span>
    </p>
   </div>
   <div class='ocr_carea' id='block_1_35' title="bbox 269 3220 1857 3297">
    <p class='ocr_par' dir='ltr' id='par_1_35' title="bbox 269 3220 1857 3297">
     <span class='ocr_line' id='line_1_35' title="bbox 269 3220 1857 3297; baseline 0.006 -25"><span class='ocrx_word' id='word_1_239' title='bbox 269 3220 523 3288; x_wconf 80' lang='grc' dir='ltr'>αγγεῖλαι</span> <span class='ocrx_word' id='word_1_240' title='bbox 559 3221 580 3251; x_wconf 86' lang='grc'><strong>⁸</strong></span> <span class='ocrx_word' id='word_1_241' title='bbox 614 3222 824 3292; x_wconf 77' lang='grc' dir='ltr'>νομίζει</span> <span class='ocrx_word' id='word_1_242' title='bbox 854 3224 1142 3294; x_wconf 84' lang='grc' dir='ltr'>Ἰώσηπος.</span> <span class='ocrx_word' id='word_1_243' title='bbox 1177 3225 1419 3297; x_wconf 81' lang='grc' dir='ltr'>Τελευτᾷ</span> <span class='ocrx_word' id='word_1_244' title='bbox 1450 3226 1496 3278; x_wconf 86' lang='grc' dir='ltr'>δ’</span> <span class='ocrx_word' id='word_1_245' title='bbox 1527 3226 1619 3279; x_wconf 81' lang='grc' dir='ltr'>οὖν</span> <span class='ocrx_word' id='word_1_246' title='bbox 1659 3228 1857 3293; x_wconf 86' lang='grc' dir='ltr'>παῖδας</span> 
     </span>
    </p>
   </div>
   <div class='ocr_carea' id='block_1_36' title="bbox 269 3309 1858 3390">
    <p class='ocr_par' dir='ltr' id='par_1_36' title="bbox 269 3309 1858 3390">
     <span class='ocr_line' id='line_1_36' title="bbox 269 3309 1858 3390; baseline 0.008 -27"><span class='ocrx_word' id='word_1_247' title='bbox 269 3309 449 3365; x_wconf 83' lang='grc' dir='ltr'>λιπὼν</span> <span class='ocrx_word' id='word_1_248' title='bbox 489 3314 549 3380; x_wconf 81' lang='grc' dir='ltr'>δ’,</span> <span class='ocrx_word' id='word_1_249' title='bbox 585 3316 793 3387; x_wconf 74' lang='grc' dir='ltr'>ἄρρενα</span> <span class='ocrx_word' id='word_1_250' title='bbox 838 3316 935 3388; x_wconf 87' lang='grc' dir='ltr'>μὲν</span> <span class='ocrx_word' id='word_1_251' title='bbox 989 3319 1321 3390; x_wconf 86' lang='grc' dir='ltr'>Ἀγρίππαν,</span> <span class='ocrx_word' id='word_1_252' title='bbox 1377 3320 1442 3384; x_wconf 79' lang='grc' dir='ltr'><strong>ιζ’</strong></span> <span class='ocrx_word' id='word_1_253' title='bbox 1481 3320 1599 3383; x_wconf 79' lang='grc' dir='ltr'>ἔτος</span> <span class='ocrx_word' id='word_1_254' title='bbox 1634 3320 1858 3389; x_wconf 81' lang='grc' dir='ltr'>ἄγοντα,</span> 
     </span>
    </p>
   </div>
   <div class='ocr_carea' id='block_1_37' title="bbox 273 3400 1858 3483">
    <p class='ocr_par' dir='ltr' id='par_1_37' title="bbox 273 3400 1858 3483">
     <span class='ocr_line' id='line_1_37' title="bbox 273 3400 1858 3483; baseline 0.009 -29"><span class='ocrx_word' id='word_1_255' title='bbox 273 3400 494 3472; x_wconf 83' lang='grc' dir='ltr'>θηλείας</span> <span class='ocrx_word' id='word_1_256' title='bbox 519 3406 576 3458; x_wconf 85' lang='grc' dir='ltr'><strong>δέ</strong></span> <span class='ocrx_word' id='word_1_257' title='bbox 610 3413 660 3475; x_wconf 85' lang='grc' dir='ltr'>γ’</span> <span class='ocrx_word' id='word_1_258' title='bbox 699 3408 997 3479; x_wconf 84' lang='grc' dir='ltr'>Βερενίκην</span> <span class='ocrx_word' id='word_1_259' title='bbox 1024 3410 1374 3482; x_wconf 88' lang='grc' dir='ltr'>Μαριάμμην</span> <span class='ocrx_word' id='word_1_260' title='bbox 1402 3411 1499 3464; x_wconf 72' lang='grc' dir='ltr'><strong>καλ⁸</strong></span> <span class='ocrx_word' id='word_1_261' title='bbox 1539 3412 1858 3483; x_wconf 76' lang='grc' dir='ltr'>Δρουσίλαν.</span> 
     </span>
    </p>
   </div>
   <div class='ocr_carea' id='block_1_38' title="bbox 268 3488 1861 3576">
    <p class='ocr_par' dir='ltr' id='par_1_38' title="bbox 268 3488 1861 3576">
     <span class='ocr_line' id='line_1_38' title="bbox 268 3488 1861 3576; baseline 0.018 -31"><span class='ocrx_word' id='word_1_262' title='bbox 268 3488 376 3546; x_wconf 78' lang='grc' dir='ltr'>Ὧν</span> <span class='ocrx_word' id='word_1_263' title='bbox 420 3498 455 3566; x_wconf 78' lang='grc' dir='ltr'>ἡ</span> <span class='ocrx_word' id='word_1_264' title='bbox 488 3498 587 3567; x_wconf 83' lang='grc' dir='ltr'>μὲν</span> <span class='ocrx_word' id='word_1_265' title='bbox 634 3497 755 3562; x_wconf 81' lang='grc' dir='ltr'>ἔτος</span> <span class='ocrx_word' id='word_1_266' title='bbox 780 3500 991 3567; x_wconf 80' lang='grc' dir='ltr'>ἄγουσα</span> <span class='ocrx_word' id='word_1_267' title='bbox 1018 3508 1093 3565; x_wconf 83' lang='grc' dir='ltr'>ις’</span> <span class='ocrx_word' id='word_1_268' title='bbox 1137 3501 1353 3573; x_wconf 82' lang='grc' dir='ltr'>Ἡρώδῃ</span> <span class='ocrx_word' id='word_1_269' title='bbox 1384 3504 1591 3574; x_wconf 72' lang='grc' dir='ltr'>πατρὸς</span> <span class='ocrx_word' id='word_1_270' title='bbox 1647 3506 1861 3576; x_wconf 70' lang='grc' dir='ltr'><strong>ἀδελφῷ</strong></span> 
     </span>
    </p>
   </div>
   <div class='ocr_carea' id='block_1_39' title="bbox 1969 553 3553 625">
    <p class='ocr_par' dir='ltr' id='par_1_39' title="bbox 1969 553 3553 625">
     <span class='ocr_line' id='line_1_39' title="bbox 1969 553 3553 625; baseline -0.001 -14"><span class='ocrx_word' id='word_1_271' title='bbox 1969 572 2098 612; x_wconf 89' lang='lat' dir='ltr'><strong>num</strong></span> <span class='ocrx_word' id='word_1_272' title='bbox 2140 556 2281 625; x_wconf 91' lang='lat' dir='ltr'><strong>turpi</strong></span> <span class='ocrx_word' id='word_1_273' title='bbox 2316 556 2510 612; x_wconf 77' lang='lat' dir='ltr'><strong>exsilio</strong></span> <span class='ocrx_word' id='word_1_274' title='bbox 2549 554 2810 610; x_wconf 88' lang='lat' dir='ltr'><strong>multatus</strong></span> <span class='ocrx_word' id='word_1_275' title='bbox 2858 558 3018 611; x_wconf 87' lang='lat' dir='ltr'><strong>abeat</strong></span> <span class='ocrx_word' id='word_1_276' title='bbox 3041 563 3092 608; x_wconf 74' lang='grc' dir='ltr'><strong>ιι.</strong></span> <span class='ocrx_word' id='word_1_277' title='bbox 3128 553 3392 609; x_wconf 85' lang='lat' dir='ltr'><strong>Herodias</strong></span> <span class='ocrx_word' id='word_1_278' title='bbox 3422 571 3553 609; x_wconf 86' lang='lat' dir='ltr'><strong>vero</strong></span> 
     </span>
    </p>
   </div>
   <div class='ocr_carea' id='block_1_40' title="bbox 1969 647 3555 704">
    <p class='ocr_par' dir='ltr' id='par_1_40' title="bbox 1969 647 3555 704">
     <span class='ocr_line' id='line_1_40' title="bbox 1969 647 3555 704; baseline -0.002 0"><span class='ocrx_word' id='word_1_279' title='bbox 1969 649 2147 704; x_wconf 89' lang='lat' dir='ltr'><strong>libens</strong></span> <span class='ocrx_word' id='word_1_280' title='bbox 2168 664 2292 704; x_wconf 91' lang='lat' dir='ltr'><strong>cum</strong></span> <span class='ocrx_word' id='word_1_281' title='bbox 2325 648 2523 704; x_wconf 86' lang='lat' dir='ltr'><strong>marito</strong></span> <span class='ocrx_word' id='word_1_282' title='bbox 2554 649 2609 702; x_wconf 91' lang='lat' dir='ltr'><strong>in</strong></span> <span class='ocrx_word' id='word_1_283' title='bbox 2648 648 2900 703; x_wconf 82' lang='lat' dir='ltr'><strong>exsilium</strong></span> <span class='ocrx_word' id='word_1_284' title='bbox 2950 649 3118 703; x_wconf 88' lang='lat' dir='ltr'><strong>vadit.</strong></span> <span class='ocrx_word' id='word_1_285' title='bbox 3176 647 3555 703; x_wconf 88' lang='lat' dir='ltr'><strong>Tetrarchiam</strong></span> 
     </span>
    </p>
   </div>
   <div class='ocr_carea' id='block_1_41' title="bbox 1969 740 3557 813">
    <p class='ocr_par' dir='ltr' id='par_1_41' title="bbox 1969 740 3557 813">
     <span class='ocr_line' id='line_1_41' title="bbox 1969 740 3557 813; baseline -0.002 -16"><span class='ocrx_word' id='word_1_286' title='bbox 1969 743 2141 813; x_wconf 78' lang='lat' dir='ltr'><strong>ipsius</strong></span> <span class='ocrx_word' id='word_1_287' title='bbox 2163 742 2330 799; x_wconf 89' lang='lat' dir='ltr'><strong>Caius</strong></span> <span class='ocrx_word' id='word_1_288' title='bbox 2352 742 2603 811; x_wconf 73' lang='lat' dir='ltr'><strong>Agrippa:</strong></span> <span class='ocrx_word' id='word_1_289' title='bbox 2636 741 2820 798; x_wconf 90' lang='lat' dir='ltr'><strong>tradit.</strong></span> <span class='ocrx_word' id='word_1_290' title='bbox 2855 741 3009 795; x_wconf 87' lang='lat' dir='ltr'><strong>Hunc</strong></span> <span class='ocrx_word' id='word_1_291' title='bbox 3031 741 3323 811; x_wconf 81' lang='lat' dir='ltr'><strong>Agrippam</strong></span> <span class='ocrx_word' id='word_1_292' title='bbox 3349 742 3414 793; x_wconf 88' lang='lat' dir='ltr'><strong>ad</strong></span> <span class='ocrx_word' id='word_1_293' title='bbox 3445 740 3557 794; x_wconf 87' lang='lat' dir='ltr'><strong>dis-</strong></span> 
     </span>
    </p>
   </div>
   <div class='ocr_carea' id='block_1_42' title="bbox 1966 831 3555 901">
    <p class='ocr_par' dir='ltr' id='par_1_42' title="bbox 1966 831 3555 901">
     <span class='ocr_line' id='line_1_42' title="bbox 1966 831 3555 901; baseline -0.002 -11"><span class='ocrx_word' id='word_1_294' title='bbox 1966 834 2175 890; x_wconf 84' lang='lat' dir='ltr'><strong>crimen</strong></span> <span class='ocrx_word' id='word_1_295' title='bbox 2229 833 2348 898; x_wconf 83' lang='lat' dir='ltr'><strong>iilii,</strong></span> <span class='ocrx_word' id='word_1_296' title='bbox 2387 832 2555 888; x_wconf 89' lang='lat' dir='ltr'><strong>etiam</strong></span> <span class='ocrx_word' id='word_1_297' title='bbox 2600 846 2853 901; x_wconf 87' lang='lat' dir='ltr'><strong>magnmn</strong></span> <span class='ocrx_word' id='word_1_298' title='bbox 2893 831 3191 900; x_wconf 79' lang='lat' dir='ltr'><strong>Agrippam</strong></span> <span class='ocrx_word' id='word_1_299' title='bbox 3225 840 3443 897; x_wconf 87' lang='lat' dir='ltr'><strong>vocant,</strong></span> <span class='ocrx_word' id='word_1_300' title='bbox 3501 840 3555 887; x_wconf 87' lang='lat' dir='ltr'><strong>et</strong></span> 
     </span>
    </p>
   </div>
   <div class='ocr_carea' id='block_1_43' title="bbox 1967 922 3557 998">
    <p class='ocr_par' dir='ltr' id='par_1_43' title="bbox 1967 922 3557 998">
     <span class='ocr_line' id='line_1_43' title="bbox 1967 922 3557 998; baseline -0.003 -18"><span class='ocrx_word' id='word_1_301' title='bbox 1967 926 2267 998; x_wconf 87' lang='lat' dir='ltr'><strong>gratiosum</strong></span> <span class='ocrx_word' id='word_1_302' title='bbox 2300 925 2445 980; x_wconf 91' lang='lat' dir='ltr'><strong>hunc</strong></span> <span class='ocrx_word' id='word_1_303' title='bbox 2469 922 2743 994; x_wconf 85' lang='lat' dir='ltr'><strong>Josephus</strong></span> <span class='ocrx_word' id='word_1_304' title='bbox 2767 924 2844 977; x_wconf 88' lang='lat' dir='ltr'><strong>ait</strong></span> <span class='ocrx_word' id='word_1_305' title='bbox 2872 923 3075 978; x_wconf 76' lang='lat' dir='ltr'><strong>.Indzeis</strong></span> <span class='ocrx_word' id='word_1_306' title='bbox 3104 924 3423 993; x_wconf 85' lang='lat' dir='ltr'><strong>imperasse.</strong></span> <span class='ocrx_word' id='word_1_307' title='bbox 3456 922 3557 977; x_wconf 81' lang='lat' dir='ltr'><strong>ilic</strong></span> 
     </span>
    </p>
   </div>
   <div class='ocr_carea' id='block_1_44' title="bbox 1969 1013 3557 1087">
    <p class='ocr_par' dir='ltr' id='par_1_44' title="bbox 1969 1013 3557 1087">
     <span class='ocr_line' id='line_1_44' title="bbox 1969 1013 3557 1087; baseline -0.001 -16"><span class='ocrx_word' id='word_1_308' title='bbox 1969 1015 2192 1083; x_wconf 76' lang='lat' dir='ltr'><strong>Judzeis,</strong></span> <span class='ocrx_word' id='word_1_309' title='bbox 2216 1025 2274 1072; x_wconf 89' lang='lat' dir='ltr'><strong>ut</strong></span> <span class='ocrx_word' id='word_1_310' title='bbox 2294 1016 2600 1081; x_wconf 79' lang='lat' dir='ltr'><strong>videbatur,</strong></span> <span class='ocrx_word' id='word_1_311' title='bbox 2627 1025 2836 1087; x_wconf 80' lang='lat' dir='ltr'><strong>gratum</strong></span> <span class='ocrx_word' id='word_1_312' title='bbox 2860 1014 3087 1078; x_wconf 83' lang='lat' dir='ltr'><strong>faciens,</strong></span> <span class='ocrx_word' id='word_1_313' title='bbox 3106 1015 3367 1071; x_wconf 73' lang='lat' dir='ltr'><strong>Iacobum</strong></span> <span class='ocrx_word' id='word_1_314' title='bbox 3389 1013 3557 1070; x_wconf 84' lang='lat' dir='ltr'><strong>Joan-</strong></span> 
     </span>
    </p>
   </div>
   <div class='ocr_carea' id='block_1_45' title="bbox 1967 1108 3558 1179">
    <p class='ocr_par' dir='ltr' id='par_1_45' title="bbox 1967 1108 3558 1179">
     <span class='ocr_line' id='line_1_45' title="bbox 1967 1108 3558 1179; baseline -0.002 -14"><span class='ocrx_word' id='word_1_315' title='bbox 1967 1110 2326 1169; x_wconf 81' lang='lat' dir='ltr'><strong>nisfratrem</strong></span> <span class='ocrx_word' id='word_1_316' title='bbox 2375 1109 2552 1178; x_wconf 86' lang='lat' dir='ltr'><strong>gladio</strong></span> <span class='ocrx_word' id='word_1_317' title='bbox 2596 1110 2884 1178; x_wconf 85' lang='lat' dir='ltr'><strong>percussit,</strong></span> <span class='ocrx_word' id='word_1_318' title='bbox 2946 1118 3001 1162; x_wconf 90' lang='lat' dir='ltr'><strong>et</strong></span> <span class='ocrx_word' id='word_1_319' title='bbox 3042 1108 3409 1179; x_wconf 87' lang='lat' dir='ltr'><strong>apostolorum</strong></span> <span class='ocrx_word' id='word_1_320' title='bbox 3462 1124 3558 1162; x_wconf 82' lang='lat' dir='ltr'><strong>ca-</strong></span> 
     </span>
    </p>
   </div>
   <div class='ocr_carea' id='block_1_46' title="bbox 1971 1198 3556 1271">
    <p class='ocr_par' dir='ltr' id='par_1_46' title="bbox 1971 1198 3556 1271">
     <span class='ocr_line' id='line_1_46' title="bbox 1971 1198 3556 1271; baseline 0 -16"><span class='ocrx_word' id='word_1_321' title='bbox 1971 1198 2307 1271; x_wconf 83' lang='lat' dir='ltr'><strong>putPetrum</strong></span> <span class='ocrx_word' id='word_1_322' title='bbox 2339 1200 2531 1264; x_wconf 86' lang='lat' dir='ltr'><strong>voluit,</strong></span> <span class='ocrx_word' id='word_1_323' title='bbox 2565 1200 2695 1254; x_wconf 83' lang='lat' dir='ltr'><strong>licet</strong></span> <span class='ocrx_word' id='word_1_324' title='bbox 2716 1199 3071 1257; x_wconf 86' lang='lat' dir='ltr'><strong>aberraverit.</strong></span> <span class='ocrx_word' id='word_1_325' title='bbox 3102 1201 3357 1255; x_wconf 87' lang='lat' dir='ltr'><strong>occidere</strong></span> <span class='ocrx_word' id='word_1_326' title='bbox 3378 1207 3425 1255; x_wconf 90' lang='lat'><strong>°.</strong></span> <span class='ocrx_word' id='word_1_327' title='bbox 3455 1199 3556 1255; x_wconf 85' lang='lat' dir='ltr'><strong>Hic</strong></span> 
     </span>
    </p>
   </div>
   <div class='ocr_carea' id='block_1_47' title="bbox 1967 1289 3553 1361">
    <p class='ocr_par' dir='ltr' id='par_1_47' title="bbox 1967 1289 3553 1361">
     <span class='ocr_line' id='line_1_47' title="bbox 1967 1289 3553 1361; baseline 0.001 -19"><span class='ocrx_word' id='word_1_328' title='bbox 1967 1302 2035 1343; x_wconf 78' lang='lat' dir='ltr'><strong>ex</strong></span> <span class='ocrx_word' id='word_1_329' title='bbox 2080 1300 2307 1358; x_wconf 91' lang='lat' dir='ltr'><strong>argento</strong></span> <span class='ocrx_word' id='word_1_330' title='bbox 2359 1299 2666 1344; x_wconf 83' lang='lat' dir='ltr'><strong>contextam</strong></span> <span class='ocrx_word' id='word_1_331' title='bbox 2701 1299 2908 1344; x_wconf 80' lang='lat' dir='ltr'><strong>vestem</strong></span> <span class='ocrx_word' id='word_1_332' title='bbox 2951 1289 3195 1353; x_wconf 88' lang='lat' dir='ltr'><strong>indutus,</strong></span> <span class='ocrx_word' id='word_1_333' title='bbox 3242 1300 3295 1343; x_wconf 88' lang='lat' dir='ltr'><strong>et</strong></span> <span class='ocrx_word' id='word_1_334' title='bbox 3341 1290 3553 1361; x_wconf 85' lang='lat' dir='ltr'><strong>plebem</strong></span> 
     </span>
    </p>
   </div>
   <div class='ocr_carea' id='block_1_48' title="bbox 1966 1367 3557 1452">
    <p class='ocr_par' dir='ltr' id='par_1_48' title="bbox 1966 1367 3557 1452">
     <span class='ocr_line' id='line_1_48' title="bbox 1966 1367 3557 1452; baseline 0.001 -17"><span class='ocrx_word' id='word_1_335' title='bbox 1966 1382 2256 1445; x_wconf 87' lang='lat' dir='ltr'><strong>allocutus,</strong></span> <span class='ocrx_word' id='word_1_336' title='bbox 2289 1397 2411 1436; x_wconf 91' lang='lat' dir='ltr'><strong>cum</strong></span> <span class='ocrx_word' id='word_1_337' title='bbox 2444 1397 2605 1437; x_wconf 87' lang='lat' dir='ltr'><strong>voces</strong></span> <span class='ocrx_word' id='word_1_338' title='bbox 2642 1381 2756 1451; x_wconf 84' lang='lat'><strong>(89)</strong></span> <span class='ocrx_word' id='word_1_339' title='bbox 2796 1382 2914 1451; x_wconf 86' lang='lat' dir='ltr'><strong>ejus</strong></span> <span class='ocrx_word' id='word_1_340' title='bbox 2940 1367 3264 1452; x_wconf 64' lang='lat' dir='ltr'><strong>‘(postquant</strong></span> <span class='ocrx_word' id='word_1_341' title='bbox 3307 1390 3557 1438; x_wconf 78' lang='lat' dir='ltr'><strong>assenta—</strong></span> 
     </span>
    </p>
   </div>
   <div class='ocr_carea' id='block_1_49' title="bbox 1969 1476 3556 1546">
    <p class='ocr_par' dir='ltr' id='par_1_49' title="bbox 1969 1476 3556 1546">
     <span class='ocr_line' id='line_1_49' title="bbox 1969 1476 3556 1546; baseline 0 -17"><span class='ocrx_word' id='word_1_342' title='bbox 1969 1476 2131 1530; x_wconf 91' lang='lat' dir='ltr'><strong>tionis</strong></span> <span class='ocrx_word' id='word_1_343' title='bbox 2156 1476 2372 1530; x_wconf 83' lang='lat' dir='ltr'><strong>modum</strong></span> <span class='ocrx_word' id='word_1_344' title='bbox 2416 1477 2767 1539; x_wconf 81' lang='lat' dir='ltr'><strong>excessisset,</strong></span> <span class='ocrx_word' id='word_1_345' title='bbox 2808 1484 2862 1529; x_wconf 89' lang='lat' dir='ltr'><strong>et</strong></span> <span class='ocrx_word' id='word_1_346' title='bbox 2892 1477 2958 1528; x_wconf 88' lang='lat' dir='ltr'><strong>ad</strong></span> <span class='ocrx_word' id='word_1_347' title='bbox 2996 1491 3267 1530; x_wconf 88' lang='lat' dir='ltr'><strong>summam</strong></span> <span class='ocrx_word' id='word_1_348' title='bbox 3306 1476 3556 1546; x_wconf 83' lang='lat' dir='ltr'><strong>impieta-</strong></span> 
     </span>
    </p>
   </div>
   <div class='ocr_carea' id='block_1_50' title="bbox 1968 1567 3558 1639">
    <p class='ocr_par' dir='ltr' id='par_1_50' title="bbox 1968 1567 3558 1639">
     <span class='ocr_line' id='line_1_50' title="bbox 1968 1567 3558 1639; baseline 0 -17"><span class='ocrx_word' id='word_1_349' title='bbox 1968 1577 2074 1624; x_wconf 91' lang='lat' dir='ltr'><strong>tem</strong></span> <span class='ocrx_word' id='word_1_350' title='bbox 2097 1568 2457 1639; x_wconf 84' lang='lat' dir='ltr'><strong>pervenisset)</strong></span> <span class='ocrx_word' id='word_1_351' title='bbox 2489 1570 2742 1633; x_wconf 87' lang='lat' dir='ltr'><strong>audiens,</strong></span> <span class='ocrx_word' id='word_1_352' title='bbox 2774 1582 2879 1623; x_wconf 93' lang='lat' dir='ltr'><strong>non</strong></span> <span class='ocrx_word' id='word_1_353' title='bbox 2913 1567 3202 1638; x_wconf 85' lang='lat' dir='ltr'><strong>increpans</strong></span> <span class='ocrx_word' id='word_1_354' title='bbox 3230 1569 3414 1623; x_wconf 85' lang='lat' dir='ltr'><strong>statim</strong></span> <span class='ocrx_word' id='word_1_355' title='bbox 3438 1583 3558 1638; x_wconf 78' lang='lat' dir='ltr'><strong>pce-</strong></span> 
     </span>
    </p>
   </div>
   <div class='ocr_carea' id='block_1_51' title="bbox 1967 1658 3557 1732">
    <p class='ocr_par' dir='ltr' id='par_1_51' title="bbox 1967 1658 3557 1732">
     <span class='ocr_line' id='line_1_51' title="bbox 1967 1658 3557 1732; baseline -0.001 -17"><span class='ocrx_word' id='word_1_356' title='bbox 1967 1674 2071 1715; x_wconf 89' lang='lat' dir='ltr'><strong>nas</strong></span> <span class='ocrx_word' id='word_1_357' title='bbox 2092 1661 2239 1716; x_wconf 89' lang='lat' dir='ltr'><strong>dedit</strong></span> <span class='ocrx_word' id='word_1_358' title='bbox 2267 1658 2515 1732; x_wconf 79' lang='lat' dir='ltr'><strong>,‘Ingcnti</strong></span> <span class='ocrx_word' id='word_1_359' title='bbox 2546 1661 2692 1714; x_wconf 90' lang='lat' dir='ltr'><strong>enim</strong></span> <span class='ocrx_word' id='word_1_360' title='bbox 2731 1660 2875 1715; x_wconf 88' lang='lat' dir='ltr'><strong>circa</strong></span> <span class='ocrx_word' id='word_1_361' title='bbox 2903 1668 3149 1715; x_wconf 85' lang='lat' dir='ltr'><strong>ventrem</strong></span> <span class='ocrx_word' id='word_1_362' title='bbox 3184 1659 3373 1715; x_wconf 91' lang='lat' dir='ltr'><strong>dolore</strong></span> <span class='ocrx_word' id='word_1_363' title='bbox 3403 1669 3557 1723; x_wconf 80' lang='lat' dir='ltr'><strong>nato,</strong></span> 
     </span>
    </p>
   </div>
   <div class='ocr_carea' id='block_1_52' title="bbox 1968 1752 3554 1822">
    <p class='ocr_par' dir='ltr' id='par_1_52' title="bbox 1968 1752 3554 1822">
     <span class='ocr_line' id='line_1_52' title="bbox 1968 1752 3554 1822; baseline -0.003 -13"><span class='ocrx_word' id='word_1_364' title='bbox 1968 1762 2090 1821; x_wconf 88' lang='lat' dir='ltr'><strong>post</strong></span> <span class='ocrx_word' id='word_1_365' title='bbox 2126 1752 2368 1822; x_wconf 90' lang='lat' dir='ltr'><strong>quinque</strong></span> <span class='ocrx_word' id='word_1_366' title='bbox 2409 1752 2529 1807; x_wconf 92' lang='lat' dir='ltr'><strong>dies</strong></span> <span class='ocrx_word' id='word_1_367' title='bbox 2572 1753 2896 1820; x_wconf 90' lang='lat' dir='ltr'><strong>absumptus</strong></span> <span class='ocrx_word' id='word_1_368' title='bbox 2941 1761 3025 1807; x_wconf 88' lang='lat' dir='ltr'><strong>est</strong></span> <span class='ocrx_word' id='word_1_369' title='bbox 3069 1769 3083 1805; x_wconf 92' lang='lat'><strong>:</strong></span> <span class='ocrx_word' id='word_1_370' title='bbox 3124 1752 3303 1806; x_wconf 68' lang='lat' dir='ltr'><strong>aetatis</strong></span> <span class='ocrx_word' id='word_1_371' title='bbox 3349 1766 3554 1805; x_wconf 90' lang='lat' dir='ltr'><strong>annum</strong></span> 
     </span>
    </p>
   </div>
   <div class='ocr_carea' id='block_1_53' title="bbox 1895 1839 3547 1915">
    <p class='ocr_par' dir='ltr' id='par_1_53' title="bbox 1895 1839 3547 1915">
     <span class='ocr_line' id='line_1_53' title="bbox 1895 1839 3547 1915; baseline 0.001 -21"><span class='ocrx_word' id='word_1_372' title='bbox 1895 1839 1938 1894; x_wconf 91' lang='lat' dir='ltr'><strong>B</strong></span> <span class='ocrx_word' id='word_1_373' title='bbox 1968 1860 2132 1914; x_wconf 83' lang='lat' dir='ltr'><strong>agens</strong></span> <span class='ocrx_word' id='word_1_374' title='bbox 2176 1843 2684 1915; x_wconf 84' lang='lat' dir='ltr'><strong>quinquagesimum</strong></span> <span class='ocrx_word' id='word_1_375' title='bbox 2724 1853 3003 1912; x_wconf 86' lang='lat' dir='ltr'><strong>quartum,</strong></span> <span class='ocrx_word' id='word_1_376' title='bbox 3054 1844 3203 1914; x_wconf 86' lang='lat' dir='ltr'><strong>regni</strong></span> <span class='ocrx_word' id='word_1_377' title='bbox 3235 1843 3547 1911; x_wconf 88' lang='lat' dir='ltr'><strong>septimum.</strong></span> 
     </span>
    </p>
   </div>
   <div class='ocr_carea' id='block_1_54' title="bbox 1966 1933 3555 2005">
    <p class='ocr_par' dir='ltr' id='par_1_54' title="bbox 1966 1933 3555 2005">
     <span class='ocr_line' id='line_1_54' title="bbox 1966 1933 3555 2005; baseline -0.001 -18"><span class='ocrx_word' id='word_1_378' title='bbox 1966 1934 2206 2002; x_wconf 86' lang='lat' dir='ltr'><strong>Quorum</strong></span> <span class='ocrx_word' id='word_1_379' title='bbox 2239 1947 2476 2005; x_wconf 88' lang='lat' dir='ltr'><strong>quatuor</strong></span> <span class='ocrx_word' id='word_1_380' title='bbox 2507 1933 2641 1989; x_wconf 89' lang='lat' dir='ltr'><strong>Caio</strong></span> <span class='ocrx_word' id='word_1_381' title='bbox 2676 1933 2862 1989; x_wconf 64' lang='lat' dir='ltr'><strong>Romae</strong></span> <span class='ocrx_word' id='word_1_382' title='bbox 2910 1934 3232 2004; x_wconf 87' lang='lat' dir='ltr'><strong>imperante,</strong></span> <span class='ocrx_word' id='word_1_383' title='bbox 3267 1936 3555 2004; x_wconf 80' lang='lat' dir='ltr'><strong>regnavit;</strong></span> 
     </span>
    </p>
   </div>
   <div class='ocr_carea' id='block_1_55' title="bbox 1966 2025 3554 2097">
    <p class='ocr_par' dir='ltr' id='par_1_55' title="bbox 1966 2025 3554 2097">
     <span class='ocr_line' id='line_1_55' title="bbox 1966 2025 3554 2097; baseline 0 -17"><span class='ocrx_word' id='word_1_384' title='bbox 1966 2028 2140 2083; x_wconf 87' lang='lat' dir='ltr'><strong>tribus</strong></span> <span class='ocrx_word' id='word_1_385' title='bbox 2178 2027 2391 2082; x_wconf 67' lang='lat' dir='ltr'><strong>caeteris</strong></span> <span class='ocrx_word' id='word_1_386' title='bbox 2431 2025 2665 2097; x_wconf 86' lang='lat' dir='ltr'><strong>Philippi</strong></span> <span class='ocrx_word' id='word_1_387' title='bbox 2708 2028 2881 2082; x_wconf 90' lang='lat' dir='ltr'><strong>tenuit</strong></span> <span class='ocrx_word' id='word_1_388' title='bbox 2936 2027 3312 2092; x_wconf 84' lang='lat' dir='ltr'><strong>tetrarchiam,</strong></span> <span class='ocrx_word' id='word_1_389' title='bbox 3356 2037 3554 2097; x_wconf 82' lang='lat' dir='ltr'><strong>quarto</strong></span> 
     </span>
    </p>
   </div>
   <div class='ocr_carea' id='block_1_56' title="bbox 1964 2117 3557 2188">
    <p class='ocr_par' dir='ltr' id='par_1_56' title="bbox 1964 2117 3557 2188">
     <span class='ocr_line' id='line_1_56' title="bbox 1964 2117 3557 2188; baseline -0.001 -15"><span class='ocrx_word' id='word_1_390' title='bbox 1964 2133 2106 2173; x_wconf 89' lang='lat' dir='ltr'><strong>anno</strong></span> <span class='ocrx_word' id='word_1_391' title='bbox 2135 2118 2406 2188; x_wconf 90' lang='lat' dir='ltr'><strong>accipiens</strong></span> <span class='ocrx_word' id='word_1_392' title='bbox 2444 2117 2673 2173; x_wconf 85' lang='lat' dir='ltr'><strong>Herodis</strong></span> <span class='ocrx_word' id='word_1_393' title='bbox 2706 2119 3081 2173; x_wconf 85' lang='lat' dir='ltr'><strong>tetrarchiam.</strong></span> <span class='ocrx_word' id='word_1_394' title='bbox 3134 2118 3391 2187; x_wconf 80' lang='lat' dir='ltr'><strong>Reliquos</strong></span> <span class='ocrx_word' id='word_1_395' title='bbox 3442 2128 3557 2172; x_wconf 88' lang='lat' dir='ltr'><strong>tres</strong></span> 
     </span>
    </p>
   </div>
   <div class='ocr_carea' id='block_1_57' title="bbox 1964 2211 3556 2282">
    <p class='ocr_par' dir='ltr' id='par_1_57' title="bbox 1964 2211 3556 2282">
     <span class='ocr_line' id='line_1_57' title="bbox 1964 2211 3556 2282; baseline -0.002 -14"><span class='ocrx_word' id='word_1_396' title='bbox 1964 2214 2064 2268; x_wconf 92' lang='lat' dir='ltr'><strong>sub</strong></span> <span class='ocrx_word' id='word_1_397' title='bbox 2086 2213 2334 2277; x_wconf 92' lang='lat' dir='ltr'><strong>Claudio,</strong></span> <span class='ocrx_word' id='word_1_398' title='bbox 2358 2212 2556 2282; x_wconf 88' lang='lat' dir='ltr'><strong>quibus</strong></span> <span class='ocrx_word' id='word_1_399' title='bbox 2576 2211 2842 2277; x_wconf 74' lang='lat' dir='ltr'><strong>Judzeam,</strong></span> <span class='ocrx_word' id='word_1_400' title='bbox 2872 2211 3200 2276; x_wconf 88' lang='lat' dir='ltr'><strong>Samariam,</strong></span> <span class='ocrx_word' id='word_1_401' title='bbox 3219 2211 3556 2281; x_wconf 64' lang='lat' dir='ltr'><strong>Caesaream,</strong></span> 
     </span>
    </p>
   </div>
   <div class='ocr_carea' id='block_1_58' title="bbox 1964 2302 3554 2375">
    <p class='ocr_par' dir='ltr' id='par_1_58' title="bbox 1964 2302 3554 2375">
     <span class='ocr_line' id='line_1_58' title="bbox 1964 2302 3554 2375; baseline -0.002 -17"><span class='ocrx_word' id='word_1_402' title='bbox 1964 2304 2315 2375; x_wconf 87' lang='lat' dir='ltr'><strong>permittente</strong></span> <span class='ocrx_word' id='word_1_403' title='bbox 2363 2304 2599 2368; x_wconf 67' lang='lat' dir='ltr'><strong>Caesare,</strong></span> <span class='ocrx_word' id='word_1_404' title='bbox 2646 2302 2912 2373; x_wconf 83' lang='lat' dir='ltr'><strong>possedit.</strong></span> <span class='ocrx_word' id='word_1_405' title='bbox 2957 2302 3052 2358; x_wconf 88' lang='lat' dir='ltr'><strong>Sic</strong></span> <span class='ocrx_word' id='word_1_406' title='bbox 3098 2302 3238 2357; x_wconf 88' lang='lat' dir='ltr'><strong>obiit</strong></span> <span class='ocrx_word' id='word_1_407' title='bbox 3289 2303 3554 2374; x_wconf 83' lang='lat' dir='ltr'><strong>Agrippa,</strong></span> 
     </span>
    </p>
   </div>
   <div class='ocr_carea' id='block_1_59' title="bbox 1962 2393 3556 2466">
    <p class='ocr_par' dir='ltr' id='par_1_59' title="bbox 1962 2393 3556 2466">
     <span class='ocr_line' id='line_1_59' title="bbox 1962 2393 3556 2466; baseline -0.003 -14"><span class='ocrx_word' id='word_1_408' title='bbox 1962 2397 2179 2452; x_wconf 88' lang='lat' dir='ltr'><strong>bubone</strong></span> <span class='ocrx_word' id='word_1_409' title='bbox 2205 2396 2347 2465; x_wconf 89' lang='lat' dir='ltr'><strong>(avis</strong></span> <span class='ocrx_word' id='word_1_410' title='bbox 2373 2410 2545 2466; x_wconf 89' lang='lat' dir='ltr'><strong>genus</strong></span> <span class='ocrx_word' id='word_1_411' title='bbox 2566 2395 2646 2450; x_wconf 91' lang='lat' dir='ltr'><strong>sic</strong></span> <span class='ocrx_word' id='word_1_412' title='bbox 2671 2394 2811 2464; x_wconf 87' lang='lat' dir='ltr'><strong>apud</strong></span> <span class='ocrx_word' id='word_1_413' title='bbox 2842 2393 3116 2449; x_wconf 81' lang='lat' dir='ltr'><strong>Romanos</strong></span> <span class='ocrx_word' id='word_1_414' title='bbox 3137 2393 3301 2464; x_wconf 82' lang='lat'><strong>317</strong></span> <span class='ocrx_word' id='word_1_415' title='bbox 3330 2410 3363 2446; x_wconf 89' lang='lat' dir='ltr'><strong>a</strong></span> <span class='ocrx_word' id='word_1_416' title='bbox 3393 2410 3556 2448; x_wconf 87' lang='lat' dir='ltr'><strong>voca-</strong></span> 
     </span>
    </p>
   </div>
   <div class='ocr_carea' id='block_1_60' title="bbox 1962 2486 3555 2558">
    <p class='ocr_par' dir='ltr' id='par_1_60' title="bbox 1962 2486 3555 2558">
     <span class='ocr_line' id='line_1_60' title="bbox 1962 2486 3555 2558; baseline -0.003 -14"><span class='ocrx_word' id='word_1_417' title='bbox 1962 2499 2074 2545; x_wconf 92' lang='lat' dir='ltr'><strong>tum</strong></span> <span class='ocrx_word' id='word_1_418' title='bbox 2101 2490 2207 2558; x_wconf 89' lang='lat' dir='ltr'><strong>est)</strong></span> <span class='ocrx_word' id='word_1_419' title='bbox 2253 2488 2495 2558; x_wconf 91' lang='lat' dir='ltr'><strong>quinque</strong></span> <span class='ocrx_word' id='word_1_420' title='bbox 2523 2497 2652 2542; x_wconf 88' lang='lat' dir='ltr'><strong>ante</strong></span> <span class='ocrx_word' id='word_1_421' title='bbox 2682 2496 2913 2542; x_wconf 86' lang='lat' dir='ltr'><strong>mortem</strong></span> <span class='ocrx_word' id='word_1_422' title='bbox 2950 2486 3144 2541; x_wconf 85' lang='lat' dir='ltr'><strong>diebus</strong></span> <span class='ocrx_word' id='word_1_423' title='bbox 3183 2502 3347 2553; x_wconf 87' lang='lat' dir='ltr'><strong>super</strong></span> <span class='ocrx_word' id='word_1_424' title='bbox 3376 2486 3555 2555; x_wconf 87' lang='lat' dir='ltr'><strong>capite</strong></span> 
     </span>
    </p>
   </div>
   <div class='ocr_carea' id='block_1_61' title="bbox 1962 2576 3557 2651">
    <p class='ocr_par' dir='ltr' id='par_1_61' title="bbox 1962 2576 3557 2651">
     <span class='ocr_line' id='line_1_61' title="bbox 1962 2576 3557 2651; baseline -0.001 -16"><span class='ocrx_word' id='word_1_425' title='bbox 1962 2589 2277 2651; x_wconf 88' lang='lat' dir='ltr'><strong>apparente,</strong></span> <span class='ocrx_word' id='word_1_426' title='bbox 2308 2580 2398 2649; x_wconf 90' lang='lat' dir='ltr'><strong>qui</strong></span> <span class='ocrx_word' id='word_1_427' title='bbox 2430 2588 2486 2634; x_wconf 92' lang='lat' dir='ltr'><strong>et</strong></span> <span class='ocrx_word' id='word_1_428' title='bbox 2515 2595 2745 2649; x_wconf 86' lang='lat' dir='ltr'><strong>regnum</strong></span> <span class='ocrx_word' id='word_1_429' title='bbox 2786 2580 3197 2649; x_wconf 72' lang='lat' dir='ltr'><strong>praenuntiassel</strong></span> <span class='ocrx_word' id='word_1_430' title='bbox 3222 2588 3371 2647; x_wconf 90' lang='lat' dir='ltr'><strong>putat</strong></span> <span class='ocrx_word' id='word_1_431' title='bbox 3399 2576 3557 2634; x_wconf 87' lang='lat' dir='ltr'><strong>Josc-</strong></span> 
     </span>
    </p>
   </div>
   <div class='ocr_carea' id='block_1_62' title="bbox 1963 2670 3556 2743">
    <p class='ocr_par' dir='ltr' id='par_1_62' title="bbox 1963 2670 3556 2743">
     <span class='ocr_line' id='line_1_62' title="bbox 1963 2670 3556 2743; baseline -0.001 -17"><span class='ocrx_word' id='word_1_432' title='bbox 1963 2673 2122 2743; x_wconf 90' lang='lat' dir='ltr'><strong>phus.</strong></span> <span class='ocrx_word' id='word_1_433' title='bbox 2157 2671 2386 2726; x_wconf 87' lang='lat' dir='ltr'><strong>Moritur</strong></span> <span class='ocrx_word' id='word_1_434' title='bbox 2419 2680 2652 2741; x_wconf 88' lang='lat' dir='ltr'><strong>quatuor</strong></span> <span class='ocrx_word' id='word_1_435' title='bbox 2679 2670 2882 2726; x_wconf 88' lang='lat' dir='ltr'><strong>relictis</strong></span> <span class='ocrx_word' id='word_1_436' title='bbox 2933 2670 3143 2734; x_wconf 90' lang='lat' dir='ltr'><strong>liberis,</strong></span> <span class='ocrx_word' id='word_1_437' title='bbox 3170 2670 3280 2724; x_wconf 75' lang='lat' dir='ltr'><strong>tilio</strong></span> <span class='ocrx_word' id='word_1_438' title='bbox 3316 2671 3556 2741; x_wconf 80' lang='lat' dir='ltr'><strong>Agrippa</strong></span> 
     </span>
    </p>
   </div>
   <div class='ocr_carea' id='block_1_63' title="bbox 1964 2766 3558 2835">
    <p class='ocr_par' dir='ltr' id='par_1_63' title="bbox 1964 2766 3558 2835">
     <span class='ocr_line' id='line_1_63' title="bbox 1964 2766 3558 2835; baseline 0 -13"><span class='ocrx_word' id='word_1_439' title='bbox 1964 2767 2233 2822; x_wconf 89' lang='lat' dir='ltr'><strong>decimum</strong></span> <span class='ocrx_word' id='word_1_440' title='bbox 2252 2767 2549 2835; x_wconf 82' lang='lat' dir='ltr'><strong>septimum</strong></span> <span class='ocrx_word' id='word_1_441' title='bbox 2565 2766 2743 2821; x_wconf 68' lang='lat' dir='ltr'><strong>aetatis</strong></span> <span class='ocrx_word' id='word_1_442' title='bbox 2756 2781 2960 2820; x_wconf 87' lang='lat' dir='ltr'><strong>annum</strong></span> <span class='ocrx_word' id='word_1_443' title='bbox 2982 2775 3209 2834; x_wconf 90' lang='lat' dir='ltr'><strong>agente;</strong></span> <span class='ocrx_word' id='word_1_444' title='bbox 3235 2766 3407 2821; x_wconf 89' lang='lat' dir='ltr'><strong>tribus</strong></span> <span class='ocrx_word' id='word_1_445' title='bbox 3427 2783 3558 2822; x_wconf 90' lang='lat' dir='ltr'><strong>vero</strong></span> 
     </span>
    </p>
   </div>
   <div class='ocr_carea' id='block_1_64' title="bbox 1964 2856 3556 2928">
    <p class='ocr_par' dir='ltr' id='par_1_64' title="bbox 1964 2856 3556 2928">
     <span class='ocr_line' id='line_1_64' title="bbox 1964 2856 3556 2928; baseline 0.001 -16"><span class='ocrx_word' id='word_1_446' title='bbox 1964 2858 2180 2915; x_wconf 85' lang='lat' dir='ltr'><strong>tiliabus</strong></span> <span class='ocrx_word' id='word_1_447' title='bbox 2201 2858 2490 2925; x_wconf 84' lang='lat' dir='ltr'><strong>Berenice,</strong></span> <span class='ocrx_word' id='word_1_448' title='bbox 2535 2856 2839 2912; x_wconf 81' lang='lat' dir='ltr'><strong>Mariamne</strong></span> <span class='ocrx_word' id='word_1_449' title='bbox 2865 2896 2881 2921; x_wconf 87' lang='lat'><strong>,</strong></span> <span class='ocrx_word' id='word_1_450' title='bbox 2919 2867 2974 2913; x_wconf 87' lang='lat' dir='ltr'><strong>et</strong></span> <span class='ocrx_word' id='word_1_451' title='bbox 3011 2857 3248 2913; x_wconf 77' lang='lat' dir='ltr'><strong>Drusilla</strong></span> <span class='ocrx_word' id='word_1_452' title='bbox 3279 2875 3294 2912; x_wconf 91' lang='lat'><strong>:</strong></span> <span class='ocrx_word' id='word_1_453' title='bbox 3324 2873 3556 2928; x_wconf 87' lang='lat' dir='ltr'><strong>quarum</strong></span> 
     </span>
    </p>
   </div>
   <div class='ocr_carea' id='block_1_65' title="bbox 1965 2949 3557 3020">
    <p class='ocr_par' dir='ltr' id='par_1_65' title="bbox 1965 2949 3557 3020">
     <span class='ocr_line' id='line_1_65' title="bbox 1965 2949 3557 3020; baseline 0.001 -16"><span class='ocrx_word' id='word_1_454' title='bbox 1965 2951 2054 3004; x_wconf 92' lang='lat' dir='ltr'><strong>illa</strong></span> <span class='ocrx_word' id='word_1_455' title='bbox 2086 2961 2241 3007; x_wconf 82' lang='lat' dir='ltr'><strong>sexto</strong></span> <span class='ocrx_word' id='word_1_456' title='bbox 2284 2950 2498 3004; x_wconf 79' lang='lat' dir='ltr'><strong>decimo</strong></span> <span class='ocrx_word' id='word_1_457' title='bbox 2529 2950 2707 3005; x_wconf 68' lang='lat' dir='ltr'><strong>aetatis</strong></span> <span class='ocrx_word' id='word_1_458' title='bbox 2749 2964 2893 3004; x_wconf 88' lang='lat' dir='ltr'><strong>anno</strong></span> <span class='ocrx_word' id='word_1_459' title='bbox 2934 2949 3133 3005; x_wconf 79' lang='lat' dir='ltr'><strong>Herodi</strong></span> <span class='ocrx_word' id='word_1_460' title='bbox 3179 2951 3348 3020; x_wconf 89' lang='lat' dir='ltr'><strong>patris</strong></span> <span class='ocrx_word' id='word_1_461' title='bbox 3399 2952 3557 3007; x_wconf 78' lang='lat' dir='ltr'><strong>fratri</strong></span> 
     </span>
    </p>
   </div>
   <div class='ocr_carea' id='block_1_66' title="bbox 1965 3042 3558 3113">
    <p class='ocr_par' dir='ltr' id='par_1_66' title="bbox 1965 3042 3558 3113">
     <span class='ocr_line' id='line_1_66' title="bbox 1965 3042 3558 3113; baseline 0.001 -15"><span class='ocrx_word' id='word_1_462' title='bbox 1965 3044 2168 3113; x_wconf 88' lang='lat' dir='ltr'><strong>nupsit.</strong></span> <span class='ocrx_word' id='word_1_463' title='bbox 2212 3042 2511 3098; x_wconf 88' lang='lat' dir='ltr'><strong>Mariamne</strong></span> <span class='ocrx_word' id='word_1_464' title='bbox 2536 3043 2833 3106; x_wconf 88' lang='lat' dir='ltr'><strong>decimum,</strong></span> <span class='ocrx_word' id='word_1_465' title='bbox 2865 3042 3099 3099; x_wconf 88' lang='lat' dir='ltr'><strong>Drusilla</strong></span> <span class='ocrx_word' id='word_1_466' title='bbox 3133 3045 3424 3113; x_wconf 88' lang='lat' dir='ltr'><strong>septimum</strong></span> <span class='ocrx_word' id='word_1_467' title='bbox 3453 3058 3558 3099; x_wconf 86' lang='lat' dir='ltr'><strong>an-</strong></span> 
     </span>
    </p>
   </div>
   <div class='ocr_carea' id='block_1_67' title="bbox 1967 3134 3548 3202">
    <p class='ocr_par' dir='ltr' id='par_1_67' title="bbox 1967 3134 3548 3202">
     <span class='ocr_line' id='line_1_67' title="bbox 1967 3134 3548 3202; baseline 0 -13"><span class='ocrx_word' id='word_1_468' title='bbox 1967 3151 2095 3191; x_wconf 90' lang='lat' dir='ltr'><strong>num</strong></span> <span class='ocrx_word' id='word_1_469' title='bbox 2129 3136 2457 3191; x_wconf 87' lang='lat' dir='ltr'><strong>absolverat.</strong></span> <span class='ocrx_word' id='word_1_470' title='bbox 2489 3135 2635 3202; x_wconf 83' lang='lat' dir='ltr'><strong>Quas</strong></span> <span class='ocrx_word' id='word_1_471' title='bbox 2671 3134 2960 3189; x_wconf 87' lang='lat' dir='ltr'><strong>Sebasteni</strong></span> <span class='ocrx_word' id='word_1_472' title='bbox 2993 3135 3136 3188; x_wconf 91' lang='lat' dir='ltr'><strong>nulla</strong></span> <span class='ocrx_word' id='word_1_473' title='bbox 3160 3135 3227 3189; x_wconf 90' lang='lat' dir='ltr'><strong>de</strong></span> <span class='ocrx_word' id='word_1_474' title='bbox 3256 3150 3418 3191; x_wconf 85' lang='lat' dir='ltr'><strong>causa</strong></span> <span class='ocrx_word' id='word_1_475' title='bbox 3441 3135 3548 3190; x_wconf 86' lang='lat' dir='ltr'><strong>nisi</strong></span> 
     </span>
    </p>
   </div>
   <div class='ocr_carea' id='block_1_68' title="bbox 1962 3226 3557 3297">
    <p class='ocr_par' dir='ltr' id='par_1_68' title="bbox 1962 3226 3557 3297">
     <span class='ocr_line' id='line_1_68' title="bbox 1962 3226 3557 3297; baseline -0.001 -14"><span class='ocrx_word' id='word_1_476' title='bbox 1962 3230 2030 3283; x_wconf 95' lang='lat' dir='ltr'><strong>oh</strong></span> <span class='ocrx_word' id='word_1_477' title='bbox 2051 3243 2205 3283; x_wconf 89' lang='lat' dir='ltr'><strong>suam</strong></span> <span class='ocrx_word' id='word_1_478' title='bbox 2238 3228 2566 3282; x_wconf 84' lang='lat' dir='ltr'><strong>dementiam</strong></span> <span class='ocrx_word' id='word_1_479' title='bbox 2599 3227 2865 3281; x_wconf 87' lang='lat' dir='ltr'><strong>violenter</strong></span> <span class='ocrx_word' id='word_1_480' title='bbox 2896 3226 3193 3297; x_wconf 89' lang='lat' dir='ltr'><strong>rapientes,</strong></span> <span class='ocrx_word' id='word_1_481' title='bbox 3217 3237 3273 3282; x_wconf 90' lang='lat' dir='ltr'><strong>et</strong></span> <span class='ocrx_word' id='word_1_482' title='bbox 3305 3229 3357 3282; x_wconf 94' lang='lat' dir='ltr'><strong>in</strong></span> <span class='ocrx_word' id='word_1_483' title='bbox 3382 3226 3557 3297; x_wconf 82' lang='lat' dir='ltr'><strong>Lupa-</strong></span> 
     </span>
    </p>
   </div>
   <div class='ocr_carea' id='block_1_69' title="bbox 1964 3320 3551 3389">
    <p class='ocr_par' dir='ltr' id='par_1_69' title="bbox 1964 3320 3551 3389">
     <span class='ocr_line' id='line_1_69' title="bbox 1964 3320 3551 3389; baseline 0 -14"><span class='ocrx_word' id='word_1_484' title='bbox 1964 3321 2187 3376; x_wconf 90' lang='lat' dir='ltr'><strong>naribus</strong></span> <span class='ocrx_word' id='word_1_485' title='bbox 2215 3320 2565 3386; x_wconf 87' lang='lat' dir='ltr'><strong>collocantes,</strong></span> <span class='ocrx_word' id='word_1_486' title='bbox 2597 3334 2811 3376; x_wconf 92' lang='lat' dir='ltr'><strong>omnem</strong></span> <span class='ocrx_word' id='word_1_487' title='bbox 2832 3321 2883 3374; x_wconf 90' lang='lat' dir='ltr'><strong>in</strong></span> <span class='ocrx_word' id='word_1_488' title='bbox 2906 3320 3029 3374; x_wconf 92' lang='lat' dir='ltr'><strong>illas</strong></span> <span class='ocrx_word' id='word_1_489' title='bbox 3051 3320 3301 3389; x_wconf 86' lang='lat' dir='ltr'><strong>injuriam</strong></span> <span class='ocrx_word' id='word_1_490' title='bbox 3330 3320 3551 3375; x_wconf 83' lang='lat' dir='ltr'><strong>fandam</strong></span> 
     </span>
    </p>
   </div>
   <div class='ocr_carea' id='block_1_70' title="bbox 1964 3410 3552 3483">
    <p class='ocr_par' dir='ltr' id='par_1_70' title="bbox 1964 3410 3552 3483">
     <span class='ocr_line' id='line_1_70' title="bbox 1964 3410 3552 3483; baseline 0.001 -17"><span class='ocrx_word' id='word_1_491' title='bbox 1964 3422 2127 3483; x_wconf 91' lang='lat' dir='ltr'><strong>atque</strong></span> <span class='ocrx_word' id='word_1_492' title='bbox 2159 3410 2438 3467; x_wconf 85' lang='lat' dir='ltr'><strong>infandam</strong></span> <span class='ocrx_word' id='word_1_493' title='bbox 2461 3412 2839 3467; x_wconf 89' lang='lat' dir='ltr'><strong>ostenderunt.</strong></span> <span class='ocrx_word' id='word_1_494' title='bbox 2878 3412 3087 3479; x_wconf 87' lang='lat' dir='ltr'><strong>Quibus</strong></span> <span class='ocrx_word' id='word_1_495' title='bbox 3116 3411 3364 3466; x_wconf 83' lang='lat' dir='ltr'><strong>infensus</strong></span> <span class='ocrx_word' id='word_1_496' title='bbox 3388 3412 3552 3467; x_wconf 84' lang='lat' dir='ltr'><strong>Clau-</strong></span> 
     </span>
    </p>
   </div>
   <div class='ocr_carea' id='block_1_71' title="bbox 1965 3504 3447 3577">
    <p class='ocr_par' dir='ltr' id='par_1_71' title="bbox 1965 3504 3447 3577">
     <span class='ocr_line' id='line_1_71' title="bbox 1965 3504 3447 3577; baseline -0.001 -17"><span class='ocrx_word' id='word_1_497' title='bbox 1965 3505 2111 3572; x_wconf 80' lang='lat' dir='ltr'><strong>dius,</strong></span> <span class='ocrx_word' id='word_1_498' title='bbox 2144 3505 2280 3561; x_wconf 85' lang='lat' dir='ltr'><strong>nihil</strong></span> <span class='ocrx_word' id='word_1_499' title='bbox 2306 3518 2485 3561; x_wconf 90' lang='lat' dir='ltr'><strong>tamen</strong></span> <span class='ocrx_word' id='word_1_500' title='bbox 2521 3507 2744 3577; x_wconf 87' lang='lat' dir='ltr'><strong>dignum</strong></span> <span class='ocrx_word' id='word_1_501' title='bbox 2782 3506 2886 3560; x_wconf 90' lang='lat' dir='ltr'><strong>hac</strong></span> <span class='ocrx_word' id='word_1_502' title='bbox 2921 3504 3212 3559; x_wconf 85' lang='lat' dir='ltr'><strong>insolentia</strong></span> <span class='ocrx_word' id='word_1_503' title='bbox 3243 3504 3447 3561; x_wconf 80' lang='lat' dir='ltr'><strong>eil‘ecit.</strong></span> 
     </span>
    </p>
   </div>
   <div class='ocr_carea' id='block_1_72' title="bbox 266 3587 3557 3671">
    <p class='ocr_par' dir='ltr' id='par_1_72' title="bbox 266 3587 3557 3671">
     <span class='ocr_line' id='line_1_72' title="bbox 266 3587 3557 3671; baseline 0.003 -31"><span class='ocrx_word' id='word_1_504' title='bbox 266 3587 608 3660; x_wconf 77' lang='grc' dir='ltr'>ἐγεγάμητο,</span> <span class='ocrx_word' id='word_1_505' title='bbox 638 3592 955 3665; x_wconf 82' lang='grc' dir='ltr'>Μαριάμμῃ</span> <span class='ocrx_word' id='word_1_506' title='bbox 981 3593 1025 3645; x_wconf 87' lang='grc' dir='ltr'>δ’</span> <span class='ocrx_word' id='word_1_507' title='bbox 1055 3594 1251 3663; x_wconf 70' lang='grc' dir='ltr'>ἠνύετο</span> <span class='ocrx_word' id='word_1_508' title='bbox 1282 3595 1507 3650; x_wconf 84' lang='grc' dir='ltr'>δέκατον</span> <span class='ocrx_word' id='word_1_509' title='bbox 1547 3598 1645 3651; x_wconf 73' lang='grc' dir='ltr'>καὶ</span> <span class='ocrx_word' id='word_1_510' title='bbox 1695 3598 1968 3671; x_wconf 75' lang='grc' dir='ltr'>Δρουσίλᾳ</span> <span class='ocrx_word' id='word_1_511' title='bbox 2033 3598 2193 3652; x_wconf 73' lang='grc' dir='ltr'>ἕκτον</span> <span class='ocrx_word' id='word_1_512' title='bbox 2218 3614 2233 3629; x_wconf 76' lang='grc' dir='ltr'><strong><em>ο</em></strong></span> <span class='ocrx_word' id='word_1_513' title='bbox 2305 3598 2374 3663; x_wconf 79' lang='grc' dir='ltr'>ἃς</span> <span class='ocrx_word' id='word_1_514' title='bbox 2410 3600 2460 3651; x_wconf 79' lang='grc' dir='ltr'>οἱ</span> <span class='ocrx_word' id='word_1_515' title='bbox 2513 3597 2846 3668; x_wconf 79' lang='grc' dir='ltr'>Σεϐαστηνοὶ</span> <span class='ocrx_word' id='word_1_516' title='bbox 2898 3597 3021 3651; x_wconf 74' lang='grc' dir='ltr'>κατ’</span> <span class='ocrx_word' id='word_1_517' title='bbox 3067 3597 3321 3669; x_wconf 76' lang='grc' dir='ltr'>οὐδεμίαν</span> <span class='ocrx_word' id='word_1_518' title='bbox 3387 3598 3557 3668; x_wconf 80' lang='grc' dir='ltr'>ἄλλην</span> 
     </span>
    </p>
   </div>
   <div class='ocr_carea' id='block_1_73' title="bbox 266 3679 3557 3765">
    <p class='ocr_par' dir='ltr' id='par_1_73' title="bbox 266 3679 3557 3765">
     <span class='ocr_line' id='line_1_73' title="bbox 266 3679 3557 3765; baseline 0.005 -36"><span class='ocrx_word' id='word_1_519' title='bbox 266 3679 546 3748; x_wconf 78' lang='grc' dir='ltr'>πρόφασιν</span> <span class='ocrx_word' id='word_1_520' title='bbox 578 3682 722 3752; x_wconf 80' lang='grc' dir='ltr'>πλὴν</span> <span class='ocrx_word' id='word_1_521' title='bbox 750 3683 847 3737; x_wconf 84' lang='grc' dir='ltr'>τοῦ</span> <span class='ocrx_word' id='word_1_522' title='bbox 884 3685 1124 3755; x_wconf 82' lang='grc' dir='ltr'>μανῆναι</span> <span class='ocrx_word' id='word_1_523' title='bbox 1144 3688 1513 3757; x_wconf 72' lang='grc' dir='ltr'>ιάρπάσαντες</span> <span class='ocrx_word' id='word_1_524' title='bbox 1543 3691 1738 3762; x_wconf 81' lang='grc' dir='ltr'>ἀθρόον</span> <span class='ocrx_word' id='word_1_525' title='bbox 1767 3694 1861 3746; x_wconf 79' lang='grc' dir='ltr'>καὶ</span> <span class='ocrx_word' id='word_1_526' title='bbox 1901 3694 2176 3764; x_wconf 87' lang='grc' dir='ltr'>πορνείοις</span> <span class='ocrx_word' id='word_1_527' title='bbox 2200 3693 2733 3762; x_wconf 83' lang='grc' dir='ltr'>ἐγκαταστήσαντες,</span> <span class='ocrx_word' id='word_1_528' title='bbox 2765 3693 2948 3746; x_wconf 81' lang='grc' dir='ltr'>πᾶσαν</span> <span class='ocrx_word' id='word_1_529' title='bbox 2972 3692 3164 3755; x_wconf 82' lang='grc' dir='ltr'>αὑταῖς</span> <span class='ocrx_word' id='word_1_530' title='bbox 3199 3691 3397 3763; x_wconf 57' lang='grc' dir='ltr'><strong>⁸,ὓϐριν</strong></span> <span class='ocrx_word' id='word_1_531' title='bbox 3457 3696 3557 3765; x_wconf 77' lang='grc' dir='ltr'><strong>ρη,</strong></span> 
     </span>
    </p>
   </div>
   <div class='ocr_carea' id='block_1_74' title="bbox 265 3772 3412 3857">
    <p class='ocr_par' dir='ltr' id='par_1_74' title="bbox 265 3772 3412 3857">
     <span class='ocr_line' id='line_1_74' title="bbox 265 3772 3412 3857; baseline 0.005 -33"><span class='ocrx_word' id='word_1_532' title='bbox 265 3773 371 3841; x_wconf 80' lang='grc' dir='ltr'>τὴν</span> <span class='ocrx_word' id='word_1_533' title='bbox 397 3772 495 3827; x_wconf 76' lang='grc' dir='ltr'>καὶ</span> <span class='ocrx_word' id='word_1_534' title='bbox 531 3774 773 3845; x_wconf 77' lang='grc' dir='ltr'>ἄρρητον</span> <span class='ocrx_word' id='word_1_535' title='bbox 803 3776 1168 3842; x_wconf 79' lang='grc' dir='ltr'>ἐπεδείξαντο.</span> <span class='ocrx_word' id='word_1_536' title='bbox 1202 3778 1298 3843; x_wconf 75' lang='grc' dir='ltr'><strong>Οἷς</strong></span> <span class='ocrx_word' id='word_1_537' title='bbox 1327 3782 1639 3852; x_wconf 87' lang='grc' dir='ltr'>χαλεπήνας</span> <span class='ocrx_word' id='word_1_538' title='bbox 1675 3786 1940 3850; x_wconf 83' lang='grc' dir='ltr'>Κλαύδιος</span> <span class='ocrx_word' id='word_1_539' title='bbox 1976 3787 2129 3856; x_wconf 85' lang='grc' dir='ltr'>ὅμως</span> <span class='ocrx_word' id='word_1_540' title='bbox 2154 3786 2309 3841; x_wconf 82' lang='grc' dir='ltr'>οὐδὲν</span> <span class='ocrx_word' id='word_1_541' title='bbox 2343 3786 2493 3853; x_wconf 77' lang='grc' dir='ltr'>ἄξιον</span> <span class='ocrx_word' id='word_1_542' title='bbox 2520 3789 2620 3855; x_wconf 80' lang='grc' dir='ltr'>τῆς</span> <span class='ocrx_word' id='word_1_543' title='bbox 2646 3787 2996 3857; x_wconf 84' lang='grc' dir='ltr'>παρανομίας</span> <span class='ocrx_word' id='word_1_544' title='bbox 3030 3784 3412 3854; x_wconf 71' lang='grc' dir='ltr'>εἰσεπράξατο.</span> 
     </span>
    </p>
   </div>
   <div class='ocr_carea' id='block_1_75' title="bbox 351 3863 1857 3946">
    <p class='ocr_par' dir='ltr' id='par_1_75' title="bbox 351 3863 1857 3946">
     <span class='ocr_line' id='line_1_75' title="bbox 351 3863 1857 3946; baseline 0.008 -30"><span class='ocrx_word' id='word_1_545' title='bbox 351 3864 476 3917; x_wconf 87' lang='grc' dir='ltr'>Ὅτι</span> <span class='ocrx_word' id='word_1_546' title='bbox 517 3863 824 3936; x_wconf 80' lang='grc' dir='ltr'>Ἀγρίππας</span> <span class='ocrx_word' id='word_1_547' title='bbox 865 3868 1005 3921; x_wconf 82' lang='grc' dir='ltr'>δτοῦ</span> <span class='ocrx_word' id='word_1_548' title='bbox 1060 3869 1368 3941; x_wconf 83' lang='grc' dir='ltr'>Ἀγρίππου</span> <span class='ocrx_word' id='word_1_549' title='bbox 1421 3875 1551 3937; x_wconf 80' lang='grc' dir='ltr'>παῖς</span> <span class='ocrx_word' id='word_1_550' title='bbox 1599 3873 1857 3946; x_wconf 86' lang='grc' dir='ltr'>τελευτή-</span> 
     </span>
    </p>
   </div>
   <div class='ocr_carea' id='block_1_76' title="bbox 267 3956 1861 4034">
    <p class='ocr_par' dir='ltr' id='par_1_76' title="bbox 267 3956 1861 4034">
     <span class='ocr_line' id='line_1_76' title="bbox 267 3956 1861 4034; baseline 0.006 -25"><span class='ocrx_word' id='word_1_551' title='bbox 267 3971 464 4018; x_wconf 87' lang='grc' dir='ltr'>σαντος</span> <span class='ocrx_word' id='word_1_552' title='bbox 493 3956 643 4026; x_wconf 77' lang='grc' dir='ltr'>αὐτῷ</span> <span class='ocrx_word' id='word_1_553' title='bbox 668 3956 763 4011; x_wconf 81' lang='grc' dir='ltr'>τοῦ</span> <span class='ocrx_word' id='word_1_554' title='bbox 786 3959 991 4029; x_wconf 85' lang='grc' dir='ltr'>πατρὸς</span> <span class='ocrx_word' id='word_1_555' title='bbox 1014 3961 1094 4024; x_wconf 82' lang='grc' dir='ltr'><strong>είς</strong></span> <span class='ocrx_word' id='word_1_556' title='bbox 1137 3960 1357 4032; x_wconf 84' lang='grc' dir='ltr'>Ῥώμην</span> <span class='ocrx_word' id='word_1_557' title='bbox 1379 3964 1625 4034; x_wconf 82' lang='grc' dir='ltr'>ἀπαίρει.</span> <span class='ocrx_word' id='word_1_558' title='bbox 1678 3964 1861 4018; x_wconf 83' lang='grc' dir='ltr'>Κλαύ-</span> 
     </span>
    </p>
   </div>
   <div class='ocr_carea' id='block_1_77' title="bbox 265 4046 1854 4127">
    <p class='ocr_par' dir='ltr' id='par_1_77' title="bbox 265 4046 1854 4127">
     <span class='ocr_line' id='line_1_77' title="bbox 265 4046 1854 4127; baseline 0.006 -27"><span class='ocrx_word' id='word_1_559' title='bbox 265 4047 379 4110; x_wconf 77' lang='grc' dir='ltr'>διος</span> <span class='ocrx_word' id='word_1_560' title='bbox 406 4046 451 4100; x_wconf 83' lang='grc' dir='ltr'>δ’</span> <span class='ocrx_word' id='word_1_561' title='bbox 484 4047 637 4118; x_wconf 83' lang='grc' dir='ltr'>αὐτῴ</span> <span class='ocrx_word' id='word_1_562' title='bbox 656 4049 757 4117; x_wconf 80' lang='grc' dir='ltr'><strong>τὴν</strong></span> <span class='ocrx_word' id='word_1_563' title='bbox 796 4049 1056 4122; x_wconf 81' lang='grc' dir='ltr'>πατρῴαν</span> <span class='ocrx_word' id='word_1_564' title='bbox 1081 4052 1258 4124; x_wconf 84' lang='grc' dir='ltr'>ἀρχὴν</span> <span class='ocrx_word' id='word_1_565' title='bbox 1288 4053 1520 4123; x_wconf 75' lang='grc' dir='ltr'>ἐγνώκει</span> <span class='ocrx_word' id='word_1_566' title='bbox 1538 4055 1854 4127; x_wconf 74' lang='grc' dir='ltr'>χειρίζειν⁹,</span> 
     </span>
    </p>
   </div>
   <div class='ocr_carea' id='block_1_78' title="bbox 268 4140 1855 4222">
    <p class='ocr_par' dir='ltr' id='par_1_78' title="bbox 268 4140 1855 4222">
     <span class='ocr_line' id='line_1_78' title="bbox 268 4140 1855 4222; baseline 0.007 -28"><span class='ocrx_word' id='word_1_567' title='bbox 268 4142 570 4204; x_wconf 72' lang='grc' dir='ltr'>άνακοπεὶς</span> <span class='ocrx_word' id='word_1_568' title='bbox 621 4140 666 4195; x_wconf 86' lang='grc' dir='ltr'>δ’</span> <span class='ocrx_word' id='word_1_569' title='bbox 721 4143 880 4198; x_wconf 86' lang='grc' dir='ltr'>ἐνίων</span> <span class='ocrx_word' id='word_1_570' title='bbox 946 4144 1163 4216; x_wconf 82' lang='grc' dir='ltr'>βουλαῖς</span> <span class='ocrx_word' id='word_1_571' title='bbox 1216 4148 1280 4200; x_wconf 81' lang='grc' dir='ltr'>τὸ</span> <span class='ocrx_word' id='word_1_572' title='bbox 1328 4149 1448 4202; x_wconf 91' lang='grc' dir='ltr'>νέον</span> <span class='ocrx_word' id='word_1_573' title='bbox 1502 4150 1602 4220; x_wconf 85' lang='grc' dir='ltr'>τῆς</span> <span class='ocrx_word' id='word_1_574' title='bbox 1639 4151 1855 4222; x_wconf 82' lang='grc' dir='ltr'>ἡλικίας</span> 
     </span>
    </p>
   </div>
   <div class='ocr_carea' id='block_1_79' title="bbox 282 4232 1857 4313">
    <p class='ocr_par' dir='ltr' id='par_1_79' title="bbox 282 4232 1857 4313">
     <span class='ocr_line' id='line_1_79' title="bbox 282 4232 1857 4313; baseline 0.006 -27"><span class='ocrx_word' id='word_1_575' title='bbox 282 4232 565 4302; x_wconf 70' lang='grc' dir='ltr'>Ἀγρίππα</span> <span class='ocrx_word' id='word_1_576' title='bbox 612 4233 1043 4305; x_wconf 86' lang='grc' dir='ltr'>αίτιασαμένων,</span> <span class='ocrx_word' id='word_1_577' title='bbox 1094 4239 1265 4293; x_wconf 82' lang='grc' dir='ltr'>Φάδον</span> <span class='ocrx_word' id='word_1_578' title='bbox 1298 4240 1397 4311; x_wconf 86' lang='grc' dir='ltr'><strong>μὲν</strong></span> <span class='ocrx_word' id='word_1_579' title='bbox 1433 4242 1730 4313; x_wconf 87' lang='grc' dir='ltr'>ἐπίτροπον</span> <span class='ocrx_word' id='word_1_580' title='bbox 1768 4244 1857 4296; x_wconf 83' lang='grc' dir='ltr'>ἐκ·</span> 
     </span>
    </p>
   </div>
   <div class='ocr_carea' id='block_1_80' title="bbox 268 4322 1851 4399">
    <p class='ocr_par' dir='ltr' id='par_1_80' title="bbox 268 4322 1851 4399">
     <span class='ocr_line' id='line_1_80' title="bbox 268 4322 1851 4399; baseline 0.016 -36"><span class='ocrx_word' id='word_1_581' title='bbox 268 4322 481 4391; x_wconf 76' lang='grc' dir='ltr'>πέμπει</span> <span class='ocrx_word' id='word_1_582' title='bbox 543 4323 641 4393; x_wconf 82' lang='grc' dir='ltr'>τῆς</span> <span class='ocrx_word' id='word_1_583' title='bbox 693 4324 972 4393; x_wconf 84' lang='grc' dir='ltr'>Ἰουδαίας,</span> <span class='ocrx_word' id='word_1_584' title='bbox 1045 4326 1355 4399; x_wconf 82' lang='grc' dir='ltr'>Ἀγρίππαν</span> <span class='ocrx_word' id='word_1_585' title='bbox 1424 4331 1481 4384; x_wconf 86' lang='grc' dir='ltr'>δὲ</span> <span class='ocrx_word' id='word_1_586' title='bbox 1538 4332 1807 4395; x_wconf 83' lang='grc' dir='ltr'>Χαλκίδος</span> <span class='ocrx_word' id='word_1_587' title='bbox 1833 4372 1851 4399; x_wconf 89' lang='grc'><strong>,</strong></span> 
     </span>
    </p>
   </div>
   <div class='ocr_carea' id='block_1_81' title="bbox 278 4412 1855 4495">
    <p class='ocr_par' dir='ltr' id='par_1_81' title="bbox 278 4412 1855 4495">
     <span class='ocr_line' id='line_1_81' title="bbox 278 4412 1855 4495; baseline 0.006 -26"><span class='ocrx_word' id='word_1_588' title='bbox 278 4412 527 4485; x_wconf 83' lang='grc' dir='ltr'>Ἡρώδου</span> <span class='ocrx_word' id='word_1_589' title='bbox 550 4414 983 4486; x_wconf 81' lang='grc' dir='ltr'>τελευτήσαντος</span> <span class='ocrx_word' id='word_1_590' title='bbox 1012 4417 1106 4472; x_wconf 80' lang='grc' dir='ltr'><strong>τοῦ</strong></span> <span class='ocrx_word' id='word_1_591' title='bbox 1138 4420 1345 4492; x_wconf 89' lang='grc' dir='ltr'>ταύτης</span> <span class='ocrx_word' id='word_1_592' title='bbox 1393 4422 1610 4493; x_wconf 77' lang='grc' dir='ltr'>ἔχοντος</span> <span class='ocrx_word' id='word_1_593' title='bbox 1635 4424 1737 4495; x_wconf 84' lang='grc' dir='ltr'><strong>τὴν</strong></span> <span class='ocrx_word' id='word_1_594' title='bbox 1760 4424 1855 4495; x_wconf 86' lang='grc' dir='ltr'><strong>βα-</strong></span> 
     </span>
    </p>
   </div>
   <div class='ocr_carea' id='block_1_82' title="bbox 2038 3874 3555 3951">
    <p class='ocr_par' dir='ltr' id='par_1_82' title="bbox 2038 3874 3555 3951">
     <span class='ocr_line' id='line_1_82' title="bbox 2038 3874 3555 3951; baseline 0 -21"><span class='ocrx_word' id='word_1_595' title='bbox 2038 3878 2279 3946; x_wconf 78' lang='lat' dir='ltr'><strong>Agrippa</strong></span> <span class='ocrx_word' id='word_1_596' title='bbox 2332 3877 2584 3945; x_wconf 59' lang='lat' dir='ltr'><strong>Agrippa</strong></span> <span class='ocrx_word' id='word_1_597' title='bbox 2632 3875 2797 3940; x_wconf 76' lang='lat' dir='ltr'><strong>(ilius,</strong></span> <span class='ocrx_word' id='word_1_598' title='bbox 2846 3887 3065 3931; x_wconf 88' lang='lat' dir='ltr'><strong>mortuo</strong></span> <span class='ocrx_word' id='word_1_599' title='bbox 3120 3884 3273 3944; x_wconf 80' lang='lat' dir='ltr'><strong>patre</strong></span> <span class='ocrx_word' id='word_1_600' title='bbox 3325 3874 3555 3951; x_wconf 75' lang='lat' dir='ltr'><strong>Romam</strong></span> 
     </span>
    </p>
   </div>
   <div class='ocr_carea' id='block_1_83' title="bbox 1965 3967 3555 4038">
    <p class='ocr_par' dir='ltr' id='par_1_83' title="bbox 1965 3967 3555 4038">
     <span class='ocr_line' id='line_1_83' title="bbox 1965 3967 3555 4038; baseline 0.001 -18"><span class='ocrx_word' id='word_1_601' title='bbox 1965 3969 2205 4036; x_wconf 87' lang='lat' dir='ltr'><strong>navigat.</strong></span> <span class='ocrx_word' id='word_1_602' title='bbox 2237 3967 2497 4022; x_wconf 89' lang='lat' dir='ltr'><strong>Claudius</strong></span> <span class='ocrx_word' id='word_1_603' title='bbox 2526 3981 2655 4022; x_wconf 88' lang='lat' dir='ltr'><strong>vero</strong></span> <span class='ocrx_word' id='word_1_604' title='bbox 2682 3968 2755 4021; x_wconf 90' lang='lat' dir='ltr'><strong>illi</strong></span> <span class='ocrx_word' id='word_1_605' title='bbox 2779 3978 3068 4037; x_wconf 88' lang='lat' dir='ltr'><strong>paternum</strong></span> <span class='ocrx_word' id='word_1_606' title='bbox 3105 3968 3389 4038; x_wconf 86' lang='lat' dir='ltr'><strong>imperium</strong></span> <span class='ocrx_word' id='word_1_607' title='bbox 3421 3968 3555 4022; x_wconf 87' lang='lat' dir='ltr'><strong>dare</strong></span> 
     </span>
    </p>
   </div>
   <div class='ocr_carea' id='block_1_84' title="bbox 1963 4058 3551 4126">
    <p class='ocr_par' dir='ltr' id='par_1_84' title="bbox 1963 4058 3551 4126">
     <span class='ocr_line' id='line_1_84' title="bbox 1963 4058 3551 4126; baseline -0.001 -14"><span class='ocrx_word' id='word_1_608' title='bbox 1963 4067 2256 4120; x_wconf 79' lang='lat' dir='ltr'><strong>Statuerat,</strong></span> <span class='ocrx_word' id='word_1_609' title='bbox 2292 4058 2387 4113; x_wconf 89' lang='lat' dir='ltr'><strong>sed</strong></span> <span class='ocrx_word' id='word_1_610' title='bbox 2422 4067 2667 4112; x_wconf 86' lang='lat' dir='ltr'><strong>retentus</strong></span> <span class='ocrx_word' id='word_1_611' title='bbox 2707 4058 3093 4111; x_wconf 90' lang='lat' dir='ltr'><strong>nonnullorum</strong></span> <span class='ocrx_word' id='word_1_612' title='bbox 3138 4058 3428 4112; x_wconf 85' lang='lat' dir='ltr'><strong>sententiis</strong></span> <span class='ocrx_word' id='word_1_613' title='bbox 3456 4058 3551 4126; x_wconf 89' lang='lat' dir='ltr'><strong>qui</strong></span> 
     </span>
    </p>
   </div>
   <div class='ocr_carea' id='block_1_85' title="bbox 1961 4146 3551 4221">
    <p class='ocr_par' dir='ltr' id='par_1_85' title="bbox 1961 4146 3551 4221">
     <span class='ocr_line' id='line_1_85' title="bbox 1961 4146 3551 4221; baseline -0.001 -17"><span class='ocrx_word' id='word_1_614' title='bbox 1961 4157 2174 4204; x_wconf 72' lang='lat' dir='ltr'><strong>aetatem</strong></span> <span class='ocrx_word' id='word_1_615' title='bbox 2224 4149 2518 4219; x_wconf 75' lang='lat' dir='ltr'><strong>iuvenilem</strong></span> <span class='ocrx_word' id='word_1_616' title='bbox 2575 4149 2825 4221; x_wconf 66' lang='lat' dir='ltr'><strong>Agrippae</strong></span> <span class='ocrx_word' id='word_1_617' title='bbox 2869 4158 3279 4216; x_wconf 89' lang='lat' dir='ltr'><strong>causarentur,</strong></span> <span class='ocrx_word' id='word_1_618' title='bbox 3346 4146 3551 4203; x_wconf 87' lang='lat' dir='ltr'><strong>Fadum</strong></span> 
     </span>
    </p>
   </div>
   <div class='ocr_carea' id='block_1_86' title="bbox 1956 4240 3548 4313">
    <p class='ocr_par' dir='ltr' id='par_1_86' title="bbox 1956 4240 3548 4313">
     <span class='ocr_line' id='line_1_86' title="bbox 1956 4240 3548 4313; baseline -0.001 -17"><span class='ocrx_word' id='word_1_619' title='bbox 1956 4241 2163 4297; x_wconf 66' lang='lat' dir='ltr'><strong>Judaeae</strong></span> <span class='ocrx_word' id='word_1_620' title='bbox 2193 4252 2478 4313; x_wconf 60' lang='lat' dir='ltr'><strong>prauorem</strong></span> <span class='ocrx_word' id='word_1_621' title='bbox 2521 4241 2711 4307; x_wconf 88' lang='lat' dir='ltr'><strong>mittit,</strong></span> <span class='ocrx_word' id='word_1_622' title='bbox 2749 4244 3040 4312; x_wconf 80' lang='lat' dir='ltr'><strong>Agrippam</strong></span> <span class='ocrx_word' id='word_1_623' title='bbox 3085 4255 3215 4297; x_wconf 87' lang='lat' dir='ltr'><strong>vero</strong></span> <span class='ocrx_word' id='word_1_624' title='bbox 3249 4240 3548 4305; x_wconf 84' lang='lat' dir='ltr'><strong>Chalcidis,</strong></span> 
     </span>
    </p>
   </div>
   <div class='ocr_carea' id='block_1_87' title="bbox 1959 4335 3545 4405">
    <p class='ocr_par' dir='ltr' id='par_1_87' title="bbox 1959 4335 3545 4405">
     <span class='ocr_line' id='line_1_87' title="bbox 1959 4335 3545 4405; baseline -0.002 -14"><span class='ocrx_word' id='word_1_625' title='bbox 1959 4336 2050 4391; x_wconf 87' lang='lat' dir='ltr'><strong>cui</strong></span> <span class='ocrx_word' id='word_1_626' title='bbox 2083 4346 2210 4390; x_wconf 89' lang='lat' dir='ltr'><strong>ante</strong></span> <span class='ocrx_word' id='word_1_627' title='bbox 2255 4335 2493 4391; x_wconf 82' lang='lat' dir='ltr'><strong>Herodes</strong></span> <span class='ocrx_word' id='word_1_628' title='bbox 2523 4345 2772 4390; x_wconf 89' lang='lat' dir='ltr'><strong>mortuus</strong></span> <span class='ocrx_word' id='word_1_629' title='bbox 2807 4335 3126 4405; x_wconf 67' lang='lat' dir='ltr'><strong>praefuerat,</strong></span> <span class='ocrx_word' id='word_1_630' title='bbox 3160 4348 3342 4405; x_wconf 85' lang='lat' dir='ltr'><strong>regem</strong></span> <span class='ocrx_word' id='word_1_631' title='bbox 3374 4341 3545 4388; x_wconf 89' lang='lat' dir='ltr'><strong>creat.</strong></span> 
     </span>
    </p>
   </div>
   <div class='ocr_carea' id='block_1_88' title="bbox 1960 4425 3546 4497">
    <p class='ocr_par' dir='ltr' id='par_1_88' title="bbox 1960 4425 3546 4497">
     <span class='ocr_line' id='line_1_88' title="bbox 1960 4425 3546 4497; baseline -0.003 -15"><span class='ocrx_word' id='word_1_632' title='bbox 1960 4427 2169 4494; x_wconf 87' lang='lat' dir='ltr'><strong>Quarto</strong></span> <span class='ocrx_word' id='word_1_633' title='bbox 2190 4438 2313 4497; x_wconf 88' lang='lat' dir='ltr'><strong>post</strong></span> <span class='ocrx_word' id='word_1_634' title='bbox 2340 4442 2489 4481; x_wconf 90' lang='lat' dir='ltr'><strong>anno</strong></span> <span class='ocrx_word' id='word_1_635' title='bbox 2509 4428 2675 4481; x_wconf 89' lang='lat' dir='ltr'><strong>donat</strong></span> <span class='ocrx_word' id='word_1_636' title='bbox 2697 4436 2752 4482; x_wconf 90' lang='lat' dir='ltr'><strong>et</strong></span> <span class='ocrx_word' id='word_1_637' title='bbox 2782 4427 2856 4481; x_wconf 91' lang='lat' dir='ltr'><strong>illi</strong></span> <span class='ocrx_word' id='word_1_638' title='bbox 2894 4425 3131 4497; x_wconf 87' lang='lat' dir='ltr'><strong>Philippi</strong></span> <span class='ocrx_word' id='word_1_639' title='bbox 3169 4425 3546 4489; x_wconf 85' lang='lat' dir='ltr'><strong>tetrarchiam,</strong></span> 
     </span>
    </p>
   </div>
   <div class='ocr_carea' id='block_1_89' title="bbox 269 4503 1862 4590">
    <p class='ocr_par' dir='ltr' id='par_1_89' title="bbox 269 4503 1855 4587">
     <span class='ocr_line' id='line_1_89' title="bbox 269 4503 1855 4587; baseline 0.008 -30"><span class='ocrx_word' id='word_1_640' title='bbox 269 4503 498 4571; x_wconf 86' lang='grc' dir='ltr'>σιλείαν,</span> <span class='ocrx_word' id='word_1_641' title='bbox 530 4508 612 4569; x_wconf 80' lang='grc' dir='ltr'><strong>εἰς</strong></span> <span class='ocrx_word' id='word_1_642' title='bbox 647 4507 875 4575; x_wconf 80' lang='grc' dir='ltr'>βασιλέα</span> <span class='ocrx_word' id='word_1_643' title='bbox 912 4508 1228 4582; x_wconf 86' lang='grc' dir='ltr'>καθίστησι.</span> <span class='ocrx_word' id='word_1_644' title='bbox 1280 4514 1438 4568; x_wconf 77' lang='grc' dir='ltr'>Μετὰ</span> <span class='ocrx_word' id='word_1_645' title='bbox 1487 4515 1546 4569; x_wconf 78' lang='grc' dir='ltr'>δὲ</span> <span class='ocrx_word' id='word_1_646' title='bbox 1589 4516 1855 4587; x_wconf 87' lang='grc' dir='ltr'>τέταρτον</span> 
     </span>
    </p>
   </div>
   <div class='ocr_carea' id='block_1_90' title="bbox 1963 4503 3547 4590">
    <p class='ocr_par' dir='ltr' id='par_1_90' title="bbox 1963 4520 3547 4590">
     <span class='ocr_line' id='line_1_90' title="bbox 1963 4520 3547 4590; baseline -0.002 -16"><span class='ocrx_word' id='word_1_647' title='bbox 1963 4530 2013 4575; x_wconf 84' lang='grc' dir='ltr'><strong>ει</strong></span> <span class='ocrx_word' id='word_1_648' title='bbox 2043 4520 2376 4585; x_wconf 68' lang='lat' dir='ltr'><strong>Batanaeam,</strong></span> <span class='ocrx_word' id='word_1_649' title='bbox 2407 4520 2707 4590; x_wconf 84' lang='lat' dir='ltr'><strong>adjnngens</strong></span> <span class='ocrx_word' id='word_1_650' title='bbox 2735 4529 2791 4574; x_wconf 91' lang='lat' dir='ltr'><strong>et</strong></span> <span class='ocrx_word' id='word_1_651' title='bbox 2818 4520 3198 4581; x_wconf 87' lang='lat' dir='ltr'><strong>Trachonitin,</strong></span> <span class='ocrx_word' id='word_1_652' title='bbox 3230 4533 3351 4588; x_wconf 70' lang='lat' dir='ltr'><strong>quae</strong></span> <span class='ocrx_word' id='word_1_653' title='bbox 3386 4528 3547 4571; x_wconf 81' lang='lat' dir='ltr'><strong>antea</strong></span> 
     </span>
    </p>
   </div>
   <div class='ocr_carea' id='block_1_91' title="bbox 262 4596 1862 4685">
    <p class='ocr_par' dir='ltr' id='par_1_91' title="bbox 262 4596 1856 4679">
     <span class='ocr_line' id='line_1_91' title="bbox 262 4596 1856 4679; baseline 0.009 -32"><span class='ocrx_word' id='word_1_654' title='bbox 262 4596 389 4679; x_wconf 8' lang='grc' dir='ltr'>»ἐτος</span> <span class='ocrx_word' id='word_1_655' title='bbox 424 4597 677 4668; x_wconf 88' lang='grc' dir='ltr'>δωρεῖται</span> <span class='ocrx_word' id='word_1_656' title='bbox 705 4600 869 4653; x_wconf 84' lang='grc' dir='ltr'>αὑτὸν</span> <span class='ocrx_word' id='word_1_657' title='bbox 915 4605 982 4672; x_wconf 81' lang='grc' dir='ltr'>τῇ</span> <span class='ocrx_word' id='word_1_658' title='bbox 1010 4619 1070 4654; x_wconf 91' lang='grc' dir='ltr'><strong>τε</strong></span> <span class='ocrx_word' id='word_1_659' title='bbox 1094 4603 1365 4658; x_wconf 80' lang='grc' dir='ltr'>Φιλίππου</span> <span class='ocrx_word' id='word_1_660' title='bbox 1415 4607 1714 4679; x_wconf 86' lang='grc' dir='ltr'>τετραρχίᾳ</span> <span class='ocrx_word' id='word_1_661' title='bbox 1760 4609 1856 4663; x_wconf 68' lang='grc' dir='ltr'><strong>καλ⁵</strong></span> 
     </span>
    </p>
   </div>
   <div class='ocr_carea' id='block_1_92' title="bbox 1963 4596 3541 4685">
    <p class='ocr_par' dir='ltr' id='par_1_92' title="bbox 1963 4611 3541 4685">
     <span class='ocr_line' id='line_1_92' title="bbox 1963 4611 3541 4685; baseline -0.001 -18"><span class='ocrx_word' id='word_1_662' title='bbox 1963 4612 2207 4685; x_wconf 74' lang='lat' dir='ltr'><strong>Lysaniae</strong></span> <span class='ocrx_word' id='word_1_663' title='bbox 2250 4613 2374 4676; x_wconf 85' lang='lat' dir='ltr'><strong>fuit,</strong></span> <span class='ocrx_word' id='word_1_664' title='bbox 2406 4622 2464 4669; x_wconf 89' lang='lat' dir='ltr'><strong>et</strong></span> <span class='ocrx_word' id='word_1_665' title='bbox 2509 4613 2598 4667; x_wconf 92' lang='lat' dir='ltr'><strong>illa</strong></span> <span class='ocrx_word' id='word_1_666' title='bbox 2639 4613 2820 4668; x_wconf 91' lang='lat' dir='ltr'><strong>dando</strong></span> <span class='ocrx_word' id='word_1_667' title='bbox 2854 4613 3056 4667; x_wconf 86' lang='lat' dir='ltr'><strong>ademit</strong></span> <span class='ocrx_word' id='word_1_668' title='bbox 3099 4612 3173 4666; x_wconf 84' lang='lat' dir='ltr'><strong>illi</strong></span> <span class='ocrx_word' id='word_1_669' title='bbox 3208 4611 3541 4665; x_wconf 83' lang='lat' dir='ltr'><strong>Chalcidem.</strong></span> 
     </span>
    </p>
   </div>
   <div class='ocr_carea' id='block_1_93' title="bbox 269 4687 1862 4775">
    <p class='ocr_par' dir='ltr' id='par_1_93' title="bbox 269 4687 1850 4770">
     <span class='ocr_line' id='line_1_93' title="bbox 269 4687 1850 4770; baseline 0.008 -29"><span class='ocrx_word' id='word_1_670' title='bbox 269 4687 583 4760; x_wconf 77' lang='grc' dir='ltr'>Βαταναίᾳ,</span> <span class='ocrx_word' id='word_1_671' title='bbox 636 4691 897 4760; x_wconf 76' lang='grc' dir='ltr'>προσθεὶς</span> <span class='ocrx_word' id='word_1_672' title='bbox 950 4693 1099 4764; x_wconf 82' lang='grc' dir='ltr'>αὐτῷ</span> <span class='ocrx_word' id='word_1_673' title='bbox 1162 4695 1257 4748; x_wconf 69' lang='grc' dir='ltr'>καὶ</span> <span class='ocrx_word' id='word_1_674' title='bbox 1314 4696 1415 4767; x_wconf 77' lang='grc' dir='ltr'>τὴν</span> <span class='ocrx_word' id='word_1_675' title='bbox 1479 4699 1850 4770; x_wconf 59' lang='grc' dir='ltr'>Τραχωνῖτιν</span> 
     </span>
    </p>
   </div>
   <div class='ocr_carea' id='block_1_94' title="bbox 1963 4687 3544 4775">
    <p class='ocr_par' dir='ltr' id='par_1_94' title="bbox 1963 4699 3544 4775">
     <span class='ocr_line' id='line_1_94' title="bbox 1963 4699 3544 4775; baseline -0.004 -15"><span class='ocrx_word' id='word_1_676' title='bbox 1963 4706 2191 4775; x_wconf 74' lang='lat' dir='ltr'><strong>Agrippa</strong></span> <span class='ocrx_word' id='word_1_677' title='bbox 2252 4719 2496 4760; x_wconf 88' lang='lat' dir='ltr'><strong>sororem</strong></span> <span class='ocrx_word' id='word_1_678' title='bbox 2550 4703 2837 4759; x_wconf 88' lang='lat' dir='ltr'><strong>Drusillam</strong></span> <span class='ocrx_word' id='word_1_679' title='bbox 2897 4703 3063 4756; x_wconf 84' lang='lat' dir='ltr'><strong>Azizo</strong></span> <span class='ocrx_word' id='word_1_680' title='bbox 3122 4701 3380 4756; x_wconf 71' lang='lat' dir='ltr'><strong>Emesazae</strong></span> <span class='ocrx_word' id='word_1_681' title='bbox 3430 4699 3544 4770; x_wconf 89' lang='lat' dir='ltr'><strong>regi</strong></span> 
     </span>
    </p>
   </div>
   <div class='ocr_carea' id='block_1_95' title="bbox 266 4780 1862 4863">
    <p class='ocr_par' dir='ltr' id='par_1_95' title="bbox 266 4780 1852 4857">
     <span class='ocr_line' id='line_1_95' title="bbox 266 4780 1852 4857; baseline 0.008 -24"><span class='ocrx_word' id='word_1_682' title='bbox 266 4780 537 4833; x_wconf 85' lang='grc' dir='ltr'>Λυσανίου</span> <span class='ocrx_word' id='word_1_683' title='bbox 561 4781 606 4834; x_wconf 87' lang='grc' dir='ltr'>δ’</span> <span class='ocrx_word' id='word_1_684' title='bbox 628 4781 767 4853; x_wconf 76' lang='grc' dir='ltr'>αὕτη</span> <span class='ocrx_word' id='word_1_685' title='bbox 792 4785 1088 4855; x_wconf 86' lang='grc' dir='ltr'>τετραρχία</span> <span class='ocrx_word' id='word_1_686' title='bbox 1111 4786 1375 4857; x_wconf 82' lang='grc' dir='ltr'>ἐγεγόνει.</span> <span class='ocrx_word' id='word_1_687' title='bbox 1403 4789 1512 4843; x_wconf 73' lang='grc' dir='ltr'><strong>Καὶ</strong></span> <span class='ocrx_word' id='word_1_688' title='bbox 1535 4790 1710 4843; x_wconf 82' lang='grc' dir='ltr'>ταῦτα</span> <span class='ocrx_word' id='word_1_689' title='bbox 1726 4792 1852 4856; x_wconf 86' lang='grc' dir='ltr'>δοὺς</span> 
     </span>
    </p>
   </div>
   <div class='ocr_carea' id='block_1_96' title="bbox 1963 4780 3544 4863">
    <p class='ocr_par' dir='ltr' id='par_1_96' title="bbox 1963 4791 3544 4863">
     <span class='ocr_line' id='line_1_96' title="bbox 1963 4791 3544 4863; baseline -0.003 -12"><span class='ocrx_word' id='word_1_690' title='bbox 1963 4796 2279 4851; x_wconf 83' lang='lat' dir='ltr'><strong>:ircumciso</strong></span> <span class='ocrx_word' id='word_1_691' title='bbox 2302 4797 2356 4851; x_wconf 92' lang='lat' dir='ltr'><strong>in</strong></span> <span class='ocrx_word' id='word_1_692' title='bbox 2389 4811 2614 4851; x_wconf 79' lang='lat' dir='ltr'><strong>uxorem</strong></span> <span class='ocrx_word' id='word_1_693' title='bbox 2642 4795 2814 4851; x_wconf 90' lang='lat' dir='ltr'><strong>dedit.</strong></span> <span class='ocrx_word' id='word_1_694' title='bbox 2846 4794 3158 4863; x_wconf 87' lang='lat' dir='ltr'><strong>Epiphanes</strong></span> <span class='ocrx_word' id='word_1_695' title='bbox 3175 4791 3319 4846; x_wconf 87' lang='lat' dir='ltr'><strong>enim</strong></span> <span class='ocrx_word' id='word_1_696' title='bbox 3346 4791 3544 4847; x_wconf 83' lang='lat' dir='ltr'><strong>Antio-</strong></span> 
     </span>
    </p>
   </div>
   <div class='ocr_carea' id='block_1_97' title="bbox 267 4871 1862 4958">
    <p class='ocr_par' dir='ltr' id='par_1_97' title="bbox 267 4871 1850 4951">
     <span class='ocr_line' id='line_1_97' title="bbox 267 4871 1850 4951; baseline 0.006 -26"><span class='ocrx_word' id='word_1_697' title='bbox 267 4871 588 4942; x_wconf 77' lang='grc' dir='ltr'>ἀφαιρεῖται</span> <span class='ocrx_word' id='word_1_698' title='bbox 637 4875 738 4945; x_wconf 84' lang='grc' dir='ltr'>τὴν</span> <span class='ocrx_word' id='word_1_699' title='bbox 793 4875 1056 4930; x_wconf 83' lang='grc' dir='ltr'>Χαλκίδα.</span> <span class='ocrx_word' id='word_1_700' title='bbox 1108 4877 1420 4949; x_wconf 82' lang='grc' dir='ltr'>Ἀγρίππας</span> <span class='ocrx_word' id='word_1_701' title='bbox 1464 4879 1520 4933; x_wconf 84' lang='grc' dir='ltr'>δὲ</span> <span class='ocrx_word' id='word_1_702' title='bbox 1554 4882 1850 4951; x_wconf 83' lang='grc' dir='ltr'>Δρουσίλαν</span> 
     </span>
    </p>
   </div>
   <div class='ocr_carea' id='block_1_98' title="bbox 1963 4871 3544 4958">
    <p class='ocr_par' dir='ltr' id='par_1_98' title="bbox 1963 4887 3544 4958">
     <span class='ocr_line' id='line_1_98' title="bbox 1963 4887 3544 4958; baseline -0.004 -15"><span class='ocrx_word' id='word_1_703' title='bbox 1963 4888 2034 4943; x_wconf 82' lang='lat' dir='ltr'><strong>:hi</strong></span> <span class='ocrx_word' id='word_1_704' title='bbox 2055 4903 2367 4958; x_wconf 85' lang='lat' dir='ltr'><strong>quanquam</strong></span> <span class='ocrx_word' id='word_1_705' title='bbox 2388 4887 2661 4957; x_wconf 84' lang='lat' dir='ltr'><strong>pollicitus</strong></span> <span class='ocrx_word' id='word_1_706' title='bbox 2695 4887 3164 4943; x_wconf 89' lang='lat' dir='ltr'><strong>circumcisionem</strong></span> <span class='ocrx_word' id='word_1_707' title='bbox 3187 4901 3291 4940; x_wconf 86' lang='lat' dir='ltr'><strong>non</strong></span> <span class='ocrx_word' id='word_1_708' title='bbox 3311 4887 3544 4956; x_wconf 71' lang='lat' dir='ltr'><strong>accepit.</strong></span> 
     </span>
    </p>
   </div>
   <div class='ocr_carea' id='block_1_99' title="bbox 264 4962 1862 5049">
    <p class='ocr_par' dir='ltr' id='par_1_99' title="bbox 264 4962 1846 5045">
     <span class='ocr_line' id='line_1_99' title="bbox 264 4962 1846 5045; baseline 0.008 -31"><span class='ocrx_word' id='word_1_709' title='bbox 264 4962 367 5033; x_wconf 86' lang='grc' dir='ltr'>τὴν</span> <span class='ocrx_word' id='word_1_710' title='bbox 399 4962 638 5035; x_wconf 73' lang='grc' dir='ltr'>ἀδελφὴν</span> <span class='ocrx_word' id='word_1_711' title='bbox 678 4965 875 5037; x_wconf 74' lang='grc' dir='ltr'>Ἀξιζῴ</span> <span class='ocrx_word' id='word_1_712' title='bbox 925 4967 1004 5038; x_wconf 79' lang='grc' dir='ltr'>τῷ</span> <span class='ocrx_word' id='word_1_713' title='bbox 1058 4968 1304 5038; x_wconf 84' lang='grc' dir='ltr'>Ἐμέσων</span> <span class='ocrx_word' id='word_1_714' title='bbox 1333 4970 1542 5042; x_wconf 82' lang='grc' dir='ltr'>βασιλεί</span> <span class='ocrx_word' id='word_1_715' title='bbox 1569 4990 1846 5045; x_wconf 86' lang='grc' dir='ltr'>περιτμη-</span> 
     </span>
    </p>
   </div>
   <div class='ocr_carea' id='block_1_100' title="bbox 1963 4962 3545 5049">
    <p class='ocr_par' dir='ltr' id='par_1_100' title="bbox 1963 4976 3545 5049">
     <span class='ocr_line' id='line_1_100' title="bbox 1963 4976 3545 5049; baseline 0 -17"><span class='ocrx_word' id='word_1_716' title='bbox 1963 4978 2079 5033; x_wconf 67' lang='lat' dir='ltr'><strong>inde</strong></span> <span class='ocrx_word' id='word_1_717' title='bbox 2112 4979 2386 5049; x_wconf 90' lang='lat' dir='ltr'><strong>sponsalia</strong></span> <span class='ocrx_word' id='word_1_718' title='bbox 2427 4980 2601 5035; x_wconf 90' lang='lat' dir='ltr'><strong>soluta</strong></span> <span class='ocrx_word' id='word_1_719' title='bbox 2629 4991 2775 5035; x_wconf 90' lang='lat' dir='ltr'><strong>sunt.</strong></span> <span class='ocrx_word' id='word_1_720' title='bbox 2812 4978 3053 5034; x_wconf 82' lang='lat' dir='ltr'><strong>Solvitur</strong></span> <span class='ocrx_word' id='word_1_721' title='bbox 3094 4988 3150 5032; x_wconf 89' lang='lat' dir='ltr'><strong>et</strong></span> <span class='ocrx_word' id='word_1_722' title='bbox 3195 4976 3431 5032; x_wconf 89' lang='lat' dir='ltr'><strong>Drusilla</strong></span> <span class='ocrx_word' id='word_1_723' title='bbox 3476 4980 3545 5033; x_wconf 88' lang='lat' dir='ltr'><strong>ah</strong></span> 
     </span>
    </p>
   </div>
   <div class='ocr_carea' id='block_1_101' title="bbox 267 5054 1862 5140">
    <p class='ocr_par' dir='ltr' id='par_1_101' title="bbox 267 5054 1845 5136">
     <span class='ocr_line' id='line_1_101' title="bbox 267 5054 1845 5136; baseline 0.008 -30"><span class='ocrx_word' id='word_1_724' title='bbox 267 5054 416 5108; x_wconf 88' lang='grc' dir='ltr'>θέντι</span> <span class='ocrx_word' id='word_1_725' title='bbox 472 5054 658 5110; x_wconf 87' lang='grc' dir='ltr'>δίδωσι</span> <span class='ocrx_word' id='word_1_726' title='bbox 703 5063 972 5128; x_wconf 78' lang='grc' dir='ltr'>γυναῖκατ</span> <span class='ocrx_word' id='word_1_727' title='bbox 1041 5061 1344 5135; x_wconf 76' lang='grc' dir='ltr'>Ἐπιφανὴς</span> <span class='ocrx_word' id='word_1_728' title='bbox 1382 5065 1493 5136; x_wconf 87' lang='grc' dir='ltr'><strong>γὰρ</strong></span> <span class='ocrx_word' id='word_1_729' title='bbox 1550 5065 1845 5135; x_wconf 75' lang='grc' dir='ltr'>Ἀντιόχου,</span> 
     </span>
    </p>
   </div>
   <div class='ocr_carea' id='block_1_102' title="bbox 1963 5054 3544 5140">
    <p class='ocr_par' dir='ltr' id='par_1_102' title="bbox 1963 5068 3544 5140">
     <span class='ocr_line' id='line_1_102' title="bbox 1963 5068 3544 5140; baseline -0.001 -18"><span class='ocrx_word' id='word_1_730' title='bbox 1963 5068 2149 5133; x_wconf 79' lang='lat' dir='ltr'><strong>Azizo,</strong></span> <span class='ocrx_word' id='word_1_731' title='bbox 2180 5080 2232 5124; x_wconf 88' lang='lat' dir='ltr'><strong>et</strong></span> <span class='ocrx_word' id='word_1_732' title='bbox 2269 5069 2437 5126; x_wconf 85' lang='lat' dir='ltr'><strong>Felici</strong></span> <span class='ocrx_word' id='word_1_733' title='bbox 2468 5068 2668 5125; x_wconf 66' lang='lat' dir='ltr'><strong>Judaaae</strong></span> <span class='ocrx_word' id='word_1_734' title='bbox 2690 5068 2945 5140; x_wconf 64' lang='lat' dir='ltr'><strong>praefecto</strong></span> <span class='ocrx_word' id='word_1_735' title='bbox 2973 5083 3094 5123; x_wconf 91' lang='lat' dir='ltr'><strong>cum</strong></span> <span class='ocrx_word' id='word_1_736' title='bbox 3131 5068 3294 5122; x_wconf 89' lang='lat' dir='ltr'><strong>multa</strong></span> <span class='ocrx_word' id='word_1_737' title='bbox 3323 5070 3393 5123; x_wconf 90' lang='lat' dir='ltr'><strong>ob</strong></span> <span class='ocrx_word' id='word_1_738' title='bbox 3424 5068 3544 5138; x_wconf 86' lang='lat' dir='ltr'><strong>pul-</strong></span> 
     </span>
    </p>
   </div>
   <div class='ocr_carea' id='block_1_103' title="bbox 264 5146 1862 5233">
    <p class='ocr_par' dir='ltr' id='par_1_103' title="bbox 264 5146 1847 5227">
     <span class='ocr_line' id='line_1_103' title="bbox 264 5146 1847 5227; baseline 0.008 -29"><span class='ocrx_word' id='word_1_739' title='bbox 264 5146 446 5200; x_wconf 86' lang='grc' dir='ltr'>καίτοι</span> <span class='ocrx_word' id='word_1_740' title='bbox 476 5147 869 5220; x_wconf 79' lang='grc' dir='ltr'>ὑποσχόμενος,</span> <span class='ocrx_word' id='word_1_741' title='bbox 899 5151 999 5206; x_wconf 81' lang='grc' dir='ltr'>οὐκ</span> <span class='ocrx_word' id='word_1_742' title='bbox 1048 5151 1263 5224; x_wconf 85' lang='grc' dir='ltr'>ἐδέχετο</span> <span class='ocrx_word' id='word_1_743' title='bbox 1304 5155 1405 5225; x_wconf 80' lang='grc' dir='ltr'><strong>τὴν</strong></span> <span class='ocrx_word' id='word_1_744' title='bbox 1437 5156 1760 5227; x_wconf 82' lang='grc' dir='ltr'>περιτομὴν,</span> <span class='ocrx_word' id='word_1_745' title='bbox 1789 5158 1847 5224; x_wconf 75' lang='grc' dir='ltr'>ἐξ</span> 
     </span>
    </p>
   </div>
   <div class='ocr_carea' id='block_1_104' title="bbox 1963 5146 3545 5233">
    <p class='ocr_par' dir='ltr' id='par_1_104' title="bbox 1963 5160 3545 5233">
     <span class='ocr_line' id='line_1_104' title="bbox 1963 5160 3545 5233; baseline 0 -17"><span class='ocrx_word' id='word_1_746' title='bbox 1963 5163 2318 5218; x_wconf 82' lang='lat' dir='ltr'><strong>chritudinem</strong></span> <span class='ocrx_word' id='word_1_747' title='bbox 2344 5164 2462 5233; x_wconf 80' lang='lat' dir='ltr'><strong>ejus</strong></span> <span class='ocrx_word' id='word_1_748' title='bbox 2506 5164 2806 5230; x_wconf 89' lang='lat' dir='ltr'><strong>moliretur,</strong></span> <span class='ocrx_word' id='word_1_749' title='bbox 2841 5162 3012 5218; x_wconf 88' lang='lat' dir='ltr'><strong>nubit.</strong></span> <span class='ocrx_word' id='word_1_750' title='bbox 3041 5160 3391 5217; x_wconf 69' lang='lat' dir='ltr'><strong>Mariamncm</strong></span> <span class='ocrx_word' id='word_1_751' title='bbox 3415 5177 3545 5217; x_wconf 87' lang='lat' dir='ltr'><strong>vero</strong></span> 
     </span>
    </p>
   </div>
   <div class='ocr_carea' id='block_1_105' title="bbox 342 5284 2664 5372">
    <p class='ocr_par' dir='ltr' id='par_1_105' title="bbox 342 5284 2664 5372">
     <span class='ocr_line' id='line_1_105' title="bbox 342 5284 2664 5372; baseline 0.006 -31"><span class='ocrx_word' id='word_1_752' title='bbox 342 5284 507 5342; x_wconf 76' lang='lat' dir='ltr'><strong>I&#39;Lib.</strong></span> <span class='ocrx_word' id='word_1_753' title='bbox 539 5304 694 5357; x_wconf 77' lang='lat' dir='ltr'><strong>xvrn,</strong></span> <span class='ocrx_word' id='word_1_754' title='bbox 739 5289 793 5346; x_wconf 90' lang='lat'><strong>9.</strong></span> <span class='ocrx_word' id='word_1_755' title='bbox 870 5297 898 5326; x_wconf 87' lang='lat'><strong><em>°</em></strong></span> <span class='ocrx_word' id='word_1_756' title='bbox 920 5289 1110 5348; x_wconf 73' lang='lat' dir='ltr'><strong>Matth.</strong></span> <span class='ocrx_word' id='word_1_757' title='bbox 1139 5308 1254 5362; x_wconf 79' lang='lat' dir='ltr'><strong>xw,</strong></span> <span class='ocrx_word' id='word_1_758' title='bbox 1276 5295 1341 5361; x_wconf 78' lang='lat'><strong>5;</strong></span> <span class='ocrx_word' id='word_1_759' title='bbox 1365 5293 1529 5350; x_wconf 85' lang='lat' dir='ltr'><strong>Marc.</strong></span> <span class='ocrx_word' id='word_1_760' title='bbox 1550 5312 1626 5363; x_wconf 75' lang='lat' dir='ltr'><strong>vn,</strong></span> <span class='ocrx_word' id='word_1_761' title='bbox 1654 5296 1897 5363; x_wconf 87' lang='lat' dir='ltr'><strong>l7;l.nc.</strong></span> <span class='ocrx_word' id='word_1_762' title='bbox 1920 5314 2003 5365; x_wconf 85' lang='lat' dir='ltr'><strong>Ill,</strong></span> <span class='ocrx_word' id='word_1_763' title='bbox 2028 5299 2131 5367; x_wconf 82' lang='lat' dir='ltr'><strong>l9;</strong></span> <span class='ocrx_word' id='word_1_764' title='bbox 2158 5301 2277 5356; x_wconf 80' lang='lat' dir='ltr'><strong>Act.</strong></span> <span class='ocrx_word' id='word_1_765' title='bbox 2315 5316 2414 5367; x_wconf 82' lang='lat' dir='ltr'><strong>xu,</strong></span> <span class='ocrx_word' id='word_1_766' title='bbox 2469 5301 2494 5354; x_wconf 82' lang='grc'><strong>1</strong></span> <span class='ocrx_word' id='word_1_767' title='bbox 2544 5316 2664 5372; x_wconf 89' lang='lat' dir='ltr'><strong>sqq.</strong></span> 
     </span>
    </p>
   </div>
   <div class='ocr_carea' id='block_1_106' title="bbox 1555 5433 2251 5494">
    <p class='ocr_par' dir='ltr' id='par_1_106' title="bbox 1555 5433 2251 5494">
     <span class='ocr_line' id='line_1_106' title="bbox 1555 5433 2251 5494; baseline 0.009 -6"><span class='ocrx_word' id='word_1_768' title='bbox 1555 5433 1793 5489; x_wconf 76' lang='lat' dir='ltr'><strong>VARUE</strong></span> <span class='ocrx_word' id='word_1_769' title='bbox 1844 5434 2251 5494; x_wconf 83' lang='lat' dir='ltr'><strong>LECTIONES.</strong></span> 
     </span>
    </p>
   </div>
   <div class='ocr_carea' id='block_1_107' title="bbox 340 5534 3539 5625">
    <p class='ocr_par' dir='ltr' id='par_1_107' title="bbox 340 5534 3539 5625">
     <span class='ocr_line' id='line_1_107' title="bbox 340 5534 3539 5625; baseline 0.013 -39"><span class='ocrx_word' id='word_1_770' title='bbox 340 5534 389 5625; x_wconf 36' lang='grc' dir='ltr'><strong>ξ-</strong></span> <span class='ocrx_word' id='word_1_771' title='bbox 411 5534 603 5625; x_wconf 72' lang='grc' dir='ltr'>Ἰανὸν]</span> <span class='ocrx_word' id='word_1_772' title='bbox 628 5537 856 5625; x_wconf 62' lang='grc' dir='ltr'>ξηῖανδν</span> <span class='ocrx_word' id='word_1_773' title='bbox 896 5541 1258 5625; x_wconf 69' lang='lat' dir='ltr'><strong>Hmsch_cliu§._</strong></span> <span class='ocrx_word' id='word_1_774' title='bbox 1326 5547 1350 5579; x_wconf 82' lang='grc'><strong><em>⁸</em></strong></span> <span class='ocrx_word' id='word_1_775' title='bbox 1382 5547 1652 5625; x_wconf 52' lang='grc' dir='ltr'>ξῐάκωϐον</span> <span class='ocrx_word' id='word_1_776' title='bbox 1682 5550 1888 5625; x_wconf 91' lang='lat' dir='ltr'><strong>om.</strong></span> <span class='ocrx_word' id='word_1_777' title='bbox 1964 5550 2073 5625; x_wconf 54' lang='grc' dir='ltr'><strong>[τὸ</strong></span> <span class='ocrx_word' id='word_1_778' title='bbox 2096 5578 2168 5625; x_wconf 86' lang='lat'><strong>-_-</strong></span> <span class='ocrx_word' id='word_1_779' title='bbox 2192 5550 2370 5624; x_wconf 78' lang='grc' dir='ltr'>ἥκειν]</span> <span class='ocrx_word' id='word_1_780' title='bbox 2416 5552 2597 5607; x_wconf 90' lang='lat' dir='ltr'><strong>malim</strong></span> <span class='ocrx_word' id='word_1_781' title='bbox 2621 5551 2716 5625; x_wconf 71' lang='grc' dir='ltr'><strong>τοῦ</strong></span> <span class='ocrx_word' id='word_1_782' title='bbox 2746 5585 2812 5625; x_wconf 55' lang='grc' dir='ltr'><strong>-έ-</strong></span> <span class='ocrx_word' id='word_1_783' title='bbox 2838 5552 3098 5625; x_wconf 72' lang='grc' dir='ltr'>ἡκούσας.</span> <span class='ocrx_word' id='word_1_784' title='bbox 3193 5550 3215 5582; x_wconf 70' lang='grc'><em>’⁷</em></span> <span class='ocrx_word' id='word_1_785' title='bbox 3241 5549 3435 5625; x_wconf 56' lang='grc' dir='ltr'><strong>γένοὶς</strong></span> <span class='ocrx_word' id='word_1_786' title='bbox 3463 5547 3539 5602; x_wconf 63' lang='lat' dir='ltr'><strong>C:</strong></span> 
     </span>
    </p>
   </div>
   <div class='ocr_carea' id='block_1_108' title="bbox 266 5604 3441 5695">
    <p class='ocr_par' dir='ltr' id='par_1_108' title="bbox 266 5604 3441 5695">
     <span class='ocr_line' id='line_1_108' title="bbox 266 5604 3441 5695; baseline 0.012 -39"><span class='ocrx_word' id='word_1_787' title='bbox 266 5604 425 5676; x_wconf 82' lang='grc' dir='ltr'>γένος</span> <span class='ocrx_word' id='word_1_788' title='bbox 446 5623 506 5669; x_wconf 81' lang='grc' dir='ltr'><strong>ς.</strong></span> <span class='ocrx_word' id='word_1_789' title='bbox 582 5604 604 5640; x_wconf 79' lang='grc'><strong>⁸</strong></span> <span class='ocrx_word' id='word_1_790' title='bbox 630 5604 675 5677; x_wconf 81' lang='grc' dir='ltr'>ᾧ</span> <span class='ocrx_word' id='word_1_791' title='bbox 693 5604 774 5651; x_wconf 66' lang='grc'><strong>⁷-</strong></span> <span class='ocrx_word' id='word_1_792' title='bbox 799 5614 1218 5684; x_wconf 76' lang='grc' dir='ltr'>προσαγγεῖλαιΊ</span> <span class='ocrx_word' id='word_1_793' title='bbox 1247 5618 1355 5674; x_wconf 93' lang='lat' dir='ltr'><strong>imo</strong></span> <span class='ocrx_word' id='word_1_794' title='bbox 1379 5617 1439 5671; x_wconf 90' lang='grc' dir='ltr'><strong>ὃν</strong></span> <span class='ocrx_word' id='word_1_795' title='bbox 1466 5650 1539 5660; x_wconf 92' lang='grc'><strong><em>-</em></strong></span> <span class='ocrx_word' id='word_1_796' title='bbox 1559 5604 1941 5691; x_wconf 86' lang='grc' dir='ltr'>προαγγεῖλαι.</span> <span class='ocrx_word' id='word_1_797' title='bbox 1973 5604 2058 5677; x_wconf 77' lang='lat' dir='ltr'><strong>Ci.</strong></span> <span class='ocrx_word' id='word_1_798' title='bbox 2108 5604 2646 5695; x_wconf 23' lang='lat' dir='ltr'><strong>Arc&#39;lmollogfxivtn,</strong></span> <span class='ocrx_word' id='word_1_799' title='bbox 2664 5604 2738 5691; x_wconf 21' lang='lat' dir='ltr'><strong>V6,</strong></span> <span class='ocrx_word' id='word_1_800' title='bbox 2769 5624 2822 5679; x_wconf 91' lang='lat'><strong>7.</strong></span> <span class='ocrx_word' id='word_1_801' title='bbox 2848 5604 2871 5624; x_wconf 9' lang='grc' dir='ltr'><strong>γ’</strong></span> <span class='ocrx_word' id='word_1_802' title='bbox 2898 5604 2920 5655; x_wconf 52' lang='grc' dir='ltr'><strong>δ</strong></span> <span class='ocrx_word' id='word_1_803' title='bbox 2949 5604 3197 5695; x_wconf 56' lang='grc' dir='ltr'>κᾶρῖζιιν</span> <span class='ocrx_word' id='word_1_804' title='bbox 3247 5604 3331 5691; x_wconf 49' lang='lat' dir='ltr'><strong>in“</strong></span> <span class='ocrx_word' id='word_1_805' title='bbox 3377 5604 3441 5674; x_wconf 40' lang='lat' dir='ltr'><strong>Cl</strong></span> 
     </span>
    </p>
   </div>
   <div class='ocr_carea' id='block_1_109' title="bbox 1911 5732 2047 5787">
    <p class='ocr_par' dir='ltr' id='par_1_109' title="bbox 1911 5732 2047 5787">
     <span class='ocr_line' id='line_1_109' title="bbox 1911 5732 2047 5787; baseline 0 0"><span class='ocrx_word' id='word_1_806' title='bbox 1911 5732 2047 5787; x_wconf 66' lang='grc' dir='ltr'><strong>ΤΑΞ.</strong></span> 
     </span>
    </p>
   </div>
   <div class='ocr_carea' id='block_1_110' title="bbox 339 5731 2148 5900">
    <p class='ocr_par' dir='ltr' id='par_1_110' title="bbox 339 5731 2148 5900">
     <span class='ocr_line' id='line_1_110' title="bbox 1911 5732 2047 5787; baseline 0 0"><span class='ocrx_word' id='word_1_807' title='bbox 1911 5732 1952 5787; x_wconf 88' lang='grc' dir='ltr'>Τ</span> <span class='ocrx_word' id='word_1_808' title='bbox 2035 5773 2047 5787; x_wconf 94' lang='grc'><strong>.</strong></span> 
     </span>
     <span class='ocr_line' id='line_1_111' title="bbox 339 5731 2148 5900; baseline 0.009 -29"><span class='ocrx_word' id='word_1_809' title='bbox 339 5812 453 5886; x_wconf 84' lang='lat'><strong>(89)</strong></span> <span class='ocrx_word' id='word_1_810' title='bbox 475 5814 566 5873; x_wconf 83' lang='lat' dir='ltr'><strong>Sc.</strong></span> <span class='ocrx_word' id='word_1_811' title='bbox 597 5819 769 5889; x_wconf 74' lang='lat' dir='ltr'><strong>plebis</strong></span> <span class='ocrx_word' id='word_1_812' title='bbox 798 5820 1029 5881; x_wconf 74' lang='lat' dir='ltr'><strong>dicentis</strong></span> <span class='ocrx_word' id='word_1_813' title='bbox 1064 5821 1158 5879; x_wconf 87' lang='lat' dir='ltr'><strong>Dei</strong></span> <span class='ocrx_word' id='word_1_814' title='bbox 1193 5840 1379 5884; x_wconf 86' lang='lat' dir='ltr'><strong>vocem</strong></span> <span class='ocrx_word' id='word_1_815' title='bbox 1410 5843 1471 5887; x_wconf 77' lang='lat' dir='ltr'><strong>se</strong></span> <span class='ocrx_word' id='word_1_816' title='bbox 1512 5830 1719 5900; x_wconf 85' lang='lat' dir='ltr'><strong>audire,</strong></span> <span class='ocrx_word' id='word_1_817' title='bbox 1747 5731 2148 5888; x_wconf 52' lang='grc' dir='ltr'>ηοῗοιιοῗῗίηἰε.</span> 
     </span>
    </p>
   </div>
  </div>
