4066 6418
581 335 712 401 1191
1264 354 1274 365 ⁸
1753 333 2017 394 ΡΙΙΟΤΙΙ
2071 333 2178 393 PA'.

2273 334 2575 395 IARCHEE
2614 336 2722 399 (ΣΡ.
3702 345 3819 414 1191

579 460 673 511 dat
716 454 989 511 Archelao
1019 453 1129 509 lilio
1166 449 1391 517 “eicite,
1422 452 1511 508 cui
1539 462 1596 509 et
1617 451 1807 507 vivens
1846 463 2002 522 paler
2052 467 2170 505 eam

2273 446 2337 506 οὗ
2375 453 2472 506 καὶ
2504 456 2536 523 ἡ
2569 454 2669 524 τῆς
2700 454 3019 524 ὲγγυήσεως
3065 453 3311 519 διάλυσις
3340 456 3637 527 ἠκολούθει.
3680 465 3822 532 Apoc-

575 549 968 611 destinaverat,
1001 556 1057 601 et
1084 561 1153 601 ex
1196 545 1304 601 lllis
1344 546 1587 599 nascitur
1620 544 1901 599 Berenice.
1940 542 2168 598 Claudio

2273 543 2393 595 σίλα
2423 543 2480 596 δὲ
2525 544 2621 597 καὶ
2685 543 2897 609 Ἀζιζοῦ
2948 543 3247 608 διαλύεται,
3306 551 3397 599 καὶ
3435 548 3623 619 Φήλικι
3655 551 3723 621 τῷ
3743 554 3823 622 τῆς

577 640 834 695 defuncto
868 640 1168 695 succedens
1198 638 1362 702 Nero,
1399 639 1566 692 donat
1591 635 1845 707 Agrippae
1875 634 1989 689 fato
2031 650 2169 703 quo-

2281 633 2548 699 Ἰουδαίας
2571 636 2877 707 ἐπιτρόπῳ,
2895 636 3071 689 πολλά
3100 638 3501 705 σπουδάσαντος
3531 642 3727 696 ἐκείνου
3746 645 3817 699 διὰ

576 733 701 786 dam
737 731 973 787 Galilaa‘.
1002 727 1369 797 Tiberiadem,
1405 738 1462 784 et
1486 728 1847 795 Tarichaeam,
1894 729 2173 798 imperans

2273 726 2334 779 τὸ
2391 727 2605 789 κάλλος,
2661 731 2945 797 γαμεῖται.
2987 730 3096 782 Καὶ
3144 732 3490 804 Μαριάμμην
3543 734 3599 787 δὲ
3639 735 3823 791 δίδωσιν

579 837 639 880 ιιι
671 826 772 895 ipsi
799 826 1065 880 obediret.
1093 824 1257 877 Addit
1285 820 1622 877 etJuliadcm
1653 821 1844 876 urbem
1865 818 2090 883 Peraeae,
2116 829 2175 874 et

2285 819 2563 890 Ἀρχελάῳ
2604 820 2758 873 παιδὶ
2786 820 2864 891 τῷ
2898 820 3133 885 Ἐλκιοῦ,
3159 816 3205 892 ᾧ
3232 825 3326 876 καὶ
3359 824 3469 887 ζῶν
3488 827 3517 878 ό
3549 830 3720 899 πατὴρ
3743 832 3825 900 ἡρ-

580 916 764 973 decem
797 918 1004 972 circum
1032 917 1249 987 Oppida.
1286 915 1386 970 Hic
1416 923 1499 969 est
1530 914 1791 984 Agrippa,
1828 912 1971 982 apud
2002 925 2165 981 quem

2279 909 2483 979 μόσατο
2508 924 2521 938 ⁸
2561 908 2688 982 [977
2724 908 2816 982 IL]
2842 910 2900 978 ἐξ
2937 905 3012 965 ὧν
3038 912 3282 967 τίκτεται
3309 914 3649 987 Βερενίκηίθ.
3672 919 3824 972 Κλαυ-

581 1012 738 1066 divus
774 1010 996 1072 Paulus,
1024 1008 1352 1081 praesidente
1379 1007 1561 1073 Festo,
1593 1006 1934 1077 peroravitp.

2282 1000 2396 1054 δίου
2444 1000 2503 1053 δὲ
2558 1001 2984 1071 τελευτήσαντος
3034 1003 3228 1075 Νέρων
3293 1006 3569 1071 καταστάς
3619 1008 3825 1079 διάδοχος

579 1101 834 1175 δωρεῖται
868 1102 1179 1175 ’Δγρίππαν
1215 1101 1382 1172 μοίρᾳ
1427 1100 1536 1154 τινὶ
1600 1100 1704 1169 τῆς
1769 1099 2083 1166 Γαλιλαίας,
2150 1096 2452 1168 Τιϐεριάδα
2500 1097 2597 1150 καὶ
2642 1095 2947 1168 Ταριχαίαν
3015 1097 3276 1163 κελεύσας
3343 1101 3497 1171 αύτῷ
3549 1102 3823 1165 ὑπακούειν,

582 1197 907 1269 προστίθησι
939 1198 994 1250 δὲ
1014 1201 1109 1251 καὶ
1152 1195 1409 1249 Ἰουλιάδα
1442 1194 1599 1248 πόλιν
1639 1195 1737 1265 τῆς
1768 1194 2028 1265 Περαίας,
2061 1193 2157 1246 καὶ
2196 1191 2391 1263 κώμας
2419 1190 2517 1256 τὰς
2543 1191 2674 1261 περὶ
2695 1192 2866 1262 αὐτὴν
2892 1191 3046 1245 δέκα.
3116 1186 3285 1257 Οὗτός
3310 1194 3460 1247 ἔστιν
3528 1194 3822 1265 ’Δγρίππας,

583 1290 670 1360 ἀφ’
712 1283 775 1344 οὗ
806 1292 835 1343 ὁ
863 1289 1005 1353 θεῖος
1036 1287 1250 1351 Παῦλος
1280 1287 1491 1356 Φήστου
1512 1286 1954 1358 συνεδριάζοντος
1984 1284 2422 1357 ἐδημηγόρησεν.
3304 1302 3315 1313 ο

640 1384 785 1438 'Post
830 1381 1061 1445 Fadum,
1101 1381 1298 1436 Judaeaa
1344 1391 1655 1452 praetorem,
1694 1381 1933 1434 mittitur
1966 1378 2167 1434 Cuma-

2356 1379 2481 1431 ’Ότι
2515 1378 2654 1447 μετά
2712 1378 2883 1433 Φάδον
2930 1378 3227 1451 ἐπίτροπον
3274 1380 3540 1442 Ἰουδαίας
3580 1382 3826 1450 Κουμανὸς

583 1490 708 1538 nus.
738 1482 853 1544 post
882 1487 1040 1541 quem
1076 1472 1301 1526 Romam
1332 1474 1400 1527 ob
1431 1473 1662 1526 crimina
1693 1482 1978 1527 evocatum
2010 1470 2165 1525 Felix

2293 1470 2603 1539 πέμπεταιο
2639 1470 2759 1541 μεθ’
2778 1470 2838 1524 ὃν
2870 1472 2951 1534 εἰς
2984 1472 3206 1542 Ῥώμην
3234 1472 3540 1543 ἀναχθέντα
3568 1474 3827 1539 ὲπάἰτίαις

584 1570 847 1635 mittitur;
881 1577 1003 1639 post
1034 1582 1194 1637 quem
1223 1566 1443 1632 Festus,
1471 1566 1667 1621 deinde
1684 1565 1931 1631 Albinus,
1955 1574 2173 1636 postre-

2289 1560 2456 1631 Φῆλιξ
2474 1562 2775 1631 πέμπεται·
2802 1563 2921 1633 μεθ’
2935 1563 2994 1617 ὃν
3015 1563 3245 1633 Φῆστος,
3269 1560 3389 1618 εἶτα
3405 1563 3658 1629 Ἀλϐῖνος,
3678 1565 3824 1629 lotae;

584 1676 675 1717 mo
724 1660 940 1714 Florus.
976 1659 1144 1729 Cujus
1180 1659 1421 1715 secundo
1454 1672 1595 1713 anno
1629 1669 1856 1728 propter
1883 1656 2021 1711 mala
2050 1671 2175 1726 quae

2280 1653 2521 1723 Φλῶρος.
2545 1650 2621 1709 Οὗ
2643 1655 2884 1727 δευτέρῳ
2906 1655 3016 1711 ἔτει
3035 1655 3123 1709 διὰ
3142 1656 3242 1726 τὴν
3264 1654 3571 1727 ὑπερϐολὴν
3596 1657 3696 1710 τῶν
3722 1662 3824 1729 παρ’

585 1752 777 1809 abillo
830 1767 992 1822 supra
1049 1751 1263 1806 modum
1318 1750 1543 1815 ﬁebant,
1607 1748 1893 1804 Judaicum
1968 1749 2167 1804 bellum

2278 1746 2430 1817 αύτῷ
2448 1748 2635 1801 κακῶν
2651 1750 2679 1803 ό
2693 1749 2828 1821 πρὸς
2845 1749 3145 1819 Ῥωμαίους
3162 1750 3434 1805 Ἰουδαίων
3447 1752 3574 1806 πόλε
3583 1769 3671 1821 μσς
3683 1753 3826 1823 ἀρχὴν

584 1856 773 1901 contra
830 1843 1103 1899 Romanos
1158 1844 1309 1899 duxit
1365 1843 1602 1909 initium,
1642 1841 1968 1898 duodecimo
2021 1857 2167 1897 anno

2273 1808 2504 1908 δέχεται,
2537 1808 2788 1913 Νέρωνος
2803 1808 2921 1905 θτος
2935 1808 3239 1896 δωδέκατον
3282 1844 3339 1896 ἐν
3360 1847 3428 1916 τῇ
3470 1808 3607 1915 ἀρχῇ
3626 1808 3827 1899 διανύον-

586 1936 736 2005 impii
770 1934 1021 1991 Neronis.
1066 1934 1232 2006 317
1268 1934 1297 1987 b
1339 1934 1563 1988 Auanus
1611 1932 1787 1987 Anani
1843 1932 1986 1987 ﬁlius
2034 1947 2171 2002 pon-

2273 1946 2386 1993 τος.
2430 1931 2554 1987 ’Ότι
2588 1934 2819 1999 Ἀνανος
2859 1938 2887 1989 ὀ
2929 1936 3151 1990 ’Δνάνου
3181 1940 3309 2000 παῖς
3329 1939 3431 2007 τὴν
3458 1940 3823 2011 ἀρχιερωσύνην

588 2029 852 2084 tilicatum
904 2029 1153 2098 adeptus,
1204 2042 1312 2096 quo
1357 2026 1604 2097 privatur
1650 2024 1943 2094 Josepbus,
1991 2026 2167 2079 audax

2274 2022 2636 2091 παραλαϐὼν,
2683 2025 3076 2097 ἀφαιρεθέντος
3132 2027 3304 2097 αὐτὴν
3336 2028 3621 2099 Ἰωσήπου,
3651 2028 3822 2099 θρασὺς

588 2123 712 2185 fuit,
744 2133 798 2176 et
838 2136 1001 2190 supra
1036 2120 1255 2175 modum
1304 2119 1650 2173 temerarius.
1701 2117 1835 2172 Erat
1875 2117 2021 2173 enim
2082 2129 2172 2171 se-

2276 2116 2347 2192 ἦν
2381 2116 2476 2171 καὶ
2498 2114 2777 2187 τολμητὴς
2802 2117 3171 2189 διαφερόντως
3191 2132 3206 2148 ·
3234 2119 3451 2189 αἵρεσιν
3476 2118 3585 2190 γάρ
3607 2121 3697 2189 τὴν
3717 2120 3822 2173 Σαδ-

588 2227 693 2270 ctze
723 2214 1164 2275 Sadducaeorum,
1212 2210 1305 2279 qui
1351 2210 1601 2265 crudeles
1657 2218 1786 2264 sunt
1842 2208 1895 2263 in
1932 2206 2171 2275 iudiciis,

2276 2210 2544 2266 δουκαίων
2584 2207 2775 2279 μετῄει
2803 2224 2816 2239 ο
2852 2203 3002 2263 οὗτοι
3050 2209 3160 2281 γὰρ
3184 2208 3332 2281 ὠμοί
3359 2228 3422 2264 τε
3453 2211 3582 2282 περὶ
3603 2212 3692 2274 τὰς
3729 2211 3820 2281 κρί-

588 2318 645 2363 et
693 2309 760 2361 ad
807 2320 1025 2361 omnem
1096 2303 1464 2373 arrOgantiam
1516 2301 1869 2358 inclinantes.
1927 2299 2025 2355 Hic
2075 2301 2175 2371 igi-

2278 2322 2392 2368 σεις
2418 2303 2515 2357 καὶ
2547 2299 2685 2372 πρὸς
2708 2302 2892 2354 πᾶσαν
2922 2301 3215 2355 αὐθάδειαν
3241 2302 3479 2373 ἕτοιμοι.
3510 2299 3670 2367 Οὗτος
3702 2303 3819 2357 οὒνὸ

592 2406 682 2454 tur
740 2397 987 2462 Ananus,
1017 2395 1178 2451 Festo
1236 2396 1288 2449 in
1345 2393 1529 2450 Judaaa
1587 2396 1863 2461 defuncto,
1900 2404 1952 2448 et
1982 2392 2175 2447 Albino

2280 2396 2513 2456 -Ανανος
2564 2393 2774 2461 Φήστου
2826 2392 2924 2464 μὲν
2984 2394 3042 2446 ὲν
3110 2390 3345 2465 Ἰουδαίᾳ
3396 2393 3816 2466 τελευτήσαντος.

590 2490 828 2543 umidum
862 2488 1143 2542 obtinente
1163 2485 1421 2552 cilicium,
1457 2486 1781 2541 auctoritate
1832 2500 1927 2540 sua
1974 2499 2177 2553 praeses

2273 2485 2411 2561 [519
2440 2482 2539 2557 Η.]
2583 2484 2829 2538 Ἀλϐίνου
2859 2485 2916 2537 δὲ
2940 2484 3094 2538 οὔπω
3121 2484 3545 2550 καταλαϐόντος,
3594 2487 3817 2557 αὐθεντή-

591 2581 715 2648 fuit,
748 2578 1093 2635 etJacobum
1141 2576 1370 2634 fratrem
1428 2577 1641 2633 Domini
1700 2592 1826 2632 cum
1873 2576 1996 2630 aliis
2046 2591 2178 2631 con-

2282 2594 2380 2641 σας
2410 2576 2628 2640 καθίζει
2658 2575 2958 2645 συνέδριον,
2981 2578 3076 2630 καὶ
3118 2577 3378 2630 Ἰάκωϐον
3406 2579 3501 2632 τὸν
3522 2578 3728 2647 ἀδελφὺν
3745 2579 3818 2650 τοᾷ

592 2674 853 2728 demnaus
890 2685 947 2727 ut
989 2673 1119 2742 legis
1150 2671 1441 2727 violatores
1477 2671 1745 2740 lapidibus
1771 2668 1945 2725 occidi
1972 2669 2175 2741 jussit:

2279 2670 2487 2740 Κυρίου
2516 2670 2615 2722 σὺν
2646 2667 3660 2742 ἑτέροις,παρανομίαναὶτιασάμενος,
3687 2668 3819 2731 λίθοις

596 2763 741 2817 unde
790 2760 1098 2817 Judaeorum
1136 2761 1410 2817 mitissimi
1438 2760 1722 2831 indignati,
1752 2769 1808 2815 et
1844 2760 1959 2832 ipse
1987 2760 2178 2831 Agrip-

2280 2758 2637 2831 ἀναιρεθῆναι
2684 2758 3118 2829 παρασκευάζει.
3178 2761 3295 2829 Ἐφ’
3337 2752 3383 2828 ᾧ
3431 2761 3544 2813 τῶν
3598 2760 3818 2813 ἰουδαξων

595 2869 663 2924 pa
696 2868 811 2918 rex,
846 2853 1089 2922 ejiciunt,
1131 2868 1257 2909 cum
1302 2854 1477 2909 tribus
1512 2852 1793 2907 mensibus
1828 2854 2176 2924 imperasset,

2283 2853 2385 2905 ὐπε
2394 2851 2770 2923 ραλγήσαντες
2782 2852 2833 2903 oi
2856 2852 2894 2883 ¹¹
2920 2851 3339 2923 ἐπιεικέστεροι,
3358 2854 3455 2906 καὶ
3468 2852 3622 2915 αὐτὸς
3640 2851 3819 2921 ’Δγρὶπ-

594 2952 651 2996 et
676 2943 795 2997 loco
829 2941 973 2999 illius
996 2940 1182 2998 Jesum
1216 2942 1515 2997 Damneum
1565 2942 1924 2998 collocarunt.

2281 2949 2429 3007 παςο
2449 2942 2723 3013 βασιλεὺς,
2747 2941 3101 2995 ἐκϐάλλουσιν
3119 2942 3362 3013 ἄρξαντα
3397 2944 3529 3014 μηνὶ
3555 2948 3620 3011 γ’,
3654 2937 3816 3009 Ἰησοῦν

2280 3033 2326 3087 δ’
2347 3035 2461 3089 ἀντ’
2488 3032 2653 3088 αὑτοῦ
2683 3033 2771 3085 τὸν
2798 3033 3042 3104 Δάμνεον
3064 3034 3495 3106 ἐγκατέστησαν.

2208 3152 2254 3213 c
2358 3127 2484 3181 Ὀτι
2525 3126 2738 3198 Ἀαρὼν
2797 3128 3248 3197 τελευτήσαντος,
3293 3129 3575 3191 Μωῦσέως
3608 3123 3814 3194 ἀδελφοῦ,

2285 3220 2335 3274 οἰ
2364 3220 2555 3283 παῖδες
2605 3220 2919 3291 ἐκδέχονται
2975 3220 3077 3292 τὴν
3128 3220 3563 3293 ἀρχιερωσύνην,
3593 3215 3699 3273 εἷτα
3719 3216 3817 3285 ἑξῆς

2284 3310 2334 3361 οἰ
2359 3310 2566 3363 τούτων
2625 3308 2873 3378 ἔκγονοιο
2928 3310 3093 3379 νόμος
3128 3311 3238 3380 γὰρ
3268 3309 3479 3379 μηδένα
3531 3308 3563 3379 ἢ
3604 3307 3685 3361 τὸν
3721 3303 3817 3367 ηιξ

2284 3402 2515 3472 αἵματος
2543 3400 2755 3473 Ἀαρὼν
2808 3403 2911 3472 τὴν
2934 3403 3346 3474 ἀρχιερωσύνην
3410 3402 3722 3474 εἰσδέχεσθαι
3739 3396 3815 3449 πά-

2284 3510 2437 3565 τριος
2475 3494 2725 3565 ἐκράτει.
2768 3494 3051 3561 Ἐγένοντο
3099 3492 3192 3550 οὖν
3243 3496 3353 3550 ἀπὸ
3391 3497 3651 3568 Ἀαρῶνος
3691 3494 3813 3569 μέχρι

2282 3585 2531 3639 Φανάσου
2559 3585 2655 3639 τοῦ
2680 3586 2822 3640 κατὰ
2839 3587 2932 3639 τὸν
2959 3587 3088 3640 πόλε
3099 3605 3197 3657 μον
3254 3586 3360 3640 ὑπὸ
3387 3588 3501 3640 τῶν
3532 3582 3815 3639 στασιαστῶν

2285 3675 2694 3746 ἀναδειχθέντος
2756 3677 3057 3749 ἀρχιερέως
3109 3676 3200 3745 πγ¹
3244 3677 3363 3747 ἐτη.
3390 3678 3493 3733 Ἐκ
3529 3676 3710 3730 τούτων
3733 3670 3813 3726 ἀπὸ

601 3743 1010 3798 tabernaculum
1064 3743 1390 3799 fabricatum
1430 3753 1538 3810 est,
1567 3760 1740 3817 usque
1796 3750 1864 3804 ad
1923 3750 2176 3819 templum

2284 3769 2383 3838 τῆς
2409 3743 2564 3839 ὲνντῇ
2592 3743 2811 3839 ἐρήμῳ*
2831 3743 3140 3838 διαγωγῆς,
3167 3743 3227 3821 εν
3329 3743 3435 3821 ’καὶ
3462 3772 3494 3839 η
3530 3766 3685 3837 σκηνὴ
3708 3762 3812 3833 ἐπή-

596 3835 741 3903 quod
764 3835 1017 3891 Salomon
1050 3837 1343 3905 exstruxit,
1375 3838 1636 3893 tredecim
1664 3841 2037 3912 pontiﬁcatum
2060 3858 2178 3913 ges-

2284 3835 2472 3930 γνυτο,
2499 3835 2663 3933 μέχρι
2682 3835 2788 3913 ’τού
2810 3835 2985 3914 νεὼδν
3009 3835 3232 3932 ἤγειρεν
3311 3835 3562 3931 βασιλεὺς
3590 3835 3808 3927 Σολομὼν,

598 3938 827 3995 serunt;
872 3928 963 3997 qui
998 3930 1196 3999 singuli
1229 3945 1352 3986 eum
1404 3947 1503 4002 per
1529 3943 1697 3990 totam
1727 3935 1897 3991 vitam
1923 3936 2177 3994 obtinue-

2283 3928 2721 4026 ἀρχιεράτευσαν
2744 3928 3181 4025 δεκατρεῖς,την
3201 3928 3608 4026 ἀρχιερωσύνην
3629 3954 3701 4005 διὰ
3721 3950 3808 4020 βίον

597 4032 748 4075 runt.
800 4017 926 4073 Fuit
952 4020 1168 4075 illorum
1224 4023 1524 4078 dominatio
1588 4026 1761 4096 prima
1795 4027 2176 4084 aristocratica

2284 4017 2652 4117 κατασχόντες
2677 4017 2929 4110 ἕκαστος.
2956 4017 3209 4113 Ἐγένετο
3324 4017 3504 4100 αύτῶν
3535 4017 3808 4117 ἀριστοκρα-

593 4114 713 4171 sive
743 4115 1104 4185 eptimatum;
1146 4116 1345 4171 deinde
1383 4116 1457 4171 ad
1496 4131 1662 4171 unum
1701 4116 1921 4173 redacta
1971 4129 2079 4185 est,
2108 4120 2175 4173 ad

2284 4114 2660 4209 soptxl'jpkvh
2693 4137 2885 4209 πρώτη
2928 4137 3195 4204 πολιτεία,
3262 4134 3383 4192 εἶτα
3431 4114 3693 4209 μοναρχῶ,
3719 4129 3807 4184 εἶτα

598 4220 757 4277 reges
773 4206 954 4263 tertio.
984 4206 1152 4277 Igitur
1172 4207 1241 4263 ab
1265 4208 1411 4263 exitu
1430 4223 1496 4263 ex
1522 4208 1749 4280 Egypto,
1767 4224 1937 4279 usque
1965 4211 2032 4265 ad
2048 4212 2175 4264 aedi-

2285 4206 2600 4301 βασιλέωνή
2649 4206 2830 4299 τρίτη.
2862 4206 2998 4284 ’Ᾰπδ
3032 4229 3166 4299 γοῦν
3206 4232 3305 4301 τῆς
3332 4206 3707 4299 ἀπ’νΑἰγύπτου
3730 4224 3799 4287 ἐξ·

599 4297 909 4352 licationem
957 4299 1141 4368 templi
1187 4298 1687 4370 llierosolymitani,
1722 4302 1849 4355 anni
1883 4310 2012 4355 sunt
2047 4316 2176 4356 sex-

2283 4297 2403 4375 όδου
2425 4321 2531 4385 ῑως
2566 4322 2660 4375 τοῦ
2689 4322 2747 4374 ὲν
2782 4297 3172 4394 Ἰεροσολύμοις
3196 4297 3302 4376 vati:
3318 4325 3418 4394 τῆς
3453 4297 3714 4392 οἰκοδομῆς
3731 4318 3800 4383 ἔτη

594 4388 743 4445 centi
761 4398 819 4443 et
836 4390 1138 4445 duodecim.
1180 4391 1313 4446 Post
1353 4394 1451 4446 tios
1481 4406 1611 4446 vero
1646 4392 1905 4449 tredecim
1955 4392 2178 4463 pontiﬁ-

2284 4412 2492 4480 γίνεται
2550 4411 2616 4482 ιβ’
2670 4411 2766 4466 καὶ
2825 4388 2896 4483 χ’.
2938 4388 3095 4467 Μετά
3124 4414 3183 4467 δὲ
3223 4388 3716 4485 τοὺς-ιγ’ἀρχιερεῖς
3732 4407 3803 4461 καὶ

595 4497 711 4547 ces,
743 4492 801 4536 et
824 4490 945 4550 post
964 4483 1377 4537 aediﬁcationem
1409 4483 1593 4552 templi
1633 4484 1933 4539 octodecim
1959 4488 2178 4557 pontiﬁ-

2283 4502 2381 4573 τὴν
2434 4503 2726 4573 οἰκοδομὴν
2761 4502 2860 4556 τοῦ
2906 4502 3014 4558 νεὼ
3059 4502 3088 4557 ι’
3120 4505 3216 4558 καὶ
3243 4512 3294 4576 η’
3321 4506 3422 4578 τὴν
3449 4483 3804 4577 ἀρχιερωσύνην

598 4584 779 4629 catum
806 4584 1091 4643 gesserunt
1112 4590 1142 4629 a
1173 4575 1463 4630 Salomone
1492 4590 1637 4645 rege,
1663 4576 1717 4631 in
1740 4578 1938 4647 templo
1958 4581 2178 4636 sacrati.

2281 4595 2439 4667 ἔσχον
2462 4597 2574 4650 ἀπὸ
2598 4597 2917 4667 Σολομῶνος
2939 4598 3205 4669 βασιλέως
3222 4575 3282 4653 ὲν
3296 4575 3507 4672 τῷνναῶ
3525 4575 3798 4670 ἰερούμενοι.

600 4664 784 4721 Donec
828 4665 1331 4723 Nabuchodonosor
1359 4664 1668 4737 Babyloniae
1708 4682 1803 4723 rex
1851 4671 2054 4740 templo
2093 4672 2178 4727 in-

2449 4664 2950 4760 Ναϐουχοδονόσορ⁷
2974 4693 3004 4743 ό
3050 4664 3411 4746 Βαϐυλωνίων
3465 4664 3693 4764 βασιλεὺς
3735 4685 3801 4738 τὸν

597 4774 765 4815 censo
791 4757 1008 4814 Judaros
1034 4759 1280 4827 captivos
1313 4757 1364 4812 in
1400 4757 1754 4829 Babyloniam
1782 4763 1965 4818 avexit
1996 4760 2178 4820 Ama

2277 4779 2418 4834 νεὼν
2450 4757 2744 4853 ἐμπρήσας
2772 4757 3159 4853 αἰχμαλώτους
3211 4784 3274 4838 τὸ
3301 4757 3567 4840 Ἰουδαίων
3596 4783 3722 4842 ἔθνος
3742 4779 3800 4838 εἰς

597 4853 875 4920 pontiﬁce.
946 4850 1150 4909 Horum
1192 4860 1403 4920 tempus
1466 4853 1815 4923 pontiﬁcatus
1862 4866 1991 4912 sunt
2050 4858 2178 4914 anui

2278 4850 2583 4925 Βαϐυλῶνα.
2606 4850 2947 4943 μετήνεγκεν
3002 4874 3198 4944 ’Λμαῖε
3235 4876 3275 4908 ³³
3306 4878 3371 4930 ἐκ
3414 4878 3509 4931 τοῦ
3532 4872 3794 4947 ἀρχιερέως-

596 4947 829 5002 trecenti
859 4947 1139 5016 sexaginta
1186 4961 1305 5009 sex,
1361 4960 1577 5004 menses
1631 4961 1753 5014 sex,
1803 4950 1990 5006 decem
2035 4951 2175 5008 dies.

2278 4963 2493 5017 Τούτων
2516 4965 2708 5035 χρόνος
2738 4968 2856 5019 ἐστὶ
2881 4969 2983 5038 τῆς
3011 4968 3422 5042 ἀρχιερωσύνης
3452 4973 3493 5004 ⁸⁸
3511 4971 3640 5036 τξςκ
3669 4968 3795 5036 μῆνες

598 5040 732 5094 Post
786 5042 1154 5108 captivitatem
1209 5054 1338 5095 vero
1395 5041 1735 5112 septuaginta
1777 5042 1978 5112 elapsis
2022 5045 2178 5101 annis

2278 5060 2355 5118 ς’,
2388 5057 2595 5127 ἡμέραι
2628 5065 2680 5113 ι’.
2706 5059 2862 5114 Μετὰ
2884 5060 2942 5113 δὲ
2971 5060 3070 5131 τὴν
3089 5061 3288 5117 ἁλῶσιν
3314 5040 3450 5117 ἐτῶν
3474 5063 3514 5118 o'
3539 5061 3794 5117 διελθόντων

597 5136 796 5208 Cyrus,
840 5136 1126 5193 Persarum
1177 5154 1295 5201 rex,
1358 5141 1601 5210 captivos
1649 5140 1703 5195 in
1745 5142 1978 5210 patriam
2022 5155 2178 5197 suam

2276 5145 2457 5217 Κῦρος
2508 5148 2538 5198 ὁ
2607 5150 2834 5221 Περσῶν
2884 5151 3138 5222 βασιλεὺς
3181 5160 3307 5219 τοὺς
3337 5155 3690 5228 αἰχμαλώτους
3716 5152 3793 5203 ἀπ·

598 5229 752 5284 abire
817 5229 1081 5297 permisit.
1144 5230 1301 5286 Unus
1371 5230 1533 5300 igitur
1583 5246 1615 5286 e
1668 5232 1904 5288 reductis
1951 5234 2177 5303 captivis

2274 5237 2464 5291 έλυσεν
2503 5242 2584 5303 εἰς
2632 5242 2731 5310 τὴν
2786 5243 2923 5297 ἰδίαν
2976 5244 3154 5299 ἐλθεῖν
3202 5249 3455 5321 πατρίδα.
3499 5244 3584 5313 Εἰς
3603 5244 3681 5301 οὖν
3710 5239 3792 5296 τῶν

599 5322 970 5392 pontiﬁcatum
1023 5322 1241 5391 accipit,
1294 5330 1350 5378 et
1391 5321 1517 5377 inde
1571 5321 1883 5392 quindecim
1934 5324 2051 5393 ejus
2077 5341 2174 5396 po-

2275 5331 2440 5402 ἀναχθ
2449 5331 2994 5405 ἐντωνιαίχμαλώτων
3010 5337 3283 5410 λαμϐάνει
3308 5343 3408 5415 τὴν
3422 5338 3790 5415 ἀρχιερωσύνην,

671 3101 884 3158 Mortuo
939 3101 1159 3158 Aarone
1213 3102 1383 3158 fratre
1422 3099 1631 3168 Mosis,
1684 3102 1779 3158 filii
1819 3103 1938 3173 ejus
1986 3103 2037 3159 in
2092 3118 2182 3160 sa-

594 3194 893 3248 cerdotium
950 3195 1269 3261 succedunt,
1301 3204 1356 3250 et
1398 3195 1657 3265 deinceps
1710 3210 1899 3251 omnes
1942 3212 2011 3252 ex
2059 3197 2176 3266 ejus

595 3281 787 3351 Stirpc.
840 3281 1149 3339 Ini/aluerat
1204 3285 1347 3339 enim
1378 3284 1465 3339 lex
1491 3287 1688 3354 patria,
1738 3301 1805 3342 ne
1834 3293 1956 3358 quis
1994 3289 2101 3345 nisi
2146 3306 2178 3343 e

601 3376 877 3444 sanguine
897 3376 1080 3429 Aaron
1103 3376 1467 3430 sacerdotium
1492 3390 1723 3444 gereret.
1754 3378 1995 3434 Fuerunt
2016 3381 2177 3451 igitur

596 3466 664 3521 ab
700 3468 920 3521 Aarone
970 3480 1139 3536 usque
1168 3469 1235 3521 ad
1277 3466 1606 3535 Plianasum,
1652 3472 1742 3539 qui
1786 3480 2029 3541 tempore
2055 3472 2180 3529 belli

595 3573 627 3611 a
673 3558 1126 3615 tumultuantibus
1179 3561 1552 3629 pontiﬁcatum
1583 3563 1813 3634 accepit,
1846 3566 1971 3619 anni
2026 3574 2179 3621 octo-

596 3652 744 3719 ginta
794 3660 925 3706 tres.
980 3650 1108 3707 Inde
1166 3666 1199 3705 a
1273 3652 1604 3709 deductione
1646 3657 1942 3723 edeserto,
1985 3655 2075 3711 ubi
2123 3666 2180 3713 et

671 5468 702 5509 ι)
732 5458 857 5515 Act.
885 5475 1041 5528 xxm,
1084 5460 1107 5514 1
1143 5473 1263 5529 δηίι·
1893 5529 2128 5588 νΑΒΙᾹΞ
2158 5532 2178 5588 1

2273 5532 2564 5593 ZTIONES.

671 5669 717 5702 ¹⁶
750 5669 892 5759 τίκτ.
913 5667 1039 5759 ’καὶ
1069 5667 1196 5748 Βερ.
1229 5683 1291 5730 ς.
1355 5666 1403 5759 ξ’
1430 5667 1480 5721 οἰ
1509 5667 1660 5759 libris
1685 5670 1863 5759 ηερειῖ
1922 5671 1982 5759 ’ξ’
2009 5672 2122 5759 τὸν]
2148 5692 2175 5725 τ

2273 5674 2329 5729 C.
2412 5677 2454 5709 ⁸³
2483 5676 2650 5759 ἀμαΐε
2679 5679 2743 5759 εκ
2768 5676 2866 5732 τοῦ
2896 5681 2971 5736 C:
3016 5682 3071 5736 ’Λ
3084 5686 3216 5754 μαῒη
3252 5688 3315 5741 ἐκ
3338 5688 3431 5743 τοῦ
3456 5708 3508 5756 ς.
3538 5687 3784 5759 Legemle

671 5672 717 5702 ¹⁹
750 5672 892 5723 τίκτ.
945 5672 1039 5720 καὶ
1070 5672 1196 5737 Βερ.
1229 5683 1291 5730 ς.
1364 5672 1403 5697 "
1430 5672 1480 5721 οἰ
1509 5672 1660 5723 libris
1691 5672 1860 5727 deest.
1940 5672 1982 5702 ¹²
2009 5672 2122 5797 τὸνὲ
2148 5692 2175 5725 τ

601 5736 1633 5831 ξμξιρἔεξξξλξξ,ἐξίει]ιῐῖὶεξξξῑρνῐεξ-
1685 5739 2046 5800 ιιοεεειιειίηε·
2085 5745 2178 5799 ’ωε

2273 5674 2329 5729 C.
2412 5677 2454 5709 ⁸³
2483 5676 2650 5747 ἀμαΐε
2679 5679 2743 5730 ἐκ
2768 5676 2866 5732 τοῦ
2896 5681 2971 5736 C:
3016 5682 3071 5736 ’Λ
3084 5686 3216 5754 ματη
3252 5688 3315 5741 ἐκ
3338 5688 3431 5743 τοῦ
3456 5708 3508 5756 ς.
3538 5687 3783 5759 chemlnm

2273 5763 2396 5811 οκος
2430 5750 2510 5805 νει
2547 5749 2874 5815 Ἰωτάδωκος
2918 5765 3000 5810 est
3048 5759 3385 5831 At‘cltmolog.
3423 5778 3453 5817 x
3476 5802 3490 5829 ,
3536 5763 3566 5815 8
3590 5801 3603 5823 .
3631 5751 3783 5810 5ειὲο

600 5810 647 5845 υ
676 5821 796 5882 post
845 5810 1253 5881 ἀρχιερωσύνης
1287 5812 1486 5866 excidit
1516 5810 1631 5881 ιτη.
