4066 6412
260 419 285 480 1
305 418 415 484 193
1190 427 1695 491 BlBLIOTHECA
1756 457 1825 470 -

1949 434 2040 494 )D.
2097 435 2503 502 CCXXXVIII.
3386 448 3518 513 ιιθι

257 533 361 585 καὶ
388 529 597 583 ἐκεῖθεν
637 529 684 582 οί
712 526 771 595 ἐξ
791 529 954 582 αὐτοῦ
995 529 1209 599 ἔκγονοι
1254 540 1316 586 ιε’
1334 534 1529 606 μέχρις
1570 537 1842 617 Ἀντιόχου

1949 541 2079 595 steri
2117 559 2288 612 usque
2313 546 2378 599 ad
2406 548 2748 613 Antiochum,
2785 549 3069 622 Eupatoris
3103 556 3291 622 ﬁlium,
3322 564 3517 631 ρονιιιυ

254 622 359 675 τοῦ
401 621 735 691 Εὐπάτορος,
764 621 1040 683 πολιτείας
1068 621 1235 694 οὔσης
1263 626 1322 677 ἐν
1340 626 1522 691 αὐτοῖς
1555 628 1839 699 δημοκρα-

254 714 510 786 τορικῆς.
538 714 647 766 Καὶ
678 713 883 769 τούτων
934 716 991 768 δὲ
1030 717 1217 786 χρόνος
1263 719 1359 788 ἐτη
1381 718 1500 773 υιδ⁹.
1542 720 1763 791 Πρῶτος
1793 720 1837 772 δ’

255 802 419 869 οὗτος
450 804 724 875 Ἀντίοχος
748 806 843 859 καὶ
882 807 909 857 ὁ
950 808 1254 876 στρατηγὸς
1303 810 1472 864 αὑτοῦ
1514 812 1722 875 Λυσίας
1748 812 1839 867 τὸν

256 896 467 961 Ὀνίαν,
495 888 539 963 ᾧ
563 894 841 958 Μενέλαος
874 897 1127 969 ἐπίκλην,
1172 899 1407 954 παύουσι
1434 902 1535 972 τῆς
1572 903 1841 975 ἀρχιερω-

257 990 453 1053 σύνης,
489 988 767 1051 ἀνελόντες
790 987 948 1041 αὐτὸν
984 990 1041 1041 ὲν
1084 990 1302 1063 Βεροίᾳ,
1326 994 1420 1047 καὶ
1450 994 1843 1049 ἀντικαθιστῶ-

259 1096 351 1132 σιν
382 1078 641 1150 Ἰάκιμον,
670 1080 861 1148 γένους
894 1081 993 1151 μὲν
1016 1082 1109 1135 τοῦ
1136 1084 1428 1153 Ἀαρῶνος,
1460 1085 1521 1137 ού
1544 1086 1641 1155 τῆς
1669 1087 1841 1157 αὐτῆς

255 1168 308 1220 δ’
336 1170 535 1232 οἰκίας.
560 1169 689 1241 [980
712 1171 804 1241 8.]
845 1173 941 1223 Διά
962 1171 1122 1224 τοῦτο
1171 1175 1267 1227 καὶ
1298 1174 1547 1238 Ἀνανίας
1568 1174 1711 1228 ό“τοῦ
1752 1194 1841 1228 τε·

256 1261 626 1329 λευτήσαντος
672 1261 849 1314 Ὀνίου
902 1262 1209 1330 ἐξάδελφος,
1244 1265 1323 1328 είς
1346 1264 1621 1333 Αἴγυπτον
1649 1267 1842 1336 ἀφικό-

262 1365 428 1418 μενος
463 1350 556 1403 καὶ
586 1350 905 1420 Πτολεμαίῳ
935 1351 1011 1421 τῷ
1032 1352 1360 1424 Φιλομήτορι
1391 1357 1483 1408 καὶ
1513 1357 1842 1430 Κλεοπάτρᾳ

257 1442 330 1509 τῇ
393 1440 615 1507 γυναικὶ
662 1440 748 1492 διὰ
787 1440 973 1509 φιλίας
1003 1442 1196 1506 ἐλθὼν,
1232 1445 1406 1497 πείθει
1436 1446 1658 1511 τούτους
1699 1448 1842 1502 κατά

260 1531 357 1584 τὸν
404 1532 812 1603 Ἡλιουπολίτην
829 1534 991 1602 νομὸν
1012 1535 1338 1605 δειμάμενος
1359 1538 1400 1569 ⁸⁵
1422 1537 1500 1608 τῷ
1516 1538 1634 1609 Θεῷ
1664 1557 1841 1610 παρα-

262 1626 495 1694 πλήσιον
522 1623 618 1677 τοῦ
648 1627 705 1678 ὲν
754 1624 1146 1696 Ἰεροσολύμοις
1173 1628 1334 1683 αὐτὸν
1369 1630 1628 1701 ἀρχιερέα
1668 1648 1839 1684 κατα-

263 1718 486 1786 στῆσαι.
556 1717 615 1770 Ὀ
664 1719 848 1787 μέντοι
874 1718 1118 1788 Ἰάκιμος
1167 1721 1262 1790 ἔτη
1314 1729 1360 1788 γ’
1403 1723 1841 1795 ἀρχιερατεύσας

260 1809 496 1879 τελευτᾷ
517 1824 531 1837 ⁸
561 1800 621 1861 οὗ
653 1808 894 1879 διάδοχος
910 1809 1084 1873 οὐδεὶς
1097 1812 1330 1881 κατέστη
1365 1812 1455 1865 ἐπὶ
1483 1812 1660 1866 ἔτεσιν
1680 1815 1840 1868 ἑπτά.

266 1900 441 1954 Πάλιν
475 1900 532 1952 δὲ
569 1900 617 1952 οί
671 1898 779 1952 τῶν
828 1899 1207 1970 Ἀσαμωναίου
1247 1904 1453 1956 παίδων
1506 1903 1716 1974 ἔκγονοι
1746 1906 1844 1975 τὴν
1878 1888 1917 1942 Β

268 1990 607 2061 προστασίαν
623 1990 715 2042 τοῦ
734 1990 918 2054 ἔθνους
934 1993 1440 2061 πιστευθέντες,καὶ
1455 1997 1732 2050 Μακεδόσι
1755 2016 1845 2052 πο-

267 2086 325 2137 λε
336 2084 629 2154 μήσαντες,
644 2083 903 2154 Ἰωάννην
925 2087 1184 2157 ἀρχιερέα
1204 2088 1556 2155 καθιστῶσιν,
1575 2090 1634 2153 ὃς
1669 2090 1842 2161 ἄρξας

267 2174 547 2236 ἐνιαυτοὺς
564 2174 704 2227 ἑπτὰ
720 2174 968 2245 τελευτᾷ,
996 2176 1289 2245 Τρύφωνος
1329 2178 1638 2243 ἐπιϐουλαῖς
1652 2181 1847 2251 διαμη-

264 2268 596 2338 χανηθείσης
617 2266 743 2339 [520
768 2267 861 2339 IL]
910 2269 1056 2340 αύτῷ
1079 2270 1179 2339 τῆς
1208 2271 1465 2339 τελευτῆς
1488 2265 1577 2325 ⁸οὗ
1605 2272 1846 2341 διάδοχος

262 2359 448 2429 Σίμων
493 2361 819 2413 καθίσταται
862 2359 891 2411 ό
951 2359 1198 2428 ἀδελφός.
1250 2360 1362 2414 Καὶ
1380 2359 1571 2415 τοῦτον
1616 2361 1671 2414 δὲ
1710 2363 1847 2434 δόλῳ

267 2451 422 2519 παρά
454 2449 498 2480 ⁸⁸
517 2449 578 2502 τὸ
627 2449 928 2519 συμπόσιον
984 2449 1350 2521 διαφθαρέντα
1407 2451 1510 2503 ὑπὸ
1551 2451 1646 2505 τοῦ
1699 2469 1847 2522 γαμ-

264 2540 400 2611 ϐροῦ
430 2539 735 2609 διαδέχεται
761 2542 888 2603 παῖς
926 2540 1198 2611 Ὑρκανὸς
1250 2541 1422 2611 ὄνομα
1447 2559 1458 2571 '
1486 2543 1544 2605 ὃς
1581 2543 1846 2597 τελευτῶν

266 2632 442 2705 Ἰούδα
478 2632 555 2703 τῷ
584 2633 680 2685 καὶ
705 2632 1103 2703 Ἀριστοϐούλῳ
1128 2633 1380 2702 κληθέντι
1400 2635 1721 2690 καταλείπει
1749 2638 1846 2707 τὴν

265 2726 469 2797 ἀρχήν.
498 2726 842 2797 κληρονομεῖ
869 2727 924 2779 δὲ
958 2728 1053 2780 καὶ
1094 2726 1283 2780 τοῦτον
1323 2728 1552 2797 ἀδελφὸς
1592 2730 1844 2797 Ἀλέξανο

178 2816 181 2819 ⁷
265 2817 410 2883 δρος,
464 2817 567 2869 ὑπὸ
617 2816 770 2870 νόσου
823 2816 922 2886 μὲν
961 2816 1382 2886 τελευτήσαντα,
1421 2817 1517 2889 τὴν
1548 2820 1848 2892 ἱερωσύνην

264 2909 321 2962 δὲ
357 2908 703 2979 κατασχόντα
736 2908 877 2977 μετὰ
905 2908 1004 2976 τῆς
1034 2907 1311 2978 βασιλείας
1342 2910 1458 2979 (καὶ
1480 2911 1586 2981 γὰρ
1612 2912 1849 2984 διάδημα

266 3002 553 3070 περιέθετο
573 3001 789 3072 πρῶτος
826 3000 1052 3073 Ἰούδας)
1084 3001 1329 3055 ἐνιαυτὸν
1357 3003 1474 3057 ἕνα.
1510 3004 1849 3070 Βασιλεύσας

264 3092 310 3146 δ’
336 3095 364 3146 ό
391 3092 743 3164 Ἀλέξανδρος
773 3092 867 3144 καὶ
895 3090 1219 3161 ἱερατεύσας
1247 3090 1344 3162 ἐτη
1376 3094 1458 3157 κζ’
1479 3095 1847 3166 καταστρέφει

267 3192 358 3244 τὸν
383 3187 519 3257 βίον,
550 3183 875 3254 Ἀλεξάνδρᾳ
906 3180 1012 3254 [δὲ]
1045 3186 1110 3253 τῇ
1126 3186 1352 3247 γυναικὶ
1389 3186 1731 3256 καταστῆσαι
1754 3189 1847 3243 τὸν

269 3285 831 3357 ἀρχιερατευσόμενον
853 3279 1176 3352 ἐπιτρέψας.
1195 3281 1257 3334 'ﬂ
1283 3283 1323 3314 "
1338 3283 1395 3336 δὲ
1419 3285 1517 3355 τὴν
1538 3285 1635 3355 μὲν
1663 3286 1850 3355 ἀρχιε-

273 3380 521 3450 ρωσύνην
570 3375 824 3449 ’Υρκανῷ
845 3376 1025 3429 δίδωσι
1055 3374 1165 3427 τῶν
1196 3374 1327 3428 υἱῶν
1363 3376 1440 3447 τῷ
1468 3378 1848 3448 πρεσϐυτέρῳ,

270 3473 411 3544 αὑτὴ
443 3474 501 3526 δὲ
529 3473 627 3543 τὴν
648 3473 690 3505 ¹⁸
727 3470 1004 3541 βασιλείαν
1030 3469 1124 3539 ἔτη
1145 3471 1189 3524 θ’
1213 3471 1560 3540 κατασχοῦσα
1592 3471 1847 3543 τελευτᾷ·

270 3567 364 3621 τὸν
398 3568 512 3622 ἴσον
546 3566 603 3620 δὲ
635 3566 824 3638 χρόνον
852 3567 1230 3637 ἀρχιερατεύει
1256 3567 1350 3619 καὶ
1380 3564 1667 3636 Ὑρκανός.
1695 3564 1852 3618 Μετὰ

269 3660 381 3730 γὰρ
402 3661 495 3712 τὸν
516 3659 730 3728 ἐκείνης
792 3656 1021 3711 θάνατον
1060 3661 1088 3712 ὁ
1123 3658 1387 3729 νεώτερος
1428 3660 1558 3721 παῖς
1594 3656 1730 3728 πρὸς
1758 3658 1851 3711 τὸν

272 3750 507 3819 ἀδελφὸν
531 3750 843 3820 πολεμήσας
880 3749 1314 3820 (Ἀριστόϐουλος
1345 3749 1495 3819 αὐτῷ
1532 3749 1727 3820 ὄνομα)
1757 3749 1851 3803 καὶ

271 3846 490 3913 ἀφελὼν
518 3846 626 3915 τὴν
676 3845 1115 3914 ἀρχιερωσύνην,
1175 3845 1386 3913 ταύτην
1408 3861 1471 3897 τε
1504 3846 1599 3897 καὶ
1623 3842 1723 3914 τὴν
1751 3844 1851 3912 τῆς

276 3936 485 4007 μητρδς
517 3934 795 4004 βασιλείαν
826 3934 989 3997 αὐτὸς
1047 3934 1456 4003 περιϐάλλεται.
1498 3935 1649 3987 Ἐτει
1676 3935 1730 3987 δὲ
1752 3935 1852 4004 τῆς

272 4028 453 4095 ἀρχῆς
486 4026 674 4095 τρίτῳ,
707 4028 801 4079 καὶ
855 4027 990 4093 πρὸς
1048 4028 1182 4095 μησὶ
1227 4029 1339 4087 τοῖς
1362 4027 1517 4091 ἴσοις,
1570 4027 1852 4095 Πομπήϊος

271 4115 444 4174 ἐλθὼν
479 4120 573 4172 καὶ
608 4118 707 4187 τὴν
743 4118 898 4171 πόλιν
930 4120 1049 4170 κατ’
1085 4118 1265 4189 ἄκρας
1302 4117 1439 4170 ἑλὼν
1469 4118 1629 4172 αὑτὸν
1653 4118 1750 4189 μὲν
1773 4119 1852 4180 είς

280 4214 501 4283 Ῥώμην
536 4212 674 4282 μετά
703 4212 815 4266 τῶν
839 4212 1043 4264 τέκνων
1068 4213 1237 4281 δήσας
1262 4210 1496 4282 ἔπεμψε,
1524 4209 1603 4281 τῷ
1631 4210 1675 4263 δ’
1720 4211 1851 4281 Ὑρ-

269 4308 424 4376 κανῷ
456 4306 556 4375 τὴν
585 4304 1001 4375 ἀρχιερωσύνην
1031 4304 1264 4367 ἀποδοὺς
1288 4303 1386 4374 τὴν
1419 4304 1518 4374 μὲν
1542 4303 1633 4356 τοῦ
1666 4301 1851 4366 ἔθνους

270 4397 613 4468 προστασίαν
638 4398 927 4467 ἐπέτρεψε,
976 4397 1214 4467 διάδημα
1232 4396 1291 4450 δὲ
1344 4400 1531 4467 φορεῖν
1554 4396 1848 4449 ἐκώλυσεν.

268 4492 447 4565 ’Πρξε
476 4494 536 4547 δὲ
563 4493 703 4564 πρὸς
719 4496 833 4555 τοῖς
855 4494 897 4545 θ’
917 4496 1027 4554 τοῖς
1047 4493 1089 4524 ¹⁹
1113 4491 1349 4563 πρώτοις
1376 4492 1469 4561 ἔτη
1486 4492 1728 4561 τέσσαρα
1756 4492 1851 4544 καὶ

1946 633 2244 702 imperante
2278 678 2292 702 ,
2325 649 2380 692 et
2411 641 2602 695 horum
2674 652 2884 713 tempus
2948 649 3073 701 anni
3143 651 3519 722 quadringenti

1944 736 1999 781 et
2061 732 2485 797 quatuordecim.
2548 733 2759 790 Primus
2816 738 2903 791 hic
2963 739 3261 796 Antiochus
3318 753 3370 798 et
3411 746 3518 797 dux

1943 815 2060 884 ejus
2094 816 2301 887 Lysias,
2349 818 2544 886 Onian,
2574 822 2846 880 Menelaus
2878 840 3254 897 cognomento,
3313 834 3521 900 pontiﬁ-

1943 917 2065 962 catu
2097 910 2368 975 ahdicant,
2401 911 2790 970 intorticientes
2815 917 2961 971 illum
2990 920 3040 971 in
3070 918 3284 985 Bel-ma,
3308 931 3364 976 et
3388 937 3518 977 con-

1946 1006 2027 1050 tra
2056 1000 2385 1055 substituunt
2434 1001 2698 1058 Jacimum
2726 1049 2740 1072 ,
2763 1021 2793 1060 e
2826 1007 2995 1077 stirpe
3021 1009 3235 1077 quidem
3262 1012 3517 1076 Aaronis,

1945 1087 2037 1141 sed
2062 1102 2165 1141 non
2196 1103 2226 1143 e
2257 1099 2403 1144 recta
2438 1091 2597 1148 linea.
2632 1095 2752 1149 Ideo
2782 1104 2836 1150 et
2865 1098 3104 1152 Ananias
3133 1102 3327 1155 mortui
3367 1100 3517 1157 Onia:

1946 1180 2207 1246 patruelis
2243 1180 2295 1233 in
2328 1180 2620 1255 Egyptum
2659 1186 2953 1254 profectus,
2983 1190 3035 1242 in
3066 1191 3340 1245 Ptolemaei
3389 1192 3518 1246 Phi-

1945 1268 2219 1323 lometoris
2247 1281 2300 1324 et
2348 1272 2644 1342 CleOpatrec
2687 1279 2868 1330 uxoris
2917 1279 3209 1336 amicitiam
3272 1285 3513 1351 veniens,

1946 1361 2229 1429 persuadet
2256 1360 2380 1426 illis,
2416 1364 2654 1419 condens
2708 1366 2759 1419 in
2811 1367 3068 1438 ileliopoli
3112 1373 3369 1442 templum
3406 1374 3516 1430 Deo

1947 1455 2121 1510 simile
2159 1455 2206 1510 ei
2260 1456 2400 1523 quod
2428 1467 2506 1511 est
2541 1460 2591 1511 in
2624 1458 2944 1525 Jerusalem,
3000 1473 3056 1517 ut
3094 1479 3152 1518 se
3202 1467 3513 1535 pontiﬁcem

1948 1557 2216 1601 crearent.
2280 1548 2520 1604 Jacimus
2579 1566 2748 1605 annos
2808 1562 2916 1607 tres
2970 1556 3329 1611 sacerdotium
3392 1574 3515 1613 cum

1949 1639 2176 1693 rexisset
2220 1642 2483 1695 moritur:
2527 1644 2609 1696 cui
2674 1644 2811 1697 intra
2880 1655 3082 1715 septem
3136 1663 3307 1702 annos
3359 1666 3517 1706 nemo

1947 1730 2209 1784 succedit.
2242 1728 2476 1785 Rursum
2514 1748 2638 1787 vero
2688 1737 2888 1802 posteri
2940 1718 3172 1793 ﬁliorum
3212 1742 3514 1797 Asamonmi

1950 1820 2233 1888 imperium
2282 1824 2462 1891 pepuli
2512 1827 2675 1889 nacti,
2717 1838 2925 1882 etcum
2974 1831 3359 1889 Macedonibus
3416 1849 3519 1903 pu—

1947 1922 2175 1982 gnantes
2207 1913 2471 1970 Joannem
2525 1918 2841 1985 pontiﬁcem
2895 1932 3104 1987 creant,
3134 1923 3227 1991 qui
3268 1938 3385 1978 cum
3435 1940 3523 1979 se-

1946 2015 2089 2073 ptem
2134 2006 2290 2059 annis
2321 2006 2625 2075 praefuisset
2682 2011 2932 2075 moritur,
2989 2012 3277 2085 Tryphone
3318 2016 3392 2069 illi
3422 2034 3518 2069 ne-

1945 2106 2059 2145 cem
2105 2094 2380 2161 moliente,
2428 2098 2513 2151 cui
2562 2099 2802 2154 succedit
2855 2102 3040 2157 Simon
3092 2104 3278 2160 frater.
3322 2105 3517 2162 Verum

1946 2192 1996 2235 et
2044 2181 2189 2237 hunc
2224 2184 2345 2239 dolo
2385 2187 2437 2240 in
2490 2189 2800 2244 convivium
2860 2192 3199 2248 interfectum
3250 2210 3279 2248 a
3321 2210 3519 2265 genero

1946 2276 2189 2345 sequitur
2216 2277 2355 2332 ﬁlius
2388 2281 2602 2336 nomine
2632 2280 2929 2352 Hyrcanus.
2965 2282 3062 2337 llic
3090 2286 3342 2352 moriens,
3370 2285 3520 2342 Julia:

1947 2365 2112 2432 quiet
2142 2368 2489 2423 Aristobulus
2545 2372 2929 2427 nominabatur
2968 2375 3221 2442 relinquit
3272 2391 3517 2447 regnum.

1948 2456 2207 2525 Sequitur
2256 2460 2399 2514 hunc
2441 2459 2611 2514 frater
2646 2463 2975 2528 Alexander,
3034 2466 3219 2521 morbo
3297 2468 3518 2537 quidem

1946 2550 2299 2614 exstinctum,
2364 2553 2459 2606 sed
2492 2555 2855 2609 sacerdotium
2897 2572 3020 2611 cum
3070 2574 3235 2628 regno
3271 2561 3522 2614 obtinen-

1950 2651 2077 2706 tem,
2138 2657 2261 2695 nam
2311 2650 2365 2697 et
2417 2644 2662 2699 diadema
2716 2646 2901 2701 habuit
2943 2650 3148 2717 primus
3194 2651 3363 2707 Judas
3413 2666 3523 2706 uno

1947 2748 2108 2787 anno.
2149 2734 2423 2803 :Regnans
2471 2751 2599 2789 vero
2659 2737 2968 2794 Alexander
3011 2750 3065 2795 et
3149 2742 3519 2809 pontiﬁcatum

1948 2838 2160 2893 gerens,
2195 2839 2365 2880 annos
2392 2826 2461 2878 27
2492 2827 2658 2881 vitam
2696 2828 2833 2895 ﬁnit,
2872 2830 3189 2886 Alexandra:
3214 2834 3370 2887 uxori
3395 2848 3522 2902 per-

1949 2917 2169 2971 mittens
2245 2918 2579 2973 constituere
2638 2922 3008 2990 pontiﬁcatum
3070 2934 3365 2990 gerentem.
3442 2926 3521 2981 lhi

1948 3009 2037 3062 illa
2094 3010 2467 3077 pontiﬁcatum
2516 3012 2765 3083 Hyrcano
2819 3015 2910 3069 dat
2955 3017 3063 3071 ﬁlio
3111 3026 3238 3072 natu
3290 3018 3515 3089 majori;

1950 3100 2061 3167 ipsa
2094 3116 2317 3167 regnum
2374 3117 2564 3158 novem
2613 3120 2790 3159 annos
2828 3121 2948 3160 cum
3003 3108 3358 3178 gubernasset
3399 3125 3517 3165 mo—

1954 3191 2117 3243 ritur:
2172 3194 2393 3248 totidem
2441 3195 2596 3249 annis
2639 3197 3001 3253 sacerdotium
3040 3200 3179 3269 gerit
3215 3199 3517 3272 Hyrcanus.

1952 3280 2082 3337 Post
2130 3282 2293 3353 hujus
2350 3296 2582 3341 mortem
2620 3287 2804 3356 junior
2860 3289 3000 3344 ﬁlius
3055 3300 3245 3346 contra
3298 3293 3519 3349 fratrem

1953 3376 2148 3430 bellum
2188 3392 2404 3447 gerens,
2488 3380 2707 3434 nomine
2773 3381 3137 3449 Aristobulus,
3185 3391 3239 3437 et
3267 3385 3522 3442 auferms

1952 3470 2346 3537 pontiﬁcatum,
2404 3480 2513 3523 tam
2562 3470 2683 3537 hoc,
2733 3488 2893 3540 quam
2950 3477 3140 3530 matris
3186 3490 3350 3546 regno
3376 3479 3519 3545 potio

1954 3571 2059 3614 tur.
2119 3560 2307 3615 Tertio
2368 3576 2512 3616 anno
2572 3562 2805 3631 imperii,
2858 3573 2912 3618 et
2950 3567 3228 3622 mensibus
3301 3570 3519 3625 totidem

1951 3654 2242 3721 Pompeius
2270 3654 2512 3718 veniens,
2544 3665 2599 3710 et
2630 3658 2814 3710 urbem
2849 3659 2898 3711 vi
2929 3660 3167 3727 capiens,
3204 3662 3377 3729 ipsum
3410 3662 3519 3718 Ro-

1952 3758 2092 3798 mam
2120 3760 2240 3798 cum
2273 3745 2395 3800 ﬁliis
2425 3747 2692 3815 captivum
2721 3749 2883 3803 misit.
2914 3751 3220 3821 Hyrcanum
3244 3767 3372 3808 vero
3399 3769 3526 3822 pon-

1955 3836 2152 3890 tiﬁcem
2184 3836 2481 3905 designans
2514 3839 2695 3908 populi
2739 3841 3025 3910 imperium
3062 3844 3110 3898 ei
3137 3846 3401 3914 permisit,
3428 3850 3523 3903 sed

1951 3950 2207 3991 coronam
2251 3952 2373 3991 eum
2405 3936 2546 3992 ferre
2576 3938 2766 3992 noluit.
2804 3939 3093 4006 Imperavit
3146 3956 3275 3996 vero
3331 3953 3527 4011 praeter

1954 4041 2145 4080 novem
2207 4027 2433 4094 primos,
2490 4029 2647 4082 annis
2714 4037 2948 4098 quatuor
2985 4039 3040 4083 et
3085 4031 3297 4100 viginti.
3360 4032 3496 4089 Basa

1952 4120 2282 4189 pharmanes
2338 4128 2394 4175 et
2430 4119 2664 4175 Pacorus
2716 4123 2957 4190 dynastae
3007 4124 3354 4189 Parthorum,
3401 4139 3522 4179 eum

1953 4213 2205 4282 Hyrcano
2255 4212 2449 4267 bellum
2503 4222 2772 4284 gerentes,
2820 4229 2944 4268 eum
3005 4216 3179 4269 vivum
3227 4227 3521 4287 ceperunt:

1953 4306 2279 4375 Antigonum
2331 4319 2459 4359 vero
2530 4306 2820 4359 Aristohuli
2874 4304 3039 4359 ﬁlium
3086 4319 3266 4374 regem
3313 4307 3522 4361 consti-

1955 4408 2196 4455 tuerunt.
2238 4400 2372 4453 Tres
2437 4412 2566 4452 vero
2624 4413 2793 4451 annos
2849 4406 2904 4451 et
2961 4407 3070 4452 tres
3116 4414 3331 4454 menses
3373 4400 3525 4456 illum

1955 4491 2309 4558 imperantem
2372 4488 2560 4543 Sosius
2614 4489 2811 4559 διεὸ
2871 4499 2925 4542 et
2960 4487 3202 4544 Herodes
3248 4505 3527 4561 eXpugna-

274 4590 471 4642 εἴκοσι.
514 4587 962 4657 Βαζαφαρμάνης
995 4585 1051 4637 δὲ
1076 4586 1169 4637 καὶ
1191 4586 1458 4657 Πάκορος,
1490 4585 1539 4636 οἱ
1568 4585 1665 4653 τῆς
1695 4585 1845 4653 Παρ-

1951 4592 2095 4634 runt.
2146 4581 2414 4634 Antonius
2444 4595 2571 4635 vero
2602 4591 2815 4649 captum
2847 4579 3147 4635 Antiochia:
3191 4583 3367 4636 securi
3399 4596 3527 4650 per-

269 4681 475 4748 Θυηνῆς
501 4680 781 4740 δυνάσται,
818 4678 1229 4747 πολεμήσαντες
1262 4676 1518 4746 Ὑρκανῷ
1561 4676 1723 4728 αὑτὸν
1750 4677 1849 4746 μὲν

270 4774 483 4842 ζωγρίᾳ
529 4774 574 4804 ³⁸
634 4771 844 4834 ἔλαϐον,
876 4770 1179 4837 Ἀντίγονον
1216 4769 1271 4821 δὲ
1302 4768 1395 4821 τὸν
1434 4766 1847 4839 Ἀριστοϐούλου

267 4865 383 4917 υἱὸν
413 4862 639 4931 βασιλέα
675 4861 1037 4929 κατέστησαν.
1070 4860 1197 4913 Γ⁹δὲ
1230 4859 1323 4927 ἔτη
1355 4860 1450 4912 καὶ⁵
1483 4859 1658 4928 μῆνας
1681 4866 1727 4925 γ’
1750 4858 1849 4927 ἀρ-

268 4959 438 5021 εαντα
469 4954 656 5006 τοῦτον
684 4954 901 5015 Σόσσιος
936 4954 1031 5006 καὶ
1076 4951 1322 5023 Ἡρώδης
1368 4949 1847 5020 ἐξεπολιόρκησαν,

267 5046 555 5109 Ἀντώνιος
597 5045 653 5099 δὲ
708 5044 1011 5114 ἀναχθέντα
1058 5046 1117 5096 ὲν
1170 5043 1472 5112 Ἀντιοχείᾳ
1505 5041 1842 5097 ἐπελέκισεν.

267 5140 380 5211 Τὴν
421 5140 475 5191 δὲ
520 5137 797 5207 βασιλείαν
848 5136 1093 5207 Ἡρώδης
1136 5135 1297 5205 παρά
1343 5135 1627 5205 Ῥωμαίων
1674 5136 1848 5204 ἐγχει-

269 5232 475 5303 ρισθεὶς
497 5230 679 5283 οὐκέτι
701 5232 765 5281 ὲκ
798 5228 892 5281 τοῦ
913 5228 1285 5297 Ἀσαμωναίου
1312 5228 1498 5295 γένους
1524 5226 1845 5297 καθίστησιν

268 5322 849 5393 ἀρχιερεῖς,“ἁσήμους
873 5319 929 5372 δέ
965 5337 1118 5382 τινας
1155 5319 1251 5372 καὶ
1279 5319 1438 5386 μόνον
1466 5318 1523 5385 ἐξ
1541 5318 1733 5388 ἱερέων
1757 5317 1846 5371 ὅν-

266 5432 387 5475 τας,
421 5413 562 5482 πλὴν
595 5412 713 5474 ἑνός
736 5427 751 5441 ο
791 5410 1203 5481 Ἀριστόϐουλος
1252 5409 1294 5462 δ’
1325 5405 1393 5479 ἦν
1442 5403 1617 5471 οὗτος,
1651 5407 1844 5471 υἱωνὸς

265 5506 308 5559 δ’
337 5502 405 5577 ἧν
431 5500 588 5567 οὗτος
620 5507 683 5556 ὲκ
713 5503 980 5573 θυγατρὸς
1025 5501 1294 5572 ’Υρκανοῦ
1343 5500 1436 5554 τοῦ
1476 5496 1583 5555 ὕπὸ
1614 5500 1842 5570 Πάρθων

264 5600 588 5670 ληφθέντος,
610 5590 671 5650 οὗ
702 5599 795 5652 καὶ
821 5600 888 5668 τῇ
910 5596 1111 5667 ἀδελφῇ
1145 5598 1188 5626 ²¹
1242 5594 1473 5666 συνῴκει
1501 5596 1841 5664 Μαριάμμη.

1955 4670 2141 4724 cussit.
2209 4669 2453 4739 Regnum
2514 4678 2693 4724 autem
2744 4669 2981 4723 Herodes
3014 4685 3043 4722 a
3079 4668 3338 4724 Romanis
3396 4671 3526 4724 ade—

1955 4773 2096 4828 ptus,
2154 4776 2259 4815 non
2303 4761 2535 4829 amplius
2585 4775 2616 4815 e
2655 4774 2852 4827 genere
2895 4760 3212 4814 Asamonaeo
3244 4761 3528 4829 pontifices

1955 4854 2269 4909 constituit:
2311 4854 2573 4908 obscuros
2626 4868 2752 4907 vero
2807 4854 3043 4922 aliquos,
3079 4863 3134 4906 et
3165 4852 3335 4906 solum
3378 4869 3410 4908 e
3439 4869 3528 4909 sa-

1955 4945 2261 5001 cerdotibus
2316 4944 2593 5008 oriundos,
2643 4953 2837 5013 praeter
2888 4959 3049 4996 unum
3131 4944 3523 5006 Aristobulum.

1955 5047 2206 5105 nepotem
2251 5052 2281 5092 θ
2336 5036 2446 5092 ﬁlia
2497 5036 2731 5107 llyrcaui
2784 5052 2810 5090 a
2865 5037 3082 5093 Parthis
3138 5039 3302 5105 capti,
3365 5039 3524 5109 cujus

1952 5146 2108 5187 soror
2134 5145 2253 5184 cum
2285 5130 2580 5185 Mariamne
2607 5130 2759 5184 vixit.
2795 5129 2946 5183 Hunc
2992 5114 3359 5186 Aristobulum
3408 5148 3529 5187 me-

1955 5234 2110 5281 tuens
2140 5234 2391 5294 tanquam
2433 5223 2689 5287 nobilem,
2719 5232 2772 5276 et
2807 5237 2900 5289 per
2945 5238 3004 5277 se
3049 5225 3426 5295 conspicuum,
3459 5241 3528 5280 ne

1952 5314 2180 5384 populus
2235 5315 2301 5367 ad
2336 5328 2463 5369 eum,
2503 5311 2811 5375 inclinaret,
2860 5311 3177 5375 Jerichunle
3215 5315 3268 5367 in
3318 5315 3527 5383 piscina

1952 5407 2201 5463 suﬁocari
2243 5405 2537 5476 jussit.'De
2564 5403 2909 5458 sacerdotum
2940 5406 3329 5459 constitutione
3374 5405 3527 5458 simi-

1953 5503 2019 5557 lia
2072 5500 2286 5555 molitus
2333 5500 2476 5553 ﬁlius
2505 5499 2620 5567 ejus
2652 5497 2971 5560 Archelaus,
3006 5507 3061 5551 et
3086 5506 3203 5566 post
3237 5496 3383 5551 illum
3416 5496 3528 5549 Ro-

1953 5594 2123 5660 mani,
2173 5594 2265 5663 qui
2329 5592 2615 5660 imperium
2678 5591 3011 5644 invaserunt.
3075 5588 3214 5643 Sunt
3242 5588 3403 5657 igitur
3457 5586 3527 5639 alt

1485 5711 1723 5766 VARIAE
1778 5708 2182 5765 LECTIONES.

343 5811 386 5841 ¹⁵
412 5806 776 5877 δειμαμένους
806 5805 1165 5877 anschelius.
1198 5804 1357 5877 Deest
1395 5814 1573 5857 autem
1628 5803 1774 5877 vada.

1891 5801 1931 5832 “
1964 5800 2134 5872 παρὰ]
2151 5800 2296 5872 *περὶ
2327 5798 2390 5855 C.

2490 5802 2532 5832 ιτ
2566 5801 2598 5870 ἡ
2633 5799 2673 5855 C
2724 5817 2736 5853 ε
2774 5800 2911 5870 αὑτὴ
2938 5816 2997 5862 ς,
3103 5796 3144 5827 ¹⁸
3168 5794 3265 5866 τὴν
3296 5792 3420 5849 add.
3452 5791 3521 5850 C.

272 5879 315 5913 "
340 5882 450 5943 τοῖς
487 5870 606 5949 post
639 5878 681 5927 θ’
708 5877 832 5930 add.
865 5875 927 5928 C.
1002 5877 1045 5906 ²⁰
1082 5876 1321 5945 ζωγρίαν
1354 5894 1413 5939 ς.
1492 5878 1537 5907 ²⁶
1562 5878 1628 5945 τῇ
1658 5874 1856 5945 ἀδελφῇ
1886 5872 1962 5927 C:
1999 5874 2033 5943 ἡ
2054 5870 2256 5941 ἀδέλφὴ
2296 5889 2352 5935 ς.

628 5970 901 6030 ΡΑτιιοι..
943 5968 1063 6029 Gn.
1108 5969 1262 6029 Clll.

3014 5958 3092 6020 38
