3954 6388
1187 234 1219 263 Ι

447 361 585 428 1199

1510 347 1775 410 PHOTII
1808 348 2314 411 PATRIARCIUE
2348 354 2458 413 CP.

3563 354 3686 421 1200

439 478 767 531 concitasse.
811 472 1047 541 Apparet
1076 440 1256 523 autem
1284 464 1520 520 iambum
1552 465 1682 518 olim
1721 473 1827 518 tam
1860 464 1913 517 in
1941 465 2015 516 vi-

2131 467 2304 519 Ἐοικε
2317 467 2370 520 δὲ
2384 470 2410 520 ό
2429 466 2623 537 ἴαμϐος
2638 468 2695 521 τὸ
2715 460 2812 538 μὲν
2831 468 3059 523 παλαιὸν
3078 467 3169 521 ἐπὶ
3187 466 3295 523 τῶν
3318 468 3399 531 είς
3417 467 3583 536 ψόγον
3610 471 3695 522 καὶ

442 565 839 637 tuperationem
901 578 1061 631 quam
1113 560 1475 613 laudationem
1535 571 1600 610 ex
1674 569 1831 625 azquo
1882 570 2014 608 con-

440 658 609 714 scribi
639 656 879 719 solitum,
904 653 1119 723 quando
1154 654 1208 706 in
1242 650 1507 706 conviciis
1544 646 2016 714 contumeliisque,

440 747 658 817 quidam
702 754 874 798 metro
918 742 1241 797 insolentius
1276 740 1361 795 usi
1402 749 1558 803 sunt,
1590 737 1716 792 inde
1747 735 2019 807 ἰαμϐίζειν

441 837 510 892 ad
555 835 801 891 convicia
827 834 1219 889 consuetudine
1261 832 1491 899 quadarn
1518 827 1803 891 recidisse,
1833 841 2021 897 quem-

441 928 729 982 admodum
782 942 810 978 a
843 924 1067 980 comicis
1129 920 1442 978 comoediari
1492 920 1715 974 dictum.
1751 919 2020 972 lainbieo-

442 1033 565 1073 rum
599 1026 880 1086 poetarum
920 1014 1281 1070 Archilochus
1328 1011 1517 1066 Parius
1556 1008 1714 1064 facile
1744 1009 2017 1079 princeps,

443 1120 497 1164 et
528 1107 839 1164 Simonides
870 1106 1195 1177 Amorginus
1237 1122 1251 1158 :
1290 1104 1395 1165 vel,
1440 1110 1497 1155 ut
1545 1102 1764 1172 quidam
1812 1101 2019 1167 volunt,

445 1201 699 1267 Samius,
750 1208 805 1253 et
846 1196 1128 1266 Hipponax
1174 1194 1438 1263 Ephesius
1486 1210 1501 1245 :
1540 1207 1767 1261 quorum
1816 1192 2023 1261 primus

444 1293 661 1362 quidem
693 1299 934 1357 tempore
974 1286 1161 1356 Gygis,
1192 1284 1332 1337 alter
1365 1297 1491 1336 vero
1518 1281 1745 1335 Ananiae
1777 1280 2024 1335 Macedo.

443 1384 527 1437 nis
555 1401 568 1437 :
600 1381 879 1450 Hipponax
916 1375 1212 1441 vero_Darii
1247 1375 1578 1440 temporibus
1608 1372 1927 1426 ﬂoruerunt.

516 1474 689 1529 Melici
729 1481 908 1525 autem
961 1467 1221 1524 carminis
1262 1467 1407 1519 varia
1449 1477 1646 1533 genera
1705 1463 1911 1517 faciunt
1969 1465 2019 1516 in

442 1565 747 1633 mnhasqne
776 1570 958 1630 partes
1001 1558 1265 1612 dividunt.
1315 1556 1570 1623 Quadam
1605 1556 1752 1609 enim
1795 1554 1861 1608 ad
1894 1554 2024 1609 deos

442 1657 735 1726 pertinent,
761 1652 866 1706 alia
901 1652 967 1705 ad
992 1651 1259 1714 homines,
1291 1649 1393 1702 alia
1427 1649 1661 1717 denique
1688 1648 1752 1701 ad
1776 1646 2023 1701 fortuitas

442 1746 800 1800 calamitates.
845 1743 925 1796 Ad
958 1742 1087 1795 deos
1129 1741 1344 1809 quidem
1388 1735 1735 1803 referuntur,
1769 1739 2019 1809 hymnus,

2121 558 2339 610 ἔπαινον
2369 559 2729 629 γραφομένων
2750 561 2949 631 ὁμοίως
2973 560 3249 629 λέγεσθαι,
3269 562 3389 613 ἐπεὶ
3419 559 3475 613 δέ
3496 559 3542 591 ⁸³
3566 577 3697 621 τινες

2120 649 2455 703 ἐπλεόνασαν
2487 652 2545 702 ὲν
2570 652 2691 713 ταῖς
2713 650 3061 718 κακολογίαις
3090 649 3150 703 τὸ
3176 656 3394 721 μέτρον,
3414 650 3625 703 ἐκεῖθεν
3647 652 3699 704 τὸ

2125 742 2398 811 ἰαμϐίζειν
2427 743 2508 804 είς
2537 740 2597 794 τὸ
2626 740 2870 813 ὑϐρίζειν
2914 742 3020 795 ὑπὸ
3056 741 3160 811 τῆς
3207 741 3499 813 συνηθείας
3540 743 3697 794 ἐκπεο

2122 838 2254 899 σείν,
2277 834 2466 903 ὥσπερ
2495 834 2602 887 ἀπὸ
2622 833 2729 886 τῶν
2761 834 3026 903 κωμικῶν
3054 834 3115 887 τὸ
3143 834 3549 905 κωμῳδεῖσθαι.
3568 834 3701 904 Ἰάμ-

2120 923 2231 976 ϐων
2263 924 2319 976 δὲ
2355 921 2579 991 ποιηταὶ
2616 921 2927 991 Ἀρχίλοχός
2960 939 3019 975 τε
3044 924 3071 975 6
3098 922 3302 993 Πάριος
3341 924 3589 995 ἄριστος,
3623 927 3704 977 καὶ

2122 1014 2423 1085 Σιμωνίδης
2467 1016 2495 1067 6
2532 1012 2881 1083 Ἀμόργιοςῆ
2918 1014 2993 1077 ὠς
3028 1013 3159 1067 ἔνιοι
3186 1014 3389 1084 Σάμιος
3412 1054 3429 1075 ,
3467 1013 3566 1067 καὶ
3600 1011 3700 1065 Ἰπ-

2121 1103 2368 1169 πῶναξδδ
2401 1107 2429 1158 6
2466 1103 2745 1172 Ἐφέσιοςο
2774 1096 2848 1156 ὧν
2876 1103 2904 1154 6
2938 1102 3037 1173 μὲν
3067 1103 3283 1171 πρῶτος
3322 1102 3413 1156 ἐπὶ
3446 1102 3647 1171 Γύγου,
3676 1103 3701 1155 6

2121 1196 2177 1249 δὲ
2222 1195 2309 1248 ἐπ’
2344 1195 2589 1249 Ἀνανίου
2639 1192 2733 1247 τοῦ
2787 1193 3115 1259 Μακεδόνος,
3149 1194 3422 1261 Ἱππῶναξ
3463 1193 3524 1248 δὲ
3572 1195 3704 1248 κατὰ

2124 1289 2343 1359 Δαρεῖον
2380 1285 2655 1357 ἢκμαζεν.

2193 1470 2325 1542 Περὶ
2370 1470 2425 1524 δὲ
2459 1470 2691 1542 μελικῆς
2734 1471 3005 1541 ποιήσεώς
3042 1470 3270 1541 φησιν⁸³
3299 1471 3376 1535 ὡς
3409 1470 3706 1541 πολυμερε-

2125 1564 2292 1633 στάτη
2320 1582 2378 1617 τε
2407 1564 2503 1619 καὶ
2532 1564 2823 1635 διαφόρους
2844 1562 2957 1634 ἔχει
2984 1563 3253 1633 τομάς.⁶“Δ
3284 1563 3383 1633 μὲν
3403 1564 3517 1634 γὰρ
3546 1565 3707 1634 αὐτῆς

2126 1657 2451 1729 μεμέρισται
2479 1656 2642 1723 θεοῖς,
2667 1656 2703 1711 6.
2729 1656 2786 1710 δὲ
2811 1654 3140 1726 ἀνθρώποις,
3166 1657 3203 1708 ἃ
3227 1654 3283 1709 δὲ
3314 1656 3396 1718 είς
3416 1656 3517 1719 τὰς
3541 1672 3708 1725 προσ-

2125 1748 2428 1811 πιπτούσας
2462 1747 2831 1819 περιστάσεις.
2872 1747 2982 1801 Καὶ
3011 1748 3090 1811 είς
3124 1744 3281 1809 θεοὺς
3316 1746 3416 1816 μὲν
3442 1746 3708 1816 ἀναφέρε-

443 1837 758 1905 prosodion,
808 1849 980 1901 paean,
1030 1831 1427 1901 dithyrambus,
1481 1844 1691 1894 nomos,
1729 1827 2013 1892 Adonidia,

2131 1840 2245 1894 σθαι
2277 1841 2463 1910 ὕμνον,
2490 1817 2775 1911 προσόδιον
2793 1839 2862 1905 ⁸⁸,
2892 1840 3115 1906 παιᾶνα,
3135 1838 3494 1910 διθύραμϐον,
3527 1837 3707 1906 νόμον,

444 1927 756 1989 lobacchus,
780 1923 976 1995 320a
1004 1922 1448 1991 hyporchemata.
1480 1922 1559 1974 Ad
1615 1920 1868 1975 mortales
1886 1934 2016 1976 vero

443 2018 714 2085 pertinent
752 2015 1021 2079 encomia,
1057 2012 1273 2082 epinicii
1300 2052 1315 2078 ,
1350 2012 1542 2075 scolia,
1582 2012 1865 2075 amatoria,
1900 2011 2017 2079 epi-

444 2110 724 2172 thalamia,
749 2106 1035 2177 hymenaei,
1061 2104 1190 2169 silli,
1217 2104 1650 2169 lamentationes,
1673 2112 1726 2157 et
1754 2104 2012 2174 epicedia.

438 2204 520 2258 Ad
550 2205 678 2257 deos
706 2202 869 2258 simul
919 2210 972 2255 et
1014 2201 1286 2265 homines,
1327 2199 1632 2269 parthenia,
1667 2200 2017 2269 daphnepho—

441 2297 575 2361 rica,
610 2293 1007 2362 oscbophorica
1035 2303 1086 2347 et
1129 2292 1452 2362 precatoria.
1481 2291 1607 2346 Hrec
1633 2294 1775 2347 enim
1809 2293 1860 2346 in
1892 2294 2019 2346 deo-

440 2402 559 2441 rum
589 2386 801 2440 laudem
844 2385 915 2439 ita
950 2384 1270 2453 composita,
1306 2394 1365 2439 ut
1403 2394 1455 2439 et
1504 2386 1781 2439 hominum
1827 2386 2018 2455 praedi-

441 2478 682 2531 eationes
718 2477 993 2544 complexa
1035 2478 1165 2529 sint.
1206 2474 1461 2529 Fortuita:
1506 2491 1631 2531 vero
1677 2476 2018 2531 calamitates

445 2564 644 2620 mellici
672 2565 927 2619 carminis
953 2564 1185 2633 speciem
1217 2564 1437 2618 minime
1458 2565 1823 2631 constituunt,
1854 2580 2016 2635 quam

444 2666 625 2709 tamen
661 2665 832 2725 poetae
878 2664 1223 2709 tentaverunt
1255 2666 1418 2725 :puta
1450 2656 1799 2727 pragmatica,
1834 2671 2020 2726 empo-

440 2748 574 2813 rica,
621 2746 938 2815 apostolica,
971 2745 1378 2815 gnumologica,
1421 2747 1672 2817 georgica
1720 2758 1773 2801 et
1806 2747 2020 2815 epistul-

442 2842 566 2893 tiea.

514 2928 781 2998 liymnum
825 2929 904 2983 sic
939 2928 1143 2983 dictum
1175 2929 1365 2995 aiunt,
1405 2930 1558 2999 quasi
1603 2931 1931 3003 ὑπόμνησις,
1966 2931 2017 2986 id

440 3029 542 3083 est,
573 3021 1017 3074 commemoratio
1046 3024 1291 3090 quaidam
1328 3023 1418 3089 sit,
1446 3032 1500 3077 et
1530 3023 1685 3093 quasi
1721 3024 1773 3077 in
1815 3038 2017 3078 memo-

442 3112 577 3163 riam
611 3118 832 3164 revocet
878 3124 968 3164 res
1020 3120 1202 3179 gestas
1246 3126 1433 3166 eorum
1481 3114 1570 3181 qui
1620 3113 1837 3184 hymnis
1875 3113 2018 3169 cele-

2137 1933 2409 1986 Ἀδωνίδια
2426 1935 2491 1997 ⁸⁷,
2512 1932 2803 2003 Ἰάϐακχον,
2819 1933 3199 2003 ὑπορχήματα·
3215 1932 3295 1995 είς
3317 1930 3376 1985 δὲ
3395 1930 3711 2003 ἀνθρώπους

2124 2024 2395 2094 ἐγκώμια,
2427 2022 2743 2087 ὲπίνικοι⁸⁸;
2778 2021 3043 2087 axoni”,
3067 2022 3325 2093 ἐρωτικὰ,
3348 2022 3708 2091 ὲπιθαλάμια,

2129 2115 2433 2185 ὗμεναίους,
2467 2114 2676 2177 σίλλους
2693 2113 2760 2179 ὀ,
2795 2113 3027 2184 θρήνους
3049 2154 3063 2179 ,
3099 2114 3422 2184 ιὶπικήδεια⁹
3452 2114 3535 2176 είς
3565 2113 3711 2176 θεοὺς

2153 2208 2177 2261 ὲ
2209 2208 2302 2260 κα)⁸
2336 2204 2658 2277 ἀνθρώπους
2690 2204 2958 2278 παρθένια
2978 2246 2992 2269 ,
3024 2205 3406 2276 δαφνηφορικὰ
3427 2245 3441 2269 ,
3474 2204 3712 2275 ὠσχοφοο

2126 2299 2273 2371 ίικὰ,
2304 2297 2531 2351 εὑκτικά
2554 2311 2568 2326 ⁶
2602 2296 2772 2350 ταῦτα
2804 2296 2915 2368 γὰρ
2949 2297 3027 2361 είς
3062 2296 3219 2359 θεοὺς
3248 2297 3580 2366 γραφόμενα
3628 2295 3709 2347 καὶ

2122 2390 2427 2460 ἀηθρώπων
2477 2390 2827 2461 περιείληφεν
2876 2389 3213 2452 ὲπαίνουςθι.
3247 2388 3327 2442 Τὰ
3379 2388 3440 2441 δὲ
3491 2390 3576 2451 εἰς
3625 2386 3712 2448 τὰς

2126 2481 2574 2544 προσπιπτούσαίς
2620 2481 2973 2551 περιστάσεις
3024 2482 3126 2533 οὐκ
3173 2479 3288 2533 ἐστι
3344 2481 3444 2549 μὲν
3475 2478 3593 2549 εῐδη
3622 2479 3711 2547 τῆς

2128 2578 2389 2649 μελικῆς,
2425 2576 2515 2631 ὑπ’
2542 2576 2724 2629 αὐτῶν
2759 2576 2817 2629 δὲ
2849 2575 2959 2629 τῶν
2988 2573 3229 2643 ποιητῶν
3260 2571 3709 2642 ἐπικεχείρηται’

2123 2670 2327 2723 τούτων
2354 2669 2410 2721 δέ
2448 2671 2561 2722 ἐστι
2588 2667 2947 2738 πραγματικὰ
2970 2706 2985 2729 ,
3014 2664 3324 2735 ἐμπορικὰ,
3353 2663 3710 2726 ἁποττολικά,

2125 2762 2527 2831 γνωμολογικὰ,
2566 2759 2871 2831 γεωργικὰ,
2905 2758 3283 2811 ὶπισταλτικάι

2198 2940 2304 2993 Καί
2334 2955 2467 3010 φησι
2486 2941 2532 2972 θ’
2561 2938 2651 2992 τὸν
2684 2937 2850 3007 ὕμνον
2884 2936 2982 3007 μὲν
2999 2937 3045 2969 ⁸³
3070 2937 3391 3007 ὠνομάσθαι
3423 2937 3591 2990 ἀπὺθο
3616 2936 3711 2989 τοῦ

2126 3034 2488 3103 ὕπόμνησίν⁹⁸
2516 3050 2635 3085 τινα
2663 3028 2801 3085 εἶναι
2827 3031 2920 3084 καὶ
2948 3031 3112 3085 οἱονεὶ
3130 3030 3177 3063 ³⁸
3198 3032 3278 3092 είς
3307 3031 3536 3100 μνήμην
3553 3031 3595 3061 ’⁷
3618 3032 3714 3083 καὶ

2127 3127 2431 3197 ὑπόμνησιν
2462 3125 2614 3194 ἄγειν
2639 3125 2736 3189 τὰς
2758 3125 2987 3195 πράξεις
3016 3124 3126 3178 τῶν
3152 3124 3529 3195 ὑμνουμένων,
3551 3124 3582 3195 ἢ
3604 3123 3710 3176 ἀπὸ

441 3200 709 3267 branlur;
750 3200 831 3254 vel
860 3200 968 3253 ἀπὸ
999 3174 1090 3254 τὶῦ
1122 3200 1266 3255 ὕδειν
1297 3174 1849 3272 αὐτάςίαυοᾶναιθιν
1882 3220 2017 3272 ρνω-
2045 3174 2088 3232 C
2120 3174 2746 3288 £.3‘55.1L'.o;;;;'a;.;;
2766 3174 3708 3284 Qi‘iédiiiizaxgg'sgalia...

439 3294 617 3345 dicare
642 3291 807 3360 ipsas.
840 3289 1121 3346 Vocabant
1157 3301 1335 3347 autem
1370 3294 1421 3347 in
1465 3293 1779 3348 universum
1812 3294 2018 3360 omnia,

438 3400 559 3451 quae
631 3384 682 3436 in
738 3383 968 3453 gratiam
1036 3398 1319 3439 sacrorum
1378 3384 1752 3440 ministrorum
1817 3386 2019 3455 scripta

438 3484 619 3535 erant,
672 3476 900 3544 hymnos
938 3489 951 3524 :
990 3483 1274 3543 propterea
1317 3474 1627 3541 prosodion,
1675 3472 1885 3542 aliaque
1933 3487 2022 3526 su-

437 3580 533 3635 pra
565 3577 900 3631 enumerata,
938 3566 1139 3636 hymno
1181 3566 1435 3620 distincte
1473 3566 1662 3635 subjici
1705 3566 2017 3625 videantur,

440 3668 499 3711 ut
532 3660 739 3727 species
770 3658 977 3727 generi.
1006 3657 1186 3721 Quare
1234 3657 1425 3711 audire
1467 3658 1591 3711 licet
1631 3658 1721 3726 qui
1756 3658 2016 3721 scribant,

438 3749 670 3817 hymnos
694 3749 996 3816 prosodios,
1032 3750 1260 3818 hymnos
1286 3748 1587 3810 encomios,
1621 3749 1850 3818 hymnos
1876 3763 2018 3815 paea-

438 3855 559 3902 nos,
588 3850 643 3895 et
678 3841 744 3895 de
776 3842 986 3896 caeteris
1028 3844 1216 3895 eadem
1266 3840 1497 3897 ratione.
1548 3838 1846 3894 Prosodion
1880 3840 2021 3894 dice-

436 3931 616 3996 batur,
651 3948 773 3986 cum
815 3933 880 3987 ad
926 3948 1052 3988 aras
1108 3945 1200 3987 aut
1253 3933 1449 4002 templa
1478 3933 1825 3995 accederent,
1861 3942 1915 3986 et
1965 3933 2017 3985 in

436 4038 656 4078 accessu
674 4028 737 4079 ad
763 4026 945 4078 tibiam
964 4028 1283 4080 cauebatur.
1318 4025 1386 4078 At
1410 4025 1501 4094 qui
1542 4025 1756 4094 proprie
1784 4024 2018 4094 hymnus

434 4117 747 4179 vocabatur,
777 4118 844 4171 ab
876 4117 1175 4171 astantibus
1206 4117 1271 4170 ad
1311 4116 1573 4171 citharam
1606 4116 2014 4171 concinebatur.

505 4206 661 4261 Paean
703 4218 883 4261 autem
937 4210 1199 4263 carminis
1256 4224 1447 4277 genus,
1498 4224 1642 4263 nunc
1704 4208 1769 4262 ad
1824 4222 2017 4263 omnes

436 4300 565 4353 deus
616 4299 887 4366 refertur;
928 4302 1054 4355 olim
1080 4317 1209 4355 vero
1276 4303 1597 4355 attributum
1668 4300 1922 4369 Apollini,
1964 4308 2019 4354 et

436 4392 638 4457 Dianaa,
682 4402 738 4445 ut
782 4394 949 4461 pestis
1008 4395 1292 4463 morbique
1342 4392 1760 4463 depellerentur,
1808 4392 2014 4447 cantari

2123 3313 2299 3365 πάντα
2327 3308 2397 3361 τὰ
2428 3310 2509 3371 είς
2542 3309 2667 3371 τοὺς
2710 3307 2991 3378 ὑπηρέτας
3016 3306 3063 3338 ⁸⁸
3088 3306 3411 3376 γραφόμενα
3462 3305 3665 3374 ὕμνους
3689 3322 3703 3337 υ

2120 3402 2199 3456 διδ
2246 3404 2341 3455 καὶ
2377 3401 2438 3453 τὸ
2488 3398 2771 3471 προσόδιον
2817 3398 2913 3452 καὶ
2958 3398 3029 3451 τὰ
3055 3398 3191 3451 ἄλλα
3223 3399 3293 3450 τὰ
3333 3398 3706 3468 προειρημέά

2122 3496 2400 3563 φαίνονται
2442 3492 2573 3565 [5‘23
2623 3491 2717 3563 11.]
2767 3491 3293 3554 ἀντιδιαστέλλοντες
3326 3491 3405 3557 τῷ
3448 3490 3604 3560 ὕμνῳ
3635 3490 3704 3553 ὠς

2121 3586 2234 3654 εἴδη
2266 3582 2400 3654 πρὸς
2436 3584 2592 3650 γένος
2613 3599 2627 3615 ο
2661 3583 2757 3635 καὶ
2786 3582 2893 3653 γὰρ
2937 3581 3084 3635 ἐστίν
3111 3580 3291 3634 αὐτῶν
3320 3582 3547 3633 ἀκούειν
3577 3598 3704 3650 γρα-

2122 3677 2349 3743 φόντων·
2375 3675 2581 3743 ’Ὑμνος
2610 3673 2894 3743 προσοδίου
2912 3674 2977 3738 ⁸³,
2999 3673 3163 3743 ὕμνος
3190 3674 3476 3742 ὲγκωμίου
3494 3712 3509 3735 ,
3543 3671 3702 3741 ὕμνος

2121 3769 2366 3831 παιᾶνος,
2397 3768 2490 3820 καὶ⁵
2518 3768 2587 3819 τὰ
2606 3767 2784 3835 ὃμοια.
2819 3764 2947 3835 [985
2973 3764 3064 3835 R.]
3097 3765 3345 3830 Ἐλέγετο
3370 3764 3427 3817 δὲ
3454 3764 3515 3816 τὸ
3537 3780 3702 3833 προσ-

2120 3862 2277 3925 όδιον,
2312 3860 2531 3913 ἐπειδὰν
2572 3858 2826 3929 προσίασι
2870 3860 2982 3919 τοῖς
3014 3856 3215 3927 βωμοῖς
3255 3856 3287 3927 ἢ
3323 3857 3498 3921 ναοῖς,
3533 3858 3624 3909 καὶ
3646 3858 3701 3909 ἐν

2119 3955 2197 4024 τῷ
2226 3953 2506 4025 προσιέναι
2541 3952 2698 4023 ᾔδετο
2743 3951 2879 4022 πρὸς
2920 3949 3113 4002 αὐλόν*
3144 3951 3173 4001 6
3202 3948 3259 4001 δὲ
3290 3948 3500 4018 κυρίως
3542 3947 3698 4016 ὕμνος

2121 4048 2253 4119 πρὸς
2279 4046 2507 4118 κιθάραν
2536 4045 2693 4115 ᾔδετο
2727 4042 2977 4096 ἑστώτων
3003 4044 3040 4097 ⁸.

2208 4210 2264 4263 ὐ
2296 4210 2352 4263 δὲ
2384 4210 2549 4262 παιάν
2583 4208 2729 4261 ἐστιν
2753 4203 2889 4270 εἶδος
2916 4207 3057 4278 ᾠδῆς
3085 4209 3165 4271 είς
3199 4208 3410 4270 πάντας
3441 4208 3539 4261 νῦν
3567 4225 3699 4278 γρα-

2120 4304 2351 4371 (ρόμενος
2393 4302 2567 4367 θεοὺς,
2599 4301 2659 4354 τὸ
2708 4300 2765 4353 δὲ
2812 4299 3040 4354 παλαιὸν
3099 4299 3244 4364 ίδίως
3288 4300 3597 4371 ἁπενέμετο
3625 4300 3695 4369 τῷ

2133 4394 2425 4449 Ἀπόλλωνι
2456 4393 2549 4446 καὶ
2568 4395 2633 4463 τῇ
2669 4392 2967 4463 ’Δρτέμιδι,
2997 4391 3092 4445 ἐπὶ
3123 4391 3474 4444 καταπαύσει
3505 4390 3695 4460 λοιμῶν

434 4485 698 4538 solitum:
754 4486 899 4540 vocis
954 4496 1131 4539 tamen
1179 4485 1439 4539 abusione
1479 4484 1643 4538 etiam
1690 4486 1943 4555 prosodia
1984 4498 2015 4538 a

2131 4488 2216 4541 nati
2244 4488 2413 4539 νόσων
2435 4485 2714 4556 ᾁδόμενος.
2751 4483 3218 4554 Καταχρηστικῶς
3242 4482 3296 4537 δὲ
3324 4486 3421 4536 καὶ
3447 4482 3519 4537 τὰ
3541 4498 3695 4553 προσ-

432 4574 749 4643 quibusdam
778 4591 1023 4643 paiauum
1052 4577 1271 4630 nomine
1306 4575 1665 4645 appellantur.

506 4667 891 4736 Dithyrambns
929 4682 1055 4721 vero
1090 4670 1139 4720 in
1163 4666 1430 4721 Bacchum
1461 4667 1824 4737 conscriptus,
1852 4683 1879 4721 a
1902 4682 2011 4737 quo

412 4748 627 4813 nomen
658 4762 890 4828 accepit,
919 4761 1000 4813 vel
1026 4761 1168 4829 quod
1210 4760 1349 4830 apud
1403 4758 1582 4830 Nysan
1623 4761 1679 4814 in
1739 4770 1898 4816 antro
1930 4761 2011 4816 di-

433 4852 735 4920 thyrambo,
752 4853 851 4906 hoc
868 4862 970 4913 est,
988 4849 1169 4915 bifori,
1187 4851 1546 4914 siteducatus,
1566 4853 1645 4906 vel
1662 4854 1803 4921 quod
1830 4851 2013 4905 λυθέν-

430 4958 538 4994 των
578 4943 685 4994 τῶν
719 4943 1044 5014 ραμμάτων,
1097 4944 1197 4998 hoc
1239 4955 1344 5011 est,
1388 4945 1585 5013 apertis
1614 4945 1819 4999 suturis
1844 4942 2012 5006 .lovis,

431 5044 682 5103 repertus
712 5037 782 5089 sit
814 5054 827 5090 :
858 5035 939 5089 vel
969 5038 1111 5104 quod
1159 5036 1241 5091 bis
1272 5035 1485 5106 genitus
1519 5036 1785 5099 videatur,
1841 5036 2008 5089 semel

2118 4580 2235 4633 όδιά
2272 4595 2415 4642 τινες
2454 4579 2688 4641 παιᾶνας
2726 4575 2996 4644 λέγουσιν.

2203 4671 2259 4721 '0
2284 4670 2339 4722 δὲ
2365 4668 2700 4739 διθύραμϐος
2716 4668 2989 4737 γράφεται
3016 4668 3113 4737 μὲν
3136 4670 3217 4730 είς
3239 4667 3519 4731 Διόνυσον,
3542 4683 3697 4738 προσ-

2118 4764 2442 4834 αγορεύεται
2466 4763 2521 4816 δὲ
2545 4762 2605 4827 ἐξ
2634 4760 2799 4814 αὐτοῦ
2827 4762 2944 4831 ἤτοι
2969 4760 3056 4813 διὰ
3088 4760 3146 4811 τὸ
3176 4759 3319 4812 κατὰ
3350 4762 3451 4831 τὴν
3485 4758 3693 4813 Νύσσαν

2119 4857 2203 4907 ἐπ’
2238 4855 2419 4926 ἄντρῳ
2456 4854 2657 4925 διθύρῳ
2679 4855 2699 4884 ’
2736 4853 3007 4923 τραφῆναι
3033 4853 3123 4905 τὸν
3158 4853 3430 4916 Διόνυσον,
3470 4853 3502 4922 ἢ
3534 4852 3615 4904 διὰ
3640 4850 3694 4902 τὺ

2120 4945 2385 4999 λυθέντων
2411 4945 2521 4997 τῶν
2549 4944 2853 5014 ραμμάτων
2877 4944 2970 4996 τοῦ
3006 4943 3125 5005 Διὸς
3152 4944 3443 5014 εὑρεθῆναι
3473 4941 3692 5009 αὑτὸν,ἧ

2115 5037 2247 5090 διότι
2276 5037 2355 5098 δὶς
2386 5036 2533 5088 δοκεῖ
2565 5036 2838 5104 γενέσθαι,
2875 5036 3022 5101 ἅπαξ
3062 5036 3199 5106 μὲν⁸
3229 5039 3290 5089 ὲκ
3315 5038 3414 5107 τῆς
3440 5036 3690 5107 Σεμέλης,

1680 5169 1907 5225 νΑΙίΙιΕ
1965 5171 2259 5228 LECTION
2276 5172 2381 5227 ES.

500 5265 545 5339 f"
574 5267 695 5339 ἐπεὶ
811 5268 849 5319 Α
874 5286 901 5339 ιγ
923 5266 1200 5339 ὲπειδὴᾼς,
1260 5264 1324 5339 *⁸⁸
1361 5262 1634 5339 Ἱππῶναξ
1658 5264 1716 5339 δε
1744 5264 1862 5317 Ah:
1890 5265 1979 5339 66:
2016 5264 2287 5339 Ἱππῶναξ
2325 5285 2385 5331 ς.
2442 5268 2521 5339 ᾼ⁸⁸ᾲ
2542 5233 2707 5336 φασὶν
2739 5286 2799 5333 ς.
2898 5268 2942 5300 ⁸⁸
2976 5268 3280 5339 προσῴδιον
3315 5288 3378 5336 ς.

3486 5272 3532 5303 ⁸⁷
3562 5270 3694 5323 ἀδω-

432 5335 572 5410 ν-ίδια
721 5337 950 5410 ᾁδωνίδα
978 5354 1037 5410 ς,
1084 5336 1158 5410 ⁸⁸⁸
1180 5335 1414 5410 ἐπίνικοι
1507 5335 1813 5410 ὶξπινίκιοι
1844 5352 1904 5410 ς’,
1937 5334 2405 5410 Gaisforduspost
2437 5334 2740 5410 Sylburgim
2774 5334 3035 5410 ἐπινίκιαξ
3060 5334 3376 5410 ιθέθηόυὶῐι
3400 5342 3693 5403 ἐπινίκους.

428 5406 474 5436 ⁸⁸
512 5406 699 5459 σκόλια
725 5409 791 5473 Α,
816 5409 906 5476 qui
932 5418 1003 5476 et
1021 5406 1166 5476 infra
1190 5404 1485 5476 σκόλιον-(ρ

428 5475 475 5508 ⁸³
506 5476 603 5544 μὲν
642 5478 766 5532 add.
799 5475 867 5534 Α.

425 5558 672 5609 secutus,
706 5560 1032 5615 quamquam
1057 5550 1232 5615 aptius
1258 5546 1329 5599 sit
1363 5546 1581 5615 ὑπόμνη

426 5616 471 5647 ’⁸⁸
503 5616 804 5689 ὑπηρέτας]
838 5616 1022 5689 malim
1051 5616 1196 5689 ὕπερ
1224 5617 1392 5689 ἡμᾶς.
1424 5616 2075 5689 Sylburgiusﬁvapétoué.

422 5704 548 5748 νους
572 5685 904 5757 προσῳδίους
935 5686 1027 5738 καὶ
1049 5685 1253 5755 ὕμνους
1266 5685 1604 5756 ἐπικωμίους
1628 5685 1723 5740 καὶ
1742 5685 1945 5755 ὕμνους
1980 5705 2042 5753 ς.

426 5760 441 5786 θ
477 5742 571 5823 μέν
598 5742 853 5811 aanimi.

1491 5404 1606 5458 .52l
1643 5405 1776 5529 θέλ.
1853 5405 1899 5436 ⁹⁰
1927 5406 2106 5470 σίλους
2127 5405 2193 5461 Α.
2238 5408 2311 5488 _”
2336 5404 2591 5472 ἐπαίνους
2619 5404 2744 5463 ante
2770 5407 3073 5482 ἀνθρώπων
3103 5404 3253 5481 ponit
3282 5410 3342 5467 Β.
3421 5412 3694 5482 ⁹²¹φασις.

1568 5476 1672 5528 "ti
1754 5475 1973 5529 μνησίνῖ
2018 5477 2122 5529 ὑπὸ
2188 5478 2378 5529 μωιιόν
2433 5479 2540 5529 Alt.
2606 5478 2877 5529 61t6uov6v
2957 5480 3273 5529 Svlhuruius
3322 5480 3692 5529 Etvmnlonuiu

967 5475 1016 5508 “
1226 5476 1344 5558 ἀντὶ
1372 5473 1465 5558 '63..
1568 5477 1613 5508 ’⁵
1641 5473 1973 5558 ὕπόμνῃσίν]
2016 5477 2145 5558 ι’ζπὸ⁹
2184 5477 2378 5558 μῶμόν
2405 5479 2540 5558 -Ah,
2571 5473 2909 5558 .61t6tfov6v'.
2957 5473 3273 5558 Sylb‘t'trgius
3313 5473 3541 5558 ⁸Ειγῐιιόι

1589 5546 1707 5616 μόν.
1755 5543 1778 5618 ί
1799 5547 1845 5579 ⁸⁸
1875 5543 2059 5618 οίονεὶ]
2088 5543 2200 5601 οἷον
2239 5543 2305 5613 Α,
2336 5543 2533 5602 τοῦτον
2561 5550 2614 5603 Ιι.

2728 5498 2877 5581 ὲρνον
2958 5498 3273 5550 aytunrgtus
3322 5498 3692 5603 ntymomgum

2772 5621 2791 5624 __
2810 5551 3036 5621 μνήμην
3068 5551 3185 5624 Ah:
3225 5554 3452 5624 μνήμην
3482 5570 3566 5606 τιν
3597 5566 3686 5624 -9-

2156 5618 2200 5693 °_’
2233 5618 2400 5693 ὕμνος
2422 5620 2744 5693 προσοδίου,
2770 5618 2938 5693 ὕμνος
2962 5618 3260 5693 ἐγκωμίου·
3294 5618 3529 5693 ὕμνοςΔ
3554 5640 3568 5676 ε
3597 5618 3692 5693 ὕμο

2125 5691 2139 5719 ¹
2170 5689 2441 5761 ἑστώτων]
2481 5691 2723 5746 ἑστῶσαν
2748 5689 2853 5747 Ah.
2913 5694 2933 5723 ²
2954 5689 3180 5763 διθύριμ]
3209 5689 3685 5763 ἥδε-ι’διθυράμϐῳ.
