4050 6394
514 415 652 481 i203

1619 416 1847 476 PHOTI
1859 417 1884 475 Ι
1916 414 2428 478 PATRIARCHE
2456 420 2565 479 ΟΡ.

3656 370 3805 467 ιεοι

513 547 704 584 norem
736 544 920 584 eorum
952 530 1043 599 qui
1078 529 1364 583 victoriam
1398 536 1578 583 essent
1618 529 1818 597 adepti,
1852 528 2095 581 conscri-

2209 545 2282 580 διν
2304 528 2349 559 ’⁸
2388 532 2446 582 ὲν
2479 532 2590 591 τοῖς
2621 526 2829 596 ἀγῶσιν
2856 521 3149 594 ἐγράφετο,
3178 516 3253 572 Τὸ
3292 516 3349 570 δὲ
3381 514 3599 569 σκολιον
3636 515 3793 585 μέλος

515 620 765 674 hebatur.
831 619 1070 685 Scolion,
1140 635 1360 675 carmen
1409 621 1564 688 quasi
1606 619 1909 686 obliquum,
1956 618 2095 671 inter

515 713 707 780 pocula
775 713 1177 768 accinebatur:
1254 714 1396 767 unde
1478 712 1787 783 Παροίνιον,
1826 712 1931 764 hoc
1987 720 2093 775 est,

514 802 871 857 debacchatio
901 804 1195 869 vinolente,
1249 803 1539 872 aliquando
1571 812 1653 858 est
1718 802 2044 872 appellatum
2078 818 2090 855 :

516 896 802 951 remissum
834 913 963 954 vero
994 899 1407 969 compositione,
1446 909 1498 953 et
1558 899 1788 969 simplex
1838 899 2094 954 maxime.

517 983 728 1038 Dictum
757 1003 904 1053 vero,
976 990 1210 1055 σκολιόν,
1248 1004 1354 1045 non
1399 1000 1455 1042 ut
1507 989 1829 1057 quibusdam
1895 990 2099 1059 placuit

518 1090 616 1143 per
666 1077 1013 1149 ἀντίφρασιν,
1072 1090 1191 1150 qua!
1244 1090 1302 1135 ut
1352 1082 1644 1150 plurimum
1704 1081 1901 1136 bonum
1936 1098 2098 1136 omen

518 1169 853 1237 propositum
880 1171 1057 1236 habet,
1086 1186 1191 1224 non
1225 1181 1415 1225 contra
1452 1173 1649 1226 bonum
1693 1189 1849 1227 omen
1904 1174 1957 1227 in
2020 1174 2097 1227 si-

519 1259 753 1313 nistrum
788 1262 1042 1318 traducit.
1079 1262 1185 1317 Sed
1244 1266 1384 1333 quod
1419 1266 1945 1333 praeoccupatisjam
1977 1280 2100 1320 sen-

521 1365 678 1404 suum
711 1354 1111 1419 instrumentis,
1142 1363 1197 1407 et
1221 1355 1565 1410 auditoribus
1614 1358 1741 1411 vino
1797 1357 2103 1426 languenti-

522 1449 647 1508 bus,
705 1456 829 1498 tunc
920 1445 1165 1500 barbiton
1254 1447 1308 1501 in
1382 1449 1690 1502 convivium
1782 1450 2099 1515 inferretur,

522 1534 831 1604 singulique
859 1537 1276 1604 debacchantes,
1301 1555 1405 1594 non
1431 1540 1548 1594 sine
1580 1542 1815 1595 maximo
1837 1544 2099 1610 periculo,

521 1624 590 1676 ad
613 1638 832 1678 carmen
865 1625 994 1678 illud
1028 1626 1414 1695 proferendum
1448 1630 1891 1685 incurvarcntur.
1948 1631 2100 1699 Quod

520 1716 685 1786 igitur
708 1717 836 1786 ipsis
883 1720 1163 1774 accidebat
1234 1732 1453 1790 propter
1506 1723 1850 1790 ebrietatem,
1886 1725 1992 1779 hoc
2050 1727 2101 1779 in

520 1823 741 1864 carmen
758 1814 1289 1883 traducentes,quod
1320 1806 1786 1884 simplicissimum
1832 1828 2103 1882 eranum-

519 1898 653 1961 λιόν.
684 1901 739 1955 id
796 1914 899 1967 est,
938 1903 1246 1971 incurvum,
1296 1913 1690 1971 ettortuosum,
1743 1907 2100 1976 appellabant.

534 1995 828 2067 Ἐρωτικὰ,
876 2009 972 2051 seu
1004 1997 1290 2062 amatoria,
1340 1998 1647 2064 mulierum,
1705 2013 2019 2067 puerorum,
2052 2010 2105 2055 et

520 2087 795 2155 virginum
829 2102 990 2143 casus
1020 2091 1317 2144 amatorios
1360 2092 1677 2145 decantant.
1738 2090 2098 2161 Epithalamia

520 2192 651 2232 vero
675 2180 826 2231 novis
855 2180 1059 2247 nuptis,
1077 2180 1373 2235 thalamum
1397 2183 1510 2250 jam
1548 2183 1832 2252 ingressis,
1870 2183 2101 2253 juvenes

518 2268 679 2323 simul
704 2280 758 2323 et
782 2269 1020 2337 virgines
1051 2271 1206 2325 thoro
1242 2281 1481 2327 astantes
1529 2274 1864 2329 accinebant.
1908 2275 2106 2343 Hyme-

519 2373 695 2412 naeum
723 2368 905 2412 autem
938 2360 989 2413 in
1024 2361 1225 2428 nuptiis
1262 2361 1606 2415 decantatum
1644 2363 1845 2429 lerunt,
1886 2376 2107 2435 propter

518 2450 873 2516 desiderium,
910 2450 1493 2521 investigationemque
1550 2452 1849 2524 Hymenaei,
1885 2454 2106 2527 Terpsi-

516 2542 702 2599 chore:
732 2543 853 2609 lilii,
886 2558 1047 2612 quem
1079 2545 1238 2599 ducta
1276 2559 1447 2600 uxore
1484 2547 1773 2601 evanuisse
1791 2548 1968 2603 aiunt.
1996 2550 2101 2604 Alii

519 2648 649 2690 vero
680 2635 733 2690 in
768 2635 1031 2691 honorem
1085 2637 1252 2690 Attici
1316 2634 1619 2707 Hymenaei,
1649 2654 1807 2705 quem
1862 2640 2105 2697 latrones

520 2738 887 2797 persecutum,
925 2737 1108 2798 raptas
1140 2728 1381 2798 virgines
1414 2728 1624 2783 Atticas
1660 2730 1932 2787 liberasse
1958 2749 2107 2786 com-

521 2830 847 2875 memorant.
878 2821 992 2891 Ego
1045 2811 1183 2876 'vero
1235 2820 1409 2876 felicis
1480 2823 1606 2876 vitae
1656 2824 2104 2880 acclamationem

520 2929 642 2969 esse
671 2924 819 2983 pulo,
854 2913 1322 2981 praesentibusque
1377 2912 1537 2967 ﬁdam
1569 2916 1904 2971 matrimonii
1935 2919 2108 2972 socie-

522 3012 685 3059 tatem
721 3019 842 3057 cum
873 3013 1063 3059 mutuo
1098 3018 1283 3058 amore
1319 3007 1677 3072 comprecari.
1721 3006 1930 3061 Aﬂolica
1989 3010 2106 3064 dia-

524 3094 665 3148 lecto
703 3102 889 3149 votum
950 3095 1294 3160 innectendo,
1345 3098 1497 3163 quasi
1558 3098 1840 3166 ὐμοναίειν
1889 3110 1941 3154 et
1976 3103 2108 3171 ὁμο-

2200 622 2358 692 nam
2410 623 2562 692 παρά
2581 622 2628 653 ’³
2658 620 2783 681 τοὺς
2835 616 3062 677 πότους·
3098 612 3179 665 διδ
3211 609 3306 664 καὶ
3337 608 3625 679 παροίνιον
3664 606 3794 659 αὐτὸ

2199 715 2311 767 ἐσθ’
2339 716 2427 767 ὅτε
2459 712 2718 775 καλοῦσιν
2739 725 2752 740 ·
2788 705 3076 777 ἀνειμένον
3120 702 3177 755 δέ
3222 702 3339 754 ἐστι
3370 701 3437 770 τῇ
3472 698 3793 767 κατασκευῇ

2200 807 2295 861 καὶ
2346 806 2718 860 ἁπλούστατον
2773 799 3030 871 μάλιστα.
3065 793 3286 847 Σκολιδν
3323 791 3380 844 δὲ
3416 790 3671 861 εἴρηται,
3700 788 3795 858 οὐχ

2198 899 2272 961 ὡς
2308 898 2471 961 ἐνίοις
2499 894 2725 962 έδοξε⁸⁰,
2752 892 2895 946 κατά
2928 888 3255 959 ἀντίφρασιν
3284 884 3374 955 (τὰ
3398 884 3506 953 γὰρ
3532 881 3682 935 κατὰ
3708 882 3797 934 ἀν-

2199 993 2456 1062 τίφρασιν
2482 990 2556 1051 ὡς
2588 987 2794 1039 ἐπίπαν
2819 983 2913 1037 τοῦ
2943 976 3295 1051 εὐφημισμοῦ
3328 974 3678 1046 στοχάζεται,
3702 973 3797 1026 οὐκ

2200 1088 2280 1149 είς
2307 1082 2657 1152 κακοφημίαν
2701 1076 3027 1149 μεταϐάλλει
3050 1075 3091 1106 ³¹
3128 1073 3189 1126 τὸ
3218 1068 3511 1140 εὔφημον),
3545 1066 3687 1120 ἀλλὰ
3718 1066 3797 1119 διὰ

2200 1178 2262 1229 τὸ
2294 1171 2858 1247 προκατειλημμένων
2882 1167 2981 1239 ήδη
3006 1165 3114 1219 τῶν
3140 1161 3514 1232 αἰσθητηρίων
3540 1160 3640 1211 καὶ
3663 1174 3797 1225 παρ·

2201 1270 2432 1338 ειμένων
2458 1264 2585 1335 οίνῳ
2602 1264 2645 1295 ³’
2677 1263 2785 1315 τῶν
2807 1257 3095 1329 ἀκροατῶν
3120 1254 3423 1327 τηνικαῦτα
3444 1248 3797 1319 εἰσφέρεσθαι

2200 1361 2262 1413 τὸ
2290 1358 2544 1429 βάρὸιτον
2577 1357 2658 1419 είς
2687 1354 2755 1407 τὰ
2787 1350 3089 1422 συμπόσια,
3115 1348 3211 1402 καὶ⁸
3236 1343 3655 1407 διονυσιάζοντα
3675 1341 3800 1393 ἕκα-

2204 1428 2328 1505 στον
2358 1445 2723 1519 ἀκροσφαλῶς
2765 1428 3171 1512 συγκόπτεσθαι
3215 1440 3346 1508 περὶ
3378 1437 3481 1507 τὴν
3514 1431 3801 1503 προφορὰν

2201 1545 2299 1613 τῆς
2328 1541 2681 1614 ᾡδῆς.⁹’οπερ
2704 1535 2797 1592 οῦν
2825 1538 3063 1606 ἔπασχον
3107 1531 3263 1585 αὐτοὶ
3280 1532 3323 1562 ³³
3347 1531 3435 1583 διὰ
3465 1527 3569 1598 τὴν
3612 1524 3802 1596 μέθην,

2203 1635 2361 1689 τοῦτο
2406 1632 2707 1703 τρέψαντες
2758 1632 2839 1692 εἰς
2885 1629 2947 1681 τὸ
3004 1626 3167 1697 μέλος
3218 1621 3432 1677 σκολιὸν
3486 1617 3721 1672 ἐκάλουν
3748 1614 3803 1667 τὸ

2202 1725 2598 1782 ἁπλούστατον.
2631 1723 2711 1776 Τὰ
2741 1722 2798 1775 δὲ
2836 1718 3077 1792 ἐρωτικὰ
3100 1717 3260 1788 δῆλον
3290 1716 3372 1768 ὃτι
3400 1709 3691 1781 γυναικῶν
3714 1707 3804 1761 καὶ

2206 1819 2416 1873 παίδων
2466 1817 2561 1870 καὶ
2610 1814 2899 1886 παρθένων
2950 1809 3220 1883 ἐρωτικὰς
3264 1806 3381 1877 ᾅδει
3423 1801 3800 1873 περιστάσεις.

2206 1912 2316 1967 Καὶ
2336 1912 2407 1964 τά
2436 1909 2774 1978 ὲπιθαλάμια
2798 1906 2855 1959 δὲ
2888 1905 3002 1967 τοῖς
3028 1903 3151 1973 ἄρτι
3183 1894 3676 1978 θαλαμευομὲνοιςῗ
3694 1888 3804 1958 ἃμα

2204 2005 2255 2058 οἱ
2304 2003 2477 2075 ὴῖθεοι
2524 2001 2621 2055 καὶ
2672 1977 2728 2055 αἱ
2779 1996 3041 2066 παρθένοι
3090 1991 3185 2046 ἐπὶ
3230 1990 3338 2043 τῶν
3365 1977 3801 2075 θαλάμων

2218 2073 2509 2166 Ὑμέναιον
2536 2091 2593 2145 δὲ
2623 2093 2679 2145 ὲν
2708 2091 2907 2159 γάμοις
2939 2083 3162 2159 ᾄδεσθαί
3208 2099 3341 2151 φασι
3359 2080 3403 2113 ³⁸
3448 2076 3598 2131 κατά
3643 2073 3804 2126 πόθον

2207 2189 2301 2241 καὶ
2326 2188 2553 2256 ζήτησιν
2590 2181 2883 2253 ’Υμεναίου
2918 2179 3013 2232 τοῦ
3045 2175 3409 2247 Τερψιχόρας,
3444 2171 3502 2223 ὃν
3536 2184 3674 2237 φασι
3706 2167 3804 2233 γή-

2211 2295 2387 2349 μαντα
2418 2275 2601 2345 ἀφανῆ
2626 2272 2913 2342 γενέσθαι·
2949 2271 2999 2323 οί
3032 2268 3090 2321 δὲ
3120 2266 3262 2321 κατά
3306 2262 3473 2331 τιμὴν
3508 2258 3606 2312 τοῦ
3632 2258 3803 2309 ’Δττι-

2207 2371 2306 2424 κοῦ
2339 2368 2635 2440 ’Υμεναίου
2658 2380 2672 2395 ’
2725 2363 2916 2417 τοῦτον
2947 2363 3057 2432 γάρ
3085 2359 3220 2430 φησί
3251 2374 3383 2410 ποτε
3409 2353 3682 2417 διώξαντα
3711 2351 3806 2416 άφ-

2207 2462 2427 2516 ελέσθαι
2471 2461 2673 2532 κούρας
2704 2456 2957 2519 Ἀττικὰς
2976 2455 3209 2527 λῃστῶν.
3230 2448 3372 2518 Ἐγὼ
3398 2448 3456 2501 δὲ
3486 2442 3645 2517 οἶμαι
3694 2442 3803 2513 βίου

2206 2554 2330 2607 τινὰ
2346 2554 2390 2586 ⁸⁸
2436 2550 2700 2621 εὐτυχοῦς
2731 2544 3189 2617 προαναφώνησιν
3221 2542 3515 2611 ὑπάρχειν,
3557 2537 3655 2590 καλ⁵
3697 2552 3807 2587 συνο

2208 2647 2464 2719 εὐχεσθαι
2499 2646 2611 2708 τοῖς
2646 2640 2889 2696 συνιοῦσι
2907 2640 2952 2671 ³⁵
2986 2636 3121 2708 πρὸς
3144 2636 3324 2704 γάμου
3352 2629 3647 2685 κοινωνίαν
3675 2626 3805 2719 μετά

2215 2718 2619 2810 φιλοστοργίας,
2675 2734 2900 2803 Αίολικῇ
2935 2724 3447 2801 παραπλέκοντας³⁷
3480 2722 3586 2792 τὴν
3644 2718 3805 2788 εὐχὴν

2207 2831 2492 2895 διαλέκτῳ,
2521 2823 2633 2880 οἷον
2680 2826 2958 2894 ὑμεναίειν
3009 2821 3106 2873 καὶ
3154 2818 3403 2888 ὁμονοεῖν
3449 2813 3677 2875 τούτους
3717 2810 3807 2863 ἀεὶ

2207 2925 2375 2993 ὁμόσε
2400 2921 2649 2981 ναίοντας
2667 2918 2731 2971 ³⁸.
2750 2918 2808 2971 '0
2830 2916 2886 2969 δὲ
2917 2914 3093 2976 σίλλος
3110 2913 3152 2945 ³³
3182 2909 3448 2978 λοιδορίας
3475 2908 3572 2960 καὶ
3596 2905 3741 2958 διασυ
3764 2920 3809 2974 ρ.

2213 3017 2347 3087 μοὺς
2376 3010 2759 3082 πεφεισμένως
2775 3009 2818 3041 ⁸ο
2841 3008 2938 3061 ἀνθ
2950 3006 3148 3077 ρώπων
3176 3004 3309 3074 ἔχει.
3343 3000 3606 3070 Διαφέρει
3629 2998 3683 3051 δὲ
3709 2995 3806 3049 τοῦ

2211 3104 2520 3175 ὲπικηδείου
2551 3106 2578 3157 ὁ
2605 3102 2821 3172 θρῆνος,
2845 3102 2927 3153 ὅτι
2958 3099 3019 3151 τὸ
3051 3096 3149 3166 μὲν
3179 3092 3493 3163 ἐπικήδειον
3520 3088 3652 3158 παρ’
3674 3088 3808 3140 αὐτὸ

525 3190 689 3251 νοεῖν,
724 3187 774 3241 id
798 3195 904 3252 est,
952 3201 1057 3241 una
1110 3186 1363 3240 habitare
1421 3198 1474 3240 et
1520 3190 1706 3241 eadem
1763 3193 1968 3246 sentire
2015 3210 2103 3249 eos

2209 3198 2271 3250 τὸ
2304 3196 2487 3266 κῆδος,
2514 3195 2593 3247 ἔτι
2619 3193 2713 3246 τοῦ
2747 3191 2999 3261 σώματος
3031 3185 3397 3258 προκειμένου
3422 3182 3467 3213 ’⁵³
3502 3181 3745 3248 λέγεται,
3780 3178 3805 3230 ό

525 3278 873 3334 concorditer
893 3279 1139 3334 viventes
1179 3288 1450 3346 optarent.
1481 3279 1644 3333 Sillus
1669 3297 1829 3350 parce
1853 3288 2097 3342 convicia

2208 3290 2264 3343 δὲ
2302 3289 2500 3358 θρῆνος
2537 3287 2599 3341 οὐ
2639 3285 3044 3357 περιγράφεται
3083 3280 3282 3351 χρόνῳ.

525 3366 917 3437 irrisionesque
939 3367 1221 3422 hominum
1254 3369 1517 3422 continet.
1577 3368 1826 3426 'l‘hrenus
1876 3388 1931 3427 et
2000 3378 2303 3446 epicedium
2362 3380 2466 3433 hoc
2526 3376 2810 3441 dili‘erunt,
2868 3373 3010 3444 quod
3054 3371 3277 3440 jacente
3353 3368 3466 3440 jam
3520 3363 3802 3421 cadavere.

526 3461 631 3514 hoc
657 3475 754 3529 pro
779 3458 971 3515 lunere
1007 3460 1271 3515 recitetur
1304 3479 1319 3516 :
1348 3460 1440 3516 ille
1465 3477 1595 3517 vero
1629 3466 1773 3519 nullo
1792 3477 1944 3522 certo
1972 3478 2214 3541 tempore
2295 3470 2803 3526 circumscribatur.

601 3573 892 3629 Partlteuia
944 3590 1063 3645 qua)
1109 3574 1384 3642 dicuntur,
1439 3580 1709 3649 virginum
1747 3583 1928 3638 choris
1982 3586 2117 3639 atla-

2298 3588 2379 3642 Τά
2416 3588 2474 3641 δὲ
2505 3587 2773 3658 λεγόμενα
2799 3584 3066 3655 παρθένια
3091 3584 3137 3615 δ’
3165 3582 3347 3655 χοροῖς
3386 3577 3677 3649 παρθένιον
3723 3578 3804 3628 ὲνο

528 3668 842 3738 ptabantur,
898 3667 1000 3722 sub
1059 3684 1165 3738 qua
1212 3670 1377 3724 etiam
1424 3672 1889 3744 daphnephorica,
1959 3680 2103 3746 quasi

2222 3679 2517 3749 εγράφετο.
2555 3672 2650 3743 Οἷς
2700 3678 2793 3731 καὶ
2837 3676 2906 3730 τὰ
2956 3672 3337 3745 δαφνηφορικὰ
3399 3671 3477 3734 ὡς
3523 3672 3607 3731 είς
3655 3669 3804 3737 γένος
3860 3714 3863 3715 ν

531 3762 634 3817 sub
686 3778 858 3833 genus
924 3765 1146 3819 cadunt.
1210 3765 1417 3821 Lauros
1471 3767 1615 3819 enim
1686 3782 1830 3821 nono
1900 3782 2114 3838 quoque

531 3868 675 3907 anno
733 3854 798 3905 ad
854 3853 1118 3921 Apollinis
1183 3870 1340 3910 sacra
1415 3856 1711 3910 inferentes
1773 3860 2108 3928 sacerdotes,

532 3944 750 4014 hymnis
807 3959 930 3999 eum
990 3959 1085 4013 per
1135 3948 1409 4018 virgineos
1458 3948 1656 4002 choros
1711 3949 2109 4005 celebrabant:

529 4035 685 4104 cujus
737 4037 851 4091 hch
882 4052 1044 4092 causa
1084 4039 1347 4107 redditur,
1383 4038 1573 4096 IEoles
1595 4042 1792 4111 321b
1847 4053 2114 4114 quotquot

529 4129 733 4192 Arnen,
795 4143 970 4198 eaque
1018 4129 1229 4184 circum
1278 4131 1393 4186 loca
1464 4133 1811 4201 habitabant,
1868 4150 1931 4190 ex
1988 4152 2111 4189 ora-

528 4221 651 4276 culo
714 4221 840 4275 inde
898 4222 1139 4291 egressi,
1209 4224 1492 4279 obsidione
1555 4226 1839 4296 ciugentes
1895 4229 2111 4285 Thebas

528 4310 839 4376 vastabant,
880 4326 1017 4380 quas
1056 4323 1112 4367 et
1162 4311 1373 4382 Pelasgi
1437 4313 1759 4370 obsidebant
1801 4333 1816 4371 :
1866 4332 1986 4371 cum
2045 4320 2115 4373 si-

530 4402 640 4460 mul
674 4404 923 4474 utrisque
954 4403 1192 4473 Apollini
1229 4414 1403 4460 status
1428 4405 1541 4460 dies
1575 4405 1743 4461 festus
1769 4418 1936 4473 esset,
1966 4411 2113 4462 indu-

2221 3773 2447 3824 πίπτει·
2493 3771 2700 3840 δάφνας
2731 3772 2838 3842 γὰρ
2873 3772 2931 3823 ὲν
2954 3768 3186 3839 Βοιωτίᾳ
3222 3767 3291 3820 δι’
3337 3762 3721 3832 ἐνναετηρξδος
3753 3760 3796 3790 ⁵³

2219 3865 2300 3926 είς
2321 3864 2389 3917 τά
2415 3863 2510 3917 τοῦ
2544 3863 2873 3927 Ἀπόλλωνος
2894 3861 3208 3933 κομίζοντες
3227 3858 3325 3912 oi“
3349 3858 3515 3928 ἱερεῖς
3546 3854 3803 3924 ὲξύμνουν

2220 3955 2381 4009 αὑτὸν
2422 3956 2509 4010 διά
2542 3955 2705 4028 χοροῦ
2740 3954 3046 4026 παρθένων.
3082 3953 3192 4007 Καὶ
3234 3954 3268 4020 ἡ
3312 3949 3464 4005 αἰτία
3491 3966 3507 3981 ο
3543 3948 3655 3999 τῶν
3688 3946 3803 3998 Aio-

2220 4047 2357 4101 λέων
2376 4049 2423 4080 ’⁵⁵
2443 4050 2562 4102 ὅσοι
2584 4045 2866 4117 κατῴκουν
2893 4047 3101 4116 Ἀρνην
3132 4046 3223 4097 καὶ
3252 4043 3321 4097 τὰ
3351 4043 3525 4116 ταύτῃ
3548 4044 3594 4082 ⁸⁸
3611 4041 3801 4113 χωρία,

2219 4140 2363 4195 κατά
2394 4139 2642 4211 χρησμὸν
2688 4140 3021 4201 ἀναστάντες
3057 4137 3266 4190 ἐκεῖθεν
3314 4138 3408 4190 καὶ
3442 4134 3803 4207 προσκαθεζό-

2223 4251 2374 4305 μενοι
2394 4232 2576 4302 Θήὸας
2600 4232 2864 4302 ἐπόρθουν
2890 4232 3366 4303 προκατεχομένας
3388 4231 3435 4269 δ’
3461 4231 3572 4284 ὑπὸ
3599 4231 3802 4283 Πελασ-

2219 4323 2352 4391 γῶν.
2408 4323 2611 4394 Κοινῆς
2635 4322 2679 4354 ⁸⁸
2704 4324 2909 4393 ἀμφοῖν
2941 4323 3134 4392 ἑορτῆς
3178 4320 3515 4383 Ἀπόλλωνος
3542 4319 3802 4386 ἐνστάσης

2220 4417 2419 4485 ἀνοχάς
2464 4416 2667 4479 ἔθεντο,
2727 4417 2821 4468 καὶ
2856 4415 3061 4483 δάφνας
3093 4413 3138 4444 δ’
3169 4412 3453 4481 τεμόντες,
3509 4414 3559 4464 οί
3606 4411 3702 4481 μὲν
3746 4409 3804 4473 ἐξ

530 4496 643 4550 nias
677 4495 821 4563 pacti
845 4506 994 4560 sunt,
1031 4505 1087 4551 et
1124 4496 1289 4551 lauris
1314 4500 1634 4566 amputatis,
1663 4500 1732 4554 ab
1779 4500 1865 4554 his
1893 4501 2103 4570 quidem

2226 4506 2520 4569 Ἑλικῶνος
2549 4508 2599 4558 οἱ
2624 4507 2680 4559 δὲ
2712 4508 2876 4576 ἐγγὺς
2910 4506 3003 4558 τοῦ
3034 4505 3278 4568 Μέλανος
3304 4504 3583 4573 ποταμοῦ,
3619 4504 3801 4572 Exopt-

528 4591 583 4644 in
624 4588 900 4653 llelicone,
935 4590 1134 4645 abillis
1186 4606 1316 4646 vero
1369 4591 1520 4653 iuxta
1574 4593 2110 4664 Melanemlluvium,

530 4681 761 4750 Apollini
787 4681 1108 4737 intulerunt.
1139 4682 1446 4738 Polematas
1477 4701 1605 4739 vero
1635 4688 1951 4742 Bmotorum
1981 4689 2110 4755 dux,

420 4832 435 4841 ν
524 4770 780 4838 juvenem
810 4773 1102 4843 quemdam
1123 4774 1418 4829 secundum
1438 4776 1675 4845 quietem
1700 4780 1853 4843 vidit,
1884 4781 2108 4835 solidam

526 4873 861 4919 armaturam
914 4866 1017 4934 ipsi
1070 4865 1410 4932 olferentem,
1445 4880 1680 4939 votaque
1756 4872 1872 4927 ﬁeri
1921 4876 2109 4942 pra-ci-

527 4955 764 5026 pieutem
801 4958 854 5012 in
881 4958 1148 5027 Apollinis
1175 4960 1437 5017 honorem
1483 4978 1626 5016 nouo
1692 4979 1908 5032 quoque
1964 4982 2108 5022 anno

527 5048 851 5105 alaureatis.
884 5050 1075 5106 Tertio
1116 5062 1237 5122 post
1276 5055 1363 5108 die
1390 5067 1641 5109 conserta
1688 5058 2102 5122 mamt,hostem

528 5143 676 5211 vicit,
716 5145 941 5216 ipseque
964 5146 1099 5201 lauri
1151 5148 1453 5213 gestatione
1502 5156 1685 5202 votum
1728 5150 1934 5204 solvit:
1973 5152 2096 5205 hinc

2222 4598 2313 4662 ζον
2361 4598 2439 4670 τῷ
2474 4598 2790 4651 Ἀπόλλωνι.
2851 4597 3173 4666 Πολεμάτας
3220 4596 3277 4648 δὲ
3333 4595 3363 4647 ὁ
3406 4597 3518 4648 τῶν
3560 4592 3802 4647 Βοιωτῶν

2221 4692 2606 4761 ἀφηγούμενος
2654 4688 2833 4756 ἔδοξεν
2874 4689 3007 4759 δναρ
3055 4689 3274 4742 νεανίαν
3332 4687 3457 4740 τινά
3504 4684 3802 4739 πανοπλίαν

2220 4782 2370 4852 αὐτῷ
2418 4781 2618 4836 διδόναι
2676 4782 2771 4834 καὶ
2822 4781 2987 4849 εὐχὰς
3037 4778 3309 4831 ποιεῖσθαι
3368 4777 3451 4848 τῷ
3512 4778 3799 4831 Ἀπόλλωνι

2217 4872 2699 4943 δαφνηφοροῦντας
2739 4872 2831 4926 διὰ
2877 4872 3006 4943 [525
3037 4871 3131 4938 IL]
3160 4871 3541 4940 ὲνναετηρίδος
3568 4872 3614 4901 ⁵⁸
3640 4886 3800 4939 προσ-

2217 4971 2432 5019 τάττειν
2484 4966 2552 5020 ⁸¹.
2611 4965 2769 5020 Μετά
2849 4966 2905 5019 δὲ
2962 4965 3155 5035 τρίτην
3206 4962 3419 5033 ἡμέραν
3482 4963 3798 5031 ἐπιθέμενος

2216 5062 2410 5128 κρατεῖ
2431 5058 2542 5111 τῶν
2592 5058 2870 5128 πολεμίων
2892 5076 2905 5089 ·
2965 5061 3060 5111 καὶ
3101 5058 3263 5120 αὐτός
3292 5075 3352 5110 τε
3394 5058 3494 5127 τὴν
3524 5058 3797 5125 δαφνηφο-

2212 5151 2331 5220 ρέαν
2378 5150 2577 5210 ὲτέλει.’
2605 5150 2701 5202 καὶ
2736 5150 2795 5202 τὸ
2832 5149 2952 5214 ἔθος
3010 5151 3220 5203 ἐκεῖθεν
3261 5150 3624 5217 διατηρεῖται.
3654 5148 3711 5199 Ἠ
3744 5146 3798 5197 δὲ

1790 5312 2024 5369 νΑΒΙιιΕ
2082 5313 2482 5372 LECTIONES.

595 5436 641 5468 ³⁸
671 5434 1035 5508 προτεροῦσιν
1064 5434 1179 5508 Ah:
1208 5435 1586 5508 Anptpretiouotv
1618 5453 1711 5508 ςη
1750 5437 1794 5468 ²⁹
1823 5438 1975 5508 παρὰ
1995 5438 2108 5492 Ah:
2141 5441 2268 5508 περὶ
2302 5457 2361 5503 ς’.

525 5503 948 5606 ρίειταλοὶμζϐόινξιι
968 5520 1028 5566 ς.
1107 5505 1151 5535 ³⁸
1173 5503 1323 5586 οἴνῳ]
1354 5506 1552 5606 ἤδηέὶ.

552 5576 573 5606 ⁸
617 5575 859 5648 συνιοῦσι
887 5575 967 5648 Ait
1000 5592 1025 5648 :_
1048 5576 1265 5648 συνοῦσι
1300 5575 1385 5640 ς.’
1463 5578 1506 5609 ³⁷
1536 5578 1970 5648 Απαραπλέκοντα
2000 5597 2061 5642 ς.

527 5644 741 5716 σμένως
768 5655 892 5716 aute
924 5644 1191 5716 λοιδορίας
1214 5648 1365 5716 ponit
1393 5664 1454 5711 ς’.

527 5664 741 5711 σμενως
768 5664 892 5698 ante
926 5664 1064 5698 Αοιοο

526 5714 676 5787 ρίδος
698 5714 763 5787 A,
784 5664 1100 5787 évveatmpig

524 5781 621 5847 νας
651 5781 733 5835 Alt
760 5800 772 5834 :
802 5781 1321 5855 rupoaxéﬁeCopévag
1353 5805 1412 5850 ς.

529 5855 573 5890 ⁵¹
605 5854 961 5927 προστάττειν
987 5866 1103 5929 post
1129 5854 1396 5913 ποιεῖσθαι
1421 5859 1570 5930 ponit
1592 5878 1652 5927 ς.

1671 5506 1717 5539 ³³
1743 5506 1916 5579 αὐτοι
1954 5519 2077 5575 post
2139 5506 2309 5579 μέθην
2364 5510 2602 5579 ponitA.

2161 5580 2207 5610 ⁸⁸
2234 5576 2483 5643 ναίοντας
2530 5578 2611 5632 Ah
2656 5597 2667 5632 :
2702 5576 2960 5648 μένοντας

1532 5646 1573 5679 ³⁵³
1602 5646 1969 5719 προκειμένου
1990 5649 2073 5703 Ah
2094 5666 2106 5702 :
2127 5650 2379 5718 κειμένου
2408 5668 2468 5714 ς.

1098 5734 1154 5789 ος
1317 5717 1363 5748 “
1390 5718 1438 5769 oi
1465 5731 1573 5789 om.
1608 5716 1672 5772 AV.
1751 5720 1794 5751 ’⁵⁵
1825 5720 2065 5774 Αἰολέων
2084 5720 2163 5773 Ah
2193 5716 2393 5789 ιέῴων
2420 5739 2480 5785 ς.
2559 5716 2744 5773 “satis

2444 5439 2490 5471 ³⁸
2525 5436 2672 5501 ἔδοξε
2706 5437 2785 5509 Ah
2822 5454 2834 5490 :
2868 5438 3032 5509 ἤρεσε
3078 5454 3137 5502 ς.
3164 5506 3202 5509 Α
3241 5435 3284 5466 ³³
3322 5432 3795 5509 μεταϐάλλει-Διιε

2726 5450 2785 5491 tn
2822 5454 2834 5490 :
2868 5450 3032 5509 ηρεσε
3078 5454 3137 5502 ς.
3241 5450 3284 5466 ⁸³
3320 5450 3647 5557 gemmam.
3673 5450 3791 5484 Ml:

2726 5508 2769 5577 ³ξ
2799 5526 2933 5577 φησι
2985 5511 3050 5563 A.
3158 5506 3204 5538 ⁸⁸
3232 5522 3316 5558 τιν
3392 5504 3477 5577 Ah
3516 5504 3699 5577 isti/5;
3729 5519 3791 5566 ς.

2872 5593 2960 5639 τας
3040 5617 3054 5632 .
3131 5578 3175 5611 ³³
3209 5576 3354 5639 σῖλος
3392 5575 3459 5628 A.
3537 5575 3583 5605 ⁸⁵⁸
3608 5590 3799 5641 πεφει-

2872 5649 2929 5699 ῖα
2973 5597 3325 5701 [ῗοὶεΐοι-ἀυε,
3441 5645 3489 5677 ⁸³
3518 5646 3799 5701 ὲννεαετη-

2565 5646 2929 5720 δ¹παρθενεῖα
2973 5646 3325 5701 Gaisl‘or-dus.
3441 5646 3489 5677 ”
3518 5646 3800 5711 ὲννεαετη-

2565 5719 2784 5787 “suum
2808 5718 2890 5772 Ah
2914 5735 2927 5771 :
2962 5717 3164 5787 ταύτης
3192 5734 3251 5781 ς.
3311 5717 3357 5749 δ’
3383 5713 3797 5787 προκατεχομέ-

1516 5737 1573 5771 n.
1608 5737 1672 5772 Α.
1751 5737 1794 5751 ὐ
1825 5737 2163 5774 Αιολεωνιιιι
2193 5738 2206 5774 :
2244 5737 2393 5789 εῳων
2420 5739 2480 5785 ς.
2559 5737 2744 5773 ’σταυτ
2808 5737 2927 5772 an:
2962 5737 3164 5787 ταυτης
3192 5737 3251 5781 ς.
3311 5737 3351 5749 ν·
3383 5737 3797 5786 προκατεχομ-

1516 5786 1562 5862 ⁸Α⁸
1595 5788 1787 5855 κοινῶς
1824 5809 1883 5856 ς.
1959 5793 2001 5825 ⁸⁸
2033 5791 2237 5861 δάφνας
2269 5794 2313 5845 A
2341 5810 2353 5843 :
2381 5792 2594 5856 δαείνας
2639 5808 2699 5856 ς’,
2727 5737 3017 5862 ττέμνοντες
3047 5788 3151 5845 Ah.
3213 5788 3258 5822 ⁵⁸
3288 5787 3684 5861 ὲννεαετηρίδος
3726 5785 3797 5839 Α.
