4050 6464
293 390 430 456 1205

1314 388 1842 449 BIBLIOTHECA.
1875 409 1950 425 --
1987 387 2152 450 COD.
2181 390 2540 455 CCXXXIX.

3417 403 3554 468 1206

284 509 630 581 δαφνηφορία
654 525 668 540 ·
724 507 882 574 ξύλον
950 506 1133 570 ἐλαίας
1188 505 1590 574 καταστέφουσι
1637 506 1852 574 δάφναις

1970 518 2085 559 mos
2122 504 2211 559 ille
2270 506 2519 575 religiose
2572 508 2910 566 observatus.
2960 511 3085 569 llaec
3136 513 3550 586 Daphnephoria

283 603 381 656 καὶ
437 602 707 665 ποικίλοις
744 600 953 666 ἄνθεσι,
1024 599 1120 652 καὶ
1176 600 1263 651 ἐπ’
1302 599 1473 668 ἄκρου
1534 600 1632 670 μὲν
1688 599 1867 669 χαλκῆ

280 694 665 766 ἐφαρμόζεται
729 695 957 763 σφαῖρα,
1019 692 1085 745 ἐκ
1154 691 1212 744 δὲ
1265 690 1467 761 ταύτης
1540 692 1867 762 μικροτέρας

285 785 596 856 ἐξαρτῶσι·
640 784 770 857 [989
824 783 919 856 3.]
969 782 1113 838 κατὰ
1161 783 1217 836 δὲ
1259 784 1321 835 τὸ
1354 784 1518 852 μέσον
1556 783 1653 836 τοῦ
1703 782 1864 849 ξύλου

285 876 609 947 περιθέντες
642 875 908 930 ἐλάσσονα
932 873 1033 945 τῆς
1060 873 1146 927 ἐπ’
1174 874 1328 946 ἄκρῳ
1353 873 1399 906 ⁸³
1451 874 1687 944 σφαίρας
1729 874 1866 928 καθ-

282 969 520 1022 ἀπτουσι
566 968 827 1037 πορφυρᾶ
885 966 1207 1037 στέμματα*
1253 964 1323 1018 τὰ
1359 964 1417 1018 δὲ
1461 965 1745 1018 τελευταῖα
1770 964 1864 1019 τοῦ

282 1056 447 1123 ξύλου
498 1057 910 1128 περιστέλλουσι
955 1055 1240 1128 κροκωτῷ.
1273 1054 1536 1109 Βούλεται
1582 1055 1627 1108 δ’
1678 1057 1866 1120 αὐτοῖς

281 1151 319 1221 ή
355 1150 457 1221 μὲν
492 1151 756 1205 ἀνωτάτω
780 1151 982 1219 σφαῖρα
1014 1148 1105 1202 τὸν
1129 1148 1304 1221 ἥλιον,
1336 1142 1380 1218 ᾧ
1408 1149 1503 1204 καὶ
1531 1150 1623 1203 τὸν
1664 1150 1861 1204 Ἀπόλ-

280 1241 432 1295 λωνα
464 1241 851 1312 ἀναφέρουσιν,
887 1242 921 1311 ή
949 1240 1003 1293 δὲ
1025 1239 1358 1311 ὑποκειμένη
1395 1241 1494 1311 τήν
1518 1241 1770 1311 σελήνην,
1795 1240 1865 1294 τά

279 1332 340 1387 δὲ
361 1333 792 1405 προσηρτημένα
806 1332 915 1386 τῶν
929 1333 1197 1403 σφαιρίων
1217 1333 1394 1404 ἀστρα
1416 1351 1476 1387 τε
1499 1333 1591 1387 καὶ
1603 1334 1858 1404 ἀστέρας,

279 1426 354 1480 τά
379 1427 437 1481 δέ
467 1443 531 1495 γε
564 1427 855 1496 στέμματα
894 1425 988 1479 τὸν
1024 1424 1294 1479 ἐνιαύσιον
1341 1425 1540 1496 δρόμον
1564 1443 1580 1459 ·
1627 1427 1722 1481 καὶ
1751 1426 1861 1497 γὰρ

280 1518 378 1570 καὶ
411 1516 519 1582 τξε¹
548 1515 795 1570 ποιοῦσιν
830 1514 990 1570 αύτά.
1034 1516 1227 1587 Ἀρχει
1259 1515 1315 1569 δὲ
1346 1517 1443 1585 τῆς
1487 1516 1859 1589 δαφνηφορΞας

282 1609 419 1669 παῖς
456 1604 794 1675 ἀμφιθαλὴς,
820 1605 916 1658 καὶ
940 1606 968 1658 ὀ
1002 1603 1238 1676 μάλιστα
1259 1603 1409 1675 αὐτῷ
1429 1606 1627 1669 οἰκεῖος
1652 1604 1858 1675 βαστά-

280 1698 368 1761 ζει
403 1698 464 1750 τὸ
502 1697 939 1768 κατεστεμμένον
992 1696 1166 1763 ξύλον,
1198 1698 1226 1751 ὃ
1278 1698 1450 1753 κωπὼ
1477 1699 1527 1731 ⁸³
1557 1700 1812 1756 καλοῦσιν
1840 1720 1853 1735 ·

278 1788 446 1852 αὐτὸς
464 1789 523 1843 δὲ
546 1789 928 1859 όδαφνηφόρος
954 1789 1220 1859 ἑπόμενος
1241 1790 1343 1860 τῆς
1386 1791 1592 1863 δάφνης
1621 1794 1857 1861 ἐφάπτε-

277 1895 392 1944 ται,
421 1878 521 1941 τὰς
548 1879 649 1949 μὲν
680 1880 855 1950 κόμας
876 1879 1199 1950 καθειμένος
1226 1881 1293 1947 ⁸⁸,
1308 1881 1544 1952 χρυσοῦν
1568 1882 1626 1936 δέ
1659 1885 1861 1953 στέφα-

276 1988 371 2024 νον
398 1973 600 2043 φέρων,
644 1973 740 2025 καὶ
778 1972 1042 2042 λαμπράν
1070 1971 1275 2043 ἐσθῆτα
1306 1974 1520 2045 ποδήρη
1540 1976 1859 2047 ἐστολισμέ-

273 2077 389 2126 νος,
420 2061 763 2132 ἰφικρατίδας
788 2062 834 2094 ⁵⁵
863 2079 921 2114 τε
950 2062 1341 2133 ὑποδεδεμένος
1360 2080 1376 2093 ⁸
1420 2060 1466 2133 ᾧ
1506 2067 1665 2137 χορὸς
1712 2085 1858 2140 παρ-

174 2182 189 2190 ο
277 2152 456 2205 θένων
492 2152 872 2217 ἐπακολουθεῖ,
909 2154 1210 2222 προτείνων
1242 2155 1457 2220 κλῶνας
1495 2158 1633 2230 πρὸς
1674 2159 1858 2231 ἱκετη-

272 2242 403 2315 ρίαν
430 2242 540 2295 τῶν
567 2244 613 2277 ⁸⁸
652 2242 857 2315 ὕμνων.
889 2244 1261 2317 Παρέπεμπον
1279 2245 1335 2300 δὲ
1353 2247 1451 2319 τήν
1487 2247 1858 2322 δαφνηφορίαν

272 2336 359 2400 είς
397 2336 735 2400 Ἀπόλλωνος
764 2336 1033 2409 Ἰσμηνίου
1050 2339 1095 2371 ⁸⁷
1124 2338 1221 2393 καὶ
1241 2339 1494 2410 χαλαζίου
1506 2342 1574 2393 ⁸⁸.

345 2517 424 2568 Τὸ
450 2516 510 2569 δέ
539 2516 995 2588 τριποδηφορικὺν
1023 2518 1071 2550 ⁸⁸
1107 2518 1270 2588 μέλος
1299 2520 1554 2591 τρίποδος
1586 2542 1858 2595 προηγου-

274 2606 444 2677 μένου
474 2607 627 2679 παρά
653 2611 767 2672 τοῖς
793 2609 1050 2675 Βοιωτοῖς
1089 2610 1266 2681 ᾔδετο.
1302 2613 1469 2684 Ἔσχε
1498 2614 1555 2668 δέ
1578 2618 1673 2669 καὶ
1698 2618 1857 2672 τοῦτο

270 2700 456 2755 αἰτίαν
484 2700 741 2769 τοιαύτην
772 2716 787 2731 ·
830 2702 1125 2770 Πελασγῶν
1168 2720 1311 2767 τινες
1358 2706 1637 2762 Πάνακτον
1670 2710 1715 2742 ⁸ο
1758 2712 1856 2782 τῆς

272 2793 539 2857 Βοιωτίας
566 2792 852 2863 ἐπόρθουν,
869 2793 1094 2864 Θηϐαῖοι
1124 2794 1179 2847 δέ
1193 2797 1402 2866 ήμυνον
1430 2798 1527 2851 καὶ
1542 2800 1856 2870 πέμψαντες

269 2886 355 2949 είς
386 2885 648 2954 Δωδώνην
686 2886 815 2953 περὶ
844 2886 943 2955 τῆς
977 2885 1071 2938 τοῦ
1116 2886 1354 2957 πολέμου
1389 2889 1547 2960 νίκης
1594 2892 1851 2962 ἐχρῶντο.

266 2977 542 3048 Χρησμὸς
569 2976 624 3029 δὲ
651 2978 762 3040 τοῖς
794 2975 1053 3043 Θηϐαίοις
1097 2974 1355 3042 ἐξέπεσεν
1384 2980 1480 3046 ὡς,
1510 2984 1557 3034 εί
1598 2984 1854 3052 μέγιστον

268 3068 533 3139 ἀσέϐημα
556 3067 904 3136 ἀσεϐήσουσι,
936 3068 1268 3137 νικήσουσιν.
1303 3069 1523 3135 Ἔδοξεν
1551 3069 1644 3127 οὖν
1672 3075 1854 3141 αὐτοῖς

1969 599 2306 667 oleagineum
2354 599 2556 668 lignum
2602 600 2771 656 lauris
2815 615 3095 673 coronant,
3148 611 3418 680 variisque
3456 614 3554 667 ilo-

1970 691 2120 745 ribus
2167 701 2457 756 exornant,
2488 691 2641 760 cujus
2678 693 2728 747 in
2773 694 2925 763 apice
2987 712 3135 752 amca
3186 701 3394 767 sphaera
3447 704 3553 759 im-

1968 782 2141 850 posita
2172 796 2188 847 ;
2215 796 2280 837 ex
2306 782 2407 837 hac
2431 783 2666 838 minores
2687 784 3021 854 dependent:
3050 788 3229 843 medio
3252 807 3381 846 vero
3409 793 3554 865 ligno

1968 887 2251 941 purpureae
2278 887 2499 927 coronae
2562 874 2909 942 adaptantur,
2956 879 3194 934 minores
3223 898 3384 949 quam
3424 900 3546 953 quae

1966 979 2180 1019 summo
2213 963 2432 1034 fastigio
2464 965 2752 1034 impositae.
2790 965 2957 1021 lmam
2995 984 3126 1023 vero
3166 970 3293 1041 ligni
3335 985 3544 1042 partem

1967 1055 2415 1111 circumvestiunt
2466 1057 2766 1111 crocotula.
2839 1058 3123 1128 Signiﬁcat
3176 1072 3355 1115 autem
3423 1064 3554 1131 ipsis

1965 1163 2215 1216 suprema
2274 1148 2490 1216 quidem
2532 1149 2765 1219 sphaera,
2817 1151 3026 1215 solem,
3079 1167 3187 1221 quo
3244 1151 3548 1221 Apollinem

1968 1238 2251 1307 designant
2284 1255 2299 1293 :
2332 1239 2459 1294 huic
2509 1256 2638 1294 vero
2697 1240 2965 1309 subjecta,
3021 1241 3208 1296 lunam
3260 1243 3549 1313 significat.

1964 1328 2177 1385 Globnli
2207 1344 2336 1385 vero
2369 1332 2617 1401 appensi,
2653 1332 2824 1386 stellae
2852 1344 2907 1386 et
2954 1343 3099 1388 astra
3128 1344 3256 1389 sunt
3285 1352 3302 1401 ;
3332 1351 3549 1392 coronae

1962 1436 2200 1475 annuum
2262 1436 2479 1476 cursum
2539 1423 2893 1492 significant:
2952 1433 3224 1480 trecentas
3286 1426 3434 1481 enim
3494 1438 3550 1482 et

1960 1513 2243 1584 sexaginta
2304 1514 2542 1584 quinque
2605 1515 2923 1569 coniiciunt.
2968 1514 3169 1570 Prtcest
3220 1526 3400 1572 autem
3448 1518 3547 1573 da-

1960 1604 2313 1674 plmephoriis
2354 1620 2488 1674 puer
2517 1605 2814 1673 patrimus,
2856 1614 2910 1659 et
2954 1606 3260 1671 matrimus,
3292 1607 3376 1661 cui
3435 1622 3549 1661 ma-

1958 1699 2104 1753 xime
2149 1699 2495 1767 conjunctus,
2552 1705 2730 1766 gestat
2764 1705 3088 1751 coronatum
3139 1696 3367 1768 lignum,
3397 1698 3543 1769 quod

1962 1785 2135 1841 κωπὼ
2173 1786 2274 1856 ipsi
2339 1793 2555 1839 vocant.
2604 1783 3030 1853 Daphnephorus
3092 1798 3221 1839 vero
3276 1783 3545 1853 sequitur,

1971 1890 2199 1950 tangens
2236 1877 2448 1931 laurum
2476 1896 2489 1931 :
2522 1875 2693 1931 comis
2716 1876 2934 1945 quidem
2967 1876 3217 1930 demissis
3265 1885 3320 1931 et
3361 1874 3547 1942 ﬂuxis,

1966 1985 2239 2041 aureaque
2298 1984 2496 2024 corona
2568 1968 2876 2032 redimitus,
2926 1967 3315 2038 splendidaque
3368 1978 3543 2036 veste,

1966 2074 2021 2120 et
2040 2062 2195 2117 talari
2227 2062 2472 2127 indutus,
2503 2059 2835 2127 calceisque,
2862 2058 3081 2128 quosab
3103 2058 3369 2128 lphricate
3413 2060 3545 2129 Ἰφιο

1966 2154 2225 2225 κρατίδας
2265 2152 2662 2208 Graecivocant
2706 2152 2751 2204 '.
2808 2148 2964 2204 Hunc
3020 2150 3289 2220 virginum
3338 2151 3542 2206 chorus

1965 2246 2280 2307 comitatur,
2317 2258 2497 2298 ramos
2538 2242 2602 2296 ad
2649 2241 3128 2311 supplicationem,
3160 2257 3279 2310 qua:
3321 2243 3541 2313 hymnis

1965 2335 2366 2399 celebrabatur,
2428 2331 2787 2401 pratendens.
2836 2327 3120 2384 Mitlebant
3169 2339 3347 2384 autem
3402 2330 3539 2386 lauri

1963 2428 2321 2499 gestationem
2353 2425 2419 2479 ad
2437 2423 2701 2492 Apollinis
2731 2422 2948 2478 lsmenii
3007 2432 3062 2477 et
3095 2422 3306 2478 Galaxii
3330 2423 3538 2482 fanum.

2034 2518 2493 2594 Τριποδιφορικδν
2526 2532 2777 2582 carmen,
2813 2517 3021 2586 tripode
3053 2517 3277 2587 prazlato
3313 2534 3339 2570 a
3375 2517 3538 2571 Boeo—

1964 2615 2033 2670 tis
2063 2612 2382 2677 canebatur,
2425 2610 2846 2677 institutumque
2876 2608 2976 2662 hac
3010 2609 3077 2662 de
3107 2624 3292 2663 causa.
3325 2609 3537 2678 Pelasgi

1962 2706 2181 2777 quidam
2224 2703 2543 2765 Panactum,
2579 2699 2799 2753 Boeotiae
2828 2700 3015 2752 urbem
3057 2698 3364 2765 vaStabant,
3392 2698 3535 2752 Thc-

1963 2798 2088 2854 bani
2120 2810 2248 2850 vero
2285 2793 2661 2857 defensabant,
2711 2790 3005 2858 missisque
3051 2790 3102 2843 in
3146 2790 3423 2843 Dodonam
3456 2792 3537 2845 le-

1961 2890 2121 2960 gatis,
2156 2889 2222 2943 de
2252 2885 2378 2943 belli
2416 2884 2640 2939 victoria
2672 2881 3057 2938 consulebant.
3093 2881 3385 2937 Oraculum
3410 2899 3538 2937 vero

1963 2981 2240 3037 Thebanis
2275 2991 2598 3047 responsum
2628 2975 2798 3039 dedit,
2825 2974 2867 3029 si
2901 2972 3101 3043 322a
3154 2973 3535 3042 impiissimum

1961 3074 2169 3130 crimen
2218 3070 2587 3133 admitterent,
2642 3064 2759 3121 fore
2808 3076 2868 3119 ut
2918 3065 3149 3118 victoria
3205 3065 3534 3135 potirentur.

264 3158 638 3227 ἀσεϐημάτων
678 3152 816 3210 εἶναι
854 3156 1108 3227 μέγιστον
1155 3159 1216 3211 τὸ
1249 3160 1348 3231 τὴν
1378 3164 1850 3234 χρησμῳδήσασαν

1966 3165 2152 3219 Visum
2182 3163 2349 3231 igitur
2380 3160 2534 3228 ipsis,
2568 3157 2861 3228 impiorum
2904 3155 3205 3210 facinorum
3240 3159 3533 3210 maximum

264 3250 457 3311 αὐτοῖς
488 3248 579 3301 τὸν
611 3248 857 3318 χρησμὸν
879 3247 1125 3301 ἀνελεῖν
1154 3250 1247 3303 καὶ
1276 3251 1504 3307 ἀνεῖλον.
1536 3257 1600 3308 Ai
1630 3256 1687 3309 δὲ
1720 3260 1847 3329 περὶ

261 3341 325 3393 τὸ
354 3340 581 3410 τέμενος
611 3339 904 3409 συνιέρειαι
922 3338 1077 3411 δίκην
1114 3341 1296 3395 λαϐεῖν
1326 3344 1569 3415 ἀπῄτουν
1606 3349 1700 3402 τοῦ
1750 3354 1847 3419 φό-

261 3450 359 3485 νου
410 3433 539 3496 τοὺς
603 3431 892 3502 Θηϐαίους.
952 3433 1176 3501 Θηϐαῖοι
1230 3436 1285 3488 δὲ
1337 3439 1438 3491 ούκ
1492 3441 1847 3513 ἐπιτρέπουσι

261 3522 488 3589 γυναιξὶ
540 3523 730 3592 μόναις
775 3524 877 3591 τὴν
944 3526 1073 3595 περὶ
1130 3527 1310 3580 αὐτῶν
1362 3528 1517 3597 δίκην
1538 3532 1580 3563 ⁶¹
1616 3549 1630 3562 ·
1662 3538 1848 3607 κοινῆς

258 3612 320 3664 δέ
352 3612 595 3683 κρίσεως
631 3612 842 3682 ἀνδρῶν
869 3611 967 3666 καὶ
1010 3616 1285 3682 γυναικῶν
1322 3622 1717 3691 γεγενημένης,
1748 3627 1847 3680 καὶ

258 3701 376 3755 τῶν
416 3701 625 3773 ἀνδρῶν
678 3703 878 3769 λευκάς
931 3705 1116 3769 αὐτοῖς
1157 3710 1564 3777 ἐπενεγκόντων
1609 3714 1844 3786 ψήφους,

262 3793 555 3860 ἀπέφυγον
597 3793 649 3845 οί
708 3794 957 3864 Θηϐαῖοι.
1012 3796 1278 3869 ’Υστερον
1336 3801 1393 3853 δὲ
1444 3803 1488 3833 θ’
1534 3804 1847 3873 ἐπιγνόντες

261 3882 455 3945 αὐτοῖς
480 3882 539 3935 τὸ
571 3882 676 3936 ὑπὸ
711 3883 805 3937 τοῦ
827 3885 1076 3957 χρησμοῦ
1107 3893 1605 3962 προστασσόμενον,
1643 3895 1845 3964 βαστά-

264 3986 464 4032 σαντες
510 3971 621 4024 τῶν
664 3973 807 4026 κατὰ
851 3975 952 4044 τὴν
1004 3974 1265 4030 Βοιωτίαν
1296 3979 1454 4050 ἱερῶν
1508 3984 1777 4052 τριπόδων
1799 3986 1845 4018 ⁸⁸³

260 4058 384 4122 ἕνα,
411 4058 506 4113 καὶ
536 4061 1016 4131 κατακαλύψαντες
1067 4066 1142 4128 ὡς
1188 4068 1470 4135 ἱερόσυλοι,
1525 4072 1846 4143 ἀνέπεμψαν

259 4151 346 4212 εἰς
376 4148 659 4220 Δωδώνην.
694 4151 1155 4223 Εύπραγήσαντες
1186 4156 1244 4210 δὲ
1277 4159 1336 4225 ἐξ
1365 4159 1577 4213 ἐκείνου
1611 4162 1706 4216 τοῦ
1736 4162 1846 4218 λοι-

258 4240 369 4293 ποῦ
401 4239 500 4312 τήν
524 4240 727 4312 πρᾶξιν
749 4242 941 4316 ἑορτὴν
969 4246 1205 4301 ἐποίουν.

342 4332 709 4405 Ὠσχοφορικὰ
748 4335 794 4367 ⁸⁸
832 4336 890 4390 δὲ
943 4337 1078 4409 μέλη
1130 4343 1260 4413 παρ’
1304 4343 1606 4414 Ἀθηναίοις
1652 4347 1840 4419 ᾔδετοο

255 4424 356 4479 τοῦ
391 4424 554 4496 χοροῦ
585 4426 643 4480 δὲ
680 4427 725 4460 ⁸⁵
773 4428 868 4482 δύο
902 4432 1141 4497 νεανίαι,
1182 4436 1325 4488 κατά
1373 4440 1639 4504 γυναῖκας
1685 4443 1842 4495 ἐστο-

1952 3267 2087 3323 rore,
2161 3262 2338 3308 vatem
2411 3267 2534 3322 qua:
2622 3248 2947 3303 reddidisset
3025 3248 3158 3315 ipsis
3232 3249 3534 3312 oraculum,

1950 3352 2354 3412 interfecerunt.
2385 3345 2515 3411 Quae
2535 3357 2666 3398 vero
2692 3341 2998 3396 sacerdotes
3017 3340 3218 3409 templo
3246 3352 3532 3409 praeerant.

1960 3442 2281 3516 repetebant
2303 3435 2627 3506 supplicium
2647 3434 2714 3487 de
2738 3433 2883 3487 caede
2913 3448 2942 3485 a
2972 3431 3268 3485 Thebanis.
3290 3431 3531 3487 Thebani

1949 3551 2078 3593 vero
2121 3543 2179 3588 ut
2210 3530 2339 3586 solae
2392 3527 2650 3582 mulieres
2700 3524 3030 3580 sententiam
3078 3526 3144 3577 de
3190 3539 3249 3578 se
3297 3523 3527 3588 ferrent,

1953 3622 2356 3682 detrectabant.
2393 3616 2679 3692 communi
2722 3616 2907 3684 itaque
2949 3614 3155 3685 judicio
3185 3614 3350 3681 facto,
3384 3617 3532 3670 viro-

1949 3733 2070 3773 rum
2100 3713 2260 3771 simul
2287 3727 2350 3768 ac
2388 3710 2703 3773 mulierum,
2734 3717 2788 3763 et
2824 3707 2957 3762 viris
2985 3707 3246 3762 candidos
3286 3707 3532 3763 calculos

1953 3826 2053 3883 pro
2081 3808 2189 3864 illis
2218 3803 2540 3867 ferentibus,
2573 3800 2815 3871 eﬂ‘ugere
2848 3799 3115 3855 Thebani.
3146 3798 3377 3869 Cognito
3404 3809 3528 3854 tan-

1952 3905 2074 3957 dem
2128 3900 2179 3955 id
2206 3899 2276 3954 ab
2314 3894 2539 3953 oraculo
2566 3894 2673 3949 illis
2703 3892 3019 3947 mandatum
3045 3892 3231 3957 fuisse,
3261 3893 3525 3962 tripodem

1948 4008 2112 4046 unum
2149 4006 2213 4047 ex
2250 3990 2341 4055 iis,
2377 3987 2470 4058 qui
2503 3984 2647 4042 sacri
2687 3994 2848 4040 erant
2874 3985 3016 4054 apud
3042 3984 3281 4049 Boeotos,
3307 3995 3528 4055 gestan-

1949 4095 2049 4150 tes,
2093 4098 2157 4138 ac
2212 4091 2376 4145 tecte,
2425 4090 2680 4149 tanquam
2726 4076 2999 4147 sacrilegi,
3052 4077 3529 4142 circumferentes,

1943 4174 2228 4235 Dodonam
2281 4172 2631 4227 remiserunt.
2684 4167 2814 4235 Quae
2859 4182 2947 4223 res
2979 4181 3103 4221 cum
3134 4166 3365 4223 feliciter
3408 4185 3527 4226 ces-

1946 4268 2127 4334 sisset,
2158 4264 2353 4320 exinde
2389 4262 2443 4316 in
2480 4261 2722 4317 solemne
2752 4257 2949 4313 festum
2982 4258 3146 4315 vertit

2017 4355 2426 4426 Oschophorica
2486 4366 2617 4407 vero
2675 4349 2923 4407 carmina
2975 4350 3044 4405 ab
3089 4349 3520 4405 Atheniensibus

1948 4449 2282 4505 canebantur
2308 4464 2323 4501 :
2349 4445 2500 4501 chori
2551 4454 2731 4497 autem
2771 4442 3144 4497 adolescentes
3172 4443 3302 4506 duo,
3334 4442 3523 4496 mulie-

254 4519 529 4589 λισμένοι,
587 4520 771 4592 κλῆμα
820 4522 868 4554 ⁸⁸
930 4523 1177 4593 ἀμπέλου
1240 4529 1578 4599 κομίζοντες,
1642 4536 1840 4604 μεστὸν

1957 4540 2027 4596 bri
2064 4548 2214 4594 veste
2264 4536 2465 4601 induti,
2518 4535 2772 4607 palmites
2818 4534 2940 4588 vitis
2989 4543 3285 4603 gestantes,
3334 4532 3522 4601 plenos

250 4610 503 4664 εύθαλῶν
529 4612 771 4684 βοτρύων
802 4614 1049 4686 (ἐκάλουν
1079 4616 1137 4670 δέ
1165 4618 1298 4672 αὐτὸ
1329 4619 1513 4692 ῶσχην
1546 4624 1614 4688 ⁸⁷,
1652 4627 1745 4695 ἀφ’
1776 4620 1839 4681 οὗ

251 4704 353 4757 καὶ
380 4704 493 4766 τοῖς
513 4704 735 4773 μέλεσιν
761 4707 795 4776 ή
813 4707 1123 4777 ἐπωνυμία)
1145 4709 1244 4778 τῆς
1267 4711 1459 4782 ἑορτῆς
1479 4713 1837 4785 καθηγοῦντο.

253 4793 460 4864 Ἀρξαι
511 4794 569 4847 δέ
615 4814 749 4866 φασι
791 4798 975 4869 Θησέα
1005 4800 1051 4832 ⁸⁸
1084 4801 1300 4872 πρῶτον
1344 4803 1439 4856 τοῦ
1484 4805 1645 4876 ἔργου
1671 4825 1685 4839 ⁸
1716 4810 1838 4864 ἐπεὶ

248 4885 365 4973 γὰρ
394 4886 642 4973 ἑκούσιος
669 4888 910 4955 ὑποστὰς
946 4892 1038 4945 τὸν
1084 4894 1166 4957 εἰς
1199 4895 1426 4966 Κρήτην
1456 4898 1622 4952 πλοῦν
1664 4902 1837 4973 ἀπήλ-

246 4969 382 5035 λαξε
415 4972 512 5042 τὴν
544 4975 783 5046 πατρίδα
828 4978 928 5048 τῆς
968 4980 1109 5034 κατὰ
1158 4982 1249 5035 τὸν
1290 4984 1494 5055 δασμὸν
1530 4969 1835 5061 συμφοράς,

247 5065 586 5155 χαριστήρια
618 5066 905 5132 ἀποδιδοὺς
943 5070 1147 5142 Ἀθηνᾷ
1181 5073 1276 5127 καὶ
1320 5077 1580 5149 Διονύσῳ,
1612 5081 1661 5133 οἳ
1688 5082 1837 5155 αὐτῷ

246 5151 396 5204 κατὰ
453 5153 553 5207 τὴν
606 5156 767 5227 νῆσον
820 5158 919 5229 τὴν
968 5158 1097 5213 Δίαν
1155 5162 1526 5235 ἐπεφάνησαν,
1602 5151 1834 5240 ἔπραττε

1942 4632 2169 4686 maturis
2212 4630 2352 4695 uvis,
2396 4629 2539 4698 quod
2583 4628 2683 4697 ipsi
2740 4626 2919 4697 ὅσχην
2955 4637 3240 4690 vocarunt,
3290 4627 3429 4679 unde
3468 4636 3524 4679 ct

1940 4720 2276 4776 carminibus
2310 4735 2507 4775 nomen
2537 4720 2791 4783 inditum,
2826 4718 3020 4771 festum
3070 4716 3517 4785 auspicabantur.

1938 4813 2185 4867 Primum
2226 4826 2357 4867 vero
2397 4812 2607 4869 Thesea
2638 4813 2739 4865 hoc
2788 4810 3083 4864 inchoasse
3120 4810 3323 4864 ferunt.
3369 4808 3523 4863 Post-

1939 4920 2102 4974 quam
2128 4905 2273 4959 enim
2301 4912 2495 4974 sponte
2531 4918 2629 4958 sua
2660 4902 2712 4956 in
2741 4903 2957 4957 Cretam
3004 4902 3400 4969 navigationem
3437 4902 3521 4955 in-

1937 4990 2235 5055 stituisset,
2268 4990 2499 5059 patriam
2542 4990 2729 5044 tributi
2766 4992 3059 5045 vexatione
3095 4990 3345 5044 liberavit
3378 5008 3391 5043 :
3428 4995 3521 5045 be-

1940 5081 2189 5136 neﬁcium
2224 5081 2572 5153 gratitudinis
2598 5096 2729 5153 ergo
2774 5082 3010 5137 reddens
3035 5082 3311 5147 Minervar,
3341 5093 3396 5137 et
3423 5082 3515 5137 Li-

1939 5176 2090 5240 bero,
2132 5175 2226 5246 qui
2254 5175 2353 5245 ipsi
2385 5175 2435 5229 in
2463 5174 2556 5230 Dia
2595 5176 2774 5231 insula
2799 5184 3183 5245 apparuerant.
3205 5175 3395 5232 Fiebat
3426 5191 3517 5231 au-

241 5297 254 5309 '
314 5298 351 5341 (ι
386 5287 658 5347 Diodorus
704 5293 922 5351 Siculus
964 5296 1056 5351 lib.
1083 5311 1152 5350 xv
1178 5295 1450 5363 Biblioth;
1494 5301 1691 5361 Suidas
1738 5316 1793 5362 et
1822 5308 2029 5366 Pollux.

1592 5438 1826 5497 VARIIE
1858 5442 2153 5501 LECTION
2161 5447 2265 5503 ES.

316 5520 1150 5608 ξένὲλάστςονειιτῆςλὲτᾷκρῳ
1178 5527 1448 5608 ἐλάσσονα
1462 5530 1559 5599 τῆς
1584 5530 1869 5608 ἐπ’-ᾷκρου
1905 5535 1958 5601 Ιι,
1993 5536 2287 5608 ἐλάσσονας
2315 5537 2415 5608 τῆς
2435 5537 2533 5608 τού
2554 5538 2713 5606 ξύλου
2745 5558 2806 5603 ς.
2870 5542 2916 5575 ⁸³
2949 5540 3102 5594 κόπω
3128 5553 3212 5607 pr.
3248 5539 3318 5603 Α,
3360 5538 3515 5608 κοπὼ

247 5590 300 5678 ξι,
515 5589 577 5646 Β.
604 5592 677 5678 ,2⁸
701 5589 1034 5678 καθειμένος
1054 5595 1173 5651 AB:
1201 5589 1528 5678 καθειμένας
1678 5602 1723 5633 ⁸⁵
1760 5589 2118 5678 ὶξρικρατίδας]
2136 5589 2489 5678 ἐπικρατίδας
2689 5589 2737 5644 δσ
2753 5589 2869 5662 ’των
3128 5589 3209 5647 τίτί

247 5661 455 5741 {auxisti
471 5661 571 5741 It.“
602 5658 650 5695 ⁵³
677 5658 1044 5741 χαλαςίου.
1083 5682 1097 5720 :
1141 5658 1399 5741 γαλαξίού
1434 5658 1523 5734 ς(
1549 5658 1614 5703 ⁷⁸⁸
1647 5658 1969 5741 τριποδικὸν
1989 5676 2046 5729 Β.

2150 5678 2195 5751 “_
2220 5676 2527 5751 Πάνακτον]
2558 5678 2631 5751 cf.
2665 5679 2873 5735 Muller.
2892 5679 3254 5751 Orchomen”
3286 5694 3340 5748 p.
3387 5676 3511 5751 585.

247 5728 297 5835 τι
322 5728 1073 5835 ἒξκἎζὶδίξηνξξιοὲξίέίέζξ
1136 5728 1421 5835 se»
1442 5728 1519 5835 ξ·
1595 5728 2080 5835 ετέρετῖφδωκᾼιιε
2561 5728 3512 5835 esseni?weak?

252 5800 297 5836 ⁸⁸
322 5800 379 5853 δὲ
421 5800 531 5855 om.
556 5800 644 5857 A.’
721 5804 765 5836 “
820 5804 1076 5877 κλήματα
1098 5839 1169 5849 -
1196 5810 1407 5878 μεστῶν
1439 5829 1499 5875 ς.

1601 5813 1642 5851 ⁸⁷
1674 5813 1855 5885 ὥσχην
1881 5814 1962 5871 Ah
1990 5833 2000 5868 :
2039 5813 2205 5889 ὅσχην
2238 5836 2298 5883 ς’.
2372 5813 2418 5851 ⁸⁸
2442 5820 2621 5891 Θησέα
2648 5813 2795 5889 φασί
2814 5837 2871 5883 ς.
