4050 6394
252 350 397 419 1209

1338 358 1863 420 BIBLIOTHECA.
1897 383 1966 395 ·-
1988 359 2151 420 COD.
2210 359 2419 423 CCXL.

3366 357 3505 425 1210

325 464 452 514 ’Ότι
484 462 684 526 σκοπὸς
710 455 777 533 ἦν
802 462 877 533 τῷ
909 462 1101 517 Μωσεῖ
1122 462 1244 517 οὒτε
1273 468 1669 537 φυσιολογῆσαι
1697 466 1821 520 οὔτε

1998 466 2173 522 Muses
2192 484 2291 522 nec
2311 469 2592 540 physicum
2613 482 2714 524 nec
2735 477 3108 525 astronomum
3130 482 3290 539 agere
3307 470 3497 535 voluit,

246 554 687 624 ἀστρονομῆσαι.
741 553 859 607 ἀλλ’
911 556 990 618 είς
1051 556 1379 625 Θεογνωσίαν
1434 561 1529 612 καὶ
1578 559 1667 613 διὰ
1724 557 1826 628 τῆς

244 646 616 715 κοσμογονίας
662 644 986 716 ἀνθρώπους
1036 646 1287 716 ἀγαγεῖν,
1340 651 1435 703 καὶ
1481 652 1829 722 παραστῆσαι

242 736 333 788 ὅτι
373 735 439 807 δὴ
466 736 529 789 τὸ
554 737 699 807 μέγα
726 737 884 790 τοῦτο
922 737 1017 791 καὶ
1061 736 1314 810 λαμπρόν
1343 740 1437 794 τοῦ
1494 743 1701 814 κόσμου
1730 742 1830 813 δη-

247 829 575 901 μιούργημα
615 830 730 902 ἔχει
775 832 868 886 τὸν
916 831 1052 887 Θεὸν
1085 835 1340 905 ποιητὴν,
1384 835 1481 887 καὶ
1511 833 1635 887 οὔτε
1676 834 1831 888 αὑτό-

244 939 430 989 ματον
461 923 586 994 ἔσχε
613 924 713 994 τὴν
754 924 990 997 ὕπαρξιν
1022 924 1148 981 οὔτε
1176 926 1440 998 ἀγένητον
1466 925 1565 997 τὴν
1597 926 1832 980 ὑπόστα-

247 1032 339 1067 σιν
366 1017 459 1069 καὶ
479 1015 555 1086 τῷ
586 1016 709 1086 Θεῷ
744 1018 1033 1073 συναΐδιον.
1067 1019 1178 1073 Καὶ
1202 1019 1467 1073 Πλάτωνα
1499 1018 1560 1072 δὲ
1583 1018 1677 1073 τὸν
1688 1019 1829 1091 παρ’

250 1105 482 1177 Ἕλλησι
531 1107 855 1177 νομισθέντα
920 1108 1232 1179 σοφώτατον
1258 1149 1275 1175 ,
1353 1110 1531 1164 καίτοι
1608 1111 1832 1175 πολλαῖς

244 1196 483 1269 ὕστερον
539 1202 753 1267 γενεαῖς
798 1201 1058 1275 γεγονότα
1108 1202 1203 1255 καὶ
1245 1203 1308 1256 οὐ
1363 1203 1563 1273 πλήθει
1612 1202 1831 1273 τυχόντι

246 1290 381 1353 τοὺς
432 1289 622 1358 λόγους
674 1290 1020 1360 ποιούμενον,
1056 1291 1193 1346 ἀλλὰ
1238 1294 1350 1356 τοῖς
1398 1293 1493 1346 ἐπὶ
1543 1292 1832 1365 φιλοσοφίᾳ

245 1381 361 1434 τῶν
385 1374 941 1454 ἇλλων’προῦχουσιν,
968 1384 1120 1454 ὅμως
1155 1384 1359 1439 Μωσέα
1379 1385 1649 1439 δείκνυσιν
1670 1387 1730 1439 ὲν
1760 1388 1829 1456 τῇ

246 1472 353 1541 τῆς
403 1474 761 1544 κοσμογονίας
837 1474 1003 1527 αὐτοῦ
1075 1476 1327 1547 διηγήσει
1402 1476 1829 1546 ὲκμιμούμενον.

251 1561 399 1615 Πολὺ
438 1563 496 1616 δὲ
551 1565 1131 1636 μεγαλοπρεπέστερον
1178 1566 1380 1619 Μωσέα
1424 1566 1714 1630 Πλάτωνος
1742 1584 1834 1622 τε-

250 1653 642 1724 θεολογηκέναι
672 1657 1024 1727 παρίστησιν.
1047 1657 1170 1711 Ὀτι
1195 1657 1347 1711 οὐδέν
1370 1675 1534 1728 φησιν
1564 1659 1673 1711 οὐδ’
1696 1658 1832 1723 ὅλως

249 1749 362 1801 τῶν
410 1749 469 1802 ὲν
505 1751 571 1819 τῇ
600 1749 929 1822 κοσμογονίᾳ
970 1748 1065 1802 τοῦ
1094 1750 1371 1820 προφήτου
1399 1751 1465 1819 τῇ
1494 1748 1589 1801 τοῦ
1632 1750 1833 1813 παντὸς

1931 560 2024 615 sed
2059 560 2309 616 homines
2356 563 2424 616 ad
2450 560 2543 616 Dei
2574 561 2959 631 cognitionem,
2988 576 3083 629 per
3107 562 3291 617 mundi
3336 564 3499 617 etiam

1932 652 2262 708 creationem
2292 652 2509 709 trahere
2528 661 2586 709 et
2609 653 2843 707 invitare
2858 662 3092 706 conatus
3118 662 3222 706 est.
3248 652 3501 722 Magnum

1928 742 2034 799 hoc
2068 754 2125 799 et
2156 744 2497 814 splendidum
2526 744 2710 799 mundi
2743 758 2881 812 opus
2918 758 2949 797 a
2991 743 3101 796 Deo
3135 742 3359 805 factum,
3409 758 3506 797 ne-

1929 847 2038 904 que
2071 850 2098 888 a
2139 850 2200 890 se
2228 835 2554 904 principium
2607 834 2831 899 habere,
2856 847 3037 901 neque
3081 831 3503 899 ingenerabilem

1928 926 2238 989 materiam.
2304 940 2481 994 neque
2531 924 2645 980 Deo
2696 933 3046 978 comet-nam.
3091 919 3504 990 Platonemque.

1930 1032 2091 1088 quem
2122 1016 2295 1073 Graeci
2328 1015 2786 1084 sapientissimum
2815 1012 3226 1076 existimarunt,
3256 1012 3360 1066 etsi
3401 1028 3509 1067 sa:-

1930 1112 2066 1169 culis
2102 1110 2289 1167 multis
2336 1110 2608 1180 posterior
2642 1108 2829 1171 fuerit,
2873 1120 2976 1162 nec
3003 1121 3071 1161 ex
3115 1105 3271 1174 plebe
3315 1104 3511 1173 cuique

1931 1204 2102 1260 libros
2146 1216 2275 1261 suos
2326 1201 2632 1270 scripserit,
2684 1200 2780 1255 sed
2829 1197 2896 1253 iis
2945 1197 3034 1266 qui
3070 1211 3182 1266 prae
3210 1195 3421 1251 caneris
3455 1196 3509 1249 iu

1931 1294 2268 1365 philosophia
2324 1295 2570 1363 ingentes
2611 1306 2931 1363 progressus
2996 1290 3262 1354 fecerunt,
3309 1287 3510 1342 Mosem

1933 1387 1986 1441 in
2016 1387 2201 1445 mundi
2236 1386 2439 1440 conditi
2472 1383 2821 1439 enarratione
2865 1382 3135 1439 imitatum
3169 1378 3358 1435 fuisse.
3404 1377 3512 1432 Sed

1932 1476 2132 1531 Mosem
2157 1477 2443 1531 sublimius
2479 1476 2646 1530 multo
2678 1490 2793 1531 rem
2821 1473 2988 1529 refert
3032 1486 3339 1528 enarrasse.
3368 1468 3513 1523 Nihil

1939 1569 2015 1622 ait
2076 1568 2129 1621 in
2166 1569 2370 1622 ‘muudi
2429 1566 2707 1621 creatione
2756 1580 2898 1633 esse,
2960 1578 3252 1632 rerumque
3323 1561 3515 1615 ordine

1933 1657 2061 1726 quin
2111 1656 2274 1712 Musis
2320 1656 2500 1711 verbis
2548 1656 2906 1726 respondeat;
2939 1663 3125 1708 contra
3179 1667 3318 1707 vero
3344 1652 3512 1705 multa

1934 1762 2143 1812 eorum,
2216 1762 2446 1815 quorum
2503 1762 2533 1800 a
2588 1746 2825 1818 physicis
2899 1744 3237 1815 investigata:
3310 1754 3512 1805 causa‘,

246 1835 489 1903 διατάξει
524 1815 852 1907 ἀσύμφωνον
876 1815 1241 1891 ’.τούναντίον
1262 1815 1337 1891 ⁷δὲ
1394 1815 1489 1891 κᾶι
1531 1839 1700 1892 πολλὰ
1722 1841 1829 1894 τῶν

1940 1852 1963 1892 e
1995 1835 2161 1893 Mosis
2202 1838 2421 1906 scriptis
2469 1815 2754 1906 desumpta
2781 1844 2928 1889 sunt.
2961 1835 3016 1888 In
3042 1833 3230 1888 multis
3260 1845 3515 1903 magnum

182 2008 187 2009 γ
246 1924 479 1996 ὕστερον
524 1927 1001 1998 αἰτιολογηθέντων
1041 1927 1145 1980 ὑπὸ
1174 1926 1284 1981 τῶν
1328 1928 1578 1995 φυσικῶν
1617 1930 1681 1981 ὲκ
1722 1929 1831 1984 τῶν

246 2019 494 2083 Μωσέως
516 2020 839 2090 γραφέντων
872 2019 1065 2090 εἴληφε
1094 2015 1193 2090 τὴν
1232 2020 1430 2091 ἀρχήν.
1466 2020 1592 2074 Ὀτι
1620 2022 1678 2074 ἐν
1696 2022 1829 2075 πολ-

246 2108 361 2172 λοῖς
405 2111 571 2175 ἀξίως
630 2112 721 2164 τὸν
777 2112 953 2183 μέγαν
1004 2112 1322 2177 ἀποθειόιζει
1372 2112 1677 2179 Βασίλειον,
1737 2114 1832 2167 καὶ

1932 1928 2213 1997 Basilium,
2249 1938 2304 1985 et
2342 1927 2684 1985 Theodorum
2732 1927 3080 1996 Mopsuestia;
3116 1925 3368 1980 laudibus
3408 1937 3519 1977 me-

1935 2024 2043 2078 rito
2078 2022 2310 2089 extollit,
2343 2022 2449 2078 etsi
2485 2037 2591 2077 non
2621 2022 2674 2075 in
2701 2020 2956 2075 omnibus
2985 2033 3104 2090 quze
3140 2015 3516 2088 reprehendit,

1938 2114 2065 2169 licet
2097 2130 2203 2169 non
2232 2130 2405 2187 pauca
2432 2113 2558 2185 jure
2597 2113 2834 2168 vellicet.

247 2206 528 2276 Θεόδωρον
549 2205 641 2259 τὸν
662 2205 1056 2289 Μοψουεστίας,
1105 2208 1154 2261 εἰ
1200 2208 1294 2260 καὶ
1341 2207 1416 2278 μὴ
1456 2209 1514 2261 ὲν
1568 2209 1734 2263 πᾶσιν
1765 2204 1845 2273 οἷς
1882 2210 2217 2279 ἐπαιτιᾶται,
2266 2208 2380 2265 ἀλλ’
2413 2209 2506 2265 οὖν
2536 2210 2637 2263 οὐκ
2696 2210 2754 2262 ὲν
2819 2206 3024 2275 ὀλίγοις
3079 2204 3516 2276 ἐπιλαμϐάνεται

244 2297 493 2361 δικαίως.

320 2391 453 2465 [995
487 2389 580 2464 R.]
624 2391 750 2446 Ὀτι
799 2391 903 2463 τῆς
952 2393 1126 2464 ἀρχῆς
1163 2392 1447 2463 πολλαχῶς
1500 2411 1634 2464 φησι
1682 2396 1837 2464 λεγο-

254 2485 428 2555 μένης
450 2485 530 2547 τὸ,
569 2485 675 2540 Ἕν
702 2482 884 2554 ἀρχῇ,
902 2484 966 2538 τὸ
988 2484 1081 2540 νῦν
1094 2483 1192 2554 τὴν
1204 2486 1251 2519 ⁷⁸
1275 2484 1418 2539 κατὰ
1444 2486 1637 2556 χρόνον
1662 2486 1838 2558 ἀρχὴν

251 2574 470 2646 δηλοῦν.
497 2575 655 2629 Κατὰ
685 2576 877 2646 χρόνον
902 2574 963 2627 δὲ
987 2574 1167 2645 λέγειν
1216 2576 1381 2648 φησὶν
1417 2576 1517 2647 οὐχ
1543 2571 1604 2631 οὗ
1630 2578 1729 2649 τῆς
1749 2594 1841 2646 γε-

246 2669 459 2731 νὲσεως
478 2668 798 2738 προηγεῖιαι
817 2666 1026 2739 χρόνος,
1058 2666 1136 2731 ὡς
1161 2668 1319 2739 ἡμῶν
1345 2669 1598 2735 ἑκάστου,
1622 2668 1757 2723 ἀλλὰ
1781 2669 1844 2723 τδ

255 2760 478 2830 πρῶτον
506 2760 601 2813 τοῦ
640 2761 835 2831 χρόνου
865 2758 980 2825 νῦν,
1041 2761 1100 2813 ὲν
1137 2753 1182 2827 ᾧ
1227 2760 1321 2813 τὸν
1348 2761 1576 2830 οὐρανὸν
1616 2760 1713 2813 καὶ
1742 2761 1843 2831 τὴν

255 2848 365 2920 γῆν
398 2850 720 2921 παρήγαγεν
750 2852 961 2915 όΘεδς,
1014 2850 1147 2923 [527
1192 2848 1284 2923 [1.]
1334 2852 1537 2915 παντὸς
1588 2851 1844 2920 χρονικοῦ

256 2944 432 3014 χωρὶς
469 2944 858 3015 διαστήματος.
897 2944 1087 2997 Πᾶσαν
1128 2944 1235 3015 γὰρ
1261 2942 1438 3013 ἀρχὴν
1471 2941 1667 3013 ἑτέραν
1705 2937 1845 2997 εἶναι

2013 2398 2347 2468 Principium
2396 2396 2563 2452 variis
2603 2394 2779 2451 modis
2815 2409 2939 2451 cum
2982 2393 3214 2457 dicatur,
3256 2387 3423 2443 refert
3454 2387 3523 2441 ii-

1943 2489 2071 2543 lud:
2105 2486 2172 2542 In
2212 2489 2491 2558 principio,
2554 2501 2698 2542 nunc
2751 2484 3142 2553 temporariqu
3189 2480 3517 2551 principium

1944 2580 2186 2636 indicare
2228 2598 2242 2635 :
2290 2582 2473 2635 dicere
2516 2593 2667 2646 vero,
2722 2578 2919 2646 inquit,
2952 2575 3370 2644 temporarium,
3409 2587 3518 2627 non

1951 2672 2107 2739 cujus
2132 2673 2532 2743 generationem
2565 2680 2779 2739 tempus
2805 2668 3101 2738 praecedat,
3128 2675 3187 2720 ut
3232 2666 3391 2720 unius
3418 2678 3526 2719 cu-

1947 2767 2140 2834 iusque
2169 2775 2415 2820 nostrum
2447 2756 2602 2819 {sed
2630 2763 2869 2833 primum
2908 2758 3176 2828 temporis
3210 2771 3373 2821 nunc,
3407 2771 3521 2825 quo

1950 2854 2091 2909 Deus
2135 2854 2332 2910 malum
2377 2864 2429 2909 et
2483 2864 2694 2909 terram
2727 2854 2780 2907 in
2825 2851 3061 2906 medium
3102 2849 3378 2919 produxit,
3403 2848 3524 2901 sine

1948 2947 2061 3001 ullo
2116 2947 2377 3016 temporis
2426 2945 2735 3001 intervallo.
2785 2944 2962 2999 Omne
3008 2946 3155 2996 enim
3194 2940 3523 3010 principium

258 3036 485 3098 πάντως
532 3039 720 3107 φησὶν,
776 3031 947 3099 οὗπερ
973 3035 1192 3103 λέγεται
1233 3036 1379 3106 ἀρχή
1404 3051 1421 3068 ’
1451 3034 1544 3088 καὶ
1571 3034 1732 3089 τοῦτο
1758 3034 1839 3089 διὰ

1949 3036 2169 3092 omnino
2192 3036 2338 3092 aliud
2365 3050 2487 3092 esse
2518 3036 2672 3102 dicit,
2690 3050 2855 3106 quam
2888 3034 2942 3089 in
2965 3033 3121 3101 cujus
3144 3033 3349 3088 dicitur
3372 3033 3524 3101 prin-

263 3126 729 3197 παραδειγμάτων
757 3125 1178 3190 κατασκευάζει.
1210 3126 1374 3178 Ὥστε
1401 3127 1460 3179 ὲν
1479 3128 1545 3196 τῇ
1577 3126 1720 3199 ἀρχῇ
1748 3123 1839 3179 τοῦ

1947 3128 2170 3198 cipium,
2204 3128 2369 3199 idque
2415 3129 2681 3200 exemplis
2710 3128 2969 3185 ostendit.
3006 3125 3189 3193 Quare
3230 3126 3285 3179 in
3323 3125 3525 3196 princi-

259 3216 458 3285 χρό·.ου
484 3218 579 3269 καὶ
600 3219 701 3271 οὐκ
747 3220 805 3272 ὲν
848 3218 1023 3289 χρόνῳ
1070 3218 1164 3271 τὸν
1198 3215 1428 3287 οὐρανὸν
1466 3217 1562 3271 καὶ
1608 3218 1707 3288 τὴν
1737 3216 1842 3286 γῆν

250 3307 519 3377 ἐποίησεν
547 3310 578 3362 ό
620 3310 773 3375 Θεός.
819 3311 959 3364 Ἀλλ’
1000 3310 1065 3363 ἓν
1106 3309 1265 3363 τοῦτο
1311 3308 1711 3380 σημαινόμενον
1742 3308 1843 3376 τῆς

260 3400 320 3451 ὲν
350 3390 397 3466 ᾧ
430 3396 656 3466 γέγονεν
692 3399 867 3469 ἀρχῆς
915 3400 944 3451 ό
980 3400 1207 3469 οὐρανὸς
1252 3400 1347 3452 καὶ
1382 3401 1416 3467 ἡ
1447 3399 1540 3469 γῆ.
1580 3397 1843 3469 Δεύτερον

259 3491 324 3543 τὸ
360 3488 581 3562 πρῶτον
609 3488 705 3544 τοῦ
734 3490 1255 3561 κατασκευάσματος
1291 3490 1501 3562 μόριον,
1531 3492 1607 3556 ὡς
1634 3491 1778 3563 ἀρχὴ
1806 3492 1841 3563 ἠ

257 3582 457 3651 τρόπις
483 3581 577 3635 τοῦ
609 3581 795 3635 πλοίου
840 3582 935 3636 καὶ
963 3584 1012 3636 οἱ
1040 3582 1280 3653 θεμέλιοι
1317 3582 1417 3653 τῆς
1446 3583 1640 3647 οἰκίας.
1672 3583 1843 3652 Δῆλον

255 3668 303 3722 δ’
325 3669 410 3722 ὅτι
444 3667 539 3722 καὶ
568 3669 712 3724 κατὰ
746 3670 904 3725 τοῦτό
929 3688 1062 3742 φησι
1101 3670 1585 3743 τδσημαινόμενον
1612 3676 1708 3742 τῆς
1741 3676 1841 3744 ἀρ-

256 3758 363 3829 χῆς
384 3759 612 3813 δυνατὸν
642 3759 891 3830 ἐννοῆσαι
911 3760 999 3814 τὸν
1019 3760 1245 3832 οὐρανὸν
1262 3761 1361 3815 καὶ
1376 3761 1476 3833 τὴν
1497 3761 1601 3831 γῆν
1620 3764 1677 3816 ἐν
1696 3764 1842 3833 ἀρχῇ

265 3851 601 3922 γεγενῆσθαι
620 3869 635 3883 ο
668 3846 778 3906 οἷον
810 3852 919 3924 γὰρ
949 3852 1197 3924 Θεμέλιον
1226 3851 1322 3905 καὶ
1346 3852 1520 3925 ἀρχὴν
1548 3854 1657 3908 τῶν
1680 3871 1842 3923 γεγο-

258 3944 430 3997 νότων
449 3945 477 3996 ό
499 3942 630 4008 Θεὸς
655 3944 747 3999 τὸν
775 3944 1002 4015 οὐρανὸν
1021 3947 1114 3998 καὶ
1141 3945 1240 4017 τὴν
1259 3947 1361 4017 γῆν
1384 3948 1839 4017 προκαησὰλετο.

256 4034 422 4089 Κατὰ
460 4034 517 4089 δὲ
563 4034 635 4087 τὰ
677 4035 815 4089 ἄλλα
862 4035 962 4104 τῆς
1017 4035 1192 4107 ἀρχῆς
1223 4037 1599 4107 σημαινόμενα
1633 4038 1838 4095 οὐκέτι.

337 4128 466 4181 Ὅτι
484 4128 670 4181 dini"
691 4126 807 4193 τοῦ,
840 4129 943 4183 Ἐν
968 4126 1143 4197 ἀρχῇ,
1167 4147 1184 4180 ι
1210 4130 1267 4181 ὲν
1284 4130 1565 4201 κεφαλαίῳ
1586 4150 1607 4183 ι
1630 4131 1799 4184 εἰπὼν
1815 4133 1843 4184 ό

267 4222 507 4287 Ἀκύλας
554 4223 770 4278 δίδωσιν
793 4223 997 4276 ἐννοεῖν
1037 4224 1161 4276 ἀντὶ
1188 4222 1282 4276 τοῦ
1324 4224 1719 4296 συνῃρημένως
1749 4226 1843 4279 καὶ

252 4315 395 4387 ὁμοῦ
444 4314 697 4383 γενέσθαι
719 4314 810 4368 τὸν
831 4313 1056 4384 οὐρανὸν
1082 4315 1366 4385 σημαίνειν
1398 4315 1477 4379 τὸ,
1524 4317 1625 4370 Ἐν
1653 4317 1838 4387 ἀρχίῖο

254 4408 381 4463 οὐδὲ
412 4408 521 4479 γὰρ
543 4408 603 4462 τὸ
636 4407 738 4479 μὲν
785 4407 963 4461 αὐτῶν
1018 4407 1304 4478 πρότερον,
1329 4409 1387 4461 τὸ
1414 4408 1471 4461 δὲ
1507 4408 1733 4480 ὕστερον
1752 4411 1843 4478 γέ-

254 4474 437 4570 γονενξ
492 4474 782 4570 Ὲίώθαμεν
812 4499 919 4569 γὰρ
982 4474 1278 4567 κεφάλαιον
1318 4499 1506 4555 καλεῖν
1534 4474 1723 4571 τὴν-ὲν
1758 4474 1841 4556 in
1879 4474 1917 4527 ί)

255 4593 473 4646 πολλῶν
487 4592 531 4623 ⁷⁷
562 4590 681 4662 ἅμα
701 4592 1010 4662 συναίρεσιν
1029 4608 1042 4622 ·
1078 4592 1171 4645 καὶ
1190 4592 1360 4663 πολλὴ
1392 4593 1425 4662 ἡ
1453 4593 1668 4662 χρῆσις.
1688 4592 1843 4665 Ἐδή-

254 4682 400 4734 λωσε
445 4681 503 4734 δὲ
566 4682 661 4735 καὶ
689 4682 722 4753 η
752 4681 851 4752 τῆς
878 4682 999 4735 σὺν
1023 4682 1331 4753 προσθήκη,
1384 4683 1722 4754 συνδυασμὺν
1766 4684 1843 4749 ὼς

252 4779 326 4832 τὰ
361 4776 532 4831 πολλὰ
554 4776 810 4849 δηλοῦσα.
841 4778 950 4831 Καὶ
974 4778 1080 4848 γὰρ
1094 4776 1283 4844 είπὼν,
1303 4779 1404 4831 Ἐν
1420 4778 1725 4846 κεφαλαίῳ
1746 4779 1843 4832 ἕκ-

252 4887 391 4924 τισε
455 4870 579 4923 σὺν
616 4870 723 4923 τὸν
792 4869 1073 4937 οἰψανὸν,
1123 4868 1248 4923 σὺν
1287 4868 1403 4936 τὴν
1444 4870 1583 4939 γῆν,
1618 4872 1839 4942 ἐνὰρχῇ

252 4961 505 5032 παρέσχε
558 4960 660 5032 τὴν
693 4960 923 5032 δήλωσιν
957 4960 1050 5015 τοῦ
1113 4962 1231 5033 ἃμα
1275 4960 1527 5031 γενέσθαι
1589 4962 1659 5014 τὰ
1724 4961 1837 5015 δύο.

256 5054 421 5116 Τινὲς
470 5053 554 5119 τὸ,
586 5055 644 5107 ἐν
685 5054 996 5125 κεφαλαίῳ,
1032 5055 1130 5126 οὐχ
1174 5054 1369 5119 οὕτως,
1403 5054 1518 5108 ἀλλ’
1579 5054 1687 5108 ἀπὸ
1741 5055 1840 5126 τῆς

254 5142 541 5214 ἀρχῆςτοῦ
573 5143 822 5214 σώματος
838 5145 937 5216 τῆς
964 5144 1351 5215 κεφαλῆςιαύτὸ
1378 5144 1720 5214 λογιζόμενοι
1745 5147 1842 5197 ἑσ-

255 5220 624 5307 ίηματίσθαι,
659 5238 739 5300 εἰς
779 5234 1037 5308 τοιαύτην
1066 5235 1240 5310 ἀρχὴν
1259 5236 1391 5290 αὐτὸ
1424 5237 1838 5308 μετειλήφασιν.

337 5414 465 5468 ὐτι
533 5415 719 5487 φησὶν,
783 5416 1024 5489 Οὐρανὸν
1075 5428 1166 5470 και
1231 5415 1336 5487 γῆν
1403 5415 1573 5470 εἰπὼν
1619 5417 1707 5471 διὰ
1729 5418 1841 5470 τῶν

332 5612 353 5639 ’
389 5599 527 5657 Gen.
566 5617 606 5669 ι,
640 5603 689 5657 l.

1947 3222 2035 3293 pio
2062 3221 2338 3292 temporis,
2378 3227 2434 3277 et
2463 3236 2571 3276 non
2603 3220 2656 3276 in
2690 3227 2956 3289 tempore,
2984 3218 3183 3274 cmlum
3214 3225 3527 3285 terramque

1944 3316 2184 3371 condidit
2242 3316 2404 3369 Deus.
2451 3313 2557 3368 Sed
2606 3328 2779 3368 unum
2834 3313 2937 3367 hoc
2995 3310 3270 3381 significat
3310 3308 3525 3379 princi—

1944 3409 2112 3478 pium,
2139 3408 2191 3461 in
2215 3422 2322 3476 quo
2345 3406 2541 3461 caelum
2571 3414 2627 3459 et
2656 3414 2800 3459 terra
2824 3403 3043 3460 condita
3068 3412 3217 3459 sunt.
3247 3399 3524 3467 Secundo,

1942 3498 2115 3568 prima
2174 3497 2376 3568 323a
2414 3495 2634 3551 fabrica:
2681 3510 2830 3565 pars,
2881 3503 2941 3547 ut
2981 3492 3191 3547 initium
3243 3492 3399 3547 navis
3443 3502 3529 3545 est

1942 3588 2157 3653 carina,
2183 3588 2376 3642 domus
2404 3584 2776 3640 fundamenta.
2815 3583 2953 3638 Hinc
2982 3592 3207 3653 apparet
3241 3592 3295 3638 et
3335 3585 3526 3637 eodem

1944 3679 2103 3733 modo
2122 3678 2578 3750 significationem
2598 3676 2851 3747 principii
2872 3675 3094 3744 intelligi
3126 3690 3305 3743 posse,
3323 3675 3526 3730 ccelum

1941 3782 1996 3829 et
2018 3782 2216 3827 terram
2247 3771 2302 3826 in
2340 3771 2605 3841 principio
2651 3770 2793 3824 facta
2825 3782 2967 3824 esse.
3001 3768 3131 3823 Tale
3165 3769 3308 3823 enim
3344 3766 3533 3822 funda-

1943 3874 2183 3921 mentum
2214 3874 2270 3919 et
2314 3864 2644 3935 principium
2686 3878 2892 3925 rerum,
2922 3861 3066 3917 Deus
3101 3861 3298 3916 malum
3331 3870 3387 3916 et
3413 3871 3527 3915 ter-

1944 3972 2085 4020 ram,
2119 3956 2349 4024 primum
2380 3955 2585 4028 posuit,
2610 3955 2664 4010 in
2692 3954 2814 4010 aliis
2843 3951 3345 4024 significationibus
3372 3953 3528 4020 priu-

1944 4053 2070 4122 cipii
2103 4067 2208 4106 non
2242 4051 2314 4106 ita
2329 4090 2344 4108 .

2015 4143 2122 4198 Pro
2166 4144 2253 4198 his
2297 4142 2368 4198 In
2401 4142 2686 4213 principio,
2750 4151 2968 4198 vertens
3022 4142 3104 4197 sic
3156 4140 3389 4213 Aquila,’
3439 4140 3530 4196 Ἑν

1943 4235 2245 4304 κεφαλαίῳ,
2268 4236 2609 4291 occasionem
2638 4234 2788 4289 dedit
2808 4234 3106 4304 cogitandi,
3125 4232 3525 4303 συνηρημένως

1945 4327 2025 4389 τὸ,
2068 4326 2117 4379 in
2157 4326 2419 4395 principio
2450 4325 2761 4397 signiﬁcare
2785 4324 3017 4393 junctim
3044 4337 3096 4381 et
3125 4324 3286 4381 simul
3322 4324 3522 4378 cmium

1948 4427 2001 4471 et
2031 4428 2235 4472 terram
2262 4416 2406 4472 facta
2434 4432 2578 4472 esse.
2595 4415 2781 4486 Neque
2809 4418 2950 4471 enim
2986 4418 3089 4472 hoc
3125 4432 3190 4470 ex
3226 4415 3332 4470 illis
3358 4416 3530 4483 prius,

1951 4507 2053 4561 hoc
2082 4521 2208 4561 vero
2243 4508 2517 4575 posterius
2551 4507 2753 4562 factum
2778 4520 2884 4562 est.
2911 4508 3226 4577 Κεφάλαιον
3254 4508 3399 4562 enim
3430 4521 3529 4574 θρι-

1950 4596 2151 4666 pellare
2199 4597 2433 4653 solemus
2478 4597 2921 4667 conjunctionem
2973 4599 3218 4653 omnium
3264 4597 3427 4653 simul
3474 4599 3529 4652 in

1950 4701 2135 4750 unum,
2169 4694 2224 4741 et
2254 4685 2507 4756 frequens
2529 4686 2691 4755 hujus
2728 4702 2881 4741 usus.
2905 4686 3158 4742 Ostendit
3196 4697 3252 4741 et
3283 4686 3527 4740 additum

1953 4776 2267 4833 vocabulum
2299 4776 2395 4829 σὺν
2421 4775 2499 4849 [id
2529 4788 2613 4832 est
2644 4776 2832 4849 simul]
2883 4778 3364 4848 conjunctionem;
3402 4778 3528 4846 quia

1951 4871 2119 4923 multa
2166 4869 2517 4923 iemonstrat.
2572 4868 2713 4923 Dicit
2762 4871 2950 4923 enim:
3002 4868 3069 4922 In
3113 4868 3282 4937 capite
3338 4868 3529 4922 creavit

1948 4960 2111 5015 simul
2141 4960 2349 5026 caelum,
2387 4959 2543 5014 simul
2569 4968 2841 5025 terrams;
2874 4960 2925 5014 in
2959 4960 3227 5029 principio
3257 4960 3530 5027 significat

1945 5047 2107 5103 simul
2148 5049 2253 5102 duo
2293 5061 2413 5103 esse
2461 5046 2625 5101 facta.
2663 5047 2918 5101 Nonnulli
2955 5046 3106 5111 illud,
3144 5044 3201 5099 ἐν
3244 5043 3528 5116 κεφαλαίῳ

1942 5154 2048 5192 non
2081 5152 2146 5192 eo
2173 5136 2355 5203 modo,
2403 5138 2498 5192 sed
2548 5138 2919 5207 metaphoram
2953 5153 2983 5192 a
3016 5153 3233 5192 summa
3276 5137 3525 5206 corporis

1941 5242 2115 5301 parte,
2146 5248 2266 5302 quae
2291 5243 2451 5303 caput
2473 5242 2576 5297 est,
2608 5234 2823 5289 ductam
2850 5248 2970 5290 esse
3000 5232 3206 5295 volunt,
3240 5243 3294 5286 et
3324 5232 3391 5284 ad
3418 5231 3521 5284 hoc

1943 5322 2266 5392 principium
2308 5322 2629 5377 retulerunt.

2012 5416 2220 5471 Caelum
2251 5427 2304 5472 et
2336 5425 2534 5473 terram
2562 5420 2745 5476 dicens
2776 5434 2869 5489 per
2898 5428 3144 5475 extrema
3174 5411 3352 5470 modia
3384 5424 3523 5465 cou-

1558 5692 1802 5757 .VAerE
1832 5690 2129 5748 LECTION
2137 5690 2237 5746 ES.

328 5781 378 5814 "
412 5782 509 5855 τὴν
536 5785 656 5842 add.
689 5785 749 5843 C.

825 5789 868 5821 ⁷⁸
897 5790 1018 5845 ἀντὶ
1047 5792 1086 5849 C
1113 5808 1124 5846 :
1163 5793 1254 5846 καὶ
1283 5790 1404 5848 ἀντὶ
1430 5807 1496 5854 ς.
1575 5794 1619 5826 ⁷⁷
1652 5783 1883 5856 πολλῶν]
1912 5784 2030 5841 libri
2057 5782 2274 5854 πολλήν.
