4066 6410
518 348 649 418 1211

1644 354 1908 415 ΡΗΟΤΙΙ
1946 353 2453 416 ΡΑΤΗΙΑΒΟΗΕ
2483 354 2593 416 CP.

3648 351 3792 419 1212

510 464 730 534 jnnxit,
807 471 866 519 ut
933 464 1099 519 etiam
1174 465 1357 520 omnia
1438 464 1752 535 loquuntur.
1845 467 2088 519 Extrema

2200 466 2387 537 ἄκρων
2418 466 2517 521 κα)⁸
2540 464 2611 519 τά
2642 465 2783 537 μέσα
2851 466 3328 538 ωμπαρείληφεν,
3361 467 3438 531 ὡς
3482 466 3582 522 καὶ⁵
3612 467 3794 525 πάντα

512 566 693 611 autem
721 559 835 612 haec
857 558 958 612 rite
979 567 1266 622 vocantur,
1299 568 1441 612 terra
1476 558 1627 613 orbis
1656 568 1902 614 centrum
1936 560 2095 613 susti-

513 664 666 713 nens,
682 650 921 702 omnium
944 648 1257 703 inferiorum
1274 659 1357 703 est
1380 650 1699 720 principium
1721 668 1736 715 ;
1759 650 1953 706 cmlum
1971 665 2096 705 vero

518 743 704 793 omnia
734 741 1002 805 ambiens,
1027 742 1271 795 omnium
1305 740 1426 795 linis
1454 750 1557 795 est.
1591 741 1785 795 lterum
1819 757 1947 795 vero
1980 756 2095 797 cm-

515 830 624 884 lum
652 834 1047 898 descendendo,
1066 833 1280 887 initium
1307 843 1412 897 est,
1428 833 1659 902 ejusque
1681 844 1926 902 respectu
1949 843 2093 887 terra

516 933 641 977 tunc
668 926 808 986 linis,
831 926 1004 979 media
1034 940 1161 980 vero
1183 935 1332 989 sunt,
1373 941 1533 995 aqua.
1562 942 1675 993 aer,
1700 938 1751 981 et
1776 928 1932 996 ignis.
1971 928 2096 980 Ideo

514 1017 694 1087 pergit
738 1035 750 1070 :
792 1015 1038 1071 Tenebrw
1067 1034 1224 1087 super
1272 1018 1561 1086 abyssum;
1612 1034 1807 1089 aquam
1846 1017 2095 1087 abyssum

516 1119 695 1172 vocat,
734 1110 985 1164 tenebras
1016 1124 1144 1165 vero
1174 1110 1304 1164 luce
1334 1120 1613 1164 carentem
1640 1127 1837 1165 aerem.
1881 1110 2093 1164 Etenim

515 1203 735 1269 proprie
752 1202 1007 1257 dicuntur
1040 1204 1277 1258 tenebrae
1305 1217 1430 1257 cum
1460 1201 1640 1258 lumen
1668 1202 1841 1257 abest.
1874 1202 1941 1256 Et
1967 1217 2097 1257 con-

515 1296 745 1347 suetudo
780 1296 1033 1349 tenebras
1062 1296 1352 1348 obscurum
1398 1310 1583 1349 aerem
1632 1302 1813 1361 vocat,
1858 1295 1942 1351 vel
1968 1310 2097 1365 spe-

512 1388 653 1443 ciem
682 1388 827 1443 aeris
852 1397 1196 1453 nocturnam,
1230 1386 1312 1441 vel
1344 1401 1413 1441 ex
1441 1386 1547 1442 alio
1574 1387 1875 1444 accidente.

582 1614 859 1671 Tenebras
892 1614 1207 1685 palpabiles,
1234 1612 1423 1685 quales
1471 1620 1763 1669 senserunt
1790 1609 2093 1682 Egyptii‘,

512 1706 719 1763 duabus
747 1709 811 1762 de
843 1709 1022 1763 causis
1051 1708 1155 1763 dici
1190 1708 1325 1773 vult,
1364 1707 1451 1763 vel
1484 1707 1636 1776 quod
1677 1705 1936 1775 splendor
1973 1702 2095 1757 nul-

2202 557 2389 627 φασίν.
2461 557 2722 628 Ἀκραδὲ
2751 556 2990 625 εὐλόγως
3040 558 3214 611 ταῦτα
3263 560 3532 624 καλεῖται,
3586 559 3673 613 δτι
3721 560 3794 630 γῆ

2201 642 2303 713 μὲν
2358 643 2584 715 κέντρον
2613 644 2708 697 τοῦ
2752 646 2953 708 παντὸς
2989 646 3263 717 ἐπέχουσα
3294 646 3542 703 κάτωθεν
3573 649 3797 703 πάντων

2198 736 2347 789 ἐστὶν
2404 738 2568 808 ἀρχὴ,
2618 739 2790 809 πέρας
2816 737 2875 791 δὲ
2914 739 2943 791 ὁ
2978 739 3155 793 πάντα
3210 740 3485 811 περιέχων
3527 742 3789 811 οὐρανός.

2200 828 2369 881 Πάλιν
2399 828 2606 883 ἀνωθεν
2640 830 2786 901 ἁρχὴ
2825 830 2924 899 μέν
2952 833 3100 885 ἐστιν
3122 833 3151 885 ὁ
3177 831 3431 904 οὐρανὸς,
3465 835 3643 904 πέρας
3676 833 3735 886 δὲ
3756 835 3793 903 ἡ

2199 919 2294 989 γῆ.
2318 920 2475 973 Μέσα
2495 920 2551 973 δὲ
2573 920 2719 991 ὕδωρ
2770 922 2864 975 καὶ
2897 922 3008 993 ἀὴρ
3056 923 3151 976 καὶ
3209 923 3346 995 πῦρ.
3378 925 3473 978 Διό
3498 942 3669 995 φησιν
3694 926 3795 992 ἑφ-

2200 1011 2349 1080 εξῆς
2379 1011 2490 1065 Kal
2527 1013 2751 1080 σκότος
2764 1014 2965 1067 ἐπάνω
2981 1012 3088 1081 τῆς
3114 1014 3415 1083 ἀϐύσσου,
3442 1017 3624 1088 τὸμὲν
3652 1016 3796 1089 ὕδωρ

2200 1102 2477 1157 ἄϐυσσον
2508 1104 2701 1170 εἰπὼν,
2731 1106 2791 1157 τὸ
2818 1105 2879 1159 δὲ
2923 1104 3117 1169 σκότος
3163 1106 3255 1160 τὸν
3284 1108 3595 1177 ἀφώτιστον
3622 1109 3793 1176 ἀέρα·

2202 1197 2297 1249 καὶ
2344 1196 2452 1267 γάρ
2483 1197 2691 1267 κυρίως
2733 1198 2925 1261 σκότος
2953 1197 3104 1251 ἐστὶν
3128 1198 3163 1268 ὴ
3191 1199 3285 1252 τοῦ
3318 1202 3497 1268 φωτὸς
3525 1202 3795 1255 ἀπουσία.

2201 1288 2309 1341 Καὶ
2342 1289 2375 1358 ή
2410 1288 2666 1357 συνήθεια
2688 1289 2745 1342 δὲ
2768 1289 2961 1354 σκότος
2994 1290 3085 1346 τὸν
3110 1291 3418 1362 ἀφώτιστον
3451 1292 3604 1361 λέγει
3632 1293 3796 1365 ἀέρα,

2199 1381 2318 1449 ήτοι
2346 1380 2407 1433 τὸ
2435 1380 2751 1449 νυκτερινὸν
2788 1381 2883 1435 τοῦ
2942 1382 3107 1453 ἀέρος
3162 1383 3494 1455 κατάστημα
3523 1385 3558 1455 ἢ
3602 1387 3700 1439 καὶ
3735 1386 3798 1438 τὸ

2202 1470 2373 1533 ἄλλως
2397 1488 2514 1535 πως
2546 1470 2868 1541 συμδαϊνον.

2270 1608 2393 1663 Ὀτι
2418 1609 2480 1661 τὸ
2504 1610 2827 1681 ψηλαφητὸν
2855 1609 3050 1674 σκότος
3098 1612 3213 1673 τοῖς
3241 1609 3566 1678 Αἰγυπτίοις
3602 1610 3797 1671 σκότος

2199 1700 2520 1772 ψηλαφητδν
2575 1702 2828 1773 εἰρῆσθαι
2893 1702 2984 1757 διὰ
3008 1702 3105 1755 δύο
3142 1702 3343 1767 αἰτίας,
3383 1702 3521 1773 ήὸτι
3548 1702 3798 1772 μηδεμία

513 1800 600 1856 los
642 1800 883 1856 caelestis
908 1799 1186 1855 immistus
1208 1809 1293 1855 est
1319 1800 1457 1863 aeri,
1480 1800 1548 1854 ob
1578 1796 1902 1851 densitatem
1949 1794 2088 1863 ejus.

2202 1795 2360 1857 ἀκτὶς
2420 1795 2530 1847 τῶν
2591 1794 2858 1866 οὐρανίων
2915 1797 3247 1865 είσεκρίνετο
3269 1794 3348 1865 τῷ
3379 1796 3503 1867 ἀέρι
3559 1794 3651 1849 διά
3698 1794 3799 1865 τήν

513 1901 572 1945 ut
604 1891 834 1961 palpari,
876 1900 930 1945 et
971 1890 1118 1961 tangi
1147 1905 1240 1960 per
1277 1889 1643 1944 resistentiatn
1669 1902 1699 1941 a
1730 1886 2088 1955 contingenti-

2198 1885 2398 1957 πολλὴν
2432 1886 2596 1940 αὑτοῦ
2658 1886 2948 1958 παχύτητα
2996 1889 3093 1941 καὶ
3144 1881 3257 1941 οἷον
3312 1886 3646 1957 ψηλαφητὴν
3699 1888 3797 1942 καὶ

512 1987 614 2042 bus
645 1998 809 2056 queat
839 2006 852 2042 :
886 1988 970 2041 vel
1015 1986 1159 2056 quod
1189 1983 1461 2053 tangendo
1491 1981 1708 2037 duriora
1749 1991 1978 2046 corpora
2006 1975 2091 2029 in-

512 2084 626 2129 star
650 2089 915 2129 caecorum
947 2074 1028 2129 sic
1074 2073 1510 2144 progrediantur.
1546 2080 1600 2125 et
1623 2070 1723 2123 hoc
1743 2069 1859 2137 ipso
1892 2081 2093 2137 cegno-

510 2178 665 2223 soant
690 2167 770 2221 sic
801 2175 1109 2222 attrectata.
1134 2166 1365 2233 Abyssus
1390 2166 1455 2217 ab
1478 2162 1731 2231 omnibus
1759 2159 1923 2213 multa
1952 2172 2092 2227 aqua

511 2260 733 2321 dicitur,
766 2270 821 2313 et
852 2259 904 2312 in
929 2256 1259 2327 profundum
1291 2257 1564 2321 demersa,
1592 2267 1863 2324 quamque
1895 2265 2093 2321 capere

510 2368 617 2405 non
648 2350 908 2414 valemus,
940 2364 1041 2405 nec
1066 2350 1238 2405 oculis
1277 2350 1558 2419 consequi.

582 2465 703 2520 Ideo
749 2463 1134 2520 etiam‘Moses
1175 2464 1435 2535 abyssum
1491 2463 1631 2518 hanc
1669 2475 1865 2531 aquam
1910 2465 2090 2522 vocat,

512 2556 619 2611 nisi
653 2557 795 2625 quod
826 2557 991 2611 etiam
1026 2556 1246 2612 nomine
1269 2570 1426 2625 aqua:
1455 2555 1720 2608 nominet.
1756 2552 1829 2605 Ac
1859 2548 2092 2618 Spiritus

509 2650 648 2703 enim
674 2648 866 2719 323b
932 2648 1145 2703 Domini
1178 2648 1447 2717 ferebatur
1506 2662 1660 2715 super
1695 2661 1882 2715 aquas.
1920 2642 2094 2711 Super

511 2756 683 2811 aquas
729 2743 875 2796 enim
920 2756 1015 2795 aer
1062 2742 1177 2809 ipse
1211 2740 1445 2795 innatat.
1472 2738 1685 2793 Nomen
1730 2746 1910 2789 autem
1950 2733 2093 2788 aeris

510 2831 691 2889 Iloses
716 2849 823 2888 non
857 2833 1138 2902 usurpavit
1170 2849 1185 2887 ;
1223 2831 1303 2884 vel
1336 2846 1400 2887 eo
1434 2830 1577 2899 quod
1610 2828 1820 2883 llebrzei
1855 2825 2089 2880 nondum

509 2936 718 2980 certum
753 2926 861 2979 aeri
918 2940 1112 2978 nomen
1166 2924 1468 2987 dedissent,
1518 2922 1599 2976 vel
1633 2921 1774 2988 quod
1823 2916 2094 2971 sulliceret

510 3018 646 3073 Mosi
678 3018 942 3073 vocabulo
984 3033 1134 3083 aqua:
1169 3028 1461 3085 tttrumque
1509 3016 1791 3069 denotare.
1842 3009 2091 3076 Magnam

509 3106 658 3162 enim
683 3122 778 3162 aer
808 3117 865 3161 ct
898 3123 1037 3176 aqua
1086 3107 1525 3162 communionem
1559 3103 1781 3165 habent,
1812 3107 1868 3154 et
1895 3097 2091 3166 saepius

510 3199 565 3254 in
590 3201 942 3269 sequentibus
972 3199 1073 3252 hoc
1109 3198 1327 3253 nomine
1369 3200 1435 3252 de
1464 3205 1695 3266 utroque
1729 3194 1922 3247 utitur.

2194 1977 2499 2048 δυναμένην
2550 1979 2805 2052 αἴσθησιν
2861 1980 3185 2044 ἀντιτυπίας
3243 1981 3357 2041 τοῖς
3407 1979 3797 2049 ἐπαφωμένοις

2195 2069 2478 2140 παρέχειν,
2509 2070 2542 2141 ἢ
2572 2072 2653 2124 ὅτι
2688 2069 2780 2124 διὰ
2805 2069 2867 2124 τὸ
2893 2068 3214 2141 ψηλαφητὸν
3245 2072 3317 2123 τὰ
3344 2067 3796 2140 στερεμνιιὶντερα

2192 2160 2303 2214 τῶν
2362 2162 2633 2231 σωμάτων
2661 2161 2820 2233 δίκην
2872 2161 3093 2231 τυφλῶν
3120 2163 3217 2216 καὶ
3245 2161 3388 2215 οὕτω
3412 2163 3510 2225 τὰς
3548 2161 3796 2231 μεταδα-

2196 2270 2312 2319 σεις
2337 2254 2632 2320 ποιεῖσθαι,
2660 2253 2695 2326 ἢ
2726 2255 2822 2309 καὶ
2863 2256 2997 2310 αὐτὸ
3028 2254 3197 2309 τοῦτσ
3233 2255 3521 2327 γνωρίζειν
3554 2254 3703 2309 οὕτω
3729 2257 3795 2310 τά

2192 2344 2591 2417 ψηλαφώμενα.

2267 2460 2391 2514 Ὅτι
2405 2460 2678 2527 ἄϐυσσος
2694 2462 2848 2533 παρά
2874 2464 3007 2517 πᾶσι
3023 2463 3084 2515 τὸ
3110 2462 3248 2516 πολὺ
3268 2461 3511 2516 καλεῖται
3531 2461 3684 2531 ὕδωρ
3704 2462 3795 2515 καὶ

2195 2551 2276 2614 εἰς
2306 2550 2467 2621 βάθος
2509 2553 2721 2623 χωροῦν
2748 2554 2991 2624 ἀληπτον
3012 2557 3168 2625 ἡμῖν,
3194 2556 3345 2624 παρά
3386 2556 3447 2608 τὸ
3490 2554 3723 2625 μηνύειν
3752 2554 3796 2586 ⁷⁸

2196 2643 2277 2705 είς
2310 2643 2477 2695 αὐτό·
2523 2644 2605 2697 διὸ
2652 2647 2749 2700 καὶ
2800 2647 3010 2717 Μωσῆς
3058 2647 3299 2702 ἀδυσσον
3348 2648 3529 2700 έκεῖνο
3558 2647 3623 2700 τὸ
3650 2646 3795 2717 ὕδωρ

2195 2734 2367 2787 καλεῖ.
2396 2734 2542 2805 Πλὴν
2572 2739 2665 2790 καὶ
2691 2737 2839 2809 ὕδωρ
2866 2740 2998 2792 αὐτὸ
3024 2737 3409 2809 κατονομάζεν
3450 2739 3567 2793 Kal
3598 2739 3784 2793 πνεῦ·

2190 2842 2276 2895 μα
2314 2826 2423 2896 γὰρ
2462 2829 2611 2883 Θεοῦ
2636 2829 2965 2901 ἐπεφέρετο
2984 2831 3185 2886 ἐπάνω
3224 2831 3331 2887 τοῦ
3358 2831 3583 2898 ὕδατος
3610 2846 3628 2863 ·
3663 2833 3777 2895 τοῖς

2196 2913 2351 2969 ’ύδασι
2376 2918 2485 2988 γὰρ
2514 2919 2624 2991 ἀήρ
2638 2923 2979 2993 ἐπινήχεται.
3004 2923 3148 2977 Αὐτὸ
3164 2923 3222 2976 δὲ
3242 2923 3303 2976 τὸ
3318 2921 3414 2976 τοῦ
3436 2923 3601 2994 ἀέρος
3623 2922 3795 2992 ὄνομα

2194 3007 2348 3076 παρὰ
2367 3011 2431 3079 τῇ
2462 3011 2745 3076 Μωῦσέως
2779 3013 2881 3067 οὐκ
2911 3012 3027 3067 έστι
3054 3015 3263 3084 γραφῇ,
3289 3014 3324 3084 ἢ
3356 3014 3529 3083 μήπω
3558 3012 3795 3082 ἐχούσης

2192 3096 2315 3149 τότε
2335 3098 2377 3130 ⁷⁸
2405 3100 2504 3171 τῆς
2541 3102 2822 3173 Ἐϐραΐδος
2852 3106 3131 3160 διαλέκτου
3185 3105 3575 3176 ἀφωρισμένον
3623 3105 3795 3173 ὄνομα

2115 3178 2158 3235 C
2194 3186 2272 3259 τῷ
2345 3190 2508 3263 ἀέρι,
2539 3192 2666 3266 [528
2718 3196 2811 3270 IL]
2868 3197 2903 3268 ἢ
2948 3198 3291 3279 ἀρκουμένου
3340 3197 3625 3259 Μωῦσέως
3706 3195 3795 3249 διὰ

506 3291 607 3344 τοῦ
639 3293 859 3358 ὕδατος
884 3294 982 3361 τῆς
1007 3292 1193 3361 φωνῆς
1220 3290 1388 3359 ἄμφω
1426 3287 1619 3360 δηλοῦν
1650 3305 1665 3321 ο
1702 3286 1872 3355 πολλὴ
1916 3285 2025 3354 γὰρ
2064 3279 2258 3345 ὓδατος
2301 3286 2399 3339 καὶ
2435 3286 2597 3360 ἀέρος
2632 3291 2665 3360 ἡ
2694 3290 2968 3357 κοινωνία,
3024 3289 3122 3344 καὶ
3142 3288 3403 3353 πολλάκις
3437 3289 3497 3342 ιν
3525 3289 3641 3351 τοῖς
3668 3286 3794 3358 ἑξῆς

512 3388 597 3441 ἐπ’
625 3386 827 3456 ἀμφοῖν
847 3386 1115 3456 κέχρηται
1144 3382 1224 3454 τῷ
1247 3383 1495 3453 ὀνόματι.

579 3520 755 3575 Moses
802 3518 1117 3589 angelorum
1174 3530 1475 3586 eorumque
1535 3513 1831 3570 creationis
1883 3512 2086 3568 nullam

509 3610 841 3666 mentionem
870 3609 1019 3675 facit,
1046 3607 1203 3677 quasi
1231 3606 1418 3661 mundi
1458 3605 1744 3659 historiam
1786 3603 2086 3673 scripserit.

510 3699 711 3755 Verum
748 3715 855 3754 non
880 3708 965 3754 est
1006 3698 1294 3753 dicendum
1325 3697 1459 3751 istos
1501 3696 1663 3750 simul
1696 3696 1972 3750 exstitisse
2005 3692 2087 3750 vel

508 3803 632 3863 post
661 3792 857 3847 coelum
892 3792 1062 3845 laetos
1093 3804 1234 3855 esse,
1267 3789 1359 3844 sed
1393 3798 1551 3843 antea
1579 3805 1594 3855 ;
1635 3788 1796 3857 idque
1833 3803 1863 3843 e
1905 3802 2087 3842 rerum

508 3890 730 3946 natura,
776 3882 1059 3950 sacrisque
1117 3880 1337 3934 Litteris
1386 3890 1618 3934 conatur
1656 3879 2032 3933 demonstrare
2069 3894 2085 3932 :

508 3976 822 4044 depugnans
852 3975 1061 4030 scilicet
1088 3974 1349 4029 adversus
1374 3971 1721 4028 Theodorum
1751 3970 1975 4041 ejusque
2000 3984 2089 4025 ra-

510 4068 707 4131 tiones,
738 4067 935 4137 quibus
966 4066 1188 4137 angelos
1236 4081 1339 4120 una
1388 4081 1514 4121 cum
1568 4065 1720 4121 coalis
1750 4064 1920 4120 laetos
1967 4077 2089 4118 esse

507 4159 737 4223 asserit,
788 4170 843 4214 et
892 4173 1145 4229 magnum
1188 4157 1450 4213 Basilium
1505 4159 1748 4227 ejusdem
1803 4158 2088 4213 sententia}

506 4249 805 4313 adducens,
836 4264 934 4318 pro
969 4264 1075 4318 quo
1101 4249 1265 4304 etiam
1296 4250 1512 4304 videtur
1544 4250 1956 4305 decertandum.
1988 4248 2089 4303 Re-

505 4356 737 4396 ccnseus
769 4341 935 4411 igitur
981 4342 1296 4396 summatim
1336 4341 1851 4408 demonstrationes,
1885 4342 2087 4411 quibus

507 4432 600 4488 ille
633 4433 850 4501 angelos
881 4449 1003 4486 cum
1046 4435 1248 4489 mundo
1276 4450 1380 4489 non
1425 4433 1586 4489 simul
1615 4443 1833 4488 creatos
1864 4432 2079 4502 probat,

502 4526 686 4579 addit:
719 4522 847 4579 Vide
884 4526 1100 4579 tandem
1128 4541 1191 4580 ex
1228 4527 1421 4596 quibus
1458 4525 1696 4581 cmlestis
1719 4540 1906 4580 eorum
1932 4534 2086 4580 ortus

503 4624 737 4671 constet.
767 4616 969 4681 Primo,
999 4615 1139 4685 quod
1168 4632 1267 4671 nec
1294 4616 1493 4681 Moses,
1535 4631 1633 4671 nec
1663 4616 1767 4669 alia
1801 4613 2083 4684 Scriptura

2255 3513 2377 3567 Ὀτι
2392 3514 2521 3578 τοὺς
2545 3513 2811 3582 ἀγγέλους
2833 3514 2928 3567 καὶ
2946 3514 2992 3545 ⁸⁸
3013 3512 3264 3585 μηδαμοῦ
3288 3513 3385 3584 τῆς
3404 3514 3792 3584 προαγωγῆςη

2189 3607 2370 3660 αὐτῶν
2419 3607 2665 3679 ἐμνήσθη
2723 3606 2954 3676 Μωσῆς,
2987 3607 3083 3661 an:
3132 3608 3241 3660 τῶν
3289 3608 3603 3678 έγκοσμίων
3640 3610 3789 3662 ἱστο-

2194 3698 2316 3770 ρίαν
2366 3698 2717 3767 παραδιδοὺς,
2769 3698 2885 3752 ἀλλ’
2921 3694 3015 3753 οὖν
3054 3698 3176 3751 οὐδὲ
3204 3698 3285 3751 δεῖ
3331 3698 3513 3767 λέγειν
3555 3699 3635 3764 ὠς
3668 3717 3790 3753 συν-

2191 3790 2525 3862 υπέστησαν,
2556 3793 2741 3862 φησιν,
2766 3792 2799 3863 ἢ
2830 3792 2925 3847 καλ⁵
2958 3792 3185 3863 ὓστερον
3213 3791 3503 3862 γεγόνασιν
3525 3792 3785 3863 οὐρανοῦ,

2189 3883 2455 3955 πρότερον
2486 3883 2563 3937 δέ.
2598 3885 2709 3938 Καὶ
2739 3885 2898 3939 τοῦτο
2960 3885 3222 3956 πειρᾶται
3266 3884 3361 3936 καὶ
3407 3885 3788 3953 φυσικώτερον

2188 3975 2283 4029 καὶ
2311 3977 2374 4029 ὲκ
2396 3974 2503 4028 τῶν
2530 3975 2689 4030 θείων
2705 3977 2918 4046 Λογίων
2950 3977 3333 4047 παριστάνειν,
3355 3974 3432 4039 ὡς
3456 3974 3621 4045 δῆθεν
3655 3975 3788 4045 πρὸς

2187 4070 2464 4141 Θεόδωρον
2485 4068 2611 4144 [996
2633 4068 2725 4142 IL]
2750 4069 3191 4141 ἀπομαχόμενος,
3217 4067 3312 4122 καὶ⁵
3332 4066 3433 4131 τὰς
3460 4066 3597 4139 παρ’
3620 4064 3784 4119 αὐτοῦ

2189 4163 2561 4234 κομιζομένας
2615 4161 2921 4227 ἀποδείξεις
2947 4162 3030 4215 ὅτι
3079 4161 3176 4214 σὺν
3222 4160 3440 4232 οὐρανῷ
3487 4160 3785 4230 γεγόνασιν

2187 4252 2721 4323 ἀνασκευαζόμενος,
2753 4252 2847 4306 καὶ
2882 4251 3173 4321 σύμφωνον
3200 4251 3293 4304 τὸν
3317 4250 3491 4321 μέγαν
3526 4251 3785 4320 ἐπικομι-

2188 4344 2416 4415 ζόμενος
2442 4345 2742 4409 Βασίλειον,
2770 4344 2910 4415 ὑπὲρ
2926 4337 2987 4397 οὗ
3012 4343 3106 4396 καὶ
3127 4343 3275 4397 δοκεῖ
3302 4342 3566 4414 Θεοδώρῳ
3585 4343 3785 4413 διαμά-

2188 4437 2403 4509 χεσθαι.
2421 4435 3015 4507 Ἀνακεφαλαιούμενος
3041 4429 3133 4489 οὖν
3158 4434 3255 4497 τὰς
3281 4432 3586 4500 ἀποδείξεις
3610 4434 3679 4487 δι’
3715 4426 3786 4486 ὧν

2188 4529 2313 4592 τοὺς
2338 4529 2603 4597 ἀγγέλους
2630 4528 2708 4599 μὴ
2732 4525 3138 4597 συνυποστῆναι
3169 4525 3250 4596 τῷ
3281 4524 3472 4597 κόσμῳ
3515 4527 3784 4596 παριστά-

2190 4638 2301 4674 νειν
2330 4621 2623 4691 ήγώνιστο,
2647 4621 2802 4690 φησὶ,
2836 4619 3058 4673 Σκόπει
3103 4620 3314 4673 τοίνυν
3334 4619 3404 4672 ἐκ
3441 4619 3659 4672 πόσων
3691 4621 3786 4673 αὐ·

503 4723 658 4763 sacra
698 4710 830 4764 dicit
874 4725 999 4763 cum
1049 4711 1187 4765 coelo
1238 4711 1413 4764 factos
1446 4724 1585 4764 esse.
1633 4709 1886 4763 Secundo
1931 4707 2075 4777 quod

2196 4713 2369 4781 τῶνή
2426 4714 2830 4783 ὑπερκόσμιος
2891 4712 3192 4781 συνῆκται
3245 4711 3505 4782 γένεσις.
3556 4711 3626 4764 ἐκ
3682 4711 3783 4765 τοῦ

504 4817 611 4855 non
631 4802 740 4856 sint
758 4817 1010 4871 corpora,
1031 4817 1130 4856 nec
1157 4803 1477 4871 corporibus
1506 4802 1780 4870 organicis
1815 4811 1872 4853 ut
1896 4802 2079 4853 anima

502 4904 691 4964 postea
731 4895 914 4949 vincti.
959 4893 1168 4959 Tertio,
1220 4910 1251 4949 e
1302 4893 1511 4949 cmlesti
1565 4909 1753 4949 eorum
1809 4893 2073 4963 potentia.

503 4986 729 5053 Quarto,
781 4988 922 5056 quod
974 4987 1143 5042 Deum
1191 4986 1409 5041 assidue
1440 4986 1694 5051 videant;
1728 4986 1927 5055 quibus
1952 5000 2077 5039 om-

500 5082 662 5135 nibus
696 5091 960 5134 creaturae
994 5078 1282 5133 mundana;
1315 5087 1525 5132 carent.
1559 5076 1779 5142 Quinto,
1817 5078 1958 5145 quod
1991 5078 2072 5129 ir-

501 5170 796 5228 rationales
824 5170 1021 5226 animae
1050 5188 1174 5226 cum
1210 5171 1535 5241 corporibus
1572 5184 1677 5223 non
1716 5170 1825 5222 sint
1860 5179 2079 5232 creatae,

497 5262 603 5317 etsi
627 5262 746 5317 sine
771 5262 1098 5332 corporibus
1128 5276 1252 5317 esse
1284 5268 1578 5328 nequeant.
1599 5258 1907 5324 Postremo,
1935 5261 2079 5328 quod

497 5354 780 5411 hominum
809 5358 1050 5419 animus,
1082 5369 1151 5409 ne
1189 5369 1309 5408 cum
1343 5353 1563 5425 proprio
1592 5368 1818 5425 corpore
1854 5355 2076 5427 quidem

580 5538 598 5575 ⁸
637 5536 809 5592 Exod.
842 5553 897 5599 κ,
929 5535 1017 5588 21.

2186 4806 2342 4876 μήτε
2393 4806 2611 4861 Μωσέα
2653 4806 2791 4876 μήτ’
2830 4806 3031 4874 ἀλλην
3079 4808 3493 4861 θεόπνευστον
3523 4804 3780 4875 Γραφὴν

2192 4899 2312 4969 ἅμα
2341 4898 2421 4965 τῷ
2455 4900 2661 4969 κόσμῳ
2702 4897 3011 4969 γεγονέναι
3056 4898 3281 4962 αὐτοὺς
3320 4897 3534 4962 εἰπεῖν,
3561 4897 3633 4951 ἐκ
3680 4896 3780 4951 τοῦ

2186 4994 2339 5062 μήτε
2366 4990 2611 5061 σώματα
2653 4987 2806 5046 εἶναι
2856 4990 3010 5061 μήτε
3043 4990 3445 5045 συνδεδέσθαι
3500 4989 3779 5059 σώμασιν

2192 5083 2531 5153 ὀρτανικοῑς
2567 5082 2770 5153 ὥσπερ
2815 5083 2930 5153 τὴν
2963 5084 3258 5153 ἡμετέραν
3311 5082 3549 5152 ψυχὴν,
3577 5083 3650 5136 ἐκ
3677 5082 3779 5148 τῆς

2190 5176 2601 5246 ὺπερκοσμίου
2638 5175 2946 5246 δυνάμεως
2989 5176 3208 5242 αὐτῶν,
3241 5176 3310 5241 ἐξ
3342 5170 3430 5229 ὧν
3472 5175 3543 5228 τὸ
3611 5176 3777 5229 Θεῖον

2190 5264 2483 5335 διηνεκῶς
2517 5268 2867 5337 θεωροῦσιν,
2920 5262 3008 5323 ὧν
3050 5267 3231 5321 οὐδὲν
3286 5265 3404 5321 τῶν
3437 5267 3775 5337 ἐγκοσμίων

2187 5356 2446 5428 μετέχει·
2478 5358 2548 5414 ἐκ
2575 5358 2681 5413 τοῦ
2706 5359 2863 5430 μηδὲ
2888 5360 2995 5426 τὰς
3023 5358 3286 5429 ἀλόγους
3310 5357 3519 5428 ψυχὰς
3542 5372 3772 5429 συγκα-

1809 5698 2047 5757 VARUS
2078 5696 2489 5756 LECTIONES.

582 5813 628 5855 ⁷⁸
654 5804 908 5882 μηνύειν]
936 5808 1043 5865 ἱιυυ
1072 5807 1145 5880 μὴ
1171 5808 1335 5867 δύειν.
1365 5813 1437 5871 cl.
1462 5813 1636 5888 Etym.
1680 5817 1749 5874 M.
1827 5822 1871 5862 ’θ
1901 5819 2045 5891 τότε]
2076 5819 2195 5873 libri
2228 5820 2306 5873 τό.
2388 5819 2433 5852 ⁸ο
2468 5816 2585 5892 καὶ]
2619 5818 2732 5891 Ινεε
2762 5818 2808 5872 εί
2843 5818 2952 5873 καὶ.
