4066 6446
525 394 663 460 1215

1655 390 1916 453 PlIOTII
1953 388 2457 452 PATRIARCHE
2488 390 2594 451 CP.

3635 395 3778 462 1216

522 518 704 564 autem
762 505 931 561 altera
991 511 1145 574 parte
1203 501 1422 557 Taurus
1483 501 1875 555 conterminam
1937 497 2100 553 Indiae

2202 497 2300 568 τὴν
2328 499 2526 570 ὅμορον
2558 502 2623 570 τῇ
2670 498 2863 572 Ἰνδικῇ
2914 501 3147 557 Σκυθίαν
3174 505 3375 570 πᾶσαν,
3415 506 3560 561 κατά
3588 506 3783 561 Μαιῶ-

523 598 803 667 Scythiam
838 611 1051 658 omnem
1104 596 1257 665 juxta
1320 594 1648 655 Mmotidem,
1708 599 1762 645 et
1816 589 2097 645 sinistrum

526 692 789 753 Pontum,
851 687 1039 756 viginti
1098 686 1322 740 millium
1386 686 1684 740 stadiorum
1744 681 2095 751 longitudine.

525 780 756 833 Tantum
804 778 947 833 enim
992 786 1151 832 teme
1194 778 1409 831 modum
1459 774 1841 844 complectitur
1871 772 2098 827 Caucasi

525 871 783 924 ambitus.
840 868 993 934 Quod
1036 878 1213 922 autem
1263 876 1448 922 nostra
1496 881 1561 921 ex
1611 875 1763 935 parte
1796 863 2096 934 appellatus

526 960 739 1014 Taurus
777 975 938 1028 supra
986 959 1300 1013 Armeniam
1346 958 1726 1027 prwtendatur,
1762 956 1906 1025 quod
1940 953 2098 1023 longo

530 1061 771 1120 tempore
831 1052 1094 1105 creditmn
1152 1064 1258 1103 non
1314 1057 1426 1111 est,
1479 1055 1743 1102 testantur
1798 1046 2097 1115 pantherae,

529 1158 665 1211 quas
704 1144 756 1197 in
795 1141 1120 1213 Pamphylia:
1153 1153 1340 1210 parte,
1403 1155 1522 1208 qum
1577 1148 1818 1193 aromata
1871 1136 2099 1207 profert,

525 1247 711 1302 captas
752 1248 876 1289 esse
923 1232 1307 1300 comperimus.
1338 1229 1495 1284 Tales
1538 1231 1683 1283 enim
1734 1228 1863 1283 ferae
1902 1227 2097 1300 32ήὸ

418 1398 423 1403 η
525 1325 857 1379 arnntalibus
896 1324 1153 1396 gaudent,
1190 1332 1245 1375 et
1293 1338 1355 1376 ex
1411 1322 1701 1392 longinquo
1746 1321 1967 1375 odorem
2018 1330 2101 1376 at-

525 1419 821 1482 trahentes,
845 1427 899 1471 et
924 1430 989 1470 ex
1019 1413 1276 1468 Armenia
1310 1430 1405 1484 per
1430 1426 1642 1468 montes
1670 1411 2096 1483 proficiscentes,

524 1512 592 1562 ad
631 1506 865 1578 styracis
908 1506 1175 1578 lacrymas
1208 1504 1476 1569 feruntur,
1510 1506 1721 1574 quoties
1761 1505 1902 1558 venti
1940 1504 2007 1559 ab
2036 1519 2099 1559 ea

524 1608 675 1667 parte
719 1597 910 1652 ﬂantes
966 1597 1034 1650 ab
1082 1597 1371 1651 arboribus
1418 1595 1471 1649 id
1520 1595 1721 1664 gnuimi
1771 1594 2101 1651 stillantibus

522 1690 744 1746 odorem
803 1690 1103 1759 perferunt.
1168 1686 1364 1755 Accepi
1436 1687 1600 1741 etiam
1675 1687 1725 1741 in
1782 1685 2100 1757 Pamphylia

524 1780 844 1848 pantheram
898 1790 1111 1848 captam
1172 1777 1357 1837 fuisse,
1399 1790 1620 1828 aureum
1669 1783 1912 1843 torquem
1953 1777 2097 1831 circa

523 1872 718 1926 Collum
766 1871 1052 1925 habentem
1097 1870 1373 1925 Armeniis
1422 1868 1617 1922 litteris
1666 1866 1970 1937 hujusmodi
2016 1869 2101 1922 in-
2130 1841 2174 1902 Β

522 1968 787 2033 scriptum
824 1981 837 2018 :
876 1963 986 2017 Rea:
1033 1964 1253 2016 Arsaces
1292 1963 1387 2015 deo
1428 1959 1646 2031 Nyswo.
1682 1960 1960 2030 Regnabat
2005 1978 2101 2015 au-

524 2065 628 2110 tem
687 2056 1021 2123 temporibus
1076 2053 1181 2108 illis
1234 2052 1285 2106 in
1337 2051 1591 2106 Armenia
1642 2050 1895 2107 Arsaces.
1942 2050 2012 2116 Is,
2046 2061 2102 2106 ut

521 2150 737 2215 opinor,
790 2147 958 2201 feram
1019 2143 1219 2199 eximia
1281 2158 1391 2212 prae
1451 2142 1665 2197 caneris
1728 2142 2101 2215 magnitudine

520 2238 735 2293 Baccho
777 2238 1035 2292 sacravit.
1095 2234 1341 2290 Bacchus
1384 2235 1528 2288 enim
1584 2230 1810 2306 Nysaeus
1854 2250 1883 2288 a
1927 2234 2099 2306 Nysa,

522 2348 642 2400 quae
672 2331 723 2383 in
765 2329 913 2385 ludia
945 2338 1048 2393 est,
1077 2337 1443 2397 nuncupatur,
1479 2342 1583 2381 non
1620 2327 1686 2381 ab
1722 2326 1866 2381 Indis
1900 2327 2097 2395 solum,

523 2424 614 2475 sed
646 2419 895 2475 omnibus
938 2418 1210 2488 gentibus,
1244 2431 1362 2486 quae
1405 2417 1470 2471 ad
1515 2416 1787 2472 Orientem
1830 2425 2096 2487 spectant.

522 2512 617 2564 Illa
669 2527 823 2575 vero,
869 2525 1031 2580 quam
1094 2508 1229 2573 dixi,
1305 2508 1419 2561 fera
1471 2508 1711 2561 cicurata
1762 2509 1829 2563 ab
1881 2508 2101 2564 homine

523 2606 834 2673 aliquandiu
891 2615 1008 2668 est,
1066 2602 1346 2656 attrectari
1404 2599 1809 2669 demulcerique
1866 2602 2099 2672 patiens.

522 2694 858 2747 Adveniente
904 2702 1084 2746 autem
1135 2705 1281 2756 vere,
1329 2689 1419 2743 ubi
1476 2690 1689 2744 veneris
1734 2705 1852 2744 eam
1902 2690 2101 2761 cupido

522 2785 859 2848 Stimulavit,
910 2783 1077 2838 maris
1125 2783 1397 2837 desiderio
1451 2792 1591 2837 tacta
1651 2784 1703 2836 in
1755 2793 1966 2837 montes
2010 2799 2100 2839 se-

519 2876 706 2938 cessit,
738 2876 928 2930 eodem
962 2874 1103 2944 quod
1142 2872 1387 2943 gestabat
1430 2884 1773 2929 ornamento.
1806 2874 1971 2944 Capta
2004 2891 2101 2929 an-

519 2978 627 3021 tem
690 2966 866 3022 fuerat
921 2966 973 3019 in
1040 2963 1300 3021 inferiore
1355 2966 1524 3020 Tauri
1582 2976 1737 3036 parte
1795 2976 2097 3021 aromatum

517 3061 684 3113 odore
731 3058 941 3112 allecta.
974 3055 1253 3113 Caucasus
1285 3068 1487 3124 autem,
1531 3058 1762 3114 Mediam
1802 3069 1964 3128 atque
2011 3059 2101 3112 ln-

2202 589 2283 642 τίν
2313 607 2371 642 τε
2406 592 2501 645 καὶ
2555 592 2842 663 ἀριστερὸν
2873 595 3094 660 Πόντον,
3127 596 3357 650 σταδίων
3393 597 3631 667 μάλιστα
3660 600 3784 653 δισ-

2204 677 2414 749 μυρίων
2463 679 2675 749 μῆκος·
2731 680 2985 735 τοσοῦτον
3040 684 3149 755 γὰρ
3202 683 3388 755 ἐπέχει
3453 688 3653 756 μέτρον
3683 686 3788 756 τῆς

2200 770 2307 839 γῆς
2337 772 2365 824 ὁ
2391 770 2577 838 ἀγκὼν
2625 772 2720 825 τοῦ
2772 773 3089 829 Καυκάσου.
3120 772 3194 826 Τὸ
3215 774 3273 829 δὲ
3305 775 3434 848 περὶ
3496 777 3594 829 τοῦ
3628 777 3692 829 ἐν
3717 778 3787 847 τῇ

2201 864 2454 934 ἡμεδαπῇ
2509 862 2724 935 Ταύρου
2781 863 3093 936 λεγόμενον,
3124 866 3202 929 ὡς
3236 866 3377 937 ὑπὲρ
3423 867 3524 937 τὴν
3583 867 3788 937 Ἀρμε-

2201 955 2319 1008 νίαν
2358 955 2661 1026 πορεύοιτο,
2698 956 2875 1026 χρόνῳ
2905 956 3204 1028 ἀπιπηθέν
3233 959 3551 1013 πιστοῦνται
3596 960 3787 1012 λοιπὸν

2201 1048 2259 1102 αἱ
2288 1046 2578 1119 παρδάλεις
2601 1048 2667 1111 ἃς
2696 1043 2814 1101 οἶδα
2836 1048 3202 1121 ἁλισκομένας
3224 1052 3272 1083 ⁹¹
3304 1052 3362 1104 ἐν
3378 1054 3444 1122 τῇ
3463 1051 3787 1120 Παμφύλων

2200 1140 2615 1212 ἀρωματοφὸρῳ
2639 1156 2653 1170 ⁸
2682 1139 2934 1211 χαίρουσι
2962 1142 3070 1211 γάρ
3113 1143 3227 1206 τοῖς
3280 1140 3560 1213 ἀρώμασι,
3598 1142 3696 1196 καὶ
3722 1145 3787 1196 ἐκ

2202 1231 2399 1286 πολλοῦ
2453 1233 2552 1295 τὰς
2612 1232 2789 1302 ὀσμὰς
2818 1232 3073 1285 ἕλκουσαι
3103 1232 3361 1303 φοιτῶσιν
3390 1232 3450 1297 ἐξ
3485 1235 3784 1303 Ἀρμενίας

2201 1325 2289 1379 διά
2328 1324 2435 1379 τῶν
2482 1323 2625 1393 ὀρῶν
2656 1324 2791 1395 πρὸς
2823 1324 2883 1379 τὸ
2914 1323 3147 1395 δάκρυον
3191 1324 3283 1378 τοῦ
3312 1325 3605 1397 στύρακος,
3628 1328 3785 1380 ἐπει-

2201 1415 2297 1469 δάν
2330 1417 2383 1469 οἳ
2407 1433 2466 1469 τε
2495 1418 2685 1487 ἀνεμοι
2718 1419 2813 1471 ἀπ’
2848 1418 3027 1473 αὐτῶν
3053 1419 3327 1475 πνεύσωσι
3376 1422 3471 1475 καὶ
3496 1422 3568 1476 τὰ
3591 1421 3786 1493 δένδρα

2200 1508 2383 1579 ὁπὼδη
2413 1509 2656 1579 γένηται.
2681 1510 2794 1563 Καὶ
2820 1508 3025 1564 ἀλῶναί
3051 1510 3181 1564 ποτέ
3202 1529 3365 1580 φασιν
3392 1514 3450 1566 ἐν
3480 1513 3786 1583 Παμφυλίᾳ

2201 1598 2488 1669 πορδάλιον
2508 1599 2555 1631 ’³
2590 1599 2845 1671 στρεπτῷ
2879 1598 3016 1670 ἅμα,
3051 1598 3110 1656 ὃν
3142 1601 3272 1672 περὶ
3309 1602 3373 1673 τῇ
3408 1601 3542 1674 δέρῃ
3592 1601 3782 1673 ἔφερε·

2200 1688 2437 1760 χρυσοῦν
2470 1688 2525 1741 δὲ
2561 1683 2651 1759 ἦν,
2706 1688 2802 1743 καὶ
2831 1688 3222 1758 ἐπεγέγραπτο
3264 1690 3577 1761 Ἀρμενίοις
3606 1693 3789 1761 γράμο

2205 1798 2334 1851 μασι
2356 1780 2656 1848 Βασιλεὺς
2684 1781 2974 1850 Ἀρσάκης
2998 1781 3117 1848 Θεῷ
3144 1784 3364 1847 Νυσίῳ.
3390 1783 3658 1843 Βασιλεὺς
3691 1784 3789 1854 μὲν

2202 1873 2265 1944 δὴ
2307 1874 2605 1944 Ἀρμενίας
2663 1874 2785 1927 τότε
2817 1868 2885 1946 ἦν
2924 1876 3217 1948 Ἀρσάκης,
3268 1876 3365 1929 καὶ
3419 1876 3584 1940 αὐτὸς
3632 1872 3789 1946 οἶμαι

2206 1965 2329 2019 ίδὼν
2364 1967 2464 2038 τὴν
2492 1966 2811 2040 πόρδαλιν⁹δ
2835 1967 3004 2037 ἀνῆκε
3036 1965 3111 2040 τῷ
3139 1967 3402 2040 Διονυσίῳ
3425 1968 3513 2021 διὰ
3557 1968 3790 2039 μέγεθος

2202 2057 2296 2111 τοῦ
2325 2058 2512 2129 θηρίου
2543 2075 2556 2090 ο
2617 2057 2819 2122 Νύσιος
2869 2058 2977 2128 γὰρ
3005 2060 3032 2112 ὁ
3056 2060 3309 2124 Διόνυσος
3335 2059 3443 2114 ἀπὸ
3467 2060 3566 2129 τῆς
3593 2061 3650 2112 ἐν
3690 2060 3790 2111 Ἰν-

2201 2150 2308 2214 δοῖς
2378 2149 2600 2221 Νύσσης
2642 2150 2823 2213 Ἰνδοῖς
2850 2166 2909 2202 τε
2937 2148 3262 2218 ὀνομάζεται
3327 2150 3422 2202 καὶ
3480 2151 3618 2202 πᾶσι
3664 2152 3777 2209 τοῖς

2204 2244 2339 2314 πρὸς
2396 2244 2588 2298 ἀκτῖνα
2644 2241 2873 2297 ἔθνεσιν.
2919 2243 2984 2300 Ἡ
3006 2242 3063 2296 δὲ
3127 2242 3321 2315 χρόνον
3365 2241 3465 2313 μέν
3516 2260 3641 2295 τινα
3697 2241 3795 2294 ὑπο

2205 2335 2438 2405 εζεύχθη
2469 2333 2764 2405 ἀνθρώπῳ,
2794 2334 2891 2387 καὶ
2934 2334 3094 2405 χεῖρα
3131 2333 3389 2404 ἠνέσχετο
3413 2333 3794 2403 ὲπαφωμένην

2200 2446 2260 2481 τε
2295 2427 2391 2482 καὶ
2442 2425 2776 2496 καταψῶσαν
2802 2442 2817 2457 ⁸
2859 2427 2984 2479 ἐπεὶ
3004 2425 3060 2479 δὲ
3090 2426 3445 2498 ἀνοίστρησεν
3470 2425 3639 2496 αὐτὴν
3667 2425 3794 2497 ἔαρ,

2202 2518 2459 2588 ἀνέθορεν
2483 2520 2539 2579 ἐς
2579 2519 2647 2570 τά
2698 2518 2801 2589 ὅρη
2864 2516 3013 2587 πόθῳ
3065 2517 3332 2588 ἀρσένων,
3391 2515 3466 2578 ὡς
3520 2510 3637 2585 εἶχε
3698 2514 3794 2567 τοῦ

2202 2610 2431 2679 κόσμου,
2484 2608 2579 2660 καὶ
2630 2607 2744 2679 ἦλω
2799 2607 2927 2677 περὶ
2963 2606 3055 2660 τὸν
3105 2608 3256 2660 κάτω
3303 2606 3519 2676 Ταῦρον
3551 2606 3660 2659 ὑπὸ
3696 2604 3789 2657 τοῦ

2201 2702 2491 2772 ἀρώματος
2533 2698 2808 2769 ἐλχθεῖσα.
2851 2699 2909 2753 Ὁ
2941 2699 2999 2753 δὲ
3028 2698 3320 2761 Καύκασος
3354 2697 3529 2767 ὁρίζει
3559 2698 3659 2766 μὲν
3689 2697 3791 2768 τὴν

2213 2792 2442 2863 Ἰνδικὴν
2465 2791 2560 2845 καὶ
2607 2790 2705 2861 τὴν
2730 2790 3001 2865 Μηδικὴν,
3033 2789 3265 2861 καθήκει
3290 2790 3347 2843 δὲ
3375 2789 3469 2841 ἐπὶ
3495 2790 3595 2860 τὴν
3636 2787 3799 2860 Ἐρυ-

2202 2882 2339 2955 θράν
2400 2882 2675 2936 θάλασσαν
2741 2882 2914 2954 ἑτέρῳ
2963 2881 3195 2949 ἀγκῶνι.
3225 2879 3349 2933 ’Ὁτι
3400 2875 3798 2948 παραμείψανο

2201 2993 2303 3041 τας
2335 2978 2382 3010 ’⁸
2413 2977 2503 3031 τὸν
2544 2976 2842 3045 Καύκασον
2894 2973 3261 3046 τετραπήχεις
3304 2970 3631 3040 ἀνθρώπους
3666 2969 3799 3025 ἰδεῖν

2204 3085 2371 3139 φησιν
2390 3069 2458 3133 ⁸⁸,
2493 3066 2588 3132 οὒς
2627 3067 2731 3138 ήδη
2794 3063 3144 3136 μελαίνεσθαι
3188 3062 3284 3115 καὶ
3316 3061 3691 3130 πενταπήχεις
3742 3060 3799 3114 δέ

520 3151 662 3203 diam
719 3145 1037 3215 terminans,
1087 3149 1139 3203 in
1187 3165 1336 3204 mare
1388 3148 1629 3205 Rubrum
1686 3150 1859 3205 altero
1917 3151 2099 3205 cubito

2205 3162 2449 3231 ἐτέρους,
2507 3158 2648 3228 ὑπὲρ
2698 3158 2791 3211 τὸν
2838 3156 2998 3210 Ἰνδὸν
3032 3152 3277 3224 ποταμὸν
3307 3150 3434 3224 [550
3470 3150 3561 3222 1L]
3611 3148 3796 3201 ἐλθόν-

519 3240 820 3295 descendit.
854 3240 1293 3296 Transeuntibus
1335 3251 1516 3296 autem
1548 3240 1851 3297 Caucasum
1880 3244 2100 3313 quadri-

519 3331 732 3385 cubitos
781 3331 1029 3384 homines
1077 3330 1383 3383 occurrisse
1434 3330 1637 3392 ferunt,
1688 3332 1872 3385 colore
1908 3332 2098 3387 subni-

520 3438 685 3494 gros,
739 3423 985 3491 aliosque
1042 3422 1242 3477 vidisse
1292 3424 1595 3478 cubitorum
1646 3426 1917 3495 quinque,
1972 3441 2098 3482 cum

522 3526 670 3569 trans
708 3512 905 3568 ﬂumen
945 3513 1134 3568 ludum
1180 3516 1576 3582 pervenissent.
1612 3517 1750 3573 Cum
1793 3518 1906 3589 jam
1945 3535 2095 3574 mon-

523 3619 630 3661 tem
680 3607 1006 3678 transgressi
1045 3615 1246 3671 essent,
1296 3608 1397 3663 viri
1448 3621 1803 3665 occurrerunt
1849 3612 1940 3681 qui
1983 3613 2097 3667 ele-

522 3700 743 3770 phantis
794 3701 1147 3760 vehebantur.
1194 3702 1257 3757 Hi
1294 3710 1473 3757 autem
1517 3712 1665 3769 sunt,
1696 3704 1787 3772 qui
1825 3704 2096 3775 regionem

522 3792 708 3846 enlunt
748 3792 886 3844 intra
934 3791 1238 3849 Caucasum
1289 3805 1525 3849 montem
1567 3804 1621 3849 et
1649 3794 1959 3866 Cophenem
2003 3795 2101 3850 ﬂu-

524 3886 690 3953 vium,
729 3887 976 3944 homines
1017 3889 1176 3959 plane
1213 3888 1421 3955 inculti,
1454 3899 1507 3944 et
1543 3887 1955 3958 elephantorum
1988 3904 2101 3944 ses-

521 3992 696 4045 sores,
727 3994 956 4049 quorum
1002 3980 1091 4034 alii
1139 3980 1303 4036 etiam
1346 3979 1571 4036 camelis
1614 3980 1942 4045 insidebant,
1981 3981 2102 4048 qui-

523 4070 624 4125 bus
657 4072 723 4126 ad
760 4087 980 4126 cursum
1014 4080 1240 4126 utuntur
1284 4071 1423 4139 Indi,
1458 4073 1653 4141 hisque
1694 4088 1802 4128 uno
1836 4073 1923 4127 die
1957 4072 2102 4128 mille

521 4165 817 4219 stadiorqu
852 4164 954 4219 iter
984 4166 1297 4230 conticiunt,
1325 4172 1379 4219 et
1411 4179 1585 4235 genua
1624 4162 1810 4219 nullibi
1852 4164 2099 4220 ﬂectunt.

523 4255 710 4317 ludum
748 4255 966 4311 ﬂuvium
1004 4257 1318 4333 Apollonius
1349 4273 1473 4311 cum
1517 4255 1632 4311 suis
1675 4255 1907 4326 trajecit,
1948 4260 2102 4329 cujus

2197 3270 2317 3316 τας.
2367 3250 2549 3308 "Ott"
2578 3248 2923 3320 ὑπερϐάντας
2970 3248 3104 3321 φησὶ
3128 3247 3188 3299 τὸ
3212 3245 3337 3317 ὅρος
3359 3245 3451 3297 τὸν
3492 3242 3793 3297 Καύκασον

2200 3343 2451 3415 ἐντυχεῖν
2478 3343 2571 3397 ἐπὶ
2623 3342 2932 3411 ἐλεφάντων
2981 3340 3082 3411 ἠδη
3142 3338 3459 3407 ὁχουμένοις
3504 3334 3792 3404 ἀνδράσιν.

2198 3438 2318 3493 Εἰσὶ
2342 3438 2385 3492 δ’
2419 3427 2565 3489 οὗτοι
2588 3435 2746 3505 μέσοι
2764 3434 3063 3487 Καυκάσου
3093 3431 3188 3484 καὶ
3216 3427 3463 3505 ποταμοῦ
3499 3427 3793 3495 Κωφῆνος,

2198 3530 2343 3585 ἀόιοί
2367 3546 2427 3582 τε
2458 3528 2552 3581 καὶ
2583 3525 2809 3580 ἱππόται
2836 3523 2935 3595 τῆς
2968 3521 3173 3593 ἀγέλης
3201 3521 3428 3589 ταύτης.
3468 3519 3579 3572 Καὶ
3605 3517 3790 3585 κάμηο

2197 3624 2277 3678 λοι
2294 3623 2351 3677 δὲ
2373 3621 2549 3684 ἐνίους
2576 3616 2735 3692 ἦγον,
2758 3611 2849 3681 αἷς
2873 3616 3116 3687 χρῶνται
3158 3613 3310 3667 Ἰνδοὶ
3336 3613 3393 3675 ἐς
3432 3612 3501 3665 τά
3530 3610 3788 3680 δρομικὼ

2198 3711 2519 3784 πορεύονται
2548 3709 2604 3762 δὲ
2643 3708 2789 3779 χίλια
2843 3706 3033 3761 στάδια
3090 3704 3178 3758 διὰ
3232 3701 3333 3772 τῆς
3394 3700 3790 3771 ήμέρα;,γόνυ

2195 3801 2432 3874 οὐδαμοῦ
2491 3800 2799 3872 κάμψασαι.
2838 3796 3029 3851 "Ott"
3071 3795 3231 3851 Ἰνδὸν
3284 3793 3711 3866 ἐπεραιώθησαν
3746 3791 3795 3843 οἱ

2197 3900 2326 3965 περὶ
2398 3891 2757 3947 Ἀπολλώνιον
2822 3890 3071 3953 σταδίους
3130 3887 3364 3958 μάλιστα
3427 3893 3515 3956 μύ
3576 3886 3640 3937 τδ
3691 3883 3801 3953 γὰρ

2199 3987 2443 4059 πλώϊμον
2512 3985 2677 4041 αὑτοῦ
2737 3983 3012 4039 τοσοῦτον.
3078 3980 3241 4054 [1000
3277 3978 3374 4053 IL}
3410 3977 3715 4051 Ἀρχεσθαι
3745 3976 3801 4029 δέ

2200 4080 2364 4134 αὐτόν
2422 4095 2584 4147 φασιν
2608 4078 2674 4129 ὲκ
2702 4075 2795 4129 τοῦ
2860 4073 3157 4129 Καυκάσου
3214 4071 3384 4142 μείζω
3417 4070 3653 4123 αὑτόῦεν
3686 4067 3717 4137 ἦ
3747 4067 3795 4119 οἱ

2202 4171 2347 4227 κατά
2394 4170 2495 4242 τὴν
2563 4168 2746 4223 Ἀσίαν
2800 4165 3039 4238 ποταμοὶ
3088 4165 3308 4229 πάντες,
3368 4162 3686 4233 προχωρεῖν
3738 4156 3795 4212 δέ

2201 4262 2430 4326 πολλοὺς
2451 4260 2559 4314 τῶν
2585 4257 2932 4326 ναυσιπόρων
2966 4256 3167 4310 ἑαυτοῦ
3201 4252 3528 4324 ποιούμενον
3545 4252 3617 4305 θ’.

522 4346 769 4414 latitudo,
802 4363 905 4417 qua
960 4348 1265 4418 navigatur,
1307 4348 1499 4404 stadiis
1536 4347 1708 4403 ferme
1744 4365 1811 4403 ιι.
1853 4353 2215 4412 extenditur:
2249 4364 2429 4410 ortum
2498 4370 2529 4410 e
2574 4352 2823 4407 Caucaso
2870 4350 3039 4413 ducit,
3071 4358 3126 4404 et
3201 4347 3313 4417 jam
3396 4346 3523 4400 inde
3592 4344 3803 4398 caeteris

520 4443 665 4503 Asiae
700 4440 878 4495 ﬂuviis
909 4440 1080 4510 major
1112 4460 1126 4495 :
1160 4440 1353 4495 deinde
1384 4438 1685 4509 procedens
1712 4442 1914 4498 multos
1943 4447 2280 4518 navigabiles
2322 4447 2517 4502 ﬂuvios
2550 4461 2618 4501 ex
2653 4459 2711 4499 se
2747 4443 3021 4514 producit.

595 4534 746 4591 Ultra
794 4532 1012 4587 lluvium
1056 4542 1235 4587 autem
1274 4540 1561 4601 pergentes
1598 4531 1745 4601 ipsos
1772 4534 1877 4587 dux
1918 4550 1947 4589 a
1989 4534 2093 4591 Sa-

2271 4537 2429 4595 Ὅτι¹
2468 4537 2623 4606 φησὶ,
2666 4531 3041 4605 Πορευθέντας
3076 4528 3273 4592 αὐτοὺς
3316 4527 3457 4596 ὑπὲρ
3497 4527 3592 4579 τὸν
3641 4527 3804 4579 Ἰνδὸν

522 4638 675 4697 trapa
712 4627 890 4690 datus,
924 4635 1070 4678 recta
1114 4625 1179 4677 ad
1212 4621 1413 4676 Taxala
1443 4622 1596 4678 duxit
1629 4641 1643 4678 :
1680 4622 1770 4678 ubi
1800 4625 1948 4695 regia
1979 4637 2100 4683 erat

2202 4628 2479 4699 ποταμδν¹
2509 4622 2643 4699 ἦγεν
2672 4627 2701 4679 ὁ
2735 4624 2885 4694 παρὰ
2944 4621 3037 4675 τοῦ
3107 4620 3386 4691 σατράπου
3420 4617 3653 4688 ἡγεμὼν
3678 4618 3802 4671 εὐθῦ

523 4721 772 4783 Indorum
806 4718 965 4787 regis.
1009 4715 1107 4782 Qui
1136 4730 1292 4769 secus
1335 4713 1522 4769 Indum
1561 4714 1781 4772 ﬂuvium
1824 4718 2097 4787 habitant,

2202 4721 2311 4775 τῶν
2375 4717 2640 4783 Ταξίλων,
2668 4710 2729 4771 οὗ
2762 4714 2834 4769 τά
2866 4713 3113 4785 βασίλεια
3155 4706 3224 4782 ἦν
3254 4710 3332 4780 τῷ
3372 4708 3538 4779 Ἰνδῷ.
3608 4707 3805 4776 Στολὴν

520 4814 682 4871 lineis
708 4811 948 4865 vestibus
974 4807 1325 4863 amiciuntur.
1359 4803 1548 4862 Linum
1590 4820 1770 4864 autem
1802 4810 2093 4879 plurimum

2203 4812 2250 4867 δ’
2285 4807 2424 4865 εἶναι
2475 4813 2588 4873 τοῖς
2630 4807 2769 4879 μετὰ
2800 4807 2891 4859 τὸν
2934 4805 3098 4858 Ἰνδὸν
3127 4802 3275 4855 λίνου
3320 4802 3485 4869 φασὶν
3535 4801 3803 4870 ἐγχωρίου

522 4910 578 4964 in
632 4905 778 4976 agris
828 4901 1089 4957 nascitur.
1141 4898 1519 4955 Calceamenta
1568 4915 1636 4955 ex
1689 4916 1895 4972 papyro
1953 4900 2097 4957 facta

2206 4905 2301 4958 καὶ
2327 4902 2653 4973 ὑποδήματα
2690 4899 2910 4969 βύϐλου.
2945 4897 3057 4951 Καὶ
3085 4894 3268 4966 βύσσῳ
3297 4893 3353 4947 δέ
3382 4893 3510 4955 τοὺς
3554 4908 3806 4964 φανερω·

522 5008 775 5072 gestant;
820 4996 1116 5052 nobiliores
1156 5008 1288 5048 vero
1329 4993 1495 5065 bysso
1548 4994 1863 5048 induuntur.
1904 4992 2100 5065 Byssus

2206 4998 2401 5068 τέρους
2459 4993 2639 5049 αὐτῶν
2676 4989 2953 5046 ἐστάλθαι·
2986 4989 3087 5058 τὴν
3115 4989 3172 5042 δέ
3197 4985 3392 5057 βύσσον
3423 4984 3664 5055 φύεσθαι
3696 4984 3805 5037 δέν-

523 5108 593 5148 ex
622 5091 817 5147 arbore
849 5088 1092 5144 nascitur
1120 5105 1133 5141 :
1163 5101 1284 5156 qua:
1316 5085 1574 5140 inferiore
1603 5086 1683 5139 sui
1714 5096 1871 5155 parte
1911 5087 2100 5156 populo

2206 5088 2334 5159 δρου
2384 5086 2547 5155 φασιν
2574 5083 2760 5153 ὁμοίου
2797 5081 2899 5152 μὲν
2926 5082 2995 5151 τῇ
3027 5079 3048 5111 ³
3086 5077 3259 5148 λεύκῃ
3273 5077 3372 5147 τὴν
3405 5076 3587 5146 βάσιν,
3622 5092 3805 5143 παρα-

525 5180 721 5237 similis
752 5190 854 5242 est,
896 5177 1039 5231 foliis
1074 5186 1253 5230 autem
1291 5174 1466 5229 salici.
1498 5172 1633 5227 Cum
1679 5174 1901 5230 vidisset
1937 5175 2100 5245 Apol-

2207 5178 2437 5247 πλησίου
2492 5174 2547 5227 δὲ
2577 5174 2643 5243 τῇ
2677 5170 2794 5240 ἰτέᾳ
2822 5170 2890 5224 τὰ
2928 5168 3156 5221 πέταλα.
3205 5167 3315 5219 Καὶ
3374 5162 3614 5234 ἡσθῆναί
3672 5177 3801 5232 φησι

528 5273 708 5329 Ionius
743 5272 991 5342 byssum,
1051 5270 1269 5338 gavisus
1321 5275 1423 5330 est,
1482 5264 1607 5333 quia
1659 5262 1812 5319 fusco
1860 5266 2100 5332 amictui,

2206 5273 2274 5341 τῇ
2302 5268 2485 5339 βύσσῳ
2504 5269 2532 5319 ὁ
2582 5259 2961 5323 Ἀπολλώνιος,
2988 5256 3176 5327 ἐπειδὴ
3199 5255 3341 5309 ἔοικε
3375 5253 3523 5322 φαιῷ
3551 5253 3799 5325 τρίϐωνι.

526 5380 687 5433 quem
747 5362 1037 5436 gestabat,
1098 5374 1202 5412 non
1261 5354 1541 5411 dissimilis
1599 5355 1886 5410 admodum
1944 5366 2100 5412 esset.

2208 5361 2292 5414 Τά
2317 5360 2374 5413 δὲ
2406 5357 2606 5423 Τάξιλα
2644 5353 2873 5427 μέγεθος
2927 5352 3024 5423 μὲν
3079 5346 3221 5403 εἶναι
3273 5346 3418 5400 κατά
3466 5345 3569 5436 τὴν
3618 5345 3799 5436 Νῖνον,

526 5454 721 5516 Taxiia
749 5434 882 5514 vero
928 5449 1299 5524 magnitudine
1342 5448 1541 5518 325a
1592 5447 1658 5502 ab
1703 5449 1926 5516 antiqua
1971 5446 2100 5503 Ninc

2206 5447 2539 5517 τετειχίσθαι
2564 5446 2620 5499 δὲ
2678 5444 3009 5517 συμμέτρως
3048 5441 3234 5510 ὥσπερ
3279 5439 3337 5491 αἱ
3370 5435 3651 5500 Ἐλλάδες,
3707 5434 3799 5505 βα·

1844 5586 2080 5644 VARUE
2106 5587 2512 5646 LECTlONES.

603 5694 651 5726 θ’
674 5684 793 5747 οἶδα
824 5684 1189 5756 ἁλισκομένας
1214 5680 1347 5756 οᾼΒε
1382 5680 1432 5756 οἱ
1458 5677 1871 5756 διαλ-ισκομὲνας
1909 5698 2006 5756 ς.-
2038 5682 2113 5756 ﬂ”
2142 5682 2406 5756 πάρδαλιν
2521 5754 2531 5756 _
2572 5687 2619 5720 ’³
2651 5682 2912 5756 πάρδαλιν
2941 5697 3000 5745 ς.

603 5696 651 5726 θ’
674 5696 793 5747 οἶδα
824 5696 1189 5756 ἁλισκομένας
1214 5696 1347 5735 olus:
1382 5696 1432 5733 οι
1458 5696 1701 5733 οιαΑισκο
1749 5696 1871 5742 ενας
1909 5698 1967 5744 ς.
2067 5696 2113 5714 νδ
2142 5696 2319 5749 παροα

536 5759 893 5831 παραμείψας
920 5776 981 5831 ς.
1056 5754 1109 5831 ’ξ
1124 5752 1265 5831 libri
1285 5753 1470 5831 (pacti).
1537 5696 1811 5831 flattrlt,
1833 5752 1885 5805 6.
1963 5752 2010 5785 9³
2034 5754 2112 5807 ὅτι
2142 5752 2324 5806 Ἰνδΰν.

536 5818 645 5888 οιιί.
802 5818 829 5864 δ
851 5818 957 5894 ὅτι]
986 5843 1044 5889 ιι,
1079 5826 1170 5880 ‘20.
1247 5823 1266 5855 ³
1289 5818 1355 5892 τῇ
1382 5836 1491 5876 om.
1526 5818 1633 5875 AB.

3106 5679 3153 5711 ”
3184 5670 3648 5744 παραμείψεινὲας
3670 5664 3792 5744 Α.Βὲ

2436 5726 2494 5785 ⁸³³.
2514 5724 3082 5822 ἑαυτοῦὝποιούιῖενον
3104 5749 3186 5818 (tt,
3228 5724 3314 5815 10)
3342 5724 3462 5800 3m:
3487 5735 3597 5792 AB.
3708 5736 3723 5765 ⁸
3748 5724 3793 5787 οε
