4050 6412
184 399 323 464 1217

1281 384 1806 456 BIBLIOT'HECA.
1835 417 1903 427 -·
1941 392 2102 452 COD.
2144 392 2384 453 CCXLI.

3315 396 3452 462 1218

182 514 359 568 σίλεια
402 514 448 568 δ’
476 490 617 568 εἶναι
653 509 845 584 ἀνδρὸς
908 510 1004 581 τὴν
1064 508 1256 580 Πώρου
1300 508 1431 563 ποτέ
1470 508 1643 580 ἀρχὴν
1673 507 1766 578 ἄρ-

1871 521 1975 560 non
2019 506 2245 560 tnultttm
2284 504 2484 571 diﬂ'ert,
2520 513 2575 561 et
2619 484 2808 563 Crteco
2853 523 3005 565 more
3047 509 3312 567 mdiﬂcata
3346 525 3451 569 est.

178 621 372 677 κοντος
391 607 429 657 ⁸.

280 699 382 752 Οτι
404 700 427 731 ⁸
457 699 509 752 αἱ
532 697 707 765 ’πηγαὶ⁵
736 694 829 748 τοῦ
873 694 1132 761 Ὑφάσιος
1161 693 1430 761 ποταμοῦ,
1468 686 1512 761 ᾧ
1539 693 1774 763 πλησιά-

180 810 275 845 σαι
303 790 442 861 φησὶ
494 789 622 852 τοὺς
688 788 818 858 περὶ
880 786 1237 840 Ἀπολλώνιον
1301 786 1394 838 τὸν
1460 785 1775 855 Ὑδραώτην

178 882 534 951 ὑπερϐάντας
561 883 659 932 καὶ
711 878 885 931 πολλὰ
933 877 1325 948 διαμείψαντας
1374 875 1523 947 ἔθνη,
1581 875 1772 930 τούτου

176 974 242 1043 δὴ
266 975 360 1026 τοῦ
393 976 641 1042 ποταμοῦ
688 973 744 1024 αἱ
782 972 957 1040 πηγαὶ
1011 970 1266 1040 βλύζουσι
1325 970 1424 1039 μὲν
1482 970 1547 1023 ὲκ
1589 969 1772 1022 πεδίου

179 1061 504 1131 ναυσίποροι
536 1058 790 1124 αὐτόθεν,
847 1059 1130 1130 προῖοῦσαι
1178 1058 1234 1112 δὲ
1284 1059 1377 1111 καὶ
1446 1059 1634 1112 ναυσὶν
1668 1059 1769 1130 ἤδη

178 1152 382 1223 ἄποροί
412 1156 550 1205 εἰσιν
572 1168 586 1182 ·
620 1152 959 1222 ἀκρωνυχίαι
990 1151 1011 1181 ⁸
1052 1151 1197 1223 γδιρ⁷
1232 1150 1517 1222 παραλλὰξ
1551 1151 1772 1222 πετρῶν

178 1246 551 1316 ῦπανίσχουσι
584 1245 677 1298 τοῦ
696 1245 905 1309 ὓδατος,
941 1242 1072 1314 περὶ
1116 1242 1183 1303 ἃς
1215 1243 1429 1313 ἀνάγκη
1480 1242 1541 1294 τὸ
1593 1238 1770 1312 ῥεῦμα

179 1337 489 1392 ὲλίττεσθαι
521 1337 616 1392 καὶ
641 1338 813 1390 ποιεῖν
847 1336 937 1389 τὸν
969 1336 1212 1405 ποταμὸν
1240 1334 1465 1389 ἄπλουν.
1501 1329 1672 1403 Εὖρος
1709 1333 1767 1385 δὲ

180 1431 374 1501 αὗτῷθ
408 1431 553 1484 κατά
576 1430 668 1483 τὸν
700 1430 913 1499 Ἵστρον
940 1445 954 1459 ο
1003 1427 1266 1498 ποταμῶν
1312 1427 1368 1480 δὲ
1413 1419 1567 1489 οὗτος
1620 1426 1770 1479 δοκεῖ

184 1522 468 1589 μέγιστος,
508 1519 695 1575 ὁπόσοι
728 1519 796 1573 δι’
820 1520 894 1573 Εὐ
911 1519 1097 1591 ρώπης
1129 1519 1332 1589 ῥέουσι.
1381 1516 1581 1587 Δένδρα
1612 1517 1657 1569 δ’
1686 1519 1713 1570 ὁ
1746 1518 1769 1550 ⁹

181 1611 429 1680 ’Υφασις
455 1612 759 1683 προσόμοια
789 1611 832 1644 ¹⁰
864 1608 988 1679 φύει
1015 1610 1055 1640 ¹¹
1085 1610 1214 1679 περὶ
1236 1608 1336 1671 τὰς
1357 1606 1545 1679 ὄχθας,
1597 1606 1689 1659 καί
1713 1623 1767 1660 τι

180 1700 279 1753 καὶ
308 1701 480 1771 μύρον
507 1700 774 1753 ἐκδίδοται
795 1698 905 1753 τῶν
937 1697 1188 1769 δένδρων,
1215 1696 1243 1750 ὃ
1286 1697 1565 1750 ποιοῦνται
1608 1697 1764 1752 Ἰνδοὶ

180 1794 425 1862 γαμικὸν
459 1793 688 1864 χρίσμα.
719 1792 829 1844 Καὶ
858 1791 982 1854 τοὺς
1007 1789 1157 1860 ίχθῦς
1187 1789 1245 1843 δὲ
1276 1790 1402 1852 τοὺς
1422 1787 1566 1851 ταὼς
1606 1788 1762 1857 λεγο-

1880 598 2007 653 Erat
2039 608 2217 651 autetn
2249 598 2394 668 regia
2425 596 2572 661 Pori,
2603 612 2825 667 regnum
2853 602 3166 657 obtinentis.

1949 688 2149 742 Fontes
2174 685 2511 758 Hyphasidos
2535 687 2707 753 ﬂuvii,
2729 690 2813 744 cui
2841 695 3301 763 appmpinquasse
3325 696 3456 753 dicit

1875 778 2247 847 Apollonium,
2263 777 2531 849 Hytlraote
2551 788 2823 848 superato,
2840 779 3197 851 plurimisque
3208 786 3456 854 gentibus

1877 869 2204 941 peragratis,
2234 870 2415 937 hujus,
2443 870 2685 938 inquam,
2706 869 2850 925 ﬂuvii
2881 870 3058 927 fontes
3083 887 3112 927 e
3137 874 3252 928 solo
3277 885 3456 929 scatu-

1876 962 2046 1025 riunt,
2067 970 2258 1030 estque
2279 960 2471 1016 ﬂuvius
2488 961 2605 1030 ipse
2625 978 2652 1014 a
2680 962 2947 1032 principio
2971 965 3306 1035 navigabilis.
3324 983 3456 1037 pau-

1874 1052 2040 1108 lulum
2063 1069 2191 1108 vero
2216 1054 2512 1122 procedens
2537 1054 2762 1109 navibus
2784 1055 2959 1109 invius
2981 1066 3084 1111 est.
3109 1056 3282 1113 Petrae
3303 1076 3454 1114 nam-

1873 1158 1980 1213 que
2003 1144 2270 1213 superiori
2299 1154 2452 1212 parte
2481 1155 2675 1209 acutae,
2698 1156 2859 1215 atque
2882 1145 3024 1201 inter
3045 1161 3104 1203 se
3126 1148 3328 1217 densze,
3352 1152 3454 1205 sub

1872 1248 2013 1303 aqua
2038 1234 2268 1288 latentes
2292 1235 2359 1288 ab
2378 1235 2530 1289 alveo
2552 1237 2883 1303 prominent,
2904 1239 3098 1307 quibus
3122 1254 3261 1309 aqua
3286 1242 3453 1305 illisa,

1871 1337 1921 1380 et
1944 1327 1996 1382 in
2020 1341 2080 1383 se
2108 1341 2369 1382 conversa
2390 1327 2808 1399 innavigabilem
2833 1329 3055 1386 ﬂuvium
3081 1333 3278 1388 reddit.
3306 1334 3455 1388 ιλιι.

1875 1419 2001 1473 tudo
2040 1432 2172 1473 vero
2217 1417 2414 1473 Istrum
2466 1419 2738 1489 adzequat,
2775 1422 2866 1490 qui
2905 1421 3134 1493 Europae
3175 1424 3452 1479 ﬂuminum

1874 1510 2144 1565 maximus
2177 1511 2426 1567 habetur.
2457 1512 2515 1566 ln
2557 1512 2689 1582 ripis
2727 1514 2843 1583 ejus
2875 1517 3099 1571 arbores
3138 1528 3452 1583 nascuntur,

1870 1601 2078 1679 similes
2095 1602 2161 1656 iis
2182 1601 2275 1672 qui
2299 1602 2365 1656 ad
2388 1602 2587 1657 Istrum
2615 1614 2929 1670 nascuntur,
2949 1621 2976 1659 a
2996 1607 3194 1676 quibus
3218 1624 3454 1679 unguen-

1872 1701 1982 1745 tum
2024 1673 2271 1758 distillat,
2301 1703 2407 1763 quo
2454 1693 2506 1747 in
2554 1698 2756 1765 nuptiis
2804 1697 2917 1751 Indi
2961 1673 3186 1768 perungi
3225 1673 3454 1756 consue-

1871 1800 2017 1841 vere.
2075 1786 2259 1842 Pisces
2306 1787 2471 1841 etiam
2527 1804 2665 1857 quos
2714 1789 2858 1844 Taos
2912 1792 3184 1860 appellant
3235 1794 3287 1847 in
3352 1795 3453 1849 hoc

183 1884 384 1953 μένους
410 1886 571 1953 μόνος
597 1876 753 1946 οὗτος
786 1881 1044 1952 ποταμῶν
1089 1880 1277 1953 τρέφει
1304 1899 1317 1914 ο
1377 1880 1698 1951 πεποίηνται
1719 1880 1764 1913 ¹¹

1872 1875 2133 1930 duntaxat
2167 1875 2391 1931 ﬂumine
2424 1877 2556 1931 oriri
2594 1877 2877 1947 perhibent
2911 1895 2924 1932 :
2965 1889 3228 1934 vocantur
3272 1892 3450 1935 autem

178 1973 235 2026 δὲ
266 1973 470 2036 αὐτοὺς
498 1973 824 2043 ὁμωνύμους
853 1971 947 2026 τοῦ
985 1972 1218 2042 ὄρνιθος,
1248 1970 1371 2025 ἐπεὶ
1409 1969 1627 2024 κυάνεοι
1666 1971 1764 2041 μὲν

180 2065 367 2126 αὐτοῖς
393 2066 442 2118 οἱ
468 2064 641 2133 λόφοι,
678 2064 893 2117 στικταὶ
912 2064 970 2117 δὲ
1003 2065 1059 2116 αἱ
1106 2062 1337 2131 φολίδες.
1370 2063 1548 2133 χρυσᾶ
1591 2061 1645 2115 δὲ
1693 2060 1762 2115 τὰ

178 2158 399 2225 οὐραῖα,
422 2158 517 2210 καὶ
537 2156 701 2210 ὁπότε
736 2156 1029 2227 βούλοιντο,
1080 2154 1463 2224 ἀνακλώμενα.
1502 2154 1658 2209 Ἐστι
1708 2154 1763 2207 δέ

178 2263 232 2299 τι
255 2248 299 2278 ⁸³
337 2246 528 2317 θηρίον
552 2247 609 2298 ἐν
634 2245 715 2316 τῷ
739 2244 973 2316 ποταμῷ
1005 2244 1247 2316 σκώληκι
1275 2244 1599 2314 εἰκασμένον
1640 2245 1765 2296 λευ-

180 2338 283 2407 κῷ,
314 2338 509 2391 τοῦτον
535 2338 645 2392 δὀί
665 2339 927 2409 τήκοντες
960 2338 1140 2390 ἔλαιον
1179 2333 1480 2390 ποιοῦνται.
1530 2335 1649 2406 Πῦρ
1707 2335 1764 2388 δὲ

179 2432 287 2501 ἄρα
315 2430 411 2484 τοῦ
448 2431 629 2484 ἐλαίου
673 2430 865 2483 τούτου
920 2426 1210 2488 ἐκδίδοται,
1264 2428 1359 2481 καὶ
1394 2428 1576 2494 στέγει
1634 2426 1765 2478 αὐτὸ

180 2522 325 2595 πλὴν
356 2524 514 2578 ὑέλου
547 2522 724 2579 οὐδέν.
788 2522 1095 2575 ’Δλίσκεται
1123 2520 1187 2590 δὴ
1251 2520 1398 2591 μόνῳ
1447 2520 1526 2590 τῷ
1557 2518 1765 2589 βασιλεῖ

178 2615 242 2666 τὸ
272 2614 464 2685 θηρίον
508 2614 667 2666 τοῦτο
694 2612 834 2683 πρὸς
861 2611 1059 2681 τειχῶν
1116 2611 1317 2668 ἅλωσιν
1338 2625 1353 2643 ο
1395 2611 1614 2663 ἐπειδὰν
1656 2602 1766 2680 γὰρ

179 2708 307 2777 θίγῃ
329 2708 441 2758 τῶν
469 2705 799 2776 ἐκάλξεωνή
834 2704 1061 2775 πιμελὴ,
1089 2705 1201 2773 πῦρ
1240 2704 1556 2758 ἐκκαλεῖται
1583 2708 1760 2774 κρεῖτο

176 2814 271 2849 τον
295 2796 659 2867 σσεστηρίων,
689 2796 865 2849 ὁπόσα
891 2794 1203 2866 ἀνθρώποις
1227 2796 1363 2865 πρὸς
1402 2795 1471 2848 τὰ
1508 2795 1766 2866 πυρφόρα

177 2889 434 2959 εὓρηται.
464 2889 573 2942 Καὶ
604 2888 728 2951 τοὺς
748 2888 793 2920 ιδ
818 2887 975 2950 ὅνους
1011 2887 1069 2940 δὲ
1117 2888 1245 2950 τοὺς
1287 2883 1512 2958 ἀγρίοῦς
1568 2888 1625 2939 ἐν
1654 2889 1766 2952 τοῖς

177 2982 326 3035 ἐλεσι
358 2979 571 3043 τούτοις
598 2978 916 3033 ἁλίσκεσθαι
939 2995 1126 3047 φασιν.
1165 2975 1319 3031 Εἶναι
1341 2978 1396 3031 δι
1419 2980 1534 3042 τοῖς
1556 2980 1765 3049 Θηρίοις

176 3071 390 3134 τούτοις
415 3070 509 3123 ἐπὶ
542 3068 793 3139 μετώπου
824 3070 1016 3141 κέρας,
1045 3061 1089 3136 ᾧ
1120 3068 1387 3139 ταυρηδόν
1415 3084 1476 3121 τε
1520 3070 1614 3122 καὶ
1664 3070 1766 3124 οὐκ

176 3162 426 3231 ἀγεννῶς
457 3160 745 3232 μάχονται.
784 3160 892 3213 Καὶ
913 3160 1239 3229 ἀποφαίνειν
1262 3161 1387 3222 τοὺς
1435 3158 1627 3222 Ἰνδοὺς
1672 3159 1764 3212 ἐκ-
1794 3201 1835 3258 c

176 3268 351 3320 ταυμα
388 3251 451 3304 τδ
478 3253 648 3321 κέρας
688 3249 847 3303 τοῦτο
875 3266 891 3282 ·
925 3251 984 3302 οὐ
1034 3250 1144 3321 γὰρ
1197 3248 1326 3302 οὕτε
1379 3249 1605 3320 νοσῆσαι
1667 3250 1764 3321 τὴν

176 3346 399 3414 ἡμέραν
419 3342 641 3413 ἐκείνην
666 3346 695 3395 ὁ
713 3343 757 3374 ¹³
784 3341 881 3396 ἀπ’
906 3341 1074 3395 αὐτοῦ
1102 3341 1262 3408 πιὼν,
1288 3341 1416 3395 οὔτε
1436 3343 1502 3395 ἂν
1531 3342 1765 3412 τρωθεὶς

177 3430 443 3501 ἀλγῆσαι,
471 3432 641 3501 πυρός
656 3448 717 3484 τε
739 3431 1029 3495 διεξελθεῖν
1051 3432 1137 3495 ἂν,
1173 3433 1265 3485 καὶ
1285 3433 1412 3503 μηδ’
1441 3433 1507 3486 ἂν
1544 3432 1767 3504 φαρμά·

176 3541 296 3587 κοις
334 3522 457 3595 [531
484 3522 579 3596 11.]
600 3522 824 3589 ἁλῶναι,
854 3524 1025 3580 ὁπόσα
1046 3525 1140 3577 ἐπὶ
1171 3526 1327 3595 κακῷ
1370 3525 1605 3581 πίνεται.
1658 3526 1766 3578 Βα-

178 3617 377 3674 σιλέων
397 3620 457 3671 δὲ
479 3618 540 3671 τὸ
569 3618 804 3687 ἔκπωμα
823 3612 986 3681 εἶναι,
1044 3616 1139 3670 καὶ
1180 3615 1392 3686 βασιλεῖ
1442 3615 1589 3685 μόνῳ
1618 3617 1764 3668 ἀνεῖ-

179 3713 309 3766 σθαι
333 3714 436 3781 τὴν
465 3712 661 3782 θήραν.
688 3709 875 3764 Μῦθον
917 3709 974 3763 δὲ
1001 3710 1114 3781 ἀρα
1169 3706 1406 3762 δεικνύει
1445 3707 1621 3760 ταῦτα
1659 3706 1766 3759 τῶν

177 3808 238 3857 ἑν
286 3803 470 3866 Ἰνδοῖς
516 3802 785 3871 βασιλέων
832 3801 929 3853 καὶ
990 3802 1137 3854 νόσοι
1186 3802 1281 3853 καὶ
1327 3800 1571 3854 θάνατοι.
1608 3799 1681 3852 Τὸ
1708 3798 1766 3851 δὲ

177 3895 390 3969 θηρίον,
410 3890 522 3949 οἷον
538 3893 581 3926 ¹⁶
598 3893 838 3966 εἴρηται,
856 3891 1102 3948 τοιοῦτον
1118 3894 1334 3962 ὁρᾶται.

263 4161 551 4216 Ἐντεῦθεν
580 4160 620 4192 ⁸⁷
657 4158 987 4225 ὑπερϐαλεῖν
1029 4156 1123 4211 τοῦ
1170 4156 1468 4210 Καυκάσου
1508 4154 1571 4208 τὸ
1602 4169 1766 4208 κατα-

175 4255 354 4307 τεῖνον
379 4253 439 4315 ἐς
466 4252 566 4323 τὴν
595 4251 863 4322 Ἐρυθρὰν
896 4249 1171 4303 θάλασσαν
1193 4264 1205 4279 ·
1247 4245 1457 4303 εῐναιδὲ
1485 4246 1613 4301 αὐτὸ
1639 4264 1765 4300 συν-

172 4344 383 4414 ηρεφὲς
426 4343 589 4406 ἰδέαις
619 4343 947 4413 ἀρωμάτων.
982 4342 1120 4403 Τοὺς
1156 4340 1254 4410 μὲν
1298 4340 1362 4411 δὴ
1395 4339 1616 4407 πρῶνας
1669 4337 1763 4391 τοῦ

172 4434 341 4503 ὄρους
373 4433 435 4485 τὸ
468 4435 819 4502 κιννάμωμον
854 4432 1064 4500 φέρειν,
1115 4430 1500 4499 προσεοικέναι
1530 4428 1588 4481 δὲ
1634 4428 1764 4483 αὐτὸ

1870 1968 2060 2023 eodem
2112 1982 2221 2039 quo
2260 1978 2314 2022 et
2364 1983 2604 2039 pavones
2647 1970 2887 2036 nomine,
2927 1971 3049 2039 quia
3087 1970 3219 2041 ipsis
3259 1981 3316 2026 et
3343 1980 3452 2026 cae.

1873 2062 2035 2115 rulcae
2060 2071 2184 2114 sunt
2215 2061 2413 2127 cristae,
2440 2076 2680 2130 squama
2711 2075 2840 2115 vero
2878 2062 3251 2130 versicolores,
3280 2064 3450 2117 cauda

1870 2168 2001 2207 vero
2032 2167 2222 2219 aurea,
2253 2153 2305 2207 in
2349 2167 2731 2221 quamcunque
2758 2153 2990 2208 voluerit
3023 2164 3230 2225 partem
3265 2170 3451 2209 versa-

1872 2244 2003 2298 tilis.
2045 2241 2141 2296 Est
2190 2250 2451 2310 praterea
2506 2240 2559 2294 in
2610 2240 2800 2295 eodem
2840 2238 3063 2296 ﬂumine
3102 2241 3277 2296 bellua
3329 2243 3453 2295 allio

1870 2336 2039 2389 vcrnti
2070 2334 2266 2389 similis
2296 2351 2309 2387 :
2337 2348 2399 2387 ex
2429 2334 2534 2402 qua
2566 2340 2723 2403 capta
2755 2332 2935 2387 oleum
2970 2334 3030 2387 ﬂt
3057 2332 3123 2385 ad
3153 2347 3282 2388 usus
3314 2334 3452 2403 ignis

1871 2426 2381 2489 accommodatum,
2445 2426 2592 2494 quod
2653 2425 2753 2479 nisi
2808 2426 2950 2479 vitro
3014 2425 3281 2480 contineri
3343 2442 3448 2480 non

1871 2519 2061 2587 possit.
2092 2516 2320 2586 Capitur
2356 2526 2535 2571 autem
2567 2517 2677 2587 regi
2713 2517 3086 2572 tantummodo
3116 2517 3449 2587 ejuscemodi

1870 2608 2065 2673 bellua,
2098 2623 2201 2677 qua
2242 2608 2330 2662 ille
2357 2608 2741 2661 diruendorum
2777 2608 3036 2661 moenium
3063 2623 3225 2663 causa
3259 2609 3448 2665 utitur.

1870 2698 2003 2753 Nam
2030 2700 2120 2753 ubi
2152 2715 2430 2754 murorum
2461 2699 2865 2769 pr0pttgnacula
2888 2699 3154 2768 ejusmodi
3182 2700 3445 2770 pinguedc

1872 2792 2132 2859 tetigerit,
2170 2792 2308 2859 ignis
2337 2792 2631 2854 excitatur,
2670 2791 3083 2861 quibuscunque
3118 2792 3281 2848 rebus
3313 2807 3441 2861 qua:

1869 2885 2115 2938 homines
2150 2885 2409 2957 adversus
2456 2883 2634 2952 ignem
2671 2883 3120 2952 excogitaverint,
3154 2884 3446 2953 potentior.

1866 2978 2062 3032 Asinos
2114 2986 2374 3048 praeterea
2428 2977 2735 3042 silvestres,
2780 2976 3110 3044 palustribus
3154 2975 3289 3030 locis
3330 2976 3447 3044 capi

1867 3070 2077 3124 dicunt.
2144 3071 2276 3123 Esse
2339 3079 2520 3123 autem
2590 3069 2898 3135 huiusmodi
2955 3068 3087 3122 l'eris
3149 3069 3201 3122 in
3270 3067 3449 3123 fronte

1869 3175 2063 3226 cornu,
2102 3175 2209 3231 quo
2246 3168 2530 3214 taurorum
2562 3175 2714 3215 more
2742 3161 3155 3231 generosissime
3188 3169 3444 3230 pugnent.

1868 3249 2152 3305 Conlicere
2195 3257 2374 3304 autem
2425 3249 2588 3304 Indos
2635 3263 2702 3304 ex
2754 3250 2862 3305 illis
2906 3250 3163 3305 cornibus
3201 3251 3391 3320 pocula
3430 3268 3444 3304 :

1868 3350 2233 3411 asseruntque
2292 3341 2454 3395 nullis
2510 3341 2715 3396 morbis
2764 3355 2830 3396 eo
2880 3341 2969 3396 die
3019 3341 3196 3410 aﬂici,
3244 3342 3334 3412 qui
3380 3357 3450 3397 ex

1866 3430 2132 3498 ejusmodi
2168 3431 2361 3501 poculo
2394 3432 2683 3501 potaverit,
2728 3446 2903 3501 neque
2933 3432 2978 3488 si
3012 3432 3277 3488 vulnerati
3324 3432 3447 3488 fue-

1868 3532 2014 3588 runt,
2050 3523 2256 3591 dolere,
2291 3533 2347 3578 et
2399 3538 2466 3577 ex
2523 3524 2644 3593 igne
2685 3526 2847 3579 etiam
2898 3525 3195 3580 incolumes
3240 3527 3446 3595 egredi,

1867 3628 2042 3683 neque
2087 3614 2211 3669 ullis
2254 3616 2484 3670 venenis
2515 3616 2656 3682 ltedi,
2689 3632 3027 3687 quaecunque
3065 3619 3293 3673 nocendi
3322 3633 3443 3687 gra-

1867 3708 1937 3762 tia
1979 3708 2032 3762 in
2062 3716 2189 3779 polu
2231 3708 2447 3763 dantur.
2494 3708 2704 3763 Idcirco
2743 3724 2930 3778 regum
2959 3723 3081 3764 esse
3111 3709 3202 3763 illa
3234 3710 3444 3778 pocula,

1864 3807 1917 3852 et
1948 3798 2060 3867 regi
2098 3806 2307 3852 tantum
2333 3798 2602 3869 ejusmodi
2635 3798 2765 3855 ferae
2805 3801 3147 3856 venationem
3179 3802 3440 3871 permitti.

1865 3889 2130 3944 Fabulosa
2182 3891 2299 3945 haec
2346 3906 2486 3956 esse,
2541 3901 2596 3945 et
2646 3907 2829 3961 regum
2882 3893 3043 3948 India:
3080 3894 3255 3947 morbi
3294 3908 3443 3946 mor-

1866 3994 2055 4054 tesque
2088 3994 2378 4039 testantur.
2425 3983 2551 4038 Haec
2582 3998 2709 4038 vero
2741 3983 2940 4050 bellua,
2976 3994 3036 4039 ut
3070 3998 3191 4039 eam
3233 3985 3444 4041 descri-

1866 4077 2092 4147 psinttts,
2125 4076 2251 4131 talis
2277 4086 2517 4144 apparet.

1937 4166 2065 4222 Inde
2098 4168 2325 4221 Caucasi
2376 4167 2521 4221 illam
2567 4178 2775 4236 partem
2817 4168 3290 4232 transcenderunt,
3321 4186 3445 4240 qum

1866 4259 1917 4313 in
1946 4258 2190 4313 Rubrum
2237 4273 2389 4314 mare
2425 4260 2742 4329 porrigitur.
2792 4259 2867 4314 Ea
2902 4275 3031 4315 vero
3061 4262 3290 4317 diversis
3319 4278 3444 4318 aro-

1866 4360 2068 4404 malum
2115 4350 2407 4420 generibus
2446 4351 2655 4405 consita
2695 4361 2800 4407 est.
2844 4350 3043 4407 Montis
3076 4367 3310 4422 namque
3345 4368 3441 4408 ca-

1865 4442 2080 4495 cumina
2107 4441 2522 4497 Cinnamomum
2558 4444 2756 4505 ferunt,
2788 4444 2930 4512 quod
2969 4445 3125 4498 novis
3156 4445 3445 4500 sarmentis

172 4526 320 4587 νέοις
350 4525 613 4595 κλήμασι.
638 4524 882 4578 Βάσανον
914 4522 973 4576 δὲ
1004 4521 1099 4576 τοῦ
1144 4521 1438 4592 ἀρώματος
1488 4519 1586 4591 τὴν
1632 4515 1765 4588 αἶγα

1868 4532 2199 4587 assimilatur
2238 4548 2253 4586 :
2297 4532 2556 4587 bonitatis
2611 4543 2790 4588 autem
2844 4533 2962 4601 ejus
3013 4533 3451 4603 experimentum:

175 4614 318 4668 εἶναι
348 4634 360 4646 ·
397 4615 754 4686 κινναμώμου
788 4614 897 4685 γὰρ
924 4614 975 4667 εί
993 4631 1075 4677 τις
1104 4614 1220 4681 αίγί
1254 4614 1295 4644 ⁸⁸
1352 4612 1584 4684 ὁρέξειε,
1634 4630 1763 4666 κνυ-

173 4708 409 4776 ζήσεται
443 4706 577 4777 πρὸς
607 4706 704 4776 τὴν
731 4708 887 4777 χεῖρα
919 4704 1171 4775 καθάπερ
1203 4704 1371 4769 κύων,
1423 4705 1640 4759 ἀπιόντι
1701 4721 1760 4755 τε

172 4804 483 4871 ὁμαρτήσει
506 4806 605 4870 τὴν
633 4803 755 4868 ῥῖνα
791 4802 849 4864 ἐς
888 4800 1048 4852 αὐτὸν
1079 4800 1358 4867 ἐρείσασα,
1382 4797 1490 4852 κᾶν
1520 4800 1549 4851 ὁ
1603 4798 1761 4851 αἰπό-

173 4895 267 4956 λος
283 4893 478 4965 ἀπάγῃ
499 4894 561 4956 ³⁸,
598 4890 752 4963 [1001
787 4891 876 4964 IL]
895 4892 1151 4963 θρηνήσει
1168 4890 1420 4960 καθάπερ
1439 4889 1612 4943 λωτοῦ
1626 4891 1759 4943 ἀπο-

174 4986 471 5053 σπωμένη.
516 4985 603 5038 Ἐν
635 4984 691 5037 δὲ
719 4988 832 5048 τοῖς
862 4987 1128 5055 κρημνοῖς
1155 4984 1247 5037 τοῦ
1277 4982 1436 5054 ὅρους
1469 4982 1675 5037 λίϐανοί
1698 5000 1758 5036 τε

170 5076 384 5145 ὑψηλαὶ
415 5075 692 5145 πεφύκασι
722 5078 819 5131 καὶ
850 5075 1021 5130 πολλά
1065 5076 1178 5146 εἴδη
1215 5076 1379 5148 ἕτερα
1399 5077 1465 5130 ²⁰,
1522 5079 1633 5131 Καὶ
1689 5077 1757 5131 τὰ

169 5167 374 5236 δένδρα
409 5167 468 5221 δὲ
505 5169 563 5221 αἱ
609 5168 898 5238 πεπερίδες
924 5168 993 5232 “,
1030 5162 1105 5221 ὧν
1154 5170 1390 5240 γεωργοὶ
1414 5170 1459 5201 ’⁸
1509 5169 1757 5239 πίθηκοι,

168 5260 432 5317 εἴκασται
464 5260 563 5330 μὲν
594 5261 673 5331 τῷ
701 5264 833 5331 παρ’
856 5262 1117 5331 Ἕλλησιν
1143 5264 1293 5332 ἀγνῳ
1315 5261 1385 5316 τά
1415 5279 1477 5315 τε
1506 5261 1641 5318 ἄλλα
1664 5264 1759 5316 καὶ

169 5348 267 5401 τὸν
298 5349 573 5419 κόρυμϐον
606 5350 699 5405 τοῦ
737 5351 977 5422 καρποῦ,
1001 5352 1196 5421 φύεται
1224 5352 1281 5406 δὲ
1313 5353 1504 5416 ἐντοῖς
1558 5353 1760 5408 ἀποτόο

1865 4626 1956 4679 dat
2021 4640 2205 4695 capra.
2266 4624 2323 4680 Si
2379 4626 2502 4695 quis
2561 4627 2707 4680 enim
2773 4625 2967 4697 325b
3024 4625 3440 4682 Cinnamomum

1864 4729 2041 4784 caprae
2069 4715 2394 4784 porrexerit,
2424 4725 2684 4786 tanquam
2715 4716 2928 4770 catulus
2958 4730 3120 4770 manu
3147 4714 3440 4771 demulceri

1864 4805 2117 4872 aﬂ‘ectat,
2182 4811 2577 4878 abeuntemque
2648 4807 2973 4876 insequitur,
3038 4822 3200 4863 nares
3264 4809 3445 4876 quoad

1863 4906 2040 4966 potest
2070 4898 2172 4967 ipsi
2213 4900 2468 4953 admovet
2501 4917 2516 4953 :
2544 4900 2688 4968 quod
2714 4900 2757 4953 si
2790 4908 2972 4969 pastor
3004 4914 3122 4954 eam
3153 4900 3436 4964 amaverit.

1862 5008 1968 5047 non
2015 5007 2176 5048 secus
2219 4992 2510 5062 queritur,
2556 5007 2715 5061 quam
2764 4992 2807 5046 si
2858 4991 2972 5047 loto
3014 4991 3339 5060 privaretur.
3382 4991 3443 5047 In

1863 5083 2063 5139 montis
2118 5095 2297 5138 autem
2348 5082 2636 5152 praaruptis
2682 5081 2940 5145 arbores,
2990 5095 3023 5135 e
3075 5081 3270 5150 quibus
3318 5081 3443 5137 thus

1863 5172 2119 5240 distillat,
2171 5188 2410 5243 procerae
2465 5181 2788 5238 nascuntur,
2850 5182 2906 5225 et
2956 5181 3261 5227 aromatum
3322 5172 3442 5225 aliae

1863 5269 2073 5336 species
2107 5267 2308 5331 multae,
2352 5267 2495 5321 inter
2522 5279 2661 5335 quas
2704 5272 2761 5318 et
2802 5263 3003 5333 piperis
3035 5263 3261 5318 arbores
3293 5273 3438 5328 sunt,

1864 5358 2010 5428 quod
2060 5358 2237 5429 piper,
2292 5370 2550 5429 tanquam
2606 5355 2895 5428 agricolae,
2946 5370 3117 5427 genus
3163 5353 3442 5424 quoddam

1456 5510 1693 5567 VARUE
1722 5512 2131 5571 LECTIONES.

250 5632 267 5657 ⁸
305 5624 518 5697 ἔχοντος
547 5643 606 5691 ς.
646 5696 651 5697 ν
681 5628 702 5660 ⁵
728 5624 832 5697 ὅτι]
866 5640 948 5692 ιιι,
984 5629 1030 5681 1.

250 5632 267 5657 ⁸
305 5628 518 5694 ἔχοντος
547 5643 606 5691 ς.
681 5628 702 5660 ⁵
728 5628 832 5697 ὅτι]
866 5640 948 5692 ιιι,
984 5629 1030 5681 Ι.
1135 5628 1154 5659 ⁶
1178 5629 1498 5699 ἀκρονυχίαι
1526 5630 1591 5684 Α.

170 5696 203 5746 ὁ
242 5711 303 5759 ς’.
409 5695 452 5728 ¹⁰
485 5696 814 5759 προσόμοια]
844 5698 918 5759 ὡς
961 5700 1121 5759 όμοια
1152 5704 1216 5754 A.
1321 5700 1361 5730 ”
1404 5699 1552 5759 φύειῖ
1584 5720 1591 5749 ‹

409 5695 452 5769 ιτ
485 5695 924 5769 προσόμοιαΪὼς
961 5700 1121 5768 όμοια
1152 5704 1216 5754 A.

174 5767 218 5837 ff
247 5766 345 5837 καὶ
374 5764 641 5837 tandm,
667 5764 731 5837 ⁷2.
794 5764 871 5799 ’ίδ
903 5768 932 5818 ὁ
958 5764 1035 5820 Αέ
1069 5770 1162 5821 καὶ
1191 5772 1217 5823 ὁ
1245 5786 1306 5834 ςο

1695 5635 2132 5704 ⁷γάρΑεδὲς.

1321 5700 1361 5730 ¹¹
1404 5700 1552 5776 φύει]
1584 5700 1839 5770 φύσειΑ.
1895 5706 1961 5776 λ¹²
1990 5706 2310 5776 πεποίηνται
2344 5707 2433 5759 AB
2489 5725 2503 5759 :

1417 5772 1461 5802 ¹⁶
1487 5772 1599 5825 οἷον
1627 5788 1738 5828 om.
1765 5790 1845 5840 pr.
1880 5774 1945 5828 A.

171 5834 221 5863 ⁸³
257 5836 443 5907 ὑπάγῃ
474 5834 532 5899 ςῖ
612 5838 655 5869 ¹⁰
682 5836 798 5905 είδη
828 5837 1011 5906 ἔτερα]
1040 5839 1308 5907 ἠδιώτερα
1337 5840 1443 5893 ΑΒ.
1523 5842 1563 5875 ²¹
1601 5834 1881 5915 πιπερῖδες
1903 5846 1966 5899 Α.

2228 5643 2250 5674 ⁸
2281 5636 2462 5709 αὐτῶν
2495 5654 2554 5700 ς.
2632 5646 2651 5677 9
2673 5637 2795 5709 δ’ὁ]
2828 5637 2873 5690 δ’
2908 5636 3018 5705 ἔχει
3045 5634 3145 5709 ὁνΑΒ
3170 5646 3217 5689 et
3247 5650 3321 5709 rc.
3423 5652 3436 5688 :

2567 5705 2867 5777 πεποίηται
2902 5724 2962 5771 ς.
3068 5705 3110 5737 ⁸³
3134 5722 3183 5757 τι
3214 5705 3337 5777 add.
3371 5707 3435 5758 Α.

2026 5775 2061 5805 ¹⁷
2094 5774 2368 5847 ἐντεῦθεν]
2402 5792 2485 5841 ιιι,
2518 5778 2570 5830 4.
2614 5846 2621 5847 ί
2652 5778 2695 5810 ¹⁸
2735 5774 2851 5846 αἰγὶ
2876 5791 3019 5833 corr.
3046 5777 3089 5830 A
3118 5795 3130 5830 :
3164 5774 3340 5842 αῐγιον
3376 5790 3437 5838 ς.

2046 5852 2089 5882 ’³
2116 5839 2189 5899 ὧν
2216 5848 2265 5898 oi
2294 5839 2527 5917 γε’ωργοὶ
2562 5846 2667 5901 ΑΒ.
