4050 6402
579 340 720 407 1219

1744 336 2010 398 PHOTII
2050 336 2556 402 PATRIARCH/E
2594 342 2703 405 ΟΡ.

3714 345 3845 409 ιεει)

557 459 843 511 suniorum
883 450 1034 508 colit.
1078 449 1289 520 Piperis
1323 450 1485 506 arbor
1525 450 1601 506 illi
1639 452 1833 508 similis
1870 468 1994 509 esse
2037 463 2150 507 tra-

2261 471 2403 524 μοις,
2434 456 2536 510 οὐκ
2564 454 2788 526 έφικτδς
2807 456 2923 519 τοῖς
2950 454 3280 527 ἀνθρώποις,
3306 450 3370 512 οῦ
3404 456 3626 527 λέγεται
3682 462 3843 530 πιθή-

556 547 727 607 ditur,
758 558 920 613 quam
953 541 1126 597 Grteci
1157 540 1324 609 ἄγνον
1354 543 1429 615 (id
1460 553 1563 609 est,
1596 544 1820 615 castam)
1854 544 2146 613 appellant,

560 648 673 691 tum
704 636 954 705 partibus
997 635 1137 697 aliis,
1174 646 1285 690 tum
1321 635 1553 689 maxime
1584 633 1855 691 fructuum
1892 634 2145 691 racemis.

556 728 816 785 Nascitur
874 736 1055 783 autem
1115 730 1167 782 in
1221 728 1483 784 extremis
1538 729 1931 798 praeruptisque
1988 727 2148 791 locis,

558 821 741 891 generi
795 819 1073 874 hominum
1151 817 1473 879 inaccessis,
1515 816 1605 870 ubi
1646 816 1970 878 simiorum,
2013 830 2149 883 quas

561 913 821 975 diximus,
854 911 1083 980 populus
1125 911 1326 964 montis
1371 922 1654 970 cavernas,
1686 916 1741 962 et
1769 908 1951 961 omnia
1998 906 2148 962 fora-

563 1006 707 1058 mina
766 1004 975 1058 incolit.
1031 1003 1232 1056 Sitnios
1284 1010 1464 1053 autem
1521 998 1699 1069 magni
1749 998 1956 1052 faciunt
2008 998 2147 1059 ludi,

563 1097 820 1166 quoniam
855 1096 1080 1165 piperis,
1110 1094 1271 1147 utsic
1300 1093 1501 1153 dicam,
1532 1091 1955 1146 vindemiatores
1984 1102 2147 1146 sunt:

564 1197 895 1259 quapropter
934 1196 987 1239 et
1026 1187 1194 1239 armis
1239 1193 1292 1237 et
1327 1184 1555 1237 canibus
1597 1183 1805 1246 leones,
1833 1192 1887 1235 et
1922 1193 2152 1236 cmteras

565 1282 707 1335 feras
740 1282 807 1333 ab
838 1278 967 1347 ipsis
1015 1286 1222 1331 arcent.
1276 1273 1438 1327 lrruit
1486 1282 1666 1327 autem
1710 1273 1763 1327 in
1813 1274 2030 1327 simium
2069 1273 2153 1326 leo

561 1382 821 1443 aegrotus,
864 1369 1145 1422 medicina:
1176 1368 1394 1437 quidem
1432 1366 1631 1436 gratia,
1675 1380 1914 1434 namque
1965 1365 2153 1435 hujus-

565 1464 709 1519 tnodi
759 1462 1043 1519 sitniurum
1092 1475 1287 1514 carnes
1336 1458 1553 1512 leonum
1598 1457 1804 1510 morbis
1846 1457 2152 1518 medentur,

563 1572 857 1614 senescens
906 1570 1076 1622 vero,
1128 1562 1319 1625 pastus
1377 1551 1593 1622 cibique
1646 1565 1834 1605 causa.
1889 1547 2022 1601 Nam
2065 1548 2152 1601 ubi

563 1663 787 1723 propter
818 1652 1030 1705 senium
1067 1663 1260 1702 cervos
1295 1655 1386 1699 aut
1419 1659 1583 1714 apros
1618 1628 1821 1697 venari,
1843 1642 2025 1695 leones
2056 1656 2154 1695 ne-

562 1750 788 1811 queunt,
830 1739 1024 1794 simias
1070 1738 1358 1799 devorant,
1385 1735 1530 1803 quod
1576 1743 1827 1803 superest
1862 1732 2055 1785 virium
2100 1730 2153 1783 in

565 1839 685 1891 illas
716 1840 1054 1888 exercentes.
1086 1830 1213 1895 Qum
1243 1828 1309 1882 de
1329 1830 1534 1897 pipere,
1562 1826 1677 1879 haec
1704 1832 1829 1877 sunt
1852 1832 1953 1874 ιιον.
1981 1822 2153 1875 Aere-

564 1928 755 1983 detttes
784 1923 898 1978 Indi
936 1923 1002 1976 ad
1036 1922 1283 1984 arbores,
1318 1934 1439 1988 quae
1470 1918 1520 1971 itt
1555 1925 1708 1985 parte
1738 1916 1938 1968 montis
1968 1914 2151 1967 intima

566 2028 887 2081 nascuntur,
933 2014 1252 2081 fructusque
1295 2011 1361 2064 ab
1404 2009 1509 2063 illis
1548 2008 1922 2074 decerpeutes,
1955 2020 2155 2074 parvas

565 2113 830 2183 quasdam
859 2117 1076 2178 propter
1104 2104 1330 2159 arbores
1352 2102 1564 2157 areolas
1591 2099 1814 2159 faciunt,
1853 2114 1959 2167 quo
1999 2098 2150 2166 piper

568 2217 905 2275 congerunt,
948 2206 1123 2275 ipsum
1165 2200 1532 2270 projicientes,
1574 2211 1671 2251 ceu
1703 2210 1815 2248 rem
1849 2194 2141 2261 ttrglt'clam

2252 565 2365 601 κων
2401 550 2574 602 οἰκεῖν
2600 549 2769 619 δῆμος
2798 550 2856 601 ὲν
2881 551 3072 619 μυχοῖς
3106 551 3203 603 καὶ
3253 552 3281 604 ὅ
3312 570 3365 605 τι
3417 552 3583 606 αὑτοῦ
3642 554 3842 610 κοῖλον.

2252 636 2361 700 Οὓς
2398 638 2595 691 πολλοῦ
2652 639 2834 703 ἀξίους
2878 639 2929 691 οἰ
2974 639 3129 691 Ἰνδοὶ
3173 640 3503 709 νομίζοντες,
3543 642 3740 713 ἐπειδὴ
3790 644 3847 696 τὸ

2253 728 2453 800 πέπερι
2486 731 2863 801 ἀποτρυγωσι,
2891 731 3019 793 τοὺς
3052 730 3275 792 λέοντας
3334 732 3430 785 ἀπ’
3466 732 3656 785 αὐτῶν
3717 733 3843 803 ὲρύ-

2252 837 2409 873 κουσι
2440 822 2567 874 κυσί
2615 837 2675 873 τε
2711 822 2803 874 καὶ
2832 819 3043 883 ὅπλοις.
3107 818 3439 873 Ἐπιτίθεται
3464 821 3520 875 δὲ
3541 822 3586 851 ’³
3629 819 3848 891 πιθήκῳ

2251 912 2389 965 λέων
2428 911 2597 966 νοσῶν
2623 912 2723 981 μὲν
2745 912 2885 980 ὑπὲρ
2914 912 3210 984 φαρμάκου
3252 912 3372 981 (τὴν
3404 913 3512 982 γὰρ
3564 913 3731 965 νόσον
3757 913 3851 965 αῦ-

2252 1005 2332 1073 τῷ
2364 1004 2431 1058 τὰ
2464 1005 2601 1074 κρέα
2632 1006 2770 1074 ἴσχει
2802 1005 3022 1075 ταῦτα),
3057 1003 3387 1075 γεγηρακὼς
3413 1004 3468 1056 δὲ
3497 1005 3642 1075 ὑπὲρ
3664 1005 3845 1055 σίτου·

2254 1096 2352 1165 τῆς
2383 1097 2492 1167 γάρ
2522 1097 2630 1149 τῶν
2656 1097 2872 1166 ἐλάφων
2920 1098 3012 1149 καὶ
3044 1096 3189 1149 συῶν
3240 1096 3414 1166 θήρας
3446 1096 3644 1167 ἔξωροι
3691 1112 3851 1162 γεγο-

2255 1186 2407 1249 νότες
2435 1188 2559 1251 τοὺς
2592 1188 2854 1257 πιθήκους
2894 1187 3282 1255 λαφύσσουσιν,
3306 1189 3363 1249 ἐς
3410 1187 3569 1240 τοῦτο
3632 1186 3849 1256 χρώμε-

2256 1297 2335 1332 νοι
2370 1281 2435 1351 τῇ
2470 1280 2628 1350 λοιπῇ
2698 1280 2879 1350 ῥώμῃ.
2929 1280 3009 1332 Τὰ
3052 1278 3108 1331 δὲ
3156 1277 3283 1348 περὶ
3318 1277 3418 1340 τὰς
3468 1275 3781 1345 πεπερίδας
3802 1277 3849 1306 ’δ

2257 1370 2607 1441 πραττόμενα
2659 1367 2760 1423 ὦδε
2814 1371 2929 1440 ἔχει
2956 1388 2968 1400 ο
3010 1368 3409 1438 Προσελοόντες
3457 1369 3508 1421 οἱ
3547 1367 3711 1421 Ἰνδοὶ
3748 1371 3851 1429 toi;

2257 1462 2410 1516 κάτω
2447 1462 2639 1533 μέρεσι
2667 1463 2763 1516 καὶ
2806 1462 2898 1515 τὸν
2950 1462 3162 1533 καρπὸν
3211 1460 3648 1533 ἀποθερίσαντες
3704 1459 3850 1523 ἄλως

2259 1554 2539 1607 ποιοῦνται
2576 1556 2779 1624 μικρὰς
2812 1555 2941 1626 περὶ
2988 1554 3057 1607 τά
3104 1552 3323 1625 δένδρα,
3368 1554 3460 1605 καὶ
3513 1552 3572 1604 τδ
3648 1552 3851 1621 πέπερι

2259 1644 2390 1712 περὶ
2427 1644 2597 1708 αὐτὰς
2633 1644 3026 1715 ξυμφέρουσιν,
3050 1642 3162 1698 οἷον
3190 1642 3507 1717 ῥιπτοῦντες
3542 1642 3622 1707 ὡς
3658 1644 3853 1711 ἄτιμόν

2258 1750 2311 1786 τι.
2340 1734 2432 1786 καὶ
2467 1736 2541 1807 μὴ
2578 1737 2635 1788 ὲν
2663 1735 2866 1805 σπουδῇ
2898 1737 3019 1798 τοῖς
3048 1732 3377 1804 ἀνθρώποις.
3416 1734 3475 1787 Οἱ
3532 1733 3590 1785 δὲ
3642 1732 3853 1785 ἄνωθεν

2194 1811 2232 1864 Β
2261 1826 2371 1877 κάκ
2390 1827 2434 1857 ’⁸
2465 1826 2573 1877 τῶν
2600 1825 2820 1879 ἀϐάτων
2840 1826 3256 1896 καθεωρακότες
3284 1824 3475 1886 ταῦτα,
3495 1823 3697 1886 νυκτὸς
3726 1824 3855 1875 ὑπο·

2263 1917 2541 1988 κρίνονται
2572 1918 2632 1971 τὸ
2661 1918 2770 1971 τῶν
2809 1918 2987 1971 Ἰνδῶν
3016 1918 3197 1988 ἔργον,
3224 1918 3461 1981 καὶτοὺς
3518 1917 3857 1988 βοστρύχους

2261 2008 2372 2061 τῶν
2398 2009 2632 2075 δένδρων
2668 2009 3045 2091 περισπῶντες
3081 2010 3332 2082 ῥίπτουσι
3372 2008 3634 2079 φέροντες
3671 2010 3734 2071 ἐς
3764 2008 3858 2069 τὰς

2260 2098 2406 2164 ἅλως
2439 2116 2453 2131 ·
2488 2102 2535 2153 οἱ
2561 2101 2619 2154 δὲ
2670 2102 2821 2154 Ἰνδοὶ
2851 2103 3068 2165 ἀπόνως
3088 2102 3457 2169 συλλέγουσιν.

2189 2206 2243 2249 et
2282 2194 2490 2251 minimi
2536 2198 2604 2251 ab
2650 2198 2957 2254 hominibus
3003 2200 3389 2254 existimatam.
3422 2200 3605 2254 Simia:
3641 2212 3782 2252 vero
3807 2199 3858 2252 in

568 2304 706 2357 aviis
756 2301 955 2357 abditae
998 2301 1231 2381 desuper
1272 2294 1623 2361 aspicientes,
1655 2291 1744 2343 ubi
1792 2306 1895 2345 nox
1939 2291 2177 2357 advenit,
2219 2288 2473 2347 ludorum
2508 2308 2647 2361 opus
2683 2294 2929 2357 imitatae,
2986 2294 3206 2349 avulsos
3247 2294 3505 2348 arborum
3564 2308 3862 2347 ramuscu~

569 2400 651 2454 los
700 2397 751 2448 in
803 2408 983 2454 areas,
1015 2405 1151 2457 quas
1203 2388 1462 2446 diximus,
1511 2383 1823 2437 conferunt.
1865 2382 1990 2437 Inde
2025 2398 2156 2438 vero

644 2488 912 2557 Superato
968 2492 1153 2537 tuente
1196 2478 1495 2548 subjectam
1545 2476 1827 2544 planitiem
1871 2477 2160 2544 COnSpica-

572 2589 661 2634 tus
688 2573 1014 2645 Apollonius
1045 2587 1169 2625 cum
1207 2570 1342 2635 suis,
1372 2569 1530 2623 fossis
1557 2582 1695 2635 aqua
1734 2566 2163 2621 redundantibus

572 2670 915 2728 interfectam
936 2668 1465 2722 animadverterunt.
1488 2662 1656 2716 Erant
1677 2670 1855 2715 autem
1885 2660 2160 2716 fossarum

572 2764 692 2816 alia:
726 2771 911 2822 rectas,
962 2758 1081 2811 alia:
1107 2755 1365 2825 obliquae,
1392 2769 1590 2823 aquam
1627 2769 1655 2806 a
1698 2751 1885 2821 Gange
1908 2752 2163 2806 derivan-

575 2868 680 2909 tes.
719 2851 829 2906 Has
858 2860 1039 2905 autem
1071 2848 1248 2903 fossas
1278 2848 1477 2915 partim
1503 2845 1751 2901 terminis
1781 2842 2158 2912 designandis,

571 2948 770 3019 partim
804 2941 1097 3013 irrigandis
1132 2940 1299 3010 agris,
1329 2954 1450 2991 cum
1482 2938 1756 2997 sitissent,
1783 2936 1989 2990 servire
2015 2936 2163 2989 dice-

572 3041 725 3095 bant.
771 3034 911 3090 Sunt
960 3043 1139 3087 autcnt
1204 3030 1320 3099 agri
1370 3028 1613 3087 omnium
1662 3027 1753 3096 qui
1807 3025 1947 3097 apud
2005 3025 2164 3079 Indos

573 3130 825 3185 coluntur
863 3122 1210 3185 feracissimi,
1246 3132 1299 3176 et
1335 3122 1405 3175 ibi
1443 3120 1737 3175 luereditas
1763 3117 2008 3173 omnium
2035 3132 2153 3170 ma-

2195 2383 2342 2439 nullo
2373 2384 2560 2440 labore
2591 2386 2870 2455 colligunt.

2348 2479 2758 2550 ’Υπεράραντες
2776 2481 2822 2512 ’⁸
2852 2481 2909 2534 δὲ
2951 2479 3043 2534 τοῦ
3070 2480 3232 2551 ὅρους
3282 2480 3462 2535 πεδίον
3514 2482 3685 2548 φασίν
3730 2480 3861 2534 ίδεῖν

2263 2572 2406 2626 λεῖον
2428 2590 2742 2645 κατατετμη
2751 2574 2915 2640 μένον
2938 2575 3018 2637 εἰς
3045 2574 3286 2645 τάφρους
3342 2573 3571 2643 πλήρεις
3616 2573 3819 2636 ὓδατος
3841 2590 3858 2604 °

2264 2660 2405 2718 εἶναι
2437 2664 2494 2718 δὲ
2533 2664 2715 2718 αὐτῶν
2744 2666 2840 2728 τὰς
2870 2665 2970 2733 μὲν
3000 2665 3380 2735 ὲπικαρσίους,
3426 2667 3525 2728 τὰς
3571 2666 3635 2719 δὲ
3686 2667 3861 2737 ὀρθὸς

2262 2755 2562 2826 διηγμένας
2592 2756 2657 2808 ὲκ
2681 2753 2775 2809 τοῦ
2795 2754 3044 2824 ποταμοῦ
3071 2754 3166 2808 τοῦ
3185 2754 3421 2822 Γάγγου,
3453 2755 3552 2824 τῆς
3580 2770 3641 2806 τε
3672 2753 3861 2824 χώρας

2263 2850 2386 2918 ὅρια
2411 2848 2603 2911 οὔσας,
2638 2851 2747 2912 τοῖς
2774 2865 2832 2901 τε
2860 2847 3065 2909 πεδίοις
3089 2849 3458 2918 ἐπαγομένας,
3488 2848 3656 2900 ὁπότε
3697 2850 3733 2917 ἡ
3789 2845 3862 2915 γῆ

2263 2938 2461 3010 διψῴη.
2491 2939 2603 3007 Τὴν
2632 2938 2689 2992 δὲ
2710 2939 2813 3008 γῆν
2841 2939 3052 3007 ταύτην
3076 2940 3308 3008 ἀρίστην
3368 2940 3503 3006 φασὶ
3551 2939 3659 3007 τῆς
3702 2938 3862 2990 ἰνδι-

2264 3031 2365 3099 κῆς
2387 3027 2549 3093 εἶναι,
2577 3030 2672 3083 καὶ
2707 3030 2972 3102 μεγίστην
3013 3031 3123 3084 τῶν
3141 3033 3258 3083 ἐκεῖ
3281 3030 3509 3100 λήξεων,
3558 3030 3861 3083 πεντεκαί-

2263 3123 2394 3176 δεκα
2416 3124 2641 3193 ἡμερῶν
2664 3125 2786 3179 ὁδοῦ
2815 3123 2989 3193 μῆκος
3019 3126 3112 3178 ἐπὶ
3131 3126 3223 3177 τὸν
3282 3125 3519 3192 Γάγγην,
3575 3122 3860 3177 ὀκτωκαί-

574 3224 725 3278 xime
750 3222 953 3290 opima.
979 3218 1340 3274 Protenditur
1363 3214 1511 3269 enim
1542 3214 1594 3267 in
1630 3210 2020 3281 longitudinem
2051 3209 2159 3265 die-

2270 3216 2405 3270 δεκα
2435 3217 2493 3271 δὲ
2524 3217 2635 3271 ἀπὸ
2666 3218 2945 3289 Θαλάσσης
2976 3220 3071 3271 ἐπὶ
3116 3218 3178 3271 τδ
3213 3217 3325 3270 τῶν
3353 3216 3603 3286 πιθήκων
3640 3216 3797 3285 ὅρος,
3823 3208 3867 3282 ᾧ

578 3330 697 3369 rum
738 3314 1054 3384 quindecim
1078 3306 1489 3375 secusGangem
1515 3303 1945 3366 ambulantibus,
1971 3303 2161 3356 decem

576 3416 760 3462 autem
800 3414 857 3460 et
901 3414 1028 3458 octo
1072 3418 1102 3457 e
1137 3402 1272 3455 mari
1303 3402 1370 3454 ad
1399 3405 1638 3452 montem
1671 3410 1842 3465 usque
1881 3394 2164 3449 sitniarum

577 3508 749 3571 patet,
779 3498 866 3551 cui
920 3495 1171 3565 planities
1211 3508 1365 3561 requa
1400 3490 1738 3546 extenditur.
1778 3486 1947 3541 Terra
1985 3496 2163 3541 autem

576 3592 764 3647 colore
818 3592 969 3659 nigra
1018 3598 1141 3652 est,
1176 3596 1231 3639 et
1280 3586 1497 3653 frugum
1545 3581 1791 3635 omnium
1836 3578 2032 3641 ferax,
2077 3578 2167 3632 ubi

578 3684 786 3752 Spicas,
826 3680 1152 3734 arundinum
1206 3680 1403 3741 instar,
1457 3672 1698 3739 conspici
1725 3672 1934 3726 dicunt.
1987 3668 2165 3725 Fabas

579 3785 764 3828 autem
794 3772 953 3842 triplo
983 3770 1219 3839 majores
1255 3770 1321 3823 iis
1348 3782 1471 3837 quae
1505 3766 1558 3820 in
1576 3764 1812 3835 IEgypto
1842 3772 2163 3819 nascuntur.

580 3863 867 3918 Sesatnum
908 3875 1128 3929 quoque
1169 3857 1442 3927 proferre,
1480 3864 1535 3910 et
1567 3855 1773 3909 milium
1808 3855 2021 3909 eximiae
2050 3869 2167 3907 ma-

578 3953 897 4026 gnitudinis.
965 3952 1234 4006 i‘raaterea
1282 3964 1455 4004 nuces
1496 3948 1687 4003 iisdem
1733 3946 1785 3999 in
1838 3945 1975 4000 locis
2014 3944 2165 3999 nasci

578 4047 889 4117 perhibent.
936 4042 1088 4098 Vites
1131 4052 1310 4097 autem
1353 4055 1536 4110 parvre
1575 4039 1893 4100 admodum,
1950 4048 2167 4106 quantae

578 4141 722 4211 apud
767 4139 1002 4194 Matones
1035 4136 1321 4208 Lydosque
1351 4135 1422 4190 ibi
1474 4142 1794 4189 nascuntur.
1839 4130 2037 4185 Vinum
2085 4140 2169 4183 ta-

578 4251 702 4290 men
732 4248 799 4289 ex
834 4232 941 4287 illis
984 4244 1329 4299 expressum,
1374 4228 1575 4298 3264
1639 4235 1859 4296 gustatu
1908 4236 1963 4279 et
1991 4225 2161 4279 odore

574 4322 1035 4393 jucundissimum
1065 4334 1186 4374 esse
1214 4320 1388 4373 aiunt.
1407 4319 1586 4371 Aliam
1612 4323 1878 4385 przeterca
1913 4315 2166 4369 arborem

578 4415 693 4470 illic
751 4413 981 4467 inveniri
1024 4413 1104 4467 ait
1142 4411 1296 4465 lauro
1356 4408 1592 4464 similem
1629 4421 1643 4460 :
1700 4420 1823 4475 quae
1869 4406 2169 4460 folliculum

2269 3307 2700 3379 ξυμπαρατείνει
2724 3311 2913 3373 πεδιάς
2940 3311 3006 3365 ’⁷.
3041 3310 3290 3365 Μέλαινα
3324 3312 3474 3361 πάσα
3508 3309 3541 3378 ἠ
3575 3307 3739 3377 χώρα
3770 3309 3867 3360 καὶ

2270 3402 2488 3454 πάντων
2518 3400 2750 3472 εὔφορος
2773 3418 2786 3431 ·
2822 3404 2951 3455 ἰδεῖν
2980 3402 3080 3472 μὲν
3114 3403 3225 3471 γάρ
3266 3402 3506 3471 στάχυας
3536 3401 3864 3464 άνεστῶτας

2269 3492 2392 3547 ὅσον
2427 3494 2475 3547 οἱ
2503 3494 2753 3559 δόνακες,
2786 3493 2916 3548 ἰδεῖν
2943 3494 2999 3547 δὲ
3030 3495 3279 3564 κυάμους
3342 3492 3707 3564 τριπλασίους
3751 3494 3866 3546 τῶν

2270 3584 2584 3651 Αἰγυπτίων
2638 3585 2700 3639 τὸ
2733 3585 2988 3656 μέγεθος,
3036 3586 3284 3656 σήσαμόν
3335 3602 3396 3638 τε
3444 3586 3537 3638 καὶ
3593 3586 3866 3654 κέγχρον,

2272 3676 2534 3745 ὑπερφυᾶ
2567 3676 2765 3741 πάντα,
2803 3677 2999 3733 καὶτὰ
3023 3680 3205 3749 κάρυα
3235 3675 3469 3746 φύεσθαὶ
3532 3693 3691 3743 φασι.
3750 3676 3868 3739 Τὰς

2268 3768 2327 3822 δὲ
2360 3769 2636 3839 ἀμπέλους
2680 3771 2911 3839 φύεσθαι
2946 3772 3171 3843 μικράς,
3229 3770 3484 3841 καθάπερ
3536 3769 3731 3824 Λυδῶν
3766 3773 3867 3823 καὶ

2270 3859 2546 3925 Μαιόνων,
2583 3860 2843 3926 ποτίμους
2860 3863 2906 3895 ⁸⁸
2955 3862 3014 3915 δὲ
3055 3862 3197 3915 εἶναι
3250 3864 3347 3916 καὶ
3384 3860 3689 3931 ἀνθοσμίας
3721 3860 3867 3931 ὁμοῦ

2269 3948 2347 4019 τῷ
2363 3951 2700 4023 ἁποτρυγᾷν.
2750 3953 3016 4008 Ἐνταῦθα
3038 3956 3131 4007 καὶ
3151 3954 3355 4024 δένδρῳ
3380 3958 3543 4024 φησὶν
3565 3956 3868 4022 ἐντετυχη-

2273 4042 2427 4095 κέναι
2459 4044 2801 4114 προσεοικότι
2836 4048 2900 4116 τῇ
2919 4044 3048 4118 [552
3077 4045 3170 4116 Η.]
3192 4046 3391 4118 δάφνῃ,
3418 4045 3655 4115 φύεσθαι
3684 4044 3743 4098 δὲ
3765 4046 3869 4098 αῦ-

2274 4134 2368 4187 τοῦ
2400 4136 2611 4189 κάλυκα
2642 4137 2978 4208 εἰκασμένην
3004 4140 3069 4208 τῇ
3106 4138 3345 4210 μεγίστῃ
3392 4139 3510 4209 ῥοᾷ,
3558 4137 3658 4191 καὶ
3694 4138 3871 4208 μῆλον

2275 4226 2556 4293 ἐγκεῖσθαι
2585 4231 2650 4299 τῇ
2685 4229 2883 4283 κάλυκι
2916 4231 3147 4283 κυάνεον
3168 4231 3267 4301 μὲν
3301 4230 3494 4300 ὥσπερ
3525 4230 3637 4283 τῶν
3667 4231 3868 4283 ὑακίνο

2276 4314 2386 4368 θων
2419 4316 2478 4370 αἱ
2511 4316 2693 4383 καλαὶ,
2726 4319 2948 4373 πάντων
2981 4319 3038 4372 δὲ
3082 4319 3303 4390 ἣδιστον
3361 4319 3535 4372 ὁπόσα
3582 4319 3648 4386 ἐξ
3703 4319 3873 4391 ὡρῶν

2274 4406 2421 4477 ἥκει.

581 4507 713 4563 mali
748 4505 942 4561 Punici
988 4502 1367 4574 magnitudine
1408 4497 1640 4569 profert.
1673 4496 1945 4553 Folliculo
1983 4508 2167 4553 autem
2209 4513 2428 4567 pomum
2460 4500 2601 4555 inest
2640 4500 2824 4557 colore
2857 4500 3172 4565 caeruleum,
3204 4514 3270 4555 ac
3330 4499 3496 4555 veluti
3560 4499 3876 4569 pulcherri-

581 4618 704 4659 nms
736 4599 1065 4674 hyacinthus
1103 4614 1117 4650 :
1150 4593 1533 4650 suavissimum
1577 4605 1706 4645 vero
1738 4591 2007 4655 omnium,
2044 4604 2168 4660 qua:
2207 4598 2318 4645 toto
2339 4607 2483 4646 anno
2513 4606 2826 4648 nascantur.

652 4696 791 4751 Cum
838 4703 1021 4748 autem
1059 4705 1091 4745 ο
1132 4696 1320 4744 monte
1372 4685 1801 4748 descenderent,
1848 4685 2159 4739 invenerunt

2353 4686 2790 4749 Καταϐαἰνοντες
2817 4688 2864 4719 ²⁹
2885 4686 2943 4740 δὲ
2960 4686 3021 4739 τὸ
3048 4687 3174 4757 ὅρος
3188 4686 3501 4756 δρακόντων
3535 4687 3679 4759 Θήρᾳ
3706 4704 3870 4757 περι-

583 4788 886 4843 dracouum
940 4782 1312 4837 venationem.
1353 4776 1548 4832 Omnis
1591 4775 1739 4830 enim
1812 4775 1978 4829 ludite
2020 4773 2173 4843 regio

2269 4778 2453 4844 τυχεῖν
2478 4792 2613 4844 φασι
2645 4791 2660 4806 '
2706 4774 3019 4846 δρακόντων
3048 4776 3149 4845 μὲν
3187 4778 3300 4848 γὰρ
3349 4777 3413 4849 δὴ
3461 4778 3709 4849 ἀπείροις
3759 4780 3865 4847 μήε

584 4878 921 4934 draconibus
954 4874 1214 4938 abundat,
1238 4882 1296 4927 et
1328 4869 1677 4925 multitudine
1717 4876 1773 4923 et
1800 4866 2159 4936 magnitudint

2269 4885 2391 4921 κεσι
2420 4868 2705 4934 διέζωσται
2728 4871 2879 4922 πάσα
2905 4872 2938 4939 ὴ
2978 4869 3171 4940 Ἰνδικὴ
3204 4870 3379 4940 χώρα,
3405 4872 3500 4924 καὶ
3547 4872 3720 4941 μεστά
3761 4871 3871 4940 μὲν

587 4972 870 5027 mirandis.
898 4969 1082 5038 Itaque
1104 4965 1328 5037 paludes
1348 4966 1541 5033 plenae,
1561 4961 1707 5031 pleni
1735 4971 1970 5021 montes.
2000 4975 2175 5030 neque

588 5065 829 5119 tumulus
870 5062 938 5117 iis
977 5076 1183 5115 vacuus
1213 5060 1508 5128 reperitur.
1550 5055 1753 5111 Verum
1787 5054 2060 5124 palustres
2088 5054 2174 5122 pi-

588 5158 670 5230 gri
707 5158 976 5225 tardique,
1007 5164 1241 5224 suntque
1261 5152 1598 5223 longitudine
1622 5149 1932 5205 cubitorum
1969 5147 2171 5214 trigin-

588 5261 665 5314 ta,
695 5258 749 5303 et
772 5249 859 5301 vix
899 5256 1060 5316 caput
1100 5246 1457 5302 attollentes:
1497 5250 1627 5297 sunt
1670 5254 1803 5294 vero
1842 5239 2172 5293 draconibus

591 5342 813 5396 feminis
866 5342 1092 5407 similes,
1121 5351 1174 5395 et
1204 5349 1359 5409 terga
1391 5336 1656 5392 habentes
1684 5333 1968 5402 subuigra,
1994 5339 2049 5386 et
2067 5346 2171 5385 ca:-

588 5438 719 5491 teris
752 5437 930 5489 minus
960 5448 1278 5505 squamosa.
1315 5429 1666 5501 Campestres
1711 5423 2047 5497 palustribus
2077 5438 2172 5493 per

657 5564 737 5595 ιιον
780 5552 1071 5623 Horapollo
1107 5550 1201 5607 lib.
1233 5566 1297 5613 ιι,
1336 5563 1458 5619 cap.
1491 5547 1578 5601 76.

2270 4965 2450 5017 αὐτῶν
2466 4964 2583 5036 ἓλη,
2612 4964 2786 5035 μεστὰ
2822 4963 2879 5016 δὲ
2914 4964 3039 5033 δρη,
3072 4964 3230 5026 κενὸς
3265 4964 3324 5017 δὲ
3372 4964 3546 5028 οὐδεὶς
3574 4964 3757 5033 λόφος.
3798 4966 3872 5017 οἱ

2276 5058 2373 5126 μὲν
2395 5057 2460 5127 δὴ
2488 5056 2653 5110 ἕλειοι
2706 5055 2906 5127 νωθροί
2961 5058 3023 5108 τέ
3054 5058 3164 5109 εἰσι
3206 5057 3301 5110 καὶ
3357 5058 3874 5128 τριακοντάπηχυκ

2285 5147 2457 5216 μῆκος
2490 5144 2693 5215 έχουσι,
2727 5148 2824 5200 καὶ
2841 5146 3041 5218 κράνος
3062 5146 3245 5210 αὐτοῖς
3260 5148 3361 5200 οὐκ
3382 5148 3701 5217 ἀνέστηκεν,
3749 5152 3809 5201 αὶ
3820 5150 3872 5200 λ’

2279 5238 2386 5290 εἰσὶ
2411 5238 2528 5300 ταῖς
2550 5237 2874 5307 δρακαίναις
2918 5240 3118 5308 ὅμοιοι,
3160 5240 3391 5310 μέλανες
3438 5240 3496 5293 δὲ
3539 5241 3741 5304 ἰκανῶς
3773 5243 3876 5295 τὸν

2278 5328 2471 5394 νῶτον,
2495 5329 2589 5383 καὶ
2616 5324 2784 5401 ἦττον
2808 5330 3093 5397 φολιδωτοὶ
3133 5333 3243 5383 τῶν
3275 5331 3475 5386 ἀλλων.
3512 5334 3571 5386 0i
3611 5332 3669 5385 δὲ
3688 5334 3730 5363 ³¹
3768 5350 3878 5385 πε-

2277 5423 2412 5475 δινοὶ
2468 5421 2858 5475 πλεονεκτοῦσι
2886 5423 2995 5476 τῶν
3041 5424 3230 5477 ἑλείων
3287 5425 3501 5479 πάνταο
3532 5427 3625 5478 καὶ
3663 5429 3771 5496 γάρ
3808 5429 3873 5485 ἐς

1907 5630 2147 5687 νΑΒΙᾹΞ
2182 5630 2590 5688 LECTIONES.

655 5745 699 5779 sa
720 5745 776 5797 δὲ
802 5757 910 5795 01η.
943 5756 1025 5810 pr.
1054 5737 1117 5794 Α,
1163 5809 1166 5810 ν
1196 5741 1240 5773 ιι
1268 5734 1561 5810 πιπερίδας
1589 5734 1651 5784 Δ.
1710 5730 1773 5810 :5
1807 5729 1970 5783 κὰκΑ
1998 5744 2010 5779 :
2130 5744 2190 5790 ς.
2268 5730 2312 5759 ’⁸
2344 5725 2601 5808 seem.)
2629 5742 2711 5788 ιιι,
2856 5727 3085 5810 ιγ-ττὲδεα
3106 5727 3214 5810 ΑΡ,
3293 5731 3341 5763 as
3368 5728 3667 5800 ποταμίους
3693 5746 3755 5798 ρ..
3800 5731 3874 5783 Α.

582 5816 626 5847 ”
658 5814 883 5885 κατα6.]
908 5798 991 5879 ιιῖ,
1026 5814 1079 5865 6.
1155 5809 1199 5840 ³ο
1234 5798 1676 5877 τριακοντάπηχυ
1709 5800 1748 5853 B
1776 5812 1829 5854 et
1858 5814 2001 5853 corr.
2030 5799 2099 5850 A:
2130 5798 2599 5875 τριακοντάπηχον
2626 5814 2686 5859 ς.
2764 5798 2805 5829 ³⁸
2833 5798 2879 5851 οἱ
2909 5798 2987 5871 δὲ]
3030 5814 3111 5864 ιιι,
3136 5798 3189 5852 7.
