4050 6434
268 395 403 464 ῙΞΞῙ

1374 404 1897 465 BlBLlOTHECA.
1926 429 1995 441 --
2023 405 2183 466 COD.
2232 407 2475 469 CCXLI.

3421 405 3559 471 1222

265 512 437 566 πλέον
466 509 563 565 τοῦ
607 511 822 582 μήκους
873 512 1183 581 ἐλαύνουσι,
1213 514 1386 588 [1004
1415 517 1508 589 [1.]
1556 520 1652 572 καὶ
1694 516 1857 587 ταχύ-

1964 518 2145 572 omnia
2191 521 2528 588 superiores.
2581 518 2716 573 Nam
2782 531 2836 577 et
2893 523 2945 578 iu
2994 523 3257 592 majorem
3313 524 3552 593 porrecti

262 622 418 675 τεροι
449 605 563 659 τῶν
578 605 857 670 ὀξυτάτων
895 609 1161 680 ποταμῶν
1185 608 1467 680 φέρονται,
1504 614 1598 666 καὶ
1637 610 1859 680 διαφεύ-

262 712 358 766 γει
386 697 586 763 αὐτοὺς
615 700 789 755 οὐδέν.
836 700 1061 763 Τούτοις
1117 702 1213 756 καὶ
1244 702 1408 772 λοφιά
1456 703 1676 771 φύεται,
1717 703 1859 768 νέοις

269 788 373 858 μὲν
393 790 773 863 ὐπανίσχουσα
808 792 873 846 τὸ
903 794 1150 865 μέτριον,
1198 796 1576 866 συναυξομένη
1592 798 1636 829 ³¹
1686 796 1744 850 δὲ
1772 812 1861 848 τε·

262 881 581 954 λεουμένοις
624 886 722 938 καὶ
778 886 1083 955 ἀνίσχουσα
1100 886 1146 918 ³³
1195 887 1253 950 ἐς
1274 887 1320 919 ³⁵
1365 886 1522 951 πολὺ,
1581 888 1672 941 ὅτε
1727 887 1794 959 δὴ
1812 889 1859 921 ³⁵

264 975 533 1044 πυρσοί³⁸
557 994 617 1029 τε
650 978 744 1031 καὶ
771 978 1067 1048 πριονωτοὶ
1095 977 1360 1047 γίνονται.
1412 972 1573 1034 Οὗτοι
1623 980 1718 1032 καὶ
1767 997 1860 1047 γε·

264 1068 605 1134 νειὰσκουσι,
636 1071 733 1123 καὶ
769 1070 862 1123 τὸν
917 1071 1123 1141 αὐχένα
1174 1070 1310 1141 ὑψοῦ
1347 1071 1588 1140 αἴρουσι,
1628 1072 1721 1125 καὶ
1759 1072 1858 1140 τὴν

265 1160 460 1229 φολίδα
488 1162 763 1215 στίλϐουσι
786 1162 943 1233 δίκην
972 1162 1213 1233 ἀργύρου
1235 1178 1249 1192 ⁸
1274 1165 1328 1217 αἱ
1356 1164 1414 1216 δὲ
1430 1164 1537 1217 τῶν
1561 1163 1858 1233 ὀφθαλμῶν

265 1251 432 1321 κόραι
475 1250 620 1314 λίθος
650 1251 1067 1323 ὲστὶδιάπυρος.
1113 1252 1292 1323 ’ἰσχὺν
1358 1253 1415 1306 δὲ
1471 1252 1654 1307 αὐτῶν
1703 1254 1855 1324 ἀμή-

263 1360 433 1414 χανον
457 1339 598 1398 εἷναί
620 1361 786 1415 φησιν
798 1344 843 1375 ³⁷
863 1345 920 1408 ὲς
950 1344 1121 1397 πολλά
1146 1344 1258 1397 τῶν
1284 1344 1593 1399 ἀποθέτων.
1640 1345 1855 1399 Γίνεται

260 1438 321 1489 δὲ
352 1441 465 1499 τοῖς
495 1437 736 1507 θηρῶσιν
766 1438 796 1490 ὀ
840 1437 1055 1502 πεδινδς
1103 1437 1325 1510 εὕρημα
1344 1438 1412 1505 ³⁸,
1467 1440 1689 1493 ὲπειδάν
1745 1440 1857 1493 τῶν

262 1529 578 1597 ἐλεφάντων
604 1529 724 1583 τινὰ
751 1528 1160 1599 ἐπισπάσηται·
1215 1530 1372 1583 τουτὶ⁸
1414 1530 1524 1601 γὰρ
1548 1530 1855 1583 ἀπόλλυσιν

259 1625 435 1693 ἄμφω
466 1624 534 1676 τά
562 1623 744 1695 θηρία.
790 1624 901 1677 Καὶ
948 1624 1142 1695 κέρδος
1172 1626 1285 1687 τοῖς
1324 1624 1504 1678 ἑλοῦσι
1554 1624 1856 1696 δράκοντας

261 1714 537 1784 ὀφθαλμοὶ
561 1715 654 1767 καὶ
682 1714 816 1785 δορά
839 1714 933 1767 καὶ
956 1714 1171 1778 ὀδόντες
1203 1730 1216 1745 ·
1246 1716 1357 1770 εἰσὶ
1383 1715 1442 1769 δὲ
1476 1720 1546 1771 τὰ
1589 1717 1686 1787 μὲν
1720 1716 1857 1772 ἄλλα

259 1808 443 1877 ὅμοιοι
472 1809 587 1870 τοῖς
623 1806 733 1860 τῶν
757 1807 1035 1876 μεγίστων
1090 1808 1258 1873 συῶν,
1313 1807 1633 1880 λεπτότεροι
1664 1809 1722 1863 δὲ
1762 1810 1857 1863 καὶ

260 1898 580 1971 διάστροφοι
609 1900 705 1953 καὶ
726 1901 825 1970 τὴν
851 1901 1060 1971 αίχμὴν
1104 1900 1369 1971 ἄτρεπτοι
1398 1902 1466 1965 ³⁹,
1497 1902 1754 1973 καθάπερ
1806 1902 1858 1955 οἱ
1891 1886 1934 1941 Β

258 1990 375 2043 τῶν
406 1991 717 2062 μεγάλωνδο
760 1990 982 2062 ίχθύων.
1027 1992 1089 2045 Οἱ
1119 1992 1178 2045 δὲ
1196 1992 1238 2024 ⁸⁸
1262 1991 1433 2062 ὄρειοι
1447 1993 1741 2062 δράκοντες
1760 1992 1859 2065 τὴν

263 2084 367 2153 μὲν
395 2084 584 2153 φολίδα
618 2087 814 2155 χρυσοῖ
832 2084 1139 2156 φαίνονται,
1163 2083 1224 2137 τὸ
1255 2084 1313 2137 δὲ
1348 2084 1523 2155 μῆκος
1555 2084 1697 2157 ὑπὲρ
1732 2084 1857 2149 τοὺς

261 2176 549 2240 πεδινούς’
584 2178 771 2245 γένεια
795 2176 851 2230 δὲ
903 2176 1088 2239 αὐτοῖς
1131 2176 1501 2248 βοστρυχώδη,
1542 2179 1723 2248 χρυσᾶ
1756 2180 1856 2232 κά-

258 2272 441 2323 κεῖνα.
470 2270 581 2323 Καὶ
629 2268 1067 2339 κατωφρύωνται
1110 2268 1311 2338 μᾶλλον
1343 2269 1376 2340 ἢ
1407 2269 1459 2321 οἱ
1491 2270 1715 2335 πεδινοὶ,
1754 2270 1858 2341 δμ-

260 2362 413 2432 ματά
442 2380 501 2415 τε
537 2362 881 2433 ὐποκάθηται
938 2365 1004 2433 τῇ
1038 2361 1204 2433 ὀφρύῖ
1264 2362 1438 2415 δεινὸν
1492 2363 1587 2415 καὶ
1638 2363 1856 2429 ἀναιδὲς

257 2454 574 2525 δεδορκότα.
622 2454 961 2524 Ὑπόχαλκόν
987 2471 1047 2506 τε
1080 2450 1211 2525 ἦχον
1229 2455 1272 2485 ³⁸
1313 2455 1590 2525 φέρουσιν,
1636 2454 1858 2507 ἐπειδὰν

256 2549 326 2617 τῇ
358 2550 433 2618 γῇ
471 2546 922 2617 ὐποκυμαίνωσιν
950 2546 1017 2602 ⁴³.
1064 2546 1197 2600 Ἀπὸ
1245 2546 1300 2599 δὲ
1351 2547 1461 2599 τῶν
1505 2546 1681 2616 λόφων
1716 2565 1857 2618 πυρ-

261 2641 374 2694 σῶν
426 2642 598 2695 ὄντων
644 2640 757 2712 πῦρ
809 2642 993 2703 αὐτοῖς
1043 2642 1194 2696 ἀττει
1256 2641 1541 2712 λαμπάδος
1568 2640 1615 2672 ⁸⁵
1670 2640 1854 2695 πλέον.

258 2729 428 2788 υῦτοι
453 2734 550 2787 καὶ
597 2734 727 2797 τοὺς
765 2732 1069 2802 ἐλέφαντας
1110 2732 1380 2804 αἱροῦσιν.
1430 2734 1596 2786 Αὐτοὶ
1653 2732 1710 2786 δὲ
1752 2733 1859 2787 ὑπὸ

256 2823 371 2877 τῶν
420 2822 600 2876 Ἰνδῶν
642 2821 816 2886 οὕτως
866 2823 1182 2877 ἁλίσκονται
1204 2838 1219 2853 ⁸
1275 2823 1630 2894 Κοκκοὸαφεϊ
1664 2824 1857 2895 πέπλῳ

254 2916 443 2986 χρυσᾶ
492 2915 796 2985 ὲνείροντες
854 2916 1165 2987 γράμματα.
1199 2915 1246 2947 ⁵⁸
1290 2915 1535 2970 τίθενται
1592 2917 1703 2988 πρὸ
1754 2917 1856 2986 τῆς

255 3010 438 3080 χειᾶς,
471 3007 638 3063 ὕπνον
679 3007 1154 3079 ὲγγοητεύσαντες
1204 3010 1320 3071 τοῖς
1367 3008 1718 3079 γράμμασιν,
1764 3009 1854 3078 ὐφ’

254 3093 321 3153 οὗ
358 3101 581 3153 νικᾶται
612 3100 739 3163 τοὺς
769 3098 1087 3169 ὀφθαλμοὺς
1119 3101 1428 3170 ἀτρέπτους
1458 3100 1618 3164 ὄντας
1651 3102 1679 3153 ὁ
1728 3100 1856 3170 δρά-

256 3211 397 3256 κων,
423 3193 519 3246 κα).
566 3190 741 3245 πολλά
791 3191 892 3261 τῆς
948 3192 1267 3263 ἀπορρήτου
1301 3190 1496 3260 σοφίας
1539 3191 1627 3243 ἐπ’
1685 3190 1850 3244 αὐτὸν
1880 3227 1925 3288 c

255 3285 500 3357 ᾅδουσιν,
533 3279 615 3348 οἷς
640 3283 837 3350 ἄγεται
868 3300 928 3337 τε
958 3282 1165 3337 καὶτὸν
1186 3283 1391 3354 αὐχένα
1417 3280 1705 3337 ὑποϐαλὼν
1754 3283 1852 3352 τῆς

255 3382 417 3450 χειᾶς
449 3376 802 3433 ὲπικαθεύδει
829 3380 946 3441 τοῖς
996 3378 1318 3448 γράμμασι.
1362 3377 1780 3446 Προσπεσόντες
1806 3376 1853 3409 ⁸⁸

253 3469 356 3526 οὖν
376 3474 426 3525 οί
471 3470 620 3526 Ἰνδοὶ
654 3471 895 3543 κειμένῳ
918 3471 1170 3535 πελέκεις
1222 3472 1605 3540 ὲναράττουσι,
1633 3472 1727 3523 καὶ
1756 3468 1854 3542 τὴν

252 3566 507 3637 κεφαλὴν
531 3564 906 3635 ἀποτεμόντες
939 3562 1215 3634 ληϊζονται
1243 3563 1343 3627 τὰς
1376 3564 1434 3616 ὲν
1482 3562 1622 3633 αὐτῇ
1647 3562 1847 3626 λίθους.

252 3660 415 3714 Λίθοι
447 3659 506 3712 δὲ
526 3659 742 3722 τούτοις
768 3658 1092 3713 ἀπόκεινται
1143 3656 1204 3710 τὸ
1265 3656 1367 3726 μὲν
1423 3652 1565 3721 εἶδος
1617 3655 1853 3726 ἀνθηραὶ

253 3753 356 3806 καὶ
395 3753 574 3808 πάντα
598 3752 1025 3821 ἀπαυγάζουσαι
1055 3747 1329 3821 χρώματα
1359 3748 1427 3814 ⁸⁷,
1469 3749 1568 3819 τὴν
1616 3749 1672 3802 δὲ
1696 3749 1851 3818 ίσχὺν

252 3847 493 3918 ἄρρητοι
528 3844 672 3899 κατά
730 3845 821 3899 τὸν
855 3842 1145 3897 δακτύλιον
1187 3841 1248 3895 ὃν
1292 3840 1549 3909 γενέσθαι
1605 3842 1737 3909 φασὶ
1773 3838 1851 3909 τῷ

252 3939 433 4012 Γύγῃ.
453 3938 723 4001 Πολλάκις
751 3938 808 3991 δὲ
830 3937 925 3991 τὸν
971 3935 1131 3990 Ἰνδὸν
1153 3932 1305 4004 αὐτῷ
1337 3932 1561 3987 πελέκει
1590 3933 1688 3985 καὶ
1710 3932 1849 4003 αὐτῇ

248 4032 423 4104 τέχνῃ
458 4030 739 4085 συλλαᾶὶη
774 4031 831 4094 ές
851 4028 950 4100 τὴν
998 4026 1165 4082 αὐτοῦ
1210 4028 1366 4099 χειάν
1427 4024 1611 4096 φέρων
1654 4022 1848 4095 ᾤχετο,

253 4126 424 4197 μόνον
454 4125 520 4179 οὐ
541 4124 705 4178 σείων
743 4123 806 4177 τὸ
834 4122 981 4194 ὅρος.
1010 4112 1173 4177 Οὗτοι
1210 4121 1307 4174 καὶ
1344 4120 1413 4172 τά
1472 4118 1573 4189 ὅρη
1597 4117 1667 4171 τὰ
1720 4116 1850 4187 περὶ

250 4217 356 4287 τὴν
393 4215 664 4288 Ἐρυθρὰν
692 4215 861 4268 οίκείν
892 4212 1266 4282 λέγονται.Τά
1303 4211 1348 4265 δ’
1375 4210 1473 4281 ἐτη
1509 4209 1618 4263 τῶν
1645 4208 1849 4281 θηρίων

252 4309 467 4363 τούτων
532 4308 740 4377 γνῶναί
787 4323 849 4361 τε
927 4306 1135 4377 ἄπορον
1183 4305 1276 4359 καὶ
1341 4305 1519 4357 εἰπεῖν
1593 4303 1844 4357 ἄπιστον.

250 4402 551 4473 Προῖόντες
566 4400 613 4433 ⁸⁸
632 4401 689 4455 δέ
720 4416 887 4468 φασιν
904 4399 949 4431 ⁸⁸
980 4398 1147 4452 αὐλοῦ
1180 4399 1280 4469 μὲν
1307 4398 1539 4452 ἀκοῦσαι
1576 4395 1727 4461 δόξαι
1759 4413 1848 4448 νο-

254 4495 407 4563 μέως
438 4493 502 4565 δή
531 4510 681 4556 τινος
709 4493 914 4563 ἀγέλην
967 4490 1276 4552 τάττοντος.
1317 4487 1444 4560 [555
1470 4486 1563 4559 11.]
1610 4487 1847 4554 ἐλάφους

1968 618 2094 661 sunt
2124 607 2543 677 longitudinem,
2576 620 2633 666 et.
2664 609 2905 666 velocius
2938 612 3277 679 ﬂuminibus,
3301 614 3553 684 quamvis

1970 698 2278 769 rapacibus,
2314 699 2584 769 feruntur,
2616 702 2689 757 ita
2726 712 2785 758 ut
2829 703 2948 757 illos
2980 705 3210 759 evadere
3259 705 3392 760 nihil
3424 720 3552 774 pos-

1968 791 2058 846 sit.
2095 790 2188 847 llis
2222 801 2403 846 autem
2446 796 2610 849 crista
2646 795 2904 860 nascitur,
2926 794 3222 864 juvenibus
3254 796 3547 852 mediocri-

1967 892 2051 937 ter
2084 885 2420 954 prominens,
2464 885 2739 954 provectis
2782 900 2912 941 vero
2962 894 3121 941 aetate
3170 886 3448 956 grandior,
3496 895 3553 942 et

1964 981 2125 1037 valde
2145 996 2460 1053 assurgens,
2498 992 2695 1051 estque
2723 980 2889 1052 ignita
2930 991 2984 1036 et
3035 981 3261 1036 ferrata.
3311 982 3373 1036 Hi
3417 997 3551 1037 vero

1960 1074 2120 1143 jubas
2154 1083 2209 1128 et
2233 1074 2499 1128 cervicem
2524 1074 2685 1129 altius
2702 1074 2986 1136 attollunt,
3007 1083 3065 1128 et
3092 1089 3279 1128 eorum
3312 1090 3552 1143 squamae

1966 1165 2142 1220 instar
2167 1166 2377 1235 argenti
2408 1166 2639 1235 fulgent.
2686 1164 2980 1221 Oculorum
3011 1174 3191 1219 autem
3230 1165 3445 1235 pupilla}
3472 1165 3552 1218 la-

1965 1257 2122 1327 pides
2153 1266 2280 1311 sunt
2313 1266 2571 1326 tanquam
2606 1257 2745 1328 ignis
2776 1258 3066 1329 fulgentes.
3096 1255 3298 1312 Horum
3324 1274 3552 1328 serpen-

1968 1359 2077 1401 tum
2109 1350 2216 1403 vim
2263 1350 2556 1403 maximam
2595 1365 2717 1405 esse
2758 1351 2940 1406 ferunt
2972 1351 3037 1403 ad
3086 1353 3306 1406 morbos
3343 1352 3551 1420 pericu-

1966 1440 2272 1497 losissimos
2336 1442 2627 1498 tollendos.
2699 1445 2745 1496 A
2812 1443 3137 1497 venantibus
3200 1442 3551 1511 reperiuntur

1964 1545 2301 1601 campestres
2319 1535 2586 1588 dracones
2610 1534 2754 1605 (eum
2774 1537 2923 1588 enim
2953 1534 3297 1603 elephantem
3314 1534 3547 1605 aliquem

1963 1626 2374 1691 convulserunt,
2413 1637 2643 1696 utraque
2677 1627 2851 1681 bellua
2880 1626 3094 1697 interit)
3122 1636 3177 1682 et
3200 1627 3548 1697 eos‘espien-

1966 1718 2110 1773 tibus
2141 1718 2293 1773 lucro
2327 1728 2453 1773 sunt
2495 1719 2661 1785 oculi,
2697 1720 2888 1788 pelles,
2933 1720 3144 1775 dentes.
3171 1719 3313 1775 Sunt
3360 1729 3545 1774 autem

1965 1809 2227 1864 membris
2250 1811 2399 1878 apris
2436 1810 2745 1879 ingentibus
2779 1826 2961 1880 pares,
3013 1814 3108 1865 sed
3158 1826 3387 1881 corpore
3417 1827 3548 1881 gra-

1962 1903 2215 1959 ciliorem
2246 1912 2302 1958 et
2347 1903 2401 1957 in
2446 1918 2826 1974 quamcunque
2868 1916 3076 1974 partem
3101 1906 3402 1971 versatiles,
3437 1921 3550 1962 ros-

1964 2007 2048 2053 tro
2090 2008 2270 2052 autem
2330 1997 2673 2052 validissimo
2735 2007 2991 2067 tanquam
3048 1997 3294 2069 iungentes
3342 1999 3545 2069 pisces.

1961 2087 2200 2143 Montani
2236 2102 2365 2142 vero
2385 2088 2645 2142 dracones
2668 2101 2927 2157 squamas
2941 2085 3140 2139 habent
3160 2086 3357 2141 coloris
3383 2084 3541 2151 fulvi,

1959 2178 2530 2248 longitudiue‘autem
2581 2177 2854 2231 excedunt
2909 2185 3283 2244 campestres,
3349 2177 3548 2232 barba-

1960 2286 2066 2341 que
2113 2270 2223 2325 illis
2266 2279 2349 2325 est
2390 2270 2727 2334 cincinnata,
2773 2275 2829 2323 et
2884 2269 2999 2337 ipsa
3043 2266 3242 2321 coloris
3277 2268 3450 2334 aurei,
3490 2276 3549 2323 et

1960 2363 2253 2431 supercilia
2310 2362 2514 2432 majora
2563 2361 2765 2416 habent
2795 2375 2959 2430 quam
3008 2369 3368 2427 campestres,
3402 2358 3545 2415 oculi

1959 2445 2140 2511 aut-cm
2172 2455 2480 2524 superciliis
2506 2453 2764 2517 subsunt,
2793 2461 2968 2517 torve,
3012 2452 3364 2523 graviterque
3395 2454 3545 2520 aspic

1960 2551 2185 2618 cientes,
2226 2548 2317 2617 qui
2345 2547 2611 2601 dracones
2650 2545 2876 2616 perinde
2903 2560 2968 2600 ac
2999 2545 3044 2598 si
3079 2552 3264 2599 essent
3304 2544 3439 2599 αιηεὶ
3465 2543 3546 2599 si-

1960 2640 2153 2705 bilaut,
2179 2639 2614 2708 quandoeunque
2640 2651 2735 2705 per
2763 2644 2969 2690 terram
3005 2645 3253 2704 serpunt.
3292 2634 3336 2689 E
3366 2632 3549 2690 cristis

1958 2749 2092 2789 vero
2120 2746 2240 2800 quae
2268 2730 2450 2785 rubra:
2474 2738 2621 2794 sunt,
2645 2728 2792 2783 velut
2812 2728 2952 2798 ignis
2969 2727 3273 2782 scintillare
3298 2727 3545 2793 videtur;

1958 2838 2013 2883 et
2046 2826 2136 2880 isti
2170 2836 2387 2893 quoque
2422 2821 2744 2891 elephantos
2769 2820 3011 2889 capiunt.
3050 2819 3157 2888 Ipsi
3197 2834 3330 2874 vero
3359 2820 3428 2875 ab
3461 2821 3547 2873 ln-

1959 2919 2041 2973 dis
2073 2919 2177 2973 hoc
2206 2917 2365 2971 modo
2388 2915 2675 2984 capiuntur
2710 2930 2724 2966 :
2763 2911 2982 2982 pallium
3011 2912 3325 2967 coccineum
3346 2912 3548 2969 litteris

1956 3011 2141 3066 aureis
2184 3009 2644 3079 superintextum,
2719 3012 2846 3059 ante
2904 3004 3149 3060 cubicula
3211 3006 3543 3073 extendunt;

1958 3104 2159 3173 scripta
2188 3112 2368 3157 autem
2402 3098 2770 3155 incantatoria
2802 3097 2969 3153 verba
3003 3113 3257 3153 somnum
3293 3100 3549 3155 videntur

1960 3196 2233 3258 inducere,
2280 3192 2477 3263 326b
2528 3191 2611 3246 his
2660 3193 2960 3244 draconum
3000 3191 3184 3254 oculi,
3234 3206 3543 3262 quanquam

1963 3286 2265 3348 durissimi,
2307 3293 2658 3353 superantur.
2719 3283 2825 3354 Ipsi
2860 3298 3079 3353 quoque
3108 3282 3341 3353 plurima
3379 3284 3543 3339 verba

1961 3392 2025 3431 ex
2056 3391 2253 3430 arcana
2284 3374 2551 3445 sapientia
2581 3375 3125 3443 superiucantantes,
3155 3390 3220 3430 eo
3253 3376 3543 3432 draconem

1962 3469 2290 3539 perducunt,
2314 3475 2373 3520 ut
2403 3476 2565 3534 caput
2586 3465 2809 3520 latebris
2831 3475 3070 3529 exserat,
3103 3476 3159 3521 et
3201 3466 3398 3521 litteris
3438 3465 3546 3535 pal-

1961 3559 2033 3633 lio
2062 3558 2289 3613 intextis
2317 3556 2801 3627 superindormiat,
2820 3557 3109 3612 dormienti
3130 3567 3309 3612 autem
3327 3558 3544 3612 instan-

1962 3664 2043 3709 tes
2074 3652 2215 3719 lndi,
2247 3652 2431 3707 securi
2481 3650 2751 3707 cervicem
2786 3652 3013 3722 feriunt,
3059 3654 3341 3720 scissoque
3365 3655 3546 3725 capite

1960 3743 2172 3812 lapillos
2213 3744 2361 3798 intus
2408 3751 2691 3798 exstantes
2728 3742 3006 3798 auferunt.
3047 3742 3357 3799 Traduntur
3395 3746 3543 3802 enim

1960 3846 2341 3891 montanorum
2367 3835 2664 3890 draconum
2695 3834 2968 3903 capitibus
2996 3836 3175 3890 inesse
3197 3835 3388 3905 lapilli,
3417 3851 3543 3906 spe-

1959 3927 2043 3981 cie
2067 3936 2122 3982 et
2151 3933 2377 3994 aspectu
2397 3924 2650 3991 jucundi,
2676 3932 2728 3977 et
2758 3923 3100 3993 splendorem
3135 3926 3423 3995 quemdam
3451 3941 3546 3982 co-

1959 4017 2165 4072 loribus
2203 4016 2524 4071 iuducentes
2555 4034 2569 4069 :
2597 4014 2805 4068 viribus
2832 4026 3013 4070 autem
3044 4016 3404 4086 potentiaque
3440 4018 3545 4072 mi-

1959 4110 2180 4176 rabiles,
2214 4108 2353 4163 sicut
2380 4105 2635 4172 annulus,
2668 4121 2829 4175 quem
2871 4106 3126 4161 habuisse
3170 4105 3542 4179 Gygem,vul-

1956 4213 2143 4276 gutum
2172 4212 2277 4256 est.
2314 4200 2508 4255 Evenit
2533 4210 2710 4255 autem
2743 4198 3036 4263 interdum,
3066 4208 3125 4253 ut
3151 4198 3321 4256 draco
3349 4200 3541 4257 Indum

1957 4312 2079 4350 cum
2119 4292 2296 4348 securi
2337 4302 2391 4346 et
2440 4299 2579 4355 arte,
2625 4291 2764 4343 intra
2810 4289 2990 4345 cubile
3034 4291 3258 4345 trahens
3295 4290 3542 4359 devoret,

1956 4388 2123 4444 etiam
2152 4387 2326 4456 ipsum
2353 4399 2490 4453 pene
2521 4393 2758 4437 montem
2789 4381 3129 4437 concutiens.
3162 4380 3326 4438 Tales
3361 4392 3543 4438 autem

1958 4481 2226 4534 dracones
2270 4486 2507 4537 montes,
2533 4475 2623 4543 qui
2660 4474 2726 4529 ad
2760 4473 3006 4528 Rubrum
3056 4490 3206 4529 mare
3250 4474 3541 4544 pertinent,

250 4587 316 4641 δὲ
378 4563 499 4658 ἄρα
533 4586 910 4657 βουκολείσθαι
954 4584 1152 4658 λευκάς
1179 4598 1191 4612 ·
1241 4582 1544 4652 ἀμέλγουσι
1595 4579 1653 4633 δὲ
1697 4579 1847 4632 Ἰνδοὶ

1961 4575 2209 4627 dicuntur
2235 4569 2494 4623 incolere.
2521 4566 2598 4620 De
2623 4564 2962 4637 longitudine
2994 4577 3174 4619 autem
3205 4566 3331 4620 vita;
3354 4563 3545 4631 hujus-

248 4655 483 4742 ταύτας,
508 4655 782 4746 εὐτραφὲς
808 4655 1106 4746 ἡγούμενοι
1133 4672 1195 4727 cs
1227 4673 1323 4727 ἀπ’
1346 4672 1529 4726 αὐτῶν
1576 4670 1737 4739 γάλα.

1959 4666 2101 4719 modi
2138 4662 2463 4727 belluarum,
2492 4668 2547 4714 et
2580 4673 2913 4728 cognoscere
2942 4657 3348 4724 ditiicillintutu,
3376 4670 3453 4725 et,
3492 4658 3540 4715 si

255 4772 498 4839 dicatur,
544 4772 884 4828 incredibile.
935 4768 1156 4827 Fistula:
1212 4774 1453 4824 sonitum
1510 4768 1703 4823 audire
1745 4766 1847 4820 visi
1885 4770 2033 4826 sunt,
2059 4760 2214 4830 quasi
2252 4757 2491 4827 pastoris
2522 4769 2740 4826 gregem
2778 4754 3119 4824 colligentis,
3184 4754 3276 4825 qui
3352 4770 3545 4813 cervas

251 4866 413 4920 albas
440 4867 718 4932 pascebat.
753 4865 993 4937 Mulgent
1028 4874 1213 4919 autem
1248 4864 1395 4933 ipsas
1426 4862 1565 4927 lndi,
1592 4861 1735 4930 quod
1765 4859 1847 4914 lac
1885 4870 2075 4911 eartun
2103 4854 2405 4907 maximum
2440 4850 2836 4907 nutrimentum
2864 4857 3079 4918 putant.

324 4959 614 5013 Ἐντεῦθεν
630 4960 856 5029 ἡμερῶν
872 4960 1152 5029 τεττάρων
1179 4959 1538 5030 πορευόμενοι
1569 4956 1638 5008 δι’
1658 4952 1842 5007 εὐδαί-

2018 4947 2148 5002 lude
2177 4956 2412 5017 quatuor
2452 4945 2663 5000 dierum
2719 4944 2829 4998 iter
2871 4941 3169 5012 progressi,
3199 4958 3297 5014 per
3327 4941 3542 5000 felicem

251 5068 421 5125 μονος
448 5052 544 5105 καὶ⁵
567 5050 792 5121 ἐνεργοῦ
822 5050 923 5120 τῆς
938 5050 1148 5122 χώρας,
1178 5051 1500 5120 προσελθεῖν
1547 5046 1744 5117 φασι⁸⁰
1774 5049 1842 5117 τῇ

1961 5052 1997 5100 ιι
2035 5044 2173 5099 bene
2222 5039 2423 5094 cultam
2468 5038 2748 5108 regionem
2799 5038 2865 5090 ad
2902 5037 3183 5106 oppidum,
3219 5038 3269 5092 id
3310 5053 3421 5109 quo
3459 5055 3545 5095 Sa-

245 5146 367 5199 τῶν
399 5142 582 5214 σοφῶν
611 5144 733 5215 ἢτοι
772 5141 882 5196 τῶν
906 5142 1218 5213 λεγομένων
1241 5143 1586 5214 Βραχμάνων
1626 5138 1839 5207 τύρσει,

248 5240 356 5295 καὶ
393 5238 754 5307 συγγενέσθαι
776 5236 963 5301 αὐτοῖς
992 5236 1078 5308 ἐφ’
1126 5237 1311 5291 ἱκανόν
1332 5253 1345 5267 ·
1391 5235 1523 5306 περὶ
1555 5233 1650 5297 οὒς
1668 5232 1711 5264 ⁸³
1743 5231 1844 5284 αὐ-

1940 5136 2153 5208 pientes
2196 5131 2462 5194 habitant,
2506 5129 2597 5198 qui
2649 5128 2811 5197 vulgo
2845 5127 3208 5185 Brachmanae
3249 5140 3540 5196 vocantur,

1941 5233 2329 5299 pervenerunt,
2372 5230 2428 5276 et
2461 5236 2584 5276 cum
2624 5222 2689 5276 iis
2719 5221 2856 5277 satis
2895 5220 2988 5276 diu
3027 5221 3230 5277 versati
3270 5229 3442 5278 sunt:
3476 5223 3545 5277 de

246 5331 381 5395 τούς
410 5345 578 5400 φησιν
596 5328 643 5360 ⁸”
673 5326 963 5399 εἰρηκέναι
992 5343 1053 5381 τε
1108 5329 1204 5381 καὶ
1240 5326 1368 5380 ἰδεῖν
1393 5325 1489 5379 καὶ
1521 5324 1757 5377 ἀκοῦσαι
1809 5322 1845 5377 ἃ

1961 5320 2147 5390 quibus
2170 5332 2230 5372 se
2259 5316 2448 5372 dicunt
2472 5315 2697 5382 vidisse,
2730 5324 2785 5370 et
2815 5313 3061 5380 audisse,
3092 5328 3214 5383 quae
3251 5327 3413 5370 nemo
3437 5326 3534 5368 sa-

1543 5415 1782 5473 V'ARl/E
1820 5411 2222 5470 LECTIONES.

362 5527 409 5561 ⁸¹
462 5523 868 5595 συνανξουμένη
922 5521 986 5577 Β.
1088 5520 1132 5554 ⁸⁸
1183 5521 1475 5595 ἀνίσχουσα
1509 5534 1617 5595 mg.
1674 5533 1689 5570 :

244 5615 309 5652 τε
347 5597 446 5650 καὶ
476 5579 1040 5668 πριόνωτὸιῌγίνονται
1074 5608 1211 5668 mg,
1242 5579 1353 5663 πῦρ
1398 5607 1461 5668 τε
1492 5579 1594 5668 καῖ
1618 5588 1928 5668 πριόνωτοᾷ
1941 5584 2183 5668 γίνονται
2212 5582 2302 5668 ᾼΒ
2339 5580 2653 5668 τιπύρσεται
2695 5579 2797 5668 κει).Δ

245 5670 291 5700 δ’
325 5670 493 5737 φασιν
524 5652 596 5737 ξι
661 5666 707 5699 ⁸⁸
739 5652 949 5737 εὕρεμα
977 5681 1038 5730 ς.
1180 5652 2182 5737 ἄτρεπτοιιάστράπτουσιΒείιροιζι.
2211 5654 2279 5707 A.
2355 5652 2402 5737 δ’)
2440 5652 2799 5737 μεγάλωνμΑκε
2838 5652 3205 5737 transegi.

246 5733 420 5803 ιιι.’8.
494 5744 541 5779 ι’
566 5733 701 5808 ἦχον
734 5737 780 5791 Α
800 5733 820 5792 ξ
842 5733 961 5808 ἠχὼ
985 5755 1046 5808 ς.

1464 5874 1509 5907 ⁸ο
1543 5871 1678 5942 φησὶ
1713 5870 1821 5924 ΑΒ.

686 5872 769 5945 ιιι,
812 5880 865 5935 9.
962 5872 1017 5911 ἴδ’
1052 5872 1217 5945 φησιν
1250 5872 1359 5928 ΑΒ.

243 5883 291 5916 ⁵⁸
323 5877 635 5944 προϊόντεςι

1123 5736 1170 5768 ’⁵³
1202 5722 1665 5802 ὐποκυμάίνουσιν
1693 5746 1753 5802 ς’2
1786 5730 1877 5782 sed
1904 5725 2101 5802 malim_
2124 5722 2583 5802 ὲπικυμαίνιρσιν.

246 5793 450 5871 litasti;
482 5793 663 5862 πλέξιῗν
687 5826 748 5873 ς.
827 5793 1173 5877 “adp-06an
1209 5805 1329 5857 libri
1364 5793 1630 5874 αἴρουσιν.
1711 5800 1756 5839 ⁵⁸
1788 5793 2229 5870 προσπεσοῦντες
2263 5809 2324 5857 ς.

246 5883 291 5916 ⁸⁸
323 5877 635 5937 προϊόντεςι
686 5894 769 5937 ιιι.
812 5880 865 5935 9.
962 5876 1017 5911 ’⁸⁵
1052 5893 1217 5937 φησιν
1250 5872 1359 5928 ΑΒ.
1464 5874 1509 5907 ⁸ο
1543 5871 1678 5937 φησὶ
1713 5870 1821 5924 AB.
1925 5868 1966 5899 ⁵¹
1998 5864 2115 5937 οὒς]
2162 5864 2227 5928 ἃς
2255 5862 2341 5918 ΑΒ

2028 5883 2115 5930 υςι
2162 5883 2227 5928 ας
2255 5883 2362 5918 au.

1762 5515 1885 5572 libri
1916 5512 2163 5568 ἀνίουσα.
2243 5511 2290 5549 ³⁸
2319 5510 2376 5575 ἐς
2402 5510 2445 5563 Α
2486 5529 2500 5565 :
2539 5510 2634 5565 ἐπὶ
2666 5527 2726 5574 ς’.
2802 5508 2848 5541 ⁸⁸
2878 5506 2964 5579 δὴι
2986 5507 3043 5562 δὲ
3072 5506 3185 5560 AB.
3253 5504 3311 5579 _“
3338 5503 3544 5576 πυρσοί

3207 5574 3428 5643 γίνεται
3476 5592 3537 5638 ς.

3310 5647 3354 5680 ⁴¹
3381 5645 3430 5697 oi
3456 5642 3537 5697 δὲ]

2684 5670 2692 5699 ι
2726 5653 2799 5702 A:
2838 5642 3110 5718 μεγίστων
3142 5642 3228 5710 ς(
3310 5647 3354 5680 ⁴¹
3381 5645 3430 5697 oi
3456 5642 3538 5717 δὲ]

2684 5721 2733 5761 ⁴δ
2758 5718 3040 5799 λεμτεςίιδος
3070 5717 3231 5799 eis?
3252 5713 3374 5799 ΑΒ)
3400 5712 3532 5783 λαμ·

2420 5785 3065 5915 ιτιχρώματαΑὲὸδιίεθιε
3097 5787 3221 5843 libri
3250 5785 3513 5859 χρήματα

2550 5879 2716 5933 φασιν
2836 5899 2850 5913 .
