4050 6434
294 432 436 497 1225

1379 429 1905 495 BlBLIOTHECA.
1943 458 2013 472 -
2044 430 2209 499 COD.
2265 436 2505 499 CCXLI.

3422 452 3561 519 12%

284 545 567 618 διατρῖψαί
591 560 785 616 φησιν’
817 539 876 609 ἐξ
900 541 1111 597 ἐκείνου
1130 540 1184 596 δὲ
1217 542 1275 596 ἐν
1299 542 1451 616 δεξιᾷ
1477 545 1575 615 μὲν
1598 545 1689 599 τὸν
1726 546 1858 615 Γάγ.

1978 547 2059 602 sin
2079 547 2269 606 ﬂuvios
2291 548 2497 609 habens
2526 552 2593 607 ad
2624 567 2771 609 mare
2791 556 3095 629 descendit,
3135 560 3335 620 itinere
3363 564 3555 623 decem

281 658 389 711 γην
429 640 646 710 ἔχοντα,
674 636 731 690 ἐν
759 636 1029 708 ἀριστερᾷ
1055 635 1114 689 δὲ
1142 634 1234 688 τὸν
1266 635 1311 667 ⁷¹
1335 635 1578 706 ’Ύφασιν
1622 637 1873 693 κατιέναι

282 731 377 783 ἐπὶ
412 728 513 799 τὴν
543 727 815 781 θάλατταν
862 726 1091 798 ἡμερῶν
1150 726 1283 781 δέκα
1309 726 1428 781 ὁδὸν
1451 726 1561 781 ἀπὸ
1584 727 1679 781 τοῦ
1721 728 1873 801 ἱεροῦ

278 821 465 890 ὖχθου.
496 818 762 873 Κατιοῦσι
788 818 842 873 δὲ
871 818 1057 882 αὐτοῖς
1101 817 1272 873 πολλὰ
1304 817 1403 889 μὲν
1437 818 1532 872 καὶ
1584 819 1723 875 ἄλλα
1766 839 1872 891 φα-

281 912 464 980 νῆναι,
497 909 637 980 ἀτὰρ
659 910 754 964 καὶ
781 907 1031 980 πιθήκων
1055 909 1211 977 γένος
1242 909 1430 981 ἕτερον
1460 910 1614 982 παρὰ
1663 912 1790 976 τοὺς
1815 914 1874 967 ὲν

278 1005 403 1065 ταῖς
427 1002 712 1073 πεπερίσι·
747 1000 976 1073 μέλανές
1039 1017 1099 1053 τε
1127 1002 1237 1072 γὰρ
1267 1002 1361 1055 καὶ⁹
1395 999 1573 1056 λάσιοι
1604 998 1746 1073 ἦσαν
1776 1004 1872 1057 καὶ

277 1094 351 1148 τὰ
372 1095 488 1163 εἴδη
506 1095 710 1148 κύνειοι
734 1093 828 1147 καὶ
850 1093 1068 1163 μικροῖς
1089 1091 1398 1164 ἀνθρώποις
1424 1094 1552 1147 ῐσοι.
1583 1094 1872 1164 Ἀφίκοντο

276 1187 335 1241 δὲ
363 1186 461 1240 ἐπὶ
485 1184 580 1258 τὴν
603 1184 874 1239 θάλατταν
898 1183 944 1217 τ’
971 1183 1068 1255 τὴν
1084 1184 1352 1256 Ἐρυθρὰν
1372 1202 1386 1216 ·
1426 1186 1630 1257 ταύτην
1654 1187 1702 1241 δ’
1729 1181 1872 1242 εἷναί

278 1296 450 1350 φησιν
484 1278 529 1309 ⁷³
560 1271 715 1340 οὗτος
739 1276 1120 1349 κυανωτάτην,
1144 1275 1329 1347 λαχεῖν
1353 1276 1529 1351 δὲτὴν
1553 1278 1870 1349 ἐπωνυμίαν

276 1371 390 1425 ἀπὸ
411 1369 650 1441 Ἐρύθρα
675 1367 960 1439 βασιλέως.

348 1462 636 1516 Ἐντεῦθεν
662 1462 712 1494 ⁷⁸
744 1460 1034 1522 ἐπιϐάντες
1074 1458 1212 1523 νεὼς
1250 1458 1571 1530 ἐκομίζοντο
1618 1459 1747 1530 λείῳ
1772 1460 1869 1515 καὶ

276 1555 500 1625 εὐφόρῳ
530 1553 828 1623 πνεύματι,
856 1548 1234 1620 θαυμάζοντες
1261 1551 1323 1604 τὸ
1352 1552 1527 1622 στόμα
1550 1550 1647 1605 τοῦ
1695 1551 1866 1619 Ὑφά-

278 1649 448 1712 σιδος,
485 1647 560 1711 ὼς
588 1646 837 1719 φοϐερῶς
859 1646 925 1699 δι’
955 1645 1121 1699 αὐτοῦ
1151 1647 1393 1716 ἐκχεῖται
1413 1661 1428 1677 ·
1463 1642 1731 1698 τελευτῶν
1754 1643 1865 1712 γὰρ

275 1744 358 1805 είς
386 1741 564 1812 χωρία
589 1736 837 1811 πετρώδη
858 1738 952 1793 καὶ
976 1739 1136 1792 στενά
1158 1738 1253 1792 καὶ
1274 1735 1558 1808 κρημνοὺς
1580 1735 1861 1799 ἐκπίπτει,

273 1832 347 1888 δι’
380 1828 458 1887 ῶν
492 1831 879 1903 καταῤῥηγνὺς
932 1830 993 1894 ἐς
1038 1828 1138 1901 τὴν
1169 1827 1445 1883 θάλατταν
1498 1826 1581 1882 ἐνὶ
1630 1825 1862 1897 στόματι

1980 636 2185 691 dierum
2214 653 2243 692 a
2270 654 2429 695 sacro
2460 651 2641 699 monte
2660 643 2931 713 confecto,
2956 649 3349 710 descendentes
3375 667 3558 713 autem

1980 730 2145 784 multa
2184 730 2288 785 alia
2328 733 2585 789 viderunt
2617 753 2630 791 :
2662 736 2942 794 simiarum
2980 757 3150 814 genus
3190 745 3353 819 longe
3381 750 3562 805 diver-

1976 832 2094 872 sum
2128 818 2198 874 ab
2234 821 2321 885 iis,
2348 825 2500 893 quas
2538 824 2680 893 apud
2716 826 2918 896 piperis
2954 830 3180 887 arbores
3211 818 3556 892 invenerant.

1981 907 2121 965 Sunt
2144 910 2293 966 enim
2325 913 2407 967 hac
2428 914 2615 984 nigrae,
2639 914 2949 987 villosazque
2972 928 3025 973 et
3049 921 3230 987 parvis
3250 922 3563 980 hominibus

1974 1000 2199 1056 similes.
2228 998 2598 1059 Perveneruut
2619 1020 2748 1061 vero
2767 1009 2833 1060 ad
2853 1023 3002 1064 mare
3030 1007 3295 1066 Rubrum.
3314 1011 3558 1069 Rubrum

1978 1100 2162 1146 autem
2205 1108 2357 1147 mare
2416 1094 2767 1151 vehementer
2818 1098 3111 1155 caeruleum
3153 1114 3277 1158 esse
3317 1104 3557 1172 tradunt,

1971 1180 2377 1239 denominatum
2406 1197 2586 1241 autem
2616 1187 2859 1244 Rubrum
2890 1205 2921 1245 a
2958 1206 3086 1264 rege
3117 1192 3379 1266 Erythra.

2041 1440 2237 1513 327b
2254 1442 2385 1500 Post
2406 1445 2523 1501 hac
2550 1455 2732 1503 autem
2760 1464 2951 1506 navem
2971 1456 3425 1522 conscendentes,
3446 1456 3552 1513 leni

1968 1545 2132 1590 vento
2159 1535 2568 1603 deferebantur,
2596 1539 2941 1599 admirantes
2963 1543 3286 1617 llyphasidis
3311 1550 3509 1604 ostium
3531 1591 3550 1617 ,

1967 1626 2059 1697 qui
2091 1642 2336 1699 praeceps
2366 1631 2735 1705 terribilisque
2771 1636 3085 1695 eli'unditur.
3116 1638 3368 1696 Decurrit
3401 1642 3548 1696 enim

1967 1717 2154 1789 peloea
2174 1730 2413 1789 petrosa,
2446 1733 2700 1794 angusta,
2733 1738 2898 1797 atque
2923 1742 3213 1801 praerupta,
3237 1734 3437 1805 ubique
3467 1751 3553 1789 re-

1965 1808 2177 1866 fractus
2204 1827 2315 1869 uno
2342 1814 2488 1870 ostio
2515 1831 2668 1873 mare
2701 1818 3009 1888 ingreditur
3034 1825 3343 1895 pernicioso
3373 1827 3554 1885 admo-

274 1924 516 1997 χαλεπὸς
540 1924 689 1977 δοκεῖ
719 1923 831 1986 τοῖς
870 1920 1010 1988 ἄγαν
1058 1922 1123 1991 τῇ
1175 1921 1246 1991 γῇ
1281 1918 1719 1991 προσκειμένοις.
1754 1917 1858 1972 Καὶ

1968 1904 2095 1961 dum
2124 1904 2214 1970 iis,
2243 1907 2335 1977 qui
2370 1910 2673 1979 navigando
2712 1913 2885 1969 littori
2928 1916 3155 1972 nimium
3196 1920 3553 1980 adhaeserint.

274 2018 387 2089 μὴν
416 2017 465 2050 ⁷⁸
495 2018 591 2070 καὶ
620 2016 666 2048 ¹¹⁶
695 2014 756 2069 τὸ
782 2015 878 2068 τοῦ
902 2012 1066 2067 ἰνδοῦ
1105 2011 1281 2082 στόμα
1344 2011 1474 2065 ίδεῖν
1500 2028 1635 2080 φασι
1661 2024 1677 2041 ⁶
1704 2010 1862 2064 πόλιν

269 2111 320 2165 δ’
351 2111 445 2164 ἐπ’
475 2108 644 2165 αὐτοῦ
668 2108 881 2162 κεῖσθαι
936 2106 1159 2161 Πάταλα
1198 2101 1532 2178 περίρρυτον
1578 2104 1659 2174 τῷ
1688 2104 1858 2175 Ἰνδῷ,

270 2206 356 2269 εἰς
384 2205 451 2275 ην
477 2204 537 2258 τὸ
566 2204 611 2235 ⁷⁷
642 2199 897 2256 ναυτικὸν
943 2198 1037 2253 τοῦ
1070 2198 1426 2270 Ἀλεξάνδρου
1481 2197 1755 2262 ξυνελθεῖν
1793 2199 1858 2265 ⁷⁸,

268 2291 335 2353 οὗ
375 2296 627 2367 Νέαρχος
672 2290 983 2346 ἐπεστάτει.
1021 2290 1088 2343 Ἀ
1140 2289 1199 2343 δὲ
1244 2286 1558 2361 Ὀρθαγόρᾳ
1604 2290 1861 2361 περὶτῆς

267 2387 517 2461 ἐρυθρᾶς
568 2386 807 2458 εῐρηται,
843 2382 1011 2455 [1008
1046 2379 1138 2454 IL]
1193 2380 1286 2435 καὶ
1315 2381 1399 2435 ὅτι
1426 2383 1564 2452 μήτε
1594 2382 1626 2449 ή
1658 2381 1859 2452 άρκτος

267 2476 329 2530 ἐν
356 2476 497 2546 αὐτῇ
530 2472 793 2542 φαίνοιτο,
838 2472 976 2543 μήτε
1010 2470 1359 2543 σημαίνοιντο
1379 2471 1479 2541 τὴν
1512 2470 1860 2542 μεσημϐρίαν

265 2565 321 2617 οἱ
355 2564 637 2627 πλέοντες,
668 2562 724 2616 οἵ
743 2577 802 2614 τε
825 2559 1068 2630 ἐπίδηλοι
1091 2560 1199 2613 τῶν
1219 2560 1466 2631 ἀστέρων
1485 2558 1859 2625 ἐξαλλάττοιεν

265 2655 370 2724 τῆς
403 2652 615 2706 ἑαυτῶν
643 2652 871 2719 τάξεως,
903 2650 1078 2705 ταῦτα
1108 2648 1259 2704 δοκεῖ
1290 2651 1387 2704 καὶ
1407 2650 1639 2714 τούτοις.
1678 2652 1858 2705 Ὀτι¹¹⁹

265 2745 434 2815 νῆσόν
473 2759 638 2814 φησιν
667 2743 713 2775 ⁸ο
755 2738 895 2795 εἶναι
939 2741 1165 2813 μικρὰν,
1197 2742 1367 2813 ὄνομα
1394 2742 1617 2804 Βίϐλον,
1654 2743 1713 2795 ὲν
1747 2737 1859 2819 ᾖτὸ

262 2839 363 2893 τοῦ
386 2837 676 2909 κογχυλίου
736 2836 965 2907 μέγεθος
1009 2836 1103 2888 καὶ
1146 2836 1196 2888 οἱ
1238 2835 1390 2905 ’μύες
1426 2835 1627 2906 ὄστρεά
1666 2853 1725 2889 τε
1766 2838 1859 2890 καὶ

262 2933 337 2987 τὰ
358 2930 585 2985 τοιαῦτα
644 2928 986 2982 δεκαπλάσια
1025 2928 1135 2981 τῶν
1176 2927 1513 2999 Ἑλληνικῶν
1536 2927 1600 2981 τὸ
1630 2928 1859 2999 μέγεθος

261 3026 390 3087 ταῖς
420 3023 654 3093 πέτραις
683 3018 1101 3091 προσπέφυκεν.
1152 3017 1463 3073 Ἀλίσκεται
1514 3020 1573 3073 δὲ
1613 3020 1732 3073 ἐκεῖ
1765 3020 1859 3072 καὶ

262 3115 418 3177 λίθος
476 3113 754 3184 μαργαρὶς
800 3112 858 3164 ἐν
881 3110 1136 3181 ὀστράκῳ
1171 3108 1370 3181 λευκῷ,
1403 3110 1633 3182 καρδίας
1657 3111 1858 3183 τρόπον

263 3207 466 3277 ἔχουσα
514 3202 594 3275 τῷ
646 3204 875 3275 ὀστρέῳ.
928 3204 1238 3273 Κατασχεῖν
1279 3202 1336 3254 δέ
1376 3219 1509 3271 φασι
1540 3203 1633 3256 καὶ
1656 3204 1711 3268 ἐς
1744 3203 1859 3275 Πη-

262 3257 480 3367 ἷίέιιαῖι
503 3257 603 3367 τῆς
635 3257 896 3365 Ὠρειτῶν
924 3257 1227 3363 χώραςῗΟἱ
1248 3291 1303 3345 δὲ
1342 3257 1607 3363 ’άρεῖταῃ
1655 3257 1859 3364 χαλκαῖ
1885 3257 1927 3315 c

266 3393 370 3460 μὲν
398 3388 585 3451 αὐτοῖς
611 3388 668 3440 αἱ
701 3386 921 3456 πέτραι,
953 3382 1132 3454 χαλκῆ
1174 3382 1231 3435 δὲ
1278 3384 1310 3454 ὴ
1338 3383 1589 3455 ψάμμος,
1617 3383 1854 3453 χαλκοῦν

260 3481 322 3535 δὲ
346 3480 546 3551 ψῆγμα
570 3478 620 3533 οἱ
650 3476 885 3547 ποταμοὶ
913 3475 1139 3543 ἄγουσι·
1191 3478 1438 3545 χρυσῖτιν
1506 3474 1551 3529 δ’
1592 3475 1854 3546 ἡγοῦνται

260 3575 367 3646 τὴν
398 3575 501 3645 γῆν
550 3570 641 3626 διὰ
693 3570 793 3642 τὴν
826 3569 1105 3638 εὐγένειαν
1158 3566 1252 3621 τοῦ
1284 3565 1509 3638 χαλκοῦ.
1546 3566 1684 3619 Φασὶ
1718 3567 1764 3598 ⁸⁸
1794 3567 1851 3620 δὲ

260 3668 362 3722 καὶ
388 3668 501 3730 τοῖς
530 3662 880 3735 ίχθυοφάγοις
929 3661 1194 3731 ἐντυχεῖν,
1245 3655 1324 3722 οἷς
1363 3658 1519 3711 πόλιν
1546 3653 1685 3712 εἶναι
1719 3658 1849 3712 Στό-

258 3761 451 3832 σηραο
501 3756 761 3828 διφθέρας
808 3755 865 3807 δὲ
915 3752 1141 3816 τούτους
1190 3752 1236 3783 ⁸³
1288 3750 1519 3821 ὲνῆφθαι
1576 3751 1849 3821 μεγίστων

258 3855 495 3926 ἰχθύων.
524 3852 634 3907 Καὶ
665 3852 734 3905 τά
760 3846 1009 3917 πρόϐατα
1027 3848 1143 3900 ἐκεῖ
1167 3844 1399 3916 ίχθυώδη
1411 3838 1553 3897 εἶναι
1573 3844 1652 3915 (ἐξ
1668 3844 1847 3899 αὐτῶν

256 3948 374 4019 γὰρ
404 3945 688 4017 τρέφεται)
719 3943 813 3996 καὶ
843 3942 1039 4011 φαγεῖν
1056 3938 1253 3993 ἄτοπα.
1276 3936 1569 4009 Καρμανοὶ
1589 3936 1646 3991 δὲ
1671 3936 1845 4004 Ἰνδοὶ,

256 4041 421 4111 γένος
450 4038 679 4107 ἥμερον,
732 4032 953 4103 εύῖχθυν
987 4031 1131 4086 οὕτω
1159 4029 1415 4100 νέμονται
1450 4026 1726 4081 θάλατταν
1770 4028 1847 4092 ὡς

258 4131 395 4204 μηδ’
452 4128 751 4189 ἀποθέτους
804 4122 1078 4177 ποιεῖσθαι
1130 4122 1261 4185 τοὺς
1317 4117 1469 4191 ίχθῦς
1531 4116 1667 4190 μηδὲ
1694 4133 1849 4190 ταρι-

254 4226 477 4299 χεύειν·
526 4218 665 4275 εἶναι
710 4219 821 4290 γάρ
871 4217 1056 4280 αὐτοῖς
1101 4215 1194 4269 ἐπὶ
1236 4215 1424 4285 χεῖρας
1453 4210 1503 4245 ⁸⁸
1533 4211 1660 4276 τοὺς
1692 4210 1846 4283 ἰχθῦς

250 4315 349 4371 διὰ
371 4313 595 4378 παντὸς,
625 4312 782 4373 ὅσους
821 4306 1121 4378 βούλονται.

1963 1997 2082 2054 lndi
2120 2013 2337 2069 quoque
2369 1998 2613 2058 ﬂuminis
2637 2006 2772 2059 ostia
2801 2022 2860 2062 se
2893 2007 3096 2064 vidisse
3125 2010 3435 2081 perhibent,
3460 2016 3551 2071 ubi

1962 2091 2159 2147 civitas
2183 2093 2363 2162 posita
2410 2104 2494 2149 est
2522 2097 2741 2153 nomine
2770 2097 2979 2163 Patala,
3011 2100 3197 2157 ﬂuenti
3232 2102 3364 2161 Indo
3399 2106 3549 2176 adja-

1964 2198 2118 2252 cens,
2149 2199 2216 2240 eo
2244 2200 2462 2256 quoque
2506 2191 2827 2245 convenisse
2867 2194 3142 2262 quondam
3176 2197 3394 2250 tradunt
3424 2197 3553 2252 Ale-

1961 2277 2155 2332 xandri
2193 2277 2449 2345 classem,
2500 2278 2729 2351 ejusque
2777 2286 3194 2353 gubernatorem
3246 2291 3551 2361 ducemque

1958 2368 2289 2426 Nearchum.
2322 2371 2454 2439 Quae
2484 2387 2618 2429 vero
2650 2374 2720 2429 ab
2747 2376 3049 2447 Ortbagora
3076 2379 3141 2433 de
3171 2381 3360 2436 Rubro
3410 2383 3548 2437 mari

1962 2472 2279 2529 narrantur,
2333 2466 2476 2534 quod
2509 2465 2583 2521 ibi
2618 2466 2827 2523 scilicet
2878 2484 3003 2524 ursa
3040 2485 3145 2525 nou
3189 2474 3545 2543 conspicitur,

1961 2567 2140 2624 neque
2168 2553 2452 2609 meridiem
2479 2555 2701 2626 signare
2748 2558 3069 2629 navigantes
3096 2573 3344 2632 possunt,
3374 2581 3549 2634 quan-

1960 2663 2125 2719 quam
2144 2649 2461 2717 apparentia
2491 2649 2567 2704 illi
2589 2660 2734 2704 astra
2757 2652 3001 2707 ordinem
3029 2666 3341 2723 permutant
3363 2673 3544 2724 suum,

1959 2737 2080 2793 haec
2107 2748 2161 2794 et
2190 2739 2299 2795 illis
2321 2741 2438 2794 visa
2465 2749 2616 2795 sunt.
2651 2740 3020 2799 Meminerunt
3050 2746 3216 2799 etiam
3255 2764 3436 2818 parva:
3465 2752 3548 2804 in.

1960 2828 2112 2893 sulm,
2136 2844 2298 2898 quam
2331 2829 2536 2901 Byblon
2567 2831 2862 2902 appellant,
2903 2834 2993 2889 ubi
3038 2837 3273 2892 maxima
3304 2843 3547 2911 conchy-

1960 2921 2052 2987 lia,
2087 2922 2429 2992 muricesque
2455 2932 2511 2979 et
2541 2936 2720 2979 ostrea
2748 2924 2964 2980 eximia:
3006 2929 3397 2999 magnitudinis
3443 2948 3545 2986 na-

1959 3016 2037 3070 sci
2081 3014 2457 3086 perhibentur.
2491 3015 2681 3073 Ostrea
2711 3033 2933 3088 quoque
2960 3024 3129 3089 petris
3173 3024 3548 3080 adnascuntur

1960 3105 2185 3175 decuplo
2225 3107 2431 3177 majora
2482 3107 2549 3163 iis
2572 3124 2692 3179 qute
2728 3112 2871 3181 apud
2901 3110 3121 3169 Graecos
3168 3113 3544 3173 inveniuntur.

1960 3196 2037 3254 lbi
2072 3201 2234 3255 etiam
2265 3202 2319 3255 in
2352 3202 2470 3256 alba
2508 3211 2643 3257 testa
2673 3203 2813 3273 lapis
2849 3206 3145 3275 margarita
3173 3209 3543 3279 capitumque:

1962 3292 2014 3348 in
2044 3294 2244 3349 ostreis
2272 3294 2450 3349 locum
2486 3296 2667 3351 cordis
2700 3297 2957 3353 dicuntur
2988 3300 3256 3356 obtinere.
3282 3302 3543 3374 Attigisse

1960 3396 2174 3450 quoque
2195 3382 2378 3437 ferunt
2405 3382 2747 3456 Enpegadem
2800 3385 2901 3460 [αι.
2931 3387 3227 3464 Podagem]
3261 3390 3542 3450 Oritarum

1956 3472 2236 3543 regionem
2282 3490 2295 3526 :
2330 3474 2471 3542 apud
2517 3489 2653 3544 quos
2695 3490 2861 3530 aenea:
2902 3487 3031 3531 sunt
3061 3488 3248 3548 petrae,
3280 3496 3541 3553 aureaque

1953 3576 2138 3621 arena,
2195 3565 2319 3618 teris
2368 3565 2530 3617 etiam
2577 3564 2749 3620 frusta
2788 3566 3006 3623 deferre
3038 3567 3231 3627 ﬂuvios
3268 3584 3541 3639 asserunt,

1952 3662 2009 3709 et
2050 3670 2273 3711 auream
2321 3666 2523 3711 terram
2568 3659 2793 3726 ducunt,
2842 3670 3063 3730 propter
3110 3665 3344 3731 pretium
3394 3668 3541 3722 εει-ιε.

1946 3746 2144 3802 Dicunt
2170 3755 2226 3802 et
2257 3762 2317 3803 se
2344 3748 2759 3819 ichthyophagis
2787 3750 2997 3808 locutos
3026 3768 3170 3821 esse,
3202 3757 3294 3822 qui
3328 3758 3542 3827 urbeur,

1945 3839 2191 3896 incolunt
2239 3842 2458 3897 nomine
2509 3840 2739 3898 Stobera
2784 3858 2799 3897 :
2846 3845 2935 3899 ubi
2981 3861 3048 3901 ex
3093 3863 3411 3920 magnorum
3458 3854 3541 3920 pi-

1944 3933 2116 3988 scium
2151 3935 2483 3990 membranis
2512 3944 2690 3991 vestes
2739 3937 3031 4006 intexunt;
3079 3941 3262 4011 ibique
3304 3945 3540 4013 pecudvs

1943 4025 2107 4079 etiam
2146 4041 2343 4097 sapore
2370 4043 2490 4083 esse
2519 4028 2759 4096 piscibus
2807 4030 3033 4098 similes,
3067 4034 3210 4102 quod
3245 4035 3421 4104 pisces
3444 4052 3538 4091 eo-

1958 4118 2199 4186 medant,
2239 4132 2466 4187 quaeque
2512 4118 2735 4172 minime
2780 4130 2988 4175 natura:
3030 4136 3143 4177 suae
3183 4124 3533 4179 conveniant.

1953 4206 2067 4264 Indi
2096 4226 2225 4264 vero
2258 4209 2514 4266 Garmani
2547 4212 2935 4279 cognominati,
2984 4228 3155 4281 genus
3188 4215 3349 4285 plane
3381 4233 3537 4270 man-

1949 4311 2189 4368 suetum,
2226 4303 2363 4357 adeo
2387 4302 2815 4372 piscosummare
2839 4305 3092 4360 accolunt
3114 4345 3130 4370 ,
3168 4317 3224 4360 ιιι
3254 4323 3533 4379 nunquam

252 4408 513 4468 servandi
560 4418 724 4461 causa
770 4402 949 4474 pisces
979 4406 1282 4470 reponant,
1330 4412 1506 4471 neque
1541 4397 1687 4469 ipsos
1731 4394 1847 4453 sale
1885 4393 2145 4449 condiant
2193 4412 2207 4450 :
2256 4403 2385 4450 sunt
2461 4395 2606 4450 enim
2654 4395 2788 4463 ipsis
2839 4406 3003 4467 captu
3073 4412 3288 4470 semper
3348 4400 3536 4457 faciles

249 4507 525 4574 quotquot
553 4496 758 4550 volunt.

325 4598 454 4651 Ὅτι
480 4595 525 4628 ⁸⁸
557 4588 933 4664 προσπλεῦσαι
963 4605 1127 4659 φησιν
1167 4586 1367 4649 αὐτοὺς
1410 4589 1504 4641 καὶ
1533 4586 1795 4658 Βαλάροις
1821 4600 1837 4617 ο

2025 4580 2216 4636 Valara
2259 4593 2478 4649 quoque
2526 4576 2731 4655 ferunt‘
2767 4578 3117 4649 applicuisse.
3159 4580 3299 4635 Sunt
3348 4592 3530 4637 autem

252 4688 525 4761 ἐμπόριον
554 4684 613 4738 δὲ
636 4682 796 4737 τοῦτο
826 4675 967 4735 εῖναι
1000 4679 1198 4750 μεστὸν
1225 4678 1503 4751 μυρρινῶν
1525 4680 1572 4712 ⁸⁸
1599 4677 1695 4732 καὶ
1724 4693 1845 4746 φοι-

252 4782 425 4835 νίκων
454 4777 551 4832 καὶ
593 4774 811 4844 δαφνῶν
840 4773 935 4827 καὶ
959 4772 1153 4843 κήπων
1193 4771 1515 4825 παντοδαπὰ
1547 4769 1841 4841 φερόντων.

254 4868 597 4943 Προκεῖσθαι
626 4866 683 4920 δὲ
718 4865 812 4919 τοῦ
868 4864 1070 4936 χωρίου
1115 4862 1308 4917 τούτου
1349 4861 1512 4931 νῆσον
1544 4860 1716 4930 ἱερὰν,
1750 4859 1848 4913 καὶ

252 4964 544 5023 καλεῖσθαι
582 4964 780 5031 Σέλιρα
837 4960 908 5013 ⁸⁷.
937 4957 1155 5030 Ταύτης
1185 4958 1230 4990 ⁸⁸
1259 4957 1357 5027 τῆς
1383 4956 1549 5027 νήσου
1588 4954 1655 5008 τὰ
1691 4954 1737 4986 υ
1758 4971 1848 5007 τε-

251 5057 553 5132 τραμμένα
581 5055 717 5128 πρὸς
746 5053 808 5108 τὸ
824 5053 1060 5122 πέλαγος
1082 5051 1201 5104 ἐστὶ
1223 5049 1321 5121 μὲν
1352 5048 1579 5121 ἄπειρος
1617 5046 1841 5118 πυθμὴν

255 5150 561 5218 θαλάσσης,
593 5147 751 5218 φέρει
778 5143 822 5197 δ’
850 5143 1072 5213 ὄστρεον
1104 5144 1162 5196 ἐν
1191 5140 1398 5212 ἐλύτρῳ
1432 5139 1609 5211 λευκῷ
1645 5136 1841 5210 μεστὸν

253 5239 528 5310 πιμελῆς·
558 5237 680 5290 οὐδὲ
707 5236 813 5307 γὰρ
854 5234 1002 5289 λίθον
1055 5236 1180 5300 φύει
1225 5232 1435 5285 οὐδένα.
1486 5230 1729 5300 Γαλήνην
1782 5227 1840 5281 δὲ

252 5328 715 5399 ἐπιφυλὰξαντες,
741 5329 837 5383 καὶ
892 5326 991 5397 τὴν
1020 5325 1290 5379 θάλατταν
1318 5324 1472 5378 αὐτοὶ
1506 5323 1550 5355 ⁹⁰
1582 5324 1649 5393 τῇ
1683 5322 1840 5392 ἐπιρ-

1942 4673 2139 4729 Valara
2203 4672 2508 4741 emporium
2568 4671 2766 4743 myrtis
2831 4673 3144 4743 palmisque
3189 4674 3528 4732 abundans:

1942 4767 2127 4822 lauros
2164 4779 2381 4836 quoque
2430 4763 2750 4829 nonnullas,
2798 4772 2856 4819 et
2912 4764 3098 4820 hortos
3146 4766 3411 4836 plurimos
3453 4768 3531 4823 ibi

1942 4860 2114 4917 videri
2154 4861 2375 4915 tradunt
2418 4859 2670 4913 omnibus
2712 4857 3073 4914 abundantes.
3123 4857 3379 4930 Opposita
3444 4873 3531 4919 est

1947 4962 2126 5009 autem
2154 4951 2364 5021 regioni
2397 4950 2473 5005 illi
2502 4964 2659 5005 sacra
2687 4950 2889 5017 insula,
2920 4966 3078 5021 quam
3106 4951 3277 5007 Selira
3308 4967 3527 5013 vocant.

1947 5044 2063 5112 Qua
2112 5052 2266 5113 parte
2310 5041 2485 5096 insula
2536 5040 2764 5111 pelagus
2815 5041 3081 5111 respicit,
3135 5043 3405 5100 immensa
3449 5057 3533 5102 est

1946 5136 2113 5189 maris
2137 5132 2384 5187 altitudo.
2412 5129 2541 5185 Fert
2571 5139 2753 5186 autem
2780 5142 2961 5187 ostrea
2996 5142 3130 5188 testa
3151 5135 3269 5191 alba
3300 5138 3531 5207 pingue-

1945 5226 2073 5281 dine
2118 5223 2355 5288 refecta,
2403 5221 2637 5292 lapidem
2682 5221 2883 5293 328a
2933 5223 3137 5280 nullum
3202 5230 3528 5297 producunt.

1946 5314 2077 5373 inde
2112 5317 2279 5374 maris
2322 5313 2773 5385 tranquillitatem
2815 5316 3190 5384 observantes,
3232 5334 3382 5375 mare
3411 5320 3531 5375 oleo

1574 5498 1809 5555 VARUS
1841 5494 2251 5554 LECTIONES.

333 5645 378 5681 ἰ
406 5642 521 5717 τὸν]
540 5643 639 5715 τὴν
663 5642 754 5717 AL
822 5642 879 5717 _"'
907 5640 1179 5717 θάλασσαν
1200 5656 1276 5717 ς.

256 5712 537 5791 ροςιλμὴν
560 5712 613 5791 et
711 5713 756 5791 τ’
786 5712 845 5764 τυ
869 5713 1002 5791 add.
1030 5713 1096 5763 A.

258 5783 638 5866 ἓιηγάδιῐιἈΒε
674 5783 985 5866 εὖῖτῖλῖἕβλς
1021 5799 1127 5866 ςεη
1186 5783 1231 5866 ‘13
1260 5799 1331 5865 se

260 5861 311 5893 ea
331 5852 587 5929 ’μυρίνων
613 5872 675 5919 ς,
745 5854 789 5885 ⁸⁷
823 5852 1016 5923 Σέλιρα
1042 5852 1162 5905 AB:
1191 5852 1381 5921 Σερίλα
1415 5868 1473 5912 ς.

582 5948 854 6009 Ριτιιοι..
903 5946 1020 6006 Gn.
1071 5944 1226 6003 Clll.

1363 5639 1409 5671 ⁷³
1438 5654 1603 5706 φασιν
1632 5637 1806 5701 οὕτως
1831 5654 1892 5703 ς.
1965 5636 2016 5675 ⁷⁸
2048 5630 2319 5706 ἐντεῦθεν]
2370 5645 2469 5706 ιιι,
2499 5632 2588 5706 51.

1200 5704 1245 5743 τε
1279 5704 1551 5764 συνελθεῖν
1579 5726 1638 5772 ς,
1716 5706 2005 5793 "nbttltit,
2038 5707 2128 5761 54·
2178 5704 2449 5793 signal!
2478 5704 2568 5757 ΑΒ
2591 5721 2626 5793 Δε
2664 5706 2828 5793 φασιν
2851 5720 2919 5789 ις.
2956 5704 3083 5759 Item
3110 5708 3305 5793 v_.“341.

1186 5781 1231 5813 "
1260 5779 1413 5852 φασὶ]
1456 5796 1534 5843 ιιι,
1566 5779 1654 5832 55.
1752 5779 1801 5811 ⁸³
1825 5779 2033 5835 τούτοις
2065 5795 2104 5841 ς’

1191 5852 1381 5919 Σερίλα
1415 5868 1473 5912 ς.
1561 5851 1605 5881 ⁸⁸
1628 5847 1856 5919 ταύτης]
1892 5848 2059 5903 "1.57.

2692 5632 2898 5742 :31“.
2908 5632 3164 5742 “i131?
3196 5634 3285 5742 53;
3361 5636 3531 5742 ".2‘2‘}

2204 5711 2251 5736 ⁸ο
2279 5711 2445 5771 φησιν
2478 5711 2568 5757 ΑΒ
2613 5721 2626 5757 :
2664 5711 2828 5771 φασιν
2857 5720 2919 5769 ς.
2956 5711 3083 5759 Item
3110 5722 3161 5759 ν.
3216 5711 3305 5762 54.
3401 5711 3444 5742 ⁸⁸
3470 5711 3530 5774 ἐς

2177 5776 2222 5807 ⁸⁵
2249 5776 2340 5826 ἐπὶ
2363 5776 2550 5844 χεῖρας
2579 5775 2657 5827 A:
2689 5775 2970 5844 ἐπηχύρας
3000 5791 3059 5838 ς.
3131 5776 3301 5844 ηὸτι]
3329 5790 3410 5844 ιιι,
3437 5779 3525 5834 56.

2943 5792 2970 5837 ς
3000 5791 3059 5838 ς.
3131 5776 3301 5849 ⁸⁵δτι]
3329 5790 3410 5847 ut,
3437 5779 3525 5834 56.

2138 5849 2182 5878 ⁸³
2210 5845 2281 5898 τὰ
2307 5848 2433 5900 add.
2468 5844 2533 5898 A.
2605 5844 2651 5875 ”
2674 5847 2826 5897 αὐτοὶ

2920 5854 2970 5898 et
3005 5860 3147 5899 corr.
3182 5846 3225 5899 Α
3250 5864 3262 5899 :
3284 5846 3437 5921 ἀὐτῇ
3462 5863 3523 5916 ς.

3136 5937 3216 5998 39
