4104 6426
575 444 709 512 1227

1728 448 1986 508 ΡΗΟΤΙΙ
2025 448 2534 509 ΡΛΤΒΙΑΒΟΗᾸΞ
2571 451 2678 511 CP.

3720 457 3857 524 1228

574 565 752 618 infuso
785 559 1014 626 leniunt,
1047 569 1100 615 et
1136 567 1263 614 tunc
1296 557 1411 613 Indi
1438 561 1504 614 ad
1537 571 1717 615 ostrea
1747 563 2010 632 capienda
2046 563 2146 618 uri-

2261 564 2357 632 ῥοῇ
2413 562 2506 615 τοῦ
2570 562 2750 615 ἐλαίου
2799 561 3110 632 λεάναντες,
3137 567 3468 624 καταδύεται
3513 588 3601 635 τις
3634 570 3732 625 ἐπὶ
3757 573 3856 645 τὴν

567 657 748 711 nando
769 670 826 710 se
845 661 1189 723 demergunt,
1215 655 1286 707 ita
1317 655 1565 708 instructi
1593 656 1874 724 paratique
1905 668 2051 720 sunt,
2082 656 2156 709 si-

566 764 652 801 cui
690 749 719 799 ii
753 748 844 816 qui
887 747 1146 816 spongias
1182 755 1442 818 carpunt.
1484 747 1581 802 Est
1616 757 1796 802 autem
1831 748 1897 804 iis
1943 747 2155 804 ferreus

568 841 724 904 later,
781 849 834 893 et
900 839 1235 894 alabastrum
1301 840 1578 908 unguenti,
1638 850 1797 909 atque
1864 841 1935 894 ita
1990 855 2156 910 prope

565 945 744 986 ostrea
777 931 1123 986 eonsidentes
1162 931 1277 985 Indi
1311 941 1602 1000 unguento,
1622 934 1777 1001 quasi
1797 946 1918 988 esca
1955 934 2021 986 ad
2055 932 2156 986 [ηι-

567 1024 781 1079 lendum
813 1035 1057 1090 utuntur,
1093 1035 1220 1079 tunc
1252 1025 1569 1093 aperiuntur
1608 1037 1794 1080 ostrea
1823 1035 1878 1080 et
1912 1041 2155 1097 unguen-

569 1127 621 1170 to
656 1115 1040 1169 incbriantur:
1080 1115 1206 1169 dein
1242 1114 1425 1168 ferreo
1455 1116 1596 1186 stylo
1633 1115 1912 1185 perforata
1941 1116 2151 1188 saniem

565 1210 855 1277 quamdam
895 1208 1172 1268 emittunt,
1215 1206 1354 1259 hanc
1386 1217 1614 1260 venator
1645 1205 1822 1262 ferreo
1864 1207 2034 1264 latere
2057 1224 2152 1264 ex-

566 1303 720 1372 cipit,
752 1301 845 1370 qui
882 1301 935 1354 in
966 1299 1146 1353 varias
1167 1297 1604 1368 multiplicesque
1637 1298 1844 1355 formas
1884 1315 2150 1356 concava-

568 1405 657 1448 tus
697 1403 817 1447 est:
851 1408 916 1446 ea
959 1406 1088 1446 vero
1128 1401 1252 1460 post
1290 1391 1509 1445 modum
1544 1391 1725 1446 sanies
1767 1393 2051 1464 lapidescit
2092 1410 2148 1449 tn

568 1488 784 1539 modum
818 1485 1082 1538 naturalis
1114 1484 1444 1552 margaritas,
1476 1498 1596 1552 qua:
1629 1482 1787 1539 albus
1813 1495 1896 1539 est
1927 1487 2150 1556 sanguis

566 1597 632 1636 ex
663 1581 849 1636 Rubro
889 1581 1047 1634 mari.
1084 1578 1314 1648 Reliqua
1350 1579 1517 1633 maris
1547 1579 1708 1646 hujus
1748 1595 1874 1650 pars
1903 1580 2018 1636 fera
2039 1591 2144 1648 est,

565 1676 833 1744 impacata
881 1681 1015 1730 tota.
1047 1670 1177 1727 Cete
1208 1670 1372 1726 etiam
1401 1669 1508 1726 illic
1557 1671 1841 1742 aggregari
1879 1671 2144 1730 feruntur.

565 1768 904 1836 Quapmptcr
933 1778 1097 1820 nares
1126 1763 1307 1818 tutela:
1324 1779 1488 1819 causa
1510 1763 1871 1819 tintinnabula
1895 1765 2143 1834 quaedam

564 1873 674 1916 tam
702 1875 730 1914 a
756 1874 940 1929 prora,
965 1872 1126 1929 quam
1161 1873 1192 1912 a
1213 1857 1376 1928 puppi
1405 1855 1680 1922 deferunt,
1701 1870 1932 1922 quorum
1965 1857 2142 1912 sonitu

2267 653 2445 724 θήραν
2475 654 2571 708 τοῦ
2597 654 2846 727 ὀστρέου,
2867 655 2996 728 [555
3024 657 3116 731 H
3140 661 3206 714 τὰ
3226 660 3324 732 μὲν
3349 662 3486 716 ἄλλα
3506 680 3857 718 κατασκευα-

2261 745 2497 815 σάμενος
2526 745 2713 819 ὥσπερ
2745 748 2793 799 oi
2844 747 2943 812 τὰς
3002 752 3274 819 σπογγιάς
3309 755 3609 824 κείροντες,
3640 756 3762 808 ἐστι
3795 757 3855 810 δὲ

2255 835 2406 907 αὐτῷ
2429 837 2522 889 καὶ
2555 837 2769 902 πλινθὶς
2800 840 2998 912 σιδηρᾶ
3046 845 3141 898 καὶ
3190 845 3533 920 ἀλάϐαστρον
3568 849 3613 880 ⁹¹
3651 849 3853 920 μύρου.

2258 927 2578 1002 Παριζήσας
2625 931 2721 988 οὖν
2754 936 2782 988 ὁ
2809 935 2971 1000 Ἰνδὸς
3011 937 3091 1008 τῷ
3117 938 3325 1013 ὀστρέῳ
3365 941 3561 1014 δέλεαρ
3597 944 3768 996 αὑτοῦ
3793 944 3855 997 τὸ

2259 1022 2432 1095 μύρον
2472 1029 2747 1082 ποιεῖται·
2772 1028 2832 1082 τὸ
2857 1030 2915 1084 δέ
2962 1032 3279 1101 ἀνοίγνυται
3303 1051 3360 1086 τε
3389 1036 3485 1088 καὶ
3525 1036 3722 1105 μεθύει
3763 1037 3855 1090 ὑπ’

2259 1116 2451 1181 αὑτοῦ,
2492 1119 2704 1192 κέντρῳ
2730 1139 2790 1175 τε
2819 1122 3099 1178 διελασθέν
3134 1126 3177 1157 θ’
3213 1127 3483 1181 ἀποπτύει
3512 1130 3606 1182 τὸν
3639 1130 3812 1203 ἰχῶρα
3833 1146 3849 1160 ·

2252 1209 2282 1261 δ
2312 1210 2368 1263 δὲ
2398 1209 2671 1282 ἐνδέχεται
2714 1215 2881 1268 αὐτὸν
2935 1218 3002 1288 τῇ
3046 1217 3279 1272 πλινθίδι
3319 1218 3529 1285 τύπους
3558 1221 3606 1254 ⁸³
3635 1221 3850 1293 ὀρωρυ-

2253 1301 2452 1375 γμένη.
2484 1304 2744 1359 Διθοῦται
2767 1306 2823 1360 δὲ
2849 1307 2910 1362 τὸ
2937 1309 3189 1364 ἐντεῦθεν
3210 1311 3304 1365 καὶ
3331 1312 3654 1383 ῥυθμίζεται
3675 1315 3849 1368 καθά-

2254 1409 2360 1464 περ
2391 1395 2424 1464 ή
2454 1393 2613 1462 φύσει
2645 1400 2944 1469 μαργαρὶς,
3005 1397 3144 1472 αἷμα
3176 1404 3222 1434 ⁸⁸
3268 1403 3459 1457 λευκὸν
3499 1407 3561 1472 ἐξ
3607 1407 3848 1478 ἐρυθρᾶς

2252 1483 2348 1555 τῆς
2376 1485 2672 1561 θαλάσσης.
2703 1491 2776 1544 Τὸ
2803 1491 2860 1545 δέ
2917 1493 3166 1549 ἐντεῦθεν
3205 1495 3451 1568 θηριώδη
3496 1499 3598 1569 μὲν
3625 1500 3728 1566 τὴν
3755 1501 3849 1554 θά-

2251 1573 2458 1632 λασσαν
2512 1572 2651 1632 εἶναι
2715 1582 2916 1646 πᾶσαν,
2970 1584 3338 1653 ἀγελάζεσθαι
3392 1587 3548 1642 δὲέν
3603 1590 3746 1662 αὐτῇ
3782 1593 3849 1645 τὰ

2251 1668 2414 1739 κήτη,
2450 1668 2550 1734 τὰς
2571 1670 2628 1724 δὲ
2657 1672 2787 1736 ναῦς
2826 1672 3007 1746 ἔρυμα
3045 1677 3238 1731 τούτου
3268 1678 3681 1752 κωδωνοφορεῖν
3706 1683 3847 1736 κατὰ

2251 1758 2509 1830 πρύμναν
2545 1778 2607 1815 τε
2639 1763 2734 1818 καὶ⁵
2765 1764 3016 1836 πρῶραν,
3043 1765 3143 1838 τὴν
3178 1767 3236 1820 δὲ
3276 1768 3394 1840 ἠχὼ
3419 1771 3752 1843 ἐκπλήττειν
3781 1777 3847 1826 τὰ

2253 1850 2438 1922 θηρία.
2499 1854 2997 1921 Καταπλεύσαντες
3051 1860 3097 1890 ⁵⁵
3137 1859 3194 1913 δὲ
3231 1861 3311 1925 είς
3340 1861 3442 1924 τὰς
3486 1862 3721 1929 ἐκϐολὰς
3750 1864 3843 1917 τοῦ

567 1954 872 2009 terrefacta:
915 1951 1110 2005 belluas
1137 1950 1364 2005 navibus
1391 1964 1496 2004 non
1531 1949 1986 2019 appropinquant.
2021 1947 2146 2004 Post

2251 1919 2541 2013 Εύιρράτθυ
2606 1947 2772 2016 φασὶν
2842 1950 2900 2012 ἐς
2972 1919 3634 2008 Βαϐυλῶνανδιίαύτοῦ
3700 1919 3840 2010 άνα-

565 2049 682 2102 haec
709 2045 934 2114 ingressi
968 2044 1107 2100 ostia
1145 2041 1462 2113 Euphratis,
1489 2043 1642 2097 aiunt
1669 2042 1793 2098 inde
1815 2041 2146 2112 Babylonem

565 2137 945 2207 adnavigasse.

635 2227 842 2294 Quarto
879 2227 1017 2280 libro
1053 2226 1186 2281 nihil
1217 2226 1359 2280 aliud
1385 2240 1546 2297 quam
1589 2224 1798 2280 fabulas
1831 2226 2147 2280 mendacia-

561 2336 667 2387 que
691 2322 756 2375 ad
791 2319 1076 2390 Apollonio
1097 2318 1536 2386 gratiﬁcandum,
1560 2333 1792 2387 eumque
1818 2317 2146 2372 laudandum

563 2413 831 2465 conﬁnxit
875 2411 1327 2483 [Philostratus].
1389 2409 1632 2478 Europae,
1663 2412 1970 2480 Aft'icarqne
2023 2425 2148 2478 pro-

563 2506 832 2557 niontoria
875 2504 1176 2556 stadiorum
1219 2504 1498 2571 sexaginta
1551 2503 1729 2556 sinum
1776 2503 2144 2568 continentia,

563 2594 836 2650 Oceanum
867 2595 942 2646 .ad
986 2605 1213 2647 externa
1253 2593 1423 2645 maria
1466 2592 1797 2656 immittunt,
1849 2602 1902 2645 et
1949 2591 2146 2647 Africa;

562 2692 778 2760 quidem
814 2690 1238 2760 promontorium
1277 2689 1497 2743 nomine
1526 2687 1720 2760 Abyla,
1752 2687 1938 2744 leones
1978 2688 2146 2742 conti-

563 2791 678 2848 net,
705 2783 758 2836 in
789 2780 1095 2850 superciliis
1128 2780 1391 2834 montium
1429 2779 1755 2834 habitantes.
1783 2778 1915 2850 Ejus
1947 2779 2144 2833 montis

559 2876 792 2930 interior
822 2889 948 2943 pars
978 2874 1043 2928 ad
1075 2871 1303 2927 Getulos
1335 2870 1642 2942 Tingasque
1665 2873 1916 2941 pertinet,
1955 2881 2145 2939 gentes

558 2951 772 3033 cil‘cras,
807 2981 970 3037 atque
1000 2966 1249 3036 Libycas.
1281 2966 1387 3021 Per
1417 2964 1696 3021 Oceanum
1730 2980 1856 3020 vero
1889 2967 2146 3036 navigan-

561 3063 705 3117 tibus
738 3062 912 3115 stadia
977 3071 1247 3130 nongenta
1293 3059 1634 3128 protenditur
1672 3072 1845 3128 usque
1891 3060 1956 3113 ad
1998 3058 2144 3112 Sale-

559 3156 634 3207 Cia
667 3154 905 3208 ﬂuminis
953 3154 1112 3206 ostia.
1164 3152 1315 3206 lllinc
1368 3160 1550 3205 autem
1593 3162 1858 3220 quantum
1913 3151 2141 3204 ulterius

557 3251 934 3315 protendatur,
963 3259 1066 3298 non
1098 3243 1258 3298 facile
1282 3243 1589 3311 conjectare
1615 3242 1740 3310 quis
1766 3248 1972 3310 posset.
2005 3239 2136 3292 Nam
2164 3265 2209 3327 ρ

557 3347 679 3406 post
701 3351 820 3389 eum
863 3335 1084 3387 ﬂuvium
1128 3335 1337 3387 deserta
1388 3330 1570 3384 Africa
1612 3340 1715 3396 est,
1753 3346 1850 3384 nec
1889 3329 2140 3383 homines

558 3429 699 3482 ultra
725 3429 1065 3496 reperiuntur
1101 3425 1218 3478 ulli.
1251 3423 1480 3491 Europa:
1505 3422 1936 3492 promontorium
1957 3418 2140 3490 Calpis

557 3522 786 3582 dictum,
838 3518 1066 3570 dextera
1112 3515 1508 3584 navigationem
1553 3514 1797 3567 continet
1841 3513 2137 3567 stadiorum

556 3620 972 3671 sexcentarum,
1017 3609 1446 3676 terminaturqne
1470 3607 1535 3660 ad
1575 3605 1830 3676 antiquas
1867 3605 2066 3661 Gades.

630 3791 829 3848 Oceani
850 3789 1234 3846 conversiones
1256 3787 1372 3857 ipse
1398 3801 1613 3856 quoque
1643 3786 1782 3855 apud
1808 3786 1986 3842 Celtas
2007 3785 2140 3841 tales

557 3879 774 3949 aspexi,
817 3876 1006 3947 quales
1036 3877 1200 3932 etiam
1245 3875 1386 3928 fama
1425 3873 1699 3932 feruntur.
1741 3876 1974 3931 (Sansam
2009 3890 2138 3931 vero

555 3983 929 4038 smpenumero
960 3968 1297 4038 conjectans,
1339 3967 1407 4020 ob
1443 3983 1604 4035 quam
1642 3976 1748 4020 tam
1792 3976 2004 4020 vastum
2041 3981 2136 4034 pe-

556 4065 708 4135 lagus
749 4063 971 4118 accedat
999 4062 1326 4130 reccdalque
1352 4060 1621 4113 invenisse
1644 4058 1982 4128 Apollonium
2011 4073 2138 4111 cen-

554 4172 668 4218 seo,
701 4155 791 4222 qui
826 4155 878 4206 in
915 4168 1101 4207 earum
1136 4168 1264 4216 una,
1298 4166 1432 4221 quas
1458 4150 1522 4203 ad
1559 4149 1716 4204 Indos
1751 4148 1990 4217 scripsit,
2024 4149 2138 4215 cpi-

555 4249 715 4313 stola,
753 4249 830 4301 ait
867 4244 1141 4301 Oceanum
1169 4259 1199 4298 a
1236 4243 1411 4297 ventis
1441 4243 1539 4297 sub
1567 4257 1704 4312 aqua
1744 4242 2136 4296 exsistentibus

554 4342 884 4410 impulsum,
931 4352 997 4392 ex
1034 4336 1219 4389 multis
1265 4335 1501 4388 hiatibus
1529 4349 1666 4402 quos
1707 4342 1895 4387 ventos
1937 4333 2133 4401 partiut

553 4434 655 4488 sub
699 4432 859 4499 ipso,
903 4427 1098 4497 partim
1139 4426 1338 4499 328!)
1376 4427 1427 4478 in
1473 4434 1616 4479 terra
1657 4424 1800 4478 circa
1843 4425 2018 4492 ipsum
2067 4426 2134 4478 ad

553 4524 820 4580 exteriora
852 4519 1095 4580 dili'undi,
1126 4535 1190 4572 ac
1215 4533 1404 4571 rursus
1441 4517 1804 4579 retrocedere,
1842 4525 2129 4586 postquam

2252 2033 2503 2090 πλεῦσαι.

2324 2211 2446 2264 Ὀτι
2485 2212 2514 2264 ὁ
2535 2211 2577 2265 δ’
2603 2211 2760 2282 λόγος
2787 2215 2940 2269 οὐδὲν
2966 2215 3083 2271 ἄλλ’
3118 2217 3151 2289 ἢ
3206 2217 3368 2289 μῦθοι
3396 2220 3490 2274 καὶ
3536 2220 3838 2294 πλάσματα

2250 2302 2308 2364 ἐς
2336 2305 2399 2356 τὸ
2452 2303 2798 2379 Ἀπολλωνίῳ
2854 2312 3254 2382 κεχαρισμένον
3321 2313 3416 2366 καὶ
3479 2315 3578 2368 σὺν
3633 2317 3842 2385 ἐπαίνῳ

2249 2393 2664 2468 θαυμαζόμενον
2691 2401 2770 2472 τῷ
2792 2401 3139 2475 Φιλοστράτῳ
3182 2405 3623 2476 συγγέγραπται.
3656 2409 3843 2464 "Ott"

2249 2485 2519 2559 Εὐρώπης
2566 2491 2663 2544 καὶ
2719 2493 2928 2566 Λιϐύης
2990 2495 3158 2568 ἄκραι
3224 2499 3454 2552 σταδίων
3492 2501 3537 2568 ξ’
3593 2503 3844 2576 πορθμὸν

2248 2580 2600 2652 ἐπέχουσαιθί
2633 2585 2722 2638 τὸν
2745 2587 2999 2641 Ὠκεανὸν
3028 2590 3085 2652 ἐς
3116 2590 3184 2644 τὰ
3213 2590 3317 2656 ἔξω
3346 2594 3556 2666 πελάγη
3578 2597 3841 2668 φέρουσι·

2247 2673 2341 2725 καὶ
2367 2674 2468 2744 τὴν
2497 2675 2594 2746 τῆς
2622 2676 2830 2748 Λιϐύης
2859 2679 3036 2750 ἄκραν
3065 2680 3258 2752 (ὄνομα
3283 2683 3482 2757 δἀύτῇ
3508 2686 3740 2740 Ἀὁιννα
3769 2689 3836 2760 η)

2245 2763 2462 2830 λέοντες
2515 2767 2920 2840 ὑπερνέμονται
2967 2773 3100 2842 περ)⁵
3129 2773 3227 2837 τὰς
3262 2774 3441 2846 ὀφρύς
3476 2777 3583 2831 τῶν
3609 2779 3777 2849 ὀρῶν,
3806 2781 3843 2835 ἃ

2245 2857 2377 2910 εῐσω
2399 2859 2815 2930 ὑπερφαίνεται,
2850 2863 3229 2919 συνάπτουσαν
3253 2866 3299 2898 θ’
3351 2869 3485 2939 πρὸς
3512 2870 3842 2937 Γαιτούλους

2244 2967 2302 3002 τε
2329 2953 2422 3004 καὶ
2451 2949 2683 3021 Τίγγας,
2741 2955 2908 3026 ἄμφω
2960 2957 3200 3030 θηριώδη
3268 2962 3364 3013 καὶ
3408 2960 3626 3018 Λιϐυκὰι
3681 2967 3834 3039 ἔθνη.

2247 3045 2569 3115 Παρατείνει
2598 3045 2653 3098 δὲ
2680 3046 2962 3102 ἐσπλέοντι
2995 3050 3085 3103 τὸν
3112 3050 3365 3106 Ὠκεανὸν
3406 3055 3571 3128 μέχρι
3601 3059 3705 3128 μὲν
3729 3060 3837 3113 τῶν

2247 3135 2483 3203 ἐκϐολῶν
2512 3136 2607 3190 τοῦ
2643 3139 2884 3208 mm;
2914 3143 3205 3196 ἐννακόσια
3238 3146 3451 3210 στάδια,
3474 3149 3533 3202 τὸ
3563 3151 3620 3203 δὲ
3645 3152 3834 3204 ἐντεῦο

2243 3229 2332 3282 θεν
2365 3230 2466 3283 ούκ
2504 3230 2570 3284 ἃν
2603 3233 2870 3302 συμϐάλοι
2901 3235 2917 3266 ¹
2945 3252 3026 3299 τις
3055 3237 3260 3290 ὁπόσα·
3304 3239 3443 3309 μετὰ
3475 3241 3585 3314 γάρ
3614 3245 3707 3298 τὸν
3735 3263 3829 3299 πο·

2243 3322 2418 3393 ταμὸν
2479 3324 2668 3378 τοῦτον
2718 3325 2871 3390 ἄϐιος
2905 3329 2938 3396 ἡ
2985 3330 3162 3399 Λιϐύη
3188 3329 3350 3402 [1009
3396 3331 3489 3405 R.]
3523 3337 3618 3389 καὶ
3652 3339 3832 3392 οὐκέτι

2244 3413 2544 3486 ἄνθρωποι.
2577 3416 2649 3469 To
2688 3418 2744 3471 δὲ
2782 3420 2880 3489 τῆς
2933 3420 3205 3493 Εὐρώπης
3238 3425 3607 3498 ἀκρωτήριον,
3634 3430 3664 3484 ὃ
3687 3433 3706 3462 ⁸
3734 3450 3832 3485 κα-

2240 3507 2411 3561 λεῖται
2477 3509 2716 3577 Κάλπις,
2770 3511 2920 3579 δεξιά
2977 3515 3077 3585 μὲν
3118 3516 3306 3588 ἐπέχει
3347 3519 3440 3573 τοῦ
3473 3522 3673 3577 ἕσπλου
3703 3543 3830 3580 στα-

2241 3599 2369 3652 δίων
2432 3600 2740 3667 ἑξακοσίων
2801 3605 2995 3676 μῆκος,
3024 3605 3181 3679 λήγει
3211 3610 3268 3664 δὲ
3309 3613 3365 3676 ἐς
3396 3613 3464 3667 τὰ
3493 3617 3702 3688 ἀρχαῖα
3729 3620 3829 3674 Γά-

2239 3690 2413 3763 δειρα.

2312 3784 2424 3849 Τὰς
2449 3785 2469 3816 ³
2493 3785 2551 3840 δὲ
2579 3787 2673 3840 τοῦ
2703 3787 2959 3843 Ὠκεανοῦ
3009 3791 3220 3863 τροπὰς
3253 3794 3345 3848 καὶ
3370 3797 3536 3863 αὐτὸς
3570 3801 3673 3871 μὲν
3703 3804 3828 3874 περὶ

2238 3877 2500 3942 Κελτοὺς,
2528 3881 2715 3949 φησὶν,
2776 3878 2916 3936 εἶδον
2947 3883 2968 3915 ⁸
2999 3886 3182 3939 ὁποῖαι
3216 3887 3462 3957 λέγονται
3485 3909 3499 3924 ’
3529 3894 3631 3964 τὴν
3661 3896 3718 3950 δὲ
3743 3901 3827 3950 αί-

2235 3971 2358 4024 τίαν
2380 3972 2471 4024 ἐπὶ
2501 3973 2673 4027 πολλὰ
2697 3975 2955 4042 εἰκάζων,
2974 3977 3043 4031 δι’
3069 3979 3134 4050 ἣν
3161 3979 3388 4052 ἄπειρον
3415 3983 3560 4038 οὕτω
3593 3989 3828 4058 πέλαγος

2236 4061 2502 4133 ἐπιχωρεῖ
2548 4079 2606 4115 τε
2636 4064 2658 4096 ⁸
2689 4065 2782 4118 καὶ
2840 4067 3176 4136 ἀνασπᾶται,
3212 4069 3353 4124 δοκῶ
3377 4090 3469 4142 μοι
3503 4075 3595 4128 τὸν
3634 4078 3830 4131 Ἀπολ-

2237 4154 2427 4207 λώνιον
2457 4155 2800 4226 ἐπεσκέφθαι
2831 4159 2892 4211 τὺ
2914 4158 2995 4213 δν.
3040 4161 3128 4214 Ἐν
3151 4165 3249 4235 μιᾷ
3286 4165 3392 4236 γὰρ
3413 4167 3520 4220 τῶν
3556 4169 3696 4240 πρὸς
3738 4174 3831 4227 Ἰνο

2235 4245 2357 4310 δοὺς
2387 4249 2686 4302 ἐπιστολῶν
2717 4250 2807 4303 τὸν
2837 4253 3092 4308 Ὠκεανόν
3123 4273 3287 4327 φησιν
3320 4258 3575 4331 ύφύδροις
3607 4262 3828 4320 ἐλαυνό-

2239 4355 2399 4408 μενον
2425 4341 2733 4412 πνεύμασιν
2751 4345 2816 4396 ἐκ
2849 4345 3063 4400 πολλῶν
3083 4349 3404 4420 χασμάτων,
3435 4352 3470 4405 ἃ
3494 4355 3586 4407 ὑπ’
3605 4357 3758 4430 αὐτῷ
3774 4377 3827 4412 τε

2236 4431 2331 4485 καὶ
2365 4433 2493 4504 περὶ
2519 4433 2683 4488 αὐτὸν
2714 4436 2747 4507 ή
2778 4437 2850 4506 γῆ
2899 4438 3224 4510 παρέχεται,
3268 4447 3469 4514 χωρεῖν
3509 4449 3568 4512 ἐς
3616 4451 3679 4502 τὸ
3703 4451 3824 4519 ἔξω,

2236 4525 2330 4577 κα)⁸
2349 4525 2654 4597 ἀναχωρεῖν
2695 4528 2876 4596 πάλιν,
2913 4531 3136 4584 ἐπειδὰν
3182 4531 3373 4604 ὥσπερ
3420 4532 3611 4608 ἆσθμα
3643 4543 3828 4598 ὑπονο-

551 4627 804 4684 tanqnam
849 4611 1160 4676 anhelitus,
1206 4618 1397 4662 ventus
1440 4610 1656 4663 resedit.
1708 4609 1842 4663 lluic
1886 4609 2130 4679 opinioni

2247 4617 2410 4691 στήσῃ
2444 4619 2464 4650 ⁸
2497 4619 2559 4671 τὸ
2617 4618 2857 4689 πνεῦμα.
2905 4623 3203 4679 Πιστοῦται
3270 4627 3329 4680 δὲ
3393 4629 3525 4684 αὐτὸ
3580 4636 3692 4687 κάκ
3724 4636 3825 4689 τῶν

551 4709 712 4763 iidem
748 4706 896 4768 facit,
932 4705 1075 4771 quod
1113 4716 1249 4771 apus
1281 4701 1459 4756 Gades
1493 4701 1879 4771 aegrotantibus
1909 4702 2126 4758 accidit.

2247 4709 2561 4774 tooodwwvf’
2580 4711 2747 4782 περὶ,⁸
2773 4711 3009 4786 Γάδειρα
3033 4731 3048 4746 ’
3077 4716 3166 4770 τὸν
3197 4717 3307 4788 γὰρ
3343 4722 3533 4792 χρόνον
3558 4725 3619 4778 δν
3650 4728 3828 4800 πλημ-

551 4801 685 4856 Nam
712 4815 816 4869 quo
839 4807 1083 4866 tempore
1117 4809 1375 4849 crescens
1401 4809 1538 4864 aqua
1584 4795 1853 4863 regionem
1885 4794 2131 4858 inundat,

2247 4803 2408 4873 μυρεῖ
2436 4801 2497 4854 τὸ
2522 4801 2668 4872 ὕδωρ
2687 4841 2703 4869 ,
2734 4803 2834 4857 οὐκ
2857 4805 3245 4864 ἀπολείπουσιν
3266 4812 3320 4864 αί
3343 4813 3513 4884 ψυχαὶ
3542 4820 3671 4879 τοὺς

552 4892 744 4946 anima:
776 4889 1130 4944 moribundos
1152 4901 1258 4940 non
1286 4887 1562 4948 deserunt,
1589 4885 1730 4954 quod
1758 4885 2002 4954 profecto
2026 4901 2133 4941 non

2247 4892 2587 4964 iv'r’joxovrag,
2619 4895 2755 4967 ὅπερ
2776 4896 2877 4951 οὐκ
2896 4896 2963 4951 ἂν
2991 4899 3335 4970 συμϐαίνειν,
3367 4906 3415 4957 εἰ
3445 4906 3519 4977 μὴ
3551 4909 3573 4939 ³
3609 4911 3823 4983 πνεῦμα

550 4984 815 5046 eveniret,
841 4981 945 5036 nisi
974 4980 1198 5050 spiritus
1223 4978 1338 5048 ipse
1365 4979 1416 5031 in
1450 4988 1648 5031 terram
1683 4979 1980 5033 secederet.
2005 4979 2135 5044 Qum

2247 4987 2299 5056 τῇ
2327 4988 2397 5057 γῇ
2430 4987 2720 5059 ἐπεχώρει.
2763 4991 2830 5042 Ἀ
2859 4989 2916 5043 δὲ
2939 4991 3070 5062 περὶ
3115 4993 3215 5065 τὴν
3250 4995 3480 5068 σελήνην
3528 5003 3665 5067 φασὶ
3701 4978 3820 5072 φάε-

551 5085 732 5130 autem
775 5075 924 5128 circa
977 5072 1158 5126 lunam
1211 5083 1474 5140 apparere
1526 5069 1744 5135 dicunt,
1793 5080 2130 5136 nascentem,

2247 5077 2427 5132 νεσθαι
2453 5079 2777 5151 τικτομένην
2793 5099 2852 5135 τε
2873 5081 2970 5137 καὶ
2994 5084 3377 5159 πληρουμένην
3394 5089 3489 5143 καὶ
3511 5069 3819 5160 φθίνουσαν,

549 5168 762 5240 plenam
790 5177 843 5221 et
878 5167 1311 5227 decrescentem,
1346 5162 1532 5216 eadem
1571 5163 1748 5216 omnia
1783 5164 1928 5217 circa
1957 5163 2127 5218 Ocea-

2247 5168 2410 5224 ταῦτα
2456 5173 2584 5242 περὶ
2630 5172 2722 5226 τὸν
2768 5172 3027 5229 Ὠκεανὸν
3063 5171 3181 5230 οἶδα
3209 5178 3289 5210 ⁸⁸·
3337 5181 3409 5234 τὰ
3439 5184 3546 5252 γὰρ
3608 5187 3820 5258 ἐκείνης

552 5275 678 5314 num
717 5259 829 5313 ﬁeri
868 5254 1248 5311 animadverti.
1295 5253 1424 5324 Ejus
1454 5255 1599 5308 enim
1634 5268 1923 5308 mensuras
1954 5254 2131 5323 sequi-

2247 5261 2409 5315 ίινεισι
2442 5262 2636 5334 μέτρα,
2671 5265 3024 5336 ξυμμινύθων
3042 5269 3180 5341 αύτῇ
3200 5271 3292 5324 καὶ
3309 5253 3816 5347 ξυμπληρούμενος.

551 5362 642 5407 tur
670 5349 829 5406 simul
851 5364 970 5404 cum
999 5349 1113 5418 ipsa
1147 5349 1473 5403 decrescens
1499 5361 1921 5418 augescensque.
1945 5359 1995 5400 et
2021 5363 2126 5402 nox

2247 5351 2461 5423 Ἡμέρα
2500 5353 2540 5384 ⁸⁸
2590 5354 2634 5406 δ’
2681 5354 2963 5427 ἐκδέχεται
3001 5357 3175 5412 νύκτα
3210 5360 3302 5414 καὶ
3351 5360 3448 5429 νὺξ
3474 5363 3575 5435 τὴν
3609 5365 3818 5437 ἡμέραν

1825 5484 2058 5542 VARI/E
2101 5484 2510 5544 LECTIONES.

619 5623 664 5656 ⁹¹
695 5619 1125 5708 ἀλάϐασξροςῗς.
1274 5636 1333 5708 τε
1364 5619 1638 5708 διελασθέν
1667 5619 1752 5708 ,ἑὲ
1774 5619 1828 5673 δὲ
1860 5620 2144 5708 δελεασθὲν
2170 5639 2232 5708 ς.
2379 5621 2570 5708 τύποις
2599 5624 2639 5677 Β
2667 5635 2720 5680 et
2748 5641 2888 5708 corr.
2917 5629 2983 5682 Α.
3092 5627 3138 5661 ⁸⁸
3169 5625 3311 5708 αἷμα
3494 5635 3590 5689 καὶ
3613 5636 3812 5708 ἐστινὴ

555 5684 1005 5772 μαργαρὶς.ᾳῖμα
1030 5707 1086 5775 ς...
1174 5689 1242 5772 .95
1271 5690 1534 5762 καταπλ.]
1564 5707 1645 5776 tu,
1683 5691 1773 5746 58.
1877 5694 1923 5723 9“
1949 5689 2054 5793 ὅτι]
2082 5708 2134 5754 ν,
2165 5684 2192 5744 ἱ
2265 5763 2278 5776 ἢ
2307 5694 2351 5724 ⁸⁷
2388 5684 2685 5765 ἐπέχουσαι
2741 5696 2785 5750 Α
2812 5715 2823 5750 :
2855 5697 3081 5781 ἔχουσαι⁸
3105 5716 3168 5762 ς,
3231 5684 3244 5701 ⁸
3267 5703 3312 5733 ⁹⁸
3615 5684 3813 5763 "aliis.

554 5762 1010 5840 'A6o).ot__t_hcnur.
1045 5760 1305 5840 bealtger.
1382 5764 1828 5840 "fumantium
2079 5762 2375 5840 συμϐάλλοι
2409 5765 2474 5840 A_.
2518 5767 2536 5796 '
2564 5765 2591 5816 ὃ
2617 5765 2742 5840 AB:
2773 5769 2805 5837 ἢ
2839 5784 2898 5830 ς.
2925 5837 2945 5840 Δ
2977 5768 2998 5798 ³
3028 5770 3148 5840 τας]
3205 5785 3256 5838 v,
3291 5775 3345 5828 2.
3427 5776 3447 5806 ’⁵
3486 5706 3650 5840 εἷδονξ
3681 5780 3811 5834 ινιδόν

579 5792 762 5816 ειυυιιυ.
799 5792 1010 5814 υιιιιυιο
1045 5792 1305 5830 υυαιιῆσιι
1386 5792 1420 5794 “”
1463 5792 1828 5816 υυναιυιυυυυά
1850 5792 1957 5816 ,ιυο
2041 5792 2047 5793 ί
2079 5792 2375 5832 υυμυυινώυι.
2409 5792 2474 5814 η.
2519 5792 2536 5796 ⁷
2564 5792 2591 5816 υ
2617 5792 2742 5819 ηυξ
2773 5792 2805 5837 η
2839 5792 2898 5830 ς.
2977 5792 2997 5798 ⁷
3207 5792 3256 5838 γ’
3291 5792 3345 5828 Ζ.
3427 5792 3447 5806 ν

550 5849 637 5914 pr.
662 5831 1038 5914 Δζίδὼνιροιτ.
1131 5834 1166 5914 ⁸⁸
1198 5835 1548 5914 ἐπιχωρεῖται
1582 5833 1824 5914 καὶηΑ.η
1863 5835 1882 5865 °
1911 5833 2402 5914 pmvoqtqon‘All:
2430 5835 2728 5914 Ἶύτεοστήςη
2759 5853 2821 5914 ς,
2860 5908 2871 5914 _
2925 5837 2955 5914 '_
2977 5841 3298 5914 νοσούντων]
3325 5849 3505 5914 νήσων
3533 5847 3644 5906 τῶν
3671 5865 3806 5908 corr.

551 5899 618 5959 λ.
712 5899 746 5934 ⁷³
770 5902 898 5972 περὶ
930 5903 993 5974 Α,
1025 5903 1153 5976 περὶ
1180 5904 1247 5961 τὰ
1274 5899 1350 5961 [ἵε
1376 5899 1476 5959 ’ἐπὶ
1512 5922 1570 5970 ς’.
1611 5981 1648 5987 Η
1677 5908 1696 5937 ³
1730 5902 1827 5976 μὴ]
1863 5904 1938 5976 μὴ
1966 5905 2057 5959 καὶ
2089 5899 2182 5959 Δί
2310 5899 2450 5976 οἶδα]
2479 5900 2616 5960 εἶδον
2641 5899 2728 5962 I3."
2771 5899 2822 5940 7“
2851 5907 3056 5981 ἡμέρα]
3088 5926 3138 5980 v,
3168 5912 3220 5968 5.
