4104 6430
550 454 687 525 1231

1676 450 1935 513 ΡΗΟΤΙῙ
1977 447 2485 511 PATRIARCH/E
2543 447 2647 509 (ΖΡ.

3666 439 3810 506 1232

544 573 689 629 mine
712 565 965 625 Bmticam
992 577 1219 638 oegnom
1240 562 1443 618 iuatam
1475 560 1734 631 optimam
1763 559 2118 614 uberrimam-

2221 556 2530 628 ωθουμένου
2559 554 2723 609 αὑτὸν
2749 550 2846 623 τῆς
2888 550 3181 626 θαλάττης.
3207 550 3319 623 Τὴν
3356 550 3411 605 δι
3446 551 3680 623 ἠπειρον
3703 555 3805 623 τὴν

540 678 648 735 que
675 672 798 715 esse
842 657 1065 713 tradunt
1090 696 1106 721 ,
1159 652 1579 721 civitatibusque
1621 659 1677 705 et
1722 649 1938 721 pascuis
1979 648 2120 705 bene

541 756 887 807 instructam.
913 746 1198 804 Derivatur
1222 755 1401 800 autem
1423 759 1523 814 per
1545 757 1739 797 omnes
1770 741 1972 807 urbes;
2002 739 2118 810 agri

540 857 670 898 vero
700 840 916 913 egregie
948 838 1079 894 culti
1102 836 1307 892 aﬂ'atim
1341 834 1523 890 omnia
1564 830 1746 888 ferunt
1775 850 1790 888 :
1824 832 1945 888 coeli
1980 839 2117 885 tent-

539 934 717 1003 peries
754 932 877 987 talis
914 940 1020 995 est,
1053 928 1228 999 qualis
1257 926 1505 983 autumni
1546 934 1794 996 tempore
1834 922 1889 978 in
1923 924 2103 977 Attica

541 1024 924 1095 mysteriorum
952 1023 1143 1077 diebus
1180 1034 1301 1076 esse
1332 1018 1486 1073 solet.

609 1116 803 1176 Omnia
836 1130 955 1183 qua:
993 1114 1059 1168 de
1098 1111 1265 1167 {Etna
1321 1120 1495 1180 poets
1522 1111 1741 1174 dicunt,
1775 1109 1852 1164 ait
1900 1104 2119 1178 Apollo-

540 1208 712 1274 nium,
743 1217 802 1262 ut
839 1206 1053 1262 fabulas
1083 1204 1396 1275 repudiasse
1419 1243 1435 1267 ,
1471 1203 1549 1258 sic
1568 1200 1872 1272 loquendo.
1913 1196 2116 1254 Fabula

540 1300 685 1355 enim
712 1314 873 1370 quam
914 1296 1389 1368 reprehendimus,
1419 1310 1522 1350 non
1552 1303 1637 1349 est
1657 1293 1843 1362 Αἰδορί
1876 1290 2118 1362 apologis

537 1387 754 1452 s'imilis,
783 1388 874 1441 sed
910 1387 977 1441 iis
1002 1386 1091 1455 qui
1119 1386 1320 1455 lingere
1350 1394 1571 1449 norunt,
1605 1394 1658 1437 et
1688 1392 1989 1452 poetarum,
2019 1380 2113 1450 qui

537 1478 838 1551 Typhtrum
880 1478 1169 1547 quemdam
1216 1476 1301 1531 vel
1348 1475 1674 1529 Enceladum
1708 1474 1807 1528 sub
1842 1482 2024 1526 monte
2047 1471 2115 1526 li-

537 1580 720 1639 gatum
763 1569 970 1632 dicunt,
1018 1565 1289 1635 mortique
1326 1564 1724 1629 obluctantem,
1756 1564 1900 1618 hunc
1936 1564 2113 1631 ignem

538 1659 841 1715 anhelando
861 1671 1133 1714 evomere.
1159 1656 1270 1727 Ego
1293 1668 1471 1711 autem
1495 1656 1742 1725 gigantes
1767 1652 1944 1709 fuisse
1967 1653 2113 1721 dico,

541 1756 829 1824 multisque
854 1754 989 1809 locis
1038 1753 1267 1823 direptis
1315 1750 1533 1806 tumulis
1575 1748 1839 1820 ejusmodi
1882 1762 2113 1818 corpora
2169 1766 2174 1771 ~

2172 1862 2181 1915 ς
2212 1843 2315 1913 τῆς
2344 1844 2449 1914 γῆς
2479 1842 2894 1897 ἀναδείκνυσθαι
2920 1843 3143 1898 τοιαῦτα
3172 1844 3219 1877 ³⁸
3250 1845 3479 1915 σώματα
3514 1844 3800 1915 ῥαγέντων

537 1936 724 2002 credo,
753 1907 1069 1991 sed-forsan
1093 1934 1318 1989 deorum
1347 1935 1490 1987 mdes
1525 1947 1589 1986 ac
1616 1907 1814 2001 templa
1850 1928 2107 1985 violasse:
2143 1907 2185 1962 Β

537 1846 785 1909 ostendi,
838 1859 997 1914 quos,
1044 1853 1104 1898 ut
1132 1843 1321 1906 fertur,
1374 1857 1497 1896 cum
1531 1842 1633 1896 diis
1685 1853 1961 1910 pugnasse
2006 1854 2112 1894 non

538 2029 681 2097 quod
717 2040 897 2082 autem
929 2028 1124 2081 caelum
1157 2026 1394 2096 aggressi
1430 2022 1656 2089 fuerint,
1693 2040 1793 2079 nec
1829 2022 1941 2077 illic
1980 2023 2111 2078 deos

538 2122 844 2176 consistere
870 2119 1239 2190 permiserint,
1266 2118 1470 2181 dicere,
1496 2117 1705 2171 insania
1733 2115 1977 2186 quaedam
2004 2124 2108 2180 est,

538 2213 785 2269 insanius
824 2213 987 2267 etiam
1041 2210 1287 2267 credere.
1333 2208 1522 2277 Neque
1571 2224 1701 2261 vero
1748 2206 1928 2261 oratio
1972 2206 2109 2271 haec,

538 2306 791 2373 quamvis
822 2304 893 2359 sit
925 2302 1214 2371 vulgatior,
1252 2318 1280 2355 a
1310 2301 1466 2356 nobis
1492 2300 1781 2371 probatur.
1816 2298 2110 2354 Vulcanum

542 2397 593 2447 itt
624 2391 791 2448 Etna
832 2391 1081 2446 fabrilem
1111 2400 1285 2444 artem
1316 2404 1603 2453 exercere,
1638 2389 1819 2458 ibique
1860 2390 2110 2443 incudem

545 2500 843 2541 resonare:
881 2483 1030 2537 multi
1061 2496 1294 2551 namque
1330 2481 1418 2535 alii
1453 2493 1663 2535 montes
1693 2481 1920 2535 diversis
1946 2491 2115 2535 terra-

543 2594 661 2630 rum
704 2577 838 2632 locis
873 2574 1029 2646 igniti
1069 2584 1217 2640 sunt,
1270 2590 1369 2629 nec
1412 2585 1590 2628 tamen
1633 2575 1875 2643 gigantes
1922 2573 1992 2627 ibi
2025 2579 2114 2625 aut

548 2668 845 2724 Vulcanum
891 2682 1015 2722 esse
1059 2667 1348 2736 quisquam
1390 2666 1554 2730 dicit;
1607 2677 1665 2719 ut
1707 2665 1870 2736 igitur
1905 2674 2116 2719 montes

542 2763 792 2824 ardeant,
842 2774 1007 2815 causa
1050 2773 1298 2829 quamam
1351 2757 1663 2828 huiusmodi
1708 2771 1831 2811 esse
1879 2754 2117 2810 dicitur?

542 2852 711 2906 Terra
741 2849 987 2905 bitumini
1023 2848 1328 2917 sull‘urique
1351 2847 1658 2911 cotnmista,
1682 2844 1847 2915 329
1869 2844 1896 2897 b
1921 2855 2115 2898 natura

539 2956 636 2996 sua
679 2940 979 3009 turgescit,
1027 2946 1082 2992 et
1131 2939 1370 2992 nondum
1409 2938 1585 3005 ignem
1630 2935 1823 2990 reddit.
1873 2935 2023 3000 Quod
2072 2934 2118 2989 si

541 3045 891 3086 eaverttosam
938 3038 1141 3084 terram
1188 3042 1310 3083 esse
1357 3028 1681 3097 contigerit,
1724 3028 1902 3082 utsub
1947 3026 2117 3094 ipsam

540 3123 762 3193 spiritus
791 3121 986 3193 aliquis
1028 3120 1391 3190 ingrediatur,
1423 3131 1553 3174 tunc
1590 3118 1865 3173 ﬂammam
1898 3119 2118 3185 attollit,

2222 647 2503 719 Βαιτικῂν,
2530 643 2599 720 ἧς
2651 648 2681 700 δ
2728 646 2969 716 ποταμὸς
2998 638 3155 708 οὗτος
3200 644 3526 716 ὁμώνυμος,
3570 643 3805 715 ἀρίστην

2220 740 2467 812 ἠπείρων
2502 740 2635 810 φασί
2655 755 2669 770 °
2706 739 2917 794 πόλεών
2944 755 3004 791 τε
3035 737 3143 809 γὰρ
3173 735 3233 791 εὖ
3282 737 3427 808 ἔχειν
3466 738 3563 790 καὶ
3592 738 3801 809 νόμων,

2220 834 2315 887 καὶ
2352 832 2569 903 διῆχθαι
2602 832 2694 887 τὸν
2728 830 2972 901 ποταμὸν
2998 832 3057 895 ἐς
3100 831 3171 883 τὰ
3208 831 3344 900 ἄστη
3388 830 3590 894 πάντα,
3625 847 3807 898 75mp-

2218 926 2344 995 γίας
2373 941 2432 978 τε
2489 924 2778 996 ξυμπάσης
2834 922 3039 995 μεστὴν
3085 920 3248 989 εἶναι,
3283 924 3377 976 καὶ
3416 922 3578 994 ὡρῶν
3613 920 3724 975 οἷαι
3755 922 3805 954 ⁸⁷

2218 1021 2316 1091 τῆς
2344 1018 2600 1087 Ἀττικῆς
2633 1018 2687 1070 αί
2735 1017 3045 1088 μετόπωροι
3072 1017 3166 1069 καὶ
3203 1015 3658 1087 μυστηριώτιδες.

2293 1111 2413 1163 Ὀτι
2443 1109 2488 1143 ³⁸
2518 1111 2643 1173 τοὺς
2666 1109 2796 1180 περὶ
2821 1110 2919 1180 τῆς
2964 1109 3164 1178 Αἴτνης
3203 1109 3393 1177 λόγους
3418 1107 3527 1162 τῶν
3560 1108 3807 1178 ποιητῶν

2217 1202 2293 1266 ὡς
2329 1201 2533 1272 μύθους
2583 1200 2935 1272 παραιτεῖθαί
2980 1217 3114 1271 φησι
3142 1200 3234 1253 τὸν
3272 1199 3651 1265 Ἀπολλώνιον,
3699 1193 3804 1253 ὦδε

2220 1294 2347 1368 [5'57
2376 1294 2467 1368 H.]
2498 1294 2744 1363 λέγοντα.
2789 1292 2849 1347 '0
2876 1294 2983 1365 γὰρ
3026 1293 3215 1365 μῦθος,
3262 1292 3320 1346 δν
3359 1292 3799 1363 παραιτούμεθα,

2216 1386 2276 1438 ού
2312 1385 2420 1439 τῶν
2454 1383 2707 1438 Αἰσώπου
2731 1383 2906 1453 λόγων
2937 1384 3108 1447 ἐστὶν,
3140 1382 3276 1436 ἀλλὰ
3302 1382 3410 1434 τῶν
3445 1381 3799 1453 δραματικῶ-

2215 1473 2410 1545 τέρων,
2449 1476 2544 1527 καὶ
2578 1467 2652 1528 ὧν
2681 1475 2730 1526 οἱ
2764 1473 2986 1545 ποιηταὶ
3016 1471 3299 1542 θρυλοῦσιν
3322 1472 3391 1526 ⁸⁸.
3434 1471 3666 1524 Ἐκεῖνοι
3702 1471 3802 1542 μὲν

2216 1568 2325 1639 γὰρ
2360 1566 2529 1637 Τυφῶ
2553 1567 2674 1621 τινὰ
2702 1566 2735 1637 ἢ
2766 1554 3090 1635 Ἓγκέλαδον
3119 1564 3366 1618 δεδέσθαι
3398 1565 3565 1634 φασὶν
3590 1565 3697 1617 ὑπὸ
3723 1564 3801 1633 τῷ

2214 1659 2351 1729 δρει,
2381 1658 2475 1712 καὶ
2521 1658 2957 1713 δυσθανατοῦντα
3003 1658 3327 1729 ἀσθμαίνειν
3353 1660 3413 1712 τὸ
3455 1658 3568 1730 πῦρ
3614 1657 3796 1711 τοῦτο.

2227 1749 2370 1820 Ἐγὼ
2397 1751 2455 1805 δὲ
2486 1751 2748 1820 γίγαντας
2779 1751 2877 1821 μὲν
2903 1751 3184 1821 γεγονέναι
3211 1753 3373 1823 φημὶ,
3405 1753 3500 1805 καὶ
3522 1748 3799 1821 πολλαχοῦ

2213 1932 2421 2000 τάφων,
2466 1932 2527 1985 ού
2569 1932 2675 2003 μὴν
2723 1933 2801 1996 είς
2841 1932 3032 2001 ἀγῶνα
3078 1932 3254 1987 ἐλθεῖν
3304 1937 3414 1997 τοῖς
3465 1934 3631 1997 θεοῖς,
3679 1932 3797 1986 ἀλλ’

2212 2023 2435 2095 ὑϐρίσαι
2471 2024 2570 2096 μὲν
2612 2026 2753 2096 τάχα
2778 2027 2837 2090 ἐς
2865 2028 2992 2091 τοὺς
3029 2026 3167 2090 νεὼς
3212 2025 3390 2081 αὐτῶν
3431 2028 3524 2081 καὶ
3558 2027 3627 2080 τὰ
3678 2027 3797 2097 ἕδη,

2212 2113 2429 2184 οὐρανῷ
2456 2115 2513 2168 δὲ
2550 2115 2888 2187 ὲπιπηδῆσαι
2914 2119 3009 2172 καὶ
3047 2118 3123 2189 μὴ
3154 2102 3457 2189 συγχωρεῖν
3488 2119 3618 2181 τοὺς
3643 2117 3802 2183 θεοὺς

2213 2205 2300 2259 ἐπ’
2360 2206 2524 2259 αὐτοῦ
2559 2208 2601 2238 ³⁸
2648 2203 2789 2260 εἴναι
2853 2208 3019 2275 μανία
3076 2210 3174 2278 μὲν
3245 2209 3465 2278 λέγειν,
3503 2209 3672 2280 μανία
3741 2211 3801 2265 δὲ

2212 2296 2442 2353 οἴεσθαι.
2466 2299 2575 2352 Καὶ
2609 2300 2743 2370 μηδὲ
2782 2302 3029 2363 ἐκεῖνοςό
3055 2300 3233 2370 λόγος,
3277 2302 3451 2356 καίτοι
3481 2304 3659 2358 δοκῶν
3711 2304 3805 2356 εύ-

2214 2388 2524 2460 φημότερος
2572 2384 2742 2457 εἶναι,
2782 2391 3051 2461 τιμάσθω,
3074 2391 3147 2456 ὡς
3186 2391 3464 2464 Ἡφαίστῳ
3508 2393 3661 2465 μέλει
3705 2394 3801 2447 τοῦ

2215 2477 2503 2547 χαλκεύειν
2534 2480 2592 2532 ὲν
2631 2482 2699 2550 τῇ
2749 2481 2919 2553 Αἴτνῃ
2970 2482 3064 2534 καὶ
3111 2483 3399 2535 κτυπεῖταί
3436 2501 3523 2547 τις
3564 2484 3802 2537 ἐνταῦθα

2217 2570 2310 2622 ὑπ’
2340 2571 2503 2625 αὑτοῦ
2540 2566 2762 2641 ἄκμων*
2798 2571 2970 2625 πολλὰ
2995 2573 3102 2645 γὰρ
3136 2574 3232 2626 καὶ
3264 2573 3395 2629 ἄλλα
3425 2573 3579 2647 [ὅρη]
3603 2577 3647 2607 ⁸¹
3675 2576 3804 2629 πολ·

2215 2661 2382 2733 λαχοῦ
2416 2664 2515 2732 τῆς
2538 2664 2643 2733 γῆς
2686 2663 2932 2735 ἔμπυρα,
2973 2667 3065 2718 καὶ
3099 2667 3199 2718 οὐκ
3244 2665 3309 2719 ἂν
3346 2666 3648 2737 φθάνοιμεν
3676 2670 3799 2720 ἑπι-

2219 2754 2552 2825 φημίζοντες
2585 2756 2772 2820 αὐτοῖς
2817 2757 3084 2824 γίγαντας
3121 2758 3215 2810 καὶ
3254 2757 3608 2826 Ἡφαίστους.
3638 2760 3736 2823 Τίς
3757 2759 3801 2792 ³³

2217 2844 2311 2902 οὖν
2339 2850 2372 2919 ἠ
2395 2848 2505 2901 τῶν
2536 2848 2794 2901 τοιούτων
2817 2848 2959 2920 ὀρῶν
2989 2849 3171 2916 alsia;
3202 2849 3273 2919 γῆ
3295 2851 3493 2922 κρᾶσιν
3525 2851 3803 2918 ἀσφάλτου

2218 2939 2315 2993 καὶ
2350 2938 2496 2991 θείου
2530 2937 2879 3009 παρεχομένη
2919 2937 3147 3006 τύφεται
3177 2938 3276 3009 μὲν
3312 2939 3405 2991 καὶ
3441 2939 3573 3009 παρ’
3602 2940 3803 3007 ἑαυτῆς

2227 3032 2408 3100 φύσει,
2441 3030 2553 3103 πῦρ
2583 3032 2639 3085 δὲ
2668 3030 2821 3084 οὔπω
2851 3031 3131 3084 ἐκδίδωσιν
3150 3046 3165 3063 ⁸
3198 3032 3247 3083 εί
3275 3031 3329 3084 δὲ
3362 3030 3407 3061 ³⁸
3441 3030 3804 3100 σηραγγώδης

2221 3124 2372 3193 τύχοι
2400 3124 2445 3157 ⁸⁸
2480 3125 2575 3177 καὶ
2604 3122 2912 3195 ύποδράμοι
2944 3123 3116 3192 αὐτὴν
3157 3121 3399 3191 πνεῦμα,
3428 3122 3675 3192 φρυκτὸν
3705 3122 3803 3192 ἤδη

541 3231 662 3284 qua:
699 3215 872 3284 magis
901 3215 1184 3284 magisque
1228 3222 1409 3277 aucta,
1456 3214 1599 3267 velut
1620 3227 1757 3281 aqua
1788 3226 1820 3266 e
1849 3213 2118 3267 montibus

2222 3217 2404 3287 αῐρειο
2442 3216 2885 3286 πλεονεκτήσασα
2924 3214 2981 3267 δὲ
3023 3216 3057 3284 ἡ
3104 3213 3259 3282 φλὸξ,
3305 3213 3492 3285 ῶσπερ
3537 3213 3601 3266 τό
3638 3213 3808 3282 ὕδωρ,

542 3306 780 3362 deﬂuens
805 3306 856 3359 in
904 3320 1125 3375 campos
1180 3303 1521 3358 effunditur:
1571 3304 1900 3373 quandoque
1950 3304 2116 3358 etiam

2226 3309 2458 3380 ἀπορρεῖ
2479 3308 2591 3361 τῶν
2623 3307 2766 3379 ὀρῶν
2801 3307 2896 3360 καὶ⁸
2927 3308 2984 3370 ὲς
3022 3306 3091 3359 τὰ
3121 3306 3279 3360 πεδία
3306 3308 3612 3379 προχεῖται,
3640 3308 3809 3377 χωρεῖ

543 3402 608 3453 ad
637 3412 788 3453 mare
825 3397 1033 3463 delata,
1080 3399 1237 3466 quasi
1279 3396 1521 3451 ﬂuminis
1547 3397 1827 3466 cujusdam
1854 3397 2116 3467 impetum

544 3490 693 3546 facit.

611 3579 888 3649 Ethiopia
935 3579 1103 3634 totius
1146 3589 1326 3644 terrai,
1366 3592 1485 3647 quae
1523 3579 1625 3632 sub
1674 3578 1787 3633 sole
1814 3586 1929 3646 est,
1973 3580 2118 3635 occi-

544 3674 761 3729 dentale
803 3686 973 3727 cornu
1017 3680 1267 3740 occupat,
1305 3672 1446 3726 sicut
1492 3670 1607 3725 lttdi
1640 3672 1691 3725 id
1734 3672 1878 3740 quod
1909 3679 2117 3741 spectat

541 3766 609 3817 ad
653 3762 969 3826 Orientem;
1015 3770 1211 3830 estque
1257 3761 1343 3814 illa
1396 3776 1553 3816 secus
1601 3760 1834 3816 Meroem
1883 3760 2117 3834 Egypto

543 3854 855 3925 conjuncta,
894 3861 949 3907 et
980 3853 1047 3907 ad
1086 3855 1359 3908 desertam
1394 3853 1579 3925 Libya;
1603 3865 1811 3923 partem
1840 3866 2114 3924 porrecta,

545 3949 681 4002 mari
720 3948 1063 4013 terminatur,
1084 3948 1227 4016 quod
1250 3946 1524 4003 Oceanum
1559 3959 1730 4016 poeta:
1760 3958 1976 4015 vocant,
2010 3963 2118 4003 uno

542 4040 841 4109 eodemque
866 4040 1088 4095 nomine
1120 4050 1292 4095 totum
1334 4040 1477 4109 quod
1506 4051 1706 4094 terram
1740 4041 1931 4105 ambit,
1967 4055 2116 4095 mare

546 4144 939 4200 nuncupantes.
984 4130 1229 4184 Fluvium
1284 4140 1463 4185 autem
1506 4129 1683 4184 Nilum
1732 4128 1969 4201 Egypto
2016 4132 2116 4184 tri-

544 4225 738 4278 buunt.
769 4223 869 4290 Qui
893 4238 956 4277 ex
996 4224 1295 4293 Catadupis
1317 4224 1527 4277 initium
1551 4238 1773 4277 sumens
1800 4223 2115 4293 IEgyptum,

543 4329 708 4385 quam
742 4315 1049 4369 universam
1077 4314 1326 4379 inundat,
1362 4314 1415 4367 in
1449 4311 1785 4383 Ethiopiam
1812 4312 1980 4367 ducit.
2007 4311 2118 4366 Ma-

542 4407 827 4475 gnitudine
852 4408 1067 4477 quidem
1098 4406 1264 4462 ludia:
1292 4422 1401 4461 non
1437 4406 1763 4461 conferenda
1790 4416 1874 4460 est
1896 4404 2117 4461 AEthio~

543 4497 657 4567 pia,
680 4512 854 4568 neque
874 4498 977 4552 ulla
1004 4497 1107 4551 alia
1131 4497 1460 4553 continentis
1482 4511 1626 4565 pars,
1664 4511 1783 4565 quae
1810 4497 2116 4552 hominibus

2223 3418 2285 3455 τε
2315 3403 2408 3455 ἐπὶ
2447 3401 2722 3455 θάλασσαν
2753 3400 2863 3472 πῦρ
2890 3399 3088 3472 ἀθρόον
3113 3401 3183 3465 ³⁸,
3218 3400 3446 3464 ἐκϐολὰς
3479 3399 3806 3471 ποιούμενον

2223 3487 2336 3546 οἷαι
2367 3491 2475 3544 τῶν
2503 3492 2765 3562 ποταμῶν
2794 3495 2954 3546 εἰσιν.

2296 3584 2552 3639 Αἰθιοπία
2582 3585 2628 3616 ³⁷
2664 3585 2766 3655 τῆς
2813 3587 2913 3655 μὲν
2957 3585 3061 3639 ὑπὸ
3087 3585 3223 3657 ἡλίῳ
3274 3586 3455 3655 πάσης
3508 3584 3700 3655 ἐπέχει
3747 3584 3808 3638 ce

2224 3675 2479 3746 ἑσπέριον
2510 3676 2697 3748 κέρας,
2731 3676 2918 3749 ὥσπερ
2952 3676 3105 3731 Ἰνδοὶ
3143 3677 3191 3709 ³ο
3226 3677 3287 3730 τὸ
3326 3679 3462 3748 πρὸς
3501 3677 3613 3730 ἕω·
3666 3676 3807 3731 κατὰ

2224 3768 2446 3837 Μερόην
2496 3768 2552 3821 δὲ
2604 3769 2867 3838 Αἰγύπτῳ
2916 3768 3294 3834 ξυνάπτουσα,
3324 3770 3418 3822 καί
3448 3786 3500 3821 τι
3558 3770 3658 3822 καὶ
3707 3768 3807 3837 τῆς

2224 3857 2546 3928 ἀμαρτύρου
2571 3858 2779 3929 Λιϐύης
2808 3858 3136 3923 ἐπελθοῦσα,
3157 3859 3380 3930 τελευτᾷ
3406 3861 3484 3922 εἰς
3506 3858 3805 3923 θάλασσαν,

2224 3950 2291 4021 ἢν
2320 3951 2573 4004 Ὠκεανὸν
2601 3954 2650 4005 οί
2696 3953 2918 4023 ποιηταὶ⁸
2965 3952 3211 4018 καλοῦσι,
3242 3952 3305 4005 τὸ
3340 3953 3468 4022 περὶ
3505 3953 3614 4022 γῆν
3663 3952 3807 4005 ἅπαν

2223 4037 2328 4097 ὦδε
2386 4043 2836 4114 ἐπονομάζοντες.
2882 4045 3137 4114 Ποταμὸν
3196 4044 3253 4098 δὲ
3298 4044 3490 4096 Νεῖλον
3543 4044 3807 4113 Αίγύπτῳ

2221 4136 2459 4203 δίδωσιν,
2509 4135 2568 4199 δς
2618 4136 2683 4188 ὲκ
2716 4135 3086 4189 Καταδούπων
3142 4135 3467 4206 ἀρχόμενος,
3498 4137 3565 4206 ἥν
3599 4137 3649 4169 ³⁵
3692 4139 3809 4190 ὲπιο

2223 4227 2416 4291 πλύζει
2444 4230 2625 4281 πᾶσαν
2640 4229 2921 4296 Αἴγυπτον
2949 4227 3045 4281 ἀπ’
3068 4228 3343 4283 Αίθιόπων
3381 4229 3522 4296 ἄγει.
3560 4228 3807 4296 Μέγεθος

2227 4317 2326 4388 μὲν
2356 4313 2450 4371 οὖν
2488 4318 2589 4371 οὐκ
2620 4318 2748 4384 ἀξία
2793 4317 3245 4389 παραόεσλῆσθαι
3293 4319 3429 4389 πρὸς
3473 4318 3671 4382 Ἰνδοὺς
3710 4319 3805 4389 ἥδε

2221 4411 2259 4481 ἡ
2283 4408 2454 4480 χώρα,
2483 4410 2567 4463 ὅτι
2600 4410 2722 4481 μηδ’
2752 4410 2885 4482 ἄλλη
2922 4411 3179 4483 μηδεμία,
3203 4412 3395 4465 ὁπόσαι
3430 4414 3571 4465 κατά
3595 4413 3807 4485 ἀνθρώ-

2224 4520 2357 4565 πους
2382 4503 2679 4571 ὀνομαοταὶ
2695 4504 2739 4535 ⁸⁸
2761 4505 2999 4575 ἤπειροι.
3030 4505 3091 4556 Ei
3125 4504 3180 4556 δὲ
3206 4505 3298 4558 καὶ
3323 4505 3505 4558 πᾶσαν
3530 4508 3807 4573 Αἴγυπτον

545 4598 669 4643 nota
699 4589 791 4643 sit.
819 4587 971 4654 Quod
996 4588 1041 4642 si
1077 4599 1245 4642 totam
1266 4586 1561 4658 Egyptum
1581 4585 1873 4655 (Etltiopite
1893 4586 2115 4654 adjicia-

2226 4591 2485 4662 Λίθιοπίᾳ
2528 4592 2932 4663 ξυμδάλλοιμεν
2955 4593 3023 4657 δί,
3054 4594 3201 4646 τουτὶ
3246 4592 3304 4646 δὲ
3346 4592 3613 4664 ἡγώμεθα
3631 4595 3679 4626 ⁸⁸
3714 4599 3808 4649 καὶ

544 4698 664 4739 mus
690 4682 766 4756 (id
787 4685 930 4738 enim
955 4683 1137 4739 facere
1158 4683 1381 4738 ﬂuvium
1399 4683 1775 4753 arbitramur),
1798 4698 1908 4737 non
1934 4694 2112 4738 tamen

550 4776 725 4832 amba
750 4776 1055 4847 conjuncta:
1084 4775 1512 4845 magnitudinem
1543 4773 1705 4828 ludite
1731 4776 2115 4843 adaquabunt.

542 4867 600 4923 ln
636 4881 867 4940 utraque
894 4884 1027 4925 vero
1060 4867 1209 4923 ﬂuvii
1232 4877 1361 4923 sunt
1384 4867 1525 4921 inter
1557 4881 1617 4921 se
1641 4864 1845 4921 similes
1870 4866 2033 4921 Indus
2061 4876 2117 4922 et

541 4962 716 5015 Nilus.
735 4960 908 5018 Ambo
939 4962 1309 5016 continentem
1335 4957 1602 5013 oblimant
1621 4957 1830 5012 aastatis
1852 4966 2115 5027 tempore,

539 5068 663 5106 cum
695 5054 931 5108 maxime
952 5052 1003 5107 id
1031 5060 1173 5106 terra
1196 5050 1423 5120 expetit,
1454 5049 1663 5119 solique
1684 5048 1969 5104 ﬂuviorum
1994 5066 2118 5104 cro-

542 5143 749 5198 cudilos
789 5145 1024 5199 educant
1064 5152 1121 5199 et
1171 5143 1609 5212 hippopotamos.
1654 5138 1946 5195 Terrarum
1986 5157 2120 5198 vero

541 5235 955 5289 similitudinem
988 5244 1255 5289 testantur
1283 5244 1528 5287 aromata
1580 5233 1871 5303 utrobique
1894 5248 2126 5289 nascen-

544 5330 644 5394 tia,
686 5328 871 5381 leones
891 5337 1150 5394 praeterea
1211 5336 1266 5381 et
1303 5324 1612 5395 elephanti,
1653 5325 1745 5394 qui
1793 5326 1845 5380 in
1896 5339 2125 5397 utraque

546 5418 690 5489 capti
745 5419 954 5473 servire
1007 5428 1293 5489 coguntur.
1348 5414 1563 5471 Praebet
1617 5415 1839 5485 in'super
1889 5428 2122 5487 utraque

2218 4685 2311 4739 τὸν
2332 4686 2576 4755 ποταμὸν
2609 4687 2894 4756 πράττειν,
2932 4684 3085 4739 οὔπω
3115 4685 3417 4757 ξύμμετροι
3438 4686 3484 4719 ⁸³
3517 4688 3659 4759 πρὸς
3706 4689 3808 4759 τὴν

2232 4779 2410 4834 Ἰνδῶν
2438 4780 2606 4851 ἄμφω
2636 4778 2995 4845 ξυντεθεῖσαι.
3031 4780 3276 4849 Ποταμοῖ
3304 4781 3361 4834 δὲ
3398 4782 3604 4852 ἀμφοῖν
3627 4782 3805 4852 ὅμοιοι

2220 4872 2567 4943 λογισαμένῳ
2611 4872 2678 4925 τὰ
2739 4871 2905 4925 Ἰνδοῦ
2953 4889 3013 4925 τε
3078 4871 3172 4926 καὶ
3222 4872 3440 4927 Νείλου.
3499 4873 3668 4945 [1015
3711 4874 3801 4946 8.]

2218 4962 2544 5032 Περαίνουσί
2583 4962 2627 4993 ⁸⁸
2656 4979 2713 5015 τε
2744 4962 2856 5033 γὰρ
2914 4963 3016 5024 τὰς
3073 4963 3337 5033 ἠπείρους
3369 4965 3427 5016 ιν
3474 4965 3596 5034 ὥρα
3625 4967 3802 5029 ἔτους,

2218 5055 2379 5107 ὁπότε
2425 5055 2552 5125 ήγῆ
2597 5056 2695 5125 ὲρᾷ
2717 5054 2930 5117 τούτου,
2988 5057 3248 5126 ποταμῶν
3291 5074 3352 5109 τε
3384 5056 3431 5089 ⁵⁸
3466 5057 3802 5126 παρέχονται

2225 5149 2375 5218 μόνοι
2403 5147 2494 5200 τὸν
2518 5147 2860 5218 κροκόδειλον
2891 5148 2985 5200 καὶ
3019 5148 3111 5201 τὸν
3151 5148 3343 5201 ἵππον.
3375 5147 3488 5217 Τὴν
3516 5147 3576 5199 δὲ
3612 5150 3800 5217 ὁμοιόο

2219 5254 2357 5307 τητα
2388 5236 2495 5291 τῶν
2544 5237 2790 5307 ἠπείρων
2816 5236 3127 5290 πιστούσθω
3152 5236 3252 5307 μὲν
3294 5238 3385 5289 καὶ
3423 5237 3491 5289 τὰ
3524 5241 3579 5289 ἐν
3608 5238 3800 5296 αὑταῖς

2220 5326 2514 5399 ἀρώματα,
2562 5326 2978 5380 πιστούσθωσαν
3007 5327 3055 5357 ⁸⁸
3081 5326 3138 5379 δὲ
3168 5325 3264 5379 καὶ
3303 5326 3352 5377 oi
3395 5326 3611 5386 λέοντες
3640 5323 3736 5376 καὶ
3772 5324 3801 5375 ὀ

2221 5420 2419 5488 ἐλέφας
2456 5420 2514 5473 ὲν
2546 5419 2783 5490 ἑκατέρᾳ
2834 5418 3191 5488 ἁλισκόμενός
3246 5434 3307 5470 τε
3351 5418 3446 5469 καὶ
3499 5415 3789 5470 δουλεύων.

1826 5504 2056 5561 νΑιιιΑε
2081 5505 2490 5567 LECTIONES.

645 5599 691 5633 "'
719 5592 830 5652 οἷαι
857 5598 982 5654 add.
1036 5598 1147 5652 AB.

542 5686 656 5726 om.
700 5668 817 5741 ΑΒ.
918 5668 969 5741 1⁸
992 5667 1106 5741 τίς]
1162 5683 1215 5733 v,
1422 5665 1466 5698 ³³⁵
1491 5665 1548 5719 δὲ
1606 5667 1701 5741 καὶ

1524 5610 1576 5662 v,
1626 5594 1715 5651 16.

1278 5595 1323 5667 1⁸
1349 5594 1453 5667 ὅτι]

1824 5684 1875 5737 ρ.
1907 5684 1966 5732 ς.

1849 5596 2265 5699 ﬁnitast:
2292 5615 2355 5699 εν

2131 5686 2269 5741 τυκη

3251 5596 3449 5661 αὐτοὺς
3488 5596 3556 5651 Δ.
3590 5665 3608 5669 _
3632 5598 3678 5630 ⁸²
3696 5597 3793 5669 δρη

2486 5601 2530 5632 ³⁸
2559 5600 2770 5654 τοιαυτὶ
2798 5601 2864 5655 Α.
2944 5600 2985 5633 ³¹
3010 5597 3199 5671 αὐτοῦ]

2302 5672 2416 5743 A.__
2459 5672 2535 5743 _“
2562 5671 2681 5743 πῦρ
2706 5671 2901 5741 ἀθρόον
2930 5686 3038 5743 om.
3072 5665 3218 5743 ᾼΒῘ⁸
3261 5670 3302 5701 ³⁷
3330 5665 3708 5743 ᾼέθιοπῑαὶνι,
3729 5665 3792 5723 ’1.

546 5743 592 5776 ³³
618 5737 1061 5821 Ἰνδοὶ-Αε,’1νδῷ
1094 5734 1183 5804 ’ς.
1234 5739 1299 5821 ιξ⁹
1314 5738 1397 5821 ,ἢν
1431 5752 1542 5791 om.
1590 5734 1697 5790 AB.
1741 5734 2161 5821 ,δδώνόμασται
2376 5740 2417 5771 ’δ’
2454 5734 2856 5821 ξυμϐάλλοιμεν
2930 5742 2974 5821 ξ’
3003 5739 3267 5821 ἡγιξηίεθα
3312 5739 3401 5793 AB
3437 5734 3792 5821 E‘Euti§i10t-

549 5828 651 5882 μεν
674 5841 745 5851 -
769 5809 1049 5882 ἡγούμεθα
1092 5827 1157 5882 νς.

553 5877 835 5936 Srhottus.
912 5877 955 5911 “
990 5897 1046 5934 τε
1074 5879 1196 5933 AB:
1223 5880 1277 5935 δὲ
1309 5877 1388 5941 ς.
1427 5877 1492 5911 τ’
1516 5877 1823 5931 πιστούσυω
1852 5894 1936 5948 pr.
1968 5879 2032 5933 Δ.

1232 5809 1278 5881 f‘
1310 5807 1609 5881 ξύμμετροι
1637 5837 1708 5881 —-_
1737 5807 2071 5881 ξυντεθεῖσαι
2112 5812 2154 5865 Α
2183 5829 2196 5866 :
2231 5807 2541 5881 ξύμμετρον
2565 5841 2635 5851 -
2664 5807 2899 5881 τοσαύτῃ
2932 5807 3243 5875 ξυντεθεῖσα
3276 5826 3336 5873 ς.

3442 5808 3486 5840 ⁸⁸
3514 5807 3788 5862 πιαίνουσι
