4104 6410
301 364 438 434 1233

1357 371 1881 431 BIBLIOTHECA.
1902 393 1973 405 -
2009 368 2174 431 COD.
2202 367 2440 429 CCXLI-

3417 360 3553 431 1234

298 479 567 533 Βόσκουσι
592 478 649 532 δέ
677 479 772 534 καὶ
807 479 974 552 θηρία
1011 473 1102 537 οἶα
1129 481 1228 552 οὐχ
1253 480 1506 551 ἑτέρωθι,
1537 482 1632 535 καὶ
1661 480 1876 551 ἀνθρώ-

1987 480 2144 546 feras,
2192 495 2313 551 quae
2346 477 2473 534 alibi
2511 490 2774 547 nusquam
2807 474 3180 546 reperiuntur,
3220 481 3277 529 et
3301 472 3552 530 homines

299 587 434 632 πους
463 570 722 639 μέλανας,
753 570 781 623 δ
813 571 888 640 μὴ
924 570 1079 625 ἄλλαι
1102 572 1322 643 ἤπειροι
1349 588 1363 603 ο
1403 574 1699 643 πυγμαίων
1729 591 1789 626 τε
1818 576 1877 628 ἐν

299 661 492 722 αὐταῖς
521 660 671 731 ἔθνη.
696 660 913 732 Γρῦπες
940 662 998 716 δὲ
1026 662 1203 717 Ἰνδῶν
1231 664 1326 717 καὶ
1369 664 1662 736 μύρμηκες
1691 664 1874 719 Αἰθιό-

299 768 439 814 πων,
472 753 520 805 εἰ
560 754 652 806 καὶ
680 753 926 823 ἀνόμοιοι
951 752 1050 824 τὴν
1083 752 1228 808 ἰδέαν
1262 755 1422 823 εἰσὶν,
1449 754 1564 810 ἀλλ’
1596 756 1762 826 δμοιά
1788 772 1876 825 γε,

298 845 375 907 ὥς
400 862 555 911 φασι,
586 846 897 916 βούλονται·
928 846 1131 919 χρυσοῦ
1154 846 1263 918 γάρ
1289 847 1529 917 φύλακες
1555 850 1613 899 ἐν
1642 847 1880 917 ἑκατέρᾳ

298 935 539 1006 ᾅδονται,
577 938 639 991 τὸ
663 940 976 1011 χρυσόγεων
1006 940 1114 992 τῶν
1134 940 1382 1011 ἠπείρων
1408 936 1804 1009 ἀσπαζόμενοι.

374 1108 651 1163 Αἰθιόπων
676 1110 720 1142 ’⁵⁷
747 1111 805 1164 δὲ
844 1112 940 1166 καὶ
985 1111 1299 1182 Αἰγυπτίων
1346 1114 1469 1183 ὅρια
1511 1113 1574 1165 τὸ
1607 1111 1882 1183 καλούμε-

302 1216 394 1251 νον
431 1201 771 1271 Συκάμινον⁸
815 1195 877 1256 οὗ
913 1203 1333 1275 παραγεγονότα
1386 1204 1477 1258 τὸν
1522 1204 1884 1259 Ἀπολλώνιον

305 1290 434 1364 [538
462 1291 553 1364 ﬂ.]
578 1294 762 1365 χρυσῷ
789 1311 849 1347 τε
871 1296 1071 1366 ἀσήμῳ
1092 1296 1257 1365 φησὶν
1282 1296 1527 1366 ἐντυχεῖν
1559 1296 1653 1350 καὶ
1682 1295 1815 1368 λίνῳ
1837 1296 1882 1329 ⁸³

302 1383 400 1435 καὶ
463 1383 717 1453 ἐλέφαντι
756 1385 853 1441 καὶ
894 1385 1079 1456 ῥίζαις
1122 1386 1216 1440 καὶ
1266 1384 1425 1457 μύρῳ
1452 1385 1549 1440 καὶ
1599 1384 1880 1458 ἀρώμασι,

303 1475 522 1529 κεῖσθαι
575 1476 632 1529 δὲ
664 1477 844 1532 πάντα
891 1477 1179 1547 ἀφύλακτα
1228 1480 1285 1533 ἐν
1332 1479 1437 1550 ὀδῷ
1466 1484 1677 1552 σχιστῇ.
1715 1480 1783 1534 Ἦ
1826 1480 1885 1534 δὲ

304 1568 457 1621 αἰτία
482 1567 621 1638 αὕτη
649 1585 663 1599 ·
698 1570 904 1641 ἀγορὰν
922 1570 1178 1634 Αἰθίοπες
1207 1571 1512 1640 ἀπάγουσιν
1531 1565 1605 1626 ὧν
1628 1571 1886 1627 Αἰθιοπία

303 1656 552 1710 δίδωσιν·
594 1659 643 1711 οἰ
686 1658 744 1711 δέ
803 1658 1121 1730 ἀνελόμενοι
1173 1662 1355 1715 πᾶσαν
1393 1661 1762 1732 ξυμφέρουσιν
1803 1661 1885 1726 είς

301 1745 396 1799 τὸν
435 1748 597 1801 αὑτὸν
668 1749 842 1821 χῶρον
908 1751 1117 1822 ἀγορὰν
1167 1753 1471 1821 Αἰγυπτίαν
1536 1752 1651 1807 ῐσου
1706 1752 1883 1821 ἀξίαν,

302 1835 603 1906 ὠνούμενοι
644 1840 752 1893 τῶν
794 1842 977 1905 αὐτοῖς
1006 1842 1175 1896 όντων
1206 1844 1272 1897 τὰ
1315 1844 1415 1897 οὐκ
1447 1844 1597 1898 ὅντα.
1622 1846 1685 1899 Οἰ
1720 1844 1778 1899 δὲ
1809 1845 1880 1900 τὰ
1911 1831 1958 1892 Β

302 1929 430 1999 ὅρια
458 1930 566 1984 τῶν
588 1933 831 2005 ἠπείρων
858 1935 1136 1998 οἰκοῦντες
1159 1934 1312 1989 οΰπω
1337 1937 1585 2007 μέλανες,
1615 1936 1731 1990 ἀλλ’
1756 1938 1885 2009 ὁμό-

304 2021 463 2090 φυλοι
490 2025 550 2077 τὸ
576 2026 806 2096 χρῶμα·
850 2027 1195 2097 μελαίνονται
1218 2029 1326 2102 γὰρ
1357 2030 1407 2083 οἰ
1440 2028 1539 2101 μὲν
1575 2023 1739 2102 ἦττον
1784 2030 1885 2085 Αἰ·-

304 2112 535 2182 θιόπων,
569 2118 618 2170 οἰ
649 2118 704 2171 δὲ
732 2119 933 2191 μᾶλλον
956 2120 1294 2191 Αἰγυπτίων.

388 2411 676 2467 Ἐντεῢθέν
702 2413 748 2447 ⁸ο
791 2432 925 2487 φησι
978 2416 1070 2471 τὸν
1136 2417 1492 2473 Ἀπολλώνιον
1541 2424 1742 2492 χωρεῖν
1790 2422 1886 2477 ἐπὶ

300 2500 583 2569 Μένωνος,
619 2505 871 2574 ἡγεῖσθαι
903 2506 961 2561 δὲ
1010 2508 1193 2571 αὐτοῖς
1246 2510 1531 2580 μειράκιον
1563 2512 1881 2581 Αἰγύπτιον,

302 2591 589 2663 Τιμασίων
633 2596 680 2628 ³⁸
739 2598 928 2667 ὄνομα.
985 2601 1187 2665 Κακῶς
1249 2602 1306 2655 δέ
1356 2619 1491 2673 φησι
1540 2605 1885 2675 πεπραχέναι

319 2684 677 2742 ’Δπολλώνιον
727 2690 1058 2757 ἀφικόμενον
1102 2692 1143 2724 ³³
1201 2695 1259 2757 ἐς
1294 2696 1417 2757 τοὺς
1462 2695 1570 2749 τῶν
1609 2695 1884 2752 Αἰθιόπων

304 2778 570 2847 γυμνοὺς,
611 2781 706 2834 καὶ
737 2782 835 2853 οὐχ
869 2785 1027 2853 ὅμοια
1062 2778 1138 2838 ὧν
1173 2785 1422 2856 ἐξενίσθη
1453 2786 1607 2857 παρὰ
1638 2790 1750 2851 τοῖς
1776 2786 1886 2841 τῶν

319 2868 496 2923 Ἰνδῶν
521 2872 831 2943 Βραχμᾶσι.
860 2876 932 2928 Τὸ
952 2877 1008 2930 δέ
1036 2877 1231 2941 αἴτιον,
1262 2881 1445 2948 φησὶν,
1479 2879 1561 2932 ὅτι
1587 2879 1884 2950 Εὐφράτης

304 2978 393 3026 τις
427 2964 738 3036 φιλοσοφεῖν
789 2969 1127 3039 ἐπιτηδεύων
1177 2970 1273 3025 καὶ
1306 2972 1384 3034 εἰς
1416 2970 1679 3042 διαφορὰν
1714 2971 1885 3026 ἐλθὼν

320 3056 699 3131 Ἀπολλωνίῳ,
754 3058 855 3125 τάς
914 3063 1082 3126 ἀκοὰς
1131 3062 1242 3116 τῶν
1294 3063 1519 3134 γυμνῶν
1582 3066 1705 3127 ταῖς
1744 3064 1888 3118 κατά

323 3147 683 3258 Ἀπολλωνίου
713 3152 1110 3225 προκατασχὼν
1138 3155 1435 3220 διαϐολαῖς,
1464 3155 1651 3220 κακῶς
1687 3157 1887 3220 αὐτοὺς
1911 3195 1957 3258 C

310 3240 450 3311 πρὸς
474 3243 638 3297 αὑτὸν
658 3243 965 3298 διακεῖσθαι
992 3246 1398 3318 παρεσκεύασε.
1425 3246 1612 3319 Πολλῷ
1630 3248 1687 3301 δέ
1710 3248 1890 3318 κρείτ-

310 3349 439 3394 τους
468 3334 561 3388 ἐπὶ
601 3334 764 3408 σοφίᾳ
792 3352 852 3389 τε
884 3338 978 3391 καὶ
1014 3339 1127 3401 τοῖς
1156 3338 1338 3401 ἄλλοις
1367 3339 1494 3403 τοὺς
1520 3338 1674 3411 παρά
1707 3338 1890 3401 Ἰνδοῖς

313 3425 642 3497 Βραχμᾶνας
680 3427 790 3481 τῶν
820 3427 972 3499 παρά
1002 3429 1220 3499 Αἰθίοψι
1250 3430 1475 3501 γυμνῶν
1503 3431 1885 3501 ἀποφαίνεται.

311 3518 497 3569 υἰκεῖν
525 3517 581 3569 δὲ
610 3519 738 3582 τοὺς
787 3521 1030 3590 γυμνοὺς
1060 3521 1382 3593 ὑπαιθρίους
1412 3524 1546 3595 φησί
1582 3524 1628 3555 ⁵³
1665 3524 1760 3577 καὶ
1786 3523 1892 3578 ὑπὸ

311 3606 390 3677 τῷ
423 3606 638 3679 ούρανῷ
664 3609 834 3680 αὐτῷ,
879 3609 971 3663 ἐπί
1004 3628 1147 3674 τινος
1178 3611 1237 3666 δὲ
1268 3612 1508 3681 γηλόφου
1544 3612 1887 3682 ξυμμέτρου,

1979 574 2164 643 nigros
2207 572 2324 628 alia}
2364 570 2522 627 nulla:
2560 567 2888 624 continentis
2930 575 3113 635 partes
3146 564 3361 629 lerunt,
3406 568 3547 620 etin

1979 664 2047 720 iis
2095 664 2463 736 Pygmaeorum
2513 660 2684 716 natio.
2738 660 2989 714 Indorum
3040 671 3171 713 vero
3214 658 3447 727 gryphes
3497 664 3553 711 et

1980 756 2295 828 IEtbiopum
2325 757 2587 819 formicae,
2619 766 2930 824 quanquam
2959 751 3067 806 sint
3096 750 3268 804 forma
3295 750 3539 804 dissimi-

1981 850 2078 915 les,
2116 851 2305 904 eadem
2337 858 2513 902 tamen
2543 861 2704 917 agere
2741 845 2984 900 Student.
3025 842 3159 896 Nam
3184 857 3371 896 aurum
3405 850 3556 895 utro-

1981 940 2145 1010 bique
2178 940 2456 995 custodire
2494 938 2872 1010 perhibentur,
2915 945 2970 991 et
3014 943 3219 990 terram
3261 933 3551 987 auriferam

2074 1044 2186 1084 are.

1980 1044 2012 1085 a
2074 1044 2186 1084 are.

2019 1046 2190 1177 mCum
2223 1134 2289 1176 eo
2313 1118 2549 1174 venisset
2575 1115 2894 1185 Apollonius
2917 1115 3005 1171 ubi
3045 1114 3312 1184 Egyptus
3337 1113 3556 1169 IEtbio-

1983 1214 2180 1284 piaque
2211 1211 2535 1266 terminatur
2567 1208 2941 1281 (Sycaminum
2977 1217 3155 1262 autem
3189 1207 3276 1260 illa
3306 1204 3552 1275 vocant),

1984 1319 2174 1361 aurum
2205 1318 2309 1359 non
2340 1303 2609 1372 signatum
2634 1301 2862 1356 invenit.
2884 1299 3079 1355 Linum
3110 1307 3365 1368 praeterea
3392 1308 3555 1368 atque

1984 1401 2138 1462 ebur,
2170 1404 2226 1450 et
2254 1394 2463 1450 radices
2492 1393 2672 1448 varias
2698 1409 2714 1449 :
2747 1400 3077 1463 unguentum
3111 1392 3351 1459 insuper,
3387 1399 3441 1445 et
3473 1390 3556 1444 di-

1983 1503 2265 1545 versorum
2311 1501 2570 1556 generum
2614 1495 2879 1539 aromata.
2923 1480 3113 1538 Omnia
3152 1490 3329 1535 autem
3372 1481 3424 1535 in
3467 1482 3551 1535 via

1985 1589 2131 1635 secta
2164 1577 2281 1633 sine
2302 1576 2525 1631 custode
2547 1574 2746 1643 passim
2771 1572 3049 1641 iacebant.
3078 1571 3200 1625 Haec
3234 1584 3365 1624 vero
3390 1583 3556 1624 causa

1985 1679 2068 1729 est
2093 1688 2107 1725 :
2137 1683 2343 1725 merces
2377 1668 2643 1723 invehunt
2680 1664 2995 1735 Ethiopes,
3036 1678 3155 1733 quae
3184 1663 3237 1717 in
3278 1661 3556 1730 Ethiopia

1989 1762 2350 1833 proveniunt;
2377 1760 2621 1832 Egyptii
2654 1774 2781 1815 vero
2814 1772 2909 1813 eas
2942 1772 3130 1813 omnes
3162 1771 3284 1811 cum
3319 1755 3556 1812 sustule-

1984 1856 2117 1923 rint,
2140 1854 2330 1911 eodem
2356 1861 2698 1921 comportant
2720 1866 2953 1907 mercem
2978 1848 3286 1920 IEgypliam
3335 1845 3557 1915 aequalis

1985 1948 2146 2019 pretii
2172 1965 2185 2001 :
2204 1947 2368 2002 rebus
2385 1946 2496 2002 suis
2520 1961 2582 2002 ea
2603 1945 2950 2007 redimentes,
2976 1941 3172 2012 quibus
3189 1947 3429 1993 careant.
3452 1936 3554 2002 Qui

1983 2056 2115 2099 vero
2136 2040 2433 2098 continenti
2460 2039 2753 2099 viciniores
2782 2038 3048 2102 habitant,
3076 2034 3308 2089 nondum
3339 2030 3503 2102 330
3522 2045 3556 2084 α

1985 2135 2145 2206 plane
2187 2132 2350 2203 nigri,
2398 2129 2584 2185 colore
2632 2145 2760 2185 vero
2809 2127 3041 2182 invicem
3092 2124 3449 2186 conveniunt,
3490 2118 3556 2175 ab

1987 2228 2108 2285 aliis
2124 2227 2346 2282 diversi.
2365 2224 2690 2297 Nigrescunt
2703 2236 2847 2277 enim
2872 2221 3050 2275 minus
3069 2234 3228 2291 quam
3249 2217 3555 2283 A'Stltiopes,

1985 2322 2146 2394 paulo
2172 2330 2351 2377 autem
2387 2320 2557 2389 magis
2582 2333 2739 2387 quam
2778 2314 3041 2386 Egyptii.

2058 2414 2260 2470 Deinde
2308 2412 2474 2467 refert
2517 2411 2856 2479 Apollonium
2912 2409 2967 2460 in
3007 2404 3308 2460 Memnonis
3355 2400 3557 2470 regiam

1988 2507 2318 2579 pervenisse.
2368 2504 2603 2558 Ducebat
2646 2517 2741 2556 eos
2788 2499 3107 2555 adolescens
3136 2495 3419 2565 .Egyptius
3458 2506 3558 2547 no-

1987 2601 2134 2655 mine
2156 2597 2404 2652 Timasii.
2437 2596 2573 2650 Male
2601 2602 2880 2662 acceptum
2910 2590 3042 2645 dicit
3061 2586 3404 2656 Apollonium
3434 2597 3561 2638 eun-

1989 2698 2095 2744 tem
2129 2687 2196 2743 ad
2229 2686 2713 2759 Gymnosopbistas
2756 2679 3107 2749 Etltiopum,
3147 2686 3201 2731 et
3244 2690 3349 2730 non
3393 2672 3556 2727 simili

1989 2782 2195 2836 honore
2216 2794 2321 2848 quo
2346 2779 2413 2832 ab
2437 2776 2688 2832 lndormn
2721 2770 3077 2828 Brachmanis
3103 2766 3329 2822 affectus
3356 2765 3554 2829 fuerat;

1987 2882 2042 2927 et
2068 2874 2169 2927 hac
2194 2872 2407 2940 quidem
2436 2869 2500 2921 de
2522 2882 2710 2929 causa,
2739 2865 3038 2931 Euphrates
3064 2859 3287 2930 quidam
3315 2854 3555 2926 philoso-

1988 2966 2146 3034 phus,
2202 2962 2514 3016 inimicitias
2567 2973 2690 3013 cum
2748 2953 3029 3023 Apollonio
3078 2964 3311 3020 gerens,
3357 2946 3557 3002 fatuam

1987 3053 2254 3122 Apollonii
2298 3053 2437 3121 apud
2481 3045 2970 3118 Gymnosopbistas
3021 3040 3309 3097 calumniis
3354 3038 3407 3093 in
3440 3052 3561 3091 eum

1982 3144 2144 3213 jactis
2171 3144 2441 3207 minuens,
2471 3140 2590 3195 illos
2617 3139 2670 3191 in
2702 3135 3040 3206 Apollonium
3063 3132 3338 3187 excitavit.
3384 3128 3553 3183 Multo

1996 3238 2359 3309 sapientiores
2378 3250 2499 3291 esse
2524 3233 2685 3288 Indos
2715 3230 3077 3285 Brachmanas
3099 3223 3567 3297 Gymnosophistis

1996 3330 2291 3400 Aithiopite
2332 3328 2489 3384 dixit.
2560 3323 2755 3379 Vivere
2793 3324 2870 3377 ait
2912 3321 3085 3376 nudos
3137 3318 3253 3373 illos
3302 3316 3403 3371 sub
3454 3315 3565 3380 dio,

1998 3424 2237 3480 incolere
2258 3428 2495 3476 montem
2524 3415 2740 3488 egregie
2767 3430 2797 3468 a
2820 3422 3013 3468 natura
3037 3411 3349 3472 formatum,
3375 3423 3566 3478 parum

1999 3530 2028 3570 a
2053 3514 2155 3569 Nili
2184 3512 2314 3583 ripis
2346 3512 2663 3567 distantem.
2695 3504 2829 3559 Mari
2860 3512 2915 3559 et
2947 3502 3066 3557 Nilo
3095 3500 3354 3570 navigans
3378 3497 3447 3554 ad
3474 3511 3569 3553 eos

1997 3607 2310 3679 Apollonius
2340 3603 2591 3661 accessit.

316 3676 512 3771 μίκρδν
544 3676 651 3752 ἀτέδ
697 3676 796 3768 τῆέ
848 3700 1015 3773 ὄχθης
1064 3701 1159 3756 τοῦ
1202 3676 1431 3760 Νείλου.⁷
1460 3676 1789 3776 ἐπὸιῆἐτατό
1833 3676 1890 3759 δέ
1928 3676 2209 3775 τὴν-πρὸς
2246 3699 2444 3762 αὐτοὺς
2495 3696 2614 3751 ὁδὸν
2655 3694 2685 3749 δ
2717 3693 2762 3725 ⁸³
2792 3686 3150 3750 Ἀπολλώνιος
3198 3676 3312 3739 ἀπὸ
3366 3681 3571 3738 θαλάσ-

313 3811 415 3864 σης
445 3791 539 3845 καὶ
562 3791 648 3844 διά
679 3791 770 3843 τοῦ
801 3790 1016 3845 Νείλου.

346 3916 349 3917 ν
387 3881 778 3954 Συνδιατρίψας
810 3881 857 3913 ⁸⁸
890 3882 946 3935 δὲ
972 3883 1059 3934 ἐπ’
1089 3882 1269 3952 ὀλίγον
1295 3885 1487 3954 χρόνον
1521 3886 1635 3949 τοῖς
1664 3886 1889 3955 γυμνοῖς

2065 3878 2238 3935 Parvo
2270 3883 2433 3946 .gttur
2463 3883 2705 3941 tempore
2726 3884 2847 3925 cum
2879 3866 3351 3939 Gymuosophistis
3376 3876 3570 3920 versa--

314 3975 410 4029 καὶ
448 3971 762 4043 προσειπὼν
804 3970 921 4042 ἅμα
948 3975 1062 4036 τοῖς
1096 3973 1194 4026 σὺν
1229 3972 1400 4044 αὐτῷ,
1443 3973 1770 4045 ἐπορεύοντο
1793 3973 1889 4045 τὴν

1989 3981 2079 4027 tus
2101 3979 2157 4026 et
2181 3969 2463 4038 disputans
2492 3979 2614 4019 eum
2646 3962 2836 4028 sociis,
2860 3958 3135 4031 profectus
3160 3968 3243 4013 est
3261 3958 3332 4012 ad
3358 3966 3570 4011 montes

314 4068 375 4130 ἐς
399 4066 469 4120 τὰ
520 4065 623 4138 δρη
672 4064 957 4118 τείνουσαν
1005 4066 1286 4136 ἀριστεροὶ
1337 4064 1432 4119 τοῦ
1482 4066 1713 4133 Νείλου,
1765 4066 1889 4121 τάδε

1990 4066 2079 4120 via
2106 4062 2328 4120 sinistra
2353 4057 2478 4114 Nili.
2514 4057 2644 4123 Quae
2681 4064 2861 4109 autem
2885 4052 2959 4108 ibi
2985 4052 3236 4106 viderunt
3266 4056 3570 4104 memoratu

312 4137 733 4230 όρῶντεςλόγου
757 4159 900 4225 ἄξια.
920 4160 984 4212 υἱ
1015 4159 1356 4214 Κατάδουποι
1380 4159 1558 4230 γεώδη
1574 4159 1698 4231 ὅρη,
1724 4176 1889 4230 παρα·

1994 4156 2154 4227 digna
2178 4160 2307 4207 sunt
2328 4150 2443 4205 hare
2472 4166 2486 4203 :
2518 4145 2795 4215 Catadupa
2823 4152 3036 4231 montes
3061 4148 3188 4194 sunt
3212 4138 3395 4203 terrei,
3421 4137 3570 4191 simi-

315 4217 542 4322 πλήσια-
568 4217 819 4321 τῷλυδῶ
834 4250 878 4283 ⁸⁸
905 4248 1151 4321 Τμώχῳ·
1201 4217 1515 4323 κατάρρους
1546 4217 1629 4304 ’δέ
1664 4217 1762 4305 ἀπ’
1795 4217 1889 4304 αὐ-

1993 4217 2081 4303 Ιθξ
2102 4244 2325 4310 Tmolo,
2360 4242 2456 4313 qui
2493 4241 2546 4295 in
2590 4239 2759 4311 Lydia
2793 4244 2911 4302 est,
2945 4217 3016 4290 al;
3040 4234 3172 4302 ipsis
3209 4240 3386 4284 autem
3420 4228 3571 4285 Niius

311 4346 423 4400 τῶν
453 4345 679 4417 φέρεται
711 4344 923 4410 Νεῖλος,
950 4343 1018 4415 ἢν
1059 4322 1357 4397 ἐπισπᾶται
1394 4344 1497 4414 γῆν
1526 4343 1696 4398 ποιῶν
1718 4344 1888 4413 Αἰγυ-

1997 4341 2234 4396 dellnens
2263 4352 2329 4393 ex
2356 4351 2419 4392 ea
2452 4349 2612 4403 quam
2644 4330 2827 4386 avellit
2855 4339 2999 4384 terra
3024 4325 3343 4396 gEgyptum
3377 4322 3573 4389 impiu-

312 4456 472 4493 πτον.
529 4439 594 4491 Ἦ
646 4438 704 4491 δὲ
753 4438 872 4509 ἠχὼ
903 4438 996 4493 τοῦ
1047 4439 1320 4509 ῥεύματος
1371 4436 1889 4509 καταῤῥηγνυμένου

1999 4439 2151 4500 guat.
2185 4427 2408 4482 Sonitus
2439 4431 2620 4478 autem
2648 4420 2908 4476 ﬂuctuum
2932 4434 2962 4473 e
2986 4417 3258 4470 montibus
3280 4426 3573 4480 erumpen-

309 4532 423 4586 τῶν
456 4531 620 4603 ὀρῶν,
647 4531 743 4585 καὶ
765 4504 924 4603 ᾧόφῳ
957 4504 1073 4602 ἅμα
1096 4504 1162 4594 ἐς.
1177 4531 1267 4583 τὸν
1294 4529 1485 4583 Νεῖλον
1505 4504 1889 4598 ἐδιπίπτοντος,

1998 4524 2133 4577 tium
2157 4529 2360 4575 etcum
2396 4516 2627 4585 strepitu
2661 4516 2713 4568 in
2748 4512 2926 4568 Nilum
2960 4509 3266 4564 cadentium
3304 4504 3573 4559 horrenda

314 4594 527 4696 χαλεπῆ
554 4594 700 4677 δοκεῖ
731 4594 826 4677 καὶ
850 4594 970 4678 ὀῖδκ
999 4594 1221 4697 ’ἀνεκτὴ
1253 4623 1482 4678 ἀκοῦσαι
1507 4638 1522 4653 ⁶
1563 4624 1657 4676 καὶ
1706 4594 1889 4677 πολλοί

1997 4614 2244 4685 quaedam
2283 4624 2390 4675 res,
2421 4618 2477 4663 et
2508 4609 2694 4661 auditu
2726 4602 3080 4659 intolerabilis
3113 4606 3357 4669 apparet,
3388 4594 3563 4649 multi-

313 4693 425 4769 τῶν
483 4693 673 4785 πρόσω
730 4713 826 4770 τοῦ
884 4716 1108 4786 μετρίου
1165 4693 1551 4787 προσελθόντες
1600 4713 1889 4781 ἀνέζευξαν

1999 4721 2105 4777 que
2130 4718 2299 4775 prope
2321 4702 2643 4756 accedentes
2668 4698 2780 4768 (94)
2818 4697 3058 4751 auditum
3087 4693 3407 4747 amiserunt.

315 4805 685 4868 ἀποϐαλόντες
706 4805 753 4836 ⁸⁸
780 4806 840 4859 τὸ
870 4807 1111 4860 ἀκούειν.

388 4898 637 4969 Προϊόντι
662 4898 706 4930 ⁸⁷
731 4897 789 4951 δὲ
822 4896 899 4969 τῷ
921 4896 1261 4967 Ἀπολλωνίῳ
1292 4897 1386 4950 καὶ
1419 4899 1529 4961 τοῖς
1560 4898 1697 4967 ἀμφ’
1730 4896 1892 4950 αὑτὸν

316 4990 515 5059 μαστοὶ
570 4988 712 5059 όρῶν
769 4988 1051 5058 ἐφαίνοντο
1107 4991 1478 5058 παρεχόμεναι
1535 4988 1758 5059 δένδρα,
1818 4982 1894 5042 ὧν

312 5081 572 5142 Αἰθίοπες
599 5081 669 5133 τά
725 5080 901 5148 φύλλα
935 5080 1029 5132 καὶ
1089 5080 1180 5132 τὸν
1211 5077 1392 5147 φλοιὸν
1420 5079 1514 5131 καὶ
1558 5078 1618 5131 τὸ
1661 5079 1893 5148 δάκρυον

316 5174 528 5243 καρπὸν
563 5170 844 5245 ἡγοῦνται.
889 5171 1107 5242 Ἐώρων
1128 5169 1185 5224 δέ
1215 5169 1309 5223 καὶ
1346 5169 1565 5233 λέοντας
1596 5168 1766 5239 ἀγχοῦ
1798 5169 1896 5239 τῆς

2070 4883 2386 4941 Procedenti
2418 4892 2597 4938 autem
2624 4879 2902 4951 Apollonio
2924 4878 3145 4947 ejusque
3171 4871 3461 4929 comitibus
3487 4880 3559 4927 tu

2002 4979 2130 5035 muli
2174 4986 2542 5049 apparuerunt
2580 4975 2804 5030 arbores
2843 4973 3116 5027 ferentes:
3150 4983 3378 5038 quorum
3423 4964 3549 5020 l‘olia

2000 5070 2374 5139 corticemque
2416 5078 2473 5123 et
2518 5068 2784 5138 lacrymas
2831 5066 2971 5119 inter
3015 5062 3219 5116 fructus
3262 5057 3576 5126 Ethiopum

2002 5171 2311 5219 numerant.
2354 5160 2614 5217 Viderunt
2652 5159 2816 5215 etiam
2852 5170 3012 5212 secus
3039 5155 3180 5210 viam
3210 5153 3416 5217 leones,
3443 5162 3559 5220 patr

1559 5343 1794 5400 VARUE
1836 5342 2245 5400 LECTIUNES.

391 5465 437 5545 f7
462 5462 862 5545 Athorrwvlvt,
886 5464 942 5545 ᾗ
1018 5462 1190 5545 δῆκαὶ
1218 5462 1483 5545 “xm-om.
1510 5462 1620 5545 ΑΒ.
1681 5464 1771 5545 “‘9
1807 5461 2079 5545 ἐντεῦθεν]
2108 5462 2269 5545 v1.3”.
2348 5463 2394 5494 ⁸ο
2414 5461 2683 5541 τιμασίιιὶν
2738 5459 2849 5514 Bel
2907 5472 3052 5512 corr.
3109 5452 3151 5507 A
3193 5466 3482 5545 :jtttaitgv
3509 5461 3574 5512 ς-

317 5534 367 5615 31
399 5520 812 5615 ἀφιπόμενρςςᾉ.
849 5520 862 5530 ’
890 5535 935 5566 ⁸²
964 5534 1100 5615 φασξ
1130 5551 1191 5599 ς.
1237 5520 1600 5615 ηξίόῖοηιηᾼ..
1679 5532 1724 5564 ³⁸
1756 5520 2278 5603 συνδιατρ.]⁴νι,’·25.
2353 5533 2400 5565 ³⁸
2426 5520 2501 5602 τῷ
2536 5531 2675 5601 λυδῷ
2703 5532 2741 5584 Β
2774 5540 2828 5585 et
2860 5544 3005 5583 corr.
3041 5529 3083 5580 Α
3122 5542 3134 5578 :
3162 5522 3271 5577 τῶν
3294 5520 3481 5576 Λυδῶν
3511 5534 3579 5583 ς.

318 5604 368 5641 ⁵⁸
399 5606 518 5660 libri
547 5601 988 5669 ἆποϐἀλλοντεςί
1054 5604 1100 5636 ⁸⁷
1131 5601 1395 5675 προῖόντι]
1419 5618 1493 5669 νι,
1524 5602 1612 5658 24.

1815 5718 2043 5774 NOTAS.

398 5813 512 5885 (Ἢ)
548 5810 696 5886 ,Ἲίαο
726 5814 810 5887 _de
839 5812 1149 5889 _Catadupis
1194 5813 1512 5871 Ciceronem
1566 5814 1616 5869 in
1671 5815 1892 5871 Somnio
1914 5802 2202 5883 'Scipiouis
2226 5852 2242 5877 ,
2271 5812 2363 5870 lib.
2403 5827 2453 5865 vt
2486 5810 2560 5866 De
2591 5809 2880 5883 republica,
