4104 6456
451 387 596 479 1235.

1594 390 1855 451 PHOTII
1894 392 2399 456 PATRIARCH/E
2429 398 2538 460 CP.

3581 397 3760 465 11236

457 505 674 569 theras,
721 508 777 557 et
815 499 950 557 alias
975 498 1285 572 hujusmodi
1334 500 1497 567 l‘eras,
1540 517 1771 572 quarum
1802 504 1947 558 nulla
1987 507 2040 557 in

2167 506 2266 560 »δοῦ
2292 510 2389 562 καὶ
2410 510 2708 581 παρδάλεις
2732 511 2826 566 καὶ
2849 510 3073 568 τοιαῦτα
3094 510 3257 583 θηρία
3280 527 3443 582 ετερα
3462 526 3478 543 ·
3502 511 3673 584 ἐπῄει
3696 510 3759 543 ⁸⁸

452 610 549 652 eos
580 595 841 666 impetum
868 592 1049 649 facere
1079 594 1326 659 tentavit,
1352 594 1445 650 sed
1472 603 1734 664 tanquam
1761 596 2041 652 hominum

2167 600 2203 652 ῑὲ
2226 601 2379 655 οὐδὲν
2425 604 2631 668 αὐτοῖς,
2672 604 2790 658 ἀλλ’
2822 605 3080 677 ἀπεπήδα
3128 604 3277 674 σφῶν
3317 602 3506 677 ὥσπερ
3560 607 3760 658 ἐκπε-

454 698 810 759 conspectum
846 695 1127 757 stupentes
1161 688 1511 757 praeteribant
1553 705 1567 741 :
1600 703 1792 743 cervos
1824 689 2046 756 insuper

457 793 513 836 et
535 796 787 852 capreas,
814 779 1263 850 struthionesque
1284 789 1339 835 et
1368 780 1559 836 asinos
1588 779 1870 835 silvestres
1892 795 2045 834 com-

456 872 664 942 plures,
697 880 753 927 et
781 870 1097 925 animalium
1138 874 1287 925 varia
1315 885 1546 940 genera,
1576 869 1719 925 inter
1744 885 1868 940 quae
1896 869 2048 925 fuere

458 964 736 1019 silvestres
781 964 947 1020 boves
982 974 1038 1019 et
1081 965 1421 1019 hircoboves.
1460 963 1597 1020 Sunt
1624 976 1804 1020 autem
1856 963 2048 1035 hujus-

461 1057 606 1113 modi
634 1056 935 1111 belluarum
979 1056 1098 1111 aliae
1142 1071 1207 1111 ex
1244 1070 1403 1111 cervo
1424 1055 1689 1125 hircoque
1715 1057 2047 1126 compositae,

463 1164 583 1218 qua:
628 1163 694 1203 ex
726 1148 956 1203 diversis
990 1149 1483 1204 denominationem
1518 1150 1741 1218 capiunt
1798 1148 2050 1202 animali-

462 1240 588 1297 bus.
639 1238 775 1295 Ossa
828 1240 1049 1311 insuper
1102 1241 1405 1310 bujusmodi
1451 1241 1687 1296 ferarum
1737 1250 1791 1295 et
1837 1255 2051 1295 semesa

464 1334 778 1388 earumdem
803 1334 1067 1388 cadavera
1095 1334 1437 1388 invenerunt.
1474 1332 1682 1388 Leones
1708 1334 1852 1388 enim
1878 1332 2053 1387 calida

462 1425 647 1494 praeda
695 1424 861 1480 semel
914 1424 1179 1491 saturati,
1241 1423 1437 1495 330i:
1507 1424 1767 1494 reliquias
1823 1423 2056 1493 amplius

469 1515 743 1586 attingere
765 1514 1146 1584 dedignantur,
1167 1516 1521 1583 confidentes,
1546 1526 1603 1572 ut
1623 1517 1835 1586 opinor,
1862 1531 2055 1572 novam

471 1621 664 1661 rursus
687 1622 746 1661 se
776 1608 1011 1672 praedam
1044 1622 1203 1677 posse
1227 1607 1439 1661 venari.

545 1697 657 1752 Illic
709 1696 993 1769 Ethiopes
1034 1699 1277 1754 habitant
1328 1699 1593 1754 Nomades
1641 1701 1917 1770 appellati,
1966 1701 2059 1771 qui

472 1788 723 1844 civitates
752 1788 805 1844 in
837 1791 1089 1845 curribus
1120 1792 1325 1862 positas
1362 1791 1583 1846 habent.
1619 1791 1855 1847 Proximi
1882 1805 2058 1848 autem

2148 692 2441 763 πληγμένα
2470 694 2598 759 τοὺς
2632 694 2977 769 ἀνθρώπους.
3006 697 3235 765 Ἐλαφοι
3268 697 3322 749 δὲ
3358 698 3450 751 καὶ
3470 696 3762 767 δορκάδες

2148 784 2245 838 καὶ
2272 786 2523 857 στρουθοὶ
2550 789 2642 841 καὶ
2676 789 2808 853 ὄνοι,
2831 788 3001 843 πολλά
3031 789 3131 857 μὲν
3162 789 3253 842 καὶ
3288 789 3463 842 ταῦτα
3499 790 3759 857 ἑωρᾶτο,

2149 877 2380 933 πλεῖστα
2406 880 2463 933 δὲ
2492 882 2541 934 οί
2568 882 2791 953 βόαγροί
2819 901 2877 935 τε
2910 882 3079 953 καὶεοί
3112 882 3429 954 βούτραγοιο
3459 878 3760 953 [10163.]

2153 969 2440 1039 σύγκειται
2470 973 2526 1026 δὲ
2557 975 2623 1027 τὰ
2650 974 2812 1045 θηρία
2852 973 3045 1039 ταῦτα,
3079 974 3140 1027 τὸ
3180 974 3279 1045 μὲν
3316 974 3513 1043 ἐλάφου
3546 992 3610 1026 τε
3642 974 3763 1026 καὶ

2149 1064 2379 1134 τράγου,
2407 1065 2468 1119 τὸ
2501 1066 2557 1119 δὲ
2604 1067 2696 1136 ἀφ’
2727 1060 2899 1139 οῦπερ
2940 1066 3041 1136 τὴν
3073 1067 3389 1137 ἐπωνυμίαν
3440 1065 3645 1138 εὕρηκε
3668 1065 3759 1118 ⁸⁸.

2154 1158 2266 1212 Καὶ
2304 1160 2484 1223 ὀστοῖς
2518 1160 2575 1213 δὲ
2601 1160 2807 1213 τούτων
2842 1160 3205 1231 ἐνετύγχανον
3245 1160 3342 1214 καὶ
3402 1158 3764 1230 ήμιϐρώτοις

2157 1246 2407 1318 σώμασιν
2429 1265 2443 1280 ·
2476 1249 2527 1303 oi
2553 1250 2660 1321 γάρ
2688 1250 2921 1316 λέοντες,
2948 1251 3166 1305 ἐπειδὰν
3202 1251 3409 1322 Θερμῆς
3440 1250 3537 1319 τῆς
3565 1249 3765 1320 Θήρας

2155 1340 2567 1412 ἐμφορηθῶσιν,
2618 1343 2975 1415 ἀτιμάζουσιν
3010 1344 3185 1415 αὐτῆς
3229 1345 3299 1398 τὰ
3351 1343 3611 1416 περιττὰ,
3647 1361 3761 1396 πι-

2159 1433 2464 1500 στεύοντες,
2485 1430 2661 1508 οἶμαι,
2692 1436 2754 1489 τὸ
2779 1435 2825 1468 ⁸⁸
2857 1436 2953 1493 καὶ
2984 1433 3140 1501 αὖθις
3173 1436 3450 1509 θηράσειν.

2245 1696 2511 1754 Ἐνταῦθα
2526 1700 2569 1732 ⁶¹
2602 1698 2861 1769 νομάδες
2890 1699 3137 1754 οἰκοῦσιν
3167 1699 3445 1764 Αἰθίοπες,
3478 1700 3562 1768 ἐφ’
3595 1698 3762 1769 ἀμα-

2167 1788 2274 1854 ξῶν
2322 1791 2716 1862 πεπολισμένοι
2743 1793 2809 1859 ⁸⁸,
2871 1794 2967 1846 καὶ
3012 1792 3240 1863 πλησίον
3277 1792 3483 1846 τούτων
3534 1794 3583 1844 οἱ
3616 1792 3762 1852 τοὺς

470 1880 581 1936 illis
608 1890 752 1949 sunt,
779 1882 868 1952 qui
898 1883 1213 1952 elephantes
1237 1894 1524 1948 venantur,
1552 1884 1780 1953 illosque
1812 1886 1865 1938 in
1885 1884 2056 1940 frusta

2167 1881 2463 1950 ἐλέφαντας
2508 1880 2822 1953 θηρῶντες’
2875 1880 3003 1954 [559
3054 1879 3149 1953 IL}
3195 1880 3635 1942 κατακόπτοντες
3688 1876 3765 1929 δὲ

470 1974 674 2031 divisos
733 1977 1005 2041 vendunt,
1046 1977 1190 2032 unde
1232 1992 1529 2047 cognomen
1573 1977 1752 2046 adepti
1795 1977 2060 2046 Elephan-

472 2067 687 2138 tophagi
752 2079 1034 2123 vocantur.
1098 2067 1437 2124 Nasamones
1487 2078 1543 2124 et
1588 2070 2055 2141 AnthropOpbagi,

469 2156 712 2229 Pygmaei
756 2174 972 2230 quoque
1001 2170 1056 2215 et
1084 2158 1408 2230 Sciapodes,
1457 2161 1532 2225 hi,
1586 2161 1838 2231 inquam,
1871 2178 2060 2219 omnes

470 2248 764 2318 Ethiopia
793 2260 980 2321 gentes
1004 2261 1165 2319 sunt,
1203 2254 1529 2321 perveniunt
1560 2263 1742 2307 autem
1788 2253 1853 2307 ad
1886 2255 2059 2309 Ocea-

468 2356 598 2397 num
648 2342 976 2414 Ethiopiaa,
1021 2359 1131 2415 quo
1172 2345 1346 2402 solum
1396 2346 1448 2402 vi
1504 2348 1846 2418 tempestatis
1894 2348 2059 2403 delati

471 2433 632 2490 inviti
675 2434 970 2505 trajiciunt.

540 2525 674 2582 Cum
713 2526 788 2580 illi
830 2528 896 2581 de
936 2527 1073 2584 feris
1117 2544 1253 2600 quas
1292 2531 1543 2587 viderant
1581 2531 1960 2601 loquerentur,
2006 2540 2063 2587 et

470 2625 722 2674 naturam
763 2618 1186 2686 admirarentur,
1219 2638 1339 2693 qua:
1377 2634 1483 2678 tam
1538 2625 1689 2679 varia
1734 2626 2062 2696 diversaque

471 2711 785 2768 animalium
836 2728 1033 2781 genera
1079 2717 1287 2783 pascit,
1348 2718 1557 2773 sonitus
1607 2718 1825 2787 quidam
1871 2732 2059 2773 eorum

471 2818 633 2859 aures
676 2805 979 2873 percussit,
1029 2816 1285 2877 tanquam
1330 2811 1533 2865 tonitru
1580 2814 1817 2866 nondum
1858 2812 2060 2867 invale-

472 2897 700 2962 scentis,
734 2898 827 2953 sed
862 2897 1041 2953 adhuc
1066 2899 1206 2953 intra
1236 2902 1395 2956 nubis
1419 2905 1813 2958 concavitatem
1844 2903 2059 2959 inclusi.

473 2985 612 3041 Tum
656 2986 930 3043 Timasion
962 3005 977 3044 :
1011 2989 1184 3059 Prope
1212 3001 1309 3053 est,
1344 2991 1539 3060 inquit,
1569 2996 1734 3060 oviri,
1764 3003 2058 3057 cataracta,

473 3095 593 3149 qua:
648 3081 1046 3136 ascendentibus
1112 3085 1320 3152 prima,
1373 3085 1804 3139 descendentibus
1869 3087 2063 3139 ultima

399 3162 407 3170 ’
476 3173 740 3238 occurrit,
791 3183 1020 3242 quatuor
1056 3176 1193 3228 enim
1228 3186 1373 3229 sunt.
1426 3176 1630 3231 Deinde
1673 3176 1847 3231 stadia
1895 3177 2063 3231 ferme

478 3262 663 3319 decem
690 3266 979 3335 progressi,
1010 3267 1256 3321 viderunt
1278 3266 1497 3322 fluvium
1525 3284 1589 3322 ex
1616 3279 1796 3324 monte
1818 3268 2058 3323 defluen-

481 3364 611 3421 tem,
638 3357 804 3413 nihilo
837 3358 1097 3426 majorem
1126 3374 1286 3430 quam
1322 3359 1537 3431 Marsya
1560 3363 1649 3424 sit,
1679 3373 1844 3431 atque
1871 3360 2069 3415 Maean-

480 3448 600 3514 der,
639 3450 726 3504 ubi
765 3450 997 3519 primum
1037 3452 1088 3505 in
1122 3468 1286 3506 unum
1322 3452 1637 3519 confluunt,
1674 3452 1901 3507 ulterius
1940 3466 2068 3507 vero

480 3553 884 3611 processerunt,
909 3559 1007 3599 nec
1036 3545 1174 3599 ullas
1195 3546 1431 3613 amplius
1457 3544 1599 3600 feras
1627 3546 1900 3601 videbant.
1933 3545 2067 3600 Nam

482 3647 607 3688 cum
639 3634 749 3688 sint
779 3643 972 3689 natura
1011 3635 1250 3705 pavidae,
1288 3636 1445 3704 juxta
1475 3637 1686 3706 quietas
1712 3653 1884 3706 aquas
1912 3638 2068 3693 habi-

482 3732 604 3781 tant
642 3728 843 3795 potius,
880 3743 1039 3798 quam
1063 3728 1217 3799 juxta
1247 3729 1597 3801 confragosas
1644 3740 1698 3785 et
1745 3732 2070 3802 obstrepen-

486 3825 589 3872 tes.
622 3816 750 3873 lnde
780 3830 902 3888 post
935 3821 1105 3873 stadia
1139 3819 1310 3875 ferme
1343 3822 1649 3890 quindecim
1693 3822 1850 3875 aliam
1885 3823 2071 3877 audie-

484 3917 614 3965 runt
667 3920 996 3966 cataractam
1049 3911 1318 3981 difficilem
1380 3930 1513 3969 sane
1568 3923 1624 3969 et
1680 3914 2072 3969 intolerabilem

484 4002 694 4067 auditu,
712 4012 765 4057 et
797 4017 916 4073 quae
936 4005 1167 4075 priorem
1194 4006 1354 4076 duplo
1382 4006 1552 4063 ferme
1568 4018 1852 4078 superaret
1877 4026 1889 4061 :
1910 4024 2072 4078 quam

486 4106 611 4145 cum
654 4107 721 4148 ex
754 4093 870 4149 loco
912 4095 1067 4165 longe
1108 4112 1269 4165 quam
1316 4098 1463 4167 prior
1509 4100 1703 4155 altiore
1746 4099 2072 4170 praecipitari

484 4185 713 4242 vidisset
737 4188 943 4253 Darnis,
973 4191 1201 4244 comites
1227 4190 1457 4260 aliquos,
1481 4201 1591 4245 tum
1617 4196 2071 4261 etiamjseipsum,

487 4277 565 4333 ita
611 4279 941 4348 stupefactos
979 4283 1202 4337 auribus
1247 4282 1447 4349 refert,
1496 4294 1555 4338 ut
1594 4300 1651 4339 se
1692 4286 1760 4339 ab
1793 4285 2075 4352 Apollonio

492 4380 857 4435 semoverent,
896 4386 1258 4443 rogaremque
1282 4390 1350 4428 ne
1376 4376 1605 4429 ulterius
1634 4379 2071 4446 progrederetur.

488 4460 689 4517 Verum
735 4465 827 4520 ille
873 4478 1190 4522 constanter
1234 4467 1355 4522 Nilo
1398 4471 1630 4538 quodam
1681 4472 2073 4538 nomine‘dun-

2159 1976 2356 2039 αὐτοὺς
2408 1976 2689 2031 ποιοῦνται
2734 1976 2964 2046 ἀγορὰν,
3007 1974 3129 2029 ὅθεν
3177 1973 3456 2043 ἐπώνυμοί
3504 1974 3612 2025 εἱσι
3646 1971 3765 2039 τῆς

2158 2068 2270 2123 τῶν
2301 2068 2609 2139 ἐλεφάντων
2638 2068 2913 2141 βρώσεως.
2964 2069 3301 2139 Νασαμῶνες
3328 2067 3371 2098 ⁸³
3407 2066 3461 2119 δὲ
3499 2067 3592 2118 καὶ
3626 2064 3765 2117 Ἀν-

2159 2162 2421 2231 δροφάγοι
2470 2162 2566 2216 καὶ
2606 2163 2878 2234 Πυγμαῖοι
2928 2165 3026 2218 καὶ
3079 2160 3411 2223 Σκιάποδες,
3455 2158 3582 2226 ἔθνη
3647 2156 3763 2225 μὲν

2161 2253 2435 2306 Αἰθιόπων
2467 2254 2563 2308 καὶ
2612 2254 2743 2320 οἵδε,
2803 2254 3112 2324 καθήκουσι
3159 2253 3215 2306 δὲ
3264 2254 3323 2316 ὲς
3373 2251 3464 2303 τὸν
3506 2248 3763 2304 Αἰθίοπα

2160 2345 2421 2411 ὠκεανὸν,
2472 2345 2532 2400 ὃν
2592 2346 2753 2416 μόνον
2783 2345 3103 2401 ὲσπλέουσιν
3154 2342 3544 2414 ἀπενεχθέντες
3581 2342 3759 2395 ἄκονο

2162 2455 2276 2502 τες.

2233 2530 2662 2602 Διαλεγομένους
2683 2530 2728 2562 ⁸⁸
2753 2529 2808 2584 δὲ
2839 2529 2979 2599 ὑπὲρ
3004 2528 3113 2583 τῶν
3135 2528 3339 2599 θηρίων
3367 2527 3494 2590 τοὺς
3522 2525 3766 2595 ἄνδρας,

2164 2624 2258 2678 καῖ⁹
2302 2622 2729 2693 φιλοσοφοῦντας
2779 2621 2923 2694 ὑπὲρ
2976 2621 3078 2690 τῆς
3124 2621 3342 2690 φύσεως
3394 2620 3520 2672 ἄλλο
3571 2617 3763 2678 ἄλλως

2166 2715 2491 2787 βοσκούσης,
2542 2717 2661 2786 ἠχὼ
2714 2715 3088 2785 προσέϐαλλεν
3147 2710 3259 2768 οἷον
3312 2712 3539 2785 βροντῆς
3593 2710 3764 2764 οὔπω

2167 2810 2409 2879 σκληρᾶς
2438 2808 2573 2861 ἀλλὰ
2605 2808 2792 2878 κοίλης
2848 2808 2928 2862 ἔτι
2976 2808 3073 2862 καὶ
3109 2808 3167 2860 ἐν
3203 2806 3281 2878 τῷ
3334 2809 3503 2874 νέφει.
3559 2807 3677 2858 Καὶ
3728 2805 3767 2857 ὁ

2165 2900 2450 2969 Τιμασίων
2475 2918 2490 2930 ’
2535 2899 2771 2970 Ἐτγὺς,
2817 2900 2942 2969 ἔφη,
2984 2901 3017 2953 ὀ
3071 2898 3483 2969 καταρῤάκτης
3522 2900 3554 2951 ό
3588 2894 3765 2964 πρῶ-

2165 3011 2269 3059 τος
2293 2992 2411 3063 μὲν
2438 2992 2754 3054 ἀνιόντων,
2782 2991 3044 3056 ὕστατος
3065 2988 3134 3043 δὲ
3160 2994 3509 3043 κατιόντων.·
3536 2988 3765 3040 Τέσσα-

2169 3102 2260 3157 ρες
2303 3085 2346 3138 δ’
2389 3084 2497 3156 ἄρα
2526 3084 2575 3136 oi
2618 3083 3023 3155 καταρράκται.
3083 3082 3279 3135 Στάδια
3320 3081 3376 3135 δὲ
3433 3081 3559 3143 ἴσως
3615 3096 3766 3150 προ-

2167 3176 2411 3238 ελθόντες
2451 3174 2585 3229 δέκα
2637 3174 2765 3227 ἰδεῖν
2828 3190 2960 3241 φασι
2992 3174 3237 3243 ποταμὸν
3269 3173 3609 3242 ὲκδιδόμενον
3662 3170 3767 3223 τοῦ

2170 3270 2349 3341 ὅρους,
2383 3268 2520 3339 μείω
2550 3266 2702 3321 οὐδὲν
2731 3267 2763 3336 ἢ
2798 3268 2856 3319 ὲν
2892 3265 3137 3335 πρώταις
3173 3265 3467 3335 συμϐολαῖς
3487 3266 3514 3317 ὁ
3540 3264 3769 3318 Μαίαν-

2171 3360 2315 3430 δρος.
2341 3357 2662 3428 Χωροῦντες
2686 3358 2731 3390 ”
2761 3357 2818 3411 δὲ
2843 3358 3030 3429 πρόσω
3057 3356 3223 3428 θηρία
3266 3357 3365 3428 μὲν
3401 3356 3582 3409 οὐκέτι
3616 3357 3768 3427 ὀρᾷν

2174 3450 2435 3521 (ψοφοδεᾶ
2471 3450 2580 3521 γὰρ
2617 3450 2778 3519 φύσει
2803 3451 2933 3504 ὄντα
2988 3451 3305 3521 προσοικεῖν
3352 3452 3463 3512 τοῖς
3501 3449 3768 3519 γαληνοῖς

2174 3541 2328 3595 ὕδασι
2367 3540 2570 3612 μᾶλλον
2621 3539 2654 3611 ἦ
2689 3543 2800 3604 τοῖς
2835 3540 3116 3610 ραγδαίοις
3145 3557 3205 3593 τε
3230 3541 3324 3592 καὶ
3357 3539 3611 3609 ὲνήχοις),
3635 3538 3767 3591 ἑτέ-

2179 3654 2272 3708 ρου
2303 3635 2359 3688 δὲ
2391 3634 2777 3705 καταρῤἀκτου
2798 3633 3032 3687 ἀκοῦσαι
3064 3632 3201 3703 μετά
3232 3632 3627 3689 πεντεκαίδεκά
3655 3650 3769 3686 που

2179 3728 2390 3790 στάδια,
2442 3723 2682 3796 χαλεποῦ
2727 3724 2828 3795 ἠδη
2880 3723 2975 3777 καὶ
3010 3725 3111 3776 οὐκ
3156 3721 3380 3777 ἀνεκτοῦ
3415 3721 3649 3775 ἀκοῦσαι
3678 3723 3769 3753 ⁸⁸·

2175 3819 2457 3874 διπλάσιον
2490 3817 2589 3888 μὲν
2620 3817 2728 3888 γὰρ
2772 3812 2911 3869 εἶναι
2942 3815 3105 3869 αὑτὸν
3133 3813 3227 3869 τοῦ
3276 3816 3570 3886 προτέρου,
3617 3814 3771 3886 ὀρῶν

2174 3912 2232 3966 δὲ
2269 3911 2618 3983 ὑψηλοτέρων
2641 3909 2949 3963 ἐκπίπτειν.
2982 3908 3205 3963 Ἑαυτὸν
3240 3908 3337 3978 μὲν
3375 3907 3468 3961 οῦν
3490 3908 3583 3961 καί
3612 3926 3768 3969 τινας

2175 4005 2285 4058 τῶν
2316 4004 2549 4074 ἑταίρων
2573 4002 2617 4034 ⁸⁷
2644 4000 2787 4055 οὕτω
2819 4018 2872 4054 τι
2902 4000 3314 4069 ὲγκτυπηθῆναι
3344 3999 3414 4053 τὰ
3442 3992 3559 4053 ὦτά
3597 4016 3772 4069 φησιν

2178 4097 2206 4149 ὁ
2241 4096 2435 4167 Δάμις,
2472 4093 2548 4163 ᾡς
2576 4092 2739 4156 αὐτός
2767 4090 2814 4124 ⁸⁸
2838 4109 2898 4144 τε
2938 4093 2982 4123 ⁸⁸
3023 4090 3316 4156 ἀναζεῦξαι
3341 4089 3434 4142 τοῦ
3470 4106 3528 4142 τε
3565 4089 3768 4141 Ἀπολ-

2178 4188 2372 4242 λωνίου
2404 4185 2611 4240 δεῖσθαι
2649 4182 2723 4255 μὴ
2756 4184 2943 4256 πρόσω
2968 4184 3187 4254 χωρεῖν.
3216 4182 3319 4235 Τὸν
3340 4183 3395 4234 δὲ
3431 4181 3770 4253 ἐρρωμένως

2179 4282 2273 4349 ξύν
2296 4299 2355 4334 τε
2378 4280 2453 4350 τῷ
2488 4278 2794 4350 Τιμασίωνι
2824 4278 2918 4329 καὶ
2946 4276 3119 4346 ἑτέρῳ
3162 4275 3268 4328 τινὶ
3309 4273 3548 4345 τοῦνομα
3587 4274 3769 4342 Νείλῳ

2178 4374 2273 4428 τοῦ
2329 4375 2513 4444 τρίτου
2573 4371 2956 4443 καταρῤάκτου
3020 4368 3267 4438 ἔχεσθαι,
3327 4367 3453 4437 περὶ
3518 4362 3580 4421 οῦ
3642 4368 3767 4419 τάδε

2180 4468 2511 4537 ἀπαγγεῖλαι
2566 4467 2792 4538 ἥκοντα.
2848 4462 3287 4533 Ἐπικρεμᾶσθαι
3320 4462 3419 4533 μὲν
3464 4461 3543 4532 τῷ
3588 4458 3768 4530 Νείλῳ

488 4562 661 4623 taxat,
698 4555 1119 4625 Timasioueque
1152 4560 1572 4626 comitantibus,
1615 4572 1901 4618 cataracta:
1960 4572 2062 4619 lcr-

2185 4560 2431 4632 κορυιρὰς
2460 4561 2577 4612 ἐκεῖ
2630 4557 2861 4612 σταδίων
2892 4556 3128 4625 μάλιστα
3173 4554 3317 4608 ὀκτὼ
3363 4553 3518 4623 {id/0;,
3563 4554 3662 4625 τὴν
3711 4552 3767 4605 δὲ

493 4647 582 4701 tiae
618 4651 1021 4719 propinquavit,
1054 4651 1177 4706 inde
1205 4653 1270 4705 ad
1296 4653 1475 4707 socios
1502 4669 1773 4719 reversus,
1805 4656 2062 4710 nuntiavit

2182 4653 2348 4723 ὄχθην
2383 4656 2484 4723 τὴν
2515 4648 2903 4720 ἀντικειμένην
2944 4650 3055 4711 τοῖς
3081 4648 3261 4717 ὄρεσιν
3301 4647 3475 4716 ὀφρῦν
3511 4641 3651 4699 εἶναι
3687 4645 3769 4698 λι-

492 4755 788 4809 suspensos
824 4742 933 4796 illic
977 4758 1099 4799 esse
1132 4744 1363 4799 vertices
1410 4743 1550 4809 Nili,
1594 4745 1879 4802 altitudine
1909 4747 2062 4801 form:

2183 4742 2442 4813 θοτομίας
2468 4741 2737 4811 ἀρρήτου,
2762 4739 2860 4802 τὰς
2896 4738 2952 4791 δὲ
2987 4737 3172 4809 πηγὰς
3206 4739 3772 4807 ἁποκρεμαννυμένας

494 4835 792 4889 stadiorum
843 4844 968 4892 octo
1000 4855 1014 4890 :
1066 4838 1236 4907 ripam
1274 4853 1405 4893 vero
1457 4854 1577 4909 qum
1605 4839 1877 4895 montibus
1915 4856 2062 4908 oppo

2178 4835 2287 4888 τῶν
2314 4834 2454 4904 ὀρῶν
2481 4832 2847 4904 ὑπερπίπτειν
2878 4833 2955 4896 εἰς
2985 4833 3083 4903 τὴν
3125 4831 3374 4902 πετρώδη
3404 4831 3594 4901 ὄχθην,
3638 4832 3771 4884 ἀνα·

494 4927 670 4993 nitur,
707 4929 1055 4997 supercilium
1108 4931 1308 4985 habere
1340 4930 1643 5001 lapicidinre
1679 4932 2077 4997 inenarrabilis,

497 5021 678 5076 fontes
704 5037 834 5077 vero
865 5037 930 5077 ex
968 5024 1244 5078 tnoutibus
1279 5025 1577 5094 pendentes
1610 5025 1861 5079 decidere
1893 5026 1943 5078 iu
1987 5041 2079 5092 pe-

499 5124 704 5167 trosam
749 5115 958 5183 ripam,
1002 5117 1125 5172 inde
1164 5118 1214 5171 in
1257 5116 1437 5170 Nilum
1476 5116 1687 5171 refundi
1725 5132 1917 5185 aquam
1950 5132 2079 5185 spn-

2178 4926 2390 4997 χεῖσθαι
2412 4925 2469 4978 δὲ
2508 4925 2718 4978 ἐκεῖθεν
2747 4928 2804 4988 ὲς
2830 4927 2921 4978 τὸν
2959 4924 3152 4978 Νεῖλον
3186 4924 3560 4994 κυμαινούσας
3588 4939 3648 4974 τε
3678 4923 3773 4976 καὶ

2184 5018 2407 5085 λευκὰς,
2458 5017 2527 5072 τὰ
2573 5018 2629 5071 δὲ
2676 5018 2821 5088 πάθη
2870 5018 2937 5071 τὰ
2988 5018 3117 5087 περὶ
3191 5017 3361 5079 αὑτὰς
3407 5014 3774 5086 ξυμϐαίνοντα

2187 5109 2657 5180 πολλαπλασίαςῆ
2698 5112 2754 5163 αἱ
2788 5111 3055 5181 πρότεραι
3096 5110 3283 5173 οῦσας,
3322 5111 3415 5162 καὶ
3459 5109 3560 5179 τὴν
3593 5107 3773 5177 πηδῶ-

497 5212 734 5260 montem
773 5214 828 5258 et
864 5216 1204 5260 aestuantem.
1249 5208 1567 5263 Accidentia
1616 5222 1783 5272 vero,
1813 5222 1932 5277 qua:
1964 5207 2062 5260 ἰιιᾱ‹

2184 5221 2282 5257 σαν
2320 5206 2383 5257 ἐκ
2420 5201 2627 5257 τούτων
2664 5201 2781 5272 ὴχὼ
2813 5205 2869 5266 ἐς
2918 5203 2984 5255 τά
3011 5203 3113 5274 ὅρη
3144 5202 3406 5272 δυσήκοον
3438 5198 3775 5271 ἒρτάζεσθαι

497 5294 749 5349 oriantur
800 5298 1119 5368 multiplicia
1169 5310 1328 5368 sunt,
1382 5300 1666 5369 magisque
1716 5301 1866 5354 varia
1921 5316 2062 5369 quau

2183 5296 2281 5367 τὴν
2310 5296 2558 5368 ἱστορίαν
2593 5295 2685 5350 τοῦ
2719 5296 3010 5365 ῥεύματος.
3045 5296 3155 5365 Τὴν
3196 5296 3252 5348 δὲ
3289 5294 3477 5365 πρόσω
3522 5292 3642 5347 ὁδὸν
3680 5292 3776 5361 τὴν

499 5402 622 5458 qua:
662 5389 712 5442 in
744 5388 864 5444 aliis
896 5392 1188 5447 cataractis
1213 5391 1489 5455 eveniunt,
1520 5400 1572 5445 et
1600 5391 1691 5463 qui
1722 5391 1832 5446 illic
1864 5406 1894 5445 c
1932 5407 2085 5451 mon:

2186 5390 2278 5441 ἐπὶ
2304 5388 2402 5453 τὰς
2440 5388 2668 5460 πρώτας
2712 5388 2893 5458 πηγὰς
2932 5389 3175 5458 ἄγουσαν
3219 5390 3423 5459 ἄπορον
3455 5387 3557 5457 μὲν
3597 5385 3776 5440 ἐλθεῖν

1784 5571 2011 5625 ΥΑίὶΙέΕ
2050 5571 2451 5628 LECTIONES.

567 5708 613 5740 ³³
637 5707 813 5783 εποίει
839 5726 879 5772 ς
952 5708 997 5741 ⁸³
1031 5709 1230 5783 εῦρηκε
1265 5711 1324 5771 Β,
1353 5713 1549 5783 ἤιρηκε
1578 5712 1652 5767 A:
1685 5712 1873 5779 εἴρηκε
1912 5729 1971 5775 ς.

502 5779 898 5851 πεπολιωμὲνοι
919 5797 979 5845 ς.
1056 5781 1100 5812 ⁵³
1145 5779 1518 5851 Νασσάμωνες
1554 5802 1611 5847 ς.

2085 5712 2129 5741 ⁸ο
2160 5708 2247 5781 τὸ]
2277 5711 2455 5764 malim
2484 5710 2581 5780 τῷ.

1714 5784 1757 5815 οδ
1788 5781 2017 5852 ὃια).εγ.]
2049 5796 2099 5833 Vl
2125 5822 2137 5843 ,
2167 5781 2256 5835 ‘26.
2362 5783 2405 5813 "
2438 5781 2615 5852 χωροῦ

2700 5710 2739 5741 ⁶¹
2770 5708 3023 5781 ἐνταῦθα]
3060 5726 3131 5781 vt,
3162 5708 3280 5781 2‘3._
3351 5706 3395 5781 ‘f
3432 5704 3520 5781 ἐπ’
3543 5703 3771 5781 ἁμαξῶν

2362 5783 2405 5813 ⁸⁵
2438 5774 2749 5853 χωροῦντας
2783 5798 2839 5847 ς.
2919 5782 2963 5821 ⁵⁸
2997 5774 3227 5845 ἀκοῦσαι
3257 5779 3338 5832 A:
3374 5774 3672 5832 ἀκούεσθαι
3706 5791 3769 5843 ς.

501 5847 549 5884 ⁸⁷
576 5847 806 5921 ἑταίρων
831 5866 974 5906 corr.
1008 5851 1085 5906 A:
1117 5852 1316 5924 ἑτέρων
1343 5847 1407 5918 ὲ.
1486 5856 1530 5893 ‘8
1556 5855 1715 5908 αὑτὸν
1749 5854 1805 5908 Β.
1885 5854 1928 5887 ’ν’
1951 5847 2017 5906 τε
2046 5852 2124 5906 Α;
2157 5868 2218 5920 γε
2248 5869 2307 5919 ς.
