4050 6392
212 332 348 406 1237

1254 344 1780 414 BIBLIOTHECA.
1818 378 1887 388 —
1921 354 2085 418 COD.
2119 356 2361 421 CCXLI.

3353 356 3492 427 1238

208 469 394 520 φασιν,
416 452 622 526 ἄπορον
648 453 705 509 δὲ
733 436 1109 528 ἐνθυμηθῆναι
1134 474 1150 489 ο
1177 458 1347 514 πολλὰ
1387 463 1499 534 γὰρ
1535 465 1647 534 καὶ,
1665 464 1796 538 περὶ

1917 466 2049 522 ibus
2088 478 2303 524 resonat
2342 468 2524 539 fragor
2551 470 2884 539 asperrimus
2911 479 3018 539 est,
3045 480 3099 527 et
3137 472 3484 527 inenarrabi-

203 544 479 616 δαιμόνων
526 547 768 620 ᾄδουσιν,
823 545 913 605 οἷα
962 550 1060 605 καὶ
1113 551 1365 625 Πινδάρῳ
1417 557 1560 611 κατὰ
1608 560 1801 627 σοφίαν

206 634 448 710 ὕμνηται
482 640 612 710 περὶ
660 639 755 694 τοῦ
784 640 1063 711 δαίμονος,
1088 642 1149 696 ὃν
1178 646 1297 707 ταῖς
1329 649 1536 717 πηγαῖς
1576 648 1797 714 ταύταις

204 729 495 803 ἐφίστησιν
518 732 565 763 τ⁰
593 732 735 803 ὑπὲρ
765 732 1111 805 ξυμμετρίας
1138 735 1233 789 τοῦ
1261 737 1478 791 Νείλου.

1908 559 2013 614 lem
2062 558 2167 616 Nili
2211 572 2390 617 ortum
2435 563 2629 619 reddit.
2676 563 2782 619 Iter
2818 565 2958 620 vero
2986 568 3129 635 quod
3176 566 3241 620 ad
3285 566 3492 634 primos

1908 652 2084 709 fontes
2143 654 2317 719 ducit,
2377 655 2703 724 perarduum
2741 663 2859 720 est,
2908 665 2962 711 et
3016 674 3119 713 non
3175 657 3348 711 solum
3406 672 3497 709 ac-

1901 757 2089 809 cessu,
2142 747 2341 817 331a
2388 747 2493 813 sedi
2532 748 2767 817 cogitatu
2822 748 3006 819 etiam]
3046 750 3281 804 difficile.
3332 726 3496 802 Μιιιιιῖ

202 822 373 876 etiam
415 826 481 880 de
523 825 859 880 daemonibus
894 825 1004 882 illic
1036 829 1435 896 1exsistentibus
1480 832 1801 900 prfedicant,
1844 836 2024 905 qualia
2048 839 2325 908 sapienter
2348 840 2401 893 in
2425 842 2541 897 suis
2576 842 2789 913 hymnis
2809 840 3079 897 Pindarus
3132 844 3198 897 de
3254 845 3498 897 (tantone

205 918 432 984 cecinit,
465 935 625 988 quem
665 920 973 988 hujusmodi
1008 924 1251 980 fontibus
1281 942 1515 994 praeesse
1545 929 1700 992 dixit,
1732 939 1791 985 ut
1829 930 2007 989 Nilum
2040 937 2436 993 moderaretur.

279 1014 407 1067 Ὀτι
432 1015 477 1046 τί
506 1017 832 1087 Δομετιανὸν
868 1035 999 1088 φησι
1039 1019 1130 1072 τὸν
1175 1019 1399 1091 βασιλέα
1434 1024 1794 1094 νομοθετῆσαι

205 1107 500 1177 εὐνούχους
526 1125 585 1160 τε
615 1108 690 1180 μὴ
723 1112 896 1169 ποιεῖν
939 1111 1034 1163 καὶ
1072 1112 1350 1180 ἀμπέλους
1393 1113 1467 1185 μὴ
1520 1114 1794 1183 φυτεύειν,

205 1198 347 1252 ἀλλὰ
375 1200 467 1252 καὶ
508 1199 609 1263 τὰς
638 1199 803 1265 ούσας
826 1203 1134 1273 ἐκτέμνειν.
1162 1204 1352 1258 Είπείν
1371 1204 1427 1258 δὲ
1461 1206 1599 1276 πρὸς
1626 1208 1802 1263 ταῦτα

204 1293 296 1344 τὶν
326 1291 687 1347 Ἀπολλώνιον
741 1295 818 1357 ὠς
849 1295 993 1365 Ἐγὼ
1038 1296 1155 1366 μὲν
1198 1298 1351 1362 ἴσως
1397 1298 1535 1352 οὔτε
1562 1300 1806 1357 αἰδοίων

205 1383 417 1455 δέομαι
456 1386 593 1440 οὔτε
621 1386 812 1452 οἴνου,
868 1388 1089 1456 λέληθε
1136 1389 1207 1443 δὲ
1254 1393 1286 1444 ὁ
1320 1392 1808 1460 θαυμασιώτατος

206 1476 331 1529 τῶν
350 1477 469 1546 μὲν
496 1477 823 1547 ἀνθρώπων
851 1480 1238 1551 φειδόμενος,
1286 1481 1402 1551 τὴν
1438 1481 1508 1536 δὲ
1545 1483 1662 1554 γῆν
1707 1488 1807 1540 εὐ-

209 1569 527 1639 νουχίζων.

1972 1029 2062 1084 Ait
2127 1032 2491 1087 Domitianum
2555 1034 2933 1102 imperatorem
2962 1032 3246 1097 'vetuisse,
3282 1048 3347 1085 ne
3374 1035 3498 1101 quis

1903 1129 2259 1186 castraretur,
2285 1139 2350 1177 ne
2378 1125 2514 1178 vites
2539 1125 2871 1193 plantcntur,
2908 1125 3002 1178 sed
3038 1140 3158 1192 quae
3186 1126 3294 1191 jam
3344 1127 3498 1193 plan-

1907 1216 2232 1267 tatae’essent
2255 1213 2418 1267 etiam
2453 1216 2921 1279 exscinderentur,
2953 1224 3005 1268 et
3055 1215 3394 1282 Apollonium
3428 1216 3496 1270 ad

1910 1302 2026 1356 haec
2059 1302 2300 1359 dixisse:
2337 1302 2479 1368 Quia
2526 1321 2619 1374 ego
2659 1306 2882 1375 forsitan
2911 1322 3001 1358 nec
3021 1306 3298 1375 pudendis,
3334 1323 3498 1375 neque

1909 1393 2029 1446 vino
2072 1393 2301 1462 indigeo.
2335 1394 2612 1463 Ignoravit
2646 1414 2767 1451 vero
2800 1400 2878 1450 vir
2922 1398 3268 1451 admirandus
3290 1438 3303 1464 ,
3327 1398 3499 1452 hami-

1912 1484 2064 1538 nibus
2100 1502 2152 1539 se
2173 1502 2411 1555 parcere,
2441 1498 2488 1541 et
2515 1498 2712 1543 terram
2743 1500 2994 1542 castrare.

282 1660 450 1733 [1017
478 1661 571 1734 R.]
592 1662 711 1717 Ὅτι
744 1664 801 1716 ἐν
832 1663 909 1735 τῷ
944 1663 987 1728 ζ’
1016 1664 1112 1718 καὶ
1144 1672 1193 1735 η’
1222 1664 1421 1738 λόγῳῖὸ
1440 1667 1802 1738 Φιλόστρατος

1982 1663 2347 1721 Philostratus
2408 1666 2545 1721 libro
2598 1655 2833 1737 septimo
2876 1676 2930 1723 et
2961 1678 3155 1723 octavo
3185 1667 3496 1724 libertatem

205 1752 307 1825 τὴν
338 1756 476 1826 πρὸς
492 1756 618 1817 τοὺς
638 1756 953 1826 τυράννους,
987 1758 1082 1811 καὶ
1114 1758 1349 1828 μάλιστα
1384 1760 1522 1831 πρὸς
1546 1763 1809 1833 Δομετια-

208 1847 320 1909 νδν,
360 1844 454 1897 τοῦ
494 1846 853 1901 Ἀπολλωνίου
888 1847 1202 1918 παρρησίαν
1229 1848 1565 1921 ἐξυμνήσας,
1604 1853 1699 1906 καὶ
1742 1855 1812 1906 εἰ-

212 1934 335 1987 πὼν
362 1935 511 1998 ὅπως
541 1952 598 1988 τε
628 1936 846 2006 ἐγράφη
880 1938 974 1990 καὶ
995 1938 1143 2000 ὅπως
1168 1938 1501 2010 αὐτόκλητος
1536 1941 1672 2010 πρὸς
1712 1941 1811 2013 τὴν

207 2026 368 2098 δίκη)
396 2026 550 2097 ἧκεν,
577 2026 725 2091 ὅπως
754 2045 813 2081 τε
841 2029 1077 2096 γέγονεν
1117 2030 1174 2081 ἐν
1214 2030 1259 2061 ⁷²
1300 2030 1521 2101 ἀδέσμῳ
1572 2035 1807 2105 φρουρᾷ,

208 2120 311 2173 καὶ
351 2120 501 2182 ὅπως
531 2120 756 2190 ὕστερον
799 2120 954 2192 ἐδέθη
990 2121 1082 2174 καὶ
1107 2120 1273 2191 ἐλύθη
1300 2122 1395 2176 καὶ
1428 2122 1811 2194 ἀπελογήσατο

208 2212 307 2265 καὶ
372 2212 466 2265 τοῦ
528 2212 883 2283 δικαστηρίου
934 2213 1169 2284 ἀπέστη,
1220 2213 1397 2268 ταῦτα
1462 2215 1655 2283 εἰπὼν,
1716 2218 1811 2273 καὶ

209 2303 461 2374 μαγικῆς
477 2306 638 2358 αὐτὸν
666 2304 794 2377 [540
819 2305 911 2377 IL]
947 2305 1055 2359 οὐδ’
1093 2306 1399 2361 ὁπωστιοῦν
1415 2307 1461 2339 ⁷³
1496 2310 1807 2379 μετασχεῖν,

207 2396 351 2450 ἀλλὰ
416 2397 513 2450 καὶ
549 2399 601 2451 ετ
650 2416 733 2462 τις
782 2398 942 2462 ἄλλος
995 2400 1367 2469 μυσάττεσθαι
1424 2400 1629 2473 ταύτην
1683 2401 1811 2456 ἀπιο

211 2490 640 2561 σχυρισάμενος,
676 2492 853 2546 καίτοι
892 2492 1062 2547 πολλὰ
1092 2493 1372 2564 τερατώδη
1414 2496 1644 2563 γράφων
1678 2494 1807 2565 περὶ

208 2581 404 2647 αὑτοῦ,
448 2583 540 2638 τὸν
586 2583 814 2639 θάνατον
858 2584 1050 2655 ἄδηλον
1079 2584 1175 2638 κα)¹
1202 2586 1522 2657 πολύφημον
1570 2587 1811 2656 ἀναγρά-

209 2692 302 2743 φει
338 2675 385 2706 ⁷⁸
419 2675 700 2742 γενέσθαι,
749 2675 916 2729 αὐτοῦ
964 2678 1174 2730 ἐκείνου
1218 2676 1376 2735 τοῦτο
1406 2679 1450 2709 ⁷⁵
1484 2678 1577 2734 καὶ
1608 2678 1809 2741 ζῶντος

207 2766 268 2818 ἐν
313 2765 514 2836 μελέτῃ
568 2767 917 2836 ποιουμένου.
970 2769 1108 2837 Φησὶ
1139 2768 1246 2839 γὰρ
1297 2769 1457 2822 αὑτὸν
1498 2770 1677 2837 λέγειν
1722 2770 1810 2822 ἀεὶ

206 2842 370 2911 Λάθὲ
397 2856 633 2925 βιώσας
661 2874 673 2888 ⁶
701 2858 827 2912 εἰδὲ
867 2858 962 2930 μὴ,
991 2859 1148 2913 Adde
1171 2860 1511 2916 ἀποθανών.
1558 2862 1809 2932 Ἀρεταῖς

209 2947 364 3016 λέγει
414 2948 775 3019 συνεζηκέναι
814 2951 907 3004 τὸν
954 2952 1144 3023 ἄνδρα,
1190 2954 1285 3006 καὶ
1343 2954 1443 3024 τὴν
1486 2954 1805 3025 Πυθαγόρου

206 3040 300 3094 διὰ
333 3040 451 3110 βίου
478 3042 673 3111 σοφίαν
707 3040 1063 3113 ἐζηλωκέναι.

282 3126 454 3197 Οὗτος
482 3134 526 3187 δ’
556 3136 583 3187 ὁ
610 3135 986 3206 ’Φιλόστρατος
1032 3137 1344 3209 ἀπαγγελίᾳ
1401 3138 1501 3208 μὲν
1540 3138 1807 3208 κέχρηται

208 3222 447 3293 γλυκείᾳ
486 3226 581 3277 καὶ
607 3226 975 3297 ποικιλωτάτη
1009 3227 1104 3279 καὶ
1144 3227 1355 3291 λέξεσιν
1391 3226 1807 3297 ἐμπρεπούσαις

207 3311 413 3382 φράσει
445 3311 692 3383 τοιαύτῃ,
721 3312 1006 3378 συντάξεσι
1051 3315 1234 3386 μέντοι
1264 3332 1327 3383 γε
1361 3314 1639 3378 τοιαύταις
1667 3316 1810 3378 οἵαις

207 3404 310 3457 οὐκ
332 3404 430 3475 κᾶν
486 3422 572 3468 τις
630 3404 788 3469 ἄλλος
818 3408 875 3469 ἐς
912 3407 976 3459 τὸ
1038 3408 1383 3479 συγγράφειν
1436 3406 1804 3476 τεταγμένος’

205 3496 428 3551 δοκοῦσι
476 3498 581 3567 γάρ
638 3514 756 3560 πως
807 3497 1159 3562 ἀσυνταξίαις
1228 3499 1430 3569 μᾶλλον
1489 3498 1722 3551 ἐοικέναι
1770 3500 1803 3569 ἢ

209 3586 524 3652 συντάξεως
565 3588 744 3639 ὁτιοῦν
799 3588 1065 3657 μετέχειν.
1112 3583 1279 3651 Οὗτος
1338 3589 1383 3641 δ’
1426 3590 1584 3661 ἴσμεν
1613 3592 1639 3641 ὁ
1669 3588 1807 3659 ἀνὴρ

207 3680 288 3743 ὡς
315 3680 800 3750 πολυμαθέστατος
844 3680 919 3735 ὢν
947 3682 1047 3734 οὐκ
1078 3682 1143 3735 ἂν
1181 3682 1479 3754 διαμαρτίᾳ
1519 3683 1613 3736 τοῦ
1644 3682 1805 3753 ὀρθοῦ

214 3772 298 3834 εἰς
326 3770 535 3842 ταύτην
585 3771 847 3842 ἐξηνέχθη
896 3773 995 3842 τὴν
1030 3773 1330 3844 ἰδιότροπον
1360 3774 1469 3827 τῶν
1500 3774 1806 3839 συντάξεων

207 3864 594 3931 καινοτομίαν,
639 3865 752 3918 ἀλλ’
780 3866 825 3896 ⁷⁸
861 3865 896 3919 ἃ
935 3883 1047 3919 τισι
1102 3866 1212 3918 τῶν
1262 3865 1635 3938 ἀρχαιοτέρων
1664 3884 1806 3920 σπα-

207 3956 396 4020 νιάκις
426 3956 557 4021 ἴσως
579 3957 815 4029 εἴρηται,
839 3957 1050 4022 τούτοις
1076 3949 1231 4022 οὗτος
1261 3960 1340 4021 εις
1366 3958 1526 4029 κόρον
1559 3959 1808 4029 ἀπεχρὴαι

212 4064 372 4115 σατο,
439 4051 1008 4121 πεπαρρησιασμένην
1052 4050 1232 4104 αὐτῶν
1278 4049 1376 4120 τὴν
1435 4049 1631 4120 χρῆσιν
1680 4051 1805 4103 ἐπι-

206 4138 589 4210 δεικνύμενος,
629 4141 723 4194 καὶ
779 4140 888 4193 οὐδ’
939 4142 1019 4203 εἰς
1076 4140 1275 4211 μάτην,
1329 4137 1463 4191 ἀλλὰ
1511 4136 1605 4191 τοῦ
1649 4138 1805 4207 ἡδέος

208 4229 403 4301 χάρινο
466 4229 648 4301 έχουσι
684 4229 793 4302 γὰρ
848 4229 940 4284 καὶ
992 4229 1061 4283 τὰ
1102 4228 1324 4282 τοιαῦτα
1367 4226 1474 4280 τῶν
1520 4226 1695 4295 λόγων
1744 4227 1807 4281 τὸ

209 4320 509 4390 ἐπαγωγὸν
542 4322 632 4375 καὶ
662 4322 1042 4393 ἐπαφρόδιτον.

1915 1755 2125 1810 dicendi
2156 1757 2426 1826 Apollonii
2459 1774 2587 1828 erga
2630 1770 2915 1831 tyrannos,
2950 1773 3005 1815 et
3031 1763 3266 1816 maxime
3308 1760 3495 1816 Domi-

1914 1846 2186 1907 nitianum
2232 1848 2516 1917 describit,
2567 1859 2621 1904 et
2669 1853 2938 1919 quomodo
2980 1861 3265 1906 accusatus
3305 1851 3492 1915 fuerit,

1914 1944 1968 1989 et
1994 1934 2134 1989 ultro
2190 1936 2242 1990 in
2288 1936 2554 2006 judicium
2598 1940 2829 1993 venerit.
2862 1938 3144 2003 Quomodo
3177 1941 3231 1993 in
3271 1956 3494 1996 carcere

1913 2037 2186 2094 servatus,
2213 2039 2267 2084 et
2296 2031 2566 2099 quomodo
2591 2031 2869 2096 liberatus,
2898 2031 3108 2087 solutus
3137 2042 3193 2087 et
3218 2034 3495 2099 defensus,

1913 2135 1981 2177 ex
2010 2121 2219 2191 judicio
2253 2123 2572 2178 decesserit.
2627 2122 2749 2179 lla-c
2780 2126 2994 2189 asserit,
3023 2135 3077 2180 et
3106 2140 3357 2197 magnum
3390 2142 3496 2181 non

1914 2208 2104 2275 fuisse,
2134 2226 2318 2265 verum
2357 2213 2543 2277 etiam,
2576 2213 2622 2268 si
2654 2229 2813 2282 quem
2851 2214 3039 2280 alium,
3083 2216 3315 2285 magiam
3362 2218 3498 2271 abo-

1913 2301 2176 2356 minatum
2216 2317 2336 2358 esse
2385 2304 2602 2360 fortiter
2657 2306 2868 2373 probat,
2913 2309 3013 2362 etsi
3066 2309 3232 2361 multa
3271 2320 3498 2376 porten-

1913 2397 2027 2444 tosa
2081 2391 2147 2445 de
2201 2391 2291 2445 illo
2338 2392 2559 2449 scribat.
2592 2392 2734 2447 Dicit
2777 2395 2942 2449 etiam
2993 2395 3281 2449 obscuram
3324 2395 3503 2450 fuisse

1914 2487 2084 2557 ipsius
2114 2500 2371 2555 mortem,
2414 2500 2467 2545 et
2498 2494 2661 2545 vitam
2716 2492 2985 2548 celebrem
3018 2511 3031 2547 :
3068 2501 3122 2549 et
3152 2508 3270 2548 eam
3300 2494 3497 2560 ipsum,

1913 2579 2039 2633 dum
2075 2582 2300 2644 viveret,
2337 2591 2518 2636 mente
2547 2585 2803 2651 agitasse.
2844 2584 3034 2639 Dicere
3056 2585 3200 2640 enim
3234 2585 3449 2639 solitum
3480 2601 3496 2639 :

1919 2668 2107 2724 Vivens
2150 2670 2254 2724 late
2286 2688 2305 2735 ;
2332 2672 2414 2727 sin
2467 2674 2665 2739 minus,
2725 2674 2957 2728 Moriens
3004 2674 3109 2728 late
3144 2690 3164 2729 :
3212 2675 3502 2729 virtutibus

1916 2767 2057 2820 hunc
2094 2766 2265 2821 refert
2299 2768 2595 2837 studuisse,
2628 2778 2683 2824 et
2711 2768 3074 2841 Pythagoram
3110 2771 3346 2825 maxime
3377 2769 3511 2825 imi-

1914 2865 2080 2911 latum
2112 2856 2283 2914 fuisse
2309 2860 2444 2929 (95).

1986 3129 2138 3183 Dulci
2187 3140 2240 3185 et
2275 3132 2435 3185 varia.
2476 3132 2735 3191 narrandi
2772 3133 2986 3187 ratione
3016 3147 3147 3187 usus
3193 3140 3280 3188 est
3311 3131 3496 3187 Philo-

1911 3231 2114 3276 stratus
2169 3222 2305 3295 (96),
2352 3235 2407 3278 et
2440 3226 2622 3279 verbis
2666 3226 2792 3279 huic
2826 3227 2898 3279 rei
2936 3227 3407 3289 convenientibus,
3442 3236 3500 3280 et

1911 3312 2072 3365 simili
2109 3315 2531 3382 constructione,
2567 3316 2781 3384 qualem
2818 3331 2975 3369 nemo
3003 3315 3292 3369 scribendo
3324 3316 3500 3369 inser-

1914 3404 2009 3457 vit.
2075 3403 2337 3462 Videntur
2382 3407 2528 3460 enim
2590 3407 2836 3461 nonnulli
2901 3408 3261 3475 incomposite
3327 3410 3500 3477 magis

1912 3498 2091 3551 dicere
2119 3513 2279 3565 quam
2326 3499 2646 3567 composite.
2689 3498 2842 3553 llunc
2892 3514 3019 3553 vero
3052 3501 3259 3555 scimus
3288 3502 3495 3553 doctis-

1911 3590 2107 3643 simum
2134 3589 2321 3656 fuisse,
2351 3599 2405 3643 et
2428 3606 2455 3642 a
2488 3599 2637 3645 recto
2668 3607 2776 3643 non
2816 3590 3185 3654 aberrantem,
3220 3594 3495 3659 propriam

1912 3684 2341 3737 constructionis
2380 3683 2669 3737 novitatem
2711 3684 3064 3749 adhibuisse;
3107 3685 3200 3739 sed
3247 3700 3499 3754 quaeau-

1913 3774 2045 3843 tiqui
2079 3775 2335 3828 dixerunt
2375 3776 2575 3840 rarius,
2631 3775 2697 3829 iis
2728 3775 2952 3830 liberius
2983 3789 3155 3843 usque
3182 3775 3248 3829 ad
3276 3778 3495 3829 satieta-

1914 3872 2017 3916 tem
2051 3879 2204 3917 usum
2238 3880 2358 3919 esse
2391 3884 2403 3919 :
2454 3866 2656 3919 licitum
2688 3881 2809 3921 esse
2861 3882 3051 3921 eorum
3085 3883 3239 3921 usum
3275 3869 3493 3923 deumn-

1910 3966 2272 4017 straus,nec
2340 3956 2391 4009 id
2463 3957 2684 4018 frustra,
2760 3960 2854 4013 sed
2927 3959 3230 4014 dulcedinis
3300 3961 3497 4029 gratia.

1910 4045 2229 4115 llnjusmodi
2267 4047 2409 4101 enim
2457 4049 2632 4104 oratio
2652 4049 2980 4114 conciliandi
2998 4050 3103 4105 vim
3132 4050 3295 4105 habet
3322 4062 3378 4105 et
3418 4068 3504 4106 νος

1911 4142 2179 4189 nustatem
2211 4136 2522 4203 quamdam.

223 4408 333 4463 Ἐκ
379 4408 489 4463 τοῦ
506 4410 691 4463 αὑτοῦ
720 4391 862 4475 βίοι)
891 4410 1006 4464 ὅσα
1036 4409 1306 4533 angit-ritas
1335 4409 1557 4464 κάλλει
1600 4408 1801 4480 ῥημά-

474 4497 593 4533 των
623 4480 721 4533 καὶ
754 4481 1070 4533 συνθήκης
1139 4480 1538 4533 ιαλάιιποντα.

1917 4409 1996 4464 Ea:
2048 4408 2228 4461 eadem
2270 4407 2386 4462 Vita
2420 4420 2659 4475 excerpta
2691 4416 2807 4482 quin
2857 4412 3210 4479 rrrctermissa
3254 4421 3395 4473 sunt,
3441 4427 3503 4466 ac

1988 4480 2377 4533 mrtehritudine
2410 4483 2688 4533 verborum
2720 4492 2770 4533 et
2802 4484 3179 4533 compositione
3213 4482 3496 4533 excellunt.

1139 4500 1153 4534 ι

474 4497 593 4533 των
623 4480 721 4534 καὶ
754 4481 1070 4549 συνθήκης
1099 4480 1538 4549 διαλάμποντᾳ.

287 4574 403 4628 Καὶ
425 4575 473 4607 ⁷⁷
506 4575 831 4645 Πυθαγόρας
886 4576 1049 4639 αὐτὸς
1096 4574 1192 4628 καὶ
1238 4572 1582 4643 Δημόκριτος
1619 4572 1815 4644 ὁμιλή-

213 4683 420 4729 σαντες
473 4667 691 4735 μάγοις,
731 4666 827 4719 καὶ
870 4665 1041 4718 πολλὰ
1071 4664 1323 4735 δαιμόνια
1354 4662 1621 4728 εἰπόντες,
1665 4660 1817 4715 ούπω

211 4758 545 4828 ὑπήχθησαν
589 4762 655 4828 τῇ
695 4758 879 4829 τέχνῃ.
916 4757 1026 4811 Καὶ
1075 4756 1157 4819 τίς
1189 4757 1233 4788 ⁷⁸
1268 4756 1369 4809 οὐκ
1400 4750 1507 4809 οἶδε
1556 4754 1649 4808 τὸν
1692 4755 1814 4806 Ἀν-

212 4848 503 4919 αξαγόραν
548 4849 879 4919 Ὀλυμπιάσι
915 4848 1015 4919 μὲν
1038 4889 1053 4915 ,
1091 4847 1253 4900 ὁπότε
1283 4847 1487 4917 ἥκιστα
1521 4845 1626 4910 ὕοι,
1672 4860 1819 4914 παρ-

214 4938 452 4992 ελθόντα
474 4940 519 4971 ⁷⁸
568 4940 675 4992 ὑπὸ
714 4939 891 5010 κωδίῳ
920 4940 1001 5002 εἰς
1026 4938 1086 4992 τὸ
1114 4938 1328 4992 στάδιον
1362 4936 1457 4990 ἐπὶ
1514 4936 1817 5007 προρρήσει

208 5031 469 5104 ὄμϐρους
511 5032 632 5102 Ὑφ’
659 5027 734 5089 ὧν
763 5033 966 5103 ἔψαυσε
1000 5033 1092 5086 τοῦ
1126 5031 1271 5095 θεῖός
1299 5047 1357 5083 τε
1409 5030 1506 5084 καὶ
1533 5029 1810 5099 δαιμόνιος

209 5116 382 5179 εἶναι.
410 5124 490 5196 Τῇ
517 5125 675 5196 μάγῳ
710 5124 896 5199 τέχνῃ.
944 5124 1245 5194 Μετέχοντι
1270 5122 1315 5155 ⁸ο
1346 5121 1402 5175 δέ
1446 5139 1535 5192 μοι
1560 5120 1654 5173 τοῦ
1688 5121 1814 5191 περὶ

1986 4480 2377 4548 pulchritudine
2410 4480 2770 4535 verborum'et
2802 4484 3179 4551 compositione
3213 4482 3496 4537 excellunt.

1984 4570 2180 4640 33112
2216 4569 2554 4640 Pythagoras
2585 4572 2716 4640 ipse,
2751 4582 2805 4627 et
2857 4574 3198 4628 Democritus
3231 4587 3350 4627 cum
3385 4590 3503 4628 ma-

1916 4664 1997 4732 gis
2045 4663 2269 4727 versati,
2311 4663 2589 4731 multaque
2643 4666 2905 4720 daemonia
2947 4666 3105 4729 fassi,
3163 4664 3364 4721 nullam
3423 4676 3505 4720 ta-

1921 4768 2041 4808 men
2071 4753 2188 4821 ejus
2220 4756 2355 4808 artis
2397 4765 2606 4823 partem
2647 4757 2963 4824 attigerunt.
3012 4756 3145 4824 Quis
3174 4758 3319 4812 enim
3352 4758 3506 4827 igno-

1926 4856 2011 4902 rat
2064 4848 2442 4917 Anaxagoram
2500 4848 2553 4902 in
2601 4846 2873 4917 Olympia,
2924 4864 3045 4903 cum
3116 4849 3258 4903 nulla
3313 4850 3507 4915 pluviae

1926 4940 2160 5007 suspicio
2235 4940 2566 5001 immineret,
2636 4938 2918 5008 pelliceam
2987 4948 3191 4994 vestem
3262 4939 3504 4993 indutqu

1928 5029 2259 5098 processisse
2298 5037 2355 5082 ut
2406 5028 2636 5080 imbrem
2685 5027 3056 5094 denuntiaret,
3096 5044 3193 5083 nec
3222 5030 3292 5081 ita
3340 5029 3508 5083 multo

1924 5131 2041 5187 post
2071 5121 2345 5188 ingentem
2377 5118 2612 5188 pluviam
2656 5128 2900 5173 secutam
2935 5135 3077 5187 esse,
3118 5122 3260 5175 unde
3288 5130 3507 5189 putatus

1518 5210 1748 5265 VARUE
1786 5210 2191 5266 LECTIUNES.

291 5310 342 5383 το
367 5310 660 5383 ἀφίστησιν
682 5312 750 5383 ᾼ.
808 5310 1001 5383 A715‘Ct]
1035 5326 1109 5370 γι,
1147 5311 1233 5383 42.
1330 5308 1387 5383 ζ’
1416 5309 1471 5359 ὲν
1502 5321 1612 5383 9m.
1640 5305 1747 5359 ΑΒ·

210 5379 265 5411 ’δ
292 5377 602 5451 ἀναγράφει
634 5381 756 5434 AB:
790 5381 892 5451 ἔφη
927 5377 1001 5445 gf
1066 5382 1110 5413 ⁷⁸
1145 5382 1301 5435 τοῦτο
1330 5379 1402 5433 B:
1440 5377 1628 5451 τούτου
1660 5394 1718 5451 ς.

1844 5306 1891 5336 ⁷³
1914 5305 2076 5356 αὑτὸν
2138 5307 2246 5359 οὐδ’
2310 5308 2613 5362 ὁπωστιοῦν
2669 5308 2886 5362 Αεούδ⁶
2936 5307 3083 5369 ὅπως
3130 5325 3184 5359 τι
3251 5308 3412 5359 αὐτὸν
3444 5323 3503 5367 ς’

1798 5377 1842 5407 ⁷⁸
1868 5375 1982 5428 ἀλλ’
2006 5378 2167 5450 etsist
2259 5397 2270 5431 :
2302 5379 2436 5450 ἀλλά
2467 5398 2519 5431 τι
2546 5399 2604 5443 ς.
2663 5407 2666 5409 λ
2694 5380 2739 5411 ⁷⁷
2765 5380 2857 5433 καὶ
2889 5378 2980 5450 Π.]
3014 5394 3051 5443 ι,
3078 5377 3130 5444 2,
3166 5393 3219 5447 p.
3243 5376 3421 5430 Olear.
3452 5376 3505 5428 5ο

211 5452 266 5483 ⁷⁸
304 5445 536 5523 καὶτίς]
570 5469 623 5521 μ.
660 5454 711 5505 6.
790 5445 844 5484 ἠ’
868 5445 1199 5524 προελθόντα
1233 5452 1429 5505 Suidas
1452 5465 1503 5503 ν.
1536 5445 1927 5517 Ἀναξαγόρας.
2003 5447 2049 5477 ⁸⁸)
2084 5448 2385 5520 μετέχοντι]
2422 5466 2457 5516 ι,
2490 5450 2543 5504 ’5.

1728 5564 1962 5621 NOTAE.

298 5668 419 5741 (95)
465 5668 792 5727 Plutarchus
849 5670 1107 5742 singulari
1159 5670 1550 5725 commentario
1597 5668 1827 5738 Epicuro

213 5742 447 5799 tribuit.

316 5813 434 5886 (96)
490 5810 628 5883 Quia
659 5812 942 5885 sequentia
981 5811 1067 5881 (ut
1120 5818 1374 5879 excerpta
1426 5810 1702 5880 phrasiutn
1758 5824 1821 5864 ac

1940 5667 2334 5720 sententiarum
2388 5681 2483 5730 pro
2531 5664 2711 5721 Photii
2760 5664 2936 5731 libito)
2982 5677 3169 5733 parum
3214 5660 3507 5733 cohaerent,

1936 5739 2241 5862 erunthafjc
2288 5739 2341 5791 in
2376 5737 2688 5793 Philostrati
2741 5737 2895 5793 libris
2947 5732 3318 5805 investiganda
3349 5742 3512 5800 atque

1930 5815 2181 5865 excuttcu
2224 5824 2275 5861 a.
