4104 6442
495 406 636 473 1239

1690 409 1951 470 PHOTII
1994 406 2496 469 PATRIARCH/E
2528 408 2638 477 CP.

3625 396 3769 464 E40

494 523 581 568 est
620 510 833 568 divinus
867 511 1213 583 cmlestisque
1244 512 1432 582 fuisse,
1473 513 1634 584 idque
1659 528 1778 570 arte
1827 515 2074 585 magica:

2201 514 2352 585 ιύτὴν
2418 515 2620 570 κύκλου
2649 532 2662 545 ·
2712 514 2807 568 καὶ
2847 512 2955 585 γάρ
3002 513 3132 575 τοὺς
3181 511 3505 584 ῥητορικοὺς
3555 510 3778 574 πάντας

496 604 629 659 mihi
662 618 878 675 quoque
923 605 1012 673 qui
1061 605 1114 659 in
1162 605 1354 660 eadem
1400 614 1649 661 versatus
1672 621 1790 661 sum
1821 623 1834 669 ;
1866 605 2068 661 etenim

494 712 684 753 onmes
738 698 1011 751 orationes
1062 697 1367 752 rhetoricas
1402 697 1520 766 ipse
1550 697 1790 753 laudavit
1826 707 1880 752 et
1924 711 2075 750 aina-

493 791 591 854 vit,
622 804 687 843 ex
726 789 924 858 quibus
969 788 1182 843 discere
1224 788 1349 843 licet
1382 804 1547 858 quam
1597 789 1812 845 divinus
1836 788 2075 859 philoso-

496 887 636 952 phus
673 882 860 937 fuerit.
896 882 1064 953 Cygni
1100 884 1190 951 qui
1226 884 1278 936 in
1312 892 1469 953 prato
1498 884 1885 953 pascebantur,
1918 882 2075 953 quasi

498 976 550 1026 in
594 975 821 1028 chorum
871 974 1115 1043 dispositi
1160 975 1519 1031 dormientem
1547 976 1816 1047 Apollonii
1848 984 2078 1032 matrem

498 1068 936 1131 circumstetere,
971 1076 1025 1121 et
1059 1066 1159 1123 alis
1186 1067 1270 1135 (ut
1304 1082 1491 1122 eorum
1517 1082 1634 1123 mos
1676 1075 1781 1138 est)
1824 1067 2076 1137 sublatis,

500 1159 700 1229 ingenti
729 1158 985 1228 clangore
1003 1159 1183 1213 omnia
1209 1158 1415 1214 circum
1445 1159 1563 1214 loca
1595 1159 1898 1231 replebant,
1936 1160 2079 1216 leni-

501 1262 583 1305 ter
605 1266 701 1321 per
714 1262 865 1320 prata
887 1252 1128 1320 spirante
1144 1249 1406 1321 Zephyro.
1429 1251 1625 1306 Eorum
1640 1262 1803 1307 cantu
1823 1244 2083 1308 exsilicns

502 1343 698 1398 mulier
716 1359 941 1413 puerum
967 1344 1191 1412 peperit.
1221 1343 1442 1410 Quaavis
1463 1345 1606 1399 enim
1638 1344 1908 1413 perculsio
1939 1345 2083 1398 valet

499 1437 662 1491 etiam
721 1445 851 1490 ante
921 1446 1131 1504 tempus
1221 1445 1433 1505 partum
1496 1451 1813 1505 provocare.
1886 1434 2083 1490 Oculos

501 1528 743 1583 omnium
804 1532 857 1583 in
910 1545 969 1584 se
1027 1537 1370 1583 converterat
1412 1528 1575 1582 etiam
1629 1528 2085 1593 adversariorum,

502 1623 594 1691 qui
640 1632 695 1678 et
752 1622 997 1676 convicia
1055 1622 1281 1692 jacere,
1341 1622 1702 1691 iujuriamque
1760 1620 1937 1674 facere
1997 1635 2089 1673 so-

503 1716 609 1774 liti.
648 1715 714 1771 Et
746 1716 916 1772 linteo
964 1719 1229 1771 dederunt
1288 1731 1476 1771 omnes
1536 1714 1825 1784 potiusque
1886 1713 2088 1767 doctri-

2177 608 2371 677 λόγους
2394 608 2584 680 ἐπῄνει
2607 610 2700 661 καὶ
2724 606 3021 678 ἠσπάζετο.
3049 606 3189 678 Παρ’
3212 598 3289 660 ὧν
3312 602 3553 676 ὑπάρχει
3576 606 3780 674 μαθεῖν

2178 699 2253 763 ὡς
2284 699 2623 765 ὺποθειάζων
2676 700 2774 771 τὴν
2812 697 3135 769 φιλοσοφίαν
3190 698 3429 765 ἐγένετο.
3486 695 3696 750 Κύκνοι
3723 696 3774 727 ⁸⁸

2182 791 2389 859 τοίνυν,
2416 791 2509 856 οὓς
2550 794 2579 846 ὁ
2615 790 2822 863 λειμὼν
2848 792 3065 860 ἐϐοσκε,
3113 790 3274 861 χορὸν
3303 790 3606 861 στήσαντες
3643 790 3779 859 περὶ

2177 880 2276 953 τὴν
2336 881 2699 935 Ἀπολλωνίου
2774 881 2986 954 μητέρα
3043 879 3456 945 καθεύδουσαν,
3514 878 3613 931 καὶ
3676 877 3781 941 τὰς

2180 975 2458 1048 πτέρυγας
2482 974 2695 1047 (ῶσπερ
2715 975 2995 1046 εἰώθασιν)
3017 974 3275 1046 ἄραντες,
3302 973 3498 1045 ἀθρόον
3523 974 3739 1044 ἧχησαν
3757 986 3778 1001 ⁶

2185 1070 2281 1123 καὶ
2327 1068 2439 1139 γάρ
2478 1087 2530 1123 τι
2581 1069 2675 1123 καὶ⁸
2708 1069 2955 1140 Ζεφύρου
3012 1064 3081 1140 ἦν
3116 1069 3173 1121 ἐν
3204 1066 3282 1138 τῷ
3322 1065 3570 1137 λειμῶνι.
3622 1065 3688 1117 Ἦ
3719 1064 3783 1117 δέ

2189 1161 2409 1233 ἐξέθορέ
2460 1178 2520 1215 τε
2553 1161 2658 1214 ὑπὸ
2694 1162 2794 1231 τῆς
2822 1160 2967 1231 ᾠδῆς
3004 1160 3099 1214 καὶ
3161 1160 3453 1214 ἀπέτεκεν.
3494 1156 3677 1228 Ἱκανὴ
3720 1156 3785 1210 δὲ

2189 1256 2335 1308 πᾶσα
2386 1253 2649 1323 ἔκπληξις
2718 1252 3081 1325 μαιεύσασθαι
3131 1252 3227 1306 καὶ
3284 1250 3391 1321 πρὸ
3448 1250 3550 1320 τῆς
3604 1250 3782 1319 ὥρας.

2201 1344 2503 1416 Ὀφθαλμοὶ
2519 1345 2565 1377 ⁸⁸
2604 1345 2661 1398 δὲ
2685 1346 2885 1409 πάντες
2917 1346 2974 1409 ἐς
3004 1344 3050 1376 ⁸³
3082 1344 3243 1399 αὐτὸν
3278 1344 3559 1413 ἐφέροντο,
3603 1359 3788 1395 σκωπ-

2188 1441 2340 1494 τόλαι
2392 1456 2451 1492 τε
2500 1439 2595 1493 καὶ
2637 1438 2892 1509 ὑϐρισταὶ
2952 1438 3154 1501 πάντες
3188 1454 3205 1469 ·
3259 1439 3351 1490 καὶ
3399 1436 3669 1490 δεδώκασι
3714 1437 3784 1504 τῇ

2190 1530 2353 1604 ὀθόνῃ
2391 1530 2619 1603 [μᾶλλον
2655 1528 2727 1602 ⁸⁸]
2764 1531 2968 1593 πάντες
3012 1529 3045 1599 ἢ
3079 1528 3240 1599 σοφίᾳ
3293 1526 3587 1597 Ἀθηναῖοι.
3639 1527 3789 1596 Προ-

2195 1625 2409 1679 άστειον
2425 1626 2482 1677 ἐν
2494 1616 2537 1689 ᾧ
2552 1622 2721 1691 κῆποι
2735 1616 3177 1693 ἁπαλοὶῆσαν.”0
3192 1636 3248 1672 τε
3265 1619 3311 1651 ⁸⁸
3330 1619 3576 1682 Κιλίκιος
3594 1618 3753 1684 λόγος
3768 1632 3785 1647 ·

2195 1716 2310 1771 Ποῖ
2327 1714 2557 1785 τρέχεις
2582 1731 2601 1779 ;
2624 1716 2691 1770 Ἡ
2708 1714 2806 1766 ἐπὶ
2817 1714 2863 1744 ⁸⁸⁸
2893 1714 3001 1767 τὸν
3019 1712 3283 1781 ἔφηϐον;
3310 1710 3405 1765 ιέπλ⁸
3442 1708 3791 1778 Ἀπολλωνίῳ

505 1828 589 1866 me
618 1812 1002 1873 Athenienses,
1050 1809 1373 1864 suburbium
1409 1809 1460 1862 in
1489 1823 1598 1879 quo
1629 1807 1907 1878 elegantes
1942 1805 2082 1859 horti

2201 1825 2255 1863 τε
2300 1809 2517 1876 ἐλέγετο
2553 1806 2600 1840 ⁸⁷
2631 1808 2727 1861 καλ⁵
2764 1804 3108 1877 παροιμιώδη
3136 1803 3303 1876 τιμὴν
3324 1803 3472 1875 ἔσχε.
3511 1802 3625 1873 Τὴν
3659 1801 3717 1855 δέ
3740 1800 3792 1833 ³⁸

502 1911 681 1957 erant.
726 1900 953 1957 Cilicum
995 1910 1114 1955 erat
1140 1916 1320 1956 sermo
1354 1919 1367 1955 :
1404 1900 1520 1965 Quo
1546 1901 1714 1952 curris
1740 1908 1761 1934 ι
1789 1898 1814 1952 ?
1847 1895 1991 1950 Num
2015 1897 2083 1950 ad

2201 1901 2379 1955 οὐσίαν
2403 1866 2663 1971 λαμπρὰν
2686 1866 2854 1952 οὖσαν
2879 1866 3668 1968 διέλαχεπρδςτδν’άδελφόσι
3693 1893 3791 1945 Φι-

504 1995 768 2063 impubem
791 1995 817 2048 7
842 1994 987 2064 quod
1017 1994 1085 2048 de
1113 1991 1401 2063 Apollonio
1436 1992 1712 2056 dicebant,
1741 1991 1819 2044 sic
1844 1999 1902 2043 ut
1929 2002 2084 2044 cmu-

506 2085 655 2139 muni
703 2085 994 2155 proverbio
1039 2084 1431 2139 celebraretur.
1483 2081 1710 2136 Divitias
1740 2081 1950 2151 opimas
1989 2080 2087 2134 ha-

505 2177 628 2232 huit
660 2175 819 2231 fratri
878 2176 1136 2245 aequales,
1172 2183 1228 2229 et
1261 2174 1428 2229 multa
1461 2182 1584 2228 erat
1613 2174 1679 2228 de
1708 2173 1821 2241 ejus
1850 2171 2089 2239 philoso-

506 2271 632 2342 phia
710 2270 874 2325 fama.
949 2268 1315 2339 lnterroganti
1381 2266 1676 2335 aliquando
1742 2266 2085 2337 Apollonium

506 2362 757 2426 liuxeno,
801 2376 900 2416 cur
938 2376 1045 2415 non
1087 2361 1311 2429 scriptis
1358 2361 1561 2431 aliquid
1612 2364 1918 2426 mandaret,
1964 2377 2087 2416 cum

508 2452 782 2507 scribendi
810 2452 1186 2507 characterem
1225 2453 1451 2522 probum
1480 2461 1535 2507 et
1570 2453 1865 2506 excitatum
1895 2464 2091 2507 nacws

508 2554 699 2599 esset:
742 2544 902 2610 Quia,
958 2546 1152 2614 inquit,
1198 2548 1432 2599 nondum
1476 2556 1650 2599 tacere
1677 2546 1862 2599 didici.
1892 2544 2089 2600 Fames

509 2648 861 2707 oppresserat
906 2637 1211 2702 civitatem,
1241 2639 1436 2694 venale
1481 2650 1599 2693 erat
1631 2654 1843 2701 ervum,
1877 2638 2091 2693 omnia-

510 2746 619 2801 que
649 2731 717 2786 ad
745 2733 948 2786 vietum
991 2732 1298 2787 necessaria
1336 2732 1441 2786 illis
1484 2733 1745 2798 deerunt;
1778 2733 1958 2787 fontes
1985 2746 2090 2785 nou

510 2824 771 2891 ﬂuebant,
820 2826 1061 2895 cupressi
1101 2825 1247 2880 velut
1291 2826 1535 2897 germina
1571 2835 1713 2879 terra
1744 2824 1931 2879 dabat.
1963 2824 2094 2880 Utc-

522 2919 685 2971 hatur
719 2932 916 2987 genere
947 2917 1160 2971 dicendi
1213 2932 1322 2971 non
1350 2916 1771 2985 dithyrambico,
1802 2925 1894 2968 aut
1928 2914 2096 2986 poeti-

512 3009 594 3061 cis
627 3007 939 3062 nominibus
981 3006 1396 3070 intumescente,
1450 3022 1550 3060 nec
1579 3022 1768 3061 rursus
1814 3006 1975 3060 nimis
2010 3005 2095 3074 je-

508 3102 667 3171 juno,
740 3115 915 3169 neque
980 3098 1428 3155 consuetudinem
1482 3098 1717 3153 Atticam
1775 3100 2093 3161 excedente,

2192 1995 2448 2063 λοσοφὲας
2480 1994 2588 2067 γάρ
2624 1994 2805 2063 πάσης
2834 1991 2956 2063 ὴχὼ
2972 1991 3031 2043 ἐν
3065 1990 3214 2061 αὐτῷ
3241 1985 3331 2061 ἦν.
3358 1990 3483 2042 Ὀτι
3508 1987 3555 2021 θ’
3586 1987 3792 2058 ἐρομέ-

2190 2105 2285 2141 νου
2313 2087 2405 2141 τὸν
2442 2084 2803 2139 Ἀπολλώνιον
2823 2084 2917 2138 τοῦ
2950 2082 3183 2152 Εὐξένου
3210 2082 3264 2136 τί
3292 2081 3430 2151 δῆτα
3454 2081 3516 2133 οὐ
3543 2079 3792 2150 ξυγγρά-

2194 2197 2307 2249 φοι,
2369 2177 2547 2231 καίτοι
2602 2176 2916 2248 ἀπαγγελίᾳ
2967 2174 3251 2247 χρώμενος
3308 2172 3518 2243 δοκίμῳ
3570 2188 3631 2224 τε
3696 2172 3794 2225 καὶ

2188 2270 2745 2344 διεγηγερμένῃ,”οτι
2760 2269 3077 2340 οὔπω,έφη,
3096 2268 3409 2333 ἐσιώπησα
3428 2264 3618 2319 "Kal.
3632 2264 3793 2333 λιμὸς

2188 2359 2276 2435 ἦν,
2302 2362 2484 2433 ὄροϐοι
2509 2361 2566 2415 δὲ
2587 2360 2758 2427 ῶνιοι,
2787 2361 2883 2415 καὶ
2905 2360 3070 2423 τάείς
3122 2358 3323 2429 βρῶσιν
3370 2355 3491 2428 [541
3526 2353 3619 2427 IL]
3657 2355 3794 2408 άναο

2191 2456 2358 2523 γκαῖα
2386 2453 2665 2507 διέϐοσκεν
2690 2451 2910 2516 αὐτούς.
2936 2451 3301 2518 Κελαρύζειθί
3322 2450 3432 2503 τῶν
3467 2448 3662 2519 πηγῶν
3703 2448 3797 2501 οὐ·

2192 2543 2376 2614 δεμίᾳ.
2393 2543 2739 2611 κυπαρίττου
2761 2559 2812 2594 τι
2829 2541 2983 2612 ἔρνος
3003 2542 3037 2612 ἠ
3053 2543 3123 2612 γῆ
3150 2540 3420 2594 ἀνέδωκεν
3439 2539 3683 2612 ".[1020
3697 2537 3793 2609 8.]

2197 2634 2319 2688 Ὅτι
2353 2635 2400 2667 ⁸³
2431 2637 2459 2688 ὁ
2491 2634 2540 2665 ⁸⁸
2591 2632 2948 2697 Ἀπολλώνιος
2977 2633 3152 2701 λόγων
3179 2632 3327 2686 ἰδέαν
3368 2633 3692 2701 ἐπήσκησεν
3730 2631 3793 2684 οὐ

2194 2725 2586 2798 διθυραμϐώδη
2630 2726 2726 2779 καί¹
2771 2724 3213 2796 φλεγμαίνουσαν
3254 2726 3560 2795 ποιητικοῖς
3590 2723 3795 2793 όνόμα-

2199 2832 2304 2880 σιν,
2355 2815 2465 2868 οὐδ’
2494 2816 2563 2868 αὖ
2585 2814 3138 2886 κατεγλωττισμένην
3190 2816 3287 2868 καὶ
3331 2815 3791 2886 ὐπεραττικίζουο

2198 2924 2299 2961 σαν
2325 2907 2371 2940 ’⁵
2394 2906 2554 2977 ἀηδὲς
2580 2907 2690 2979 γὰρ
2714 2906 2776 2959 τὸ
2803 2905 2943 2976 ὑπὲρ
2969 2905 3067 2976 τὴν
3092 2906 3317 2976 μετρίαν
3347 2906 3566 2960 Ἀτθίδα
3583 2908 3793 2978 ἠγεῖτο.

2203 3002 2315 3053 Καὶ
2354 3000 2409 3053 αἱ
2458 3000 2608 3061 δόξαι
2660 2999 2911 3070 βραχεῖαι
2964 3003 3057 3055 καὶ
3110 3002 3501 3071 ἀδαμάντινοι·
3536 2999 3706 3070 κύριά
3736 3016 3796 3051 τε

2200 3094 2439 3163 ὀνόματα
2482 3092 2579 3146 καὶ
2614 3094 3042 3165 προσπεφυκότα
3067 3098 3179 3159 τοῖς
3219 3094 3542 3167 πράγμασιν
3567 3107 3582 3121 ⁸
3611 3093 3709 3146 καὶ
3730 3092 3801 3145 τά

516 3190 866 3261 injucundam
901 3190 1047 3244 enim
1083 3190 1308 3258 putabat
1338 3189 1665 3253 orationem,
1709 3204 1829 3258 qua:
1858 3190 1926 3242 ab
1956 3190 2093 3243 Atti-

2203 3185 2471 3255 λεγόμενα
2489 3182 2607 3255 ἠχὼ
2627 3180 2740 3255 εἶχε
2762 3183 2911 3238 ῶσπε
2920 3202 2952 3257 ρ
2979 3185 3087 3240 ἀπὸ
3109 3188 3391 3256 σκήπτρου
3413 3184 3458 3216 ⁸⁸
3483 3184 3802 3252 θεμιστευό-

514 3299 579 3338 ea
637 3281 1017 3338 mediocritate
1070 3280 1379 3337 decederet.
1452 3282 1747 3337 Sententia:
1799 3282 1992 3337 breves
2046 3292 2101 3338 et

518 3377 688 3430 fortes
743 3386 918 3430 erant.
969 3374 1291 3429 Nominibus
1329 3384 1509 3429 autem
1556 3376 1809 3430 utebatur
1838 3376 2094 3445 propriis,

516 3479 680 3539 atque
716 3471 783 3523 ad
834 3484 920 3524 res
958 3470 1100 3539 ipsas
1135 3470 1557 3524 accommodatis
1595 3488 1609 3526 :
1646 3481 1700 3525 et
1730 3486 1850 3541 qum
1881 3470 1949 3525 ab
1978 3472 2096 3541 ipso

522 3562 960 3631 proferebantur,
1012 3560 1256 3617 fulminis
1309 3561 1482 3616 instar
1525 3565 1877 3619 resonabant.
1945 3563 2101 3617 Anti-

518 3664 681 3719 quam
733 3647 929 3701 Ninum
980 3648 1253 3718 profectus
1304 3661 1408 3716 est,
1456 3650 1526 3705 ibi
1585 3659 1819 3706 statuam
1870 3654 2102 3709 barbaro

521 3754 673 3795 more
706 3741 936 3811 positam
966 3743 1269 3811 conspexit.
1298 3742 1389 3797 Est
1419 3752 1599 3797 autem
1626 3742 1722 3799 lno
1752 3745 1936 3800 lnachi
1972 3746 2101 3811 filia,

521 3837 608 3889 cui
652 3834 719 3886 ab
749 3842 979 3903 utroque
1029 3843 1273 3905 tempore
1308 3850 1497 3904 parva,
1531 3846 1587 3890 et
1616 3838 1772 3907 quasi
1821 3854 1943 3893 mox
1976 3855 2103 3909 pro-

520 3939 801 3992 gressum,
838 3924 1149 3994 prominent
1191 3940 1417 3980 cornua.
1463 3926 1634 3983 Porro
1666 3928 1849 3984 Dantis
1880 3930 2041 4001 332
2073 3949 2105 3986 a

521 4017 867 4086 Apollonium
910 4016 1073 4072 veluti
1120 4017 1290 4072 Deum
1322 4017 1678 4088 suspiciebat,
1715 4035 1824 4090 quo
1849 4022 2104 4079 utebatur

2209 3294 2364 3349 μενα.
2400 3277 2508 3331 Καὶ
2558 3277 2871 3346 ἀφικνεῖται
2912 3277 2957 3310 ⁹⁷
3006 3279 3064 3340 ἐς
3107 3279 3208 3348 τὴν
3238 3275 3472 3346 ἀρχαίαν
3508 3275 3696 3337 Νῖνον,
3742 3276 3800 3326 ἐν

2208 3365 2491 3443 ᾖάγαλμα
2538 3368 2750 3440 ἵδρυται
2774 3368 2976 3441 τρόπον
3014 3368 3313 3442 βάρϐαρον.
3338 3367 3497 3421 Ἔστι
3536 3368 3594 3421 δὲ
3627 3368 3801 3438 ipsi"

2221 3461 2305 3514 Ἰὼ
2328 3462 2373 3493 ’⁸
2398 3462 2430 3531 ἡ
2473 3460 2708 3531 Ἰνάχου,
2732 3461 2829 3515 καὶ
2858 3462 3068 3533 κέρατα
3100 3460 3209 3514 τῶν
3236 3461 3523 3532 κροτάφων
3545 3457 3802 3528 ἐκκρούει

2212 3555 2385 3626 μικρὰ
2424 3556 2517 3609 καὶ
2558 3550 2649 3609 οἷα
2705 3554 2989 3625 μέλλοντα.
3027 3554 3085 3608 '0
3125 3553 3223 3625 μὲν
3267 3553 3332 3622 δὴ
3383 3553 3559 3623 Δάμις
3614 3550 3809 3621 ῶσπερ

2209 3649 2441 3718 δαίμονα
2458 3647 2560 3700 τὸν
2601 3645 2963 3701 Ἀπολλώνιον
2989 3645 3209 3712 ἐϐλεπε,
3242 3645 3408 3715 συνῆν
3428 3661 3489 3697 τε
3510 3644 3659 3714 αὺτῷ
3682 3646 3805 3696 ἐπι-

2208 3744 2384 3807 διδοὺς
2405 3744 2505 3813 τὴν
2539 3741 2733 3812 σοφίαν
2762 3740 2859 3796 καὶ
2880 3742 2909 3795 ὅ
2939 3758 2995 3795 τι
3024 3740 3191 3814 μάθοι
3226 3738 3607 3812 μνημονεύων.
3648 3738 3808 3809 Φωνὴ

2210 3836 2255 3890 δ’
2292 3830 2360 3906 ἦν
2406 3835 2485 3906 τῷ
2524 3834 2794 3906 Ἀσσυρίῳ
2837 3834 3140 3905 συμμέτρῳ
3163 3836 3182 3867 ¹
3222 3835 3576 3905 πράττουσα·
3603 3830 3665 3883 τὸ
3700 3831 3807 3900 γάρ

2213 3930 2481 3999 λογοειδὲς
2528 3930 2630 3982 οὐκ
2668 3925 2836 3999 εἶχεν.
2896 3928 3119 3982 Οίκοῦσι
3141 3930 3161 3961 ³
3190 3928 3298 4001 γὰρ
3338 3925 3637 3997 Ἐρετριεῖς
3661 3925 3717 3975 ἐν
3742 3925 3807 3993 τῇ

2210 4024 2453 4096 Μηδικῇ,
2476 4021 2795 4085 Βαϐυλῶνος
2809 4021 2870 4074 οὐ
2884 4020 3020 4074 πολὺ
3048 4020 3347 4093 ἀπέχοντες
3369 4018 3618 4092 δρομικῷ
3633 4016 3808 4087 ἀνδρί.

523 4111 803 4182 sapientia:
836 4111 1120 4180 magistro,
1180 4112 1411 4183 etquod
1447 4113 1711 4179 discebat,
1759 4116 2021 4171 memoria
2096 4120 2393 4190 repetebat.
2446 4116 2577 4172 Erat
2618 4115 2694 4170 illi
2747 4129 2851 4170 vox
2907 4114 3137 4185 Assyrio
3181 4114 3590 4168 accommodata
3625 4112 3813 4163 modu-

524 4208 598 4272 lo,
635 4221 810 4277 neque
870 4205 1094 4260 nimium
1155 4205 1372 4274 loquax.
1426 4205 1622 4263 Eretrii
1680 4208 1732 4262 ln
1788 4212 2014 4279 regione
2081 4211 2357 4270 Medorum
2412 4209 2683 4276 habitant,
2745 4223 2853 4263 non
2929 4207 3142 4280 longius
3198 4222 3229 4260 a
3288 4204 3587 4275 Babylone,
3649 4217 3811 4273 quam

526 4303 723 4361 diurno
748 4302 946 4357 itinere
967 4314 1160 4357 cursor
1188 4301 1485 4370 expediret.

594 4425 733 4483 Cum
783 4422 980 4480 Eretrii
1034 4422 1293 4479 tumulum
1330 4425 1714 4493 seminassent,
1751 4428 1913 4485 vicini
1978 4432 2114 4487 Bar-

2294 4433 2358 4486 υί
2390 4430 2671 4503 πρόσοικοι
2707 4425 2785 4498 τῷ
2819 4425 2967 4495 λόφῳ
3017 4422 3307 4494 βάρϐαροι,
3346 4420 3685 4492 σπειρόντων
3708 4417 3815 4471 τῶν

524 4519 645 4577 hari
698 4519 844 4579 circa
914 4516 1109 4572 messis
1175 4523 1393 4588 tempus
1458 4518 1826 4577 discurrentes
1898 4522 2093 4580 adulta:

2233 4523 2556 4596 Ἐρετριέων
2598 4520 2760 4577 αὐτὸν
2791 4520 2831 4587 ⁸,
2878 4516 3156 4589 ἐληΐζοντο
3199 4515 3268 4571 τὰ
3314 4514 3565 4585 φυόμενα
3602 4514 3731 4582 περὶ
3752 4510 3813 4564 τὸ

523 4614 638 4684 iam
698 4611 882 4683 fruges
942 4612 1342 4682 praedabantur.
1369 4610 1573 4668 Ferunt
1616 4623 1671 4669 et
1698 4615 1749 4670 in
1792 4618 1993 4672 atrium
2023 4636 2115 4673 ve-

529 4708 701 4773 nisse,
753 4702 907 4772 cuius
957 4719 1205 4774 suprema
1266 4719 1393 4774 pars
1456 4704 1509 4759 in
1548 4704 1780 4762 formam
1838 4711 1970 4765 tholi
2024 4710 2106 4766 fa-

2221 4617 2378 4689 θέρος
2404 4616 2653 4688 ἥκοντες,
2678 4613 2774 4668 καὶ
2800 4614 2995 4683 πεινῇν
3032 4610 3139 4664 ἔδει
3177 4607 3557 4680 γεωργοῦντας
3581 4606 3812 4677 ἑτέροις.

2220 4708 2357 4761 Φασὶ
2380 4707 2403 4739 ⁸
2429 4706 2485 4759 δέ
2518 4706 2613 4759 καὶ
2637 4702 2872 4776 ἀνδρῶνι
2905 4702 3168 4771 ἐντυχεῖν,
3206 4693 3267 4753 οὗ
3289 4698 3380 4751 τὸν
3406 4697 3605 4767 ὄροφον
3628 4700 3687 4759 ἐς
3725 4694 3813 4747 θό-

528 4799 739 4853 bricata
798 4795 921 4861 cwli
994 4794 1187 4850 faciem
1248 4796 1600 4863 imitabatur,
1662 4802 1883 4869 saphiro
1947 4802 2093 4872 lapidi

2219 4801 2315 4854 λου
2337 4797 2568 4869 ἀνῆχθαι
2596 4797 2800 4867 σχῆμα,
2826 4790 3044 4863 οὐρανῷ
3067 4807 3172 4843 τινι
3199 4787 3544 4856 εἰκασμένον.
3572 4787 3814 4854 Σαπφει-

529 4892 825 4960 adOperta,
857 4888 947 4959 qui
1010 4888 1148 4958 lapis
1190 4889 1427 4944 maxime
1475 4892 1740 4948 caeruleus
1793 4894 1918 4949 caeli
1971 4896 2119 4951 colo-

1838 5000 1851 5037 :
1914 4986 2122 5054 Disces,

532 5076 748 5145 inquit,
799 5088 834 5129 ο
892 5073 1088 5139 Dami,
1148 5074 1430 5130 eunuchos
1492 5090 1715 5141 amare,
1749 5088 1804 5133 et
1867 5080 2134 5150 cupidita-

535 5178 683 5231 tem,
734 5181 853 5235 ηυδε
921 5180 1017 5235 per
1098 5167 1287 5221 oculos
1361 5166 1673 5235 inducitur,
1723 5170 1774 5224 in
1842 5170 1947 5225 illis
2010 5188 2117 5227 non

531 4996 645 5036 rem
715 4979 903 5035 refert.
958 4980 1159 5034 Deinde
1216 4994 1405 5048 parum
1476 4982 1779 5039 subsistens

532 5258 831 5328 exstingui,
864 5259 958 5313 sed
990 5257 1221 5313 calidam
1252 5267 1308 5313 et
1340 5263 1610 5331 vigentem
1646 5261 1699 5316 in
1730 5262 1863 5333 ipsis
1898 5278 2115 5334 pcrmav.

643 5412 665 5438 ι
702 5396 961 5453 Philostr.
1001 5398 1096 5455 lib.
1129 5414 1169 5464 ι,
1201 5413 1322 5469 cap.
1360 5398 1420 5471 6..

2229 4893 2353 4965 ρίνῃ
2389 4890 2446 4943 δὲ
2486 4890 2648 4944 αὐτὸν
2698 4883 3046 4959 κατηρέφθαι
3087 4882 3221 4952 λίθῳ
3245 4898 3260 4912 ·
3316 4880 3644 4950 κυανωτάτη
3683 4878 3740 4932 δὲ
3778 4880 3811 4949 ἡ

2223 4984 2373 5049 λίθος
2399 4983 2495 5038 καὶ
2538 4982 2766 5054 οὐρανία
2808 4979 2961 5033 ἰδεῖν.
2992 4975 3053 5030 '0
3077 4974 3133 5028 δὲ
3156 4978 3177 5007 ⁵
3205 4972 3380 5044 βραχὺ
3411 4969 3670 5041 ,ἐπισχὼν
3717 4968 3812 5024 αὕ-

2235 5079 2414 5150 ριονο,
2454 5076 2581 5147 ἔφη,
2628 5068 2674 5128 ὦ
2722 5072 2889 5142 Δάμι,
2950 5067 3146 5141 μάθοις
3186 5064 3254 5120 ἂν
3305 5066 3388 5118 ὃτι
3434 5064 3530 5117 καί¹
3571 5062 3814 5132 εὐνοῦχοι

2236 5172 2425 5244 ἐρῶσι,
2447 5170 2543 5224 καὶ
2571 5168 2632 5222 τὸ
2656 5161 3075 5236 ἐπιθυμητικὸν,
3100 5160 3237 5230 ὅπερ
3258 5157 3571 5226 εἰσάγονται
3593 5154 3682 5208 διὰ
3711 5154 3814 5208 τῶν

2226 5263 2541 5334 ὀφθαλμῶν,
2581 5261 2683 5315 οὐκ
2727 5254 3166 5328 ἀπομαραίνεται
3216 5250 3387 5320 σφῶν,
3438 5248 3555 5303 ἀλλ’
3585 5246 3814 5319 ἐμμένει

1847 5534 2083 5588 \‘ARIAS
2109 5532 2513 5589 LECTIONES.

588 5680 635 5713 ⁸¹
662 5674 900 5749 κύκνοι]
930 5692 990 5749 ﬁt,
1015 5674 1087 5749 5.,
1150 5673 1216 5749 _"
1257 5671 1423 5749 ϐφθτ]
1481 5688 1519 5736 ι,
1577 5672 1630 5749 7.

535 5768 574 5811 ι,
604 5750 640 5805 8
675 5760 816 5803 extr.
880 5742 899 5749 ’
925 5746 973 5781 ⁸⁸
1007 5747 1099 5801 ἐπὶ
1149 5743 1224 5801 B:
1263 5747 1295 5815 ἠ
1351 5742 1444 5797 ἐπὶ
1470 5761 1531 5808 ς.
1596 5742 1672 5815 ,⁸⁷
1702 5742 1919 5815 ἐγένετο
1977 5759 2037 5815 ς,

1736 5672 1783 5704 ⁸⁸
1809 5671 1890 5744 ἐς]
1945 5669 2084 5741 πρὸς
2138 5670 2199 5724 Β.
2296 5670 2347 5703 ⁸⁸
2403 5670 2604 5741 μᾶλλον

1736 5742 1919 5812 γένετο
1977 5759 2037 5807 ς.
2146 5739 2307 5812 ⁸⁸τὴν
2356 5740 2437 5812 δέ]
2470 5757 2508 5806 ι,
2560 5741 2650 5812 715.

3496 5646 3813 5734 ὐδτε]

2296 5670 2347 5703 ⁸⁸
2403 5670 2604 5741 μᾶλλον
2663 5676 2718 5725 et
2779 5669 3103 5740 προάστειον
3167 5682 3282 5724 om.
3344 5665 3455 5720 AB.
3560 5665 3611 5700 ⁸⁸
3662 5665 3693 5718 δ
3736 5665 3813 5734 τε]

2296 5758 2307 5788 ι
2356 5740 2436 5788 δὲΙ
2471 5757 2507 5788 ι-
2565 5741 2650 5788 15.
2762 5739 2806 5771 ⁸⁸
2837 5738 2942 5788 ὅτι]
2981 5757 3017 5788 ι.
3077 5738 3163 5788 Ην.
3267 5738 3314 5771 ⁹⁹
3346 5736 3634 5788 ἐσιώπησα
3693 5733 3813 5785 AB:

2762 5736 2942 5814 ⁸⁹-’δτι]
2971 5757 3017 5814 ι,
3056 5738 3165 5814 ,141
3191 5810 3204 5814 _
3267 5738 3314 5814 ’.⁸
3346 5736 3560 5814 toto?er

538 5804 747 5874 ἐσιώπα
779 5837 842 5891 ς,
875 5818 973 5891 καὶ
999 5816 1181 5891 λιμὸς]
1218 5832 1254 5883 t,
1447 5804 1823 5891 f5_x52.ap._]:t,
1856 5804 2065 5891 ign":
2088 5804 2289 5865 ἔδωκεν
2495 5804 2576 5891 it:
2592 5809 2699 5891 ὅτι]
2731 5827 2770 5891 ιι,
2799 5809 2887 5891 1?:
2924 5804 3014 5891 Z“
3044 5812 3074 5864 ό
3102 5810 3237 5891 add.
3269 5808 3335 5863 A.
3370 5838 3387 5891 -'
3429 5809 3478 5841 "
3509 5804 3814 5891 άξτικίςου-

541 5907 639 5961 σαὶ(
664 5906 727 5961 *3.-
802 5890 848 5961 ⁹ῗ
874 5890 1127 5961 ,σκήπτυφ
1159 5905 1221 5961 Εἰ·

541 5957 726 6033 κοῦσι]
753 5975 794 6028 t,
820 5959 916 6017 24.
974 5954 985 5961 ’
1012 5961 1033 5995 ³
1061 5959 1239 6015 αὐτῶν
1268 5958 1337 6013 A.
1434 5957 1457 5989 ⁸
1489 5954 1650 6029 φαση
1677 5972 1713 6023 t,
1748 5956 1839 6011 25.

1298 5886 1341 5920 ⁸⁷
1376 5884 1471 5940 καὶ
1494 5882 1618 5972 ἀφ.]
1644 5881 1682 5948 ι,
1717 5881 1814 5938 l9.
1878 5885 1923 5917 ⁹⁸
1947 5883 2003 5936 δὲ
2032 5882 2142 5986 ἄρα
2169 5896 2281 5935 om.
2315 5881 2425 5937 AB.

1298 5972 1304 5986 λ
1434 5954 1690 5986 bus-p.1-
1748 5956 1820 5986 ειὲζ
1940 5951 2161 5986 δλλῖι
2211 5951 2279 5986 Ἅι
2399 5956 2422 5986 Ι

1992 5951 2120 6025 ὁδὲ]
2145 5967 2184 6021 t,
2211 5951 2301 6007 54.

2532 5881 2577 5912 ⁹⁹
2623 5876 2708 5934 Ἰὡ
2732 5881 2812 5934 A:
2845 5879 2966 5934 Ἰνὼ
2997 5898 3058 5946 ς.
3138 5882 3152 5913 ¹
3188 5881 3286 5934 σὺν
3323 5879 3510 5946 μέτρω
3533 5877 3597 5933 Β.
3695 5878 3715 5907 ³
3738 5876 3813 5927 oi-

3138 5882 3152 5913 '
3188 5881 3286 5934 σῦν
3323 5879 3510 5950 μέτρω
3533 5877 3597 5933 Β.

2399 5956 2422 5989 ⁸
2448 5948 2642 6022 αὔριον
2673 5949 2801 6009 add.
2833 5955 2900 6008 Α.
