4104 6408
289 385 421 453 1241

1307 380 1832 445 BIBLIOTHECA.
1868 409 1937 422 -—
1969 383 2135 447 COD.
2174 384 2415 449 CCXLI.

3426 389 3564 458 1212

285 501 489 575 θερμόν
517 515 581 554 τε
610 496 706 553 καὶ
734 495 1007 569 ζώπυρον.
1036 494 1099 549 Et
1142 493 1199 549 δὲ
1228 495 1323 549 καὶ
1344 495 1508 567 τέχνη
1536 512 1621 559 τις
1658 491 1728 567 ἦν
1770 496 1894 554 ἀνο.

1996 512 2118 553 iere.
2169 501 2324 568 Quod
2356 501 2400 555 si
2451 501 2687 557 humana
2746 501 2992 573 quaedam
3034 517 3125 558 ars
3166 513 3311 561 esset
3340 504 3559 563 domina

287 593 535 665 θρωπεία
559 590 822 664 τύραννος
860 587 957 643 καὶ
997 587 1197 660 δυνατὴ
1248 586 1320 641 τὰ
1366 587 1599 642 τοιαῦτα
1650 587 1872 654 ἐξωθεῖν

286 687 386 757 τῆς
416 684 666 755 γνώμηςο
713 682 890 747 Ἔξων
916 683 1018 751 ’γε
1048 681 1153 734 ὑπὸ
1174 682 1288 745 τοῖς
1309 681 1408 749 τῆς
1438 680 1641 752 ἀρετῆς
1668 679 1872 751 ὀφθαλ-

291 778 433 846 μοῖς.
464 774 622 828 Νὖν⁶
657 773 712 827 δὲ
752 773 845 826 καὶ
885 771 1388 843 ξυγκατακείμενον
1432 771 1730 843 εὑρηκέναι
1779 773 1875 826 καὶ⁸

289 867 675 939 ἁνδριξόμενον
697 866 794 919 ἐπὶ
825 864 923 936 τὴν
949 866 1205 935 γυναῖκα.
1243 864 1405 918 Ἀλλὰ
1435 866 1456 898 ⁹
1483 864 1762 929 τοξεύσειε
1783 865 1875 920 τὸν

289 962 476 1034 ὄρνιν,
527 960 588 1014 ὃν
628 959 854 1013 ἔϐοσκεν
910 961 938 1013 ό
986 956 1313 1030 Προμηθεὺς
1366 958 1479 1021 τοῖς
1519 956 1875 1028 σπλάγχνοις.

302 1055 760 1126 Ἐντυγχάνουσιν
790 1054 833 1085 ³⁸
856 1054 941 1108 ἐπ’
985 1051 1294 1122 ἐλεφάντων
1316 1048 1633 1121 ὀχουμέναις
1661 1049 1877 1119 ἀνθρώ-

290 1161 419 1210 ποις
444 1164 458 1178 ·
485 1147 591 1200 εἱσι
613 1145 657 1198 δ’
686 1138 837 1199 οὗτοι
870 1144 1025 1215 μέσοι
1042 1143 1340 1198 Καυκάσου
1363 1142 1460 1196 καὶ
1481 1139 1729 1212 ποταμοῦ
1754 1143 1879 1194 Κωο

290 1236 488 1307 φῆνος,
550 1234 693 1290 ἄῦιοί
733 1252 791 1288 τε
831 1235 926 1287 καὶ
988 1235 1212 1287 ἱππόται
1271 1232 1369 1303 τῆς
1405 1231 1608 1302 ἀγέλης
1648 1229 1875 1298 ταύτης.

304 1330 590 1397 Ἐδέξαντο
625 1329 667 1360 ¹¹
701 1328 795 1381 τὸν
835 1327 995 1396 λόγον
1027 1326 1238 1390 τοῦτον,
1294 1327 1612 1395 ἠσπάσαντο
1652 1321 1880 1393 εὐωχεῖ-

293 1420 442 1476 σθαι.
478 1421 590 1474 Καὶ
626 1420 724 1492 τὴν
750 1420 790 1452 ¹²
823 1418 1046 1472 Νύσσαν
1096 1416 1247 1489 αύτῷ
1275 1417 1318 1449 ¹³
1353 1415 1593 1487 Διονύσῳ
1630 1414 1797 1486 φασὶν
1833 1414 1879 1446 ¹δ

292 1513 625 1584 ἐκφυτεΰσαι
649 1553 664 1576 ,
732 1514 1015 1580 ἀπάγοντα
1073 1513 1138 1565 ἐκ
1207 1510 1401 1579 Θηϐῶν
1460 1509 1522 1563 τὸ
1587 1509 1716 1578 γόνυ
1779 1507 1881 1578 τῆς

290 1606 563 1677 ἀμπέλου,
623 1605 683 1658 '0
719 1604 775 1657 δὲ
827 1602 1173 1672 Ἀλέξανδρος
1213 1599 1497 1672 φιλότιμός
1536 1616 1595 1652 τε
1663 1593 1732 1670 ἦν
1785 1597 1882 1651 καὶ

293 1696 681 1768 ἀρχαιολογίας
718 1696 917 1767 ἥττων.
969 1695 1092 1748 Ὀτι
1125 1693 1169 1724 ¹⁹
1196 1693 1245 1747 οἱ
1280 1692 1567 1760 ἐλέφαντες
1613 1690 1753 1761 ὑπὲρ
1812 1690 1882 1743 τά

293 1790 385 1845 τπ¹
422 1790 517 1861 ἔτη
570 1789 799 1859 βιοῦσιν,
855 1787 932 1851 ὡς
975 1785 1311 1857 δείκνυσινή
1368 1786 1555 1855 πεῖρα.
1610 1782 1674 1837 El
1698 1782 1747 1823 “~
1771 1781 1880 1853 γάρ

295 1852 613 1956 φωράσειαν
634 1884 684 1936 oi
744 1882 959 1946 λέοντες
1006 1880 1106 1944 τὰς
1156 1852 1371 1942 λεαίνας
1421 1852 1487 1931 ἐκ
1535 1877 1646 1932 τῶν
1670 1852 1884 1947 παρδά-
1915 1852 1958 1908 Β

296 1976 438 2030 λεων
462 1977 640 2030 τεκεῖν
659 2018 674 2042 ,
704 1974 1040 2028 διασπῶνται
1069 1973 1196 2036 τοὺς
1228 1969 1503 2042 σκύμνους
1526 1970 1620 2023 καὶ
1648 1968 1886 2034 ξαίνουσι

293 2068 400 2139 τὴν
428 2067 635 2139 σπορὰν
683 2066 759 2131 ὼς
796 2066 970 2121 νόθον.
1014 2065 1103 2125 Ὠς
1158 2065 1233 2136 μὴ
1287 2061 1687 2134 προσδέξασθαι
1719 2061 1889 2131 τριῶν

297 2160 527 2233 ἡμερῶν
574 2163 719 2213 σῖτον
750 2158 839 2213 διὰ
869 2159 960 2213 τὸν
992 2157 1220 2212 θάνατον
1257 2154 1352 2209 τοῦ
1397 2154 1664 2225 σκύμνου,
1709 2154 1888 2208 καίτοι

300 2252 587 2325 βορωτάτη
637 2251 842 2322 θηρίων
879 2249 1035 2316 οὖσα,
1067 2250 1129 2302 Οί
1153 2247 1212 2302 δὲ
1257 2248 1303 2280 ¹⁷
1345 2246 1601 2310 ἐλάττους
1628 2245 1738 2299 τῶν
1768 2245 1889 2298 ἐλε-

300 2348 520 2417 φάντων
558 2344 1023 2417 προπορευόμενοι
1061 2341 1212 2396 οὐδὲν
1240 2339 1308 2395 ἂν
1343 2340 1633 2410 βλάπτοιεν
1656 2338 1755 2408 τὴν
1779 2336 1889 2391 τῶν

303 2440 570 2511 μειζόνων
586 2435 957 2510 διαπορείαν¹⁸
985 2432 1147 2507 ἦττον
1169 2432 1592 2506 ἐμϐοθρεύοντες
1613 2432 1677 2487 ¹⁹.
1705 2431 1891 2485 ’Ὀτιί1⁵

301 2533 334 2585 ό
368 2529 724 2593 ’Δῆολλὼνιος
761 2529 1140 2599 ἁπαράδεκτον
1188 2529 1405 2598 ἡγεῖται
1459 2525 1551 2578 τὸν
1598 2524 1780 2592 λόγον,
1833 2522 1893 2588 ὃς

302 2622 455 2691 λέγει
480 2623 579 2685 τὰς
608 2621 822 2692 ἐχίδνας
858 2620 1140 2674 τίκτεσθαι
1163 2616 1493 2689 φθειρούσας
1509 2616 1608 2689 τὴν
1634 2614 1893 2689 μητρῴαν

303 2713 489 2784 νηδύν.
542 2714 695 2785 Μηδὲ
748 2714 858 2784 γὰρ
897 2714 940 2745 ²¹
991 2713 1216 2766 δυνατὸν
1255 2711 1390 2774 ὅλως
1439 2709 1598 2764 τοῦτο
1627 2710 1719 2765 ἐπί
1748 2727 1895 2774 τινος

303 2806 537 2877 ὁρᾶσθαι
561 2822 575 2835 ο
606 2809 700 2859 καὶ
739 2806 774 2876 ἦ
802 2822 861 2858 τε
893 2804 1023 2877 [542
1068 2802 1163 2875 ΙΙ.]
1208 2802 1370 2873 φύσις
1413 2802 1661 2869 ἀπαιτεῖ,
1723 2802 1816 2856 καὶ
1859 2802 1894 2873 ὴ

306 2899 475 2969 πεῖρα
503 2898 744 2969 συνᾴδει.
778 2898 901 2952 Ὀτι
933 2898 977 2928 ²’
1017 2899 1045 2951 ὁ
1086 2896 1245 2961 Ἰνδὸς
1289 2898 1479 2967 τρέφει
1513 2895 1666 2965 ὄφεις
1703 2894 1895 2965 πηχῶν

306 2990 704 3061 ἐϐδομήκοντα.
735 2992 844 3045 Καὶ
856 2991 947 3044 τὸν
969 2992 1015 3024 ¹³
1052 2991 1256 3061 κόσμον
1284 2989 1594 3060 ἀγασθῆναι
1630 2989 1831 3060 μᾶλλον
1858 2989 1891 3060 ἢ

305 3084 377 3138 τὰ
432 3087 491 3138 ἐν
543 3084 815 3156 βαόυλῶνι
869 3084 1292 3155 φλεγμαίνοντα.
1352 3082 1491 3136 Οὔτε
1546 3082 1594 3114 ³⁸
1653 3082 1894 3153 Ὀμήρου

1978 604 2278 663 potensque
2306 594 2628 664 cupiditates
2657 595 2925 666 ejusmodi
2954 596 3224 667 depellere
3257 614 3325 655 ex
3356 603 3561 663 animo,

1979 688 2222 742 viverent
2266 703 2389 741 cum
2447 688 2665 744 virtutis
2710 690 2922 745 oculis:
2974 706 3118 746 nunc
3156 708 3284 748 vero
3342 708 3566 765 congre-

1978 781 2214 835 dientem
2267 781 2452 836 inveni
2500 791 2554 837 et
2597 782 2773 837 virum
2829 792 3099 853 agentem.
3152 782 3432 840 Jacnlatus
3482 796 3565 842 est

1979 888 2158 939 avem,
2204 888 2325 942 quae
2358 871 2676 929 Promethei
2710 875 2922 930 viscera
2975 873 3390 944 depascebatur.
3437 875 3568 949 [Oc-

1984 975 2208 1020 rurrunt
2261 967 2600 1031 hominibus,
2656 967 2750 1038 qui
2798 966 3106 1038 elephantis
3152 969 3500 1025 vehebantur
3547 986 3564 1025 :

1980 1056 2034 1110 hi
2096 1068 2277 1113 autem
2326 1067 2473 1127 sunt,
2523 1061 2613 1129 qui
2664 1060 2942 1130 regionem
2993 1061 3200 1128 colunt,
3252 1062 3395 1118 inter
3429 1063 3571 1119 Cau—

1982 1164 2168 1207 casum
2223 1162 2471 1211 montem
2524 1163 2580 1209 et
2622 1152 2844 1209 ﬂuvium
2913 1154 3255 1226 Cephenum,
3317 1156 3570 1211 homines

1981 1244 2143 1315 plane
2194 1245 2380 1301 inculti
2423 1255 2479 1302 et
2527 1246 2941 1316 elephantorum
2990 1247 3284 1321 sessores.]
3336 1248 3482 1303 Inter
3513 1268 3571 1303 se

1981 1338 2233 1393 collocuti
2282 1349 2427 1406 sunt,
2476 1350 2527 1395 et
2562 1341 2815 1396 convivio
2863 1351 3217 1413 excetwrtiut,
3258 1352 3314 1398 et
3344 1340 3570 1415 Nyssam

1983 1445 2013 1485 a
2043 1430 2255 1486 Baccho
2282 1432 2580 1502 plautatam
2611 1448 2758 1498 esse,
2794 1435 2887 1505 qui
2932 1432 3134 1490 Thebis
3168 1434 3363 1488 vitium
3403 1436 3571 1488 semi.

1984 1539 2053 1578 na
2100 1538 2167 1578 eo
2203 1524 2498 1580 transtulit.
2550 1524 2858 1581 Alexander
2904 1525 3131 1581 honoris
3177 1524 3277 1579 fuit
3316 1526 3570 1593 cupidus,

1982 1624 2097 1671 tum
2127 1617 2289 1671 etiam
2331 1617 2673 1687 antiquitatis
2724 1617 2887 1672 nimis
2940 1628 3175 1672 amator.
3212 1617 3568 1685 Elephautes,

1984 1718 2043 1763 nt
2091 1709 2426 1778 experientia
2476 1710 2681 1777 docuit,
2721 1720 2992 1766 trecentos
3031 1711 3428 1780 quinquaginta
3475 1727 3573 1766 an-

1988 1816 2087 1857 nos
2114 1801 2324 1857 vivunt.
2360 1800 2418 1857 Si
2452 1800 2635 1858 leones
2662 1804 3129 1872 comprehendant
3161 1804 3363 1861 leaenas
3395 1820 3425 1859 e
3454 1820 3573 1875 par-

1990 1894 2074 1949 dis
2115 1895 2456 1963 concepisse,
2502 1894 2711 1951 catulos
2754 1895 3019 1962 lacerant,
3063 1905 3117 1951 et
3163 1897 3404 1951 sobolem
3452 1907 3576 1953 tan-

1993 2000 2161 2055 quam
2222 1986 2590 2043 adulterinam
2633 1988 2930 2059 expellunt,
2964 1991 3033 2043 ita
3080 1999 3140 2044 ut
3170 1991 3352 2045 triduo
3377 2006 3408 2046 a
3439 1990 3575 2047 cibis

1989 2077 2262 2134 abstineat
2315 2080 2506 2143 leaena,
2557 2081 2809 2149 quamvis
2867 2080 3169 2138 belluarum
3220 2084 3573 2139 voracissima

1989 2170 2082 2227 sit.
2141 2170 2376 2227 Minores
2422 2173 2698 2243 elephanti
2752 2175 3086 2243 pra-cedunt,
3121 2190 3188 2229 ne
3224 2174 3370 2231 fosso
3408 2177 3577 2232 altius

1991 2262 2108 2319 solo
2142 2262 2408 2333 majorum
2446 2262 2860 2334 elephantorum
2889 2267 3031 2319 viam
3062 2266 3379 2336 impediant.
3410 2268 3575 2338 Apol-

1991 2354 2172 2411 Ionius
2222 2372 2328 2411 non
2364 2357 2558 2423 credit,
2609 2358 2914 2425 viperarum
2969 2357 3107 2412 ﬂlios
3161 2362 3576 2431 matremperi-

1992 2456 2206 2503 mentes
2237 2448 2456 2517 prodire
2492 2448 2626 2521 (97).
2662 2448 2773 2504 Nec
2800 2450 2941 2503 enim
2972 2450 3167 2522 332b
3198 2451 3302 2507 hoc
3347 2453 3474 2521 quis
3502 2452 3580 2508 vi-

1994 2541 2121 2597 dere
2172 2552 2372 2611 potest,
2408 2557 2508 2596 nec
2535 2552 2727 2596 natura
2774 2542 2827 2596 id
2864 2545 3086 2613 patitur,
3120 2560 3297 2615 neque
3329 2561 3581 2615 compro-

1992 2635 2086 2691 bat
2113 2637 2473 2705 experientia.
2505 2634 2668 2691 Indus
2708 2635 2872 2691 habet
2926 2646 3209 2704 serpentes
3239 2642 3580 2709 septuaginta

1995 2730 2326 2795 cubitorum,
2376 2739 2429 2785 et
2459 2744 2645 2784 eorum
2685 2739 2938 2784 ornatum
2994 2745 3088 2784 eos
3136 2732 3322 2786 mirari
3381 2733 3578 2800 magis,

1995 2839 2159 2892 quam
2197 2823 2396 2878 fastum
2433 2823 2762 2895 Babyloniae.
2794 2822 2981 2893 Neque
3008 2822 3302 2879 Homerum
3334 2825 3582 2882 laudato-

1996 2931 2108 2970 rem
2137 2917 2349 2983 habuit,
2383 2932 2412 2971 a
2453 2933 2565 2988 quo
2594 2917 2745 2972 multi
2798 2916 3033 2985 improbi
3077 2918 3293 2985 egregie
3320 2919 3583 2978 celebrati

1996 3018 2141 3064 sunt.
2175 3008 2367 3065 Dicere
2394 3009 2506 3081 jam
2534 3009 2746 3079 paravi,
2778 3017 2839 3063 ut
2895 3007 3031 3063 nihil
3062 3007 3184 3063 aliis
3216 3009 3585 3077 relinquatur.

1999 3099 2127 3154 lude
2167 3099 2486 3167 Apollonius
2533 3099 2712 3155 eﬂ'ecit
2779 3108 2839 3155 ut
2870 3114 2966 3156 rex
2998 3100 3087 3156 ille
3126 3100 3311 3156 multis
3335 3102 3591 3171 patrihus.

307 3176 596 3230 ἐπαινέτου
624 3176 834 3247 ἔτυχεν,
878 3177 967 3245 ὑφ’
992 3171 1053 3229 οὗ
1099 3174 1287 3228 πολλοὶ
1332 3174 1428 3227 καὶ⁸
1470 3173 1579 3227 τῶν
1633 3171 1710 3245 μὴ
1753 3172 1894 3226 πάνυ

2003 3202 2222 3259 totaque
2267 3191 2607 3263 philosophia
2674 3191 2909 3247 Pbraota
2974 3192 3202 3249 inferior
3269 3202 3433 3249 esset.
3491 3193 3584 3248 Ait

311 3269 621 3323 σπουδαίων
636 3270 683 3301 ’⁸
727 3272 784 3333 ἐς
828 3268 997 3339 ὄνομα
1043 3268 1311 3340 ἦχθησαν.
1347 3267 1598 3336 Λέγειν²⁶
1626 3267 1728 3338 ἤδη
1758 3283 1900 3337 παρ-

308 3361 776 3432 εσκευασάμηνίτ,
812 3359 887 3424 ὡς
939 3359 1108 3430 μηδὲν
1151 3358 1412 3429 ἐλλείψων
1454 3357 1551 3412 τοῦ
1605 3359 1714 3422 πᾶς
1760 3358 1902 3430 ἀνὴρ

308 3453 567 3522 γενέσθαι
621 3453 805 3522 σφίσιν
822 3452 1003 3505 ¹⁸.Ἐκ
1022 3452 1068 3483 ²⁹
1096 3450 1290 3505 τούτου
1333 3450 1435 3521 μὲν
1480 3450 1545 3522 δὴ
1600 3450 1831 3520 ξυνῆκεν
1873 3451 1902 3503 ό

323 3544 682 3609 Ἀπολλώνιος
730 3548 806 3608 ὼς
855 3544 1108 3615 βασιλεὺς
1157 3546 1369 3607 ἐκεῖνος
1393 3543 1494 3597 οὐκ
1521 3543 1687 3614 ὀλίγῳ
1724 3544 1899 3615 μέρει,

310 3637 603 3709 φιλοσοφίᾳ
652 3637 709 3691 δὲ
766 3636 915 3709 πάσῃ
974 3635 1070 3689 τοῦ
1120 3634 1380 3708 Φραώτου
1439 3634 1832 3690 λείποιτο.’⁷οτι
1857 3635 1902 3666 ⁸⁰

324 3734 680 3789 Ἀπολλώνιον
708 3732 1262 3805 ξυμφιλοσοφήσαντα
1294 3732 1373 3804 τῷ
1394 3731 1584 3803 Ἰάρχᾳ
1615 3731 1771 3804 [1021
1807 3730 1903 3804 [1.]

311 3826 627 3897 ξυγγράψαι
661 3827 758 3898 μὲν
791 3826 999 3879 ἐκεῖθεν
1035 3825 1161 3896 περὶ
1198 3823 1479 3895 μαντείας,
1505 3823 1816 3895 ξυγγράψαι
1848 3824 1905 3878 δὲ

312 3921 445 3990 περὶ
493 3920 716 3973 θυσιῶν.
756 3918 1241 3989 Πολυμαθέστατόν
1264 3918 1304 3950 ³³
1335 3933 1395 3970 τε
1423 3918 1516 3970 καὶ
1548 3916 1906 3986 φιλομαθείας

314 4013 481 4083 ἥττω.
499 4013 715 4083 Ἰάρχας
732 4013 775 4045 ⁸³
806 4011 863 4066 δὲ
892 4012 1021 4083 περὶ
1058 4010 1326 4082 μαντικῆς
1354 4008 1527 4064 πολλὰ
1547 4009 1648 4080 μὲν
1667 4010 1906 4078 άγαθά³³

315 4103 469 4172 ἔλεγε
497 4106 622 4168 τοὺς
661 4103 981 4176 ἀνθρώπους
1009 4103 1322 4176 εἰργάσθαι,
1359 4102 1615 4174 μέγιστον
1639 4102 1695 4157 δὲ
1724 4103 1784 4155 τὸ
1808 4105 1908 4173 τῆς

319 4198 568 4269 ἰατρικῆς
593 4197 764 4269 δῶρον
782 4218 795 4230 ·
826 4198 889 4250 οὐ
921 4197 1029 4269 γὰρ
1060 4198 1125 4253 ἄν
1150 4214 1281 4251 ποτε
1309 4198 1437 4260 τοὺς
1465 4195 1908 4266 σοφοὺςἈσκλη-

317 4290 514 4355 πιὰδας
546 4293 603 4355 ἐς
628 4291 940 4362 ἐπιστήμην
971 4290 1162 4345 τούτου
1202 4289 1489 4359 προελθεῖν
1508 4289 1576 4354 ⁸⁸,
1600 4290 1648 4342 εί
1680 4289 1753 4360 μὴ
1779 4291 1906 4353 παῖς

331 4382 665 4447 ’Λπόλλωνος
718 4382 1048 4449 Ἀσκληπιὸς
1106 4382 1431 4453 γενόμενος,
1469 4381 1566 4435 xat
1612 4381 1755 4433 κατὰ
1808 4381 1909 4443 τὰς

2001 3283 2343 3354 Apollonium
2401 3298 2523 3338 cum
2573 3282 2763 3337 Iarcba
2797 3282 3147 3346 collocutum,
3198 3280 3365 3337 libros
3392 3282 3587 3337 deinde

2006 3379 2071 3431 de
2102 3376 2438 3432 divinatione
2468 3383 2523 3431 et
2565 3375 2630 3429 de
2676 3375 2964 3431 sacriﬁciis
3012 3374 3428 3443 conscripsisse,
3461 3391 3587 3430 cum

2005 3479 2148 3524 esset
2174 3467 2341 3522 multa
2366 3466 2658 3522 admodum
2698 3467 2940 3522 discendi
2991 3466 3390 3537 cupidissimus.
3438 3465 3584 3521 Dixit

2004 3560 2228 3616 larehas
2269 3559 2433 3614 multa
2478 3561 2618 3617 bona
2648 3575 2774 3629 erga
2808 3559 3058 3615 homines
3089 3558 3478 3615 divinationem
3507 3558 3593 3614 fe-

2006 3654 2168 3720 cisse,
2208 3654 2260 3707 in
2309 3652 2509 3723 quibus
2557 3653 2892 3723 praecipuum
2925 3662 3008 3707 est
3049 3651 3333 3707 medicinae
3363 3652 3584 3706 donum.

2008 3743 2121 3798 Non
2152 3744 2323 3806 enim,
2356 3744 2551 3814 inquit,
2586 3744 2643 3807 ii,
2682 3743 2773 3811 qui
2808 3742 3081 3811 sapientes
3116 3739 3169 3794 in
3205 3740 3307 3794 hac
3346 3748 3465 3795 arte
3493 3740 3589 3795 ha-

2007 3838 2102 3892 hiti
2138 3847 2262 3891 sunt
2289 3835 2597 3905 Esculapii
2625 3835 2741 3897 lilii,
2777 3843 2883 3890 tam
2918 3832 3143 3887 multum
3172 3832 3593 3901 processissent,

2011 3931 2111 3985 nisi
2144 3930 2410 3999 Apollinis
2456 3929 2596 3983 illius
2649 3927 2992 3996 Aiseulapius
3021 3943 3086 3979 ex
3119 3926 3292 3995 patris
3330 3926 3594 3995 prmscri-

2010 4031 2102 4093 pto
2127 4032 2181 4077 et
2208 4023 2479 4077 vaticinio
2521 4020 2726 4075 morbis
2774 4018 2925 4072 utilia
2979 4018 3217 4071 remedia
3248 4017 3597 4087 composuis.

2010 4124 2114 4178 set,
2147 4130 2266 4184 qua:
2306 4112 2395 4169 ille
2442 4113 2699 4182 deinceps
2751 4104 2893 4164 ﬁlios
2938 4107 3123 4163 docuit
3164 4122 3233 4163 ac
3271 4106 3595 4174 familiares,

2010 4208 2201 4279 quales
2244 4207 2446 4262 herbas
2494 4204 2731 4259 humidis
2762 4200 3056 4265 ulceribus,
3096 4200 3396 4270 qualesque
3426 4200 3597 4253 siccis

2009 4308 2065 4355 et
2092 4299 2411 4355 ardentibus
2452 4304 2700 4366 oporteat
2744 4295 3045 4348 adhibere:
3090 4293 3339 4361 potiones
3373 4289 3599 4359 insuper

2013 4390 2530 4446 medicamentorum
2562 4386 2814 4447 miscere,
2845 4382 3042 4452 quibus
3086 4378 3367 4452 hydropici
3399 4393 3603 4433 saueu-t

320 4474 531 4529 ἐκείνου
573 4478 760 4546 φήμας
788 4492 850 4528 τε
877 4475 970 4528 καὶ
997 4473 1255 4546 μαντείας
1288 4473 1500 4540 ξυνθεὶς
1528 4472 1594 4527 τὰ
1624 4473 1894 4542 πρόσφορα

2016 4492 2124 4546 tur,
2160 4478 2442 4548 sanguinis
2488 4477 2664 4533 ﬂuxus
2712 4476 2956 4540 sistatur,
3010 4479 3066 4529 et
3117 4472 3222 4526 alia
3270 4471 3433 4525 multa
3476 4484 3598 4539 qua:

320 4568 442 4630 ταῖς
471 4545 646 4630 νόσοις
677 4568 965 4637 φάρμακα,
998 4566 1156 4619 παισί
1184 4582 1245 4618 τε
1285 4562 1451 4617 αὐτοῦ
1491 4563 1774 4635 παρέδωκε
1809 4563 1894 4616 καὶ

2016 4545 2358 4627 curationum
2396 4570 2506 4623 vim
2537 4568 2760 4623 habent.
2806 4564 3018 4619 iudicas
3045 4563 3280 4635 gryphes
3327 4560 3599 4630 magnitu-

321 4659 465 4727 τοῦςε
490 4659 743 4725 ξυνόντας
791 4657 1106 4723 ἐδιδάξατο,
1136 4657 1287 4720 τίνας
1334 4655 1435 4726 μέν
1477 4655 1559 4710 δεῖ
1607 4655 1906 4726 προσάγειν

324 4751 459 4814 πόας
492 4752 679 4821 ὑγροῖς
707 4751 890 4804 ἕλκεσι
912 4792 927 4816 ,
957 4750 1109 4812 τίνας
1140 4748 1197 4802 δὲ
1226 4748 1535 4818 σύχμηροίς
1577 4748 1671 4800 καὶ
1703 4746 1907 4817 ξηροῖς,

325 4841 665 4911 ξυμμετρίας
692 4858 751 4893 τε
785 4841 1029 4912 ποτίμων
1066 4840 1373 4912 φαρμάκων
1396 4877 1411 4901 ,
1435 4838 1529 4907 ἀφ’
1548 4837 1592 4869 ³³
1625 4831 1699 4890 ὧν
1732 4836 1913 4908 ὕδεροι

324 4935 745 5005 ἁποχετεύονται
781 4930 922 5005 αἷμά
969 4952 1030 4989 τε
1085 4935 1294 5005 ἴσχεται
1322 4935 1417 4989 καὶ⁵
1445 4933 1515 4988 τά
1548 4932 1681 4987 ἄλλα
1717 4934 1915 4995 ἰάσεως

323 5026 738 5097 τυγχάνει.’¹οτι
754 5028 799 5059 ³⁸
818 5026 945 5092 τοὺς
974 5028 1033 5082 ἐν
1058 5027 1240 5091 Ἰνδοῖς
1258 5026 1476 5095 γρῦπας
1501 5025 1732 5097 μέγεθος
1758 5025 1854 5096 μὲν
1869 5026 1916 5059 ν’

2017 4665 2143 4725 (line
2172 4671 2227 4717 et
2273 4660 2482 4715 viribus
2529 4658 2777 4713 leonibus
2822 4670 2982 4727 pares
3025 4670 3148 4709 esse
3176 4652 3361 4718 tradit,
3397 4662 3452 4705 et
3482 4650 3597 4703 ala-

2012 4772 2130 4809 rum
2169 4752 2419 4823 prazsidio
2462 4751 2515 4805 iu
2575 4750 2778 4831 leones,
2828 4748 3169 4826 elephantos,
3225 4759 3289 4798 ac
3336 4744 3601 4797 dracones

2012 4845 2256 4902 involare
2292 4852 2347 4898 et
2405 4858 2707 4912 superare:
2765 4842 2945 4896 volant
2986 4846 3163 4892 autem
3195 4852 3299 4892 non
3344 4835 3597 4897 multum,

2015 4939 2108 4995 sed
2140 4947 2398 5009 quantum
2428 4935 2668 5007 parvulae
2698 4950 2847 4991 aves.
2883 4932 3001 4988 Non
3027 4933 3170 4987 enim
3204 4931 3455 5001 plumata:
3475 4939 3601 4985 sunt

2018 5043 2075 5087 ut
2126 5031 2347 5100 reliquae
2392 5044 2543 5095 aves,
2580 5028 2675 5083 sed
2709 5027 2869 5081 rubra
2916 5025 3163 5096 pellicula
3202 5024 3409 5080 alarum
3439 5030 3604 5079 costae

1612 5190 1847 5248 VARIIE
1884 5190 2295 5248 LECTIONES.

374 5312 423 5393 ,τ
453 5308 681 5413 ἐζωνὶι,
714 5310 803 5395 ὅᾷ.
861 5318 883 5350 ⁸
905 5307 1027 5411 νῦν]
1052 5323 1091 5372 t,
1119 5307 1209 5363 '57.
1284 5307 1307 5339 ⁹
1332 5304 1490 5406 ἀλλὰ]
1515 5322 1574 5366 tt,
1598 5305 1653 5359 5.
1697 5304 1741 5337 ¹⁰
1772 5305 1969 5374 ἐντυγχ

374 5400 410 5434 ω
445 5381 505 5434 Β.
587 5386 602 5414 ³
648 5399 816 5434 φησιν
854 5381 919 5434 A.
1037 5379 1059 5410 ⁵
1086 5376 1192 5434 ὅτι]
1222 5376 1375 5434 ιῐ.12.
1444 5377 1458 5406 ¹
1518 5372 1591 5434 εἰ]
1626 5392 1685 5434 tt.
1721 5376 1807 5430 14.
1882 5374 1969 5428 ¹⁷ι

329 5400 410 5448 τῳ
445 5399 505 5435 ι).
588 5399 683 5448 "ip

689 5382 816 5451 ησὶν
854 5381 919 5451 Α.
1006 5376 1059 5411 ἶ⁵
1086 5376 1192 5451 ὅτι]
1222 5376 1458 5451 ιιιῖξη]

1976 5300 2016 5396 Ἄ]
2036 5319 2110 5396 91:,
2124 5301 2176 5356 6.
2318 5297 2483 5371 ἐδέξ.Ι
2514 5299 2785 5396 ῃῇξχιικ
2830 5297 2873 5396 ’τ’
2901 5296 2995 5349 καὶ
3022 5290 3143 5396 τὴγέ
3171 5291 3334 5396 ιηκθη

1518 5372 1591 5446 εἰ]
1626 5392 1685 5442 tt,
1721 5376 1807 5430 14.
1882 5366 2111 5446 Weiss]
2142 5371 2304 5446 "Lis
2345 5366 2485 5446 extr}
2520 5366 2609 5446 ξ’
2635 5366 2930 5446 διαπρρίαχ
2954 5384 3014 5446 ς.
3040 5437 3054 5446 _
3097 5367 3110 5395 ¹

3170 5363 3519 5430 ἐμϐαίνοντες

332 5427 517 5524 δὸτι]
547 5468 607 5513 ιι,
629 5427 810 5524 ίῖίῘίί
969 5427 1192 5524 οεῐιίβξδ
1213 5427 1428 5524 iiiis]
1728 5427 1914 5524 δοιαὶ.
1936 5443 2053 5524 τον]
2087 5427 2145 5524 t‘r‘,
2178 5443 2267 5497 25.
2307 5440 2391 5524 Αξδ
2424 5438 2571 5524 οθτε]
2608 5455 2688 5503 ttt,
2889 5439 2933 5522 'f
2964 5427 3054 5505 ὕφ’
3083 5427 3608 5524 οἱπολλοιῌκέτῶἔ

337 5497 517 5593 ei?
543 5497 651 5593 ἕτὲῖ
673 5497 802 5593 KB;
831 5497 936 5593 ξεῖ
973 5497 1373 5593 animi;
1391 5497 1794 5593 ἓπῖἰτρδελὸὶςο
1938 5497 2145 5593 λέχέινῙ
2184 5529 2274 5593 ι·.ι;
2305 5512 2420 5593 ἓιε,
2452 5512 2518 5593 .ῗῖ
2547 5497 3039 5593 haesissem?
3075 5504 3243 5593 διδ-,η
3262 5497 3613 5593 ’ᾖσξσίειζδέιδι

335 5584 503 5662 φήσιν
528 5590 638 5675 ΑΒ.
707 5596 751 5632 ὀ
771 5584 982 5662 Exim,
1004 5584 1093 5644 26.
1125 5584 1139 5591 ’
1177 5589 1223 5620 ³⁰
1269 5584 1377 5689 ὅτι]
1413 5601 1491 5651 nt,
1520 5588 1610 5670 ὀί.
1689 5587 1731 5619 ³⁸
1765 5584 2069 5671 nolumth
2098 5584 2176 5650 tit,
2208 5584 2298 5637 45.

337 5667 461 5720 σθαι
488 5670 637 5729 ponit
676 5661 739 5718 B.
824 5661 871 5696 ³⁵
895 5659 1184 5729 παρελθεῖν
1214 5676 1275 5724 ς.
1374 5656 1536 5729 ⁸άφ’]
1576 5673 1682 5713 imo
1731 5656 1843 5727 ὑφ’.
1917 5657 1962 5688 ⁸⁸
1991 5654 2096 5727 οτι]
2130 5671 2208 5719 ttt,
2242 5653 2313 5710 48

337 5659 461 5720 σθαι
488 5666 637 5734 ponit
676 5661 739 5718 B.
824 5659 871 5696 ³⁵
895 5659 1184 5733 παρελθεῖν
1214 5676 1275 5724 ς.

2378 5582 2422 5618 ³³
2452 5568 2688 5653 Ἰάρχοίς]
2719 5568 2945 5653 ttt,_44.'
2995 5568 3038 5610 ³³
3069 5574 3247 5644 ἁγαθὰ
3272 5581 3394 5644 past
3417 5568 3606 5640 εἰργά-

2434 5654 2478 5685 ιτ
2513 5650 2612 5723 μὲν
2638 5650 2764 5706 add.
2796 5650 2865 5704 A.

1834 5750 2069 5807 NOTz‘E.

410 5847 524 5919 (97)
568 5845 941 5918 Dalecampius
978 5848 1032 5903 in
1075 5848 1167 5904 lib.
1212 5865 1242 5919 ι
1305 5847 1462 5919 Plinii
1512 5862 1630 5916 cap.
1668 5846 1758 5901 62.
1801 5845 1914 5899 Au-

338 5918 519 5979 «om
546 5919 650 5977 hoc
684 5930 944 5992 negantes
988 5919 1192 5977 laudat.
1223 5918 1356 5976 Cum
1386 5918 1713 5976 Philostrato
1741 5919 1905 5974 sentit

2028 5845 2193 5925 liasil.
2235 5844 2373 5915 Mag.
2414 5842 2537 5897 Isid.
2580 5839 2759 5895 Pelus.
2796 5836 3050 5893 llerodot.
3084 5842 3141 5888 ct
3184 5830 3452 5887 Maximus
3496 5825 3607 5903 Ty-

2012 5931 2145 5972 ιἰυε.
