4104 6458
314 369 454 439 1245
1399 380 1889 445 BIBLIOT’HECA

1997 406 2025 419 -
2062 384 2226 447 COD.
2255 383 2495 449 CCXLI.
3427 385 3570 452 1246

310 489 460 539 dare.
510 480 573 536 Ei
609 480 768 551 μέν⁶⁶
796 483 906 555 γὰρ
950 485 1242 560 Λακωνικὴ
1277 490 1310 561 ὴ
1346 491 1593 562 ὄρχησις,
1634 494 1889 565 συνορχή·

2010 499 2150 567 quod
2176 514 2366 554 omnes
2402 500 2456 554 in
2478 513 2538 555 se
2572 498 2923 569 respicientes
2956 498 3429 562 animadverteret.
3468 516 3571 557 nec

310 588 498 641 σομαι,
572 572 619 624 εί
649 570 703 623 δὲ
737 572 919 644 ἁπαλὴ
985 575 1079 627 καὶ
1138 578 1217 641 εἰς
1264 578 1324 631 τὸ
1364 579 1497 650 θῆλυ
1560 583 1889 649 σπεύδουσα,

1997 590 2219 645 ulterius
2248 590 2496 659 petulans
2532 590 2847 659 apparebat.
2896 589 3105 643 Mutans
3131 591 3295 661 igitur
3319 590 3569 660 chlamys

308 664 511 718 οὐκέτι.
581 665 620 716 Γ
625 666 965 737 υναικομίκῳ
1019 670 1162 737 (κατ’
1221 672 1518 744 Εὐριπίδην
1543 674 1730 744 φάναι)
1760 693 1889 747 μορ-

1997 683 2104 749 des,
2139 692 2192 736 et
2224 682 2493 751 reliquum
2537 680 2903 751 Sybariticum
2939 682 3167 744 cultum,
3206 683 3353 736 venit
3385 684 3437 736 in
3474 684 3570 738 de-

308 756 550 823 φώματι.
603 757 791 823 Λόγων
805 758 849 787 ⁸⁷
877 774 937 809 τε
963 760 1239 831 κρατῆρες
1273 763 1511 827 ἵσταντο,
1545 765 1639 819 καὶ
1661 766 1889 837 ὴρύοντο

1997 775 2243 829 siderium
2276 776 2440 829 vestis
2465 775 2695 829 sordida:
2727 784 2781 828 et
2805 774 2965 838 tritae,
3007 784 3061 829 et
3090 774 3142 828 iu
3175 789 3355 829 mores
3404 775 3569 844 Apol-

308 843 488 895 αὐτῶν
514 845 560 895 οἱ
593 844 874 912 διψῶντες.
901 848 1112 917 Πηνίκα
1130 850 1173 881 ⁸⁸
1203 852 1472 923 οίγάμοι;
1505 855 1719 926 θερμοὶ,
1754 857 1880 928 ἔφη,

1997 864 2116 920 Ionii
2150 864 2340 919 abivit.
2364 863 2422 918 Si
2452 863 2594 919 enim
2635 873 2721 919 est
2752 864 3067 933 tripudiatio
3093 862 3383 931 Laconica,
3407 843 3570 918 simul

310 935 404 985 καὶ
459 935 587 997 ἴσως
639 934 845 1006 αὔριον.
890 939 1088 1008 Σοφίαν
1110 942 1153 973 ⁶⁹
1181 942 1236 994 δὲ
1263 944 1426 998 αὑτοῦ
1490 946 1884 1017 κατεψεύδετο·

2001 954 2194 1025 3331)
2239 954 2541 1023 tripudiabo
2570 971 2585 1009 :
2628 956 2711 1008 sin
2735 954 2912 1009 mollis
2938 965 3055 1020 est,
3085 964 3140 1008 et
3165 954 3422 1018 feminea,
3459 969 3569 1009 non

311 1027 405 1077 καὶ
456 1026 668 1095 χαλινὸς
713 1030 813 1082 οὐκ
848 1025 916 1100 ἦν
935 1033 1025 1084 ἐπὶ
1050 1036 1114 1103 τῇ
1143 1033 1376 1107 γλώττῃ.
1406 1033 1516 1090 Ἦν
1545 1038 1602 1091 δὲ
1620 1040 1667 1071 ⁷⁰
1692 1042 1720 1093 6
1743 1039 1889 1093 Φιλό·

1997 1047 2228 1116 amplius
2250 1046 2536 1101 mulierum
2564 1046 2872 1109 imitatrice,
2897 1055 2955 1099 ut
2982 1046 3057 1100 ait
3087 1046 3393 1114 Euripides,
3422 1045 3569 1100 larva

308 1116 432 1168 λαοε
460 1120 558 1185 τὴν
583 1119 680 1186 μὲν
709 1119 954 1187 γλῶτταν
990 1126 1367 1196 συγκείμενος,
1398 1129 1791 1203 μαλακώτερος
1828 1132 1887 1186 δέ

1999 1147 2142 1202 utar,
2182 1153 2281 1192 nec
2307 1139 2512 1193 verbis.
2561 1138 2759 1194 Pocula
2809 1140 2861 1193 in
2906 1153 3091 1194 mensa
3138 1147 3470 1203 statuuntur,
3512 1146 3570 1193 et

309 1212 652 1281 καρτερῆσαί
673 1230 749 1267 τι.
778 1216 972 1275 Δείσας
990 1218 1033 1247 ⁷⁸
1069 1220 1197 1289 περὶ
1220 1222 1497 1285 τοῖςνέοις.

1997 1229 2319 1283 hauriebant
2371 1229 2640 1285 sitientes.
2679 1231 2905 1297 Quando
2936 1230 3137 1297 nuptiae
3182 1228 3411 1294 fervent,
3468 1229 3566 1296 ait,

306 1313 362 1358 et
397 1304 534 1357 forte
564 1321 686 1360 cras
730 1308 1104 1375 :Sapientiam
1136 1327 1289 1367 suam
1331 1316 1645 1381 simulabat,
1682 1328 1740 1374 et
1776 1318 1957 1390 lingua
2000 1321 2220 1390 quidem
2252 1323 2384 1378 satis
2409 1331 2712 1392 promptus,
2779 1322 2871 1378 sed
2930 1322 3147 1377 mollior
3226 1322 3294 1376 ad
3362 1322 3569 1377 incom-

307 1399 468 1451 moda
499 1398 794 1466 toleranda,
822 1402 1088 1458 sollicitus
1111 1406 1181 1460 de
1211 1409 1668 1467 adolescentibus.

383 1492 517 1560 Περὶ
568 1493 721 1561 μέν⁷¹
749 1493 911 1564 γάρ⁷³
946 1496 1150 1567 θηρίων
1213 1502 1313 1554 οὐκ
1345 1501 1409 1555 ἂν
1443 1505 1615 1566 εἴποις
1666 1507 1748 1560 ὅτι
1794 1508 1894 1571 τὰς

310 1583 557 1654 μητέρας
607 1584 787 1639 αὐτῶν
824 1587 1105 1643 ἐδαίσαντο
1127 1608 1142 1623 ’
1203 1594 1397 1665 Νέρων
1423 1596 1479 1649 δὲ
1507 1598 1892 1672 ἐμπεφόρηται

304 1675 408 1745 τῆς
465 1677 631 1748 βορᾶς
681 1678 884 1751 ταύτης
942 1682 1031 1734 ἐπ’
1099 1684 1325 1757 Ὀρέστῃ
1385 1687 1480 1739 καὶ
1537 1688 1889 1760 Ἀλκμαίωνι.

318 1765 462 1820 Ἀλλ’
513 1769 743 1834 ἐκείνοις
815 1775 1001 1842 σχῆμα
1042 1774 1134 1827 τοῦ
1172 1775 1334 1846 ἔργου
1389 1780 1624 1852 πατέρες
1666 1779 1829 1853 ἦσαν,
1862 1788 1889 1838 ὁ

2064 1509 2141 1562 De
2168 1506 2299 1562 feris
2327 1520 2434 1560 non
2485 1504 2645 1560 facile
2692 1503 2895 1559 dixeris
2919 1517 2985 1556 an
3019 1510 3225 1557 matres
3257 1501 3566 1570 discerpse-

1996 1600 2125 1654 rint.
2184 1597 2323 1653 Nero
2388 1597 2490 1651 hoc
2539 1595 2660 1650 cibo
2700 1596 2949 1660 satiatur,
2994 1594 3242 1649 insanior
3267 1592 3483 1657 Oreste,
3513 1603 3568 1649 et

1994 1693 2325 1754 Alcmaeone,
2356 1690 2450 1743 sed
2482 1686 2606 1741 facti
2641 1696 2933 1757 praetextus
2968 1686 3075 1741 illis
3103 1694 3355 1741 auctores
3388 1670 3582 1740 erant.1

1995 1786 2083 1839 Ille
2126 1783 2343 1853 quidem
2391 1790 2656 1844 mortuus,
2715 1780 2801 1833 hic
2857 1780 2910 1832 in
2963 1788 3121 1847 portu
3164 1780 3433 1834 venditus.
3474 1777 3567 1835 Ille

307 1858 412 1929 μὲν
476 1862 835 1926 ἅποθανὼν,ό
883 1863 938 1916 δὲ
992 1867 1162 1935 ὅρμου
1215 1868 1465 1938 πραθεὶς.
1518 1866 1687 1937 Οὗτος
1707 1875 1763 1928 δὲ
1795 1878 1888 1929 καὶ⁵

1997 1883 2154 1939 opera
2207 1867 2397 1922 matris
2436 1868 2503 1921 ab
2552 1867 2882 1935 imperatore
2926 1878 3037 1920 tum
3077 1881 3207 1922 sene
3258 1867 3565 1937 adaptatus,

302 1955 638 2026 εἰσποιηθεὶς
708 1956 810 2009 ὑπὸ
856 1960 954 2028 τῆς
1008 1960 1214 2029 μητρὸς
1274 1961 1494 2033 γέροντι
1550 1966 1760 2036 βασιλεῖ
1796 1971 1890 2023 καὶ

301 2043 723 2115 κληρονομήσας
754 2046 816 2098 τὸ
855 2047 1047 2117 ἄρχειν
1067 2047 1134 2101 ⁷⁸.
1176 2049 1299 2102 Ἐπὶ
1331 2052 1376 2083 ⁷⁸
1422 2053 1606 2123 κῶμον
1644 2055 1887 2127 ἔρχεται,

307 2135 526 2204 μεθύων
576 2137 885 2209 ἄνθρωπος,
940 2140 1039 2192 οὐκ
1102 2140 1356 2207 ἀγλύκως
1388 2143 1431 2175 ⁷⁸
1482 2146 1584 2215 τῆς
1627 2150 1809 2219 φωνῆς
1843 2152 1888 2183 ἰτ

303 2228 464 2298 ἔχων.
525 2231 803 2301 Περιήρθη
865 2233 1030 2285 πᾶσιν
1061 2232 1383 2305 ὀφθαλμοῖς,
1427 2238 1643 2303 ὁπόσοις
1677 2242 1709 2311 ἡ
1746 2243 1889 2314 ἀρχὴ

305 2321 517 2392 βλέπει.
552 2325 613 2376 υἱ
644 2324 699 2377 δὲ
738 2325 783 2357 ⁷³
812 2325 875 2396 δὴ
900 2325 1157 2380 Αίσώπου
1180 2328 1233 2381 τί
1258 2346 1272 2393 ;
1300 2327 1562 2401 βάτραχοι
1586 2370 1599 2395 ,
1626 2332 1728 2402 ἔφη
1754 2377 1768 2400 ,
1800 2337 1891 2387 καὶ

302 2414 415 2466 ὄνοι
447 2415 540 2467 καὶ
573 2416 744 2485 λῆροι,
801 2417 1035 2486 γραυσὶν
1067 2415 1170 2472 οἷοι
1204 2421 1479 2490 μασᾶσθαι
1506 2425 1597 2476 καὶ
1636 2425 1887 2490 παιδίοις,

316 2504 411 2557 Ἐκ
436 2504 638 2558 παίδων
689 2507 796 2577 γὰρ
837 2512 950 2572 τοῖς
1006 2509 1195 2577 λόγοις
1234 2511 1444 2576 τούτοις
1480 2513 1887 2585 ξυγγενόμενοι,

302 2598 401 2651 καὶ
426 2599 518 2651 ὑπ’
544 2600 724 2653 αὐτῶν
753 2604 1207 2673 ἐκνηπιωθέντες.
1244 2604 1400 2669 δόξας
1435 2606 1890 2678 ἀναλαμϐάνομεν

304 2690 435 2759 περὶ
476 2691 707 2745 ἑκάστου
751 2694 858 2747 τῶν
891 2694 1067 2758 ζώων,
1118 2698 1188 2751 τά
1228 2701 1325 2769 μὲν
1373 2702 1447 2764 ὼς
1486 2701 1741 2771 βασιλικά
1780 2704 1889 2775 εἴη,

303 2783 373 2837 τὰ
432 2783 567 2848 δ’ὡς
622 2788 814 2858 εὐήθη.
857 2791 964 2842 Καὶ
987 2791 1053 2843 τὰ
1078 2793 1121 2823 ⁷⁸
1157 2787 1271 2845 ὦτα
1302 2796 1359 2855 ἐς
1407 2796 1764 2850 Ἀπολλώνιον
1794 2799 1889 2850 Αί-

303 2878 556 2943 γυπτίοις
605 2880 740 2950 ὀρθὰ
797 2877 886 2952 ἦν.
913 2883 1096 2936 Ὅτιδο
1128 2884 1396 2950 Κλαύδιος
1423 2888 1705 2957 τηλικόςδε
1729 2891 1772 2921 ⁸⁸
1815 2887 1891 2941 ὢν

304 2966 478 3019 πολλὰ
538 2970 871 3043 μειρακιώδη
930 2971 1129 3041 ἔπαθε,
1175 2977 1267 3027 καὶ
1336 2977 1621 3045 μελόὸοτον
1647 2982 1891 3047 γυναίοις

303 3057 404 3127 τὴν
466 3059 638 3130 ἀρχὴν
685 3062 903 3132 ἀνῆκεν.
957 3066 1224 3136 Κίὸδηλος
1244 3068 1289 3099 ⁸⁸
1318 3069 1429 3139 γὰρ
1466 3072 1494 3124 6
1541 3075 1740 3141 χρυσὸς
1790 3072 1891 3127 καὶ

310 3150 479 3220 μέλας
529 3147 596 3222 ἦν
649 3153 714 3205 ἐκ
757 3154 1010 3225 δακρύων
1071 3159 1221 3229 ἥκων
1240 3160 1571 3233 ⁸³.’ᾘκαλλε
1591 3162 1657 3218 ⁸⁵.
1721 3167 1889 3221 Κα¹ι⁸⁵

1993 1974 2047 2016 et
2078 1964 2361 2031 imperium
2396 1961 2724 2016 haereditatis
2749 1961 2869 2029 jure
2901 1969 3244 2026 consecutus,
3273 1962 3339 2015 ad
3370 1961 3569 2016 intem-

1994 2054 2296 2124 perantiam
2350 2052 2640 2115 delabitur,
2683 2052 2845 2105 homo
2896 2050 3169 2113 ebriosus,
3220 2065 3319 2104 nec
3350 2050 3568 2105 insuavi

1993 2160 2145 2201 voce.
2195 2142 2446 2199 Omnium
2481 2143 2651 2197 oculis
2683 2142 2962 2210 expositus
3009 2150 3113 2205 est,
3147 2140 3238 2209 qui
3270 2142 3321 2194 in
3365 2141 3569 2211 princi-

1995 2253 2111 2308 pem
2165 2237 2548 2303 conjiciuntur.
2595 2234 2796 2303 IEsopi
2853 2250 3019 2297 ranae,
3069 2233 3266 2302 inquit,
3317 2244 3371 2287 et
3401 2234 3566 2301 asini,

1997 2344 2149 2398 nugas
2185 2328 2388 2396 pueris,
2446 2326 2784 2394 aniculisque
2821 2325 3141 2377 tractandae.
3181 2325 3221 2375 A
3257 2323 3483 2391 pueritia
3513 2322 3570 2376 in

1994 2421 2100 2475 illis
2144 2418 2387 2483 enutriti,
2416 2425 2469 2471 et
2503 2418 2553 2470 in
2585 2417 2691 2470 illis
2727 2428 3046 2485 consumpta
3081 2414 3307 2470 infantia
3346 2424 3449 2470 est.
3496 2416 3570 2471 De

1993 2511 2220 2581 singulis
2265 2511 2588 2565 animalibus
2629 2511 2914 2579 opiniones
2960 2509 3217 2563 habemus
3248 2526 3262 2562 :
3296 2511 3409 2564 btet:
3442 2509 3567 2578 qui-

1994 2601 2115 2656 dem
2154 2612 2211 2655 ut
2236 2602 2461 2671 imperio
2504 2603 2686 2672 digna,
2730 2603 2816 2654 illa
2862 2612 2919 2655 ut
2948 2602 3297 2670 simpliciora.
3330 2601 3569 2673 Egyptii

1996 2710 2154 2750 aures
2193 2694 2257 2748 ad
2289 2695 2627 2761 Apollonium
2659 2696 2988 2764 arrigebanl.
3022 2696 3295 2759 Claudius,
3319 2698 3419 2751 etsi
3452 2708 3571 2752 tan-

1997 2796 2083 2841 tus
2113 2799 2249 2851 erat,
2297 2789 2461 2841 multa
2516 2799 2690 2841 tamen
2736 2788 2964 2857 puerilia
2991 2789 3263 2856 fpraztcrea
3298 2788 3567 2844 exhibuit.

1996 2878 2326 2934 Mulierculis
2371 2880 2657 2948 imperium
2712 2879 2985 2944 submisit,
3041 2893 3147 2947 quo
3200 2879 3446 2932 homines
3481 2895 3570 2933 re-

1995 2984 2214 3044 guntur.
2251 2973 2624 3026 Adulterinum
2660 2975 2803 3025 enim
2847 2987 3062 3035 aurum,
3111 2981 3164 3026 et
3199 2972 3411 3042 nigrum
3454 2984 3572 3027 erat

1993 3081 2025 3121 e
2070 3066 2322 3135 lacrymis
2367 3065 2684 3134 procedens.
2738 3064 3146 3126 Assentabatur,
3190 3073 3244 3117 et
3300 3063 3572 3119 referebat

1995 3159 2062 3214 de
2092 3173 2322 3213 noverca
2368 3173 2675 3212 sermonem
2722 3172 2853 3211 voce
2897 3157 3154 3221 demissa,
3210 3172 3306 3211 nec
3340 3171 3568 3211 venerea

305 3241 489 3311 διῆλθε
518 3243 609 3296 τὸν
668 3245 798 3315 περί⁹
854 3248 1011 3317 τῆς⁸⁶
1045 3253 1319 3319 μητρυιᾶς
1361 3252 1519 3321 λόγον
1552 3256 1829 3329 ὑφειμένῳ
1847 3260 1889 3292 ⁸⁷

2000 3251 2195 3320 attigit,
2238 3265 2339 3305 nec
2378 3250 2536 3304 aliter
2574 3251 2627 3304 in
2658 3264 2783 3303 eum
2834 3250 2954 3319 quis
2990 3248 3342 3316 petulantiam
3381 3258 3570 3301 osten-

305 3332 385 3404 τῷ
409 3334 568 3403 τόνῳ.
629 3336 763 3390 Οὐδὲ
816 3339 1148 3411 ἀφροδισίων
1193 3344 1397 3413 ἥπτετο
1418 3346 1485 3411 ⁸⁸,
1542 3348 1652 3400 οὐδ’
1695 3349 1892 3420 ἔρωςεθ

304 3426 394 3479 ἐπ’
432 3428 591 3480 αὑτὸν
614 3430 789 3494 οὐδεὶς
815 3432 1112 3502 ἐκώμασεν
1141 3448 1154 3461 ⁶
1192 3436 1309 3488 ἀλλ’
1337 3433 1406 3508 ἦν
1435 3439 1533 3507 τῆς
1578 3441 1895 3510 ἀγροικοτέ-

307 3536 409 3589 ρας
442 3538 500 3573 τε
520 3522 564 3554 ⁹⁰
588 3526 683 3577 καὶ
737 3524 1004 3593 ἀτέγκτου
1026 3528 1068 3559 ’⁸
1109 3527 1325 3599 μοίρας.
1398 3530 1602 3583 Ἐδόκει
1648 3532 1704 3585 δέ
1722 3534 1767 3563 ⁹²
1800 3540 1895 3594 καὶ

308 3608 434 3682 [544
460 3610 550 3684 H.|
594 3618 969 3684 γυμναστικῆς
1014 3618 1392 3689 ἐπαφροδίτως
1420 3620 1682 3689 ἅψασθαι.
1730 3625 1893 3679 Ἀπο-

303 3709 410 3775 χρῇ
430 3707 478 3740 ⁸³
507 3707 584 3777 τῷ
637 3708 784 3779 σοφῷ
850 3709 1105 3780 βρώσεως
1150 3728 1209 3762 τε
1245 3712 1472 3782 καθαρῷ
1538 3710 1675 3768 εἶναι
1719 3716 1891 3788 ὁπόση

306 3797 567 3867 ἔμπνους,
624 3800 816 3870 ἱμέρου
859 3817 917 3853 τε
952 3800 1010 3865 ὃς
1038 3804 1199 3872 φοιτᾷ
1240 3802 1308 3855 δι’
1342 3804 1631 3873 ὀμμάτων,
1692 3808 1890 3874 φθόνου

302 3906 361 3942 τε
388 3889 446 3952 ὃς
474 3890 793 3954 διδάσκαλος
812 3893 1016 3946 ἀδίκων
1044 3894 1137 3945 ἐπὶ
1160 3896 1319 3965 χεῖρα
1354 3896 1449 3949 καὶ
1476 3895 1702 3967 γνώμην
1739 3898 1888 3966 ἥκει.

304 3981 784 4054 Θαυμασιουργίας
834 3987 1011 4039 τεκαὶ
1065 3986 1244 4057 βιαίου
1299 3986 1496 4057 τέχνης
1556 3990 1629 4059 μὴ
1685 3990 1891 4044 δεῖσθαι

304 4070 580 4139 ἀλήθειαν.
629 4073 692 4125 Ἦ
711 4073 809 4143 μὲν
859 4074 1027 4129 κακία
1066 4075 1255 4146 χρυσῷ
1286 4093 1346 4129 τε
1396 4080 1890 4152 κατεσκευασμένη

305 4166 399 4221 καὶ
422 4166 613 4236 ὅρμοις
643 4169 828 4238 ἐσθῆτί
856 4186 916 4222 τε
943 4170 1302 4241 ἁλιπορφύρῳ
1355 4174 1449 4226 καὶ
1473 4175 1706 4244 παρειᾶς
1732 4175 1884 4229 ἄνθει

307 4260 402 4311 καὶ
430 4261 624 4329 χαίτης
676 4262 1012 4325 ἀναπλοκαίς
1062 4264 1156 4317 καὶ
1183 4268 1421 4334 γραφαῖς
1437 4267 1703 4336 ὀμμάτων
1734 4284 1747 4297 ο
1773 4267 1889 4321 ἔστι

307 4350 353 4404 δ’
404 4353 544 4423 αὐτῇ
568 4353 613 4384 ⁹⁵
665 4357 760 4406 καὶ
810 4353 1046 4424 χρυσοῦν
1096 4355 1309 4410 πέδιλον
1340 4372 1355 4386 ·
1423 4358 1732 4429 γέγραπται
1780 4361 1889 4431 γὰρ

309 4445 407 4499 καὶ
442 4445 617 4514 τούτῳ
636 4446 679 4476 ’⁸
737 4446 1052 4501 ἐνσοϐοὖσα.
1098 4448 1160 4499 Ἦ
1210 4447 1254 4500 δ’
1318 4448 1487 4519 ἀρετὴ
1534 4452 1888 4522 πεπονηκυίᾳ

312 4536 412 4609 μὲν
476 4537 813 4609 προσφερὴς,
863 4538 1036 4609 τραχὺ
1096 4539 1152 4592 δὲ
1207 4540 1395 4609 ὁρῶσα
1454 4542 1545 4595 τὸν
1596 4543 1810 4612 αὐχμὸν
1842 4544 1887 4575 ⁸⁸

2003 3342 2102 3397 dit.
2167 3341 2272 3396 Sed
2330 3352 2450 3396 erat
2523 3342 2820 3411 agrestiore
2891 3342 3108 3411 ingenio
3180 3356 3244 3396 ac
3300 3342 3568 3409 prmduro.

2006 3432 2165 3489 Visus
2207 3445 2289 3490 est
2335 3445 2389 3489 et
2419 3435 2807 3505 gytunasticant
2852 3435 2984 3488 scite
3034 3434 3296 3503 attigisse.
3344 3432 3574 3500 Exiiedit

2002 3528 2228 3597 sapienti
2265 3544 2455 3597 pnrunt
2509 3543 2630 3583 esse
2660 3544 2687 3581 a
2718 3529 2861 3591 cibo,
2906 3528 2997 3597 qui
3051 3528 3220 3594 spirat
3271 3527 3571 3591 libidinem,

2000 3635 2120 3690 qua:
2151 3635 2245 3687 per
2276 3620 2462 3674 oculos
2505 3621 2650 3675 venit
2683 3635 2696 3671 :
2731 3630 2785 3674 et
2831 3619 3114 3681 invidiam,
3158 3633 3276 3688 qua:
3317 3621 3571 3686 magistra

2003 3710 2216 3779 injustis
2264 3712 2669 3766 contentionum
2735 3727 2797 3766 ac
2848 3711 3244 3765 dissensionum
3292 3721 3393 3765 est.
3456 3711 3571 3767 Non

2002 3813 2123 3868 eget
2155 3804 2353 3858 veritas
2384 3804 2825 3867 incantamentis,
2857 3813 2911 3857 et
2935 3812 3050 3857 arte
3083 3804 3340 3858 violenta.
3371 3802 3571 3857 Vitium

2002 3907 2135 3946 auro
2188 3902 2438 3947 ornatum
2500 3904 2554 3946 et
2612 3894 2892 3961 torquibus
2963 3884 3222 3963 vesleque
3280 3909 3573 3963 purpurea,

2001 3999 2260 4053 genarum
2310 3985 2525 4048 rubore,
2576 3984 2911 4052 crinittntque
2941 3984 3236 4048 cincinnis,
3275 3985 3576 4038 oculorum-

2000 4091 2102 4145 que
2132 4075 2422 4141 coloribus,
2452 4083 2504 4128 et
2533 4075 2712 4127 aureis
2739 4074 2935 4128 calceis
2970 4075 3273 4140 petulanter
3301 4076 3572 4142 depictum

1999 4176 2082 4222 est
2130 4185 2143 4221 :
2204 4167 2375 4220 virtus
2438 4178 2566 4219 vero
2614 4165 2882 4220 laboriosa
2942 4165 3139 4238 334a
3178 4166 3428 4235 adjuncta
3490 4176 3575 4221 est

2000 4260 2220 4313 horrido
2266 4258 2527 4328 aspectui,
2573 4257 2753 4312 studet
2806 4257 3059 4325 squalore
3111 4257 3317 4323 ornari,
3358 4272 3454 4310 nec
3492 4257 3573 4309 la-

1998 4366 2146 4409 nam,
2201 4366 2317 4419 qum
2370 4351 2436 4403 ab
2490 4351 2728 4403 animato
2784 4351 3052 4418 carpitur,
3104 4359 3302 4419 gestat.
3361 4350 3570 4404 Etenim

1998 4443 2110 4496 visa
2139 4452 2221 4496 est
2257 4442 2386 4495 mihi
2431 4442 2708 4495 hominum
2754 4440 3257 4510 superstitiosornm
3287 4458 3430 4506 esse,
3481 4446 3570 4509 qui

1999 4545 2229 4590 mentem
2257 4549 2442 4605 puram
2467 4534 2686 4598 habent,
2718 4534 2871 4602 cujus
2898 4533 3300 4597 immortalitas,
3334 4545 3386 4586 et
3420 4535 3574 4587 initio

311 4604 657 4701 πεποιημένη
673 4604 718 4664 "7
750 4604 1055 4703 κόσμημα.
1110 4604 1308 4686 Οὐδὲ-⁸⁸
1336 4632 1480 4700 ἔριον
1518 4634 1544 4687 ὃ
1573 4604 1889 4706 άπδνέμψύ-

2001 4628 2240 4681 carentia
2288 4627 2655 4695 generationis
2689 4626 2885 4681 fontes.
2936 4626 3250 4695 Apollonius
3280 4627 3351 4678 ait
3389 4643 3403 4678 :
3452 4624 3575 4680 llaec

308 4724 479 4792 χων⁹⁹
519 4723 748 4793 ἐπέχθη.
778 4724 883 4776 Καί
919 4742 1009 4794 μοι
1044 4723 1222 4788 ἔδοξεν
1263 4725 1473 4795 ἀνδρῶν
1526 4722 1666 4780 εἶναι
1703 4745 1891 4797 περιτ-

308 4814 420 4868 τῶν
443 4816 512 4868 τά
537 4815 656 4870 θεῖα
703 4816 882 4885 ψυχήν
906 4832 964 4868 τε
1000 4816 1015 4845 ¹
1053 4817 1252 4886 ἄριστα
1302 4818 1748 4886 ἐπεσκεμμένων,
1782 4814 1847 4889 ἧς
1870 4820 1890 4850 ’

308 4908 371 4960 τὸ
398 4908 665 4961 ἀθάνατον
693 4925 755 4960 τε
783 4910 878 4962 καὶ
931 4908 1227 4977 ἀγέννητον
1277 4909 1452 4977 πηγαὶ
1501 4909 1794 4976 γενέσεως.
1829 4912 1887 4965 Ὀ

323 4996 721 5061 Ἀπολλώνιός³
751 5016 903 5069 φησι,
959 4998 1133 5053 ταῦτά
1180 5015 1245 5069 με
1279 5000 1383 5070 πρὸ
1438 5000 1634 5068 ὑμῶνδ
1662 5001 1749 5054 ἐπ’
1792 5003 1890 5054 Ἰν-

310 5088 435 5152 δοὺς
488 5088 735 5159 ἔτρεψεν,
772 5088 1144 5160 ἐνθυμηθέντα
1193 5088 1266 5153 ὡς
1293 5090 1608 5162 λεπτότεροι
1644 5092 1744 5162 μὲν
1794 5094 1889 5164 τὴν

2002 4735 2086 4775 me
2114 4722 2179 4775 ad
2212 4718 2370 4774 Indos
2401 4720 2670 4773 duxerunt
2703 4719 3056 4787 cogitantem,
3090 4719 3216 4788 quia
3264 4717 3577 4773 subtiliores

2000 4812 2273 4866 intellectu
2317 4810 2452 4865 tales
2500 4811 2746 4864 homines
2792 4810 3099 4878 purioribus
3135 4808 3382 4876 occupati
3432 4811 3578 4876 cogi-

1994 4903 2309 4965 tationibus,
2346 4902 2586 4956 veriores
2612 4902 2662 4953 in
2688 4900 3030 4970 opinionibus
3052 4899 3118 4952 de
3148 4897 3251 4951 diis
3272 4907 3325 4951 et
3357 4907 3575 4964 natura,

2000 4995 2152 5066 quasi
2183 4995 2343 5048 vieini
2372 4995 2475 5048 diis
2507 5004 2561 5047 et
2592 4993 2658 5046 ad
2696 4993 2847 5046 initia
2880 4991 3107 5045 vivilicze
3143 4998 3196 5043 et
3223 4989 3411 5044 calidte
3444 4990 3576 5046 solis

2001 5088 2320 5143 substantia:
2381 5087 2706 5140 habitantes.
2780 5082 2885 5139 Sed
2942 5091 2997 5137 et
3053 5097 3233 5137 areum
3294 5097 3579 5137 numerum

1666 5229 1900 5284 VARUE
1938 5226 2344 5282 LEll'l‘lONES.

386 5319 435 5392 εξ
462 5320 509 5371 εἰ
544 5319 664 5392 μὲν]
695 5333 769 5392 tv,
799 5321 915 5392 2i.
992 5319 1037 5392 f7
1072 5315 1277 5392 iri-{toﬁ
1301 5333 1373 5383 tv,
1410 5318 1524 5392 24η

2289 5277 2509 5392 σοφίαν]
2536 5313 2733 5392 ινδ-ἓξ).
2809 5306 2950 5392 "flii
3100 5277 3193 5392 ιν..
3232 5311 3371 5392 56.--
3396 5313 3439 5344 '“
3470 5312 3580 5392 δεί-

314 5387 437 5460 σας]
464 5383 664 5462 ινξόᾷί
726 5390 770 5422 ⁷³
801 5390 928 5462 περὶ
959 5388 1080 5462 μὲν]
1113 5383 1183 5462 tv,
1333 5390 1432 5462 __""
1467 5390 1575 5460 γὰρ
1597 5390 1715 5462 ΑΒι
1745 5383 1904 5462 veg.-
1952 5394 1997 5423 "
2026 5392 2243 5461 ἀρχεῖον
2278 5391 2336 5443 Β.
2366 5383 2443 5462 ’Ψ
2477 5383 2580 5462 _€1t"._
2596 5384 2791 5462 falsust.
2815 5451 2826 5462 ι
2852 5388 2898 5419 τε
2928 5383 3211 5462 ἀγλύκωΑ
3230 5423 3271 5462 ,Δ
3327 5383 3576 5462 ⁷Ϊ⁴φωνῆς

314 5456 518 5531 οηιξΑ.
569 5460 636 5531 ᾲ⁷⁸
664 5462 711 5514 οἱ
743 5460 823 5531 δέ]
853 5456 886 5513 ν
908 5502 922 5526 ,
949 5456 1037 5514 14.
1062 5456 1080 5460 ’
1114 5459 1160 5489 ’³⁸
1194 5456 1379 5531 καὶτὰ]
1414 5456 1613 5531 v.25,
1640 5461 1710 5531 78°
1741 5456 1844 5531 ὅτι]
1869 5479 1919 5526 ν,
1968 5462 2056 5515 27.

658 5528 822 5599 ἥκων
838 5536 1143 5585 correctum
1193 5529 1244 5581 in
1276 5528 1340 5579 A.
1368 5528 1375 5529 “
1417 5529 1466 5567 ει
1496 5530 1693 5601 ﬁmus
1722 5532 1796 5603 (ν,
1826 5528 1889 5586 ω

665 5602 711 5639 88
732 5603 933 5639 αρε-ηπ.
959 5601 995 5639 R
1086 5600 1129 5631 ⁸9
1154 5600 1290 5639 Enm:
1319 5598 1353 5639 Δ
1386 5601 1605 5639 ιέτέηιηι·
1634 5619 1672 5639 ρ-
1760 5605 1805 5635 90
1831 5620 1889 5639 ηδε

1997 5549 2080 5586 tm.
2131 5530 2236 5588 AB.
2311 5539 2356 5571 εδ
2389 5528 2505 5600 καὶ]
2541 5544 2612 5592 v1,
2669 5528 2724 5577 5.
2822 5528 2869 5553 ⁸⁸
2894 5528 2992 5592 τῆς
3029 5528 3155 5581 add.
3184 5528 3249 5579 A.
3346 5528 3389 5555 '"

2006 5604 2016 5639 I
2071 5602 2150 5639 At‘.
2240 5603 2283 5636 ει
2319 5602 2545 5639 ὴᾳένυηη
2578 5600 2638 5639 Δ-
2666 5595 2711 5626 9³
2741 5593 2796 5639 δὲ
2836 5592 2959 5639 add-
2996 5595 3054 5639 Β-
3123 5598 3169 5633 οι
3196 5593 3406 5639 hmani

732 5603 933 5672 ἥττητο
959 5601 1014 5654 B.
1086 5600 1129 5631 ⁸⁸
1152 5600 1290 5666 έρως
1314 5598 1358 5650 Α
1385 5590 1605 5679 issi-oo);
1634 5619 1694 5665 ς.
1728 5590 1805 5635 ’θδ
1831 5620 1889 5655 τε

732 5674 755 5722 ς’
804 5673 941 5726 αὐτῆ
975 5687 1084 5726 om.
1134 5671 1245 5725 AB.
1331 5672 1376 5703 ⁹⁵
1427 5689 1584 5723 τουτο
1611 5689 1669 5726 ς.
1769 5676 1816 5708 ⁸⁸
1860 5691 1885 5724 τ

1997 5604 2039 5655 ηΙ.
2065 5602 2175 5657 AC.
2240 5603 2283 5636 9‘
2319 5590 2545 5654 ἀτέκνου
2574 5590 2640 5650 A.
2666 5595 2711 5626 θ’
2741 5593 2796 5646 δὲ
2836 5590 2961 5651 add.
2995 5595 3054 5649 Β.
3123 5598 3169 5633 ⁸³
3196 5597 3273 5648 ἀ..
3316 5590 3440 5663 ροῆ]
3471 5590 3531 5649 ίνι
3557 5633 3574 5659 ,

1997 5675 2040 5725 δὲ
2092 5675 2298 5726 αὺγωιιν
2334 5690 2390 5726 ς.
2486 5673 2530 5703 9'
2566 5663 2914 5726 πεπονημένη
2939 5681 2999 5726 ς.
3100 5667 3147 5704 ⁸⁸
3174 5612 3317 5726 οὐδ-ᾔ
3352 5680 3424 5724 VI.
3487 5664 3574 5719 ll.

322 5692 404 5727 Ιυο
484 5692 531 5704 ’⁷
565 5692 679 5725 εστι
708 5692 737 5726 ο
804 5692 941 5742 αυτῃ
975 5692 1084 5728 0111.
1134 5692 1245 5725 AD.
1333 5692 1376 5703 "'
1427 5692 1584 5723 τουτο
1611 5692 1669 5735 ς.
1770 5692 1816 5708 ’⁵
1860 5692 1948 5726 τον
1985 5692 2040 5725 ΟΞ
2092 5692 2298 5742 αυχμῦν
2334 5692 2390 5735 ς.
2488 5692 2525 5703 ⁸⁸
2566 5692 2914 5733 πΞἿῑυνΙλμινιι
2939 5692 2999 5728 ς.
3102 5692 3146 5704 ’⁷

312 5743 361 5820 ξ’
383 5739 632 5821 ἐμψύχου
665 5760 724 5807 ς’.
806 5744 822 5775 ¹
854 5742 1031 5816 ψυχήν
1061 5757 1117 5799 τε
1144 5745 1226 5795 A:
1270 5744 1446 5815 ψυχὴν
1492 5741 1548 5794 δὲ
1594 5760 1655 5806 ς.
1733 5752 1752 5781 ι
1786 5739 1876 5817 ἧς]
1923 5739 2001 5807 οἷς
2046 5742 2085 5795 Β
2114 5754 2166 5800 et
2207 5761 2353 5801 corr.
2396 5741 2461 5796 Α.
2531 5741 2603 5795 ³ὁ
2645 5731 2886 5804 ’Λπολλ.]
2938 5750 2990 5804 ρ.
3022 5737 3149 5793 244.

312 5546 369 5597 v,
407 5529 497 5583 56.
564 5529 611 5562 ⁸³

316 5600 477 5670 μένον
504 5618 563 5664 ς.

321 5670 404 5742 l0.
476 5674 531 5742 A'f
565 5670 679 5725 ἐστι
708 5670 762 5726 δ’⁷
804 5670 941 5742 αὐτῇ
975 5687 1084 5728 om.
1134 5671 1245 5725 AB.
1331 5672 1376 5703 ⁹⁵
1427 5670 1584 5742 τοῦτο
1611 5689 1669 5735 ς.

314 5824 477 5893 ημων
514 5829 573 5878 ς.

1972 5549 2080 5586 om.
2131 5530 2236 5588 AB.
2303 5524 2356 5571 ’8⁵
2389 5528 2505 5600 καὶ]
2541 5544 2612 5592 \‘l,

2160 5463 2205 5534 3:
2247 5459 2527 5534 τηλικόσδε
2555 5451 2606 5509 Α’
2640 5451 3007 5534 ι-πηλίῇοςθδὲ
3061 5474 3131 5534 ς..
3198 5454 3273 5534 ,⁸³
3304 5451 3577 5534 κίρδηλος]

2822 5522 2869 5553 ⁸⁸
2894 5523 2992 5592 τῆς
3029 5528 3155 5581 add.
3184 5525 3249 5579 A.
3346 5523 3389 5555 ⁸⁷
3422 5522 3578 5592 ύφειξ

3100 5667 3147 5704 ⁸⁸
3174 5664 3317 5724 οὐδὲ]
3352 5680 3424 5724 Vl,
3487 5664 3575 5719 ll.

2486 5673 2530 5703 9"
2566 5663 2914 5745 πεπονημένη
2939 5681 2999 5728 ς.
3100 5667 3147 5704 ⁸⁸
3174 5663 3317 5749 οὐδὲ]
3352 5680 3424 5744 vi,
3487 5664 3574 5719 ll.

2531 5741 2551 5773 ³
2576 5742 2603 5795 ὀ
2645 5731 2886 5804 Ἀπολλ]
2938 5750 2990 5804 ρ.
3022 5737 3149 5793 244.
3251 5737 3272 5768 ⁵
3298 5750 3452 5804 υμων
3494 5734 3574 5791 B:
