4104 6398
574 315 711 381 1247

1744 328 2007 390 ΡΗΟΤΙΙ
2042 330 2266 391 PATRI
2277 331 2547 392 ARCIl/E
2580 335 2690 398 ΒΡ.

3708 343 3837 411 1248

570 447 737 488 nosse
761 431 894 487 dicit
922 433 1287 505 Apollonium,
1318 445 1373 493 et
1401 438 1569 495 maris
1600 453 1909 495 mensuram
1939 455 2139 496 omnen‘

2260 440 2471 507 ξύνεσιν
2494 445 2545 497 οί
2570 446 2763 500 τοιοίδε
2798 430 3096 520 ἄνθρωποι,
3132 451 3549 526 καθαρωτέραις
3587 459 3832 526 ὁμιλοῦν-

568 528 1065 595 comprehendisse.
1097 530 1277 586 Videri
1314 544 1367 588 et
1401 534 1579 605 aliqua
1609 538 1749 606 apud
1786 538 2019 607 reliquos
2054 538 2153 591 mi-

570 618 781 684 rabilia,
818 620 867 674 in
905 621 1102 691 quibus
1141 622 1360 680 fortiter
1397 635 1451 681 et
1492 628 1768 698 eleganter
1806 630 2148 698 Apollonium

2254 551 2345 598 τες
2384 536 2618 605 ἀκτῖσιν,
2669 539 3023 612 άληθέστεροι
3070 542 3127 596 δὲ
3156 545 3254 608 τὰς
3299 548 3427 617 περὶ
3483 549 3703 617 φύσεως
3744 570 3827 609 και

2253 628 2389 684 θεῶν
2426 632 2602 700 δόξας,
2639 634 2735 688 άτε
2768 636 3015 707 ἀγχίθεοι
3044 639 3135 691 καὶ
3168 640 3306 710 πρὸς
3333 642 3531 712 ἀρχαῖς
3565 644 3665 713 τῆς
3700 646 3826 709 Cum-

570 722 882 767 narrantem
918 716 1284 772 audiverunt:
1341 719 1598 790 mitigans
1640 734 1769 774 vero
1810 721 1959 776 illum
2015 720 2139 776 The

2251 721 2409 789 γόνου
2475 726 2570 779 καὶ
2625 726 2834 799 θερμῆς
2894 729 3080 793 οὐσίας
3122 730 3421 796 οἰκοῦντες.
3486 734 3686 787 Ἀλλὰ⁸
3742 738 3829 806 τῆς

567 806 806 874 spesion.
863 804 1074 863 Dicitur
1123 818 1177 863 et
1219 810 1520 880 elegantias
1569 811 1860 867 verborum
1897 812 2149 870 Phraatat

566 896 636 951 ab
664 894 808 952 lndls
838 899 1103 955 attulisse.
1150 898 1264 955 Hoc
1297 902 1442 955 enim
1482 911 1692 972 tempus
1723 914 1777 958 et
1806 903 1919 958 Indi
1955 905 2021 959 ad
2053 919 2145 959 sa-

566 991 837 1045 cerdotes.
872 989 1090 1049 Videris
1132 993 1265 1048 mihi
1294 996 1430 1049 bene
1473 1011 1814 1067 concoquere
1844 1007 1899 1052 et
1931 999 2148 1069 egregie

563 1084 967 1140 comedere..Sl
1016 1087 1160 1141 enim
1212 1089 1464 1158 antiquas
1511 1088 1657 1159 leges
1710 1099 1766 1145 et
1816 1092 2146 1149 vetustiores

562 1188 889 1244 cognoscere
910 1176 1169 1245 licuisset,
1188 1188 1434 1249 poteram
1464 1181 1581 1236 illas
1602 1184 1849 1239 severius
1867 1194 2143 1239 excutere.

562 1265 712 1319 Multi
732 1278 783 1320 et
800 1269 1014 1324 absurdi
1035 1284 1312 1325 sermones
1339 1273 1477 1326 inter
1501 1274 1735 1343 aequales
1770 1285 2141 1331 renascentur.

2247 813 2475 886 ψάμμον
2511 817 2710 873 είδέναι
2737 820 2900 890 φησὶν
2936 822 2965 874 ὁ
3007 822 3285 877 Ἀπόλλων
3305 826 3347 890 ⁸,
3389 825 3565 880 ὁπόσα
3599 828 3839 898 ἀριθμῆιι

2256 922 2346 961 σαι
2376 907 2568 978 αὐτὴν,
2603 910 2699 962 καὶ
2728 912 2796 964 τὰ
2816 913 2914 982 τῆς
2940 912 3220 985 θαλάσσης
3252 914 3427 990 μέτρα
3454 918 3837 987 ξυνειληφέναι

2253 999 2452 1055 πάντα.
2487 999 2653 1073 [1025
2680 1003 2772 1075 ιι.]
2796 1005 3085 1060 Φαίνεσθαι
3130 1008 3150 1039 ⁷
3200 1008 3258 1061 δέ
3282 1026 3405 1063 τινα
3439 1010 3532 1065 καὶ
3555 1012 3687 1082 περὶ
3713 1013 3839 1075 τοὺς

2253 1092 2474 1158 λοιποὺς
2525 1093 2785 1165 ἔκπληξιν
2839 1096 2923 1166 ἐφ’
2957 1092 3039 1161 οἷς
3087 1100 3417 1170 ἐρρωμένως
3468 1118 3529 1155 τε
3589 1102 3688 1155 καὶ
3742 1104 3838 1155 σὺν

2252 1186 2441 1258 εὐροίᾳ
2496 1187 2881 1259 διαλεγομένου
2949 1190 3307 1245 Ἀπολλωνίου
3364 1194 3629 1264 ἤκουσαν.
3709 1200 3835 1248 Ata-

2252 1279 2548 1348 πραΰνων⁸
2585 1280 2644 1334 δὲ
2692 1281 2853 1334 αὑτὸν
2893 1284 2920 1335 ὁ
2957 1281 3275 1337 Θεσπεσίων
3297 1287 3339 1339 ⁸.
3405 1286 3639 1353 Λέγεται
3667 1288 3709 1318 ¹⁶
3732 1288 3837 1356 γάρ

560 1359 787 1413 καὶτῶν
814 1363 1060 1430 Φραάτου
1094 1362 1268 1430 λόγων
1295 1364 1587 1435 ἀγάλματα
1617 1368 1725 1421 ἀπὸ
1763 1367 1937 1421 Ἰνδῶν
1992 1368 2166 1439 ἄγειν.
2199 1371 2305 1425 Τὸν
2358 1371 2467 1445 γάρ
2545 1373 2741 1444 καιρὸν
2792 1373 2983 1428 τοῦτον
3031 1378 3126 1428 καὶ
3191 1377 3240 1429 οἱ
3278 1377 3429 1430 Ἰνδοί⁵
3485 1379 3622 1449 πρὸς
3676 1380 3836 1448 ἱεροῖς

560 1450 883 1521 γίνονταιίί.
922 1454 1204 1517 Ἔοικας¹³
1242 1455 1457 1520 εῠσιτος
1504 1454 1646 1511 εἷναι
1708 1460 1804 1513 καὶ⁵
1862 1460 2033 1525 δεινὸς
2094 1466 2313 1533 φαγεῖν.
2372 1464 2434 1516 Et
2486 1463 2660 1534 γάρη
2683 1464 2751 1518 τά
2803 1465 3009 1519 παλαιὰ
3060 1467 3290 1538 νόμιμα,
3349 1470 3444 1522 καὶ
3473 1469 3833 1543 πολιώτεραῆ

558 1543 850 1610 γινώσκειν
905 1546 1067 1613 αὐτὰ,
1121 1549 1336 1620 πικρῶς
1401 1550 1750 1620 ἐξετάζωμεν
1775 1591 1790 1615 ,
1844 1553 2029 1606 πολλοὶ
2061 1555 2157 1609 καὶ
2188 1555 2379 1610 άτοποι
2417 1554 2564 1625 λόγοι
2606 1556 3129 1627 ἀναφύσονται¹¹⁵’¹⁸.
3173 1560 3471 1631 Ἰσηλίκων.

624 1638 758 1691 Cum
820 1637 975 1695 Titus
1046 1640 1416 1714 Hierosolyma
1468 1644 1785 1713 evertisset,
1842 1656 1897 1701 et
1960 1648 2140 1702 omnia

558 1730 887 1787 circumloca
931 1734 1288 1789 cadaveribus
1340 1736 1634 1806 opplesset,
1672 1754 1937 1795 coronare
1987 1740 2136 1797 illum

555 1822 840 1891 voluere,
892 1832 988 1881 sed
1058 1826 1147 1881 ille
1226 1826 1464 1896 seipsum
1545 1831 1756 1898 putavit
1830 1832 2134 1903 indignum.

2335 1650 2486 1703 Ἐπεὶ
2518 1650 2562 1681 ¹⁶
2607 1651 2663 1704 δὲ
2711 1651 2869 1714 Τίτος
2929 1653 3130 1723 ᾑρήκει
3194 1653 3265 1707 τά
3332 1653 3685 1725 Ἱεροσόλυμα
3743 1657 3835 1710 καὶ

2246 1742 2454 1813 νεκρῶν
2481 1742 2619 1796 πλέα
2644 1738 2713 1814 ἦν
2751 1745 2928 1798 πάντα
2952 1745 3021 1816 ⁸⁷,
3033 1746 3101 1800 τά
3129 1747 3305 1817 ὅμορα
3347 1746 3472 1819 ἔθνη
3505 1747 3836 1818 ἐστεφάνουν

2246 1830 2433 1885 αὐτόν.
2478 1831 2538 1885 'U
2565 1831 2622 1884 δὲ
2689 1832 2791 1885 οὐκ
2852 1833 3006 1904 ἠξίου
3071 1835 3263 1889 ἑαυτὸν
3321 1835 3550 1890 τούτουο
3590 1838 3671 1908 μὴ
3726 1838 3834 1909 γάρ

556 1913 674 1969 Non
727 1917 871 1972 enim
913 1934 973 1973 se
1006 1932 1128 1975 esse
1183 1919 1369 1975 talium
1423 1936 1646 1989 operum
1695 1934 1993 1991 auctorem,
2046 1926 2139 1981 sed

2243 1920 2407 1984 αὐτὸς
2426 1920 2600 1977 ταῦτα
2621 1922 2910 1993 εἰργάσθαι
2926 1924 2990 1990 ιδ,
3023 1924 3143 1996 Θεῷ
3164 1925 3221 1979 δέ
3243 1926 3413 1998 ὀργὴν
3444 1903 3680 1998 φήναντι
3713 1903 3832 1982 ἐπιί-

555 2006 669 2063 Deo
713 2007 1051 2065 iracundiam
1108 2020 1297 2067 contra
1346 2011 1566 2070 Iudaeos
1629 2019 1952 2072 monstranti
2013 2034 2141 2074 suas

556 2114 752 2154 manus
800 2100 1139 2171 praebuisse:
1190 2104 1289 2159 hos
1333 2104 1471 2161 tales
1500 2116 1852 2164 accusatores
1888 2109 2138 2177 irrident,

556 2192 612 2248 in
650 2192 771 2248 illos
812 2194 1060 2249 Slill‘lUlOS
1102 2196 1297 2265 lingua:
1345 2213 1459 2252 suae
1493 2200 1795 2257 vibrantes.
1827 2202 1909 2256 Ad
1941 2220 2142 2274 praece-

552 2293 740 2356 ptores
790 2300 851 2341 se
892 2288 1141 2354 contulit,
1189 2289 1281 2359 qui
1333 2299 1568 2345 mentem
1620 2292 1762 2347 illius
1799 2304 1853 2348 et
1898 2295 2137 2366 linguam

553 2377 895 2432 erudierant.
962 2376 1233 2449 Magnum,
1300 2380 1498 2451 inquit,
1557 2384 1887 2439 mensarinm
1936 2387 2135 2440 video:

554 2467 824 2526 infelicem
863 2469 1079 2539 quidam
1111 2471 1268 2536 dixit,
1304 2473 1390 2527 cui
1423 2474 1554 2528 nihil
1596 2486 1680 2529 est
1720 2484 1917 2545 praeter
1941 2492 2135 2546 pauca,

556 2578 677 2633 quae
706 2577 811 2618 non
843 2561 1115 2618 sufﬁciunt
1148 2563 1213 2618 ad
1254 2565 1473 2620 domum
1508 2568 1860 2636 pascendam.
1895 2567 2133 2623 Persua-

552 2658 646 2716 det
678 2659 879 2715 homini
923 2667 979 2714 ut
1011 2660 1168 2715 daret
1213 2661 1315 2718 sibi
1356 2662 1525 2718 vicies
1560 2661 1728 2729 mille,
1768 2663 2136 2732 repositurum

552 2769 614 2810 se
642 2753 901 2825 quinque.
954 2754 1045 2811 Ille
1078 2770 1207 2811 vero
1255 2756 1571 2810 thesaurum
1609 2770 1823 2823 amans,
1858 2771 2135 2826 nunquam

552 2846 757 2903 donare
788 2847 1011 2904 omnino
1058 2848 1351 2914 recusavit,
1397 2849 1491 2904 sed
1537 2849 1745 2919 putavit
1772 2848 2036 2918 aequalem
2075 2864 2136 2906 se

552 2940 756 2995 habere
811 2949 1043 3009 partem,
1083 2949 1236 2996 tanto
1270 2955 1400 2996 vero
1436 2941 1729 3005 minorem,
1762 2951 1967 3010 quanto
2002 2942 2135 2997 duas

552 3032 825 3103 myriades
864 3033 919 3087 in
954 3032 1201 3089 manibus
1234 3034 1582 3098 exsistentes,
1609 3034 1662 3089 in
1699 3048 1797 3089 sua
1833 3047 1953 3089 esse
1983 3044 2137 3103 pote-

550 3134 731 3181 state:
770 3141 958 3193 agrum
976 3142 1105 3183 vero
1127 3142 1224 3197 pro
1249 3127 1355 3183 illis
1390 3127 1443 3181 in
1462 3127 1652 3197 pruina
1673 3126 1879 3195 jacere,
1896 3137 1949 3183 et
1972 3144 2135 3199 gran-

549 3218 678 3273 dine
706 3228 761 3272 et
795 3217 917 3272 aliis
954 3219 1332 3285 incommodis,
1368 3234 1488 3288 qua:
1521 3219 1729 3275 fruetus
1756 3231 2130 3291 corrumpunt.
2161 3246 2205 3305 α

621 3309 816 3382 3341)
846 3309 1190 3381 l‘hilosOphia
1217 3312 1295 3366 sic
1336 3313 1548 3381 aliquos
1577 3320 1902 3377 commovet,
1936 3324 1995 3367 ut
2036 3314 2134 3368 lia-

551 3400 724 3457 bitum
771 3402 1111 3469 rejicientes,
1155 3403 1229 3457 illi
1265 3403 1485 3473 quidem
1538 3406 1903 3473 occurrerint,
1935 3408 2136 3463 relictis

552 3494 665 3551 suis
699 3496 764 3549 ad
790 3494 1135 3551 Occidentem
1164 3496 1230 3551 ad
1262 3496 1461 3563 Celtas,
1510 3497 1586 3553 illi
1617 3500 1671 3553 in
1697 3498 1913 3555 deserta
1942 3500 2137 3556 Africa:

549 3599 606 3647 et
638 3589 906 3661 Scythiae,
938 3590 1099 3658 aliqui
1136 3590 1191 3645 in
1222 3605 1314 3646 eos
1346 3607 1627 3647 sermones
1677 3591 2003 3660 inciderunt,
2045 3595 2135 3666 qui

550 3683 617 3742 ad
635 3682 835 3753 ﬂagitia
865 3685 1184 3739 accendunt.
1206 3681 1530 3740 Sedentibus
1577 3684 1699 3741 aliis
1758 3688 1858 3743 sub
1888 3686 2134 3757 platano,

549 3777 748 3835 cicada:
783 3776 834 3830 in
883 3787 1044 3831 cantu
1092 3787 1270 3841 erant,
1299 3792 1420 3831 cum
1447 3793 1545 3834 ver
1572 3793 1666 3834 eas
1703 3780 1769 3833 ad
1805 3782 2134 3836 cantandum

551 3869 830 3925 incitaret.
869 3866 981 3923 llac
1010 3871 1256 3925 oratione
1284 3870 1538 3926 Demetrii
1589 3882 1877 3943 superatus
1916 3872 2133 3927 Damis:

549 3962 628 4018 Tu
662 3965 901 4034 quidem,
927 3965 1120 4033 inquit,
1157 3980 1279 4019 cum
1304 3964 1395 4019 hic
1416 3966 1534 4019 viro
1557 3965 1704 4020 adsis
1730 3966 1958 4030 amicus,
1991 3980 2137 4021 nunc

547 4066 694 4115 certe
717 4072 969 4128 magnum
1003 4057 1073 4111 illi
1094 4058 1291 4112 bonum
1329 4056 1529 4113 videris
1560 4056 1772 4114 afferre.
1827 4058 1958 4125 Quae
1990 4058 2134 4113 enim

547 4168 711 4223 parva
742 4154 878 4207 ratio
898 4152 1211 4214 haberetur,
1235 4150 1278 4205 si
1309 4150 1591 4215 suadeam,
1620 4166 1685 4204 ne
1718 4150 1769 4204 in
1801 4150 2135 4220 gladiosjam

547 4247 778 4302 nudatos
808 4247 1128 4308 incurreret,
1181 4257 1315 4297 neve
1346 4243 1398 4296 in
1433 4244 1776 4314 tyrannidem
1811 4253 2136 4313 ruerel,qua

547 4338 681 4394 nihil
725 4336 1015 4391 crudelius.
1058 4334 1198 4402 Quid
1238 4334 1303 4389 de
1343 4342 1394 4388 te
1447 4334 1849 4388 decernendum
1899 4335 2133 4391 nescio:

546 4431 752 4502 (judex)
772 4428 1092 4485 affecmsest
1118 4438 1369 4498 tanquam
1405 4425 1439 4481 ii
1469 4426 1562 4496 qui
1585 4428 1877 4483 decernere
1893 4429 2135 4499 capiunt,

546 4524 702 4579 veriti
766 4537 832 4577 ne
889 4537 994 4576 non
1058 4535 1243 4576 verum
1304 4519 1566 4590 judicent,
1637 4529 1691 4577 et
1756 4536 1906 4576 reum
1956 4523 2137 4592 perdi-

2243 2012 2532 2067 δεδωκέναι
2570 2013 2670 2079 τὰς
2715 2013 2908 2070 ἑαυτοῦ
2969 2018 3176 2089 χεῖρας.
3232 2017 3371 2081 Τοὺς
3394 2019 3437 2051 ¹⁹
3459 2019 3518 2072 δὲ
3549 2019 3832 2083 τοιούτους

2243 2104 2657 2160 ὑποϐλίττουσιν
2712 2107 2762 2160 οἱ
2822 2109 3177 2177 συκοφάνται,
3232 2108 3434 2180 κέντρα
3482 2111 3571 2162 ἐπ’
3629 2112 3831 2174 αὐτοὺς

2240 2195 2470 2267 ἠρμένοι
2499 2197 2596 2269 τὴν
2627 2197 2891 2269 γλῶτταν.
2928 2200 3025 2264 Εἰς
3047 2200 3390 2255 διδασκάλων
3420 2203 3701 2268 ἐϐάδιζεν,
3740 2204 3831 2271 ὑφ’

2240 2280 2316 2341 ὧν
2335 2290 2483 2361 καὶή
2518 2291 2711 2362 γνώμη
2743 2290 2892 2363 αὖτῷ
2914 2295 3011 2347 καὶ
3032 2295 3065 2363 ή
3099 2293 3316 2362 γλῶττα
3344 2294 3558 2365 ἴσχυσε.
3583 2296 3769 2349 Δεινόν
3784 2296 3830 2328 ’⁸

2241 2400 2304 2452 γε
2319 2384 2386 2445 ’⁸,
2413 2382 2541 2454 ἐφη,
2577 2385 2953 2457 χρηματιστὴν
2981 2385 3113 2457 ὁρῶ.
3148 2387 3534 2458 Κακοδαίμονα
3579 2389 3681 2459 μὲν
3714 2389 3826 2455 οὖν,

2241 2471 2415 2541 εἶπεν,
2446 2470 2490 2545 ᾧ
2522 2493 2587 2545 γε
2618 2476 2765 2532 ἐστιν
2818 2478 2969 2533 οὐδὲν
3014 2478 3155 2551 πλὴν
3182 2480 3403 2549 ὀλίγων,
3439 2481 3476 2535 ἀ
3505 2482 3582 2552 μὴ
3608 2484 3826 2553 ἀποχρῇ

2242 2569 2460 2639 βόσκειν
2514 2570 2608 2623 τὸν
2644 2566 2815 2625 οἷκον.
2845 2570 3031 2625 Πείθει
3063 2574 3157 2627 τὸν
3203 2572 3490 2646 ἄνθρωπον
3526 2574 3829 2627 ἀποδόσθαι

2240 2663 2290 2716 oi
2312 2663 2614 2734 δισμυρίων
2663 2663 2859 2730 adv.va
2886 2663 3107 2736 εὕρημα
3144 2665 3519 2736 ποιησάμενον
3563 2667 3667 2731 τὰς
3699 2684 3828 2719 πεν-

2238 2756 2600 2826 τακισχιλίας.
2648 2756 2707 2810 Ὁ
2750 2757 2850 2827 μὲν
2898 2756 2965 2827 δὴ
3011 2757 3105 2809 τοῦ
3158 2756 3435 2830 θησαυροῦ
3491 2758 3636 2829 ἐρῶν
3677 2758 3828 2812 οὔπω

2241 2848 2409 2915 ξυνίει
2455 2851 2547 2902 τοῦ
2586 2848 2781 2917 δώρου,
2828 2847 2944 2901 ἀλλ’
3000 2846 3137 2918 ᾤετο
3180 2850 3273 2902 ῐσα
3322 2848 3466 2919 ἔχειν
3507 2849 3757 2920 τοσούτῳ
3784 2850 3828 2905 δ’

2238 2944 2465 3009 ἐλάττω,
2494 2944 2604 3015 ὅσῳ
2630 2943 2732 3007 τὰς
2774 2944 2873 3015 μέν
2897 2941 3193 3014 δισμυρίας
3215 2945 3273 2997 ἐν
3294 2946 3415 3007 ταῖς
3444 2944 3639 3016 χερσὶν
3664 2944 3829 3009 οὔσας

2238 3037 2322 3105 ἐφ’
2356 3035 2535 3107 ἐαυτῷ
2585 3031 2727 3089 εἶναι
2787 3035 2876 3102 ἂν,
2925 3035 3018 3089 τὸν
3038 3036 3084 3089 δ’
3104 3036 3220 3090 ἀντ’
3275 3037 3458 3092 αὐτῶν
3503 3038 3680 3109 ἀγρὸν
3740 3039 3831 3091 ἐπὶ

2238 3128 2472 3198 πάχναις
2527 3127 2806 3199 κείσεσθρι
2864 3128 2959 3183 καὶ
2984 3129 3252 3200 χαλάζαις
3305 3128 3542 3194 καὶτοῖς
3591 3128 3832 3194 ἀλλοιςά

2237 3221 2364 3285 τοὺς
2420 3222 2670 3292 καρποὺς
2721 3220 2955 3293 φθείρει.

2296 3314 2588 3385 Φιλοσοφία
2613 3317 2659 3347 ⁸⁸
2685 3315 2741 3368 δέ
2773 3313 2916 3369 οὕτω
2949 3333 3001 3369 τι
3060 3315 3311 3388 ἔπτηξεν,
3336 3314 3412 3380 ὡς
3458 3314 3829 3379 ἀποϐαλόντες

2236 3409 2299 3463 τὸ
2337 3408 2524 3480 σχῆμα
2576 3409 2626 3462 οἰ
2676 3408 2774 3480 μὲν
2827 3409 3130 3481 ἀποδρᾶναι
3185 3407 3337 3479 σφῶν
3370 3409 3428 3472 ἐς
3476 3409 3577 3480 τὴν
3608 3408 3830 3463 Κελτῶν

2238 3502 2498 3574 ἑσπέραν,
2518 3501 2623 3555 οἶδ’
2644 3503 2702 3566 ἐς
2722 3502 2790 3555 τὰ
2806 3501 2989 3573 ἔρημα
3007 3501 3212 3573 Λιϐύης
3227 3518 3285 3555 τε
3307 3501 3403 3555 καὶ
3424 3501 3683 3569 Σκυθίας,
3701 3501 3830 3555 ἔνιοι

2237 3597 2293 3651 δὲ
2313 3597 2393 3661 είς
2410 3596 2600 3664 λόγους
2620 3595 2984 3665 ἀπενεχθῆναι
3010 3595 3346 3665 συμϐούλους
3368 3594 3477 3649 τῶν
3491 3595 3831 3665 ἁμάρτημά-

2237 3709 2347 3745 των
2364 3691 2430 3745 ’⁸.
2450 3689 2771 3763 Ἱζησάντων
2791 3689 2837 3720 ⁸⁸
2865 3688 2920 3741 δέ
2942 3687 3048 3740 ὑπὸ
3079 3687 3334 3758 πλατάνῳ
3350 3689 3398 3741 οί
3430 3687 3528 3757 μὲν
3544 3686 3829 3754 τέττιγγες

2240 3785 2299 3836 ἐν
2318 3783 2481 3855 ᾠδαῖς
2501 3778 2664 3852 ἦσαν,
2679 3779 3096 3850 ὑποψαλλούσης
3118 3781 3300 3842 αὐτοῖς
3322 3780 3418 3851 τῆς
3444 3779 3615 3851 ῶρας.
3632 3781 3829 3849 Ἠττη-

2240 3875 2351 3939 θεὶς
2369 3875 2413 3908 ⁸⁸
2442 3874 2499 3927 δὲ
2522 3876 2552 3927 ό
2588 3874 2761 3943 Δάμις
2790 3872 2898 3925 τῶν
2926 3871 3021 3925 τοῦ
3041 3872 3356 3943 Δημητρίου
3384 3871 3583 3939 λόγων,
3604 3870 3745 3925 ἀλλά
3766 3870 3828 3925 σύ

2238 3985 2302 4036 γε
2316 3966 2441 4037 ἔφη,
2463 3967 2615 4037 φίλος
2631 3966 2786 4036 ἀνδρὶ
2804 3963 2992 4034 παρὼν
3007 3964 3138 4036 [545
3157 3963 3196 4017 11
3209 3964 3248 4036 .]
3265 3965 3441 4032 γένοιο
3463 3963 3531 4017 ἂν
3554 3963 3765 4031 ἀγαθόν
3777 3979 3831 4017 τι

2237 4059 2411 4130 τούτῳ
2462 4059 2605 4130 μέγα
2655 4056 2792 4127 ἐμοῦ
2823 4058 2933 4128 γάρ
2958 4057 3189 4128 σμικρὸς
3214 4057 3391 4123 λόγος,
3411 4058 3460 4110 εἰ
3491 4055 3829 4126 συμὸουλεὺ-

2238 4168 2356 4222 οιμι
2408 4150 2560 4222 αὐτῷ
2592 4150 2667 4222 μὴ
2714 4150 2978 4222 κυϐιστᾷν
3031 4148 3278 4221 ἐπ’ὀρθά
3334 4149 3461 4220 ξίφη
3495 4151 3623 4219 μηδ’
3657 4150 3831 4220 ἀναρ-

2242 4244 2455 4315 ρίπτειν
2506 4242 2644 4312 πρὸς
2699 4241 3014 4312 τυραννίδα,
3055 4235 3126 4313 ἦς
3154 4240 3307 4294 οὔπω
3354 4241 3831 4312 χαλεπωτέρα.’0

2238 4351 2290 4388 τι
2306 4335 2351 4365 ’⁸
2378 4334 2603 4404 μὲνγὰρ
2642 4333 2926 4403 ψηφιεῖται
2952 4334 3047 4388 ἐπὶ
3104 4337 3210 4400 σοὶ,
3237 4335 3337 4388 οὐκ
3369 4331 3486 4388 οἶδα
3510 4351 3523 4364 ⁸
3559 4336 3831 4389 διάκειται

2238 4428 2296 4482 δέ
2336 4428 2525 4499 ῶσπερ
2570 4429 2619 4481 oi.
2682 4426 3175 4499 καταψηφίσασθαι
3244 4429 3344 4499 μὲν
3393 4428 3829 4497 ἐπιθυμοῦντες,

2240 4523 2620 4593 αἰσχυνόμενοι
2674 4521 2732 4575 δέ
2779 4522 2840 4575 τὸ
2878 4522 2952 4591 μὴ
2983 4521 3072 4575 ἐπ’
3092 4520 3338 4591 ἀληθέσι,
3401 4522 3497 4575 καὶ
3556 4522 3831 4591 πρόφασιν

546 4618 708 4672 tionis
737 4616 978 4685 ipsorum
1011 4613 1136 4669 facit
1159 4620 1231 4668 te.
1261 4610 1389 4667 Vult
1427 4614 1569 4668 enim
1599 4627 1717 4685 quae
1746 4628 1851 4668 non
1908 4613 2134 4681 decent;

2242 4617 2517 4679 ἀπωλείας
2570 4615 2848 4669 ὑπάτων¹⁷
2878 4614 3087 4687 ἀνδρῶν
3147 4614 3383 4669 ποιεῖταί
3430 4631 3513 4669 σε.
3569 4615 3831 4668 Βούλεται

543 4709 786 4768 facienda
835 4725 963 4764 vero
991 4707 1227 4777 dirigens
1260 4708 1325 4762 ad
1353 4707 1494 4779 juris
1517 4708 1864 4764 sententiam.
1894 4705 2011 4763 Non
2049 4722 2141 4773 au_

542 4805 709 4864 dienti
730 4802 926 4859 similis
968 4802 1273 4858 disserebat
1302 4817 1424 4856 cum
1472 4801 1699 4856 Damide
1755 4816 1918 4871 supra
1951 4800 2094 4856 delta
2118 4842 2135 4869 ,

542 4897 633 4952 ubi
651 4894 827 4951 Nilum
851 4896 1003 4951 aiunt
1026 4891 1623 4962 dividi.;Verumtamen
1643 4891 1730 4947 hic
1751 4892 1968 4962 quidem
1999 4892 2140 4945 divi-

543 4989 644 5043 tias
679 4989 855 5045 valide
886 4987 1213 5051 munientes,
1245 4992 1299 5040 et
1333 4994 1440 5040 tam
1463 4984 1750 5054 diligenter
1772 4984 1934 5039 veluti
1978 4999 2135 5040 muro

541 5081 837 5151 cingentes,
884 5081 950 5136 de
973 5080 1078 5136 illis
1124 5094 1268 5134 nunc
1289 5077 1845 5148 perielitamurdomi,
1869 5076 2130 5147 placentae

538 5181 705 5229 coctae
765 5181 912 5227 sunt.
952 5172 1074 5228 lstri
1100 5171 1244 5228 enim
1271 5170 1390 5226 illos
1416 5179 1471 5225 et
1524 5169 1797 5225 Danaides
1833 5171 2129 5226 terminaut

535 5263 682 5319 ﬂuvii
714 5277 819 5319 non
844 5262 1032 5319 faciles
1070 5264 1137 5319 ad
1178 5261 1708 5331 transgrediendum.
1747 5261 1951 5319 Omnes
1968 5262 2133 5331 Apol-

2245 4707 2345 4778 μὲν
2371 4707 2481 4778 γάρ
2500 4707 2535 4762 ἀ
2568 4707 2645 4778 μὴ
2663 4707 2761 4773 δεῖ,
2789 4709 3023 4777 πράττει
3040 4708 3086 4741 ⁸⁸
3108 4707 3165 4761 δὲ
3198 4707 3339 4760 αὐτὰ
3363 4707 3650 4778 καταρῤυο
3659 4706 3832 4776 μίζων

2241 4804 2320 4865 είς
2349 4800 2469 4872 ίτὴν
2499 4800 2593 4855 τοῦ
2639 4801 2850 4856 δικαίου
2887 4799 3066 4868 δόξαν.
3100 4801 3295 4869 Ἔλεγε
3318 4803 3360 4834 ²⁹
3388 4801 3433 4853 δ’
3455 4800 3600 4853 αὐτὰ
3645 4797 3831 4870 μασώ-

2244 4894 2403 4964 μενός
2420 4894 2466 4925 ³ο
2492 4911 2550 4948 τε
2572 4895 2667 4948 καὶ
2710 4893 3007 4963 ξυγγελῶν.
3051 4894 3113 4948 '0
3141 4894 3199 4951 δὲ
3222 4894 3322 4947 οὐκ
3352 4893 3617 4963 ἀκηκοότι
3653 4894 3832 4963 ὅμοιος

2240 4986 2507 5057 διελέγετο
2555 4988 2693 5058 πρὸς
2756 4988 2849 5043 τὸν
2891 4988 3068 5058 Δάμιν
3124 4987 3267 5061 ὑπὲρ
3300 4986 3395 5040 τοῦ
3424 4987 3625 5053 Δέλτα,
3653 4988 3782 5058 περὶ
3804 4987 3831 5039 ὅ

2239 5096 2375 5150 φασι
2416 5080 2508 5134 τὸν
2561 5080 2755 5135 Νεῖλον
2801 5079 3108 5151 σχίζεσθαι.
3149 5079 3294 5133 Ἀλλ’
3337 5080 3510 5150 ὅμως,
3550 5078 3702 5133 οὕτω
3738 5078 3831 5149 μὲν

2238 5173 2666 5245 χαρακώσαντες
2722 5172 2815 5227 τὸν
2868 5172 3120 5237 πλοῦτον,
3186 5172 3331 5227 οὕτω
3382 5172 3440 5227 δὲ
3467 5172 3513 5203 ³⁸
3573 5172 3833 5241 ἀσφαλῶς

2240 5265 2642 5336 τειχισάμεσοι,
2696 5263 3081 5335 κινδυνεύομεν
3121 5264 3254 5334 περὶ
3311 5262 3523 5335 aia-rip“
3581 5263 3701 5317 νῦν.
3742 5264 3829 5316 ΟΞ-

1907 5353 2138 5410 VARUE
2171 5353 2577 5414 LECTIONES.

594 5445 618 5478 ³
642 5448 804 5523 ἀλλὰ]

543 5541 616 5588 vt,
650 5522 740 5578 Ην.
784 5517 853 5554 Ἥ
882 5524 1018 5593 πρὸς
1036 5523 1202 5592 ἱεροῖς
1224 5517 1486 5591 γίνονται]
1514 5520 1588 5583 ὡς
1622 5522 1753 5589 ίεροὶ
1775 5517 2147 5590 γίνονταιΑΒε
2173 5517 2316 5593 πρὸς
2347 5524 2514 5595 ἱερεῖς
2539 5541 2599 5587 ς.
2661 5517 2955 5599 ἠ’ἕοικας]
2975 5538 3047 5586 vr,
3078 5523 3165 5577 15.
3244 5522 3289 5554 ¹³
3319 5523 3368 5575 εί
3392 5520 3505 5590 γάρ

546 5597 766 5625 ...ξλεμ-οη
807 5594 835 5625 Δ
944 5594 988 5625 ιι
1015 5590 1159 5625 ιρεὶῖ
1194 5609 1240 5625 ιη
1297 5591 1367 5625 00
1486 5589 1527 5622 1⁷
1558 5592 1775 5625 πένης-..ευ
1814 5592 1843 5625 Δ
1979 5593 2023 5625 In
2054 5594 2334 5625 εἴλυμα-ρ...
2368 5611 2404 5625 ι-
2525 5595 2568 5625 19
2592 5593 2739 5625 ,Αῗ.ρ’1
2770 5611 2817 5625 ιη
2871 5594 2937 5625 πίε
3060 5594 3104 5625 10
3133 5591 3327 5625 εει-,ΑΛ
3359 5609 3411 5625 ιη
3464 5594 3505 5625 '21

1335 5594 1386 5644 9.
1486 5594 1527 5622 "
1558 5594 1775 5644 πάντων
1806 5594 1872 5646 Α.
1979 5594 2023 5625 ¹⁸
2051 5594 2338 5663 εἴργασται
2367 5594 2427 5657 ς.
2525 5595 2568 5626 ι’
2592 5611 2637 5646 τι

1335 5660 1382 5751 ’ξ
1408 5661 1823 5751 ἀμαρτημάτων
1852 5664 1974 5751 (vti,
2005 5664 2059 5735 4)
2234 5663 2312 5751 Β..
2372 5664 2418 5696 ⁸⁵
2453 5665 2590 5751 ,ίζησ
2618 5663 2637 5734 Ἰ

545 5597 781 5666 φύονται
800 5594 865 5666 A.
930 5589 988 5629 ’¹⁶
1009 5589 1160 5666 ἐπεὶ]
1187 5609 1265 5666 γι,
1419 5661 1433 5666 _
1468 5589 1527 5622 ’⁸⁷
1558 5589 1872 5666 πάντωνΑ,

546 5659 657 5736 iam
705 5664 794 5736 AB
856 5659 1235 5736 “ethnicis

835 5467 888 5521 p.
920 5450 1046 5507 248.
1088 5458 1111 5490 ο
1150 5446 1507 5524 Ἀπολλώνιος
1529 5464 1678 5524 _cor_r.
1706 5449 1771 5503 A.
1821 5449 1850 5524 _"
1882 5449 2191 5524 φαίνεσθαι]
2219 5469 2293 5515 vr.
2329 5453 2415 5506 12.
2470 5453 2492 5484 ⁸
2520 5451 2737 5524 διαπρ.1
2763 5468 2845 5524 vr,
2880 5452 2969 5524 l5,
3047 5452 3069 5483 ’
3097 5450 3457 5524 θεσπίωνΑ.Δ
3508 5449 3553 5481 ³⁸
3579 5429 3851 5524 λέγεταιῘΙ

3582 5521 3707 5609 ’⁸⁸1⁸
3734 5524 3845 5609 "Et

3655 5592 3697 5622 Il
3741 5608 3800 5658 γε

3060 5594 3104 5625 ²⁰
3133 5591 3329 5664 δεινόν]
3359 5609 3435 5656 γι,
3463 5591 3552 5648 59.
3655 5592 3697 5622 "
3741 5608 3798 5658 γε

3095 5662 3242 5714 ἡττ.]
3272 5680 3369 5714 vn.
3408 5665 3499 5714 15.
3608 5666 3655 5700 ²⁶
3681 5662 3710 5714 ὃ
3752 5677 3798 5713 τι

2525 5595 2568 5626 ι’
2592 5593 2740 5665 τοὺς]
2770 5611 2839 5654 vr.
2869 5593 2985 5651 56'...

3095 5662 3242 5734 ἡττ.]
3272 5662 3369 5724 vit.
3408 5665 3499 5719 15.

2668 5681 2762 5725 vn,
2802 5666 2887 5719 ll.
2994 5668 3039 5703 ⁸³

549 5719 662 5812 ἐμὲ.
684 5734 778 5812 18..
803 5805 815 5812 _
846 5738 891 5812 θ’(
918 5719 1247 5812 ὑπάτων-’βε
1278 5730 1371 5812 ἦστ’
1401 5719 1582 5788 αὗτῶν
1753 5734 1797 5767 ³³
1827 5719 2059 5812 πράττεὶ
2089 5735 2170 5790 A:
2205 5719 2550 5808 πράπεσθᾶί
2575 5719 2636 5801 ςξ
2715 5719 2762 5771 ’ί
2790 5735 2967 5809 ἔλεγε]
3001 5719 3242 5805 νιι,’21.’
3299 5719 3743 5806 ⁸θ’μαεςετὼμενος
3763 5719 3821 5795 ςῖ

546 5805 677 5881 est
713 5805 839 5863 add.
866 5806 932 5864 Α.
1026 5804 1256 5860 ³²αὺτὸν
1291 5803 1351 5859 Β.
