4104 6396
236 432 381 498 1249

1276 410 1802 480 BIBLIOTBECA.
1839 437 1910 451 --
1945 412 2108 472 COD.
2142 407 2418 472 CCXLlI.

3378 403 3515 469 1250

228 546 355 602 κίαε
376 544 422 579 ³³
443 560 504 598 τε
531 540 625 596 ἐπὶ
654 538 765 595 τῶν
804 531 1093 607 ἀμαξῶν³³
1120 532 1411 589 πέπανται.
1459 533 1667 603 τιστροι
1693 547 1754 584 τε
1767 528 1810 561 ⁸⁸

1935 526 2119 581 ouium
2153 524 2330 579 intuiti
2362 532 2511 587 sunt,
2554 521 2703 579 illius
2736 535 2866 580 vero
2888 520 3088 579 faciem
3128 532 3510 609 suspexerunt.

223 642 338 712 γὰρ
358 638 555 697 αὐτοὺς
577 635 674 688 καὶ
702 629 967 692 Τανάῖδες
994 626 1269 701 ὁρίζουσιν
1290 626 1352 680 οὐ
1378 625 1423 657 ⁸⁸
1454 624 1627 696 ῥᾴδιοι
1656 639 1817 676 ποτα-

229 734 324 800 μοὶ
359 726 691 800 ὑπερϐῆναι.
735 723 957 793 Ἐώρων
981 720 1025 751 ³⁷
1056 720 1154 790 μὲν
1184 719 1247 782 δὴ
1271 718 1326 782 ἐς
1351 717 1443 771 τὸν
1457 714 1815 770 Ἀπολλώνιον

229 825 437 885 πάντες
465 838 480 852 ·
530 817 699 874 αὑτοῦ
758 835 818 869 τε
866 813 976 885 γὰρ
1011 812 1106 867 τοῦ
1159 811 1437 882 σχήματος
1485 809 1529 841 ³⁸
1583 806 1817 863 ἀπεϐλέ-

230 934 367 968 πετο
386 915 430 947 ³³
462 954 477 980 ,
525 916 621 965 καὶ
674 909 795 963 θεία
840 907 1015 960 ἐδόκει
1060 906 1094 975 ὴ
1117 904 1245 976 περὶ
1268 902 1346 973 τῷ
1376 900 1506 955 εἴδει
1533 898 1814 969 ἔκπληξις.

240 1007 416 1078 ’Υπὲρ
471 1004 570 1076 μὲν
619 1003 719 1072 τῆς
774 999 980 1069 κουρᾶς
1009 989 1306 1067 ἐλελήθειν,
1332 984 1379 1049 ὦ
1408 991 1654 1065 βασιλεῦ.
1688 989 1816 1060 ἔφη,

231 1102 366 1170 περὶ
382 1100 427 1130 ⁸⁸
449 1102 568 1161 ταῖς
598 1095 743 1166 θριξὶ
763 1091 1113 1148 κινδυνεύων.
1132 1089 1427 1159 Δεδεμένου
1448 1086 1490 1119 δί
1521 1084 1615 1140 τοῦ
1632 1083 1820 1137 ’Λπολο

231 1192 430 1244 λωνίου
458 1186 764 1256 ἀφικνεῖταί
789 1196 874 1249 τις
920 1185 999 1247 εἰς
1028 1182 1088 1235 τὸ
1122 1180 1522 1251 δεσμωτήριον,
1560 1175 1624 1230 τὸ
1660 1191 1823 1247 προς-

234 1283 414 1336 ελθείν
444 1281 594 1351 αύτῷ
635 1277 910 1348 ἐωνῆσθαι
968 1275 1217 1345 φάσκων,
1244 1270 1544 1343 ξύμϐουλος
1566 1268 1620 1322 δὲ
1646 1284 1823 1337 σωτη-

237 1369 672 1448 ρίαεῆκεινῘΗν
697 1371 871 1443 μὲνδὴ
891 1368 1260 1441 Συρακούσιος
1291 1359 1466 1429 οὗτος,
1495 1358 1823 1433 Δομετιανοῦ

233 1467 293 1519 δὲ
325 1465 450 1528 νοῦς
477 1481 536 1517 τε
564 1462 660 1516 καὶ
710 1460 951 1531 γλῶττα.
994 1457 1244 1525 Ἐγένετο
1261 1454 1306 1486 δ’
1332 1453 1526 1508 Πύθων
1552 1454 1580 1506 6
1617 1450 1825 1516 Βυζάν-

235 1574 352 1621 τιος
394 1556 596 1624 ἀγαθὸς
657 1555 843 1627 ῥήτωρ
865 1552 912 1584 ⁸³
947 1551 1041 1604 τοῦ
1095 1550 1244 1603 κακὰ
1291 1546 1523 1601 πείθειν.
1561 1545 1630 1598 Ἢ
1664 1542 1827 1615 τὴν“

238 1647 418 1719 κόμην
450 1646 635 1719 ἕτερόν
666 1663 719 1699 τι
744 1643 877 1716 παρ’
902 1642 930 1695 6
958 1642 1127 1695 ἐστιν’
1160 1640 1274 1693 ἐστι
1294 1638 1375 1705 δὲ,
1421 1633 1595 1709 οἶμαι,
1618 1634 1829 1707 ήλιῶσά

1919 629 1971 671 et
2001 617 2177 671 divina
2206 616 2450 685 quaedam
2488 615 2540 670 in
2572 613 2713 671 facie.
2741 615 2861 687 ejus
2908 616 3118 686 species
3141 613 3329 671 oculos
3371 630 3515 686 pra:-

1918 711 2229 783 stinguebut
2262 726 2281 765 :
2318 707 2387 764 Ut
2425 710 2697 774 tonderer,
2723 709 2869 775 veni,
2898 710 3094 780 inquit,
3124 723 3158 764 o
3188 723 3306 776 rex,
3337 710 3403 765 de
3425 724 3516 765 ca—

1923 806 2063 874 pillis
2084 804 2417 875 periclitans.
2451 802 2736 873 Apollonio
2774 802 2960 858 vinclo
2992 803 3291 870 ingreditur
3320 802 3517 874 aliquis

1925 911 2197 963 carceres,
2229 895 2420 950 dicens
2438 909 2495 949 se
2529 894 2729 951 emisse
2756 896 2952 964 pretio,
2980 903 3038 948 ut
3068 895 3120 947 in
3149 908 3423 950 carcerem
3447 894 3516 949 ad

1926 993 2076 1048 illum
2104 992 2310 1046 aditum
2350 990 2596 1053 daretur,
2622 997 2677 1044 et
2734 987 2919 1041 venire
2945 996 3001 1041 ut
3044 988 3110 1042 de
3137 986 3311 1041 salute
3339 985 3518 1041 consi-

1924 1085 2055 1140 lium
2093 1084 2266 1139 daret.
2295 1081 2429 1136 Erat
2458 1081 2546 1136 hic
2569 1079 2963 1152 Syracusanus,
2993 1077 3447 1134 Domitianimens
3462 1086 3519 1134 et

1924 1176 2125 1248 lingua.
2149 1174 2360 1247 Python
2385 1184 2569 1229 orator
2590 1171 2924 1241 Byzantinus
2953 1180 3109 1242 aptus
3132 1182 3251 1226 erat
3278 1171 3344 1226 ad
3375 1172 3516 1226 mala

1925 1266 2321 1339 persuadenda.
2342 1262 2440 1318 Vel
2464 1277 2673 1318 comam
2698 1261 2898 1331 aliquid
2929 1270 3122 1330 praeter
3157 1261 3208 1314 id
3228 1260 3371 1330 quod
3390 1269 3470 1316 est
3499 1274 3517 1315 :

1928 1369 2011 1416 est
2039 1374 2189 1423 vero,
2226 1370 2283 1413 ut
2306 1368 2455 1427 puto,
2479 1357 2669 1427 vigens
2694 1364 2749 1407 et
2778 1354 3085 1425 splendens.
3111 1353 3222 1421 Ego
3256 1368 3385 1407 vero
3412 1368 3517 1407 non

1929 1451 2102 1508 solum
2130 1449 2424 1507 convenire
2455 1462 2552 1518 pro
2585 1447 2851 1517 pecuniis,
2885 1448 2979 1501 sed
3008 1446 3127 1502 illus
3166 1446 3366 1515 expuli,
3403 1456 3523 1499 tau—

1929 1557 2091 1613 quam
2118 1556 2224 1596 non
2251 1555 2436 1596 sanos.
2470 1539 2584 1611 Ego
2620 1538 2797 1595 adhuc
2836 1539 3050 1607 juvenis
3097 1550 3317 1608 propter
3353 1552 3519 1609 pecu-

1932 1634 2075 1688 niam
2115 1632 2306 1687 irrisus
2357 1645 2496 1696 sum,
2530 1638 2752 1699 paterna
2815 1630 2951 1684 bona
3007 1628 3141 1685 satis
3188 1628 3365 1699 ampla
3412 1641 3521 1682 uno

235 1757 299 1793 τε
334 1741 430 1793 καὶ
478 1736 877 1808 ὑποφαίνουσα.
922 1734 1086 1808 [i028
1116 1730 1210 1804 8.]
1261 1728 1402 1801 Ἐγὼ
1417 1730 1463 1761 ⁸⁵
1493 1728 1551 1783 δὲ
1578 1727 1637 1781 ού
1668 1726 1828 1798 μόνον

1932 1724 2104 1781 solum
2136 1723 2242 1779 vidi
2260 1721 2458 1793 3350
2480 1722 2605 1777 die:
2631 1721 2888 1776 fratribus
2914 1722 3048 1776 meis
3076 1721 3287 1791 reliqui,
3310 1728 3364 1776 et
3380 1719 3521 1774 ami-

236 1834 299 1888 ού
362 1831 625 1901 προσῄειν
650 1830 695 1862 ⁸⁸
750 1829 891 1899 ὑπὲρ
952 1826 1294 1899 χρημάτων,
1349 1823 1488 1877 ἀλλὰ
1542 1820 1828 1884 κάκείνους

1936 1817 2037 1883 cis,
2067 1825 2122 1872 et
2141 1818 2387 1885 cognatis
2412 1813 2761 1886 pauperibus.
2788 1813 3058 1883 Sapientis
3084 1813 3183 1868 viri
3205 1828 3374 1868 coma:
3394 1825 3521 1881 par-

240 1883 552 1988 idos-Iv
581 1883 710 1994 ⁷οὐχ
758 1883 1123 1991 opinata}.
1185 1883 1564 1988 Διεῦεϐλήμην
1598 1915 1655 1969 δὲ
1690 1913 1828 1985 πρὸς

1935 1915 2025 1962 cat
2054 1883 2258 1959 ferrum
2290 1920 2303 1958 :
2334 1883 2442 1957 non
2465 1883 2609 1957 enim
2642 1902 2770 1957 illud
2805 1905 3093 1957 admovere
3116 1902 3373 1966 licet,ubi
3402 1916 3520 1956 om-

238 2019 500 2088 χρήματα
559 1991 848 2085 μειράκιον
901 2012 980 2065 ἔτι
1010 2009 1111 2065 ῶν.
1136 2009 1217 2063 Τὰ
1236 2007 1367 2078 γοῦν
1399 2005 1631 2078 πατρῴα
1666 2005 1828 2078 (λαμ-

1932 2013 2026 2055 nes
2058 2010 2316 2053 sensuum
2344 1993 2543 2061 fontes,
2573 1994 2755 2050 omnia
2788 2003 2930 2060 vota,
2961 2001 3016 2048 et
3051 1991 3269 2048 oracula
3305 1991 3522 2062 conspi-

239 2083 523 2176 δ’ἧν
563 2083 722 2157 οὐσία
768 2102 965 2172 ταῦτα)
1022 2103 1154 2172 μιᾶς
1206 2098 1378 2171 μόνης
1438 2096 1563 2152 ἰδὼν
1612 2094 1828 2168 ἡμέρας

1932 2093 2166 2157 ciuntur,
2191 2099 2249 2147 et
2276 2090 2450 2145 oratio
2480 2088 2759 2158 sapientia:
2792 2087 3082 2156 interpres.
3117 2083 3349 2141 Nervam
3384 2101 3523 2157 quo-

238 2198 491 2265 ἀδελφοῖς
514 2213 572 2249 τε
601 2196 716 2259 τοίς
740 2193 981 2264 ἐμαυτοῦ
1017 2193 1199 2263 ἀνῆκα
1229 2191 1325 2246 καὶ
1355 2189 1534 2260 φίλοις
1567 2190 1665 2243 καλ⁵
1718 2187 1828 2241 τῶν

1932 2183 2013 2238 vis
2042 2182 2267 2252 imperio
2289 2182 2509 2253 dignum
2538 2189 2691 2253 puto,
2726 2188 2781 2234 et
2804 2179 2950 2234 omni
2983 2179 3223 2235 oratione
3236 2178 3391 2235 bouis
3421 2194 3521 2234 vo-

240 2288 517 2359 ξυγγενῶν
566 2290 681 2351 τοῖς
728 2288 977 2357 πένησιν.
1046 2283 1281 2354 Σοφοῦδτ
1310 2282 1367 2338 δὲ
1398 2281 1595 2353 ἀνδρὸς
1651 2280 1829 2353 κόμης

239 2380 510 2452 φειδέσθω
555 2379 791 2450 σίδηρος·
853 2378 913 2431 οὐ
971 2378 1079 2448 γὰρ
1122 2376 1343 2448 θεμιτὸν
1385 2374 1615 2445 ἐπάγειν
1661 2372 1825 2427 αὐτὸν

236 2462 302 2528 οῦ
317 2473 361 2506 ⁸⁸
390 2474 561 2526 πᾶσαι
617 2472 715 2543 μὲν
769 2469 1144 2542 αἰσθητηρίων
1199 2468 1396 2540 πηγαὶ,
1447 2469 1619 2522 πᾶσαι
1642 2467 1700 2521 δὲ
1719 2468 1824 2539 ὁμ-

240 2568 343 2638 φαὶ
358 2567 403 2599 ⁸³
437 2564 594 2636 εὐχαί
621 2582 680 2618 τε
711 2564 1095 2633 ἀναφαίνονται
1151 2562 1247 2617 καὶ
1297 2561 1491 2631 σοφίας
1549 2560 1824 2632 ἑρμηνεὺς

240 2660 421 2730 λόγος.
474 2656 785 2729 Νερούαν⁸⁰
836 2656 889 2710 δὲ
936 2656 1144 2721 ἄξιον⁸¹
1197 2655 1295 2725 μὲν
1354 2656 1530 2727 ἀρχῆς
1578 2653 1821 2725 ἡγοῦμαι

242 2750 427 2821 πάσης
472 2751 563 2801 καὶ
607 2748 767 2815 λόγου
819 2746 1022 2810 παντὸς
1051 2746 1333 2816 εὐφημίαν
1352 2746 1634 2817 ἦκοντος¹⁵¹
1669 2745 1820 2813 ἀγω-

1934 2276 2003 2331 tis
2028 2283 2414 2346 prosequente.
2440 2272 2765 2328 Bellatorem
2795 2272 2962 2332 enim.
2993 2286 3248 2326 curarum
3272 2286 3378 2326 non
3414 2270 3522 2326 uti-

1933 2367 2039 2423 lem
2075 2368 2205 2423 dicit
2222 2366 2554 2436 Apollonius.
2571 2364 2829 2434 Euphrati
2853 2363 3117 2420 adulatori
3145 2364 3272 2435 quid
3292 2365 3409 2420 dico
3428 2379 3523 2436 pen

1931 2461 2121 2527 cunias,
2139 2461 2247 2516 imo
2269 2459 2440 2515 futites
2459 2468 2583 2514 sunt
2600 2459 2905 2514 divitiarum
2931 2473 2946 2511 :
2973 2462 3095 2515 etin
3119 2457 3317 2514 mensis
3334 2459 3525 2528 dispu-

1931 2561 2197 2621 tatcaupo
2242 2551 2576 2616 administer,
2597 2551 2911 2621 publicanus
2931 2592 2947 2618 ,
2976 2551 3248 2608 fenerator
3274 2565 3288 2605 :
3339 2551 3524 2606 omnia

1930 2648 2125 2715 factus,
2161 2656 2216 2702 et
2258 2645 2471 2700 vendita
2511 2654 2567 2699 et
2604 2647 2911 2700 vendentia.
2940 2645 3349 2716 lmpressusque
3374 2660 3521 2699 sem-

1930 2755 2028 2812 per
2039 2740 2334 2810 potentium
2344 2737 2546 2808 januis,
2564 2738 2716 2794 adest
2738 2737 3073 2808 frequentius
3089 2756 3248 2810 quam
3266 2741 3361 2810 ipsi
3378 2739 3526 2808 jani—

242 2843 433 2914 νιστὴν
462 2842 519 2895 δὲ
585 2840 883 2911 φροντίδων
943 2840 1003 2892 οὐ
1060 2839 1299 2910 χρηστὸν
1327 2838 1373 2870 ⁵³
1403 2840 1430 2892 6
1468 2835 1827 2899 Ἀπολλώνιός

1936 2843 2102 2889 tores.
2131 2832 2377 2889 Custodit
2397 2831 2618 2886 divitias
2646 2847 2774 2887 suas
2818 2833 2938 2887 aliis
2961 2872 2978 2898 ,
3008 2831 3319 2904 Egyptium
3383 2836 3527 2889 hunc

244 2952 401 3006 φησι.
434 2931 584 3003 Τῷ⁵δ
610 2931 718 3002 γὰρ
763 2931 1021 3002 Εὐφράτῃ
1068 2931 1133 2983 ὲκ
1183 2928 1277 2983 τοῦ
1331 2928 1650 2983 κολακεύειν
1704 2926 1828 2990 τοὺς

1942 2941 2173 2998 pascens
2200 2925 2464 2997 pecuniis,
2487 2934 2751 2980 etacuens
2770 2925 2822 2979 ἰιι
2839 2941 2924 2979 me
2958 2925 3215 2994 linguam,
3244 2940 3364 2994 qua
3422 2941 3531 2981 mo-

242 3023 503 3088 δυνατοὺς
562 3024 615 3078 τί
676 3024 820 3093 λέγω
866 3025 1165 3093 χρήματα;
1212 3021 1391 3094 πηγαὶ
1445 3021 1543 3091 μὲν
1590 3016 1683 3075 οὖν
1727 3022 1828 3075 εἰσὶ

1943 3031 2095 3074 retur
2128 3019 2394 3074 exsecari.
2442 3017 2705 3074 Juveutus
2743 3019 2900 3087 (ligna
2927 3028 3041 3072 erat
3077 3017 3319 3072 onmium
3351 3016 3531 3073 admi-

245 3113 509 3168 πλούτου·
551 3116 687 3169 κάπὶ
715 3116 826 3171 τῶν
876 3114 1167 3186 τραπεζῶν
1222 3113 1324 3185 ήδη
1379 3112 1709 3182 διαλέγεται,
1735 3113 1828 3167 κά-

1942 3116 2174 3180 ratioue,
2201 3127 2258 3169 et
2293 3115 2359 3169 ad
2394 3114 2789 3185 philosophiam
2825 3114 3111 3167 admodum
3149 3112 3438 3183 proclivis,
3471 3122 3530 3169 et

246 3204 437 3274 πηλος,
494 3205 844 3277 ύποκάπηλος
874 3244 890 3268 ,
913 3204 1154 3275 τελώνης
1175 3244 1190 3269 ,
1221 3203 1615 3275 ὀϐολοστάτηςε,
1646 3205 1825 3260 πάντα

1932 3207 1985 3262 in
2006 3207 2150 3261 nulla
2170 3207 2301 3260 urbe
2320 3207 2643 3275 iniucundus
2660 3206 2896 3272 erat,sed
2914 3208 3107 3278 dignus
3123 3210 3214 3278 qui
3234 3216 3527 3265 amaretur.

246 3297 527 3370 γινόμενος
558 3297 626 3351 τὰ
658 3296 985 3367 πωλούμενα
1018 3313 1079 3349 τε
1112 3298 1208 3351 καὶ⁸
1267 3296 1575 3350 πωλοῦντα.
1647 3296 2054 3352 Ἐντετύπωται
2089 3298 2133 3351 δ’
2166 3299 2255 3351 ἀεὶ
2284 3301 2405 3363 ταῖς
2434 3298 2545 3360 τῶν
2609 3299 2850 3353 δυνατῶν
2902 3299 3115 3373 θύραις,
3182 3302 3277 3355 καλ¹
3368 3318 3535 3374 προς-

247 3392 479 3460 έστηκεν
532 3390 725 3453 αὑταῖς
786 3388 1015 3459 πλέονῆ
1066 3389 1118 3442 οἱ
1165 3388 1425 3460 θυρωροί.
1481 3389 1834 3460 Ἐπιτειχίζει
1870 3390 1927 3445 δὲ
1955 3392 2050 3445 τὸν
2106 3391 2303 3445 ἑαυτοῦ
2355 3390 2586 3447 πλοῦτον
2618 3394 2848 3465 ἑτέροις,
2878 3394 2969 3449 τὸν
3029 3395 3327 3464 Αίγύπτιον
3402 3412 3530 3448 του-

246 3479 365 3533 τονὶ
398 3479 608 3549 βόσκων
661 3480 929 3551 χρήμασι,
980 3478 1074 3532 καὶ
1097 3477 1303 3543 ὀξύνων
1336 3480 1424 3534 ἐπ’
1486 3478 1591 3550 ἐμὲ
1625 3478 1872 3549 γλῶτταν
1946 3481 2105 3547 ἀξίαν
2157 3483 2547 3554 ἐκτετμῆσθαι.
2629 3485 2841 3557 Νεότης
2868 3488 2913 3519 ⁸³
2974 3487 3192 3557 ἐγένετο
3251 3488 3534 3559 θαυμάσαι

247 3575 390 3643 ἄξιοι
416 3575 512 3629 τοῦ
548 3574 786 3646 πλήθους
808 3575 902 3628 καὶ
934 3574 1035 3644 τῆς
1084 3577 1142 3640 eg
1174 3575 1235 3629 τὸ
1276 3574 1587 3648 φιλοσοφεῖν
1627 3577 1831 3649 ὁρμῆς.
1871 3579 1985 3633 Kal.
2019 3581 2078 3633 ὲν
2095 3582 2142 3613 ⁸⁸
2168 3580 2395 3654 οὐδεμιᾷ
2438 3582 2547 3636 τῶν
2598 3582 2811 3636 πόλεων
2902 3582 3075 3656 ἀηδὴς
3127 3582 3321 3653 δοκῶν,
3394 3581 3535 3640 ἀλλά

252 3670 351 3724 καὶ
377 3668 722 3724 ποθεῖσθαι⁸⁷
747 3665 919 3732 ἄξιος.

959 3759 1138 3817 ΣΜΒν.

351 3874 661 3943 Ἰσιδώρου
693 3872 837 3941 ,βίος
867 3872 988 3930 ὑπὸ
1018 3874 1369 3945 Δαμωκίου
1397 3875 1734 3942 συν-τεθείς.

324 3990 456 4063 [546
508 3988 604 4063 ιι]
649 3988 993 4060 Ἀνεγνώσθη
1039 3989 1105 4043 ὲκ
1151 3987 1246 4043 τοῦ
1285 3989 1584 4060 ἰσιδώρου
1611 3992 1761 4058 βίου
1792 3992 1838 4027 τ’

250 4085 359 4141 τοῦ
383 4084 745 4155 φιλοσόφου.

324 4176 613 4245 Αἰγύπτιοι
657 4175 836 4229 τοίνυν
868 4175 951 4229 ὅτι
1009 4175 1107 4246 μὲν
1168 4175 1489 4231 παλαίτατοι
1538 4176 1842 4249 ἀνθρώπων

253 4271 419 4335 εἰσὶν,
447 4263 524 4323 νῶ
554 4269 600 4300 ¹⁹
626 4268 763 4339 ἀκοῇ
796 4267 1161 4339 γινώσκομεν,
1191 4269 1372 4338 ὀλίγου
1402 4287 1454 4323 τι
1482 4269 1722 4337 πάντων,
1750 4273 1843 4325 οὐ·

253 4361 369 4424 6:1;
395 4358 569 4422 οὕτως
595 4358 744 4412 ἐστὶν
786 4356 1064 4429 ὀψιμαθὴς
1091 4357 1150 4421 ὃς
1170 4359 1215 4391 ⁸⁸
1241 4360 1361 4431 οὐχὶ
1410 4359 1621 4414 πολλῶν
1641 4361 1846 4432 ἀκήκοε

252 4443 527 4521 λεγόντων
557 4467 617 4504 τε
643 4450 741 4503 καὶ
764 4449 1109 4520 γραφόντων.
1148 4449 1293 4504 Είσω
1338 4452 1394 4505 δὲ
1422 4454 1455 4523 ἡ
1496 4454 1720 4525 τοιαύτη
1755 4470 1848 4506 σο-

258 4546 360 4614 φία
384 4543 738 4616 κρυπτομένη
765 4545 825 4597 ὲν
852 4541 931 4613 τῷ
966 4542 1145 4614 ἀδύτῳ
1170 4544 1268 4613 τῆς
1297 4544 1599 4614 μυθολόγου
1641 4547 1848 4617 ταύτης

256 4636 537 4707 ἀληθείας,
566 4634 738 4699 οὕτως
783 4630 965 4707 ἠρέμα
1013 4635 1470 4706 παραγυμνοῦται
1523 4637 1665 4691 κατὰ
1714 4637 1850 4709 βρα-

258 4729 328 4800 χὺ
357 4729 402 4761 ⁸⁸
448 4727 526 4799 τῷ
546 4727 829 4797 δυναμένῳ
858 4727 996 4798 πρὸς
1035 4726 1158 4780 θεὸν
1208 4727 1493 4782 ἀνακλῖναι
1547 4730 1647 4799 τὴν
1700 4730 1851 4799 ἱερὰν

262 4822 439 4892 αὺγην
471 4820 571 4890 τῆς
588 4818 788 4890 ψυχῆς.
815 4818 938 4872 Ὅτι
981 4819 1030 4871 οἱ
1060 4818 1349 4889 Αἰγύπτιοι
1371 4818 1621 4873 ἐσέϐοντο
1645 4820 1689 4851 ⁸⁵
1721 4820 1843 4874 θεὸν

2632 3765 2883 3822 CCXL".

2061 3879 2144 3932 Ea:
2179 3880 2375 3934 Isidori
2398 3881 2692 3952 philosophi
2723 3882 2839 3936 Vita
2869 3881 3150 3937 Damascio
3179 3894 3416 3940 auctore.

2008 3990 2135 4062 Legi
2171 3991 2343 4046 Vitam
2372 3993 2568 4048 Isidori
2594 3997 2889 4066 philosophi
2911 3996 3049 4067 (98).

2012 4172 2183 4231 Nemo
2205 4175 2338 4230 adeo
2355 4190 2479 4231 sero
2499 4174 2707 4230 discere
2739 4175 2927 4245 carpit,
2950 4177 3195 4248 tardique
3211 4189 3291 4234 est
3309 4178 3529 4251 ingenii,

1943 4268 2071 4337 quin
2086 4266 2200 4323 fere
2216 4284 2280 4322 ex
2298 4269 2551 4323 omnibus
2583 4278 2636 4323 et
2659 4268 2966 4325 dicentibus
2994 4280 3046 4323 et
3065 4271 3424 4326 scribentibus
3439 4289 3532 4325 au-

1945 4361 2127 4426 dierit,
2150 4358 2434 4431 Egyptios
2450 4363 2689 4415 omnium
2709 4371 2829 4430 post
2852 4362 3098 4417 homines
3125 4375 3280 4418 natos
3302 4378 3421 4417 esse
3445 4379 3535 4417 an-

1947 4453 2302 4521 tiquissimos.
2330 4451 2454 4508 Haec
2480 4469 2607 4507 vero
2627 4455 2888 4522 sapientia
2921 4454 3067 4508 intus
3086 4453 3136 4507 in
3162 4455 3531 4523 penetralibus

1946 4543 2208 4600 fabulosa:
2238 4544 2384 4599 illius
2417 4547 2660 4599 veritatis
2694 4545 3034 4611 abscondita,
3062 4545 3196 4600 adeo
3214 4547 3353 4600 lente
3387 4562 3535 4601 reve-

1948 4636 2116 4703 latur,
2147 4654 2212 4693 eo
2242 4640 2381 4706 quod
2409 4639 2623 4693 divinus
2656 4640 2745 4693 ille
2766 4640 2961 4693 animm
2989 4640 3246 4707 splendor
3275 4641 3341 4693 ad
3367 4641 3533 4696 Deum

1950 4730 2154 4784 sensim
2180 4731 2444 4785 duntaxat
2469 4732 2707 4786 converti
2739 4736 2929 4803 possit.
2961 4732 3175 4798 Colunt,
3196 4734 3400 4803 inquit,
3426 4752 3536 4805 pra:

1950 4823 2165 4877 ca-tcris
2187 4823 2288 4877 diis
2307 4821 2546 4894 Egyptii
2566 4822 2761 4877 Osirim
2791 4834 2845 4879 cl
2868 4823 3012 4892 Isim;
3044 4824 3188 4879 illum
3211 4829 3391 4881 omnia
3412 4841 3540 4882 con-

1564 4979 1799 5037 VARIE
1830 4982 2237 5041 LECTIONES.

354 5097 403 5130 ⁸⁸
429 5092 607 5157 οἰκίας
718 5111 815 5158 vn,
872 5093 965 5149 26.

261 5165 573 5237 vtt._51._
643 5163 779 5217 ³³τὸ
831 5169 1017 5237 σχῆμα
1075 5163 1220 5223 corr.
1274 5174 1337 5224 A.

260 5236 306 5269 "
336 5233 575 5318 ἐγένετο]
634 5247 733 5295 Vit.
770 5237 867 5318 A'5_7.

263 5320 566 5373 προσηκειν
607 5323 666 5369 ς’.

265 5378 308 5406 ει
340 5374 497 5440 ἀξίαν
557 5376 666 5429 ΑΒ.

968 5239 1015 5271 ⁸³
1046 5241 1229 5309 ῥήτωρ
1273 5241 1474 5309 ἀγαθὸς
1504 5260 1563 5307 ς.

767 5308 815 5382 δῖ
851 5309 1053 5382 σοφοῦ]
1087 5308 1281 5372 vut,7.
1310 5308 1361 5367 6.

771 5373 816 5405 δ’
841 5373 1134 5446 ἀνήκοντος
1162 5398 1221 5444 ς.
1325 5388 1372 5421 ⁸³
1402 5384 1657 5453 χρηστῶν
1704 5386 1768 5442 Α.

261 5512 379 5569 δυν.
408 5533 470 5581 ς.
516 5512 531 5525 “
568 5516 614 5548 ⁶¹
636 5512 835 5571 ’ἔσεϐον
867 5534 928 5582 ς.

1068 5096 1368 5168 ’δάμαξῶν
1417 5101 1459 5154 Α
1516 5116 1529 5153 :
1571 5101 1759 5171 μαζῶν
1812 5122 1873 5170 ς,

1448 5176 1493 5209 ³⁸
1525 5173 1895 5229 ἀπεϐλέποντο
1941 5195 2002 5242 ς.

1663 5247 1713 5318 δξ
1736 5246 1768 5315 ἢ
1801 5245 1921 5318 τὴν]
1947 5263 2042 5304 vn.
2074 5247 2163 5303 49..

1462 5318 1506 5350 ιε
1538 5307 1612 5386 οῦ
1632 5314 1720 5367 ΑΒ
1745 5307 1768 5367 ε’
1804 5307 1867 5370 αἱ
1906 5307 1969 5381 ξ.
2065 5326 2111 5359 ιο
2142 5313 2299 5386 εὐχαὶ
2338 5320 2366 5372 6

1977 5105 2022 5138 ³⁵
2063 5120 2121 5157 τε
2178 5102 2304 5161 add.
2373 5106 2438 5160 A.
2543 5110 2590 5145 ³³
2643 5107 2973 5180 ὼραῖζουσιν
3027 5127 3087 5175 ς.

1977 5197 1981 5205 .
2121 5174 2166 5205 ιο
2197 5174 2337 5205 ,νη-ι..
2369 5175 2387 5205 1
2429 5193 2501 5205 ....
2563 5178 2625 5205 71
2764 5182 2806 5205 ις
2857 5181 3087 5205 mgnus...

2197 5175 2387 5247 ὑπὲρ]
2429 5193 2521 5239 vn,
2563 5178 2651 5233 34.
2693 5175 2704 5180 ’
2763 5182 2806 5220 ι’
2854 5181 3139 5251 δ;δεμένου
3180 5179 3193 5253 ]
3256 5175 3385 5245 vn,-
3443 5175 3533 5238 '56:

2276 5252 2333 5319 _“
2361 5247 2493 5319 ἐγὼ]
2522 5264 2634 5314 vm,
2660 5251 2712 5311 5.
2749 5269 2798 5316 p.
2834 5252 2960 5305 552.
3058 5258 3105 5290 δα
3131 5255 3425 5319 προσήσειν
3458 5256 3533 5307 A:

2375 5267 2493 5319 ιγωι
2522 5267 2634 5314 vm,
2660 5267 2712 5311 ο,
2749 5269 2798 5316 p.
2834 5267 2960 5305 ooz.
3058 5267 3105 5290 ὐ
3131 5267 3425 5321 προσησειν
3458 5267 3535 5307 A:

2375 5320 2512 5389 μφαί
2546 5336 2605 5383 ς.
2702 5322 2983 5391 ⁵⁰ίνερούα
3020 5324 3065 5376 Α
3096 5336 3179 5375 est
3220 5339 3336 5385 vm,
3361 5324 3414 5386 7,
3444 5324 3534 5379 10.

3196 5110 3239 5144 ³⁷
3297 5108 3537 5185 ἑώραξνί]

614 5388 679 5463 [ςῖ
771 5388 816 5463 εἴ
841 5388 1134 5463 ανηζογτος
1162 5398 1270 5463 ς..-
1325 5388 1673 5463 “$97,915,:
1704 5388 1822 5463 ΑιΔ
1873 5388 1921 5427 ιι
1949 5388 2051 5463 τῷ]
2080 5406 2208 5463 νιιιι
2228 5390 2283 5456 7,
2334 5393 2419 5447 Μ,
2496 5392 2541 5423 ⁸³
2566 5390 2771 5463 νεότης]
2808 5388 2919 5452 Vill.
2952 5394 3042 5447 21.
3119 5395 3167 5427 ⁸⁸
3198 5397 3292 5445 καὶ
3316 5393 3393 5463 εν]
3418 5410 3535 5459 vm,

262 5443 355 5527 ξι.
432 5446 476 5478 ⁸⁷
506 5446 839 5527 ποθῆσαι-ς.
933 5443 978 5487 5‘
1010 5453 1074 5505 ὲκ
1101 5443 1197 5507 τοῦ
1236 5455 1329 5509 Ἰσ.
1369 5443 1593 5524 βίουἈε
1639 5456 1732 5511 Ἰσ.
1769 5456 1883 5527 βίος
1915 5476 1976 5523 ς’.

2078 5463 2124 5495 ⁸⁹
2171 5456 2246 5518 ὧν
2276 5468 2357 5520 A:
2388 5464 2462 5527 ὡς
2494 5478 2553 5525 ς.
2629 5462 2674 5493 ⁶⁰
2703 5456 2866 5526 ὃςἈε
2890 5464 2965 5526 ὡς
3004 5481 3066 5529 ς.
3141 5463 3185 5496 ⁸⁸
3220 5456 3393 5535 βραχύ
3431 5456 3538 5535 περ

1766 5608 1815 5665 Ν
1985 5656 2002 5671 .

338 5700 453 5792 (as;
495 5698 686 5792 laid-ori
732 5701 1441 5792 hancﬂvitamtscripsisse
1492 5608 2094 5775 DamasciumOTlfrtim
2148 5709 2315 5784 liquet
2354 5715 2525 5772 exiis
2588 5731 2709 5791 quae
2765 5731 2926 5777 supra
3001 5714 3276 5787 leguntur,
3338 5716 3537 5792 partim

268 5771 461 5837 Suidu,
494 5775 690 5843 partim
725 5777 957 5845 denique
988 5789 1055 5830 ex
1084 5772 1222 5829 intra
1255 5771 1463 5843 positis.
