4050 6456
440 413 447 420 .
532 466 668 532 1:251

1630 462 1891 524 PHOTII
1929 462 2123 525 PATR
2136 464 2439 528 IARCH/E
2481 468 2591 530 ΟΡ.

3665 464 3823 536 1252

531 583 682 644 dere,
708 586 764 635 et
794 575 1001 647 ﬁguris,
1035 574 1382 644 numerisque
1412 574 1696 630 materiam
1728 578 1997 629 adornare
2025 590 2107 629 ar-

2218 577 2451 646 μάλιστά
2504 595 2669 651 φησιν
2720 579 2766 612 ⁸³
2824 578 3040 650 Ὄσιρίν
3093 597 3152 633 τε
3194 579 3288 635 καὶ
3334 575 3497 649 Ἶσιν,
3550 582 3646 638 τὸν
3714 582 3826 649 μὲν

531 671 757 735 bitrati;
796 670 936 723 hanc
964 680 1092 720 vero
1133 664 1409 721 immensis
1443 664 1696 734 perennis
1743 667 1867 719 vita;
1920 664 2107 719 rivulis

533 762 674 815 illius
711 760 969 814 fabricam
1019 758 1250 826 irrigare
1292 770 1355 810 ac
1392 756 1663 824 saginare.
1690 754 1869 808 Exhis
1898 762 2111 808 constat

532 852 877 913 Theocrasia,
912 852 1012 904 hoc
1060 860 1144 903 est
1176 849 1355 901 divina
1392 846 1732 916 temperatio,
1788 856 1883 900 aut
1934 845 2110 915 potius

533 946 771 1017 perfecta
801 945 927 997 unio
954 952 1055 1005 est,
1098 940 1301 994 reditus
1345 939 1645 993 animarum
1689 946 1997 993 nostrarum
2040 938 2107 992 ad

533 1039 699 1097 Deum
726 1050 1082 1094 reversarum,
1117 1043 1171 1087 et
1198 1049 1227 1086 e
1271 1031 1435 1085 multa
1473 1030 1824 1084 distractione
1856 1031 1906 1083 in
1945 1045 2107 1084 unum

532 1133 901 1187 collertaruui.
920 1129 1123 1182 Etenim
1147 1126 1332 1179 nonde
1354 1124 1628 1177 avolsione
1649 1123 1947 1178 luculenter
1965 1124 2106 1187 dico,

532 1242 637 1294 qua
689 1226 792 1278 huc
819 1223 1063 1275 demissa:
1118 1229 1175 1272 et
1203 1226 1476 1270 terrenum
1511 1216 1710 1269 indutae
1740 1229 1957 1283 corpus,
1995 1230 2024 1268 a
2055 1232 2111 1266 se

534 1317 763 1371 invicem
797 1315 897 1368 illa:
948 1309 1168 1365 divulsae
1213 1318 1360 1373 sunt,
1402 1316 1456 1360 et
1485 1322 1673 1360 revera
1705 1322 1735 1359 a
1778 1305 2025 1371 furiosis,
2058 1314 2111 1359 et

532 1408 725 1478 335b
746 1423 775 1458 a
797 1403 1026 1458 terrenis
1047 1400 1326 1455 affectibus
1347 1413 1442 1467 per
1468 1398 1721 1451 mundum
1742 1411 1942 1465 sparsae
1961 1404 2109 1461 sunt,

532 1507 621 1568 qui
656 1516 756 1553 non
779 1499 933 1551 modo
974 1512 1094 1549 cum
1133 1493 1394 1563 Typhone
1415 1489 1785 1559 comparandi,
1821 1490 1914 1543 sed
1938 1489 2112 1543 adhuc

535 1594 722 1655 multo,
779 1602 835 1643 ut
880 1599 1027 1657 puto,
1073 1585 1499 1655 perturbatiores
1541 1595 1687 1639 sunt.
1725 1584 1922 1638 Verum
1957 1584 2112 1654 cujus

531 1685 700 1754 gratia
734 1686 844 1736 haec
870 1682 1085 1735 omnia?
1106 1679 1223 1733 Jam
1257 1688 1467 1745 tempus
1486 1677 1799 1745 adjungere,
1833 1688 1885 1731 et
1917 1678 2109 1731 iterum

533 1776 899 1829 narrationem
940 1781 1089 1825 extra
1117 1779 1495 1834 argumentum
1526 1768 1920 1835 exspatiantem
1952 1778 2110 1819 revo-

531 1883 656 1923 care
682 1884 698 1922 :
726 1877 781 1920 et
811 1864 1152 1933 coniungitur
1184 1862 1272 1915 illa
1300 1877 1330 1915 e
1359 1861 1605 1915 terreatri
1636 1860 1736 1912 hac
1766 1858 1873 1911 vita
1907 1858 1972 1910 ad
1999 1868 2111 1910 εαξη

530 1962 717 2015 lestem
735 1960 882 2012 illum
910 1956 1166 2010 fornicem
1192 1951 1545 2007 avolans.Sed
1575 1950 1759 2019 statim
1781 1948 1901 2018 quis
1919 1948 2114 2001 existi-

529 2060 701 2106 maret
730 2065 791 2104 ea
842 2063 961 2117 qua:
989 2046 1127 2099 dicta
1187 2054 1330 2105 sunt,
1362 2041 1741 2095 beatitudinem
1802 2052 2019 2093 sonare.
2058 2038 2113 2091 In

530 2152 778 2213 promptu
801 2151 883 2194 est
907 2140 1239 2204 interrogare
1263 2155 1275 2189 :
1299 2133 1474 2193 Unde.
1494 2148 1526 2186 ο
1558 2134 1749 2196 amice,
1770 2130 2113 2185 manifestum

528 2247 632 2296 est.
693 2236 837 2289 dicat
864 2232 1079 2301 aliquis,
1151 2238 1298 2281 tuum
1391 2226 1539 2280 illum
1596 2223 1975 2292 philosophum
2046 2222 2114 2275 ab

530 2329 631 2383 hac
676 2326 830 2381 turba
886 2325 1185 2378 animarum
1236 2329 1413 2373 ortum
1474 2316 1734 2371 duxisse?
1786 2316 1897 2383 Ego
1935 2323 2113 2369 autem

528 2422 596 2475 ad
656 2418 741 2471 illa
812 2431 917 2469 nun
967 2410 1314 2472 decertaudo,
1382 2423 1530 2461 more
1600 2406 1951 2475 judiciorum,
2019 2402 2112 2457 sed

530 2513 715 2567 mitius
823 2506 1189 2577 respondebo,
1274 2514 1451 2570 neque
1543 2498 1960 2561 contendendo,
2053 2504 2113 2550 ut

531 2605 603 2660 sit
683 2604 734 2656 in
826 2599 1217 2670 disputatione,
1313 2594 1401 2646 ubi
1484 2592 1751 2645 acerrime
1834 2596 2109 2655 certatur‘,

529 2698 623 2751 sed
656 2705 713 2748 ut
748 2694 892 2756 leges
926 2701 1048 2746 sunt
1091 2702 1301 2750 eorum,
1336 2684 1425 2753 qui
1472 2682 1618 2737 Vitas
1656 2682 2006 2743 describunt,
2049 2694 2109 2735 ea

529 2790 641 2843 sola
685 2802 805 2856 quae
855 2800 977 2837 vera
1022 2795 1146 2835 esse
1198 2779 1387 2843 credo,
1433 2777 1761 2846 producens,
1810 2787 2040 2842 quaeque
2082 2786 2111 2825 a

529 2886 862 2951 princeptore
909 2875 1115 2928 audivi.
1175 2872 1411 2925 Severus
1468 2870 1767 2937 imperator
1837 2867 2113 2922 Romanus

529 2972 651 3035 fuit,
685 2971 1165 3035 Romanorumque
1206 2974 1361 3033 pater
1391 2962 1527 3031 legis
1559 2960 1895 3030 praescripto.
1929 2959 2029 3025 Qui
2061 2969 2113 3013 et

528 3064 756 3131 lapidem
811 3076 870 3114 se
922 3060 1000 3112 ait
1046 3059 1266 3123 vidisse,
1324 3056 1374 3108 in
1430 3070 1537 3123 quo
1580 3054 1892 3107 continetur
1940 3053 2109 3121 ﬁgura

527 3156 669 3208 lunae
694 3155 844 3205 vario
877 3152 1037 3205 modo
1063 3158 1284 3201 llltllttla‘
1307 3163 1373 3202 ex
1403 3147 1510 3201 alio
1541 3146 1594 3199 in
1630 3144 1797 3210 aliud,
1831 3152 1885 3199 et
1919 3153 2109 3199 contra

2212 670 2423 725 ἅπαντα
2451 672 2805 743 δημιουργεῖν
2838 672 3152 743 νομίζοντες
3177 714 3191 734 .
3216 674 3381 727 εῐδεσί
3428 690 3489 726 τε
3547 673 3647 726 καὶ
3686 673 3825 740 ἀρι-

2211 761 2369 834 θμοῖς
2414 764 2514 835 τὴν
2557 764 2691 836 ὓλην
2725 765 3147 836 διακοσμοῦντα,
3182 767 3281 837 τὴν
3306 766 3364 820 δὲ
3420 764 3824 837 κατάρδουσάν

2212 872 2271 907 τε
2325 856 2419 909 καὶ
2475 858 2797 912 πιαίνουσαν
2840 858 2938 928 τὴν
2991 858 3180 911 τούτου
3209 858 3570 927 δημιουργίαν
3604 858 3824 910 ἀενάου

2211 944 2359 1015 ζωῆς
2404 946 2449 979 ⁸³⁵
2481 947 2691 1017 ὀχετοῖς
2736 949 3087 1018 ἀμετρήτοις.
3155 948 3250 1000 Ἐκ
3282 946 3481 1016 τρίτων
3534 948 3660 998 ἀντὶ
3717 943 3823 996 τοῦ

2210 1036 2675 1108 τρίτον.Καὶτοῠτ
2694 1038 2788 1091 ’ἂν
2815 1038 2899 1109 είη
2933 1038 3248 1109 Θεοκρασία,
3286 1037 3484 1107 μᾶλλον
3516 1039 3573 1090 δὲ
3607 1038 3823 1092 ἓνωσις

2211 1129 2502 1200 παντελὴς,
2542 1131 2799 1193 ἐπάνοδος
2850 1132 2959 1184 τῶν
2996 1132 3281 1202 ἡμετέρων
3330 1130 3516 1199 ψυχῶν
3574 1132 3725 1200 πρὸς
3758 1128 3822 1179 τὸ

2212 1220 2366 1273 Θεῖον
2420 1220 2900 1291 επις-τρεφομένων
2952 1223 3047 1275 καὶ
3123 1221 3631 1292 συναθροιζομένων
3700 1218 3821 1273 ἀπὸ

2162 1356 2169 1363 .
2214 1311 2318 1365 τοῦ
2349 1312 2547 1366 πολλοῦ
2574 1313 2843 1385 μερισμοῦ
2870 1314 2964 1367 καὶ¹
3000 1312 3053 1367 τί
3074 1313 3183 1385 γὰρ
3208 1315 3267 1366 οὐ
3296 1313 3439 1381 λέγω
3468 1307 3818 1381 σπαραγμοῦ

2211 1408 2527 1481 διαρρήδην,
2554 1410 2612 1462 δν
2642 1409 2877 1464 ἐνταῦθα
2910 1412 3126 1482 ῥυεῖσαι
3155 1410 3250 1462 καὶ
3285 1410 3447 1477 σῶμα
3490 1410 3684 1479 γήϊνον
3716 1406 3824 1460 λα·

2214 1498 2835 1569 ϐοὖσαιδιεσπάσθησαν
2891 1501 3060 1554 αὐταὶ
3106 1501 3200 1569 ἀφ’
3257 1498 3487 1566 ἑαυτῶν,
3521 1500 3622 1552 καὶ
3675 1498 3822 1549 πολ-

2212 1588 2349 1661 λαχῇ
2372 1593 2744 1662 διῳκίσθησαν
2802 1591 2906 1645 ὑπὸ
2926 1593 2970 1625 ⁸⁸
3026 1592 3135 1646 τῶν
3177 1590 3501 1659 Τυφωνείων
3561 1589 3643 1658 τῷ
3693 1590 3819 1642 ὄντι

2212 1684 2309 1735 καὶ
2332 1682 2504 1746 ἄλλως
2539 1684 2788 1753 γηγενῶν
2822 1682 3187 1755 παθημάτων,
3213 1684 3383 1736 ὄντων
3429 1700 3494 1751 γε
3536 1682 3602 1735 οὐ
3663 1681 3820 1733 κατὰ

2214 1776 2307 1827 τὸν
2340 1775 2578 1845 Τυφῶνα
2612 1775 2794 1846 μόνον,
2822 1775 2933 1829 ἀλλ’
2964 1776 3045 1829 ἔτι
3072 1770 3227 1845 οἶμαι
3279 1774 3373 1827 καὶ
3403 1774 3599 1826 τούτου
3634 1773 3819 1826 πολυε-

2215 1866 2598 1937 πλοκωτέρων.
2628 1867 2769 1920 Ἀλλ’
2797 1859 2857 1921 οὐ
2880 1867 2944 1938 δὴ
2991 1866 3157 1920 ἕνεκα
3189 1866 3280 1919 τὸν
3312 1864 3470 1933 λόγον
3522 1865 3753 1920 ᾶπαντα
3772 1860 3819 1897 ⁸⁸

2215 1958 2404 2012 τοῦτον
2456 1959 2785 2030 ἡγείραμεν,
2834 1958 3022 2033 καιρὸς
3079 1959 3146 2013 ἂν
3202 1958 3286 2028 εῐη
3340 1956 3814 2028 προσαποδοῦναι,

2215 2053 2308 2104 καὶ
2338 2050 2453 2120 ἅμα
2476 2050 2920 2105 ἀνακαλέσασθαι
2968 2051 3066 2121 τὴν
3112 2051 3363 2121 διήγησιν
3394 2049 3498 2114 ἔξω
3560 2050 3819 2120 φερομέ-

2216 2160 2314 2213 νην
2343 2143 2442 2213 τῆς
2468 2143 2795 2207 ὑποθέσεως.
2819 2144 2931 2197 Καὶ
2959 2142 3140 2212 ἔχεται
3184 2141 3320 2211 αὕτη
3350 2145 3681 2195 καταπτᾶσα
3710 2143 3818 2210 τῆς

2214 2233 2472 2302 οὐρανίας
2500 2233 2688 2302 ἁψῖδος
2716 2232 2811 2286 τοῦ
2825 2232 3038 2302 χθονίου
3073 2231 3190 2301 βίου
3209 2231 3253 2262 ⁸⁷
3281 2231 3440 2285 Ἀλλὰ
3468 2232 3607 2300 τάλα
3639 2234 3703 2285 ἄν
3728 2246 3818 2294 τις

2215 2328 2479 2382 ὑπολάϐοι
2536 2328 2598 2381 τὸ
2654 2328 2944 2398 λεγόμενον
2997 2328 3146 2399 ᾅδειν
3202 2328 3499 2398 μακαρίας.
3545 2327 3820 2396 Ἐτοιμον

2216 2420 2324 2491 γὰρ
2358 2423 2437 2485 εἰς
2474 2420 2772 2491 ἐρώτησινο
2817 2420 3000 2484 πόθεν,
3035 2414 3079 2473 ὦ
3112 2422 3314 2493 ἑταῖρε,
3344 2421 3524 2490 δῆλον,
3558 2422 3705 2473 εἴποι
3726 2434 3818 2482 τις

2216 2512 2303 2576 ἂν,
2330 2513 2411 2566 ὅτι
2433 2512 2565 2576 ὁσὸς
2598 2512 2886 2580 φιλὸσοφος
2916 2512 3023 2565 ἀπὸ
3055 2512 3208 2567 τοῦδε
3240 2513 3335 2566 τοῦ
3362 2513 3549 2576 ἔθνους
3579 2512 3816 2583 ὥρμητο

2214 2606 2322 2659 τῶν
2354 2605 2575 2676 ψυχῶν;
2606 2606 2716 2675 ἐγὼ
2754 2607 2808 2660 δὲ
2850 2606 2986 2679 πρὸς
3040 2606 3210 2660 ταῦτα
3252 2606 3659 2677 ἀποκρινοῦμαι
3689 2603 3814 2659 οὔτι

2214 2716 2277 2768 γε
2314 2698 2636 2769 μαχητικῶς
2701 2698 2889 2768 ὥσπερ
2928 2700 2986 2751 ὲν
3015 2699 3370 2770 δικαστηρίῳ,
3407 2698 3541 2752 ἀλλὰ
3571 2698 3814 2769 πραότεο

2218 2809 2327 2859 ρον,
2365 2791 2484 2843 οὐδέ
2518 2808 2580 2859 γε
2601 2790 2688 2843 διὰ
2727 2790 2962 2860 σπουδῆς
2992 2790 3110 2853 οἵας
3158 2793 3215 2843 ἐν
3256 2791 3522 2860 διαλέκτῳ
3570 2790 3708 2859 πρὸς
3751 2788 3813 2843 τὸ

2214 2883 2607 2953 ἀκριϐέστατον
2672 2881 3081 2952 άμιλλωμένης,
3119 2879 3376 2953 [10298]
3422 2875 3667 2933 Ἀ).λόἵα
3710 2879 3812 2951 μὲ-

2214 2993 2318 3042 τρα
2349 2974 2695 3045 βιογραφίας,
2732 2974 2870 3027 αὐτά
2905 2975 3059 3042 μόνα,
3098 2973 3242 3043 ειπερ
3296 2960 3471 3042 ἀληθῆ
3542 2969 3685 3025 εἶναι
3717 2990 3811 3024 πι-

2217 3066 2390 3121 στεύω
2418 3066 2630 3119 καὶτοῦ
2662 3065 2794 3136 ἐμοῦ
2833 3066 3209 3135 καθηγεμόνος
3251 3065 3489 3136 ἀκήκοα,
3530 3063 3809 3136 προφερό-

2219 3178 2377 3229 μενος
2408 3160 2474 3214 ⁶⁸.
2526 3154 2634 3213 Ἦν
2654 3158 2699 3211 δ’
2722 3160 2751 3213 ὁ
2798 3158 3039 3230 Σεϐἦρος
3093 3158 3361 3228 Ῥωμαῖος
3390 3159 3486 3211 καὶ
3524 3158 3811 3226 Ῥωμαίων

527 3250 694 3303 solem
749 3256 920 3299 aucta:
980 3253 1033 3297 et
1087 3244 1329 3305 minutae,
1386 3249 1441 3294 et
1498 3238 1665 3308 lapidi
1723 3239 1884 3290 etiam
1941 3235 2107 3290 solem

2220 3248 2396 3317 πατὴρ
2428 3248 2569 3301 κατά
2600 3248 2696 3320 τὴν
2744 3247 2838 3300 τοῦ
2872 3247 2918 3279 θ’
2947 3248 3112 3316 νόμον
3148 3247 3371 3311 ἀξίωσιν
3393 3263 3407 3277 ·
3440 3247 3499 3311 ὃς
3526 3248 3682 3313 ἔλεγε
3715 3249 3811 3300 καὶ

528 3343 726 3395 inesse.
765 3337 1001 3391 Isidorus
1040 3335 1202 3404 igitur
1233 3331 1585 3399 quzestionem
1631 3329 1773 3384 scire
1804 3328 2107 3393 videbatur,

527 3435 707 3486 dicere
736 3444 863 3483 vero
908 3427 1098 3492 noluit,
1144 3436 1197 3478 et
1237 3426 1338 3477 hoc
1379 3439 1410 3476 e
1454 3436 1644 3477 somno
1681 3420 1915 3490 quodam
1948 3420 2112 3472 mira-

528 3528 620 3583 bili
666 3527 880 3579 discere
920 3538 1081 3590 quam
1120 3517 1530 3572 accuratissime
1566 3527 1795 3570 conatus
1832 3523 1934 3567 est.
1978 3512 2109 3566 Tam

527 3622 671 3674 enim
710 3625 959 3687 prompto
1006 3612 1310 3668 somniandi
1347 3610 1563 3679 ingenio
1612 3619 1666 3663 et
1702 3618 1820 3661 arte
1855 3605 1950 3660 fuit
1998 3620 2111 3658 ina-

527 3727 662 3779 guus
698 3710 957 3768 Isidorus,
999 3715 1055 3759 ut
1088 3706 1284 3773 smpius
1324 3718 1485 3772 opera
1532 3717 1653 3770 qua:
1688 3701 1870 3769 Eipsius
1906 3698 2108 3768 praedi-

527 3803 694 3858 ctioni
749 3798 1101 3867 respondent,
1149 3795 1429 3864 explorata
1480 3794 1737 3846 demirer.
1789 3791 1927 3845 Sunt
1978 3803 2111 3843 sane

527 3896 690 3950 etiam
741 3906 880 3961 pene
919 3904 1107 3943 omnes
1158 3886 1513 3940 Alexandrini
1557 3884 1742 3939 felices
1790 3893 1845 3937 et
1888 3882 1998 3951 apti
2054 3882 2107 3935 in

528 3986 866 4051 somniando,
901 3992 952 4036 et
992 3982 1111 4035 ideo
1143 3980 1217 4033 illi
1245 3981 1409 4034 etiam
1452 3994 1592 4032 nunc
1640 3978 1845 4030 somnia
1891 3973 2108 4031 oracula

528 4081 928 4150 oognmninaut.
966 4075 1098 4129 Cum
1132 4088 1257 4127 vero
1289 4078 1645 4140 experrectus
1687 4078 1853 4133 esset,
1891 4081 1994 4120 non
2029 4066 2110 4119 vi—

528 4180 689 4230 debat
722 4173 867 4226 illam
914 4166 1349 4236 inexplicabilem
1408 4164 1694 4217 visionem.
1730 4158 1917 4229 Neque
1963 4157 2107 4211 enim

528 4270 661 4322 adeo
705 4267 909 4319 clarunt
967 4275 1141 4329 neque
1188 4256 1511 4328 profundum
1566 4253 1815 4305 vibrabat
1855 4251 2108 4319 splendo-

529 4378 666 4423 rem,
701 4367 757 4410 ut
800 4364 1083 4411 contectus
1130 4368 1157 4404 a
1205 4349 1555 4404 sensibilibus
1591 4346 1694 4398 alio
1727 4344 2106 4397 reverberare-

532 4465 639 4519 tur,
688 4456 831 4504 intus
876 4458 1055 4500 tamen
1107 4442 1442 4498 accendatur
1496 4449 1548 4493 et
1591 4439 1783 4490 luceat.
1835 4435 1939 4489 Sed
1987 4450 2109 4488 cum

527 4557 677 4600 extra
709 4544 821 4595 lucc
854 4538 1101 4593 consistit
1133 4537 1337 4598 anima,
1380 4546 1540 4585 sensu
1575 4545 1680 4583 non
1724 4528 1953 4597 amplius
1983 4542 2110 4597 ope-

2213 3338 2360 3392 λίθον
2388 3339 2543 3400 ίδεῖν,
2575 3341 2634 3392 ὲν
2663 3334 2705 3406 ᾧ
2738 3338 2969 3410 σελήνης
2995 3338 3206 3405 ἐγίνετο
3234 3339 3492 3407 σγὴματα
3526 3354 3806 3409 μεταμορ-

2215 3432 2493 3503 φουμένης
2521 3433 2751 3485 παντοῖα
2788 3433 2906 3503 μὲν,
2946 3428 3133 3485 ἄλλοτε
3194 3431 3252 3484 δὲ
3301 3431 3457 3495 ἄλλα,
3486 3430 3624 3502 πρὸς
3659 3428 3811 3501 ἥλιον

2212 3523 2517 3594 αὐξομένης
2546 3525 2591 3556 ⁷⁰
2637 3526 2729 3578 καὶ
2788 3523 3137 3594 μειουμένης,
3174 3522 3361 3576 ἐνόντα
3418 3522 3497 3592 τῷ
3550 3521 3685 3593 λίθῳ
3721 3522 3811 3575 καὶ

2211 3616 2377 3668 αὐτὸν
2423 3617 2513 3669 τὸν
2568 3617 2742 3688 ἥλιον.
2789 3614 2849 3670 Ὀ
2896 3615 3027 3683 γοῦν
3088 3614 3356 3685 Ἰσίδωρος
3388 3613 3559 3683 ἐῴκει
3619 3618 3717 3684 μὲν
3748 3616 3807 3666 τὸ

2213 3704 2548 3776 ζητούμενον
2602 3706 2787 3770 εἰδότι,
2837 3704 3018 3773 λέγειν
3067 3703 3237 3756 δὀὐκ
3286 3704 3553 3771 ⁴ὴϐοὐλετο
3582 3706 3650 3757 τί.
3706 3705 3810 3757 Καὶ

2211 3795 2371 3851 τοῦτο
2390 3797 2447 3849 δὲ
2480 3797 2670 3866 μαθεῖν
2718 3796 2777 3862 ἐξ
2810 3796 3019 3866 ὀνείρου
3060 3788 3368 3863 θαυμασίου
3400 3797 3547 3860 τινὸς
3590 3797 3809 3867 ἐναργέ-

2215 3904 2383 3941 στατα
2414 3887 2718 3941 διετείνετο.
2755 3887 2864 3939 Καὶ
2906 3887 3016 3958 γὰρ
3051 3883 3119 3958 ἦν
3151 3889 3180 3940 δ
3214 3888 3386 3958 μέγας
3429 3888 3704 3959 Ἰσίδωρος
3729 3892 3805 3953 εἰς

2211 3979 2465 4033 τοσοῦτον
2493 3975 2550 4033 εὖ
2574 3979 2724 4049 ἥκων
2766 3978 2981 4048 φύσεώς
3005 3996 3063 4031 τε
3096 3980 3189 4032 καὶ
3233 3981 3407 4050 τύχης
3453 3980 3803 4053 ὀνειρωττού-

2214 4090 2334 4145 σης,
2364 4075 2504 4128 ὥστε
2531 4074 2719 4145 ἔμοιγε
2755 4072 3058 4142 θαυμάζειν
3123 4072 3299 4126 ἔπεισι
3357 4072 3641 4139 πολλάκις,
3675 4076 3804 4128 ἀπο-

2213 4167 2542 4238 πειρωμένῳ
2569 4167 2677 4220 τῶν
2709 4167 2889 4238 ἔργων
2935 4164 3373 4227 ἀποϐαινόντων,
3408 4167 3513 4236 τῆς
3558 4169 3803 4238 τοιαύτης

2220 4256 2383 4311 αὐτοῦ
2440 4259 2819 4331 προρρήσεως.
2862 4258 2984 4309 Εἰσὶ
3038 4258 3135 4328 μὲν
3177 4258 3241 4328 δὴ
3298 4258 3393 4311 καὶ
3439 4258 3803 4329 Ἀλεξανδρεῖς

2213 4350 2395 4419 ρλίγου
2425 4350 2624 4413 πάντες
2656 4351 2877 4418 εὐφυεῖς
2905 4367 2963 4402 τε
3023 4349 3117 4403 καὶ
3163 4352 3413 4419 εὐτυχεῖς
3447 4351 3800 4421 ὀνειροπολεῖ-

2216 4442 2363 4495 σθαι·
2393 4444 2635 4505 καὶτοὺς
2660 4442 2905 4512 ὀνείρους
2954 4443 3153 4495 ἐκεῖνοι
3206 4442 3293 4495 διὰ
3350 4442 3512 4496 τοῦτο
3564 4444 3659 4496 καὶ
3709 4444 3797 4497 νῦν

2215 4534 2501 4605 χρησμοὺς
2522 4535 2897 4602 ὀνομάζουσιν.
2932 4534 3291 4605 Ἐγρηγορότι
3313 4537 3411 4605 μὲν
3432 4536 3509 4605 τῷ
3556 4538 3799 4609 Ἰσιδώρῳ

530 4650 685 4693 rame
729 4636 776 4688 vi
827 4632 1005 4687 somni
1058 4628 1391 4691 remissiore,
1444 4634 1569 4677 tunc
1614 4622 1712 4677 soli
1756 4622 1855 4675 sibi
1908 4621 2106 4674 relictae

2312 4601 2553 4694 παρῆνή
2588 4601 2824 4695 ἆγρῤητος
2878 4601 3144 4694 αὐτδιύίὼ
3173 4601 3263 4677 τοὺ
3314 4601 3438 4695 γὰρ
3476 4601 3619 4680 eam
3666 4601 3797 4697 inp;

531 4732 724 4785 animae
749 4728 900 4781 adest
928 4738 1143 4791 semper
1175 4718 1404 4774 interior
1439 4715 1533 4769 Dei
1575 4715 1687 4779 lux,
1719 4724 1769 4767 et
1816 4711 2107 4767 oliStaculis

520 4824 631 4891 jam
668 4824 858 4881 libera,
892 4817 1060 4885 magis
1088 4812 1421 4874 accenditur,
1454 4817 1509 4863 et
1528 4807 1823 4875 saepissime
1858 4804 1922 4858 ad
1957 4815 2107 4859 exte-

527 4920 673 4973 riora
713 4913 1023 4973 elfunditur,
1074 4908 1244 4961 donec
1292 4906 1507 4959 tandem
1556 4902 1725 4969 ipsam
1766 4897 2105 4966 imaginatio-

526 5026 648 5065 nem
681 5008 980 5062 collustret.
1011 5001 1286 5071 Duplicem
1318 4995 1481 5066 336
1511 5011 1543 5046 a
1574 4992 1698 5046 inde
1724 4990 1989 5043 rationem
2014 4988 2100 5042 diu

524 5102 771 5156 vittarum
804 5097 1069 5150 visionum
1118 5092 1254 5144 dixit
1298 5106 1312 5143 :
1360 5088 1499 5140 hanc
1544 5082 1758 5151 quidem
1788 5078 2098 5135 sensibilem

525 5192 887 5265 vigilantium,
943 5183 1318 5255 imaginariam
1373 5180 1597 5231 alteram
1656 5173 2035 5228 dormientium
2081 5189 2096 5225 :

526 5264 758 5353 utraque
791 5292 971 5333 autem
1015 5290 1198 5331 veram
1230 5269 1617 5328 continentiam
1650 5267 1904 5337 postulat.
1935 5264 2094 5319 Vide-

525 5378 684 5431 batur
733 5374 949 5439 sapiens
1004 5377 1357 5433 maturusque
1408 5360 1681 5425 Isidorus,
1741 5359 1870 5427 quin
1926 5357 2090 5411 etiam

524 5468 707 5537 gravis
734 5478 944 5517 morum
970 5458 1296 5521 constantia,
1322 5455 1487 5508 facies
1531 5467 1667 5521 pene
1702 5449 2090 5519 quadrangula,

525 5558 827 5629 eloquentis
865 5553 1114 5610 Mercurii
1147 5547 1414 5618 quoddam
1441 5560 1658 5601 sacrum
1696 5544 2047 5599 simulacrum
2079 5557 2093 5595 :

2209 4716 2352 4787 πρὰν
2381 4717 2502 4769 οὐδὲ
2529 4716 2747 4787 βαθεῖαν
2769 4718 3058 4787 παρείχετο
3095 4715 3194 4786 τὴν
3243 4720 3633 4790 μαρμαρυγὴν,
3662 4722 3793 4774 ὥστε

2209 4815 2304 4867 καὶ
2338 4811 2443 4865 ὑπὸ
2501 4809 2609 4863 τῶν
2660 4807 2937 4876 αἰσθητῶν
2991 4807 3086 4860 ἐπὶ
3145 4807 3349 4878 θάτερα
3390 4809 3795 4875 ἀνταυγούντων

2205 4902 2695 4974 ἐπηλυγαζομένην
2723 4899 2847 4971 [547
2864 4897 2958 4970 Η.]
2985 4899 3116 4952 εἵσω
3140 4899 3303 4968 ίὸμως
3352 4898 3684 4952 ἀνάπτεσθαι
3710 4903 3796 4950 καὶ

2206 4996 2553 5066 διαλάμπειν.
2596 4990 2735 5045 Ἀλλ’
2749 4992 2839 5043 ὅτε
2868 4990 2972 5054 ἔξω
3013 4987 3217 5042 τούτων
3247 4987 3602 5057 καθίστατοή
3639 4988 3793 5056 ψυχὴ,

2215 5087 2414 5158 μηκέτι
2439 5086 2539 5156 τῆς
2567 5084 2874 5153 αἰσθήσεως
2907 5081 3270 5151 ἐνεργούσης,
3295 5079 3393 5150 ἥδη
3446 5079 3504 5132 δὲ
3544 5080 3794 5149 παρειμέ-

2204 5198 2301 5249 νης
2336 5178 2441 5232 ὐπὸ
2472 5175 2565 5230 τοῦ
2591 5176 2784 5240 ὕπνου,
2816 5175 2940 5227 τότε
2976 5174 3279 5242 μονουμένη
3306 5170 3429 5224 καθ’
3458 5173 3653 5239 ἑαυτὴν
3695 5174 3723 5239 ὴ
3748 5172 3793 5201 ’³

2202 5273 2289 5325 ἀεὶ
2324 5270 2470 5323 ἔνδον
2501 5268 2714 5321 ἑστῶσα
2746 5268 2840 5319 τοῦ
2876 5266 3033 5318 Θείου
3084 5263 3361 5337 ἀστραπὴ,
3396 5266 3491 5316 καὶ
3525 5263 3789 5317 ἀπαλλατο

2199 5361 2401 5430 τομένη
2417 5358 2526 5411 τῶν
2550 5357 2841 5427 ἐμποδίων,
2862 5356 2955 5409 ἐπὶ
2976 5354 3174 5425 μᾶλλον
3200 5354 3608 5425 ἀνεζωπυρεῖτο
3628 5354 3689 5415 η,
3709 5344 3793 5405 καὶ

2202 5442 2438 5519 ἐξεχεῖτο
2460 5448 2593 5518 πρὸς
2614 5448 2673 5501 τὸ
2694 5447 2850 5510 ἐκτὸς
2881 5448 2987 5499 ἐπὶ
3016 5448 3082 5501 ἂν
3099 5445 3369 5511 πλεῖστον,
3390 5447 3495 5510 ἕως
3526 5447 3620 5519 καὶ
3638 5446 3791 5513 αὐτὴν

2206 5540 2645 5611 καταστράψειεν
2672 5538 2993 5609 ἐπ’ὲσχάτῳ
3028 5538 3127 5608 τὴν
3159 5539 3612 5608 φαντασίαν.”ι)τι
3632 5537 3791 5591 διττὸν

1805 5651 2040 5708 VARIE
2084 5649 2378 5708 LECTION
2387 5652 2487 5706 ES.

626 5785 665 5816 ⁸³
696 5800 861 5854 φησιν
882 5796 992 5836 om.
1025 5778 1088 5834 B.
1153 5777 1234 5854 _“
1260 5773 1438 5854 CG)an
1466 5791 1527 5854 r:._

520 5847 909 5928 φερόμενοςνςῇ.
951 5923 960 5928 _
1019 5854 1074 5928 δῖ
1090 5847 1182 5903 τοῦ
1212 5866 1324 5928 οιιιΖ

518 5916 642 5985 λετο
802 5916 907 5995 "vn
938 5923 1012 5978 A:
1047 5918 1114 5992 ἦν
1142 5938 1202 5985 ς.
1282 5920 1326 5950 ⁷³
1357 5916 1769 5985 ἁνεζωπυροῡτο
1798 5931 1855 5978 ς.

1628 5773 1672 5806 σε
1708 5773 1812 5808 ιθμμρλ
1850 5773 1877 5808 Δ
1921 5789 1934 5803 .

1519 5813 1527 5826 .
1628 5773 1672 5806 ⁸⁸
1708 5772 1812 5825 ὑπὸ
1845 5773 1884 5825 Α
1921 5789 1934 5826 :
1973 5771 2079 5825 ἀπὸ
2111 5789 2172 5835 ς.
2297 5771 2342 5803 ⁵⁸
2373 5771 2559 5823 τοῦτον
2587 5771 2802 5825 ἅπαντα
2832 5788 2893 5835 ς.
2997 5771 3039 5802 ⁸⁷
3069 5771 3185 5839 βίου
3230 5781 3341 5823 om.
3376 5771 3445 5822 A.
3565 5771 3609 5799 ⁸³
3637 5781 3791 5835 προς-

1519 5844 1564 5874 "°
1596 5844 1901 5923 αὐξομένης
1930 5845 1993 5908 Α,
2023 5840 2356 5915 αὐξουμένης
2387 5841 2463 5893 Β-;
2496 5840 2865 5912 αὐξανομένης
2892 5858 2953 5906 ς’.
2984 5839 3053 5896 cf.
3086 5837 3394 5910 ρ.Β.1065,
3420 5837 3511 5893 44.
3589 5838 3629 5870 ⁷⁸
3654 5835 3793 5888 5.605-

2297 5771 2342 5803 “
2373 5767 2559 5823 τοῦτον
2587 5768 2802 5825 ἅπαντα
2832 5788 2893 5835 ς.
2997 5770 3039 5802 θ’
3069 5768 3189 5839 βίου
3230 5781 3341 5823 om.
3376 5767 3445 5839 A.
3473 5837 3482 5839 _
3565 5766 3791 5839 “apo;-
