4050 6394
191 403 330 469 125μῖ

1337 397 1855 461 BIBLIOTHECA.
1895 419 1965 430 -·-
2004 398 2165 460 COD.
2208 400 2482 463 CCXLII.

3334 397 3472 465 1254

182 523 377 590 ἔλεγεν
404 519 469 573 ἐκ
494 518 688 573 τούτου
715 519 803 573 τὸν
832 518 1031 591 τρόπον
1057 518 1162 573 τῶν
1192 518 1350 573 θείων
1376 517 1671 588 αὑτοψιῶν,
1694 515 1781 569 τὸν

1889 518 2067 583 oculi,
2118 528 2178 574 ut
2225 521 2305 575 sic
2344 520 2561 592 loquar,
2600 532 2727 574 vere
2774 519 3069 590 gratiosam
3110 520 3164 574 in
3208 533 3268 577 se
3303 520 3469 576 sitam

185 614 289 686 μὲν
338 612 681 683 αἰσθητικὸν,
732 612 842 667 τῶν
878 614 1283 684 ἐγρηγορότων,
1343 611 1690 682 φαντασιώδη
1726 609 1784 663 δὲ

180 706 298 760 τῶν
334 706 731 770 καθευδόντων,
759 705 936 776 ἀληθῆ
962 705 1007 758 δ’
1026 706 1287 777 ἐκὰτερον
1318 705 1389 759 ⁷⁵.
1435 702 1794 771 Ἀπαλλαγὴν

180 799 305 869 ᾔτει
337 801 382 831 ⁷⁵
410 798 503 852 τοῦ
548 798 983 864 κατακλύζοντος
1016 798 1205 870 ὀχετοῦ
1236 802 1336 869 τῆς
1361 799 1648 867 γενέσεως.
1675 792 1784 849 Ἦν

181 891 238 943 δὲ
286 891 466 944 ἰδεῖνὸ
514 891 783 962 Ἰσίδωρος
838 891 1067 963 ἔμφρων
1126 894 1222 947 καὶ
1274 891 1660 965 πρεσϐυτικὸς,
1703 889 1784 942 ἔτι

180 981 525 1051 δ’ἐμόριθὴς
590 984 685 1035 καὶ
742 982 1153 1054 βεϐαιότροπος.
1204 986 1277 1039 Τὸ
1335 987 1434 1055 μὲν
1493 985 1785 1056 πρόσωπον

179 1076 368 1145 ὀλίγου
394 1076 735 1146 τετράγωνον
766 1072 855 1149 ἦν,
892 1078 1091 1149 Ἑρμοῦ
1130 1079 1311 1147 λογίου
1331 1080 1499 1143 τύπος
1548 1077 1711 1148 ἱερός
1735 1082 1783 1133 οί

179 1168 238 1220 δὲ
266 1168 563 1239 ὀφθαλμοὶ,
619 1169 737 1231 πῶς
771 1168 870 1239 μὲν
916 1167 983 1222 ἂν
1038 1171 1310 1241 φράσαιμι
1346 1172 1446 1241 τὴν
1491 1172 1550 1225 ἐν
1601 1170 1785 1232 αὐτοῖς

182 1259 484 1330 ἱδρυμένην
544 1262 845 1332 χαρίεσσαν
895 1261 1111 1332 ἀληθῶς
1156 1263 1497 1335 Ἀφροδίτην,
1565 1263 1684 1326 πῶς
1738 1262 1817 1313 ⁷⁸.

179 1352 225 1405 δ’
247 1353 654 1423 ἀπαγγείλαιμι
682 1354 783 1423 τὴν
814 1353 1041 1409 ἐνοῦσαν
1086 1356 1279 1420 αὐταῖς
1315 1357 1548 1427 Ἀθηνᾶν
1610 1372 1785 1424 σοφω-

179 1445 356 1514 τάτην
391 1461 407 1511 ;
438 1445 540 1498 οὐκ
579 1444 645 1500 ἂν
670 1445 727 1499 δὲ
763 1445 1025 1517 φθάνοιμι
1051 1447 1230 1517 λέγων
1279 1449 1476 1511 αὐτοὺς
1534 1447 1644 1502 ἀπὸ
1674 1446 1785 1500 τῶν

179 1536 446 1590 ἐναντίων
479 1538 559 1600 είς
595 1538 657 1589 τὸ
685 1538 816 1591 αὐτὸ
858 1539 1343 1610 συνηρμοσμένους
1383 1539 1440 1593 ἐν
1465 1534 1606 1603 εἶδος
1638 1538 1786 1609 ἀμή-

180 1645 369 1698 χανον,
408 1628 651 1694 ἑστῶτας
684 1629 801 1700 ἅμα
854 1630 1107 1701 βεϐαίους
1157 1632 1252 1685 καὶ
1289 1630 1553 1703 ἐπίτροχα
1606 1648 1786 1685 κινου-

182 1722 387 1791 μένους
428 1740 547 1785 πως
577 1722 745 1790 φάναι
769 1724 833 1776 τὸ
866 1726 975 1777 πᾶν
996 1726 1054 1776 ἐν
1087 1723 1167 1794 τῷ
1218 1724 1367 1794 αύτῷ
1396 1726 1494 1777 καὶ
1544 1724 1673 1796 περὶ
1723 1724 1785 1777 τὸ

180 1813 317 1867 αὐτὸ
356 1814 709 1883 δινουμένους
736 1814 853 1883 ἃμα
887 1814 985 1885 μὲν
1011 1815 1071 1867 τὺ
1103 1815 1298 1885 σεμνὸν
1336 1814 1453 1886 ἆμα
1481 1815 1539 1868 δέ
1588 1816 1650 1868 τὸ
1678 1816 1781 1885 χά-

1891 610 2176 676 Venerem,
2225 620 2393 681 utque
2436 612 2518 668 sic
2558 611 2805 677 efferam,
2857 612 3080 667 inlixam
3113 612 3215 667 sibi
3244 612 3470 683 sapien-

1889 703 2155 757 tissimant
2186 702 2459 758 Palladem
2489 705 2861 759 continebant.
2896 703 3029 759 Illud
3056 718 3161 758 non
3189 705 3467 769 omittam,

1889 797 1988 864 ipsi
2064 797 2204 853 oculi
2241 812 2269 850 a
2316 798 2607 852 contrariis
2653 797 2709 851 in
2744 812 2905 850 unam
2948 799 3305 867 eamdemque
3343 812 3471 866 spe-

1886 887 2025 941 ciem
2088 888 2524 956 inexplicabilem
2571 887 2734 942 simul
2795 887 3195 952 referebantur,
3255 888 3474 942 stabant

1887 979 2049 1035 simul
2081 979 2328 1045 firmiter,
2370 989 2426 1034 et
2455 980 2717 1035 velociter
2744 980 2817 1033 ita
2852 978 3228 1041 movebantur,
3264 985 3323 1031 ut
3350 992 3472 1031 vcr-

1887 1071 1996 1126 sari
2030 1071 2348 1127 viderentur
2396 1072 2543 1127 circa
2617 1072 2864 1126 eamdem
2910 1070 3170 1139 Speciem,
3218 1077 3275 1122 et
3315 1068 3472 1135 quid-

1885 1163 1969 1219 vis
2001 1164 2054 1217 in
2076 1164 2265 1218 eadem
2292 1163 2782 1234 repraesentabatur
2812 1178 2825 1215 :
2860 1160 3019 1216 simul
3042 1171 3097 1215 et
3124 1160 3468 1230 gravitatem,

1885 1265 2338 1325 venustatemque
2370 1255 2751 1325 praeferebant,
2791 1262 2846 1307 et
2887 1252 3049 1306 iidem
3086 1266 3210 1305 cum
3245 1249 3468 1313 vellent,

1885 1345 2208 1417 profundius
2267 1346 2438 1401 abditi
2504 1352 2594 1398 aut
2646 1344 3009 1414 expeditiores
3046 1358 3061 1395 :
3095 1350 3261 1411 utque
3307 1339 3472 1393 verbo

1884 1440 2085 1506 dicam,
2131 1446 2287 1494 erant
2319 1437 2461 1491 oculi
2506 1437 2578 1491 illi
2622 1435 2860 1506 perfecta
2914 1434 3109 1488 animae
3153 1430 3469 1494 simulacra,

1886 1546 1993 1587 non
2027 1531 2195 1587 solius
2229 1530 2423 1593 animi,
2473 1528 2569 1584 sed
2605 1539 2661 1583 et
2694 1525 3050 1582 inhabitantis
3080 1525 3132 1580 in
3176 1539 3237 1579 ea
3273 1523 3472 1577 divinae

1885 1623 2200 1679 inﬂuentize.
2241 1622 2446 1677 Sensus
2496 1620 2776 1675 moderate
2822 1618 2877 1673 in
2927 1617 3019 1672 illo
3067 1615 3243 1671 allecti
3288 1621 3470 1677 erant,

1886 1725 1946 1771 ut
1988 1715 2089 1771 soli
2134 1714 2452 1770 necessitati
2500 1712 2831 1777 servientes,
2874 1724 2974 1766 nec
3000 1708 3099 1765 soli
3134 1721 3348 1774 sensus,
3376 1704 3471 1762 sed

1886 1807 2049 1864 etiam
2076 1806 2413 1878 imaginatio,
2449 1820 2569 1876 quae
2602 1812 2750 1860 certa
2779 1803 2959 1872 imago
2985 1810 3069 1856 est
3103 1814 3121 1855 :
3150 1814 3326 1869 neque
3356 1815 3473 1853 me-

182 1915 301 1968 ριεν
361 1874 790 1968 ἐπιφαίνοντας,
846 1874 1181 1974 βαθυτέρους
1246 1874 1389 1966 τοὺς·
1424 1904 1621 1969 αὖτοὺς
1680 1874 1780 1960 καὶ

1887 1900 2056 1955 moria
2088 1874 2376 1954 admodum
2427 1874 2617 1953 valens
2658 1912 2823 1966 supra
2862 1894 3052 1966 vulgus
3076 1934 3091 1959 ,
3131 1902 3186 1948 et
3235 1893 3304 1947 ab
3334 1891 3473 1946 obli-

177 1991 591 2064 ἁπλουστέρους
645 1990 782 2049 εἶναι
834 1996 1212 2068 βουλομένους.
1265 1998 1481 2063 Ἀπλῶς
1525 1999 1775 2067 δἐἰπεῖν,

176 2083 477 2154 ἀγάλματα
508 2081 650 2158 ἦσαν
675 2086 946 2159 ὀφθαλμοὶ
991 2091 1188 2143 ἐκεῖνοι
1219 2091 1319 2160 τῆς
1345 2090 1523 2163 ψυχῆς
1554 2093 1776 2165 ἀκριϐῆ,

180 2176 243 2228 ού
282 2176 457 2248 μόνης
489 2194 575 2246 γε,
605 2177 743 2232 ἀλλὰ
780 2181 875 2233 καὶ
927 2182 1023 2251 τῆς
1066 2182 1381 2254 ἐνοικούσης
1432 2185 1571 2255 αύτῇ
1629 2185 1779 2251 θείας

178 2267 488 2338 ἀπορροῆς.
528 2269 669 2323 Αίδέ
693 2288 756 2339 γε
784 2272 1065 2341 αἰσθήσεις
1109 2274 1347 2346 μετρίως
1376 2274 1525 2345 αύτῷ
1546 2276 1776 2331 διέκειν-

1883 1995 2043 2048 vione
2062 2007 2169 2047 non
2190 1992 2413 2047 omnino
2443 1998 2673 2047 remota.
2696 1990 2933 2054 Etenim,
2967 1985 3333 2043 utverisimile
3363 1994 3466 2048 est,

1883 2086 2050 2142 voluit
2071 2086 2215 2140 illum
2235 2085 2376 2139 Deus
2399 2085 2639 2138 animum
2664 2084 2843 2153 potius
2858 2083 3135 2137 declarare
3153 2080 3286 2152 (99).
3305 2093 3469 2149 quam

1886 2189 2177 2246 utrumque
2217 2192 2341 2231 cum
2372 2188 2641 2245 corpore,
2685 2183 2739 2229 et
2786 2172 3187 2243 philosophiam
3223 2172 3275 2225 in
3317 2180 3471 2226 utro-

1885 2284 1992 2340 que
2022 2283 2126 2323 non
2160 2267 2489 2337 relinquere,
2519 2267 2614 2322 sed
2648 2265 2747 2321 soli
2782 2266 2966 2319 animo
3000 2265 3244 2333 inﬁgere.
3276 2263 3346 2319 Ut
3370 2278 3471 2333 ego

176 2374 237 2410 το
263 2399 281 2425 ,
315 2360 456 2428 πρὸς
495 2361 665 2433 μόνην
694 2362 1065 2432 ύπηρετοῦσαι
1096 2367 1194 2436 τὴν
1233 2366 1443 2436 χρείαν.
1498 2369 1608 2421 Καὶ
1655 2368 1778 2439 ούχὶ

1886 2365 1993 2435 iam
2037 2362 2300 2431 quosdam
2343 2361 2545 2430 reperi,
2583 2361 2675 2430 qui
2725 2358 2970 2414 exterius
3020 2357 3473 2427 philosophantur

178 2451 235 2516 gi
263 2450 553 2522 αἰσθήσεις
580 2452 759 2521 μόναι,
793 2452 929 2506 ἀλλά
957 2455 1048 2507 καὶ
1075 2454 1135 2507 τὸ
1183 2455 1406 2525 κήρινον
1458 2455 1775 2525 ἐκμαγεῖον,

177 2543 212 2612 ἡ
247 2544 546 2611 φαντασία,
569 2543 693 2597 οὔτε
715 2546 855 2617 πρὸς
891 2548 1112 2617 μνήμην
1142 2564 1194 2599 τι
1224 2547 1334 2600 τῶν
1389 2547 1602 2602 πολλῶν
1655 2550 1775 2603 δια-

176 2635 449 2705 φέρουσα,
470 2638 562 2690 καὶ
587 2638 686 2706 τῆς
714 2637 886 2709 λήθης
903 2639 963 2691 ού
987 2638 1048 2692 τὸ
1069 2640 1334 2709 παράπαν
1351 2641 1773 2714 ἀπηλλαγμένη.

176 2727 292 2779 Καὶ
345 2729 457 2799 γὰρ
486 2728 758 2800 ἠϐουλήθη
807 2731 969 2784 αὑτὸν
996 2734 1022 2785 6
1074 2732 1227 2796 Θεὸς,
1261 2731 1336 2795 ὡς
1366 2732 1531 2802 ἔοικε,
1595 2736 1775 2806 ψυχὴν

181 2823 389 2892 μᾶλλον
415 2824 543 2876 ὄντα
575 2823 862 2888 ἐπιδεῖξαι.
893 2823 1011 2894 ἢτὸ
1045 2826 1455 2897 συναμφότερον
1506 2829 1646 2897 μετά
1679 2830 1773 2884 τοῦ

179 2916 463 2986 σώματος,
512 2916 609 2970 καὶ
668 2916 767 2987 τὴν
825 2915 1146 2985 φιλοσοφίαν
1192 2918 1253 2970 ού
1281 2917 1359 2987 τῷ
1378 2921 1774 2991 συναμφοτέρῳ

178 3009 556 3075 ἐναποθεῖναι,
592 3007 725 3061 ἀλλά
762 3009 900 3079 αὐτῇ
954 3010 1091 3082 μόνῃ
1143 3012 1208 3080 τῇ
1274 3011 1420 3082 ψυχῇ
1473 3014 1770 3084 ἐνιδρῦσαι.

190 3103 282 3166 Ὧς
315 3102 494 3170 ἔγωγε
526 3102 690 3166 ἐνίοις
720 3102 821 3172 ήδη
848 3102 1256 3173 περιτετύχηκα
1282 3104 1353 3158 τά
1390 3106 1490 3175 μὲν
1535 3106 1641 3172 ἔξω
1682 3125 1774 3177 φι-

1886 2457 2214 2522 luculenter,
2268 2466 2325 2511 et
2370 2463 2594 2510 utuntur
2633 2453 2898 2507 memoria
2942 2451 3234 2505 multarum
3282 2449 3473 2517 capaci

1887 2548 2228 2620 opinionum,
2251 2557 2305 2603 et
2338 2547 2497 2602 facile
2530 2546 2710 2601 valent
2736 2545 3147 2615 inexplicabiles
3174 2551 3472 2598 contexere

1888 2645 2259 2716 syllogismos,
2331 2642 2611 2712 multaque
2671 2641 2723 2694 in
2757 2640 2822 2694 iis
2869 2639 3103 2694 facultas
3150 2647 3234 2693 est
3264 2640 3476 2692 divino-

1889 2754 2008 2793 rum
2047 2752 2337 2799 sensuum,
2379 2736 2524 2789 intus
2570 2748 2697 2787 vero
2739 2733 2914 2787 anima
2957 2740 3147 2799 egent,
3193 2739 3247 2783 et
3287 2730 3475 2798 inopes

1887 2838 2014 2884 sunt
2044 2843 2186 2883 verm
2223 2827 2490 2882 scientiae.
2542 2825 2636 2878 Sin
2679 2825 3004 2892 quandoque
3043 2823 3215 2875 iratus
3248 2820 3473 2874 videba-

1890 2928 2004 2983 tur,
2043 2918 2182 2972 ratio
2221 2917 2562 2986 imperabat,
2601 2925 2657 2969 et
2692 2916 2772 2969 ira
2815 2915 3067 2982 parebat.
3107 2911 3292 2981 Neque
3326 2912 3470 2965 enim

1885 3020 2097 3081 poterat
2130 3024 2533 3074 mansuescere,
2580 3024 2756 3077 neque
2798 3008 3130 3061 iracundiam
3198 3008 3250 3058 in
3299 3004 3474 3059 homi-

1886 3120 2015 3158 num
2055 3103 2205 3157 vitiis
2246 3101 2713 3171 reprehendendis
2751 3114 2971 3155 exuere.
3018 3098 3473 3168 lrowptissimus

176 3196 477 3265 λοσοφοῦσι
536 3195 805 3265 λαμπρῶς
840 3195 897 3248 ἐν
956 3214 1017 3248 τε
1075 3198 1265 3270 μνήμῃ
1320 3198 1515 3271 βαθείᾳ
1562 3200 1776 3256 πολλῶν

1890 3206 2008 3251 erat
2037 3198 2173 3251 bene
2198 3195 2263 3249 de
2295 3194 2415 3248 aliis
2443 3194 2721 3259 merendo,
2745 3208 2932 3247 verum
2969 3194 3146 3246 adhuc
3176 3191 3478 3259 promptior

176 3288 538 3358 δοξασμάτων
564 3289 659 3341 καὶ
694 3290 750 3341 ἐν
820 3291 1174 3362 ἀγχιστρόφῳ
1214 3292 1480 3364 δεινότητι
1544 3297 1781 3367 συλλογι-

1891 3290 1944 3344 in
1976 3287 2197 3359 ﬂagitiis
2248 3286 2537 3356 carpendis
2586 3302 2599 3339 :
2650 3287 2881 3355 ideoque
2928 3285 3219 3339 multorum
3263 3286 3476 3339 animos

180 3380 340 3450 σμῶν
366 3381 692 3452 ἀπεράντων
746 3382 839 3435 καί
899 3384 957 3435 ἐν
1010 3383 1238 3452 δυνάμει
1287 3388 1453 3457 συχνῇ
1502 3386 1781 3456 δαιμονίας

1891 3398 2034 3452 saepe
2072 3381 2335 3444 oll'endit,
2369 3396 2556 3436 eorum
2597 3380 2803 3436 scelera
2851 3381 3060 3434 blandis
3102 3381 3282 3435 verbis
3324 3390 3478 3435 exte—

178 3473 515 3545 αἰσθήσεως,
550 3472 681 3527 εἴσω
730 3474 787 3527 δὲ
842 3474 911 3526 τὰ
966 3475 1066 3544 τῆς
1114 3476 1293 3546 ψυχῆς
1350 3478 1617 3548 ἀποροῦσι
1684 3481 1781 3533 καί

1890 3488 2060 3530 nuarc
2100 3488 2205 3528 non
2239 3472 2539 3537 sustinens,
2576 3486 2678 3526 nec
2708 3471 2827 3525 loco
2859 3486 3001 3525 verae
3036 3472 3291 3526 amicitiae
3324 3471 3478 3524 valde

176 3566 506 3636 πενομένοις
529 3564 760 3633 ἀληθοῦς
788 3567 1119 3636 ἐπιστήμης.
1154 3568 1215 3620 Εἰ
1261 3569 1316 3621 δέ
1345 3587 1449 3624 που
1491 3568 1654 3641 [1032
1684 3571 1778 3643 R.]

1887 3564 2263 3621 detestandam
2291 3561 2656 3615 adulationem
2679 3560 2969 3615 adhibens.
3002 3560 3093 3614 Sic
3120 3575 3247 3627 erga
3285 3574 3477 3615 omnes

178 3659 531 3731 θυμούμενος
584 3660 795 3728 ἑωρᾶτο
834 3659 926 3711 καὶ
973 3660 1319 3726 ἀγανακτῶν,
1369 3661 1505 3715 ἀλλά
1566 3662 1658 3715 τοῦ
1696 3664 1781 3717 λο-

1887 3656 2116 3712 allectus
2141 3664 2281 3720 erat,
2315 3663 2375 3708 ut
2415 3667 2589 3722 neque
2633 3653 3013 3707 contentiones
3057 3652 3222 3722 336
3254 3652 3282 3704 b
3326 3667 3481 3706 ama-

175 3751 389 3822 γισμοῦ
426 3751 733 3822 ἡγουμένου
768 3750 864 3804 καὶ
892 3752 920 3803 6
969 3749 1137 3820 θυμὸς
1189 3751 1254 3820 δὴ
1303 3752 1536 3805 κατόπιν
1571 3755 1777 3810 εἵπετο.

1890 3761 1993 3817 ret,
2019 3764 2193 3818 neque
2220 3746 2533 3802 inimicitias
2559 3754 2751 3816 sponte
2782 3746 3106 3815 susciperet,
3136 3760 3256 3815 quas
3285 3746 3468 3799 omnia

175 3844 318 3899 Οὐδὲ
351 3844 463 3915 γὰρ
484 3838 597 3905 οἷός
622 3860 681 3897 τε
729 3839 797 3914 ἦν
842 3843 1089 3911 γίνεσθαι
1119 3844 1293 3915 πρᾶος
1324 3844 1445 3897 οὐδὲ
1478 3844 1687 3914 ἄθυμος
1716 3850 1774 3899 έν

1886 3846 2001 3914 ejus
2025 3844 2199 3898 forma
2236 3841 2396 3909 digna
2428 3849 2606 3893 erant.

174 3939 258 4010 τῷ
289 3941 501 4011 ἐλέγχῳ
525 3941 632 3992 τῶν
653 3939 1009 4010 ἀνθρωπίνων
1053 3939 1505 4009 πονηρευμάτων.
1541 3941 1636 3994 Ὧν
1659 3924 1765 4013 γὰρ
1805 3942 2159 4013 ἑτοιμότατος
2185 3937 2265 3998 εἰς
2314 3934 2639 4005 εὐεργεσίαν
2671 3935 2738 3998 ⁸³⁷,
2772 3934 2853 3988 ἔτι
2907 3935 3004 3987 καί
3072 3932 3262 3986 τούτου
3344 3950 3480 4002 προ-

172 4034 494 4104 χειρότερος
525 4027 593 4103 ἦν
621 4032 701 4095 εἰς
727 4031 1044 4102 ἐπιτίμησιν
1110 4030 1211 4101 τῆς
1274 4030 1563 4101 πονηρίας.
1612 4033 1703 4086 Διὸ
1752 4034 1846 4088 καὶ
1888 4031 2039 4102 θαμά
2121 4030 2186 4098 δὴ
2242 4027 2461 4091 πολλοῖς
2539 4027 2932 4097 προσέκρουεν,
2986 4026 3088 4078 οὐκ
3154 4026 3480 4098 ἀνεχόμενος

172 4127 364 4183 αὐτῶν
407 4127 505 4198 τὴν
563 4127 764 4180 κακίαν
826 4126 1339 4198 ύπονορίζεσταιτδ,
1397 4127 1519 4180 οὐδὲ
1568 4128 1810 4200 μελετῶν
1848 4131 1970 4184 ἀντὶ
2035 4130 2135 4199 τῆς
2190 4124 2453 4195 ἀληθινῆς
2508 4123 2692 4193 φιλίας
2750 4123 2850 4194 τὴν
2908 4122 3247 4194 πολυάρατον
3321 4124 3480 4177 κολα-

171 4225 339 4279 κείαν
372 4223 439 4277 ⁷⁹.
472 4221 607 4275 Οῦτε
641 4222 925 4290 φιλαιτίως
968 4221 1092 4275 οῦτε
1142 4222 1477 4294 ἐθελέχθρως
1520 4225 1657 4297 πρὸς
1685 4226 1875 4282 οὐδένα
1905 4223 2145 4300 [548Η.]
2173 4223 2428 4276 διέκειτο.

248 4318 497 4372 Τοιαῦτα
510 4317 555 4349 ⁸⁰
578 4318 607 4370 6
624 4317 891 4388 ἡμέτερος
916 4316 1204 4370 ἐπεπόνθει
1226 4318 1514 4389 φιλόσοφος
1544 4319 1638 4374 ὑπ’
1658 4321 1781 4388 ἔρω-

1964 4321 2086 4375 Hzec
2124 4329 2309 4375 noster
2351 4317 2702 4388 philosophus
2753 4317 2822 4371 ob
2866 4316 3043 4372 zelum
3087 4319 3151 4372 ad
3195 4319 3475 4377 hominum

167 4431 269 4478 τος
298 4412 401 4483 μὲν
432 4411 531 4480 τῆς
557 4410 743 4482 napi."
773 4415 842 4463 τὰ
870 4409 1186 4481 ἀνθρώπινα
1211 4410 1515 4482 πράγματα
1556 4413 1781 4485 διορθῶ-

1888 4428 2071 4469 mores
2125 4414 2498 4482 corrigendos,
2555 4420 2610 4465 et
2666 4411 2735 4465 ob
2790 4410 3104 4465 inimicitias
3161 4412 3474 4483 odiumque.

172 4521 343 4571 σεως,
380 4502 581 4573 ἔχθρας
620 4502 677 4556 δέ
705 4503 800 4556 καὶ
829 4502 1020 4573 μίσους
1047 4502 1417 4557 ἀδιαλλάκτου
1438 4504 1547 4558 τῶν
1582 4508 1781 4577 κακοή-

1888 4508 2085 4577 quibus
2127 4505 2328 4573 ﬂagitia
2365 4504 2648 4559 hominum
2679 4504 3131 4573 prosequebatur.
3169 4502 3351 4558 Sulers
3379 4505 3479 4559 fuit

170 4601 291 4656 Θων
312 4596 783 4668 ἐπιτηδευμάτων.
824 4596 1174 4667 Ἀγχίνουςδέ
1194 4596 1267 4651 ὢν
1283 4597 1330 4628 δ’
1343 4598 1436 4651 καὶ
1454 4598 1781 4670 ἐπιστρεφὴς

1887 4608 1942 4651 et
1982 4598 2305 4663 industrius,
2347 4603 2402 4649 et
2448 4595 2663 4650 facilem
2714 4610 2771 4649 se
2814 4610 3135 4663 contemquc
3180 4596 3474 4664 przrbebat.

168 4695 332 4763 ὅμως
359 4709 413 4744 τι
459 4692 555 4745 καὶ
616 4689 1011 4761 εὐπαράγωγον
1070 4689 1436 4745 ἐπεδείκνυτο.
1498 4689 1621 4743 Τῶν
1677 4691 1776 4760 μὲν

1886 4691 2065 4746 Facile
2115 4689 2258 4744 enim
2302 4687 2749 4741 adnumeraverit
2797 4688 2919 4756 quis
2978 4701 3104 4741 eum
3154 4690 3472 4755 mansuetis,

168 4788 289 4856 γὰρ
332 4783 592 4837 ἐπιεικῶν
643 4778 783 4836 εἶναι
838 4781 1325 4853 προσποιουμένων
1349 4780 1398 4813 ⁸⁸
1458 4780 1659 4853 ῥᾳδίως
1713 4782 1779 4837 ἄν

1886 4782 2037 4849 quasi
2073 4795 2177 4835 non
2212 4788 2470 4835 accurate
2502 4780 2619 4835 hare
2651 4778 3028 4846 investigaret,
3073 4779 3213 4845 quod
3258 4795 3367 4848 pra:
3402 4781 3475 4832 le-

165 4896 258 4940 τις
301 4876 468 4930 αὑτὸν
502 4876 853 4946 παρήγαγεν,
936 4874 1031 4927 ἅτε
1114 4874 1215 4926 οὐκ
1288 4872 1623 4942 ἐπιφέροντα
1685 4873 1778 4927 ἐπὶ

1886 4874 2057 4929 nitate
2091 4875 2272 4928 minus
2299 4881 2446 4928 esset
2486 4871 2764 4940 suspicax,
2795 4872 2840 4926 si
2881 4871 3011 4941 quid
3064 4878 3245 4924 tamen
3280 4886 3473 4940 suspe-

166 4971 339 5024 τούτο
368 4969 417 5000 ⁸⁸
446 4969 610 5041 ἀριδῆ
638 4967 889 5032 ἐξέτασιν
938 4965 1025 5019 διὰ
1064 4964 1125 5019 τὸ
1178 4964 1281 5035 τῆς
1334 4963 1636 5027 ἐπιεικείας
1682 4965 1779 5017 ἀν-

1887 4965 2069 5019 ctione
2106 4963 2286 5018 futura
2339 4972 2717 5018 antevertente
2755 4963 2974 5033 dignum
3009 4962 3217 5027 fuisset,
3258 4964 3302 5018 si
3346 4963 3474 5033 quid

167 5063 445 5116 ύποπτοψ
514 5063 543 5114 6
583 5060 639 5113 δὲ
661 5060 760 5127 τῆς
786 5056 1278 5128 προλαμϐανούσης
1302 5057 1538 5126 ὑποψίας
1569 5056 1717 5122 ἄξιος
1734 5057 1781 5097 ⁸³

1889 5057 1995 5111 doli
2028 5068 2121 5111 aut
2148 5057 2467 5111 insidiarum
2498 5066 2664 5122 esset,
2694 5056 2916 5108 minime
2941 5071 3061 5108 eum
3094 5054 3302 5110 fefellit.
3334 5055 3473 5109 Cum

164 5154 278 5205 οὐκ
309 5151 379 5205 ἀν
424 5150 585 5204 αὐτὸν
617 5149 804 5203 ἐλαθεν
851 5147 1157 5220 ἐνεδρεύων
1181 5148 1300 5202 οὐδὲ
1336 5148 1551 5200 πλέκων
1579 5146 1781 5211 δόλους.

1890 5154 1999 5201 tres
2022 5147 2131 5202 sint
2154 5155 2339 5216 partes
2374 5145 2459 5199 vel
2478 5142 2694 5214 Species
2726 5145 2941 5212 animae,
2977 5146 3055 5199 vel
3091 5156 3147 5199 ut
3176 5146 3262 5200 cui
3298 5146 3474 5216 placet

165 5243 205 5296 Ἰ
223 5244 366 5313 ριῶν
420 5243 477 5297 δέ
532 5243 701 5296 ὄντων
765 5240 949 5313 μερῶν
1030 5239 1063 5311 ἢ
1129 5238 1288 5292 εἰδῶν
1355 5238 1454 5310 τῆς
1484 5237 1531 5269 ⁸⁸
1563 5237 1780 5307 ψυχῆς,

1892 5238 2187 5308 appellare,
2220 5237 2487 5308 triplicem
2516 5236 2632 5293 ﬁeri
2669 5237 2935 5290 rationem
2964 5237 3087 5293 vitm
3115 5238 3274 5306 dixit,
3309 5254 3471 5309 quam

138 5332 152 5369 ξ
1536 5334 1779 5390 VARUE
1815 5334 2232 5394 LECTIONES.

246 5433 614 5515 ’ξ’-ἑκατέρων.
637 5431 705 5515 An,
731 5429 998 5502 ἑκατέραν
1162 5428 1215 5515 "7
1236 5425 1383 5515 ᾔτει]
1400 5428 1525 5515 iam
1668 5513 1675 5515 ᾇ
1774 5426 1892 5515 πῶς
1920 5428 1961 5480 Α
2035 5428 2137 5482 ποῦ
2163 5447 2223 5515 ς.
2290 5428 2346 5515 7":
2369 5425 2694 5515 εὐεργεσίαν
2723 5424 2804 5515 ΑΞ
2834 5426 3099 5508 ἐργασίαν
3135 5448 3216 5515 g’.’
3256 5428 3318 5515 "9
3339 5428 3471 5481 ὕποσ

246 5435 301 5469 ⁷⁵
330 5433 493 5488 ἐκατέ
532 5450 607 5487 ων
637 5431 702 5495 Α,
731 5429 998 5502 ἑκατέραν
1026 5429 1089 5483 Β.
1162 5428 1208 5461 ⁷⁸
1236 5425 1387 5554 ᾗτειέ
1406 5428 1525 5515 {Ct-0t
1559 5426 1619 5480 Β.
1697 5427 1744 5461 ⁷⁸
1774 5426 1892 5489 πῶς
1920 5428 1961 5480 Α
1986 5443 1998 5479 :
2035 5428 2137 5482 ποῦ
2163 5447 2223 5493 ς.
2301 5428 2346 5460 ⁷⁷
2370 5425 2694 5498 εὐεργεσίαν
2723 5425 2797 5479 A:
2834 5426 3099 5498 ἐργασίαν
3135 5448 3195 5495 ς.
3273 5428 3318 5460 ⁷³
3339 5428 3468 5481 ὕπο·

161 5451 529 5585 διορίζεσθαιῖ
557 5502 837 5585 cf._T0up.
858 5501 1143 5585 emendat.
1178 5514 1238 5554 ιι.
1270 5516 1321 5585 p.
1396 5501 1480 5585 l9.
1547 5502 1592 5579 ⁷]
1622 5505 1742 5567 post
1778 5496 2067 5585 κολακείαχ
2097 5501 2257 5585 vulgo
2281 5499 2484 5585 addunt
2515 5499 2628 5553 base
2654 5498 2804 5585 δοκεῖ
2839 5496 3468 5585 μοεταῦταάξιιόμομφα

162 5566 537 5652 καθεστάναί,
568 5575 661 5652 sed
694 5566 804 5652 mg.
846 5573 887 5625 A
911 5589 923 5621 :
941 5572 1006 5652 ἐν
1032 5570 1108 5640 τῷ
1152 5566 1400 5652 μετώπῳ.
1428 5566 1494 5652 ἦλν
1524 5568 1624 5637 τῆς
1647 5567 2005 5652 πρωτοτύξιου
2035 5566 2349 5652 ﬂagitiis-‘6.
2375 5570 2435 5652 δὲ
2465 5566 2954 5652 μεταγράσίίαςξκαί
3007 5567 3163 5652 τοῦτο
3206 5566 3361 5630 ἐντὸς
3384 5571 3472 5652 τέ.

164 5651 356 5703 ﬁctus.
434 5646 479 5678 ³⁰
504 5644 731 5699 τοιαῦτα
760 5638 804 5698 λ
828 5660 840 5697 :
867 5641 1038 5694 ταῦτα
1071 5638 1163 5704 ς(
1210 5641 1254 5672 εί
1283 5638 1412 5710 περὶ
1445 5642 1488 5692 Α
1515 5658 1527 5694 :
1566 5639 1701 5710 πρὸς
1735 5656 1795 5702 ς.
1873 5639 1917 5669 ⁸⁸
1946 5638 2073 5710 ἀγχ.
2097 5642 2153 5694 δὲ
2189 5640 2293 5713 ὧν]
2328 5641 2356 5693 6
2390 5639 2447 5693 δὲ
2472 5643 2600 5712 ἀγχ.
2633 5638 2708 5692 ὢν
2761 5639 2958 5694 Suidas
2989 5656 3039 5693 v.
3079 5639 3465 5705 Ἐπιστρεφής,

164 5722 270 5766 ηιιί
325 5731 447 5766 mox
499 5733 608 5766 om.
657 5714 769 5766 καί.
843 5713 889 5745 ⁸³
917 5711 1257 5766 ποιουμένων
1289 5712 1353 5765 Α.
1429 5710 1474 5741 ⁸⁸
1509 5711 1698 5762 τοῦτον
1728 5709 1794 5766 Α,
1826 5708 2032 5765 τούτων
2063 5712 2126 5766 Β.
2201 5714 2246 5745 ⁸⁵
2285 5715 2312 5766 ὁ
2340 5741 2409 5752 -
2441 5711 2589 5766 ἄξιος
2618 5742 2687 5751 ——
2718 5711 3011 5766 ἐνεδρεύων
3040 5739 3113 5751 --
3139 5705 3353 5761 πλέκων
3377 5707 3464 5762 A:

162 5722 271 5789 qui
325 5731 447 5771 mox
499 5733 608 5773 om.
657 5714 769 5768 καί.
843 5713 889 5745 ⁸³
917 5711 1257 5781 ποιουμένων
1289 5712 1353 5765 Α.
1429 5711 1474 5741 ⁸⁷⁸
1509 5711 1698 5762 τοῦτον
1728 5711 1794 5773 Α,
1826 5711 2032 5765 τούτων
2063 5712 2126 5766 Β.
2201 5714 2246 5745 ⁸⁵
2278 5711 2312 5766 “ὁ
2340 5741 2409 5752 -
2441 5711 2589 5778 ἄξιος
2618 5742 2687 5751 -
2718 5711 3011 5783 ἐνεδρεύων
3040 5739 3113 5751 --
3139 5711 3353 5761 πλέκων
3377 5711 3464 5762 A:

164 5787 202 5847 δ
233 5817 311 5831 --
332 5786 491 5853 ἂξεον
524 5818 592 5828 -
621 5783 898 5856 ἐνεδρεῦον
928 5814 993 5822 ‹-
1019 5782 1219 5835 πλέκον
1254 5799 1315 5847 ς.
1392 5783 1436 5817 ⁸⁸
1461 5782 1559 5853 τῆς
1600 5780 1726 5834 add.
1760 5780 1829 5832 Α.
1860 5780 1933 5834 cf.
1969 5780 2167 5841 Suidas
2199 5800 2249 5840 v.
2280 5783 2466 5854 Ψυχή·

251 5949 372 6025 (99)
404 5949 481 6007 Ex
510 5949 912 6005 Platonicorum
947 5947 1240 6005 sententia.
1729 5871 1964 5934 ΝΟΤΑΞ·
