4050 6412
593 431 727 497 1255

1772 430 2035 493 ΡΗΟΤΙΙ
2064 428 2575 496 PATRIARCHIE
2609 429 2722 495 (ΣΡ.

3732 421 3870 488 1256

581 543 835 613 quaelibet
882 543 1045 599 trium
1093 542 1306 600 illarum
1367 544 1896 616 comprehenderet.
1950 547 2044 601 sed
2096 547 2166 601 ad

2273 547 2308 618 ἢ
2338 548 2384 580 ⁸⁷
2417 548 2568 611 ὅπως
2588 546 2654 602 ἄν
2675 557 2763 610 τις
2798 536 3209 605 ἐθέλοικαλεϊν,
3243 538 3466 612 τριττὴν
3510 538 3727 609 ἔφασκε
3784 537 3866 606 γε-

579 653 724 703 eam,
772 652 893 707 quae
941 653 1046 693 una
1095 640 1276 693 omnia
1331 640 1579 696 vinceret
1625 652 1751 694 sese
1801 638 2167 705 conformare,

583 732 833 801 illamque
854 741 1082 786 caeteras
1108 732 1319 788 ratione
1347 732 1582 787 maxime
1606 731 1843 794 anteire,
1882 744 2044 801 quam
2068 732 2170 787 ali-

581 824 705 892 quis
744 822 962 877 Saturni
998 825 1162 877 vitam
1195 865 1210 889 ,
1245 823 1329 877 vel
1370 838 1587 878 auream
1622 829 1859 888 aetatem,
1892 822 1976 876 vel
2005 836 2172 892 genus

581 918 829 985 proxime
858 916 924 971 ad
968 917 1099 972 deos
1145 916 1410 971 accedens
1470 914 1743 984 appellare
1786 916 1978 985 possit,
2008 930 2170 985 quam

582 1011 776 1065 fabula:
803 1009 1084 1065 involucro
1113 1019 1285 1079 poetae
1312 1009 1388 1079 (1)
1419 1008 1470 1062 in
1502 1007 1713 1078 tripode
1759 1008 2037 1063 Musarum
2082 1022 2171 1063 se-

580 1105 767 1157 dentes
795 1102 1183 1171 deprzedicant.
1222 1098 1323 1155 Hic
1358 1114 1480 1153 cum
1528 1100 1885 1167 simplicitate
1924 1099 2004 1171 (Ξ)
2043 1109 2168 1154 tan-

581 1203 692 1246 tum
727 1194 1007 1249 veritatem
1046 1192 1255 1257 dilexit,
1290 1202 1348 1246 ut
1376 1207 1539 1261 supra
1576 1192 1792 1246 modum
1827 1207 1990 1246 verax
2024 1206 2166 1258 esse,

581 1300 681 1339 nec
713 1285 893 1338 fictum
931 1284 1137 1354 aliquid
1172 1284 1224 1337 in
1274 1298 1333 1338 se
1365 1285 1650 1338 continere
1675 1284 1973 1341 videretur.
2004 1283 2171 1341 Pecu-

580 1380 681 1433 niae
707 1378 1052 1447 acquirendae
1092 1393 1196 1432 non
1235 1377 1513 1444 studebat,
1544 1378 1639 1431 sed
1672 1378 1748 1432 rei
1793 1378 2108 1433 domesticae
2136 1392 2169 1433 a

580 1479 776 1523 natura
803 1470 1167 1535 gubernanda:
1192 1469 1401 1540 peritus
1426 1479 1563 1533 erat,
1592 1469 1721 1538 quin
1746 1470 1912 1523 etiam
1959 1470 2011 1524 in
2046 1471 2169 1527 aliis

574 1561 825 1613 omnibus
861 1574 1090 1629 guavus,
1124 1562 1317 1614 donius
1356 1575 1540 1615 curaui
1582 1560 1843 1630 gerebat,
1891 1575 2168 1632 magnam-

576 1665 681 1719 que
701 1651 803 1705 diei
834 1659 1040 1720 partem
1072 1653 1123 1705 in
1166 1667 1230 1707 eo
1280 1652 1463 1707 studio
1495 1652 1764 1724 ponebat,
1809 1652 2006 1722 partim
2054 1652 2171 1724 ipse

573 1743 810 1814 agendo,
850 1746 1047 1815 partim
1090 1745 1410 1799 ordinando.

2273 638 2459 691 νεσθαι
2495 637 2793 702 πολιτείαν,
2839 634 3075 706 ἔχουσαν
3119 632 3220 703 μὲν
3274 633 3513 701 ἑκάστην
3539 632 3643 694 τάς
3692 634 3866 702 τρεῖς,

2271 730 2409 785 ἀλλά
2429 730 2510 802 τῷ
2529 728 2827 801 κρατοῦντι
2851 727 2932 781 ἑνὶ
2951 726 3011 781 τὸ
3038 726 3154 779 πᾶν
3196 724 3605 797 μορφουμένην,
3641 723 3746 777 καὶ
3777 723 3867 794 τήν

2275 824 2374 894 μὲν
2402 824 2447 856 ⁸⁸
2470 826 2722 895 προϊέναι
2758 821 2995 894 μάλιστα
3020 819 3164 875 κατὰ
3194 818 3371 887 λόγον,
3405 818 3473 889 ἢν
3498 817 3563 871 ἀν
3597 835 3687 879 τις
3713 812 3867 884 οἶμαι

2270 916 2362 969 τὸν
2391 917 2484 971 ἐπὶ
2543 915 2755 986 Κρόνου
2813 913 2927 985 βίον
2980 912 3376 983 ὲπονομάσειεν
3404 910 3438 977 ἢ
3496 910 3596 980 τὴν
3654 908 3865 979 χρυσῆν

2228 1070 2235 1073 μ
2270 1009 2463 1081 γενεὰν
2492 1007 2525 1078 ἢ
2566 1006 2627 1060 τὸ
2648 1006 2785 1059 θεῶν
2817 1006 3153 1076 ἀγχίσπορον
3176 1004 3355 1070 γένος,
3389 996 3477 1055 οἷα
3499 1003 3557 1053 ἐν
3616 1001 3725 1071 σχή
3738 1015 3863 1068 ματι

2275 1100 2448 1173 μύθου
2514 1099 2875 1169 σεμνύνουσιν
2902 1099 2960 1151 ὲν
2989 1097 3067 1167 τῷ
3101 1095 3313 1167 τρίποδι
3359 1095 3457 1166 τῆς
3507 1093 3740 1162 Μούσης
3769 1108 3861 1144 κα-

2280 1192 2507 1263 θήμενοι
2541 1190 2790 1261 ποιηταί.
2832 1189 2890 1242 '0
2925 1188 2983 1242 δὲ
3010 1187 3146 1258 πρὸς
3167 1189 3233 1258 τῇ
3264 1186 3490 1255 ἀφελείᾳ
3514 1185 3559 1216 ⁸³
3596 1185 3749 1237 οῦτω
3780 1184 3863 1237 καὶ

2269 1285 2370 1356 τὴν
2397 1283 2690 1354 ἀψεύδειαν
2720 1284 2935 1354 ἠγάπα,
2986 1280 3128 1335 ὣστε
3170 1280 3263 1333 καὶ
3317 1279 3698 1347 εύθύγλωττος
3726 1272 3860 1330 εἶναι

2270 1375 2416 1447 πέρα
2432 1375 2525 1429 τοῦ
2538 1374 2769 1438 οδέοντος
2791 1372 3161 1438 ὲδοξάζετω,⁹⁰
3192 1372 3287 1425 καὶ
3309 1370 3417 1423 οὐδ’
3433 1370 3613 1423 ὁτιοῦν
3634 1369 3785 1437 ἔχειν
3810 1371 3861 1421 ἐν

2271 1464 2451 1536 ἑαυτῷ
2479 1464 2967 1537 προσποιούμενον.
3002 1462 3204 1517 Πολλοῦ
3239 1479 3305 1531 γε
3344 1463 3439 1515 καὶ
3473 1463 3670 1532 ὲδέησε
3710 1458 3863 1514 τοῦτο

2269 1557 2486 1611 παθεῖν.
2523 1558 2639 1612 Οὐκ
2691 1552 2760 1628 ἦν
2816 1558 2861 1589 ⁹¹
2894 1555 3300 1627 φιλοχρήματος
3322 1596 3337 1619 ,
3373 1553 3488 1608 ἀλλ’
3517 1554 3861 1622 οἱκονομικδς

2268 1649 2412 1704 κατά
2439 1647 2602 1720 φύσιν
2624 1664 2639 1680 ·
2671 1644 2741 1721 ἦν
2770 1649 2875 1720 γὰρ
2909 1648 3005 1702 καὶ
3053 1648 3124 1701 τά
3156 1647 3291 1703 ἄλλα
3338 1648 3515 1701 πάντα
3550 1649 3598 1680 ’⁸
3633 1648 3802 1716 σοφὸς
3817 1647 3858 1679 ’³

2269 1739 2420 1795 οίκου
2440 1742 2713 1813 διαθέτης,
2737 1743 2833 1797 καὶ
2886 1742 3023 1796 πολύ
3070 1758 3125 1795 τι
3170 1741 3270 1812 τῆς
3297 1741 3520 1812 ,ἡμέρας
3564 1742 3650 1805 εἰς
3691 1740 3859 1794 ταῦτα

2269 1833 2528 1906 ἀνήλισκε
2557 1834 2743 1907 μέρος,
2764 1835 2831 1889 τὰ
2851 1835 2951 1906 μὲν
2977 1833 3318 1905 αύτουργῶν,
3346 1834 3416 1888 τὰ
3443 1835 3501 1888 δὲ
3535 1833 3857 1887 διατᾶττων.

658 1922 795 1979 Cum
866 1937 1061 1978 aurora
1125 1930 1391 1994 surgeret,
1430 1923 1593 1978 etiam
1642 1925 1947 1994 surgebat,
1989 1925 2167 1983 animo

2348 1928 2509 1981 Καὶὸ
2543 1928 2642 1999 μὲν
2698 1928 3014 1994 διαναστὰς,
3055 1926 3249 1997 ἐπειδὴ
3306 1925 3413 1990 ἕως
3454 1927 3731 1995 ἐγεγόνει,
3786 1924 3859 1978 ἔτι

568 2011 745 2067 adhuc
758 2012 992 2068 oraculis
1012 2013 1239 2079 intento,
1260 2022 1316 2068 et
1339 2014 1596 2067 narrabat
1621 2016 1915 2069 somnium.
1939 2015 2049 2086 Ego
2074 2032 2177 2072 au-

573 2113 680 2157 tem
699 2116 805 2157 non
826 2101 1152 2158 insomnium
1182 2103 1304 2158 loco
1324 2105 1547 2171 somnii,
1568 2104 1684 2159 loco
1707 2107 1956 2160 veritatis
1979 2109 2174 2165 verita.

572 2195 1050 2265 lem,vigilantem,
1070 2197 1185 2253 loco
1198 2197 1539 2263 dormientis,
1556 2199 1900 2270 exaggeravi,
1919 2209 1978 2254 ut
1994 2202 2175 2257 audivi

570 2294 651 2347 sic
673 2293 955 2349 scribens:
988 2294 1123 2349 Cum
1159 2294 1441 2351 incidisset
1474 2295 1525 2349 in
1555 2310 1675 2350 eam
1718 2295 2086 2352 calamitatem
2116 2307 2175 2353 ut

570 2386 712 2439 bona
741 2384 1232 2454 proscriberentur,
1255 2386 1300 2440 is
1318 2385 1412 2456 qui
1434 2385 1585 2455 prius
1602 2386 1903 2457 depositum
1923 2386 2174 2444 fraudas-

572 2487 676 2542 set,
710 2475 797 2531 ille
821 2477 1146 2545 depositum,
1168 2479 1415 2550 bonaque
1452 2493 1922 2549 sua,qu:ecunque
1941 2489 2169 2549 poterat,

573 2568 949 2637 antecapiens,
980 2570 1121 2638 apud
1149 2571 1322 2625 civem
1354 2570 1461 2625 fide
1483 2570 1860 2639 dignissimum
1902 2571 2169 2642 deposuit,

573 2676 692 2720 quae
730 2676 851 2714 cum
898 2661 1223 2731 Epidaurius
1268 2678 1391 2717 cum
1454 2663 1573 2718 aliis
1640 2663 1972 2728 admisisset,
2028 2666 2171 2735 quod

575 2751 867 2818 fraudavit,
914 2754 1215 2823 depositum
1264 2755 1569 2819 intellexit,
1614 2765 1773 2811 erant
1811 2757 2029 2827 quidem
2074 2758 2168 2827 qui

573 2844 876 2899 suadebant
905 2859 992 2900 res
1034 2845 1366 2902 domesticas
1401 2847 1704 2915 invaderet,
1738 2858 1787 2903 et
1844 2848 1982 2905 nihil
2015 2853 2170 2906 daret

572 2939 622 2991 ei
675 2938 874 3008 337a
914 2940 1005 3007 qui
1062 2939 1221 2994 initio
1263 2940 1571 2996 fraudasset
1623 2957 1638 2995 :
1698 2941 1789 2997 hic
1844 2957 1974 2999 vero
2007 2944 2061 2998 in
2101 2944 2168 3000 iis

575 3044 697 3097 quae
726 3030 796 3082 illi
827 3029 1036 3084 credita
1070 3038 1252 3096 erant,
1289 3047 1394 3087 non
1428 3031 1639 3102 putavit
1669 3032 1864 3088 decere
1892 3034 2164 3092 infidelem

573 3133 716 3183 esse,
754 3134 852 3174 nec
883 3120 1046 3175 fidem
1081 3121 1325 3177 omnium
1360 3121 1623 3178 virtutum
1664 3122 2008 3179 utilissimam
2061 3127 2166 3181 hac

2276 2021 2376 2092 τὴν
2407 2020 2587 2093 ψυχὴν
2611 2020 2716 2074 ύπὺ
2747 2020 2850 2089 τῆς
2870 2020 3057 2091 ὀμφῆς
3086 2018 3456 2090 κατεχόμενος
3482 2018 3737 2087 διηγεῖτο
3777 2017 3860 2070 τὸν

2276 2112 2506 2183 ὄνειρον.
2558 2111 2701 2180 Ἐγὼ
2741 2112 2798 2165 δὲ
2830 2113 2931 2165 οὐκ
2988 2111 3121 2183 ὄναρ
3158 2111 3281 2165 ἀντὶ
3327 2109 3724 2180 ὕπνωττούσης
3772 2113 3862 2164 ἑπτ-

2278 2204 2504 2269 εδίδουν,
2528 2203 2674 2275 ἅπερ
2707 2204 2920 2275 ἀκήκοα
2940 2202 3173 2283 διεξιών.
3206 2201 3531 2255 ’Υποπεσὼν
3558 2202 3617 2256 δὲ
3651 2202 3703 2233 ’⁸
3733 2219 3862 2272 συμο

2275 2296 2420 2366 φορᾷ
2481 2294 2793 2367 δημευούσῃ
2853 2294 2925 2348 τὰ
2966 2293 3097 2348 ὄντα
3142 2296 3171 2348 ὁ
3208 2293 3339 2365 πρὶν
3378 2293 3477 2365 τήν
3532 2293 3861 2364 παραθήκην

2274 2387 2679 2457 ἀποστερήσας,
2700 2384 2983 2457 κακείνην,
3020 2383 3249 2439 καὶτῶν
3279 2384 3446 2439 αὐτοῦ
3477 2384 3578 2437 ὅσα
3605 2382 3858 2453 ἠδύνατο,

2276 2478 2565 2550 προλαόὼν
2595 2479 2641 2510 ’⁸
2680 2477 2950 2548 παρέθετο
2982 2477 3061 2548 τῷ
3116 2476 3424 2547 πιστοτάτῳ
3464 2476 3573 2529 τῶν
3603 2474 3858 2529 πολιτῶνι

2286 2572 2374 2636 Ὠς
2395 2571 2452 2625 δὲ
2498 2570 2832 2643 παρεδέξατο
2875 2573 2904 2624 ὁ
2944 2555 3290 2639 Ἐπιδαύριος
3329 2567 3467 2639 μετὰ
3525 2568 3637 2621 τῶν
3693 2567 3858 2622 ἄλλων

2272 2666 2367 2719 καὶ
2399 2666 2465 2735 ἢν
2488 2663 2830 2734 ἀπεστέρητο
2876 2662 3226 2733 παραθήκην,
3257 2662 3348 2714 καὶ⁵
3387 2662 3604 2729 ἐπέγνω
3636 2659 3858 2730 ταύτην,

2270 2753 2409 2829 ἦσαν
2439 2756 2539 2826 μὲν
2564 2755 2613 2809 οἳ
2653 2756 3042 2809 συνεσούλευον
3078 2756 3329 2825 κατέχειν
3362 2754 3433 2806 τὰ
3467 2756 3647 2807 οίκεία
3671 2753 3765 2805 καὶ
3790 2753 3856 2822 μὴ

2271 2847 2564 2903 ἀποδοῦναι
2602 2846 2679 2917 τῷ
2734 2846 2857 2900 κατ’
2892 2844 3066 2917 ἀρχὰς
3097 2844 3522 2916 ἀπεστερηκὸτι,
3557 2846 3586 2897 ὁ
3608 2843 3670 2897 δὲ
3705 2845 3764 2896 ἑν
3782 2836 3856 2906 οἷς

2269 2941 2566 3011 ἐπιστεύθη
2595 2941 2695 2994 οὐκ
2724 2939 2860 3012 ᾤετο
2880 2940 2992 2994 δεῖν
3017 2939 3247 3003 ἄπιστος
3277 2937 3554 3007 γενέσθαι,
3598 2936 3728 2989 οὐδὲ
3764 2953 3857 2988 κα-

2271 3032 2674 3108 ταρρυπαίνειν
2705 3034 2803 3104 τὴν
2840 3032 3037 3087 πασῶν
3066 3031 3280 3105 ἀρετῶν
3311 3029 3753 3100 ὠφελιμωτάτην
3780 3044 3860 3080 πι-

2270 3129 2501 3198 στότητα
2535 3124 2624 3179 διά
2668 3125 2767 3197 τῆς
2800 3124 3023 3194 εὐλόγου
3083 3122 3417 3192 φαινομένης
3480 3120 3763 3183 ἀπιστίας,
3801 3118 3857 3169 οὐ

577 3209 926 3275 infelicitate,
978 3226 1099 3281 quae
1157 3214 1358 3269 rationi
1407 3224 1778 3271 consentanea
1843 3216 2157 3282 videretur,

2271 3216 2443 3270 δοκεῖν
2470 3215 2527 3269 δὲ
2545 3216 2753 3278 δίκαιος
2777 3215 2893 3269 ἀλλ’
2917 3210 3058 3268 εἶναι
3117 3214 3302 3286 ήθελε,
3335 3212 3565 3284 βαθεῖαν
3616 3210 3699 3281 τῷ
3752 3210 3858 3264 ὄντι

576 3303 972 3360 contaminare.
1000 3303 1230 3361 Nolebat
1258 3320 1387 3361 vero
1418 3306 1598 3375 justus
1629 3311 1825 3377 videri,
1858 3313 1953 3366 sed
1981 3312 2157 3381 reipsa

576 3408 717 3459 esse,
777 3395 1006 3452 veritate
1064 3398 1181 3467 ipsa
1237 3399 1519 3468 copiosum
1576 3404 1876 3469 prudentia:
1930 3404 2164 3459 fructum

577 3487 858 3556 colligens,
886 3498 1051 3559 atque
1077 3494 1346 3560 ostendet,
1374 3504 1636 3564 quantum
1678 3496 1900 3552 sciverit
1927 3497 2166 3569 singula-

580 3594 698 3633 rum
740 3594 921 3635 rerum
956 3581 1271 3651 explicatio.

650 3666 826 3724 Pauca
859 3671 1075 3739 quidem
1128 3673 1339 3729 locutus
1366 3684 1469 3739 est,
1495 3674 1662 3729 multa
1695 3690 1823 3732 vero
1841 3690 1872 3732 e
1901 3678 2166 3733 sermoni-

579 3765 683 3819 bus
728 3763 1005 3819 seniorum
1043 3767 1269 3824 audivit.
1306 3766 1529 3837 Magnus
1578 3769 1663 3823 vir
1696 3784 1799 3824 non
1824 3785 2047 3839 parvum
2078 3772 2162 3827 di-

580 3856 816 3910 scrimen
852 3857 1060 3921 adibat,
1102 3860 1230 3927 quin
1261 3861 1348 3914 ubi
1387 3860 1605 3928 fugaces
1636 3862 1728 3916 alii
1763 3878 1862 3933 per
1888 3863 2161 3933 ignaviam

580 3945 813 4016 fugiunt,
859 3946 967 4000 illic
1013 3949 1311 4017 periculum
1373 3952 1634 4019 subibat,
1671 3954 1828 4023 juxta
1873 3953 2094 4011 Poetam
2139 3972 2156 4010 :

593 4039 769 4098 Virtus
803 4043 891 4097 ubi
920 4044 1070 4099 clara
1121 4044 1353 4100 virorum
1396 4048 1649 4101 cernitur.

655 4226 721 4281 Et
745 4240 878 4282 sane
903 4240 1031 4282 vere
1062 4225 1349 4282 videbatur
1371 4227 1773 4296 reprehendere
1791 4239 2045 4287 accurate
2067 4247 2164 4287 cx-

578 4321 832 4390 pendenti
883 4337 898 4374 :
944 4319 1325 4375 familiaritate
1357 4334 1487 4375 vero
1527 4331 1581 4375 et
1611 4320 1956 4378 humanitate
2006 4340 2167 4380 mun-

575 4413 702 4469 dum
745 4413 1013 4468 excedere
1061 4414 1211 4468 visus
1244 4420 1330 4468 est
1376 4430 1393 4467 :
1439 4422 1496 4468 et
1527 4422 1816 4483 propterea
1845 4430 1969 4471 eum
2005 4418 2165 4474 mira-

577 4507 772 4560 bantur
817 4504 1085 4570 accusati,
1128 4513 1183 4560 et
1222 4518 1350 4574 erga
1391 4520 1516 4559 eum
1563 4516 1624 4560 ut
1671 4506 1846 4562 litium
1882 4520 2160 4567 amantem

2276 3312 2371 3363 καὶ
2403 3308 2567 3371 αὐτὸς
2604 3307 2818 3361 αὔλακα
2866 3306 2957 3360 διὰ
2987 3306 3224 3379 ,φρενῶν
3274 3302 3682 3375 καρπούμενος.
3722 3303 3861 3356 Ἐπι-

2273 3399 2439 3465 δείξει
2460 3400 2517 3453 δὲ
2544 3400 2590 3433 ⁸⁸
2615 3401 2740 3453 ὅσον
2764 3399 2865 3454 οὑκ
2897 3399 3001 3471 ἤδη
3042 3400 3104 3453 τὸ
3130 3398 3372 3454 τοιούτον
3396 3399 3431 3468 ή
3461 3397 3573 3452 τῶν
3598 3397 3861 3451 καθ’ἒκα-

2278 3512 2380 3548 στα
2414 3492 2508 3548 τοῦ
2540 3492 2699 3563 λόγου
2736 3492 2991 3558 διέξοδος.

2355 3674 2687 3745 Ἐφθέγγετο
2729 3674 2829 3745 μὲν
2874 3674 3153 3745 ἐλάχιστα,
3195 3673 3266 3728 τά
3307 3671 3485 3726 πολλὰ
3527 3671 3584 3724 δὲ
3627 3672 3861 3740 ἠκροᾶτο

2270 3767 2445 3837 λόγων
2494 3767 2887 3840 γεγηρακότων
2936 3769 3004 3823 ⁸⁷.
3044 3767 3104 3820 Ὀ
3131 3767 3304 3837 μέγας
3333 3765 3476 3837 ἀνὴρ
3528 3763 3720 3818 οὐδένα
3776 3779 3859 3831 μι-

2272 3863 2406 3935 κρὸν
2459 3861 2646 3929 ἀγῶνα
2700 3861 2988 3933 προσίεται
3045 3860 3115 3923 ⁸⁸,
3150 3858 3266 3912 ἀλλ’
3299 3859 3434 3911 ὅπου
3467 3855 3705 3927 φυγάδες
3735 3855 3781 3886 ’⁸
3811 3852 3859 3906 οι

2270 3954 2423 4008 ἄλλοι
2455 3953 2523 4007 δι’
2569 3953 2874 4025 ἀνανδρίαν
2930 3951 3445 4022 ἀποδιδράσκουσιν,
3486 3949 3719 4003 ἐνταῦθα
3761 3964 3857 4001 κα-

2271 4044 2519 4099 ταϐαίνει
2551 4048 2567 4077 ¹
2597 4045 3107 4117 παραϐαλλόμενος,
3149 4044 3314 4114 [1055
3348 4042 3442 4114 IL]
3472 4045 3659 4097 Ἔνθα
3682 4039 3855 4109 ἀρετή

2270 4136 2588 4192 διαείδεται
2619 4138 2639 4168 ¹
2662 4137 2900 4207 ἀνδρῶν
2930 4138 3071 4190 κατὰ
3097 4136 3188 4189 τὸν
3222 4137 3482 4206 Ποιητήν.

2345 4230 2458 4284 Καὶ
2489 4230 2554 4301 δὴ
2597 4229 2775 4283 ἐδόκει
2822 4228 2902 4300 τῷ
2942 4228 3056 4282 ὄντι
3104 4228 3292 4281 δίκαια
3336 4226 3652 4298 μέμφεσθαι
3798 4241 3857 4293 γε

2270 4320 2491 4392 ἀκριϐεῖ
2519 4320 2788 4392 λογισμῷ.
2839 4320 2931 4390 Τῷ
2994 4320 3051 4373 δὲ
3106 4319 3329 4389 συνήθει
3391 4320 3488 4371 καὶ
3539 4316 3857 4388 ἀνθρωπίνῳ

2270 4413 2514 4485 πολλαχῇ
2555 4414 2616 4467 τὸ
2648 4413 2669 4444 ⁸
2722 4414 2946 4484 μέτριον
2995 4411 3176 4477 ἔδοξεν
3215 4411 3281 4465 ἂν
3319 4409 3693 4480 ὑπερϐαίνειν.
3750 4408 3857 4462 Καὶ

2269 4506 2581 4577 ἐθαύμαζον
2612 4507 2707 4560 ἐπὶ
2733 4506 2948 4569 πολλοῖς
2987 4506 3038 4558 οί
3063 4503 3481 4574 ἐγκαλούμενοι,
3504 4504 3599 4557 καὶ
3625 4502 3698 4568 ὡς
3734 4502 3857 4572 φιλ-

575 4598 715 4653 niale
758 4596 934 4653 παθοιί
980 4606 1156 4653 erant.
1192 4596 1392 4652 Verum
1427 4596 1519 4652 ille
1555 4600 1833 4670 exemplar
1861 4615 2000 4658 verae
2030 4618 2160 4659 con-

2271 4599 2445 4654 αιτίου
2504 4601 2632 4671 περὶ
2659 4598 2824 4653 αὑτοῦ
2862 4599 3123 4653 διέκειντο
3158 4595 3301 4669 [549
3343 4596 3439 4669 Η.]
3486 4598 3585 4662 τὰς
3616 4596 3854 4667 γνώμας.

573 4692 772 4747 cordia:
797 4693 849 4746 in
873 4692 1055 4762 seipse
1078 4689 1494 4759 circumferens,
1517 4705 1585 4747 ex
1612 4692 1705 4748 illo
1742 4702 1973 4751 caeteros
2015 4698 2163 4752 testi-

573 4785 781 4840 inabat.

644 4873 771 4929 Tria
823 4888 945 4930 esse
983 4887 1177 4928 omnes
1237 4882 1492 4929 asserunt
1558 4874 1823 4946 principia
1881 4877 2053 4946 prima
2104 4889 2160 4936 et

574 4966 812 5022 maxima
837 4966 956 5035 ejus
987 4964 1335 5035 cognitionis,
1359 4979 1479 5035 quae
1507 4979 1592 5020 res
1614 4966 1974 5035 contemplari
2000 4967 2159 5034 solet,

2281 4691 2341 4746 Ὀ
2397 4690 2455 4745 δὲ
2502 4691 2855 4763 παράδειγμα
2898 4689 3152 4760 ἀληθινὸν
3203 4689 3459 4761 ὁμονοίας
3506 4688 3762 4759 ἀληθινῆς
3801 4690 3857 4740 ἑν

2274 4785 2454 4857 ἑαυτῷ
2490 4785 2802 4856 περιφέρων
2843 4784 2982 4857 πρὸς
3011 4783 3171 4839 τοῦτο
3200 4783 3328 4847 τοὺς
3358 4782 3555 4847 ἄλλους
3586 4782 3782 4852 εκρινε.

2342 4877 2486 4950 Τρία
2524 4878 2727 4940 πάντες
2751 4875 3079 4945 ὁμολογοῦσι
3114 4875 3310 4947 πρῶτα
3334 4877 3431 4929 καὶ⁵
3467 4875 3695 4945 μέγιστα
3717 4890 3859 4926 στοι-

2269 4970 2393 5039 χεῖα
2445 4967 2545 5038 τῆς
2597 4967 2707 5021 τῶν
2739 4966 2909 5021 ὄντων
2958 4966 3352 5038 φιλοθεάμονος
3388 4967 3649 5038 ἱστορίας,
3688 4965 3858 5036 ἔρωτα

1855 5062 2087 5117 νΑῆΙῶ
2156 5064 2569 5121 LECTIONES.

644 5158 750 5235 vr,
776 5175 884 5235 φη.
917 5157 977 5213 B.
1022 5228 1042 5235 _
1081 5157 1128 5235 εξ
1165 5157 1265 5235 μεν
1296 5157 1516 5235 add._A.
1551 5230 1561 5235 D
1619 5159 1666 5190 υ
1693 5159 1963 5235 ἀσφαλείᾳ
1993 5164 2057 5217 Α.

598 5230 642 5263 ⁹¹
667 5226 767 5283 οὐκ
789 5226 856 5300 ἦν
891 5260 960 5269 —
983 5228 1055 5283 cf.
1093 5226 1294 5284 Suidas
1326 5226 1817 5300 νηῐιαρίστασθλι.

572 5314 699 5355 ante.
742 5298 822 5362 είς
873 5301 1043 5370 ponit.
1145 5300 1193 5335 ’³
1222 5298 1411 5371 σοφὸς]
1463 5300 1650 5368 σαφῶς
1676 5303 1738 5354 Α.

571 5372 657 5425 A:
690 5387 749 5423 τε
785 5389 843 5435 ς.
948 5371 994 5402 ’⁷
1024 5373 1415 5435 γεγηρακότων
1466 5373 1560 5422 καὶ
1595 5374 1738 5435 σοφίᾳ

571 5455 626 5518 Υο
656 5442 918 5518 ΪΑναςλκις
949 5450 1004 5497 et
1021 5441 1188 5518 Ῡῷτα
1208 5456 1223 5472 ·
1248 5440 1505 5518 προσίετο
1522 5456 1598 5518 ᾖς.
1676 5440 1962 5518 π’φύγαδε
1986 5440 2182 5503 Su'idas
2213 5450 2394 5516 priore
2432 5450 2550 5503 loco
2576 5466 2589 5501 :
2620 5451 2711 5518 qui
2752 5440 3042 5503 articulum
3094 5450 3142 5501 oi
3168 5440 3401 5518 utroque
3432 5458 3545 5518 om.

572 5512 749 5591 ῥαίνει
773 5513 967 5591 deum
1018 5509 1225 5568 Suida:
1260 5509 1668 5580 καταλαμϐάνει
1702 5509 1861 5577 ςζοί.
1887 5516 2066 5590 Toup.
2109 5536 2148 5587 ι,
2174 5509 2227 5591 p.
2265 5520 2390 5575 121.

573 5581 597 5614 ³
622 5582 687 5639 τὸ
718 5585 843 5638 add.
895 5583 960 5637 Δ.

2158 5165 2203 5200 ’°
2239 5165 2522 5233 ἐδοξάζετο
2541 5179 2660 5233 om.
2736 5163 2935 5219 Suidas
2994 5180 3049 5217 v.
3095 5162 3349 5231 Ἀφέλεια
3376 5170 3430 5215 et
3457 5159 3855 5233 Εὐθύγλωττος.

1920 5230 1965 5307 ait
1997 5235 2067 5287 τὰ
2105 5236 2241 5291 ἄλλα
2270 5230 2670 5307 «smmum
2732 5235 2929 5292 Suidas
2962 5250 3025 5307 νὲ
3055 5230 3340 5303 διαθέτης,
3378 5232 3649 5307 ,ηυξ-ιιιοξ
3698 5230 3859 5307 ripe;

1845 5303 1891 5340 ’⁸
1914 5306 1969 5360 δὲ
1994 5322 2104 5361 om.
2129 5308 2195 5370 A,
2222 5311 2290 5362 de
2342 5323 2401 5361 re
2431 5303 2505 5360 cf.
2541 5305 2715 5375 Toup.
2747 5322 2790 5369 ι,
2824 5323 2876 5375 p.
2923 5304 3049 5360 517.

948 5371 994 5402 ’⁷
1024 5367 1415 5449 γεγηρακότων
1466 5373 1560 5422 καὶ
1595 5374 1756 5449 σοφίᾳ
1790 5378 1923 5449 ’τινὶΔ
1948 5367 2315 5449 κεκραμένων
2346 5377 2545 5432 Suidas
2576 5395 2632 5432 v.
2666 5367 2997 5449 Ἄκρόατής.
3081 5376 3128 5409 9⁸
3152 5367 3437 5447 προσίεται
3468 5374 3513 5425 Α
3548 5388 3664 5449 cuiu
3696 5367 3857 5422 Surda

3150 5309 3197 5347 ⁸⁸
3236 5299 3559 5375 προσλαϐὼν
3606 5300 3663 5353 Β.
3698 5300 3781 5375 A"
3806 5299 3860 5351 δὲ

3650 5443 3663 5472 ⁸
3692 5457 3859 5479 aurea-

2487 5464 2550 5503 c0
2576 5466 2589 5501 :
2620 5458 2711 5518 qui
2752 5458 3042 5503 articulum
3094 5458 3142 5501 oi
3168 5458 3401 5516 utroque
3432 5458 3545 5496 om.
3650 5458 3663 5472 ⁸
3692 5458 3858 5492 κατα-

2486 5520 2506 5551 ⁸
2532 5518 2823 5572 διαείδεται
2856 5519 2900 5573 Α
2936 5527 2989 5574 et
3028 5518 3261 5574 Suidas:
3294 5516 3386 5571 διὰ
3430 5508 3541 5567 sibi
3589 5526 3646 5565 τε
3676 5513 3770 5564 καὶ
3798 5526 3858 5575 ς-

2086 5678 2325 5734 NOTAE.

645 5772 727 5858 (1)
760 5769 1009 5858 amplius
1048 5770 1193 5858 hinc.
1221 5770 1416 5858 Suidas
1476 5771 1768 5858 descripsit
1818 5770 1871 5858 in
1923 5770 2161 5829 dictione

2336 5770 2413 5844 (2)
2468 5768 2948 5844 Suidas_et_batc_
2987 5769 3174 5844 laudat
3222 5769 3279 5826 in
3329 5770 3466 5844 dict,
3516 5770 3762 5844 ἀφέλεια,
3805 5778 3857 5824 et

570 5841 851 5917 ψυχή-ιιὺί-
871 5841 1021 5917 locus
1052 5842 1139 5900 hic
1169 5842 1501 5917 ἀμαρτύρως
1543 5841 1808 5911 affertur,
1841 5857 2153 5914 quanquam
2252 5841 2384 5917 mox
2417 5844 2663 5913 quadam
2707 5841 2762 5898 in
2800 5841 3075 5913 διαθέτης.
3107 5841 3165 5899 ld
3193 5852 3300 5912 est,
3325 5842 3626 5916 διοικητὴς,
3660 5843 3849 5895 tatus-

571 5911 628 5971 σι
651 5911 801 5969 infra
837 5911 1051 5983 legitur.

2252 5910 2439 5983 λητής.
