4050 6396
273 331 409 391 1Ξ57

1324 318 1846 381 BIBLIOTHECA.
1878 341 1950 351 --
1987 314 2150 376 COD.
2192 315 2466 377 CCXLII.

3397 321 3531 386 12.38

256 441 368 493 τῶν
395 437 576 492 καλῶν
607 438 700 491 καὶ
734 435 956 503 ἀγαθῶν
973 434 1274 489 δεινότατον
1293 433 1545 503 ίχνευτήν
1572 450 1584 463 ο
1607 430 1786 495 ὀξεῖαν
1819 429 1840 460 ⁸

1947 441 2186 481 amorem
2217 426 2426 483 honesti
2459 437 2515 482 et
2541 429 2664 484 boni
2697 431 3088 501 peritissimum
3122 434 3525 505 indagatorem,

257 532 352 584 καὶ
384 529 638 599 ἀγχίνουν
677 527 893 597 φύσεως
921 526 1165 597 δύναμιν.
1209 525 1302 578 ἐπὶ
1351 524 1521 577 πολλὰ
1555 523 1621 578 δι’
1663 521 1846 588 ὀλίγου

256 623 522 693 φέρεσθαι
548 620 872 691 δυναμένην,
903 617 1259 688 ἑτοιμοτάτην
1290 616 1527 669 συνιέναι
1585 613 1678 668 καὶ
1707 629 1848 680 γνω-

259 715 430 785 ρίζειν
455 715 522 766 τὰ
561 713 682 782 ίχνη
717 712 828 764 τῶν
869 710 1226 781 θηραμάτων,
1265 708 1366 762 ὃσα
1398 724 1458 760 τε
1483 709 1504 739 ⁸
1543 705 1717 774 ἀληθῆ
1751 705 1847 758 καὶ⁹

253 809 362 859 ὅσα
391 804 561 874 ψευδῆ
596 808 714 858 ἐστι
743 803 880 876 πρὸς
908 806 1007 874 τὴν
1050 803 1226 871 ἄγραν
1253 817 1268 832 ο
1300 802 1364 855 ὲκ
1395 801 1452 856 δὲ
1489 797 1557 855 αὖ
1594 799 1795 870 τρίτων
1825 801 1846 832 ε

255 896 574 967 φιλοπονίαν
611 896 875 964 ἄτρυτον,
911 895 1013 947 οὐκ
1051 893 1231 948 ἐῶσαν
1267 892 1366 962 τὴν
1409 891 1586 962 ψυχὴν
1617 892 1846 961 ἠρεμεῖν

255 991 360 1054 ἕως
398 989 463 1042 ἂν
496 988 588 1040 ἐπὶ
614 988 762 1052 τέλος
790 987 920 1060 ἔλθῃ
957 985 1050 1040 τοῦ
1102 987 1425 1056 κυνηγεσίου
1448 1023 1463 1049 ,
1509 984 1539 1037 δ
1575 984 1692 1036 ἐστι
1745 982 1846 1052 τῆς

254 1081 518 1152 ἀληθείας
545 1083 578 1150 ἠ
609 1080 846 1150 εὕρεσις.

333 1175 458 1227 ὐτι
513 1173 792 1243 ἀγχίνοιαν
845 1171 939 1224 καὶ
984 1167 1218 1240 ὀξύτητα
1249 1169 1279 1220 ό
1335 1166 1624 1238 Ἰσίδωρος,
1656 1167 1842 1237 φησιν,

254 1260 443 1328 ἔλεγεν
473 1261 533 1314 οὐ
567 1262 666 1332 τὴν
694 1259 978 1329 εὐκίνητον
1023 1256 1324 1327 φαντασίαν
1350 1297 1363 1320 ,
1399 1257 1520 1310 οὐδὲ
1561 1255 1659 1326 τὴν
1689 1255 1845 1319 δοξα-

259 1355 456 1424 στικὴν
497 1354 749 1422 εὐφυΐαν,
785 1351 904 1404 οὐδὲ
945 1351 1112 1422 μόνην
1145 1350 1243 1419 (ὡς
1272 1350 1337 1404 ἄν
1357 1367 1442 1412 τις
1465 1349 1699 1420 οἰηθείη)
1726 1348 1845 1402 διά-

255 1463 408 1500 νοιαν
432 1444 686 1515 εὔτροχον
718 1445 812 1497 καὶ
852 1444 1077 1514 γόνιμον
1117 1441 1378 1511 ἀληθείας
1401 1459 1414 1472 ·
1449 1442 1508 1495 ού
1541 1442 1649 1512 γὰρ
1702 1437 1843 1496 εἶναι

189 1533 208 1552 ⁸
253 1540 462 1604 τιιύτας
491 1540 693 1603 αίτίας,
735 1538 871 1592 ἀλλὰ
893 1539 959 1608 τῇ
1005 1536 1155 1608 αἰτίᾳ
1181 1536 1455 1590 δουλεύειν
1498 1537 1577 1600 είς
1605 1537 1790 1608 νόησιν
1827 1550 1844 1565 ⁶

254 1632 354 1702 τὴν
401 1632 460 1686 δὲ
497 1628 634 1686 εἶναι
677 1631 827 1685 θείαν
871 1628 1199 1700 κατοκωχὴν
1245 1629 1287 1690 ⁷,
1324 1629 1507 1700 ἠρέμα
1544 1628 1846 1696 διανοίγου-

257 1744 357 1780 σαν
409 1727 506 1779 καὶ
542 1725 1020 1795 ἀποκαθαίρουσαν
1065 1721 1088 1754 ⁸
1136 1721 1207 1774 τὰ
1253 1721 1352 1792 τῆς
1379 1723 1559 1792 ψυχῆς
1596 1721 1841 1792 ὄμματα,

1951 529 2168 574 acutam
2196 519 2566 590 solertemque
2607 523 2805 593 ingenii
2841 523 3176 594 facultatem,
3228 544 3348 599 qua:
3380 530 3529 585 brevi

1950 609 2019 664 ad
2055 609 2221 664 multa
2254 609 2381 664 ferri
2439 613 2630 680 possit,
2684 615 3150 684 promptissimam
3206 620 3274 672 ad
3329 619 3534 676 intelli-

1949 702 2184 772 gendum
2233 712 2288 756 et
2337 697 2767 771 cognoscendum
2819 707 3040 776 vestigia
3073 725 3253 765 rerum
3282 727 3532 782 quaeren-

1950 794 2158 858 darum,
2187 808 2308 864 quae
2341 809 2490 859 vera,
2522 811 2642 866 quae
2663 797 2794 852 falsa
2842 799 2910 854 ad
2937 800 3345 869 adipiscendum
3380 805 3487 860 sint
3513 823 3528 858 :

1907 898 1980 939 ‘e
2010 885 2188 942 tribus
2217 887 2304 943 his
2339 887 2546 942 laboris
2595 905 2751 945 artior
2807 891 3112 948 indefessus
3162 895 3361 961 oritur,
3421 911 3527 951 non

1950 979 2274 1047 permittens
2311 980 2553 1035 animum
2617 983 2928 1052 quiescere,
2971 987 3143 1041 donec
3187 987 3254 1040 ad
3307 988 3531 1042 investi-

1951 1071 2112 1140 gandi
2152 1072 2314 1126 iinem
2342 1074 2574 1138 venerit,
2610 1075 2704 1143 qui
2732 1085 2816 1130 est
2856 1076 3103 1132 veritatis
3147 1079 3391 1134 inventio
3421 1081 3525 1152 (ὅ).

2025 1159 2317 1216 Solertiam
2339 1164 2762 1220 etacrimoniam
2784 1167 3022 1221 lsidorus
3038 1167 3175 1222 dixit
3195 1183 3316 1223 esse
3342 1170 3530 1238 imagi-

1949 1254 2221 1309 nationem
2257 1271 2364 1310 non
2390 1255 2550 1311 facile
2570 1259 2844 1325 mobilem,
2869 1274 3042 1329 neque
3069 1261 3342 1331 ingenium
3373 1257 3530 1318 facile

1949 1345 2231 1413 Opiniones
2258 1348 2704 1414 comminiscens,
2762 1366 2938 1420 neque
2994 1352 3190 1418 solam,
3246 1368 3304 1408 ut
3334 1355 3532 1424 aliquis

1951 1437 2179 1506 putarit,
2249 1439 2669 1511 intelligentiam
2725 1443 3043 1512 volubilem,
3111 1455 3166 1500 et
3219 1448 3530 1517 gignentem

1949 1532 2260 1586 veritatem.
2294 1531 2484 1601 Neque
2513 1534 2656 1588 enim
2689 1534 2785 1590 has
2830 1551 2949 1592 esse
2979 1553 3196 1606 causas,
3230 1544 3326 1597 sed
3347 1544 3416 1597 ad
3446 1544 3530 1599 in-

1951 1625 2298 1694 telligendum
2344 1641 2523 1681 causa
2553 1627 2760 1682 servire
2797 1647 2811 1682 :
2849 1631 3090 1686 divinum
3121 1649 3248 1690 vero
3271 1649 3391 1691 esse
3447 1638 3530 1690 in-

1950 1721 2230 1783 stinctum,
2263 1717 2452 1774 sedate
2477 1719 2811 1787 aperientem
2843 1731 2900 1776 et
2923 1734 3303 1793 rcpurgantem
3331 1727 3524 1781 aninue

255 1820 351 1872 καὶ
397 1818 476 1888 τῷ
517 1817 689 1890 νοερῷ
743 1783 882 1886 φωτὶ
927 1783 1408 1886 καταλάμπουσαν,
1747 1783 1841 1866 καί

1947 1809 2154 1876 oculos,
2216 1820 2271 1864 et
2335 1810 2664 1881 intelligibili
2725 1813 2932 1868 lumine
2999 1783 3390 1884 “lustrantem,
3461 1819 3530 1873 ad

254 1908 522 1979 γνώρισιν
560 1910 581 1941 ⁸
623 1907 717 1960 τοῦ
740 1904 974 1976 ἀληθοῦς
999 1906 1094 1958 καὶ
1121 1903 1217 1957 τοῦ
1253 1904 1506 1972 ψεύδους.
1542 1903 1840 1974 Εύμοιρίαν

255 2000 468 2070 ταύτην
518 2000 723 2062 ἐκεῖνος
774 1997 1046 2067 ὠνόμαζε,
1083 1998 1174 2050 καὶ
1203 1996 1280 2059 ὡς
1330 1995 1483 2048 οὐδὲν
1529 1997 1727 2064 γένοιτ’
1773 1996 1840 2050 ἂν

254 2091 450 2160 ὄφελος
484 2092 611 2146 ἄνευ
639 2090 946 2161 εὐμοιρίας,
973 2087 1048 2151 ὡς
1083 2088 1202 2141 οὐδὲ
1230 2088 1524 2158 ὀφθαλμῶν
1574 2087 1842 2155 ὑγιαινόν-

255 2202 367 2239 των
399 2184 593 2253 δφελος
632 2185 762 2240 ἄνευ
789 2182 886 2236 τοῦ
920 2182 1173 2252 οὐρανίου
1204 2181 1400 2249 φωτὸς,
1430 2180 1740 2235 διετείνετο.
1769 2181 1842 2233 Τὸ

255 2275 561 2346 ὑψηλόνουν
591 2274 632 2307 ¹⁰
659 2274 754 2328 καὶ
784 2271 1161 2344 τελεσιουργὸν
1183 2266 1350 2341 εἶχεν,
1371 2271 1432 2322 οὐ
1458 2288 1560 2343 περ
1576 2271 1668 2324 ὶτὰ
1689 2270 1841 2324 κάτω

257 2369 652 2439 στρεφόμενον,
698 2367 814 2420 ἀλλ’
856 2365 1018 2428 εὐθὺς
1077 2364 1432 2434 ἀναθρῶσκον
1483 2364 1591 2417 ἀπὸ
1639 2365 1840 2434 μικρᾶς

255 2461 516 2531 ἀφορμῆς
556 2459 648 2512 ἐπὶ
687 2459 756 2512 τὰ
787 2458 1136 2530 πρεσϐύτατα
1175 2456 1283 2511 τῶν
1311 2455 1620 2529 θεαμάτων,
1651 2457 1842 2521 αὑταῖς

255 2569 324 2621 γε
362 2556 485 2616 ταῖς
528 2553 816 2614 Πλάτωνος
868 2551 1168 2620 ἀκηράτοις
1201 2551 1430 2612 ἐννοίαις
1467 2551 1526 2603 οὐ
1574 2549 1713 2603 κατὰ
1744 2551 1842 2614 τὰς

259 2645 514 2716 συνήθεις
551 2643 660 2697 τῶν
701 2642 912 2697 πολλῶν
942 2642 1246 2712 φιλοσόφων
1281 2641 1536 2704 ἐπιϐολὰς
1565 2640 1838 2712 ἐνεφύετο,

261 2739 404 2807 μετὰ
431 2737 490 2790 δέ
526 2753 589 2804 γε
619 2735 880 2790 Πλάτωνα
916 2735 1012 2788 καὶ
1044 2735 1162 2797 ταῖς
1214 2733 1554 2803 θαυμασταῖς
1610 2734 1842 2803 ἰαμϐλίο

259 2847 358 2899 χου
394 2826 716 2898 περινοίαις.
752 2826 875 2879 Ὅτι
901 2826 1001 2880 οὐκ
1032 2825 1246 2894 ὀλίγους
1268 2825 1376 2878 τῶν
1406 2825 1842 2894 φιλοσοφούντων

255 2921 480 2989 ὁρῶμεν
527 2919 622 2973 καὶ
667 2917 978 2988 ἀκούομεν,
1006 2919 1133 2980 τοὺς
1166 2918 1265 2988 μὲν
1311 2917 1511 2971 ἄϐατον
1559 2913 1697 2971 εἶναι
1752 2918 1842 2971 τὸν

273 3010 580 3080 Ἰάμϐλιχον
620 3009 918 3079 οἰομένους,
957 3010 1082 3071 10b;
1111 3008 1169 3061 δὲ
1212 3009 1434 3063 αὐθάδει
1467 3009 1843 3082 μεγαληγορίᾳ

1945 1916 2130 1957 verum
2174 1900 2475 1970 falsumque
2515 1914 2571 1958 et
2624 1903 2912 1960 videndum
2960 1917 3013 1960 et
3073 1912 3528 1980 cognoscendum.

1943 1996 2146 2051 Bonam
2191 1995 2634 2052 constitutionem
2688 1998 2800 2068 ipse
2843 1999 3166 2068 appellavit,
3215 2003 3531 2072 nullumque

1941 2087 2062 2142 sine
2101 2100 2167 2140 ea
2205 2100 2326 2142 esse
2369 2087 2817 2155 emolumentum,
2880 2105 3051 2154 neque
3101 2093 3383 2148 oculorum
3441 2111 3532 2150 sa-

1944 2194 2138 2233 normn
2166 2178 2513 2233 commodum
2573 2181 2692 2236 sine
2748 2182 2955 2236 cmlcsti
3015 2182 3220 2238 lumine
3277 2187 3531 2243 asseruit.

1946 2271 2519 2342 Speculationiaptum
2543 2274 2787 2328 animum
2819 2273 3050 2330 habebat
3081 2276 3240 2331 simul
3274 2287 3329 2333 et
3369 2282 3531 2334 rebus

1945 2365 2198 2434 gerendis
2235 2405 2250 2429 ,
2286 2380 2391 2421 non
2418 2365 2616 2436 337D
2646 2367 2711 2422 ad
2750 2366 2866 2422 haec
2899 2367 3155 2425 inferiora
3193 2371 3528 2436 inclinatum,

1945 2457 2040 2511 sed
2073 2457 2261 2512 statim
2291 2472 2352 2512 se
2401 2459 2704 2514 elevantem
2739 2459 2904 2514 etiam
2935 2477 3100 2530 parva
3143 2464 3432 2519 occasione
3465 2465 3532 2520 ad

1944 2548 2422 2618 prazstautissimas
2439 2549 2557 2606 illas
2574 2552 3074 2621 contemplationes.
3097 2554 3334 2625 lpsisque
3354 2555 3522 2612 Plato-

1947 2645 2032 2698 nis
2051 2641 2306 2711 perfectis
2325 2643 2634 2699 notionibus
2654 2659 2758 2699 non
2781 2648 3077 2702 secundum
3096 2657 3381 2705 consuetos
3399 2652 3531 2706 alio-

1947 2750 2066 2788 rum
2093 2733 2539 2806 pllilOSOpllOl‘Ulll
2563 2745 2791 2791 conatus
2835 2737 3068 2793 inhaesit.
3095 2738 3219 2793 Post
3245 2738 3525 2796 Platonem

1948 2839 2078 2880 vero
2109 2827 2274 2881 etiam
2311 2825 2604 2881 Jamblicbi
2632 2827 2974 2884 mirabilibus
2997 2832 3340 2886 commentis.
3377 2833 3532 2887 Vide-

1951 2933 2072 2973 mus
2109 2919 2315 2974 multos
2340 2919 2784 2989 philosOphorum
2808 2921 3147 2988 etaudimus,
3171 2924 3272 2978 hos
3310 2925 3530 2994 quidem

1948 3021 2199 3081 putantes
2230 3009 2598 3067 Jambliclmm
2630 3013 2904 3068 intellectu
2925 3014 3194 3071 diﬂicilem
3225 3032 3370 3082 esse,
3413 3019 3532 3073 illos

255 3104 435 3172 λόγων
474 3105 534 3157 τὸ
561 3102 721 3157 πλέον
755 3103 788 3175 ἢ
822 3102 1052 3173 ἀληθείᾳ
1087 3103 1428 3173 πραγμάτων
1459 3103 1839 3172 ἐπαιρόμενον.

1950 3119 2078 3158 vero
2110 3107 2255 3159 hunc
2274 3103 2506 3172 superba
2529 3105 3002 3175 grandiloquentia
3035 3108 3320 3163 verborum
3358 3112 3532 3180 magis

267 3195 598 3266 Ῥητορικῆς
656 3195 752 3247 καὶ⁵
811 3193 1100 3264 ποιητικῆς
1166 3193 1506 3262 πολυμαθίας
1563 3194 1602 3224 ¹¹
1669 3192 1844 3264 μικρά

253 3287 456 3358 ἥψατο,
505 3289 586 3352 είς
636 3286 693 3339 δὲ
737 3287 838 3357 τὴν
885 3286 1166 3358 θειοτέραν
1201 3285 1520 3355 φιλοσοφίαν
1554 3283 1844 3355 ἐξώρμησε

255 3379 358 3448 τὴν
388 3378 810 3452 Ἀριστοτέλους.
857 3377 1031 3448 Ὁρῶν
1079 3377 1136 3430 δὲ
1182 3376 1388 3447 ταύτην
1437 3376 1515 3447 τῷ
1561 3376 1844 3446 ἀναγκαίῳ

259 3471 463 3539 μᾶλλον
504 3469 537 3539 ἢ
583 3468 661 3539 τῷ
701 3468 888 3538 οἰκείῳ
926 3468 1002 3537 νῷ
1040 3467 1428 3534 πιστεύουσαν,
1463 3469 1558 3522 καὶ
1586 3469 1844 3538 τεχνικὴν

260 3562 362 3632 μὲν
396 3560 592 3622 ἱκανῶς
623 3556 761 3614 εἶναι
797 3560 1229 3626 σπουδάζουσαν,
1261 3562 1320 3613 τὸ
1347 3560 1403 3613 δὲ
1443 3560 1625 3614 ἔνθεον
1664 3561 1696 3630 ἢ
1729 3577 1846 3614 νοε-

255 3654 355 3723 ρὸν
389 3653 450 3705 οὐ
487 3655 628 3706 πάνυ
680 3650 1148 3723 προϐαλλομένην,
1195 3650 1374 3719 ὀλίγον
1421 3651 1515 3704 καὶ
1562 3650 1766 3720 ταύτης
1815 3650 1846 3702 ὁ

271 3744 544 3812 Ἰσίδωρος
578 3744 876 3816 ἐποιήσατο
927 3741 1109 3810 λόγον.
1158 3743 1246 3806 Ὧς
1294 3742 1350 3796 δὲ
1401 3741 1509 3794 τῶν
1557 3741 1844 3802 Πλάτωνος

253 3835 528 3904 ἐγεύσατο
544 3823 854 3906 νοημάτων,
871 3834 1058 3888 οὐκέτι
1079 3834 1405 3888 παπταίνειν
1425 3832 1576 3900 ἠξίου
1599 3833 1844 3906 πόρσιον,

253 3928 332 3989 ὡς
365 3927 471 3996 ἔφη
504 3927 786 3996 Πίνδαρος,
818 3925 954 3980 ἀλλὰ
987 3925 1138 3988 τέλος
1180 3925 1326 3994 ἔχειν
1367 3925 1614 3996 ἤλπιζεν,
1656 3925 1704 3976 εί
1743 3922 1845 3992 τῆς

259 4021 550 4082 Πλάτωνος
582 4019 820 4082 διανοίας
865 4020 997 4072 εἴσω
1026 4017 1136 4070 τῶν
1175 4016 1384 4070 ἀδύτων
1424 4015 1678 4086 δυνηθείη
1732 4015 1847 4068 δια-

255 4113 466 4176 ϐαλεῖν,
495 4113 586 4165 καὶ
613 4111 749 4184 πρὸς
781 4111 940 4165 τοῦτο
965 4113 1006 4144 ¹¹
1031 4114 1061 4165 ὁ
1096 4112 1200 4174 πᾶς
1231 4109 1381 4181 αὐτῷ
1401 4109 1600 4180 δρόμος
1623 4109 1845 4162 ἐτέτατο

253 4206 357 4271 τῆς
395 4202 652 4272 σπουδῆς.
705 4202 829 4254 Ὅτι
882 4201 990 4255 τῶν
1049 4201 1147 4271 μὲν
1198 4199 1504 4254 παλαίτατα
1553 4199 1846 4269 φιλοσοφη-

256 4299 476 4349 σάντων
512 4293 832 4365 Πυθαγόραν
866 4293 960 4347 καὶ
1002 4293 1264 4347 Πλάτωνα
1315 4293 1542 4359 θειάζει,
1591 4295 1684 4348 καὶ
1733 4295 1843 4348 τῶν

255 4384 663 4454 ἐπτερωμένων
703 4386 747 4415 ⁸³
807 4384 1034 4438 ἐκείνων
1075 4383 1264 4454 ψυχῶν
1320 4379 1485 4447 εἶναι,
1527 4386 1582 4439 αἳ
1635 4387 1713 4450 εἰς
1749 4386 1841 4439 τὸν

1947 3211 2109 3264 quam
2162 3210 2344 3250 rerum
2415 3195 2650 3250 veritate
2705 3211 2765 3252 se
2819 3195 3152 3254 elierentem.
3211 3197 3531 3255 Rhetoricas

1950 3287 2292 3356 poeticasqne
2319 3295 2467 3342 artes
2500 3303 2694 3357 parum
2722 3289 2926 3359 attigit,
2958 3291 3052 3343 sed
3097 3291 3164 3344 ad
3204 3293 3528 3346 sanctiorem

1945 3379 2262 3435 Aristotelis
2305 3381 2704 3450 philosoriltiam
2763 3397 2822 3436 se
2879 3384 3174 3448 convertit,
3239 3385 3534 3453 vidensque

1949 3471 2096 3525 illaut
2158 3473 2494 3528 necessariis
2562 3473 3077 3530 ratiocinationibus
3147 3476 3319 3545 magis
3367 3493 3532 3547 quam

1949 3563 2166 3633 proprio
2199 3566 2379 3620 sensui
2429 3567 2692 3633 credere,
2754 3577 2810 3622 et
2845 3577 2903 3620 ut
2933 3569 3018 3622 via
3073 3584 3137 3623 ac
3170 3568 3381 3624 ratione
3409 3584 3536 3639 pro-

1947 3656 2125 3720 cedat,
2159 3655 2358 3710 divinis
2381 3667 2565 3711 autem
2598 3658 3085 3727 imaginationibus
3113 3675 3217 3713 non
3266 3659 3400 3714 adeo
3431 3661 3532 3724 uti,

1947 3758 2136 3814 parum
2169 3747 2332 3800 etiam
2363 3747 2428 3800 de
2461 3747 2562 3804 hac
2589 3727 2854 3801 sollicitus
2878 3747 2980 3801 fuit
3009 3765 3024 3802 :
3071 3748 3161 3802 ubi
3191 3756 3371 3803 autem
3407 3746 3532 3804 Pla-

1948 3837 2087 3891 tonis
2115 3837 2418 3891 sententias
2458 3839 2727 3907 gustavit,
2761 3854 2866 3892 non
2906 3838 3020 3906 jam
3051 3841 3317 3908 aspicere,
3371 3851 3430 3894 ut
3456 3843 3535 3894 ait

1949 3924 2214 3980 Pindarus
2244 3926 2347 3996 (4),
2386 3925 2647 3996 dignatus
2670 3936 2754 3980 est
2777 3929 3025 3982 ulterius.
3057 3927 3162 3984 Sed
3217 3930 3377 3983 linem
3399 3945 3539 3984 eon-

1949 4026 2266 4074 secuturum
2316 4017 2598 4086 speravit,
2640 4018 2685 4072 si
2737 4018 2789 4071 in
2849 4018 3090 4074 Platonis
3143 4022 3535 4076 sententiarmn

1948 4113 2107 4181 adyta
2157 4119 2449 4178 penetrare
2477 4108 2764 4178 potuisset,
2798 4118 2853 4162 et
2897 4124 2963 4164 eo
2997 4126 3156 4164 omne
3202 4127 3362 4166 suum
3417 4123 3526 4166 stu-

1947 4205 2096 4260 dium
2123 4243 2138 4268 ,
2188 4202 2558 4273 impetumque
2589 4204 2878 4259 convertit.
2909 4206 3333 4275 Antiquissimos
3358 4207 3534 4276 philo-

1945 4295 2144 4366 sophos
2176 4293 2540 4366 Pythagoram
2574 4304 2630 4350 et
2665 4294 2940 4351 Platonem
2987 4308 3044 4352 ut
3072 4299 3204 4354 deos
3243 4299 3445 4363 coluit,
3478 4308 3536 4354 et

1947 4401 2133 4440 eorum
2191 4385 2402 4439 animas
2452 4385 2646 4452 alatas,
2707 4401 2844 4455 qttas
2896 4387 2950 4440 in
3009 4387 3185 4443 locum
3251 4403 3530 4458 superetu-

255 4477 653 4547 ὑπερουράνιον
679 4479 864 4540 τόπον,
903 4478 984 4541 είς
1025 4477 1085 4529 τὸ
1129 4475 1310 4530 πεδίον
1339 4477 1436 4546 τῆς
1465 4477 1740 4548 ἀληθείας,
1769 4478 1843 4539 είς

1958 4479 2169 4542 lcstem,
2192 4477 2358 4546 inque
2377 4490 2628 4545 campum
2652 4478 2917 4544 veritatis,
2948 4487 3003 4532 et
3061 4489 3269 4548 pratmn
3297 4480 3534 4537 elevatas

252 4572 348 4625 τὸν
376 4571 621 4640 λειμῶνα
650 4570 760 4624 τῶν
795 4569 955 4623 θείων
996 4571 1252 4639 νέμονται
1283 4569 1460 4632 εἰδῶν,
1497 4571 1606 4622 τῶν
1651 4574 1845 4624 νεωστὶ

250 4665 311 4718 δὲ
357 4662 668 4734 Πορφύριον
696 4665 788 4716 καὶ
819 4661 1129 4732 Ἰάμϐλιχον
1160 4661 1257 4715 καλ⁵
1287 4662 1551 4731 Συριανὸν
1578 4661 1673 4715 καὶ
1701 4663 1846 4734 Πρό-

255 4757 388 4809 κλον
411 4772 426 4786 ·
472 4757 565 4807 καὶ
594 4755 786 4817 ἄλλους
818 4753 876 4806 δὲ
917 4755 974 4806 ἐν
1013 4753 1162 4822 μέσῳ
1194 4751 1288 4804 τοῦ
1325 4751 1516 4822 χρόνου
1555 4753 1720 4807 πολὺν
1747 4753 1844 4824 θη·-

256 4849 464 4919 σαυρόν
501 4847 751 4912 συλλέξαι
798 4845 928 4917 [550
968 4843 1064 4917 Η.]
1099 4844 1246 4912 λέγει
1277 4845 1586 4914 ἐπιστήμης
1617 4844 1846 4915 θεοπρε-

257 4942 422 5003 ποῦς.
457 4942 596 5004 Τοὺς
633 4940 817 5010 μέντοι
843 4938 1013 5008 θνητὰ
1052 4937 1148 4990 καὶ
1179 4935 1497 5006 ἀνθρώπινα
1527 4937 1846 5002 φιλοπόνου-

255 5038 458 5108 μένους
512 5034 679 5107 [1056
732 5031 824 5105 8.]
871 5032 1215 5102 ἣσυνιέντας
1254 5031 1420 5096 ὀξέως
1458 5028 1846 5120 ἢ,φιλομαθεῖς

1954 4569 2154 4622 divinis
2193 4567 2416 4638 putavit
2472 4567 2609 4623 ideis
2646 4569 2818 4638 pasci.
2848 4567 2922 4624 De
2963 4572 3359 4628 retentioribus
3403 4588 3533 4629 vero

1951 4659 2334 4731 Porphyrium,
2365 4657 2756 4727 Jamblicbum,
2785 4659 3098 4732 Syriauum,
3154 4664 3432 4730 Proclum,
3477 4677 3533 4722 et

1954 4752 2094 4805 alios
2125 4751 2317 4804 mediae
2357 4751 2557 4812 aetatis,
2599 4765 2853 4821 magnum
2891 4754 3199 4809 thesaurum
3242 4759 3533 4829 collegisse

1951 4845 2144 4898 divinae
2195 4841 2439 4898 scientias
2475 4841 2630 4898 dicit.
2669 4843 2774 4899 Eos
2822 4856 3000 4902 autem
3051 4851 3142 4918 qui
3200 4850 3254 4904 in
3315 4854 3535 4909 caducis

1951 4945 2004 4989 et
2056 4934 2307 4988 humanis
2356 4933 2554 4987 studiis
2614 4933 2850 4991 libenter
2897 4951 3259 5010 occupantur,
3309 4944 3394 4998 vel
3442 4947 3533 5012 qui

1958 5025 2260 5094 intelligere
2290 5031 2450 5078 acute
2484 5038 2551 5078 ac
2571 5025 2713 5081 scire
2744 5030 2915 5084 multa
2937 5031 3154 5098 volunt,
3177 5049 3280 5089 non
3314 5052 3536 5106 magno-

1517 5147 1747 5204 V'ARle
1787 5147 2198 5204 LECTIONES.

328 5253 353 5285 ⁸
376 5252 552 5328 ὀξεῖαν
577 5251 634 5305 δὲ
671 5251 764 5304 καὶ
816 5249 1012 5328 Suidas
1044 5263 1099 5328 γ.
1143 5244 1546 5328 ’Δγχίνριαειρίζ
1607 5245 1750 5299 idem
1779 5262 1831 5328 ις.
1869 5246 2048 5316 Ἔρως
2074 5245 2442 5328 θΞὯΣοτριχξ-,ῖὶ
2462 5247 2652 5318 ἀρχαί,
2701 5317 2713 5328 ¹
2755 5247 2778 5278 ο
2799 5261 2858 5328 te
2881 5244 2933 5328 ἐς
2963 5261 2976 5296 ε
3009 5245 3102 5328 τῷ
3129 5263 3188 5328 ς,
3238 5246 3375 5328 asp.

649 5329 668 5360 τ
704 5319 1020 5389 κατοκωχὴν
1047 5319 1109 5372 Α
1151 5314 1494 5389 κατοχὴν-ὓς
1531 5315 1861 5389 κατακωχὴν
1893 5314 2086 5389 ςίοιιιιι
2117 5314 2296 5389 suum.
2321 5314 2750 5389 ν.-1ς.ατακιι.ιχι⁴ι1
2869 5315 3172 5389 ἀποκαθηΑ
3199 5326 3250 5368 et
3279 5314 3534 5389 _Suidas_3

683 5391 705 5423 θ
735 5386 1017 5463 γνώρισιν]
1059 5390 1247 5463 νόησιν
1271 5386 1480 5463 _Stt_i_das
1509 5403 1560 5440 ν.
1599 5386 1888 5463 Εὐμοιρία.

718 5455 762 5496 ’⁵
783 5455 1203 5532 ἐπτερωμένων]
1232 5459 1303 5513 cl.
1340 5455 1515 5527 Toup.
1554 5471 1614 5520 ll,
1646 5471 1698 5525 ιι.
1730 5455 1851 5511 H8.

255 5325 463 5378 τούτων
488 5321 547 5377 Β.

253 5393 496 5449 ὑποκαθ.
535 5408 576 5457 ς

255 5468 302 5498 ¹¹
332 5465 512 5534 τούτῳ
546 5480 608 5528 ς’.

2755 5247 2778 5278 ⁸
2799 5261 2858 5319 τε
2881 5244 2933 5319 ,Α
2963 5261 2976 5296 :
3009 5245 3102 5319 τοῦ
3129 5263 3188 5310 ς.
3265 5246 3532 5319 [τρίτων]

1987 5389 2031 5418 ²⁰
2065 5384 2397 5456 ὑψηλόνουν]
2467 5383 2788 5459 ὑψηλὸνοῦν
2812 5387 2876 5440 Δ.
2922 5425 2932 5438 .
2983 5385 3026 5415 ¹¹
3055 5386 3424 5454 πολυμαθείας
3473 5387 3533 5441 Β.

1740 5537 1971 5605 Nam.

329 5651 408 5721 (3)
434 5649 628 5705 Sttidus
656 5647 888 5721 diclimte
922 5643 1194 5715 ἀγχίνοος,
1219 5652 1275 5697 et
1299 5641 1465 5698 llenr.
1486 5643 1675 5714 Steph.
1707 5643 1852 5697 Tlte-

251 5717 452 5778 smirus
485 5722 535 5773 in
568 5717 922 5786 ἐπιστρεφὴς.

329 5792 408 5863 (4)
436 5791 549 5848 Oda
594 5791 628 5842 4
663 5782 869 5856 Οιξιηὶμζ
905 5785 1099 5854 μηκέτι
1146 5786 1414 5838 πάπταινε
1466 5785 1711 5857 πόρσιον.
1767 5782 1847 5839 Ne

577 5883 844 5945 PA'mOL.
892 5881 1008 5940 Gn.
1055 5882 1206 5942 Clll.

1969 5643 2197 5707 amplius
2236 5643 2575 5708 circumspice
2592 5642 2816 5713 longius.
2847 5641 3029 5697 Utitur
3048 5639 3220 5695 etOda
3245 5639 3534 5713 ὅρκιε-εφη

1959 5725 2010 5766 et
2043 5715 2094 5766 in
2124 5715 2327 5783 Pythii:
2355 5714 2452 5766 oda
2485 5713 2518 5767 5
2556 5708 2746 5777 Ὅστις
2773 5715 3044 5784 αίσχήνων
3071 5724 3166 5765 etc.
3194 5720 3248 5763 ut
3268 5708 3534 5778 proverbii

1956 5786 2188 5853 speciem
2206 5784 2451 5839 obtinere
2477 5785 2745 5839 videatur.

3065 5874 3141 5936 ιο
