4050 6390
578 306 713 367 1259

1750 304 2011 366 ΡΙΙΟΤΙΙ
2045 306 2557 368 ΡΑΤΒῘΑΠΕΙῘίΕ
2598 310 2709 368 (ΣΡ.

3712 307 3831 373 1260

573 434 700 486 pere
738 416 985 474 conferre
1023 419 1089 473 ad
1123 418 1408 473 sublimem
1445 434 1508 475 ac
1535 421 1773 478 divinam
1802 425 2124 495 sapientiam

2255 420 2396 479 εἶναι
2456 426 2813 497 βουλομένους
2867 424 3021 480 οὐδὲν
3072 426 3217 496 μέγα
3260 424 3480 479 ἀνύτειν
3523 423 3575 457 ⁸⁸
3616 425 3696 490 είς
3754 428 3835 498 τὴν

575 512 935 582 Antiquorum
975 512 1120 567 enim
1155 512 1509 568 Aristotelem
1563 524 1619 571 et
1670 514 2039 589 Chrysippum
2068 520 2154 573 in-

568 604 975 675 geniosissimos
1016 614 1073 659 et
1113 604 1353 661 discendi
1387 608 1788 678 cupidissimus,
1822 612 1950 680 quin
1986 611 2151 667 etiam

574 696 893 761 laboriosos,
927 711 1025 751 nec
1056 706 1235 750 tamen
1280 698 1503 753 omnino
1539 700 1605 754 ad
1643 714 1915 756 summum
1951 718 2146 756 ascen-

568 789 730 843 disse.
768 789 1083 844 Reccntium
1114 805 1242 844 vero
1266 790 1597 855 Hieroclem,
1630 798 1685 845 et
1709 792 1937 858 similes,
1970 796 2151 850 scien-

571 880 657 934 tiis
691 881 942 935 humanis
972 882 1099 935 nulli
1131 881 1349 951 quidem
1390 882 1565 938 fuisse
1621 884 1931 951 inferiores,
1967 890 2059 942 sed
2095 890 2149 942 in

587 973 786 1027 divinis
842 976 1151 1029 notionibus
1184 990 1287 1030 non
1347 977 1636 1031 admodum
1683 977 1855 1034 fuisse
1904 993 2150 1038 versatos

572 1065 754 1119 tradit.
782 1063 1070 1121 Librorum
1102 1066 1316 1135 copiam
1354 1069 1722 1137 reprehendit,
1785 1086 1906 1141 qua:
1958 1075 2141 1143 potius

568 1158 858 1211 multarum
909 1159 1247 1227 Opinionum,
1305 1175 1467 1228 quam
1521 1162 1899 1230 cognitionum
1980 1181 2147 1222 causa

568 1260 671 1303 est.
723 1248 843 1306 Uno
896 1267 1025 1306 vero
1079 1252 1195 1308 solo
1243 1264 1576 1323 praeceptore
1639 1257 2024 1327 acquiescens,
2081 1261 2147 1315 ad

562 1342 703 1396 hunc
726 1359 891 1396 unum
916 1344 1112 1415 338a
1140 1346 1378 1416 seipsum
1404 1347 1712 1420 efﬁngebat,
1754 1350 1900 1406 illius
1944 1352 2146 1407 dictata

558 1438 936 1494 cxs‘cribendo.
968 1437 1281 1506 Praesentia,
1304 1450 1362 1494 ut
1390 1453 1634 1511 apparet,
1653 1444 1767 1500 haec
1790 1460 1898 1500 non
1922 1446 2144 1511 amavit,

562 1546 659 1586 nec
701 1541 909 1585 Statuas
964 1532 1193 1586 adorare
1250 1531 1506 1589 volebat:
1556 1539 1649 1590 sed
1702 1535 1816 1605 jam
1862 1530 1928 1592 ad
1994 1540 2145 1607 ipsos

558 1625 793 1679 accessit
828 1628 955 1678 deos
1004 1626 1149 1680 intus
1175 1625 1428 1692 latentes,
1478 1644 1585 1684 non
1626 1629 1679 1684 in
1711 1630 1899 1702 adyto.
1948 1632 2043 1686 sed
2081 1632 2132 1686 in

555 1730 753 1771 arcano
785 1716 891 1781 sui,
929 1716 1072 1786 quod
1109 1716 1399 1788 aliquando
1429 1734 1655 1775 summae
1684 1722 2135 1792 estignorantite.

2258 516 2541 589 θεοπρεπῆ
2574 519 2669 571 καὶ
2715 518 2960 589 μεγάλην
2998 519 3215 587 σοφίαν.
3266 518 3389 571 Τῶν
3440 516 3553 589 γάρ
3602 517 3833 572 παλαιῶν

2269 607 2624 677 Ἀριστοτέλη
2666 609 2759 661 καλ⁵
2801 602 3128 678 Χρύσιππον
3177 606 3582 676 εὐφυεστάτους
3620 609 3833 676 γενομέο

2254 711 2400 758 νους,
2445 695 2579 748 ἀλλά
2622 696 2715 748 καὶ
2756 695 3259 766 φιλομαθεστάτους
3300 696 3629 763 γεγονότας,
3679 695 3758 747 ἐτι
3790 696 3834 750 δὲ

2255 785 2350 837 καὶ
2396 786 2742 856 φιλοπόνους,
2777 788 2877 841 οὐκ
2910 788 3178 858 ἀναϐῆναι
3212 786 3363 857 ὅμως
3402 786 3502 857 τὴν
3546 786 3680 857 ὅλην
3718 786 3833 841 ἀνά-

2254 878 2436 933 ϐασιν.
2492 879 2613 931 Τῶν
2662 878 2719 933 δὲ
2752 880 3034 952 νεωτέρων
3087 878 3362 951 Ἱεροκλέα
3412 896 3471 932 τε
3518 879 3617 931 καὶ
3668 878 3720 931 εῖ
3766 896 3832 944 τις

2254 970 2460 1040 ὅμοιος,
2490 971 2645 1025 οὐδὲν
2687 972 2786 1042 μὲν
2822 972 3173 1035 ἐλλείποντας
3218 972 3301 1036 είς
3340 970 3441 1041 τὴν
3495 970 3832 1041 ἀνθρωπίνην

2254 1064 2635 1137 παρασκευὴν,
2674 1067 2782 1120 τῶν
2812 1065 2869 1118 δὲ
2922 1066 3210 1137 μακαρίων
3262 1054 3554 1133 νοημάτων
3598 1064 3828 1137 πολλαχῆ

2252 1153 2464 1207 πολλῶν
2493 1155 2693 1218 ἐνδεεῖς
2732 1155 3058 1227 γενομένους
3100 1156 3287 1225 φησίν.
3331 1155 3455 1207 Ὅτι
3505 1155 3604 1208 καὶ
3656 1156 3699 1188 ⁸⁸
3741 1156 3829 1208 τῶν

2253 1243 2473 1313 βιϐλίων
2504 1247 2594 1300 τὸν
2647 1247 2848 1317 ὀμαδδν
2899 1249 3218 1318 παρῃτεῖτο,
3270 1244 3595 1312 πολυδοξίας
3647 1245 3827 1317 μᾶλλον

2249 1336 2423 1392 αἴτιον
2449 1338 2581 1392 ὄντα
2608 1338 2640 1409 ἢ
2671 1339 2981 1403 πολυνοίας.
3026 1339 3137 1393 Ἑνὶ
3160 1339 3215 1391 δὲ
3248 1339 3396 1409 μόνῳ
3425 1338 3504 1409 τῷ
3534 1338 3826 1410 διδασκάλῳ

2250 1428 2743 1501 ἐπαναπαυόμενος
2774 1431 2912 1501 πρὸς
2947 1430 3111 1500 μόνον
3150 1432 3359 1483 ἐκεῖνον
3392 1430 3684 1484 ἀπετύπου
3717 1434 3825 1486 ἑαυ-

2246 1518 2361 1585 τὸν,
2389 1517 2456 1571 τὰ
2486 1520 2617 1588 παρ’
2644 1517 2813 1571 αὑτοῦ
2842 1517 3115 1589 λεγόμενα
3145 1519 3189 1550 ¹⁶
3220 1519 3707 1590 ἀπογραφόμενος.
3744 1522 3825 1592 Δῆο

2246 1608 2337 1673 λος
2373 1610 2417 1663 δ’
2446 1604 2516 1681 ἦν
2553 1609 2651 1663 οὐκ
2674 1609 2903 1679 ἀγαπῶν
2924 1610 2993 1665 τά
3017 1610 3266 1681 παρόντα
3302 1608 3425 1663 οὗτε
3456 1610 3525 1663 τὰ
3548 1612 3826 1682 ἀγάλματα

2247 1704 2573 1773 προσκυνεῖν
2609 1701 2830 1769 ἐθέλων,
2878 1702 3014 1758 ἀλλά
3052 1703 3153 1774 ἤδη
3185 1702 3273 1756 ἐπ’
3306 1702 3505 1766 αὐτοὺς
3531 1704 3661 1767 τοὺς
3692 1704 3827 1770 θεοὺς

555 1808 666 1875 Qua
705 1809 919 1863 ratione
979 1809 1143 1877 igitur
1172 1811 1237 1863 ad
1264 1826 1381 1877 eos,
1422 1827 1545 1866 cum
1593 1813 1673 1867 sic
1716 1826 1915 1881 essent,
1962 1817 2133 1871 adiit?

2251 1794 2462 1866 ἱέμενος
2497 1794 2630 1847 εἴσω
2660 1794 3092 1866 κρυπτομένους,
3122 1794 3223 1847 οὐκ
3269 1794 3327 1849 ἐν
3370 1792 3617 1859 ἀδύτοις,
3639 1794 3750 1848 ἀλλ’
3779 1797 3825 1850 ἐν

554 1902 858 1957 vehementi
885 1917 1092 1967 amore,
1119 1918 1292 1973 eoque
1316 1904 1543 1960 latente.
1576 1906 1642 1961 Et
1674 1908 1794 1975 quis
1808 1908 1944 1964 alius
1975 1924 2131 1964 amor

553 1995 657 2049 nisi
706 1994 996 2049 occultus?
1030 2004 1082 2051 et
1117 2010 1409 2065 quemnam
1465 1999 1607 2053 hunc
1646 1999 1896 2067 dicimus,
1956 2001 2137 2055 sciunt

552 2089 879 2158 quicxperti
915 2100 1076 2142 sunt:
1112 2091 1296 2143 dicere
1323 2099 1501 2145 autem
1554 2106 1658 2145 non
1708 2105 2017 2161 possumus,
2072 2110 2136 2151 ac

550 2197 620 2237 ne
662 2184 903 2253 cogitare
941 2184 1183 2253 quidem.
1244 2184 1449 2239 Dixerit
1505 2186 1775 2256 quispiam
1827 2186 1976 2241 illum
2028 2202 2133 2243 non

548 2274 739 2339 verba,
768 2275 862 2330 sed
890 2290 1072 2329 rerum
1104 2276 1287 2331 dicere
1321 2274 1677 2330 substantias.
1713 2274 2126 2346 Promptissime

548 2364 858 2419 inveniebat
890 2366 955 2419 de
985 2366 1183 2434 quibus
1213 2366 1325 2434 ipse
1354 2365 1637 2420 dubitabat
1682 2367 1835 2435 apud
1888 2368 2044 2433 alios,
2079 2377 2135 2423 et

548 2457 615 2511 de
649 2456 845 2525 quibus
877 2456 966 2509 alii
999 2458 1138 2526 apud
1178 2455 1353 2524 ipsum
1391 2456 1792 2525 disceptabant,
1828 2472 1935 2511 non
1996 2458 2136 2512 mul-

550 2558 726 2602 tarum
754 2548 971 2618 quidem
1006 2563 1185 2603 rerum
1212 2548 1539 2619 cognitione,
1585 2556 1641 2603 et
1693 2548 1996 2604 alienarum
2033 2551 2131 2606 do-

547 2641 847 2695 ctrinarum
879 2641 1105 2695 scicntia
1133 2641 1413 2695 obrueudo
1451 2642 1757 2707 veritatem,
1807 2643 2121 2700 dubitantes

546 2740 727 2786 autem
774 2730 1125 2796 confutando,
1175 2731 1271 2787 sed
1329 2732 1649 2788 excellentis
1675 2734 1876 2805 ingenii
1934 2736 2009 2801 vi,
2066 2752 2132 2793 ac

546 2826 705 2895 plane
732 2826 953 2889 divina;
1004 2835 1059 2879 et
1095 2826 1366 2881 immenso
1419 2827 1695 2883 desiderio
1753 2828 1936 2884 divina
1994 2845 2124 2901 per-

544 2913 841 2983 vestigandi
876 2914 1165 2968 veritatem
1192 2925 1549 2986 compertam,
1577 2919 1893 2974 vaticinanti
1934 2920 2129 2976 similis

540 3012 679 3059 erat.
732 3004 953 3059 Poterat
1011 3007 1319 3075 perspicere
1365 3007 1493 3078 quid
1524 3010 1866 3065 reconditum
1917 3021 2124 3082 tegeret

539 3099 735 3163 oratio,
784 3099 981 3167 quidve
1015 3114 1205 3153 sanum
1252 3099 1478 3156 inesset.
1518 3100 1782 3171 Marinus,
1818 3105 1909 3173 qui
1936 3103 2113 3160 Procli

2244 1888 2395 1961 αὐτῷ
2433 1887 2513 1958 τῷ
2558 1890 2877 1961 ἀπορρήτῳ,
2924 1887 3142 1941 ὁτιποτέ
3193 1889 3333 1955 ἐστι,
3381 1887 3483 1959 τῆς
3533 1883 3820 1955 παντελοῦς

2241 1983 2539 2050 ἀγνωσίας.
2571 1982 2697 2045 Πῶς
2726 1977 2821 2036 οὖν
2851 1982 2938 2034 ἐπ’
2966 1980 3167 2044 αὐτοὺς
3202 1980 3311 2033 ἵετο
3334 1979 3614 2043 τοιούτους
3644 1981 3822 2049 ὄντας

2244 2076 2449 2147 Ἔρωτι
2474 2073 2654 2145 δεινῷ,
2679 2075 2974 2148 ἀπορρήτῳ
2998 2073 3095 2126 καὶ
3119 2072 3314 2143 τούτῳ.
3341 2074 3453 2127 Καὶ
3478 2072 3569 2138 τίς
3586 2073 3646 2126 δὲ
3678 2074 3822 2139 ἄλλος

2238 2166 2271 2236 ἢ
2308 2167 2589 2234 ἄγνωστος
2622 2166 2717 2218 καὶ
2750 2167 2778 2219 ὁ
2808 2165 2948 2236 ἔρως
2978 2182 2993 2231 ;
3040 2164 3150 2219 Καὶ
3203 2165 3327 2218 τίνα
3372 2158 3567 2217 τοίτόν
3626 2183 3816 2236 φαμεν,

2239 2257 2417 2309 ἴσασιν
2461 2258 2512 2310 οἱ
2557 2257 2930 2328 πειραθέντες,
2959 2259 3133 2309 εἰπεῖν
3172 2256 3229 2309 δὲ
3261 2256 3547 2321 ἀδύνατον,
3581 2260 3677 2311 καὶ
3712 2258 3821 2329 νοῆ-

2238 2350 2328 2403 σαί
2363 2367 2428 2419 γε
2466 2351 2619 2404 οὐδὲν
2644 2351 2852 2421 μᾶλλον
2893 2350 3096 2422 ῥᾴδιον.
3130 2346 3302 2403 Εἶπεν
3328 2351 3394 2404 άν
3424 2350 3510 2415 τις
3535 2352 3597 2405 ού
3638 2351 3821 2422 ,λόγους

2238 2445 2429 2509 αὑτὸν,
2464 2444 2601 2498 ἀλλά
2631 2444 2975 2516 πραγμάτων
3007 2443 3341 2512 φθέγγεσθαι
3374 2445 3586 2509 οὐσίας.
3624 2442 3728 2499 Ἦν
3771 2447 3818 2500 δὲ

2235 2538 2332 2592 καὶ
2375 2538 2605 2610 εὑρετὴς
2643 2538 2995 2609 ἑτοιμότατος
3039 2530 3113 2590 ὧν
3153 2554 3214 2589 τε
3248 2535 3410 2602 αὐτὸς
3449 2538 3647 2610 ἠπόρει
3692 2539 3817 2610 πρὸς

2234 2632 2478 2702 ἑτέρους,
2507 2632 2601 2685 καὶ
2616 2627 2691 2686 ὧν
2713 2631 2889 2701 ἕτεροι
2915 2629 3051 2700 πρὸς
3081 2629 3264 2694 αὐτὸν,
3293 2630 3355 2682 ού
3390 2629 3699 2701 πολυμαθία
3729 2630 3815 2683 καὶ

2232 2728 2527 2800 ἀλλοτρίων
2563 2727 2919 2798 δοξασμάτων
2961 2726 3001 2757 ¹⁷
3056 2723 3267 2796 ἱστορίᾳ
3320 2724 3670 2796 καταχωννὺς
3718 2724 3809 2795 μὲν

2229 2822 2328 2893 τὴν
2358 2821 2620 2893 ἀλήθειαν
2661 2822 2705 2853 ¹⁸
2728 2861 2743 2886 ,
2775 2817 3142 2890 ἐπιστομίζων
3183 2817 3237 2870 δὲ
3269 2818 3396 2881 τοὺς
3437 2818 3773 2889 ἀποροῦντας
3794 2832 3808 2846 ·

2232 2916 2367 2971 ἀλλά
2386 2913 2546 2987 ῥώμῃ
2562 2914 2818 2984 γενναίας
2852 2913 3067 2983 φύσεως
3099 2914 3194 2966 καὶ
3218 2910 3356 2965 θεῶν
3381 2911 3715 2981 ἀγχισπόρου
3753 2911 3806 2973 ⁸³,

2232 3005 2385 3076 πόθῳ
2424 3021 2485 3057 τε
2511 3003 2779 3074 ἀμηχάνῳ
2809 3002 2908 3071 τῆς
2939 3001 3071 3071 περὶ
3112 3001 3175 3053 τὸ
3209 3000 3352 3053 θεῖον
3393 2998 3676 3069 βακχείας,
3705 2992 3808 3051 οἷον

2231 3092 2734 3169 ἀπομαντευομένῳ
2786 3095 2949 3167 ἐῴκει
2995 3095 3096 3166 τὴν
3127 3095 3229 3165 τῆς
3263 3092 3526 3162 ἀληθείας
3584 3091 3806 3163 εὕρεσιν.

540 3200 827 3240 successor
849 3187 949 3257 (5),
978 3196 1032 3242 et
1064 3186 1255 3243 lsidori
1286 3204 1407 3244 cum
1434 3192 1650 3246 caneris
1678 3195 1733 3246 in
1773 3194 2123 3252 Aristoteleis

2242 3158 2362 3245 Ἦν.
2382 3192 2427 3245 δ’
2462 3158 2650 3254 ίκανδς
2682 3158 2866 3243 διιδείν
2897 3189 2942 3221 ²⁰
2969 3158 3078 3259 am},
3110 3158 3408 3256 tre-caOPov
3444 3186 3488 3216 ’ί
3521 3158 3804 3253 φθέγγεται

541 3279 751 3345 doctor,
777 3296 898 3336 cum
930 3282 1125 3336 librum
1173 3282 1466 3337 multorum
1495 3298 1751 3339 versuum
1798 3288 2121 3358 scripsisset

538 3372 594 3426 in
641 3372 921 3427 Philebum
952 3373 1212 3438 Platonis,
1256 3389 1495 3444 eumque
1538 3376 1717 3444 legere
1757 3376 1975 3445 juberet
2007 3380 2109 3435 Isi-

539 3473 755 3535 dorum,
790 3480 845 3525 et
888 3469 1155 3540 judicium
1192 3470 1335 3526 ferre
1381 3488 1451 3525 an
1489 3473 1730 3543 evulgari
1765 3484 1968 3542 posset,
2028 3476 2118 3530 ille

537 3565 678 3619 libro
702 3566 863 3631 lecto,
900 3565 1223 3620 sententiam
1247 3580 1401 3620 suam
1433 3564 1598 3621 libere
1623 3567 1897 3636 patefecit,
1921 3567 2121 3623 nullam

538 3670 715 3713 tamen
766 3658 1146 3712 inconcinnam
1204 3672 1391 3713 vocem
1444 3658 1648 3722 emisit,
1684 3659 1823 3713 hanc
1871 3668 2115 3715 tantum:

533 3751 703 3805 videri
767 3750 1027 3819 magistro
1085 3750 1268 3819 digna.
1329 3748 1574 3805 Marinus
1639 3749 1744 3806 hoc
1791 3749 2116 3821 intelligens,

532 3842 727 3895 librum
767 3842 875 3910 igni
914 3841 1153 3895 tradidit.

2228 3288 2257 3339 ὁ
2294 3284 2471 3350 λόγος,
2503 3282 2600 3337 καὶ
2623 3283 2731 3352 ὅπη
2765 3282 2936 3350 ὑγιές.
2979 3281 3221 3352 Μαρῖνος
3261 3277 3317 3331 δὲ
3357 3278 3385 3329 ὁ
3428 3276 3674 3346 Πρόκλου
3697 3276 3804 3329 διά-

2227 3379 2401 3449 δοχος,
2450 3379 2479 3431 ό
2516 3378 2563 3409 ’³
2611 3377 2706 3430 καὶ
2753 3373 3027 3445 Ἰσιδώρου
3085 3372 3251 3443 (μετά
3307 3370 3405 3424 καὶ
3450 3368 3650 3440 ἄλλων)
3703 3370 3801 3422 τῶν

2244 3469 2650 3543 Ἀριστοτέλους
2703 3467 2877 3535 λόγων
2933 3464 3276 3529 διδάσκαλος,
3322 3464 3627 3533 ὑπόμνημα
3661 3460 3802 3514 πολύς

2230 3580 2410 3634 στιχον
2436 3565 2515 3626 είς
2543 3562 2774 3632 Φίληϐον
2808 3558 3073 3625 συντάξας
3101 3556 3196 3610 τοῦ
3223 3556 3537 3620 Πλάτωνος,
3567 3547 3712 3617 οὗτος
3731 3552 3800 3623 τῷ

2242 3656 2500 3729 Ἰσιδώρῳ
2533 3657 2777 3725 ἐντυχεῖν
2820 3671 2879 3707 τε
2912 3651 2992 3724 τῷ
3040 3650 3394 3721 ὑπομνήματι
3436 3648 3672 3709 κελεύει,
3714 3647 3797 3700 καὶ

2227 3753 2506 3820 ἐπικρῖναι
2549 3751 2596 3803 εί
2638 3746 2927 3813 ἐξοιστέον.
2988 3743 3047 3799 '0
3090 3743 3146 3797 δὲ
3188 3740 3457 3809 ἀναγνοὺς
3497 3740 3651 3793 οὐδὲν
3705 3739 3796 3792 ἀπ-

2230 3845 2507 3917 εκρύψατο
2539 3843 2649 3897 τῶν
2673 3840 2823 3911 αύτῷ
2851 3836 3171 3901 δοκούντων,
3188 3837 3249 3889 οὐ
3280 3834 3463 3905 μέντοι
3489 3832 3613 3886 οὐδὲ
3639 3833 3791 3901 ἀμου-

531 3956 622 3994 σον
666 3938 845 4009 ἀφῆκε
907 3938 1111 4008 φωνὴν,
1142 3937 1479 3992 τοσοῦτονδὲ
1511 3937 1673 4010 μόνον
1706 3937 1833 4009 ἔφη,
1868 3939 2028 3995 ίκανά
2060 3937 2199 3997 εἶναι
2255 3941 2324 3997 τὰ
2370 3940 2465 3994 τοῦ
2502 3936 2841 3993 διδασκάλου.
2886 3934 2943 3989 '0
2998 3931 3054 3985 δὲ
3117 3931 3362 4002 Μαρῖνος
3430 3927 3613 3989 συνεὶς
3679 3925 3791 3995 πυρὶ

526 4032 802 4103 διέφθειρε
828 4032 890 4087 τὸ
929 4032 1153 4103 βιϐλίον.

599 4125 715 4180 Hoc
744 4126 907 4180 etiam
932 4141 961 4179 a
982 4125 1192 4179 caeteris
1222 4123 1557 4194 philosophis
1591 4122 1820 4179 distabat
1855 4123 2112 4191 Isidorus,

2301 4120 2614 4193 Ἐξαίρετον
2639 4117 2686 4171 δ’
2710 4112 2780 4185 ἦν
2807 4112 2955 4185 αὐτῷ
2977 4111 3128 4183 παρά
3157 4111 3283 4175 τοὺς
3312 4107 3511 4173 ἄλλους
3534 4109 3629 4162 καὶ
3653 4108 3789 4160 τοῦτο

528 4220 670 4289 quod
702 4234 809 4273 non
838 4218 951 4272 sola
989 4216 1439 4288 syllogismorum
1472 4216 1525 4272 vi
1553 4231 1611 4271 se
1642 4226 1736 4271 aut
1798 4232 1926 4273 suos
1953 4218 2114 4274 vellet

2242 4214 2542 4284 ῖιλοσόφους
2565 4229 2577 4241 '
2601 4212 2702 4264 οὐκ
2740 4207 2999 4278 ἠϐούλετο
3031 4204 3410 4272 συλλογισμοῖς
3466 4199 3786 4271 ἀναγκάζειν

526 4310 805 4365 adhaerere
846 4309 1059 4364 veritati
1091 4327 1106 4365 :
1140 4324 1376 4379 cumque
1416 4309 1616 4363 veritas
1646 4324 1751 4362 non
1790 4322 1895 4363 una
1922 4309 2108 4365 videa-

2242 4306 2375 4360 ιόνον
2403 4303 2527 4358 οὔτε
2562 4302 2753 4356 ἑαυτὸν
2790 4298 2914 4353 οὔτε
2947 4297 3073 4360 τοὺς
3106 4294 3364 4356 συνόντας
3418 4291 3785 4345 ἐπακολουθεῖν

528 4417 613 4457 tur
655 4406 762 4465 via,
795 4404 1010 4458 nolebat
1042 4417 1137 4457 eos
1172 4404 1404 4466 ratione,
1440 4400 1605 4455 veluti
1640 4415 1781 4456 caeca
1810 4402 1863 4455 in
1902 4412 2105 4457 rectam

2245 4401 2277 4469 ᾖ
2310 4396 2540 4467 ἀληθείᾳ
2574 4394 2648 4465 μὴ
2690 4392 2944 4464 ὁρωμένη
2981 4390 3046 4453 ³³,
3080 4385 3223 4440 κατὰ
3257 4385 3387 4455 μίαν
3422 4384 3546 4437 ὁδὸν
3577 4383 3784 4453 πορεύε-

522 4500 663 4553 viam
696 4497 957 4558 ductrice,
985 4493 1209 4563 impelli.
1239 4493 1344 4549 Sed
1379 4495 1703 4563 persuadere
1739 4506 1958 4563 semper
2010 4493 2105 4547 ad-

2242 4491 2337 4543 ίθαι
2381 4488 2876 4556 συνελαυνομένους
2901 4482 3006 4537 ὑπὸ
3034 4480 3128 4533 τοῦ
3151 4478 3334 4547 λόγου,
3357 4472 3470 4530 οἷον
3498 4476 3721 4546 τυφλοὺς
3738 4476 3779 4506 ³⁸

2251 4583 2261 4593 ι
2354 4583 2366 4593 ι
2415 4582 2462 4593 λι
2547 4582 2558 4593 ι
2698 4579 2709 4593 ι
2976 4574 3109 4593 η’..η
3138 4592 3145 4593 ,
3194 4570 3321 4593 2.“).
3367 4569 3579 4593 ..-ηι---.
3610 4570 3753 4593 ι---.ε

525 4593 677 4646 nisus
721 4601 824 4657 est,
860 4598 915 4645 et
956 4589 1142 4643 oculos
1190 4589 1255 4641 ad
1311 4588 1548 4641 animam
1599 4586 1857 4643 referre:
1916 4596 2009 4641 aut
2054 4586 2133 4641 si'

2246 4583 2310 4655 ὴν
2344 4582 2511 4654 ὀρθὴν
2536 4579 2839 4651 ἀγομένους
2883 4574 3111 4647 πορείαν
3135 4592 3147 4604 ι
3187 4570 3322 4625 άλλά
3364 4569 3579 4623 πείθειν
3607 4570 3781 4622 ἐσπού·

521 4684 785 4748 inessent,
824 4695 1137 4753 repurgare.
1175 4679 1310 4735 Cum
1348 4681 1737 4747 imperatorum
1776 4693 1861 4733 res
1917 4686 2101 4748 gestas

2243 4678 2371 4741 αζεν
2421 4675 2511 4729 ἀεὶ
2546 4673 2640 4726 καὶ
2678 4671 2800 4742 ὄψιν
2856 4668 3121 4722 ἐντιθέναι
3168 4668 3237 4735 τῇ
3277 4663 3451 4734 ψυχῇ,
3497 4663 3695 4753 μᾶλλον

518 4778 756 4834 scribere
777 4778 983 4848 jussus,
1026 4776 1316 4831 obsecutus
1342 4782 1425 4827 est
1450 4790 1463 4827 :
1496 4774 1562 4827 de
1589 4786 1697 4843 quo
1713 4787 1878 4841 opere
1898 4771 2098 4835 dicam,

2242 4768 2437 4820 νοῦσαν
2496 4762 2891 4833 διακαθαίρειν.
2947 4755 3284 4828 ’Υπηρεσίαν
3345 4748 3614 4826 ὲτέλει,ᾖ
3662 4751 3777 4820 πρὸς

518 4870 659 4939 quod
710 4846 845 4932 scio.
871 4884 993 4923 cum
1033 4882 1097 4922 eo
1133 4867 1391 4937 perducta
1426 4867 1530 4920 erit
1558 4867 1777 4920 oratio:
1838 4880 1941 4920 non
1977 4864 2100 4919 dico

2245 4861 2373 4930 ἀχος
2423 4857 2754 4911 ἐπετέτακτο
2785 4855 2831 4885 ’⁸
2894 4852 3126 4923 γράφειν
3171 4848 3392 4939 τάῌύπὸ
3442 4848 3553 4902 τῶν
3598 4846 3772 4918 ἀρχόν-

516 4966 697 5028 modo,
730 4963 882 5032 quasi
938 4977 1004 5017 ne
1055 4960 1242 5015 audire
1276 4959 1491 5028 quidem
1542 4958 1848 5013 debuerim.
1902 4956 2095 5026 Neque

2242 4972 2315 5007 ων
2379 4948 2828 5023 προσταττόμενα
2869 4946 2939 5001 ’⁸.
3017 4945 3151 5015 Περὶ
3212 4935 3273 4996 οὗ
3345 4943 3458 5013 ἐρῶ
3513 4945 3652 4995 κατὰ
3694 4940 3772 4991 τὸν

516 5030 795 5115 Leontius,
831 5052 920 5120 qui
951 5052 1152 5121 optime
1180 5050 1347 5123 338
1371 5050 1399 5104 b
1430 5049 1533 5104 sibi
1586 5048 1889 5104 consultum
1924 5057 2077 5115 puta-

2245 5040 2505 5110 νούμενον
2527 5037 2705 5104 λόγον.
2736 5036 2802 5087 Ἳ)
2828 5032 2983 5097 εἰδὼς
3005 5034 3068 5086 οὐ
3096 5034 3256 5102 λέγω,
3312 5030 3389 5095 ὡς
3437 5030 3572 5103 μηδὲ
3629 5030 3771 5083 ἀχοῦ-

1819 5164 2051 5219 νΛιιιίΕ
2088 5157 2493 5218 LECTIONES.

584 5289 626 5319 “
649 5286 866 5341 ἀνύτειν
900 5288 972 5342 B:
999 5287 1249 5341 ἁνύττειν
1282 5304 1342 5351 ς.
1371 5355 1406 5359 __
1442 5286 1494 5359 ff
1524 5286 1637 5359 καὶ-
1668 5285 1794 5359 add.
1821 5287 1887 5338 A.
1991 5283 2033 5359 ἐξ
2058 5282 2142 5359 Cf.
2184 5280 2381 5359 Suidas
2416 5278 2759 5359 νημαρῖνοςρ
2777 5267 2957 5359 οξτος.
2978 5356 2996 5359 Α
3062 5261 3763 5359 ’νὶδοξοισμάτωνλδραμέ-

507 5374 613 5410 των
648 5338 933 5413 έέιὶιὶιὶένῗ
954 5338 1240 5429 Εὗρὲέήὲῖ
1291 5338 1338 5429 ἷο
1359 5354 1638 5429 ἀλήθειαν]
1663 5338 1920 5429 ἀλήόειαν
1946 5354 2042 5429 xei
2076 5351 2450 5429 ἀποκρύπτων
2477 5338 2778 5429 id-J‘i‘l“
2800 5344 3074 5429 §"i"“s.‘"
3120 5338 3763 5429 ἈγὲίᾼίῗἨρῖἔμὲλίὲίέῖ

507 5447 616 5492 νον,
647 5412 974 5500 Πολυήκοος.
1035 5412 1094 5469 ’³ο
1133 5412 1260 5481 ἰδεῖν
1286 5412 1478 5481 Suidas
1510 5443 1560 5506 νε
1595 5412 1897 5506 ῐίρόσοιτο..
1986 5426 2032 5455 ’⁸
2060 5412 2259 5506 σαθρὸν
2288 5426 2331 5473 Α
2379 5436 2505 5506 Elim
2561 5417 2763 5506 διιίξίῖιε
2796 5412 3091 5506 θηεξξιυρδξ,
3114 5417 3568 5506 390E393“
3600 5412 3763 5506 sui?

512 5482 1052 5553 lli-msterhitsius'ad
1084 5498 1289 5552 Polluc.
1316 5512 1432 5563 vm,
1464 5496 1591 5559 104,
1626 5482 1679 5550 et
1717 5496 1993 5560 Leichius,
2023 5512 2073 5564 p.
2105 5482 2213 5546 νὴ.
2315 5502 2360 5564 η
2403 5492 2633 5543 alterum
2663 5490 2690 5539 ὁ
2729 5482 2935 5542 υωζΒ.
3042 5482 3091 5515 ³⁸
3128 5482 3415 5553 ὁρωμένην
3459 5496 3521 5544 ς.
3600 5482 3641 5509 ³⁸
3679 5490 3761 5525 τυ-

1516 5568 1561 5607 ²¹⁵
1585 5568 1922 5621 ἀπετέτακτο
1951 5563 2033 5621 Α.
2085 5570 2130 5603 ’⁸
2158 5563 2507 5634 πραττόμενα
2554 5578 2615 5624 ς.

574 5736 651 5803 (5)
686 5734 856 5805 Cuius
892 5744 945 5791 et
996 5733 1162 5790 vitam
1190 5730 1429 5788 Marinus
1460 5730 1793 5803 Neapolites,
1830 5748 1949 5804 qum
1989 5655 2563 5796 exytonscnpsu
2587 5740 2704 5795 sup.
2743 5722 2861 5779 cod.
2900 5720 3019 5776 181.
3048 5718 3183 5775 Vide
3218 5717 3440 5773 Suidam
3467 5715 3519 5770 in
3550 5709 3759 5765 Marino.

510 5571 643 5639 φλοῦ
672 5587 814 5634 τινος
841 5569 1004 5641 ὀρθὴν
1032 5569 1299 5640 ἀγομένου
1354 5586 1413 5633 ς.
