4050 6432
305 433 448 501 1265

297 660 405 708 νοι,
430 644 541 706 τοῖς
559 642 806 712 σώμασιν
822 645 1171 709 ἀπειπόντες,
1185 647 1265 699 ἔτι
1289 651 1429 712 ταῖς,
1451 651 1652 721 ψυχαῖς
1673 652 1891 706 ἵσταντο

296 733 671 803 πολεμοῦντες
724 736 818 789 ἐπὶ⁸
861 737 1012 807 τρεῖς
1064 737 1280 808 ἡμέρας
1333 739 1461 802 ὅλας
1520 742 1616 794 καὶ
1663 742 1889 811 νύκτας,

295 827 455 880 οὐδὲν
482 827 590 880 τῶν
636 826 855 891 ζώντων
907 830 988 891 εἰς
1029 829 1220 896 ἀγῶνα
1268 831 1693 901 ἀπολειπόμενοι
1717 873 1732 898 ,
1764 833 1889 888 οὒτε

297 918 449 971 κατὰ
498 920 686 988 χεῖρας
738 917 864 971 οὔτε
914 919 1054 972 κατά
1089 919 1281 990 θυμόν.
1326 921 1569 992 Ἐωρᾶτο
1614 922 1747 991 γοῦν
1793 926 1890 978 καὶ

298 1009 537 1079 ἠκούετο
566 1011 634 1064 τὰ
654 1009 852 1064 εἴδωλα
885 1011 991 1063 τῶν
1020 1010 1632 1084 ψυχῶνὰντιφερόμενα
1650 1015 1744 1068 καὶ
1774 1018 1890 1080 τοῖς

294 1101 490 1165 ὅπλοις
532 1102 1003 1171 ἀντιπαταγοῦντα
1028 1103 1098 1157 ⁸³.
1128 1104 1239 1157 Καὶ
1271 1105 1476 1175 ἀρχαῖα
1524 1104 1582 1159 δὲ
1612 1105 1749 1160 ἄλλα
1780 1124 1890 1162 τοι-

294 1193 442 1248 αῦτα
497 1195 758 1265 φάσματα
818 1196 862 1227 ⁸³
917 1194 1170 1266 πολέμων
1231 1195 1392 1267 μέχρι
1454 1196 1548 1250 νῦν
1597 1199 1886 1267 φαίνεσθαί

295 1305 436 1357 φησι
454 1288 525 1350 ⁸⁵,
556 1287 697 1359 πλὴν
726 1289 810 1341 ὅτι
850 1287 1024 1342 ταῦτα
1052 1287 1124 1342 τὰ
1162 1289 1207 1320 ⁸⁸
1234 1289 1333 1359 μὲν
1363 1289 1519 1354 ἄλλα,
1551 1292 1650 1345 ὅσα
1685 1290 1888 1357 ζῶντες

292 1380 577 1451 ἄνθρωποι
628 1380 773 1434 κατά
824 1378 1063 1451 πόλεμον
1111 1379 1351 1451 δρῶσιν,
1403 1382 1558 1435 οὐδὲν
1612 1384 1882 1455 ὑστερεῖν,

294 1471 636 1541 φθέγγεσθαι
655 1473 711 1526 δὲ
743 1471 865 1526 οὐδὲ
893 1472 937 1503 ⁸⁷
963 1474 1055 1525 ἐπὶ
1079 1472 1295 1544 μικρόν.
1320 1474 1433 1529 Καὶ
1455 1474 1513 1527 ἓν
1546 1475 1643 1546 μὲν
1668 1476 1888 1545 ἐπιφαί-

292 1566 488 1618 νεσθαι
530 1566 587 1618 ἐν
609 1565 655 1597 ⁸⁸
684 1564 763 1636 τῷ
806 1565 935 1636 περὶ
975 1565 1181 1634 Σόγδαν
1203 1567 1251 1598 θ’
1300 1567 1433 1620 ποτὲ
1475 1566 1674 1638 λίμνην
1718 1567 1885 1624 οὖσαν

294 1656 489 1726 πεδίῳ,
516 1657 801 1724 φαίνεσθαι
850 1657 894 1710 δ’
924 1657 1029 1711 ὑπὸ
1056 1658 1155 1727 τὴν
1188 1658 1263 1711 ἕω
1290 1658 1360 1721 ,τὸ
1380 1659 1427 1691 ⁷⁸
1455 1661 1665 1730 φάσμα,
1707 1662 1886 1730 φωτὸς

292 1748 402 1819 ἤδη
435 1748 567 1821 [555
602 1748 693 1823 Η.]
727 1750 825 1823 τὴν
858 1752 963 1822 γῆν
996 1751 1428 1821 ὑπαυγάζοντος.
1460 1754 1712 1825 δεύτερον
1744 1756 1788 1809 δ’
1825 1758 1884 1809 ἐν

295 1837 570 1909 Κούρὸοις
616 1841 658 1871 τί
704 1841 888 1911 χωρίῳ
916 1842 965 1873 ’³⁸
1014 1841 1116 1911 τῆς
1168 1843 1414 1914 Καρίας·
1454 1845 1512 1897 ὲν
1552 1843 1727 1916 τούτῳ
1774 1846 1883 1916 γὰρ

1403 447 1929 511 BlBLlOTIIECA.
1947 475 2013 487 —
2039 451 2203 515 COD.
2240 456 2514 522 CCXLII.

306 552 569 621 γώτατον,
593 552 674 606 ὄτι
711 552 898 621 φασὶν,
930 554 1118 626 ἐπειδὴ
1156 555 1511 612 πεπτώκασιν
1545 562 1592 612 οἱ
1640 561 1884 631 μαχόμε-

1992 563 2231 635 integras
2267 580 2456 625 noctes
2488 580 2543 626 et
2570 572 2709 636 dies,
2773 573 2913 629 nihil
2947 576 3252 631 viventibus
3279 577 3563 645 pugnando

3429 462 3563 530 1266

1997 651 2306 718 inferiores,
2366 672 2545 727 neque
2611 662 2882 725 manilius,
2938 677 3112 732 neque
3174 664 3375 718 animo.
3422 662 3561 719 Visa:

1994 740 2160 812 igitur
2205 755 2258 800 et
2296 746 2496 803 auditae
2541 736 2844 805 animarum
2900 750 3087 808 formae
3129 763 3451 823 pugnantes,
3503 763 3559 809 et

1994 836 2166 891 armis
2194 848 2520 908 strepentes,
2552 849 2607 896 et
2635 842 2907 912 antiquas,
2942 845 3257 914 similesque
3294 846 3556 900 bellorum

1991 925 2158 981 facies
2178 926 2230 981 in
2252 929 2391 983 hunc
2419 939 2590 999 usque
2606 932 2752 986 diem
2765 933 2931 987 videri
2957 934 3130 999 aiunt,
3153 934 3254 988 nisi
3276 937 3415 1003 quod
3439 950 3559 989 om-

1994 1018 2079 1072 nia
2116 1020 2203 1073 illa
2234 1020 2503 1088 faciendo,
2527 1038 2646 1093 qua:
2671 1024 2777 1078 vivi
2803 1025 3051 1079 homines
3073 1024 3321 1078 bellando
3354 1025 3554 1091 solent,

1990 1122 2061 1161 ne
2091 1123 2316 1178 parvam
2348 1112 2568 1180 quidem
2597 1113 2756 1167 edere
2803 1128 2988 1168 vocem
3024 1113 3258 1183 possint,
3314 1123 3368 1168 et
3396 1128 3562 1168 unum

1990 1209 2264 1266 spectrum
2293 1201 2508 1269 quidem
2537 1202 2707 1257 videri
2756 1203 2807 1257 in
2827 1218 3019 1272 campo
3041 1203 3195 1272 juxta
3229 1203 3432 1258 Sudam
3465 1201 3563 1274 [αι.

1990 1289 2244 1365 Soedam]
2273 1331 2288 1357 ,
2319 1294 2409 1362 qui
2428 1294 2555 1347 olim
2593 1295 2745 1365 palus
2771 1294 2871 1351 fuit
2899 1314 2913 1352 :
2950 1297 3118 1352 videri
3168 1305 3346 1351 autem
3404 1310 3565 1350 mane

1991 1383 2282 1449 visionem,
2311 1400 2508 1439 aurora
2554 1384 2668 1454 jam
2708 1396 2906 1441 terram
2935 1388 3262 1446 illustrante.
3313 1387 3563 1443 Secundo

1989 1471 2043 1526 iu
2068 1472 2235 1529 Cubis
2265 1489 2457 1549 campo
2493 1474 2687 1532 Cariae.
2722 1477 2800 1534 Ibi
2851 1479 2995 1534 enim
3031 1494 3136 1535 non
3167 1479 3428 1548 quotidie,
3470 1478 3562 1534 sed

1989 1563 2260 1618 interdum
2311 1566 2586 1636 aliquibus
2629 1567 2838 1634 diebus,
2902 1584 3001 1625 nec
3034 1570 3139 1628 illis
3162 1571 3350 1636 certis,
3418 1570 3564 1625 circa

1988 1656 2367 1724 crepusculum
2415 1659 2746 1713 matutinum
2805 1674 2998 1714 aurora
3050 1660 3282 1724 oriente,
3317 1660 3371 1713 in
3437 1672 3565 1714 aere

1986 1743 2292 1814 frequentia
2317 1748 2622 1803 animarum
2654 1758 2869 1819 spectra
2899 1750 3209 1807 umbrarum
3236 1751 3404 1821 figura
3424 1750 3567 1804 inter

1987 1853 2047 1895 se
2069 1841 2369 1911 pugnantia
2397 1842 2588 1897 videri.
2613 1843 2677 1897 Et
2702 1853 2888 1899 nostra
2914 1853 3233 1914 tempestate
3261 1843 3414 1898 multi
3440 1858 3566 1896 nar-

295 1904 589 1998 φαίνεσθαι
617 1931 677 1983 οὐ
707 1904 834 1985 καθ’
861 1904 1107 2003 iam};
1155 1904 1395 2004 ἡμέραν,
1421 1934 1537 1988 ἀλλ’
1567 1904 1739 1990 ἐνίοτε
1766 1904 1884 1992 διαζ

1992 1942 2176 1987 raruut
2212 1933 2459 1989 homines
2484 1936 2636 1989 bona:
2668 1935 2813 2000 ﬁdei,
2837 1935 2990 2003 juxta
3015 1936 3258 1991 Siciliam
3294 1935 3346 1988 in
3364 1947 3557 2002 campo

293 2021 560 2078 λείποντα
588 2022 778 2089 ὀλίγας
809 2026 980 2091 τινάς,
1004 2025 1126 2079 οὐδὲ
1155 2026 1467 2097 ὡρισμένας
1489 2028 1536 2061 ’³
1566 2046 1630 2097 γε
1656 2029 1883 2093 ταύτας,

294 2112 430 2182 περὶ
468 2112 666 2185 ὄρθρον
724 2116 830 2179 ἕως
860 2115 1011 2186 ἡλίου
1049 2116 1310 2188 λαμπρᾶς
1342 2119 1609 2189 ἀνατολῆς
1650 2121 1709 2174 ὲν
1763 2122 1885 2191 ἀέρι

292 2205 657 2273 διαφοιτῶντα
713 2206 901 2277 ψυχῶν
958 2209 1094 2262 ἄττα
1155 2211 1394 2281 σκιοειδῆ
1452 2213 1817 2281 φαντάσματα
1842 2213 1888 2246 ⁷⁵

295 2295 644 2365 πολεμοῦντα
677 2297 949 2370 ἀλλήλοις,
982 2301 1093 2355 Καὶ
1123 2302 1180 2354 ὲν
1207 2303 1320 2363 τοῖς
1350 2302 1472 2355 καθ’
1496 2304 1647 2377 ἡμᾶς
1678 2305 1733 2356 δὲ
1763 2304 1889 2375 χρό-

1987 2026 2263 2080 nominato
2284 2024 2495 2097 340a
2528 2024 2906 2097 Tetrapyrgio,
2936 2038 2989 2081 et
3018 2030 3069 2080 in
3098 2027 3219 2081 aliis
3243 2043 3347 2082 non
3374 2024 3566 2096 paucis

1987 2117 2121 2173 locis
2155 2118 2323 2173 videri
2366 2120 2607 2187 equitum
2656 2119 3016 2189 pugnantium
3050 2119 3365 2183 simulacra,
3394 2117 3557 2187 idque

1986 2210 2225 2266 maxime
2254 2212 2462 2266 aestatis
2517 2220 2777 2282 tempore,
2825 2227 2951 2266 cum
3012 2210 3436 2267 ardentissimus
3477 2220 3562 2265 est

1989 2303 2265 2358 meridies.

293 2406 410 2453 νοις
436 2389 622 2444 πολλοὶ
649 2392 1003 2463 διηγήσαντο,
1038 2392 1135 2463 οὐχ
1157 2388 1260 2446 οἷοί
1289 2409 1349 2445 τε
1379 2392 1528 2458 ὄντες
1558 2394 1873 2464 ψεύδεσθαι,
1916 2398 2058 2452 κατά
2091 2398 2340 2451 Σικελίαν
2382 2399 2441 2450 ὲν
2505 2395 2583 2466 τῷ
2620 2394 2899 2466 λεγομένῳ
2933 2393 3100 2464 πεδίῳ
3180 2390 3569 2465 τετραπυργίῳ

294 2480 395 2536 καὶ
428 2484 487 2536 ἑν
516 2483 695 2547 ἄλλοις
723 2484 823 2537 οὐκ
856 2484 1059 2551 ὀλίγοις
1108 2485 1278 2554 αὐτῆς
1298 2484 1345 2516 ⁷⁵
1379 2484 1604 2555 μέρεσιν
1651 2488 1879 2557 ὁρᾶσθαι
1922 2488 2167 2542 ἱπποτῶν
2196 2487 2472 2559 πολεμίων
2505 2486 2911 2542 ἐπελαυνόντων
2942 2484 3226 2555 φάσματα,
3268 2482 3411 2536 κατά
3470 2483 3565 2535 τὸν

293 2575 391 2631 τοῦ
427 2575 619 2647 θέρους
653 2578 887 2647 μάλιστα
921 2581 1136 2646 καιρὸν.
1170 2580 1515 2651 μεσημϐρίας
1549 2582 1824 2654 σταθηρᾶς
1839 2583 1884 2615 ’⁸
1923 2584 2237 2655 ἱσταμένης.

370 2666 496 2722 Ὀτι
537 2668 631 2721 τὸν
660 2669 901 2740 Σεὸήρου
933 2669 977 2701 ⁷⁷
1018 2669 1183 2721 ἵππον
1222 2669 1357 2740 φησὶ
1387 2670 1695 2741 (Ῥωμαῖος
1736 2671 1783 2724 δ’
1808 2668 1879 2743 ἦν

2059 2673 2245 2731 Severi
2273 2689 2446 2745 equus
2479 2674 2590 2746 (qui
2620 2673 2900 2729 Romanus
2936 2680 3075 2735 erat,
3123 2685 3273 2740 spem
3332 2668 3567 2727 faciente

292 2751 492 2828 οὗτος,
541 2762 638 2815 καὶ⁸
690 2760 977 2830 Ἀνθεμίου
1030 2762 1405 2833 παρασχόντος
1452 2763 1674 2826 ἐλπίδας
1718 2763 1795 2828 ὡς
1846 2765 1878 2835 ἡ

1992 2762 2298 2826 Anthemio,
2330 2761 2555 2816 Romam
2585 2776 2831 2815 eversam
2876 2761 3070 2813 iterum
3103 2771 3201 2826 per
3247 2758 3421 2827 ipsum
3446 2758 3559 2813 eri-

305 2851 501 2922 Ῥώμη
551 2851 792 2905 πεσοῦσα
852 2851 1012 2905 πάλιν
1054 2852 1123 2905 δι’
1155 2850 1321 2905 αὑτοῦ
1369 2852 1756 2923 ἀναστήσεται,
1788 2852 1880 2906 ἐπὶ

1992 2854 2219 2923 gendam
2255 2852 2509 2917 Romam,
2544 2851 2650 2906 hac
2696 2864 2791 2919 spe
2818 2864 2943 2904 cum
2994 2850 3145 2916 prius
3198 2849 3563 2913 discessisset,

307 2942 556 3014 Ῥώμην,
578 2944 782 3012 ταύτης
801 2946 1298 3015 προαναχωρήσας,
1324 2945 1566 3016 ἐπανῆκε
1598 2946 1691 2999 καὶ
1711 2945 1878 3016 τιμῆς

1992 2964 2241 3004 reversus
2264 2949 2601 3003 consulatum
2634 2944 2882 3015 adeptus)
2918 2961 2930 2999 :
2964 2944 3124 3012 hujus
3153 2944 3319 3013 igitur
3369 2957 3563 3013 equus.

294 3035 575 3106 ὑπατικῆς
596 3035 797 3105 ἔτυχε),
840 3037 1031 3089 τούτου
1059 3037 1239 3089 τοίνυν
1262 3038 1288 3090 6
1318 3037 1503 3103 ἵππος,
1532 3031 1576 3105 ᾧ
1602 3036 1670 3091 τὰ
1709 3037 1882 3091 πολλὰ

1992 3056 2097 3112 quo
2123 3040 2347 3094 multum
2382 3054 2509 3094 usus
2540 3049 2644 3104 est,
2670 3047 2931 3093 tractatus
2973 3036 3239 3091 scintillas
3269 3052 3301 3091 e
3330 3051 3559 3105 corpore

295 3130 540 3201 ἐχρῆτο,
602 3128 910 3198 ψηχόμενος
963 3128 1269 3200 σπινθῆρας
1318 3129 1429 3182 ἀπὸ
1474 3129 1570 3181 τοῦ
1631 3129 1883 3200 σώματος

1992 3132 2208 3196 multas,
2236 3139 2293 3186 et
2317 3144 2547 3198 magnas
2579 3128 2764 3198 ejecit,
2803 3129 2971 3182 donec
2999 3126 3073 3181 illi
3129 3135 3437 3196 portentum
3468 3128 3570 3183 hoc

296 3221 529 3283 πολλούς
544 3236 605 3273 τε
623 3220 717 3273 καὶ
749 3220 1016 3291 μεγάλους
1037 3221 1208 3289 ὴφίει,
1230 3220 1335 3285 ἕως
1357 3220 1505 3291 αὐτῷ
1533 3220 1594 3273 τὸ
1613 3223 1779 3292 τέρας
1804 3223 1883 3285 είς

1992 3224 2057 3277 ad
2084 3222 2431 3279 consularem
2460 3220 2782 3289 dignitatem
2819 3218 3004 3273 Roma:
3043 3217 3194 3271 illum
3223 3218 3403 3273 evexit
3429 3217 3566 3289 (ll).

295 3313 398 3383 τὴν
418 3311 691 3383 ὑπατικὴν
721 3313 896 3383 ἀρχὴν
915 3313 970 3364 ὲν
991 3315 1055 3383 τῇ
1085 3312 1273 3384 Ῥώμῃ
1301 3312 1613 3383 κατηνύσθη
1634 3313 1699 3369 ⁷³.
1728 3312 1884 3367 Ἀλλά

1992 3314 2098 3369 Sed
2125 3324 2182 3369 et
2207 3311 2426 3368 Tiberio
2453 3314 2665 3377 asinus,
2697 3321 2757 3366 ut
2788 3310 2953 3365 refert
2986 3308 3313 3364 Plutarchus
3344 3309 3568 3365 Charm

294 3404 398 3457 καὶ
421 3402 658 3475 Τιϐερίῳ
684 3403 823 3468 ὄνος,
842 3404 917 3467 ὼς
942 3402 1289 3473 Πλούταρχος
1308 3405 1336 3456 6
1354 3403 1669 3474 Χαιρωνεύς
1697 3420 1883 3474 φησιν,

295 3494 382 3547 ἐτι
412 3495 681 3564 μειρακίῳ
710 3495 826 3547 ὄντι
854 3497 944 3548 καὶ
999 3497 1055 3547 ὲν
1092 3494 1275 3565 Ῥώδῳ
1305 3496 1398 3548 ἐπὶ
1439 3495 1619 3562 λόγοις
1665 3498 1885 3565 ῥητορι-

297 3588 418 3648 κοῖς
471 3586 801 3657 διατρίϐοντι
835 3586 993 3659 [1041
1027 3586 1144 3658 R.],
1185 3586 1283 3659 τὴν
1338 3587 1617 3658 βασιλείαν
1652 3587 1742 3641 διὰ
1791 3586 1885 3641 τοῦ

298 3676 471 3731 αὐτοῦ
497 3679 543 3709 τ’
585 3678 908 3748 παθήματος
941 3680 1345 3749 προεμήνυσεν.
1387 3679 1551 3733 Ἀλλὰ
1583 3680 1680 3733 καὶ⁸
1704 3680 1812 3733 τῶν
1840 3681 1886 3712 ⁸⁸

300 3769 439 3839 περὶ
490 3769 739 3823 Ἀττίλαν
773 3769 869 3824 ἕνα
911 3768 1040 3823 ὄντα
1090 3770 1182 3823 τὸν
1220 3769 1517 3841 Βαλίμεριν
1559 3772 1603 3803 ⁸³
1640 3772 1748 3824 ἀπὸ
1793 3772 1887 3824 τοῦ

298 3863 504 3935 οίκείου
536 3861 788 3931 σώματος
833 3863 1166 3917 ἁποπάλλειν
1225 3863 1559 3935 σπινθῆρας’
1593 3866 1620 3918 6
1661 3865 1717 3917 δὲ
1763 3860 1830 3935 ἦν
1859 3865 1889 3916 6

300 3934 599 4026 Βαλίμερις
650 3954 976 4025 Θευδερίχου
1012 3954 1234 4026 πατὴρ,
1288 3954 1348 4018 ὃς
1400 3934 1494 4007 νῦν
1522 3954 1582 4007 τὸ
1629 3934 1888 4025 μέγιστον

301 4043 420 4115 ἔχει
456 4046 656 4117 κράτος
694 4045 924 4109 Ἰταλίας
972 4049 1153 4116 πάσης
1181 4046 1247 4099 ⁸⁸.
1302 4046 1467 4114 Λέγει
1513 4045 1569 4098 δὲ
1625 4046 1719 4098 καὶ
1762 4047 1890 4115 περὶ

301 4134 500 4189 ἑαυτοῦ
535 4137 563 4187 6
605 4136 954 4205 συγγραφεὺς
1007 4135 1083 4199 ὡς
1120 4137 1230 4190 Kal
1269 4136 1400 4206 ἐμοὶ
1440 4135 1784 4205 ἐνδυομένῳ
1826 4153 1890 4189 τε

301 4224 405 4279 καὶ
425 4225 784 4296 ἐκδυομένῳ,
812 4230 865 4281 εὶ
899 4228 998 4281 καὶ
1042 4226 1304 4281 σπάνιον
1336 4226 1513 4281 τοῦτο
1540 4228 1883 4295 συμϐαίνει,

301 4318 626 4387 συμϐαίνει
646 4319 697 4371 δ’
720 4315 836 4374 οὖν
855 4318 1194 4388 σπινθῆρας
1212 4318 1536 4388 ἀποπηδᾷν
1556 4319 1887 4385 ἐξαισίους,

303 4410 434 4464 ἐσθ’
470 4410 569 4464 ὅτε
599 4412 699 4467 καὶ
729 4414 961 4466 κτύπον
981 4412 1377 4482 παρέχοντας,
1410 4412 1603 4466 ἐνίοτε
1633 4412 1699 4465 δὲ
1720 4412 1767 4445 ⁸³
1790 4411 1892 4465 καὶ

302 4503 543 4573 φλόγας,
571 4504 719 4571 ὅλας
749 4506 1164 4575 καταλάμπειν
1196 4507 1260 4559 τὸ
1292 4505 1547 4575 ἱμάτιον,
1578 4505 1658 4573 μὴ
1682 4504 1892 4573 μέντοι

304 4599 623 4664 καιούσας.
652 4600 763 4652 Καὶ
794 4599 856 4653 τὸ
886 4599 1053 4671 τέρας
1105 4600 1319 4667 ἀγνοεῖν
1364 4600 1445 4661 είς
1491 4598 1520 4651 ὃ
1550 4598 1888 4668 τελευτήσει,

307 4689 441 4744 ἰδεῖν
493 4691 552 4745 δὲ
605 4691 754 4761 λέγει
814 4692 910 4744 καὶ
957 4691 1245 4761 ἄνθρωπόν
1299 4708 1421 4744 τινα
1485 4688 1593 4743 ἀπὸ
1648 4689 1749 4758 τῆς
1800 4706 1892 4742 κε-

307 4782 487 4851 φαλῆς
541 4783 770 4852 ἀφιέντα
839 4782 1144 4852 σπινθῆρας
1174 4823 1187 4846 ,
1247 4781 1381 4836 ἀλλὰ
1430 4781 1525 4834 καὶ
1586 4780 1758 4849 φλόγα
1801 4780 1895 4832 ἀν-

307 4872 577 4940 άπτοντα,
609 4876 698 4929 ὅτε
733 4874 995 4946 βούλοιτο,
1030 4876 1228 4945 ἱματίῳ
1254 4874 1360 4927 τινὶ
1392 4875 1582 4944 τραχεῖ
1620 4888 1893 4943 παρατρι-

308 4968 567 5039 ϐομένης.
602 4968 840 5023 Ἥλαυνε
871 4970 961 5022 τὸν
993 4969 1177 5029 ἵππον,
1210 4970 1332 5021 ὅσον
1364 4963 1475 5037 εἶχε
1502 4966 1700 5035 τάχους
1724 4982 1738 4996 υ
1780 4961 1894 5033 εἶχε

309 5062 368 5115 δὲ
395 5062 505 5115 τῶν
535 5062 710 5116 ἄλλων
742 5062 1103 5133 ἐνδεέστερον.
1146 5060 1266 5113 Τῶν
1302 5059 1595 5113 πολιτικῶν
1629 5057 1895 5126 πραγμά-

314 5172 425 5209 των
450 5154 763 5227 ὰποτυχὼν,
792 5155 885 5207 ἐπὶ
922 5154 1013 5208 τὸν
1048 5154 1267 5224 ἡσύχιον
1294 5154 1389 5205 καὶ
1414 5152 1749 5223 ἀπράγμονα
1781 5150 1894 5220 βίον

1990 3408 2193 3474 nensis,
2236 3407 2413 3463 adhuc
2462 3406 2692 3476 juveni,
2722 3414 2776 3459 et
2818 3405 2871 3458 in
2925 3402 3117 3457 Rhodo
3141 3417 3361 3471 Operam
3420 3402 3568 3456 danti

1987 3498 2333 3567 eloquentiae,
2359 3497 2644 3566 imperium
2667 3497 2856 3551 eodem
2886 3503 3080 3550 eventu
3104 3492 3565 3562 praesiguiticavit.

1994 3586 2102 3643 Sed
2137 3598 2192 3643 et
2222 3586 2529 3641 Balemerin
2577 3601 2742 3640 unum
2771 3600 2839 3638 ex
2892 3585 3074 3638 Attilae
3121 3581 3314 3637 aulicis
3350 3581 3419 3636 de
3466 3595 3568 3637 suo

1990 3692 2221 3748 corpore
2248 3678 2451 3748 jecisse
2478 3676 2773 3731 scintillas.
2806 3674 2902 3729 llic
2937 3673 3236 3729 Balemeris
3287 3682 3439 3741 pater
3470 3671 3569 3726 fuit

1991 3772 2317 3828 Theoderici
2351 3772 2490 3841 ejus,
2535 3771 2625 3839 qui
2677 3783 2821 3824 nunc
2866 3784 3135 3823 summum
3198 3768 3362 3823 totius
3404 3765 3569 3822 Italia!

1993 3864 2275 3932 imperium
2315 3871 2483 3917 tenet.
2516 3861 2655 3917 Dicit
2683 3873 2860 3916 autem
2880 3862 3043 3915 etiam
3072 3863 3138 3915 de
3154 3861 3335 3929 seipso
3352 3870 3565 3916 auctor:

1992 3958 2166 4011 Etiam
2218 3957 2347 4010 mihi
2397 3971 2518 4009 cum
2553 3963 2609 4009 et.
2638 3955 2857 4021 induor,
2889 3964 2944 4008 et
2973 3968 3142 4009 exuor
3167 3994 3183 4017 ,
3214 3952 3314 4007 etsi
3360 3950 3412 4005 id
3444 3966 3569 4006 raro

1991 4046 2281 4100 admodum
2328 4045 2551 4110 accidit,
2606 4044 2808 4098 accidit
2852 4054 3057 4107 tamen,
3087 4051 3145 4095 ut
3204 4042 3454 4096 scintillae
3483 4044 3569 4097 iu-

1992 4148 2179 4206 gentes
2209 4136 2484 4201 exsiliant,
2518 4135 2813 4205 aliquando
2872 4150 2993 4189 cum
3048 4133 3249 4200 sonitu,
3295 4134 3566 4189 interdum

1992 4227 2156 4281 etiam
2182 4223 2413 4279 ﬂammae
2432 4225 2656 4293 integrae
2684 4233 2890 4279 vestem
2912 4224 3207 4291 illustrent,
3229 4224 3361 4278 nihil
3386 4233 3567 4278 tamen

1993 4327 2246 4378 exurant.
2280 4327 2335 4373 et
2386 4332 2447 4371 se
2486 4318 2737 4384 ignorare
2781 4332 2889 4385 quo
2932 4317 3033 4371 hoc
3079 4325 3392 4384 portentum
3448 4324 3568 4368 ten-

1993 4409 2164 4461 deret.
2198 4405 2411 4461 Vidisse
2436 4420 2493 4460 se
2516 4407 2590 4460 ait
2623 4414 2679 4460 et
2707 4406 2980 4460 hominem
3015 4406 3302 4473 quemdam
3331 4419 3363 4459 θ
3397 4405 3572 4472 capite

1992 4498 2254 4553 scintillas
2299 4498 2660 4559 evihrautem,
2717 4506 2771 4550 et
2804 4496 3099 4563 ﬂammam,
3160 4511 3282 4549 cum
3330 4494 3511 4557 vellet,
3541 4507 3573 4545 e

1998 4592 2176 4661 capite
2204 4598 2354 4647 veste
2405 4591 2681 4660 asperiore
2708 4589 2896 4642 attrito
2942 4588 3294 4641 excitantem.
3356 4584 3574 4653 Impulit

2003 4698 2199 4753 equum
2248 4698 2409 4751 quam
2448 4683 2623 4750 potuit
2690 4680 2995 4741 celerrime,
3057 4679 3287 4747 indiguit
3348 4685 3403 4730 et
3452 4674 3573 4729 aliis

2004 4776 2183 4829 rebus.
2229 4772 2559 4842 Reipublicae
2634 4769 3108 4825 administratione
3168 4766 3452 4829 escidens,
3507 4765 3574 4818 ad

2002 4867 2242 4933 quietam
2274 4864 2614 4931 otiosamque
2642 4862 2805 4915 vitam
2856 4874 2914 4914 se
2944 4858 3197 4925 contulit,
3237 4857 3362 4910 odio
3389 4869 3574 4910 eorum

2000 4955 2089 5025 qui
2121 4956 2173 5009 in
2197 4952 2471 5023 republica
2495 4951 2708 5006 molesti
2729 4959 2901 5003 erant.
2931 4947 3294 5003 Veneruntad
3313 4946 3574 5000 Severum

2003 5044 2367 5100 Brachmauni
2397 5043 2551 5114 juxta
2581 5040 2988 5103 Alexandriam,
3021 5049 3073 5091 et
3096 5037 3316 5108 proprio
3340 5035 3577 5105 hospitio

2006 5140 2123 5194 illos
2146 5145 2201 5190 et
2251 5135 2433 5191 debito
2472 5133 2620 5189 cultu
2674 5132 2933 5200 suscepit.
2983 5128 3048 5184 Hi
3095 5130 3161 5185 de
3210 5127 3386 5199 gentis
3428 5141 3577 5181 auore

1592 5281 1824 5338 VARI/li
1864 5273 2266 5333 LECTIONES.

420 5401 466 5433 ⁸³
487 5400 674 5461 ὅπλοις
701 5399 796 5453 καὶ
820 5399 939 5454 ἀντ.
970 5400 1036 5451 Α.

1142 5397 1185 5429 ⁸³
1212 5398 1577 5466 φαντάσματα
1642 5412 1701 5458 ς.
1755 5393 1821 5466 ,⁸⁵
1853 5407 1982 5457 φασι
2015 5407 2075 5466 ς..

2154 5385 2202 5415 ⁸⁸
2227 5383 2295 5437 τὰ
2318 5383 2440 5438 add.
2462 5382 2528 5437 A.
2604 5379 2647 5411 ⁶⁷
2670 5378 2793 5432 οὐδέ
2837 5375 2916 5429 A:
2948 5376 3047 5428 οὐκ
3070 5391 3129 5438 ς.
3206 5372 3251 5404 ⁸⁸
3277 5373 3334 5425 έν
3355 5371 3477 5426 add.
3505 5368 3570 5421 A.

317 5481 365 5515 ιι
1140 5470 1187 5499 "°
1212 5444 1532 5539 ξιῐὲιξιῖιῖῖἱζ
1550 5444 1576 5449 Π
1598 5444 1887 5539 νιἏὲλούεοέιέ
1911 5477 1971 5539 Ξ.
1988 5444 2094 5539 _:"
2123 5456 2321 5539 χωρίον
2341 5455 2405 5539 A'.
2476 5452 2532 5539 “_
2552 5452 2613 5539 οῦ
2635 5446 3208 5539 *διωυρισμέχαςὲτῌζξ
3225 5444 3487 5539 φάσματα

316 5549 366 5582 ⁷⁵
424 5540 596 5608 αὐτῆς
629 5541 669 5593 Α
738 5556 752 5591 :

1147 5539 1191 5570 τε
1784 5512 2459 5607 ⁷ζξηνῖ-Ξίέδ-νίλροῖἷᾙίιεῗερίου
2486 5532 2538 5575 et
2567 5536 2690 5607 mox
2723 5512 3310 5607 ὗφίειθῐιέυεῑειιίιίιιελοιξ
3344 5512 3571 5607 llzovilp.

320 5580 491 5668 ιιηῶΪ
511 5580 638 5677 δί’ῗ),
663 5612 729 5664 '5:
755 5611 906 5674 cujus
932 5580 1170 5663 eiu-borem
1201 5580 1414 5661 notavit:
1441 5580 1709 5671 LZ-ichius,
1738 5602 1929 5677 p.
2005 5580 2133 5677 “rev
2162 5580 2359 5668 ἡΡώμῇ
2382 5592 2715 5664 κατηνύσοαι
2743 5609 2804 5656 ς·
2879 5588 2924 5619 "
2946 5586 3109 5638 αὐτοῦ
3140 5600 3248 5639 0'“-
3277 5582 3344 5636 Α·
3394 5581 3440 5612 ⁶⁰
3471 5596 3579 5631 ταν

316 5686 401 5738 A:
434 5683 525 5735 τὸν
548 5699 607 5746 ς.
708 5682 751 5713 ⁸⁸
780 5680 1080 5754 Βαλέμεριν
1116 5696 1176 5743 ς.
1269 5678 1315 5709 ⁸²
1348 5677 1566 5747 ἀπάσης
1611 5694 1672 5741 ς.

1781 5675 1825 5707 ⁸³
1848 5673 1904 5727 δὲ
1935 5687 2047 5729 om.
2080 5673 2146 5724 Δ.

1836 5784 2069 5842 ΝΟΤΑΕ.

400 5888 516 5959 (ll)
549 5887 717 5958 Quem
756 5887 956 5944 Tiberii
995 5886 1125 5955 imp.
1169 5885 1365 5951 Vitam,
1404 5884 1498 5941 sed
1536 5898 1653 5954 ηιιίε
1709 5881 2005 5945 intercidit,
2038 5874 2424 5946 conscripsisse
2465 5870 2631 5928 refert
2656 5868 2707 5923 iu
2735 5864 2993 5933 Catalogo
3014 5857 3287 5927 Lamprid.
