4050 6450
484 444 619 508 1267

1638 445 1901 506 ΡΗΟΤΙΙ
1936 443 2438 506 ΡΑΤΒΙΑΒΟΗίΕ
2468 444 2576 503 CP.

3588 434 3751 501 1268

480 558 625 617 domi
688 553 979 610 admodum
1013 555 1252 627 graviter
1303 555 1578 625 vixerunt,
1627 573 1804 628 neque
1856 559 2043 613 balnea

2164 557 2439 626 ἐτράπετο,
2497 554 2646 625 μίσει
2701 552 2809 606 τῶν
2839 554 2895 605 ἐν
2936 556 3001 622 τῇ
3047 550 3293 621 πολιτείᾳ
3344 551 3750 622 δυσχερασμά-

479 648 714 719 publici,
755 662 927 716 neque
967 659 1318 716 conspectum
1370 648 1537 702 ullum
1578 648 1848 703 urbanum
1898 664 2045 717 qna:-

477 746 683 802 renles,
715 738 809 791 sed
838 746 1121 792 externum
1166 753 1326 794 omne
1359 739 1630 809 fugerunt.
1683 739 2048 795 Comedebant

486 827 697 896 palmas
724 835 778 880 et
804 841 1050 896 oryzam,
1076 842 1271 897 aquam
1315 828 1592 882 bibebam.
1632 828 1803 883 Erant
1830 828 1907 883 illi
1943 845 2046 883 non

478 934 508 971 e
546 918 965 985 Brachmannis,
992 920 1082 988 qui
1116 920 1169 973 in
1215 922 1487 975 montibus
1516 922 1735 989 degunt,
1780 936 1955 991 neque
1983 938 2046 975 ex

476 1009 647 1073 Indis,
677 1012 768 1078 qui
800 1011 961 1064 urbes
1009 1010 1292 1065 incolunt:
1337 1013 1429 1065 sed
1460 1019 1813 1081 utrorumque
1880 1014 2045 1067 vitam

477 1114 702 1169 prorsus
726 1102 1101 1168 sectabantur,
1134 1101 1629 1155 Brachmannorum
1659 1102 1854 1175 44,οὺ
1911 1102 2049 1171 apud

390 1220 395 1225 ι
483 1190 736 1257 populum
769 1192 1005 1259 negotia,
1039 1192 1082 1247 si
1142 1192 1336 1259 quibus
1388 1192 1716 1259 indigerent,
1777 1202 1832 1246 et
1869 1191 2050 1262 populi

480 1282 619 1350 apud
679 1281 1085 1338 Brachmannos
1134 1293 1485 1353 peragentes.
1546 1284 1807 1338 Dixerunt
1854 1284 1928 1337 illi
1985 1286 2091 1337 de

478 1369 876 1428 Brachmannis
898 1373 1192 1437 montanis,
1215 1389 1549 1443 quaecunque
1578 1377 1642 1429 de
1669 1375 1732 1429 iis
1755 1376 2050 1445 scriptores

481 1461 762 1531 olivulgant
796 1480 808 1515 :
848 1462 1049 1517 imbres
1087 1464 1339 1532 precibus
1385 1465 1504 1520 illos
1537 1474 1738 1532 petere.
1785 1476 1838 1518 et
1887 1465 2051 1519 etiam

479 1553 694 1607 eosdem
716 1561 985 1620 avertere,
1014 1554 1235 1620 famem,
1276 1565 1612 1625 pestemque,
1650 1557 1862 1625 aliaque
1892 1557 2050 1621 mala,

480 1656 601 1710 qua:
630 1644 809 1697 curari
846 1659 949 1698 non
1001 1655 1247 1713 possunt,
1282 1646 1528 1713 precibus
1556 1662 1713 1714 posse
1757 1647 2049 1715 depellere.

2146 666 2254 702 των
2277 648 2344 701 ⁸⁸.
2370 640 2544 699 Ἶὶκον
2563 646 2619 697 δὲ
2655 646 2791 715 πρὸς
2822 645 2913 699 τὸν
2944 644 3182 714 Σεϐἧρον
3212 645 3309 696 καὶ
3340 643 3666 713 Βραχμᾶνες
3694 636 3749 669 ⁸⁸

2152 739 2297 793 κατὰ
2347 737 2445 809 τὴν
2501 735 2927 806 Ἀλεξάνδρειαν,
2980 737 3075 788 καὶ
3123 735 3340 801 ἐδέξατο
3397 736 3534 803 σφᾶς
3599 733 3752 800 οἴκῳ

2156 831 2273 902 ἰδίῳ
2304 832 2398 884 καὶ
2447 829 2714 900 θεραπείᾳ
2763 831 2829 898 τῇ
2862 828 3252 898 προσηκούσῃ’
3285 826 3333 878 οἳ
3370 826 3509 878 κατὰ
3544 826 3752 893 χώραν

2149 924 2236 975 ἐπ’
2265 923 2416 975 οἴκου
2456 920 2601 991 μάλα
2641 917 2851 988 σεμνῶς
2882 919 3095 988 ἔμενον,
3125 918 3247 969 οὐτε
3278 915 3518 986 λουτρῶν
3542 916 3753 982 δεόμε-

2150 1014 2537 1082 νοιδημοσίων,
2565 1012 2689 1065 οὐτε
2711 1012 2876 1081 ἄλλης
2897 1010 3145 1079 ἐπόψεως
3172 1009 3434 1077 οὐδεμιᾶς
3456 1008 3563 1059 τῶν
3592 1005 3751 1057 κατὰ

2152 1105 2287 1159 ἄστυ
2312 1104 2636 1174 γινομένων,
2683 1103 2821 1157 ἀλλὰ
2866 1103 2971 1154 πᾶν
2999 1101 3046 1132 ⁸⁸
3071 1100 3133 1152 τὸ
3180 1098 3399 1171 θυραῖον
3426 1097 3472 1129 ⁸⁷
3519 1093 3753 1163 ἐξετρέ-

2153 1212 2338 1247 ποντο.
2379 1194 2685 1247 Ἐσιτοῦντο
2723 1192 2778 1245 δὲ
2820 1191 3068 1261 φοίνικας
3121 1190 3216 1242 καὶ
3263 1188 3492 1258 ὄρυζαν,
3533 1190 3638 1240 καί
3678 1179 3754 1251 ἧν

2154 1286 2333 1347 αὐτοῖς
2357 1285 2511 1354 πόμα
2559 1284 2622 1337 τὸ
2652 1283 2826 1353 ὕδωρ.
2859 1279 3041 1336 Ἦσαν
3072 1282 3128 1335 δὲ
3175 1274 3320 1334 οὗτοι
3350 1279 3472 1333 οὐτε
3517 1278 3637 1331 τῶν
3692 1278 3753 1327 ἐν

2153 1375 2303 1447 ὄρεσι
2319 1376 2365 1407 ⁸⁸
2386 1375 2764 1446 διατριϐόντων
2787 1373 3142 1443 Βραχμάνων,
3178 1371 3303 1424 οὐτε
3334 1371 3440 1422 τῶν
3464 1372 3521 1421 ἐν
3543 1368 3752 1419 πόλεσι

2158 1467 2565 1537 κατῳκημένων
2606 1466 2804 1530 Ἰνδῶν,
2845 1465 2960 1518 ἀλλ’
3011 1462 3250 1532 ἀτεχνῶς
3304 1459 3581 1529 ἀμφίϐιοι,
3632 1459 3752 1517 τοῖς

2158 1556 2507 1626 Βραχμάνοις
2550 1554 2987 1626 ὐπηρετούμενοι
3021 1553 3089 1605 τὰ
3122 1553 3258 1623 πρὸς
3297 1552 3396 1613 τὰς
3434 1550 3655 1611 πόλεις,
3704 1547 3754 1596 εί

2160 1664 2262 1701 που
2292 1648 2562 1718 δεήσειεν,
2602 1648 2699 1700 καὶ
2747 1648 2869 1709 ταῖς
2908 1646 3126 1698 πόλεσιν
3150 1642 3216 1697 αὐ
3240 1644 3284 1676 ⁸⁸
3314 1643 3384 1696 τὰ
3424 1641 3561 1711 πρὸς
3614 1640 3753 1700 τοὺς

481 1729 922 1785 Dixeruutiidem
950 1734 1207 1802 unipedes
1249 1736 1501 1791 homines
1526 1738 1667 1805 apud
1703 1751 1764 1790 se
1794 1751 1948 1801 esse,
2002 1750 2057 1791 et

2164 1736 2578 1807 Βραχμᾶναςθο.
2613 1736 2839 1805 Ἔλεγον
2877 1736 2934 1789 δὲ
2953 1736 3049 1788 καὶ
3070 1730 3214 1788 οὗτοι
3248 1732 3377 1804 περ)⁵
3403 1730 3509 1784 τῶν
3534 1728 3753 1800 ὀρείων

478 1821 747 1877 dracones
776 1825 1015 1893 ingentis
1050 1826 1437 1893 magnitudinis
1459 1826 1817 1896 septicipites,
1846 1837 1900 1883 et
1951 1827 2053 1882 alia

2164 1828 2495 1899 Βραχμάνων
2534 1830 2634 1881 ὅσα
2666 1828 2715 1880 oi
2769 1830 3106 1896 συγγραφεῖς
3147 1826 3274 1895 περὶ
3301 1823 3477 1877 αὐτῶν
3517 1818 3755 1892 θρυλοῦ-

476 1912 634 1967 valde
658 1915 935 1970 inusitata.
2085 1908 2126 1965 Β
2158 1936 2263 1984 σιν,
2294 1919 2534 1989 ὄμϐρους
2571 1934 2629 1972 τε
2667 1920 2762 1972 κο.)⁸
2788 1918 3086 1989 ἀνομϐρίας
3114 1917 3296 1987 εὐχαῖς
3334 1914 3755 1983 καταπράττειν

479 2002 576 2056 καὶ
602 2003 778 2074 λιμῶν
804 2007 898 2060 καὶ
935 2006 1139 2078 λοιμῶν
1178 2006 1305 2081 [554
1329 2008 1423 2082 IL]
1451 2011 1771 2077 ἀποδιώξεις
1799 2010 1974 2065 ἄλλων
2000 2027 2059 2062 τε
2100 2011 2285 2063 κακῶν
2310 2012 2650 2080 ἀποτροπὰς,
2683 2010 2782 2062 ὅσα
2820 2010 2895 2080 μὴ
2938 2008 3155 2062 ἀνίατον
3228 2006 3340 2075 ἔχει
3408 2006 3507 2073 τὴν
3542 2003 3755 2070 εἱμαρ-

481 2095 674 2166 μένην.
706 2098 930 2166 Ἔλεγον
969 2100 1024 2152 δέ
1064 2092 1207 2155 οὗτοι
1258 2103 1353 2156 καὶ
1402 2104 1700 2172 μονόποδας
1771 2103 2091 2174 ἀνθρώπους
2166 2101 2319 2171 παρά
2375 2103 2556 2171 σφίσιν
2607 2100 2923 2171 ἱστορῆσαι,
2966 2098 3062 2151 καὶ⁸
3121 2098 3419 2169 δράκοντας
3468 2093 3755 2160 ἐξαισίους

479 2190 622 2243 κατὰ
665 2189 892 2258 μέγεθος
920 2192 1355 2259 ἐπτακεφάλους,
1384 2196 1479 2247 καὶ
1500 2194 1634 2249 ἄλλα
1671 2196 1806 2250 ἄττα
1832 2194 1966 2247 πολὺ
1996 2194 2055 2246 τὸ
2089 2193 2396 2265 παράλογον
2422 2192 2613 2262 ἔχοντα
2642 2194 2709 2245 ⁸⁸.

551 2282 697 2336 Dixit
739 2282 972 2336 Severus
1001 2282 1172 2337 videri
1204 2282 1603 2348 Gorgouiadem
1632 2287 1879 2349 herbam,
1910 2287 2054 2355 ejus-

2234 2283 2355 2335 Ὀτι
2387 2281 2572 2348 ἔλεγεν
2610 2282 2639 2333 ὁ
2668 2280 2907 2349 Σεϐἧρος
2949 2276 3244 2332 τεθεᾶσθαι
3276 2274 3617 2347 Γοργονιάδα
3661 2272 3753 2342 βο·

480 2387 587 2440 que
631 2373 869 2427 radicem
910 2372 1131 2425 omnino
1177 2372 1407 2427 similem
1457 2389 1577 2428 esse
1625 2374 1835 2442 puellae,
1895 2384 2056 2445 caput

2164 2372 2346 2442 τάνην,
2380 2368 2449 2443 ἦς
2476 2366 2618 2424 εἶναι
2651 2372 2751 2441 τὴν
2778 2372 2932 2441 ῥίζαν
2964 2369 3221 2439 ἄντικρυς
3246 2366 3439 2436 ὁμοίαν
3486 2364 3752 2433 παρθένῳ

482 2464 725 2521 crinibus
759 2474 959 2517 tectum
994 2464 1321 2529 serpentinis
1372 2465 1614 2520 habenti.
1655 2464 2050 2519 Divinationem

482 2570 514 2609 e
544 2554 796 2617 nubibus,
829 2554 1066 2622 antiquis
1089 2570 1155 2607 ne
1183 2556 1365 2609 auditu
1392 2555 1607 2624 quidem
1635 2566 1840 2619 notam,
1868 2571 2056 2625 quam-

483 2647 608 2701 dam
642 2648 922 2699 mulierem
963 2646 1260 2699 Anthusam
1299 2647 1631 2714 temporibus
1662 2644 1858 2700 Leonis
1890 2646 2057 2714 impe-

480 2739 683 2793 ratoris
710 2737 938 2792 Romani
991 2741 1156 2794 refert
1191 2740 1488 2794 invenisse.
1521 2737 1651 2804 Quae
1680 2739 1731 2792 in
1775 2737 1928 2807 [Egis
1966 2738 2058 2791 Ci-

481 2830 624 2884 liciis
661 2840 789 2883 nata
820 2828 1123 2896 dicebatur,
1158 2829 1419 2898 originem
1454 2830 1682 2899 primam
1717 2846 1746 2883 a
1780 2830 2058 2899 Cappado-

480 2922 637 2977 cibus
653 2921 1025 2976 habitantibus
1051 2922 1114 2975 ad
1135 2920 1428 2975 Comanum
1459 2931 1692 2974 montem
1716 2919 2055 2974 Orestiadum

482 3014 729 3077 trahens,
763 3012 1001 3068 referens
1023 3028 1189 3081 genus
1208 3029 1362 3067 suum
1393 3014 1457 3067 ad
1493 3013 1765 3082 Pelopem.
1802 3012 1924 3067 llaec
1951 3015 2057 3067 sol-

480 3103 629 3158 licita
674 3104 740 3159 de
772 3104 910 3170 viro,
943 3105 1027 3158 cui
1076 3105 1308 3157 militare
1344 3104 1557 3174 aliquod
1600 3121 1797 3159 munus
1830 3107 2054 3159 deman-

484 3196 691 3259 datum,
720 3198 920 3264 quique
960 3197 1024 3250 ad
1066 3196 1262 3250 bellum
1297 3193 1534 3249 Siculum
1568 3212 1688 3250 cum
1713 3195 1833 3250 aliis
1865 3198 2061 3251 missus

2163 2467 2262 2535 τὴν
2287 2463 2529 2536 κεφαλὴν
2555 2462 2749 2533 ἐχούσῃ
2772 2462 3057 2532 κατηρεφῆ
3079 2462 3127 2492 ’³
3148 2458 3510 2529 δρακοντείοις
3531 2456 3749 2507 πλοκά-

2162 2573 2303 2626 μοις.
2331 2555 2457 2607 Ὀτι
2480 2555 2580 2625 τὴν
2603 2556 2651 2587 9³
2682 2554 2770 2607 διὰ
2800 2553 2908 2606 τῶν
2939 2552 3121 2621 νεφῶν
3178 2549 3447 2620 μαντικὴν
3487 2546 3750 2614 οὐδαμῶς

2158 2649 2271 2710 τοῖς
2299 2646 2551 2710 παλαιοῖς
2578 2646 2687 2699 οὐδ’
2721 2647 2859 2714 ἀκοῇ
2906 2642 3255 2713 ἐγνωσμένην
3287 2638 3588 2693 Ἀνθουσάν
3623 2654 3749 2690 τινα

2159 2741 2393 2808 γυναῖκα
2461 2739 2702 2807 ἐξευρεῖν
2760 2739 2817 2790 ἐν
2865 2739 2989 2798 ταῖς
3061 2736 3297 2805 ἡμέραις
3351 2733 3575 2794 Λέοντος
3651 2729 3747 2782 τοῦ

2176 2830 2463 2901 Ῥωμαίων
2517 2830 2817 2899 βασιλέως’
2854 2826 2911 2893 ἐξ
2959 2826 3140 2894 Αἰγῶν
3206 2825 3264 2877 δὲ
3313 2825 3583 2893 κατήγετο
3637 2822 3748 2874 τῶν

2167 2921 2431 2975 Κιλικίων
2456 2924 2490 2993 ή
2510 2922 2666 2990 γυνὴ,
2699 2922 2758 2973 τὸ
2786 2920 2843 2972 δὲ
2865 2920 3127 2972 ἀνέκαθεν
3157 2918 3263 2973 ἀπὸ
3289 2917 3396 2970 τῶν
3426 2919 3483 2969 ἐν
3510 2918 3749 2969 Καππα-

2166 3013 2322 3083 δοκίᾳ
2357 3012 2810 3067 κατοικισθέντων
2837 3012 2929 3064 ἐπὶ
2957 3012 3047 3063 τὸν
3071 3012 3321 3081 Κομανδν
3351 3011 3413 3063 τὸ
3438 3010 3560 3080 ὄρος
3600 3012 3750 3080 Ὀρε-

2169 3105 2399 3157 στιαδῶν
2424 3121 2437 3135 ·
2488 3107 2584 3159 καὶ
2634 3104 2854 3171 ἀνάγειν
2892 3104 2953 3156 τὸ
2986 3105 3143 3171 γένος
3192 3104 3271 3165 είς
3312 3103 3549 3155 Πέλοπα.
3587 3101 3747 3165 Αὕτη

2168 3197 2533 3267 φροντίζουσα
2559 3197 2689 3266 περὶ
2726 3196 2948 3266 τάνδρὸς
2979 3195 3026 3229 ⁸⁸
3058 3193 3531 3265 ἐπιτετραμμένου
3572 3210 3743 3263 στρα-

483 3294 625 3353 erat,
668 3288 841 3341 oravit
884 3289 936 3341 in
984 3302 1197 3349 somno,
1250 3299 1307 3339 ut
1356 3285 1537 3341 futura
1593 3298 1963 3356 cognosceret,
2008 3298 2058 3342 et

2166 3286 2423 3357 τιωτικήν
2444 3305 2564 3339 τινα
2592 3287 2763 3357 ἀρχὴν
2795 3288 2891 3339 καὶ⁸
2923 3286 3015 3339 ἐπὶ
3047 3286 3139 3340 τὸν
3174 3285 3317 3340 κατὰ
3356 3287 3611 3340 Σικελίαν
3644 3287 3749 3338 ἀπ-

486 3379 662 3433 oravit
693 3380 757 3433 ad
780 3380 946 3433 solem
976 3382 1240 3433 orientem
1272 3394 1462 3445 versa;
1502 3386 1655 3447 pater
1697 3394 1825 3433 vero
1860 3378 1973 3446 ejus
2010 3380 2059 3432 in

485 3471 695 3527 somnis
740 3472 906 3542 jussit
960 3472 1104 3526 illam
1160 3472 1227 3526 ad
1277 3472 1445 3527 solem
1503 3472 1664 3525 etiam
1721 3472 2059 3525 occidentem

484 3577 666 3627 orare,
717 3572 771 3617 et
823 3562 911 3615 illa
966 3574 1179 3629 orante,
1232 3579 1326 3633 per
1359 3578 1613 3618 serenum
1662 3564 1840 3619 subito
1896 3566 2063 3619 nubes

483 3652 635 3708 circa
661 3653 828 3708 solem
864 3664 982 3708 orta
1028 3665 1133 3720 est,
1179 3667 1234 3708 et
1272 3656 1464 3710 deinde
1508 3664 1668 3711 aucta
1707 3656 1759 3709 in
1793 3656 2061 3711 hominem

485 3746 720 3801 formata
752 3755 876 3813 est;
912 3746 1015 3801 alia
1058 3762 1186 3802 vero
1230 3746 1400 3803 nubes
1442 3757 1587 3815 orta,
1616 3757 1671 3804 et
1714 3750 1769 3803 in
1801 3750 2061 3817 aequalem

488 3850 744 3892 crescens
785 3838 1234 3907 magnitudinem,
1283 3839 1335 3892 in
1377 3838 1585 3895 leonem
1634 3840 1808 3894 ferum
1856 3847 2062 3893 mutata

487 3937 595 3983 est.
625 3928 734 3985 Leo
756 3945 887 3984 vero
920 3931 1120 3998 ingenti
1153 3933 1299 3986 hiatu
1333 3932 1447 3987 oris
1492 3932 1634 3987 facto
1662 3932 1931 3986 hominem
1968 3933 2064 3986 de-

489 4017 669 4088 glutit.
704 4016 925 4087 Species
960 4018 1045 4072 illa
1078 4020 1316 4075 hominis
1348 4036 1379 4075 e
1413 4021 1552 4075 nube
1583 4021 1726 4075 facta
1760 4020 1937 4076 Gotlm
1962 4020 2065 4075 fuit

489 4107 713 4164 similis.
738 4108 877 4163 Nam
910 4120 1029 4178 post
1064 4111 1221 4179 paulo
1255 4110 1364 4167 Leo
1410 4127 1504 4166 rex
1533 4112 1725 4166 ducem
1765 4112 2064 4168 Gothorum

488 4202 772 4268 Asperem,
801 4210 855 4255 et
887 4201 1023 4255 filios
1053 4200 1426 4257 fraudulenter
1447 4202 1677 4256 necavit.
1700 4202 1780 4256 Ex
1810 4202 1900 4256 illo
1932 4212 2066 4257 tem-

490 4305 623 4362 pore
657 4292 709 4345 in
739 4292 880 4346 hunc
914 4306 1086 4361 usque
1130 4293 1272 4347 diem
1325 4294 1571 4347 Anthusa
1622 4292 1838 4348 assidue
1894 4295 2067 4349 medi-

493 4389 605 4433 tata
635 4389 737 4443 est,
772 4395 879 4448 qua
905 4381 1113 4435 ratione
1140 4395 1170 4435 e
1201 4381 1430 4435 nubibus
1461 4383 1752 4449 praedicere
1780 4382 2067 4438 divinando

490 4479 695 4537 posset.
747 4469 984 4541 IEgyptii
1045 4471 1235 4526 Sotbiu
1293 4470 1397 4526 lsiu
1442 4472 1554 4541 (12)
1606 4488 1724 4527 esse
1790 4483 2064 4536 asserunt,

491 4561 666 4617 Graeci
708 4562 847 4616 hanc
878 4562 945 4616 ad
993 4560 1193 4617 Sirium
1227 4563 1439 4617 stellam
1486 4564 1747 4630 referunt,
1780 4575 1833 4618 et
1862 4564 2064 4619 Sirium

2163 3380 2493 3450 εσταλμένου
2521 3381 2658 3449 μετὰ
2691 3381 2783 3433 καὶ
2840 3378 3016 3433 ἄλλων
3052 3379 3288 3448 πόλεμον
3310 3418 3326 3445 ,
3358 3377 3552 3442 εὔξατο
3610 3397 3749 3447 προ-

2164 3474 2297 3526 ϊδεῖν
2352 3472 2547 3542 ὀνείρῳ
2597 3472 2667 3525 τὰ
2720 3471 3132 3541 συμϐησόμενα,
3183 3470 3377 3536 εὐξατο
3423 3472 3469 3503 ³⁵
3506 3471 3561 3522 δέ
3614 3472 3749 3539 πρὸς

2162 3564 2312 3634 ἥλιον
2345 3562 2653 3633 ἀνίσχοντα.
2696 3563 2754 3614 '0
2791 3562 2844 3614 δὲ
2879 3561 3060 3631 πατὴρ
3093 3562 3227 3632 ὄναρ
3267 3562 3406 3631 αὐτῇ
3448 3561 3679 3622 ἐπιστὰς
3704 3561 3749 3592 ’⁸

2164 3653 2383 3707 ἐκέλευε
2418 3653 2511 3706 καὶ
2545 3652 2679 3722 πρὸς
2708 3652 2964 3721 δυόμενον
2996 3650 3277 3717 εὔξασθαι.
3314 3652 3422 3703 Καὶ
3445 3651 3748 3720 εὐχομένης

2164 3747 2223 3809 ἐξ
2251 3746 2466 3817 αἰθρίας
2490 3745 2634 3807 τινὸς
2661 3744 2820 3812 νέφος
2845 3744 3107 3813 συστῆναι
3138 3746 3264 3814 περὶ
3286 3744 3376 3796 τὸν
3403 3744 3577 3812 ἥλιον,
3606 3745 3749 3795 ἐκεῖ-

2166 3838 2256 3891 θεν
2289 3837 2331 3889 δ’
2370 3835 2673 3905 αὐξηθῆναι
2703 3836 2798 3888 καὶ
2832 3836 2911 3897 είς
2952 3835 3241 3905 ἄνθρωπον
3288 3834 3746 3902 διατυπωθῆναι·

2166 3928 2355 3998 ἕτερον
2385 3928 2429 3981 δ’
2456 3926 2623 3981 αὐτοῦ
2654 3928 2812 3995 νέφος
2845 3927 3197 3981 ἀποσπασθὲν
3226 3928 3269 3959 ³⁷
3302 3927 3547 3980 ἐπεδίδου
3578 3942 3634 3978 τε
3667 3929 3747 3990 εἰς

2172 4017 2402 4087 μέγεθος
2433 4019 2566 4081 ἴσον,
2610 4017 2705 4069 καὶ
2738 4018 2817 4080 εἰς
2850 4016 3041 4069 λέοντα
3078 4015 3532 4085 διεσχηματίζετο
3568 4017 3614 4047 9⁸
3653 4015 3747 4084 θη·

2172 4111 2286 4179 ρίον
2314 4127 2326 4140 ·
2360 4110 2388 4161 ὁ
2420 4090 2477 4160 δέ
2526 4107 2802 4177 ἡγρίαινε,
2836 4106 2929 4159 καὶ
2972 4106 3114 4176 μέγα
3161 4107 3347 4175 χάσμα
3380 4105 3747 4175 πεποιημένος

2171 4204 2199 4254 ὁ
2232 4203 2369 4254 λέων
2422 4199 2713 4253 καταπίνει
2757 4198 2847 4252 τὸν
2901 4198 3217 4269 ἄνθρωπον·
3250 4198 3433 4267 Γότθῳ
3490 4197 3647 4267 ἐῴκει
3690 4198 3748 4248 τὸ

2169 4291 2511 4361 ἀνθρώπειον
2552 4289 2648 4342 καὶ
2681 4287 3035 4356 νεφοποίητον
3062 4286 3299 4340 εἴδωλον.
3359 4284 3485 4338 Ἐπὶ
3532 4285 3588 4337 δὲ
3636 4286 3747 4346 τοῖς

2173 4384 2455 4453 φάσμασιν
2485 4381 2691 4448 ὀλίγον’
2721 4379 2911 4431 ἔπειτα
2965 4377 3055 4429 τὸν
3100 4378 3343 4447 ἡγεμόνα
3389 4378 3500 4431 τῶν
3539 4377 3748 4430 Γότθων

2175 4476 2426 4545 ’Λσπερα
2450 4475 2495 4507 ⁹⁹
2541 4473 2796 4542 βασιλεὺς
2833 4473 2987 4526 Λέων
3034 4472 3420 4541 ἐδολοφόνησεν
3463 4471 3619 4524 αὐτὸν
3654 4469 3748 4521 καὶ

2171 4564 2383 4628 παῖδας.
2410 4563 2571 4635 [1044
2594 4562 2683 4634 R.]
2702 4563 2790 4627 Ἐξ
2815 4564 3020 4615 ἐκείνου
3035 4559 3125 4615 οὖν
3147 4563 3241 4615 τοῦ
3265 4563 3460 4633 χρόνου
3486 4562 3749 4630 διέμεινεν

492 4661 749 4721 tauquam
796 4667 986 4707 canem
1047 4653 1266 4709 Orionis
1320 4658 1598 4711 venatoris
1652 4656 1905 4711 comitem
1946 4656 2058 4723 pini

2177 4658 2212 4725 ἡ
2247 4655 2518 4706 Ἀνθουσα
2547 4652 2674 4721 ἄχρι
2701 4653 2857 4723 δεῦρο
2887 4652 2974 4704 ἀεὶ
2999 4652 3395 4721 ἐπιτηδεύουσα
3430 4652 3522 4703 τὸν
3549 4652 3748 4720 τρόπον

490 4754 668 4811 gnnt:
727 4745 857 4812 quin
915 4746 1093 4815 potius
1146 4746 1200 4799 in
1237 4746 1375 4801 cmlo
1424 4748 1693 4817 depictum
1752 4736 2066 4803 ostendunt.

2173 4746 2276 4815 τῆς
2307 4745 2393 4796 διὰ
2414 4744 2521 4796 τῶν
2563 4742 2736 4809 νεφῶν
2779 4743 3047 4812 μαντικῆς
3095 4742 3480 4811 προγνώσεως.
3504 4744 3619 4794 ὐτι
3648 4743 3748 4807 τὴν

490 4834 689 4907 341α
708 4835 884 4904 Aliqui
929 4852 1026 4906 per
1072 4838 1461 4906 impudentiam
1499 4848 1705 4894 statuas
1728 4840 2058 4911 l'regeruntel

2175 4836 2348 4890 Σῶθιν
2390 4837 2682 4904 Αἰγύπτιοι
2720 4835 2819 4905 τὴν
2857 4830 2999 4887 Ἶσιν
3038 4830 3175 4887 εἶναι
3208 4834 3569 4903 θεολογοῦσιν,
3606 4835 3655 4885 oi
3691 4834 3747 4885 δὲ

491 4926 869 4991 perdiderunt,
894 4936 947 4978 et
967 4941 1122 4981 sacro
1145 4927 1347 4981 auxilio
1371 4928 1612 4983 destituti
1646 4931 1814 4992 cives,
1835 4930 2068 4985 humana

491 5028 658 5082 opera
696 5023 752 5068 et
798 5025 917 5071 arte
946 5026 1159 5086 portum
1189 5020 1277 5072 vix
1308 5020 1411 5073 sibi
1450 5030 1664 5074 servant
1706 5018 1967 5090 ngyptii.
2005 5021 2068 5075 Hi

491 5104 977 5173 persequebantur,
1026 5108 1229 5173 uxoris,
1270 5108 1513 5178 inquam,
1568 5110 1821 5173 ministri,
1881 5126 2068 5164 canem

494 5209 563 5249 ex
605 5194 789 5251 Africa
832 5196 1125 5268 fugientem
1167 5201 1490 5256 struthionis
1542 5201 1885 5269 diripieutem
1947 5216 2072 5256 car-

2176 4927 2438 4994 Ἕλληνες
2471 4928 2549 4990 είς
2577 4927 2669 4979 τὸν
2701 4927 2913 4996 Σείριον
2953 4927 3218 4993 ἀνάγουσι
3260 4926 3420 4979 τοῦτο
3448 4926 3508 4977 τὸ
3533 4926 3745 4995 ἄστρον,

2177 5021 2272 5074 καὶ
2304 5020 2378 5083 ὡς
2415 5020 2553 5073 κύνα
2585 5020 2676 5073 τὸν
2715 5020 2942 5089 Σείριον,
2978 5020 3176 5073 ὀπαδὸν
3213 5020 3306 5073 τοῦ
3342 5021 3587 5090 Ὠρίωνος
3614 5020 3747 5070 ὄντα

2182 5113 2639 5183 κυνηγετοῦντος,
2695 5111 2837 5165 οὐτω
2895 5113 3378 5182 διαζωγραφοῦσι,
3437 5114 3625 5182 μᾶλλον
3690 5111 3747 5163 δὲ

2184 5203 2626 5273 ἐντετυπωμένον
2700 5203 2777 5273 τῷ
2813 5203 3029 5274 οὐρανῷ
3066 5204 3389 5258 δεικνύουσι.
3446 5204 3596 5267 Τινὲς
3640 5202 3700 5255 δὲ
3726 5203 3743 5233 ¹

1770 5351 2006 5406 VARLE
2047 5352 2451 5409 LECTIUNES.

650 5462 1094 5557 Bufxepgvo'ywv
1255 5471 1316 5557 ⁸⁵η
1350 5470 1673 5557 Βραχμᾶξξς
1710 5474 1825 5557 ⁷Βιι
1882 5476 2203 5557 Βραχμάναι
2247 5474 2429 5557 Ξ.“⁸⁶
2494 5476 2601 5557 πρῖν
2655 5490 2765 5557 om.
3029 5474 3274 5557 θυραῖον]
3334 5476 3557 5557 θεωρεῖν
3607 5474 3645 5525 Β
3693 5484 3749 5557 e-t

499 5536 767 5605 corr.‘A.
842 5535 889 5566 ⁸⁸
937 5536 1086 5605 ὄρεσι
1124 5538 1161 5588 Β

1214 5553 1245 5615 :_
1293 5540 1408 5615 ὄρει
1459 5539 1515 5604 cf.
1584 5544 1634 5615 7'"
1672 5539 1737 5615 αὐ
1768 5547 1807 5597 Α
1858 5562 1868 5596 :
1904 5539 2079 5598 αὐτῶν
2111 5564 2169 5610 ς.
2247 5546 2292 5577 ⁰⁰
2324 5546 2679 5615 Βραχμάνους
2708 5546 2763 5599 Β.
2836 5545 2881 5575 ⁹¹
2922 5546 3040 5597 libri
3071 5539 3311 5614 ἔχοντας.

3405 5549 3449 5584 ⁸³
3478 5548 3744 5615 κατερεφῇ

501 5617 564 5663 ς.
718 5603 815 5686 τῂν
846 5603 1070 5686 οιίάζρ.
1133 5603 1412 5686 ,θξιάνδρὸς
1579 5614 1625 5646 9⁵
1654 5613 1850 5683 ηὔξατο
1878 5635 1938 5681 ς.
2014 5617 2059 5647 9⁸
2089 5603 2313 5679 ἐπιστὰς
2335 5603 2543 5670 αἱΙιΙίἏ.
2619 5603 3039 5668 θίὺποσπασθὲν
3064 5603 3132 5679 ςῖ
3202 5616 3247 5648 ⁸⁸
3272 5603 3444 5685 διεσχ.
3472 5616 3531 5669 τὸ
3560 5603 3748 5686 θηρίον

502 5686 560 5735 ς.
637 5672 682 5707 ’9
718 5674 977 5744 Ἀσπαρα
994 5673 1054 5727 Β.
1132 5678 1149 5708 ⁸
1174 5677 1229 5730 δὲ
1248 5672 1353 5734 oni.
1386 5683 1452 5736 A.

1760 5832 1764 5838 λ
2015 5781 2244 5839 NOTAE.

1760 5832 1764 5838 λ
2015 5782 2055 5835 Ν
2108 5782 2149 5837 Τ
2231 5825 2244 5839 .

574 5861 683 5931 (l2)
727 5862 827 5919 Isis
868 5863 984 5921 dea.
1027 5863 1317 5936 Canicula,
1368 5868 1643 5928 Plutarch.
1688 5873 1773 5927 lib.
1816 5874 1889 5930 De
1927 5782 2413 5933 lsideoctjgsiride.
2450 5876 2753 5949 llorapollo,
2787 5879 2879 5935 lib.
2915 5894 2955 5946 ι,
2997 5876 3342 5949 llieroglyph.
3370 5893 3489 5949 cap.
3526 5878 3577 5934 5.
