4050 6410
270 449 410 514 1269
1335 455 1863 516 BlBLIOTIIECA.
1904 483 1971 492 -
2010 458 2173 518 COD.
2193 458 2465 533 ,CCXLII
2475 507 2487 519 .
3412 452 3540 516 12Ἵο

260 562 455 616 ἔλαθον
480 562 539 616 τὸ
572 563 786 635 ίέρωμα
814 563 1146 629 κατάξαντες
1177 565 1269 618 καὶ
1291 565 1723 639 διαφθείραντες,
1751 568 1848 620 καὶ

1958 583 2047 624 nes
2087 588 2101 625 :
2139 569 2468 625 fodientibus
2514 582 2641 623 vero
2675 577 2922 638 apparet,
2955 567 3334 636 prominetqne
3402 565 3542 617 anti-

255 655 631 726 ἀπορούμενοι
663 655 982 726 τελεστικῆς
1025 656 1278 729 βοηθείας
1323 662 1372 712 oi
1421 659 1706 732 ἐπιχώριοι
1750 662 1846 713 ἁν-

1958 663 2204 732 quissimi
2235 663 2418 733 templi
2454 661 2826 732 pinnaculum.

257 750 508 822 θρωπίνη
535 749 740 820 σπουδῇ
768 751 862 803 καὶ
892 753 1057 823 τέχνῃ
1089 750 1181 805 τὸν
1213 752 1409 823 λιμένα
1441 753 1594 824 μόλις
1627 757 1841 819 ἑαυτοῖς
1879 755 2279 827 περισῶζουσιν
2322 757 2371 809 οἱ
2412 755 2723 824 Αἰγύπτιοι.
2777 754 2839 806 0i
2909 752 2966 806 δὲ
3023 733 3266 811 ἐδίωκον,
3319 752 3367 803 οἱ
3439 755 3542 824 τῆς

255 843 520 908 γυναικὸς
550 832 901 920 θεράποντες,
941 842 1032 896 τὸν
1061 843 1200 897 κύνα
1232 843 1528 913 φεύγοντα,
1588 845 1689 914 τῆς
1756 845 2003 920 Λιϐυκῆς
2044 847 2307 920 στρουθοῦ
2381 847 2450 901 τὰ
2501 846 2636 918 κρέα
2694 845 3040 916 ἁρπάσαντα.
3081 842 3448 914 Ὀρυττόντων
3479 847 3536 900 δὲ

256 935 564 989 άνακύπτει
599 935 693 988 κα)⁵
727 935 1044 1004 ὲκφαίνεται
1090 936 1424 992 παλαιτάτου
1462 938 1566 992 νεὼ
1597 940 1848 1011 ἀέτωμα.

328 1031 456 1084 Ὀτι
488 1031 516 1083 ὁ
551 1030 848 1101 Ἑρμείας¹
886 1034 1043 1100 γένος
1074 1031 1174 1102 μὲν
1201 1027 1268 1102 ἦν
1304 1031 1710 1104 Ἀλεξανδρεὺς,
1737 1053 1845 1088 πα-

199 1130 209 1147 '
255 1123 363 1192 τὴρ
393 1122 438 1175 δ’
455 1124 770 1193 Ἀμμωνίου
799 1123 894 1176 καὶ
927 1121 1276 1193 Ἡλιοδώρου.
1309 1118 1478 1188 Οὗτος
1507 1128 1759 1197 ἐπιεικὴς
1779 1123 1848 1198 ἦν

257 1215 360 1284 τὴν
388 1213 549 1284 φύσιν
578 1215 669 1267 καὶ
697 1213 899 1276 ἁπλοῦς
931 1213 992 1267 τὺ
1021 1210 1176 1285 ἦθος,
1199 1217 1508 1287 ἠκροάσατο
1535 1218 1591 1271 δὲ
1620 1219 1716 1271 καὶ
1741 1220 1848 1272 Συ-

190 1295 198 1300 ’
260 1304 454 1376 ριανοῦ
502 1305 600 1359 σὺν
628 1305 874 1378 Πρόκλῳ.
905 1307 1199 1378 Φιλοπονίᾳ
1231 1307 1329 1376 μὲν
1353 1302 1508 1373 οὗτος
1537 1309 1754 1374 οὐδενὸς
1779 1305 1848 1382 ἧν

257 1397 551 1469 δεύτερος,·
585 1399 839 1467 ἀγχίνους
888 1397 946 1451 δὲ
983 1397 1133 1451 οῦτι⁸
1161 1398 1367 1469 σφόδρα
1407 1395 1495 1471 ἦν,
1521 1401 1641 1455 οὐδὲ
1673 1401 1847 1470 λόγων

258 1490 495 1560 εὑρετὴς
546 1489 975 1554 ἀποδεικτικῶν,
1021 1491 1141 1544 οὐδὲ
1175 1494 1422 1560 γενναῖος
1457 1493 1566 1562 ἄρα
1612 1491 1854 1564 ζητητὴς

258 1581 557 1652 ἀληθείαςο
607 1582 803 1635 οὔκουν
855 1583 964 1637 οὐδ’
999 1578 1108 1647 οἷός
1159 1602 1218 1637 τε
1265 1585 1506 1653 ἐγεγόνει
1535 1585 1676 1656 πρὸς
1715 1589 1852 1639 ἀπο-

261 1673 496 1743 ροῦντας
516 1674 655 1728 κατά
677 1675 736 1728 τὸ
761 1677 1029 1746 καρτερὸν
1051 1676 1730 1744 ἀνταγωνίζεσθαι,καίτοι
1747 1679 1772 1730 ὲ
1781 1696 1850 1748 μ-

259 1763 471 1834 έμνητο
486 1767 562 1829 ὡς
590 1769 763 1819 εἰπεῖν
795 1768 1012 1822 πάντων
1039 1762 1115 1822 ὧν
1146 1785 1205 1820 τε
1219 1768 1448 1839 ἀκηκόει
1475 1768 1570 1822 τοῦ
1599 1767 1728 1841 [555
1755 1769 1846 1842 H.]

256 1859 586 1915 διδασκάλου
634 1861 999 1933 ἐξηγουμένου
1059 1868 1154 1917 καὶ
1215 1862 1324 1916 τῶν
1355 1867 1412 1918 ὲν
1470 1863 1696 1935 βιϐλίοις
1718 1867 1850 1919 ἀνα-

2025 1032 2273 1088 Hermias
2295 1031 2515 1084 natione
2541 1027 2969 1092 Alexandrinus,
3005 1037 3156 1097 pater
3184 1029 3457 1082 Ammonii
3486 1040 3541 1084 ct

1952 1125 2249 1182 Heliodori.
2285 1123 2383 1179 Hic
2409 1121 2510 1189 fuit
2542 1130 2735 1175 natura
2768 1120 2946 1175 bonus
2967 1129 3021 1174 et
3047 1119 3297 1188 simplex,
3326 1123 3541 1181 auditur

1953 1217 2166 1290 Syriani
2200 1216 2312 1288 (15)
2352 1231 2474 1270 cum
2505 1213 2721 1268 Proclo.
2755 1211 2983 1266 Laboris
3023 1213 3203 1267 studio
3239 1212 3366 1265 nulli
3403 1212 3543 1267 inl‘e-

1951 1312 2102 1365 rior:
2143 1308 2315 1363 solers
2351 1315 2531 1360 tamen
2556 1319 2662 1360 non
2693 1303 2981 1357 admodum
3008 1301 3129 1367 fuit,
3166 1318 3266 1358 nec
3291 1303 3444 1357 ﬁrma
3474 1304 3538 1357 ad

1955 1417 2066 1457 rem
2092 1408 2413 1469 argumenta
2439 1398 2681 1451 invenire
2702 1406 2936 1464 poterat,
2975 1411 3151 1465 neque
3181 1411 3409 1466 magnus
3441 1411 3538 1450 ve-

1951 1491 2128 1548 ritatis
2158 1491 2532 1560 investigator.
2570 1488 2750 1555 Quare
2781 1503 2885 1542 non
2920 1497 3133 1557 poterat
3162 1499 3352 1543 contra
3383 1487 3542 1543 dubi-
3594 1509 3597 1512 ·

1953 1591 2128 1638 tantes
2150 1579 2367 1636 fortiter
2401 1580 2684 1644 dimicare,
2719 1579 2968 1647 quamvis
3004 1594 3067 1634 ea
3098 1580 3359 1634 memoria
3391 1580 3544 1634 vale-

1952 1681 2054 1738 ret,
2087 1685 2145 1731 ut
2185 1675 2443 1730 recitaret
2493 1687 2829 1743 qumcunque
2872 1688 2901 1725 a
2942 1684 3271 1742 pravccptore
3313 1673 3544 1727 docente

1949 1769 2283 1832 audivisset,
2339 1782 2566 1837 qumque
2615 1766 2834 1835 scriptis
2896 1767 3147 1820 mandata
3181 1775 3383 1821 essent.
3434 1767 3541 1822 Sed

1955 1862 2153 1915 mentis
2200 1861 2451 1916 celeritas
2499 1874 2621 1914 cum
2651 1857 2897 1914 discendi
2933 1859 3113 1913 studio
3151 1875 3254 1913 non
3300 1859 3536 1930 vigebat.

256 1955 688 2024 γεγραμμένων.
708 1931 868 2008 Ἃλλά
897 1955 958 2007 τὸ
994 1954 1348 2026 αὐτοκίνητον
1371 1955 1433 2008 οὐ
1463 1931 1758 2028 προσήνθει
1779 1961 1845 2028 τῇ

1960 1952 2160 2007 Virtuti
2208 1954 2479 2022 egregiam
2533 1966 2754 2020 Operam
2811 1951 3048 2016 navavit,
3109 1961 3167 2005 ut
3212 1951 3345 2005 nihil
3388 1951 3440 2006 in
3474 1967 3541 2006 eo

257 2045 576 2116 πολυμαθία
594 2046 636 2099 ⁸.
675 2046 756 2099 Τά
803 2045 860 2099 δὲ
905 2045 1039 2116 πρὸς
1092 2048 1292 2118 ἀρετὴν
1336 2044 1395 2102 εὖ
1445 2047 1675 2119 ἤσκητο,
1706 2049 1848 2103 ὥστε

259 2137 390 2207 μηδ’
419 2135 485 2190 ἂν
517 2137 609 2192 τὸν
651 2137 841 2209 μῶμον
884 2138 1050 2193 αὐτὸν
1081 2139 1543 2212 ὲπιμωμήσασθαι
1581 2142 1715 2211 μηδὲ
1761 2160 1850 2214 μι-

257 2232 427 2300 σῆσαι
475 2229 568 2283 τὸν
618 2229 833 2298 φθόνον.
882 2223 1051 2295 Οὗτος
1104 2231 1314 2284 ίδιώτου
1363 2233 1492 2286 ποτὲ
1542 2234 1850 2300 πωλοῦντος

257 2322 411 2392 αὐτῷ
437 2322 664 2393 βιϐλίον,
697 2323 789 2377 καὶ⁸
818 2323 1038 2377 ἔλαττον
1067 2325 1213 2395 ἤπερ
1253 2319 1322 2394 ἦν
1369 2324 1518 2389 ἄξιον
1544 2327 1847 2394 αἰτοῦντος,

257 2413 631 2484 ὲπηνώρθωσέ
675 2433 734 2468 τε
779 2417 878 2486 τὴν
922 2415 1130 2485 πλάνην
1174 2416 1268 2469 καὶ
1302 2416 1547 2480 πλείονος
1579 2418 1849 2490 ὠνήσατο.

257 2506 373 2560 Καὶ
404 2509 502 2577 οὐχ
538 2506 684 2571 ἅπαξ
717 2507 812 2577 τὴν
842 2507 1189 2577 δικαιοσύνην
1226 2509 1428 2579 ταύτην
1453 2551 1467 2576 ,
1495 2504 1562 2582 ἧς
1601 2515 1712 2576 τοῖς
1756 2515 1852 2568 ἀλ-

259 2597 373 2661 λοις
395 2598 518 2650 ούδέ
549 2615 632 2662 τις
659 2593 764 2670 ἦν’⁵
797 2598 1121 2670 ἐπιστροφὴ,
1145 2599 1281 2652 ἀλλά
1308 2600 1569 2666 πολλάκις
1593 2603 1634 2668 ⁸,
1662 2605 1852 2668 ὁσάκις

263 2689 580 2744 συνέϐαινεν
614 2692 832 2759 ἀγνοεῖν
877 2690 967 2744 τὸν
1013 2691 1398 2762 πιπράσκοντα
1425 2693 1487 2746 τὸ
1513 2694 1724 2748 δίκαιον
1766 2697 1850 2750 τί-

265 2797 453 2850 μημα,
488 2780 856 2842 ἐπεδείκνυτο,
886 2781 948 2832 οὐ
981 2781 1119 2832 κατά
1144 2781 1270 2844 τοὺς
1298 2780 1493 2846 ἄλλους
1533 2784 1764 2852 ἀγαπῶν
1793 2787 1853 2840 τὸ

258 2870 513 2943 ἕρμαιον,
537 2873 657 2926 οὐδὲ
682 2872 914 2943 οἰηθεῖς’
935 2872 1043 2942 ἀρα
1062 2873 1227 2942 μηδὲν
1251 2873 1478 2940 ἀδικεῖν,
1498 2880 1545 2928 εἰ
1560 2875 1701 2930 ἑκὼν
1715 2896 1825 2948 παρ
1842 2881 1854 2898 ‘

262 2964 482 3026 ἑκόντος
523 2964 702 3018 ὁτιοῦν
741 2967 1018 3035 ἐωνήσατο
1044 2981 1056 2996 ·
1093 2968 1186 3019 καὶ
1215 2966 1322 3037 γάρ
1360 2966 1584 3038 ἕνεδράν
1619 2987 1740 3023 τινα
1773 2966 1854 3023 εἶ-

262 3055 394 3110 ναιθ
428 3055 505 3126 τῷ
537 3057 824 3128 πράγματι
851 3060 946 3112 καὶ
977 3058 1218 3129 ἀπάτην,
1249 3060 1311 3112 οὐ
1341 3059 1604 3129 λέγουσαν
1635 3063 1695 3114 τὸ
1721 3062 1854 3133 ψεῦ-

262 3146 380 3210 δος,
412 3146 551 3202 ἀλλά
582 3149 874 3203 σιωπῶσαν
902 3150 1000 3221 τὴν
1027 3150 1305 3220 ἀλήθειαν,
1339 3153 1662 3221 καὶζάδικίαν
1689 3151 1855 3209 οὖσαν

1955 2048 2163 2103 Momus
2191 2045 2307 2115 ipse
2334 2043 2752 2114 reprehendere,
2797 2058 2897 2097 nec
2937 2043 3076 2099 livor
3114 2044 3296 2099 odisse
3334 2055 3536 2114 posset.

1951 2144 2084 2199 Cum
2117 2141 2398 2212 imperitus
2426 2140 2473 2194 ei
2503 2140 2697 2194 librum
2722 2140 2997 2206 venderet,
3022 2149 3073 2193 et
3101 2139 3335 2209 pretium
3363 2140 3541 2194 minus

1953 2251 2113 2305 quant
2146 2234 2351 2290 valeret
2406 2234 2668 2304 exigeret,
2703 2233 2940 2287 hominis
2990 2247 3233 2287 errorem
3277 2233 3544 2294 correxit,

1953 2339 2007 2384 et
2035 2328 2206 2399 pluris
2255 2327 2405 2382 emit.
2468 2325 2576 2382 Nec
2627 2327 2797 2381 semel
2856 2325 3000 2379 hanc
3041 2324 3330 2393 justitiam,
3385 2323 3541 2394 cujus

1956 2419 2154 2473 nullam
2198 2419 2287 2472 alii
2334 2418 2596 2472 rationem
2648 2417 2869 2481 habent,
2896 2431 3082 2470 verum
3111 2417 3274 2468 etiam
3309 2413 3532 2482 saepius,

1955 2511 2164 2580 quoties
2189 2510 2523 2564 venditorem
2568 2509 2810 2562 debitmn
2849 2509 3084 2576 pretium
3115 2508 3367 2576 ignorare
3404 2521 3538 2559 con-

1956 2598 2186 2671 tigisset,
2218 2602 2456 2655 ostendit
2493 2618 2506 2654 :
2539 2615 2645 2654 non
2676 2600 2903 2655 aliorum
2944 2615 3096 2654 more
3126 2599 3350 2652 fortuito
3389 2597 3541 2652 lucro

1954 2695 2186 2761 deditus,
2223 2704 2373 2747 ratus
2402 2695 2639 2760 aliquam
2665 2707 2724 2748 se
2757 2693 3008 2762 injuriam
3040 2691 3334 2756 facturum,
3364 2690 3412 2747 si
3442 2705 3538 2743 vo-

1955 2789 2070 2843 lens
2099 2803 2128 2860 a
2161 2787 2372 2841 volente
2411 2787 2574 2840 etiam
2607 2786 2800 2857 quovis
2833 2787 2993 2839 modo
3023 2795 3250 2839 emeret.
3282 2782 3414 2836 Nam
3447 2783 3542 2835 do-

1955 2883 2064 2934 lmn
2106 2880 2394 2950 quemdam
2425 2894 2547 2935 esse
2594 2879 2647 2933 in
2695 2889 2977 2932 contractu
3032 2888 3086 2931 et
3127 2877 3395 2942 fraudem,
3432 2892 3538 2930 non

1955 2974 2200 3028 indicare
2227 2987 2496 3038 errorem,
2541 2970 2635 3025 sed
2665 2971 2949 3025 veritatem
2981 2969 3284 3032 occultare,
3330 2979 3385 3022 et
3417 2985 3539 3022 cum

1957 3065 2032 3119 sit
2066 3051 2277 3133 iniuria.
2307 3080 2411 3119 non
2445 3063 2679 3118 violenta
2724 3065 2818 3118 sed
2860 3060 3103 3126 fortuita,
3142 3062 3428 3130 plerosque
3459 3060 3544 3112 la-

1958 3167 2096 3222 tere,
2126 3173 2224 3212 nec
2250 3159 2418 3211 furari
2457 3157 2682 3226 aliquid,
2719 3157 2890 3210 instar
2921 3154 3212 3210 latronum.
3243 3168 3364 3207 cum
3398 3151 3548 3220 peri-

263 3240 550 3295 λανθάνειν
580 3241 706 3304 τοὺς
735 3241 981 3309 πολλοὺς,
1006 3245 1066 3297 οὐ
1092 3247 1286 3316 βίαιον,
1313 3247 1792 3318 ἀλλάκλοπιμαίαν
1810 3251 1853 3317 ⁸,

273 3330 698 3349 ,ηηηινιο
777 3332 792 3349 ι
1039 3334 1055 3349 ς
1207 3337 1337 3349 --.
1531 3336 1587 3349 ..

1963 3250 2104 3314 culo,
2145 3251 2238 3305 sed
2295 3265 2324 3302 a
2375 3249 2492 3317 lege
2537 3247 2756 3317 quidem
2798 3246 3027 3308 absolvi,
3059 3245 3326 3314 justitiam
3361 3253 3540 3297 autem

266 3330 374 3383 οὐδ’
400 3331 443 3361 ¹⁰
487 3331 826 3384 ἐπικίνδυνόν
872 3349 994 3387 τινα
1039 3334 1233 3406 λῃστοῦ
1289 3337 1444 3406 δίκην
1495 3336 1853 3402 κλέπτουσαν,

1960 3355 2327 3410 corrumpere.
2391 3339 2592 3392 Habuit
2652 3337 2878 3391 fratrem
2938 3335 3264 3405 Gregorium
3316 3335 3542 3389 omnino

266 3421 384 3474 ἀλλ’
405 3421 511 3474 ὑπὸ
544 3423 642 3492 μὲν
673 3423 764 3475 τοῦ
791 3425 958 3494 νόμου
995 3426 1320 3498 ἀφειμένην,
1341 3428 1402 3480 τὸ
1424 3427 1479 3480 δὲ
1501 3427 1703 3481 δίκαιον
1729 3429 1858 3482 ἀνα-

266 3513 596 3585 τρέπουσαν.
662 3514 787 3568 Ὅτι
836 3519 863 3569 ὀ
901 3517 941 3548 ¹¹
995 3517 1221 3588 ἀδελφὸς
1267 3519 1525 3590 Ἑρμείου
1557 3521 1858 3591 Γρηγόριος

268 3605 416 3660 ἆπαν
441 3601 513 3677 ἦν
545 3608 877 3671 τούναντίον,
909 3610 1166 3678 ὀξύτατος
1201 3612 1298 3682 μὲν
1321 3613 1398 3676 εἰς
1431 3612 1735 3683 ὑπερϐολὴν
1764 3612 1861 3665 καὶ

269 3698 557 3768 εὐκίνητος
590 3700 682 3752 ἐπὶ
702 3700 744 3730 ¹²
778 3701 876 3763 τὰς
907 3701 1163 3771 ζητήσεις
1195 3703 1412 3766 καὶτὰς
1441 3703 1735 3774 μαθήσεις,
1767 3703 1863 3757 άλ-

268 3789 380 3854 λως
398 3791 456 3845 δὲ
475 3793 574 3862 οὐχ
603 3793 824 3864 ἡσύχιος
848 3795 969 3848 οὐδὲ
1000 3798 1244 3868 γαλήνην
1270 3800 1328 3852 ὲν
1357 3801 1468 3862 τοῖς
1492 3800 1650 3870 ἡθεσι
1678 3800 1861 3870 φέρων

269 3881 412 3946 τινὰ,
442 3882 581 3936 ἀλλά
605 3901 654 3936 τι
682 3886 773 3938 καὶ
796 3890 1256 3960 παρακεκινηκὼς
1274 3892 1320 3922 ¹³
1336 3908 1348 3923 ο
1375 3890 1602 3962 ὕστερον
1621 3892 1664 3921 ¹⁴
1689 3890 1743 3942 δὲ
1768 3890 1862 3943 καὶ

270 3975 336 4044 τῇ
366 3974 507 4045 νόσῳ
530 3976 673 4030 ἑάλω
695 3979 786 4030 ἐπὶ
815 3979 996 4044 πλέον,
1020 3981 1159 4034 ὥστε
1181 3981 1518 4054 δύσχρηστον
1547 3981 1713 4035 αὐτοῦ
1750 3982 1860 4044 τοῖς

270 4067 556 4138 λογισμοῖς
577 4069 672 4122 καὶ
695 4070 828 4123 πολὺ
853 4072 1226 4141 παραλλάττον
1247 4074 1501 4141 γενέσθαι
1523 4074 1582 4126 τὸ
1603 4074 1855 4144 ὄργανον.

274 4159 396 4214 Ὅτι
441 4159 518 4230 τῷ
551 4161 778 4233 Ἑρμείᾳ
822 4164 887 4216 ἐκ
931 4165 1030 4234 τῆς
1061 4165 1311 4228 Αἰδεσίας
1346 4165 1718 4237 πρεσϐύτερον
1752 4166 1862 4218 τῶν

273 4251 584 4321 φιλοσόφων
619 4251 781 4306 υίέων
811 4253 1051 4307 τίκτεται
1085 4253 1320 4319 παιδίον,
1354 4255 1448 4308 καὶ
1475 4257 1508 4326 ἡ
1539 4255 1757 4308 Λίδεσία
1785 4255 1863 4326 τῷ

272 4345 381 4396 υἱεῖ
411 4343 550 4397 ἑπτὰ
575 4344 752 4414 μῆνας
781 4346 890 4400 ἀπὸ
919 4347 1187 4412 γενέσεως
1217 4347 1405 4415 ἄγοντι
1436 4347 1773 4418 προσέπαιζέ
1803 4366 1860 4402 τε

269 4428 360 4487 οἷα
387 4436 556 4499 εἰκὸς,
588 4437 680 4489 καὶ
709 4435 894 4506 βάϐιον
931 4439 1024 4490 καὶ
1055 4439 1266 4493 παιδίον
1291 4440 1542 4494 ἀνεκάλει
1566 4441 1630 4506 ¹¹⁸,
1663 4442 1867 4494 ὑποκο-ο

272 4527 500 4597 ρίζουσα
528 4526 628 4599 τὴν
657 4529 862 4599 φωνήν.
885 4529 940 4582 '0
983 4529 1040 4583 δὲ
1089 4531 1328 4595 ἀκούσας
1376 4532 1725 4602 ἠγανάκτησε
1771 4533 1864 4586 καὶ

1960 3437 2304 3501 dissimilem,
2352 3435 2476 3506 plus
2522 3435 2689 3488 nimio
2731 3444 2976 3498 acutum,
3007 3443 3061 3486 et
3106 3433 3172 3486 ad
3217 3432 3546 3502 quaestiones

1960 3541 2015 3585 et
2061 3529 2380 3599 disciplinas
2425 3527 2776 3598 expeditum;
2836 3525 3169 3592 caateroquin
3217 3525 3543 3595 inquietum,

1962 3637 2062 3677 nec
2090 3620 2316 3692 placidis
2359 3619 2621 3683 morilms,
2668 3617 2761 3672 sed
2796 3615 3038 3671 nonnihil
3089 3624 3282 3670 emotae
3329 3616 3544 3670 mentis.

1962 3715 2088 3770 Post
2112 3723 2293 3768 autem
2326 3712 2520 3767 crebro
2556 3712 2746 3765 morbo
2777 3719 3061 3780 correptus
3089 3719 3193 3769 est,
3226 3718 3284 3762 ut
3320 3710 3548 3762 rationis

1963 3821 2060 3859 usu
2094 3821 2283 3874 parum
2312 3803 2536 3867 valeret,
2563 3801 2758 3873 34.ιὸ
2797 3810 2852 3856 et
2889 3817 3150 3872 organum
3184 3800 3338 3855 valde
3367 3809 3546 3852 muta-

1963 3907 2132 3953 retur.
2165 3897 2336 3952 Natus
2367 3903 2451 3951 est
2478 3894 2712 3948 Hermize
2743 3910 2809 3949 ex
2866 3893 3087 3949 IEdesia
3125 3895 3289 3962 ﬁlius,
3322 3903 3548 3949 carteros

1964 3986 2408 4055 philosophorum
2439 3985 2578 4039 ﬁlios
2607 3999 2909 4054 superans:
2938 3994 2991 4038 et
3027 3985 3244 4039 [Edesia
3279 4000 3400 4039 cum
3437 3985 3549 4037 ﬁlio

1957 4077 2070 4146 jam
2102 4087 2312 4145 septem
2348 4084 2476 4129 nato
2506 4089 2741 4141 menses,
2776 4083 2834 4128 ut
2880 4074 2997 4129 ﬁeri
3042 4083 3210 4139 amat,
3237 4073 3545 4141 iocabatur,

1963 4178 2016 4221 et
2059 4167 2282 4221 Babium
2326 4173 2382 4220 et
2415 4165 2650 4236 puellum
2693 4177 2825 4218 voce
2867 4163 3188 4218 diminutiva
3223 4163 3546 4233 appellabat.

1966 4261 2126 4316 Pater
2171 4258 2396 4313 audiens
2461 4267 2798 4326 conquestus
2841 4264 2946 4321 est,
2989 4267 3045 4310 et
3089 4255 3359 4324 increpuit
3406 4256 3550 4310 hanc

1967 4352 2229 4422 puerilem
2271 4351 2713 4414 diminutionem,
2754 4359 2808 4403 et
2842 4347 3185 4402 articulatam
3222 4347 3548 4415 increpando

1966 4461 2150 4501 vocem
2189 4443 2458 4514 protulit:
2505 4443 2721 4511 aliaque
2764 4441 2930 4494 multa
2962 4441 3029 4495 de
3077 4439 3167 4494 illo
3210 4452 3380 4508 puero
3410 4438 3548 4492 mira

1966 4541 2240 4603 dicuntur,
2288 4551 2412 4591 eum
2462 4534 2673 4590 scilicet
2726 4535 2889 4587 vitam
2936 4533 2988 4585 in
3024 4547 3251 4600 corpore
3276 4531 3545 4584 nontole-

269 4621 575 4691 ἐπετίμησε
615 4621 706 4674 τὸν
753 4622 1001 4676 παιδικὸν
1027 4626 1215 4676 τοῦτον
1248 4625 1617 4696 ύποκορισμὸν
1644 4666 1660 4686 ,
1700 4627 1794 4678 καὶ
1823 4626 1855 4657 ιε

1973 4642 2140 4693 rasse,
2189 4627 2286 4681 sed
2321 4625 2550 4694 septimo
2590 4639 2733 4679 anno
2776 4624 2962 4678 vivere
3007 4623 3256 4686 desiisse,
3294 4636 3394 4676 nec
3430 4622 3548 4687 eius

267 4712 688 4784 διηρθρωμένην
726 4714 824 4786 τὴν
860 4715 1178 4788 ἐπιτίμησιν
1213 4717 1534 4784 ἐξενεγκὼν.
1571 4719 1682 4772 Καὶ
1725 4718 1862 4772 ἄλλα

267 4804 327 4857 δὲ
356 4804 528 4857 πολλά
557 4806 686 4876 περὶ
715 4807 808 4858 τοῦ
834 4807 1024 4870 παιδὸς
1053 4808 1243 4861 τούτου
1266 4809 1631 4878 τερατολογεῖ,
1657 4811 1752 4862 καὶ
1779 4811 1862 4863 ὅτι

268 4898 372 4949 οὐκ
403 4897 728 4968 ἀνεχόμενος
754 4898 854 4970 τὴν
900 4901 959 4953 ἐν
1008 4902 1220 4972 σώματι
1252 4901 1396 4972 ζωὴν
1427 4902 1564 4956 ἐτττά
1593 4903 1731 4956 ἐτῶν
1766 4903 1859 4958 τοῦ

271 4989 390 5058 βίου
419 4990 631 5062 ἀπέστη
651 5007 666 5022 ·
694 4992 756 5044 οὐ
779 4994 889 5062 γὰρ
919 4992 1115 5063 ἐχώρει
1148 4995 1314 5047 αὐτοῦ
1347 4995 1445 5064 τὴν
1470 4995 1648 5065 ψυχὴν
1675 4998 1702 5048 ὁ
1732 4998 1860 5066 περὶ

268 5081 377 5150 γῆν
407 5082 494 5135 ὅδε
521 5081 704 5146 τόπος.
735 5083 906 5138 Βάϐια
938 5085 995 5138 δὲ
1026 5087 1074 5138 οἱ
1103 5085 1299 5156 Σύροι,
1330 5086 1423 5140 καὶ
1455 5087 1690 5156 μάλιστα
1715 5089 1764 5140 οἱ
1799 5089 1857 5141 ὲν

273 5175 571 5247 Δαμασκῷ,
601 5178 668 5232 τὰ
699 5180 889 5247 νεογνὰ
935 5178 1158 5233 καλοῦσι
1193 5181 1397 5247 παιδία,
1430 5181 1528 5252 ἤδη
1560 5182 1615 5235 δὲ
1654 5181 1749 5235 καὶ
1790 5181 1860 5234 τά

1966 4721 2204 4772 animam
2238 4723 2551 4771 terrestrem
2582 4715 2815 4784 aliquem
2871 4714 3049 4767 locum
3081 4713 3379 4780 excepisse.
3425 4712 3546 4782 Syri

1967 4822 2021 4867 et
2050 4811 2284 4865 maxime
2309 4810 2400 4878 qui
2435 4809 2488 4862 in
2527 4807 2789 4861 Damasco
2824 4806 3093 4870 habitant,
3139 4819 3334 4874 pueros
3359 4820 3548 4859 recens

1967 4914 2124 4959 natos
2170 4901 2336 4957 Babia
2388 4910 2602 4956 vocant.
2651 4897 2769 4954 Jam
2826 4914 2953 4952 vero
2999 4907 3051 4952 et
3103 4897 3474 4952 adolescentes
3517 4915 3544 4950 a

1965 4997 2065 5048 dea
2101 4995 2283 5059 Babia,
2320 5007 2443 5062 quae
2471 4991 2612 5060 apud
2645 4992 2766 5046 illos
2797 5000 3016 5059 putatur
3041 5002 3184 5054 esse,
3223 4987 3303 5042 sic
3330 4996 3544 5042 vocant.

1966 5085 2084 5141 .lam
2121 5087 2265 5141 enim
2297 5083 2535 5138 nonnulli
2559 5099 2769 5147 eorum,
2801 5082 2891 5152 qui
2914 5095 3074 5135 aures
3097 5078 3300 5135 fractas
3324 5079 3546 5145 habent,

1967 5191 2020 5233 et
2061 5193 2284 5233 sensum
2318 5178 2690 5246 depravatum,
2734 5176 2786 5230 in
2821 5175 3146 5230 commdiam
3189 5183 3246 5227 et
3289 5172 3342 5226 in
3380 5173 3546 5226 risum

1555 5292 1784 5348 VARle
1819 5289 2226 5346 LECTIONES.

395 5382 416 5412 ²
457 5379 739 5452 Ἑρμείας]
779 5381 848 5436 cf.
876 5381 1070 5437 Suidas
1126 5385 1182 5439 h.
1240 5400 1290 5440 v.
1425 5383 1671 5437 ³οὗτι-
1694 5383 1912 5436 οὐδέΑι
1945 5380 2070 5435 οὔτε
2106 5411 2172 5424 —-
2198 5377 2319 5433 οὔτε
2346 5396 2408 5442 ς.
2447 5449 2467 5452 _
2527 5381 2549 5410 ⁵
2603 5375 2901 5452 φιλομαθίᾳ
2932 5393 2993 5440 ς.
3022 5376 3127 5452 τά]
3150 5375 3212 5429 τὺ
3366 5448 3381 5452 _
3429 5371 3547 5452 {iw

273 5453 401 5507 add.
470 5444 573 5524 Δί’
642 5454 663 5484 ⁸
698 5444 955 5524 ἇλλάγκαὶ
994 5454 1146 5510 πολλ.
1205 5473 1261 5518 ς.
1381 5455 1400 5485 ⁷
1429 5455 1536 5524 ἄρα
1564 5458 1603 5507 Α
1632 5470 1754 5507 cum
1813 5455 1974 5506 Suida
2007 5469 2056 5506 ν.
2095 5452 2408 5524 Ἑρμαῖον-ι
2442 5449 2522 5502 ὅτι
2722 5444 2776 5524 ςδ
2811 5444 3258 5524 ιιοίιῐιθμὲνεῖναιῖ
3364 5448 3383 5476 ⁹
3416 5444 3542 5499 κλο-

272 5526 501 5592 πιμαίον
527 5522 589 5578 Α.
669 5524 713 5554 ¹⁰
746 5521 858 5576 οὗθ’
889 5541 949 5588 ς.
1029 5527 1069 5556 ¹¹
1103 5526 1130 5577 ὁ
1154 5517 1262 5578 om.
1303 5525 1368 5579 A.
1448 5517 1488 5554 ³⁵
1521 5526 1632 5592 ἐπὶ]
1663 5524 1755 5576 ἐπί
1787 5541 1846 5576 τε
1874 5524 2070 5576 Suidas
2094 5517 2176 5592 (νζ,
2201 5517 2506 5592 Γρηγόριος
2536 5518 2815 5592 ἀδελφός),
2871 5518 3120 5592 (μιίμιιορ
3150 5517 3543 5592 Διξιτιειιιεξιῃυιιι

272 5611 304 5648 e
341 5593 608 5665 Itamascii
639 5593 862 5665 historia
905 5595 1266 5664 philosophica
1295 5596 1536 5665 apponit.

275 5735 440 5789 ὐποκ.
473 5734 630 5805 τορόν
660 5733 726 5788 Β.

347 5900 461 5969 (l5)
502 5899 694 5958 Suidas
738 5901 789 5956 in
824 5899 1041 5955 Hermia
1075 5895 1380 5968 legendus.‘

1640 5597 1659 5626 ⁸
1686 5595 2129 5664 παρακεκινηκὸς
2165 5591 2223 5645 Β.

272 5666 353 5736 εἰς
371 5662 786 5736 Ἀλεξάνδρειαν
824 5663 1050 5736 ὕστερον
1086 5662 1281 5721 Suidas
1308 5662 1492 5722 {idem
1519 5682 1640 5722 mox
1673 5662 1782 5718 om.
1809 5667 1918 5727 τοῖς
1941 5663 2245 5736 λογισμοῖς.

1791 5800 2000 5858 ΝΟΤέΕ
2012 5845 2024 5857 .

2338 5579 2916 5661 ἱδ’ἰόσῖεερονᾼδὲ]ἰἱιπελ
2965 5588 3025 5661 δέ
3080 5579 3378 5661 Ἀθήνηθεν
3409 5579 3544 5661 ἧκεν

2323 5661 2369 5692 ¹³
2399 5651 2676 5734 ἀνεκάλει]
2701 5651 2768 5715 αὖ
2799 5658 2981 5714 ἐκάλει
3013 5659 3073 5712 Β.
3152 5651 3388 5710 "bimae.
3430 5651 3549 5725 Stat;
