4050 6414
495 420 622 486 1271

1672 419 1936 481 PHOTII
1970 417 2479 480 ΡΑΤΒῙΑΒΟΗᾸΞ
2512 419 2623 480 CP.

3635 406 3781 472 1272

464 527 937 606 philosophorum
1026 548 1225 589 arcana
1323 542 1731 591 converterunt.
1814 536 2067 590 Panicum

2182 535 2444 604 μειράκια
2478 533 2587 587 ἀπὸ
2610 533 2710 603 τῆς
2740 530 2870 603 παρ’
2895 531 3080 595 αὐτοῖς
3108 527 3469 607 νομιζομένης
3496 526 3715 587 Βαϐίας
3742 525 3779 555 ⁸⁷

491 628 759 698 quoddam
794 626 993 679 animal
1037 627 1237 682 vidisse
1296 628 1373 682 ait
1422 626 1708 684 llieracem
1752 627 2078 681 Alexandri-

494 734 621 774 num
667 717 956 773 Ammonio
997 719 1258 791 aequalem
1300 735 1423 774 cum
1468 735 1534 775 ex
1563 718 1839 791 fEthiopia
1874 719 2078 792 Byzan-

492 815 625 866 tium
656 810 1117 881 proficisceretur,
1143 812 1283 880 quod
1319 812 1549 882 depictis
1579 822 1634 867 et
1665 812 1951 868 delineatis
1983 813 2078 867 ad-

493 906 708 959 modum
750 905 948 965 simile,
973 914 1027 959 et
1062 904 1277 959 audisse
1306 905 1452 959 illum
1480 920 1666 960 vocem
1697 905 1949 961 animalis
1982 906 2081 960 hu-

487 998 579 1067 jus
606 998 747 1051 circa
796 995 1212 1060 Alexandriam,
1245 995 1407 1050 veluti
1456 997 1499 1052 si
1546 996 1819 1051 strideret.
1866 998 2079 1052 Ammo-

491 1095 614 1149 nius
664 1091 763 1146 fuit
809 1089 1297 1160 diligentissimus,
1343 1100 1399 1145 et
1441 1090 1641 1145 multos
1687 1090 2075 1158 explicator-es,

491 1187 581 1255 qui
615 1186 741 1241 olim
772 1183 1101 1249 ﬂoruissent,
1131 1184 1290 1252 juvit,
1318 1183 1551 1238 maxime
1590 1193 1769 1237 autem
1802 1182 2076 1238 Aristote-

493 1279 597 1333 lem
639 1280 969 1334 sectabatur.
1018 1275 1326 1344 Quinetiam
1386 1290 1491 1330 non
1546 1274 1718 1331 solum
1780 1276 2078 1345 aequalibus

492 1372 627 1438 suis,
656 1386 841 1427 verum
869 1371 1031 1426 etiam
1063 1369 1183 1423 aliis
1215 1367 1408 1423 Proclo
1441 1368 1841 1437 antiquioribus
1861 1367 2075 1433 praesti-

493 1464 577 1527 tit,
605 1478 773 1532 prope
812 1461 1041 1516 dixerim
1072 1460 1161 1528 qui
1208 1474 1441 1529 unquam
1474 1459 1824 1524 exstiterunt,
1860 1460 1910 1513 in
1944 1473 2076 1528 geo-

491 1552 680 1606 metria
717 1561 765 1605 et
809 1549 1159 1606 astronomia.
1206 1547 1433 1604 Proclus
1457 1563 1520 1603 os
1565 1547 1779 1612 lsidori,
1816 1557 2073 1618 tanquam

488 1643 730 1697 divinum
779 1651 829 1697 et
878 1641 1092 1712 plenum
1145 1639 1528 1711 philosophicas
1559 1641 1688 1694 vitm
1722 1680 1738 1705 ,
1775 1642 2076 1698 admiratus

488 1744 615 1789 est:
650 1733 787 1789 oculi
829 1732 1162 1787 celeritatem
1201 1731 1398 1787 mentis
1420 1732 1882 1801 demonstrantes,
1912 1744 1966 1789 et
1988 1733 2076 1803 ju—

487 1828 662 1883 cunda
698 1828 937 1898 gravitas
972 1827 1239 1891 emicans,
1291 1826 1649 1896 sincerusque
1695 1828 1869 1896 pudor
1901 1828 2074 1898 philo-

486 1920 715 1989 sophum
747 1920 811 1973 ad
848 1919 1022 1986 ipsum
1065 1918 1439 1974 convertebat.

483 2015 868 2087 ἀστρονομίαν.
918 2014 1029 2067 Καὶ
1058 2016 1085 2068 6
1112 2013 1351 2086 Πρόκλος
1399 2012 1677 2084 ἐθαύμαζε
1702 2014 1763 2069 :6
1784 2016 2058 2089 Ἰσιδῶρου
2100 2023 2413 2091 πρόσωπον,
2444 2023 2521 2087 ῶς
2559 2022 2742 2077 ἔνθεον
2768 2019 2836 2096 ἦν
2857 2020 2985 2095 [556
3014 2020 3109 2092 IL]
3138 2019 3233 2072 ml.
3257 2016 3462 2085 πλῆρες
3532 2010 3678 2064 εἵσω

2186 624 2332 679 θεοῦ.
2381 624 2543 698 [ιθιδ
2571 624 2662 698 IL]
2721 624 2861 695 Ἤδη
2925 624 3035 694 γὰρ
3056 623 3217 686 ἐνίοις
3261 622 3368 677 τῶν
3400 626 3468 676 τὰ
3492 615 3610 675 ῶτα
3637 635 3785 673 κατ-

2184 719 2425 788 εαγότων
2480 719 2573 773 καὶ
2618 717 2798 789 ἆμα¹⁸
2829 717 3240 787 διεφθαρμένων
3266 716 3365 779 τὰς
3406 714 3655 776 διανοίας
3706 714 3786 775 εἰς

2183 811 2477 881 κωμῳδίαν
2506 811 2719 882 ἐτράπη
2748 810 2842 863 καὶ
2874 809 3087 878 γέλωτα
3121 809 3291 863 πολὺν
3319 808 3386 861 τὰ
3422 807 3522 876 τῆς
3553 805 3787 875 φιλοσο-

2183 904 2311 974 φίας
2344 904 2650 975 ἀπόρρητα.
2715 903 2839 955 Ὀτι
2899 900 3133 956 Πανικόν
3184 918 3237 954 τι
3279 899 3419 964 ζῶον
3458 894 3785 967 διακομιζό-

2186 1013 2347 1066 μενον
2366 996 2407 1028 ¹⁹
2444 993 2744 1049 θεάσασθαί
2782 1010 2951 1063 φησιν
2977 995 3006 1047 6
3039 992 3214 1063 Ἱέραξ
3251 994 3280 1045 6
3311 989 3732 1059 Ἀλεξανδρεὺς,
3756 989 3784 1040 6

2184 1089 2539 1157 συνακμάσας
2576 1087 2891 1159 Ἀμμωνίῳ,
2921 1086 2979 1153 ἐξ
3028 1085 3313 1148 Αἰθιοπίας
3360 1085 3440 1147 είς
3472 1083 3532 1136 :6
3564 1080 3784 1145 Βυζάν-

2179 1199 2318 1246 τιον,
2349 1182 2528 1245 ἐοικὸς
2559 1181 2800 1253 ἀκριϐῶς
2828 1184 2940 1245 τοῖς
2970 1180 3337 1251 γραφομένοις
3374 1179 3468 1231 καὶ
3493 1174 3781 1245 τυπουμέ-

2181 1292 2325 1339 νοις·
2375 1275 2673 1345 ἀκηκοέναι
2714 1292 2775 1327 τε
2803 1272 2969 1327 αὐτοῦ
2999 1272 3099 1343 τῆς
3129 1270 3314 1340 φωνῆς
3343 1269 3428 1323 διὰ
3458 1268 3552 1338 τῆς
3590 1264 3781 1330 Ἀλεξ-

2179 1368 2432 1439 ανδρείας
2496 1367 2797 1439 φερομένου
2839 1365 3003 1420 οἱονεὶ
3064 1362 3373 1435 τριζούσης.
3429 1361 3613 1414 ’Ὁτιό
3648 1360 3783 1427 Ἄμ-

2182 1460 2383 1533 μὼνιος
2429 1459 2869 1529 φιλοπονώτατος
2917 1458 3135 1526 γέγονε,
3168 1455 3264 1509 καὶ
3305 1453 3590 1515 πλείστους
3627 1450 3777 1519 ὠφέ-

2178 1553 2308 1623 λησε
2337 1555 2445 1606 τῶν
2473 1552 2691 1607 πώποτε
2734 1550 3118 1621 γεγενημένων
3142 1546 3455 1618 ἐξηγητῶν
3490 1544 3700 1615 μᾶλλον
3726 1542 3780 1595 δὲ

2177 1647 2247 1701 τὰ
2275 1646 2688 1718 Ἀριστοτέλους
2714 1644 3141 1717 ὲξήσκητο.Ἕτι
3172 1642 3229 1695 δὲ
3260 1641 3541 1712 διήνεγκεν
3567 1638 3638 1691 ού
3670 1635 3779 1689 τῶν

2177 1739 2301 1795 καθ’
2336 1740 2528 1795 ἑαυτὸν
2564 1741 2725 1811 μόνον
2755 1777 2771 1802 ,
2795 1737 2933 1792 ἀλλά
2977 1736 3072 1791 καὶ
3107 1734 3219 1789 τῶν
3245 1731 3637 1805 πρεσϐυτέρων
3683 1726 3780 1781 τοῦ

2179 1833 2427 1904 Πρόκλου
2461 1833 2695 1904 ἑταίρων
2714 1833 2781 1900 ⁸ο,
2813 1831 2994 1902 ὀλίγου
3022 1829 3080 1883 δὲ
3115 1828 3331 1883 ἀποδέω
3373 1826 3470 1879 καὶ
3510 1822 3625 1877 τῶν
3662 1818 3781 1874 πώ-

2101 1906 2141 1962 Β
2171 1941 2299 1979 ποτε
2324 1926 2708 1996 γεγενημένων
2731 1925 2928 1987 εἰπεῖν,
2958 1923 3027 1977 τὰ
3053 1922 3197 1991 ἀμφὶ
3224 1917 3567 1988 γεωμετρίαν
3588 1932 3657 1969 τε
3685 1912 3780 1965 καὶ

484 2107 776 2177 φιλοσόφου
805 2107 950 2175 ξωῆς
968 2124 983 2139 ⁸
1016 2107 1151 2159 οἵτε
1179 2106 1447 2177 ὀφθαλμοὶ
1478 2107 1539 2159 :6
1580 2111 1680 2179 τῆς
1740 2109 1981 2176 διανοίας
2034 2112 2292 2185 εὔτροχον
2355 2116 2798 2186 ἀποσαφοῦντες,
2868 2115 2963 2171 καὶ
2991 2113 3111 2186 ἅμα
3136 2111 3322 2173 αὐτοῖς
3351 2105 3652 2161 ὲπιθέουσα
3688 2118 3778 2154 σε·

486 2202 688 2275 μνότης
725 2200 875 2272 ἡδεῖα
917 2200 1010 2254 καὶ
1040 2199 1313 2264 ἄπλαστος
1339 2199 1501 2264 αἰδὼς
1532 2201 1837 2276 ἐπέστρεφε
1858 2208 1904 2238 ²²
1934 2207 2071 2278 πρὸς
2108 2208 2268 2261 αὐτὸν
2307 2210 2397 2263 τὸν
2435 2210 2743 2279 φιλόσοφον.

563 2297 807 2352 Eunoius
852 2297 1018 2351 tarda:
1073 2296 1270 2351 mentis
1300 2295 1421 2361 fuit,
1461 2296 1620 2351 modo
1652 2297 1881 2367 juvenili
1918 2301 2066 2354 insu-

484 2389 653 2444 lentia
695 2398 931 2455 tumens,
969 2398 1022 2443 et
1078 2390 1132 2443 in
1183 2388 1525 2443 orationibus
1573 2390 1843 2461 turgidus.
1893 2389 2069 2461 Supe-

484 2482 673 2535 rianus
698 2481 807 2551 jam
846 2479 1069 2550 triginta
1108 2495 1375 2534 annorum
1419 2481 1691 2536 rhetorica
1742 2484 2057 2552 auspicatus

482 2580 590 2638 est,
622 2586 935 2641 quanquam
970 2570 1185 2641 ingenio
1222 2570 1427 2625 tardior
1459 2581 1625 2636 esset,
1673 2581 1852 2627 tamen
1896 2575 2065 2631 nimio

481 2663 663 2719 studio
691 2664 906 2718 tandem
935 2663 1163 2719 Athenis
1198 2663 1343 2718 clara
1378 2673 1432 2718 ct
1487 2664 1689 2720 celebri
1738 2666 1874 2720 urbe
1899 2669 2050 2721 desi-

481 2767 677 2824 poatur
698 2756 960 2825 sophista,
986 2755 1184 2828 342η
1228 2771 1330 2811 non
1357 2756 1582 2811 multum
1606 2756 1777 2827 gloria
1805 2757 2051 2814 Lachare

481 2846 726 2903 inferior.
788 2848 1060 2904 Lachares
1120 2850 1301 2904 studio
1374 2849 1548 2918 magis
1618 2866 1779 2920 quam
1835 2852 2051 2921 ingenio

480 2939 679 2996 claruit
718 2950 937 3007 orator;
980 2941 1182 3010 ingenii
1212 2942 1331 3011 ejus
1364 2942 1672 2998 tarditatem
1693 2944 1898 3013 scripta
1931 2946 2065 3000 satis

478 3043 739 3102 arguunt,
770 3048 988 3088 sacrum
1018 3034 1188 3089 fuisse
1218 3035 1419 3100 virum,
1450 3044 1505 3088 et
1547 3050 1706 3091 sacro
1756 3037 2065 3092 divinarum

478 3141 662 3183 rerum
691 3126 952 3196 ﬂagrasse
983 3142 1186 3183 amore.
1219 3128 1605 3198 Metrophanes
1639 3130 1885 3200 sophista
1910 3142 2070 3188 natus

479 3235 542 3275 ex
575 3220 836 3277 Lachare.
892 3219 1076 3276 Refert
1107 3230 1298 3277 auctor
1352 3223 1556 3277 vidisse
1595 3239 1655 3279 se
1710 3224 2066 3279 simulacrum

2243 2302 2365 2355 Ὀτι
2390 2302 2610 2366 Εὐνόῐος
2635 2305 2662 2356 6
2684 2303 2871 2374 ῥήτωρ
2917 2298 3209 2371 βραδύνους
3247 2290 3487 2366 ἧν.Ἠδη
3518 2287 3777 2343 νεανικοῦ

2170 2394 2517 2463 φρονήματος
2563 2392 2849 2455 ὑπόπλεως
2898 2391 2990 2444 καὶ
3032 2388 3209 2442 σοϐῶν
3260 2388 3318 2439 ὲν
3383 2384 3581 2452 λόγοις.
3656 2382 3778 2433 Ὅτι

2170 2484 2542 2556 Σουπηριανδς
2565 2484 2861 2554 τριάκοντα
2892 2480 3030 2535 ὲτῶν
3058 2480 3164 2533 τῶν
3181 2480 3230 2511 ⁸³
3260 2475 3564 2549 ῥητορικῶν
3598 2472 3777 2543 ἀρξάσ-

2173 2594 2353 2647 μενος,
2381 2576 2558 2631 καίτοι
2599 2575 2698 2647 τὴν
2726 2577 2889 2644 φύσιν
2917 2571 3358 2641 ύπονωθέστερος
3391 2570 3490 2631 ὢν,
3514 2568 3669 2635 ὅμως
3693 2564 3771 2616 δι’

2170 2668 2477 2740 ὑπερϐολὴν
2521 2668 2838 2737 φιλοπονίας
2886 2665 3114 2734 ὕστερον
3144 2664 3202 2717 ὲν
3231 2664 3349 2725 ταῖς
3388 2660 3652 2728 λιπαραῖς
3684 2655 3777 2709 καὶ

2168 2761 2435 2832 ἀοιδίμοις
2470 2761 2724 2833 Ἀθήναις
2776 2756 3143 2829 ἀνηγορεύετο
3188 2752 3472 2823 σοφιστὴς,
3515 2752 3573 2804 ού
3626 2749 3773 2801 πάνυ

2168 2855 2270 2924 τῆς
2312 2853 2567 2925 Λαχάρου
2614 2852 2661 2886 ³⁸
2709 2850 2870 2921 δόξης
2921 2847 3381 2916 ἀπολειπόμενος.
3439 2843 3560 2895 Ὀτι
3608 2840 3710 2894 καὶ
3729 2841 3773 2871 ⁸⁵

2171 2945 2431 3018 Λαχάρης
2457 2944 2518 3010 ἐξ
2542 2944 2866 3013 ἐπιμελείας
2900 2940 3099 3012 μᾶλλον
3125 2939 3159 3009 ἢ
3193 2937 3410 3006 φύσεως
3440 2934 3585 3001 ἔδοξε
3630 2931 3775 2987 κατὰ

2173 3038 2271 3107 τὴν
2306 3038 2603 3110 ῥητορικὴν
2643 3035 3025 3105 εὐδοκιμῆσαι.
3060 3032 3221 3103 Δηλοί
3264 3030 3322 3084 δὲ
3360 3028 3528 3083 αὐτοῦ
3574 3027 3642 3080 :6
3674 3026 3774 3096 τῆς

2179 3136 2392 3205 φύσεως
2420 3133 2807 3203 ἀγεννέστερον
2826 3132 2871 3163 ⁸⁸
2895 3130 2990 3183 καὶ
3022 3129 3089 3182 τὰ
3122 3126 3539 3197 συγγράμματα
3579 3120 3770 3177 αὐτοῦ.

2179 3228 2385 3297 ’Ἄνδρα
2446 3226 2588 3297 ἱερὸν
2632 3225 2725 3279 καὶ
2784 3223 3014 3295 περὶτὰ
3063 3222 3179 3276 θεῖα
3218 3218 3558 3292 βακχεύοντα
3597 3233 3772 3283 μεγα-

485 3310 734 3377 Veneris,
758 3313 904 3383 quod
937 3314 988 3367 in
1018 3314 1221 3384 templo
1260 3313 1506 3371 Herodes
1552 3316 1798 3387 sophista
1851 3317 2067 3371 dedica-

2175 3319 2481 3391 λοπρεπῶς.
2519 3321 2642 3373 Ὅτι
2697 3320 3065 3389 Μητροφάνης
3120 3319 3148 3368 6
3179 3314 3438 3383 σοφιστὴς
3460 3312 3682 3379 ἔκγονος
3706 3305 3773 3381 ἦν

478 3415 584 3464 rat.
619 3407 753 3475 Hoc,
786 3407 981 3478 inquit,
1017 3410 1420 3479 contemplans,
1455 3410 1645 3465 sudavi
1696 3426 1808 3482 prae
1838 3421 2066 3482 stupore

2177 3413 2463 3483 Λαχάρους
2506 3413 2575 3465 ’⁷.
2628 3412 2751 3464 Ὅτι
2788 3412 2956 3479 φησὶν
2988 3409 3033 3441 ’⁸
3083 3410 3111 3461 6
3155 3406 3511 3477 συγγραφεὺς
3548 3403 3771 3471 ἄγαλμα

479 3510 534 3555 et
565 3501 930 3556 admiratione
958 3519 973 3569 ;
1017 3502 1264 3571 adeoque
1289 3502 1486 3571 gaudio
1516 3502 1766 3572 perfusus
1814 3519 1957 3570 sum,
2015 3515 2067 3559 ut

2176 3507 2276 3574 τῆς
2305 3502 2629 3574 Ἀφροδίτης
2671 3502 2800 3555 ἰδεῖν
2819 3502 2864 3533 ¹⁹
2897 3500 3186 3572 ἱδρυμένον
3221 3496 3464 3568 Ἡρώδου
3497 3494 3592 3548 τοῦ
3622 3510 3771 3562 σοφι-

479 3592 699 3645 domum
746 3591 926 3646 redire
972 3589 1083 3645 non'
1120 3606 1375 3660 possem;
1414 3604 1467 3648 et
1520 3594 1718 3661 saepius
1767 3592 2073 3650 abituriczts

481 3683 548 3735 ad
582 3682 871 3737 videndum
907 3684 1167 3740 redirem.
1201 3682 1433 3740 Tantam
1486 3684 1558 3739 illi
1614 3684 2070 3755 pulchritudinem

412 3806 413 3809 η
480 3770 676 3828 artifex
710 3773 1083 3829 immiscuerat
1121 3815 1135 3840 ,
1164 3791 1268 3830 non
1301 3775 1556 3831 blandum
1588 3776 1715 3846 quid
1746 3786 1839 3831 aut
1885 3776 2068 3844 molle,

479 3867 574 3922 sed
621 3875 861 3921 tortuum
911 3876 965 3921 et
1002 3867 1327 3935 masculum,
1366 3877 1634 3924 armatam
1693 3869 1939 3939 quidem,
1974 3871 2067 3925 sed

478 3957 626 4013 velut
649 3973 770 4027 qua:
800 3973 830 4013 a
887 3959 1117 4015 victoria
1155 3961 1461 4015 laetabunda
1503 3963 1816 4019 revertitur.
1848 3962 2068 4019 Hierum

482 4047 759 4104 Plutarchi
794 4049 963 4105 filium
984 4050 1085 4105 sub
1112 4051 1304 4107 Proclo
1322 4053 1796 4124 philosophantem
1828 4057 1879 4110 in
1908 4056 2069 4112 domo

478 4143 702 4212 Quirini
732 4145 929 4201 vidisse
948 4145 1114 4201 refert
1140 4149 1276 4203 adeo
1304 4163 1527 4217 parvum
1561 4158 1726 4221 caput
1747 4151 2065 4219 humanmn,

479 4238 708 4293 utcicer
753 4239 1065 4309 adaequaret
1116 4241 1490 4311 magnitudine
1524 4251 1581 4297 et
1614 4243 1810 4309 forma,
1843 4245 1983 4302 unde
2012 4256 2067 4301 et

478 4344 674 4386 nomen
726 4331 891 4400 capiti
946 4345 1011 4385 ex
1054 4332 1233 4388 cicere
1259 4333 1484 4387 indittnn
1517 4348 1668 4388 esse:
1730 4338 2061 4405 cmteroquin

478 4421 777 4475 humanum
812 4431 976 4491 caput
1007 4438 1146 4491 esse,
1181 4424 1370 4478 oculos
1411 4434 1465 4479 et
1502 4423 1715 4479 vultum
1746 4427 1973 4491 habere,
2006 4439 2062 4483 et

475 4514 729 4583 superius
781 4515 983 4581 crines,
1033 4526 1089 4571 et
1146 4517 1419 4585 integrum
1464 4532 1549 4583 os,
1594 4526 1647 4571 et
1699 4532 1796 4572 ore
1853 4529 2058 4574 tantam

473 4619 662 4660 vocem
699 4606 977 4673 emittere,
1012 4617 1268 4676 quantam
1304 4607 1451 4661 mille
1485 4607 1753 4662 homines.
1819 4607 1943 4662 [hec
1993 4610 2061 4663 de

2177 3596 2304 3650 στοῦ
2338 3597 2615 3667 ἀνάθημα.
2652 3594 2822 3648 Τοῦτο
2855 3593 2969 3656 οὖν,
3012 3596 3166 3664 φησὶ,
3202 3590 3541 3659 θεασάμενος
3564 3588 3769 3659 ἵδρωσα

2179 3688 2278 3760 μὲν
2310 3688 2413 3742 ὑπὸ
2443 3688 2540 3741 τοῦ
2576 3688 2819 3762 θάμϐους
2863 3687 2958 3741 καὶ
2975 3684 3021 3718 ³⁰
3052 3683 3387 3755 ἐκπλήξεως.
3421 3680 3567 3734 οὕτω
3591 3681 3646 3732 δὲ
3670 3679 3769 3748 τὴν

2172 3779 2349 3851 ψυχὴν
2396 3780 2641 3849 διετέθην
2675 3780 2780 3833 61:6
2810 3782 2908 3850 τῆς
2942 3776 3305 3849 εὐφροσύνης,
3348 3774 3490 3828 ὥστε
3532 3774 3630 3842 οὐχ
3660 3765 3767 3832 οἷός

2171 3875 2222 3927 τ’
2241 3870 2307 3946 ἦν
2332 3873 2515 3927 οἴκαδε
2534 3872 2836 3939 ἐπανιέναι,
2860 3871 3121 3933 πολλάκις
3149 3869 3205 3922 δὲ
3231 3867 3410 3922 ἀπιὼν
3434 3862 3771 3932 ἐπαναστρέ-

2172 3983 2294 4035 φειν
2322 3966 2414 4019 ἐπὶ
2432 3966 2493 4019 τὸ
2515 3965 2695 4035 θέαμα
2714 3982 2729 3997 ο
2758 3964 3015 4018 τοσοῦτον
3039 3961 3189 4031 αὐτῷ
3216 3960 3415 4023 κάλλος
3445 3958 3767 4027 ἐνεκέρασεν

2170 4060 2199 4112 6
2228 4058 2499 4128 τεχνίτης,
2532 4059 2591 4111 ού
2616 4058 2789 4125 γλυκύ
2818 4075 2871 4110 τι
2902 4057 2996 4111 καὶ
3024 4054 3361 4126 ἀφροδίσιον,
3399 4051 3538 4105 ἀλλὰ
3570 4050 3761 4120 βλοσυο

2174 4152 2263 4223 ρόν
2298 4169 2357 4204 τε
2391 4152 2484 4205 καὶ
2513 4150 2787 4221 ἀνδρικὸν,
2817 4150 3038 4205 ἔνοπλον
3072 4148 3207 4219 μὲν,
3236 4143 3353 4199 οἷον
3386 4145 3445 4198 δὲ
3471 4144 3579 4197 ἀπὸ
3609 4141 3764 4209 νίκης

2168 4242 2557 4314 ὲπανηγμένης
2589 4244 2630 4275 ³⁸
2681 4243 2773 4296 καὶ
2843 4242 2904 4295 :6
2983 4240 3216 4310 γεγηθὸς
3276 4236 3670 4307 ἐπιφαινούσης
3697 4234 3763 4286 ³³.

2168 4334 2296 4389 ’Ότι
2329 4336 2517 4406 Ἱέριον
2566 4335 2657 4388 τὸν
2708 4334 3079 4405 Πλουτάρχου,
3111 4331 3216 4385 ὑπὸ
3264 4330 3500 4400 Πρόκλῳ
3551 4326 3767 4395 φιλοσο-

2167 4425 2373 4497 φοῦντα
2390 4428 2456 4491 ³³,
2489 4429 2547 4491 ὲς
2572 4427 2670 4497 τὴν
2697 4426 2935 4497 Κυρίνου
2955 4425 2998 4457 ³⁸
3024 4423 3327 4494 λεγομένην
3359 4421 3539 4475 οίκίαν
3564 4418 3764 4475 θεάσα-

2166 4520 2291 4573 σθαί
2319 4536 2454 4589 φησι
2492 4518 2694 4591 μικράν
2727 4518 2871 4573 οὕτω
2905 4518 3148 4588 κεφαλὴν
3175 4516 3345 4586 μόνην
3365 4514 3679 4585 ἀνθρώπου,
3702 4511 3764 4563 :6

2165 4631 2223 4666 τε
2250 4614 2482 4684 μεγέθος
2507 4615 2602 4669 κα)⁵
2632 4616 2690 4667 :6
2718 4610 2859 4677 εἶδος
2886 4611 3341 4681 οὐδὲν-ἐρεϐίνθου
3372 4609 3761 4678 διαφέρουσα-ι’

473 4698 669 4753 ciceris
700 4698 805 4753 hoc
843 4702 1021 4770 capite
1053 4702 1366 4770 prodigiose
1397 4699 1565 4754 refert
1600 4708 1812 4763 auctor,
1847 4700 2065 4770 aliaque

2175 4707 2250 4760 διὸ
2274 4708 2365 4760 καὶ
2398 4708 2674 4778 ἐρέϐινθον
2702 4708 2873 4779 αὐτὴν
2902 4704 3220 4759 καλεῖσθαιο
3250 4704 3317 4757 τὰ
3348 4704 3394 4756 δ’
3426 4703 3561 4756 ἄλλα
3590 4716 3764 4768 κεφα-

473 4789 918 4861 innumerabilia,
950 4793 1110 4864 digna
1160 4792 1310 4862 impii
1361 4792 1629 4847 Damascii
1672 4800 1727 4847 et
1767 4795 2064 4862 scriptione

474 4892 527 4932 et
571 4884 696 4939 lide.

480 4976 750 5047 πόματος
776 4974 961 5046 φωνὴν
985 4974 1230 5044 ἀφιέναι,
1267 4975 1391 5029 ὅσον
1452 4974 1760 5046 ἀνθρώπων
1809 4978 2017 5049 χιλίων,
2079 4984 2335 5037 τοσοῦτον
2398 4985 2663 5055 μεγάλην.
2733 4983 2904 5038 Τοῦτο
2963 4983 3435 5055 τερατευσάμενος
3488 4977 3611 5048 περὶ
3670 4982 3764 5032 τοῦ

2172 4799 2270 4871 λὴν
2301 4800 2645 4871 ἀνθρωπείαν
2675 4797 2838 4865 εἶναι,
2866 4798 3181 4869 ὀφθαλμούς
3210 4815 3270 4850 τε
3292 4797 3440 4866 ἔχειν
3472 4796 3563 4849 καὶ
3596 4794 3768 4863 πρόσ-

2172 4912 2320 4949 ωπον
2354 4896 2449 4949 καὶ
2494 4896 2687 4966 τρίχας
2717 4895 2829 4948 ἄνω
2858 4895 2952 4947 καὶ
2988 4893 3167 4963 στόμα
3205 4894 3335 4955 πᾶν,
3375 4889 3473 4943 καὶ
3518 4886 3621 4943 ἀπὸ
3670 4889 3767 4938 τοῦ

3736 5002 3745 5013 ν

479 5065 757 5136 ἐρεείνοου
788 5070 814 5118 ὁ
844 5065 1195 5135 συγγραφεὺς
1233 5064 1331 5135 τῆς
1368 5064 1635 5136 κεφαλῆς,
1665 5066 1761 5120 καὶ
1790 5068 1928 5124 ἄλλα
1964 5071 2133 5141 μυρία
2162 5076 2289 5144 περὶ
2324 5075 2495 5145 αὐτῆς
2522 5075 2649 5139 ἀξια
2679 5073 2975 5145 Δαμασκίῳ
3032 5071 3108 5143 τῷ
3170 5071 3425 5125 δυσσεϐεῖ
3485 5070 3577 5122 καὶ
3629 5064 3768 5136 γρά-

484 5177 603 5229 φειν
641 5158 737 5211 καὶ
776 5156 1053 5212 πιστεύειν
1094 5157 1621 5228 προστιρατεύεται.

556 5250 830 5305 Salustius
918 5249 1155 5321 Cynicus
1234 5266 1338 5305 non
1430 5253 1618 5308 tritam
1714 5254 2069 5324 philosophia:

2248 5256 2320 5307 .'O
2365 5254 2688 5319 Σαλούστιος
2742 5254 2975 5319 κυνίζων
3020 5253 3082 5306 o6
3134 5252 3235 5322 τὴν
3284 5248 3597 5319 εἰθισμένην
3646 5248 3767 5300 ὁδὸν

1796 5368 2032 5425 νΑῐιιίΕ
2083 5367 2491 5424 ιΕρτιυΝιςε.

555 5461 601 5492 ίτ
632 5457 875 5532 Βαϐαίας
913 5459 978 5511 Λ.
1056 5457 1099 5489 ⁸⁸
1128 5458 1244 5532 ᾇιμα
1269 5473 1375 5511 om.
1413 5458 1604 5514 Snidas
1636 5478 1685 5514 γ.
1719 5457 1860 5515 Ὦτα
1898 5463 2210 5532 κατεαγότα
2235 5474 2285 5518 et
2319 5462 2401 5514 Τὰ
2430 5455 2543 5515 ὦτα
2573 5462 2665 5513 ἐπὶ
2702 5461 2810 5514 τῶν
2849 5459 3035 5532 ὤμων.
3115 5457 3157 5488 ¹⁹
3188 5453 3631 5532 διακομιζόμενοι
3663 5451 3706 5503 Β
3746 5472 3761 5506 :

481 5528 938 5600 διακομιζόμενος
973 5546 1033 5592 ς’.
1125 5530 1174 5600 Α¹⁰
1210 5530 1411 5597 ἐτέρων
1443 5550 1501 5594 ς’.
1581 5534 1621 5564 ²¹
1655 5534 1785 5586 εἴσω
1806 5550 1911 5587 0m.
1953 5536 2013 5587 Β.

479 5598 657 5655 ἐποίει
684 5600 833 5669 αὐτῷ
855 5599 945 5669 τὸν
984 5598 1266 5669 νεανίσκον
1296 5600 1492 5654 Snidas
1532 5619 1582 5657 v.
1637 5606 1967 5668 ”Λπλαστο;.

486 5674 532 5705 ει»
563 5668 874 5740 Λαχάρους]
938 5669 1056 5740 Vid.
1095 5670 1158 5721 ad
1196 5668 1392 5722 Marin.
1427 5674 1519 5725 vit.
1553 5674 1727 5729 Procli
1760 5692 1809 5739 p.
1853 5676 1943 5730 89.

2118 5536 2163 5566 ¹²
2196 5534 2488 5603 ἐπέτρεχεν
2536 5533 2737 5608 ἱκανῶς
2782 5533 2871 5583 τὸν
2898 5523 3199 5608 φιλόσοφον⁸
3226 5527 3320 5578 καὶ
3362 5524 3461 5608 ἱδη
3492 5523 3763 5608 γνώριμον

2045 5605 2091 5636 ’³
2123 5603 2252 5677 τῶν]
2287 5598 2361 5656 ὢν
2394 5598 2456 5657 Ᾰ.
2492 5606 2563 5656 cl'.
2602 5603 2796 5677 Snidas
2833 5618 2886 5677 γ.
2933 5598 3333 5677 ’ρψιμαθήςηριι
3370 5598 3761 5677 Σουπηριανό..

2043 5677 2089 5708 ’⁸
2126 5677 2217 5728 καὶ
2241 5677 2363 5729 add.
2422 5679 2487 5727 A.
2516 5689 2641 5728 mox

2700 5673 2733 5739 ἢ
2766 5673 2861 5726 καὶ
2897 5665 3024 5739 φύσ.
3052 5665 3112 5733 ς.
3235 5668 3280 5698 ’⁸
3311 5666 3659 5739 ἀγενέστερον
3692 5665 3761 5715 Α.

488 5744 531 5816 ξτ
562 5733 819 5816 ᾼαῇξάρου
947 5739 1027 5816 ρι’.Δ
1054 5740 1248 5816 Sui-das
1268 5755 1316 5790 v.
1356 5741 1727 5816 Μητροφάνης
1751 5733 1991 5810 ἔκγονος.
2067 5747 2115 5778 ’⁸
2142 5747 2309 5814 φησὶν
2340 5746 2463 5799 add.
2506 5747 2569 5798 A.
2611 5815 2614 5816 ν
2648 5747 2693 5776 ²⁹
2724 5733 2881 5814 ίδεῖν]
2907 5733 3086 5795 ίδοιΑ.
3132 5810 3144 5816 _
3165 5737 3214 5816 '°_
3238 5738 3330 5789 καί
3426 5750 3544 5816 ᾖτε
3572 5733 3759 5816 agi"?-

492 5808 539 5886 ιι
582 5808 1082 5886 ετέαγὴγμένης-Αε
1146 5808 1589 5886 ὲπανεῌρχομένης
1616 5833 1677 5882 ς.

491 5881 663 5954 ρὲνου]
687 5883 924 5951 Δωρίνου
956 5880 998 5933 Β
1029 5889 1083 5936 et
1114 5893 1255 5936 corr.

1805 5817 1848 5848 ³³
1884 5816 2146 5887 ὲπιφανού
2156 5832 2254 5887 σης
2291 5832 2351 5879 ς.

2471 5816 2515 5848 ³³
2545 5803 2939 5884 φιλοσοφοῦντα
2969 5821 3097 5865 ante
3124 5808 3229 5862 ὑπὸ
3249 5810 3397 5879 ponit
3426 5804 3488 5864 Β.
3583 5804 3624 5836 ³⁸
3647 5803 3767 5856 Ku-
