4104 6396
553 378 690 448 12ῗὸ

1714 394 1974 456 ΡΙΙΟΤΙΙ
2019 398 2522 461 PATRIARCH/E
2562 404 2671 463 CP.

3663 407 3793 472 1276

550 505 654 558 cini
688 514 928 575 tempora
958 506 1075 563 felis
1107 509 1659 583 distinguit,singulas
1696 526 1946 577 nocteset
1974 524 2090 579 dies

2203 517 2365 572 οὐδέν.
2414 520 2522 583 Τὰς
2570 519 2776 573 δώδεκα
2824 521 3029 592 ὤραςή
3065 522 3312 593 αῐλουρος
3358 523 3665 592 διακρίνει,
3704 524 3791 576 νύ-

548 598 757 651 urinam
801 600 1030 668 singulis
1067 604 1214 658 horis
1240 606 1514 674 emittens,
1552 624 1765 680 semper
1798 614 1967 671 instar
2002 618 2113 674 ins-

548 690 806 743 trnnienti
832 692 1108 760 cujusdam
1132 696 1293 751 horas
1320 697 1597 766 dirigens:
1629 703 1759 770 quin
1781 706 1942 759 etiam
1970 707 2113 764 luna:

546 779 662 832 dies
696 783 773 833 ait
807 797 1091 836 numerare
1144 787 1359 855 proprio
1425 787 1560 844 fetu.
1594 790 1900 857 Quinetiam
1952 797 2107 852 felem

543 882 748 940 septem
790 876 985 942 primo.
1035 891 1129 931 sex
1168 893 1258 931 sec
1276 882 1418 933 undo
1445 891 1626 950 partu,
1659 887 1816 940 tertio
1847 890 2107 959 quinque,

546 975 741 1030 quarto
786 976 1045 1033 quatuor,
1102 969 1286 1036 quinta
1326 979 1456 1036 tres,
1495 984 1647 1029 sexto
1688 976 1846 1042 duos,
1883 983 2109 1048 septimo

545 1070 709 1106 untun
743 1056 924 1121 edere,
963 1067 1018 1109 et
1055 1069 1131 1111 tot
1160 1074 1278 1113 esse
1304 1060 1443 1115 letus
1475 1062 1616 1130 felis,
1636 1078 1765 1134 quot
1795 1068 1955 1124 habet
1984 1071 2106 1126 luna

541 1148 675 1201 dies.
706 1148 881 1202 Cebus
912 1158 995 1205 est
1027 1151 1198 1207 simia:
1235 1155 1447 1223 species
1476 1166 1531 1212 et
1572 1172 1757 1212 semen
1802 1162 1944 1216 circa
1978 1164 2107 1219 solis

538 1249 593 1295 et
624 1241 761 1294 luna:
791 1258 1139 1312 congressum
1162 1249 1380 1301 emittit.
1406 1246 1554 1319 Oryx
1582 1252 1782 1306 animal
1818 1254 1933 1324 (l7)
1962 1267 2106 1310 ster-

534 1342 731 1388 nutans
802 1337 1037 1390 ostendit
1087 1337 1278 1393 Sothin
1351 1341 1505 1395 oriri.
1567 1342 1645 1398 Ne
1684 1346 1847 1401 duces
1918 1361 2103 1402 eorum

535 1425 854 1491 perniciosis
880 1426 1087 1481 civitati
1133 1430 1579 1487 contentionibus
1639 1432 2097 1505 distraherentur,

534 1517 859 1585 praedicebat
899 1534 962 1571 ex
997 1527 1206 1573 secreta
1241 1522 1473 1590 quadam
1527 1525 1758 1581 visione.
1805 1528 1859 1582 In
1890 1531 2096 1598 pariete

535 1610 713 1664 lumen
778 1614 995 1666 densum
1057 1624 1323 1684 apparet,
1379 1616 1801 1675 transformatur
1845 1630 2100 1691 tanquam

532 1714 818 1757 concretus
847 1706 898 1758 in
929 1704 1123 1760 faciem
1156 1721 1341 1761 revera
1364 1708 1603 1763 divinam
1633 1720 1689 1765 et
1719 1722 2101 1780 supernatnra-

530 1794 656 1858 lem,
700 1810 805 1848 non
852 1795 991 1850 dulci
1026 1808 1327 1865 venustate,
1361 1799 1454 1854 sed
1512 1815 1701 1855 severa
1731 1800 2093 1868 eﬂ‘ormatam,

2216 628 2349 673 κτας
2382 612 2472 664 καὶ
2506 610 2719 682 ἡμέρας
2767 612 3002 682 οὐροῦσα
3044 612 3164 665 καθ’
3201 613 3439 682 ἑκάστην
3481 613 3591 678 ἀεὶ,
3639 613 3791 682 δίκην

2212 701 2444 773 ὀργάνου
2477 703 2620 766 τινὸς
2646 702 3134 773 ὠρογνωμονοῦσα.
3154 702 3313 756 Ἀλλὰ
3349 704 3443 756 καὶ
3492 705 3593 773 τῆς
3635 703 3792 773 σελή-

2213 809 2343 861 νης,
2375 793 2558 863 φησιν,
2592 794 2983 863 ἁπαριθμείται
3028 792 3098 847 τὰ
3141 793 3296 860 φῶτα
3344 796 3456 856 τοῖς
3501 794 3768 854 οίκείοις⁵

2212 885 2371 954 γεννή
2383 902 2535 953 μασι.
2567 886 2675 939 Καὶ
2695 886 2803 953 γὰρ
2829 885 2928 956 τὴν
2955 886 3205 954 αἴλουρον
3234 885 3277 948 ζ’
3308 884 3405 953 μὲν
3437 886 3529 938 τὸν
3553 884 3789 950 πρῶτον.

2211 976 2265 1041 ς’
2286 976 2341 1029 δὲ
2373 975 2499 1049 [558
2526 976 2617 1048 H
2647 976 2737 1030 τὸν
2755 978 3006 1046 δεύτερον
3024 976 3198 1042 τόκον,
3222 977 3314 1030 τὸν
3336 978 3517 1045 τρίτον
3545 983 3609 1039 ε’,
3634 976 3729 1028 καὶ
3746 977 3790 1005 ⁸¹

2210 1068 2251 1121 δ’
2278 1069 2369 1120 τὸν
2399 1068 2677 1139 τέταρτον,
2709 1070 2803 1122 καὶ
2835 1075 2885 1137 γ’
2909 1069 2999 1122 τὸν
3044 1068 3313 1137 πέμπτον,
3344 1070 3426 1137 ἐφ’
3454 1061 3536 1131 οἷς
3566 1066 3661 1119 δύο
3699 1065 3792 1117 τὸν

2210 1161 2365 1214 ἒκτον
2396 1164 2491 1215 καὶ
2524 1161 2619 1215 ’ἐνα
2645 1163 2735 1215 ἐπὶ
2774 1162 2906 1215 πᾶσι
2936 1161 3027 1214 τὸν
3051 1160 3278 1230 ἕϐδομον
3301 1177 3313 1190 ·
3357 1160 3453 1213 καὶ
3484 1157 3627 1211 εἶναι
3673 1174 3789 1209 “r00-

2209 1252 2345 1305 αὔτα
2380 1256 2693 1323 γεννήματα
2724 1254 2822 1323 τῆς
2859 1252 3135 1323 αἰλούρου,
3163 1253 3262 1305 ὃσα
3291 1250 3386 1304 καὶ
3413 1250 3480 1303 τὰ
3502 1252 3600 1319 τῆς
3636 1248 3785 1319 σελή-

2207 1362 2303 1414 νης
2337 1345 2509 1415 φῶτα.
2528 1345 2585 1400 ’0
2609 1346 2775 1415 κῆδος
2808 1346 2944 1416 (ἔστι
2972 1346 3029 1399 δὲ
3061 1344 3293 1415 πιθήκου
3327 1340 3487 1410 εἶδος)
3513 1343 3771 1412 ἀποσπερ

2210 1439 2389 1507 μαίνει
2440 1439 2583 1493 κατά
2630 1438 2728 1510 τὴν
2782 1438 3001 1492 σύνοδον
3062 1437 3213 1507 ἡλίου
3288 1437 3381 1490 καὶ
3432 1435 3686 1506 σελήνης.
3734 1434 3790 1486 '0

2205 1528 2337 1599 δρυξ
2382 1528 2442 1582 τὸ
2471 1527 2610 1592 ζῶον
2658 1529 3035 1600 πταρνύμενος
3084 1526 3395 1582 ἀνατέλλειν
3438 1524 3788 1596 διασημαίνει

2203 1621 2303 1691 τὴν
2352 1620 2543 1675 Σῶθιν.
2589 1622 2732 1684 Ἕως
2770 1623 2817 1674 οί
2862 1621 3130 1692 ἡγεμόνες
3178 1619 3358 1672 αὐτῶν
3386 1618 3680 1688 διέστησαν
3712 1619 3788 1679 είς

2211 1713 2328 1783 ἔριν
2362 1712 2767 1782 πολιτοφθόρον.
2800 1713 2908 1764 Καὶ
2938 1711 3203 1779 προέλεγε
3234 1710 3378 1763 κατὰ
3411 1710 3512 1780 τὴν
3545 1708 3787 1779 ἀπόρρη-

2202 1821 2293 1858 τον
2338 1804 2486 1859 θέαν.
2545 1802 2707 1875 [1049
2743 1803 2837 1875 R.]
2891 1803 2950 1856 Ὀ
2986 1802 3029 1856 δ’
3067 1806 3126 1855 ὲν
3164 1802 3241 1871 τῷ
3271 1802 3431 1872 τοίχῳ
3484 1798 3580 1853 τοῦ
3606 1798 3785 1868 φωτὸς

530 1888 648 1940 visu
683 1888 1132 1955 pulcherrimam,
1182 1899 1359 1945 tamen
1394 1893 1445 1946 in
1493 1894 1782 1950 severitate
1825 1894 1912 1949 illa
1949 1896 2093 1950 blan-

2208 1896 2394 1964 φανεὶς
2419 1896 2580 1966 ὄγκος
2609 1889 2721 1949 οἷον
2759 1895 2955 1963 παγεὶς
2989 1896 3068 1958 είς
3093 1895 3381 1964 πρόσωπον
3402 1890 3785 1962 διεμορφοῦτο,

528 1978 654 2030 dum
684 1978 810 2047 quid
843 1980 1115 2048 ostendit;
1157 1982 1296 2036 hunc
1330 1983 1678 2038 Alexandrini
1720 1986 1837 2039 loco
1866 1982 2098 2041 Osiridis

525 2079 578 2123 et
605 2068 867 2125 Adonidis
896 2072 945 2125 in
978 2073 1200 2127 deorum
1246 2077 1522 2145 mysteriis
1548 2077 1855 2131 coluerunt.
1888 2077 2019 2131 Erat
2044 2079 2096 2132 in

526 2158 770 2215 lleraisci
815 2163 1119 2232 philosophi
1163 2175 1355 2219 natura
1402 2166 1604 2233 aliquid
1648 2169 1792 2237 quod
1841 2168 2097 2237 inquina-

526 2259 706 2303 menta
742 2254 1107 2320 generationis
1147 2254 1417 2309 aboleret.
1456 2253 1512 2309 Si
1549 2271 1711 2325 quam
1764 2257 1974 2327 impura
2019 2258 2097 2311 lo-

523 2355 778 2409 quentem
820 2346 1099 2402 mulierem
1151 2349 1217 2402 de
1256 2364 1576 2417 quacunque
1617 2348 1830 2403 tandem
1896 2365 1954 2404 re
1999 2367 2097 2404 au-

524 2438 718 2500 disset.
755 2439 936 2493 statim
988 2440 1036 2493 ei
1086 2448 1250 2509 caput
1294 2441 1494 2496 doluit:
1552 2453 1713 2512 atque
1758 2443 1833 2499 ita
1888 2445 2092 2501 viventi

523 2544 739 2600 semper
790 2533 1033 2601 quaedam
1087 2534 1341 2589 divinitas
1387 2537 1613 2603 aderat;
1665 2547 1883 2594 mortuo
1935 2554 2088 2603 vero,

523 2636 647 2676 cum
680 2622 795 2691 lege
828 2624 1026 2677 usitata
1058 2626 1430 2680 sacerdotibus
1465 2627 1817 2697 Asclepiades
1876 2635 2092 2685 tradere

519 2721 759 2782 pararet,
810 2727 931 2767 cum
983 2722 1197 2782 caetera,
1225 2727 1335 2769 tum
1380 2715 1610 2772 Osiridis
1656 2729 1853 2786 vestes,
1896 2720 2093 2790 quibus

522 2813 797 2873 tegeretur
823 2820 1041 2874 corpus,
1080 2807 1284 2868 statim,
1317 2822 1436 2861 cum
1473 2808 1677 2863 lumine
1711 2824 1742 2863 e
1768 2811 2090 2867 sindonibus

517 2896 756 2965 undique
826 2912 1038 2952 arcanze
1090 2898 1487 2966 descriptiones
1542 2898 1850 2966 elucebant,
1892 2914 1944 2959 et
1981 2908 2090 2961 cir-

516 3002 640 3043 cum
693 2989 793 3043 has
845 2989 1051 3058 species
1109 2990 1352 3059 quaedam
1408 2992 1711 3047 divinorum
1763 2994 2087 3049 simulacro-

516 3097 636 3136 rum
681 3083 1021 3138 videbantur.
1074 3083 1199 3138 Fuit
1244 3094 1297 3138 et
1331 3084 1539 3153 primus
1599 3085 1717 3154 ejus
1763 3097 1914 3143 ortus
1932 3102 2090 3143 sacer

515 3185 570 3231 et
630 3178 915 3249 mysticus.
950 3176 1147 3231 Fertur
1212 3179 1356 3233 enim
1403 3192 1465 3233 ex
1518 3188 1676 3235 utero
1714 3182 1905 3235 matris
1964 3197 2091 3249 pro-

2209 1990 2494 2059 πρόσωπον
2525 1988 2763 2059 ἀτεχνῶς
2793 1988 3076 2041 Θεσπέσιον
3104 1987 3165 2056 δή
3196 2004 3248 2039 τι
3278 1986 3371 2038 κα)⁵
3401 1984 3698 2054 ὑπερρυὲς,
3722 1982 3785 2038 οὐ

2206 2080 2487 2147 γλυκείαις
2510 2080 2745 2150 χάρισιν,
2763 2079 2897 2132 ἀλλὰ
2915 2079 3201 2150 βλοσυραῖς
3226 2076 3619 2145 ἀγαλλόμενον,
3652 2074 3785 2128 κάλ-

2206 2173 2383 2225 λιστον
2416 2171 2460 2225 δ’
2488 2173 2634 2241 ὅμως
2662 2172 2790 2225 ἰδεῖν
2817 2172 2913 2223 καὶ
2940 2170 3091 2224 οὐδὲν
3116 2164 3277 2241 ἦττον
3309 2168 3400 2220 ἐπὶ
3430 2167 3510 2237 τῷ
3539 2165 3783 2238 βλοσυρῷ

2204 2264 2264 2316 τὸ
2304 2264 2465 2333 ήπιον
2510 2262 2968 2334 ἐπιδεικνύμενον.
3034 2263 3132 2315 ’ον
3175 2258 3545 2333 Ἀλεξανδρεῖς
3593 2258 3781 2328 ὲτίμηο

2208 2370 2306 2406 σαν
2336 2354 2550 2422 Ὄσιριν
2595 2352 2725 2406 ὄντα
2777 2353 2871 2406 atat
2897 2352 3125 2405 Ἀδωνιν
3172 2349 3311 2404 κατὰ
3353 2350 3453 2416 τὴν
3509 2351 3780 2418 μυστικήν

2204 2442 2678 2512 θεοκρασίαν.“οτι
2723 2443 2869 2513 ὲνῆν,
2903 2442 3060 2512 φησὶ,
3108 2442 3175 2511 τῇ
3237 2437 3333 2493 τοῦ
3365 2438 3664 2510 Ἦραῐσκου
3686 2436 3778 2490 τοῦ

2204 2534 2494 2604 φιλοσόφου
2533 2534 2693 2603 φύσει
2740 2534 2838 2587 καί
2870 2551 2923 2586 τι
2954 2533 3080 2596 τοὺς
3122 2529 3432 2601 μολυσμοὺς
3481 2529 3582 2597 τῆς
3630 2528 3779 2597 γενέ-

2204 2643 2341 2689 σεως
2382 2626 2734 2696 ἀναινόμενον
2752 2627 2826 2659 ⁸³·
2875 2626 2924 2677 εἰ
2976 2624 3105 2693 γοῦν
3130 2621 3369 2675 αἴσθοιτο
3398 2618 3777 2689 φθεγγομένης

2200 2722 2348 2786 ὅπως
2393 2722 2456 2792 δὴ
2505 2722 2601 2776 καὶ
2627 2722 2749 2777 ὅθεν
2783 2721 3042 2790 γυναικὸς
3077 2719 3389 2790 ἀκαθάρτου
3418 2718 3588 2780 τινὸς,
3625 2717 3776 2787 ἡλγει

2200 2816 2540 2885 παραχρῆμα
2568 2814 2667 2885 τὴν
2699 2813 2942 2883 κεφαλήν
2958 2814 3024 2867 ⁵⁸.
3062 2811 3219 2866 Οὕτω
3268 2810 3367 2880 μὲν
3406 2808 3572 2874 ζῶντι
3614 2806 3774 2875 συνῆν

2196 2908 2282 2962 ἀεί
2311 2925 2362 2959 τι
2393 2906 2622 2970 θεοειδές
2641 2922 2654 2935 ·
2688 2905 3014 2959 ἀποθανόντι
3050 2904 3105 2957 δὲ
3133 2902 3323 2972 ἐπειδὴ
3349 2901 3418 2956 τὰ
3447 2897 3775 2969 νομιζόμενα

2196 2998 2305 3060 τοῖς
2336 2995 2569 3065 ἱερεῦσιν
2597 2998 2625 3048 ὁ
2646 2994 3050 3065 Ἀσκληπιάδης
3095 2992 3403 3047 ἀποδιδόναι
3437 2992 3774 3060 παρεσκευά“

2196 3087 2338 3151 ζετο,
2370 3087 2440 3140 τά
2466 3104 2523 3140 τε
2554 3086 2689 3140 ἄλλα
2714 3086 2809 3139 καὶ
2837 3086 2934 3149 τὰς
2954 3084 3264 3156 ὐσιριάδας
3284 3084 3329 3118 ⁵⁸
3358 3082 3452 3137 ἐπὶ
3482 3083 3561 3152 τῷ
3592 3082 3773 3152 σώμα-

2194 3179 2307 3231 τι⁵⁰
2336 3177 2658 3247 περιϐολὰς,
2704 3176 2901 3231 αὐτίκα
2931 3175 3072 3245 φωτὶ
3105 3174 3485 3244 κατελάμπετο
3524 3173 3773 3242 πανταχῆ

514 3268 702 3333 diisse,
738 3268 916 3323 indice
956 3268 1156 3322 silentii
1198 3270 1365 3337 digito
1400 3268 1557 3323 labiis
1608 3270 1941 3336 adhaerente,
1970 3287 2078 3341 quo

2203 3269 2292 3322 :th
2312 3270 2561 3323 σινδόνων
2578 3270 2864 3341 ἀπόρρητα
2880 3270 3296 3340 διαγράμματα,
3311 3269 3403 3321 καὶ
3421 3270 3549 3339 περὶ
3574 3270 3717 3323 αὺτά
3732 3270 3772 3299 ⁸⁷

512 3362 676 3415 modo
708 3368 763 3414 et
807 3360 1044 3432 Egyptii
1090 3361 1399 3415 fabulantur
1447 3362 1637 3426 Orum,
1684 3374 1738 3418 et
1767 3375 1892 3421 ante
1922 3364 2087 3420 Orum

2203 3362 2504 3432 ιαθεωρᾶτο
2553 3362 2855 3433 φασμάτων
2902 3363 3016 3433 εἴδη
3063 3357 3509 3433 θεοπρεπῶν.Ἦν
3540 3362 3585 3417 δ’
3612 3360 3773 3415 αὑτοῦ

514 3453 680 3508 solem
723 3464 904 3508 natum
941 3469 1080 3510 esse.
1114 3454 1299 3525 Itaque
1325 3470 1445 3509 cum
1478 3456 1675 3527 digitus
1706 3455 1863 3511 labiis
1900 3457 2090 3510 adlim—

2203 3456 2283 3507 ιιαὶ
2307 3456 2341 3524 ή
2360 3454 2405 3485 ⁸⁸
2432 3454 2624 3524 πρώτη
2658 3454 2872 3523 γένεσις
2905 3454 3023 3524 ἱερά
3052 3455 3145 3507 καὶ
3162 3454 3207 3485 ⁵⁹
3245 3455 3479 3525 μυστική
3506 3469 3521 3484 θ
3556 3452 3771 3522 λέγεται

514 3554 679 3607 reret,
737 3547 973 3600 sectione
1018 3546 1092 3599 illi
1152 3546 1253 3601 fuit
1313 3561 1468 3615 opus,
1507 3558 1561 3601 et
1614 3546 1823 3600 labrum
1878 3562 2090 3616 semper

2203 3548 2243 3601 52-:
2265 3549 2308 3579 ⁶⁰
2346 3547 2624 3601 κατελθεῖν
2670 3547 2779 3601 ἀπὸ
2812 3548 2909 3618 τῆς
2957 3548 3164 3617 μητρὸς
3206 3550 3283 3612 είς
3313 3548 3373 3599 τὸ
3407 3548 3521 3615 φῶς
3549 3548 3642 3599 ἐπὶ
3664 3550 3775 3609 τοῖς

513 3635 706 3690 leviter
763 3636 955 3709 3431)
1015 3636 1245 3690 incisum
1314 3636 1652 3702 permansit,

514 3726 765 3780 omnibus
782 3728 991 3796 signum
1024 3727 1402 3783 inenarrabilis
1450 3727 1595 3782 illius
1641 3728 1957 3783 nativitatis.
1995 3728 2086 3784 Di-

513 3819 658 3873 citur
713 3819 935 3873 Proclus
994 3818 1305 3874 lleraiscum
1347 3837 1407 3877 se
1450 3822 1744 3877 doctiorem
1806 3822 2088 3879 confessus

513 3922 655 3966 esse.
736 3911 864 3976 Qua:
922 3912 1061 3965 enim
1118 3912 1206 3967 ille
1254 3913 1433 3977 scivit,
1470 3924 1525 3969 et
1563 3914 1854 3969 lleraiscus
1891 3926 2085 3980 norat;

512 4001 608 4057 sed
654 4017 773 4070 qua:
810 4003 1121 4070 lleraiscus,
1156 4021 1261 4059 non
1292 4005 1422 4061 item
1476 4006 1729 4061 Proclus.

1734 3640 2087 3707 conspicuum

2203 3644 2420 3712 (είλεσιν
2452 3642 2588 3713 ἔχων
2617 3642 2707 3695 τὸν
2738 3641 3174 3709 κατασιγάζοντα
3203 3638 3461 3693 δάκτυλον
3482 3678 3497 3704 ,
3527 3635 3641 3693 οἷον
3679 3642 3772 3692 Ai-

2194 3734 2413 3803 γύπτιοι
2448 3733 2802 3804 μυθολογοῦσι
2831 3732 3082 3802 γενέσθαι
3108 3732 3199 3785 τὸν
3215 3727 3401 3801 Ὦρον,
3434 3731 3530 3784 καὶ
3556 3731 3665 3800 πρὸ
3683 3730 3770 3784 τοῦ

2198 3829 2363 3897 Ὤρου
2389 3827 2479 3879 τὸν
2512 3827 2719 3880 Ἥλιον,
2751 3827 2863 3879 Καὶ
2904 3825 3079 3877 ἐπεὶ⁴⁵ι
3116 3822 3481 3891 συνεπεφύκει
3519 3824 3633 3885 τοῖς
3663 3823 3769 3892 χεί-

2192 3919 2339 3972 λεσιν
2364 3921 2392 3972 ὁ
2414 3918 2697 3983 δάκτυλος,
2733 3916 2925 3987 έδεήθη
2953 3915 3146 3987 τομῆς,
3180 3915 3274 3967 καὶ
3305 3914 3574 3983 διέμεινεν
3605 3916 3691 3968 ἀεὶ
3711 3916 3769 3967 τὸ

2196 4009 2363 4081 ’χεῖλος
2414 4008 2858 4079 ὑποτετμημένον
2906 4008 3053 4073 ἰδεῖν,
3084 4004 3351 4076 φανεροῦν
3369 4006 3411 4037 ⁸⁸
3443 4006 3503 4058 τὸ
3544 4009 3767 4076 σημεῖον

511 4097 610 4165 τῆς
640 4098 948 4172 ἀπορρήτου
981 4100 1265 4169 γενέσεως.
1297 4102 1529 4171 Λέγεται
1557 4102 1612 4155 δὲ
1643 4101 1739 4154 καὶ
1770 4103 1799 4155 ό
1843 4101 2082 4173 Πρόκλος
2120 4102 2313 4156 ἑαυτοῦ
2342 4103 2603 4174 ἀμείνω⁶³
2623 4103 2715 4157 τὸν
2743 4104 3033 4174 Ἡραῒσκον
3085 4104 3398 4173 ὁμολογεῖνο
3424 4102 3462 4157 ἃ
3502 4102 3607 4175 μὲν
3663 4102 3769 4174 γὰρ

512 4195 674 4257 αὐτὸς
698 4194 835 4265 ᾔδει,
870 4197 964 4249 καὶ
997 4197 1202 4248 ἐκεῖνον
1230 4195 1450 4259 εἰδέναι,
1484 4196 1520 4249 ὸ.
1544 4195 1601 4248 δὲ
1630 4195 1946 4264 Ἥραῖσκος,
1971 4197 2152 4249 οὐκέτι
2193 4196 2455 4268 Πρόκλον.

580 4288 719 4342 Dicit
751 4288 1097 4343 Anthemium
1146 4289 1331 4343 Roma!
1372 4291 1751 4359 imperatorem
1800 4292 2074 4361 gentilem,

2256 4294 2377 4347 Ὀτι
2434 4292 2713 4362 Ἀνθέμιον
2755 4283 2909 4356 οὗτος
2953 4292 3045 4345 τὸν
3090 4292 3305 4362 Ῥώμης
3371 4291 3761 4362 βασιλεύσαντα
3809 4283 3816 4337 ε

507 4394 564 4436 et
606 4396 729 4435 cum
759 4381 982 4445 Severo,
1024 4383 1113 4451 qui
1142 4382 1280 4435 idola
1334 4384 1605 4447 adoraret,
1631 4386 1889 4448 sensisse,
1920 4400 2075 4452 quem

2203 4385 2543 4457 ;λληνόφρονα
2564 4386 2657 4437 καὶ
2671 4385 2811 4453 όμόφ
2821 4383 3099 4455 ροναίΣεϐή
3110 4402 3200 4453 ρου
3230 4382 3321 4436 τοῦ
3342 4384 3581 4447 εἰδώλοις
3608 4403 3763 4456 προσ-

508 4470 624 4538 ipse
659 4472 933 4523 consulem
984 4470 1250 4538 designat,
1296 4480 1349 4524 et
1391 4471 1531 4524 inter
1576 4486 1634 4525 se
1688 4471 1895 4526 occulta
1937 4488 2068 4527 con-

506 4565 625 4617 silia
671 4564 907 4632 agitasse
949 4562 1015 4616 de
1055 4562 1378 4617 exsecrabili
1420 4562 1684 4618 idolorum
1718 4564 1863 4619 cultu
1906 4566 2077 4620 redin-

509 4659 785 4725 tegrando.
836 4655 983 4708 Illum
1028 4665 1081 4709 et
1146 4654 1454 4719 Leontium,
1512 4670 1669 4721 quem
1738 4655 1854 4725 ipse
1914 4656 2076 4723 elegit

506 4764 625 4801 cum
697 4746 913 4802 Zenone
973 4747 1298 4814 imperatore
1366 4747 1555 4807 eadem
1616 4755 1673 4801 et
1721 4747 1963 4801 sensisse
2017 4756 2072 4800 et

505 4840 740 4894 Voluisse
780 4838 825 4893 .n
880 4839 1181 4909 impietate,
1232 4839 1298 4893 ad
1338 4853 1455 4893 eam
1488 4839 1716 4893 ducente
1746 4836 2065 4907 Pamprepio

2184 4474 2541 4544 ανακειμένου
2566 4472 2689 4512 “J5
2720 4472 2862 4539 λέγει
2886 4471 2945 4523 ὃν
2970 4471 3130 4533 αὐτὸς
3160 4470 3363 4524 ὕπατον
3416 4474 3751 4541 χειροτονεῖ,

2186 4569 2278 4621 καὶ
2312 4567 2511 4637 ἀμφοῖν
2541 4560 2678 4617 εἶναι
2706 4564 2935 4635 κρυφίαν
2960 4562 3152 4633 βουλὴν
3197 4562 3256 4613 τὸ
3290 4563 3335 4593 ⁸⁸
3381 4562 3489 4614 τῶν
3522 4562 3752 4615 εἰδώλων

2188 4658 2353 4729 μύσος
2378 4656 2804 4711 ἀνανεώσασθαι.
2874 4655 2998 4707 Ὀτι
3054 4654 3149 4707 καὶ
3195 4653 3408 4705 Ἴλλουν
3460 4649 3618 4717 οὗτος
3672 4656 3759 4707 καὶ

2187 4751 2456 4815 Λέοντιον,
2484 4748 2541 4802 ὃν
2556 4750 2757 4809 ἐκεῖνος
2778 4748 3194 4816 ἀντιχειροτονεῖ
3217 4748 3259 4778 ⁸⁷
3281 4747 3489 4815 Ζήνωνι
3515 4746 3754 4816 βασιλέα,

2184 4842 2253 4894 τὰ
2284 4840 2425 4893 αὐτὰ
2448 4841 2542 4894 καὶ
2568 4842 2785 4909 φρονεῖν
2842 4840 2937 4893 καὶ
2970 4838 3254 4909 βούλεσθαι
3301 4838 3438 4911 πρὸς
3476 4839 3748 4907 ἀσέϐειαν,

1770 4949 2008 5005 VARle
2044 4951 2455 5007 LECTIONES.

602 5048 965 5117 ⁸¹γεννήμασι
1015 5048 1127 5109 τοῖς
1184 5044 1402 5107 οἰκείοις
1436 5062 1495 5108 ς.

505 5113 741 5171 correxit
779 5113 1061 5172 Fabricius
1085 5118 1291 5185 proleg.
1328 5118 1394 5169 ad
1421 5116 1615 5185 Marini
1639 5116 1735 5168 vit.
1770 5113 1947 5185 Procli
1987 5114 2304 5169 Boissunatl.
2336 5114 2476 5168 XLV
2514 5134 2526 5169 :
2557 5114 3041 5185 ἀναιρούμενονς.

503 5187 777 5241 καὶτοῦτο
832 5184 1350 5268 σημεῖονζὲποιεῖτο
1398 5184 1845 5268 τῆς.ἀφεδρείας
1899 5184 2206 5268 .‘SuidasdJ.

1598 5046 1644 5077 ⁸²
1673 5044 1768 5097 καὶ
1796 5053 1919 5098 ante
1948 5046 1989 5097 δ’
2054 5062 2162 5099 οιιι.
2200 5046 2263 5099 Β.

2370 5045 2415 5078 ⁸³
2447 5044 2796 5113 ἀναινόμενον
2852 5043 2918 5108 Α,
2979 5052 3036 5096 ttt
3070 5060 3099 5098 e
3130 5042 3293 5097 Suida
3324 5042 3397 5113 (γ,
3444 5040 3754 5113 [ηραῖσκοὴ

3117 5115 3162 5145 ⁸⁵
3199 5109 3464 5180 κεφαλὴν]
3494 5109 3751 5179 κεφαλὴν,

2305 5187 2353 5217 ³⁵
2382 5186 2644 5255 Ὀσίριδος
2676 5185 2752 5255 id.
2827 5184 3112 5255 “Actibpd‘tl
3139 5184 3203 5255 Α,
3280 5184 3324 5216 ⁵⁷
3352 5183 3517 5255 αὐτὸν
3547 5195 3601 5235 et
3632 5196 3753 5255 [nox

504 5251 1043 5326 φαντασμάτωνἐῐδη
1076 5256 1377 5325 θεοπρεπῆ,
1413 5251 1835 5333 ἐπιδεικνύντῳγ
1866 5255 2193 5333 ἰε-ῂνέξκυχὴνἶ
2218 5251 2840 5333 εέναργῶςεξποίρις.ἄρα¹
2870 5251 3011 5316 θεοῖς
3044 5254 3287 5333 ἐγεγόνει
3324 5252 3601 5333 συνέστιος
3626 5251 3745 5331 8ρὶ-

503 5333 623 5382 das.
715 5329 759 5360 ⁵⁸
798 5330 890 5380 καὶ
917 5330 948 5396 ή
973 5330 1011 5379 Α
1042 5346 1053 5379 :
1086 5327 1114 5379 ὃ
1147 5330 1238 5380 καὶ
1272 5330 1302 5395 ἠ
1338 5343 1395 5389 ς.

506 5401 548 5431 ⁶¹
588 5400 683 5452 καὶ
728 5396 885 5465 ἐπεὶ]
923 5395 1213 5467 τοιγαροῦν
1262 5397 1456 5467 ἐπείγοι
1485 5395 1558 5449 id.

505 5469 621 5500 “'"
654 5469 1037 5538 ἑλληνόφαρον.
1088 5466 1095 5467 ί
1129 5466 1489 5536 ἀνακειμένου
1516 5484 1578 5530 ς.

1486 5324 1535 5355 δ’
1562 5326 1682 5357 [enin
1705 5324 1821 5357 νηὶ]
1851 5324 1927 5357 vi."
1980 5324 2086 5357 λης-ι
2163 5324 2352 5357 Rutula}

1562 5326 1684 5395 ἱερὰ
1705 5322 1822 5393 καὶ]
1851 5322 1929 5392 τῷ
1980 5322 2095 5378 ὄντι
2163 5322 2376 5379 Suidas.
2482 5325 2525 5355 ⁸ο
2554 5323 2633 5395 δὲ]
2654 5322 2773 5393 γάρ
2792 5325 2931 5377 idem
2958 5366 2972 5388 ,
3001 5324 3220 5377 mntssis

1663 5396 1707 5425 θ’
1736 5394 2004 5465 φανεροῦν
2044 5397 2119 5465 ᾼε
2156 5396 2388 5465 φανερὸν
2420 5413 2478 5459 ς’,
2526 5393 2701 5449 ἅπασι
2730 5393 2962 5464 φανερὸν
3012 5393 3224 5447 Suidas.

1658 5465 1702 5496 “
1723 5464 1782 5516 τὸ
1809 5479 1918 5518 ozn.
1948 5481 2030 5533 pr.
2069 5464 2127 5518 B.
2204 5467 2246 5496 ‘7
2269 5464 2565 5535 χειροτονεῖ
2595 5482 2655 5529 ς.

2482 5325 2525 5355 ⁸ο
2546 5323 2633 5395 δὲ]
2654 5320 2931 5395 γάρ’ἱιίειιι
2958 5366 2972 5388 ,
3001 5320 3220 5395 οίιιιιεείε
3249 5338 3378 5395 ιιιοῃΔ
3408 5323 3491 5395 εἰς
3525 5321 3588 5395 τὸ
3621 5320 3746 5395 φῷς.

3337 5392 3382 5424 ⁸³
3412 5392 3673 5462 ἀμείνονα
3696 5389 3746 5441 li.

2032 5558 2263 5613 NOTAE.

576 5662 687 5732 (l7)
733 5659 1009 5714 Plutarch.
1043 5659 1114 5713 De
1147 5646 1357 5713 solertia
1386 5634 1622 5713 animal.
1650 5668 1701 5712 et
1723 5657 1969 5732 Adlianus
1990 5656 2086 5711 lib.

501 5749 576 5785 vn
608 5772 621 5794 ,
655 5730 768 5800 cap.
804 5734 856 5786 8.
892 5732 1121 5800 Orygcm
1182 5732 1533 5785 sternutando
1585 5730 1846 5783 caniculae
1894 5740 2069 5800 ortum

504 5804 665 5857 \‘clttti
714 5797 983 5869 venerari,
1009 5797 1231 5857 'auctor
1285 5811 1367 5856 est
1419 5800 1619 5855 l‘linius
1648 5801 1739 5854 lib.
1780 5814 1840 5863 ll,
1875 5813 1923 5853 c.
1954 5797 2023 5851 40
2055 5813 2069 5861 ;

2192 5666 2250 5710 et
2278 5654 2375 5709 lib.
2410 5670 2529 5721 \‘lll,
2561 5669 2608 5708 c.
2639 5653 2749 5718 5‘5;
2789 5652 3060 5707 Aristoteli
3094 5652 3403 5721 μονόκερως
3424 5658 3507 5703 εει
3547 5648 3640 5721 lib.
3698 5662 3748 5721 nt

2186 5728 2255 5779 I)e
2302 5735 2439 5795 part.
2499 5718 2721 5795 animal.
2774 5740 2892 5795 cap.
2946 5724 3004 5785 2,
3037 5718 3218 5795 ctlib.
3249 5718 3497 5795 tt,_ﬂist.
3532 5718 3748 5775 animat.

2180 5789 2310 5867 Cap.
2333 5797 2382 5851 l.
2426 5794 2552 5850 Vide
2586 5789 3005 5865 llurapoliinem,
3036 5792 3124 5847 lib.
3160 5809 3199 5859 ι,
3229 5807 3278 5846 c.
3309 5789 3394 5846 49.
