4050 6390
225 395 246 459 1
258 399 363 462 277

1250 409 1775 475 BIBLIOTIIECA.
1816 438 1886 450 -
1924 417 2088 478 COD.
2120 418 2396 480 CCXLII.

3359 424 3497 488 127‘}

224 513 590 583 ιιαμπρεπίου
623 514 757 587 πρὸς
807 516 1014 585 ταύτην
1064 518 1259 581 αὐτοὺς
1302 520 1650 587 ὲλκύσαντος,
1689 524 1809 577 δια-

1940 531 2129 584 ιεεεινίι.
2162 531 2470 601 Pamprepii
2504 546 2676 601 nugas
2711 539 2765 586 et
2796 531 3169 589 infidelitatem
3205 547 3330 604 erga
3361 538 3503 591 ami-

222 604 485 659 τείνεται.
518 607 642 660 Ὀτι
698 609 1063 679 Παμπρεπίου
1127 612 1171 641 ⁶⁸
1218 612 1280 664 τὸ
1336 615 1689 684 τερατολόγον
1728 618 1821 671 καὶ

222 700 587 754 ἀπιστότατον
610 702 803 771 φίλοις,
832 704 926 756 καὶ
977 704 1070 756 τὸν
1105 705 1283 772 βίαιον
1322 705 1573 771 θάνατον,
1609 711 1818 778 ὁμοίως

225 793 347 855 τοῖς
379 792 561 855 ἄλλοις
587 795 681 845 καὶ
702 794 863 856 αὐτὸς
896 797 1104 866 ιστορεί
1125 814 1137 827 ·
1155 793 1223 867 ἦν
1246 798 1290 850 6‘
1324 800 1621 868 Αἰγύπτιος
1641 802 1820 868 γένος,

224 884 430 953 τέχνην
496 887 879 955 γραμματικὸς
954 889 983 941 6
1068 890 1453 960 Παμπρέπιος.
1528 895 1643 947 Ούκ
1701 896 1817 964 εἰμὶ

229 976 516 1045 πρόθυμος
564 980 797 1049 πρᾶγμα
834 980 1015 1049 λέγειν
1066 985 1160 1035 καὶ
1220 984 1413 1053 ἄδηλον
1462 986 1541 1048 εἰς
1562 986 1822 1056 ἀλήθειαν

1927 636 2040 688 cos,
2093 624 2497 693 violentamque
2528 634 2780 689 mortem,
2835 628 3023 681 eodem
3064 642 3169 697 quo
3198 628 3287 683 alii
3344 630 3503 684 modo

1927 724 1983 771 et
2019 717 2159 771 idem
2191 719 2415 772 scribit:
2459 717 2557 771 fuit
2607 732 2803 787 genere
2828 717 3143 787 Egyptius,
3182 733 3296 773 arte
3327 732 3505 786 gramx

1929 810 2181 864 maticus.
2244 810 2359 865 Non
2397 825 2513 865 sum
2551 824 2832 880 promptus
2871 813 2936 866 ad
2994 827 3106 867 rem
3152 815 3499 879 narrandam,

1934 900 2090 971 cujus
2139 903 2358 957 “incerta
2409 911 2494 957 est
2547 906 2770 969 veritas,
2807 914 2861 958 et
2891 914 3013 974 apta
3071 906 3137 959 ad
3189 906 3503 960 inimicitias

1929 991 2302 1046 concitandas.
2370 992 2700 1063 Relinquens
2737 996 2903 1065 igitur
2959 994 3239 1065 Pythium,
3292 995 3356 1048 ad
3396 994 3503 1047 He-

230 1069 329 1157 καὶ
401 1070 694 1139 πρόχειρον
758 1076 837 1137 εἰς
909 1074 1479 1147 φιλαπεχθημοσύνην.
1554 1078 1821 1149 Βούλομαι

1940 1080 2157 1136 'aiscum
2225 1086 2420 1138 reverti
2492 1086 2614 1141 volo
2683 1084 2996 1151 Eubcuum,
3073 1087 3159 1141 cui
3228 1087 3506 1157 promissa:

231 1155 291 1207 δὲ
345 1159 441 1210 καὶ
502 1160 660 1227 ἀφεὶς
716 1162 815 1231 ἤδη
875 1164 965 1217 τὸν
1014 1164 1287 1236 [5591].]
1341 1168 1539 1221 Πύθιον
1585 1170 1675 1221 ἐπὶ
1731 1169 1823 1222 τὸν

1940 1173 2118 1244 :apitis
2149 1189 2317 1230 comae
2362 1176 2414 1230 in
2464 1176 2721 1232 humeros
2760 1178 3141 1232 demittuntur.

246 1251 539 1321 Ἡραῖστον
576 1255 893 1310 ἐπανελθεῖν
926 1258 1019 1311 τὸν
1078 1260 1307 1314 σκύϐιέα
1340 1263 1410 1329 ⁸³,
1471 1262 1729 1317 ἀνεϐόα⁷⁰
1771 1264 2029 1335 μέγιστον
2084 1269 2228 1322 ὅσον.
2276 1269 2387 1340 Τῆς
2418 1272 2462 1304 τί
2490 1272 2732 1341 κεφαλῆς
2759 1272 2815 1324 αἱ
2842 1271 3009 1341 κόμαι
3048 1269 3297 1324 καθεῖντο
3348 1268 3507 1339 μέχρι

231 1348 348 1400 τῶν
378 1347 565 1418 ὤμων.

311 1439 437 1491 Ὅτι
466 1441 710 1504 Φοίνικες
760 1444 851 1496 καὶ
902 1443 1063 1515 Σύροι
1095 1445 1189 1500 τὸν
1222 1447 1433 1518 Κρόνον
1457 1448 1560 1501 Ἦλ
1584 1450 1680 1504 καὶ
1712 1447 1824 1521 Βὴλ

1996 1449 2288 1507 Phoenices
2332 1458 2387 1504 et
2422 1449 2546 1519 Syri
2572 1447 2889 1513 Saturnum,
2926 1446 3010 1511 El,
3044 1457 3097 1502 et
3124 1446 3235 1514 Bel,
3268 1456 3322 1502 et
3358 1447 3511 1503 Bola-

242 1536 343 1586 καὶ
406 1535 663 1606 Βωλαθὴν
693 1538 739 1569 ⁷³
803 1540 1251 1611 ἐπονομάζουσιν.
1325 1544 1619 1614 Ἐνὲϐησαν
1640 1545 1687 1577 ⁷³
1727 1545 1826 1616 μὲν

1940 1540 2058 1594 then
2122 1538 2424 1593 nominant.
2490 1536 2609 1606 Ipse
2630 1546 2685 1592 et
2735 1538 3149 1607 Asclepiodotus
3208 1537 3334 1592 olim
3392 1536 3511 1607 ejus

236 1628 319 1687 εἰς
348 1628 408 1681 τδ
441 1629 656 1700 ῥεῖθρον
683 1631 778 1684 τοῦ
828 1634 1148 1705 Μαιάνδρου
1194 1636 1552 1707 διανήξασθαι
1579 1639 1825 1708 ποταμοῦ

235 1716 407 1780 αὑτός
433 1735 493 1770 τε
540 1722 632 1773 καὶ
676 1723 705 1775 6
755 1722 1209 1792 Ἀσκληπιόδοτος
1246 1725 1292 1757 ’⁷⁸⁵
1337 1728 1365 1778 6
1396 1727 1561 1781 πάλαι
1592 1728 1830 1795 γεγονὼς

239 1810 591 1878 παιδαγωγὸς
632 1814 794 1867 αὑτοῦ
816 1832 831 1846 ·
860 1816 887 1867 6
923 1815 980 1868 δὲ
1027 1819 1167 1885 σφᾶς
1194 1819 1252 1871 ἐν
1286 1820 1476 1887 μέσαις
1510 1822 1630 1881 ταῖς
1657 1820 1829 1884 δίναις

238 1902 555 1965 ἀπολαϐὼν,
603 1906 630 1957 6
670 1906 999 1975 Μαίανδρος.
1053 1909 1643 1979 ὑποϐρυχίουςέποξει,
1670 1911 1771 1975 ἕως
1802 1915 1829 1965 6

252 1990 705 2061 Ἀσκληπιόδοτος
738 1997 830 2047 ἐπὶ
869 1998 1068 2067 μικρὸν
1113 2000 1331 2063 ἀναδὺς,
1378 2001 1499 2053 ὅσον
1531 2000 1829 2055 θεάσασθαι

237 2088 334 2139 τὸν
356 2088 529 2157 ἥλιον,
559 2090 1068 2161 Ἀποθνήσκομεν,
1095 2094 1196 2163 ἔφη
1217 2093 1310 2148 καί
1326 2111 1377 2147 τι
1402 2094 1711 2166 προσθεῖναι
1736 2096 1829 2148 καλ⁸

236 2180 555 2251 ἀπόρρητον
578 2182 841 2253 ἠδυνήθη.
880 2186 1013 2238 Τότε
1044 2186 1099 2238 δὲ
1144 2187 1422 2255 ἐξαίφνης,
1451 2188 1547 2240 ἀπ’
1573 2188 1830 2258 οὐδεμιᾶς

237 2273 486 2341 φανερᾶς
537 2275 908 2342 προμηθείας,
956 2276 1050 2328 ἐπί
1099 2277 1199 2345 τῆς
1261 2277 1427 2346 ὄχθης
1479 2278 1688 2331 ἔκειντο
1734 2279 1826 2331 τοῦ

238 2363 513 2433 ποταμοῦ,
544 2366 844 2436 ἡμιθνῆτες
869 2384 883 2398 ·
909 2363 1029 2421 εἶτα
1054 2369 1495 2439 ἀνακτησάμενοι
1525 2370 1624 2433 τὰς
1648 2370 1828 2439 ψυχὰς

238 2453 605 2524 ἀνεχώρησαν
633 2455 691 2521 ἐξ
715 2456 895 2509 αὐτῶν
930 2457 1036 2511 τῶν
1057 2475 1119 2526 γε
1139 2458 1233 2510 τοῦ
1255 2458 1379 2529 ᾅδου
1401 2461 1705 2529 ῥευμάτων.
1727 2459 1830 2513 UB-

235 2561 351 2607 τως
389 2546 570 2600 ἔνθεον
603 2549 870 2618 ἐκτήσατο
914 2548 1142 2617 δύναμιν
1181 2552 1208 2602 6
1242 2550 1711 2620 Ἀσκληπιόδοτος,
1739 2554 1830 2604 καὶ

238 2637 417 2692 ταῦτα
453 2638 591 2707 μετά
642 2639 738 2691 τοῦ
776 2638 1025 2708 σώματος
1048 2638 1126 2692 ἐτι
1163 2638 1258 2695 ὧν.
1311 2639 1640 2702 Ἀπόλλωνος
1662 2640 1831 2704 αὐλὰς

237 2728 403 2782 τοῦτο
427 2729 484 2783 δὲ
523 2730 582 2782 τὸ
612 2729 808 2800 χωρίον
858 2732 907 2783 οἱ
945 2732 1124 2801 Κᾶρες
1164 2730 1445 2787 καλοῦσιν.
1502 2733 1561 2785 Ὀ
1602 2733 1832 2803 ’Λσκλη-

240 2822 492 2884 πιόδοτος
512 2821 693 2874 τοίνυν
727 2821 835 2875 ἀπὸ
878 2823 987 2874 τῶν
1034 2823 1213 2875 αὐλῶν
1238 2824 1313 2885 εἰς
1340 2824 1721 2892 Ἀφροδισιάδα
1748 2824 1829 2878 οτ-

240 2911 374 2965 καδε
409 2914 865 2985 ἐπανερχόμενος,
894 2914 997 2984 ἥδη
1030 2915 1126 2984 μὲν
1166 2916 1194 2967 6
1249 2915 1401 2985 ἣλιος
1432 2915 1690 2979 ἐδεδύκει,
1720 2918 1746 2968 6
1775 2916 1831 2968 δὲ

239 3005 588 3075 παραχρῆμα
642 3006 1038 3060 ἀνατέλλουσαν
1104 3008 1366 3061 ἐθεάσατο
1443 3010 1542 3078 τὴν
1601 3010 1831 3079 σελήνην

240 3099 412 3172 [1052
444 3098 537 3173 8.]
565 3098 650 3153 οἷα
682 3101 1018 3171 πανσέληνον
1042 3100 1226 3155 οὖσαν.
1261 3102 1452 3154 Καίτοι
1482 3102 1583 3155 οὐκ
1606 3096 1673 3173 ἦν
1709 3104 1766 3155 ἐν
1785 3103 1829 3133 ⁷⁵

1932 1631 2197 1702 magister
2262 1630 2329 1683 ad
2401 1628 2695 1683 natandum
2732 1631 2783 1683 in
2821 1629 3160 1683 Maeandrum
3217 1628 3512 1683 descende-

1934 1731 2076 1777 rant.
2137 1721 2409 1776 Maeander
2457 1729 2717 1789 utrosque
2777 1721 2972 1775 mediis
3022 1720 3323 1775 vorticibus
3380 1720 3514 1773 hau-

1933 1816 2083 1869 riens
2122 1814 2222 1868 sub
2261 1827 2457 1882 aquam
2500 1813 2681 1877 traxit,
2726 1812 2899 1867 donec
2928 1811 3341 1880 Asclepiodotus
3376 1827 3505 1880 pau-

1938 1908 2046 1963 lum
2107 1906 2385 1969 elevatus,
2456 1915 2516 1959 ut
2581 1905 2753 1974 possit
2809 1906 2975 1959 solem
3039 1906 3274 1969 intueri,
3343 1905 3515 1958 Mori-

1936 2015 2075 2064 mur,
2123 1999 2333 2068 inquit,
2372 2006 2426 2053 et
2456 1998 2658 2067 aliquid
2717 1997 2997 2052 infandum
3055 1999 3257 2052 addere
3317 1998 3512 2066 potuit.

1936 2090 2072 2145 Tum
2129 2106 2257 2145 vero
2309 2100 2552 2159 repente,
2599 2088 2741 2143 nulla
2778 2099 2961 2158 aperta
3004 2090 3248 2144 adhibita
3299 2105 3421 2160 ope,
3458 2090 3515 2144 in

1936 2184 2049 2252 ripa
2084 2181 2322 2236 ﬂuminis
2348 2182 2603 2252 iacebant
2631 2181 3010 2235 semimortui:
3060 2182 3254 2237 deinde
3317 2183 3513 2238 animis

1939 2275 2171 2339 receptis
2200 2289 2231 2328 e
2266 2273 2455 2327 mortis
2498 2272 2754 2327 ﬂuctibus
2813 2271 3028 2327 liberati
3057 2283 3203 2327 sunt.
3255 2274 3404 2327 Adeo
3436 2274 3519 2326 di-

1936 2366 2115 2419 vinam
2171 2366 2425 2420 virtutem
2477 2365 2530 2419 in
2566 2380 2627 2420 se
2690 2364 3130 2433 Asclepiodotus,
3192 2374 3247 2419 et
3294 2364 3515 2434 quidem

1938 2457 1990 2511 in
2020 2472 2247 2526 corpore
2276 2458 2452 2515 adhuc
2482 2459 2773 2522 exsistens,
2801 2456 3139 2511 continebat.
3164 2455 3332 2511 Cares
3366 2456 3515 2509 illam

1939 2552 2212 2619 regionem
2274 2550 2538 2619 Apollinis
2605 2550 2772 2604 Aulas
2802 2548 2879 2621 [id
2922 2559 3024 2613 est,
3067 2549 3254 2621 tibias]
3280 2550 3518 2619 appella-

1938 2644 2085 2697 bant.
2118 2642 2527 2712 Asclepiodotus
2562 2642 2726 2711 igitur
2751 2642 2901 2697 Aulis
2934 2642 3155 2697 domum
3180 2644 3246 2696 ad
3298 2641 3523 2697 Veneris

1937 2738 2149 2801 urbem,
2187 2736 2301 2790 sole
2330 2736 2631 2801 occidente,
2668 2750 2921 2790 reversus
2975 2745 3080 2790 est.
3137 2737 3333 2791 Statim
3393 2752 3523 2789 vero

1939 2827 2118 2880 lunam
2153 2826 2416 2882 orientem
2446 2827 2558 2896 jam
2606 2827 2823 2896 plenam
2873 2828 3029 2890 vidit,
3072 2844 3380 2897 quanquam
3414 2844 3520 2884 non

1938 2929 2083 2973 esset
2127 2920 2178 2972 in
2227 2918 2402 2988 signo,
2434 2920 2575 2988 quod
2605 2918 2799 2991 354:1
2828 2935 2858 2973 e
2892 2920 3159 2973 diametro
3208 2919 3306 2973 soli
3356 2934 3523 2987 oppo-

1939 3013 2041 3065 sita
2092 3021 2230 3066 erat.
2273 3010 2379 3066 Sed
2435 3011 2678 3081 profecto
2708 3022 2759 3065 et
2794 3011 2933 3065 hanc
2982 3012 3267 3079 imaginem
3342 3010 3523 3065 abole-

1940 3104 2035 3167 vit,
2064 3118 2183 3172 quae
2212 3104 2390 3158 omnia
2424 3104 2603 3161 abolet
2629 3104 2945 3158 necessitas.
2976 3103 3376 3158 Alexandrinus
3400 3114 3521 3157 erat

237 3190 321 3259 τῷ
348 3191 731 3261 διαμετροῦντι
783 3191 959 3262 ζωδίῳ
1001 3192 1092 3245 τὸν
1166 3193 1339 3261 ἥλιον.
1396 3192 1558 3246 ’Λλλά
1604 3193 1669 3263 δὴ
1737 3194 1830 3246 καὶ

1941 3195 2158 3249 natione
2202 3212 2215 3249 :
2260 3195 2434 3263 quoad
2472 3196 2698 3249 fortuna:
2746 3195 2883 3249 bona
2939 3194 3203 3261 obscuris,
3241 3206 3398 3250 natus
3430 3210 3525 3264 pa-

237 3282 403 3337 τοῦτο
430 3283 492 3336 τδ
515 3284 736 3354 ἄγαλμα
766 3284 1016 3337 καθεῖλεν
1069 3285 1101 3355 ἡ
1144 3285 1321 3337 πάντα
1364 3284 1434 3338 τὰ
1458 3285 1660 3355 ἀρχαῖα
1683 3285 1817 3338 καθ-

1951 3288 2218 3353 rentibus,
2262 3288 2498 3355 alioquin
2541 3289 2726 3358 probis
2753 3297 2807 3343 et
2839 3290 2963 3358 piis.

239 3376 439 3439 ελοῦσα
489 3376 724 3445 ἀνάγκη.
796 3376 1179 3447 Ἀλεξανδρεὺς
1230 3372 1299 3448 ἦν
1360 3377 1421 3431 τὸ
1476 3379 1656 3447 γένος,
1698 3378 1800 3431 οὐκ
1865 3379 2147 3448 ἐπιφανῶν
2204 3381 2406 3450 γονέων
2468 3382 2537 3435 τὰ
2591 3382 2700 3435 ἀπὸ
2738 3381 2836 3450 τῆς
2876 3380 3071 3452 τύχης,
3148 3382 3409 3435 ἐπιεικῶν
3476 3382 3525 3435 δ’

238 3470 421 3533 άλλως
454 3470 549 3525 καὶ
590 3470 773 3538 ἱερῶν.

313 3560 440 3613 Ὅτι
473 3561 603 3631 περὶ
640 3560 896 3613 Ἰακώϐου
926 3559 1019 3613 τοῦ
1054 3559 1260 3631 ἰατροῦ,
1291 3560 1349 3625 6;
1371 3562 1416 3593 ⁷⁸
1444 3562 1612 3630 ἐγγὺς
1642 3562 1739 3631 μὲν
1772 3562 1831 3615 τὸ

238 3653 401 3723 γένος
430 3652 814 3722 Ἀλεξανδρεὺς
844 3648 932 3721 ἦν,
962 3652 1315 3723 πορρώτερον
1354 3654 1398 3706 δ’
1430 3655 1493 3706 ἐκ
1516 3653 1832 3724 Δαμασκοῦ,

241 3746 360 3810 υίὸς
383 3745 428 3798 δ’
462 3744 648 3816 ἰατροῦ
682 3752 734 3815 μ’
760 3746 853 3815 ἐτη
906 3748 971 3816 τῇ
1003 3746 1171 3817 πείρᾳ
1220 3746 1584 3815 σχολάσαντος
1610 3748 1705 3799 καὶ
1741 3764 1835 3817 μι-

240 3838 381 3909 κροῦ
420 3838 520 3909 τὴν
580 3838 913 3909 οἰκουμένην
943 3839 1035 3891 ἐπὶ
1088 3838 1367 3908 γυμνασίᾳ
1413 3839 1507 3891 καὶ
1536 3838 1717 3910 κρίσει
1739 3839 1840 3909 τῆς

242 3931 445 4002 τέχνης
474 3931 815 3996 ἐπελθόντος,
850 3932 906 3993 ὂς
935 3931 1029 3984 καλ⁸
1081 3930 1173 3983 τὸν
1222 3930 1482 3984 Ἰάκωϐον
1506 3930 1606 4000 τὴν
1650 3932 1837 4001 ἰατρι-

244 4024 351 4093 κὴν
380 4024 427 4055 ’⁷
460 4024 553 4076 τὸν
582 4024 745 4077 παῖδα
774 4025 865 4076 ἐπὶ
894 4023 989 4093 ἐτη
1015 4024 1083 4077 τὰ
1112 4024 1203 4076 ἴσα
1247 4022 1545 4087 ἐδιδάξατο,
1575 4023 1702 4092 περὶ
1729 4021 1841 4074 τοί-

242 4132 342 4170 νυν
372 4116 527 4169 τοῦδε
558 4116 653 4169 τοῦ
694 4116 981 4181 Ἰακώϐου,
1035 4115 1222 4185 ὥσπερ
1253 4116 1345 4167 καὶ
1385 4114 1557 4180 ἄλλοι,
1598 4113 1767 4165 πολλὰ
1788 4113 1833 4144 ⁷⁸

244 4208 530 4279 παράδοξα
557 4209 726 4276 λέγει,
747 4210 840 4261 καὶ
879 4207 954 4269 ώς
986 4206 1226 4270 ἀκούσας
1261 4208 1493 4274 γυναῖκα
1539 4207 1839 4275 πταρεῖσαν

244 4302 592 4373 ἁθροώτερον
612 4304 818 4365 πάντας
850 4301 1145 4356 ἀποϐαλεῖν
1188 4301 1315 4363 τοὺς
1343 4300 1583 4362 ὀδόντας,
1616 4300 1681 4352 ἐκ
1707 4298 1833 4351 τού-

242 4412 339 4449 του
376 4397 538 4467 μόνου
590 4394 684 4449 τοῦ
744 4394 1154 4463 συμϐεϐηκότος
1199 4395 1441 4445 ἀνειπεῖν
1473 4393 1540 4444 τὰ
1573 4388 1837 4461 περὶτῆς

243 4491 507 4560 γυναικὸς
528 4488 765 4552 ἅπαντα,
804 4484 942 4550 εἶδός
981 4504 1038 4539 τε
1091 4488 1185 4540 καὶ
1212 4485 1408 4556 χρῶμα
1444 4483 1694 4553 σώματος
1741 4481 1838 4536 καὶ

2017 3562 2091 3618 De
2158 3560 2359 3617 Jacobo
2419 3561 2632 3616 medico
2662 3560 2774 3630 (qui
2807 3563 3029 3629 pr0pius
3070 3560 3288 3631 quidem
3328 3577 3528 3631 genere

1946 3655 2345 3711 Alexandrinus
2393 3663 2530 3720 erat,
2569 3653 2782 3723 longius
2811 3652 3206 3721 Damascenus,
3243 3654 3384 3709 illius
3412 3670 3528 3709 me-

1945 3748 2073 3811 dici,
2103 3748 2193 3816 qui
2234 3747 2593 3815 quadraginta
2656 3762 2827 3800 annos
2870 3746 2921 3799 in
2952 3746 3288 3815 experientia
3338 3762 3532 3816 posue-

1945 3851 2064 3904 rat,
2097 3850 2152 3894 et
2180 3852 2317 3907 pene
2371 3839 2557 3892 orbem
2608 3849 2877 3893 terrarum
2936 3840 3325 3893 exercitatione
3367 3839 3530 3894 artis-

1947 3946 2051 4001 que
2106 3930 2308 3997 judicio
2363 3932 2621 3999 pervasit,
2671 3931 2761 3999 qui
2801 3940 2856 3985 et
2900 3928 3162 3985 Jacobuut
3205 3932 3371 3985 lilium
3411 3946 3529 3985 me-

1949 4024 2121 4079 dicam
2174 4033 2343 4076 artem
2415 4022 2632 4077 totidem
2708 4037 2876 4077 annos
2932 4023 3159 4090 docuit),
3208 4022 3277 4078 de
3329 4022 3532 4077 Jacobo

1950 4117 2133 4184 igitur,
2159 4114 2610 4183 quemadmodum
2653 4124 2707 4167 et
2746 4114 2860 4178 alii,
2896 4114 3163 4167 mirabilia
3198 4115 3349 4176 dicit,
3385 4116 3529 4182 quod

1949 4207 2173 4262 audiens
2198 4207 2481 4260 mulierem
2508 4216 2905 4260 sternutantem
2943 4206 3301 4275 frequentius,
3337 4220 3527 4259 onmes

1949 4299 2193 4353 amiserit
2228 4301 2437 4363 dentes,
2466 4299 2673 4367 hocque
2707 4298 2821 4353 solo
2856 4299 3158 4362 accidente,
3195 4298 3373 4351 omnia
3406 4313 3527 4368 qua:

1949 4389 2014 4442 ad
2046 4387 2320 4441 mulierem
2363 4397 2631 4456 spectant,
2668 4397 2723 4442 et
2752 4387 2979 4441 formam
3018 4388 3365 4456 coloremque
3402 4403 3525 4442 cor-

1939 4485 2111 4551 poris,
2170 4491 2221 4534 et
2283 4482 2728 4550 magnitudinem,
2785 4491 2839 4535 et
2888 4482 2938 4533 in
2972 4481 3150 4533 anima
3220 4482 3531 4549 quicunque

248 4584 483 4655 μέγεθος
516 4584 611 4635 καὶ
640 4583 737 4651 τῆς
771 4581 949 4651 ψυχῆς
998 4581 1098 4632 ὅσα
1149 4581 1497 4648 φυσικώτερα
1526 4578 1634 4631 τῶν
1666 4576 1830 4646 ἠθῶν.

1946 4583 2153 4626 natura:
2203 4588 2383 4627 mores
2419 4573 2590 4640 magis
2630 4574 3003 4637 convenirent,
3056 4573 3375 4627 enuntiarit.
3437 4568 3530 4624 Ja-

247 4680 374 4731 Ὀτι
396 4679 423 4729 ὁ
454 4675 550 4730 τοῦ
592 4676 848 4729 Ἰακώϐου
881 4674 1062 4744 πατὴρ
1094 4673 1231 4741 μετὰ
1264 4672 1361 4743 τὴν
1405 4670 1607 4741 πολλὴν
1638 4671 1736 4739 τῆς
1761 4670 1837 4721 ol-

246 4770 523 4839 κούμένης
555 4768 761 4839 πλάνην
794 4763 925 4839 ἦλθε
988 4768 1079 4818 καὶ
1105 4768 1183 4829 εἰς
1230 4765 1291 4816 τὸ
1340 4764 1649 4827 Βυζάντιον,
1683 4760 1835 4829 φησὶ,

247 4862 497 4923 καὶτοὺς
526 4859 760 4913 ἐνταῦθα
808 4859 1106 4911 κατέλαϐεν
1142 4858 1379 4926 ἰατροὺς,
1418 4854 1568 4907 οὐδὲν
1604 4854 1707 4924 ἄρα
1739 4854 1837 4922 τῆς

246 4954 449 5022 τέχνης
482 4951 878 5021 ἐπισταμένους
918 4948 1146 5020 ἀκριϐὲς
1173 4948 1295 5000 οὐδὲ
1323 4947 1668 5016 αύτόπειρον,
1699 4946 1838 4998 ἀλλά

250 5045 359 5099 ἀπὸ
404 5044 499 5097 τῶε
549 5043 844 5114 ἀλλοτρίων
882 5042 1256 5111 δοξασμάτων,
1302 5041 1361 5092 ού
1403 5038 1831 5109 θεραπεύοντας,

249 5136 387 5190 ἀλλά
411 5135 813 5206 φλυαροῦντας.
843 5136 1072 5202 (Ἄμφω
1101 5133 1178 5196 δὲ,
1198 5132 1292 5184 καὶ
1317 5133 1344 5184 6
1373 5135 1502 5193 παῖς
1536 5132 1629 5184 καὶ
1658 5133 1685 5183 6
1709 5132 1833 5198 φὺς,

249 5228 447 5281 ἀσεϐἐε
477 5229 521 5260 ⁷⁸
556 5228 725 5298 ⁴’ἕλει-την
746 5227 834 5296 ⁸⁸.)
880 5227 1002 5279 Ὀτι
1055 5225 1292 5294 ἐχρῶντο
1345 5224 1485 5276 κατὰ
1513 5223 1619 5275 τῶν
1664 5224 1836 5275 νόσων

250 5315 399 5375 οὗτοι
430 5320 750 5389 καθαρσίοις
771 5319 983 5381 πολλοῖς
1015 5320 1103 5370 καὶ
1137 5317 1461 5386 βαλανείοις,
1491 5317 1835 5385 χειρουργεῖν

1947 4665 2087 4725 cobi,
2142 4664 2334 4733 inquit,
2377 4675 2528 4732 pater
2552 4676 2674 4733 post
2708 4665 2902 4718 multos
2956 4680 3050 4731 per
3094 4666 3278 4718 orbem
3316 4678 3533 4719 errores

1946 4756 2261 4825 Byzantium
2288 4756 2456 4820 venit,
2481 4767 2533 4809 et
2568 4756 2803 4810 medicos
2836 4756 2905 4809 ibi
2942 4757 3161 4825 reperit,
3192 4755 3281 4825 qui
3312 4757 3444 4809 nihil
3474 4756 3529 4811 in

1946 4857 2060 4901 arte
2118 4862 2213 4901 sua
2266 4846 2503 4916 perfecte
2560 4850 2784 4912 scirent,
2847 4862 2944 4902 nec
3003 4848 3101 4916 ipsi
3159 4850 3523 4917 experientia,

1947 4941 2037 4994 sed
2083 4955 2146 4993 ex
2209 4940 2433 4993 aliorum
2484 4941 2729 4993 dotztriua
2787 4934 3206 5009 cognovissent:
3288 4957 3393 4994 non
3447 4957 3537 4994 sa-

1951 5042 2164 5096 nantes,
2203 5033 2296 5086 sed
2352 5032 2853 5102 nngantCSyambo
2914 5049 3058 5093 vero,
3100 5043 3253 5101 pater
3295 5045 3350 5087 et
3395 5032 3537 5087 ﬁlius

1950 5126 2097 5195 impii
2144 5132 2324 5180 erant.
2398 5126 2695 5179 Utebantur
2750 5126 2824 5179 illi
2870 5128 3131 5180 adversus
3168 5127 3386 5180 morbos
3419 5140 3543 5194 pur_

1945 5219 2251 5285 gationibus
2296 5219 2476 5273 multis
2519 5228 2573 5273 ct
2612 5220 2836 5274 balneis.
2899 5219 2980 5273 Ad
3014 5222 3376 5290 chirurgicam
3432 5219 3536 5273 fer-

1949 5326 2009 5365 ro
2062 5312 2289 5380 igneque
2350 5325 2453 5365 non
2505 5312 2793 5365 admodum
2836 5322 2996 5365 crant
3039 5312 3295 5382 prompti.
3349 5311 3453 5366 Sed
3484 5318 3540 5363 et

1541 5432 1778 5487 VAlllz’E
1817 5425 2220 5483 LECTIONES.

356 5532 402 5565 ⁸⁸
429 5535 656 5602 Παμπρ.
714 5530 776 5583 τὸ
830 5527 1208 5602 τερατολόγον]
1264 5526 1393 5595 περὶ
1435 5529 1661 5602 ΙΙαμπρ.
1712 5524 2088 5602 τ-ότεμρἄτον
2135 5524 2197 5602 ιχ.
2264 5538 2352 5576 an.
2393 5520 2724 5602 τεράστιρνῗ
2763 5592 2776 5602 _
2815 5519 2870 5602 εξ
2918 5520 3147 5602 βύϐοέαη
3175 5519 3228 5602 ΒΛ
3267 5528 3540 5602 ethcort'.

257 5608 327 5670 A,
364 5580 789 5656 sbrioiirlaerieltiit's
1102 5580 1168 5630 ’⁷ο
1195 5580 1391 5653 ἀνεϐόα
1442 5580 1549 5651 oni.
1594 5580 1657 5650 Ᾰ.
1735 5597 1777 5627 ⁷¹
1950 5598 1992 5646 Λ
2015 5588 2102 5670 χῷ
2130 5595 2225 5670 τῆς
2256 5611 2314 5655 ς.
2393 5595 2435 5623 τ’
2468 5580 2719 5670 ξωλαθῄν
2752 5592 2813 5670 Α..
2845 5590 3078 5670 βωλαθίν
3113 5593 3167 5654 Β,
3203 5590 3538 5670 βολίχθὴν-(ξτ

259 5662 497 5748 βολάθην
559 5692 619 5738 ς.
661 5662 905 5741 Θολάθην
932 5669 1218 5727 llamaker.
1248 5670 1582 5748 Monttntettt.
1608 5669 1737 5719 l’un.
1773 5665 1935 5748 p210:
2014 5665 2058 5748 7:
2091 5666 2365 5748 ἀνέϐησαν
2390 5681 2449 5726 ς.
2530 5662 3105 5748 ⁷λ¹ὁνίδσκληπιςᾷδοτος
3136 5662 3458 5748 υίιιζςζηη
3484 5664 3539 5712 ἐν

254 5731 311 5800 et
335 5731 463 5798 mox.
488 5731 805 5798 tivaddaA.
861 5731 926 5773 ’⁷⁸
960 5742 1016 5804 ὃς
1051 5743 1090 5792 Α
1113 5761 1124 5795 ;
1146 5743 1266 5793 ὅσον
1287 5758 1348 5804 ς.
1425 5738 1468 5769 ⁷⁷
1492 5738 1588 5807 τὴν
1622 5731 1871 5808 ἰατρικήν
1895 5736 1968 5790 Ατ
1994 5737 2091 5807 τῆς
2120 5731 2370 5806 ἰατρικῆς
2407 5749 2466 5797 ς’,
2534 5734 2731 5789 additis
2756 5731 2853 5805 τὴν
2876 5733 3069 5802 τέχνην
3099 5741 3216 5800 post
3241 5731 3539 5798 ἐδιδάξατο.

279 5816 328 5849 ’⁸
358 5815 534 5869 πολλὰ
566 5815 691 5871 add.
730 5817 794 5868 A.
872 5812 918 5846 ⁷⁸
946 5811 1165 5884 ἀσεϐἐε]
1191 5812 1335 5866 ἆϐιοι
1365 5809 1425 5867 Β.
1504 5809 1549 5842 ⁸ο
1583 5809 1756 5880 ἥσθην
1784 5826 1822 5874 ς
