4104 6424
564 402 703 469 1270

1700 403 1959 464 PllO'l‘ll
2003 403 2510 463 PATRIARCHIE
2550 406 2658 465 (ΖΡ.

3687 408 3821 474 Ῑξίὸθ

557 521 793 591 pessima
840 518 1022 573 ulcera
1050 518 1203 572 diaeta
1235 516 1530 587 pellebant,
1557 531 1814 569 venarum
1861 516 2133 570 sectiones

2250 514 2297 568 δὲ
2344 516 2546 586 σιδήρῳ
2575 516 2669 569 καὶ
2697 514 2833 585 πυρὶ
2862 514 2923 567 οὑ
2977 514 3098 568 λίαν
3128 510 3271 586 ἦσαν
3316 516 3547 587 ἕτοιμοι,
3575 518 3715 573 ἀλλά
3741 520 3831 577 καὶ

561 611 932 680 repudiabant.
991 611 1197 665 Divites
1250 623 1449 664 sanans
1507 608 1751 663 hortatus
1782 618 1889 671 est,
1924 616 1974 660 ut
2005 621 2139 676 pau-

557 706 777 775 peribus
819 704 1207 773 mgrotantihus
1252 717 1409 772 Opem
1464 700 1690 767 ferrent,
1742 708 1798 754 et
1840 699 1928 756 ille
1991 698 2136 753 nulla

563 798 810 850 mercede
850 796 1082 856 sanavit,
1130 794 1345 863 publico
1376 804 1663 848 contentus
1720 791 2015 845 lrumento.
2048 791 2137 845 Ait

560 896 770 948 auctor,
827 887 1025 939 vidisse
1061 902 1120 941 se
1160 885 1389 939 Athenis
1425 894 1665 938 statuam
1714 878 1901 936 Jacobi
1955 888 2010 934 et
2054 880 2135 934 vi-

560 990 673 1027 sum
708 973 873 1028 fuisse
930 976 1029 1028 sibi
1078 976 1365 1028 admodum
1430 973 1697 1042 ingeniosi
1750 973 2006 1037 hominis,
2052 986 2140 1026 se-

559 1067 697 1128 veri,
759 1076 813 1119 et
866 1068 1066 1133 gravis.
1135 1065 1233 1120 llic
1293 1065 1531 1121 Jacobus
1595 1064 1830 1118 celebris
1889 1063 2139 1118 Proclum

557 1156 785 1209 Athenis
837 1168 1095 1226 argrotum
1153 1172 1373 1223 curans,
1410 1156 1572 1225 jussit
1624 1154 1773 1208 ilhnn
1830 1169 1861 1209 a
1917 1155 2141 1210 crambe

558 1248 855 1315 abstinere,
888 1249 1040 1302 olera
1066 1249 1292 1317 plurima
1321 1246 1625 1303 comedere.
1696 1246 1814 1315 llic,
1867 1262 2018 1302 more
2040 1244 2143 1318 Py-

558 1338 821 1409 thagorae,
882 1340 1108 1395 Inalvam
1168 1341 1455 1395 comedere
1509 1339 1701 1394 noluit.

2247 607 2317 661 τά
2345 606 2722 679 μοχθηρότερα
2760 607 2868 661 τῶν
2899 607 3074 662 ἑλκῶν
3126 609 3309 679 διαίτῃ
3354 611 3827 680 κατηγωνίζοντο·

2247 698 2611 769 φλεϐοτομίαν
2655 699 2701 752 δ’
2750 699 2809 753 οὑ
2862 700 3135 769 προσίετο.
3196 699 3454 754 Ἔπειθεν
3507 704 3535 755 6
3582 703 3836 770 Ἰάκωϐος

2245 792 2370 855 τοὺς
2401 792 2689 855 πλουσίους
2720 792 2986 863 ἰατρεύων
3005 793 3220 863 βοηθεῖν
3241 795 3307 865 τῇ
3333 793 3568 869 νοσούσῃ
3592 793 3722 867 ζὸϐθ
3746 796 3833 870 IL]

2246 886 2425 956 πενία,
2456 886 2551 938 καὶ
2585 886 2746 949 αὐτὸς
2775 888 2974 956 προῖκα
3009 886 3249 956 ίάτρευε,
3288 887 3367 957 τῷ
3393 887 3640 960 δημοσίῳ
3697 890 3836 960 μόνῳ

2244 978 2581 1048 ἀρκούμενος
2613 979 2926 1049 σιτηρεσίῳ.
2974 980 3098 1032 Ὅτι
3141 980 3328 1057 ,φησὶν
3371 982 3399 1034 6
3462 982 3833 1051 συγγραφεὺς,

2250 1065 2404 1122 Εἶδον
2436 1071 2623 1123 είκόνα
2654 1069 2749 1122 τοῦ
2792 1068 3054 1124 Ἰακώϐου
3086 1071 3370 1143 Ἀθήνῃσι,
3399 1072 3495 1125 καί
3534 1091 3628 1142 μοι
3659 1073 3833 1140 ἔδοξεν

2246 1162 2275 1213 6
2305 1160 2448 1230 ἀνὴρ
2475 1162 2681 1231 εὐφυὴς
2714 1161 2811 1231 μὲν
2847 1163 2908 1214 οὑ
2959 1164 3104 1216 πάνυ
3136 1158 3297 1229 εἷναι,
3334 1163 3530 1231 σεμνὸς
3572 1164 3633 1217 δὲ
3666 1165 3709 1195 ⁸¹
3744 1168 3834 1218 καὶ

2246 1251 2535 1323 ἐμϐριθὴς.
2592 1245 2762 1316 Οὗτος
2811 1252 2868 1306 δὲ
2901 1255 2929 1307 6
2978 1253 3234 1317 Ἰάκωϐος
3301 1253 3529 1324 Πρόκλῳ
3572 1253 3834 1320 νοσοῦντι,

2245 1345 2303 1396 ὲν
2354 1344 2605 1415 Ἀθήναις
2631 1347 2675 1378 ⁸³
2716 1345 3006 1417 διατρίϐων
3034 1347 3128 1399 καὶ
3172 1345 3630 1415 θαυμαζόμενος,
3670 1364 3834 1409 προσ-

559 1430 752 1497 έταξεν
782 1432 1083 1503 ἀπέχεσθαι
1126 1432 1223 1502 μὲν
1271 1431 1558 1504 κράμϐης,
1594 1428 1956 1503 ἐμφορεῖσθαι
2010 1430 2067 1485 δὲ
2096 1430 2204 1486 τῶν
2234 1433 2519 1508 λαχάνων·
2552 1440 2580 1491 6
2616 1437 2674 1491 δὲ
2710 1439 2852 1492 κατὰ
2879 1438 2970 1491 τδν
3002 1437 3367 1509 Πυθαγόρειον
3432 1437 3596 1508 νόμον
3634 1437 3683 1470 ⁸³
3745 1439 3839 1493 οὑκ

558 1522 818 1592 ἠνέσχετο
850 1525 1097 1596 μαλάχην
1124 1526 1171 1557 ⁸⁵
1202 1525 1424 1580 ἐσθίειν.

634 1615 1053 1684 Asclepiodotus
1099 1633 1202 1672 non
1244 1617 1470 1671 omnino
1503 1616 1839 1687 ingeniosus,
1870 1626 1927 1672 ut
1954 1617 2143 1673 multis

2330 1611 2442 1669 Ἦν
2466 1614 2523 1668 δὲ
2576 1614 2606 1667 6
2673 1614 3122 1685 Ἀσκληπιόδοτος
3167 1616 3267 1686 οὐχ
3306 1616 3601 1688 ὁλόκληρος
3628 1619 3730 1691 τὴν
3755 1618 3813 1671 εύ

558 1702 868 1762 hominibus
923 1710 1097 1762 visum
1129 1720 1232 1775 est,
1274 1712 1367 1764 sed
1418 1709 1472 1763 in
1531 1709 1960 1765 dubitationibus
2010 1725 2142 1765 acu-

2250 1708 2431 1777 φυῖιν,
2457 1708 2533 1772 ὡς
2558 1709 2670 1769 τοῖς
2701 1708 2976 1771 πλείστοις
3022 1708 3167 1775 ἔδοξε
3198 1709 3307 1763 τῶν
3361 1710 3690 1781 ἀνθρώπων,
3727 1710 3837 1764 ἀλλ’

561 1797 823 1864 tissimus,
856 1800 922 1853 ad
958 1800 1365 1871 intelligendum
1418 1815 1522 1856 non
1560 1802 1697 1857 adeo
1727 1802 1924 1867 solers,
1972 1816 2142 1872 neque

2250 1800 2477 1870 ἀπορεῖν
2513 1798 2613 1869 μὲν
2647 1797 2926 1865 ὀξύτατος,
2965 1801 3204 1852 συνεῖναι
3228 1800 3284 1852 δὲ
3316 1801 3378 1853 οὑ
3419 1801 3541 1855 λίαν
3577 1801 3835 1871 ἀγχίνους

561 1890 676 1959 ipse
707 1894 788 1945 sui
842 1893 1056 1959 similis,
1103 1895 1338 1964 alioquin
1371 1906 1425 1951 et
1458 1910 1546 1951 res
1579 1894 1827 1960 divinas,
1859 1897 2142 1958 obscuras,

2251 1891 2373 1943 οὑδὲ
2401 1888 2562 1953 αὑτὸς
2592 1889 2772 1960 ἐαυτῷ
2816 1891 3023 1959 ὅμοιος,
3077 1891 3319 1945 ἄλλωστε
3347 1894 3444 1946 καὶ
3472 1893 3544 1947 τά
3594 1892 3839 1963 θειότερα

560 1994 614 2038 et
652 1983 847 2056 3M6
903 1986 1002 2040 sub
1052 1986 1462 2056 intelligentiam
1498 1986 1779 2051 cadentes,
1824 1996 1881 2042 et
1919 1987 2148 2043 eximios

560 2075 681 2131 illus
736 2092 931 2131 sensus
974 2076 1221 2133 Platonis
1273 2078 1610 2147 intelligebat
1662 2095 1675 2131 :
1727 2080 1793 2133 ad
1853 2078 2146 2149 Orphicam

562 2162 1023 2233 (Shaldaicamqne
1086 2166 1333 2220 altiorem
1387 2167 1781 2236 cognitionem,
1821 2183 1942 2237 quas
1995 2182 2146 2223 com-

560 2268 778 2308 munem
839 2255 1276 2325 philosophorum
1348 2267 1567 2326 captum
1631 2260 1941 2326 excederet,
1994 2260 2150 2332 longe

560 2359 682 2400 erat
732 2346 1064 2403 inlerior.ln
1102 2351 1346 2419 physicis
1391 2352 1634 2407 omnium
1688 2354 1769 2408 sui
1800 2352 1983 2409 saeculi
2032 2364 2151 2409 erat

561 2439 943 2498 doctissimus:
995 2443 1245 2499 similiter
1273 2456 1327 2500 et
1356 2446 1410 2500 in
1443 2448 1697 2511 mathesi,
1737 2448 1878 2503 unde
1922 2457 1979 2503 et
2010 2463 2148 2517 pra:-

562 2540 643 2586 ter
686 2532 791 2586 alia
855 2550 1102 2604 magnam
1159 2537 1355 2604 ingenii
1384 2538 1611 2608 gloriam
1654 2548 1982 2596 consecutus
2031 2549 2140 2595 est.

560 2623 618 2678 In
665 2626 855 2680 morali
906 2629 1268 2698 philosophia,
1305 2641 1360 2685 et
1390 2646 1508 2700 qua:
1559 2632 1625 2687 de
1684 2633 1979 2687 virtutibus
2040 2642 2143 2696 est,

560 2732 778 2783 semper
821 2733 1016 2773 novum
1070 2720 1200 2789 quid
1242 2722 1507 2785 invenire,
1537 2731 1591 2777 et
1635 2724 2145 2793 contemplationem

558 2810 626 2864 ad
662 2808 915 2865 inferiora
967 2813 1303 2883 visibiliaque
1359 2818 1577 2872 trahere
1623 2817 1920 2871 conabatur
1964 2816 2147 2871 :nibil

559 2901 800 2969 quidem,
845 2914 903 2958 ut
953 2905 1026 2957 ita
1083 2908 1292 2975 loquar,
1343 2923 1409 2962 ex
1460 2908 1697 2977 antiquis
1766 2909 2144 2978 intelligentiis

557 3005 803 3057 servans,
861 2994 1042 3046 omnia
1101 2997 1447 3051 condensans
1487 3008 1541 3051 et
1586 2997 1848 3068 colligens
1880 2999 1932 3053 in
1984 3009 2145 3053 natu-

556 3097 671 3137 ram
733 3086 940 3140 mundi.
1014 3085 1183 3141 Natus
1227 3091 1295 3142 ad
1357 3090 1621 3143 musicam
1685 3090 2141 3160 Asclepiodotus,

561 3172 896 3242 deperditum
936 3185 1113 3229 tamen
1162 3179 1557 3232 enarmonicum
1614 3196 1722 3234 non
1764 3183 1938 3251 potuit
1997 3198 2147 3236 revo-

2251 1982 2361 2036 τῶν
2392 1982 2755 2050 πραγμάτων,
2779 1982 2879 2034 ὅσα
2912 1982 3095 2050 ἀφανῆ
3121 1984 3215 2036 καὶ
3236 1984 3404 2053 νοητά
3426 1985 3521 2037 καὶ
3548 1986 3652 2054 τῆς
3693 1986 3836 2038 Πλά-

2250 2089 2419 2134 τωνος
2441 2070 2695 2141 ἐξαίρετα
2731 2070 3009 2133 ίδιανοίας.
3048 2071 3192 2141 Πρὸς
3243 2073 3301 2125 δὲ
3341 2073 3439 2145 τὴν
3480 2075 3746 2144 Ὀρφικήν
3782 2091 3839 2128 τε

2251 2164 2344 2219 καὶ
2370 2163 2683 2234 Χαλδαῖκὴν
2730 2163 2827 2234 τὴν
2880 2163 2926 2193 ⁸⁸
2984 2161 3326 2233 ὑψηλοτέραν
3372 2165 3585 2234 σοφίαν,
3628 2168 3839 2221 καὶτὸν

2252 2257 2431 2309 κοινὸν
2484 2254 2802 2323 φιλοσοφίας
2843 2252 2968 2307 νοὺν
3012 2253 3443 2324 ὑπεραίρουσαν,
3507 2255 3587 2309 ἔτι
3641 2257 3837 2326 μᾶλλον

2254 2348 2519 2403 ἐλείπετο.
2550 2347 2693 2419 Πρὸς
2722 2347 2777 2399 δὲ
2812 2346 3165 2416 φυσιολογίαν
3192 2346 3300 2399 τῶν
3330 2346 3452 2401 καθ’
3484 2348 3678 2401 ἑαυτὸν
3706 2350 3837 2403 πάν-

2249 2458 2361 2494 των
2395 2435 2464 2511 ἦν
2497 2438 3007 2510 ἐρῤωμενέστατος’
3035 2437 3296 2502 ὡσαύτως
3325 2438 3418 2491 καὶ
3441 2440 3499 2491 ὲν
3520 2441 3635 2501 τοῖς
3670 2439 3838 2510 μαθή-

2253 2549 2441 2603 μασιν,
2479 2532 2573 2599 ἀφ’
2610 2525 2683 2587 ῶν
2715 2533 2807 2583 καὶ
2841 2531 2933 2584 ἐπὶ
2968 2531 3038 2585 τά
3073 2531 3207 2585 ἄλλα
3236 2530 3297 2583 τὸ
3318 2530 3462 2599 μέγα
3495 2531 3596 2602 τῆς
3632 2531 3836 2601 φύσεως

2250 2625 2603 2694 ἀπηνέγκατο
2633 2624 2808 2686 κλέος.
2848 2625 2935 2677 Ἑν
2961 2626 3071 2687 τοῖς
3103 2625 3232 2694 περὶ
3249 2622 3398 2693 ήθῶν
3418 2622 3474 2675 δὲ
3498 2625 3595 2676 καὶ
3630 2624 3835 2693 ἀρετῶν

2249 2718 2334 2771 ἀεί
2354 2735 2408 2770 τι
2440 2718 2788 2788 καινουργεῖν
2813 2716 3110 2787 ἐπεχείρει,
3149 2717 3242 2769 καὶ
3281 2717 3417 2786 πρὸς
3448 2716 3517 2769 τά
3562 2718 3717 2769 κάτω
3746 2715 3833 2769 καὶ

2249 2809 2318 2861 τά
2352 2809 2396 2840 ⁸⁸
2418 2808 2723 2876 φαινόμενα
2755 2807 3066 2861 συστέλλειν
3091 2808 3189 2878 τὴν
3223 2807 3483 2877 θεωρίαν,
3550 2807 3708 2861 οὐδὲν
3739 2807 3830 2876 μὲν

2251 2890 2347 2973 (ὡς
2383 2900 2510 2963 ἔπος
2528 2900 2727 2968 εἰπεῖν)
2783 2900 2892 2954 τῶν
2932 2901 3175 2971 ἀρχαίων
3221 2900 3511 2968 νοημάτων
3558 2901 3833 2953 άποικονο-

2259 2993 2552 3063 μούμενος,
2581 2992 2759 3047 πάντα
2789 2992 2846 3045 δὲ
2880 2991 3139 3045 συνωθῶν
3170 2994 3264 3046 καὶ
3291 2992 3547 3061 κατάγων
3574 2996 3656 3056 είς
3686 2993 3829 3065 τήνδε

2247 3085 2536 3154 τὴνφύσιν
2607 3083 2703 3155 τὴν
2776 3084 3153 3153 περικόσμιον.
3205 3085 3327 3137 Ὅτι
3399 3084 3763 3154 εὐφυέστατος
3805 3085 3831 3136 6

2260 3179 2712 3252 Ἀσκληπιόδοτος
2744 3181 2874 3250 περ).
2903 3179 3169 3249 μουσικὴν
3204 3179 3447 3246 γεγονὼς
3493 3178 3556 3231 τὸ
3589 3175 3829 3246 ἐναρμόι

558 3279 705 3330 care,
759 3280 1071 3334 quanquam
1128 3269 1228 3321 alia
1272 3270 1376 3324 duo
1428 3282 1626 3326 cantus
1680 3287 1878 3343 genera
1938 3275 2142 3328 rescin-

2250 3291 2381 3327 νιον
2430 3272 2585 3341 γένος
2615 3270 2895 3334 ἀπολωλὸς
2942 3273 3042 3340 οὑχ
3075 3266 3249 3323 οῗόστε
3304 3270 3521 3336 ἐγένετο
3557 3268 3829 3321 ἀνασώσα-

558 3356 709 3409 deret
752 3366 805 3410 et
856 3361 1201 3427 reprimeret,
1243 3363 1473 3416 alterum
1526 3364 1909 3418 chromaticum
1967 3367 2142 3436 appel-

558 3446 750 3516 latum,
791 3450 1020 3505 alterum
1065 3453 1433 3520 diatonicum;
1464 3455 1803 3510 harmoniam
1833 3466 2011 3511 tamen
2038 3474 2141 3511 non

559 3538 789 3603 invenit,
846 3542 1094 3608 quamvis
1152 3545 1428 3612 magades,
1489 3555 1549 3600 ut
1589 3546 1750 3612 dixit,
1797 3549 2039 3609 mutarit.
2090 3559 2145 3603 et

559 3633 989 3698 transposuerit,
1047 3649 1150 3687 non
1205 3637 1383 3691 minus
1439 3652 1601 3705 quam
1652 3638 1841 3707 viginti
1890 3651 1945 3695 et
1985 3640 2139 3694 duas.

558 3719 734 3773 Causa
763 3736 861 3775 cur
892 3739 994 3777 non
1051 3725 1337 3791 inveniret,
1393 3727 1507 3782 haec
1560 3737 1645 3781 est
1672 3746 1685 3781 :
1716 3728 1992 3782 minimam
2028 3746 2144 3784 rno-

560 3815 897 3869 derationem
963 3818 1397 3873 harmonicarum
1481 3820 1901 3885 dimensionum,
1975 3838 2135 3894 quam

557 3906 732 3959 diesin
781 3905 905 3977 (hoc
942 3920 1045 3973 est,
1095 3911 1327 3980 primum
1386 3928 1603 3981 sonum,
1659 3915 1750 3985 qui
1796 3916 1848 3969 in
1884 3917 2136 3970 cantibus

559 4000 874 4070 percipitur)
937 4014 1152 4067 vocant,
1188 4018 1219 4059 e
1282 4016 1470 4061 nostro
1548 4022 1711 4062 sensu
1772 4007 2027 4077 perdidit,
2086 4016 2142 4063 et

558 4092 722 4146 etiam
787 4094 930 4147 aliud
967 4110 1138 4164 genus
1187 4100 1593 4153 enarmouicum
1652 4099 1811 4155 simul
1875 4100 2141 4171 corrupit.

557 4182 969 4251 Asclepiodotus
1000 4200 1029 4238 a
1077 4183 1277 4241 Jacobo
1323 4190 1640 4242 medicinam
1691 4188 1910 4245 discens
1942 4190 2012 4246 ad
2058 4206 2145 4247 ve-

557 4275 777 4344 Stigium
827 4276 974 4329 illum
1033 4278 1297 4345 sequitur,
1354 4280 1405 4332 in
1458 4278 1642 4334 multis
1674 4281 1835 4335 etiam
1896 4293 2139 4353 superat.

558 4362 692 4417 Nam
724 4367 986 4419 amissum
1015 4368 1141 4421 olim
1193 4384 1349 4445 usum
1384 4369 1497 4423 albi
1558 4370 1804 4434 ellebori,
1832 4386 1932 4428 nec
1977 4375 2140 4427 etiarn

560 4471 589 4509 a
641 4455 845 4511 Jacobo
903 4458 1272 4525 observatum,
1326 4462 1439 4530 ipse
1490 4464 1790 4529 renovavit,
1830 4473 1884 4519 et
1942 4464 2144 4519 illoin-

560 4550 832 4605 sanabiles
873 4551 1091 4607 morbos
1153 4552 1412 4607 innsitato
1475 4555 1638 4609 modo
1687 4557 1917 4610 sanavit.
1956 4556 2137 4611 Ascle-

2252 3364 2396 3430 σθαι,
2432 3364 2608 3419 καίτοι
2640 3362 2810 3420 τᾶλλα
2834 3362 2927 3416 δύο
2948 3363 3078 3434 γένη
3102 3361 3422 3432 κατατεμὼν
3452 3363 3549 3414 καὶ
3570 3362 3828 3431 άνακρον-

2252 3456 2506 3525 σάμενος,
2567 3456 2628 3509 τό
2675 3471 2737 3509 τε
2798 3454 3174 3524 χρωματικὸν
3209 3449 3617 3522 ὀνομαζόμενον
3653 3451 3741 3503 καὶ
3776 3452 3829 3503 τ’)

2250 3548 2615 3601 δίατεπνικόν.
2652 3548 2723 3600 Τὸ
2761 3547 2817 3600 δὲ
2863 3545 3185 3616 ἐναρμόνιον
3208 3545 3307 3614 οὐχ
3334 3538 3482 3613 εὗρε,
3513 3544 3696 3595 καίτοι
3735 3559 3830 3613 μα·

2250 3643 2443 3709 γάδας,
2505 3640 2580 3704 ὡς
2636 3641 2846 3709 ἔλεγεν,
2920 3638 3235 3704 ὑπαλλάξας
3298 3639 3394 3690 καὶ
3437 3637 3698 3706 μεταθεὶς
3739 3637 3830 3689 οὐκ

2252 3733 2505 3796 ἐλάττους
2526 3731 2700 3786 εἴκοσι
2748 3731 2844 3786 καὶ
2898 3730 3208 3784 διακοσίων.
3254 3726 3417 3800 [1055
3454 3726 3546 3798 IL]
3580 3728 3759 3781 Αἴτιον
3778 3726 3830 3779 δὲ

2251 3828 2351 3895 τῆς
2384 3825 2458 3895 μὴ
2496 3825 2772 3895 εὑρέσεως
2824 3824 2885 3875 τὸ
2914 3820 3197 3890 ἐλάχιστον
3229 3820 3427 3890 μέτρον
3462 3818 3575 3871 τῶν
3608 3820 3831 3889 ἐναρμοο

2252 3916 2379 3970 νίων
2400 3915 2808 3985 διαστημάτων,
2843 3915 2979 3985 ὅπερ
3008 3912 3175 3965 δίεσιν
3206 3910 3554 3979 ὀνομάζουσι.
3594 3909 3761 3961 Τοῦτο
3776 3909 3830 3976 δὴ

2253 4008 2531 4072 ἀπολωλὸς
2560 4011 2627 4063 ὲκ
2654 4008 2755 4078 τῆς
2775 4007 3049 4078 ἡμετέρας
3072 4003 3377 4074 αἰσθήσεως
3400 4005 3494 4055 καὶ
3514 4002 3574 4054 τὸ
3596 4002 3723 4054 ἄλλο
3748 4002 3831 4068 γέ-

2250 4121 2340 4166 νος
2375 4103 2437 4156 τδ
2491 4102 2812 4172 ἐναρμόνιον
2860 4097 3282 4170 προσαπώλεσεν
3307 4096 3373 4149 ⁸⁷.
3425 4095 3550 4147 Ὀτι
3604 4093 3831 4161 Ἰακώϐῳ

2249 4196 2320 4251 τὰ
2355 4197 2497 4250 κατά
2519 4195 2616 4267 τὴν
2683 4192 2935 4263 ἰατρικὴν
2980 4189 3344 4261 μαθητευθεὶς
3377 4189 3404 4242 6
3446 4186 3834 4257 ’Λσκληπιόδο-

2250 4307 2342 4353 τος
2370 4288 2436 4354 ⁸⁸,
2469 4288 2565 4341 καὶ
2594 4286 2715 4341 κατ’
2752 4286 2870 4356 ἴχνη
2909 4284 3109 4355 βαίνων
3159 4282 3392 4348 ἐκείνου,
3451 4280 3603 4333 ἔστιν
3647 4273 3728 4341 οἷς
3751 4277 3835 4331 καὶ

2252 4381 2622 4452 ὑπερεϐάλετο
2645 4379 2712 4433 ³⁹.
2753 4377 2868 4431 Καὶ
2920 4376 3029 4446 γάρ
3077 4375 3171 4428 καὶ
3203 4373 3298 4426 τοῦ
3326 4371 3524 4425 λευκοῦ
3559 4370 3834 4440 ἐλλεϐόρου

2253 4474 2420 4527 πάλαι
2476 4473 2576 4543 τὴν
2638 4472 2834 4542 χρῆσιν
2861 4470 3229 4539 βπολωλυῖαν
3280 4470 3371 4521 καὶ
3413 4466 3537 4536 μηδ’
3599 4465 3835 4531 Ἰακώϐῳ

2253 4560 2627 4617 ἁνασιοθεῑσαν
2668 4560 2832 4623 αὐτὸς
2891 4560 3220 4623 ἀνεκαίνισε,
3253 4558 3348 4610 καὶ
3376 4557 3444 4610 δι’
3489 4555 3659 4608 αὑτοῦ
3691 4555 3835 4608 ἀνιά-

561 4641 813 4707 piodotus
866 4644 1068 4696 nullum
1104 4658 1134 4696 e
1174 4645 1327 4699 novis
1386 4646 1639 4711 medicis,
1711 4656 1914 4715 prarter
1982 4646 2139 4702 Jaco-

2250 4672 2369 4717 τους
2396 4655 2582 4716 νόσους
2621 4652 2940 4723 παραδόξως
2985 4650 3235 4714 ὲξιάσατο
3260 4652 3327 4704 ⁹⁰.
3381 4650 3503 4702 Ὅτι
3546 4649 3576 4700 6
3614 4648 3834 4714 Ἀσκλη·

560 4732 709 4799 bum,
752 4734 1017 4803 probavit,
1051 4752 1117 4790 ex
1150 4738 1389 4807 antiquis
1447 4748 1568 4807 post
1594 4739 1998 4810 Hippocratem,
2033 4742 2132 4797 So-

560 4840 751 4880 ranum
787 4826 1030 4894 Cilicem,
1067 4828 1350 4884 Maleoten.
1406 4830 1673 4898 Quocirca
1706 4848 1928 4889 uxorem
1986 4851 2140 4889 suam

561 4916 857 4975 Damianen
890 4922 1306 4992 Asclepiodotus
1337 4925 1763 4993 pudicissimam,
1794 4936 1849 4980 et
1876 4927 2019 4997 quod
2051 4944 2141 4983 ra-

559 5026 682 5064 rum
728 5023 833 5079 est,
882 5014 1300 5082 magnanimam,
1354 5014 1641 5086 virilisque
1700 5029 1900 5075 mentis
1948 5021 1999 5074 in
2043 5022 2141 5075 ad—

562 5104 972 5160 ministratione
1006 5106 1244 5171 familia‘,
1270 5109 1725 5177 quemadmodum
1769 5111 1823 5165 in
1864 5124 2150 5167 consuetu—

2251 4744 2492 4807 πιόδοτος
2513 4742 2618 4795 τῶν
2643 4742 2739 4811 μὲν
2757 4742 3036 4810 νεωτέρων
3058 4739 3256 4810 ἰατρῶν
3276 4740 3368 4792 τὸν
3400 4738 3663 4792 Ἰάκωϐον
3686 4739 3834 4809 μόνον

2255 4836 2571 4905 ἀπεδέχετο,
2614 4834 2722 4886 τῶν
2763 4833 2819 4886 δὲ
2859 4831 3245 4904 πρεσϐυτέρων
3303 4832 3442 4902 μετὰ
3488 4832 3582 4885 τὸν
3659 4832 3833 4884 Ἰππο-

2251 4929 2457 5001 κράτην
2481 4926 2730 4998 Σωρανὸν
2774 4927 2863 4979 τὸν
2890 4926 3089 4978 Κίλικα
3122 4925 3213 4976 τὸν
3263 4922 3569 4992 Μαλεώτην
3600 4922 3669 4976 ³³.
3718 4920 3834 4974 Τοι-

2259 5023 2453 5091 γάρτοι
2490 5021 2584 5072 καὶ
2614 5017 2941 5071 ἀπετέλεσεν
2974 5019 3001 5069 6
3030 5016 3483 5088 ’Δσκληπιόδοτος
3512 5014 3613 5084 τὴν
3636 5018 3833 5083 Δαμια-

2259 5114 2356 5183 νὴν
2381 5111 2845 5183 αἰδημονεστὰτην
2874 5111 2970 5162 καὶ
2988 5110 3295 5180 παράλογον
3319 5108 3363 5139 ⁹¹
3389 5106 3579 5169 οὖσαν,
3603 5107 3697 5176 τὴν
3718 5106 3831 5157 ὲαυ·

562 5194 686 5248 dine
743 5205 949 5250 castam
999 5213 1097 5254 nec
1135 5199 1528 5269 voluptuariam
1590 5204 1843 5259 reddidit.
1878 5206 2142 5274 Hierapoli

2258 5203 2353 5257 τοῦ
2384 5202 2629 5273 γαμετὴν
2651 5241 2664 5264 ,
2698 5200 3048 5271 ὑψηλόφρονα
3082 5200 3177 5253 καὶ
3198 5198 3555 5269 ἀνδρόϐουλον
3582 5199 3659 5258 εἰς
3696 5197 3827 5248 οἱκο-

562 5291 621 5345 in
678 5288 910 5360 Phrygia
969 5291 1223 5360 templum
1286 5302 1405 5347 erat
1447 5293 1745 5363 Apollinis;
1809 5296 2006 5349 subtus
2036 5294 2149 5363 spi-

2257 5296 2470 5367 νομίαν,
2493 5294 2681 5365 ὥσπερ
2705 5294 2957 5365 σώφρονα
2987 5294 3082 5346 καὶ
3116 5291 3392 5364 ἄθρυπτον
3411 5291 3490 5354 εἰς
3511 5288 3823 5359 συμϐίωσιν.

1860 5428 2096 5483 νΑῐὶίίΕ
2140 5428 2549 5485 LECTIONES.

640 5571 682 5601 ⁸⁸
707 5569 762 5621 δὲ
792 5568 982 5624 0In.C.
1058 5570 1103 5600 ⁸²
1149 5570 1405 5640 Ἀθήναις
1426 5569 1468 5622 Β
1500 5587 1512 5621 :
1550 5568 1850 5637 Ἀθηναίοις
1867 5586 1928 5633 ς.

2004 5569 2051 5600 ⁸³
2077 5569 2238 5636 νόμον
2279 5570 2473 5623 om.A.
2551 5570 2598 5600 ⁸⁸

2646 5568 2906 5638 μαλακῶν
2929 5570 2992 5622 Α.
3028 5568 3095 5622 de
3118 5585 3174 5621 re
3195 5568 3265 5621 cf.
3294 5567 3591 5623 Jamblich.
3636 5566 3701 5621 de
3722 5564 3820 5622 vim

566 5638 969 5714 Pythagoraep.
998 5640 1219 5714 llnstor.
1251 5638 1303 5709 β.
1337 5641 1425 5714 9i.
1456 5643 1800 5714 etfprotrept.
1833 5655 1886 5710 p.
1921 5640 2042 5714 i759.
2070 5711 2079 5714 Α
2119 5640 2284 5714 δέτὴν
2318 5651 2443 5714 ante
2473 5639 2813 5714 ὑψηλοτέραν
2849 5639 2975 5714 add.
3003 5640 3064 5694 A.
3140 5640 3281 5714 ’[[τᾲ
3308 5655 3418 5714 orn.
3451 5641 3516 5714 A.
3558 5711 3567 5714 Α
3595 5639 3640 5714 δῖ
3664 5653 3817 5714 προπτ

565 5709 853 5763 απώλεσεν
892 5712 1243 5782 άγυμνάστου
1294 5712 1454 5782 πρὸς,
1486 5711 1623 5765 αὐτὸ
1676 5710 1995 5782 τῆςάκοῆς
2057 5709 2532 5782 ἀπολελειμμένης
2570 5710 2769 5782 Su‘das
2811 5727 2862 5782 vi.
2890 5711 3088 5782 Διὲσιν.
3164 5710 3210 5741 ⁸⁸
3238 5711 3304 5764 de
3339 5709 3818 5782 Asclepiodotum.

567 5782 721 5834 Suid.
762 5784 814 5836 lt.
840 5799 891 5836 v.
966 5780 1013 5815 δέ
1042 5780 1406 5851 ὑπερεϐάλετο
1444 5780 1519 5835 B:
1570 5781 1972 5852 ὑπερεϐάλλετο
2001 5798 2087 5852 ις.Δ
2138 5780 2185 5813 ⁸ο
2222 5781 2412 5833 ἰάσατο
2436 5799 2496 5845 ς.

1345 5855 1389 5885 ’³
1432 5850 1773 5923 παράλογον]
1814 5853 2044 5907 fortasse
2079 5850 2363 5922 legendum
2400 5850 2551 5921 παρὰ
2579 5851 2756 5918 λόγον.

568 5866 624 5905 v.
658 5852 907 5923 Σωρανδς
987 5852 1253 5922 Ἐφέσιος.

2597 5782 2639 5852 ν
2666 5780 2989 5852 Μαλεώτην]
3021 5782 3130 5835 imo
3157 5780 3461 5851 Μαλλῶτην
3519 5796 3643 5834 cum
3670 5778 3819 5833 Suid't
