4104 6406
252 357 389 422 ιρδι

1252 338 1778 404 BIBLIOTHECA.
1810 360 1884 377 --
1920 336 2083 399 COD.
2120 338 2393 400 CCXLli.

3396 336 3535 403 1282

261 472 390 522 Ὀτι
452 469 511 521 ὲν
575 462 875 533 Ἱεραπόλει
948 460 1047 530 τῆς
1084 459 1324 530 Φρυγίας
1384 455 1530 526 ἱερὸν
1562 450 1853 526 ῆνἈπόλ-

1966 450 2203 506 raculmn
2282 460 2402 506 erat
2466 451 2700 507 lethiferi
2778 451 3023 520 spiritus.
3083 448 3352 518 Spelunca
3426 454 3543 510 haec

251 561 458 623 λωνος.’
483 558 589 612 ὑπδ
613 557 669 610 δὲ
706 557 800 610 τὸν
825 553 953 609 ναὸν
985 552 1320 606 καταϐάσιον
1375 549 1633 602 ὑπέκειτο
1686 546 1851 598 θανα-

256 657 450 725 σίμους
482 651 757 712 ἀναπνοὰς
822 645 1219 717 παρεχόμενον.
1273 642 1477 695 Τοῦτον
1526 639 1619 693 τὸν
1660 637 1852 708 βόθρον

254 750 366 803 οὐδ’
409 746 615 802 ἄνωθέν
650 746 797 796 ἐστιν
830 740 951 813 [561
986 738 1077 811 11.]
1107 737 1389 793 ἀκίνδυνον
1414 734 1535 788 οὐδὲ
1562 734 1676 796 τοῖς
1709 749 1850 801 πτη-

255 844 366 905 νοῖς
388 840 495 895 τῶν
526 836 681 903 ζώων
713 836 965 894 διελθεῖν.
1001 832 1115 887 ἀλλ’
1135 833 1234 885 ὃσα
1268 828 1391 884 κατ’
1424 828 1590 881 αὐτὸν
1610 826 1849 893 γίνεται,

255 936 579 992 ἀπόλλυται.
608 932 734 992 Τοῖς
767 930 822 981 δὲ
862 924 1303 995 τετελεσμένοις,
1336 920 1492 989 φησι,
1532 916 1762 971 δυνατὸν
1783 910 1852 985 ἦν

256 1028 545 1088 κατιόντας
587 1022 682 1076 καὶ
708 1023 786 1083 είς
817 1018 979 1075 αὑτὸν
1010 1017 1102 1069 τὸν
1143 1014 1311 1086 μυχὸν
1335 1010 1590 1075 ἀϐλαϐῶς
1619 1009 1850 1075 διάγειν.

255 1124 423 1190 Λέγει
447 1120 492 1173 δ’
542 1120 571 1172 0
625 1114 979 1186 συγγραφεὺς
1005 1112 1082 1173 ὡς
1122 1110 1287 1172 αὑτός
1313 1125 1371 1161 τε
1405 1107 1501 1160 καὶ
1533 1105 1718 1175 Δῶρος
1748 1102 1794 1135 ⁵³
1822 1102 1851 1154 0

258 1216 569 1284 φιλόσοφος,
598 1210 706 1264 ὑπὸ
729 1206 1040 1279 προθυμίας
1088 1200 1491 1273 ὲκνικηθέντες,
1537 1195 1851 1266 κατέϐησάν

254 1326 316 1362 τε
343 1307 435 1359 καὶ
467 1303 699 1365 ἀπαθεῖς
726 1299 913 1354 κακῶν
945 1296 1241 1365 ἀνέϐησαν.
1285 1292 1449 1360 Λέγει
1480 1292 1524 1344 δ’
1547 1292 1574 1344 0
1603 1305 1848 1357 συγγρα-

256 1401 392 1469 φεὺς
424 1400 508 1452 ὅτι
548 1398 685 1449 Τότε
718 1397 781 1465 τῇ
834 1390 1132 1461 Ἱεραπόλει
1182 1386 1591 1455 ὲγκαθευδήσας
1624 1384 1843 1437 ἐδόκουν

255 1495 387 1563 δναρ
420 1494 449 1546 0
509 1492 714 1558 Ἀττης
759 1484 1034 1557 γενέσθαι,
1066 1481 1159 1536 καί
1187 1498 1277 1551 μοι
1307 1477 1668 1533 ἐπιτελεῖσθαι
1697 1474 1852 1544 παρὰ

256 1588 358 1655 τῆς
396 1585 598 1656 μητρὸς
612 1582 720 1635 τῶν
746 1580 884 1633 θεῶν
912 1578 1009 1648 τὴν
1036 1575 1146 1629 τῶν
1179 1574 1401 1644 ἱλαρίων
1424 1569 1778 1639 καλουμένων
1801 1568 1849 1599 ⁹⁸

259 1680 454 1749 ἑορτήν
476 1694 488 1706 ·
524 1678 660 1746 ὅπερ
729 1672 917 1742 ἐδήλου
976 1669 1076 1740 τὴν
1107 1669 1165 1733 ἐξ
1204 1668 1330 1740 ᾅδου
1376 1667 1663 1734 γεγονυῖαν
1690 1662 1848 1732 ἡμῶν

262 1770 559 1840 σωτηρίαν.
574 1765 937 1835 Διηγησάμην
953 1762 1007 1815 δὲ
1030 1760 1108 1831 τῷ
1137 1758 1598 1829 Ἀσκληπιοδότῳ,
1620 1753 1849 1808 ἐπανελ-

1955 558 2189 615 superne
2220 558 2321 600 nec
2375 546 2564 600 avihns
2610 544 3121 616 prmtervolantihus
3153 546 3270 599 sine
3296 547 3541 616 periculo

1953 646 2063 699 est,
2115 636 2208 690 sed
2257 652 2596 707 quaerunqne
2655 638 2778 691 illac
2822 638 3035 701 volant,
3089 640 3413 691 moriuntur.
3468 639 3541 691 At

1954 726 2043 792 iis,
2100 728 2188 796 qui
2241 729 2525 783 sacriﬁciis
2558 738 2683 783 sunt
2731 729 2970 793 initiati,
3003 727 3199 800 3&50
3235 728 3390 783 facile
3440 729 3543 783 fuit

1956 819 2188 889 ingredi,
2215 828 2269 873 et
2307 820 2361 874 in
2406 820 2497 874 illa
2539 820 2798 889 spelunca
2826 821 2945 873 sine
2979 820 3083 873 ulla
3139 834 3276 872 noxa
3310 821 3528 887 degere.

1956 908 2145 964 Refert
2197 920 2389 965 auctor
2414 926 2475 966 se
2500 919 2556 965 et
2579 911 2778 965 Dorum
2812 910 3214 981 philosophum,
3245 912 3545 979 cupiditate

1954 1010 2142 1069 captos
2204 1001 2455 1068 intrasse,
2522 1011 2575 1055 et
2634 1001 2830 1055 illaesos
2886 1015 3134 1069 egressos
3193 1016 3334 1057 esse.
3404 1000 3545 1055 Dicit

1955 1094 2187 1163 scriptor
2231 1108 2353 1147 cum
2406 1102 2534 1147 tunc
2599 1090 2873 1162 Hierapoli
2920 1093 3206 1157 dormiret,
3241 1094 3294 1146 in
3336 1092 3547 1148 somnis

1954 1186 2056 1240 sibi
2109 1187 2283 1239 visum
2355 1200 2479 1241 esse
2524 1184 2701 1248 Attin,
2757 1186 2970 1254 sibique
3014 1201 3042 1237 a
3092 1196 3271 1240 matre
3318 1186 3546 1239 deorum

1953 1277 2176 1341 festum,
2221 1277 2363 1345 quod
2404 1276 2604 1330 dicitur
2642 1275 2993 1342 llilariormn,
3027 1278 3363 1343 mandatum,
3400 1277 3545 1345 quod

1954 1369 2230 1425 indicabat
2265 1379 2508 1424 nostram
2568 1370 3042 1424 conservationem
3078 1370 3148 1424 ab
3179 1370 3391 1424 inferis.
3438 1369 3547 1425 Re-

1955 1477 2146 1518 versus
2189 1462 2372 1531 itaque
2411 1464 2462 1515 in
2511 1460 2740 1517 Veneris
2772 1464 2958 1516 urbem
2998 1463 3211 1516 narravi
3263 1462 3547 1530 Asclepio-

1953 1555 2078 1608 doto
2111 1553 2416 1609 visionem:
2470 1552 2558 1607 ille
2596 1553 2669 1607 rei
2707 1552 2969 1607 miraculo
2998 1552 3296 1621 obstupuit,
3332 1561 3387 1606 et
3414 1552 3548 1606 mihi
3574 1544 3589 1551 ”

1952 1660 2051 1715 pro
2082 1647 2183 1701 hoc
2217 1646 2427 1701 somnio
2452 1661 2558 1699 non
2598 1645 2868 1700 somnium
2900 1644 3161 1707 narravit,
3200 1645 3297 1698 sed
3323 1646 3550 1700 minoris

1952 1737 2029 1792 rei
2062 1738 2428 1792 narrationem
2465 1739 2711 1807 rependit
2742 1738 2965 1805 majore.
2998 1735 3141 1791 Dixit
3169 1752 3227 1791 se
3248 1737 3543 1790 etiamnum

397 1822 487 1924 ne;
542 1822 949 1930 ’Δφροδισιάδα,
1010 1822 1109 1922 τὴν
1147 1851 1241 1906 τοῦ
1263 1822 1474 1921 ὀνείρου
1517 1822 1661 1917 ὅφιν.
1704 1845 1763 1898 Ὀ
1787 1844 1846 1898 δὲ

1974 1843 2200 1882 uvenem
2236 1829 2288 1881 in
2315 1828 2453 1882 hanc
2487 1829 2759 1897 regionem
2790 1829 3025 1889 venisse,
3058 1836 3112 1881 et
3141 1836 3388 1881 naturam
3428 1827 3545 1894 eius

259 1954 541 2025 ἐθαύμασέ
592 1970 652 2005 τε
675 1953 719 1985 ³⁵
744 1952 806 2004 τὸ
853 1947 1222 2019 συμϐεϐηκὸς,
1267 1944 1361 1998 καὶ
1407 1943 1707 2013 διηγήσατο
1746 1939 1847 1991 οὐκ

259 2048 392 2116 ὄναρ
421 2046 544 2100 ἀντὶ
568 2044 869 2113 ὀνείρατος,
923 2039 1060 2094 ἀλλὰ
1104 2036 1291 2106 θαῦμα
1320 2034 1506 2106 μεῖζον
1543 2034 1662 2087 ἀντὶ
1689 2031 1848 2085 ἐλάτ-

257 2157 430 2202 τονος.
471 2137 752 2207 Νεὼτερος
811 2134 922 2206 γὰρ
977 2133 1165 2201 ἔλεγεν
1216 2132 1297 2193 είς
1347 2128 1408 2182 τὸ
1444 2126 1645 2197 χωρίον
1672 2123 1849 2177 ἐλθεῖν

257 2229 438 2297 τοῦτο,
492 2229 585 2284 καὶ
635 2225 1084 2296 ἀποπειραθῆναι
1152 2219 1318 2277 αὐτοῦ
1356 2219 1455 2289 τῆς
1486 2219 1722 2288 φύσεως.
1758 2213 1850 2277 Δὶς

259 2320 352 2376 οὖν
388 2322 478 2376 καὶ
534 2320 654 2391 τρὶς
708 2316 1017 2383 ἐπιπτόξας
1046 2315 1108 2369 τδ
1153 2313 1368 2384 ἱμάτιον
1393 2310 1521 2380 περὶ
1551 2308 1649 2371 τὰς
1654 2309 1848 2393 ῥῖνας,

261 2416 372 2481 ἵνα,
405 2415 507 2469 κᾶν
527 2413 771 2484 ἀναπνέῃ
809 2410 1094 2474 πολλάκις,
1120 2406 1195 2477 μὴ
1225 2404 1317 2458 τδν
1344 2400 1740 2473 διεφθαρμένον
1759 2398 1854 2452 καὶ

261 2506 594 2578 λυμαντικδν
624 2504 763 2574 ἀέρα
830 2503 878 2535 ⁸⁸
934 2502 1172 2570 άναπνῇ,
1215 2495 1351 2552 ἀλλὰ
1403 2495 1497 2548 τὸν
1536 2491 1724 2561 ἀπαθῆ
1759 2488 1855 2544 καὶ

265 2598 556 2667 σωτήριον,
580 2594 640 2647 ὃν
678 2592 878 2660 ἔξωθεν
920 2593 1185 2662 εἰσήγαγε
1207 2584 1522 2658 περιλαϐὼν
1548 2585 1605 2637 ὲν
1621 2581 1700 2653 τῷ
1727 2582 1855 2652 ίμα-

266 2688 388 2759 τίῳ,
412 2686 554 2740 οὕτω
572 2686 785 2756 πράξας
818 2684 992 2755 εἰσῄει
1013 2700 1072 2736 τε
1098 2683 1155 2735 ὲν
1174 2684 1241 2752 τῇ
1264 2677 1579 2741 καταδύσει,
1598 2679 1664 2746 τῇ
1689 2675 1852 2746 ἐκροῇ

265 2780 377 2832 τῶν
413 2778 633 2852 θερμῶν
660 2778 868 2831 ὑδάτων
899 2772 1309 2836 ἐπακολουθῶν,
1357 2771 1452 2824 ἐπὶ
1474 2770 1727 2823 πλεῖστον
1754 2765 1850 2819 τοῦ

267 2871 476 2925 ἀϐάτου
516 2869 710 2942 μυχοῦ,
765 2870 827 2922 οὐ
864 2867 972 2938 μὴν
1000 2868 1077 2929 είς
1097 2864 1252 2926 τέλος
1302 2861 1532 2931 ἀφίκετο
1553 2857 1656 2928 τῆς
1683 2871 1855 2910 κατα-

269 2965 483 3029 ϐάσεως
502 2979 515 2993 ·
573 2966 607 3034 ἡ
652 2964 761 3033 γὰρ
791 2960 994 3023 εἴσοδος
1044 2955 1361 3029 ἀπερρώγει
1387 2954 1433 2987 ³⁷
1455 2952 1591 3024 πρὸς
1616 2950 1779 3023 βάθος
1809 2949 1855 2982 ’⁸

270 3058 371 3129 ἤδη
403 3056 539 3110 πολὺ
578 3056 686 3109 τῶν
707 3055 938 3118 ὑδάτων,
967 3051 1064 3106 καὶ
1112 3047 1388 3120 ἀνθρώπῳ
1413 3062 1477 3115 γε
1509 3045 1571 3097 οὐ
1606 3040 1861 3097 διαϐατὸν

269 3146 360 3220 ἦν,
391 3148 506 3205 ἀλλ’
528 3151 555 3202 0
584 3147 921 3217 καταιϐάτης
950 3146 995 3178 ’9
1016 3141 1311 3197 ἐνθουσιῶν
1329 3139 1555 3210 ἐφέρετο
1577 3137 1739 3207 μέχρι
1764 3132 1858 3187 τοῦ

272 3243 533 3315 πέρατος.
570 3243 629 3295 '0
663 3241 847 3312 μέντοι
892 3234 1348 3305 Ἀσκληπιόδοτος
1407 3229 1618 3283 ἐκεῖθεν
1663 3226 1862 3297 ἀνῆλθε

274 3336 440 3407 σοφίᾳ
478 3337 547 3404 τῇ
596 3332 763 3386 αὐτοῦ
822 3328 1013 3384 κακῶν
1074 3320 1502 3395 ἀπαθής.Ἀλλὰ
1547 3320 1642 3373 καὶ
1697 3316 1865 3388 πνοὴν

274 3425 671 3499 παραπλησίαν
700 3422 929 3491 ὕστερον
959 3421 1028 3489 τῇ
1056 3416 1346 3486 θανασίμῳ
1376 3415 1439 3466 ὲκ
1476 3410 1749 3480 διαφόρων
1788 3408 1867 3499 ei-

434 3515 989 3584 κατασκευασάμενος
1044 3508 1450 3581 ἐμηχανήσατο.
1510 3502 1695 3573 Χωρὶς
1744 3501 1761 3532 ⁸
1797 3496 1870 3555 τὰ

275 3608 584 3681 φιλοσόφων
620 3608 714 3661 καὶ
747 3604 815 3659 τὰ
841 3604 948 3658 τῶν
988 3601 1181 3673 ἱερέων
1209 3599 1502 3669 ὁρίσματα,
1525 3594 1679 3648 οὐδὲν
1703 3587 1865 3664 ἦττον

276 3701 408 3774 ῆτὰ
436 3700 707 3770 λεγόμενα
755 3696 959 3752 Μυσῶν
1009 3693 1108 3748 κα)⁸
1151 3691 1401 3763 Φρυγῶν.
1457 3686 1600 3741 Ἀλλ’
1647 3687 1798 3757 ὅμως
1838 3687 1867 3738 0

279 3795 578 3866 Πατρίκιος
604 3791 804 3862 ὲτόλμη
816 3807 895 3852 σε,
926 3787 1078 3858 παρὰ
1099 3785 1263 3855 νόμον
1280 3783 1372 3835 τὸν
1402 3780 1741 3850 φιλοσοφίας,
1775 3777 1868 3829 ἐπὶ

276 3887 450 3941 ταῦτα
465 3884 637 3956 ρυείς.
656 3884 718 3936 Ἦ
735 3883 790 3936 δὲ
808 3882 931 3952 ἐφη,
948 3877 1093 3948 Ἐγὼ
1104 3875 1328 3947 χωρῐτίς
1343 3875 1459 3944 είμι
1478 3872 1573 3925 καὶ
1585 3872 1863 3941 ἄγροικος.

278 3978 440 4031 Ἀλλὰ
461 3977 752 4037 διαναστὰς
782 3972 891 4027 ἀπὸ
920 3971 1015 4025 τοῦ
1047 3969 1219 4023 ὕπνου
1240 3966 1336 4020 καὶ⁸
1368 3963 1869 4032 διαγκωνισάμενος

278 4072 371 4123 ἐπὶ
399 4067 495 4121 τοῦ
522 4065 819 4138 σκίμποδος
865 4064 990 4133 ἔφη.
1023 4058 1263 4122 Ἀστεῖός
1292 4074 1352 4111 τε
1380 4051 1446 4126 ἦν
1468 4054 1563 4109 καὶ
1592 4051 1866 4123 εὐόμιλος,

277 4163 339 4216 οὐ
376 4162 535 4233 μόνον
565 4159 701 4231 πρὸς
729 4158 827 4229 τὴν
860 4154 1289 4218 σπουδάζουσαν,
1320 4148 1456 4203 ἀλλὰ
1484 4147 1579 4200 καὶ
1611 4144 1869 4233 πρὸςῗτὴν

278 4254 580 4319 παίζουσαν
611 4251 781 4305 ἐνίοτε
827 4247 1135 4308 συνουσίαν,
1174 4241 1443 4311 ὥστεκαὶ
1476 4239 1697 4311 ἥδιστος
1728 4232 1869 4290 εἶναι

279 4351 393 4412 τοῖς
428 4344 790 4418 πλησιάζουσι
821 4340 959 4414 πρὸς
988 4339 1066 4411 τῷ
1093 4336 1379 4408 ὠφελίμῳ.
1406 4334 1511 4388 Τὸν
1544 4331 1676 4386 Θεὸν
1699 4328 1867 4400 πρού-

280 4441 502 4495 καλεῖτο
549 4439 640 4493 ἐπὶ
684 4435 848 4491 πάθει
878 4431 1195 4501 περιωδύνῳ
1236 4432 1339 4501 τῆς
1386 4428 1493 4482 τῶν
1539 4424 1801 4479 ὀπισθίων
1848 4424 1869 4454 ³

1959 1925 2266 1988 expertum.
2318 1919 2409 1973 Bis
2436 1920 2619 1989 itaque
2668 1928 2722 1973 et
2754 1928 2834 1974 ter
2865 1929 3068 1974 vestem
3122 1919 3348 1973 narihus
3380 1918 3553 1988 appli-

1955 2028 2109 2079 cans,
2160 2027 2249 2077 ne,
2294 2011 2419 2066 licet
2463 2011 2761 2081 respiraret
2797 2012 3018 2081 saepius,
3075 2020 3391 2080 corruptum
3450 2025 3552 2066 no-

1956 2106 2217 2174 xiumqne
2274 2118 2454 2158 aerem
2486 2105 2809 2167 attraheret,
2860 2106 2954 2157 sed
3016 2118 3197 2158 aerem
3258 2103 3459 2158 bonum
3489 2112 3550 2157 et

1959 2198 2275 2260 salutarem,
2320 2211 2479 2266 quem
2509 2190 2730 2251 aliunde
2776 2196 3074 2250 adduxerat
3124 2196 3176 2250 in
3226 2205 3374 2250 veste
3412 2208 3552 2250 con-

1959 2292 2219 2355 cludens,
2276 2290 2552 2360 ingressus
2611 2297 2697 2344 est
2764 2289 2815 2342 in
2873 2288 3183 2358 speluncam
3242 2296 3545 2342 scatentem

1961 2385 2153 2440 calidis
2181 2384 2358 2453 aquis,
2406 2397 2642 2453 sequens
2698 2396 2917 2451 semper
2969 2381 3167 2434 inviam
3205 2381 3548 2450 voraginem,
3662 2424 3677 2431 ,

1961 2488 2016 2533 et
2065 2478 2131 2531 ad
2179 2476 2340 2532 finem
2401 2477 2695 2531 descensus
2746 2475 3015 2545 pervenit.
3056 2474 3153 2528 Via
3211 2476 3354 2529 enim
3402 2474 3553 2529 circa

1963 2567 2386 2638 profunditatem
2435 2570 2663 2637 abrupta
2704 2578 2820 2622 est:
2856 2574 2911 2620 at
2964 2576 3092 2619 tunc
3125 2564 3196 2619 ob
3251 2563 3553 2619 multitudi-

1964 2675 2085 2715 nem
2147 2675 2413 2730 aquarum
2473 2660 2638 2715 etiam
2691 2659 2897 2715 homini
2946 2659 3088 2714 invia
3134 2667 3271 2714 erat.
3320 2658 3425 2715 Sed
3462 2658 3557 2714 de-

1964 2767 2187 2807 scensor
2213 2752 2434 2809 fatidico
2484 2752 2670 2807 furore
2729 2763 3008 2821 correptus
3048 2751 3114 2807 ad
3152 2753 3314 2808 linem
3369 2766 3553 2807 acces-

1966 2847 2057 2902 sit.
2117 2845 2533 2912 Asclepiodotus
2584 2845 2747 2917 igitur
2797 2845 3060 2917 sapientia
3116 2860 3213 2898 sua
3266 2843 3555 2899 incolumis

1975 2941 2099 2995 hinc
2156 2938 2349 3005 evasit,
2408 2937 2503 2994 sed
2532 2947 2586 2993 et
2616 2948 2799 3008 postea
2849 2938 3099 3006 spiritum
3157 2936 3347 2992 lethali
3405 2937 3559 2990 simi-

1971 3032 2072 3087 lem
2101 3048 2132 3088 e
2162 3032 2327 3088 variis
2364 3031 2648 3102 speciebus
2686 3030 3021 3086 miscendum
3072 3030 3418 3100 excogitavit,
3454 3043 3555 3083 ne-

1971 3126 2179 3195 gligens
2204 3134 2259 3178 et
2290 3122 2734 3194 philosophorum
2801 3122 3258 3191 Sacerdotumque
3285 3122 3552 3185 rationes,

1969 3216 2103 3271 nihil
2141 3230 2299 3271 secus
2347 3224 2512 3284 atque
2574 3212 2847 3285 Mysorum
2911 3211 3296 3285 Phrygiumque
3355 3214 3553 3270 dicta:

1969 3310 2063 3365 sed
2106 3319 2283 3363 tamen
2333 3307 2604 3362 Patricius
2658 3322 2823 3361 ausus
2857 3304 2958 3359 fuit
2988 3306 3178 3361 eodem
3211 3316 3396 3363 contra
3429 3306 3556 3378 phi-

1968 3403 2320 3473 losophorum
2373 3400 2590 3456 decreta
2647 3414 2893 3471 pergere.
2948 3399 3200 3467 Quaedam
3237 3401 3403 3455 dixit:
3442 3399 3556 3470 Ego

1968 3494 2203 3564 agrestis
2246 3501 2302 3547 et
2360 3490 2559 3545 rustica
2608 3506 2750 3547 stnn.
2805 3490 2911 3545 Sed
2970 3504 3199 3560 surgens
3232 3505 3262 3544 e
3312 3504 3505 3545 somno
3534 3531 3553 3558 ,

1970 3597 2025 3642 et
2055 3588 2311 3653 innitens,
2345 3587 2545 3658 inquit,
2599 3586 2833 3641 scabello
2860 3626 2875 3650 ,
2917 3585 3093 3640 civilis
3126 3596 3181 3639 et
3225 3585 3395 3639 comis
3427 3583 3554 3647 fuit,

1971 3698 2075 3735 non
2112 3681 2284 3736 solum
2315 3682 2366 3733 in
2399 3681 2565 3743 serio,
2612 3680 2705 3735 sed
2735 3679 2896 3733 etiam
2930 3680 2983 3731 in
3025 3676 3219 3748 puerili
3263 3677 3558 3747 aliquando

1970 3773 2261 3843 colloquio,
2319 3784 2379 3827 ut
2411 3780 2466 3827 et
2496 3769 2927 3840 jucundissimns
2987 3783 3111 3822 cum
3171 3768 3372 3837 quibus
3425 3781 3555 3823 ver-

1971 3874 2208 3931 saretur,
2270 3880 2393 3921 cum
2445 3864 2681 3918 utilitate
2717 3871 2883 3917 esset.
2951 3859 3118 3915 Deum
3188 3858 3461 3914 invocavit
3503 3858 3556 3912 in

1974 3959 2126 4027 gravi
2182 3956 2445 4026 periculo,
2478 3964 2537 4010 ut
2572 3963 2879 4009 cataractas
2933 3967 3199 4020 aquarum
3234 3966 3355 4021 quae
3377 3951 3559 4006 adhuc

1977 4058 2271 4115 restarent,
2302 4057 2599 4103 amoveret.
2628 4045 2867 4101 Uxorem
2916 4045 3149 4100 vicinam
3200 4043 3380 4112 partui
3450 4058 3558 4098 una

1972 4141 2219 4198 adduxit.
2283 4139 2475 4195 Adhuc
2524 4138 2577 4192 in
2617 4136 2821 4205 sponda
2867 4133 3067 4205 jacenti
3119 4134 3345 4203 contigit
3405 4133 3481 4188 illi
3525 4148 3561 4189 e

1971 4235 2200 4305 vestigio
2270 4233 2432 4289 Dicen
2490 4230 2696 4294 videre,
2752 4227 3028 4298 egregiam
3082 4226 3343 4297 puellam,
3401 4240 3566 4296 expe-

1972 4332 2159 4395 ditam,
2214 4326 2411 4400 35.50
2474 4324 2660 4378 tunica
2710 4322 2828 4377 sine
2868 4318 3116 4387 manicis,
3164 4317 3292 4374 lutei
3339 4320 3559 4383 coloris,

1972 4433 2026 4477 et
2072 4420 2358 4493 purpureis
2399 4418 2569 4474 clavis
2602 4414 2941 4471 exstantibus
2994 4414 3301 4469 (lecoratam
3340 4426 3357 4469 :
3400 4422 3566 4482 caput

279 4531 486 4604 ὀχετῶν
540 4531 807 4600 ἀφέσεως.
846 4524 1012 4598 [1056
1042 4522 1138 4595 R.]
1181 4523 1442 4576 Ἑπίτεκα
1491 4518 1513 4550 ⁸
1551 4513 1717 4571 οὖσαν
1764 4514 1860 4584 τὴν

1975 4514 2106 4568 vitta
2129 4512 2377 4582 ligatum,
2410 4509 2529 4564 sine
2556 4506 2810 4571 amiculo,
2847 4506 2995 4558 vultu
3026 4504 3271 4559 nonnihil
3303 4515 3563 4559 severoet

281 4596 532 4696 ’ραμετὴν
591 4596 920 4688 συνεπῆγεν.
978 4616 1104 4671 Ἐπὶ
1143 4615 1243 4685 τῆς
1280 4612 1470 4682 κλίνης
1522 4607 1860 4679 ἀνακειμένῳ

1982 4606 2159 4660 fronte
2184 4611 2489 4659 contracta.
2532 4599 2648 4655 Non
2679 4598 2880 4669 aliquid
2907 4598 2972 4651 ad
2998 4597 3169 4660 illum,
3193 4598 3286 4652 sed
3313 4606 3366 4651 et
3391 4596 3456 4651 ad
3482 4597 3568 4651 in-

283 4721 549 4789 ὶξαπίνης
565 4717 662 4785 τὴν
678 4715 832 4785 δίκην
848 4713 977 4767 ἰδεῖν
996 4709 1218 4781 συνέϐη,
1232 4707 1299 4761 λα
1308 4706 1495 4778 μπρὰν
1510 4703 1698 4773 κόρην,
1712 4699 1876 4765 εὔζω-

289 4832 413 4880 νον,
463 4809 687 4865 κολοϐὸν
736 4807 938 4878 χιτῶνα
983 4802 1343 4876 μηλινόχρουν
1379 4800 1401 4830 ⁵
1456 4793 1871 4865 ἀνεζωσμένην,
1912 4845 1916 4849 ,

288 4906 589 4979 πορφυροῖς
619 4900 847 4955 πλατέσι
879 4895 1165 4968 σημαδίοῑς
1214 4888 1651 4979 κεκοσμημένον,
1670 4884 1873 4979 ,ἀναδε-

285 5000 520 5069 δεμὲνην
548 4995 649 5067 μὲν
674 4994 772 5062 τὴν
791 4989 1033 5060 κεφαλὴν
1064 4985 1366 5055 ἀναδέσμῃ,
1393 4980 1609 5053 γυμνὴν
1637 4978 1695 5031 δὲ
1721 4994 1877 5069 περι-

288 5066 837 5157 ϐολαίου,νβλοσυρόν
878 5098 932 5133 τι
966 5078 1180 5150 ὁρῶσαν
1221 5074 1317 5129 καὶ
1362 5066 1834 5140 συνωφρυωμένον
1859 5107 1874 5132 ,

289 5182 410 5238 οὔτι
435 5198 501 5251 γε
543 5179 678 5249 πρὸς
714 5175 875 5231 αὑτὸν
903 5214 917 5238 ,
950 5171 1088 5225 ἀλλὰ
1125 5169 1262 5241 πρὸς
1290 5167 1311 5198 ⁸
1366 5166 1467 5237 τὴν
1496 5162 1721 5216 εἴσοδον.
1750 5159 1877 5212 Ὀτι

305 5272 757 5347 Ἀσκληπιόδοτος
808 5270 853 5359 0.
892 5266 1202 5339 φιλόσοφος,
1242 5263 1271 5316 0
1316 5256 1563 5332 Πρόκλου
1610 5251 1883 5326 μαθητὴς,

1982 4698 2225 4754 troitum.
2254 4693 2668 4764 Asclepiodotus
2706 4691 2881 4746 Procli
2920 4689 3234 4760 discipulus,
3258 4690 3310 4744 in
3339 4691 3577 4746 summis

1986 4788 2225 4845 tenebris
2256 4788 2371 4841 sine
2404 4784 2609 4838 lumine
2642 4782 2788 4852 legit,
2814 4788 3163 4848 astantesque
3199 4778 3445 4832 homines
3483 4777 3577 4832 di-

1985 4880 2192 4951 gnovit.
2216 4874 2521 4947 Aliquando
2550 4874 2735 4943 itaque
2757 4873 2810 4927 in
2843 4871 3000 4927 Caria
3040 4871 3118 4924 ait
3145 4884 3205 4925 se
3239 4878 3401 4939 caput
3440 4869 3570 4924 dra-

1983 4975 2139 5031 conis
2162 4973 2213 5027 in
2240 4986 2429 5043 agrum
2448 4968 2668 5042 Pytheaa
2684 4968 2838 5023 Caris
2854 4964 3074 5029 cadens,
3092 4974 3148 5021 et
3172 4964 3391 5018 allatum
3415 4978 3445 5018 a
3469 4962 3580 5036 Py-

1988 5068 2111 5120 thea
2144 5065 2287 5135 ipso,
2318 5060 2687 5129 magnitudine
2753 5050 2972 5112 maximi
3025 5057 3225 5110 taurini
3254 5057 3447 5126 capitis
3495 5058 3581 5113 vi-

1990 5156 2156 5211 disse.
2187 5154 2375 5210 Refert
2395 5154 2558 5207 etiam
2612 5150 3056 5220 Asclepiodotum
3085 5149 3287 5204 vidisse
3312 5158 3361 5204 et
3393 5150 3579 5204 vivum

1992 5253 2280 5305 draconem
2304 5247 2589 5305 sublimem
2617 5246 2669 5300 in
2688 5259 2814 5302 aere
2833 5252 3166 5309 concretum,
3195 5258 3224 5298 a
3249 5253 3409 5300 vento
3439 5257 3581 5299 con.-

1598 5455 1636 5509 Ὗ
1649 5456 1683 5508 Α
1696 5451 1838 5508 Rl/E
1880 5445 2284 5506 LECTIONES.

367 5592 417 5626 ³⁸
442 5590 509 5645 de
542 5590 683 5645 Doro
700 5586 823 5642 vide
850 5584 1069 5639 Snidam
1101 5582 1158 5635 h.
1183 5594 1238 5634 ν.
1313 5575 1359 5611 ⁸⁸
1383 5572 1731 5645 καλουμένην
1743 5569 1820 5645 ΑΒ.
1868 5567 1941 5645 ἠ
1971 5584 2031 5645 τε
2053 5580 2194 5645 Δ(πη.
2221 5562 2283 5619 Β.
2308 5562 2408 5645 ﬂ"
2435 5556 2771 5645 λυμλαντικδν
2798 5556 2937 5645 ἀέρα
2967 5553 3064 5645 καῖ
3085 5551 3575 5645 agamagam

298 5660 668 5743 "eseam
697 5658 793 5743 ,ίὲν
855 5657 1109 5743 ﬁt???”
1143 5646 1614 5743 S,.‘_t_f°.'."’“?’.§;

298 5716 621 5788 «asini:va
656 5716 668 5730 '
697 5731 718 5762 ι
744 5716 1033 5795 ὀπισθίων]
1052 5716 1276 5776 ’τξυῡίων
1316 5716 1376 5795 εξ.

1715 5642 1761 5676 οι
1789 5642 1926 5676 ηΑλρ
1957 5655 1988 5676 e-

1469 5651 1521 5705 o)
1549 5636 1614 5695 A.
1684 5636 1695 5641 ⁷
1715 5642 1761 5676 ’⁸
1789 5639 1926 5710 πρὸς
1957 5638 2018 5691 τὸ
2052 5636 2102 5707 β.
2133 5654 2192 5699 ς.
2307 5636 2354 5668 ³⁸
2385 5636 2701 5700 καταϐάτης
2748 5647 2807 5694 ς’.
2911 5636 2927 5660 ¹
2982 5636 3055 5681 cl.
3084 5636 3281 5680 Surdas
3306 5639 3358 5677 ν.
3387 5636 3574 5694 Ampi;

1466 5715 1487 5746 ³
1517 5714 1745 5767 ἐπίτεκα
1765 5707 1933 5766 οὖσαν
1968 5724 2101 5777 mg.,
2129 5705 2364 5762 -ὲπίτοκα
2380 5699 2549 5759 οὖσαν
2584 5701 2648 5767 C,
2679 5701 2867 5755 ἔπειτα
2881 5694 3209 5753 κλάουσανΒ
3243 5705 3298 5751 et
3323 5707 3473 5749 corr.
3502 5695 3575 5747 Α.

2307 5634 2354 5668 ³⁸
2385 5623 2701 5700 καταϐάτης
2748 5647 2807 5694 ς’.
2871 5623 2881 5628 ’
2911 5629 2927 5700 ἦ
2966 5628 3055 5700 Aci.
3084 5623 3358 5700 Suiﬁdas'v.
3387 5623 3574 5700 pri;

784 5778 812 5854 -εν
835 5778 1174 5870 μιλινόῇξρουν
1197 5808 1257 5855 ς.
1334 5789 1354 5820 ⁸
1384 5784 1521 5841 ἀλλὰ
1548 5785 1682 5857 πρὸς
1717 5785 1757 5838 Β
1791 5803 1803 5839 :
1846 5780 1979 5837 ἀλλὰ
2002 5778 2093 5833 καί
2124 5795 2184 5841 ς.
