4104 6440
520 368 665 433 12ὃῖ

1589 365 1849 426 ΡΗΟῚἮ
1876 366 2151 426 PATRIA
2166 362 2387 423 RClle
2421 362 2527 422 CP.

3644 350 3805 415 1284

522 492 760 552 ceptum,
805 479 1035 534 nubibus
1076 476 1421 532 eondensatis
1458 475 1786 533 immobilem
1824 489 1990 541 stare,
2044 486 2098 529 et

2217 477 2259 525 ιν
2296 471 2471 540 σκότῳ
2524 470 2679 540 βαθεῖ
2704 466 3009 540 γράμματά
3050 483 3109 519 τε
3141 464 3524 533 ἀνεγίνωσκεν,
3560 466 3743 535 φησὶν
3770 464 3817 529 ⁸,

529 574 703 628 instar
748 573 928 641 magni
964 570 1108 625 conti
1151 579 1454 623 extensum.
1512 569 1663 623 llunc
1700 570 1883 640 itaque
1935 580 1989 623 et
2020 570 2099 622 vi.

527 665 693 729 disse,
722 664 1133 731 astantibusque
1170 674 1492 729 montrasse,
1525 676 1754 730 cumque
1788 662 1957 715 nubes
1991 676 2105 713 ma-

528 755 610 821 gis
676 754 959 822 magisque
1019 752 1478 822 constiparentur,
1540 752 1712 806 feram
1794 752 2101 805 evanuisse.

528 844 773 899 Marinus
811 846 949 917 (18),
980 846 1171 913 inquit,
1228 845 1399 899 Procli
1449 861 1748 906 successor,
1782 860 1953 913 genus
2008 845 2106 898 dn-

527 935 689 988 chat
747 935 965 1005 Neapoli
1022 936 1073 989 in
1128 936 1447 1001 Palaestina,
1500 937 1653 1005 juxta
1718 947 1951 991 montem
2017 935 2107 989 eni

528 1043 722 1081 neuneu
776 1026 1102 1095 llargarizns
1134 1027 1266 1092 (19).
1308 1026 1507 1081 Deinde
1560 1026 1965 1096 blasphemaus,
2003 1027 2107 1080 im-

528 1119 670 1187 pius,
736 1118 933 1186 inquit,
982 1117 1071 1171 ille
1117 1118 1351 1187 scriptor
1404 1118 1585 1171 addit:
1645 1118 1701 1171 lu
1757 1134 1865 1186 quo
1928 1127 2109 1173 monte

526 1205 675 1259 Jovis
717 1204 915 1259 summi
958 1208 1387 1259 sacratissimum
1464 1205 1719 1275 templum
1780 1216 1884 1273 est,
1934 1207 2007 1261 ibi
2056 1216 2111 1261 et

526 1298 799 1351 Abraham
850 1298 962 1366 (ἳο)
996 1298 1206 1364 primus
1264 1299 1611 1366 antiquorum
1664 1298 1971 1351 Judmorum
2018 1315 2109 1353 sa-

527 1399 710 1443 cratus
756 1390 876 1450 fuit,
914 1400 968 1442 ut
1000 1391 1136 1443 idem
1187 1390 1320 1445 dixit
1405 1390 1668 1445 Marinus.
1732 1390 2111 1444 Samaritanus

532 1480 686 1533 initio
727 1480 900 1534 factus
945 1496 1062 1533 cum
1096 1490 1244 1535 esset
1276 1480 1536 1545 Marinus,
1569 1496 1753 1535 eorum
1800 1481 2108 1546 Opinionem

532 1572 853 1640 repudiavit,
914 1571 1064 1639 quasi
1125 1573 1191 1625 ab
1244 1572 1518 1625 Abraham
1591 1571 1875 1626 sacriﬁciis
1926 1586 2113 1625 recens

532 1664 584 1717 in
625 1680 815 1717 novam
873 1666 1257 1732 degenerasset
1329 1665 1675 1731 opinionem:
1744 1672 1797 1716 et
1830 1663 1894 1715 ad
1942 1663 2116 1732 genti-

532 1756 744 1810 lismnm
817 1771 874 1809 se
925 1757 1217 1810 convertit.
1276 1754 1660 1810 Verumtamen
1714 1754 1884 1809 labori
1937 1764 1991 1808 et
2031 1770 2115 1809 as-

2207 564 2333 617 ἄνευ
2395 562 2571 631 φωτὸς
2642 561 2737 613 καὶ
2822 561 2947 621 τοὺς
3000 558 3271 627 παρόντας
3327 554 3454 627 [562
3524 554 3620 625 H.]
3696 553 3819 605 τῶν

2209 654 2514 723 ἀνθρώπων
2573 652 2913 719 διεγίνωσκε.
2982 649 3240 719 Κεφαλὴν
3291 646 3421 715 γοῦν
3483 664 3611 699 ποτε
3673 646 3820 714 δρα-

2210 747 2461 799 κοντείαν
2521 746 2579 798 ὲν
2639 744 2823 813 Καρίᾳ
2888 743 2967 803 είς
3036 740 3203 811 ἀγρὸν
3258 737 3529 791 πεσοῦσαν
3584 736 3819 797 Πυθέου

2207 836 2301 890 τοῦ
2362 837 2579 906 Καρὸς,
2638 835 2947 905 ἐνεχθεῖσαν
2995 833 3052 885 δὲ
3104 832 3254 901 αὐτῷ
3313 831 3391 900 τῷ
3436 829 3653 901 Πυθέᾳ,
3714 828 3821 881 καὶ

2211 930 2370 990 αὐτὸς
2398 929 2501 997 ἔφη
2526 928 2823 982 θεάσασθαι
2849 926 3077 997 μέγεθος
3108 921 3273 978 οὖσαν
3298 924 3500 994 ταύρου
3537 922 3819 993 μεγίστου

2212 1021 2354 1077 κατὰ
2405 1021 2672 1091 κεφαλήν.
2734 1020 2884 1073 Ἰδεῖν
2944 1018 2999 1071 δὲ
3050 1018 3140 1069 τὸν
3190 1015 3647 1085 Ἀσκληπιόδοτον
3711 1014 3818 1067 καὶ

2210 1113 2389 1179 ζῶντα
2420 1112 2689 1183 δράκοντα
2737 1110 3009 1181 μετέωρον
3049 1109 3108 1161 ὲν
3154 1108 3275 1177 ἀέρι
3326 1109 3577 1176 συννεφεῖ
3612 1122 3818 1176 πεπη-

2210 1210 2344 1277 γότα
2376 1209 2472 1261 καὶ
2506 1204 2936 1277 συνειλημμένον
2975 1204 3081 1256 ὑπὸ
3110 1202 3203 1256 τοῦ
3237 1203 3547 1271 πνεύματος
3578 1247 3591 1264 ,
3638 1205 3704 1256 ὲν
3746 1205 3815 1273 τῇ

2214 1297 2510 1367 πυκνότητι
2533 1296 2643 1349 τῶν
2673 1295 2851 1364 νεφῶν
2876 1294 3133 1363 ἀκίνητον
3166 1295 3396 1359 ἑστῶτα,
3427 1294 3549 1346 ὅσον
3574 1293 3642 1363 δὴ
3675 1310 3814 1345 κον-

2212 1386 2302 1437 τόν
2335 1402 2457 1439 τινα
2490 1386 2664 1455 μέγαν
2707 1384 3137 1454 ἀποτεταμένον.
3194 1384 3348 1437 Ἰδεῖν
3378 1401 3436 1436 τε
3464 1384 3679 1445 τοῦτον,
3717 1384 3817 1436 καὶ

2214 1474 2481 1539 ἐπιδεῖξαι
2506 1476 2599 1528 καὶ
2622 1477 2735 1538 τοῖς
2757 1474 3014 1544 παροῦσι,
3038 1473 3435 1528 πυκνωθέντων
3464 1475 3519 1527 δὲ
3550 1475 3644 1527 ἐπὶ
3674 1473 3819 1543 μᾶλα

2215 1566 2303 1619 λον
2326 1566 2435 1619 τῶν
2467 1566 2643 1635 νεφῶν
2670 1566 3030 1636 ἀφανισθῆναι
3072 1566 3133 1619 τὸ
3164 1567 3373 1635 θηρίον.
3409 1567 3532 1619 Ὀτι
3559 1570 3585 1619 ό
3621 1566 3818 1620 διάδο-

2217 1677 2309 1729 χος
2342 1659 2608 1728 Πρόκλου,
2641 1659 2827 1728 φησὶν,
2857 1660 2883 1710 6
2911 1661 3172 1728 Μαρῖνος,
3202 1658 3357 1724 γένος
3392 1653 3459 1728 ἦν
3488 1658 3593 1711 ἀπὸ
3622 1660 3734 1728 τῆς
3758 1660 3820 1711 ἐν

2218 1748 2546 1819 Παλαιστίνῃ
2593 1749 2738 1806 Νέας
2774 1748 3003 1814 πόλεως,
3052 1749 3187 1817 πρὸς
3228 1748 3343 1818 ὄρει
3383 1749 3817 1819 κατῳκισμένης

529 1848 697 1901 siduis
761 1848 906 1901 curis
970 1848 1326 1910 incumbens,
1378 1848 1669 1902 multorum
1749 1848 1911 1901 etiam
1964 1847 2113 1914 inge-

2221 1840 2300 1909 τῷ
2334 1840 2645 1911 Ἀργαρίζῳ
2670 1840 3012 1909 καλουμένῳ.
3042 1835 3173 1892 Εἶτα
3200 1839 3533 1909 βλασφημῶν
3554 1842 3581 1893 6
3603 1840 3819 1893 δυσσε-

529 1940 961 1993 niosissimorum
1024 1949 1077 1994 et
1148 1939 1646 2009 antiquissimorum
1716 1940 1942 2010 gloriam
2009 1954 2109 1993 suo

2222 1932 2325 1999 6ης
2355 1948 2519 1999 φησιν
2542 1932 2569 1983 ὀ
2609 1931 2980 2000 συγγραφεὺς,
3010 1932 3067 1982 ὲν
3089 1924 3134 1998 ᾧ
3162 1932 3282 1993 Διὸς
3304 1930 3526 1998 ὑψίστου
3559 1929 3821 1997 ἁγιώταο

528 2028 745 2082 nomine
790 2030 1032 2082 Marinus
1060 2030 1387 2084 obscuravit.
1434 2029 1613 2083 Noluit
1657 2045 1785 2083 vero
1832 2030 1978 2083 illum
2012 2028 2112 2082 lsi-

2217 2037 2307 2073 τον
2341 2019 2505 2089 ἱερὸν,
2530 2012 2574 2086 ᾧ
2600 2019 2901 2090 καθιέρωτο
2942 2020 3223 2088 Ἅϐραμος
3260 2023 3287 2073 6
3327 2021 3437 2073 τῶν
3482 2020 3651 2073 πάλαι
3725 2019 3819 2073 Έ-

527 2118 695 2172 dorus
734 2120 1067 2189 interrogare
1102 2122 1418 2176 infirmitate
1454 2123 1698 2190 corporis
1746 2122 2105 2185 laborantem,

2219 2112 2427 2183 ὁραίων
2459 2112 2744 2180 πρόγονος,
2769 2110 2843 2173 ὠς
2871 2112 3032 2175 αὐτὸς
3058 2111 3243 2179 ἔλεγεν
3274 2115 3300 2165 6
3324 2114 3583 2182 Μαρὶνος,
3607 2114 3817 2181 Σαμα-

528 2221 779 2265 meluens
828 2228 894 2266 ne
949 2214 1113 2267 homo
1173 2216 1502 2269 turbaretur.
1546 2214 1587 2267 E
1645 2213 1804 2267 dictis
1846 2222 2021 2266 tamen
2055 2222 2111 2266 et

2220 2205 2403 2275 ρείτης
2437 2200 2529 2257 οὖν
2554 2204 2615 2256 τὸ
2643 2204 2737 2256 ἀπ’
2764 2204 2940 2273 ἀρχῆς
2969 2205 2995 2256 6
3026 2206 3267 2274 Μαρῖνος
3289 2205 3527 2273 γεγονὼς
3553 2244 3566 2267 ,
3593 2206 3821 2259 ἀπετάο

527 2302 749 2369 scriptis
802 2302 918 2369 ejus
957 2303 1096 2371 (qua!
1120 2318 1225 2356 non
1258 2305 1543 2358 admodum
1575 2304 1739 2357 multa
1768 2302 1915 2373 sont)
1956 2302 2114 2356 facile

2220 2297 2347 2361 ξατο
2391 2296 2488 2365 μὲν
2534 2294 2669 2367 πρὸς
2707 2295 2804 2365 τὴν
2840 2295 3065 2349 ἐκείνων
3094 2296 3273 2361 δόξαν,
3306 2299 3400 2351 ἆτε
3434 2300 3511 2360 εὶς
3556 2312 3821 2351 καινοτο-

526 2400 645 2444 erat
701 2392 955 2460 colligere
1010 2393 1273 2447 Marinum
1346 2410 1451 2449 non
1510 2393 1795 2448 fecundum
1846 2403 1899 2447 et
1948 2394 2114 2461 probe

2223 2388 2353 2460 μίαν
2376 2388 2483 2441 ἀπὸ
2510 2390 2607 2457 τῆς
2646 2388 2923 2459 Ἀϐράμου
2953 2388 3248 2459 θρησκείας
3273 2390 3293 2419 ’⁷
3315 2391 3719 2461 ἀπορρυεῖσαν,
3746 2389 3818 2443 τὰ

529 2482 815 2535 subactum
844 2495 1150 2538 noemalum
1182 2501 1367 2553 agrum
1401 2484 1568 2539 fuisse
1591 2527 1605 2551 ,
1636 2486 1726 2554 qui
1754 2493 1991 2554 segetem
2022 2498 2113 2537 sa-

2217 2481 2275 2533 δὲ
2347 2479 2614 2547 Ἑλλήνων
2656 2481 2962 2550 ἠγάπησεν.
2995 2479 3188 2548 Ὅμως
3231 2481 3515 2551 φιλοπονίᾳ
3558 2483 3578 2513 ⁸
3608 2499 3673 2533 τε
3719 2480 3816 2533 καὶ

530 2572 728 2639 pientis
758 2590 937 2627 rerum
963 2577 1283 2630 naturalium
1314 2578 1790 2645 contemplationis
1819 2574 2114 2645 proferret.

2218 2571 2470 2643 ἀτρύτοις
2494 2572 2671 2633 πόνοις
2695 2572 3010 2642 ἐγκείμενος
3046 2572 3421 2642 εὐφυεστέρων
3452 2574 3554 2642 ἤδη
3590 2572 3815 2625 πολλῶν

528 2664 623 2717 καὶ
662 2664 774 2717 τῶν
834 2667 1221 2737 πρεσϐυτέρων
1283 2670 1560 2740 κατέχωσε
1606 2669 1763 2733 δόξας
1813 2668 1891 2737 τῷ
1937 2664 2131 2719 ἑαυτοῦ
2192 2664 2415 2733 ὀνόματι
2480 2665 2509 2716 6
2574 2664 2837 2733 Μαρῖνος.
2885 2665 2997 2717 Οὐκ
3059 2664 3145 2715 εἴα
3182 2663 3237 2716 δὲ
3295 2664 3457 2716 αὐτὸν
3510 2664 3730 2734 ἐρωτᾷν
3787 2667 3816 2717 6

541 2759 808 2829 Ἰσίδωρος
859 2760 1110 2831 ἀσθενείᾳ
1147 2761 1396 2830 σώματος
1456 2762 1872 2833 ἐνοχλούμενον,
1909 2759 2164 2829 εὐλαϐείᾳ
2199 2758 2291 2810 τοῦ
2332 2756 2619 2827 ὀχλώδους.
2656 2757 2803 2825 Πλὴν
2850 2759 2878 2811 6
2924 2760 3167 2828 Μαρῖνος
3208 2757 3266 2822 ἐξ
3289 2752 3363 2811 ὧν
3392 2775 3450 2810 τε
3480 2760 3501 2790 ⁹
3533 2758 3819 2827 διελέγετο

531 2849 628 2904 καὶ
656 2850 715 2914 ἐξ
737 2844 811 2903 ὧν
836 2851 1071 2920 ἔγραψεν
1098 2853 1274 2921 (ὀλίγα
1302 2855 1358 2907 δὲ
1403 2854 1575 2908 ταῦτά
1631 2854 1768 2923 ἐστι)
1790 2854 1945 2921 δῆλος
1968 2849 2036 2925 ἦν
2071 2852 2131 2905 ού
2170 2851 2387 2921 βαθεῖαν
2408 2848 2621 2903 αὔλακα
2646 2848 2753 2901 τῶν
2779 2849 3066 2919 νοημάτων
3096 2848 3476 2920 καρπούμενος
3498 2887 3514 2911 ,
3546 2847 3607 2914 ὲξ
3629 2843 3716 2904 ὧν
3746 2848 3818 2902 τὰ

534 2941 674 3007 σοφὰ
716 2940 1004 3009 βλαστάνει
1050 2940 1298 3010 θεάματα
1329 2943 1425 3010 τῆς
1453 2943 1560 2995 τῶν
1589 2942 1757 2995 ὄντων
1783 2946 2017 3012 φύσεως.

606 3031 926 3087 Ptolemazns
976 3033 1086 3103 (2|)
1141 3037 1518 3090 astronomiae
1573 3036 1812 3090 scientiae
1860 3037 2180 3105 princepsc

533 3121 773 3188 scripsit,
807 3130 863 3175 ut
899 3120 1137 3190 loquitur
1168 3123 1342 3186 Plato,
1388 3124 1581 3192 placita
1633 3125 1994 3195 interpretum
2048 3127 2114 3179 ad

535 3212 830 3266 senectutis
891 3213 1239 3277 oblivionem,
1285 3215 1598 3284 relinquens
1640 3217 1741 3271 sibi
1776 3226 1829 3271 et
1878 3218 2116 3271 condens

534 3314 907 3359 monumenta.
960 3305 1155 3377 3&611
1192 3307 1416 3362 Proclus
1438 3308 1629 3363 videns
1660 3312 1822 3364 istum
1845 3309 2115 3363 deﬂuxum

535 3397 801 3463 corporis,
854 3398 1186 3451 adolescenti
1243 3400 1456 3454 metuit.
1505 3390 1604 3455 llic
1646 3402 1813 3469 igitur
1852 3412 2115 3469 mortuus,

539 3494 666 3540 tunc
689 3488 899 3552 beatus,
926 3489 1126 3551 anima,
1151 3490 1390 3559 inquam,
1414 3493 1717 3562 animaeque
1737 3495 1910 3565 imago
1932 3504 2117 3564 aperte

537 3577 670 3631 mihi
700 3578 750 3631 in
791 3580 889 3631 hoc
926 3580 1162 3634 scabello
1194 3582 1401 3635 sedenti
1435 3584 1613 3638 astitit
1642 3601 1656 3638 :
1688 3586 1909 3639 credere
1933 3594 2115 3641 autem

536 3678 752 3736 oportet
793 3669 1053 3733 sermoni,
1094 3685 1253 3739 quem
1304 3672 1445 3725 visio
1498 3673 1803 3742 philosophi
1852 3675 2113 3745 principis

539 3759 831 3813 conﬁrmat
869 3768 923 3814 et
962 3775 1151 3815 recens
1181 3761 1406 3817 alterius
1436 3761 1577 3817 fama
1606 3778 1730 3818 vere
1746 3765 1965 3818 secundi
1999 3777 2120 3835 post

541 3850 686 3902 illum
724 3861 778 3903 et
823 3850 1048 3921 insuper
1082 3856 1277 3908 tertius
1308 3866 1620 3924 suggestus,
1646 3865 1699 3911 et
1726 3860 1815 3927 qui
1848 3860 1959 3913 bare
1982 3862 2118 3914 seri-

539 3940 644 4008 psit
667 3952 886 4011 propter
913 3958 1100 3999 eorum
1131 3960 1249 4014 qua:
1278 3947 1667 4012 nuntiavimus,
1698 3964 1947 4018 pompam
1971 3951 2117 4005 veri-

541 4034 664 4087 tatis
695 4035 1015 4090 studiosam.
1049 4036 1270 4093 Proclus
1312 4053 1372 4092 ea
1406 4053 1520 4108 spe,
1562 4055 1723 4108 quam
1756 4041 1822 4095 de
1850 4056 1909 4095 se
1931 4043 2118 4095 conci-

539 4132 677 4176 tarat
720 4139 816 4179 nec
847 4124 1087 4181 Platonis
1122 4121 1463 4195 dignitatem
1490 4130 1795 4197 aspernari,
1842 4145 1942 4185 nec
1970 4129 2119 4184 Jam-

540 4213 726 4277 bliebi,
758 4230 854 4271 uec
884 4215 1157 4272 Plutarchi
1178 4219 1441 4287 judicium
1465 4234 1797 4289 oppugnare,
1825 4236 1925 4273 nec
1954 4234 2118 4287 supra

538 4309 897 4382 communiter
917 4310 1048 4363 utile
1071 4312 1360 4365 consilium
1390 4326 1583 4381 sapere
1617 4313 1815 4379 potuit:
1835 4313 1928 4366 sed
1948 4329 2119 4382 quan-

541 4408 653 4452 tum
687 4400 966 4455 crescebat
994 4403 1220 4455 instituti
1263 4404 1577 4471 magnitudo
1606 4404 1658 4457 in
1691 4405 1937 4468 dicendo,
1969 4416 2117 4460 tante

541 4492 717 4546 minus
766 4495 1096 4563 persuadere
1147 4495 1250 4548 sibi
1306 4497 1612 4565 patiebatur
1661 4497 1917 4565 Isidorus,
1974 4502 2113 4567 quod

541 4584 718 4654 majus
742 4596 888 4641 esset
913 4602 1074 4650 onus,
1103 4601 1264 4655 quam
1296 4586 1441 4642 ferre
1463 4598 1661 4656 posset.
1690 4590 1965 4645 Sollicitus
1989 4606 2116 4644 vero

539 4685 659 4739 erat
690 4675 913 4732 Proclus
942 4678 1009 4734 de
1045 4694 1208 4733 aurea
1254 4693 1440 4733 revera
1475 4678 1717 4733 Platonis
1746 4691 1938 4735 eatena
1976 4681 2111 4751 (ΕΞ),

544 4782 611 4822 ne
644 4767 801 4823 nobis
830 4769 1016 4823 urbem
1058 4769 1443 4824 Atheniensem
1501 4769 1849 4837 relinqueret.
1903 4770 2115 4825 Sollici-

547 4867 630 4911 tus
651 4859 815 4914 etiam
854 4860 921 4915 de
948 4859 1152 4915 Marino
1182 4869 1404 4931 propter
1435 4860 1681 4931 corporis
1715 4860 2109 4919 inﬁrmitatem.

2142 4371 2196 4429 D

2309 3033 2369 3087 Ὀ
2402 3035 2616 3105 ἄριστος
2646 3034 2870 3106 ἡγεμὼν
2892 3034 3225 3104 Πτολεμαῖος
3244 3034 3345 3103 τῆς
3370 3035 3821 3106 άστροθεάμονος

2218 3127 2549 3197 ἐπιστήμης.
2587 3126 2667 3179 Τὰ
2697 3126 3001 3197 ἀρέσκοντα
3046 3129 3158 3189 τοῖς
3209 3126 3504 3196 ἐξηγηταῖς
3550 3129 3816 3198 ἀπεγρά-

2220 3233 2372 3285 φετο,
2404 3220 2483 3279 είς
2512 3217 2571 3269 τὸ
2596 3217 2694 3287 τῆς
2733 3217 2904 3287 λήθης
2936 3220 3133 3288 γῆρας,
3156 3217 3232 3280 ὡς
3261 3216 3363 3288 ἔφη
3389 3219 3634 3283 Πλάτων,
3668 3222 3815 3272 ὐπο-

2224 3308 2486 3377 μνήματα
2562 3309 2604 3339 ”
2637 3308 2979 3361 καταλείπων
3029 3309 3206 3378 ἑαυτῷ
3241 3309 3336 3361 καὶ
3372 3309 3819 3379 ἀποθησαυριζὸ-

2222 3416 2402 3468 μενος.
2451 3400 2562 3453 Καὶ
2616 3399 2715 3469 τὴν
2758 3400 2853 3453 τοῦ
2895 3400 3147 3469 σώματος
3182 3401 3457 3471 ἀπορροὴν
3508 3400 3729 3469 βλέπων
3786 3401 3817 3453 6

2219 3489 2460 3560 Πρόκλος
2484 3490 2671 3543 ἐδεδίει
2689 3508 2755 3543 πε
2765 3493 2816 3561 pi
2834 3492 2911 3561 τῷ
2932 3491 3215 3561 νεανίσκῳ.
3232 3492 3290 3544 Ὀ
3312 3492 3488 3545 τοίνυν
3503 3493 3815 3563 τεθνηκὼς,

2218 3586 2247 3637 6
2284 3585 2517 3656 εὐτυχὴς
2545 3580 2698 3646 οὗτος
2743 3582 2858 3650 νῦν,
2890 3587 2921 3651 ἠ
2952 3584 3097 3655 ψυχή
3135 3603 3275 3655 φημι
3303 3585 3396 3638 καὶ
3422 3585 3482 3638 τὸ
3507 3587 3607 3654 τῆς
3626 3586 3815 3657 ψυχῆς

2221 3677 2462 3742 εἴδωλον,
2499 3676 2742 3748 παρέστη
2780 3672 2869 3747 μόι
2901 3678 3207 3746 ἀναφανδὸν
3236 3679 3328 3730 ἐπὶ
3346 3677 3499 3731 τοῦδε
3522 3680 3618 3731 τοῦ
3647 3681 3816 3750 σκίμ-

2220 3771 2382 3831 ποδος
2409 3768 2777 3838 ἀνακειμένῳ.
2812 3769 3089 3821 Ἀπιστεῖν
3119 3768 3176 3821 δὲ
3206 3769 3266 3821 οὐ
3299 3768 3507 3822 δίκαιον
3544 3768 3622 3839 τῷ
3646 3771 3811 3839 Λόγῳ

2222 3861 2596 3931 βεϐαιουμένῳ
2622 3859 2727 3930 θέᾳ
2750 3876 2811 3911 τε
2839 3860 3063 3929 ὲναργεῖ
3080 3858 3173 3911 τοῦ
3201 3860 3499 3928 κορυφαίου
3524 3861 3688 3928 σοφοῦ
3713 3864 3809 3915 καὶ

2219 3952 2357 4022 ἀκοῇ
2389 3951 2692 4021 προσφάτῳ
2724 3951 2816 4004 τοῦ
2845 3951 3099 4021 δευτέρου
3127 3952 3243 4018 μετ’
3274 3952 3482 4004 ἐκεῖνον
3511 3955 3647 4024 πρὸς
3676 3953 3810 4027 ἁλή-

2224 4042 2378 4096 θειαν
2431 4043 2494 4107 “,
2535 4043 2629 4096 καὶ
2668 4042 2749 4095 ἔτι
2791 4041 2868 4111 τῷ
2897 4041 3067 4113 τρίτῳ
3107 4042 3313 4112 βήματι
3350 4044 3446 4095 κοιλ⁵
3473 4046 3557 4106 εἰς
3604 4045 3807 4116 ταύτην

2223 4134 2629 4203 καταϐεϐηκότι
2657 4133 2756 4202 τὴν
2783 4133 3107 4203 συγγραφὴν
3131 4133 3235 4186 ὑπὸ
3264 4136 3328 4202 τῇ
3361 4132 3651 4200 φιλαλήθει
3669 4152 3809 4203 πομο

2220 4228 2297 4295 πῇ
2333 4226 2430 4294 τῆς
2464 4224 2603 4294 ἐμῆς
2634 4223 2912 4291 ἀγγελίας.
2944 4224 3051 4277 Καὶ
3089 4225 3117 4276 ὁ
3150 4222 3394 4293 Πρόκλος
3418 4223 3665 4276 ἐπεδίδου
3690 4226 3808 4288 ταῖς

2222 4317 2302 4376 είς
2332 4315 2492 4368 αὐτὸν
2522 4315 2756 4385 ὁρώσαις
2784 4314 2963 4367 ἐλπίσι
2998 4314 3132 4385 μηδὲ
3160 4314 3219 4367 τὸ
3250 4312 3343 4367 τοῦ
3377 4313 3665 4378 Πλάτωνος
3688 4317 3806 4368 6n-

2227 4406 2417 4475 μάζειν
2468 4405 2704 4475 ἀξίωμα,
2759 4405 2893 4475 μηδὲ
2936 4405 3035 4475 τὴν
3095 4406 3402 4476 Ἰαμὸλίχου
3442 4409 3622 4475 κρίσιν
3676 4406 3805 4475 μηδὲ

2221 4497 2319 4565 τὴν
2367 4497 2716 4566 Πλουτάρχου
2761 4497 3225 4560 κατανωτίζεσθαι
3268 4499 3332 4563 ¹¹,
3363 4498 3484 4567 μηδ’
3510 4492 3577 4551 αὖ
3623 4498 3802 4566 μεῖζον

2225 4588 2440 4657 φρονεῖν
2479 4587 2577 4657 τῆς
2617 4587 2983 4655 κοινωφελοῦς
3040 4587 3434 4657 προαιρέσεως.
3508 4588 3651 4642 Ἀλλ’
3694 4589 3803 4657 ὅσῳ

2218 4678 2413 4746 ηὔξετο
2432 4678 2531 4746 τῆς
2560 4678 2805 4749 διαδοχῆς
2834 4678 2894 4731 τὸ
2922 4679 2963 4711 ³³
2998 4678 3225 4749 μέγεθος
3252 4680 3309 4732 ὲν
3338 4679 3416 4748 τῷ
3446 4678 3588 4747 λόγῳ
3608 4721 3624 4745 ,
3652 4677 3799 4754 [565]

2219 4770 2458 4835 τοσούτῳ
2488 4771 2687 4842 μᾶλλον
2726 4774 2753 4824 6
2824 4771 3090 4843 Ἰσίδωρος
3132 4773 3261 4843 πρὸς
3315 4772 3414 4844 τὴν
3470 4773 3644 4826 πειθὼ
3686 4791 3802 4825 συν-

2219 4863 2496 4917 εστέλλετο
2531 4863 2714 4935 μεῖζόν
2746 4880 2809 4933 γε
2840 4863 2899 4917 ὃν
2920 4864 3043 4920 καθ’
3072 4866 3261 4919 ἑαυτὸν
3286 4865 3524 4937 ἄρασθαι
3564 4865 3797 4937 φορτίον.

1823 4970 2061 5027 VARI/1‘3
2095 4972 2500 5031 LECTIONES.

636 5057 656 5086 ⁸
688 5058 851 5127 φησὶν
879 5060 1000 5113 add.
1032 5062 1095 5114 A.
1172 5062 1192 5092 "
1219 5061 1246 5113 Θ

545 5135 599 5178 υῐ
632 5128 756 5180 τῶν.
833 5129 937 5211 “fa
970 5131 1089 5184 add.
1117 5131 1183 5184 A.

551 5213 695 5263 ματα
725 5197 1034 5249 καταλιπών
1076 5218 1133 5263 ς.
1234 5201 1272 5231 ¹¹
1313 5197 1477 5270 πρὸςὶ

553 5268 594 5296 ⁸³
615 5265 863 5337 διαδοχῆς
902 5267 961 5319 τὸ
989 5272 1066 5320 A:
1095 5270 1373 5341 διαγωγῆς
1416 5288 1477 5334 ς.

1254 5060 1517 5161 ρησκείας
1620 5078 1633 5115 :
1677 5060 1865 5125 θυσίας
1891 5080 1969 5161 Ἱςτ
2039 5065 2062 5097 ⁸
2087 5066 2367 5161 φξβλςιγίᾳ
2404 5065 2598 5161 διιξίέιέε
2629 5083 2698 5155 ν..
2720 5069 3005 5161 Ἀτρῖτος,
3048 5069 3137 5137 qui
3167 5084 3286 5161 mox
3323 5071 3574 5161 9|".ﬁ5'q’
3594 5072 3799 5161 πολλῶν

1281 5133 1324 5161 ⁸ο
1360 5133 1723 5211 ὑπομνήματα
1748 5132 2105 5187 καταλείπων
2127 5132 2317 5190 διιὶάιιε
2344 5132 2408 5189 ’ν.
2459 5138 2636 5207 Λήθη,
2677 5132 3046 5208 ὑπομνήματα
3068 5132 3391 5192 καταλιπὼν
3437 5132 3519 5194 A':
3550 5132 3797 5213 ἆπομνή-

1234 5201 1272 5231 “
1311 5202 1446 5285 πρὸς
1473 5203 1730 5272 αλήθειαν
1784 5202 1902 5272 μετ’
1929 5206 2134 5259 ἐκεῖνον
2168 5222 2227 5269 ς.
2309 5207 2350 5238 ³³
2381 5207 2855 5262 κατανωτίσασθαι
2916 5210 3109 5264 Suidas
3170 5212 3223 5263 b.
3252 5226 3306 5263 v.
3364 5221 3417 5266 et
3450 5228 3576 5266 mox
3613 5215 3798 5285 μείζω.

2093 5383 2328 5439 NOTAE.

623 5469 729 5544 (’18)
767 5468 1003 5544 Marinus
1054 5467 1223 5524 Procli
1251 5486 1597 5544 successor:
1651 5473 1804 5544 cujus
1842 5483 2020 5529 exstat
2058 5477 2124 5531 de

551 5541 657 5593 vita
694 5539 861 5592 [ἰοιῇ
906 5540 1044 5592 illius
1084 5542 1328 5595 aureolus
1375 5542 1601 5598 libellus.

622 5610 738 5685 (illi
780 5610 930 5663 Mons
968 5612 1015 5661 in
1045 5613 1217 5685 sacris
1255 5611 1485 5685 Litteris
1542 5614 1786 5671 Garizin.
1846 5615 2001 5672 Deut.
2037 5634 2117 5685 χι,

550 5678 673 5752 εθς,
717 5682 889 5734 Jndic.
925 5695 999 5741 ιιι,
1045 5680 1105 5741 '7;
1159 5691 1211 5733 et
1253 5681 1295 5733 ll
1351 5680 1592 5742 Machab.
1644 5704 1718 5752 γι,

629 5750 741 5822 (‘20)
775 5752 1114 5806 Aln'abamus
1150 5754 1477 5821 patriarcha.

2305 5477 2420 5548 (2|)
2447 5478 2766 5535 Ptolemreus
2787 5481 3109 5551 astrologus.
3132 5483 3267 5540 Tres
3284 5484 3370 5540 hic
3387 5499 3580 5542 versus
3592 5488 3798 5545 aliunde

2233 5548 2533 5625 inculcatas
2574 5552 2715 5625 docti
2767 5548 3150 5625 observarunt,
3201 5566 3258 5613 et
3300 5558 3484 5614 luxata
3526 5567 3691 5615 multa
3735 5574 3796 5617 ac

2231 5622 2549 5689 detruncata
2578 5621 2629 5672 in
2663 5621 2760 5674 bac
2792 5622 2901 5689 ipsa
2924 5625 3055 5676 vita.

2303 5688 2411 5759 (“ﬁt
2446 5686 2705 5745 Proverb.
2736 5702 2787 5746 et
2811 5686 3036 5747 llomcr.
