4050 6394
226 305 370 373 1285
1333 305 1862 367 BIBIJOTHECA.
1904 331 1971 342 --
2011 307 2175 368 COD.
2211 307 2488 369 CCXLII.

211 423 390 496 1l057
444 420 538 493 IL]
582 420 776 487 Δεδιὼς
822 422 866 476 δ’
899 424 928 477 6
962 421 1203 494 Πρόκλος
1252 423 1381 494 περὶ
1417 425 1484 493 τῇ
1524 421 1803 486 Πλάτωνος

1917 422 2089 476 Verus
2130 421 2484 492 philosOphia'.
2512 436 2668 478 amor
2699 421 2976 489 inseritur,
3020 433 3076 478 et
3105 421 3253 478 omni
3278 430 3500 480 terreno

219 517 401 585 χρυσῇ
438 513 516 584 τῷ
543 513 656 566 ὄντι
693 514 874 585 σειρᾷ,
909 513 985 585 μὴ
1025 515 1156 584 ἡμῖν
1187 512 1429 584 ἀπολίπῃ
1455 512 1502 544 ίδ
1525 511 1622 583 τὴν
1657 512 1803 565 πόλιν

1918 514 2134 569 vinculo
2167 514 2434 584 disrupto,
2471 514 2718 569 Athenas
2761 516 2885 570 odio
2929 516 3170 570 omnium
3213 518 3499 580 bonorum,

217 607 320 675 τῆς
363 606 627 676 .Ἀθηνᾶς.
662 605 860 670 Δεδιὼς
889 606 945 658 δὲ
977 606 1070 659 ἐπὶ
1095 605 1173 676 τῷ
1207 605 1436 676 Μαρίνῳ
1459 605 1546 658 διὰ
1574 603 1673 676 τὴν
1714 603 1803 656 τοῦ

1916 605 2345 673 divitiarumque
2368 615 2678 677 contemptu
2704 607 2872 661 venit.
2902 607 3051 662 Talis
3070 609 3235 663 etiam
3265 608 3504 677 philoso-

3362 309 3499 377 1286
3561 343 3593 386 ο

220 700 478 768 σώματος
509 698 818 753 ἀσθένειαν.
858 699 1137 770 Ἀληθινὸς
1163 699 1302 770 ἔρως
1332 697 1695 767 ὲμφυτεύεται
1719 715 1810 766 φι-

217 793 478 860 λοσοφίας
531 791 572 824 ’⁸
614 793 705 846 καὶ
754 793 930 845 πάντα
972 794 1180 861 γηγενῆ
1223 791 1423 861 δεσμὸν
1466 790 1807 862 ἀπορρήξας,

217 883 448 946 ἐλπίδας
494 901 554 937 τε
603 883 783 946 πάσας
829 882 965 953 ὁμοῦ
1005 883 1047 914 ¹⁶
1075 882 1249 953 τιμῶν
1281 901 1338 936 τε
1369 884 1465 936 καὶ
1508 883 1810 954 χρημάτων

215 979 641 1048 καταπατήσας,
702 978 1014 1047 ἀφικνεῖται
1076 976 1342 1048 Ἀθήναζε
1391 977 1452 1028 ίτ.
1528 975 1691 1028 Ἀλλά
1745 991 1810 1043 γε

212 1070 459 1132 τοιοῦτος
510 1069 606 1122 καὶ
651 1071 679 1122 6
719 1069 1007 1138 φιλόσοφος
1059 1069 1352 1139 ἱστορεῖται
1405 1067 1448 1099 ¹⁸
1496 1067 1807 1136 Ζηνόδοτος,

216 1158 450 1212 παιδικὰ
465 1159 558 1212 τοῦ
581 1159 827 1230 Πρόκλου
862 1159 1145 1212 καλεῖσθαι
1172 1159 1330 1228 μόνος
1359 1158 1634 1223 ἀξιωθεὶς,
1659 1159 1744 1227 ἐφ’
1767 1157 1809 1190 ’θ

212 1245 256 1318 ᾧ
284 1251 351 1323 δὴ
380 1251 475 1305 καὶ
504 1250 602 1314 τὰς
635 1251 869 1321 μάλιστα
897 1253 1114 1322 ἐπεῖχεν
1148 1250 1389 1314 ἐλπίδας.
1410 1250 1520 1304 Καὶ
1541 1251 1642 1303 οὐκ
1669 1246 1735 1320 ἦν
1763 1250 1809 1281 ⁹⁰

212 1361 299 1406 τις
336 1344 444 1415 ἀρα
485 1344 620 1414 πρὸς
646 1343 809 1396 αὐτὸν
843 1343 1062 1408 ἀλαζὼν
1093 1344 1217 1398 οὐδὲ
1263 1345 1452 1408 σκαιὸς
1486 1344 1606 1398 οὐδὲ
1641 1342 1810 1396 σοϐα-

218 1438 311 1508 ρὸς
340 1437 439 1508 τὴν
467 1437 706 1505 ἔντευξιν
739 1440 811 1496 ¹¹.
848 1440 928 1508 Τῇ
960 1457 1019 1492 τε
1049 1439 1109 1504 ἐξ
1130 1439 1305 1510 ἀρχῆς
1336 1439 1586 1509 εὐγενείᾳ
1618 1437 1711 1492 καὶ
1742 1439 1810 1508 τῇ

217 1532 606 1602 μεγαλειότητι
639 1530 748 1585 τῶν
777 1533 996 1602 τρόπων
1020 1533 1114 1587 καλ⁸
1139 1534 1209 1604 τῇ
1241 1531 1369 1603 περὶ
1392 1532 1588 1600 λόγους
1619 1531 1664 1562 ⁸¹
1695 1531 1809 1584 δια-

212 1625 380 1691 φανεῖ
418 1623 624 1694 σπουδῇ
663 1641 724 1676 τε
776 1624 824 1656 ”
877 1625 973 1677 καὶ
1018 1623 1332 1694 ἐπιμελείᾳ.
1379 1623 1522 1693 Πρὸς
1559 1623 1669 1692 γάρ
1723 1639 1808 1675 τοι

214 1715 346 1778 τοὺς
379 1715 570 1778 ἄλλους
605 1716 732 1778 τοὺς
765 1717 842 1779 εἰς
875 1715 922 1747 ³⁸
955 1714 1152 1787 βουλήν
1181 1716 1281 1786 τὴν
1322 1714 1564 1785 μεγάλην
1599 1731 1807 1783 συγκα-

1916 697 2053 766 phus
2080 697 2386 754 Zenodotus
2419 699 2586 753 fuisse
2625 699 2846 766 dicitur,
2877 701 2969 770 qui
2999 701 3147 756 solus
3176 702 3370 772 dignus
3399 700 3503 756 fuit

1915 791 2124 846 delicia:
2160 791 2336 846 Procli
2376 794 2578 859 vocari,
2614 793 2680 848 de
2704 809 2812 864 quo
2840 794 3132 849 maximam
3164 796 3327 850 etiam
3350 810 3500 864 spem

1913 884 2182 952 concepit,
2217 899 2316 940 nec
2346 899 2474 955 erga
2510 887 2660 940 illum
2692 888 2927 955 superbe
2955 901 3012 942 se
3043 888 3288 958 gerebat,
3324 902 3499 955 neque

1913 978 2132 1032 sinister
2167 987 2305 1043 erat,
2341 995 2438 1033 nec
2461 980 2735 1048 colloquio
2769 980 3026 1045 tumidus,
3076 979 3203 1034 licet
3240 980 3501 1049 pmditus

1913 1079 2056 1122 esset
2095 1069 2375 1124 nobilitate
2423 1071 2648 1140 imperio
2681 1082 2856 1141 parta,
2893 1081 2947 1124 et
2977 1070 3348 1141 generositate
3380 1085 3499 1125 mo-

1916 1174 2082 1224 rum,
2152 1170 2455 1230 apertoque
2499 1162 2678 1216 studio
2721 1175 2958 1230 curaque
3000 1159 3310 1214 verborum.
3349 1157 3500 1213 Alios

1913 1251 1980 1304 ad
2004 1267 2168 1320 grave
2190 1252 2479 1308 concilium
2504 1262 2861 1317 convocatos,
2887 1267 2993 1306 non
3016 1252 3179 1306 modo
3201 1250 3500 1320 superabat

1914 1341 2252 1412 Theogenes,
2285 1345 2376 1398 sed
2401 1343 2512 1412 jam
2547 1344 2712 1399 etiam
2740 1345 2937 1414 aliquis
2965 1353 3086 1399 erat
3121 1343 3496 1413 philosophus.

1913 1434 2124 1490 Divitias
2149 1438 2556 1492 successionum
2594 1436 2670 1509 [in
2699 1435 2850 1510 ludo]
2877 1452 3004 1502 non,
3037 1445 3093 1490 ut
3122 1435 3364 1490 nonnulli
3397 1450 3499 1504 pu-

1913 1534 2052 1591 tant,
2092 1528 2424 1596 temporibus
2474 1528 2716 1584 Platonis
2763 1529 2930 1583 fuere.
2986 1526 3301 1598 Plato:(23)
3351 1525 3498 1580 enim

1915 1633 2120 1688 pauper
2151 1618 2274 1685 fuit,
2305 1627 2360 1674 et
2399 1635 2561 1674 untuu
2600 1621 2824 1674 hortum
2862 1621 2914 1675 in
2949 1620 3244 1675 Academia
3289 1618 3496 1681 habuit,

1919 1711 2074 1780 cuius
2103 1723 2404 1781 proventus
2435 1714 2595 1766 trium
2627 1723 2746 1767 erat
2799 1727 3166 1767 nummorum.
3195 1711 3498 1765 Provontus

210 1804 512 1873 λουμένους
542 1805 604 1858 οὐ
648 1805 809 1876 μόνον
844 1807 912 1860 τά
944 1805 1081 1860 ἄλλα
1111 1804 1386 1876 διαφέρων
1414 1803 1699 1877 ἄνθρωπος
1729 1799 1796 1873 ἦν

1910 1819 2037 1858 vero
2059 1803 2304 1860 omnium
2331 1805 2639 1859 divitiarum
2665 1806 2764 1860 sub
2777 1803 2969 1859 Proclo
2997 1805 3140 1858 mille
3153 1818 3495 1858 nummorum

209 1897 240 1948 6
283 1895 602 1966 Θεαγένης,
643 1897 760 1950 ἀλλ’
811 1897 914 1968 ἤδη
963 1913 1046 1960 τις
1101 1899 1196 1949 καλ⁵
1234 1895 1546 1965 φιλόσοφος.
1597 1895 1661 1948 Ἡ
1694 1895 1803 1948 τῶν

209 1986 474 2057 διαδόχων
505 1988 663 2041 οὐσία
697 1988 818 2058 οὐχ,
844 1988 922 2053 ὡς
953 1989 1002 2040 οἱ
1041 1988 1226 2042 πολλοὶ
1246 1986 1544 2058 νομίζουσι,
1579 1987 1805 2042 Πλάτω-

209 2097 301 2142 νος
336 2081 381 2112 ’⁸
413 2076 481 2149 ἦν
507 2080 568 2133 τὸ
591 2081 856 2134 ἀνέκαθεν
882 2099 896 2111 ·
928 2082 1101 2154 πένης
1134 2081 1244 2155 γὰρ
1271 2077 1339 2154 ἦν
1373 2084 1400 2135 6
1430 2081 1673 2146 Πλάτων,
1711 2081 1806 2134 καὶ

214 2165 378 2234 μόνον
399 2167 488 2221 τὸν
514 2171 571 2220 ἐν
614 2169 920 2240 Ἀκαδημίᾳ
953 2170 1214 2243 ἐκέκτητο
1253 2171 1447 2242 κῆπον,
1479 2164 1540 2223 οὐ
1569 2172 1601 2241 ἡ
1633 2170 1805 2243 πρόσ-

209 2259 334 2322 οδος
374 2261 730 2331 νομισμάτων
770 2263 957 2333 τριῶν,
1001 2264 1120 2334 ἡδὲ
1183 2264 1285 2334 τῆς
1324 2263 1516 2329 οὐσίας
1552 2264 1684 2335 ὅλης
1715 2282 1802 2334 χιε

210 2349 346 2403 λίων
373 2351 517 2422 ἣκαὶ
549 2351 628 2405 ἔτι
645 2353 692 2385 ⁸⁸
719 2353 982 2409 πλειόνων
1000 2355 1244 2426 ὑπῆρχεν
1274 2355 1364 2408 ἐπὶ
1384 2355 1650 2427 Πρόκλου,
1678 2355 1805 2409 πολ-

210 2444 322 2497 λῶν
351 2445 463 2498 τῶν
485 2442 940 2516 ἀποθνησκόντων
964 2447 1218 2517 κτήματα
1244 2449 1310 2517 τῇ
1343 2445 1504 2517 σχολῇ
1534 2444 1804 2514 καταλιμ-

214 2535 522 2590 πανόντων.
553 2535 694 2608 Ἤδη
726 2537 908 2591 τοίνυν
948 2536 1260 2608 κρουόμεθα
1295 2537 1549 2609 πρύμναν
1581 2537 1674 2590 ἐπὶ
1711 2536 1802 2589 τὸν

209 2626 372 2696 λόγον
401 2627 463 2680 ὃν
502 2628 865 2699 ἀπελίπομεν.
911 2628 970 2712 '9
1013 2629 1110 2699 μὲν
1163 2628 1614 2700 Ἀσκληπιόδοτος
1673 2630 1798 2682 ἐκο-

213 2722 410 2788 σμεῖτο
453 2721 590 2773 πᾶσι
627 2722 740 2783 τοῖς
791 2719 886 2773 τοῦ
941 2719 1055 2790 βίου
1081 2721 1372 2792 λαμπροῖς,
1428 2721 1477 2773 οἱ
1533 2720 1590 2773 δὲ
1629 2719 1804 2774 οὐδενὶ

209 2810 444 2876 τούτων,
493 2811 555 2864 οὐ
606 2811 1044 2882 προϐεϐλημένοι
1080 2812 1178 2882 τὴν
1227 2812 1474 2882 γαμικὴν
1505 2811 1798 2883 προϐολὴν,

211 2902 353 2956 ἀλλά
399 2903 558 2974 μόνον
589 2900 728 2974 ἦσαν
766 2905 847 2976 τῷ
878 2905 994 2958 ὄντι
1033 2905 1337 2975 φιλόσοφοι,
1363 2905 1448 2958 ἐπ’
1479 2904 1647 2976 ἄκρον
1674 2905 1800 2958 έκά-

209 2997 375 3066 τέρος
398 2996 572 3066 ἥκων,
604 2997 633 3050 6
673 2998 769 3069 μὲν
815 2998 1062 3052 ἰθυϐόλον
1104 2998 1342 3068 φύσεως,
1383 3001 1411 3051 6
1444 2998 1536 3050 ἐπὶ
1570 2997 1802 3068 θυγατρὶ

210 3088 466 3158 γαμϐρὸς
518 3088 610 3142 τοῦ
653 3091 893 3160 μεγάλου
960 3090 1410 3162 Ἀσκληπιοδότου
1473 3088 1800 3160 Ἀσκληπιό-

207 3177 386 3242 δοτος.
427 3181 486 3234 ὃν
512 3183 558 3235 δ’
591 3183 689 3252 ἤδη
723 3183 1076 3252 ἐμνήστευεν,
1109 3181 1407 3252 ἐπιμελοῦς
1435 3182 1742 3254 ἀκριϐείας,
1779 3184 1806 3236 ὁ

1909 1905 2004 1950 aut
2029 1897 2191 1951 etiam
2222 1897 2512 1967 plurimum
2540 1896 2658 1963 fuit,
2690 1897 2832 1966 quod
2866 1896 3018 1951 multi
3047 1896 3342 1950 morientes
3364 1907 3496 1963 opes

1909 2002 2021 2042 suae
2066 1987 2266 2042 scholae
2304 1988 2690 2058 relinquerent.
2735 1986 2854 2041 Jam
2886 1986 3080 2058 3466
3123 1985 3268 2042 enim
3303 1985 3370 2038 ad
3398 1998 3497 2040 ex-

1909 2088 2139 2134 tremum
2182 2081 2483 2146 sermonis,
2533 2097 2693 2150 quem
2747 2081 3094 2149 reliquimus,
3153 2078 3492 2140 devenimus,

1907 2172 2317 2243 Asclepiodotus
2364 2173 2618 2228 omnibus
2671 2175 2791 2228 vitae
2833 2170 3215 2242 splendoribus
3269 2179 3496 2224 ornatus

1907 2263 2029 2321 fuit.
2088 2263 2230 2319 Nulli
2283 2278 2474 2319 eorum
2523 2264 2853 2320 connuhitttn
2896 2263 3185 2334 objiciunt.
3242 2263 3335 2317 sed
3391 2259 3494 2314 soli

1907 2356 2085 2424 reipsa
2117 2355 2421 2426 philosophi
2455 2355 2520 2410 ad
2564 2370 2834 2410 summum
2877 2361 3262 2425 pervenerunt.
3295 2351 3491 2406 Ascle-

1905 2447 2156 2516 piodotus
2180 2447 2376 2516 ingenii
2402 2448 2601 2514 dextri,
2624 2463 2792 2519 gener
2810 2449 2988 2516 magni
3008 2445 3370 2516 Asclepiodoti
3395 2458 3494 2514 per

1905 2542 2095 2609 ﬁliam,
2121 2556 2354 2612 sponsus
2375 2539 2486 2610 jam
2509 2550 2649 2607 erat,
2678 2541 2761 2594 vir
2780 2555 2986 2610 magna:
3006 2539 3319 2608 diligentiae.
3347 2537 3494 2592 Fons

1905 2644 2024 2688 erat
2053 2648 2248 2703 aquam
2277 2647 2490 2688 sacram
2519 2642 2572 2686 et
2604 2632 2892 2701 potabilem
2920 2633 3223 2696 ell‘uudens,
3256 2640 3314 2685 ut
3347 2631 3496 2702 quod

1904 2733 2186 2792 poetarum
2236 2737 2390 2778 more
2431 2721 2570 2776 dixit
2607 2730 2818 2788 auctor,
2857 2737 2920 2778 os
2941 2721 3060 2791 ejus
3083 2731 3138 2776 et
3177 2720 3380 2788 reliqua
3410 2719 3493 2774 fa-

1903 2817 2016 2872 cies
2049 2815 2377 2871 domicilium
2407 2815 2479 2870 sit
2529 2815 2852 2886 gratiarum.
2904 2814 2960 2868 Si
3017 2817 3232 2884 quando
3263 2814 3408 2868 enim
3440 2821 3496 2867 et.

1907 2910 1984 2964 illi
2017 2923 2074 2965 re
2103 2909 2282 2980 aliqua
2308 2908 2693 2978 indiguisseut,
2723 2924 2915 2964 omnes
2944 2909 3012 2964 ad
3046 2897 3196 2962 illum
3241 2915 3496 2975 tanquam

1904 3003 2063 3057 amici
2095 3005 2160 3057 ad
2189 3003 2422 3057 amicum
2454 3011 2806 3057 accesserunt
2830 3001 2967 3068 (24).
3001 3000 3235 3056 Isidorus
3266 2998 3495 3053 multant

1907 3095 2203 3162 prastabat
2234 3093 2502 3164 Hypatize,
2544 3109 2652 3148 non
2702 3093 2873 3150 solum
2912 3103 2972 3148 ut
3009 3093 3096 3149 vir
3131 3090 3365 3160 mulieri,
3399 3091 3498 3147 sed

1912 3195 1970 3239 ut
2003 3183 2308 3253 geometria:
2332 3184 2526 3238 deditae
2557 3185 2734 3254 reipsa
2761 3184 3136 3254 philosophus.

221 3271 520 3345 Ἰςίδωρος.
565 3275 722 3346 Πηγὴ
748 3275 1070 3330 ἀναδίδωσιν
1105 3274 1250 3347 ὕδωρ
1292 3276 1436 3346 ἱερόν
1459 3293 1519 3330 τε·
1550 3276 1647 3329 καὶ
1681 3274 1931 3330 εὔποτον.
1966 3277 2132 3330 Ὥστε
2158 3279 2440 3346 ποιητικὸς
2512 3278 2653 3349 ἀνὴρ
2695 3279 2800 3350 ἔφη
2858 3279 2925 3334 ἂν
2984 3279 3045 3333 τὸ
3101 3279 3278 3352 στόμα
3327 3275 3498 3335 αὐτοῦ

209 3373 306 3426 καὶ
337 3375 398 3428 τὸ
431 3373 560 3428 ἄλλο
595 3374 886 3446 πρόσωπον
925 3376 1239 3447 οἰκητήριον
1290 3370 1431 3429 εἶναι
1471 3374 1650 3429 αὐτῶν
1686 3375 1796 3428 τῶν
1822 3375 2098 3446 Χαρίτων.
2132 3377 2208 3430 Εἴ
2245 3392 2376 3429 ποτε
2409 3375 2519 3448 γὰρ
2549 3376 2642 3430 καὶ
2696 3375 2849 3431 αὐτοί
2911 3394 3057 3441 τινος
3115 3379 3496 3452 ἠπορήθησαν,

209 3472 382 3545 ᾔεσαν
413 3471 616 3526 αὐτίκα
646 3469 774 3542 παρ’
810 3470 974 3525 αὐτὸν
1010 3471 1153 3540 φίλοι
1185 3471 1339 3543 παρὰ
1369 3470 1543 3541 φίλον.
1580 3469 1640 3524 Ὀ
1679 3470 1948 3540 Ἰσίδωρος
1974 3471 2109 3524 πολὺ
2149 3471 2426 3543 διαφέρων
2474 3465 2545 3542 ἧν
2609 3474 2710 3543 τῇς
2755 3471 3025 3537 ’Υπατίας
3064 3474 3131 3542 ’⁷,
3206 3475 3270 3529 οὐ
3335 3474 3498 3547 μόνον

208 3561 302 3622 οἷα
335 3567 596 3636 γυναικὸς
621 3567 784 3638 ἀνὴρ,
807 3567 945 3622 ἀλλὰ
977 3567 1075 3621 καὶ
1108 3562 1196 3620 οἷα
1227 3566 1612 3638 γεωμετρικῆς
1641 3568 1688 3599 ’⁸
1725 3567 1801 3638 τῷ
1839 3568 1954 3622 ὄντι
1984 3566 2294 3636 φιλόσοφος.

285 3663 524 3732 Στεῤῥὸς
553 3661 609 3712 δὲ
641 3659 703 3712 τὸ
740 3655 871 3730 ἦθος
900 3661 928 3712 6
966 3658 1294 3728 Σεϐηριανὸς
1317 3659 1362 3690 ’⁸
1392 3657 1488 3720 ὢν,
1531 3659 1626 3712 καὶ
1656 3658 1801 3728 ἅπερ

213 3755 280 3808 ἂν
315 3751 649 3822 διανοηθείη,
692 3751 865 3806 ταῦτα
899 3751 1162 3822 πράττειν
1196 3750 1570 3816 ἐσπουδακὼς,
1603 3749 1800 3820 ἔφθανε

209 3846 291 3914 τῷ
323 3845 623 3916 πρακτικῷ
649 3844 711 3896 τὸ
743 3843 1111 3914 βουλευτικὸν,
1156 3843 1251 3896 καὶ
1286 3843 1374 3896 διὰ
1414 3842 1572 3896 τοῦτο
1620 3844 1648 3896 6
1689 3843 1802 3914 βίος

211 3935 365 4007 αὐτῷ
394 3936 640 4005 πολλαχῆ
673 3935 958 4006 διεσφάλη.
1005 3936 1078 3988 Οὐ
1119 3933 1547 4006 γὰρέὲπιδιδόναι
1583 3933 1798 4005 ῥᾳδίως.

209 4027 337 4080 οὐδὲ
359 4021 430 4098 ἦν
453 4025 715 4093 αὔξεσθαι
743 4026 886 4080 κατά
909 4028 1088 4097 πῆχυν
1121 4025 1189 4092 ³ο,
1229 4024 1417 4096 ὥσπερ
1443 4025 1718 4096 Θεόδωρος
1757 4023 1798 4055 ³¹

211 4122 240 4172 6
289 4121 558 4183 Ἀσιναῖος
593 4119 807 4190 ηὐξήθη
841 4118 946 4171 ὐπὸ
983 4117 1059 4188 τῷ
1089 4117 1414 4188 Πορφυρίῳ...
1441 4117 1605 4171 Ὥστε
1635 4115 1798 4180 εὐθὺς

213 4210 275 4275 ἐξ
300 4210 478 4280 ἀρχῆς
508 4209 576 4262 τὰ
608 4210 881 4278 ἀναγκαῖα
925 4209 1060 4280 μόνα
1093 4208 1427 4279 προσφέρειν
1448 4207 1527 4278 τῷ
1561 4205 1796 4278 σώματι,

212 4299 545 4368 ἀφροδισίων
577 4297 635 4352 δὲ
681 4298 948 4371 ἄχραντον
987 4295 1125 4352 εἶναι
1170 4299 1258 4352 διὰ
1307 4299 1422 4369 βίου
1455 4301 1676 4361 παντός.
1742 4297 1798 4350 Ὀ

216 4389 584 4460 Πιμπρέπιος
644 4391 701 4443 ὲν
761 4390 926 4461 ὀλίγῳ
980 4392 1157 4462 χρόνῳ
1214 4389 1587 4460 λογιμώτατος
1657 4383 1799 4442 εῖναι

1980 3657 2311 3714 Severianus
2369 3659 2637 3715 constanti
2689 3660 2875 3716 animo
2915 3660 3056 3725 fuit,
3101 3669 3158 3716 et
3213 3661 3305 3730 qui
3370 3676 3498 3718 cum

1905 3751 2091 3804 animo
2130 3752 2446 3820 cogitasset,
2483 3766 2541 3806 re
2595 3751 2817 3822 exsequi
2847 3764 3090 3821 paratus,
3114 3755 3324 3822 agendo
3364 3768 3498 3808 con-

1904 3842 2082 3897 silium
2113 3844 2510 3898 antevertebat.
2546 3842 2732 3909 Itaque
2765 3859 2909 3914 saepe
2937 3845 3046 3898 vita
3071 3843 3186 3914 ejus
3221 3844 3443 3914 impegit
3476 3863 3493 3900 :

1904 3950 2010 3990 non
2048 3936 2194 3990 enim
2223 3934 2384 3991 facile
2413 3945 2532 3989 erat
2551 3949 2827 4003 crescere,
2859 3944 2913 3990 et
2942 3937 3009 3991 ad
3030 3936 3291 3990 amussim
3325 3936 3494 4005 proli-

1905 4043 2050 4094 cere,
2081 4036 2139 4082 ut
2164 4026 2490 4082 Theodorus
2523 4027 2770 4084 Asinazus
2794 4025 3023 4094 profecit
3043 4028 3144 4082 sub
3167 4026 3494 4098 Porphyrio,

1912 4122 2003 4190 qui
2041 4121 2223 4175 statim
2259 4120 2415 4176 initio
2447 4119 2562 4176 sola
2588 4119 2895 4175 necessaria
2942 4119 3155 4187 corpori
3199 4117 3490 4183 conferret,

1908 4221 1964 4267 et
1991 4227 2209 4266 omnem
2247 4212 2411 4266 vitam
2446 4222 2596 4268 caste
2631 4211 2958 4268 traduceret.
2991 4209 3343 4280 Pamprepius
3367 4209 3495 4264 bre-

1907 4299 2130 4354 vissimo
2192 4307 2434 4369 tempore
2490 4297 2968 4368 eloquentissimus
3017 4305 3072 4350 et
3145 4295 3493 4352 doctissimus

1909 4391 2078 4446 fuisse
2106 4391 2254 4446 visus
2281 4399 2385 4454 est,
2417 4391 2496 4446 sic
2535 4391 2779 4446 incubuit
2827 4389 3018 4458 primis
3055 4389 3315 4444 doctrinae
3345 4389 3494 4444 rudi-

215 4483 364 4549 ἔδοξε
395 4483 489 4538 καὶ
521 4483 1000 4554 πολυμαθέστατος
1044 4485 1086 4516 ³²
1109 4499 1123 4515 ⁸
1154 4485 1299 4538 οὓτω
1332 4484 1629 4537 διεπονεῖτο
1671 4480 1800 4551 περὶ

1910 4484 2128 4547 mentis,
2158 4498 2291 4552 quas
2315 4484 2661 4554 grammatica
2685 4492 2740 4537 et
2762 4484 2966 4551 poetica
2997 4482 3211 4537 docent.
3242 4481 3369 4536 Erat
3391 4497 3494 4536 na-

213 4577 315 4649 τὴν
351 4577 518 4647 ἀλλην
545 4576 924 4648 προπαιδείαν,
946 4578 1077 4647 ὅσην
1104 4575 1362 4645 ποιητική
1393 4591 1452 4627 τε
1487 4573 1582 4627 καὶ
1618 4588 1805 4642 γραμ-

219 4669 425 4739 ματικὴ
456 4668 584 4740 [566
602 4667 695 4740 ".1
728 4669 935 4739 σοφίζει
960 4665 1618 4735 παιδεύουσα.Δίγύπτιος
1646 4664 1690 4717 δ’
1713 4660 1804 4735 ἦν,

215 4761 315 4814 καὶ
343 4759 442 4830 τὴν
469 4761 762 4832 ποιητικὴν
787 4763 844 4814 ὲν
874 4764 941 4833 τῇ
967 4760 1189 4832 πατρίδι
1219 4759 1466 4829 ἀσκήσας
1492 4753 1610 4810 εἵτα
1643 4755 1801 4826 Ἀθή-

217 4853 350 4918 ναζε
380 4854 733 4924 παρεγένετο.
763 4854 827 4909 Ol
853 4853 909 4908 δὲ
960 4854 1234 4925 Ἀθηναῖοι
1267 4849 1656 4924 γραμματικὸν
1699 4849 1802 4902 αὐ-

215 4947 310 5002 τδν
354 4947 704 5017 ἐποιήσαντο,
741 4948 837 5002 καὶ
870 4947 963 5003 ent
1003 4946 1142 5010 νέοις
1181 4941 1501 4998 διδάσκαλον
1541 4941 1796 5010 ἔστησαν.

1911 4576 2056 4632 tione
2085 4574 2394 4645 Aﬁgyptius,
2430 4584 2487 4630 et
2513 4574 2782 4643 poeticam
2817 4575 2870 4628 in
2911 4573 3084 4641 patria
3110 4588 3230 4628 cum
3271 4572 3493 4627 didicis-

1905 4675 2011 4734 set,
2035 4667 2274 4722 Athenas
2295 4665 2566 4735 prol'ectus
2584 4674 2701 4732 est;
2725 4665 2815 4720 sed
2836 4664 3197 4720 Athenienses
3219 4678 3492 4734 gramma-

1906 4759 2068 4812 ticum
2087 4772 2206 4810 eum
2231 4757 2892 4826 fecerunt,puerorumque
2906 4756 3101 4810 scholae
3118 4773 3238 4810 eum
3259 4771 3491 4827 praeesse

1904 4850 2213 4904 voluerunt.
2240 4847 2390 4904 Zeno
2419 4857 2611 4903 natura
2641 4849 2860 4902 timidus
2882 4858 3022 4914 erat,
3044 4859 3098 4904 et
3127 4851 3312 4904 videns
3335 4848 3488 4905 Illum

1895 4938 2171 5007 judicibus
2201 4940 2449 5006 charum,
2471 4948 2527 4994 et
2551 4939 2797 4994 maximae
2825 4941 3183 5009 auctoritatis,
3201 4941 3301 4997 sibi
3331 4941 3400 4998 de
3425 4954 3490 4996 eo

1523 5030 1607 5085 VA
1619 5029 1759 5086 “UE
1790 5028 2197 5086 LECTIONES.

293 5107 339 5138 “
378 5107 648 5178 ἀπολείπῃ
673 5105 732 5170 Β,
755 5106 1052 5178 ἀπολείπει
1076 5105 1170 5178 7
1219 5106 1260 5136 ¹⁸
1277 5106 1387 5178 ξμφ

1393 5103 1546 5157 ὐεται
1573 5103 1720 5170 αὐτῷ
1742 5102 1841 5168 τῆς
1869 5100 2182 5168 φιλοσοφίας
2199 5097 2392 5170 Suidas
2412 5098 2751 5170 ν.Ἀ).ηθινδς
2772 5099 2956 5170 ἔρως,τ

3010 5103 3053 5134 ⁸⁸
3079 5103 3212 5172 ὁμοῦ
3232 5118 3341 5158 om.
3369 5103 3493 5157 Stti-

216 5179 340 5250 das.
409 5178 450 5209 "
486 5164 775 5250 Ἀθήναζε]
807 5177 969 5250 πρὸς,
988 5177 1254 5250 ΔΠρόκλον
1269 5164 1490 5250 Sui-das.
1535 5243 1546 5250 _
1569 5164 1940 5250 ¹⁸ιὶστορέίται
1975 5170 2019 5222 Λ
2061 5164 2448 5250 ξηίστορείσθῳ
2471 5186 2569 5250 ς’.-.
2590 5164 2654 5250 ἹΪ
2677 5164 2926 5250 Evt—'1‘"
2946 5167 3024 5250 ἦν.
3045 5164 3155 5250 oni.
3301 5244 3312 5250 _
3338 5174 3381 5204 "
3415 5174 3486 5228 cl’.

218 5247 421 5303 Suiilas
445 5265 496 5302 ν.
530 5237 805 5316 Θεαγένης
830 5237 882 5317 μ.
909 5237 1035 5307 {69.
1062 5237 1164 5317 Ἰὸ.
1229 5246 1438 5317 ᾔ⁹¹λπερὶ
1468 5243 1595 5306 τοὺς
1625 5237 2006 5317 λόγουςίόειι).
2075 5239 2128 5317 ’³³
2149 5257 2207 5317 τε
2241 5237 2350 5317 qm.
2371 5239 2458 5317 Ἀ.
2482 5309 2496 5317 _
2535 5237 2698 5311 “ald
2721 5240 2820 5317 τήν
2847 5241 2907 5294 Β.
2969 5237 3026 5274 ’³³
3078 5242 3151 5317 cf.
3183 5244 3376 5317 Suidas
3433 5259 3504 5317 {.-

219 5319 448 5372 Πλάτων
470 5322 500 5372 6
529 5315 843 5388 φιλόσοφοςξ
946 5319 991 5350 ³⁸
1016 5316 1118 5388 ἔτι]
1149 5315 1240 5388 ὲπί
1270 5315 1346 5388 Λε
1387 5315 1522 5388 om.
1544 5331 1603 5378 ς.

219 5390 420 5445 Suidas
448 5406 496 5442 ν.
536 5389 882 5460 Σεϐηριανός.

1712 5313 1755 5342 ’⁷
1803 5310 1867 5362 de
1895 5308 2123 5380 Ilypatia
2151 5310 2222 5364 cf.
2257 5307 2454 5380 Suidas
2482 5309 2536 5363 h.
2567 5325 2632 5380 _v.

2739 5311 3152 5383 'iyewpstptxﬁ
3188 5332 3248 5378 ς.
3331 5315 3377 5345 ¹⁹
3411 5313 3487 5366 cf.

961 5389 1006 5420 ³ο
1041 5378 1118 5443 cf:
1151 5378 1346 5441 Suidas
1378 5403 1429 5439 ν.
1484 5383 1638 5438 Κατά
1658 5381 1833 5455 πῆχυν
1861 5378 2171 5455 ἐπεδίδου.--
2201 5380 2244 5412 ³¹
2295 5378 2588 5455 Θεόδωρος]
2627 5379 2699 5434 cf.
2752 5378 3373 5455 Wyttenbach;Eunap.
3431 5383 3488 5446 2,

218 5475 276 5528 p.
309 5460 400 5514 5'2.
455 5462 500 5492 "
528 5449 1008 5532 πολυμαθέστατος
1041 5463 1086 5512 A
1111 5475 1231 5513 cum
1273 5455 1437 5510 Suida
1469 5471 1521 5510 ν.
1545 5449 1907 5524 Παμπρέπιος
1941 5451 2069 5520 (vol.
2109 5450 2195 5517 Ill,
2231 5465 2284 5520 p.
2320 5450 2416 5519 15:,
2446 5449 2535 5519 44)
2571 5449 2593 5502 Ξ
2630 5449 3095 5522 περιμαθέστατος
3120 5470 3170 5519 ςσ

1757 5542 1996 5598 NOTAE.

292 5643 405 5713 (ἢῆ)
431 5641 602 5713 Plato,
632 5639 783 5694 Suid.
815 5651 868 5694 et
895 5640 1076 5695 Laert.

292 5711 406 5783 (ΞΑ)
442 5711 688 5783 llypatia,
717 5713 903 5769 lsidori
939 5727 1092 5767 uxor.

1972 5635 2081 5707 (εὖ)
2112 5634 2432 5690 Theodorus
2465 5633 2710 5688 Asiuzcus
