4104 6414
453 356 481 393 ο
566 332 701 397 1237

1708 332 1976 394 ΡΗΟἸἸΙ
2014 331 2524 393 PATRIARCHE
2564 334 2673 395 CP.

3714 329 3837 397 1988

563 451 730 515 cavit,
767 458 820 504 et
855 450 998 521 quod
1030 450 1103 506 illi
1139 451 1322 507 minus
1349 452 1560 518 fideret,
1595 451 1881 521 quiescere
1911 464 2015 503 non
2058 464 2151 519 po-

2260 449 2442 514 Δειλὸς
2483 452 2528 485 ⁸⁸
2563 452 2617 505 δὲ
2647 454 2721 507 ὣν
2749 455 2777 507 ὁ
2809 452 2993 525 Ζήνων
3024 452 3185 522 φύσει
3214 453 3309 506 καὶ
3335 451 3427 505 τὸν
3497 451 3679 505 Ιλλοσν
3706 452 3835 522 ὀρῶν

564 547 724 605 terat,
770 542 864 594 sed
918 543 1171 596 omnibus
1221 542 1395 597 modis
1431 543 1681 608 tentavit,
1710 554 2010 609 omnesque
2047 555 2162 593 ma-

561 631 751 683 chinas
781 632 1028 685 adhibuit
1076 632 1245 699 Zeno,
1278 642 1338 687 ut
1377 632 1525 687 illum
1554 641 1853 687 amoveret.
1887 628 1992 685 Sed
2019 631 2163 699 prin-

561 736 691 791 ceps
730 725 871 777 inter
905 739 997 778 eos
1027 725 1117 794 qui
1150 740 1328 779 rerum
1363 726 1669 794 p0tiebatur
1696 723 1888 778 Petrus
1917 724 2157 791 nomine,

562 816 646 867 vir
685 816 967 885 impudens
994 826 1048 869 et
1085 817 1361 887 improbus
1397 836 1409 871 :
1444 816 1597 883 cujus
1620 825 1738 870 erat
1764 814 1906 869 forte
1941 815 2156 882 opinio-

563 922 683 962 nem
708 911 1141 975 examinare,sed
1172 911 1391 965 forsitan
1418 918 1472 964 ct
1494 910 1581 965 hic
1601 909 1880 964 evicerunt
1904 908 2158 977 Pampre-

561 1002 631 1069 pii
659 1001 858 1073 347a
892 1003 1033 1057 lenta
1084 1018 1297 1073 semper
1330 1017 1585 1073 responsa
1612 1011 1667 1056 et
1705 1001 1917 1071 longius
1954 1000 2154 1056 bellum

562 1097 958 1161 protrahentia.

2258 544 2317 595 ἐν
2355 542 2479 617 δίκῃ
2518 545 2886 617 ἀγαπώμενον
2916 548 3008 601 καὶ
3033 546 3180 617 μέγα
3206 547 3304 618 ἤδη
3339 545 3637 614 δυνάμενον
3663 545 3727 606 ⁸⁸,
3755 547 3837 598 εὑ-

2258 635 2476 691 λαϐεἰτο
2511 640 2640 709 περὶ
2665 642 2814 711 αύτῴ
2845 642 2909 705 ³⁵,
2943 642 3037 695 καὶ
3068 642 3134 693 δι’
3163 640 3421 693 ἀπιστίαν
3451 641 3496 673 ⁸⁸
3518 640 3617 710 οὐχ
3647 633 3755 702 οἷός
3786 659 3838 693 τε

2258 718 2327 794 ἦν
2372 725 2625 797 ἠρεμεῖν,
2677 728 2813 781 ἀλλὰ
2862 729 3040 792 πάσας
3083 728 3237 791 ὀδοὺς
3286 726 3485 799 διεξῄει
3538 728 3635 780 καὶ
3675 729 3841 791 πάσας

2260 815 2456 871 ἔπλεκε
2491 821 2740 889 μηχανὰς
2765 821 2912 884 ὅπως
2944 820 3007 875 ἂν
3036 819 3279 873 ἐκποδὼν
3310 816 3592 889 ποιήσοιτο
3620 820 3713 872 τὸν
3743 819 3841 871 Ἴλ-

2262 909 2389 962 λουν
2414 912 2441 963 ὁ
2472 912 2677 981 Ζήνων.
2722 912 2780 967 Ὀ
2810 912 2863 965 δέ
2886 911 2991 966 τῶν
3015 912 3359 983 κρατούντων
3387 914 3429 945 ³⁷
3455 913 3555 984 τῆς
3578 911 3843 973 πολιτείας

2263 1004 2487 1074 ἡγεμὼν
2509 1004 2605 1076 τὴν
2621 1004 2777 1070 δόξαν
2801 1007 3121 1060 ἐπισκοπεῖν
3144 1004 3397 1077 εἰληχὼς,
3423 1006 3597 1075 ὄνομα
3620 1005 3841 1075 Πέτρος,

2262 1097 2403 1168 ἀνὴρ
2455 1100 2649 1169 ἰταμὸς
2708 1099 2782 1152 ὢν
2832 1104 2924 1153 καὶ
2963 1100 3351 1172 περιπόνηρος.
3407 1101 3549 1154 Ἀλλ’
3587 1098 3721 1162 ἴσως
3759 1098 3847 1151 καὶ

561 1186 795 1241 ἐνταῦθα
825 1187 1089 1259 ἐκράτουν
1120 1186 1284 1259 [1060
1318 1185 1412 1259 8.]
1435 1188 1483 1239 οἱ
1506 1183 1875 1256 Παμπρεπίου
1900 1183 2140 1255 χρησμοὶ
2173 1183 2531 1255 βλακεύοντες
2570 1190 2613 1222 ³⁸³
2645 1192 2733 1244 ἀεὶ
2763 1190 2855 1244 καὶ
2886 1192 3278 1255 ἀναϐάλλοντες
3334 1193 3413 1255 είς
3477 1191 3711 1262 χρόνους
3762 1190 3845 1242 τὸν

561 1276 691 1329 πόλε
702 1295 821 1347 μον.

632 1372 981 1441 Pamprcpius
1004 1373 1053 1426 iu
1078 1370 1311 1442 Egypto
1336 1385 1524 1441 agens,
1556 1370 1763 1426 Isidoro
1786 1371 1963 1425 verbis
1986 1372 2153 1442 signi-

562 1464 741 1518 ficavit
767 1465 906 1533 quod
941 1481 1044 1519 non
1077 1466 1282 1520 faveret
1321 1465 1451 1527 Illo;
1494 1466 1587 1519 sed
1628 1465 1740 1535 jam
1789 1467 2148 1535 proditionem

561 1556 802 1611 molienti
834 1557 1029 1612 similis
1060 1570 1225 1626 esset,
1260 1570 1314 1612 et
1346 1557 1593 1613 Romano
1623 1559 1851 1628 imperio
1889 1559 2148 1615 inhiaret.

559 1645 686 1701 lltee
729 1663 886 1717 rupes
932 1650 1182 1718 superius
1228 1651 1281 1705 in
1346 1650 1683 1704 latitudinem
1730 1661 1973 1714 extensa,
2017 1651 2152 1705 infe-

560 1742 673 1793 rius
698 1742 978 1810 angustior
1002 1742 1241 1809 quidem,
1269 1745 1361 1796 sed
1389 1758 1508 1812 quae
1533 1742 1807 1797 suffulciat
1831 1758 2147 1812 suspensam

2342 1374 2402 1425 ’0
2434 1375 2488 1427 δέ
2528 1373 2891 1443 Παμπρέπιος
2929 1373 3069 1426 κατὰ
3097 1375 3195 1442 τὴν
3226 1372 3499 1440 Αἴγυπτον
3531 1389 3843 1443 παραγεγο-

2255 1466 2360 1531 νὼς
2382 1465 2640 1536 Ἰσιδώρῳ
2672 1464 2944 1535 παρέσχεν
2968 1467 3030 1517 ἐκ
3056 1465 3161 1517 τῶν
3189 1464 3362 1532 λόγων
3386 1465 3639 1533 αἴσθησιν
3660 1463 3736 1529 ὡς
3755 1468 3842 1535 οὐχ

2256 1558 2488 1625 ὑγιαίνοι
2505 1557 2548 1589 ⁸³
2582 1556 2717 1626 πρὸς
2734 1555 2961 1609 Ἱλλουν.
2982 1555 3120 1608 Ἀλλ’
3141 1556 3240 1625 ἤδη
3276 1554 3659 1625 προδωσείοντι
3684 1556 3839 1617 ἔοικε,

2255 1650 2349 1703 καὶ
2400 1649 2580 1720 μέντοι
2634 1652 2729 1700 καὶ
2784 1645 3177 1715 περιορωμένῳ
3228 1649 3323 1714 τὴν
3364 1646 3655 1714 Ῥωμαίων
3699 1647 3842 1717 βασιο

2252 1742 2421 1796 λείαν.
2442 1743 2505 1795 ἸΙ
2541 1740 2717 1810 πέτρα
2748 1738 2885 1809 αὓτη
2926 1739 2991 1792 τὰ
3023 1739 3119 1808 μὲν
3151 1737 3354 1791 ἄνωθεν
3385 1738 3840 1807 ἐκπεπετασμένη

559 1829 897 1885 latitudinem
929 1830 1082 1885 valde
1122 1832 1433 1894 sublimem,
1470 1844 1818 1901 superantem
1851 1833 1899 1886 ei
1932 1834 2146 1902 subjec-

2255 1835 2385 1889 πολὺ
2405 1834 2453 1866 δθ
2480 1835 2560 1897 είς
2607 1833 2782 1903 εὖρος,
2816 1832 2885 1883 τὰ
2934 1830 2990 1883 δὲ
3039 1829 3284 1882 κάτωθεν
3335 1831 3781 1901 ἀποστενουμένη
3800 1831 3838 1861 ⁸⁸

559 1929 752 1980 tam.et
765 1922 1117 1977 sustinentem
1136 1923 1335 1977 montis
1356 1924 1712 1992 crepidinem.
1732 1922 1976 1978 Similem
1997 1925 2150 1978 dixe-

559 2013 636 2066 ris
669 2012 814 2066 illatn
848 2029 1041 2081 magno
1084 2014 1223 2067 collo
1258 2014 1545 2069 sustinenti
1588 2021 1753 2083 caput
1801 2014 2019 2083 ingens,
2068 2012 2151 2067 di-

560 2116 835 2170 gnumque
863 2102 1000 2156 visu.
1034 2102 1266 2157 ltnrsum
1294 2106 1358 2158 ad
1382 2102 1644 2157 lsidorum
1672 2103 1970 2157 orationem
2002 2118 2153 2158 revo-

561 2207 768 2248 cemus.
806 2191 921 2247 Non
956 2192 1177 2249 inflatus
1207 2207 1329 2249 erat
1360 2195 1619 2256 Isidorus,
1659 2210 1758 2249 nec
1795 2195 1846 2248 in
1880 2194 2149 2265 colloquio

561 2284 817 2349 dilllcilis,
867 2300 966 2339 nec
1018 2286 1256 2341 Stoicam
1325 2285 1728 2341 affectationem
1801 2285 2068 2355 ignoravit
2132 2303 2146 2339 :

564 2393 814 2447 uuacque
841 2379 1123 2433 videbatur
1158 2380 1366 2441 hilaris,
1391 2390 1445 2434 et
1486 2379 1660 2444 laetus,
1697 2386 1752 2431 et
1792 2393 2019 2447 corpore
2053 2393 2149 2433 vc-

565 2483 746 2536 uusto,
775 2481 830 2525 et
871 2473 1054 2525 animo
1096 2487 1309 2527 sursum
1373 2482 1558 2527 erecto
1585 2510 1601 2535 ,
1645 2471 1831 2525 adhtcc
1878 2470 2086 2524 alienus
2119 2484 2148 2523 a

564 2566 759 2619 mortis
816 2580 965 2620 cura.
1020 2565 1330 2634 Improbum
1369 2565 1639 2618 hominem
1681 2575 1737 2619 et
1788 2564 1896 2617 vita
1939 2562 2147 2630 infami,

562 2664 748 2708 contra
783 2657 1135 2710 Athanasium
1164 2667 1463 2712 sectantem
1493 2656 1772 2709 fortiorem
1800 2656 2147 2710 sententiam.

562 2746 689 2802 H:ec
727 2746 924 2803 Juliani
968 2751 1203 2805 vasculis
1229 2750 1596 2804 immiserunt.
1635 2749 1872 2802 Isidorus
1911 2747 2150 2801 arculam

561 2843 771 2911 aliaque
804 2842 1019 2897 vascula
1043 2842 1328 2911 disposuit,
1361 2851 1418 2893 ut
1458 2851 1645 2910 parata
1693 2849 1743 2894 et
1803 2840 1855 2894 in
1902 2848 2151 2911 promptu

560 2946 764 3001 essent,
817 2947 1071 3006 tanquam
1124 2937 1178 2990 iu
1234 2944 1533 2991 mercatum
1582 2934 1874 2997 missurus,
1937 2933 2151 2987 turbam

561 3029 840 3084 hominum
906 3029 1185 3083 collectam
1249 3028 1317 3082 ad
1381 3027 1797 3098 profectionem.
1864 3024 2153 3095 Imperavit

560 3121 721 3175 etiam
754 3121 947 3186 servis,
985 3129 1043 3173 ut
1070 3119 1181 3188 jam
1229 3119 1467 3188 strigiles
1507 3128 1786 3188 pararent,
1831 3129 1884 3169 et
1916 3116 2152 3187 philoso-

561 3212 697 3281 phos
722 3214 773 3265 in
812 3226 1087 3267 carcerem
1126 3212 1303 3266 denuo
1343 3210 1598 3280 conjecit,
1636 3225 1700 3262 eo
1730 3208 1871 3278 quod
1911 3208 2149 3262 secundo

560 3306 791 3361 convicti
818 3317 1023 3361 essent.
1052 3302 1301 3359 Julianus
1332 3302 1550 3359 silentio
1575 3301 1809 3371 excepit,
1844 3300 2072 3369 tulitque
2095 3300 2150 3353 in

562 3408 712 3467 tergo
756 3399 952 3453 multas
991 3398 1174 3468 plagas
1225 3396 1499 3467 tympanis
1532 3395 1729 3448 illatas.
1782 3393 1913 3447 Nam
1968 3394 2152 3449 multis

562 3490 797 3545 fusubus
826 3506 997 3546 caesus
1016 3496 1132 3556 ‘est,
1169 3490 1301 3545 nihil
1335 3490 1559 3543 omnino
1582 3487 1816 3552 locutus,
1843 3488 2031 3541 videns
2056 3501 2150 3541 su-

562 3585 850 3657 pellectilia
874 3586 940 3638 ad
974 3583 1373 3652 navigationem
1405 3589 1591 3650 parata
1621 3599 1634 3634 :
1662 3581 1772 3634 Cur
1798 3582 1925 3642 hoc.
1954 3580 2148 3648 inquit,

564 3674 740 3729 facis?
771 3674 1023 3728 custodes
1053 3682 1305 3742 portuum
1350 3680 1401 3725 te
1444 3670 1681 3739 capient.
1720 3669 1963 3725 Decessit
1988 3669 2152 3739 igitur

562 3784 670 3823 non
724 3767 891 3823 multo
944 3776 1087 3837 post,
1139 3774 1193 3821 et
1242 3764 1385 3820 domi
1432 3778 1564 3818 mea:
1612 3762 2010 3817 diversabatur.
2053 3760 2154 3816 lvit

563 3861 728 3929 igitur
765 3859 1027 3919 Athenas,
1069 3856 1261 3912 Proclo
1304 3855 1623 3926 sepulcralia
1651 3872 1771 3912 cum
1804 3856 1964 3910 thure
2013 3855 2151 3909 alla-

562 3964 739 4008 turus.
785 3955 1041 4007 Extrema
1077 3952 1280 4006 malitia
1328 3951 1723 4007 etincurabilis
1775 3960 2013 4005 meretur
2039 3961 2155 4005 sta-

562 4046 656 4098 tim
681 4044 1021 4114 supplicium,
1054 4060 1173 4113 qute
1194 4060 1323 4099 vero
1354 4045 1615 4115 paulatim
1654 4042 1958 4107 deﬂexerit,
1994 4044 2150 4098 venia

561 4137 743 4191 statim
775 4138 934 4207 digna
966 4147 1070 4193 est.
1094 4138 1353 4196 Plurimis
1376 4153 1505 4192 vero
1536 4138 1775 4192 remedia
1811 4146 2030 4206 peccata
2053 4136 2150 4191 ad-

564 4230 921 4294 mittentibus,
955 4229 1171 4297 justitia
1212 4230 1399 4284 differt
1427 4230 1692 4283 malorum
1726 4229 1961 4282 remedia
1992 4244 2006 4281 :
2039 4228 2153 4284 sive

562 4325 703 4395 quod
738 4325 1035 4378 subsidium
1078 4324 1313 4379 habeant
1341 4340 1369 4377 a
1394 4325 1616 4384 virtute.
1671 4323 1716 4377 si
1768 4322 1908 4376 forte
1946 4321 2152 4391 effuge-

563 4418 670 4471 riat
696 4418 861 4486 magis
888 4415 1083 4488 3471)
1113 4418 1380 4472 sectiones
1427 4427 1483 4471 et
1524 4415 1808 4470 ustiones:
1849 4415 1963 4469 sive
2007 4416 2149 4484 quod

2250 1924 2505 1979 τοσοῦτον
2539 1925 2661 1977 ὅσον
2697 1921 2999 1992 ὑπερείδειν
3016 1919 3063 1953 δ’
3108 1920 3207 1991 τὴν
3258 1922 3716 1990 ἐπικρεμαμένην
3758 1921 3840 1972 εὑ-

2254 2018 2463 2090 ρύτητα
2500 2015 2793 2088 μετέωρον,
2831 2014 3076 2084 πολλαχῆ
3139 2013 3511 2084 ὑπερέχουσαν
3557 2016 3661 2081 τῆς
3713 2015 3838 2067 ὑπο-

2252 2112 2513 2183 κειμένης
2527 2110 2571 2142 ⁶³
2597 2110 2689 2162 καὶ
2723 2107 3022 2179 ἀνεχούσης
3052 2108 3310 2179 κρηπῖδος
3338 2107 3525 2178 ὀρείας
3545 2124 3560 2137 ·
3599 2108 3838 2170 εἰκάσαις

2252 2206 2319 2260 ἂν
2356 2205 2528 2276 αὑτὴν
2558 2204 2746 2275 αὐχένι
2793 2204 3029 2275 μεγάλῳ,
3067 2204 3284 2274 φέροντι
3320 2202 3566 2274 κεφαλὴν
3603 2203 3838 2271 ὑπερμε-

2253 2298 2388 2368 γέθη
2422 2298 2545 2350 τινὰ
2586 2296 2679 2350 κοιλ⁸
2711 2295 3045 2361 ἀξιοθέατον.
3080 2295 3311 2349 Πάλινδ’
3336 2296 3426 2348 ἐπὶ
3448 2295 3539 2347 τὸν
3577 2294 3838 2364 Ἰσίδωρον

2252 2387 2721 2459 ἁνακαλεσώμεθα
2739 2388 2785 2420 ⁸⁸
2817 2388 2916 2460 τὴν
2952 2389 3297 2459 συγγραφήν.
3334 2387 3452 2443 Οὐκ
3493 2381 3563 2457 ἦν
3602 2405 3837 2456 τετυφωο

2257 2486 2414 2556 μένος
2432 2485 2478 2517 ⁸⁸
2511 2487 2538 2538 ὁ
2568 2484 2840 2555 Ἰσίδωρος
2874 2484 2997 2537 οὕτε
3032 2485 3317 2556 δυσόμιλος
3336 2525 3350 2548 ,
3383 2485 3506 2538 οὑδέ
3530 2484 3720 2555 ¹ἠγνόει
3748 2485 3838 2555 τὴν

2254 2578 2500 2649 Στωῖκὴν
2545 2579 2963 2649 συμπεριφορὰν
3003 2577 3324 2647 λεγομένην.
3358 2579 3464 2630 Καὶ
3496 2573 3566 2649 ἦν
3596 2580 3719 2631 τότε
3748 2580 3837 2631 αὖ·

2252 2672 2343 2725 τὸν
2373 2671 2669 2725 θεάσασθαι
2702 2671 2924 2741 φαιδρόν
2955 2687 3013 2723 τε
3044 2672 3138 2723 καὶ
3164 2668 3472 2741 γεγηθότα,
3504 2670 3565 2722 τό
3596 2687 3656 2721 τε
3689 2670 3837 2739 σῶμα

2254 2764 2540 2832 ἀνθοῦντα,
2576 2765 2671 2818 καὶ
2717 2769 2814 2835 τὴν
2868 2763 3046 2835 ψυχὴν
3100 2764 3235 2832 ὑψοῦ
3281 2764 3717 2835 διεγηγερμένον
3744 2764 3837 2825 ἔτι,

2254 2858 2347 2911 καὶ
2380 2857 2552 2910 ταῦτα
2579 2857 2688 2910 τῶν
2722 2858 2851 2928 περὶ
2887 2857 3117 2911 Θανάτου
3148 2857 3446 2927 φροντίδων
3480 2856 3839 2925 ὑπολειπομέ-

2254 2963 2359 2997 νων
2379 2944 2444 2997 ⁸⁸.
2474 2945 2716 3016 Πονηρὺν
2744 2945 2799 2998 δέ
2828 2944 3115 3017 ἄνθρωπον
3146 2947 3349 3000 καὶτὸν
3376 2946 3492 3017 βίον
3523 2948 3836 3020 ἐπίρῤητον.

2256 3036 2399 3107 Πρὸς
2426 3036 2519 3089 τὸν
2554 3037 2958 3090 ἐπισκοποῦντα
2983 3038 3042 3091 τὸ
3067 3037 3371 3107 τηνικαῦτα
3398 3039 3497 3110 τὴν
3539 3039 3841 3110 κρατοῦσαν

2254 3126 2411 3191 δόξαν
2457 3125 3163 3181 Ἀθανάσιον.Ἐνέ6αλον⁶⁷
3210 3128 3351 3182 αὑτὰ
3394 3131 3512 3191 τοῖς
3552 3126 3839 3181 Ἰουλιανοῦ

2255 3219 2587 3290 σκευαρίοις.
2606 3218 2664 3271 '0
2690 3219 2746 3273 δέ
2766 3220 3037 3290 Ἰσίδωρος
3057 3220 3117 3272 τό
3142 3237 3201 3272 τε
3226 3219 3478 3274 κιϐώτιον
3504 3221 3692 3275 καὶτὰ
3714 3221 3841 3276 ἄλλα

2255 3311 2519 3379 σκευάρια
2569 3311 2821 3380 διέθηκεν
2870 3310 3064 3379 ἐτοιμα
3113 3308 3255 3364 εἶναι
3305 3312 3399 3365 καὶ
3441 3313 3736 3382 πρόχειρα,
3773 3312 3841 3374 ὡς

2252 3404 2598 3474 ἀποπέμψων
2629 3405 2708 3466 είς
2754 3404 2815 3456 τὸ
2864 3403 3147 3475 ἐμπόριον.
3187 3404 3382 3473 Στῖφος
3412 3404 3623 3475 ἀνδρῶν
3652 3421 3842 3472 συγκε-

2255 3496 2594 3568 κροτημένον
2636 3498 2717 3559 είς
2752 3494 3038 3564 ἐφοδον.⁹0
3066 3496 3121 3549 δέ
3158 3496 3251 3550 καὶ
3287 3496 3524 3567 ξύστρας
3551 3497 3655 3567 ἤδη
3685 3495 3843 3549 ἄπτε-

2254 3586 2378 3639 σθαι
2403 3585 2740 3639 διεκελεύετο
2762 3586 2888 3649 τοὺς
2917 3586 3217 3656 ὑπηρέτας.
3236 3586 3347 3639 Καὶ
3369 3588 3497 3650 τοὺς
3521 3586 3842 3654 φιλοσόφους

2254 3680 2334 3742 εἰς
2360 3680 2420 3732 τὸ
2450 3679 2825 3749 δεσμωτήριον
2872 3678 3034 3731 πάλιν
3068 3678 3320 3732 ἐνέϐαλεν
3336 3676 3381 3709 ⁸⁸
3409 3680 3499 3731 ἐπὶ
3530 3677 3697 3748 ψήφῳ
3725 3677 3841 3730 δευ-

2252 3770 2425 3842 τέρων
2472 3769 2812 3840 ἐλέγχων,⁸υ
2845 3768 2900 3822 δέ
2924 3767 3210 3833 Ἰουλιανὸς
3243 3771 3423 3839 σιωπῇ
3462 3768 3683 3830 ἐδέξατο
3710 3783 3841 3837 καρ-

2251 3862 2426 3933 τερῶν
2462 3860 2562 3925 τάς
2594 3859 2795 3923 πολλὰς
2831 3860 2924 3912 ἐπὶ
2960 3859 3053 3912 τοῦ
3080 3858 3252 3913 νώτου
3290 3858 3379 3911 διὰ
3411 3857 3521 3910 τῶν
3547 3857 3839 3926 τυμπάνων

2253 3955 2469 4024 πληγάς
2490 3970 2503 3984 ·
2533 3938 2626 4007 καὶ
2656 3953 2764 4025 γὰρ
2799 3952 3019 4017 πολλαῖς
3050 3951 3271 4005 ἐπαίετο
3298 3950 3650 4021 βακτηρίαις,
3682 3948 3838 4020 μηδὲν

2252 4049 2389 4111 ὅλως
2436 4048 2832 4118 φθεγξάμενος.
2868 4045 3013 4101 Ἰδὼν
3058 4046 3127 4099 τά
3186 4047 3453 4116 σκευάρια
3508 4043 3837 4112 συνδούμενα

2252 4139 2390 4209 πρὸς
2414 4138 2504 4191 τὸν
2539 4138 2840 4204 ἀπόπλουν,
2859 4138 2924 4192 Τί
2955 4136 3132 4203 τοῦτο,
3165 4136 3291 4207 ἔφη,
3327 4138 3518 4201 ποιεῖς,
3550 4136 3835 4206 ἇνθρωπες

2264 4230 2475 4300 Ἀλώσῃ
2504 4229 2560 4282 δὲ
2589 4229 2694 4283 ὑπὸ
2720 4229 2827 4283 τῶν
2858 4228 3152 4300 λιμενιτῶν
3184 4229 3573 4298 φυλακτήρων.
3591 4228 3837 4297 Ἀφίκετο

2251 4324 2433 4377 τοίνυν
2462 4324 2520 4376 οὑ
2558 4322 2740 4393 πολλῷ
2766 4322 3017 4394 ὕστερον,
3055 4323 3149 4376 καὶ
3183 4324 3239 4376 ἐν
3276 4320 3415 4392 ἐμοῦ
3464 4321 3542 4391 τῷ
3583 4322 3720 4392 οἴκῳ
3766 4321 3837 4372 διο

2252 4415 2712 4487 ῃτᾶτο.Ἀφίκετο
2750 4414 2848 4484 μὲν
2877 4414 3141 4484 Ἀθήναζε
3194 4414 3314 4467 τότε
3368 4414 3445 4484 τῷ
3493 4413 3724 4483 Πρόκλῳ
3753 4411 3832 4466 ἐπὶ

562 4510 631 4565 ob
679 4508 935 4565 facinoris
980 4508 1408 4578 magnitudinem
1454 4506 1718 4562 festinato
1759 4506 1869 4559 sint
1911 4506 2149 4561 remedio

2255 4508 2431 4579 ταφῆς
2476 4508 2590 4561 δντι
2634 4508 2791 4580 τὴνδ’
2823 4506 3150 4578 Θυμιατρίδα
3196 4507 3396 4577 φέρων.
3417 4506 3477 4559 'll
3510 4506 3610 4575 μὲν
3641 4506 3833 4574 ἐσχάτη

561 4601 806 4673 indigni;
845 4603 960 4657 sive
993 4601 1132 4671 quod
1184 4603 1542 4672 quibusquam
1591 4610 1881 4669 antequam
1923 4607 2143 4670 peccata

2255 4599 2420 4653 κακία
2462 4600 2556 4652 καὶ
2595 4599 2896 4670 ἀϐοήθητος
2925 4598 3051 4666 ἀξία
3075 4598 3172 4668 τῆς
3201 4598 3514 4667 παραυτίκα
3545 4597 3829 4658 κολάσεως,

560 4697 875 4765 puniantur,
907 4710 1003 4763 pro
1032 4693 1185 4748 bonis
1222 4695 1393 4760 gratia
1444 4691 1725 4746 debeatur.

2255 4694 2288 4763 ή
2316 4693 2370 4745 δέ
2404 4689 2534 4766 [567
2562 4690 2653 4763 [1.]
2683 4695 2770 4746 ἐπ’
2802 4692 2983 4761 ὀλίγον
3031 4690 3536 4763 παρατετραμμένη
3580 4690 3710 4753 ἀξία
3752 4689 3832 4743 καὶ

558 4786 699 4857 αὑτὴ
718 4786 818 4855 τῆς
844 4785 1103 4856 ταχίστης
1126 4786 1342 4855 ἐπαφῆς
1358 4784 1424 4838 ⁵⁸.
1448 4784 1728 4848 Πλείστοις
1750 4782 1804 4836 δὲ
1831 4780 1938 4835 τῶν
1963 4780 2147 4852 μέσων
2198 4784 2559 4838 ἀναϐάλλεται
2591 4787 2624 4856 ἡ
2658 4784 2782 4856 δίκη
2814 4784 2880 4841 τὰ
2910 4784 3018 4837 τῶν
3051 4784 3240 4837 παθῶν
3308 4782 3668 4854 ίατρεύματα,
3729 4784 3833 4851 ἦτοι

557 4878 633 4939 ὼς
668 4879 921 4950 βοήθειαν
952 4877 1164 4948 ἔχουσιν
1199 4877 1306 4930 ἀπὸ
1333 4877 1433 4947 τῆς
1462 4876 1688 4948 ἀρετῆς,
1723 4875 1777 4929 εἰ
1820 4892 1939 4937 πως
1984 4873 2278 4943 ἐκφύγοιεν
2318 4876 2521 4947 μᾶλλον
2588 4877 2689 4942 τὰς
2734 4876 2906 4947 τομὰς
2970 4878 3213 4941 καὶ³τὰς
3260 4877 3506 4939 καύσεις,
3551 4876 3583 4945 ἢ
3634 4877 3707 4938 ὡς
3750 4879 3834 4928 άν-

556 4969 744 5035 αξίοις
773 4969 867 5024 τοῦ
898 4969 1216 5040 παραυτίκα
1260 4968 1563 5039 φαρμάκου,
1598 4966 1689 5021 διὰ
1717 4968 1916 5030 κακίας
1954 4966 2184 5038 μέγεθος
2208 4954 2229 5034 ξ
2256 4968 2289 5040 ἢ
2317 4968 2591 5039 ὀφείλεται
2643 4968 2807 5032 ἐνίοις
2856 4967 2962 5040 πρὸ
2997 4968 3096 5040 τῆς
3121 4967 3415 5021 τῶνκακῶν
3468 4968 3500 5037 ἡ
3537 4967 3835 5037 ἀμοιὸὴτὼν

559 5062 803 5129 ἀγαθῶν.

633 5153 1085 5223 Philosophorum
1137 5154 1311 5209 fastus
1358 5153 1411 5209 in
1447 5153 1718 5207 monendo
1766 5162 1941 5221 potest
1985 5151 2151 5205 etiam

563 5247 738 5301 virum
770 5245 1059 5302 barbarum
1084 5260 1451 5317 exasperare;
1488 5246 1589 5301 etsi
1618 5244 1925 5313 philosOphi
1963 5252 2154 5314 putant

2346 5148 2411 5201 Ἦ
2461 5147 2569 5201 τῶν
2622 5146 2928 5217 φιλοσόφων
2981 5145 3252 5219 ὑπεροψία
3297 5162 3397 5216 της
3451 5145 3834 5216 παρακλήσεως

2263 5244 2424 5312 ἱκανὴ
2478 5240 2837 5313 ἐκτραχύνειν
2887 5239 3059 5311 ἄνδρα
3112 5240 3427 5312 βάρϐαρον
3477 5238 3595 5292 ἀλλ’
3621 5241 3764 5311 ὅμως
3791 5238 3833 5289 οἱ

1857 5381 2091 5437 νΛῙὶΙιΕ
2127 5380 2536 5439 LECTIONES.

649 5521 895 5593 "cavo;
926 5521 988 5577 Β.
1066 5522 1111 5554 ³⁸
1146 5522 1241 5576 καὶ
1274 5522 1419 5592 μέγα
1453 5521 1553 5593 ἥδη
1586 5520 1885 5593 δυνάμενον
1945 5535 2052 5575 om.
2084 5520 2150 5575 A.
2224 5521 2269 5554 ⁸⁸
2323 5519 2475 5593 αὑτῷ
2499 5518 2585 5574 AC
2608 5519 2861 5593 30.0159}
2882 5537 2942 5593 ς.
3020 5518 3065 5593 '_°
3102 5517 3408 5593 ἀπληστίαν
3444 5517 3485 5571 Β
3506 5528 3743 5593 Δ(πίθοι-ι’.
3769 5520 3827 5571 Α.

564 5591 609 5666 ff
653 5592 763 5648 τῶν
785 5664 794 5666 _
820 5593 1190 5666 κρατούντων]

562 5663 609 5694 ³³
645 5664 876 5734 ὑγιαίνει
922 5664 975 5719 Β.
1083 5665 1129 5697 ⁸⁸
1171 5663 1310 5717 πολὺ
1348 5664 1473 5717 add.
1502 5664 1568 5717 A.

1256 5591 1362 5648 vid.
1438 5591 1617 5647 Vales.
1688 5592 1755 5646 ad
1825 5593 2023 5648 Euseb.
2080 5594 2208 5647 hist.
2262 5592 2457 5645 eet-les.
2504 5606 2557 5659 p.
2594 5591 2685 5643 δὲ.

1647 5662 1689 5693 ⁸⁸
1723 5664 2209 5734 ἀποστερνουμένη
2254 5663 2319 5717 Β.
2351 5733 2356 5734 ί
2390 5663 2435 5691 δ’
2464 5662 2743 5734 ὑπεριδεῖν
2774 5661 2816 5712 Β
2839 5674 2904 5734 et
2930 5677 3086 5734 corr.
3106 5669 3169 5712 Α.
3205 5680 3217 5734 _'

2786 5589 2827 5621 ³⁸
2849 5590 3204 5658 βλακεύοντες
3231 5591 3278 5641 Α
3321 5607 3333 5642 :
3377 5589 3745 5658 βασιλεύοντες
3776 5606 3825 5654 τ.

3270 5660 3316 5691 ⁸³
3344 5661 3742 5731 ὑπερκειμένης
3770 5665 3826 5712 Α.

564 5734 609 5807 ἦ*
646 5728 1097 5807 ἀνακαλεσάμεθα
1137 5753 1199 5800 ς.
1276 5734 1322 5766 ⁸⁵
1351 5734 1478 5789 οὔτε
1500 5735 1882 5807 τετυφωμένος
1937 5728 2007 5804 ἦν
2038 5728 2097 5799 τί.
2130 5806 2145 5807 7
2174 5728 2671 5807 δδὺπολειπόμενον
2695 5733 2760 5786 Α.
2835 5732 2878 5761 ⁸⁷
2912 5730 3163 5807 ἐνέβαλον
3205 5730 3345 5783 ltbri.
3418 5728 3464 5762 “
3496 5728 3717 5785 εσάλλεν
3769 5746 3824 5794 ς.

567 5805 613 5839 ⁸⁸
640 5810 733 5861 ἐπὶ
768 5801 1076 5877 ταφῆςδντι
1137 5808 1237 5878 τήν
1260 5807 1305 5861 Α
1346 5801 1740 5874 ςέπιταφήσων
1771 5821 1829 5868 ς.
1906 5801 2191 5874 "Em-gini;
2225 5806 2263 5858 Α
2299 5824 2311 5859 :
2340 5803 2676 5875 ἐπιστροφῆς
2705 5820 2774 5867 ς’,
2808 5820 2927 5858 mox
2966 5802 3063 5873 τὴν
3098 5801 3272 5871 μέσην
3302 5818 3361 5865 ς.
