4104 6402
332 388 465 463 1289

1393 406 1920 468 BIBLIOTHECA.
1960 433 2024 444 -
2048 408 2211 469 COD.
2247 408 2521 469 CCXLII.

3438 413 3575 480 1290

321 514 606 584 φιλόσοφοι
652 515 941 586 καρτερεῖν
976 514 1144 586 ᾤοντο
1186 516 1297 570 δεῖν
1322 518 1503 572 καὶτὰ
1534 518 1898 589 συμϐαίνοντα

2016 520 2234 575 tolerare
2278 520 2549 588 oportere,
2583 527 2636 573 et
2684 532 2869 573 casum
2908 533 3063 590 aequo
3103 522 3283 577 animo
3324 523 3487 582 ferre.
3521 526 3581 583 In

320 604 511 673 φέρειν
531 603 772 674 εύλόφως
790 606 859 659 ⁸¹.
892 606 1001 660 Καὶ
1024 607 1246 675 γυναικὶ
1264 608 1514 679 ἐνέτυχεν
1538 609 1660 681 ἱερᾷ
1688 609 1903 681 θεόμοι-

320 712 416 765 ρον
450 694 651 766 ἐχούσῃ
677 695 840 764 φύσιν
870 697 1551 771 παραλογωτάτην.Ὕδωρ
1578 702 1686 772 γὰρ
1707 702 1905 773 ἀκραι-

318 788 450 854 φνές
478 787 717 857 ἐγχέασα
741 789 990 859 ποτηρίῳ
1012 790 1122 843 τινὶ
1150 791 1259 848 τῶν
1288 791 1541 854 ὑαλίνων.
1576 793 1724 863 ἐώρα
1763 793 1905 847 κατὰ

317 878 412 931 τοῦ
446 878 639 943 ὓδατος
665 878 799 933 εἵσω
824 879 919 933 τοῦ
949 881 1210 952 ποτηρίου
1248 882 1316 937 τὰ
1356 883 1617 953 φάσματα
1642 883 1751 939 τῶν
1778 885 1905 937 ἐσο-

321 968 500 1037 μένων
545 969 912 1040 πραγμάτων,
947 971 1043 1024 καὶ
1084 972 1384 1043 προῦλεγεν
1425 974 1533 1029 ἀπὸ
1580 974 1679 1045 τῆς
1729 974 1906 1045 ὅψεως

317 1061 479 1127 αὐτὰ,
510 1062 652 1133 άπερ
686 1061 914 1132 ἔμελλεν
948 1062 1165 1117 ἔσεσθαι
1197 1064 1436 1127 πάντως.
1455 1065 1515 1123 Ἠ
1536 1065 1591 1119 δὲ
1621 1068 1786 1137 πεῖρα
1811 1066 1905 1120 τοῦ

321 1154 651 1224 πράγματος
679 1154 801 1208 οὐδὲ
831 1156 977 1225 ἡμᾶς
999 1154 1395 1226 παρελήλυθεν.
1428 1156 1534 1211 Τὸν
1568 1156 1625 1210 δὲ
1655 1157 1907 1228 Ἰωάννην

317 1248 347 1298 ὁ
386 1245 691 1311 Ἀνατόλιος
735 1249 1090 1317 αίκισάμενός
1138 1265 1199 1303 τε
1253 1249 1349 1303 καὶ
1396 1248 1507 1304 τῶν
1552 1248 1908 1319 ὑπαρχόντων

319 1338 637 1407 γυμνώσας,
679 1340 881 1393 αὐτίκα
928 1341 1111 1410 μέντοι
1158 1341 1255 1396 καὶ
1294 1335 1450 1405 οὗτος
1491 1342 1766 1414 ἀπέρρηξε
1817 1341 1909 1395 τὸν

323 1430 457 1500 βίον.
476 1431 756 1501 Ἐνὲτυχον
781 1430 841 1497 ἐξ
868 1432 1114 1503 ἀνάγκης
1140 1432 1219 1502 τῷ
1260 1434 1548 1503 Ἐμεσίωνι
1568 1451 1580 1464 ’
1616 1434 1676 1486 ού
1706 1433 1815 1504 γὰρ
1843 1433 1907 1486 ἄν

320 1535 455 1574 ποτε
483 1520 626 1574 ἑκὼν
653 1523 965 1592 ἠνεσχόμην
988 1523 1034 1555 ⁵³
1066 1528 1166 1594 τῆς
1199 1525 1365 1579 αὑτοῦ
1398 1526 1618 1596 ύηνείας
1635 1527 1703 1591 ⁵³,
1734 1526 1904 1596 ἀλλ’ἢ

321 1611 590 1680 πρεσϐεία
644 1629 715 1683 με
766 1615 1130 1683 ἠνάγκασειδ.
1184 1616 1296 1687 Τῆς
1349 1616 1607 1687 Ἀραϐίας
1656 1615 1797 1690 [καὶ]
1847 1618 1908 1670 τὸ

321 1703 584 1771 Στυγαῖον
634 1703 780 1776 ὕδωρ
831 1705 1235 1776 κατειϐόμενον.
1269 1708 1646 1779 Ἀπεδήμησεν
1702 1710 1782 1770 είς
1839 1708 1909 1762 τὰ

322 1793 537 1865 Βόστρα
586 1796 686 1867 τῆς
728 1797 1007 1867 ’Δραϐίας,
1044 1799 1198 1854 πόλιν
1229 1799 1327 1868 μὲν
1348 1801 1452 1857 οὐκ
1486 1800 1718 1871 ἀρχαίαν
1764 1799 1908 1872 (ὑπὸ

2009 616 2285 670 mulierem
2335 630 2545 669 sacram
2591 614 2803 680 incidit,
2856 616 2943 670 cui
2995 616 3132 671 miro
3172 620 3330 673 modo
3386 620 3583 676 divina:

2007 722 2151 760 aura:
2173 707 2432 775 particula
2459 707 2616 762 insita
2644 716 2782 761 erat.
2820 708 3027 776 Aquam
3063 710 3205 763 enim
3238 726 3427 779 puram
3459 728 3586 767 eum

2008 797 2295 854 infudisset
2324 800 2493 853 vitreo
2527 799 2738 867 poculo,
2766 799 2985 853 videbat
3018 800 3069 852 in
3112 815 3251 870 aqua
3289 803 3464 870 poculi
3500 817 3587 857 re-

2007 902 2122 941 rum
2146 886 2445 943 futurarum
2469 888 2701 958 species,
2726 899 2778 943 et
2805 888 2892 943 illa
2914 890 3240 959 praedicebat
3264 908 3328 946 τι
3352 892 3586 957 visione,

2009 993 2127 1047 quae
2182 980 2404 1035 omnino
2450 977 2631 1035 futura
2675 989 2894 1059 essent;
2954 980 3111 1049 hujus
3159 984 3591 1053 experimentum

2010 1085 2107 1125 nos
2150 1084 2364 1140 quoque
2427 1071 2690 1139 cepimus.
2744 1072 3028 1128 Anatolius
3092 1072 3356 1129 Joannem
3404 1074 3592 1146 ﬂagris

2008 1178 2203 1219 czcsum
2233 1162 2388 1221 bonis
2414 1177 2536 1221 cum
2565 1164 2822 1225 exuisset,
2852 1164 3035 1219 statim
3069 1166 3232 1221 vitam
3267 1166 3426 1221 ﬁniit.
3452 1168 3591 1222 Con-

2008 1252 2129 1307 Veni
2164 1254 2471 1310 necessario
2505 1252 2867 1310 Emesionem.
2906 1253 3019 1308 Non
3049 1256 3191 1309 enim
3223 1271 3379 1324 aaquo
3408 1259 3590 1313 animo

2012 1343 2253 1399 tulissem
2277 1341 2392 1410 eius
2422 1342 2727 1408 stultitiam,
2757 1344 2854 1399 sed
2889 1344 3083 1414 legatio
3128 1345 3279 1401 adire
3314 1360 3399 1399 me
3435 1360 3590 1402 com-

2010 1432 2162 1498 pulit.
2200 1432 2412 1486 Arabiae
2450 1446 2589 1500 aqua
2624 1431 2807 1505 Stygia
2835 1434 3209 1491 subterlabens
3241 1446 3501 1491 exonerat
3530 1450 3592 1492 se

2011 1523 2065 1578 in
2110 1523 2299 1577 Bostra
2350 1521 2588 1588 Arabiae,
2633 1539 2753 1592 quae
2787 1525 2885 1578 sub
2929 1523 3130 1581 Severo
3177 1526 3501 1596 imperatore
3536 1528 3591 1582 in

2011 1614 2283 1668 civitatem
2310 1613 2527 1669 redacta
2563 1624 2665 1682 est,
2706 1629 2830 1668 cum
2862 1615 2991 1669 olim
3032 1617 3341 1683 prasidium
3381 1619 3589 1683 fuisset,

2013 1705 2063 1758 in
2087 1707 2318 1775 gratiam
2352 1705 2648 1760 vicinorum
2678 1705 3054 1776 Dionysiorum
3082 1723 3111 1762 a
3143 1710 3362 1778 regibus
3393 1710 3592 1765 Arabi-

2013 1797 2091 1852 cis
2124 1798 2294 1852 muris
2328 1798 2590 1853 cinctum.
2633 1797 2765 1853 Cum
2799 1798 3160 1854 intellexisset
3204 1800 3258 1855 lo
3306 1802 3463 1858 toties
3495 1802 3591 1856 de-

321 1886 433 1955 γὰρ
476 1888 718 1958 Σεϐήρου
755 1888 849 1943 τοῦ
884 1889 1147 1959 βασιλέως
1179 1892 1459 1957 πολίζεται
1485 1893 1527 1961 ),
1563 1891 1820 1963 φρούριον
1853 1892 1911 1948 δὲ

2016 1894 2307 1952 cantatam,
2335 1896 2387 1941 et
2414 1901 2611 1941 nomen
2641 1887 2846 1942 civitati
2877 1888 2945 1943 ab
2981 1900 3151 1944 uestro
3181 1891 3335 1947 bovis
3362 1891 3591 1947 inditum

324 1980 574 2046 παλαιὸν,
614 1982 1106 2053 ἐπιτετειχισμένον
1121 1983 1168 2015 ⁵³
1202 1985 1317 2046 τοῖς
1342 1984 1511 2046 πέλας
1542 1983 1913 2037 Διονυσιεῦσιν

323 2072 431 2124 ὑπὸ
480 2070 589 2125 τῶν
642 2071 950 2141 ’Δραϐικῶν
1014 2071 1298 2142 βασιλέων.
1372 2073 1637 2137 Ἀκούσας
1688 2072 1786 2144 τὴν
1831 2073 1914 2128 Ἰὼ

326 2162 483 2234 [1061
516 2162 610 2236 IL]
640 2162 1015 2235 θρυλουμένην
1046 2165 1141 2218 καὶ
1170 2165 1232 2221 τὸ
1254 2165 1428 2236 ὄνομα
1449 2166 1549 2235 τῆς
1580 2164 1790 2229 πόλεως
1835 2165 1917 2230 είς

324 2251 418 2310 τὸν
446 2250 664 2326 οἶστρον
689 2257 788 2327 τῆς
814 2255 938 2325 βοὸς
960 2255 1327 2327 ἀναλυόμενον
1344 2295 1361 2322 ,
1385 2257 1641 2328 ἠγάπησε
1665 2255 1763 2327 τὴν
1783 2272 1914 2313 συν-

2013 1991 2135 2034 esse
2154 1977 2313 2047 (25‘).
2338 1978 2536 2033 amavit
2570 1978 2717 2033 illam
2756 1988 2975 2049 propter
2998 1980 3260 2053 originem
3291 1981 3592 2039 fabulosam

2014 2085 2133 2137 qua:
2168 2078 2250 2124 est
2276 2069 2342 2125 de
2372 2067 2426 2123 lo
2461 2080 2692 2141 vagante
2717 2069 2851 2141 (26).
2883 2068 2984 2126 Hic
3028 2086 3157 2127 vero
3189 2074 3438 2144 cognovit
3470 2087 3595 2128 esse

2014 2161 2395 2217 Theandritem
2453 2162 2611 2217 deum
2666 2163 2848 2232 specie
2893 2162 3033 2217 virili
3082 2162 3387 2236 animisque
3428 2166 3591 2220 vitam

2015 2266 2224 2310 castam
2256 2255 2544 2325 inspirare.
2847 2296 2860 2310 .

324 2348 507 2421 ἑχειαν
529 2349 630 2419 τῆς
658 2350 787 2421 περὶ
803 2349 902 2421 τὴν
929 2349 1015 2403 Ἰὼ
1036 2348 1244 2421 πλάνης
1267 2350 1856 2420 μυθευομίνης.Ἕγνω
1868 2348 1916 2382 ⁸⁸
1951 2347 2007 2402 δὲ
2046 2348 2281 2405 ἐνταῦθα
2322 2348 2414 2404 τὸν
2446 2349 2764 2422 θεανδρίτην
2785 2351 2850 2418 ⁵⁷,
2895 2350 3205 2423 ἁρῤενωτὸν
3260 2350 3391 2407 ὄντα
3447 2349 3594 2416 θεὸν,

324 2441 420 2496 καὶ
449 2441 544 2495 τὸν
566 2440 771 2511 ἄθηλυν
804 2440 919 2511 βίον
951 2442 1258 2510 ἐμπνέοντα
1287 2443 1409 2505 ταῖς
1445 2441 1666 2511 ψυχαῖς.

394 2575 628 2645 Λέγεται
651 2574 709 2629 δὲ
739 2573 834 2627 καὶ
859 2573 1019 2629 τοῦτο
1053 2573 1111 2627 τὸ
1154 2574 1297 2644 ὓδωρ
1327 2568 1463 2627 εἶναι
1494 2572 1720 2643 Στύγιον
1742 2575 1806 2631 ⁸⁸.
1840 2576 1915 2629 Τὸ

324 2669 382 2722 δὲ
427 2668 649 2739 χωρίον,
678 2670 737 2721 ἐν
762 2659 806 2735 ᾧ
831 2668 972 2732 ἐστι,
1006 2666 1186 2720 πεδίον
1218 2667 1316 2737 τῆς
1354 2666 1635 2737 Ἀραϐίας,
1661 2668 1916 2738 ἀνηπλω-

329 2759 491 2829 μένον
519 2758 628 2813 ἀπὸ
659 2759 758 2829 τῆς
790 2758 865 2811 ἕω
910 2758 1071 2829 μέχρι
1104 2757 1232 2820 Δίας
1275 2758 1375 2827 τῆς
1433 2759 1641 2830 ἐρήμου
1682 2759 1910 2822 πόλεως.

330 2846 462 2905 Εἶτα
513 2848 770 2921 ἐξαίφνης
812 2851 1219 2923 ἁναῤῥήγνυται
1254 2852 1443 2921 χάσμα
1473 2854 1553 2914 είς
1582 2851 1780 2905 ἄϐυθον
1814 2850 1911 2904 πέ-

327 2960 483 3013 τραις
543 2940 881 3012 πανταχόθεν
937 2941 1238 3013 συνηρεφὲς
1261 2942 1305 2974 ⁸⁸
1362 2941 1455 2994 καί
1507 2959 1649 2995 τισιν
1697 2941 1912 3012 ἀγρίοις

326 3036 515 3103 φυτοῖς
532 3034 576 3065 ⁸⁸
602 3032 710 3086 τῶν
732 3030 947 3106 πετρῶν
974 3032 1376 3102 ἀποφυομένοις
1400 3047 1414 3061 °
1448 3033 1672 3099 κάθοδος
1700 3035 1761 3099 ἐξ
1790 3037 1911 3106 ἀρι-

330 3125 526 3199 στερᾶς
573 3122 816 3179 κατιόντι
869 3122 1028 3194 στενὴ
1059 3125 1151 3176 καὶ
1179 3127 1407 3195 τραχεῖα
1443 3125 1602 3196 (πρὸς
1623 3126 1666 3158 ⁸³
1701 3127 1811 3198 γὰρ
1835 3124 1913 3197 τῷ

330 3214 596 3286 πετρώδει
629 3215 724 3269 καὶ
760 3215 947 3286 φυτοῖς
966 3215 1258 3287 ἀνημέροις
1289 3217 1382 3270 καὶ
1409 3218 1662 3281 ἀτάκτοις
1689 3218 1914 3271 δασύνε-

327 3308 526 3376 rat").
558 3305 745 3378 μακρὰ
776 3306 833 3358 δὲ
857 3306 979 3358 ὅσον
1010 3305 1104 3359 ἐπὶ
1139 3306 1384 3371 σταδίους
1403 3310 1447 3341 ⁵³
1476 3309 1869 3362 πεντεκαίδεκα
1887 3326 1902 3340 ο

2088 2572 2301 2629 Dicitur
2330 2573 2384 2628 in
2416 2587 2481 2627 eo
2511 2571 2629 2628 loco
2659 2586 2797 2641 aqua
2841 2570 3030 2644 Stygia
3059 2588 3198 2643 esse,
3230 2574 3280 2629 in
3307 2588 3414 2644 quo
3451 2576 3594 2630 Ara-

2021 2665 2123 2720 biae
2154 2679 2378 2735 campus
2417 2675 2520 2732 est,
2546 2665 2637 2735 qui
2672 2666 2740 2719 ab
2788 2675 2911 2721 ortu
2935 2666 3066 2721 solis
3111 2666 3264 2722 Diam
3308 2682 3479 2737 usque
3502 2671 3598 2724 de-

2013 2766 2213 2812 sertam
2257 2756 2445 2811 urbem
2499 2757 2826 2813 extenditur.
2887 2757 3091 2813 Deinde
3146 2769 3368 2828 repente
3415 2760 3597 2815 biatus

2015 2850 2254 2919 aperitur
2294 2850 2347 2902 in
2388 2848 2706 2902 immensam
2765 2851 3100 2919 voraginem,
3149 2851 3298 2906 saxis
3358 2852 3597 2921 undique

2018 2939 2479 3008 impendentibus,
2532 2948 2587 2993 et
2646 2940 2915 3010 aliquibus
2957 2940 3157 3010 plantis
3222 2941 3595 3008 silvestribus,

2020 3031 2281 3099 horridis,
2311 3040 2366 3087 et
2410 3030 2626 3086 incultis
2654 3044 2685 3087 e
2720 3031 2887 3101 petris
2931 3034 3279 3091 nascentibus
3315 3046 3595 3107 opacatur.

2022 3122 2325 3177 Descensus
2379 3135 2411 3175 a
2452 3120 2692 3177 sinistris
2726 3122 3051 3194 ingredienti
3091 3134 3351 3195 angustus
3377 3135 3436 3183 et
3475 3142 3597 3184 sca-

2029 3214 2246 3279 brosus,
2297 3216 2487 3287 longus
2528 3215 2717 3270 stadiis
2772 3214 3102 3285 quindecim,
3151 3216 3252 3271 nisi
3314 3219 3457 3286 quod
3488 3236 3595 3275 non

2021 3302 2195 3358 solum
2230 3303 2355 3371 viri,
2393 3304 2490 3359 sed
2522 3304 2683 3359 etiam
2728 3303 2940 3358 femina:
2968 3304 3121 3359 valde
3150 3308 3418 3375 expeditae
3450 3308 3597 3364 illam

330 3401 471 3471 πλὴν
507 3399 928 3455 καταϐαίνουσιν
950 3398 1118 3471 αὐτὴν
1146 3400 1205 3452 ού
1242 3400 1402 3471 μόνον
1425 3401 1636 3472 ἄνδρες,
1660 3402 1795 3455 ἀλλὰ
1820 3402 1911 3455 καὶ

2023 3392 2418 3463 ingrediantur.
2453 3394 2810 3449 Descendenti
2860 3394 3003 3449 horti
3037 3404 3092 3450 et
3139 3398 3253 3466 agri
3297 3398 3515 3466 plurimi
3545 3402 3596 3453 in

328 3492 664 3563 γυναικῶνθδ
688 3494 746 3547 αί
775 3492 1154 3565 εύζωνότεραι.
1184 3494 1516 3549 Κατελθόντι
1543 3493 1599 3548 δὲ
1628 3494 1792 3565 κῆποι
1820 3495 1915 3548 καὶ

328 3582 595 3653 γεωργίαι
629 3581 824 3636 πολλαί
870 3583 1010 3636 εἰσιν
1031 3582 1075 3613 ⁸⁸
1106 3584 1159 3634 ἐν
1193 3581 1271 3653 τῷ
1303 3581 1665 3652 διαδεχομένῳ
1693 3580 1915 3633 αύλῶνι.

329 3676 403 3732 Τὸ
431 3675 476 3731 δ’
507 3670 601 3744 οὖν
633 3674 804 3746 ἄκρον
833 3664 994 3728 αὐτοῦ
1020 3674 1115 3729 καὶ
1146 3678 1483 3733 στενώτατον
1514 3674 1779 3744 ὑποδοχὴν
1804 3674 1918 3743 ἔχει

329 3767 858 3843 καταλειϐομένων⁸⁶
890 3771 946 3823 ἐν
975 3766 1159 3841 κύκλῳ
1184 3765 1424 3839 Στυγίων
1456 3768 1683 3834 ὑδάτων,
1714 3768 1807 3827 καλ⁸
1828 3765 1917 3827 διὰ

328 3867 430 3937 τὴν
455 3863 565 3919 ἀπὸ
599 3860 795 3916 πολλοῦ
832 3861 1001 3931 ὕψους
1030 3864 1201 3933 φορὰν
1238 3864 1317 3924 είς
1359 3861 1501 3933 ἀέρα
1553 3860 1917 3932 σκεδαννυμέ-

331 3978 460 4027 νων,
498 3955 617 4012 εἶτα
636 3957 679 3989 ⁸⁷
708 3956 774 4011 αὖ
810 3956 973 4010 πάλιν
1002 3956 1084 4019 είς
1112 3955 1171 4008 τδ
1217 3954 1368 4010 κάτω
1416 3955 1913 4026 συμπηγνυμένων.

330 4053 525 4120 Θέαμα
545 4048 704 4103 τοῦτο
727 4048 819 4102 καὶ
847 4047 1063 4119 φύσεως
1094 4046 1252 4116 ἔργον
1280 4046 1476 4118 σεμνὸν
1504 4047 1598 4100 καὶ
1629 4047 1913 4119 φρικῶδες

330 4144 433 4197 οὐκ
484 4143 631 4196 ἐστιν
679 4141 855 4206 οὐδεὶς
906 4139 1047 4212 ἀνὴρ
1098 4139 1157 4203 ὃς
1212 4137 1337 4194 ἰδὼν
1378 4138 1478 4192 οὐκ
1507 4138 1575 4192 ἂν
1604 4137 1916 4213 πληρωθείη

332 4233 633 4304 σεϐασμίου
681 4230 809 4304 [568
842 4230 938 4305 11.]
982 4229 1168 4300 φόϐου.
1195 4228 1318 4283 Τῶν
1346 4229 1402 4282 δὲ
1438 4228 1813 4301 ῥιπτουμένων
1839 4227 1917 4300 τῷ

332 4326 488 4381 ὕδατι
540 4325 910 4396 ἀναθημάτων
955 4323 1026 4377 τὰ
1070 4323 1169 4394 μὲν
1220 4320 1543 4376 καταδύεται
1575 4322 1655 4385 είς
1695 4320 1913 4387 άϐυθον,

333 4418 437 4473 κᾶν
467 4417 677 4489 ἐλαφρὰ
708 4413 766 4491 ᾗ,
793 4409 875 4480 οἷς
904 4415 1146 4487 εὐμενῶς
1175 4413 1289 4486 ἔχει
1320 4413 1381 4466 τὸ
1425 4413 1567 4467 θεῖον
1586 4427 1601 4443 °
1636 4406 1716 4476 οἷς
1730 4411 1786 4465 δὲ
1816 4412 1914 4483 μὴ,

332 4511 508 4563 ταῦτα
543 4509 599 4562 δὲ
625 4508 758 4577 ἄρα,
788 4507 894 4561 κᾶν
922 4505 1201 4577 βαρύτατα
1227 4501 1284 4577 ᾗ,
1324 4502 1645 4565 ἐπιπολάζει
1692 4502 1789 4555 καὶ
1837 4503 1917 4566 είς

331 4604 395 4657 τὸ
421 4602 580 4667 ἐκτὸς
608 4599 950 4657 άποπτύεται
979 4595 1292 4668 θαυμαστόν
1341 4612 1461 4647 τινα
1510 4594 1732 4665 τρόπον.
1759 4593 1833 4647 Τδ
1858 4593 1915 4646 δὲ

330 4697 517 4768 ὅρκιον
546 4694 641 4749 τοῦ
670 4711 729 4748 τε
754 4691 956 4765 χωρίου
983 4689 1078 4744 καὶ
1116 4687 1226 4742 τῶν
1250 4686 1457 4741 ὑδάτων
1492 4685 1793 4757 πεφρίκασι
1826 4685 1915 4740 διὰ

2022 3486 2268 3553 sequenti
2298 3485 2434 3543 valle
2455 3496 2764 3541 occurrunt.
2790 3486 3013 3542 Summa
3048 3502 3176 3557 pars
3219 3498 3272 3543 et
3326 3493 3595 3561 angustis-

2018 3576 2157 3630 sima
2232 3575 2393 3637 habet
2471 3579 2905 3646 receptaculum,
2971 3594 3081 3649 quo
3132 3582 3311 3636 omnis
3365 3584 3597 3652 undique

2020 3680 2159 3734 aqua
2192 3665 2378 3737 Stygia
2414 3664 2605 3733 innuit,
2675 3667 2876 3740 358a
2910 3670 3054 3739 quod
3084 3672 3151 3726 ab
3182 3671 3447 3728 altissimo
3478 3673 3597 3730 loco

2022 3760 2211 3830 fertur,
2246 3760 2454 3820 inaere
2507 3766 2802 3837 spargitur,
2865 3764 3058 3820 deinde
3120 3765 3317 3821 iterum
3372 3768 3597 3824 inferius

2020 3857 2319 3914 concurrit.
2360 3857 2737 3927 Spectaculum
2797 3854 2897 3916 hoc
2951 3876 3006 3919 et
3038 3867 3244 3922 natura:
3290 3885 3421 3938 opus
3474 3864 3597 3926 reli-

2030 3948 2186 4017 gione
2216 3948 2434 4016 plenum
2464 3959 2522 4003 et
2556 3951 2798 4006 terribile
2849 3963 2951 4008 est.
3000 3952 3169 4011 Nemo
3198 3968 3301 4018 est.
3374 3962 3464 4030 qui
3521 3963 3597 4015 νίν

2021 4040 2186 4106 derit,
2219 4040 2347 4110 quin
2379 4040 2577 4095 timore
2597 4051 2791 4097 sancto
2839 4044 3128 4113 repleatur.
3160 4046 3417 4113 Quaedam
3448 4066 3479 4105 e
3503 4054 3596 4107 du-

2021 4131 2190 4186 nariis
2210 4147 2328 4202 qua:
2349 4130 2862 4203 aquaainjiciuntur,
2905 4136 3225 4192 deferuntur
3281 4138 3333 4192 in
3373 4141 3592 4209 profun-

2020 4223 2170 4286 dum,
2197 4223 2411 4277 tametsi
2443 4222 2604 4290 levla,
2637 4223 2833 4293 quibus
2856 4224 2969 4295 ipse
2990 4226 3123 4281 deus
3146 4228 3416 4298 propitius
3451 4241 3534 4285 est
3577 4250 3590 4287 :

2022 4314 2221 4384 quibus
2245 4328 2374 4368 vero
2403 4312 2604 4378 minus,
2623 4313 2823 4370 ealicet
2844 4316 3184 4386 gravissima,
3208 4329 3585 4387 supernatant,

2027 4415 2081 4460 et
2111 4405 2397 4476 exspuitur
2423 4403 2570 4461 foras
2590 4404 2905 4460 admirando
2930 4407 3160 4477 quodam
3201 4409 3379 4464 modo.
3406 4408 3596 4464 Jurare

2021 4513 2117 4565 per
2149 4512 2399 4564 campum
2434 4496 2582 4551 illum
2641 4506 2699 4551 et
2748 4512 2917 4567 aquas
2978 4498 3168 4555 incola:
3225 4502 3595 4571 experimento

2020 4588 2197 4642 cdocti
2230 4589 2476 4653 horrent,
2510 4603 2678 4657 quare
2710 4589 2991 4643 minimum
3018 4589 3201 4658 jurant
3231 4592 3364 4662 (27‘).
3396 4590 3450 4646 Si
3477 4594 3595 4659 quis

2026 4680 2318 4750 aliquando
2333 4680 2676 4752 pejeraverit,
2700 4680 2842 4737 intra
2869 4697 3069 4738 annum
3099 4700 3327 4755 corpore
3360 4684 3595 4753 hydrorie

1635 4868 1870 4925 VARUE
1909 4866 2315 4926 LECTIONES.

418 5002 465 5083 '.'
502 4999 749 5093 εἰλφόρως
776 4994 978 5093 ᾖ.ίῖ
995 4992 1425 5093 ..ᾁξσκδίῒτίὲξξ

330 5071 457 5129 tum
518 5064 680 5126 ἀποτ.
774 5068 824 5102 ιι
865 5065 1039 5135 εγνων
1072 5064 1137 5120 c.

1502 4988 1548 5021 υ
1590 4989 1703 5056 ἀπη

329 5213 378 5247 ⁸³
415 5206 651 5272 σταδίοις
676 5224 737 5272 ς.
811 5206 859 5239 ⁸⁸
887 5208 1145 5275 γυναῖκες
1174 5219 1236 5267 ς.

332 5284 512 5353 μένων
535 5296 645 5335 om.
676 5281 746 5332 A.

399 5560 537 5629 (25')
571 5557 650 5629 57d
680 5552 896 5629 Homeri
929 5552 1107 5629 locum
1159 5546 1418 5629 [espexih
1449 5545 1521 5619 ιι.
1560 5551 1625 5603 θ’.
1664 5559 1787 5601 vers
1816 5544 1881 5598 ’57
1901 5584 1915 5609 ,

330 5617 539 5690 οιῖιιὶἀξ
564 5625 856 5699 Eustath;
886 5632 941 5676 et
974 5620 1135 5699 Mela,
1156 5617 1470 5699 ὓρΑίρΙιεο.
1500 5686 1557 5699 m

407 5702 519 5777 (eo)
548 5686 942 5777 Qvid_._bletat.n.
974 5692 1172 5777 ﬂerat:
1185 5686 1388 5777 LLamb.
1415 5698 1468 5777 et
1495 5686 1700 5777 (liram.

405 5758 514 5845 (‘27;
555 5763 1093 5845 Virgilius,zEtteitt.,
1138 5760 1237 5845 np.
1290 5775 1366 5845 ρ,
1420 5773 1472 5841 γ,
1528 5758 1678 5845 52;;

568 5827 748 5908 Cozyti
774 5827 958 5908 stagna
975 5832 1087 5908 alta
1104 5832 1265 5897 vides,
1298 5828 1635 5908 Stygiamque
1658 5827 1921 5893 paludem,

559 5908 628 5967 Di
664 5898 812 5972 c'ujus
832 5898 1024 5974 furare
1050 5904 1229 5959 timent
1268 5910 1315 5953 et
1355 5898 1538 5969 fallere
1579 5913 1783 5951 numen.

664 6002 933 6081 ,ΡΑσι-ιιοι..
978 5999 1098 6059 Gn.
1127 5989 1287 6058 C'lll.

1708 4985 1855 5047 νείας
1884 4984 1932 5056 Bg
1955 4996 2025 5056 iet
2069 5000 2212 5056 corr.
2240 4985 2351 5041 AC.
2423 4986 2469 5018 ⁵⁸⁵
2494 4985 2827 5056 διηνάγκασε
2860 4987 2926 5038 Α.

1321 5051 1627 5137 υανδρίτῃν-
1661 5051 1878 5137 codices
1900 5055 2103 5137 _Marini
2157 5070 2208 5125 p.
2261 5056 2422 5137 fabr.
2453 5051 2581 5137 ιπς
2623 5055 2667 5085 ⁸⁸
2716 5057 3014 5137 ρτύγειοχ.⁸
3056 5054 3117 5137 δ’.
3142 5051 3594 5137 συνηρεφέσινᾼίξ.

331 5125 616 5209 ἰόίφυιέοῖς
647 5136 753 5194 τῶν
780 5136 823 5191 Α
864 5154 877 5190 :
906 5125 1106 5205 ’φυτοῖς
1151 5125 1573 5237 ἁνημέροιξκαῖ
1603 5127 1877 5207 ἀτάκτοις.
1895 5125 2180 5205 δασύνεται
2225 5125 2333 5179 τῶν
2384 5144 2444 5190 ς.

331 5213 378 5237 ιι
417 5209 651 5237 ..-ιιλη
677 5224 716 5237 ρ
811 5206 859 5237 ιι
887 5208 1145 5237 υωιητυιρ
1174 5219 1214 5237 ρ
1309 5201 1332 5231 0
1390 5201 1529 5237 εἰσιν
1573 5206 1696 5237 mel
1739 5195 1939 5237 αὐλιιινι
1974 5202 2122 5237 nmrl
2157 5213 2215 5237 ρ.
2292 5196 2339 5229 ⁸ο
2383 5212 2444 5237 im

1390 5188 1529 5254 είσιν
1573 5206 1697 5268 post
1739 5194 1940 5250 αύλῶνι
1974 5196 2122 5266 ponit
2157 5213 2217 5261 ς.
2292 5196 2339 5229 ⁸⁸
2380 5188 2783 5267 κατειϐομένων
2813 5213 2873 5262 ς.
2948 5194 2990 5225 ⁸⁷
3013 5188 3136 5245 εἷτα
3174 5221 3242 5235 --
3271 5208 3591 5264 συμπηγνυ-
3672 5216 3675 5219 η

3035 4982 3079 5013 ⁵⁵
3110 4981 3254 5036 ἐπιτ.
3305 4982 3543 5050 Scaliger
3580 4999 3593 5035 :

2543 5126 2582 5196 ιι
2626 5128 2785 5196 πρός,
2817 5120 2884 5166 ζ..
2922 5120 3291 5196 αξ-δαέτύνεταῖ
3319 5123 3443 5176 add.
3483 5120 3592 5176 ΑΒ.

1844 5381 2074 5440 NOTAE.

2091 5544 2163 5599 At
2186 5542 2397 5614 Jupiter
2429 5543 2547 5613 lege
2570 5542 2735 5597 veluti
2775 5540 2981 5597 solutus
3005 5540 3153 5609 jurat

2817 5651 2987 5723 Stygii
3020 5665 3112 5719 per
3131 5643 3592 5727 ﬂuminafratris,

2187 5725 2295 5782 Per
2332 5742 2445 5799 prce
2471 5734 2747 5787 torrentes,
2780 5733 3001 5789 atraque
3034 5725 3275 5785 voragine
3328 5731 3489 5782 ripas,

2582 5814 2817 5884 (ιΕηρίιί.
2853 5813 2943 5866 lib.
2979 5825 3049 5875 Ix,
3091 5823 3143 5862 v.
3178 5805 3459 5879 105-106.)

3127 5973 3192 6036 bl
