4050 6390
546 366 677 434 1291
712 420 715 423 .

538 482 844 539 tumefacto
871 482 1119 550 moritur,
1144 495 1412 553 nemoque
1430 496 1661 553 unquam
1689 496 1902 552 poenam
1923 482 2113 537 evasit.

1660 364 1918 427 ΡΗΟΤΙΙ
1951 361 2456 425 PATRIARCH/E
2497 361 2605 422 (ΣΡ.

3650 344 3806 426 ’1292

2220 477 2418 549 πείρας
2447 478 2496 531 οί
2530 476 2837 548 ἐπιχώριοι,
2868 475 2946 531 διὸ
3002 475 3098 530 καὶ
3148 476 3353 543 ἥκιστα
3382 474 3703 547 ὀμνύουσιν.
3747 476 3809 530 ει

533 574 591 627 δέ
624 574 754 629 ποτέ
782 593 867 639 τις
915 576 1236 649 ἐπιορκήσει
1271 574 1339 643 ⁸⁸,
1388 576 1518 630 εῖσω
1571 573 1821 629 ἐνιαυτοῦ
1851 574 2174 639 ἀπόλλυται,
2206 572 2361 643 φασὶ,
2416 571 2678 644 φυσηθεὶς
2708 570 2881 643 ὑδέρῳ
2908 570 2969 625 τὸ
3000 570 3182 643 σῶμα,
3201 572 3297 625 καὶ
3322 570 3498 635 οὐδεὶς
3523 569 3625 641 τὴν
3653 569 3810 637 δίκην

534 668 809 739 διέφυγεν.

607 782 807 839 Fertur
832 796 885 839 et
915 785 1159 841 Bacchus
1202 785 1507 858 Lycurgum
1537 795 1592 840 et
1624 794 1851 840 caeteros
1906 796 2112 838 Arabes

2289 784 2414 837 Ὀτι
2443 782 2717 845 Διόνυσος,
2742 779 2959 850 φησιν’,
2982 782 3296 849 Λυκουργον
3326 776 3419 831 καὶ
3443 777 3571 840 τοὺς
3600 776 3807 845 ἑπομέ-

540 876 775 931 comites
818 875 935 943 ejus
969 878 1096 932 vino
1122 878 1419 944 domuisse,
1441 892 1561 932 cum
1583 890 1649 930 ex
1677 884 1800 931 utre
1825 876 2121 931 exercitum

539 965 832 1020 irrorasset
878 964 1153 1027 hostilem,
1218 965 1360 1019 unde
1403 973 1459 1018 et
1530 962 1717 1017 urbem
1799 962 2121 1017 Damascum

544 1056 860 1128 appellavit.
891 1056 1125 1124 Quidam
1160 1057 1277 1112 urbi
1311 1070 1510 1112 nomen
1561 1070 1594 1109 ι
1640 1055 1875 1123 quodam
1907 1057 2127 1126 gigante

543 1152 809 1216 tribuunt,
850 1150 935 1202 cui
961 1164 1152 1202 nomen
1210 1147 1403 1211 Ascua,
1443 1159 1603 1215 quem
1647 1146 1859 1216 Jupiter
1884 1146 1994 1203 illic
2030 1146 2125 1201 do-

544 1243 681 1297 muit
714 1260 729 1307 ;
758 1240 847 1295 alii
877 1240 1010 1293 alias
1069 1237 1233 1307 hujus
1291 1236 1525 1292 nominis
1566 1237 1809 1293 rationes
1862 1237 2114 1293 reddunt.

542 1334 750 1386 Auctor
775 1345 840 1384 ex
883 1331 982 1383 hac
1036 1328 1167 1381 urbe
1218 1326 1482 1397 originem
1514 1327 1703 1383 duxit.
1768 1325 1839 1383 Ut
1879 1324 2120 1383 studium

546 1437 729 1493 aptum
757 1422 823 1476 ad
856 1418 1205 1483 rhetoricam,
1245 1434 1570 1490 omnemque
1601 1435 1786 1474 curam
1830 1420 1896 1474 ad
1956 1435 2018 1475 os
2066 1428 2122 1473 et

546 1518 783 1587 linguam
817 1522 1156 1578 convertere,
1185 1512 1253 1566 ab
1302 1512 1482 1566 anima
1545 1520 1723 1565 autem
1784 1527 1959 1565 rerum
1997 1526 2123 1564 san-

545 1619 755 1663 clarum
798 1622 863 1663 ac
905 1606 1208 1661 divinarum
1241 1604 1627 1674 cogitationem
1666 1610 1936 1657 avertere.
1969 1601 2116 1667 Haec,

546 1701 720 1769 inquit
744 1707 955 1762 auctor,
991 1696 1315 1766 intelligens,
1350 1695 1644 1764 aliquando
1670 1694 1938 1749 oratorias
1961 1708 2119 1750 exer-

2224 888 2347 935 νους
2366 908 2378 918 -
2398 870 2547 940 αύτῷ
2580 869 2824 935 ΙἌραϐας
2877 868 3289 938 κατηγωνίσατο
3327 866 3479 937 οἴνῳ,
3511 865 3609 919 ἀπ’
3634 863 3807 920 ἀσκοῦ

2226 964 2575 1035 καταρῤάνας
2612 961 2711 1033 τὴν
2752 960 3017 1030 πολεμίαν
3051 958 3310 1029 στρατιάν
3333 974 3348 990 °
3397 958 3458 1023 ἐξ
3481 951 3543 1012 οὗ
3578 958 3677 1012 καὶ
3712 957 3809 1029 τὴν

2224 1056 2380 1109 πόλιν
2430 1054 2657 1109 ἐκάλεσε
2706 1052 3017 1123 Δαμασκόν.
3048 1052 3112 1105 Ol
3142 1051 3201 1105 δὲ
3229 1051 3329 1122 τὴν
3370 1050 3698 1119 ἐπωνυμίαν
3728 1048 3807 1102 δι-

2224 1149 2376 1203 δόασι
2407 1150 2473 1219 τῇ
2505 1147 2656 1201 πόλει
2680 1146 2789 1200 ἀπὸ
2816 1143 3069 1215 γίγαντός
3092 1160 3261 1207 τινος,
3293 1134 3338 1210 ᾧ
3379 1143 3553 1213 ὄνομα
3589 1141 3802 1203 ’Δσκδς,

2227 1242 2288 1295 ὃν
2310 1242 2338 1295 6
2361 1241 2496 1302 Ζεὺς
2524 1238 2793 1309 ἐδάμασεν
2820 1235 3263 1292 ἐνταῦθα.”Δλλοι
3291 1234 3346 1288 δέ
3370 1234 3466 1288 καὶ
3502 1232 3676 1295 ἄλλας
3722 1231 3805 1285 λέ-

2230 1348 2386 1400 γουσι
2438 1330 2540 1401 τῆς
2593 1328 2914 1399 ἐπωνυμίας
2943 1326 3141 1391 αίτίας.
3157 1326 3217 1380 '0
3243 1326 3301 1380 δέ
3344 1323 3704 1396 συγγραφεὺς
3746 1322 3805 1376 ἐκ

2228 1422 2428 1492 ταύτης
2464 1420 2690 1492 ὥρμητο
2720 1420 2818 1491 τῆς
2842 1418 3072 1482 πόλεως.
3092 1418 3176 1481 Ὡς
3203 1420 3235 1487 ἡ
3258 1416 3485 1486 ἀσχολία
3511 1414 3610 1468 τοῦ
3645 1416 3803 1484 ῥητο-

2231 1512 2410 1585 ρεύειν
2430 1512 2600 1583 δεινὴ,
2620 1512 2925 1582 στρέφουσα
2952 1511 3051 1582 μὲν
3073 1512 3203 1581 περὶ
3230 1510 3406 1579 στόμα
3436 1508 3534 1562 καὶ
3558 1507 3803 1576 γλῶτταν

2227 1606 2328 1677 τὴν
2369 1605 2497 1676 ὅλην
2545 1621 2645 1677 μου
2686 1604 2940 1675 σπουδὴν,
2968 1602 3385 1673 ἀποστρέφουσα
3409 1600 3467 1654 δέ
3497 1599 3601 1670 τῆς
3628 1597 3804 1669 ψυχῆς

2228 1698 2324 1753 καὶ
2367 1697 2477 1752 τῶν
2529 1696 3008 1768 ἀποκαθαιρόντων
3053 1693 3222 1766 αὐτὴν
3265 1692 3557 1764 μακαρίων
3605 1706 3671 1744 τε
3715 1690 3803 1743 καὶ

546 1791 832 1846 citationes
874 1788 1088 1858 reliqui,
1146 1798 1194 1843 et
1238 1788 1317 1842 sic
1348 1801 1540 1841 novem
1575 1789 1703 1841 anni
1746 1787 1917 1855 elapsi
1958 1795 2108 1852 sunt,

2226 1790 2489 1859 θεοφιλῶν
2548 1790 2929 1861 ἀκουσμάτων.
2962 1787 3145 1841 Ταῦτα
3197 1785 3242 1840 δ’
3266 1785 3485 1851 ἐννοιῖιν,
3541 1782 3714 1854 φησὶν
3772 1783 3800 1834 6

544 1883 779 1937 viximus
796 1881 953 1936 simul
973 1880 1225 1935 omnibus
1271 1888 1327 1933 et
1355 1880 1604 1934 noctibus
1641 1888 1697 1933 et
1728 1878 2113 1942 diebus,men-

544 1989 633 2029 ses
667 1983 808 2029 octo.
833 1973 1108 2037 Videram,
1142 1971 1611 2042 inquit,b:etulum
1636 1972 1688 2026 in
1723 1985 1851 2027 aere
1886 1980 2112 2037 motum,

547 2064 787 2119 vestibus
834 2063 1100 2118 interdum
1169 2072 1391 2127 tectum,
1468 2062 1758 2129 aliquando
1802 2062 2110 2116 veroetiam

547 2155 803 2210 manibus
843 2154 1039 2209 medici
1072 2163 1369 2222 portatum.
1401 2152 1608 2207 Nomen
1640 2152 1858 2216 medici,
1889 2152 1979 2221 qui
2009 2153 2115 2206 ba:-

551 2247 723 2301 tulum
751 2246 1020 2315 gestabat,
1056 2255 1175 2300 erat
1196 2244 1485 2311 Eusebius,
1514 2243 1604 2313 qui
1657 2243 1822 2298 etiam
1856 2242 1992 2297 dixit
2023 2257 2115 2297 ac-

545 2338 747 2393 cidisse
763 2337 863 2391 sibi
878 2336 1165 2407 aliquando
1187 2350 1287 2391 nec
1320 2334 1564 2406 opinanti
1595 2334 1830 2390 subitum
1855 2333 2112 2403 impetum

544 2428 762 2482 errandi
791 2427 857 2481 ab
900 2428 1094 2481 Emesa
1131 2427 1284 2490 urbe,
1328 2440 1465 2494 pene
1512 2424 1686 2480 media
1745 2434 1925 2489 nocte,
1951 2438 2113 2493 quam

544 2517 853 2589 longissime
879 2520 944 2573 ad
972 2528 1207 2581 montem
1238 2519 1407 2583 illum,
1442 2519 1494 2571 in
1540 2532 1648 2588 quo
1698 2516 1935 2572 Palladis
1977 2527 2115 2571 tem-

543 2612 690 2681 plum
715 2613 882 2667 veteri
918 2611 1315 2681 magniﬁcentia
1361 2611 1641 2664 conditum
1678 2620 1781 2675 est,
1836 2619 1891 2665 et
1952 2611 2115 2665 ivisse

543 2717 667 2757 sese
686 2704 971 2758 celerrime
1022 2704 1088 2757 ad
1135 2720 1395 2757 cacumen
1429 2703 1648 2769 montis,
1677 2712 1731 2756 et
1764 2702 1961 2757 ibidem
1993 2713 2113 2756 tan-

544 2807 707 2862 quam
734 2806 766 2849 ο
819 2794 907 2848 via
948 2792 1150 2847 fessum
1203 2793 1499 2860 desedlsse,
1530 2804 1586 2847 et
1629 2792 1831 2848 vidisse
1890 2794 2111 2863 globum

542 2884 682 2954 ignis
722 2883 974 2939 celeriter
1033 2883 1409 2947 decidentem,
1464 2892 1518 2937 et
1563 2882 1774 2939 leonem
1842 2885 2111 2952 ingentem

544 2976 601 3031 in
630 2975 785 3045 globo
811 2975 1188 3040 constitutum,
1215 2986 1270 3029 et
1336 2973 1483 3028 illum
1528 2976 1713 3029 statim
1779 2975 2064 3029 evanuisse
2095 2988 2109 3024 :

543 3078 710 3134 seque
741 3062 935 3135 35,86
964 3102 980 3126 ,
1014 3065 1135 3131 igne
1172 3064 1280 3133 jam
1320 3063 1610 3128 exstincto,
1639 3064 1705 3118 ad
1754 3063 1968 3132 globum
2014 3080 2112 3116 cu-

2216 1886 2587 1954 συγγραφεὺς,
2620 1884 2793 1937 ἐνίοτε
2822 1880 3191 1951 διεκοπτόμην
3223 1879 3336 1933 τῶν
3370 1878 3685 1949 ρητοοικῶν
3715 1879 3727 1921 ἶ
3743 1873 3796 1940 ξ-

2212 1976 2725 2046 ηγήσεων.”Ενατον
2768 1973 2887 2037 ἔτος
2932 1971 3076 2026 οὕτω
3122 1988 3212 2041 μοι
3244 1968 3586 2040 διεληλύθεν.
3615 1966 3797 2021 Συνδιθ

2213 2066 2421 2137 ήγομεν
2468 2066 2721 2135 ἀλλήλοις
2766 2065 2889 2118 ὅσαι
2930 2081 2991 2117 τε
3036 2063 3241 2135 ἡμέραι
3287 2063 3383 2115 καὶ
3428 2062 3554 2115 ὅσαι
3584 2059 3795 2125 νύκτες,

2214 2156 2310 2212 ἐπὶ
2345 2157 2520 2229 μῆνας
2544 2164 2617 2227 η’.
2652 2153 2827 2221 Εἶδον,
2862 2154 3030 2227 φησὶ,
3059 2154 3150 2209 τὸν
3184 2152 3438 2224 βαίτυλον
3466 2152 3559 2208 διὰ
3593 2150 3690 2206 τοῦ
3711 2151 3797 2206 ἀέ-

2216 2262 2308 2317 ρος
2334 2244 2482 2299 κινού
2491 2262 2673 2317 μενον,
2697 2244 2829 2299 ποτὲ
2846 2244 2892 2298 δ’
2911 2246 2970 2298 ἐν
2996 2245 3109 2307 τοῖς
3139 2242 3375 2313 ἱματίοις
3393 2241 3793 2313 κρυπτόμενον,

2214 2336 2314 2407 ήδη
2332 2336 2389 2391 δέ
2406 2353 2537 2390 ποτε
2556 2337 2650 2390 καὶ
2671 2337 2728 2389 ἐν
2750 2335 2907 2407 χερσὶ
2934 2334 3338 2405 βασταζόμενον
3352 2331 3449 2386 τοῦ
3468 2331 3795 2401 θεραπεύον-

2213 2430 2542 2498 τος.”υνομα
2570 2426 2614 2479 δ’
2644 2422 2711 2497 ἦν
2734 2426 2812 2497 τῷ
2845 2423 3257 2496 θεραπεύοντι⁷⁰
3288 2421 3380 2476 τὸν
3417 2420 3671 2491 βαίτυλον
3697 2420 3797 2473 E6-

2215 2520 2415 2587 σέϐιος,
2444 2520 2502 2585 ὃς
2531 2520 2625 2574 καὶ
2655 2519 2843 2587 ἔλεγεν
2886 2516 3131 2571 ἐπελθεῖν
3169 2512 3317 2585 αὑτῷ
3364 2529 3498 2567 ποτε
3537 2512 3793 2583 ἀδόκητον

2214 2613 2474 2684 ἐξαίφνης
2496 2610 2806 2683 προθυμίαν
2826 2607 3279 2678 ἀποπλανηθῆναι
3299 2605 3392 2660 τοῦ
3416 2606 3612 2669 ἄστεος
3640 2604 3792 2673 Ἐμέ-

2216 2705 2375 2775 σης⁷¹
2416 2705 2475 2757 ἐν
2507 2690 2660 2755 νυκτὶ
2689 2701 2930 2771 μεσούσῃ
2961 2700 3144 2770 σχεδὸν
3181 2700 3256 2762 ὼς
3286 2698 3631 2769 πορρωτάτω
3659 2698 3791 2767 πρὸς

2212 2796 2273 2848 τὸ
2303 2794 2429 2867 ὅρος
2459 2793 2609 2857 αὐτὸ,
2633 2795 2690 2847 ἐν
2719 2786 2760 2860 ᾧ
2782 2793 2883 2863 τῆς
2924 2791 3155 2860 Ἀθηνᾶς
3178 2790 3386 2861 ἵδρυται
3413 2787 3552 2851 νεὼς
3576 2791 3788 2859 ἀρχαιο-

2216 2887 2431 2957 πρεπής
2450 2902 2465 2917 ο
2485 2884 2777 2954 ἀφικέσθαι
2802 2884 2858 2937 δέ
2878 2883 2976 2955 τὴν
2996 2882 3261 2952 ταχίστην
3285 2882 3365 2944 εις
3386 2881 3487 2952 τὴν
3517 2879 3790 2951 ὑπώρειαν

2211 2976 2305 3031 τοῦ
2335 2976 2515 3049 ὅρους,
2549 2976 2639 3030 καὶ
2663 2975 2850 3030 αὐτόθι
2880 2975 3180 3029 καθίσαντα
3197 2976 3242 3005 ⁷¹
3272 2973 3653 3028 ἀναπαύεσθαι
3678 2971 3785 3024 ὥσ-

2216 3085 2321 3139 περ
2347 3067 2406 3132 ἐξ
2428 3067 2549 3121 ὁδοῦ
2574 3084 2586 3097 ·
2620 3070 2854 3138 σφαῖραν
2877 3065 2933 3119 δέ
2959 3067 3130 3136 πυρὸς
3160 3065 3358 3134 ὑψόθεν
3381 3062 3788 3135 καταθοροῦσαν

542 3159 803 3224 currisse,
826 3169 881 3211 et
931 3156 1075 3210 illum
1126 3164 1378 3225 tanquam
1415 3154 1668 3209 btetulutn
1718 3155 2017 3222 accepisse.
2055 3164 2110 3208 et

2219 3136 2478 3229 ἐξαίφνης
2534 3157 2682 3221 ἰδεῖν,
2718 3136 2811 3212 καὶ
2862 3157 3051 3210 λέοντα
3101 3157 3275 3227 μέγαν
3302 3158 3367 3227 τῇ
3401 3156 3610 3227 σφαίρᾳ
3652 3173 3787 3226 παρ-

543 3263 765 3317 rogasse
795 3248 947 3315 cujus
985 3245 1069 3300 dei
1112 3254 1279 3311 esset,
1309 3254 1363 3299 et
1412 3245 1754 3316 respondisse
1797 3245 1943 3299 illum
1992 3258 2113 3300 esse

541 3337 782 3395 Gennaei.
821 3336 1111 3391 Gennaaum
1137 3333 1466 3404 lleliopolitze
1511 3337 1712 3400 colunt,
1772 3347 1951 3390 erecta
1989 3351 2117 3404 qna-

542 3428 665 3481 dam
706 3426 877 3481 leonis
924 3426 1096 3480 forma
1142 3426 1195 3480 in
1242 3425 1442 3496 templo
1490 3423 1661 3481 Jovis.
1710 3424 1876 3479 lvisse
1921 3426 2109 3480 eadem

542 3530 704 3574 nocte
732 3520 816 3573 via
850 3535 954 3572 non
1000 3519 1178 3572 minus
1218 3533 1377 3588 quam
1418 3518 1601 3572 decem
1655 3529 1710 3571 et
1754 3518 2111 3571 ducentorum

541 3613 865 3676 stadiorum,
907 3621 964 3665 ut
988 3610 1190 3676 aiebat,
1219 3611 1497 3665 continuo.
1549 3608 1813 3663 Eusebius
1848 3624 1950 3662 non
1993 3617 2111 3663 erat

544 3704 792 3759 dominus
815 3703 991 3757 btetuli
1032 3713 1293 3764 motuum,
1337 3710 1394 3755 ut
1452 3699 1541 3753 alii
1584 3700 1833 3762 aliorum,
1883 3697 1977 3752 sed
2022 3696 2111 3753 hic

544 3794 760 3865 petebat
808 3803 863 3847 et
900 3793 1089 3847 orabat
1124 3810 1137 3847 :
1174 3792 1263 3846 ille
1281 3808 1410 3847 vero
1436 3791 1614 3847 locum
1664 3793 1823 3846 dabat
1848 3789 2107 3846 oraculis.

544 3887 673 3939 Haec
718 3895 771 3939 et
794 3885 958 3939 multa
1017 3887 1211 3940 similia
1246 3895 1476 3955 nugatur
1508 3886 1700 3955 dignus
1730 3884 1969 3953 prol'ecto
1998 3885 2109 3939 ba:-

546 3978 691 4031 tuliis
722 3976 991 4046 lapidibus
1024 3994 1037 4030 :
1072 3978 1200 4047 quin
1224 3977 1386 4031 etiam
1424 3978 1647 4030 formam
1684 3975 1802 4044 ejus
1828 3974 2105 4028 describit.

542 4066 744 4123 Globtts
767 4070 1005 4135 quidem,
1042 4070 1237 4138 inquit,
1267 4070 1535 4136 egregius,
1558 4070 1737 4121 colore
1754 4067 2103 4130 sttbcandido,

543 4162 807 4213 diametro
836 4162 1026 4229 longus
1063 4160 1261 4229 palmo,
1294 4160 1386 4212 sed
1419 4159 1686 4213 interdum
1747 4155 1917 4224 major
1943 4170 2107 4225 appa-

545 4258 719 4319 rebat,
748 4255 1018 4309 interdum
1050 4254 1245 4318 minor,
1279 4252 1549 4307 interdum
1593 4267 1913 4323 purpureus,
1948 4260 2003 4305 et
2021 4251 2107 4305 lit-

546 4361 692 4407 teras
720 4352 961 4405 ostendit
980 4350 1136 4405 nobis
1165 4350 1218 4404 in
1244 4349 1420 4417 lapide
1448 4349 1765 4417 descriptas,
1818 4348 1977 4418 idque
2009 4362 2105 4403 co-

2218 3252 2505 3320 ιστάμενον
2524 3267 2538 3281 ·
2585 3250 2676 3303 τὸν
2710 3250 2809 3319 μὲν
2834 3250 2898 3319 δὴ
2928 3249 3272 3319 παραχρῆμα
3300 3247 3485 3317 ἀφανῆ
3516 3248 3785 3316 γενέσθαι,

2214 3341 2379 3395 αὑτὸν
2419 3342 2476 3395 δὲ
2524 3342 2618 3395 ἐπὶ
2664 3342 2763 3413 τὴν
2810 3343 3045 3412 σφαῖραν
3096 3340 3323 3410 δραμεῖν
3363 3340 3469 3410 ήδη
3501 3338 3598 3393 τοῦ
3625 3338 3786 3410 πυρὸς

2214 3434 2708 3504 ἀποσϐεννυμένου,
2739 3434 2835 3485 καὶ⁸
2880 3431 3209 3486 καταλαϐεῖν
3260 3430 3429 3501 αὐτὴν
3480 3426 3648 3486 οὖσαν
3700 3430 3786 3482 τὸν

2215 3522 2488 3594 βαίτυλον,
2521 3524 2614 3577 καὶ
2639 3522 2932 3577 ἀναλαϐεῖν
2959 3521 3140 3587 αὐτὸν,
3174 3521 3448 3595 [1066K]
3478 3526 3577 3577 καὶ
3603 3523 3784 3593 διερωο

2211 3615 2375 3683 τῆσαι
2418 3615 2541 3669 ὅτου
2593 3614 2730 3668 θεῶν
2759 3615 2826 3669 ἀν
2855 3616 2965 3686 είη,
2995 3616 3161 3684 φάναι
3207 3614 3253 3667 δ’
3283 3616 3496 3669 ἐκεῖνον
3530 3612 3672 3669 εἶναι
3697 3615 3781 3668 τοῦ

2211 3708 2463 3762 Γενναίου
2510 3708 2636 3779 (τὸν
2667 3708 2723 3761 δέ
2754 3709 3003 3762 Γενναῖον
3036 3706 3437 3763 Ἰἰλιουπολῖται
3467 3708 3700 3779 τιμῶσιν
3729 3710 3782 3761 ἐν

2209 3798 2331 3861 Διὸς
2358 3799 2697 3871 ἱδρυσάμενοι
2724 3800 2938 3871 μορφήν
2962 3816 3086 3853 τινα
3111 3799 3367 3870 λέοντος),
3397 3801 3708 3870 ἀπαγαγεῖν
3726 3815 3781 3853 τε

2208 3890 2395 3943 οἶκαδε
2438 3893 2537 3963 τῆς
2582 3891 2752 3960 αὐτῆς
2800 3892 2993 3956 νυκτὸς
3021 3892 3122 3946 ούκ
3154 3893 3359 3947 ἐλάττω
3388 3893 3622 3947 σταδίων
3656 3892 3776 3946 δέκα

2209 3986 2302 4037 καὶ
2332 3984 2643 4049 διακοσίων,
2668 3985 2743 4046 ὡς
2768 3984 2892 4055 ἔφη,
2918 3984 3199 4055 διηνεκῶς.
3218 3988 3333 4040 Οὐκ
3364 3982 3432 4058 ἦν
3458 3986 3516 4040 δὲ
3550 3986 3729 4059 κύριος
3750 3987 3779 4039 6

2208 4078 2466 4141 Εὐσέϐιος
2499 4078 2598 4149 τῆς
2626 4078 2779 4132 τοῦτ’
2809 4078 3061 4149 βαιτύλου
3089 4080 3357 4150 κινήσεως
3375 4118 3391 4143 ,
3422 4079 3615 4151 ὥσπερ
3638 4079 3777 4134 ἄλλοι

2206 4166 2412 4221 ἀλλωνο
2442 4168 2563 4221 ἀλλ’
2584 4170 2612 4221 6
2640 4168 2739 4239 μὲν
2767 4168 2939 4222 ἐδεῖτο
2970 4170 3063 4222 καὶ
3093 4167 3315 4240 ηὔχετο,
3345 4171 3373 4223 6
3398 4170 3453 4224 δέ
3476 4170 3715 4242 ὑπήκουε
3734 4170 3778 4200 ⁷⁵

2207 4260 2347 4331 πρὸς
2395 4261 2495 4324 τάς
2543 4259 2911 4331 χρησμῳδίας.
2944 4261 3130 4315 Ταῦτα
3178 4261 3423 4333 ληρήσας
3471 4263 3569 4315 καὶ
3620 4260 3776 4316 πολλά

2205 4350 2433 4430 τοιαῦτα
2451 4351 2480 4403 6
2504 4352 2613 4405 τῶν
2635 4351 2922 4422 βαιτυλίων
2946 4352 3020 4416 ὡς
3041 4353 3258 4425 ἀληθῶς
3278 4354 3449 4420 ἄξιος,
3466 4356 3557 4408 τὸν
3581 4354 3719 4409 λίθον
3730 4354 3775 4388 ’⁸

544 4440 658 4496 lore
695 4440 1066 4510 tingabarino,
1093 4448 1149 4492 ut
1174 4447 1389 4504 vocant,
1422 4448 1478 4493 et
1512 4443 1565 4492 in
1588 4454 1740 4493 muro
1768 4438 1905 4493 ﬁxit.
1951 4437 2105 4494 Unde

2215 4442 2495 4514 διαγράφει
2523 4443 2687 4497 καὶτὸ
2706 4439 2844 4508 εἶδος
2871 4443 3057 4498 αύτοῦ.
3087 4446 3299 4516 Σφαῖρα
3329 4447 3429 4516 μὲν
3455 4449 3587 4517 γάρ,
3602 4446 3773 4515 φησὶν,

541 4532 839 4587 sciscitanti
868 4531 1146 4586 oraculum
1177 4531 1343 4591 dedit,
1382 4540 1434 4584 et
1453 4545 1640 4585 vocem
1699 4530 1931 4585 emisite
1958 4530 2103 4584 tenui

2215 4534 2443 4606 ἀκριϐὴς
2482 4533 2776 4605 ἐτύγχανεν
2827 4534 2950 4607 [567
2980 4536 3015 4590 b
3045 4535 3141 4609 IL]
3188 4536 3284 4599 ὢν,
3317 4536 3618 4602 ύπόλευκος
3641 4536 3694 4590 δέ
3718 4540 3775 4589 τδ

544 4622 747 4687 ﬁstula,
810 4638 970 4691 qttatn
1020 4623 1405 4691 interpretatus
1458 4630 1543 4675 est
1598 4619 1884 4676 Eusebius.
1944 4619 2106 4675 Vatiae

541 4714 739 4768 mentis
772 4714 858 4768 ille
890 4714 992 4767 alia
1025 4716 1190 4767 multa
1246 4714 1487 4767 miranda
1530 4714 1596 4769 de
1632 4712 1828 4768 baetulo
1877 4722 2062 4767 narrat
2090 4730 2105 4767 :

540 4805 801 4877 Equidem
834 4814 1079 4873 putarunt
1132 4806 1358 4858 divinius
1416 4820 1525 4859 esse
1577 4805 1848 4858 oraculum
1902 4803 2106 4868 ba'tult',

542 4894 786 4950 Isidorus
820 4896 1136 4949 dwmom’um
1155 4896 1327 4964 potius
1357 4912 1464 4949 esse
1494 4896 1647 4949 dixit.
1679 4895 1811 4950 Esse
1832 4898 1969 4950 enim
2001 4896 2104 4949 ali-

540 5000 694 5055 quem
720 4985 1009 5037 da'monem
1044 4993 1329 5038 moventem
1352 4985 1522 5047 illum,
1557 5002 1659 5039 non
1690 5001 1855 5038 unum
1888 5002 1952 5039 ea:
2007 4987 2108 5039 ad-

542 5072 755 5128 modum
786 5072 959 5140 malis,
989 5090 1094 5128 non
1118 5074 1331 5128 omnino
1360 5074 1753 5139 immateriatis,
1782 5092 1872 5129 nec
1896 5078 2106 5131 omnino

541 5163 711 5231 puris.
743 5163 1067 5218 Battuloruut
1094 5164 1258 5218 alium
1292 5164 1381 5217 alii
1415 5165 1747 5230 incumbere,
1792 5174 1852 5220 ut
1875 5165 1965 5220 ille
2001 5168 2109 5222 cri-

545 5260 764 5311 minans
785 5255 939 5323 dicit,
974 5259 1099 5324 deo,
1127 5258 1387 5319 Saturno,
1418 5254 1561 5319 Jovi,
1586 5256 1789 5321 Soli,et
1821 5258 1963 5314 aliis.

2212 4628 2432 4700 χρῶμα,
2464 4628 2796 4699 σπιθαμιαία
2825 4628 2881 4683 δέ
2904 4628 3003 4700 τὴν
3029 4630 3319 4700 διάμετρον
3348 4631 3488 4683 κατά
3522 4628 3770 4700 μέγεθος⁹

2213 4717 2329 4771 ἀλλ’
2363 4718 2529 4772 ἐνίοτε
2565 4718 2764 4789 μείζων
2802 4719 3015 4788 ἐγίνετο
3040 4719 3135 4772 καὶ
3160 4718 3421 4783 ἐλάττων,
3454 4719 3549 4772 καὶ
3574 4735 3772 4789 πορφυ·

2217 4808 2427 4879 ροειδὴς
2475 4810 2681 4864 ἄλλοτε.
2709 4812 2814 4863 Καὶ
2842 4809 3145 4881 γράμματα
3188 4808 3521 4875 ἀνέδειξενη
3556 4810 3679 4879 ἡμῖν
3716 4810 3774 4861 ἐν

2215 4900 2291 4968 τῷ
2322 4901 2456 4971 λίθῳ
2486 4903 2865 4973 γεγραμμένα,
2895 4900 3147 4972 χρώματι
3192 4900 3271 4972 τῷ
3319 4900 3636 4971 καλουμένῳ
3662 4917 3773 4969 τιγ-

2204 4992 2485 5065 γαϐαρίνῳ
2519 4993 3040 5064 κατακεχρωσμένα,
3071 4993 3165 5046 καὶ
3194 4995 3251 5046 ἐν
3273 4992 3441 5063 τοίχῳ
3464 4992 3525 5046 δὲ
3552 4992 3772 5061 ἐγκρούο

2205 5101 2305 5148 σας
2322 5100 2335 5115 ·
2364 5082 2432 5138 δι’
2450 5102 2525 5139 ων
2547 5083 2798 5138 ἀπεδίδου
2818 5084 2911 5136 τὸν
2939 5083 3268 5154 ζητούμενον
3290 5080 3369 5152 τῷ
3394 5081 3773 5151 πυνθανομένῳ

2204 5174 2484 5247 χρησμὸν,
2518 5176 2614 5227 καὶ
2646 5174 2831 5245 φωνὴν
2858 5174 3063 5243 ὴφίειττ
3108 5172 3306 5227 λεπτοῦ
3339 5174 3682 5245 συρίσματος,
3706 5173 3772 5241 ἢν

2203 5264 2517 5335 ὴρμήνευεν
2532 5267 2560 5318 6
2578 5262 3202 5335 Εύσέϐιος.Τερατολογή
3211 5281 3310 5327 σας
3323 5260 3417 5317 οὖν
3436 5264 3507 5319 τά
3520 5264 3770 5335 εἰρημένα

541 5348 569 5400 6
610 5346 893 5420 κενόφρων
948 5342 1102 5410 οὗτος
1152 5348 1248 5401 καὶ
1296 5347 1465 5417 μυρία
1514 5346 1650 5401 ἄλλα
1698 5350 2132 5426 παραλογώτερα
2158 5356 2288 5425 περὶ
2312 5354 2406 5408 τοῦ
2431 5355 2709 5426 βαιτύλου,
2743 5357 2974 5426 ἐπάγει*
3017 5354 3165 5426 Ἐγὼ
3180 5355 3298 5425 μὲν
3353 5355 3523 5425 ᾤμην
3567 5356 3767 5413 θειότε-

1843 5488 2089 5545 νΑῐίΙίΕ·
2113 5488 2514 5548 LECTIONES.

613 5602 664 5690 ‘.’.
691 5600 1014 5690 ἐπίοξικίὶίοξ
1040 5600 1100 5690 ιξτ
1131 5600 1391 5690 -,⁶’,φαεῑε
1408 5617 1508 5690 ᾖ,
1544 5601 1902 5690 ἷῖηθξράῖῑογῖι
1926 5622 1986 5668 ςο
2064 5609 2105 5638 ⁷·
2124 5609 2357 5690 Σεμέσης
2388 5610 2486 5690 Bs.
2510 5610 2739 5681 ἐμίσης
2760 5629 2830 5690 ,ς-
2942 5584 3317 5690 abdicem
3344 5629 3442 5690 _
3483 5613 3528 5690 ’ἶ
3559 5611 3647 5665 τοῦ
3673 5624 3769 5690 ςεο

545 5673 744 5749 addidi.
819 5671 865 5701 ⁷⁸
907 5669 1181 5741 ύτιήκουσε
1211 5688 1271 5734 ς.
1346 5669 1391 5700 ⁷⁸
1420 5669 1509 5722 τὸν
1544 5669 1693 5724 λίθον
1748 5672 1789 5724 Β
1827 5684 1881 5727 et
1933 5690 2077 5730 corr.
2113 5669 2199 5731 ΔΞ
2253 5669 2363 5730 τῶν
2407 5669 2669 5745 λίθων’ς.
2695 5669 2735 5681 ’⁷
2760 5669 2806 5715 ’ί
2845 5669 3149 5749 ἀνεδίδαξεῦ
3178 5683 3244 5736 Α.

551 5744 810 5813 μήνευσεν
850 5758 906 5804 ς.

3346 5682 3389 5714 τ’
3416 5682 3566 5752 ἀφίει
3593 5710 3658 5722 --
3677 5682 3769 5751 ἐρ-
