4104 6410
318 424 455 493 1.293
1357 421 1883 484 BIBLIOTHECA.
1911 420 2159 483 —COD.
2201 423 2470 506 ccxut.
3419 406 3560 496 test

309 555 426 609 ρον
465 533 621 592 εἷναι
661 536 728 589 τὸ
769 534 968 604 χρῆμα
990 534 1034 566 ⁷⁸
1073 533 1180 588 τοῦ
1213 534 1549 598 βαιτύλου,
1589 537 1622 587 ό
1661 532 1730 584 δὲ
1771 530 2072 599 Ἰσίδωρος
2111 532 2422 603 δαιμόνιον
2451 534 2691 605 μᾶλλον
2762 535 3004 607 ἔλεγεν·
3063 534 3214 594 εἶναι
3244 540 3354 611 γάρ
3390 583 3394 589 _
3427 563 3560 600 τινα

325 629 582 700 δαίμονα
609 629 715 681 τὸν
745 627 1030 680 κινοῦντα
1055 624 1262 689 αὐτὸν,
1289 626 1429 678 οὔτε
1454 623 1572 678 τῶν
1596 620 1911 690 βλαεερὼν
1947 621 2083 674 οὔτε
2111 622 2229 676 τῶν
2245 624 2399 694 ἄταν
2426 627 2769 696 προσύλων,
2797 629 2868 679 οὺ
2886 629 3093 696 μέντοι
3131 628 3249 691 τῶν
3309 634 3561 704 ἁνηγμέ-
3591 647 3596 650 ·

315 740 438 776 νων
474 725 560 786 είς
589 719 654 774 τὸ
684 720 876 774 60.101-
903 716 1062 785 εἶδος
1091 717 1233 772 οὐδὲ
1262 717 1382 771 τῶν
1407 717 1680 785 καθαρῶν
1720 713 2091 768 παντάπασι.
2125 716 2246 770 Τῶν
2277 717 2334 771 δέ
2409 719 2732 788 βαιτύλων⁷⁹
2797 722 2954 777 ἀλλον
3034 723 3178 794 ἄλλῳ
3220 726 3559 794 ἀνακεῖσθαι,
3620 729 3624 734 ’

313 814 389 877 ὡς
417 814 623 874 ἐκεῖνος
654 810 951 880 δυσφημῶν
978 809 1149 876 λέγει,
1187 807 1315 878 θεῷ,
1338 809 1552 878 Κρόνῳ,
1581 809 1683 868 Διὶ,
1701 805 1889 874 Ἡλίῳ,
1929 806 2038 868 τοῖς
2053 805 2099 837 ⁸ο
2137 807 2336 874 ἄλλοις.

387 907 514 960 Ὀτι
548 905 873 974 Μαξιμίνος,
919 905 1084 972 φησὶν
1129 903 1351 974 (Ἕλλην
1378 902 1424 957 δ’
1457 898 1609 965 οὗτος
1637 898 1705 972 ἦν
1732 902 1793 954 τὸ
1819 901 1900 952 σέ-

2077 901 2424 972 Maximinus,
2458 907 2652 977 inquit,
2699 907 2956 978 religione
2988 919 3102 964 eral
3135 911 3372 982 gentilis,
3394 910 3563 967 oculis

315 998 460 1070 ϐας),
489 996 585 1060 τὰς
619 995 780 1066 βολὰς
805 995 912 1048 τῶν
937 995 1200 1065 ὀμμάτων
1229 995 1465 1063 ἀφιεὶς⁸¹
1499 995 1639 1048 οὓτω
1666 994 1896 1063 φοϐερόν

2003 997 2135 1050 adeo
2168 999 2527 1066 terribilibus,
2556 1009 2613 1053 ut
2641 1001 2965 1056 intuentium
2980 1013 3324 1058 aversaretur
3353 1004 3560 1059 oculos.

315 1109 367 1142 τι
395 1090 491 1142 καὶ
519 1086 779 1158 βλαϐερὸν
813 1086 1102 1139 ἐνέϐλεπεν
1122 1087 1190 1150 ⁸⁸,
1219 1086 1358 1138 ὥστε
1391 1086 1500 1138 τῶν
1529 1084 1835 1153 ἐνορώντων
1851 1085 1896 1117 ⁸³

2010 1086 2175 1156 Cujus
2214 1087 2317 1142 sibi
2350 1091 2621 1158 conscius,
2641 1099 2698 1146 ut
2719 1092 3007 1161 plurimum
3036 1102 3258 1158 terram,
3289 1108 3393 1149 non
3421 1093 3563 1162 ipsos

317 1180 682 1248 ἀποστρέφειν
710 1178 810 1240 τὰς
852 1177 1034 1245 ὀψειςο
1068 1177 1160 1229 καὶ
1189 1177 1347 1230 τοῦτο
1375 1178 1573 1246 (φησὶν
1585 1177 1661 1247 ⁸⁸)
1693 1179 1898 1238 ἐκεῖνος

321 1272 576 1335 συνειδὼς
602 1269 780 1340 ἑαυτῴ
804 1269 874 1322 τά
899 1268 1070 1321 πολλὰ
1096 1270 1246 1322 κάτω
1271 1271 1362 1322 καὶ
1389 1272 1450 1322 οὑ
1483 1269 1618 1340 πρὸς
1651 1270 1778 1332 τοὺς
1814 1272 1898 1321 ἐν·

317 1364 680 1432 τυγχάνοντας
702 1361 947 1414 ἔϐλεπεν.
967 1357 1126 1412 Ἀλλὰ
1148 1360 1240 1412 καὶ
1265 1360 1474 1413 πολλῶν
1501 1354 1651 1423 οὗτος
1679 1358 1898 1428 φασμάο

319 1469 424 1506 των
452 1453 661 1520 ἐγίνετο
695 1451 910 1520 θεατὴς,
948 1450 1126 1512 ἄλλοις
1159 1452 1257 1520 οὐχ
1283 1451 1598 1520 ὁρωμένων.
1618 1450 1820 1512 Ἱκανὸς
1843 1450 1899 1502 δ’

318 1541 385 1614 ἦν
416 1545 507 1596 καὶ
535 1533 795 1610 δαίμονας
833 1543 1167 1610 ἐπιπέμπειν
1195 1541 1561 1611 φθοροεργοὺς
1582 1582 1596 1606 ,
1630 1543 1721 1593 καὶ
1745 1541 1900 1594 ἄλλο·

321 1632 412 1684 θεν
457 1633 941 1701 ἐπιπεμπομένους
989 1631 1414 1685 ἀναστέλλεινηδ.
1452 1630 1594 1700 Πλὴν
1623 1630 1900 1683 δυσσεϐῶν

321 1723 483 1785 ἀλοὺς
501 1722 545 1754 ⁸⁸
576 1723 715 1776 κατά
765 1723 824 1775 τὸ
875 1722 1166 1787 Βυζάντιον
1194 1723 1293 1791 τὴν
1319 1722 1407 1775 διὰ
1439 1721 1624 1791 ξίφους
1671 1723 1769 1775 οὐκ
1812 1721 1896 1784 ἐξ-

322 1816 489 1884 έφυγε
537 1814 710 1884 δίκην.
740 1812 874 1867 Οΰτε
907 1814 1196 1881 φιλόσοφον
1247 1813 1358 1884 βίον
1407 1815 1700 1883 ἐννοήσας,
1738 1813 1792 1866 εί
1815 1829 1900 1875 τις

321 1905 395 1959 ῶν
411 1906 454 1937 θ’
487 1905 596 1958 τῶν
627 1904 840 1956 πολλῶν
876 1904 1084 1974 ὑϐρίζει
1113 1903 1300 1972 ὕϐρεις
1328 1904 1426 1966 τὰς
1467 1903 1526 1970 ἐξ
1573 1902 1896 1973 ἀνθρώπων,

325 1997 585 2067 ’Δπειρος
610 1993 684 2047 ὢν
713 1995 820 2048 τῶν
847 1994 1161 2064 πληκτικῶν
1183 1993 1230 2026 ⁸⁸
1263 1993 1469 2047 τούτων
1521 1995 1615 2046 καὶ
1663 1994 1901 2046 ἀνιάτων

322 2087 763 2160 πραγμάτων.Ἦ
791 2086 1025 2156 ἀναϐολὴ
1059 2087 1376 2156 μακροτέρα
1396 2083 1545 2154 αὐτῷ
1574 2084 1764 2152 γέγονε
1794 2085 1902 2138 τῶν

321 2197 379 2233 τε
396 2179 443 2212 "
471 2179 552 2241 είς
579 2177 790 2247 Καρίαν
819 2177 913 2230 καὶ
937 2176 1045 2230 τῶν
1079 2176 1339 2246 Ἀθήναζε
1365 2176 1710 2230 σπευδουσῶν
1744 2176 1900 2229 ἐλπίο

1996 1175 2244 1232 homiues
2289 1178 2478 1233 obvios
2523 1181 2866 1249 respiciebat,
2906 1191 2960 1238 et
2990 1183 3151 1237 etiam
3207 1183 3372 1238 multa
3417 1181 3566 1237 vidit

1996 1268 2132 1334 visa,
2165 1285 2284 1338 qua:
2324 1271 2413 1324 alii
2453 1286 2556 1327 non
2591 1275 2867 1329 videbant.
2933 1275 3152 1330 Poterat
3183 1286 3238 1331 et
3289 1277 3564 1332 dmmones

1998 1359 2191 1414 noxios
2216 1361 2523 1427 immittere,
2550 1365 3119 1423 etaliundeimmissos
3142 1383 3412 1424 coercere.
3427 1368 3563 1424 Cum

2000 1452 2162 1517 impie
2207 1453 2334 1521 quid
2375 1465 2558 1525 ageret
2604 1457 2867 1527 Byzantii,
2915 1459 3078 1528 gladii
3126 1474 3283 1528 poena
3338 1458 3566 1514 affectus

1999 1552 2103 1607 est,
2137 1558 2235 1598 nec
2261 1545 2684 1615 pltilosophicam
2740 1548 2902 1600 vitam
2955 1548 3285 1617 intelligens,
3316 1550 3359 1602 si
3387 1551 3507 1618 quis
3533 1564 3566 1604 e

2002 1631 2344 1689 multitudine
2379 1635 2632 1705 injuriam
2681 1637 2729 1690 ei
2762 1637 2987 1691 inferret
3029 1637 3227 1709 359a
3283 1637 3567 1707 ignorabat

2000 1723 2177 1776 civilia
2209 1733 2262 1777 et
2286 1726 2469 1792 gravia
2530 1727 2765 1796 negotia.
2812 1727 3099 1782 Cunctatio
3135 1728 3343 1798 longior
3366 1731 3412 1784 ei
3443 1727 3562 1791 fuit,

2001 1825 2160 1880 quam
2193 1828 2316 1881 spes
2343 1814 2629 1870 festinandi
2661 1817 2713 1870 in
2742 1816 2957 1872 Cariam
2985 1818 3070 1872 vel
3100 1819 3342 1874 Athenas
3379 1817 3564 1874 ferret.

2007 1899 2171 1956 Venio
2205 1904 2273 1958 ad
2319 1904 2680 1973 precationes,
2719 1920 2857 1976 quas
2903 1907 2970 1962 ad
3024 1910 3180 1962 deum
3245 1907 3452 1972 habuit,
3511 1916 3569 1961 et

2002 1990 2242 2062 Cyllenia
2276 1994 2544 2062 tardante,
2562 2003 2614 2051 et
2645 1998 2856 2066 negotia
2885 1996 3188 2064 diﬂ'erente,
3219 1997 3354 2052 nihil
3392 1997 3568 2054 Isido-

2004 2097 2094 2135 rus
2121 2081 2366 2151 perfecit,
2390 2099 2618 2154 parcens
2663 2087 3067 2156 pretiosissima:
3089 2087 3192 2151 rei,
3229 2086 3383 2157 juxta
3441 2103 3568 2143 sen-

2005 2175 2226 2228 tentiam
2251 2176 2536 2244 sapientis,
2565 2178 2816 2246 tempori.
2855 2179 3056 2235 Vidcns
3091 2179 3354 2250 meipsum
3382 2179 3565 2235 divino

321 2271 447 2324 δων.
477 2240 586 2322 καὶ
609 2240 743 2338 πρὸς
777 2267 903 2322 θεοῦ
928 2240 1251 2338 λιπαρήσεις
1281 2267 1532 2339 ἔρχομαι.
1554 2268 1660 2322 Τοῦ
1679 2269 1725 2299 ⁹⁰
1751 2268 1898 2321 Κυλ-

2004 2263 2205 2318 lumine
2236 2240 2578 2332 illustratum,
2612 2240 2870 2335 quantam
2920 2278 3078 2338 putas
3110 2240 3276 2324 animi
3335 2283 3564 2325 conten-

321 2363 505 2432 ληνίου
538 2359 886 2430 βλακεύοντος
935 2362 1028 2413 καὶ
1068 2361 1135 2412 τά
1174 2361 1474 2431 πράγματα
1509 2360 1900 2424 ἀναϐάλλοντος

321 2454 473 2507 οὐδὲν
497 2453 685 2522 ἡνυτεν
712 2453 742 2504 ὁ
777 2451 1060 2521 Ἰσίδωρος.
1093 2452 1166 2504 Οὐ
1184 2453 1226 2484 ⁹¹
1255 2454 1576 2522 φεισάμενος
1607 2451 1701 2505 τοῦ
1733 2453 1898 2506 πολυ-

322 2546 642 2598 τελεστάτου
666 2543 744 2612 τῷ
783 2544 897 2596 ὄντι
933 2544 1341 2613 δαπανήματος,
1375 2545 1469 2597 τοῦ
1508 2545 1723 2614 χρόνου,
1760 2544 1902 2598 κατά

322 2637 413 2689 τὸν
448 2635 666 2688 εἰπόντα
695 2635 1068 2706 σοφόν.⁹ορῶν
1108 2637 1163 2688 δὲ
1210 2637 1447 2706 ἐμαυτὸν
1478 2636 1555 2706 τῷ
1599 2637 1727 2707 θείῳ
1765 2637 1903 2704 φωτὶ

325 2723 773 2794 περιρρεόμενον,
807 2725 922 2786 πῶς
970 2723 1070 2775 οίει
1107 2723 1310 2792 σφόδρα
1359 2723 1457 2792 τὴν
1505 2722 1680 2793 ψυχὴν
1708 2724 1900 2775 ἐτανυο

326 2817 628 2886 σκόμην⁹²ς
673 2815 942 2886 Ἐκμανὴς
969 2815 1276 2885 γενόμενος,
1303 2813 1506 2868 ἀνελὼν
1527 2815 1618 2867 τὸν
1646 2814 1900 2878 πέλεκυν,

327 2907 622 2979 ἀποτέμνει
652 2906 749 2977 τὴν
781 2907 940 2969 αὐτὸς
969 2907 1162 2960 ἐαυτοῦ
1199 2906 1562 2977 παιδοσπόρον
1587 2906 1770 2976 φύσιν.
1796 2906 1903 2960 Καὶ

328 2999 442 3066 ἐγὼ
473 2998 646 3051 ταῦτα
676 2997 984 3068 ἀπήγγειλα
1012 2999 1090 3068 τῷ
1119 2997 1374 3069 Ἰσιδώρῳ
1407 2999 1577 3069 σοφήν
1610 3015 1669 3050 τε
1699 2997 1796 3051 καὶ
1821 2997 1904 3051 έν-

331 3090 452 3144 θεον
480 3092 566 3142 ἀεὶ
583 3090 630 3121 ’³
659 3077 988 3159 προτείνοντι
1017 3090 1152 3160 πρὸς
1175 3091 1300 3152 τοὺς
1334 3089 1534 3157 μύθους
1571 3091 1695 3152 τοὺς
1732 3089 1904 3157 ίεροὺς

328 3182 522 3252 ἀκοήν.
562 3180 833 3251 Οίηθέντα
881 3183 1010 3250 περὶ
1051 3181 1131 3252 τῷ
1166 3179 1442 3250 σώματινδ
1488 3179 1812 3232 κινδυνεύειν
1834 3180 1902 3234 ⁸⁸.

341 3274 502 3327 Ἀλλά
533 3272 690 3326 τοῦτο
725 3273 822 3342 μὲν
859 3274 956 3341 τῆς
994 3273 1252 3336 ἰδιώτιδος
1281 3272 1388 3343 ἄρα
1419 3272 1616 3342 δεῖγμα
1633 3273 1680 3304 ³⁸
1713 3289 1904 3342 προαι-

333 3364 556 3434 ρέσεως.
576 3363 761 3431 Ὀλίγα
788 3365 907 3418 ἀντὶ
939 3363 1150 3416 πολλῶν
1189 3363 1489 3416 ἀποδιδόντι
1530 3362 1906 3434 χαρίσια.Ἐν-

331 3455 738 3524 αυστολούμεθα
768 3455 904 3526 πρὸς
934 3455 1032 3526 τὴν
1066 3455 1264 3522 Σάμον.
1296 3455 1368 3506 Τὸ
1401 3454 1558 3524 σῶμα
1582 3455 1625 3506 δ’
1648 3455 1903 3522 ἐφυσᾶτο,

331 3541 578 3596 κάτωθεν
628 3541 931 3611 ἀρξάμενον
981 3542 1088 3596 ἀπὸ
1135 3543 1242 3595 τῶν
1291 3540 1468 3594 ποδῶν
1522 3543 1624 3606 ἕως
1669 3543 1769 3612 ήδη
1800 3541 1907 3596 τῶν

2004 2357 2202 2409 tionent
2237 2355 2430 2411 fecisse
2458 2357 2481 2410 ?
2509 2357 2737 2413 Insanus
2769 2357 2944 2413 factus
2992 2374 3112 2413 cum
3143 2368 3308 2422 esset,
3341 2360 3566 2428 abrepta

2001 2447 2200 2508 set-uri,
2255 2447 2356 2501 sibi
2405 2447 2580 2502 virilia
2633 2455 2898 2516 amputat.
2929 2447 2994 2502 Et
3040 2462 3139 2519 ego
3189 2450 3304 2504 hac
3365 2448 3569 2503 Isidoro

2003 2537 2268 2598 Ittttttiuvi,
2299 2537 2391 2606 qui
2421 2552 2636 2606 semper
2681 2537 2976 2605 sapienter.
3011 2548 3065 2593 et
3120 2539 3338 2592 divinus
3394 2537 3569 2594 sacris

2002 2628 2341 2681 sermonibus
2388 2628 2638 2689 attendit,
2695 2641 2816 2681 cum
2868 2637 3083 2697 putaret
3131 2644 3191 2684 se
3230 2629 3295 2683 de
3338 2644 3570 2699 corpore

2005 2721 2318 2790 periclitari.
2344 2720 2453 2776 lloc
2477 2736 2603 2775 vero
2662 2723 2966 2792 exemplum
3021 2723 3254 2793 propria:
3280 2725 3571 2780 voluntatis

2004 2820 2106 2872 est,
2143 2810 2257 2863 hate
2284 2811 2422 2878 grati
2455 2810 2618 2865 animi
2650 2826 2801 2881 ergo,
2837 2825 3007 2880 pauca
3060 2827 3160 2882 pro
3208 2813 3392 2867 multis
3444 2813 3569 2868 red-

2004 2902 2170 2956 denti.
2205 2899 2599 2971 Navigahamus
2650 2902 2894 2969 Samum,
2927 2919 3126 2973 corpus
3153 2920 3283 2961 vero
3325 2906 3571 2962 tumebat

2004 3009 2031 3044 a
2078 2993 2303 3061 pedibus
2358 2993 2499 3046 infra
2531 2993 2814 3062 incipiens,
2857 3009 3026 3064 usque
3049 2997 3114 3050 ad
3151 2996 3366 3066 inguina
3389 3006 3444 3052 et
3481 3013 3571 3051 ve-

2007 3084 2168 3138 renda
2203 3084 2554 3152 ;consopitus
2585 3099 2702 3138 sum
2733 3085 2786 3139 in
2836 3087 2956 3140 navi
2989 3087 3224 3154 ;deinde
3266 3089 3316 3141 in
3366 3090 3572 3143 somnis

2007 3178 2237 3246 polluor,
2268 3176 2476 3242 vittam,
2525 3192 2734 3234 sacram
2771 3190 3003 3245 vestem,
3053 3182 3268 3247 stolam,
3298 3181 3453 3236 faciei
3501 3183 3573 3235 si-

2006 3267 2325 3333 mulacrum,
2347 3267 2589 3323 fasciam.
2609 3269 2837 3324 Tantum
2854 3271 3246 3341 philosophiam
3269 3274 3571 3327 audivimus

2005 3358 2273 3412 contemni
2295 3373 2563 3428 nunquam
2597 3359 2844 3426 Athenis,
2880 3376 3138 3430 quantum
3194 3365 3428 3419 vidimus
3487 3365 3569 3418 vi-

2011 3447 2246 3516 tuperari
2281 3449 2346 3502 ab
2379 3447 2567 3517 Ilegia.
2596 3449 2895 3506 Archiadas
2937 3453 3050 3522 (28)
3084 3463 3287 3522 patrem
3336 3465 3392 3509 et
3437 3453 3576 3510 alios

2010 3539 2208 3594 multos
2235 3543 2523 3608 superabat
2557 3556 2658 3595 non
2700 3557 2888 3612 parum
2937 3543 3155 3597 virtute.
3192 3543 3568 3614 Philosophica

333 3634 620 3704 βουϐώνων
664 3634 760 3688 καὶ
808 3636 907 3705 τῆς
953 3635 1154 3697 αἰδοῦς.
1204 3635 1621 3705 Κατεκοιμήθην
1669 3635 1760 3688 ἐπὶ
1809 3635 1900 3703 τῆς

2009 3632 2448 3698 minuscurabat,
2475 3643 2727 3702 tanquam
2781 3635 2917 3689 adeo
2961 3635 3195 3705 ineptus,
3228 3646 3451 3707 propter
3477 3652 3574 3704 pa-

338 3723 498 3787 νεὼς,
533 3723 627 3777 καί
672 3743 786 3787 πως
819 3725 1265 3796 ἀφροδισιάζομαι
1297 3729 1409 3788 τοῖς
1454 3725 1711 3795 ὀνείρασι.
1750 3727 1900 3797 Κρή-

2005 3724 2317 3779 trimonium
2349 3724 2656 3790 hlandiens,
2690 3725 2795 3780 vita
2845 3726 2967 3794 pius
3021 3726 3066 3780 si
3092 3728 3214 3793 quis
3252 3727 3414 3783 alius.
3468 3727 3576 3782 Eu-

335 3812 530 3882 δεμνον
548 3814 616 3878 ’⁷,
643 3813 939 3882 φωσώνιον,
967 3813 1204 3884 ὁρὰριον,
1236 3814 1390 3885 ρῳνη
1419 3813 1706 3884 προσώπου
1734 3815 1900 3882 ἐκμα-

2003 3813 2203 3882 pithius
2249 3814 2580 3882 ingeniosior
2635 3824 2775 3879 erat,
2827 3815 3069 3870 moribus
3127 3827 3304 3870 tamen
3360 3818 3573 3883 idiota;

335 3909 505 3972 γείον,
564 3904 931 3974 ἡμιτύϐιον⁹⁹.
979 3905 1070 3968 Είς
1125 3904 1377 3959 τοσοῦτον
1435 3905 1544 3975 γὰρ
1589 3905 1900 3974 ἀκηκόαμεν

2003 3904 2108 3957 imo
2145 3904 2307 3956 etiam
2356 3904 2518 3957 idiota
2551 3912 2604 3959 et
2649 3904 2951 3974 simplicior
2995 3925 3008 3960 :
3063 3905 3386 3962 imbecillum
3429 3908 3576 3964 illius

333 3996 649 4066 φιλοσοφίαν
689 3996 813 4067 [568
835 3996 868 4051 b
892 3996 984 4069 H.]
1014 3996 1516 4068 καταφρονηθεῖσαν
1541 3997 1658 4050 οὐδὲ
1685 3995 1898 4050 πώποτε

2003 4002 2122 4048 erat
2173 4007 2389 4062 corpus,
2419 4002 2473 4046 et
2511 4009 2615 4049 non
2672 3994 2896 4048 multum
2939 4010 2968 4049 a
3023 4005 3194 4049 morte
3247 3997 3572 4063 sejunctum.

345 4086 655 4158 Ἀθήνῃσιν,
676 4088 800 4140 ὅσον
823 4089 1141 4160 ἑωράκαμεν
1162 4089 1564 4160 ἀτιμαζομένην
1584 4089 1673 4142 ἐπὶ
1691 4089 1896 4156 Ἡγίου.

2003 4082 2095 4136 llic
2121 4085 2337 4152 quidem
2373 4085 2552 4137 statim
2581 4099 2724 4153 aagre
2749 4086 2953 4139 audivit
2983 4085 3382 4152 defensioaem,
3417 4095 3570 4156 quasi

336 4177 501 4250 [1065
531 4177 625 4250 3.]
654 4178 711 4232 Ὀ
741 4179 798 4231 δὲ
829 4179 1191 4250 Ἀρχιάδαςω
1215 4181 1275 4233 τὸ
1308 4181 1407 4250 μὲν
1431 4180 1550 4234 ὅλον
1572 4179 1664 4232 τοῦ
1695 4179 1899 4249 πατρὸς

2003 4175 2111 4242 spei
2149 4173 2291 4228 illius
2346 4175 2629 4227 consilium
2692 4174 2999 4243 speciosum
3057 4190 3162 4229 non
3203 4175 3569 4232 satisfaceret.

335 4269 438 4322 οὑκ
466 4269 632 4339 ὀλίγῳ
665 4265 732 4341 ἦν
759 4269 1030 4340 διαφέρων
1060 4273 1152 4324 καὶ
1191 4269 1398 4324 πολλῶν
1427 4269 1598 4324 ἀλλων
1621 4270 1640 4301 ³
1667 4271 1746 4332 είς
1772 4271 1900 4338 ἀρε-

2003 4263 2151 4317 Talia
2183 4263 2350 4318 multa
2375 4264 2564 4317 dicens
2606 4273 2659 4318 et
2691 4264 2971 4332 occinens,
3028 4267 3296 4335 persuasit
3337 4266 3576 4323 Marinus

335 4360 456 4428 τὴν,
487 4359 556 4412 τά
607 4360 664 4412 δὲ
710 4361 791 4422 είς
842 4359 1156 4428 φιλοσοφίαν
1200 4361 1397 4426 ἄγοντα
1427 4356 1772 4427 παρειμένος,
1803 4357 1899 4410 ἅτε

2003 4356 2340 4424 lsidnro(29)
2367 4365 2425 4409 ut
2475 4357 2738 4424 reciperet
2782 4357 3057 4410 decretum
3106 4357 3174 4412 de
3209 4360 3574 4424 successione,

338 4451 476 4520 πρὸς
518 4449 687 4504 ταῦτα
731 4451 1010 4518 ἀνάγωγος
1039 4449 1114 4503 ῶν
1161 4450 1248 4503 διὰ
1289 4448 1384 4518 τὴν
1411 4449 1510 4501 οὐκ
1541 4447 1900 4501 ἀκολάκευτον

2009 4455 2062 4499 et
2090 4460 2374 4500 successor
2404 4456 2620 4500 creatus
2654 4457 2758 4512 est,
2784 4447 2998 4501 nomine
3060 4449 3227 4516 tnagis
3291 4465 3455 4518 quant
3491 4465 3578 4504 re-

336 4540 598 4612 πατρῴαν
622 4540 826 4603 οὐσίαν,
864 4541 1014 4610 ἱερὰν
1058 4541 1114 4594 δὲ
1155 4541 1300 4608 ζωὴν
1329 4537 1787 4608 προϐεϐλημένος,
1825 4538 1900 4590 εί-

2012 4539 2150 4606 ipsa,
2175 4536 2465 4590 Platonica
2499 4537 2780 4592 doctrinae.
2807 4537 2958 4604 Quod
2992 4539 3037 4592 si
3067 4539 3302 4593 divinior
3359 4554 3443 4594 res
3468 4550 3574 4603 est,

335 4649 446 4702 περ
472 4649 554 4695 τις
577 4632 777 4702 ἔτερος.
795 4631 854 4684 '0
882 4632 980 4701 μὲν
1002 4631 1094 4685 οὖν
1115 4631 1398 4692 Εὑπείθιος
1420 4629 1777 4699 εὐφυέστερος
1805 4629 1900 4699 μὲν

2013 4640 2067 4682 ut
2097 4639 2150 4682 tu
2187 4629 2290 4690 ais,
2338 4626 2527 4698 Hegia,
2561 4627 2758 4701 3&90
2809 4629 3046 4701 (dicebat
3088 4629 3158 4684 illi
3192 4628 3450 4699 Isidorus)
3490 4645 3577 4684 sa-

335 4724 572 4792 ἐγένετο,
592 4723 660 4777 τά
687 4723 744 4776 δὲ
767 4721 873 4794 ἢθη
897 4723 1318 4793 ἐπισεσυρμένος
1341 4721 1419 4785 είς
1447 4720 1774 4790 ίδιωτισμδν,
1799 4719 1897 4790 ἤδη

2005 4721 2296 4778 cerdotalis
2358 4723 2793 4787 administratio,
2849 4723 2987 4777 idem
3038 4737 3137 4794 ego
3195 4722 3433 4789 alllrmo;
3479 4724 3576 4779 sed

1654 4873 1890 4930 VARIE
1931 4875 2338 4935 LECTIONES.

411 4998 455 5028 το
495 5017 525 5028 υ
536 4998 593 5028 ...τ

417 5013 455 5028 ὀ
495 5016 720 5068 χρησμα
755 5017 813 5064 ς.
889 5013 1042 5050 ⁷’τον
1081 5013 1138 5051 οε
1173 5013 1416 5067 ραιτυλον
1437 5013 1498 5050 υ.
1573 5013 1618 5028 "
1653 5013 1764 5059 τοις
1797 5013 1838 5050 Α
1875 5013 2131 5062 εκαιτοις
2160 5017 2220 5063 ς.
2257 5013 2377 5068 post
2407 5013 2586 5059 αΑΑοις
2613 5013 2720 5065 mg.
2753 5013 2792 5048 Α
2826 5013 2840 5048 :
2873 5013 3003 5066 περι
3028 5013 3272 5049 τοιουτου
3298 5013 3385 5049 οαι
3430 5013 3574 5047 ονιου

337 5068 740 5159 ἡκουσαρκάγὼ
768 5072 825 5120 ἐν
872 5069 1079 5122 Ἐλλάδι
1121 5069 1272 5149 ⁸ῖξαρά
1309 5067 1416 5119 τῶν
1450 5070 1507 5119 ἐν
1535 5069 1647 5128 τοῖς
1682 5066 1774 5119 τοῦ
1824 5067 2107 5139 Παρνασοῦ
2150 5069 2386 5190 repeat»
2420 5067 2814 5152 ἐμφαινομένου
2835 5079 2849 5095 ⁵
2883 5068 3010 5136 περὶ
3035 5061 3097 5121 οὗ
3129 5067 3223 5119 καὶ
3252 5013 3429 5150 Est-:9:
3455 5082 3577 5118 τινα

338 5139 742 5190 παραδοξότερα
769 5139 973 5190 ἔλεγον.
1000 5154 1208 5190 σιωπης
1231 5137 1353 5190 ἀξια
1380 5137 1576 5190 μᾶλλον
1598 5136 1630 5190 ἢ
1655 5137 2003 5190 ἀφηγήσεως.
2078 5136 2120 5168 ⁸⁸
2189 5137 2326 5190 total;
2352 5152 2457 5188 om.
2486 5137 2546 5188 (..
2624 5137 2670 5169 ⁶¹
2698 5134 2992 5188 ἀνέϐλεπεν
3016 5153 3076 5190 ς.
3153 5135 3198 5168 ⁸³
3229 5135 3480 5190 ὁοωντων
3513 5133 3574 5188 Il.

338 5133 742 5216 παραδοξότερα
769 5139 973 5216 ἔλεγον,
1000 5133 1353 5216 σιωπῆςάςια
1379 5137 1583 5216 μᾶλλον
1598 5136 1638 5216 ἢ.
1653 5133 2003 5216 ἀφηγήσεως.
2036 5136 2120 5216 ﬁ"
2150 5133 2326 5216 ἀφιεὶς
2344 5133 2463 5216 Δοηιέ
2486 5133 2546 5188 C.
2624 5133 2996 5216 ⁸¹ηάνέϐλεπεν
3016 5153 3091 5216 ς..
3153 5135 3198 5168 ⁸³
3229 5133 3480 5216 δρώντων
3513 5133 3574 5188 Il.

339 5207 384 5236 “
416 5199 581 5275 φησιν
613 5207 652 5258 Β
678 5199 696 5260 Ξ
719 5199 880 5274 φασὶν
907 5225 966 5271 ς.
1037 5208 1085 5239 ³⁵
1115 5199 1391 5259 ἀνατέλλει
1411 5223 1470 5270 ς.
1492 5274 1516 5284 η
1539 5207 1586 5237 ⁸⁸
1617 5199 1798 5277 ἀλόὺξ]
1829 5199 2003 5268 ἄλλως
2036 5204 2094 5259 Β.
2170 5199 2212 5238 '7'
2240 5206 2410 5285 ('1th;
2434 5199 2500 5275 ἦν
2526 5221 2585 5268 ς.
2661 5204 2707 5235 ⁸⁸
2726 5199 3039 5274 πληκτικῶν
3066 5206 3148 5260 A:
3183 5199 3474 5259 πολιτικῶν
3514 5220 3575 5266 ς.

340 5277 386 5305 Β.
421 5294 477 5305 ἰ-
525 5283 543 5305 ι
595 5297 607 5305 .
642 5277 758 5305 ,λι-ρ
809 5295 844 5305 ρ
960 5278 1006 5305 90
1036 5275 1128 5305 ,λδ
1172 5275 1198 5305 Α
1250 5293 1263 5304 ο
1306 5279 1391 5305 ..-ἱ
1425 5292 1519 5305 ,Αιι
1553 5292 1591 5305 ι-
1702 5275 1746 5305 ’ί
1789 5276 1847 5305 ΩΑ..
1885 5277 1982 5305 an...
2045 5275 2072 5305 Α
2194 5277 2240 5305 ,ί
2281 5275 2458 5305 ιιιηίιηι
2489 5273 2866 5305 ινηιιιιρυληαιη
2961 5275 3006 5305 η
3030 5275 3111 5305 ληὶ
3156 5290 3241 5305 nm
3311 5274 3348 5305 Ω
3442 5273 3491 5305 ’δ
3517 5274 3575 5305 ολ

340 5277 386 5308 ⁸⁵
421 5273 488 5328 τε
512 5283 549 5329 Α
595 5297 608 5331 :
641 5273 760 5328 τότε
806 5295 865 5340 ς.
960 5278 1006 5308 ⁸⁸
1036 5275 1128 5328 τοῦ
1165 5275 1205 5327 Α
1250 5293 1263 5328 :
1306 5279 1396 5328 καὶ
1425 5274 1519 5327 τοῦ
1553 5292 1612 5338 ς.
1702 5275 1746 5306 ⁹¹
1782 5273 1847 5327 οὐ
1884 5277 2004 5328 add.
2036 5275 2101 5327 Δ.
2194 5277 2240 5307 ⁹¹
2281 5273 2465 5328 malint
2489 5273 2887 5344 ἐγανυσκόμην.
2961 5275 3006 5307 ⁸⁸
3029 5275 3115 5329 ἀεὶ
3155 5290 3264 5330 om.
3307 5274 3367 5328 Β.
3442 5273 3491 5305 ⁸⁵
3517 5274 3580 5324 τὸ

343 5345 500 5412 σῶμα
537 5364 596 5412 ς.
673 5347 717 5378 ’⁸
744 5345 1126 5415 κινδυνεύσειν.
1165 5344 1300 5415 ἀλλά
1319 5344 1494 5415 τούτῳ
1521 5343 1582 5397 Β.
1654 5345 1702 5376 ⁵⁸
1733 5343 1840 5415 ἀρα
1871 5344 2074 5415 δεῖγμα
2096 5343 2142 5415 Α
2179 5360 2194 5396 :
2227 5343 2663 5415 napdoewpag.
2765 5345 2808 5415 ⁸7
2840 5343 3160 5415 κρήδεμνον.
3257 5345 3305 5378 ’⁸
3332 5340 3531 5415 ριρ¹ᾼο
3560 5357 3576 5393 :

340 5395 614 5495 φείρξςξδ
647 5419 724 5495 ρει,
747 5395 1138 5495 eaeeae...
1171 5413 1204 5495 ᾖ
1238 5395 2006 5495 ea;eastwaanaga
2040 5395 2690 5495 ’ῃέιειίίιλςξηωρεέιι.ιεῡέε
2744 5480 2766 5495 ,
2791 5395 3576 5495 ’ξᾖμιτῦϐιέννοῳ.ῃὶὶξηὴμι-

341 5485 616 5565 stimet/)1
635 5479 862 5565 τύμϐεον
893 5487 958 5538 Α.
1037 5479 1204 5565 "id.
1239 5479 1510 5565 §uidas.v.
1535 5482 1822 5565 'Afxtd‘o‘as
1843 5483 2200 5565 οινξυπείθιος
2234 5495 2284 5536 et
2310 5479 2516 5565 1111a,:
2537 5485 2723 5565 {unde
2744 5479 2995 5565 Lgicliius
3021 5499 3074 5552 p.
3095 5482 3193 5539 XX
3233 5485 3263 5538 ὁ
3291 5483 3348 5539 δὲ
3384 5479 3580 5549 Ἦγίας

888 5001 933 5032 ’³
951 5000 1042 5050 τὸν
1081 4999 1138 5051 δέ
1173 4997 1416 5068 βαίτυλον
1436 4997 1498 5050 Β.
1573 4997 1618 5028 ⁸ο
1653 4999 1767 5068 τοῖς
1797 4997 1888 5068 Α)
1915 4997 2131 5062 καὶτοῖς
2160 5017 2220 5063 ς.
2257 5007 2377 5068 post
2407 4996 2586 5068 ἄλλοις
2613 5011 2720 5068 mg.
2753 4997 2792 5048 Α
2826 5012 2840 5048 :
2873 4995 3003 5066 περὶ
3028 4995 3276 5068 τοιούτου
3298 4995 3574 5068 δαιμονίου
3647 4987 3684 5014 τ’

341 5553 406 5606 τὸ
437 5551 546 5624 μὲν
570 5551 688 5608 ὅλον
707 5551 804 5607 τοῦ
841 5555 1045 5625 πατρὸς
1085 5554 1364 5624 Ἀρχιάδου
1399 5552 1519 5606 οὐκ.
1595 5553 1616 5585 ³
1647 5551 1856 5605 πολλῶν
1887 5551 2083 5624 ἄλλων]
2107 5555 2217 5606 τῶν
2245 5553 2455 5606 πολλῶν
2484 5552 2678 5608 Suidus
2706 5567 2758 5606 v.
2793 5551 3099 5618 Εὐπείθιος.

1897 5685 2120 5741 NOTAE.

416 5779 530 5852 (28)
563 5783 822 5840 Arcltidas
845 5785 1030 5855 Ilcgia.
1069 5785 1205 5840 Vide
1231 5783 1470 5838 Suidatn.
1501 5791 1508 5794 ‘

2091 5778 2203 5850 (29)
2237 5778 2424 5834 Marini
2455 5793 2736 5835 successor
2759 5776 3014 5833 Isidorus.
