4104 6398
534 433 673 500 1295
814 414 817 417 ’
1675 427 1941 489 PHOTII
1983 422 2493 485 PATRIARCHRE
2533 424 2641 481 cc.
3654 414 3791 479 1296

525 552 758 619 primum
794 547 1052 619 homines
1100 562 1224 604 esse
1271 549 1400 604 deos
1446 547 1660 601 futuros
1730 556 1954 598 necesse
1996 549 2099 595 est.

2217 540 2293 594 5ὲ⁸
2324 540 2417 594 καὶ
2460 538 2804 609 ἀτοπώτερον
2847 538 2984 607 ἔχων
3034 537 3068 608 ἢ
3114 536 3233 590 κατ’
3270 532 3791 605 ίδιώτην.’Λσθενών

526 642 757 714 Ideoque
787 653 841 698 et
868 643 1020 698 Plato
1041 642 1177 698 dixit
1206 641 1380 710 majus
1399 643 1595 694 honum
1621 637 1826 694 homini
1855 635 2106 690 accidere

2217 630 2368 693 ιύτδς
2400 628 2462 682 τδ
2501 626 2663 699 σῶμα
2711 628 2805 681 καὶ
2842 628 2904 680 οὐ
2938 626 3130 699 πόρρω
3161 627 3351 679 τείνων
3374 624 3709 679 θανάτου.“0
3735 622 3791 675 δὲ

526 749 631 789 non
664 711 844 803 posse,
910 748 1073 803 quam
1123 730 1544 802 philosophiam.
1587 729 1693 784 Sed
1747 727 1853 783 hoc
1882 726 2106 796 contigit

2217 719 2341 791 πρὸς
2376 718 2476 789 μὲν
2499 718 2562 771 τὸ
2596 717 2909 788 παραυτίκα
2940 714 3218 786 δυσχερῶς
3238 715 3437 784 ἤκουσε
3468 713 3567 783 τῆς
3596 711 3794 765 ἀπολο-

522 840 668 881 nunc
691 833 839 881 stare
878 825 989 897 (30)
1021 825 1073 879 in
1102 825 1239 887 acie,
1268 839 1371 878 non
1413 824 1712 884 novaculae,
1761 820 1855 875 sed
1903 818 2104 872 ultimze

2217 812 2327 881 ria;
2350 852 2366 877 ,
2402 811 2497 866 ἆτε
2536 810 2624 884 [δὴ
2641 809 2685 883 ⁸]
2729 808 2803 880 μὴ
2838 810 2957 862 κατ’
2993 807 3216 869 ἐλπίδας
3259 805 3406 877 αὐτῷ
3440 804 3791 876 πραττούσης

529 934 720 974 revera
743 895 1064 974 senectutis.
1091 914 1381 987 lgnorabat
1410 931 1468 973 se
1500 915 1717 986 aggredi
1740 914 1804 967 ad
1827 914 2102 981 corrigen-

2217 904 2302 974 ιῆς
2336 901 2684 973 ἀγαθοειδοῦς
2721 898 3117 972 προαιρέσεως.
3146 897 3388 951 Τοιαῦτα
3417 896 3591 950 πολλά
3620 895 3792 962 λέγων

525 1008 626 1063 das
657 1022 743 1065 res
785 985 1197 1063 incnrabileset
1253 1006 1643 1077 nequissimus,
1697 1003 1829 1058 nihil
1862 1002 2095 1071 amplius

2217 1013 2269 1049 τε
2308 995 2402 1049 καὶ
2438 994 2650 1065 ἐπᾴδων
2680 992 2863 1046 ἔπεισε
2894 993 2988 1046 τὸν
3021 992 3295 1077 Ἰσίδωρον.
3319 992 3347 1043 ὁ
3377 988 3615 1058 Μαρίνος
3639 985 3793 1051 δέξα-

534 1113 661 1153 vero
691 1099 939 1168 profecit.
962 1098 1099 1153 Vere
1130 1098 1370 1161 ineunte,
1415 1106 1628 1150 mortuo
1671 1092 1906 1157 Marino,
1936 1091 2105 1144 voluit

2217 1087 2338 1140 σθαι
2369 1086 2429 1138 τὸ
2458 1086 2718 1155 ψήφισμα
2747 1085 2846 1153 τῆς
2872 1084 3126 1155 διαδοχῆς
3146 1100 3160 1113 ·
3195 1084 3289 1136 καὶ
3319 1079 3594 1150 ἐψηφίσθη
3621 1078 3797 1131 διάδο·

531 1190 768 1244 Isidorus
794 1190 1038 1244 Athenas
1086 1190 1341 1242 deserere
1368 1201 1383 1252 ;
1427 1185 1682 1239 monebat
1716 1196 1894 1239 autem
1922 1183 2107 1255 Syria-

2217 1195 2302 1249 χος
2325 1177 2409 1231 ἐπ’
2436 1177 2705 1245 ἀξιώματι
2732 1177 2931 1247 μᾶλλον
2952 1177 2985 1247 ἦ
3011 1176 3297 1247 πράγματι
3320 1173 3421 1243 τῆς
3440 1169 3795 1255 Πλατωνικῆς

529 1294 659 1335 num
707 1286 763 1333 et
806 1277 1026 1348 Hegiam
1081 1274 1346 1341 Isidorus,
1392 1288 1553 1343 quam
1611 1253 1977 1328 necessarium
2012 1271 2104 1334 sit,

2217 1268 2533 1339 εξηγήσεως.
2582 1265 2648 1321 El
2700 1267 2757 1320 δὲ
2792 1266 3068 1339 θειότερον
3117 1266 3305 1337 χρῆμα
3329 1307 3344 1331 ,
3383 1262 3458 1327 ὡς
3494 1264 3558 1315 σὺ
3591 1262 3723 1333 φῂς,
3751 1253 3795 1313 ὦ

529 1371 931 1446 philosophiam
960 1368 1228 1423 labentem
1262 1366 1571 1420 restituere.

2217 1359 2393 1430 Ἠγία,
2441 1359 2598 1427 ἔλεγε
2653 1361 2790 1429 πρὸς
2842 1358 3005 1413 αὑτὸν
3054 1360 3083 1412 ὁ
3124 1358 3413 1426 Ἰσίδωρος,
3456 1357 3489 1425 ή
3546 1352 3795 1423 ίερατικὴ

528 1474 902 1546 πραγματεία,
930 1471 1072 1543 φημὶ
1107 1472 1205 1541 μὲν
1227 1469 1386 1524 τοῦτο
1410 1466 1595 1537 κάγώ·
1622 1466 1757 1521 ἀλλά
1782 1466 1997 1538 πρῶτον
2026 1466 2346 1539 ἀνθρώπους
2369 1465 2621 1533 γενέσθαι
2647 1464 2771 1526 τοὺς
2793 1458 3085 1530 ἐσομένους
3146 1454 3299 1514 θεοὺς
3322 1451 3421 1505 δεῖ.
3485 1447 3583 1500 Διὰ
3606 1445 3798 1546 *τοξτθ

532 1541 628 1624 καὶ
653 1541 934 1625 δῚΠλάτων
1144 1567 1219 1638 μὴ
1252 1564 1427 1619 ἐλθεῖν
1458 1566 1535 1628 είς
1568 1562 1885 1634 ἀνθρώπους
1920 1563 2105 1633 μεῖζον
2141 1563 2348 1632 ἀγαθὸν
2380 1561 2716 1631 φιλοσοφίας.
2772 1555 2933 1610 Ἀλλά
2972 1552 3130 1607 τοῦτο
3176 1546 3490 1618 συμϐέϐηκε
3569 1541 3666 1596 νῦν
3706 1541 3798 1598 ἐπὶ

530 1663 693 1738 ξυροῦ
730 1663 945 1718 ἑστάναι
969 1661 1031 1717 οὐ
1068 1661 1169 1731 τῆς
1211 1660 1425 1731 ἀκμῆς,
1455 1659 1547 1714 τοῦ
1575 1662 1632 1715 δέ
1663 1662 1894 1731 ἐσχάτου
1920 1661 2103 1731 γήρως
2141 1661 2215 1725 ὡς
2245 1655 2788 1732 ἀληθῶς.Ἐλάνθανε
2838 1653 2894 1706 δέ
2940 1647 3131 1703 ἐαυτὸν
3194 1638 3796 1738 ἀνίαταθῂπράγ-ματι

671 1757 861 1829 πόρρω
903 1728 1206 1826 μοχθηρίας
1257 1728 1678 1823 προϐεϐηκότατ
1728 1728 2139 1824 ’διορθώσασθαι
2214 1728 2540 1824 ἐπιχειρῶν·
2578 1747 2781 1820 ῆνυτεε
2826 1745 2883 1799 δέ
2918 1742 3069 1797 οὐδὲν
3098 1738 3228 1793 ἐπὶ⁹
3258 1728 3669 1829 πλέονῙΗριΔδὲ

529 1824 1185 1922 χομένῳνίτοῦῖΜαρίνου
1233 1847 1296 1899 τὸ
1338 1847 1496 1918 σῶμα
1543 1846 1919 1910 ἀπολιπόντος,
1958 1846 2275 1900 ἐϐουλεύετο
2310 1847 2409 1910 τὰς
2447 1845 2678 1915 Ἀθήνας
2712 1840 3000 1896 ἀπολιπεῖν
3031 1836 3060 1889 ὁ
3132 1831 3423 1901 Ἰσίδωρος.
3460 1825 3701 1898 Παρῄνει
3740 1824 3795 1878 δέ

530 1952 793 2019 Συριανδν
816 1948 907 2000 καὶ
941 1945 1135 2015 Ἡγίαν
1160 1945 1190 1997 ὁ
1229 1944 1499 2015 Ἰσίδωρος
1543 1943 1618 2007 ὡς
1650 1944 1825 2016 χρεὼν
1863 1944 1948 2014 εἴη
1992 1944 2307 2012 φιλοσοφίαν
2346 1943 2720 2016 ύπορῤέουσαν
2759 1932 3162 1992 ἀνασώσασθαι.

534 2039 666 2105 ρυω
718 2036 885 2093 verbis
934 2047 1124 2091 ornata
1175 2037 1539 2105 praetermissa
1579 2046 1739 2107 sunt,
1785 2054 1846 2092 ea
1905 2053 2109 2091 necesse

2217 2041 2374 2093 Ὀσα
2395 2037 2664 2107 παρεῖται
2697 2036 2738 2066 ¹⁰
2765 2032 2973 2107 χρεὼν.
3013 2028 3142 2093 ταῖς
3187 2021 3463 2107 ἐκλογαῖς
3509 2017 3798 2074 συντετά-

905 2115 980 2160 (δι
1002 2123 1118 2159 cum
1162 2107 1419 2174 excerptis
1470 2105 1738 2176 conjungi.

602 2199 707 2257 Per
733 2209 904 2253 artem
944 2195 1232 2267 quamdam
1267 2196 1510 2261 dubiam,
1543 2205 1597 2250 et
1639 2206 1792 2250 extra
1822 2192 2111 2249 humamm

535 2308 690 2364 spem
718 2278 1107 2354 constitutam,
1154 2288 1210 2343 in
1260 2288 1486 2343 secretis
1529 2302 1725 2344 arcana
1760 2301 1860 2357 pro
1893 2302 1951 2340 se
1983 2287 2114 2356 ipsis

535 2383 730 2440 divinae
758 2382 872 2451 Spei
899 2389 1221 2451 quaerentes,
1251 2390 1307 2434 et
1341 2394 1437 2449 pro
1469 2377 1592 2434 aliis
1627 2377 1917 2450 Egyptiis,
1949 2378 2115 2434 totius

535 2474 763 2530 ordinis.
798 2472 903 2528 Sed
944 2472 1070 2527 hinc
1108 2471 1353 2527 alicunde
1389 2485 1419 2524 a
1462 2471 1625 2526 tertio
1651 2484 1795 2536 ortu,
1832 2471 1925 2541 qui
1967 2471 2114 2525 circa

537 2566 797 2621 mundum
845 2570 930 2619 est
980 2563 1146 2633 ligare
1210 2562 1389 2617 funem
1447 2572 1713 2617 revocata:
1769 2563 2113 2618 servationis.

538 2659 773 2713 Severus
802 2655 1061 2726 patricius
1098 2652 1377 2709 Romanus
1410 2664 1465 2709 et
1505 2652 1610 2708 alia
1647 2653 1903 2708 narrabat
1941 2653 2111 2707 multa

537 2752 878 2807 Alexandria:
930 2763 1115 2818 agens,
1151 2756 1205 2802 et
1252 2746 1484 2818 lapidem
1523 2762 1584 2802 se
1632 2748 1850 2812 vidisse,
1905 2746 1957 2801 in
2008 2760 2115 2816 quo

540 2842 680 2896 tunc
711 2848 865 2895 erant
891 2848 1161 2893 mutantes
1184 2836 1332 2891 varie
1352 2838 1578 2891 formam
1605 2838 1898 2891 secundum
1921 2834 2113 2900 solem,

537 2933 862 3004 quandoque
909 2936 1237 2992 crescentes,
1279 2928 1546 2983 interdum
1588 2928 1999 2991 decrescentes;
2033 2927 2115 2981 la-

538 3024 649 3094 pidi
682 3024 795 3092 ipse
826 3022 992 3076 etiam
1024 3019 1107 3074 sol
1130 3019 1324 3073 inerat.
1356 3016 1511 3074 Unde
1538 3018 1788 3072 dicuntur
1821 3017 1873 3071 hi
1912 3017 2116 3086 lapides

540 3113 808 3185 synotlitae
840 3110 1022 3167 vocari
1058 3127 1072 3165 :
1100 3119 1155 3165 et
1189 3108 1324 3164 dixit
1357 3124 1415 3164 se
1440 3109 1600 3163 etiam
1625 3108 1854 3163 sularem
1886 3109 2113 3178 lapidem

540 3198 766 3263 vidisse,
800 3212 904 3251 non
947 3195 1159 3266 qualem
1198 3196 1350 3252 multi
1393 3198 1645 3264 vidimus,
1695 3197 1873 3252 radios
1905 3214 1970 3251 cx
1999 3214 2117 3253 sese

540 3304 737 3345 aureos
763 3288 1152 3355 etl'undentem,
1181 3288 1277 3344 sed
1310 3289 1516 3342 discum
1551 3287 1679 3343 solis
1714 3289 1884 3343 forma
1918 3290 1971 3342 in
2001 3306 2116 3345 me-

2571 2110 2706 2177 χθαι
2758 2097 3154 2159 ἇιῖιλλιέπειαν
3201 2097 3439 2165 ἔχοντα.

2282 2202 2381 2255 Διά
2420 2199 2668 2273 μηχανῆς
2698 2212 2844 2259 τινος
2897 2192 3100 2265 ἀπόρου
3149 2187 3245 2243 καὶ
3276 2182 3627 2257 ἀνθρωπίνης
3649 2180 3800 2234 ἐλπίο

2211 2294 2299 2357 δος
2322 2291 2427 2357 ἔξω
2453 2286 2857 2359 καθεστηκυίας
2892 2284 2950 2338 ἐν
2997 2280 3337 2353 ἀπορρήτοις
3382 2275 3453 2329 τὰ
3507 2273 3800 2343 ἀπόρρητα

2212 2381 2729 2456 διαμηχανωμένους
2759 2376 2901 2449 ύπέρ
2933 2392 2993 2429 τε
3020 2373 3169 2441 σφῶν
3199 2368 3377 2423 αὐτῶν
3409 2366 3511 2436 τῆς
3538 2364 3801 2456 οὐρανίας

2216 2455 2426 2539 ἐλπίδος
2483 2476 2580 2529 καὶ
2633 2472 2774 2543 ὑπὲρ
2829 2468 2940 2523 τῶν
2985 2466 3161 2522 ἄλλων
3191 2460 3514 2531 Αἰγυπτίων
3540 2458 3641 2528 τῆς
3671 2455 3803 2523 ὅλης

2214 2568 2610 2640 εὐθημοσύνης.
2656 2563 2797 2618 Ἀλλ’
2828 2558 3078 2616 ἐντεῦθέν
3117 2555 3281 2610 ποθεν
3329 2554 3437 2608 ἀπὸ
3483 2550 3586 2621 τῆς
3606 2550 3803 2620 τρίτης

2215 2658 2307 2712 καὶ
2340 2655 2697 2728 περικοσμίου
2730 2653 2999 2723 γενέσεως
3025 2644 3397 2718 ἀναδήσασθαι
3428 2642 3495 2696 τὰ
3516 2642 3803 2711 πείσματα

2212 2746 2313 2819 τῆς
2345 2746 2631 2817 ἀναγωγοῦ
2689 2745 2983 2816 σωτηρίας.
3042 2741 3150 2795 Kal
3224 2736 3288 2809 δὴ
3349 2734 3613 2806 Σεϐἧρος,
3658 2733 3803 2803 ἀνὴρ

2212 2836 2315 2909 τῆς
2354 2836 2574 2907 Ῥώμης
2613 2834 2924 2905 πατρίκιος,
2955 2829 3089 2885 ἄλλα
3114 2845 3174 2881 τε
3202 2826 3442 2897 διηγεῖτο
3463 2823 3524 2876 ἐν
3557 2821 3803 2887 Ἀλεξαν-

2214 2929 2367 3003 δρείᾳ
2413 2927 2870 2996 συνδιαιτώμενος
2904 2924 2981 2987 ",
3029 2921 3120 2975 καὶ
3151 2921 3235 2975 δτι
3266 2917 3414 2972 λίθον
3452 2914 3715 2970 ἐθεάσατο
3745 2915 3804 2967 ἐν

2214 3015 2259 3091 ᾧ
2291 3023 2521 3094 σελήνης
2548 3020 2759 3089 ἐγίνετο
2786 3018 3040 3088 σχήματα
3081 3010 3614 3086 μεταμορφουμένης
3655 3026 3802 3060 πανο

2214 3119 2336 3169 τοῖα
2374 3116 2492 3187 μὲν,
2525 3114 2710 3169 ἄλλοτε
2735 3112 2779 3165 δ’
2807 3110 2943 3165 ἀλλα
2974 3107 3111 3178 πρὸς
3170 3105 3320 3177 ἥλιον
3355 3103 3659 3173 αὐξομένης
3703 3102 3802 3154 καὶ

2220 3203 2553 3275 μειουμένης
2599 3202 2790 3257 ἐνόντα
2836 3199 2914 3270 τῷ
2980 3197 3112 3269 λίθῳ
3163 3193 3257 3249 καὶ
3297 3194 3458 3249 αὐτὸν
3486 3194 3577 3245 τὸν
3610 3193 3798 3263 ἣλιονο

2217 3294 2339 3348 ὅθεν
2362 3296 2395 3365 ή
2416 3296 2570 3365 φήμη
2603 3293 2730 3357 τοὺς
2754 3291 3027 3354 τοιούτους
3042 3289 3225 3353 λίθους
3247 3287 3400 3340 καλεῖ
3426 3285 3707 3348 συνοδίτας
3732 3286 3798 3341 ’⁸.

540 3381 631 3435 dio
659 3379 837 3449 lapide
868 3395 1011 3444 esse,
1042 3388 1097 3434 et
1131 3379 1257 3436 inde
1290 3379 1432 3449 ignis
1461 3379 1674 3451 globum
1705 3379 1900 3449 videri,
1934 3385 2003 3435 ab
2031 3380 2115 3436 illo

2222 3384 2331 3437 Kal
2362 3383 2550 3455 ἡλίτην
2579 3384 2636 3437 δὲ
2668 3382 2816 3437 λίθον
2844 3382 3027 3449 ἐλεγεν
3059 3380 3384 3451 ἑωρακέναι,
3432 3378 3533 3448 οὐχ
3583 3373 3695 3430 οἷον
3746 3378 3799 3430 οί

540 3485 669 3526 vero
707 3471 887 3526 radios
932 3470 1174 3536 exsilire,
1228 3486 1398 3541 usque
1450 3470 1516 3525 ad
1573 3470 2117 3527 circumferentiam:

2223 3475 2410 3530 πολλοὶ
2458 3477 2805 3547 ἑωράκαμεν,
2844 3474 3073 3536 ἀκτῖνας
3130 3468 3479 3541 διαφαίνοντα
3537 3468 3643 3523 ἀπὸ
3699 3469 3799 3521 τοῦ

540 3575 664 3617 esse
711 3561 856 3617 enim
890 3561 1167 3633 globosum
1201 3570 1255 3616 et
1304 3562 1579 3630 integrum
1615 3560 1867 3632 lapidem.
1909 3559 2115 3619 Vidisse

2224 3566 2420 3638 βάθους
2476 3568 2814 3639 χρυσίδιτας,
2875 3564 3009 3619 ἀλλά
3068 3564 3250 3618 δίσκον
3277 3562 3513 3634 ἡλιοειδῆ
3545 3561 3799 3631 κείμενον

542 3664 601 3709 et
642 3654 892 3711 lunarem
935 3670 1042 3709 non
1076 3670 1213 3723 aqua
1249 3664 1602 3721 maceratum,
1633 3653 1724 3723 qui
1753 3654 1946 3709 deinde
1973 3654 2121 3709 exhi-

543 3744 638 3801 bet
670 3744 910 3800 lunulam
937 3782 953 3810 ,
1009 3754 1062 3799 et
1111 3746 1232 3800 ideo
1283 3744 1649 3814 aquilunarem
1695 3754 1945 3800 vocatum
1978 3762 1992 3798 :
2026 3746 2119 3800 sed

544 3846 737 3893 natura
771 3852 832 3894 se
861 3846 1163 3892 vertentem
1196 3837 1494 3892 secundum
1540 3845 1721 3893 motus
1759 3836 1921 3891 lunas.
1958 3835 2120 3892 Mira-

543 3924 651 3981 bile
676 3924 885 3983 esthoc
918 3941 1051 3998 opus
1081 3935 1309 3993 naturae,
1342 3928 1433 3982 sed
1462 3926 1628 3982 multa
1656 3927 1883 3984 obscura
1917 3938 1973 3983 et
2009 3944 2115 3983 non

544 4015 897 4087 intelligibilia
929 4019 995 4072 de
1031 4033 1097 4073 eo
1142 4027 1453 4073 narrantur.
1486 4016 1637 4073 Multi
1671 4018 1861 4074 dicunt
1894 4017 2120 4089 periisse

541 4104 873 4181 Emtium.
909 4107 1074 4164 Fama
1111 4120 1290 4166 tamen
1326 4110 1517 4166 salutis
1544 4109 1745 4181 350a
1784 4109 1973 4165 nuntia
2000 4113 2117 4165 vul-

543 4201 791 4271 gabatur,
839 4211 894 4257 et
938 4200 1167 4257 forsitan
1217 4218 1303 4259 res
1346 4202 1711 4258 involuntaria
1756 4205 1846 4269 sit,
1892 4212 1947 4259 et
1978 4204 2115 4258 idem

544 4290 778 4348 fortasse
805 4293 970 4348 etiam
1003 4294 1167 4350 rebus
1199 4295 1597 4351 immortalibus
1637 4295 1834 4351 accidit
1866 4311 1882 4350 :
1914 4296 2116 4365 optima

544 4397 792 4451 monens,
831 4393 887 4438 et
922 4385 1172 4441 oratione
1219 4387 1443 4442 hortans
1483 4400 1579 4442 eos
1607 4385 1699 4457 qui
1728 4386 1782 4442 in
1812 4401 1974 4458 opere
2003 4396 2116 4443 tor-

542 4485 849 4545 pescerent.

2224 3660 2391 3730 μέσον
2423 3659 2516 3712 τοῦ
2544 3658 2713 3725 λίθου,
2749 3660 2987 3729 σφαῖραν
3039 3656 3265 3710 αὐτόθεν
3299 3654 3469 3725 πυρὸς
3506 3653 3582 3717 ὡς
3619 3654 3744 3707 ίδεῖν
3778 3670 3793 3683 ·

2220 3751 2316 3809 ἀπ’
2344 3750 2511 3821 αὐτῆς
2535 3750 2593 3804 δέ
2638 3752 2737 3814 τάς
2790 3752 3017 3814 ἀκτῖνας
3073 3746 3408 3819 ἐκθρώσκειν
3444 3745 3550 3807 ἕως
3576 3745 3670 3797 ἐπὶ
3698 3746 3797 3815 τὴν

2222 3843 2374 3897 ίτυν·
2427 3841 2566 3898 εἶναι
2625 3843 2736 3915 γάρ
2783 3842 3097 3912 σφαιροειδῆ
3144 3838 3237 3893 καὶ
3301 3837 3422 3892 ὅλον
3485 3837 3578 3891 τὸν
3626 3836 3795 3892 λίθον.

2218 3936 2371 3991 Ἰδεῖν
2424 3937 2483 3991 δέ
2528 3938 2623 3992 καὶ
2680 3936 2983 4008 σεληνίτην,
3037 3938 3097 3988 ού
3127 3934 3217 3987 τὸν
3245 3932 3398 3986 ὕδατι
3440 3930 3796 4000 τεγγόμενον,

2221 4028 2347 4101 [569
2378 4029 2469 4102 Η.]
2504 4026 2622 4084 εἶτα
2650 4028 2976 4099 ἐκφαίνοντα
2996 4028 3085 4081 τὸν
3112 4025 3395 4099 μηνίσκον,
3421 4023 3516 4076 καὶ
3534 4022 3621 4077 διὰ
3642 4020 3801 4076 τοῦτο

2220 4122 2636 4194 ὑδροσεληνίτην
2698 4122 3050 4192 καλούμενον,
3113 4119 3247 4175 ἀλλά
3303 4117 3445 4171 κατὰ
3507 4116 3670 4186 φύσιν
3700 4114 3801 4184 τὴν

2220 4211 2413 4265 ἐαυτοῦ
2448 4212 2783 4282 τρεπόμενον
2814 4212 2899 4265 ὅτε
2930 4212 3024 4265 καὶ
3045 4212 3191 4272 ὅπως
3221 4210 3254 4280 ή
3285 4207 3481 4279 σελήνη
3523 4206 3797 4277 τρέποιτο,

2215 4300 2519 4373 θαυμάσιον
2574 4304 2762 4376 χρῆμα
2811 4302 2967 4356 τοῦτό
3047 4318 3112 4369 γε
3176 4300 3410 4369 φύσεως.
3466 4296 3687 4367 Τυφλῆς
3740 4295 3798 4348 δὲ

2216 4393 2311 4448 καὶ
2364 4394 2611 4463 ἀσαφοῦς
2631 4394 2728 4465 τῆς
2779 4396 2967 4465 φήμης
3023 4391 3534 4463 περιπλανωμένης.
3584 4390 3643 4453 Ὀ
3700 4388 3797 4458 μὲν

2217 4482 2313 4539 οὖν
2365 4485 2617 4550 πλεῖστος
2664 4486 2821 4555 λόγος
2859 4485 3196 4539 ἀπολωλέναι
3243 4482 3335 4537 τὸν
3364 4483 3691 4551 Αίγύπτιον.
3723 4480 3799 4533 δι-

547 4570 777 4642 εφέρετο
824 4571 882 4626 δέ
929 4572 1080 4642 ὅμως
1134 4572 1228 4627 καὶ
1279 4571 1554 4644 σωτηρίας
1602 4588 1683 4636 τις
1713 4571 1947 4642 ἄγγελος
1976 4575 2155 4647 φήμη.
2220 4580 2331 4634 Καὶ
2376 4580 2519 4651 τάχα
2550 4581 2617 4635 ἂν
2643 4582 2736 4654 ἣδε
2771 4583 2806 4653 η
2857 4580 3005 4651 πάθη
3031 4578 3388 4652 ἀπροαίρετος
3423 4577 3491 4633 ἂν
3520 4578 3644 4647 εἴη,
3705 4590 3795 4640 καὶ

543 4658 631 4717 διὰ
661 4662 823 4718 τοῦτο
859 4662 1146 4735 συμϐαίνοι
1198 4664 1268 4718 ἂν
1324 4665 1454 4729 ἴσως
1519 4664 1615 4718 καὶ
1672 4667 1790 4730 ταῖς
1865 4668 2184 4739 ἀκηράτοις.
2228 4672 2309 4726 Τά
2346 4672 2594 4742 βέλτιστα
2612 4674 2914 4745 παραινῶν,
2938 4674 3033 4727 καὶ
3063 4671 3380 4744 παροξύνων
3404 4669 3483 4742 τῷ
3510 4670 3657 4742 λόγῳ
3673 4670 3791 4732 τοὺς

545 4757 604 4809 ἐν
639 4752 718 4825 τῷ
745 4753 891 4825 ἔργῳ
920 4753 1301 4824 βλακεύοντας.

618 4844 754 4900 Cum
798 4856 907 4901 tres
938 4846 1047 4901 sint
1073 4846 1267 4900 animm
1301 4849 1532 4916 species,
1565 4848 1761 4918 triplex
1795 4848 1956 4904 etiam
1982 4851 2115 4919 poli-

2295 4849 2607 4921 Ὄτιτριων
2654 4850 2826 4903 ὅντων
2856 4847 3011 4903 είδῶν
3058 4847 3155 4918 τῆς
3203 4845 3403 4916 ψυχῆς,
3436 4843 3629 4917 τριττὴ
3647 4846 3787 4913 καὶὴ

548 4936 668 4991 lica:
713 4937 875 5002 ratio,
923 4952 1152 5006 quarum
1195 4939 1449 5008 quaelibet
1488 4949 1596 4995 tres
1642 4940 1763 4994 illas
1797 4940 1981 5004 habet,
2021 4941 2114 4995 sed

545 5043 651 5083 una
680 5030 945 5098 prareipua
973 5029 1151 5086 fama
1186 5041 1294 5097 est,
1322 5047 1352 5087 a
1375 5047 1477 5100 qua
1508 5032 1825 5101 appellatur,
1859 5048 1921 5088 ac
1945 5034 2115 5103 prima

543 5112 761 5189 quidem
794 5122 1061 5176 rationem
1098 5133 1285 5179 secuta
1315 5136 1399 5178 εει
1430 5125 1643 5189 ducem,
1672 5124 1973 5195 cuiusmodi
2006 5124 2111 5180 vita

540 5217 594 5262 et
623 5209 926 5279 respublica
952 5211 1052 5265 sub
1083 5209 1318 5267 Saturno
1341 5212 1462 5279 fuit,
1485 5227 1604 5282 qua
1626 5228 1786 5267 aurea
1816 5222 1950 5268 actas
1982 5215 2117 5269 dici-

540 5308 653 5367 tur,
684 5303 768 5359 vel
789 5318 961 5373 genus
984 5306 1289 5373 proximum
1318 5306 1440 5371 diis,
1464 5314 1521 5359 ut
1545 5304 1737 5360 fabula:
1762 5306 1921 5361 modo
1941 5317 2115 5376 poetae

2225 4942 2488 5010 πολιτεία,
2511 4944 2606 4997 καὶ
2643 4940 2757 5014 ἔχει
2786 4944 2885 5013 μὲν
2937 4941 3141 5012 ἑκάστη
3182 4938 3281 5002 τὰς
3313 4940 3485 5010 τρεῖς,
3510 4936 3676 5011 [1068
3704 4935 3791 5007 8.]

2222 5036 2341 5089 ἀλλ’
2380 5035 2460 5091 ἐνὶ
2515 5034 2908 5105 διαμορφοῦται
2938 5034 3033 5088 καὶ
3083 5029 3406 5101 ὀνομάζεται
3444 5027 3523 5097 τῷ
3568 5028 3795 5097 ἐπικρα·

2221 5126 2426 5181 τοῦντι.
2484 5127 2597 5180 Καὶ
2651 5127 2794 5197 λόγῳ
2843 5126 2941 5196 μὲν
2991 5124 3249 5186 ἰθύνεται,
3300 5120 3431 5184 ὠςό
3464 5121 3559 5173 ἐπὶ
3588 5122 3789 5190 Κρόνου

2221 5215 2356 5287 βίος,
2388 5219 2421 5288 ή
2452 5216 2722 5288 λεγομένη
2753 5216 2929 5289 χρυσῆ
2951 5212 3133 5284 γενεὰ,
3160 5213 3274 5285 ῆτὺ
3303 5211 3442 5266 θεῶν
3463 5211 3791 5282 ἀγχίσπορον

2219 5308 2398 5377 γένος,
2426 5302 2514 5364 οἷα
2541 5310 2600 5363 ἐν
2631 5310 2871 5380 σχήματι
2924 5306 3095 5376 μύθου
3143 5304 3502 5376 σεμνύνουσιν
3552 5302 3602 5355 οἱ
3632 5304 3689 5357 ἐν
3719 5300 3791 5371 τῷ

888 5491 891 5495 ,
1848 5439 2080 5495 νΔΒΙᾹΞ
2122 5440 2417 5498 LECTION
2426 5445 2527 5499 ES.

610 5514 741 5605 {at}
765 5527 907 5605 δέτι
940 5529 1014 5583 id.
1054 5529 1111 5605 _'
1138 5528 1203 5598 δὴ
1232 5545 1341 5605 om.
1568 5529 1834 5605 fdvte‘ca]
1871 5531 1985 5605 ἄνω
2011 5533 2081 5586 τά
2112 5532 2177 5605 ᾼ.
2251 5535 2685 5605 ’,προϐεϐηκότα
2718 5551 2832 5591 om.
2869 5534 2931 5588 Β.
3007 5532 3029 5565 ⁸
3055 5535 3216 5605 ήνυτε
3237 5530 3327 5605 BV;
3356 5532 3484 5599 ἧνυε
3514 5546 3577 5605 ς.
3657 5527 3794 5605 ξὲπὶ

542 5599 668 5674 add.
692 5598 759 5653 Α.
828 5599 879 5674 _‘°
902 5598 1296 5674 παρεῖνται
1375 5599 1415 5630 ⁸⁸
1464 5598 1912 5671 συνδιαιτώμενος
1954 5604 2022 5666 Α,
2060 5598 2471 5674 ἐνδιαιτώμενος

544 5667 863 5725 Boissonad.
901 5667 1096 5724 Mai-in.
1128 5683 1180 5738 p.
1212 5669 1303 5724 90.

2596 5623 2611 5661 :
2655 5595 3123 5675 συνδιαιτούμενός
3150 5621 3209 5668 ς.
3290 5602 3331 5631 ¹²
3379 5595 3683 5667 συνοδίτας]
3719 5598 3789 5650 cf.

2038 5762 2263 5820 ΝυΤᾸΞ.

614 5854 729 5925 (50)
749 5854 885 5912 Vide
920 5857 1062 5927 apud
1091 5856 1305 5914 Platon.
1331 5864 1387 5911 et
1412 5858 1661 5926 proverb.
