4104 6466
1644 352 1679 360 .—

388 434 526 504 1297

1418 445 1940 531 BIBLIOTHECA.
1980 471 2051 486 -—
2089 450 2252 512 con.
2294 451 2567 514 ccqu.

3490 452 3645 521 1298

378 550 595 621 τρίποδι
618 551 724 623 τῆς
749 551 973 623 Μούσης
1006 553 1308 627 καθήμενοι
1357 558 1597 628 ποιηταί.
1630 558 1799 633 Θμμῷ
1821 560 1878 614 δὲ
1910 560 1952 593 ¹³

2058 561 2109 615 in
2131 561 2341 632 tripode
2366 577 2531 618 musae
2548 563 2799 619 sedentes
2817 562 3057 620 tradunt.
3081 563 3198 622 Alia
3217 577 3339 637 qua:
3359 563 3641 622 iracundia

376 645 800 717 διανισταμένην
855 647 1133 705 πολιτείαν
1159 649 1260 722 τὴν
1288 650 1383 705 ἐπὶ
1408 651 1677 722 πολέμους
1723 655 1821 708 καὶ
1856 654 1960 724 μά-

382 758 504 809 χας.
533 741 633 795 καὶ
664 742 742 806 ὡς
794 743 1006 797 ἐπίπαν
1032 744 1223 814 φάναι,
1252 745 1354 813 τὴν
1393 745 1524 817 περὶ
1554 745 1839 816 πρωτείων
1864 747 1960 800 καί

379 826 540 904 δόξης
549 833 982 907 ἀγωνιζομένην,
1006 836 1124 890 οἵαν
1146 837 1191 869 ιδ
1207 836 1464 905 γενέσθαι
1485 837 1581 906 τὴν
1594 838 1684 891 ἐπὶ
1702 840 1799 909 τῆς
1825 840 1961 893 ἰστο-

381 924 510 993 ρίας
540 924 802 980 ἐκάστοτε
820 926 1193 1000 θρυλουμένην
1207 928 1500 999 ἀκούομεν.
1524 929 1828 1002 Ἐπιθυμίᾳ
1841 932 1885 964 ¹⁸
1899 931 1957 986 δέ

379 1008 481 1082 τήν
514 1018 767 1087 πανταχῆ
790 1017 1148 1090 διαρρέουσαν
1172 1019 1268 1073 καὶ
1296 1020 1402 1076 ὐπὸ
1428 1022 1639 1092 τρυφῆς
1657 1023 1955 1080 ἀκολάστου

378 1106 802 1180 διεφθαρμένην,
853 1112 1085 1165 ταπεινά
1136 1111 1233 1167 καὶ
1286 1115 1574 1181 γυναικεῖα
1629 1114 1952 1185 φρονοῦσαν,

377 1197 555 1267 δειλίᾳ
576 1200 823 1257 σύνοικον
844 1203 937 1257 καὶ
958 1203 1016 1256 ἐν
1035 1202 1182 1276 πάσῃ
1217 1203 1410 1274 ύηνείᾳ
1441 1206 1484 1238 ⁸⁸
1509 1205 1954 1276 καλινδουμένην,

381 1292 778 1364 φιλοχρήμονα,
810 1294 1184 1365 μικροπρεπῆ,
1234 1295 1510 1350 δουλεύειν
1548 1296 1807 1364 ἀσφαλῶς
1837 1298 1957 1352 ἐθέ-

380 1385 579 1439 λουσαν
610 1387 676 1449 ¹¹,
736 1387 821 1440 οἶα
846 1388 956 1443 τῶν
979 1389 1038 1441 ἐν
1065 1390 1133 1457 τῇ
1160 1386 1257 1441 νῦν
1284 1388 1494 1456 γενέσει
1524 1388 1957 1459 πολιτευομένων

379 1480 415 1549 ή
466 1478 603 1548 ζωή.
672 1478 1087 1549 Προθυμότατος
1130 1479 1210 1543 είς
1235 1480 1546 1550 ἀποδημίαν
1595 1480 1657 1534 οὐ
1708 1482 1807 1551 τὴν
1847 1480 1955 1551 μά-

379 1583 533 1623 ταιον
581 1568 676 1623 καὶ
731 1568 1047 1637 τρυφῶσαν,
1077 1568 1156 1631 εἰς
1199 1566 1516 1639 ἀνθρώπινα
1550 1567 1958 1641 οἰκοδομήματα

381 1659 476 1714 καὶ
517 1660 725 1730 μεγέθη
760 1660 857 1715 καὶ
888 1660 1062 1731 κάλλη
1093 1660 1305 1715 πόλεων
1333 1660 1746 1731 διαχαίνουσαν·
1775 1660 1962 1714 ἀλλἐἴ

380 1754 484 1805 πού
521 1769 577 1806 τι
610 1752 923 1823 θαυμαστὸν
947 1752 1242 1825 ἀκήκοενῆ
1296 1751 1644 1825 ἰεροπρεπὲς,
1682 1754 1885 1825 ἀφανὲς
1912 1754 1955 1787 ¹⁸

378 1843 411 1914 ή
437 1844 605 1913 φανὸν
637 1845 703 1911 ¹⁹,
735 1845 1011 1916 αὐτόπτης
1039 1844 1305 1923 ὴδούλετο
1331 1845 1584 1914 γενέσθαι
1616 1846 1712 1901 τοῦ
1738 1845 1957 1916 θαύμα-

372 1912 487 1998 ¹ιέος.
517 1935 699 2007 Αὐτὴν
719 1935 778 1989 δὲ
804 1935 902 2007 τὴν
918 1912 1101 2007 ψυχὴν
1118 1939 1177 1991 ἐν
1200 1939 1323 1999 ταῖς
1344 1912 1528 2009 ήίεραῖς
1580 1937 1763 2008 εὐχαῖς
1816 1912 1952 2008 πρὸς
1986 1912 2030 1967 Β

372 2026 497 2080 ὅλον
557 2026 618 2081 τὸ
666 2027 810 2083 θεῖον
851 2028 1089 2097 πέλαγος
1145 2028 1323 2097 ἔλεγε,
1376 2029 1445 2083 τὰ
1478 2029 1575 2099 μὲν
1601 2031 1796 2100 πρῶτα
1822 2048 1948 2083 συν-

372 2120 741 2192 αγειρομένην
765 2120 875 2176 ἀπὸ
923 2120 1021 2175 τοῦ
1073 2120 1328 2192 σώματος
1353 2123 1433 2186 είς
1458 2122 1677 2193 ἑαυτὴν,
1709 2119 1868 2187 αὖθις
1894 2125 1950 2178 δέ

329 2246 346 2259 .
371 2209 737 2281 ἐξισταμένην
765 2212 874 2267 τῶν
922 2212 1069 2267 ἰδίων
1114 2213 1261 2284 ἠθῶν
1291 2213 1386 2267 καὶ
1432 2213 1821 2285 ἀναχωροῦσαν
1843 2214 1951 2269 ἀπὸ
1994 2243 2003 2252 ο

368 2301 482 2355 τῶν
511 2300 746 2370 λογικῶν
775 2303 995 2358 ἐννοιῶν
1030 2305 1125 2358 ἐπὶ
1162 2305 1261 2368 τὰς
1310 2305 1389 2377 τῷ
1422 2307 1498 2377 νῷ
1541 2309 1846 2375 συγγενεῖς,
1885 2310 1949 2362 ἐκ

370 2391 511 2446 δἀὗ
548 2392 749 2464 τρίτων
798 2394 1160 2449 ἐνθουσιῶσαν
1203 2398 1297 2451 καὶ
1342 2398 1824 2470 παραλλάττουσαν
1871 2402 1950 2463 εἰς

371 2484 516 2555 ἀήθη
564 2486 687 2541 τινὰ
731 2487 972 2557 γαλήνην
1021 2489 1116 2544 καὶ
1159 2490 1260 2544 οὐκ
1321 2490 1687 2563 ἀνθρωπίνην.
1750 2493 1951 2545 Τοῦτον

377 2575 621 2630 ἐπαινῶν
665 2576 937 2647 Ἰσίδωρος
990 2580 1019 2633 ὁ
1082 2579 1372 2650 φιλόσοφος
1408 2582 1550 2636 κατὰ
1582 2581 1757 2652 στόμα
1811 2577 1945 2652 εἶχε.

375 2666 733 2739 Μετριωτέρα
780 2669 889 2741 γὰρ
938 2669 1110 2725 πειθὼ
1160 2673 1256 2724 καί
1300 2672 1623 2743 παραίνεσις
1646 2677 1743 2743 τῆς
1773 2674 1816 2705 ²⁰
1841 2673 1949 2727 ἀπὸ

372 2756 482 2811 τῶν
514 2759 690 2813 ἄλλων
726 2760 902 2829 λόγων
954 2764 1065 2825 τοῖς
1108 2764 1324 2826 πολλοῖς
1349 2765 1383 2834 ἡ
1422 2764 1529 2817 ἀπὸ
1556 2765 1655 2834 τῆς
1683 2765 1947 2837 ἱστορίας,

374 2849 471 2902 καὶ
496 2850 699 2919 μᾶλλον
729 2851 827 2921 τῆς
853 2850 1217 2923 παλαιοτέρας
1244 2856 1274 2923 ή
1297 2855 1406 2909 ἀπὸ
1426 2856 1526 2925 τῆς
1551 2858 1822 2928 νεωτέρας
1854 2857 1950 2911 καὶ

371 2942 486 3004 τοῖς
540 2942 913 3013 ἀκροωμένοις
983 2945 1223 3015 φέρουσά
1281 2962 1333 3000 τι
1393 2947 1835 3019 γνωριμώτερον.
1884 2950 1948 3003 Οί

370 3030 430 3085 δὲ
462 3030 557 3085 καὶ
582 3033 639 3084 ἐν
662 3036 774 3097 τοῖς
802 3035 1123 3103 Αἰγυπτίοις
1174 3036 1580 3107 φιλοσοφήμασι
1618 3037 1711 3091 τὸν
1748 3038 1950 3093 Ἰσίδω-

374 3135 468 3190 ρον
498 3123 758 3193 συνεργὸν
777 3125 870 3177 καὶ
894 3126 1303 3196 συγκυνηγέτην
1328 3126 1747 3198 παρελάμϐανον
1779 3129 1823 3161 ’ί
1850 3129 1950 3199 τῆς

370 3210 429 3262 ἐν
444 3210 613 3306 ⁸βυθιῖι
655 3214 1047 3306 κεκρυμμένης
1096 3213 1172 3278 ὡς
1206 3215 1421 3286 ἀληθῶς
1470 3217 1620 3286 ἰερᾶς
1645 3215 1943 3288 ἀληθείαςο
1970 3246 2013 3306 c

371 3300 468 3354 καὶ
495 3302 765 3373 πολλαχοῦ
789 3304 905 3373 φῶς
926 3305 1170 3375 ἀνῆπτεν
1211 3306 1395 3370 αὐτοῖς
1436 3306 1496 3361 ἐν
1526 3308 1645 3371 ταῖς
1682 3308 1943 3381 ζητήσεσι

368 3394 469 3463 τῆς
499 3395 901 3467 ἀρχαιοτρόπου
937 3396 1151 3466 σοφίας.
1197 3396 1270 3451 Τὸ
1321 3397 1379 3453 δὲ
1414 3397 1634 3470 σύμπαν
1667 3400 1818 3471 αὐτῷ
1849 3400 1948 3471 τῆς

370 3486 632 3555 εὐπορίας
658 3485 758 3538 οὐκ
776 3486 884 3540 ἀπὸ
916 3485 1138 3556 βιϐλίων
1155 3488 1248 3541 καί
1271 3486 1625 3558 δοξασμὼτων
1663 3488 1949 3559 ἐπορίζετο

369 3575 672 3646 ἀλλοτρίων
693 3576 782 3630 διὰ
805 3579 1050 3648 μνήμης,
1105 3577 1223 3633 ἀλλ’
1270 3577 1382 3643 ἕξιν
1448 3579 1571 3634 τινὰ
1599 3580 1825 3648 βεϐαίαν
1854 3585 1949 3638 καὶ

369 3667 661 3737 πάμφορον
686 3668 948 3739 ἀληθείας
999 3670 1098 3739 τῆς
1147 3688 1213 3741 γε
1254 3670 1512 3742 τοιαύτης
1556 3672 1651 3726 ἀπ’
1685 3671 1817 3745 [570
1851 3674 1945 3747 Η.]

368 3759 545 3829 ἀρχῆς
572 3759 857 3831 ἐκτήσατο.
884 3760 993 3815 Καὶ
1024 3758 1242 3815 δύσεται
1267 3763 1380 3825 τοῖς
1403 3761 1731 3832 ἀνθρώποις,
1759 3764 1856 3819 ἅτε
1881 3765 1944 3818 οὐ

364 3850 688 3920 δυναμένοις
746 3851 915 3905 αὐτοῦ
967 3839 1159 3924 φέρειν
1196 3852 1296 3925 τὴν
1350 3854 1503 3907 θείαν
1550 3857 1595 3887 ²¹
1654 3857 1942 3927 ἀνατολήν.

367 3940 742 4011 Ἦναγκάζετο
794 3943 841 3975 ³³
886 3944 1265 4015 ἐπιμελεῖσθαι
1298 3945 1397 4015 τῆς
1428 3945 1538 4000 τῶν
1599 3946 1807 4001 παίδων
1854 3950 1947 4001 εὐ-

365 4034 635 4102 αγωγίας.
694 4036 805 4090 Καὶ
875 4036 982 4108 μὴν
1036 4037 1130 4090 καί
1156 4038 1212 4089 ὲν
1270 4040 1391 4101 ταῖς
1440 4038 1767 4109 ἐξηγήσεσιν
1803 4040 1946 4094 ἐνδει-

362 4127 587 4199 έστερος
654 4129 733 4200 τῷ
785 4130 986 4202 λόγῳῆ
1041 4130 1182 4185 ὥστε
1218 4133 1544 4202 ἑρμηνεύειν
1571 4135 1641 4188 τὰ
1678 4135 1942 4190 δοκοῦντα

364 4216 751 4288 ἀποχρώντως.
777 4221 851 4274 Οὐ
885 4221 993 4291 μὴν
1027 4222 1135 4275 οὐδ’
1161 4221 1398 4276 ἐνταῦθα
1425 4223 1730 4295 ἀϐοήθητος
1750 4220 1820 4297 ἦν
1838 4225 1944 4279 ὑπὸ

360 4306 465 4378 τῆς
491 4306 708 4377 φύσεως
739 4310 835 4364 καί
860 4313 961 4382 τῆς
990 4311 1157 4383 ἄλλης
1189 4312 1445 4383 μελέτης,
1498 4314 1638 4369 ἀλλὰ
1666 4316 1944 4370 κατεϐάλ-

362 4402 487 4453 λετο
517 4398 565 4432 ’⁸
599 4400 700 4471 μὲν
745 4401 983 4473 σπουδὴν
1051 4402 1188 4474 πρὸς
1233 4403 1333 4475 τὴν
1385 4405 1708 4476 σαφήνειαν,
1748 4410 1848 4478 τὴν
1884 4408 1943 4462 δὲ

358 4494 472 4547 τῶν
490 4493 772 4564 ὀνομάτων
803 4493 1106 4565 εὐρυθμίαν
1153 4496 1338 4566 ἀφιεὶς
1396 4498 1606 4569 ἐτέροις
1657 4498 1796 4567 πρὸς
1827 4499 1943 4553 ἐπί-

2062 652 2413 720 inflammata,
2442 655 2493 709 in
2529 653 2664 710 bella
2688 662 2744 709 et
2771 670 2978 726 pugnas
3006 656 3137 721 ruit,
3156 664 3212 713 et
3234 666 3292 713 ut
3323 656 3637 715 summatim

2060 745 2255 808 dicam,
2308 745 2644 814 principatus
2693 754 2748 801 et
2786 746 2971 815 gloria:
3013 748 3307 816 cupiditate
3353 757 3635 807 aestuans:

2061 836 2363 904 cuiusmodi
2422 836 2591 892 fuisse
2641 836 2945 893 audivimus
2992 851 3138 903 eam,
3183 837 3251 893 de
3280 853 3386 908 qua
3429 839 3639 896 crebra:

2058 928 2403 983 narrationes
2435 928 2811 985 historiarum.
2837 928 2957 983 Alia
2985 944 3105 999 quae
3128 928 3370 999 appetitu
3403 930 3636 999 regitur,

2055 1019 2185 1074 luxu
2224 1029 2278 1076 et
2316 1020 2527 1076 deliciis
2563 1018 2826 1088 difﬂuens,
2872 1031 3151 1093 corrupta,
3181 1022 3394 1093 abjecto
3431 1031 3487 1079 et
3514 1038 3638 1081 mu-

2058 1110 2213 1168 liebri
2258 1113 2440 1168 animo
2483 1112 2710 1180 ignavia:
2746 1112 2950 1179 dedita,
2985 1113 3191 1169 incerta
3220 1122 3371 1170 sorte
3407 1113 3636 1187 iactata,

2057 1216 2243 1267 avara,
2277 1202 2419 1270 vilis,
2448 1202 2686 1268 servilis,
2706 1203 2880 1273 qualis
2907 1219 3052 1259 nunc
3081 1214 3164 1261 est
3187 1204 3468 1263 hominum
3500 1205 3633 1261 vita.

2057 1292 2435 1363 Propendebat
2475 1295 2526 1347 in
2566 1293 3087 1364 peregrinationem,
3129 1309 3235 1349 non
3278 1310 3495 1359 vanam,
3537 1306 3635 1355 aut

2057 1384 2404 1451 deliciosam,
2446 1385 2745 1441 inhiantem
2803 1386 3080 1442 hominum
3143 1386 3635 1442 substructionibus

2056 1477 2381 1546 spectandis,
2429 1486 2523 1533 aut
2572 1477 2806 1534 urbibus
2837 1477 3049 1547 magnis
3099 1491 3164 1532 ac
3212 1476 3497 1547 pulchris:
3537 1480 3635 1532 sed

2056 1569 2227 1625 sicubi
2258 1567 2387 1638 quid
2418 1569 2721 1625 mirandum
2774 1568 3007 1635 audiret,
3048 1567 3134 1627 vel
3176 1577 3488 1637 augustum,
3515 1569 3631 1624 sive

2058 1659 2344 1727 occultum,
2376 1660 2491 1717 sive
2523 1671 2794 1731 apertum,
2833 1660 3078 1731 ipsismet
3107 1659 3281 1716 oculis
3307 1660 3492 1715 videre
3531 1675 3632 1717 vo-

2057 1748 2215 1807 lebat.
2238 1751 2411 1822 Ipsam
2437 1752 2673 1807 animam
2702 1753 2752 1807 in
2774 1752 2944 1807 sacris
2961 1751 3211 1821 precibus
3240 1760 3408 1806 totum
3437 1750 3633 1806 divini-

2061 1843 2184 1897 tatis
2224 1857 2483 1899 oceanum
2514 1858 2635 1899 esse
2684 1842 2858 1897 dixit:
2915 1844 3092 1911 primo
3143 1857 3170 1898 a
3213 1857 3440 1911 corpore
3484 1843 3535 1897 in
3570 1856 3631 1898 se

2054 1932 2359 1995 collectam;
2395 1933 2589 1989 deinde
2623 1948 2655 1988 a
2685 1934 2799 1990 suis
2840 1934 3081 1988 moribus
3110 1933 3476 2000 recedentem,
3514 1942 3569 1987 et
3595 1947 3628 1988 a

2052 2024 2409 2079 rationalibus
2462 2025 2773 2082 notionibus
2823 2023 3195 2080 deﬂectentem
3243 2024 3311 2078 ad
3354 2039 3461 2090 res,
3508 2038 3629 2095 qua:

2053 2116 2218 2169 menti
2248 2125 2485 2185 cognata:
2513 2128 2659 2181 sunt;
2695 2119 2852 2172 tertio
2876 2118 3133 2177 divinitus
3163 2117 3394 2174 amatam
3420 2128 3475 2174 et
3509 2134 3630 2174 mu-

2053 2214 2218 2259 tatam
2251 2206 2304 2261 in
2332 2208 2600 2262 insolitam
2636 2211 3006 2278 serenitatem,
3046 2226 3155 2266 non
3185 2211 3497 2277 humanam,
3530 2213 3627 2269 sed

2055 2296 2163 2351 Deo
2202 2298 2633 2354 convenientem.
2683 2299 2836 2355 llunc
2883 2301 3109 2357 laudans
3155 2300 3393 2358 Isidorus
3439 2302 3628 2360 ihore

2052 2388 2258 2443 habuit.
2290 2388 2640 2446 Commodior
2677 2391 2819 2446 enim
2860 2392 3161 2464 persuasio,
3221 2394 3628 2464 praeceptioqne

2051 2492 2161 2547 prae
2187 2477 2308 2534 aliis
2349 2482 2613 2546 materiis,
2647 2481 2807 2554 vulgo
2846 2483 2913 2538 ab
2955 2483 3205 2551 historia,
3248 2492 3304 2538 et
3338 2484 3626 2540 maxime:

2052 2568 2351 2625 recentiore
2393 2573 2569 2640 potius
2615 2586 2776 2640 quam
2825 2575 3150 2641 antiquiore,
3183 2584 3239 2628 et
3283 2576 3628 2645 audientibus

2051 2657 2253 2728 aliquid
2285 2660 2463 2715 notius
2496 2660 2748 2717 efferens.
2789 2663 2861 2717 At
2910 2663 2984 2718 illi
3025 2664 3076 2718 in
3125 2664 3421 2734 disciplinis
3461 2667 3624 2722 etiam

2049 2746 2314 2819 Egyptiis
2329 2748 2593 2812 lsidorum
2611 2752 2838 2819 socium,
2852 2752 3199 2824 sodalemque
3214 2766 3628 2827 assumpseruut

2051 2841 2405 2912 investigandi
2440 2845 2720 2900 veritatem
2746 2861 2979 2911 sacram,
3016 2862 3135 2917 quae
3166 2849 3219 2903 in
3255 2848 3519 2917 profundo
3546 2849 3627 2903 la-

2051 2942 2208 2999 teret,
2233 2945 2286 2989 et
2321 2935 2426 2991 illis
2468 2952 2609 3006 saepe
2654 2938 2706 2992 in
2744 2939 3135 3008 quaestionibus
3166 2941 3400 3009 antiqu
3428 2940 3623 3012 350!)

2049 3026 2326 3095 sapientiae
2351 3026 2530 3082 lumen
2569 3031 2835 3086 accendit.
2880 3029 3069 3086 Omnis
3098 3032 3172 3086 illi
3208 3033 3428 3089 solertia
3458 3048 3561 3088 non
3587 3049 3620 3089 ιι

2051 3116 2202 3173 libris
2255 3126 2309 3173 et
2352 3118 2651 3189 disciplinis
2688 3121 2880 3178 alienis
2920 3137 3018 3192 per
3057 3125 3378 3180 memoriam
3429 3140 3625 3194 suppe-

2055 3211 2217 3277 tebat,
2248 3212 2341 3267 sed
2394 3212 2633 3269 habitum
2662 3216 2947 3284 quemdam
2982 3216 3194 3271 firmum
3225 3226 3281 3274 et
3305 3217 3625 3274 fecundissi-

2051 3315 2219 3367 mum,
2258 3302 2348 3372 qui
2396 3303 2577 3358 omnia
2627 3305 3111 3375 comprehenderet
3155 3306 3316 3377 hujus
3354 3308 3621 3375 veritatis,

2048 3391 2117 3446 ab
2146 3391 2298 3445 initio
2332 3391 2539 3447 habuit.
2570 3391 2634 3448 Et
2656 3394 2863 3449 occidet
2890 3395 3218 3461 hominibus,
3247 3406 3306 3455 ut
3345 3398 3437 3468 qui
3484 3398 3623 3452 divi.

2048 3497 2176 3536 num
2205 3482 2320 3549 ejus
2349 3493 2528 3537 ortum
2558 3484 2703 3539 ferre
2733 3495 3036 3555 nequeant:
3068 3498 3293 3543 coactus
3321 3498 3403 3545 est
3430 3504 3621 3547 curam

2050 3574 2279 3629 filiorum
2322 3590 2533 3645 gerere,
2582 3586 2640 3631 ut
2682 3576 2819 3633 bene
2853 3578 3288 3636 instituerentur.
3320 3579 3621 3643 Verborum

2048 3666 2101 3721 in
2130 3667 2448 3738 erplicando
2474 3668 2690 3737 parcior
2722 3668 2847 3735 fuit,
2880 3685 3040 3740 quam
3075 3681 3133 3725 ut
3157 3673 3290 3727 satis
3323 3686 3480 3729 sensa
3502 3672 3624 3726 ani-

2048 3761 2122 3815 mi
2162 3760 2454 3830 explicaret
2500 3780 2512 3815 :
2589 3777 2761 3830 neque
2801 3763 2947 3818 enim
3003 3772 3216 3827 natura,
3272 3763 3622 3819 exercitatio-

2046 3867 2151 3920 que
2204 3867 2326 3907 eum
2380 3853 2468 3908 hic
2527 3853 2885 3921 destituebat,
2936 3854 3029 3909 sed
3091 3854 3331 3910 studium
3387 3856 3503 3925 ipse
3553 3854 3623 3921 ad

2044 3942 2482 4012 perspicuitatem
2532 3945 2901 3999 convertebat.
2950 3943 3235 3999 Nominum
3288 3947 3626 4002 concinnita-

2048 4041 2153 4087 tem
2182 4042 2236 4086 et
2260 4032 2675 4088 ostentationem
2711 4033 2832 4086 aliis
2864 4032 3198 4102 relinquens,
3233 4049 3345 4087 rem
3378 4046 3621 4094 sectatus

2046 4131 2130 4181 est
2163 4142 2177 4179 :
2206 4139 2310 4178 non
2352 4124 2505 4193 plura
2556 4123 2721 4178 verba
2764 4122 2973 4178 locutus
3020 4139 3183 4194 quam
3219 4139 3380 4180 sensa
3422 4127 3620 4183 mentis

2045 4225 2245 4283 essent,
2281 4230 2456 4285 neque
2495 4215 2643 4283 plura
2679 4230 2835 4270 sensa
2882 4230 3043 4284 quam
3081 4230 3262 4271 rermn
3298 4225 3485 4273 natura
3532 4234 3624 4287 pa-

2049 4320 2272 4373 teretur,
2305 4308 2596 4378 justitiam,
2644 4326 2763 4380 qua:
2804 4309 2969 4364 Deum
3014 4318 3328 4377 veneratur,
3361 4310 3413 4364 in
3444 4309 3623 4366 lucem

2045 4403 2241 4459 ferens.
2277 4400 2556 4457 Gaudebat
2592 4400 2826 4457 Isidorus
2878 4400 2995 4455 viso
3036 4400 3246 4465 Proclo,
3284 4411 3432 4455 ratus
3475 4400 3526 4454 in
3557 4414 3624 4456 eo

2047 4511 2105 4551 se
2137 4495 2500 4550 venerandum
2546 4502 2600 4548 et
2634 4507 2851 4564 gravem
2884 4492 3235 4563 phil050phiaa
3268 4492 3471 4548 vultum
3498 4507 3626 4548 vere

360 4584 529 4649 δειξιν
572 4586 748 4655 εῐχετο
798 4585 908 4639 τῶν
953 4587 1318 4658 πραγμάτων,
1358 4589 1419 4643 οὐ
1461 4589 1654 4657 λόγους
1674 4589 1735 4643 τὸ
1777 4590 1940 4645 πλέον

2051 4586 2249 4641 videre.
2310 4585 2443 4639 Cum
2510 4584 2671 4639 etiam
2747 4582 2968 4639 Proclus
3046 4583 3235 4639 lsidori
3304 4583 3498 4640 faciem
3563 4592 3624 4639 ut

359 4676 395 4747 ἢ
432 4677 647 4748 νοήσεις
669 4676 1041 4747 φθεγγόμενος
1071 4679 1137 4743 ³⁸,
1157 4678 1279 4733 οὐδὲ
1304 4680 1521 4750 νοήσεις
1550 4680 1751 4749 μᾶλλον
1781 4680 1814 4751 ἢ
1842 4682 1940 4746 τὰς

359 4761 551 4824 οὐσίας
607 4762 787 4816 αὐτῶν
865 4763 977 4818 τῶν
1055 4764 1400 4835 πραγμάτων
1464 4765 1613 4834 ἀγων
1655 4766 1735 4828 εἰς
1803 4766 1939 4833 φῶς.

361 4853 476 4924 Τήν
502 4852 632 4924 περὶ
646 4854 705 4908 τὸ
734 4853 887 4907 Θεῖον
914 4856 961 4887 ³⁸
985 4855 1379 4924 ἀγιστεύουσαν
1397 4856 1574 4926 θέμιν.
1607 4856 1942 4926 Εὐφραίνετο

357 4944 418 4999 δὲ
456 4944 601 5015 ὀρῶν
628 4945 719 4999 τὸν
780 4945 1022 5016 Πρόκλον
1054 4949 1083 5000 ὁ
1110 4946 1379 5019 Ἰσίδωρος
1432 4949 1628 5003 αἰδοῖόν
1664 4948 1710 4980 ¹¹
1730 4966 1792 5002 τε
1824 4948 1943 5020 ἀμα

360 5038 457 5090 καὶ
483 5036 659 5090 δεινὸν
692 5038 844 5103 ἰδεῖν,
870 5037 1004 5091 αὐτὸ
1031 5038 1204 5092 δοκῶν
1230 5041 1346 5093 ἐκεῖ
1373 5040 1507 5112 ὀρᾷν
1551 5040 1596 5072 ³⁷
1626 5039 1689 5093 τὸ
1725 5040 1942 5109 φιλοσο-

360 5128 492 5195 φίας
537 5127 616 5197 τῷ
695 5129 810 5182 om
885 5129 1198 5200 πρόσωπον.
1253 5130 1411 5185 Ἐπεὶ
1454 5132 1551 5187 καὶ
1603 5132 1633 5186 ὁ
1696 5131 1941 5203 Πρόκλος

360 5218 644 5289 ἐθαύμαζε
672 5219 767 5274 τοῦ
801 5218 1076 5292 Ἰσιδώρου
1098 5222 1161 5275 τὸ
1185 5218 1323 5286 εἶδος
1360 5223 1436 5286 ὡς
1466 5222 1651 5278 ἔνθεον
1680 5225 1774 5277 καὶ
1802 5224 1939 5293 πλῆο

364 5328 455 5380 ρες
512 5312 557 5344 ’⁸
633 5312 764 5365 εῐσω
813 5312 1106 5382 φιλοσόφου
1154 5312 1319 5384 ζωῆς.
1380 5316 1438 5369 ’0
1492 5316 1552 5370 δέ
1615 5316 1941 5379 Σαλούστιος

357 5403 544 5463 οὐκέτι
591 5402 670 5474 τῷ
697 5403 976 5477 δικανικῷ,
1018 5406 1135 5459 ἀλλ’
1183 5407 1283 5478 ήδη
1347 5407 1427 5479 τῷ
1484 5407 1781 5479 σοφιστικῷ
1833 5408 1934 5480 βίῳ

2042 4674 2279 4728 divinam
2343 4671 2508 4727 fuerit
2563 4674 2828 4738 miratus,
2881 4673 3149 4744 plenaque
3210 4674 3357 4730 intus
3441 4675 3619 4745 philo-

2044 4765 2247 4836 sophiae
2297 4766 2440 4819 vitae.
2506 4762 2775 4821 Salustius
2818 4780 2923 4819 non
2960 4765 3193 4835 amplius
3222 4764 3423 4821 forensi
3459 4805 3475 4831 ,
3525 4765 3621 4821 sed

2044 4858 2297 4910 oratoria:
2340 4856 2444 4909 arti
2509 4855 2740 4909 intendit
2780 4856 3045 4911 animum.
3094 4855 3405 4912 Publicatas
3452 4857 3620 4910 etiam

2048 4945 2423 5001 Demosthenis
2483 4946 2757 5001 orationes
2830 4946 3107 5002 memoria:
3164 4948 3442 5005 mandavit
3501 4962 3623 5002 om-

2048 5057 2163 5097 nes.
2220 5039 2417 5095 Adbaec
2473 5039 2605 5096 satis
2647 5049 2768 5095 erat
2816 5039 3073 5107 disertus,
3118 5054 3229 5096 non
3287 5040 3621 5097 recentiores

2047 5134 2317 5202 sopbistas
2358 5132 2601 5199 imitans,
2632 5133 2726 5188 sed
2755 5147 2876 5187 cum
2903 5142 3086 5188 vetere
3111 5133 3428 5203 scriptionis
3443 5133 3623 5203 splen-

2048 5228 2178 5281 dore
2201 5234 2438 5287 certans,
2488 5225 2875 5296 orationesque
2917 5226 3140 5296 scripsit
3177 5242 3282 5281 non
3313 5224 3482 5281 multo
3517 5226 3624 5283 illis

2048 5315 2352 5372 inferiores.
2398 5314 2568 5373 Nudis
2606 5317 2831 5387 pedibus
2864 5318 3051 5373 orbem
3091 5327 3381 5381 terrarum,
3419 5327 3477 5371 ut
3512 5318 3622 5371 fer-

2043 5420 2151 5475 tur,
2179 5409 2387 5465 ambiit.
2420 5409 2555 5479 Ἕδη
2612 5410 2755 5478 capit
2784 5425 2882 5480 pro
2919 5410 3052 5479 ipsis
3098 5408 3357 5464 delubris.
3396 5408 3623 5462 Ponitur

1644 5564 1877 5620 VARIIE
1914 5563 2312 5621 LECTIONES.

430 5650 448 5680 ¹
505 5648 562 5703 δὲ
582 5664 692 5731 om.
717 5650 785 5707 Δ.
840 5650 908 5731 ’ξι
938 5648 1143 5731 οἷονμΑ.
1221 5656 1265 5731 [⁸
1288 5655 1581 5731 ἐπιθυμίαν
1606 5656 1665 5731 Β.
1693 5726 1703 5731 _
1744 5656 1790 5731 ίξ
1827 5656 2017 5731 ὑηνείᾳ
2036 5656 2118 5731 A:
2138 5655 2352 5731 κυβεία.

1439 5673 2017 5809 ιιτιεξγιξδάέέαεξῖειι
2138 5673 3620 5809 essent.aliis:{egatzzsiaezsgaa

358 5792 437 5867 l}._
476 5789 910 5867 λ’-ξιατεράλετο
934 5789 1033 5867 At!
1074 5795 1122 5867 ’ξ
1163 5789 1531 5865 φθεγγόμενος
1558 5797 1691 5867 ούδέί
1708 5789 1923 5867 νοήσεις
1952 5814 2060 5867 om.
2099 5797 2162 5850 A.

358 5722 403 5752 ¹⁹
438 5720 674 5792 φανερόν
698 5738 797 5792 ς.⁸
840 5723 887 5754 ’θ
911 5723 1011 5792 τῆς
1037 5725 1082 5777 Α
1115 5741 1131 5778 :
1164 5727 1276 5789 τοῖς
1303 5744 1363 5791 ς’.

358 5858 532 5930 δείμω
555 5856 617 5919 Β,
692 5860 740 5894 ⁸⁸
768 5863 976 5919 ἐκεῖνον
1013 5863 1153 5937 ὀρῶν
1174 5856 1241 5921 λ.

2435 5657 2479 5688 ⁸⁷
2504 5656 2762 5712 θέλουσαν
2793 5674 2854 5721 ς.
2933 5656 2977 5689 ⁸⁸
2999 5654 3228 5727 ἀφανὲς]
3244 5655 3294 5727 -ή
3326 5652 3529 5727 ἀφανές
3550 5653 3617 5709 Δ.

2238 5793 2431 5871 ξ’ξτῶν
2457 5797 2613 5854 θείων
2630 5799 2695 5854 Α.
2789 5798 2832 5831 ³⁷
2852 5793 3052 5857 αίδὸίον
3082 5826 3152 5839 --
3168 5793 3370 5871 δεινὸν]
3398 5794 3536 5856 αἰδοῖ
3551 5820 3620 5843 qs

1339 5867 1382 5899 ³⁸
1411 5868 1614 5938 πλῆρες
1661 5863 1855 5926 Sttitlas
1884 5882 1932 5922 v.
1976 5863 2126 5931 Εἶδος
2157 5887 2168 5922 ε
2209 5867 2420 5939 πλήρης
2445 5884 2503 5931 ς’
