4050 6390
526 402 663 470 1299

1683 404 1945 466 PHOTII
1982 401 2489 464 PATRIARCHzE
2522 401 2627 461 (ΣΡ.

3766 368 3810 390 Δ,

3639 394 3764 462 I300

522 522 711 575 eadem
745 532 849 573 vox
887 527 939 573 et
961 531 1074 589 pro
1112 517 1309 574 statuis
1344 536 1357 573 :
1407 518 1535 573 item
1580 534 1676 587 pro
1722 516 1905 586 templi
1951 516 2093 586 pavi-

2198 517 2450 584 προσεῖχε
2480 513 2571 567 τὸν
2594 512 2738 569 νοῦν.
2760 512 3024 583 Ἐξέμαθε
3066 512 3123 566 δὲ
3174 510 3269 565 καὶ
3318 510 3446 573 τοὺς
3479 509 3769 579 δημοσίους

522 618 722 666 mento.
759 608 949 665 Millies
987 609 1255 664 insomnia
1287 611 1442 675 vidit,
1478 622 1536 665 ut
1567 625 1673 665 uno
1702 609 1866 663 verbo
1891 607 2093 661 dicam.

521 701 701 757 Semel
732 715 861 756 vero
886 701 1049 756 etiam
1081 715 1266 756 verum
1310 702 1486 755 visum
1534 700 1789 771 apparuit
1821 698 2095 753 hominem

523 792 1007 862 circumspiciens,
1059 809 1156 864 pro
1185 803 1439 849 accurate
1475 790 1863 861 contemplans,
1899 796 2097 858 prater

520 892 840 938 consuetum
871 898 1077 939 morem
1107 883 1383 954 loquendi.
1414 882 1591 937 Liberi
1616 890 1774 938 erant
1806 882 1873 934 ab
1903 881 2093 933 huma-

520 974 607 1028 nis
642 974 1067 1043 impedimentis,
1114 990 1235 1045 quae
1288 974 1603 1046 plerumque
1638 983 1783 1029 sunt.
1830 971 1997 1028 Nemo
2039 972 2093 1025 in

518 1062 719 1118 divinis
750 1063 913 1120 rebus
952 1066 1086 1120 adeo
1124 1065 1288 1120 hebes
1324 1075 1425 1130 est,
1459 1065 1590 1133 quin
1633 1063 1835 1118 sentiat
1876 1076 2093 1116 omnem

524 1152 616 1209 Dei
646 1156 778 1221 vim,
813 1157 1050 1211 maxime
1081 1165 1259 1211 autem
1292 1156 1345 1212 in
1370 1155 1655 1226 puniendis
1681 1153 1955 1223 improbis.
1976 1151 2091 1206 Non

521 1245 801 1301 aberraret
828 1262 857 1301 a
897 1261 1021 1301 vera
1049 1261 1224 1313 musa,
1257 1247 1338 1302 vel
1369 1262 1397 1300 a
1437 1260 1591 1301 sacra
1619 1247 1868 1300 veritate.
1897 1243 2096 1313 351a

522 1340 668 1395 Socii
709 1338 850 1395 alius
894 1339 1187 1409 Opinionis,
1230 1348 1285 1394 et
1322 1348 1642 1401 sectatores,
1682 1344 1737 1391 et
1765 1336 1830 1389 ad
1857 1336 2098 1405 philoso-

520 1433 703 1500 phiam
776 1431 1192 1496 roborabantur,
1269 1443 1575 1497 quanquam
1648 1427 1803 1482 initio
1861 1426 2097 1496 philoso-

522 1520 721 1591 phandi
760 1521 1133 1576 dexteritatem
1169 1534 1274 1584 non
1305 1527 1745 1588 assequerentur.
1784 1517 1915 1573 Voto
1945 1534 2094 1583 usus,

520 1612 589 1668 ad
626 1611 944 1667 familiarem
985 1612 1388 1681 humanumque
1435 1625 1655 1665 sensum
1691 1625 1720 1665 a
1771 1613 2099 1680 portentosis

519 1705 754 1773 spectris
786 1704 969 1769 rediit,
1030 1713 1086 1759 et
1134 1703 1366 1758 elocavit
1398 1703 1463 1757 ad
1506 1712 1723 1773 tempus
1754 1703 2097 1758 matrimonio

2198 606 2442 668 ἅπαντας
2474 604 2567 659 τοῦ
2585 598 2968 676 Δημοσθένους
3000 602 3218 672 λόγους.
3255 602 3367 656 Kal
3412 602 3478 671 δή
3504 599 3689 669 λέγειν
3711 594 3770 669 ἦν

2201 695 2406 760 ἱκανὸς,
2436 694 2497 749 οὐ
2521 696 2649 758 τοὺς
2682 695 2834 758 νέους
2864 695 2909 726 ⁸⁸
2946 692 3284 763 μιμούμενος
3328 689 3615 760 σοφιστάς,
3644 688 3773 743 ἀλλά

2198 787 2335 859 πρὸς
2366 787 2459 840 τὸν
2496 788 2724 857 ἀρχαῖον
2751 787 2905 840 τόνον
2932 786 2973 817 ³⁸
3000 785 3099 855 τῆς
3135 782 3507 855 λογογραφίας
3534 780 3770 853 ἁμιλλώ-

2200 895 2381 949 μενος.
2414 879 2633 949 Ἀμέλει
2688 877 2785 931 καὶ
2811 876 3015 947 ἔγραψε
3046 875 3239 944 λόγους
3259 876 3320 928 οὐ
3372 874 3509 927 πολύ
3544 890 3600 926 τι
3634 873 3771 925 ἐκεί-

2197 988 2305 1025 νων
2354 969 2728 1039 λειπομένους,
2788 967 2948 1041 ῑιοθε)
3004 964 3095 1039 8.]
3158 966 3488 1028 ἀνυπόδετος
3551 961 3771 1033 περιιὼν

2196 1065 2298 1134 τήν
2361 1061 2714 1131 οἰκουμένην,
2763 1059 2839 1125 ὼς
2894 1059 3063 1130 φάναι
3087 1057 3244 1128 λόγον
3272 1058 3338 1125 ³⁸,
3378 1058 3624 1111 ἃπασαν.
3661 1056 3771 1108 Ὀτι

2199 1154 2268 1208 τά
2293 1154 2384 1223 ἐδη
2411 1154 2506 1206 καὶ
2531 1152 2624 1207 ἐπὶ
2642 1152 2823 1206 αὐτῶν
2851 1151 3121 1221 λαμϐάνει
3149 1150 3258 1205 τῶν
3285 1150 3554 1221 τεμενῶν,
3583 1148 3770 1201 τάττε-

2197 1261 2286 1298 ται
2316 1245 2373 1298 δὲ
2401 1244 2495 1299 καὶ
2527 1245 2618 1297 ἐπὶ
2646 1243 2756 1296 τῶν
2784 1243 3121 1314 ἀγαλμάτων
3140 1259 3156 1275 ο
3186 1242 3402 1311 λέγεται
3441 1241 3501 1294 δέ
3531 1240 3654 1303 ἐδος
3686 1239 3771 1293 καὶ

2198 1337 2259 1389 τὸ
2282 1336 2475 1403 ἔδαφος
2523 1334 2617 1388 τοῦ
2676 1335 2801 1388 νεώ.
2838 1335 3005 1405 Ὀναρ
3046 1335 3147 1405 μὲν
3190 1334 3451 1405 μυριάκις
3490 1332 3679 1403 παρῆν
3706 1330 3770 1393 ὡς

2200 1428 2367 1495 φάναι
2387 1425 2448 1478 τὸ
2472 1425 2624 1492 ἔπος,
2647 1425 2795 1490 ἀπαξ
2812 1425 2871 1480 δέ
2898 1426 2995 1480 καὶ
3017 1425 3167 1497 ῦπαρ
3192 1426 3237 1457 ³·
3262 1424 3438 1493 ἐφάνη
3467 1423 3533 1476 τδ
3561 1421 3768 1492 φάσμα.

2200 1515 2613 1587 Περιορὼμενον
2694 1518 2786 1569 τὸν
2850 1517 3138 1587 ἄνθρωπον
3193 1516 3315 1569 ἀντὶ
3356 1514 3452 1568 τοῦ
3505 1512 3773 1583 ἐμϐλέπου

2199 1610 2465 1680 ἀκριϐῶς,
2492 1607 2827 1662 ἐπισκοποῦν
2854 1608 2923 1672 ³³,
2983 1608 3243 1672 ἐναντίως
3278 1607 3381 1679 τῆς
3411 1607 3519 1660 τῶν
3568 1605 3771 1659 πολλῶν

2198 1704 2467 1771 χρήσεως.
2493 1700 2790 1755 Ἀκὼλυτοι
2812 1700 3061 1771 διέμενον
3090 1700 3195 1754 ὑπὸ
3216 1700 3325 1753 τῶν
3346 1699 3618 1754 εἰωθότων
3639 1699 3770 1751 κατά

520 1807 728 1866 aptum.
758 1798 863 1852 Sed
894 1798 1057 1852 etiam
1099 1794 1455 1865 philosophia:
1502 1794 1690 1848 induto
1740 1794 1923 1863 pallio,
1978 1802 2093 1847 tan-

2198 1794 2259 1846 τὸ
2294 1792 2634 1863 ἀνθρώπινον
2676 1792 2724 1826 ³⁸
2776 1792 3139 1863 κωλυμάτων.
3196 1791 3385 1855 οὐδείς
3438 1792 3592 1844 ἐστιν
3638 1789 3772 1842 οὕτω

518 1854 681 1957 quam
710 1902 907 1956 sponsa
935 1854 1382 1957 philosophica-in
1410 1884 1611 1938 divinis
1629 1884 1788 1938 rebus
1810 1896 2093 1941 exercente

2200 1886 2260 1937 τὸ
2289 1854 2445 1938 Θετον
2485 1854 2968 1954 ἐκκεκωφημένος,
3023 1882 3082 1947 δς
3109 1882 3212 1936 οὐκ
3261 1854 3581 1936 αίσθάνεται
3612 1881 3769 1937 αὑτοῦ

526 1972 810 2044 religione,
845 1984 899 2031 et
930 1988 1268 2045 quaecunque
1298 1972 1500 2037 eﬂ'erri,
1534 1984 1589 2028 et
1624 1989 1957 2045 quaecunque
1993 1990 2093 2031 non

2202 1977 2301 2046 τῆς
2327 1976 2611 2046 ἐνεργείας
2643 1976 2826 2045 πάσης
2850 1976 2971 2046 μὶν,
3004 1976 3103 2045 οὐχ
3152 1976 3353 2045 ἥκιστα
3410 1974 3467 2028 δὲ
3494 1974 3597 2043 τῆς
3620 1974 3770 2026 κολαο

518 2054 701 2115 επεττί
727 2071 974 2129 possunt.
1008 2060 1101 2117 llle
1126 2061 1577 2129 Aphrodisiadem
1610 2064 1856 2129 secessit,
1886 2074 1939 2117 et
1974 2079 2093 2119 cmn

2201 2067 2401 2137 ζούσης
2439 2066 2564 2129 τοὺς
2588 2065 3025 2136 ἁμαρτάνοντας.
3058 2064 3173 2118 Οὐκ
3196 2064 3262 2117 ἂν
3278 2063 3521 2134 ἁμάρτοι
3552 2062 3772 2131 Μούσης

519 2163 689 2205 uxore
722 2150 842 2207 sine
868 2152 1055 2208 liberis
1081 2154 1231 2207 vixit.

2198 2154 2452 2225 ἀληθοῦς,
2478 2155 2511 2225 ἢ
2535 2156 2635 2208 οὐκ
2686 2154 2753 2208 ἀν
2808 2154 3045 2226 ἁμάρτοι
3092 2153 3348 2225 ἀληθείας
3375 2155 3552 2223 ἱερᾶς.
3583 2152 3654 2208 Oi.
3681 2152 3774 2222 τῆς

518 2243 820 2315 ἀλλοφύλου
892 2248 1049 2320 δόξης
1105 2250 1310 2319 ἑταῖροι
1377 2250 1471 2303 καὶ
1529 2249 1917 2306 συστασιῶται.
1978 2251 2088 2305 Καὶ
2126 2252 2262 2322 πρὸς
2296 2252 2342 2284 ³⁸
2365 2251 2685 2322 φιλοσοφίαν
2724 2252 2983 2324 έρῤωντο,
3019 2251 3198 2305 καίτοι
3244 2251 3416 2323 ἀρχὴν
3457 2248 3776 2321 ἀτυχοῦντες

519 2337 828 2408 εὐαγωγίας
856 2339 1168 2410 φιλοσόφου.
1214 2342 1323 2397 Kal
1368 2345 1432 2414 τῇ
1470 2344 1602 2415 εὐχῇ
1635 2343 1978 2413 χρησάμενος
2006 2345 2088 2407 είς
2124 2344 2223 2415 τὴν
2249 2345 2452 2416 συνήθη
2499 2345 2596 2400 καὶ
2634 2345 3000 2417 ’ἀνθρωπίνην
3059 2344 3311 2414 αἴσθησιν
3358 2343 3468 2400 ἀπὸ
3513 2345 3625 2399 τῶν
3685 2344 3775 2399 ἀλ-

520 2427 754 2484 λοκότων
806 2430 985 2500 ὄψεων
1024 2432 1314 2502 ἐπανῆλθε.
1375 2434 1486 2488 Kal
1518 2434 1581 2505 δὴ
1616 2434 1878 2499 ἐξέδωκεν
1908 2435 2209 2506 ἱκνουμένῳ
2238 2435 2284 2468 ⁸⁸
2348 2436 2429 2507 τῷ
2474 2437 2569 2491 τοῦ
2650 2437 2833 2507 γάμου
2904 2436 3107 2508 καιρῷ.
3175 2436 3338 2489 Ἀλλά
3377 2437 3474 2489 καὶ
3539 2437 3774 2507 τρίϐωνα

520 2517 832 2589 περιϐαλὼν
862 2520 1179 2591 φιλοσοφίας
1204 2524 1269 2590 ",
1298 2523 1373 2587 ὡς
1393 2523 1699 2593 φιλόσοφον,
1729 2524 1825 2595 τήν
1844 2523 2081 2595 νύμφην.
2148 2526 2259 2597 Τῆς
2302 2529 2430 2599 περὶ
2474 2528 2543 2583 τά
2590 2528 2708 2582 θεία
2757 2528 3144 2599 διατριϐούσης
3195 2528 3518 2599 θρησκείας,
3565 2530 3667 2597 ὅση
3719 2533 3773 2580 τι

518 2613 661 2683 ῥητὴ
726 2616 820 2668 καὶ
859 2615 959 2686 ὅση
995 2616 1325 2689 ἀπόρρητος.
1380 2618 1504 2672 Οὐδ’
1535 2618 1581 2650 ³⁸
1613 2620 1692 2682 είς
1714 2618 2095 2689 Ἀφροδισιάδα
2136 2623 2487 2693 μετεχώρησε
2544 2622 2896 2693 παράκλητος
2923 2624 2987 2678 ³⁸.
3022 2622 3262 2676 ’Δπαιδα
3298 2622 3409 2676 ϐίον
3430 2625 3500 2692 τῇ
3562 2620 3776 2689 γυναικὶ

522 2718 588 2760 συ
597 2704 927 2776 μϐεϐίωκεν.

592 2796 825 2852 Hilarius
855 2797 1225 2868 philosophus,
1250 2814 1436 2855 amans
1463 2800 1766 2871 voluptates
1792 2815 2082 2865 venereas,

2253 2797 2309 2852 '0
2321 2798 2378 2852 δὲ
2401 2797 2626 2867 ’ῐλάριος
2639 2798 2685 2828 ⁵⁸
2704 2796 3005 2867 φιλοσοφῶν
3025 2796 3427 2868 μὲν,ἐκδεδιητη
3436 2796 3669 2865 μένοςδὲ
3682 2798 3774 2861 τάς

519 2890 714 2947 Proclo
736 2906 841 2947 non
861 2900 945 2947 est
974 2906 1103 2948 usus
1133 2894 1411 2963 magistro.
1445 2895 1591 2949 Dixit
1620 2910 1935 2964 persuasum
1968 2897 2087 2950 lon-

2198 2890 2588 2960 ὑπογαστρίους
2612 2888 2828 2960 ήδονάς.
2860 2890 2961 2943 οὐκ
2991 2890 3149 2959 ἐτυχε
3168 2888 3411 2959 Πρόκλου
3436 2887 3773 2944 διδασκάλου.

520 2982 724 3051 giorem
752 2982 855 3038 sibi
885 2981 1001 3038 fore
1027 2983 1080 3038 in
1113 2999 1341 3055 corpore
1381 2986 1567 3051 vitam,
1603 2988 1672 3042 ob
1706 2987 2086 3041 dexteritatem

2198 2981 2485 3036 Πεπεῖσθαι
2534 2981 2685 3049 ἐλεγε
2737 2980 3236 3051 πολυχρονιώτερόν
3281 2982 3332 3034 οἱ
3374 2982 3636 3050 γενέσθαι
3689 2984 3771 3063 τὸν

519 3073 708 3129 uxoris
738 3092 752 3129 :
786 3081 843 3130 et
878 3074 992 3130 haec
1035 3075 1191 3141 dixit,
1233 3092 1335 3131 non
1365 3086 1575 3147 gratum
1619 3079 1721 3133 sibi
1754 3094 1876 3134 esse
1924 3080 2091 3133 conli-

2195 3073 2335 3143 μετά
2358 3074 2451 3127 τοῦ
2490 3073 2740 3143 σώματος
2767 3072 2879 3143 βίον
2922 3072 3011 3127 διά
3053 3074 3152 3144 τὴν
3186 3074 3470 3145 δεξιότητα
3534 3075 3637 3145 τῆς
3684 3093 3775 3145 γυ⁴

522 3176 663 3233 tens,
688 3175 746 3221 ut
771 3165 931 3222 alicui
963 3168 1130 3223 videri
1168 3170 1356 3237 possit,
1388 3170 1482 3224 sed
1509 3185 1651 3241 aegre
1676 3169 1857 3226 ferens
1884 3186 2088 3226 moram

2198 3163 2398 3226 ναικός.
2425 3163 2535 3217 Kal
2579 3162 2751 3218 ταῦτα
2804 3163 2987 3232 ἔλεγεν
3024 3165 3086 3217 ού
3142 3165 3302 3235 χάριν
3359 3166 3664 3237 ὁμολογῶν,
3701 3168 3773 3229 ὡς

520 3256 576 3312 in
601 3271 850 3327 corpore,
878 3266 933 3314 et
956 3260 1023 3313 ad
1049 3273 1270 3315 uxorem
1297 3260 1559 3326 referens,
1588 3271 1849 3331 quantum
1884 3263 2089 3317 homini

2198 3256 2260 3309 ἀν
2283 3272 2360 3327 τῳ
2388 3256 2613 3323 δόξειεν,
2651 3257 2789 3311 ἀλλά
2832 3258 3198 3327 δυσχεραίνων
3233 3256 3365 3327 πρὸς
3397 3257 3521 3330 [571
3554 3257 3649 3329 IL]
3668 3259 3765 3329 τὴν

520 3346 671 3415 licet,
703 3349 895 3406 mortis
943 3350 1281 3417 dilationem,
1316 3353 1611 3423 uxorisque
1649 3353 1887 3409 laudavit
1918 3353 2092 3409 facili-

520 3446 714 3505 tatem,
743 3447 799 3495 et
838 3439 1137 3495 collaatatus
1186 3451 1291 3496 est.
1323 3442 1465 3498 Deus
1495 3444 1722 3511 primam
1765 3446 2089 3499 matrimonii

520 3541 673 3597 spem
710 3528 1020 3596 miseratus,
1044 3530 1192 3585 dedit
1226 3531 1300 3601 illi
1334 3534 1547 3602 signum
1582 3533 1776 3589 futura:
1799 3536 2005 3604 stirpis,
2040 3544 2095 3591 et

519 3620 735 3675 tandem
757 3636 979 3676 uxorem
1004 3638 1153 3676 suam
1184 3625 1414 3679 maritus
1438 3625 1714 3695 gravidam
1734 3626 1887 3683 vidit.
1905 3627 2093 3683 Ascle-

518 3706 745 3778 plodoto
795 3712 1049 3775 tenebrae,
1094 3713 1385 3781 quominus
1436 3713 1661 3782 legeret,
1712 3716 2094 3785 impedimento

521 3813 627 3853 non
651 3807 825 3856 erant.
854 3799 1107 3857 Narravit
1129 3813 1183 3858 et
1213 3804 1337 3871 alia,
1372 3820 1493 3875 quae
1516 3808 1795 3875 audiisset,
1817 3818 1869 3863 et
1898 3811 1961 3865 de
1977 3810 2093 3877 ejus

520 3891 639 3944 visa
677 3891 844 3944 multa
874 3893 1035 3961 digna
1072 3895 1455 3951 admiratione.
1493 3896 1603 3951 Vox
1629 3897 1912 3966 cuiusnam
1946 3908 2095 3954 esset

521 3978 810 4043 incertum,
861 3998 1049 4037 navem
1077 3985 1466 4056 sisterejussit,
1501 3999 1557 4044 et
1594 3990 1661 4045 de
1697 3991 1958 4061 όμακοῖου
1986 3999 2093 4057 est,

519 4072 663 4142 quod
710 4072 811 4143 ipsi
858 4074 1101 4130 videmus
1134 4085 1190 4131 et
1236 4078 1505 4135 audimus.
1543 4080 1609 4135 Et
1648 4096 1818 4150 usque
1846 4082 1912 4135 ad
1945 4097 2094 4136 mor-

523 4170 632 4217 tem
682 4170 866 4217 castus
905 4163 1060 4229 vixit,
1112 4179 1213 4219 nec
1265 4166 1552 4235 quisquam
1599 4179 1703 4232 est,
1750 4171 1910 4225 etiam
1954 4171 2095 4226 inter

522 4249 795 4319 inimicos,
839 4252 931 4320 qui
970 4266 1092 4306 eum
1137 4256 1565 4323 reprehenderit.
1627 4258 1867 4314 Marinus
1907 4261 2090 4331 inepto

522 4340 763 4411 ingenio,
805 4356 907 4396 nec
934 4343 1289 4400 excellentem
1330 4345 1670 4403 Parmenidis
1696 4353 2091 4420 expositionem

520 4435 870 4499 praeceptoris
892 4430 973 4485 sui
1005 4430 1147 4499 tulit,
1167 4432 1233 4487 ad
1262 4432 1409 4488 ideas
1432 4450 1559 4489 vero
1581 4438 2092 4505 contemplationem

2194 3352 2254 3403 ἐν
2285 3350 2501 3420 σώματι
2521 3350 2823 3420 διατριϐὴν,
2862 3350 2954 3402 καὶ
2985 3352 3064 3411 εἰς
3092 3349 3308 3418 ἐκείνην
3333 3350 3647 3421 ἀναφέρων,
3675 3351 3769 3404 ὅσα

2194 3456 2258 3507 γε
2286 3442 2365 3503 είς
2404 3439 2727 3510 ἄνθρωπον,
2778 3438 2875 3509 τὴν
2908 3438 3001 3492 τοῦ
3050 3438 3280 3492 θανάτου
3332 3440 3626 3510 ἀναϐολήν.
3667 3441 3770 3494 Kal

2194 3533 2293 3599 τῆς
2328 3531 2587 3599 γυναικὸς
2621 3530 2811 3601 ἐπῄνει
2870 3531 2968 3602 τὴν
3018 3532 3349 3600 εὐαγωγίαν,
3368 3533 3463 3585 καὶ
3498 3533 3765 3602 συνήδετο.

2194 3624 2549 3694 Κατελεήσας
2596 3622 2691 3675 τοῦ
2718 3622 2897 3693 γάμου
2932 3623 3030 3687 τὰς
3083 3622 3307 3694 πρώτας
3339 3623 3563 3687 ἐλπίδας
3592 3626 3621 3677 ὁ
3644 3624 3769 3687 Θεὸς

2195 3715 2368 3768 ἐδίδου
2400 3713 2667 3782 σύμϐολον
2700 3714 2797 3784 τῆς
2835 3714 3097 3785 ἐσομένης
3136 3715 3319 3784 γονῆς·
3352 3717 3449 3768 καὶ
3479 3715 3581 3785 τὴν
3606 3732 3767 3785 γαμε-

2194 3805 2292 3874 τὴν
2329 3804 2513 3858 λοιπὸν
2543 3802 2691 3874 ἐώρα
2712 3805 2937 3857 ἐπίτεκα
2969 3801 3135 3859 οὖσαν
3183 3806 3212 3859 ό
3254 3806 3414 3875 ἀνήρ.
3450 3807 3563 3859 Kal
3622 3805 3769 3858 οὐδὲν

2195 3895 2449 3966 ἐμποδὼν
2490 3896 2624 3966 πρὸς
2655 3897 2755 3968 τήν
2815 3897 3123 3964 ἀνάγνωσιν
3172 3897 3250 3966 τῷ
3285 3898 3767 3968 Ἀσκληπιοδότῳό

2196 3986 2388 4049 σκότος
2412 3987 2621 4052 ἐγίνετο
2649 3986 2715 4040 ⁸¹.
2751 3988 2999 4057 Διηγείτο
3029 3987 3086 4040 δέ
3142 3986 3275 4040 ἄλλα
3312 4005 3370 4039 τε
3432 3980 3508 4040 ὧν
3546 3989 3766 4057 ἀκήκοε.

2194 4079 2379 4150 καὶδὴ
2411 4078 2503 4131 καλ⁵
2525 4078 2624 4145 τῆς
2677 4078 2843 4130 αὐτοῦ
2889 4078 3064 4148 ὅψεως
3126 4078 3225 4130 οὐκ
3281 4078 3437 4145 ὀλίγα
3494 4079 3767 4149 θαύματος

2194 4169 2339 4234 ἄξια.
2384 4168 2445 4222 Ἦ
2467 4169 2512 4221 δ’
2547 4168 2821 4235 ἄγνωστος
2847 4169 2999 4238 φωνὴ
3026 4168 3150 4221 ὅτου
3182 4168 3268 4238 εἴη
3294 4169 3393 4237 τὴν
3446 4168 3584 4223 ναῦν
3646 4170 3768 4222 ἀνα-

2195 4259 2465 4331 κωχάζειν
2499 4260 2742 4315 ἐκέλευε.
2766 4260 2872 4313 Τοῦ
2903 4262 2946 4291 δ’
2969 4260 3273 4330 όμμακοῖου
3311 4261 3356 4291 ⁸³
3377 4260 3481 4329 τῆς
3513 4262 3768 4329 αύτοψίας

2196 4356 2289 4407 καὶ
2312 4353 2480 4423 ἀκοῆς
2504 4354 2640 4422 ἅμα.
2668 4354 2773 4407 Καὶ
2798 4352 3096 4406 διετέλεσεν
3120 4354 3248 4423 άχρι
3277 4353 3513 4407 θανάτου
3566 4354 3767 4423 ἀμιγὴς

2198 4444 2399 4507 παντὸς
2449 4444 2718 4515 σώματος.
2772 4444 2895 4498 Οὐδ’
2944 4444 3091 4498 ἐστιν
3144 4446 3287 4508 ὅστις
3336 4446 3767 4517 ἐσυκοφάντησεν

522 4520 763 4585 demisit,
800 4535 829 4573 a
876 4522 1379 4590 superuaturalibus
1430 4524 1777 4581 unitatibus:
1825 4526 1993 4581 Firmi
2042 4537 2093 4584 et

2199 4536 2360 4589 αὐτὸν
2384 4536 2476 4588 ἐπὶ
2501 4537 2777 4600 τοιαύταις
2799 4536 3095 4601 διαϐολαῖς,
3125 4537 3245 4590 οὐδὲ
3273 4537 3382 4590 τῶν
3420 4537 3680 4607 ἐχθίστων
3697 4536 3766 4590 ⁵⁸.

522 4613 713 4671 Caleni
753 4617 1066 4673 notionibus
1106 4628 1163 4672 ut
1200 4619 1490 4691 plurimum
1526 4633 1728 4687 motus,
1774 4632 1869 4678 aut
1915 4623 2093 4677 incor-

521 4710 701 4780 ruptis
726 4710 1080 4781 conceptibus
1111 4716 1307 4768 mentis
1328 4714 1608 4769 beatorum
1634 4716 1894 4771 virnruin.
1928 4714 2095 4771 Justi-

523 4801 653 4854 tiam
682 4801 870 4869 coluit,
905 4812 959 4858 et
991 4818 1110 4874 quae
1149 4804 1524 4875 pbilos0plmtn
1559 4808 1772 4872 decent,
1810 4822 1916 4862 non
1957 4808 2093 4861 adu-

520 4892 748 4950 latnrios
777 4910 978 4960 mores,
1014 4907 1107 4950 aut
1135 4895 1403 4951 sordidos.
1432 4896 1671 4950 Marinus
1695 4906 1914 4966 propter
1946 4897 2094 4951 sedi-

519 4985 723 5041 tionem
774 4987 1006 5044 Athenis
1054 4989 1381 5058 Epidaurutn
1430 4989 1678 5053 secessit,
1728 4989 2090 5044 subodoratus

521 5078 750 5133 insidias
802 5079 924 5134 vitae
961 5092 1322 5148 comparatas.
1351 5081 1591 5136 Marinus
1625 5092 1678 5137 et
1715 5082 1830 5151 ipse
1872 5081 2095 5136 Proclus

521 5185 630 5224 non
664 5185 767 5224 una
799 5170 990 5238 solum,
1021 5172 1216 5243 351!)
1261 5177 1354 5228 sed
1399 5175 1661 5228 ambabus
1694 5174 1943 5228 manibus
1988 5172 2091 5227 lsi-

522 5261 714 5316 dorum
760 5261 995 5332 amplexi
1044 5273 1190 5319 sunt.
1237 5264 1458 5319 Proclus
1502 5265 1690 5320 videns
1734 5265 1874 5319 illius
1919 5264 2085 5319 animi

2212 4628 2271 4681 '0
2309 4628 2365 4681 δέ
2398 4629 2637 4698 Μαρϊνος
2663 4628 2709 4662 ⁸⁸
2735 4629 2813 4698 τῷ
2847 4629 3021 4700 ἀτόνῳ
3080 4630 3181 4699 τῆς
3235 4630 3450 4699 φύσεως
3505 4630 3627 4683 οὐδὲ
3674 4629 3767 4682 τοῦ

2204 4719 2539 4789 Παρμενίδου
2559 4721 2658 4791 τὴν
2686 4719 3085 4791 ὑπεραίρουσαν
3110 4721 3369 4791 ἐξήγησιν
3398 4721 3495 4775 τοῦ
3512 4722 3766 4777 διδασκά-

2201 4808 2293 4861 λου
2325 4808 2575 4879 ήνεγκεν,
2611 4809 2703 4861 ἐπὶ
2736 4810 2803 4862 τὰ
2832 4810 2948 4879 είδη
2969 4810 3026 4863 δέ
3053 4811 3153 4879 τὴν
3179 4810 3413 4881 θεωρίαν
3458 4812 3768 4882 κατήγαγεν

2202 4900 2310 4953 ἀπὸ
2330 4899 2438 4951 τῶν
2465 4900 2804 4969 ύπερουσίων
2830 4900 3031 4953 ἐνάδων
3057 4901 3123 4963 ⁸⁸,
3147 4904 3268 4965 ταῖς
3293 4902 3503 4972 ⁴Ιδίρμου
3548 4903 3643 4957 καὶ
3668 4903 3768 4954 Γα-

2202 4987 2363 5058 ληνοῦ
2392 4989 2451 5041 τὸ
2490 4988 2651 5041 πλέον
2699 4989 2929 5053 ἐννοίαις
2986 4989 3370 5061 ἐπισπώμενος
3422 4992 3455 5062 ἢ
3489 4994 3609 5053 ταῖς
3632 4992 3766 5059 ἀιιη⁹

2202 5080 2383 5151 ράτοις
2431 5078 2708 5144 ἐπιϐολαῖς
2777 5079 2885 5133 τῶν
2933 5081 3221 5151 μακαρίων
3269 5081 3497 5151 ἀνδρῶν.
3554 5080 3769 5151 Ἐθερά-

2203 5189 2335 5224 πευε
2366 5172 2410 5203 ⁸⁷
2440 5172 2508 5224 τά
2537 5170 2720 5225 δίκαια
2764 5172 2859 5225 καὶ
2884 5172 3170 5243 φιλοσοφία
3216 5173 3515 5243 πρέποντα,
3568 5172 3676 5226 ἀλλ’
3701 5174 3764 5224 οὐ

2196 5264 2287 5317 τὸν
2312 5264 2472 5317 θῶπα
2506 5264 2707 5336 τρόπον
2731 5264 2827 5318 καὶ
2876 5264 3165 5334 βάναυσον.
3224 5268 3323 5319 Διά
3365 5266 3466 5336 τὴν
3516 5266 3699 5319 στάσιν
3730 5265 3761 5315 ό

1776 5440 2007 5496 VARI/8
2042 5440 2446 5499 LECTIONES.

596 5581 639 5613 "
658 5580 834 5651 νέους]
868 5576 1161 5651 νεωτέρους
1195 5578 1639 5651 ἐκμιμησάμενος
1669 5578 1864 5651 Suidas
1896 5596 1948 5651 v.
1975 5581 2130 5651 [Ιίνος
2156 5621 2171 5647 ,
2206 5580 2503 5651 νεωτέρους
2528 5580 2933 5651 ἐκμιμούμενος
2968 5579 3105 5651 idem
3138 5592 3191 5631 v.
3228 5572 3551 5651 Σαλούστιος
3591 5566 3763 5635 οὗτος.

523 5649 572 5685 "
594 5652 743 5704 τόνον
767 5648 858 5704 A':
884 5648 1044 5702 πόνον
1073 5664 1111 5713 ς

1153 5657 1368 5736 praestat
1389 5649 1763 5736 quidzn‘arivox.
1787 5720 1801 5736 θ
1838 5649 1879 5681 ³⁸
1902 5649 2045 5736 λόγω
2074 5649 2137 5705 Β.
2210 5651 2256 5683 ³⁸
2291 5649 2640 5736 ῦπαρκέφάνη
2677 5651 2723 5703 Α
2756 5649 3117 5736 ε’ὐπξρεφάνη
3149 5664 3209 5713 ς.

3286 5646 3332 5677 ³³
3366 5642 3677 5707 διεσκόπουν
3698 5659 3763 5708 ς.

525 5722 572 5800 ff
596 5720 688 5772 τὸν
726 5712 1101 5800 ἀνθρωπονιὶ.
1133 5712 1437 5800 ιζ”ῼπφςλ
1457 5720 1535 5783 είς
1682 5720 1747 5800 ,³⁸
1787 5712 2122 5800 ίκιανουμένῳ
2166 5738 2273 5800 ς...
2304 5721 2346 5800 ξ’
2378 5712 3045 5800 φιλοσοφίας-περιϐαλῶν
3194 5717 3268 5800 ’⁸⁸
3296 5713 3404 5800 οὑξ
3448 5714 3537 5800 Α]
3577 5712 3763 5800 ὀξὶς.

527 5791 571 5823 ³⁹
593 5788 960 5858 παρακληθεὶς
993 5788 1055 5841 Δ.

1132 5788 1177 5819 ⁸ο
1199 5789 1271 5843 cf.
1298 5775 1573 5860 'Su-idas'v.
1596 5790 1819 5860 Ἰλάριος
1834 5775 2157 5860 Ἀντιοχεύς.
2174 5775 2194 5782 ’
2232 5791 2276 5823 δ’
2300 5775 2516 5858 ἐγένετο
2541 5775 2606 5844 Δ’.
2674 5775 2839 5842 ’δ’τοῦ
2860 5807 2952 5843 out
2972 5789 3067 5860 AB._
3095 5775 3163 5860 ’ξ’
3184 5788 3213 5841 ὁ

3298 5784 3445 5838 κοῖου
3472 5799 3539 5853 ς.
3612 5783 3764 5853 ’δίχ-

526 5852 723 5914 θίστών
752 5852 861 5916 οιιὶ.
898 5859 958 5915 Β.
1030 5858 1073 5891 δ’
1096 5859 1370 5931 Μαριανὸς
1404 5862 1469 5916 Α.
1546 5862 1589 5893 ⁸⁸
1623 5852 1844 5934 ἐνάδων]
1874 5865 1929 5916 ἐν
1953 5852 2079 5932 ᾆδ’ὀυ
2115 5852 2155 5915 Β
2183 5869 2238 5917 el
2267 5852 2413 5917 corr.
2444 5860 2509 5915 Α.
2586 5860 2629 5894 ⁸⁷
2662 5858 2984 5932 ἐθεράπευε]
3014 5858 3085 5916 εί.
3106 5852 3301 5916 Suidas
3323 5870 3374 5911 v.
3402 5852 3613 5916 Θῶπες.
