4050 6414
301 437 435 504 1301

1369 443 1893 505 BIBLIOTHECA.
1920 453 2001 477 ι-
2049 441 2214 502 con.
2254 395 2529 502 coxiu.

3421 438 3553 501 1302

295 539 540 622 Μαρῖνος
563 551 623 620 ἐξ
653 551 896 623 Ἀθηνῶν
931 551 1010 616 είς
1045 552 1368 622 Ἐπίδαυρον
1417 554 1752 625 ἀνεχώρησε,
1780 554 1878 619 τὰς

1988 552 2309 608 indeiessam
2345 552 2704 617 alacritatem,
2750 552 2994 608 discendi
3047 565 3295 608 amorem
3330 552 3554 605 Insatia-

291 639 425 710 ἄχρι
448 640 547 694 τοῦ
571 640 825 712 σώματος
857 641 1218 704 ἐκϐαινούσας
1243 643 1536 707 ἐπισουλάς
1588 644 1876 716 ὑφορώμε-

293 747 407 794 νος.
455 730 515 784 '0
539 731 598 785 δὲ
654 733 920 804 Μαρῖνος,
967 734 1062 786 καὶ
1115 733 1276 796 αὐτὸς
1327 736 1355 788 6
1400 734 1662 806 Πρόκλος,
1707 734 1767 788 ού
1808 736 1874 805 τῇ

295 822 460 896 ἐτέρᾳ
505 823 687 895 μόνον,
707 823 822 877 ἀλλ’
843 825 1045 896 ἀμφοῖν
1069 829 1181 879 τοῖν
1201 826 1246 858 ιε
1275 829 1452 896 χεροῖν
1473 827 1564 880 τοῦ
1603 827 1872 897 Ἰσιδώρου

296 912 657 984 περιείχοντο.
698 915 757 968 '0
783 915 841 968 δέ
867 916 1109 987 Πρόκλος
1147 917 1292 988 ὁρῶν
1339 917 1504 972 αὐτοῦ
1534 917 1631 990 τὴν
1665 919 1872 990 προθυ-

296 1004 432 1074 μίαν
461 1006 691 1075 ἄτρυτον
713 1003 878 1060 οὖσαν
904 1009 997 1062 καὶ
1036 1011 1135 1078 τὴν
1165 1010 1520 1078 φιλομάθειαν
1555 1011 1871 1082 ἀκόρεστον,

295 1094 483 1163 πηγὰς
508 1095 682 1164 λόγων
714 1098 793 1158 είς
819 1097 918 1168 τὴν
947 1098 1154 1152 ἐκείνου
1189 1098 1365 1169 ψυχὴν
1391 1099 1572 1167 ἀφιεὶς
1628 1098 1788 1169 ἱερῶν
1814 1116 1873 1152 τε

293 1187 391 1239 καὶ
417 1186 744 1257 φιλοσόφων,
801 1188 1136 1258 γαννύμενος
1184 1189 1332 1260 αύτῷ
1363 1190 1586 1243 διετέλει
1612 1191 1874 1244 πλατεῖαν

294 1276 548 1346 ύπέχοντι
581 1279 674 1332 καὶ
700 1279 959 1350 ἀριήκοον
985 1279 1085 1350 τὴν
1127 1281 1226 1350 τῆς
1281 1281 1520 1344 διανοίας
1579 1281 1873 1353 ὑποδοχήν.

294 1364 424 1432 Εἷξε
453 1367 640 1431 δεδιὼς
667 1370 766 1440 τὴν
791 1370 1053 1440 ἐκατέρου
1077 1371 1395 1441 ἐπιτίμησιν
1423 1374 1520 1425 καὶ
1545 1372 1660 1442 ἅμα
1690 1372 1872 1444 λύπην

293 1458 730 1528 ἀγανακτοῦσαν.
757 1461 1008 1514 Ἔσεισεν
1059 1462 1321 1532 ὑπερφυῆ
1350 1479 1472 1517 τινα
1528 1463 1750 1534 σεισμὸν
1778 1465 1875 1517 καὶ

293 1551 358 1602 οὐ
378 1549 594 1618 φύσεως
621 1550 862 1618 ἔκγονον.
886 1547 994 1604 Ἦν
1011 1550 1120 1622 άρα
1142 1568 1225 1615 τις
1253 1552 1472 1622 Ἀττικὴ
1488 1554 1647 1623 γυνὴ,
1676 1554 1877 1617 πολλὰς

293 1643 472 1696 εἰδυῖα
507 1642 754 1713 μηχανὰς
797 1644 878 1707 είς
908 1643 1072 1716 [1072
1089 1641 1184 1715 R.]
1213 1643 1408 1710 πειθὼ,
1432 1643 1506 1707 ὡς
1535 1644 1787 1711 διέδειξεν
1807 1645 1873 1700 δ’.

295 1734 372 1786 Ού
398 1736 498 1805 μιᾷ
529 1735 574 1767 ⁸⁸
600 1737 742 1806 χειρὶ
770 1735 1108 1806 δωρούμενος
1145 1735 1270 1806 ἀλλ’,
1292 1736 1516 1805 ἀμφοῖν,
1574 1735 1718 1788 κατά
1769 1737 1870 1806 τὴν

294 1826 621 1894 παροιμίαν.
653 1826 904 1889 Τοιοῦτος
923 1822 990 1897 ἦν
1014 1826 1074 1880 τό
1102 1842 1163 1879 τε
1203 1825 1249 1858 ⁵⁸
1297 1825 1458 1896 σῶμα
1506 1825 1602 1879 καὶ
1647 1825 1744 1898 τὴν
1770 1825 1876 1896 ψυ-

1979 643 2369 709 bilem,multas
2395 643 2448 696 in
2475 642 2622 697 illius
2651 642 2888 696 animum
2918 643 3167 697 derivare
3200 640 3476 696 doctrinas
3499 648 3556 692 et

1986 749 2173 791 sacras
2188 743 2242 788 et
2269 733 2665 803 phil050plticas
2683 733 2922 803 gaudens
2943 735 3202 803 perrexit,
3229 735 3379 790 sinus
3398 749 3553 786 men—

1976 830 2048 883 tis
2082 827 2156 880 illi
2186 827 2492 895 pandentis,
2528 835 2582 879 et
2625 826 2873 880 audiendi
2916 827 3220 896 cupidinem
3257 825 3553 883 aﬂ'erentis.

1977 914 2155 968 Cessit
2178 925 2420 968 metuens
2443 915 2721 985 utriusque
2741 915 3240 984 reprehensionem,
3280 915 3555 984 querelam

1977 1010 2032 1057 et
2058 1001 2505 1071 indignationem.
2529 1001 2832 1058 Concitavit
2868 1002 3240 1057 incredibilem
3266 1004 3554 1071 quemdam

1983 1101 2212 1156 motum,
2248 1108 2479 1158 eumque
2508 1108 2611 1147 non
2653 1108 2680 1146 a
2716 1104 2908 1146 natura
2947 1093 3270 1161 profectum.
3311 1091 3436 1146 Fuit
3468 1107 3557 1145 sa-

1981 1199 2049 1239 ne
2074 1184 2253 1239 Attica
2297 1185 2508 1251 mulier,
2554 1200 2673 1254 quae
2709 1185 2905 1240 multas
2948 1194 3110 1240 norat
3151 1193 3295 1239 artes
3325 1199 3556 1253 persua-

1977 1275 2162 1342 dendi,
2196 1286 2255 1330 ut
2298 1275 2412 1344 ipse
2451 1277 2730 1340 docuerat,
2771 1292 2876 1330 non
2913 1291 3016 1330 una
3066 1290 3248 1340 manu,
3289 1285 3348 1329 ut
3382 1275 3558 1344 loqui-

1979 1382 2122 1430 mur,
2171 1367 2264 1422 sed
2310 1367 2574 1422 ambabus
2615 1367 2874 1436 largiens.
2922 1367 3071 1422 Talis
3111 1367 3213 1420 l‘uit
3243 1381 3475 1436 corpore
3504 1377 3559 1420 et

1977 1457 2183 1524 animo,
2237 1466 2294 1512 ut
2348 1457 2404 1523 ii,
2456 1473 2578 1512 cum
2629 1459 2827 1527 quibus
2872 1457 3292 1527 colloqueretur,
3344 1456 3559 1526 quando

1981 1557 2192 1616 tempus
2217 1558 2354 1613 erat,
2389 1549 2677 1604 severitate
2705 1560 2758 1604 et
2801 1550 3104 1604 constantia
3134 1564 3341 1603 morum
3368 1549 3560 1602 verbo-

1980 1654 2208 1709 rumque
2253 1640 2657 1709 obstupuerint.
2698 1639 2981 1696 Cratiosns
3011 1650 3128 1694 erat
3161 1642 3298 1709 apud
3349 1639 3559 1709 gratio-

1978 1743 2088 1783 sos.
2140 1727 2285 1782 Loco
2313 1727 2668 1797 philosOphiae
2701 1728 2903 1796 otiique
2938 1726 3130 1794 felicis,
3163 1727 3228 1780 ad
3260 1727 3556 1795 rempubhi-

1978 1836 2096 1876 cam
2146 1821 2384 1891 seipsum
2450 1831 2504 1876 et
2559 1823 2624 1876 ad
2676 1824 3026 1891 magistratus
3060 1822 3307 1878 contulit.
3355 1822 3557 1876 Natura

294 1914 420 1985 χὴν,
452 1915 590 1970 ὥστε
616 1916 1059 1986 καταπληγνύναι
1088 1918 1133 1949 ⁵¹
1159 1917 1225 1987 τῇ
1264 1915 1482 1986 συννοίᾳ
1512 1916 1637 1978 τοὺς
1679 1916 1870 1982 ἐντυγ-

1988 1911 2345 1967 :ontentiosus
2370 1921 2506 1978 erat,
2537 1921 2589 1966 et
2618 1913 2994 1981 insuperabilis
3023 1913 3074 1966 in
3111 1913 3303 1983 quavis
3350 1929 3426 1973 re,
3470 1914 3556 1966 cui

295 2007 582 2074 χάνοντας,
631 2007 794 2078 ἡνίκα
853 2008 1044 2078 καιρὸς
1067 2003 1135 2078 ἦν
1181 2006 1510 2077 σεμνότητος
1552 2006 1646 2058 καὶ
1682 2004 1880 2074 ἐμϐρι-

295 2096 572 2168 θεστέρων
613 2099 761 2167 ὴθῶν
796 2116 856 2153 τε
883 2099 978 2153 καὶ
1005 2100 1198 2168 λόγων·
1232 2099 1447 2169 χαρίεις
1492 2092 1620 2152 δἀύ
1663 2098 1706 2131 ⁵³
1742 2098 1880 2168 πρὸς

250 2187 424 2248 (ποὺς
447 2185 752 2258 χαρίεντας.
772 2189 915 2243 ’Δντὶ
933 2191 1042 2260 γάρ
1066 2191 1386 2260 φιλοσοφίας
1412 2189 1502 2243 καὶ
1524 2189 1887 2260 ἀπραγμοσύ-

294 2295 398 2348 νης
429 2279 744 2350 εὐδαίμονος
780 2284 858 2345 είς
895 2282 1171 2336 πολιτείαν
1216 2283 1407 2336 ἑαυτὸν
1451 2285 1552 2359 καὶ
1594 2283 1675 2346 είς
1713 2283 1888 2353 ἀρχὰς

296 2369 501 2435 ἐξέωσε
529 2372 732 2443 φέρων.
755 2373 916 2427 Φύσει
950 2373 1008 2427 δὲ
1037 2373 1114 2427 ὢν
1156 2374 1455 2442 φιλόνεικος
1479 2375 1574 2428 καὶ
1611 2375 1880 2445 ἀήττητος

295 2459 386 2527 ἐφ’
415 2462 445 2514 6
472 2479 528 2515 τι
553 2461 620 2516 ἂν
642 2463 928 2536 ὁρμήσειε,
953 2465 1046 2519 καὶ
1076 2465 1358 2534 φιλόδοξος
1383 2465 1460 2528 ὡς
1491 2465 1592 2518 οὐκ
1636 2460 1735 2518 οῐδ⁸
1757 2467 1806 2518 εί
1831 2465 1877 2496 ⁸⁸

295 2549 484 2622 ἔτερος
527 2553 620 2606 ἐπὶ
649 2555 851 2625 τιμίοις
874 2558 920 2590 ⁵⁸
955 2558 1138 2626 ἔργοις
1188 2574 1248 2610 τε
1295 2558 1387 2610 καὶ
1425 2555 1607 2625 λόγοις
1655 2558 1750 2608 καὶ
1779 2556 1878 2626 τὴν

300 2643 503 2714 ἀρετὴν
518 2646 593 2708 είς
615 2645 676 2700 τὸ
697 2647 800 2713 ἐξω
821 2649 1118 2718 προάγουσι
1144 2651 1242 2720 τῆς
1261 2647 1458 2718 ψυχῆς,
1488 2664 1878 2718 προσκρουστι-

303 2735 398 2796 κὸς
427 2736 513 2788 ἀεὶ
541 2736 634 2790 καὶ
659 2739 1012 2808 ἀμιλλητικὸς
1061 2741 1197 2812 πρὸς
1221 2741 1350 2805 τοὺς
1382 2741 1751 2812 ὑπερέχοντας
1781 2736 1870 2812 ἦν.

1989 2005 2228 2059 animum
2272 2004 2638 2074 applicuisset.
2683 2002 2882 2059 Gloriae
2924 2019 3116 2058 amans
3156 2005 3200 2058 si
3246 2005 3368 2073 quis
3395 2003 3534 2058 alius

1986 2097 2370 2168 objurgatoriis
2412 2096 2592 2151 verbis
2635 2095 2999 2165 operibusque
3034 2110 3183 2159 usus,
3221 2104 3276 2149 et
3304 2109 3421 2163 qua:
3447 2083 3577 2145 vir?

1991 2197 2156 2241 tutem
2194 2186 2361 2240 animi
2407 2186 2555 2240 foras
2592 2185 2972 2256 producerent.
3018 2184 3151 2240 Cum
3191 2183 3559 2253 superioribus

1987 2291 2200 2345 semper
2227 2278 2523 2331 contendit.
2554 2276 2712 2330 Solus
2734 2277 2900 2331 voluit
2927 2277 2976 2330 in
3014 2277 3185 2345 pretio
3213 2275 3416 2339 haberi,
3435 2288 3559 2328 cum

1989 2369 2201 2423 deesset
2257 2369 2328 2423 illi
2389 2369 2637 2433 comitas,
2683 2384 2803 2438 qua
2850 2370 3187 2438 superiorem
3236 2375 3557 2422 reveretur:

1985 2458 2205 2528 plurimi
2252 2472 2384 2514 vero
2450 2459 2788 2529 respiciendo
2850 2459 2916 2513 ad
2967 2460 3190 2527 antiqua
3245 2455 3559 2525 sperabunt.

1986 2553 2338 2624 Pamprepius
2385 2553 2806 2609 instrumentum
2871 2554 3121 2608 idonequ
3175 2550 3275 2605 fuit
3323 2551 3563 2606 necessi-

1991 2647 2115 2700 tatis
2143 2644 2387 2699 rellantis
2426 2645 2718 2700 honestati.
2749 2644 3084 2701 Procedente
3121 2653 3364 2712 tempore
3405 2642 3562 2705 dixit,

1985 2754 2080 2808 pro
2107 2754 2171 2793 eo
2205 2738 2345 2807 quod
2378 2739 2560 2792 instat.

313 2830 606 2887 Ἦὸούλετο
629 2834 686 2889 δὲ
727 2837 883 2904 μόνον
921 2837 1217 2907 ἀξιωθῆναι
1251 2839 1279 2890 6
1327 2836 1578 2905 δεόμενος
1623 2835 1722 2905 τῆς
1770 2836 1861 2888 τὸν
1895 2835 2130 2904 ἄρχοντα
2196 2833 2608 2903 προσκυνούσης
2639 2831 2950 2897 ἐντεύξεως.
2998 2833 3061 2885 Oi
3121 2831 3178 2884 δέ
3214 2832 3259 2863 ⁵⁸
3325 2830 3565 2882 πλεῖστοι

302 2921 577 2993 ὠρθοῦντο
603 2927 739 2997 πρὸς
786 2927 856 2980 τὰ
901 2931 1100 2999 ἀρχαῖα
1129 2933 1250 2994 ταῖς
1294 2929 1527 2984 ἐλπίσιν.
1562 2930 1834 2999 Ὄργανον
1890 2929 1918 2981 6
1961 2927 2323 2996 Παμπρέπιος
2386 2925 2686 2996 ἐπιτήδειον
2724 2926 2822 2994 τῆς
2867 2924 3003 2996 πρὸς
3038 2923 3101 2977 τὸ
3144 2924 3360 2978 κάλλιον
3416 2924 3566 2976 ἀντι-

302 3015 573 3084 πνεούσης
595 3015 836 3086 ἀνάγκης
859 3012 947 3087 ἦν.
987 3018 1140 3072 Κατὰ
1198 3020 1277 3073 τὸν
1322 3019 1638 3090 ἱκνούμενον
1666 3018 1877 3088 χρόνον,
1917 3017 2038 3071 ἀντὶ
2064 3015 2154 3069 τοῦ
2186 3015 2323 3068 κατά
2362 3015 2452 3068 τὸν
2477 3016 2717 3070 ἐπιόντα.

377 3104 506 3178 [572
526 3104 620 3178 IL]
654 3103 777 3159 Ὀτι
820 3107 945 3170 τοὺς
1015 3108 1157 3162 κατά
1220 3109 1320 3180 τῆς
1387 3112 1538 3179 ἱερᾶς
1586 3110 1742 3179 ἡμῶν
1793 3108 1887 3162 καὶ

306 3195 646 3250 ἀκαταλύτου
703 3198 940 3260 πίστεως
991 3199 1455 3271 ἐπιλυττήσαντας
1502 3204 1530 3254 6
1570 3202 1886 3271 Δαμάσκιος

308 3286 741 3381 ἀριθμούμενος,
783 3288 880 3342 καὶ
936 3290 1084 3381 ἄκων
1109 3291 1204 3361 (ὼς
1238 3292 1402 3364 ἔοικε)
1444 3294 1487 3325 ⁸⁷
1529 3293 1622 3346 καὶ
1653 3294 1755 3347 ὑπὸ
1786 3295 1885 3364 τῆς
1910 3318 1954 3381 C

312 3376 452 3430 κατά
509 3376 609 3448 τὴν
655 3377 939 3449 ἐνάργειαν
970 3380 1015 3413 ⁸⁸
1059 3381 1316 3450 ἀληθείας
1384 3382 1704 3453 βιαζόμενος
1755 3385 1882 3439 τάδε

311 3467 635 3539 ἀναγράφει.
680 3471 1032 3543 Ἐπεχείρησε
1103 3475 1199 3544 μὲν
1247 3475 1354 3544 γὰρ
1384 3477 1477 3528 καὶ
1507 3478 1552 3509 ⁵³
1598 3477 1883 3541 Ἰουλιανὸς

309 3558 341 3609 6
363 3556 637 3630 βασιλεὺς,
670 3560 782 3612 ἀλλ’
809 3562 973 3615 ἐτέων
1021 3564 1120 3617 οὐκ
1163 3565 1334 3635 ἐπέϐη
1382 3565 1648 3638 πισύρων,
1675 3569 1887 3638 ἐπεχείο

315 3671 448 3724 ρησε
486 3655 544 3709 δέ
581 3652 791 3726 χρόνοις
815 3654 1041 3727 ὕστερον
1065 3658 1159 3711 καὶ
1197 3659 1444 3724 Λούκιος,
1484 3660 1620 3732 ἀνὴρ
1670 3662 1728 3712 ἐν
1781 3660 1885 3713 Βυ-

315 3746 518 3817 ζαντίῳ
543 3747 642 3817 τὴν
681 3749 1012 3820 στρατηγίδα
1035 3750 1209 3820 ἀρχὴν
1236 3753 1280 3782 ⁸ο
1323 3751 1428 3803 ὑπὸ
1455 3750 1667 3820 βασιλεῖ
1699 3753 1886 3805 Θεοδο-

318 3837 421 3907 σίῳ
449 3839 690 3906 κοσμῶν,
719 3839 777 3901 ὃς
839 3840 1119 3910 πειραθεὶς
1148 3841 1238 3893 τὸν
1267 3841 1489 3911 βασιλέα
1518 3842 1727 3896 ἀνελεῖν
1757 3843 1887 3897 εἴσω

313 3927 426 3980 τῶν
458 3928 748 3998 βασιλείων
773 3931 1034 4002 παρῆλθε,
1055 3933 1149 3985 καὶ
1180 3932 1303 4003 τρὶς
1343 3932 1576 4005 θελήσας
1602 3935 1887 4001 ἐξελκύσαι
1920 4006 1927 4014 1

311 4017 410 4070 τοῦ
438 4018 624 4072 κολεοῦ
653 4020 695 4051 ⁶¹
733 4021 794 4073 τὸ
870 4021 1022 4090 ξίφος
1048 4022 1390 4090 ἀπετρέπετο
1421 4025 1890 4097 καταπεπληγμέ-

315 4123 406 4169 νος
431 4124 446 4139 ο
465 4107 612 4178 ἐώρα
633 4109 740 4179 γὰρ
768 4109 1027 4178 ἐξαίφνης
1052 4115 1282 4178 γυναῖκα
1327 4113 1570 4185 μεγάλην
1619 4116 1715 4169 καὶ
1766 4116 1888 4186 βλο-

319 4199 494 4270 συράν
525 4202 1036 4271 περιπτυσσομένην
1088 4201 1230 4256 κατά
1276 4205 1460 4258 νώτων
1492 4206 1536 4237 θ’
1571 4207 1661 4260 τὸν
1687 4208 1734 4238 ⁸⁸
1759 4209 1890 4260 Θεο-

317 4289 516 4344 δόσιον.
546 4291 701 4344 Μετά
737 4291 906 4345 ταῦτα
939 4293 968 4344 6
994 4293 1168 4362 μέγας
1221 4294 1321 4364 τῆς
1370 4296 1445 4349 ἐω
1513 4299 1892 4369 στρατηλάτης

319 4380 701 4452 ἐπεχείρησεν,
735 4382 847 4435 ἀλλ’
873 4383 1146 4456 ἐπεσχέθη
1180 4385 1355 4456 βίαιον
1401 4389 1701 4459 εὑράμενος
1732 4389 1895 4444 Θάνα-

319 4488 412 4525 τον
434 4488 448 4502 ·
484 4472 592 4526 ἀπὺ
619 4472 727 4542 γάρ
756 4472 846 4526 τοῦ
878 4473 1045 4527 ἵππου
1081 4477 1262 4529 πεσὼν
1291 4480 1386 4532 καὶ
1438 4479 1499 4530 τὸ
1562 4478 1755 4541 σκέλος
1789 4496 1893 4530 κα-

322 4564 434 4626 κῶς
458 4562 725 4627 διατεθεὶς
755 4564 1075 4636 ἐτελεύτησε
1105 4567 1194 4620 τὸν
1222 4567 1355 4636 βίον.
1383 4567 1513 4622 Εἶτα
1543 4569 1894 4640 Σεὸηριανδς,

2068 3106 2378 3160 Damascitts
2431 3121 2758 3161 enumerans
2794 3121 2888 3161 eos
2918 3105 3009 3175 qui
3042 3119 3255 3159 sacram
3301 3111 3357 3160 et
3392 3103 3564 3160 indis'

1993 3196 2278 3251 solubilem
2304 3196 2460 3251 ﬁdem
2491 3207 2732 3252 nostram
2762 3197 2950 3252 insane
2986 3197 3564 3267 oppugnarunt,etiam

1991 3299 2048 3342 ut
2085 3297 2325 3358 apparet,
2361 3288 2559 3343 invitus
2590 3297 2643 3343 et
2681 3300 2901 3344 coactus
2929 3288 3173 3344 veritatis
3205 3289 3255 3342 vi
3293 3290 3406 3344 lucc
3435 3291 3563 3344 scri-

1991 3383 2086 3436 bit.
2113 3381 2356 3436 Conatus
2381 3390 2463 3436 est
2489 3379 2741 3436 Julianus
2770 3383 3083 3451 imperator,
3130 3381 3226 3436 sed
3267 3381 3401 3435 ultra
3432 3397 3568 3450 qua-

1983 3480 2105 3527 tuor
2121 3489 2291 3528 annos
2309 3489 2414 3529 non
2435 3487 2750 3542 progressus
2766 3473 3204 3544 est.Cogitavitet
3224 3475 3364 3529 idem
3386 3485 3566 3542 postea

1987 3564 2183 3620 Lucius
2199 3568 2304 3620 dux
2323 3565 2529 3620 militia:
2547 3566 2794 3638 Byzantii
2811 3569 2911 3622 sub
2928 3567 3254 3634 Theodosio,
3280 3571 3369 3636 qui
3403 3583 3570 3622 cona-

1988 3664 2071 3710 tus
2096 3656 2823 3727 imperatoreminterllcere,
2847 3659 2902 3714 iu
2932 3659 3193 3729 palatium
3213 3659 3360 3715 venit
3396 3668 3448 3713 et
3485 3667 3568 3712 ter

1988 3755 2204 3801 tentans
2239 3745 2473 3818 gladium
2507 3749 2760 3814 educere,
2791 3750 3112 3820 perterritus
3141 3751 3393 3806 decessit.
3427 3751 3573 3804 Vidit

1988 3842 2130 3894 enim
2182 3851 2402 3910 repente
2463 3841 2742 3896 mulierem
2784 3842 3055 3897 inusitatae
3095 3842 3482 3913 magnitudinis
3518 3851 3572 3896 et

1995 3931 2315 3995 terribilem,
2352 3950 2381 3986 a
2418 3942 2567 4003 tergo
2593 3933 2954 3988 Theodosium
2991 3934 3410 4003 amplexantem.
3447 3933 3576 3988 Post

1993 4022 2107 4076 bazc
2135 4040 2359 4094 magnus
2404 4025 2631 4079 orientis
2679 4026 2869 4078 ductor
2903 4023 3053 4079 Z‘eno
3100 4026 3150 4080 id
3195 4035 3421 4080 conatus
3464 4037 3570 4087 est,

1992 4116 2084 4168 sed
2121 4115 2348 4168 violenta
2382 4125 2554 4169 morte
2585 4117 2909 4184 praepeditus
2933 4116 3050 4170 fuit.
3077 4114 3212 4170 Nam
3236 4116 3435 4187 352a
3479 4132 3573 4170 ca-

1993 4206 2126 4260 dens
2177 4219 2242 4259 ex
2274 4221 2414 4274 equo
2459 4221 2586 4260 crus
2617 4206 2967 4276 conl‘ringens
3015 4208 3331 4276 exspiravit.
3373 4207 3574 4262 Deinde

1997 4297 2326 4352 Severianus
2369 4308 2551 4352 noster
2584 4299 2717 4353 civis
2756 4308 2944 4354 nostro
2989 4308 3260 4368 tempore,
3298 4314 3418 4352 cum
3452 4299 3574 4354 aliis

1997 4388 2271 4442 nonnullis
2295 4388 2690 4458 compluribus,
2725 4405 2912 4459 parum
2946 4375 3117 4445 abfuit
3142 4391 3273 4460 quin
3312 4391 3574 4444 multare-

1998 4487 2087 4532 tur
2123 4489 2293 4532 morte
2327 4489 2547 4549 propter
2573 4482 2914 4534 consciorum
2937 4481 3253 4550 perﬁdiam,
3273 4491 3324 4534 et
3348 4480 3574 4534 aliormn

1999 4569 2251 4633 fortasse,
2285 4580 2338 4624 et
2369 4572 2672 4626 Armoricbi
2716 4571 2810 4624 ﬁlii
2847 4573 3089 4640 Asperis,
3117 4573 3206 4640 qui
3239 4573 3575 4641 conjuratio-

323 4657 509 4726 φησὶν,
539 4656 812 4728 όπολίτης
873 4657 1027 4728 ἡμῶν
1059 4661 1117 4712 ἐν
1171 4663 1283 4723 τοῖς
1337 4659 1458 4713 καθ’
1505 4661 1651 4731 ἡμᾶς
1685 4663 1885 4732 χρόνοις

2003 4677 2120 4716 nem
2161 4662 2364 4716 Zenoni
2403 4663 2628 4716 detexit.
2667 4663 2866 4718 Praeter
2903 4663 3000 4716 bos
3038 4671 3092 4716 et
3125 4662 3332 4716 Marsus
3351 4673 3404 4716 et
3429 4662 3574 4724 lllns,

327 4747 464 4816 μετά
505 4749 602 4800 καὶ
627 4747 802 4802 ἄλλων
839 4750 1068 4819 συχνῶν·
1099 4750 1144 4782 ⁸⁵
1170 4752 1284 4804 ἀλλ’
1310 4751 1490 4819 ὀλίγου
1535 4753 1646 4806 δεῖν
1680 4754 1893 4825 θανάτῳ

325 4836 610 4909 ἐζημιώθη
662 4840 728 4894 δι’
764 4842 1024 4896 ἀπιστίαν
1071 4842 1180 4896 τῶν
1235 4843 1572 4911 συνειδότων,
1619 4844 1794 4898 ἄλλων
1833 4863 1895 4898 τε

328 4931 478 4994 ἴσως,
507 4932 603 4985 καὶ
654 4933 1036 5004 Ἐρμενερίχου
1078 4935 1122 4966 ⁵⁵
1173 4933 1266 4986 τοῦ
1298 4935 1570 5005 Ἀσπερος
1598 4937 1643 4967 ⁸⁸
1707 4937 1898 5000 παιδὸς

325 5023 631 5087 ἐξειπόντος
677 5025 776 5095 τὴν
830 5025 1170 5094 συνωμοσίαν
1218 5024 1295 5097 τῷ
1345 5029 1573 5097 Ζήνωνι.
1627 5029 1772 5098 Πρὸς
1816 5024 1898 5094 οἷς

327 5113 554 5182 Μάρσος
582 5114 673 5165 καὶ
727 5114 955 5178 ’1λλους’
986 5109 1060 5169 ὧν
1082 5117 1110 5167 6
1160 5117 1258 5186 μέν
1321 5117 1544 5189 Μάρσος
1581 5119 1636 5170 ἐν
1664 5120 1798 5190 αὐτῇ
1830 5123 1895 5192 τῇ

330 5203 698 5257 ἐπαναστάσει
745 5205 885 5274 νόσῳ
931 5206 1210 5276 τέθνηκεν,
1266 5209 1294 5260 6
1355 5208 1408 5260 δέ
1446 5208 1650 5272 Ἴλλους
1707 5211 1895 5282 συλλη-

2003 4766 2231 4820 quorum
2283 4753 2514 4818 Marsus,
2565 4757 2617 4809 in
2681 4755 2794 4822 ipsa
2866 4753 3180 4818 rebellione,
3233 4753 3419 4807 morbo
3478 4770 3576 4806 cx-

2004 4845 2236 4900 stinctus
2265 4855 2366 4900 est.
2391 4845 2566 4916 Caput
2599 4846 2650 4900 in
2694 4846 2928 4901 hostium
2963 4846 3262 4902 exercitum
3284 4845 3574 4912 jaculatur,

2004 4949 2235 5000 superne
2264 4953 2294 4990 e
2327 4953 2458 5006 rupe
2482 4939 2869 5008 praecipitatur.
2901 4940 3221 4993 Ammonius
3242 4953 3432 4992 amans
3469 4949 3580 4991 tur-

2005 5027 2086 5096 pis
2137 5028 2291 5092 lucri,
2331 5039 2384 5083 et
2406 5029 2585 5084 omnia
2619 5032 2682 5085 ad
2714 5045 3091 5100 quamcunque
3119 5030 3402 5084 utilitatem
3437 5029 3579 5083 refe-

2006 5135 2157 5186 reus,
2190 5122 2481 5191 paciscitur
2509 5139 2630 5178 cum
2678 5138 2764 5187 eo,
2815 5123 2906 5193 qui
2951 5134 3074 5179 tunc
3110 5125 3450 5194 inspecturus
3484 5137 3579 5176 ve-

2007 5225 2156 5267 nerat
2182 5253 2196 5279 ,
2231 5229 2474 5281 quamam
2533 5225 2679 5270 esset
2724 5215 3063 5284 praevalitura
3094 5216 3293 5285 opinio.
3332 5214 3578 5284 Supelle-

330 5292 486 5361 φθεὶς
535 5294 677 5363 ξίφει
735 5296 827 5350 τὸν
863 5297 976 5366 βίον
1030 5300 1412 5369 κατέστρεψεν.
1456 5301 1747 5367 Ἀκοντίζει
1804 5302 1885 5373 τὴι

2008 5305 2150 5360 ctilia
2181 5315 2333 5360 erant
2351 5306 2528 5360 omnis
2545 5307 2758 5376 generis
2783 5306 3064 5372 librorum,
3093 5322 3213 5362 cum
3241 5306 3421 5361 liberis
3447 5319 3578 5373 ope-

1606 5463 1836 5519 VAlilIE
1867 5462 2156 5520 LECTION
2164 5463 2266 5518 ES.

404 5569 449 5602 "
477 5570 596 5623 ταῖν
621 5570 682 5625 Β.
720 5641 732 5650 .
758 5573 803 5604 ⁸⁸
835 5571 1121 5650 διεδίδαξεν
1160 5593 1222 5640 ς.
1255 5645 1266 5650 _
1297 5578 1432 5630 ⁵⁸-ού
1469 5577 1587 5650 μιᾷ]
1624 5577 1843 5650 Sttidam
1868 5595 1919 5635 ν.
1952 5577 2752 5650 Geuyévn;_confert_Leichius
2791 5593 2844 5650 ρ.
2881 5575 3022 5650 XXI.
3058 5646 3073 5650 _
3099 5578 3141 5650 ’ξ
3172 5577 3233 5650 τό
3255 5593 3312 5629 τε
3343 5575 3465 5650 add.
3491 5577 3575 5650 Α.

329 5640 376 5671 ⁵²
417 5641 826 5720 καταπηγνύναι
872 5643 946 5720 Β,
981 5640 1360 5720 καταπηγύναι
1405 5640 1488 5712 A',
1540 5640 1950 5720 καταπλαγῆναι
1982 5667 2043 5713 ς.
2074 5640 2086 5648 ’
2118 5640 2264 5703 ⁵³ἀῦ
2312 5650 2357 5720 ᾼ
2414 5667 2426 5702 :

2473 5644 2539 5720 ἦν
2576 5667 2634 5713 ς.
2711 5649 2758 5680 ⁸⁸
2794 5644 2842 5700 εί
2878 5649 3002 5720 add.
3053 5646 3324 5720 Leicbiu‘s.
3401 5647 3447 5679 ⁵⁸
3486 5647 3581 5699 ἐπὶ

330 5708 553 5785 τιμίοις]
596 5708 868 5785 ἐπιτίμοις
909 5714 955 5767 Α
1005 5731 1016 5766 :
1067 5708 1359 5784 ἐπιτιμίοις
1409 5708 1483 5781 ς(
1558 5721 1604 5752 ⁵⁸
1634 5722 1682 5771 oi
1717 5719 1772 5772 δέ
1801 5708 1871 5759 λέ-
1913 5708 2123 5772 ἐλττίσιν
2160 5735 2268 5775 om.
2312 5719 2372 5773 Β.
2448 5708 2507 5750 ⁸⁷’
2533 5708 2606 5782 ὡς
2644 5720 2785 5772 ἔοικε
2817 5733 2925 5772 0m.
2975 5719 3039 5772 A.
3117 5717 3161 5750 ⁸⁸
3201 5715 3481 5785 ἐνέργειαν
3513 5735 3574 5780 ς’.

333 5778 379 5808 ’θ
425 5778 658 5834 xui—om.
694 5778 761 5836 AI
808 5784 906 5836 οὐκ
955 5800 982 5837 a
1026 5778 1333 5840 correctore
1371 5778 1558 5839 habent
1599 5789 1704 5841 Alt.

333 5789 379 5808 "'
425 5789 520 5832 καὶ
549 5797 658 5834 οιη.
694 5789 758 5836 Α.
808 5789 906 5836 οὐκ
955 5800 982 5837 a
1026 5798 1333 5840 correctore
1371 5789 1558 5839 habent
1599 5789 1704 5841 Ali.
1784 5790 1827 5820 ‘°
1872 5789 2059 5859 ἄρχειν
2100 5808 2158 5856 ς.
2237 5790 2277 5821 ⁸³
2328 5789 2549 5842 κουλεοῢ
2595 5807 2655 5852 ς.
2733 5789 2742 5820 ¹

333 5847 380 5881 ⁸⁸
409 5848 580 5904 ἄλλων
605 5854 764 5907 τινών
795 5855 1002 5926 συχνῶν
1029 5873 1087 5920 ς’.
1166 5858 1208 5888 ⁸⁵
1255 5857 1632 5927 Ἐρμενερίχου
1665 5862 1727 5926 Α,
1771 5859 2149 5931 ’Λρμενερίχου
2185 5859 2222 5916 C
2269 5878 2280 5915 :
2329 5860 2647 5934 ’Λρμερίχου
2683 5879 2742 5925 ς.

2733 5789 2780 5820 ⁸⁵
2813 5786 2990 5843 νώτουΔ
3027 5806 3086 5851 ς.
3161 5785 3207 5817 ⁵⁸
3229 5785 3318 5838 τὸν
3356 5802 3468 5841 om.
3507 5791 3572 5843 Α..

2833 5859 2876 5891 ⁸⁸
2920 5859 3199 5928 Ἀσπαρος
3221 5853 3280 5910 Β.

2237 5790 2277 5821 ⁸³
2328 5788 2549 5842 κουλεοῦ
2595 5807 2655 5852 ς.
