4104 6454
474 411 497 474 1
510 411 613 474 303

1636 404 1898 465 PIIOTII
1937 404 2441 465 PATRIARCH/E
2476 404 2585 465 CP.

3589 410 3725 478 13M

470 542 585 580 ram
622 524 787 581 dabat
827 524 1000 593 gratia
1026 519 1359 591 reipublicze.
1411 518 1600 574 Verbis
1649 520 1907 587 primum,
1957 519 2040 572 in-

2171 518 2387 588 ιεφαλὴν
2418 521 2496 582 είς
2521 518 2582 571 τὸ
2624 519 2734 573 τῶν
2790 519 3063 590 πολεμίων
3099 521 3485 593 στρατόπεδον,
3512 524 3724 580 ἄνωθεν

470 617 587 684 quit
626 622 835 680 auctor,
873 612 1145 683 specimen
1187 611 1351 677 edidi,
1392 609 1675 664 rhetoricae
1708 609 1927 680 pallium
1962 608 2046 661 in-

471 699 644 763 duens
690 725 704 763 :
747 720 915 777 quare
967 712 1084 758 erat
1135 702 1353 772 pallium
1402 702 1567 756 etiam
1622 699 1937 765 oratorium,
1992 710 2052 755 ut

476 799 928 868 philosophicum.
978 794 1181 851 Natura
1214 793 1460 850 homines
1498 793 1685 850 otiosae
1724 792 1848 848 vitae
1884 792 2053 846 virtu—

476 899 586 947 tem
624 891 892 957 tribuunt,
925 905 1047 945 cum
1097 903 1217 943 meo
1255 886 1471 957 quidem
1512 883 1717 953 judicio
1748 884 1827 940 sic
1852 899 1910 938 se
1944 899 2049 941 non

478 979 697 1033 habeat.
727 977 911 1034 Virtus
943 979 1087 1034 enim
1120 978 1173 1032 in
1208 977 1381 1032 media
1410 975 1683 1045 republica
1710 975 1761 1027 in
1803 974 2054 1028 civilibus

481 1068 673 1123 ciliciis
709 1078 763 1124 et
798 1068 1136 1125 sermonibns
1170 1079 1415 1128 versans,
1463 1062 1701 1118 animum
1739 1060 1804 1115 ad
1838 1060 2052 1115 fortitu-

481 1160 661 1215 dinem
710 1168 948 1223 exercet,
996 1166 1052 1214 et
1101 1156 1428 1226 experientia
1480 1154 1651 1225 magis
1704 1152 2056 1209 conﬁrmatur

482 1254 611 1323 quid
651 1267 842 1307 sanum
891 1253 964 1307 sit
1008 1259 1063 1306 et
1114 1250 1382 1320 integrum
1427 1266 1442 1304 :
1494 1248 1734 1318 quidque
1774 1246 1957 1301 ﬁctum
2003 1254 2057 1300 et

481 1344 846 1400 adulterinum
880 1343 1055 1398 latitet
1082 1342 1135 1396 in
1170 1340 1444 1395 hominum
1477 1341 1609 1395 vita.
1642 1338 1756 1394 Hoc
1778 1354 1938 1393 omne
1968 1352 2055 1391 re-

481 1438 859 1507 prehenditur,
913 1446 969 1491 et
1016 1435 1175 1489 citius
1221 1433 1593 1488 emendatur:
1652 1431 1774 1485 boni
1825 1444 1951 1485 vero
2002 1440 2059 1484 et

484 1527 737 1584 utilitatis
776 1534 1036 1597 quantum
1067 1533 1150 1581 est
1206 1524 1259 1579 in
1300 1524 1462 1579 rebus
1496 1522 1750 1593 publicis,
1796 1530 2055 1592 quantum

486 1628 544 1675 et
588 1618 925 1674 cotiddentiae
949 1630 1003 1674 et
1029 1616 1384 1671 fortitudinis.
1425 1616 1605 1682 Quare
1635 1614 1913 1670 orationes
1942 1612 2058 1684 pri-

489 1712 652 1767 vatim
679 1712 965 1776 habentes,
995 1720 1052 1765 et
1085 1709 1251 1765 multa
1282 1708 1485 1780 optime
1511 1716 1565 1763 et
1591 1706 1833 1779 graviter
1873 1707 1940 1762 de
1969 1706 2059 1777 ju-

2149 608 2259 663 ἀπὸ
2294 613 2393 681 τῆς
2439 611 2643 681 πέτρας
2702 612 3127 678 ἀποδισκεύσας.
3182 613 3244 668 '0
3291 615 3350 669 δὲ
3413 617 3726 688 Ἀμμώνιος

2149 701 2542 772 αἰσχροκερδὴς
2562 701 2639 756 ὢν
2679 703 2773 757 καὶ
2800 703 2979 758 πάντα
3025 704 3169 774 ὁρῶν
3205 707 3286 769 είς
3343 709 3728 779 χρηματισμὸν

2151 792 2453 859 ὁντιναοῦν,
2486 793 2777 864 ὁμολογίας
2800 796 3009 851 τίθεται
3039 796 3178 869 πρὸς
3200 798 3292 853 τὸν
3317 799 3726 855 ἔπισκοποῦντα

2151 884 2213 938 τὸ
2226 886 2269 916 ⁸⁷
2292 884 2594 956 τηνικαῦτα
2612 888 2713 958 τὴν
2738 889 3045 960 κρατοῦσαν
3063 890 3245 956 δόξαν.
3266 891 3523 963 Γρυμαία
3550 894 3728 948 ἔκειτο

2154 975 2510 1029 παντοδαπῶν
2545 976 2787 1047 βιϐὶίων.
2821 980 2990 1034 Ὅταν
3042 980 3402 1054 ἀφροδισιάζῃ
3455 981 3553 1035 ἰπὶ
3599 998 3729 1037 παι-

2153 1066 2368 1139 δοποιίᾳ
2426 1067 2695 1140 πολιτικῇ.
2746 1069 2953 1137 Λόγους
2979 1069 3047 1138 ⁸⁸,
3077 1072 3247 1141 φησιν
3277 1074 3307 1126 ὁ
3354 1075 3732 1144 συγγραφεὺς.

2156 1158 2555 1231 ἑπεδεικνύμην
2582 1161 2870 1233 πρότερον,
2920 1162 3013 1218 τδν
3045 1165 3140 1220 ἐπὶ
3172 1168 3437 1239 ῥητορικῇ
3493 1166 3735 1237 τρίϐωνα

2156 1251 2534 1322 περιθέμενος,
2568 1253 2710 1308 ὥστε
2751 1250 2820 1327 ἧν
2848 1256 2942 1310 καὶ
2971 1257 3178 1331 τρίϐων
3206 1260 3521 1332 ῥητορικὸς,
3545 1260 3624 1323 ὡς
3642 1260 3736 1314 καὶ

2157 1343 2466 1413 φιλόσοφος.
2496 1345 2783 1413 Πεφύκασι
2813 1348 2872 1403 δὲ
2900 1350 2945 1384 ⁵⁸
2968 1351 3248 1424 ἄνθρωποι
3307 1355 3377 1424 τῇ
3419 1351 3735 1424 μισοπράγ-

2161 1448 2283 1502 μονι
2298 1432 2408 1504 ζωῇ
2425 1435 2525 1505 τὴν
2546 1436 2746 1508 ἀρετὴν
2760 1438 3137 1512 ἐπιφημίζειν,
3156 1442 3255 1513 οὐχ
3268 1441 3440 1508 οὕτως
3456 1443 3582 1513 ἔχον
3597 1443 3741 1497 κατά.

2159 1540 2223 1591 γε
2248 1523 2348 1595 τὴν
2372 1526 2512 1595 ἐμὴν
2562 1526 2746 1597 κρίσιν
2772 1530 2839 1584 ⁷⁸.
2889 1530 2958 1586 Ἡ
2989 1533 3099 1605 γὰρ
3129 1535 3189 1588 ἐν
3223 1533 3363 1608 μέσῃ
3387 1538 3454 1606 τῇ
3487 1534 3738 1605 πολιτείᾳ

2159 1614 2246 1669 διὰ
2277 1614 2385 1669 τῶν
2412 1616 2708 1671 πολιτικῶν
2749 1620 2927 1691 ἔργων
2952 1641 3010 1678 τε
3043 1625 3137 1679 καὶ
3169 1624 3358 1695 λόγων
3395 1628 3736 1696 ἀναστρεφο-

2165 1706 2301 1777 μένη
2322 1708 2489 1780 ἁρετὴ
2512 1711 2781 1778 γυμνάζει
2812 1729 2873 1767 τε
2902 1714 3002 1786 τὴν
3023 1715 3204 1787 ψυχὴν
3230 1717 3367 1787 πρὸς
3384 1716 3447 1769 τὸ
3480 1716 3737 1788 ἐρρωμε-

487 1802 634 1857 stitia
667 1811 721 1858 et
758 1800 1115 1871 temperantia
1153 1797 1613 1869 philosophantes.
1653 1796 1719 1851 ad
1763 1810 1851 1851 res
1882 1796 2058 1851 coacti

2171 1795 2437 1869 νέστερον,
2468 1802 2561 1855 καὶ
2600 1803 2912 1875 βεϐαιοῦται
2947 1804 3150 1875 μᾶλλον
3215 1805 3373 1859 ἔπιτ’
3406 1805 3506 1874 τῆς
3523 1803 3738 1873 πείρας.

486 1892 839 1957 descendere,
868 1892 1235 1961 valde'inepte
1268 1904 1327 1945 se
1370 1896 1584 1957 gerunt.
1616 1887 1866 1943 Proclum
1898 1887 2067 1942 Atho-

2171 1888 2293 1943 ὅσον
2320 1891 2490 1963 αὐτῆς
2522 1895 2670 1965 ὑγιές
2700 1914 2761 1950 τε
2790 1899 2885 1951 καὶ
2910 1897 3223 1969 ὁλόκληρον·
3250 1898 3375 1952 ὅσον
3393 1897 3453 1951 δὲ
3487 1896 3739 1965 κίϐδηλον

488 1996 587 2036 nas
621 1982 700 2037 ire
725 1983 905 2037 adhuc
935 1981 989 2035 in
1026 1994 1251 2048 corpore
1295 1978 1669 2034 exsistentem.

2172 1979 2267 2033 ttat
2288 1981 2620 2041 ἐπίπλαστον
2650 1987 2958 2057 δμφωλεύει
2984 1991 3103 2052 ταῖς
3130 1987 3501 2061 ἀνθρωπίναις
3551 1988 3735 2051 ζωαῖς.

484 2071 644 2129 τοῦτο
670 2074 776 2127 πᾶν
815 2072 1144 2142 διελέγχεται
1178 2069 1273 2124 καὶ
1302 2067 1642 2137 ἑτοιμότερον
1670 2067 1715 2099 ⁷¹
1732 2066 2057 2121 καθίσταται
2097 2067 2233 2138 πρὸς
2262 2070 2570 2141 διόρθωσιν.
2600 2076 2673 2130 Τὸ
2708 2077 2766 2130 δὲ
2812 2078 3147 2150 ἀγαθοεργόν
3173 2096 3234 2132 τε
3294 2079 3392 2134 καὶ
3472 2077 3741 2146 mami-

486 2166 580 2219 κον
605 2166 729 2219 ὅσον
758 2164 908 2218 ἐστὶν
938 2166 995 2216 ὲν
1023 2164 1134 2225 τοῖς
1184 2156 1609 2230 πολιτεύμασινί
1650 2158 1712 2211 τὸ
1750 2158 1807 2211 δὲ
1840 2156 2141 2230 Θαρραλέον
2175 2162 2270 2215 καὶ
2332 2163 2549 2234 βέϐαιον
2578 2166 2625 2199 ⁷³
2689 2167 2915 2239 ήλίκονί
2992 2169 3287 2241 τοιγαροῦν
3340 2170 3392 2224 οι
3476 2170 3537 2222 ὲν
3574 2168 3742 2240 γωνίᾳ

488 2258 785 2330 καθήμενοι
831 2255 977 2323 λόγοι
1007 2255 1073 2318 ⁷⁵,
1118 2252 1284 2326 [1075
1337 2250 1428 2322 IL]
1459 2251 1552 2305 καὶ
1607 2248 1777 2303 πολλὰ
1825 2250 2242 2321 φιλοσοφοῦντες
2273 2249 2333 2309 εὖ
2371 2255 2517 2326 μάλα
2579 2260 2793 2330 σεμνῶς
2850 2261 2980 2333 περὶ
3021 2261 3232 2315 δικαίου
3301 2262 3397 2315 καὶ
3462 2260 3738 2331 σωφροσύ·

488 2366 607 2418 νης,
631 2346 903 2401 ἐκϐαίνειν
930 2348 1023 2400 ἐπὶ
1046 2346 1145 2409 τὰς
1167 2344 1399 2417 πράξεις
1426 2342 1864 2414 ἀναγκαζόμενοι
1894 2342 2045 2398 δεινὰ
2081 2345 2221 2410 ἀσγττ
2233 2348 2507 2406 μονοῦσιν.
2540 2352 2635 2416 Είς
2674 2351 2904 2408 ’Δθί-ναθ
2926 2355 3021 2410 καὶ
3080 2352 3324 2409 Ποόκλον
3395 2353 3623 2410 ἁπαίοεο
3645 2352 3722 2408 ἔτι

488 2442 945 2513 διακρατούμενον
970 2444 1029 2496 ὲν
1064 2442 1142 2513 τῷ
1170 2440 1428 2513 σώματι.’

562 2535 798 2605 Agapius
820 2535 1002 2606 gravis
1040 2536 1201 2591 simul
1258 2545 1314 2597 et
1375 2534 1576 2598 facilis,
1630 2534 1912 2604 antiquam
1961 2535 2065 2590 lin—

492 2645 650 2701 gnam
679 2643 841 2697 supra
873 2628 1143 2697 vulgarem
1174 2628 1439 2693 imitatus,
1471 2643 1661 2683 omnes
1687 2628 1739 2681 in
1763 2642 1822 2682 se
1852 2626 2063 2698 Byzan-

493 2721 635 2776 tinos
661 2719 949 2775 convertit.
978 2719 1342 2774 Admirationi
1378 2720 1477 2774 fuit
1510 2718 1854 2774 Alexandriae
1892 2720 2066 2774 diser-

2241 2536 2445 2607 Σεμνὺς
2461 2535 2537 2591 ὢν
2566 2538 2684 2608 ἅμα
2706 2538 2800 2592 καὶ
2826 2537 3077 2607 εὐόμιλος
3112 2538 3141 2592 ὁ
3182 2537 3444 2606 Ἀγάπιος
3467 2537 3537 2603 ’⁸,
3562 2536 3663 2607 τήν
3683 2552 3740 2590 τε

2173 2628 2405 2699 ἀρχαίαν
2434 2628 2679 2696 γλῶτταν
2701 2628 2838 2699 ὑπὲρ
2864 2628 2993 2702 [575
3027 2627 3122 2701 Η.]
3142 2627 3236 2683 τὸν
3267 2628 3483 2697 ίδιώτην
3521 2626 3741 2697 μελετή-

2175 2733 2292 2781 σας,
2321 2715 2655 2787 ὲπέστρεψεν
2712 2718 2792 2781 είς
2831 2718 3025 2772 ἑαυτὸν
3046 2718 3175 2781 τοὺς
3206 2719 3264 2771 ὲν
3322 2716 3605 2786 Βυζαντίῳ
3657 2717 3744 2769 ἁνο

496 2811 569 2866 tis
614 2809 977 2875 hominibus:
1012 2810 1267 2864 omnibus
1325 2809 1470 2863 enim
1519 2809 1729 2864 artibus
1764 2808 2063 2863 instructus

2173 2806 2446 2881 θρώπους,
2481 2808 2664 2880 θαῦμα
2684 2809 2740 2863 δὲ
2769 2808 2963 2864 ἑαυτοῦ
2983 2809 3307 2881 ,παρέσχετο
3332 2808 3429 2861 καὶ
3467 2812 3526 2863 ὲν
3561 2807 3747 2875 Ἀλεξ-

494 2910 633 2956 erat.
703 2900 928 2956 Volebat
985 2899 1180 2970 352!)
1250 2900 1633 2970 grammaticos
1689 2908 1743 2954 et
1814 2899 2066 2953 rhetores

2171 2902 2392 2975 ανδρείᾳ
2436 2904 2547 2964 τοῖς
2598 2901 3009 2973 λογιμωτέροις·
3048 2901 3277 2973 ὥρμητο
3321 2903 3430 2971 γὰρ
3466 2902 3577 2954 ἀπὸ
3640 2902 3741 2956 πάι

495 2994 814 3049 examinare
839 3003 893 3048 et
927 2993 1200 3065 judicare,
1241 3004 1316 3056 et,
1383 3002 1442 3047 ut
1499 2995 1687 3061 paucis
1744 2992 1950 3056 dicam,
2012 2988 2069 3044 in

2173 3011 2271 3067 σης
2297 2993 2399 3064 τῆς
2418 2994 2685 3058 παιδείας,
2702 2993 2993 3066 ζητητικός
3017 3011 3075 3046 τε
3092 2995 3186 3047 καὶ
3204 2994 3452 3065 κριτικὸς
3483 2992 3742 3063 ἠϐούλετο

498 3086 768 3155 sapientia
824 3084 1231 3156 quadrangulus
1272 3100 1395 3139 esse
1452 3085 1754 3159 videbatur,
1803 3092 1859 3136 et
1904 3082 2069 3138 etiam

2174 3080 2315 3139 εἶναι
2340 3087 2744 3159 γραμματικῶν
2765 3105 2826 3142 τε
2858 3088 2953 3141 καὶ
2966 3088 3297 3158 ῥητορικῶν,
3318 3089 3415 3140 καὶ
3448 3085 3745 3157 συλλήϐδην

497 3188 639 3233 erat.
667 3176 922 3247 Magnum
953 3177 1214 3232 honorem
1240 3174 1437 3231 Gesius
1461 3184 1785 3231 consecutus
1813 3183 1918 3242 est,
1961 3189 2069 3228 non

2176 3180 2373 3242 εἰπεῖν,
2400 3180 2941 3249 ὲδόκειτετράγωνος
2984 3177 3123 3234 εἶναι
3155 3180 3249 3235 καὶ
3292 3176 3360 3250 ἦν
3399 3180 3499 3250 τὴν
3535 3178 3748 3249 σοφίαν.

499 3269 674 3325 solum
714 3269 860 3339 quod
910 3278 1029 3323 arte
1082 3268 1292 3322 medica
1334 3267 1562 3331 valeret,
1614 3276 1668 3321 et
1722 3268 1965 3322 docendo
2017 3276 2070 3320 et

2178 3272 2287 3324 Καὶ
2311 3233 2391 3333 είς
2416 3270 2569 3333 κλέος
2651 3233 2837 3335 Facto;
2872 3233 3015 3341 μέγα
3056 3233 3250 3339 ἀνέϐη,
3271 3233 3333 3325 ού
3368 3233 3532 3340 μόνον
3586 3233 3753 3341 ίατρι-

500 3362 775 3431 operando
806 3379 818 3415 :
848 3361 941 3415 sed
967 3361 1131 3414 etiam
1169 3358 1239 3413 ob
1261 3373 1475 3413 omnem
1502 3357 1663 3412 aliam
1684 3356 2070 3421 eruditionem,

2176 3357 2283 3429 κῆς
2349 3360 2533 3413 εἵνεκα
2555 3360 2601 3392 ⁷⁵
2625 3360 3003 3429 παρασκευῆς,
3033 3363 3131 3430 τῆς
3158 3377 3215 3412 τε
3237 3360 3621 3429 διδασκαλικῆς
3663 3359 3754 3414 καὶ

503 3450 801 3505 dialecticis
827 3465 948 3506 sese
978 3450 1269 3504 instruens.
1313 3448 1519 3503 lsidoro
1554 3448 1817 3502 Domnam
1840 3459 2070 3501 uxorem

2175 3451 2276 3522 τῆς
2331 3451 2636 3523 ἐργάτιδος,
2698 3451 2834 3505 ἀλλὰ
2876 3452 2972 3505 καὶ
3006 3452 3103 3521 τῆς
3148 3449 3311 3520 ἄλλης
3342 3451 3528 3519 πάσης
3555 3450 3601 3481 "
3628 3467 3751 3503 παι-

501 3547 748 3608 dncente,
779 3552 936 3597 natus
971 3553 1053 3597 est
1091 3542 1255 3607 ﬁlius,
1294 3556 1451 3611 quem
1483 3539 1733 3595 Proclum
1753 3537 2072 3593 nominavit.

503 3636 706 3692 Domna
741 3635 930 3704 quinto
971 3644 1091 3704 post
1127 3642 1336 3703 partum
1391 3635 1479 3688 die
1522 3643 1733 3687 tnortua
1769 3670 1785 3696 ,
1820 3629 2073 3685 maritum

506 3726 886 3795 philosophum
932 3725 1071 3780 mala
1106 3724 1241 3791 fera,
1298 3739 1594 3794 amaroque
1627 3722 1882 3794 coniugio
1942 3722 2080 3776 lihe-

508 3819 665 3872 ravit.
697 3817 1046 3888 IEsculapius
1088 3817 1264 3890 Beryti
1318 3832 1421 3871 non
1478 3825 1561 3872 est
1600 3815 1844 3881 Graccus,
1906 3830 2079 3883 neque

505 3908 816 3982 Egyptius,
851 3914 945 3967 sed
976 3912 1114 3966 alius
1144 3910 1369 3967 Phoenix
1396 3910 1669 3980 indigena.
1706 3908 1841 3964 Nam
1866 3906 2080 3963 Saduco

510 4003 619 4057 nati
661 4012 787 4058 sunt
824 4003 941 4066 lilii,
972 4019 1108 4073 quos
1134 4002 1423 4059 Dioscuros
1454 4011 1511 4058 et
1537 4000 1763 4057 Cabiros
1807 4001 2080 4068 interpre-

511 4104 713 4149 tantur.
749 4096 988 4154 Octavus
1017 4107 1174 4153 natus
1196 4105 1279 4152 est
1310 4095 1604 4163 Esmunus,
1635 4109 1795 4164 quem
1829 4092 2082 4149 Escula-

509 4189 655 4256 pium
726 4194 1175 4262 interpretantur.
1227 4186 1329 4244 llic
1381 4188 1500 4243 visu
1544 4186 1971 4257 pulcherrimus,
2028 4194 2084 4239 et

506 4286 745 4357 juvenis,
781 4286 872 4355 qui
901 4284 1050 4339 visus
1089 4281 1507 4357 admirationem
1554 4280 1847 4342 excitaret,
1886 4292 2072 4346 quem,

513 4356 681 4434 ntait
708 4377 912 4444 fabula,
949 4356 1220 4430 Astrdhoe
1247 4372 1344 4427 dea
1378 4370 1662 4425 Phoenissa
1707 4379 1880 4424 mater
1921 4372 2079 4423 deum

513 4469 807 4525 adamavit.
866 4464 1182 4534 Solitusque
1225 4463 1279 4517 in
1308 4463 1542 4519 Saltibus
1579 4462 1797 4524 venari.
1850 4470 1911 4515 ut
1949 4460 2083 4514 vidit

514 4561 671 4614 deam
700 4556 800 4613 sibi
836 4556 1204 4619 insidiantem,
1229 4563 1285 4609 et
1309 4569 1369 4609 se
1392 4554 1516 4609 dum
1548 4552 1756 4624 fugeret
1789 4552 2086 4621 insequen-

514 4662 646 4718 tem,
681 4660 735 4708 et
754 4649 976 4719 jamjam
1043 4648 1579 4719 comprehensuram,
1619 4647 1867 4715 pudenda
1906 4644 2085 4700 securi

516 4743 621 4798 sibi
655 4751 921 4813 amputat.
955 4739 1072 4810 Ipsa
1100 4739 1202 4793 hoc
1233 4752 1359 4792 casn
1401 4736 1608 4803 dolens,
1640 4744 1693 4790 et
1740 4734 1937 4789 Paeana
1992 4750 2085 4790 vo-

517 4850 649 4891 cans
678 4834 953 4903 juvenem,
988 4840 1291 4886 recreatum
1321 4829 1465 4883 vitali
1489 4828 1671 4883 calore
1694 4828 1748 4880 in
1789 4826 1917 4881 deos
1936 4835 2088 4880 retu-

517 4927 601 4993 lit,
648 4941 677 4980 a
711 4923 1058 4980 Phoenicibus
1102 4922 1395 4975 Esmunutn
1451 4929 1700 4971 vocatum
1736 4918 1805 4972 ob
1842 4916 2081 4972 calorem

519 5018 662 5070 vitas.
703 5015 807 5069 Alii
853 5016 1142 5082 dignantur
1170 5011 1463 5065 Esmunum
1509 5018 1762 5061 octavum
1815 5008 2079 5075 interpre-

520 5107 645 5162 tari.
677 5105 915 5161 Octavus
948 5105 1091 5159 [ilius
1117 5102 1330 5157 Saduco
1358 5110 1495 5163 erat,
1537 5100 1626 5167 qui
1675 5099 1727 5151 in
1784 5099 1967 5152 densis
1999 5108 2082 5153 te-

521 5204 706 5260 nebris
730 5214 978 5270 magnam
1012 5201 1184 5253 lucem
1224 5194 1491 5250 accendit.
1533 5191 1680 5247 Hanc
1707 5193 1925 5262 juvenis
1962 5207 2088 5246 ora-

521 5296 720 5350 tionem
744 5294 1071 5357 exceperunt
1106 5294 1160 5338 et
1182 5283 1337 5338 valde
1356 5280 1608 5336 admirati
1634 5289 1759 5334 sunt
1783 5278 2090 5331 Mariniani.

2178 3543 2348 3607 δείας.
2366 3543 2742 3605 Διαλεκτικαῖς
2774 3541 3081 3605 συνουσίαις
3111 3542 3406 3612 ἀρδόμενος
3429 3542 3530 3612 τὴν
3555 3540 3750 3610 ψυχήν.

2181 3636 2306 3689 Ὅτι
2330 3635 2657 3707 ἀγαγομένῳ
2672 3636 2717 3667 ⁷⁸
2756 3634 3007 3705 Ἰσιδώρῳ
3031 3635 3242 3703 Δόμναν
3263 3636 3498 3703 γυνατκα
3515 3633 3757 3687 τίκτεται

2182 3727 2333 3799 αὑτῷ
2382 3731 2512 3791 παῖς
2559 3728 2620 3793 ἐξ
2676 3727 2866 3797 αὑτῆςο
2904 3728 3148 3798 Πρόκλον
3171 3728 3217 3760 ⁷⁸
3255 3727 3317 3780 τὸ
3373 3726 3592 3780 παιδίον
3660 3728 3757 3779 ἑπ-

2179 3819 2431 3889 ωνόμασε
2453 3817 2518 3873 ⁸⁸.
2556 3819 2667 3872 Καὶ
2694 3819 2726 3887 ή
2784 3817 2964 3888 Δόμνα
2994 3818 3087 3871 ἐπὶ
3140 3834 3203 3885 γε
3247 3816 3326 3887 τῷ
3349 3817 3393 3849 ⁸¹
3441 3818 3588 3887 τόκῳ
3618 3816 3758 3886 πέμ·

2182 3927 2292 3981 πτῃ
2319 3908 2366 3941 ⁸⁸
2418 3909 2644 3982 ὓστερον
2695 3909 2878 3981 ἡμέρᾳ
2928 3909 3281 3977 ἀποθνήσκει,
3339 3906 3511 3962 κακοῦ
3570 3907 3758 3977 θηρίου

2156 4002 2279 4056 ’καὶ
2308 4002 2507 4073 πικροῦ
2570 4002 2910 4056 συνοικεσίου
2963 4000 3381 4072 ἐλευθερώσασα
3410 3998 3503 4051 τὸν
3540 3997 3755 4066 φιλόσο-

2185 4112 2283 4165 φον
2314 4095 2533 4163 ἑαυτῆς.
2569 4095 2695 4147 ’Ὁτι
2730 4094 2760 4146 ὁ
2788 4096 2845 4146 ὲν
2877 4092 3128 4164 Βηρυτῷ,
3164 4093 3357 4163 φησὶν.
3431 4089 3760 4159 Ἀσκληπιὸς

2185 4182 2284 4235 οὐκ
2323 4181 2469 4234 ἐστιν
2505 4180 2707 4251 Ἕλλην
2754 4181 2875 4234 οὐδὲ
2930 4181 3251 4249 Αἰγύπτιος,
3282 4179 3419 4235 ἀλλά
3442 4198 3527 4244 τις
3556 4179 3760 4249 ὲπιχώ-

2186 4290 2302 4344 ριος
2360 4273 2560 4338 Φοῖνιξ.
2634 4272 2860 4342 Σαδύκῳ
2911 4272 3019 4342 γὰρ
3092 4272 3340 4339 ἐγένοντο
3407 4272 3621 4334 παῖδες,
3668 4269 3760 4333 οῦς

2187 4363 2545 4435 Διοσκούρους
2580 4364 2626 4394 ⁸⁸
2657 4363 3023 4435 ὲρμηνεύουσι
3055 4364 3148 4416 καὶ
3182 4363 3502 4433 Καϐείρους.
3540 4364 3761 4429 Ὄγδοος

2186 4456 2244 4510 δὲ
2305 4457 2521 4525 ἐγένετο
2549 4456 2641 4509 ἐπὶ
2673 4456 2882 4519 τούτοις
2939 4457 2968 4508 ό
3030 4456 3353 4524 Ἔσμουνος,
3416 4454 3476 4506 ὃν
3533 4453 3758 4521 Ἀσκλη-

2114 4575 2167 4637 D
2194 4548 2315 4601 πιὸν
2354 4548 2767 4619 ἑρμηνεύουσιν.
2807 4539 2975 4610 Οὗτος
3029 4547 3316 4609 κάλλιστος
3369 4544 3444 4599 ὢν
3486 4545 3618 4599 θέαν
3670 4544 3762 4597 καὶ

2190 4639 2409 4702 νεανίας
2470 4639 2598 4692 ίδεῖν
2666 4638 3016 4706 άξιάγαστος.
3065 4636 3340 4708 ἐρώμενος
3395 4636 3641 4703 γέγονεν,
3689 4635 3763 4698 ὣς

2193 4747 2355 4801 φησιν
2404 4729 2434 4780 ὁ
2487 4728 2679 4798 μῦθος,
2750 4726 3071 4798 Ἀστρονόης
3130 4724 3253 4778 θεοῦ
3310 4724 3620 4793 Φοινίσσης,
3672 4740 3764 4791 μη-

2191 4822 2320 4893 τρὸς
2342 4819 2497 4874 θεῶν.
2540 4818 2757 4882 Εἰωθώς
2782 4836 2841 4871 τε
2868 4821 3186 4887 κυνηγετεῖν
3236 4819 3292 4869 ὲν
3319 4816 3501 4869 ταῖσδε
3524 4818 3642 4878 ταῖς
3666 4814 3756 4867 νά-

2192 4930 2343 4980 παις,
2374 4911 2563 4983 ὲπειδὴ
2620 4910 2886 4964 ἐθεάσατο
2912 4911 3012 4980 τὴν
3069 4909 3190 4961 θεὸν
3235 4908 3400 4963 αὑτὸν
3458 4908 3763 4973 ἐκκυνηγε-

2191 5004 2390 5058 τοῦσαν
2415 5005 2506 5057 καὶ
2537 5002 2809 5072 φεύγοντα
2839 5000 3238 5054 ὲπιδιώκουσαν
3269 5000 3364 5053 καὶ
3389 4999 3491 5069 ἥδη
3518 4997 3761 5066 καταλη-

2188 5094 2453 5165 ψομένην,
2508 5093 2803 5163 ἀποτέμνει
2864 5091 3084 5144 πελέκει
3147 5089 3245 5161 τὴν
3304 5088 3469 5153 αὐτὸς
3525 5086 3690 5142 αὑτοῦ
3717 5085 3764 5118 ⁸⁸

2192 5184 2557 5254 παιδοσπόρον
2586 5184 2768 5253 φύσιν.
2808 5183 2872 5235 Ἠ
2903 5182 2959 5235 δὲ
2990 5180 3067 5251 τῷ
3120 5181 3281 5234 πάθει
3317 5179 3759 5248 περιαλγήσασα,

2193 5279 2287 5331 καὶ
2313 5277 2525 5331 Παιᾶνα
2552 5275 2831 5330 καλέσασα
2861 5274 2927 5339 ⁸⁸,
2946 5273 3037 5325 τὸν
3076 5271 3355 5326 νεανίσκον
3380 5271 3427 5302 ⁸⁸
3459 5273 3527 5341 τῇ
3548 5286 3609 5322 τε
3636 5268 3763 5333 ζωο-

1823 5371 2053 5426 ἻΑΠΙΑΕ
2093 5371 2494 5426 LECTIONES.

591 5481 635 5512 ⁸⁷
680 5479 741 5533 τὸ
793 5473 990 5529 οιη.Α.
1068 5471 1113 5502 ⁸⁸
1140 5470 1316 5537 λόγοις
1342 5483 1403 5530 ς.
1459 5466 1530 5537 ί⁸⁹γ
1568 5463 1624 5537 δὲ

522 5566 633 5605 mn.
692 5550 888 5603 Suitlas
916 5546 950 5599 I.
998 5533 1223 5611 propius
1242 5540 1305 5611 I._
1378 5537 1418 5567 ⁷¹
1453 5533 1583 5611 ἐπι]
1612 5533 1738 5611 ῥιπὸ-
1776 5535 1913 5611 idem
1968 5534 2000 5586 l.

523 5603 769 5688 “16‘th
804 5603 1021 5688 Suidas'.
1097 5603 1154 5643 ’⁷⁸
1179 5603 1579 5688 ’.Αγάπιοςηοίξ
1609 5603 1886 5688 ξιιίίιιιδῇιι.
1912 5618 1963 5688 VL;

805 5664 1283 5752 Ῑίανῂαγαγομὲνῲ
1310 5680 1374 5731 Α.
1420 5664 1495 5708 ⁷⁷⁹
1521 5673 1763 5756 Πρόκλος
1792 5674 1852 5726 Β.
1928 5671 1972 5705 ⁸⁸
1992 5672 2340 5796 ἐπωνόμασει
2368 5670 2745 5750 ἐπονομασθὲν
2769 5668 2835 5722 Α.
2928 5666 2973 5700 ⁸¹
3002 5667 3080 5737 τῷ
3108 5665 3231 5719 add.
3261 5664 3327 5718 Α.

527 5790 595 5796 μμ
618 5759 831 5796 suam"
869 5755 968 5796 Alt.
1045 5754 1093 5785 ⁸³
1123 5745 1465 5796 Διοσκόρους]
1493 5746 1565 5796 cf.
1591 5745 1777 5796 Muller
1804 5743 2135 5796 Orchomen.
2161 5760 2215 5796 ι).
2247 5745 2314 5796 45
2360 5784 2372 5795 .
2450 5743 2493 5773 ⁷³
2528 5743 2720 5794 ἑαυτου
2752 5741 2815 5791 Α.
2918 5739 2965 5770 ⁸⁵
2988 5740 3083 5791 καὶ
3111 5736 3319 5791 Παιᾶνα

525 5743 831 5831 -ῖ-ίήμέραν
864 5755 970 5810 ΑΒ.
1006 5743 1018 5752 ’
1045 5743 1093 5785 ⁸⁵
1121 5743 1465 5819 Διοσκόρους]
1493 5743 1777 5800 είζΜῡιΙρτ
1804 5743 2135 5798 Orchomen.
2161 5760 2215 5813 p.
2247 5743 2372 5798 451.
2448 5743 2493 5825 ς¹³
2528 5743 2720 5794 ἑαυτοῦ
2918 5743 2965 5770 ⁵⁵
2988 5743 3083 5819 καί
3111 5743 3191 5788 lla

529 5832 594 5881 Α.
630 5830 873 5881 Scaliger
906 5826 999 5880 καὶ
1032 5825 1188 5881 πόαις
1221 5819 1621 5881 ἀνακαλέσασα.
1750 5814 1794 5848 ⁸⁸
1829 5814 1920 5868 τὸν
1943 5816 2224 5873 νεανίσκον
2266 5824 2384 5871 uost
2437 5813 2768 5881 οναζωπυρη
2788 5826 2927 5865 σασα
2960 5818 3106 5881 potnt
3136 5807 3193 5861 Β.

529 5832 594 5894 Α.
630 5819 873 5900 Scaliger
906 5826 999 5880 καὶ
1032 5825 1188 5888 πόαις
1221 5819 1621 5881 ἀνακαλέσασα.

1644 5462 1666 5535 ]
1703 5464 1750 5516 οἱ
1778 5462 1977 5535 Suidas
1997 5476 2050 5518 v.
2087 5463 2523 5535 Μισοπράγμων,
2577 5460 2683 5535 γὰρ
2704 5460 2752 5512 οί
2777 5474 2838 5535 ν.-
2863 5457 3173 5535 ιὶρλπιανόί
3186 5454 3435 5535 ᾁρελφόςῖ
3508 5453 3556 5484 ὀ
3587 5453 3762 5535 κρίσιν

2056 5522 2399 5657 asas:
2410 5522 2861 5664 έτξειέξσίξοξιὲέι·
2874 5530 3041 5652 stt...
3072 5529 3118 5651 L’
3148 5522 3387 5657 res]
3424 5523 3756 5654 “assa;

3473 5595 3518 5626 "
3549 5595 3762 5654 ἀπάσης

3428 5662 3475 5696 ις
3507 5664 3763 5732 πέμπτην

2450 5743 2493 5773 ⁷³
2528 5734 2720 5794 ἑαυτοῦ
2752 5741 2815 5791 Α.
2918 5739 2965 5770 ⁸⁵
2988 5734 3083 5791 καὶ
3111 5736 3319 5791 Παιᾶνα
3347 5734 3631 5789 καλέσασα
3654 5747 3760 5789 om.
