  <div class='ocr_page' id='page_1' title='image "/cluster/home/n/w/nwhite01/storage/ocr_20150623/103/hvd.32044018872861/660.png"; bbox 0 0 4050 6428; ppageno 0'>
   <div class='ocr_carea' id='block_1_1' title="bbox 252 416 3515 497">
    <p class='ocr_par' dir='ltr' id='par_1_1' title="bbox 252 416 3515 497">
     <span class='ocr_line' id='line_1_1' title="bbox 252 416 3515 497; baseline -0.003 -6"><span class='ocrx_word' id='word_1_1' title='bbox 252 427 393 494; x_wconf 75' lang='grc'>1305</span> <span class='ocrx_word' id='word_1_2' title='bbox 1353 435 1874 497; x_wconf 82' lang='lat' dir='ltr'>BIBLIOTHECA.</span> <span class='ocrx_word' id='word_1_3' title='bbox 1904 458 1976 472; x_wconf 90' lang='grc'><strong>-</strong></span> <span class='ocrx_word' id='word_1_4' title='bbox 2007 434 2171 495; x_wconf 90' lang='lat' dir='ltr'>COD.</span> <span class='ocrx_word' id='word_1_5' title='bbox 2204 430 2515 493; x_wconf 81' lang='lat' dir='ltr'>CCXLIII.</span> <span class='ocrx_word' id='word_1_6' title='bbox 2708 436 2715 441; x_wconf 86' lang='grc'><strong>’</strong></span> <span class='ocrx_word' id='word_1_7' title='bbox 3375 416 3515 483; x_wconf 81' lang='grc'>1306</span> 
     </span>
    </p>
   </div>
   <div class='ocr_carea' id='block_1_2' title="bbox 254 529 1838 613">
    <p class='ocr_par' dir='ltr' id='par_1_2' title="bbox 254 536 1830 613">
     <span class='ocr_line' id='line_1_2' title="bbox 254 536 1830 613; baseline 0.004 -22"><span class='ocrx_word' id='word_1_8' title='bbox 254 539 400 609; x_wconf 85' lang='grc' dir='ltr'>γόνῳ</span> <span class='ocrx_word' id='word_1_9' title='bbox 422 536 603 611; x_wconf 77' lang='grc' dir='ltr'>θέρμῃ</span> <span class='ocrx_word' id='word_1_10' title='bbox 634 539 1115 612; x_wconf 74' lang='grc' dir='ltr'>ἀναζωπυρήσασα</span> <span class='ocrx_word' id='word_1_11' title='bbox 1148 540 1268 595; x_wconf 87' lang='grc' dir='ltr'>θεὸν</span> <span class='ocrx_word' id='word_1_12' title='bbox 1295 542 1572 613; x_wconf 70' lang='grc' dir='ltr'>ἐποίησεν,</span> <span class='ocrx_word' id='word_1_13' title='bbox 1591 544 1830 609; x_wconf 84' lang='grc' dir='ltr'>Ἕσμου-</span> 
     </span>
    </p>
   </div>
   <div class='ocr_carea' id='block_1_3' title="bbox 1940 529 3517 613">
    <p class='ocr_par' dir='ltr' id='par_1_3' title="bbox 1940 529 3517 604">
     <span class='ocr_line' id='line_1_3' title="bbox 1940 529 3517 604; baseline -0.008 -8"><span class='ocrx_word' id='word_1_14' title='bbox 1940 540 2184 596; x_wconf 83' lang='lat' dir='ltr'><strong>Nontlum</strong></span> <span class='ocrx_word' id='word_1_15' title='bbox 2232 551 2410 594; x_wconf 86' lang='lat' dir='ltr'><strong>tamen</strong></span> <span class='ocrx_word' id='word_1_16' title='bbox 2460 534 2772 592; x_wconf 80' lang='lat' dir='ltr'><strong>difﬁcultate</strong></span> <span class='ocrx_word' id='word_1_17' title='bbox 2818 529 3122 604; x_wconf 85' lang='lat' dir='ltr'><strong>argumenti</strong></span> <span class='ocrx_word' id='word_1_18' title='bbox 3181 536 3337 599; x_wconf 86' lang='lat' dir='ltr'><strong>rupta</strong></span> <span class='ocrx_word' id='word_1_19' title='bbox 3369 571 3386 596; x_wconf 88' lang='lat'>,</span> <span class='ocrx_word' id='word_1_20' title='bbox 3428 544 3517 583; x_wconf 88' lang='lat' dir='ltr'>me</span> 
     </span>
    </p>
   </div>
   <div class='ocr_carea' id='block_1_4' title="bbox 248 622 1838 707">
    <p class='ocr_par' dir='ltr' id='par_1_4' title="bbox 248 631 1833 707">
     <span class='ocr_line' id='line_1_4' title="bbox 248 631 1833 707; baseline 0.005 -25"><span class='ocrx_word' id='word_1_21' title='bbox 248 647 343 683; x_wconf 86' lang='grc' dir='ltr'>νον</span> <span class='ocrx_word' id='word_1_22' title='bbox 378 631 484 683; x_wconf 78' lang='grc' dir='ltr'>ὑπὸ</span> <span class='ocrx_word' id='word_1_23' title='bbox 540 631 807 685; x_wconf 77' lang='grc' dir='ltr'>Φοινίκων</span> <span class='ocrx_word' id='word_1_24' title='bbox 863 632 1254 703; x_wconf 79' lang='grc' dir='ltr'>ὠνομασμένον</span> <span class='ocrx_word' id='word_1_25' title='bbox 1291 635 1382 686; x_wconf 71' lang='grc' dir='ltr'>ἐπὶ</span> <span class='ocrx_word' id='word_1_26' title='bbox 1409 637 1475 705; x_wconf 75' lang='grc' dir='ltr'>τῇ</span> <span class='ocrx_word' id='word_1_27' title='bbox 1509 634 1689 707; x_wconf 83' lang='grc' dir='ltr'>θέρμῃ</span> <span class='ocrx_word' id='word_1_28' title='bbox 1735 636 1833 704; x_wconf 80' lang='grc' dir='ltr'>τῆς</span> 
     </span>
    </p>
   </div>
   <div class='ocr_carea' id='block_1_5' title="bbox 1940 622 3512 707">
    <p class='ocr_par' dir='ltr' id='par_1_5' title="bbox 1941 622 3512 697">
     <span class='ocr_line' id='line_1_5' title="bbox 1941 622 3512 697; baseline -0.009 -7"><span class='ocrx_word' id='word_1_29' title='bbox 1941 635 2207 690; x_wconf 84' lang='lat' dir='ltr'><strong>orationis</strong></span> <span class='ocrx_word' id='word_1_30' title='bbox 2246 633 2327 688; x_wconf 91' lang='lat' dir='ltr'>vis</span> <span class='ocrx_word' id='word_1_31' title='bbox 2371 630 2620 697; x_wconf 75' lang='lat' dir='ltr'>attraxit,</span> <span class='ocrx_word' id='word_1_32' title='bbox 2679 636 2737 683; x_wconf 91' lang='lat' dir='ltr'>ut</span> <span class='ocrx_word' id='word_1_33' title='bbox 2768 626 2835 682; x_wconf 89' lang='lat' dir='ltr'>ad</span> <span class='ocrx_word' id='word_1_34' title='bbox 2884 627 3167 692; x_wconf 76' lang='lat' dir='ltr'>sequentia</span> <span class='ocrx_word' id='word_1_35' title='bbox 3215 638 3302 678; x_wconf 92' lang='lat' dir='ltr'>me</span> <span class='ocrx_word' id='word_1_36' title='bbox 3327 624 3394 679; x_wconf 88' lang='lat' dir='ltr'>ab</span> <span class='ocrx_word' id='word_1_37' title='bbox 3422 622 3512 676; x_wconf 91' lang='lat' dir='ltr'><strong>illa</strong></span> 
     </span>
    </p>
   </div>
   <div class='ocr_carea' id='block_1_6' title="bbox 248 713 1838 798">
    <p class='ocr_par' dir='ltr' id='par_1_6' title="bbox 248 722 1835 798">
     <span class='ocr_line' id='line_1_6' title="bbox 248 722 1835 798; baseline 0.002 -22"><span class='ocrx_word' id='word_1_38' title='bbox 248 722 423 793; x_wconf 78' lang='grc' dir='ltr'>ζωῆς.</span> <span class='ocrx_word' id='word_1_39' title='bbox 464 724 526 777; x_wconf 83' lang='lat' dir='ltr'><strong>Ol</strong></span> <span class='ocrx_word' id='word_1_40' title='bbox 558 724 614 777; x_wconf 86' lang='grc' dir='ltr'>δὲ</span> <span class='ocrx_word' id='word_1_41' title='bbox 651 725 741 777; x_wconf 88' lang='grc' dir='ltr'>τὸν</span> <span class='ocrx_word' id='word_1_42' title='bbox 781 726 1083 794; x_wconf 85' lang='grc' dir='ltr'>Ἐσμουνον</span> <span class='ocrx_word' id='word_1_43' title='bbox 1136 725 1326 794; x_wconf 78' lang='grc' dir='ltr'>ὄγδοον</span> <span class='ocrx_word' id='word_1_44' title='bbox 1365 726 1610 792; x_wconf 82' lang='grc' dir='ltr'>ἀξιοῦσιν</span> <span class='ocrx_word' id='word_1_45' title='bbox 1659 727 1835 798; x_wconf 75' lang='grc' dir='ltr'>ἑρμη-</span> 
     </span>
    </p>
   </div>
   <div class='ocr_carea' id='block_1_7' title="bbox 1940 713 3514 798">
    <p class='ocr_par' dir='ltr' id='par_1_7' title="bbox 1940 713 3514 790">
     <span class='ocr_line' id='line_1_7' title="bbox 1940 713 3514 790; baseline -0.01 -9"><span class='ocrx_word' id='word_1_46' title='bbox 1940 739 2272 790; x_wconf 83' lang='lat' dir='ltr'><strong>rerocarem,</strong></span> <span class='ocrx_word' id='word_1_47' title='bbox 2302 734 2356 780; x_wconf 90' lang='lat' dir='ltr'>et</span> <span class='ocrx_word' id='word_1_48' title='bbox 2398 724 2637 778; x_wconf 91' lang='lat' dir='ltr'><strong>instante</strong></span> <span class='ocrx_word' id='word_1_49' title='bbox 2668 722 2803 788; x_wconf 85' lang='lat' dir='ltr'><strong>vita,</strong></span> <span class='ocrx_word' id='word_1_50' title='bbox 2852 733 2946 775; x_wconf 89' lang='lat' dir='ltr'>eos</span> <span class='ocrx_word' id='word_1_51' title='bbox 2998 731 3344 773; x_wconf 84' lang='lat' dir='ltr'>successores</span> <span class='ocrx_word' id='word_1_52' title='bbox 3389 713 3514 768; x_wconf 88' lang='lat' dir='ltr'><strong>imi-</strong></span> 
     </span>
    </p>
   </div>
   <div class='ocr_carea' id='block_1_8' title="bbox 248 805 1838 886">
    <p class='ocr_par' dir='ltr' id='par_1_8' title="bbox 248 806 1831 886">
     <span class='ocr_line' id='line_1_8' title="bbox 248 806 1831 886; baseline 0.007 -27"><span class='ocrx_word' id='word_1_53' title='bbox 248 808 431 861; x_wconf 84' lang='grc' dir='ltr'>νεύειν</span> <span class='ocrx_word' id='word_1_54' title='bbox 469 810 550 863; x_wconf 86' lang='grc' dir='ltr'>ὅτι</span> <span class='ocrx_word' id='word_1_55' title='bbox 584 810 770 879; x_wconf 78' lang='grc' dir='ltr'>ὄγδοος</span> <span class='ocrx_word' id='word_1_56' title='bbox 797 806 866 883; x_wconf 83' lang='grc' dir='ltr'>ἦν</span> <span class='ocrx_word' id='word_1_57' title='bbox 916 812 994 883; x_wconf 87' lang='grc' dir='ltr'>τῷ</span> <span class='ocrx_word' id='word_1_58' title='bbox 1049 813 1279 884; x_wconf 85' lang='grc' dir='ltr'>Σαδύκῳ</span> <span class='ocrx_word' id='word_1_59' title='bbox 1315 817 1461 878; x_wconf 86' lang='grc' dir='ltr'>παῖς.</span> <span class='ocrx_word' id='word_1_60' title='bbox 1502 816 1594 869; x_wconf 88' lang='grc' dir='ltr'>Ἐν</span> <span class='ocrx_word' id='word_1_61' title='bbox 1652 815 1831 886; x_wconf 80' lang='grc' dir='ltr'>σκότῳ</span> 
     </span>
    </p>
   </div>
   <div class='ocr_carea' id='block_1_9' title="bbox 1940 805 3512 886">
    <p class='ocr_par' dir='ltr' id='par_1_9' title="bbox 1940 805 3512 884">
     <span class='ocr_line' id='line_1_9' title="bbox 1940 805 3512 884; baseline -0.009 -14"><span class='ocrx_word' id='word_1_62' title='bbox 1940 824 2104 878; x_wconf 89' lang='lat' dir='ltr'><strong>tarer,</strong></span> <span class='ocrx_word' id='word_1_63' title='bbox 2136 830 2274 884; x_wconf 92' lang='lat' dir='ltr'><strong>quos</strong></span> <span class='ocrx_word' id='word_1_64' title='bbox 2293 813 2515 869; x_wconf 87' lang='lat' dir='ltr'><strong>Proclus</strong></span> <span class='ocrx_word' id='word_1_65' title='bbox 2532 813 2790 882; x_wconf 75' lang='lat' dir='ltr'>elegerat.</span> <span class='ocrx_word' id='word_1_66' title='bbox 2816 810 3077 879; x_wconf 88' lang='lat' dir='ltr'><strong>Quodque</strong></span> <span class='ocrx_word' id='word_1_67' title='bbox 3097 822 3289 862; x_wconf 89' lang='lat' dir='ltr'><strong>novum</strong></span> <span class='ocrx_word' id='word_1_68' title='bbox 3306 805 3512 867; x_wconf 88' lang='lat' dir='ltr'><strong>auditu,</strong></span> 
     </span>
    </p>
   </div>
   <div class='ocr_carea' id='block_1_10' title="bbox 250 896 1838 977">
    <p class='ocr_par' dir='ltr' id='par_1_10' title="bbox 250 896 1827 974">
     <span class='ocr_line' id='line_1_10' title="bbox 250 896 1827 974; baseline 0.006 -23"><span class='ocrx_word' id='word_1_69' title='bbox 250 896 529 971; x_wconf 81' lang='grc' dir='ltr'>διωλυγίῳ</span> <span class='ocrx_word' id='word_1_70' title='bbox 562 901 697 955; x_wconf 84' lang='grc' dir='ltr'>πολὺ</span> <span class='ocrx_word' id='word_1_71' title='bbox 728 903 846 971; x_wconf 83' lang='grc' dir='ltr'>φῶς</span> <span class='ocrx_word' id='word_1_72' title='bbox 886 904 1117 974; x_wconf 80' lang='grc' dir='ltr'>ἀνάψας.</span> <span class='ocrx_word' id='word_1_73' title='bbox 1149 905 1354 961; x_wconf 82' lang='grc' dir='ltr'>Τοῦτον</span> <span class='ocrx_word' id='word_1_74' title='bbox 1382 906 1711 971; x_wconf 80' lang='grc' dir='ltr'>ἀπεδέξαντο</span> <span class='ocrx_word' id='word_1_75' title='bbox 1733 906 1827 961; x_wconf 83' lang='grc' dir='ltr'>τοῦ</span> 
     </span>
    </p>
   </div>
   <div class='ocr_carea' id='block_1_11' title="bbox 1940 896 3511 977">
    <p class='ocr_par' dir='ltr' id='par_1_11' title="bbox 1940 899 3511 977">
     <span class='ocr_line' id='line_1_11' title="bbox 1940 899 3511 977; baseline -0.009 -15"><span class='ocrx_word' id='word_1_76' title='bbox 1940 922 2057 963; x_wconf 90' lang='lat' dir='ltr'>cum</span> <span class='ocrx_word' id='word_1_77' title='bbox 2088 921 2348 977; x_wconf 87' lang='lat' dir='ltr'><strong>generosa</strong></span> <span class='ocrx_word' id='word_1_78' title='bbox 2391 904 2673 974; x_wconf 89' lang='lat' dir='ltr'><strong>solidaque</strong></span> <span class='ocrx_word' id='word_1_79' title='bbox 2703 903 2971 974; x_wconf 77' lang='lat' dir='ltr'><strong>gravitate</strong></span> <span class='ocrx_word' id='word_1_80' title='bbox 3021 899 3309 953; x_wconf 84' lang='lat' dir='ltr'><strong>videbatur</strong></span> <span class='ocrx_word' id='word_1_81' title='bbox 3364 911 3511 966; x_wconf 84' lang='lat' dir='ltr'><strong>prae-</strong></span> 
     </span>
    </p>
   </div>
   <div class='ocr_carea' id='block_1_12' title="bbox 245 988 1838 1068">
    <p class='ocr_par' dir='ltr' id='par_1_12' title="bbox 245 988 1826 1066">
     <span class='ocr_line' id='line_1_12' title="bbox 245 988 1826 1066; baseline 0.008 -28"><span class='ocrx_word' id='word_1_82' title='bbox 245 988 537 1042; x_wconf 84' lang='grc' dir='ltr'>νεανίσκου</span> <span class='ocrx_word' id='word_1_83' title='bbox 561 988 651 1043; x_wconf 75' lang='grc' dir='ltr'>τὸν</span> <span class='ocrx_word' id='word_1_84' title='bbox 675 990 835 1060; x_wconf 90' lang='grc' dir='ltr'>λόγον</span> <span class='ocrx_word' id='word_1_85' title='bbox 864 993 961 1046; x_wconf 59' lang='grc' dir='ltr'>καὶ⁸</span> <span class='ocrx_word' id='word_1_86' title='bbox 991 995 1313 1065; x_wconf 75' lang='grc' dir='ltr'>ἠγάσθησαν</span> <span class='ocrx_word' id='word_1_87' title='bbox 1336 997 1385 1048; x_wconf 74' lang='grc' dir='ltr'>οἱ</span> <span class='ocrx_word' id='word_1_88' title='bbox 1410 997 1554 1066; x_wconf 62' lang='grc' dir='ltr'>ἀμφὶ⁵</span> <span class='ocrx_word' id='word_1_89' title='bbox 1581 997 1672 1049; x_wconf 82' lang='grc' dir='ltr'>τὸν</span> <span class='ocrx_word' id='word_1_90' title='bbox 1704 999 1826 1051; x_wconf 83' lang='grc' dir='ltr'>Μα-</span> 
     </span>
    </p>
   </div>
   <div class='ocr_carea' id='block_1_13' title="bbox 1940 988 3511 1068">
    <p class='ocr_par' dir='ltr' id='par_1_13' title="bbox 1940 994 3511 1068">
     <span class='ocr_line' id='line_1_13' title="bbox 1940 994 3511 1068; baseline -0.009 -14"><span class='ocrx_word' id='word_1_91' title='bbox 1940 998 2186 1054; x_wconf 88' lang='lat' dir='ltr'><strong>sentibus</strong></span> <span class='ocrx_word' id='word_1_92' title='bbox 2229 1007 2441 1068; x_wconf 89' lang='lat' dir='ltr'><strong>gratus.</strong></span> <span class='ocrx_word' id='word_1_93' title='bbox 2491 996 2732 1052; x_wconf 88' lang='lat' dir='ltr'><strong>Plurima</strong></span> <span class='ocrx_word' id='word_1_94' title='bbox 2764 1003 2993 1051; x_wconf 86' lang='lat' dir='ltr'><strong>conatus</strong></span> <span class='ocrx_word' id='word_1_95' title='bbox 3042 994 3110 1045; x_wconf 87' lang='lat' dir='ltr'>ad</span> <span class='ocrx_word' id='word_1_96' title='bbox 3168 1002 3511 1044; x_wconf 90' lang='lat' dir='ltr'><strong>communem</strong></span> 
     </span>
    </p>
   </div>
   <div class='ocr_carea' id='block_1_14' title="bbox 249 1077 1838 1158">
    <p class='ocr_par' dir='ltr' id='par_1_14' title="bbox 249 1079 1831 1158">
     <span class='ocr_line' id='line_1_14' title="bbox 249 1079 1831 1158; baseline 0.008 -28"><span class='ocrx_word' id='word_1_97' title='bbox 249 1080 419 1148; x_wconf 80' lang='grc' dir='ltr'>ρῖνον,</span> <span class='ocrx_word' id='word_1_98' title='bbox 446 1079 562 1145; x_wconf 83' lang='grc' dir='ltr'>πῶς</span> <span class='ocrx_word' id='word_1_99' title='bbox 586 1083 685 1135; x_wconf 80' lang='grc' dir='ltr'>οῐει</span> <span class='ocrx_word' id='word_1_100' title='bbox 716 1082 923 1154; x_wconf 83' lang='grc' dir='ltr'>σφόδρα</span> <span class='ocrx_word' id='word_1_101' title='bbox 952 1086 997 1117; x_wconf 82' lang='grc'>⁸⁷</span> <span class='ocrx_word' id='word_1_102' title='bbox 1028 1102 1043 1151; x_wconf 87' lang='grc'>;</span> <span class='ocrx_word' id='word_1_103' title='bbox 1087 1086 1253 1140; x_wconf 76' lang='grc' dir='ltr'>Οὔπω</span> <span class='ocrx_word' id='word_1_104' title='bbox 1278 1086 1574 1158; x_wconf 77' lang='grc' dir='ltr'>ὲξερρώγει</span> <span class='ocrx_word' id='word_1_105' title='bbox 1602 1088 1670 1141; x_wconf 76' lang='grc' dir='ltr'>τὰ</span> <span class='ocrx_word' id='word_1_106' title='bbox 1704 1089 1831 1143; x_wconf 84' lang='grc' dir='ltr'>δύσ-</span> 
     </span>
    </p>
   </div>
   <div class='ocr_carea' id='block_1_15' title="bbox 1940 1077 3515 1158">
    <p class='ocr_par' dir='ltr' id='par_1_15' title="bbox 1940 1077 3515 1151">
     <span class='ocr_line' id='line_1_15' title="bbox 1940 1077 3515 1151; baseline -0.006 -11"><span class='ocrx_word' id='word_1_107' title='bbox 1940 1089 2281 1143; x_wconf 88' lang='lat' dir='ltr'><strong>auditoribus</strong></span> <span class='ocrx_word' id='word_1_108' title='bbox 2326 1089 2640 1151; x_wconf 88' lang='lat' dir='ltr'><strong>ulilitatem,</strong></span> <span class='ocrx_word' id='word_1_109' title='bbox 2678 1085 2949 1142; x_wconf 89' lang='lat' dir='ltr'><strong>interdum</strong></span> <span class='ocrx_word' id='word_1_110' title='bbox 2991 1097 3122 1137; x_wconf 85' lang='lat' dir='ltr'><strong>vero</strong></span> <span class='ocrx_word' id='word_1_111' title='bbox 3163 1078 3399 1151; x_wconf 84' lang='lat' dir='ltr'><strong>jucando</strong></span> <span class='ocrx_word' id='word_1_112' title='bbox 3447 1077 3515 1131; x_wconf 90' lang='lat' dir='ltr'>de</span> 
     </span>
    </p>
   </div>
   <div class='ocr_carea' id='block_1_16' title="bbox 246 1167 1838 1273">
    <p class='ocr_par' dir='ltr' id='par_1_16' title="bbox 246 1167 1831 1273">
     <span class='ocr_line' id='line_1_16' title="bbox 246 1167 1831 1273; baseline 0.007 -54"><span class='ocrx_word' id='word_1_113' title='bbox 246 1167 385 1273; x_wconf 61' lang='grc' dir='ltr'>κολα</span> <span class='ocrx_word' id='word_1_114' title='bbox 412 1168 535 1273; x_wconf 46' lang='grc' dir='ltr'>,τῆς</span> <span class='ocrx_word' id='word_1_115' title='bbox 583 1170 915 1237; x_wconf 80' lang='grc' dir='ltr'>ὑποθέσεως.</span> <span class='ocrx_word' id='word_1_116' title='bbox 971 1174 1099 1244; x_wconf 84' lang='grc' dir='ltr'>Ἐμὲ</span> <span class='ocrx_word' id='word_1_117' title='bbox 1147 1174 1203 1227; x_wconf 80' lang='grc' dir='ltr'>δὲ</span> <span class='ocrx_word' id='word_1_118' title='bbox 1252 1176 1831 1249; x_wconf 81' lang='grc' dir='ltr'>ὲπεσπάσατοὴρύμη</span> 
     </span>
    </p>
   </div>
   <div class='ocr_carea' id='block_1_17' title="bbox 1940 1167 3515 1273">
    <p class='ocr_par' dir='ltr' id='par_1_17' title="bbox 1940 1170 3515 1251">
     <span class='ocr_line' id='line_1_17' title="bbox 1940 1170 3515 1251; baseline -0.009 -17"><span class='ocrx_word' id='word_1_119' title='bbox 1940 1180 2025 1234; x_wconf 90' lang='lat' dir='ltr'><strong>illa</strong></span> <span class='ocrx_word' id='word_1_120' title='bbox 2058 1181 2325 1251; x_wconf 81' lang='lat' dir='ltr'><strong>gravitate</strong></span> <span class='ocrx_word' id='word_1_121' title='bbox 2348 1181 2655 1245; x_wconf 87' lang='lat' dir='ltr'><strong>remittens,</strong></span> <span class='ocrx_word' id='word_1_122' title='bbox 2687 1187 2742 1233; x_wconf 90' lang='lat' dir='ltr'>et</span> <span class='ocrx_word' id='word_1_123' title='bbox 2774 1184 3063 1247; x_wconf 84' lang='lat' dir='ltr'><strong>peccantes</strong></span> <span class='ocrx_word' id='word_1_124' title='bbox 3095 1170 3374 1241; x_wconf 82' lang='lat' dir='ltr'><strong>ingeniose</strong></span> <span class='ocrx_word' id='word_1_125' title='bbox 3394 1182 3515 1223; x_wconf 88' lang='lat' dir='ltr'><strong>car-</strong></span> 
     </span>
    </p>
   </div>
   <div class='ocr_carea' id='block_1_18' title="bbox 242 1260 1838 1341">
    <p class='ocr_par' dir='ltr' id='par_1_18' title="bbox 242 1260 1834 1341">
     <span class='ocr_line' id='line_1_18' title="bbox 242 1260 1834 1341; baseline 0.008 -30"><span class='ocrx_word' id='word_1_126' title='bbox 242 1260 342 1312; x_wconf 81' lang='grc' dir='ltr'>τοῦ</span> <span class='ocrx_word' id='word_1_127' title='bbox 368 1260 527 1330; x_wconf 80' lang='grc' dir='ltr'>λόγου</span> <span class='ocrx_word' id='word_1_128' title='bbox 560 1262 699 1334; x_wconf 81' lang='grc' dir='ltr'>πρὸς</span> <span class='ocrx_word' id='word_1_129' title='bbox 730 1264 800 1318; x_wconf 85' lang='grc' dir='ltr'>τὰ</span> <span class='ocrx_word' id='word_1_130' title='bbox 833 1266 974 1335; x_wconf 84' lang='grc' dir='ltr'>μετὰ</span> <span class='ocrx_word' id='word_1_131' title='bbox 1015 1265 1187 1319; x_wconf 82' lang='grc' dir='ltr'>ταῦτα</span> <span class='ocrx_word' id='word_1_132' title='bbox 1218 1267 1560 1338; x_wconf 79' lang='grc' dir='ltr'>ἐκϐεϐηκότα</span> <span class='ocrx_word' id='word_1_133' title='bbox 1592 1269 1638 1301; x_wconf 82' lang='grc'>⁸⁸</span> <span class='ocrx_word' id='word_1_134' title='bbox 1676 1271 1834 1341; x_wconf 84' lang='grc' dir='ltr'>ποιή-</span> 
     </span>
    </p>
   </div>
   <div class='ocr_carea' id='block_1_19' title="bbox 1940 1260 3517 1341">
    <p class='ocr_par' dir='ltr' id='par_1_19' title="bbox 1940 1260 3517 1341">
     <span class='ocr_line' id='line_1_19' title="bbox 1940 1260 3517 1341; baseline -0.01 -14"><span class='ocrx_word' id='word_1_135' title='bbox 1940 1287 2091 1341; x_wconf 86' lang='lat' dir='ltr'><strong>pens,</strong></span> <span class='ocrx_word' id='word_1_136' title='bbox 2129 1281 2188 1327; x_wconf 88' lang='grc' dir='ltr'>ιιι</span> <span class='ocrx_word' id='word_1_137' title='bbox 2239 1272 2348 1327; x_wconf 87' lang='lat' dir='ltr'><strong>risu</strong></span> <span class='ocrx_word' id='word_1_138' title='bbox 2380 1270 2813 1340; x_wconf 87' lang='lat' dir='ltr'><strong>increpationem</strong></span> <span class='ocrx_word' id='word_1_139' title='bbox 2849 1276 3076 1337; x_wconf 89' lang='lat' dir='ltr'><strong>tegeret.</strong></span> <span class='ocrx_word' id='word_1_140' title='bbox 3132 1263 3333 1334; x_wconf 77' lang='lat' dir='ltr'><strong>353a</strong></span> <span class='ocrx_word' id='word_1_141' title='bbox 3380 1260 3517 1313; x_wconf 77' lang='lat' dir='ltr'><strong>Alti-</strong></span> 
     </span>
    </p>
   </div>
   <div class='ocr_carea' id='block_1_20' title="bbox 247 1352 1838 1436">
    <p class='ocr_par' dir='ltr' id='par_1_20' title="bbox 247 1352 1830 1433">
     <span class='ocr_line' id='line_1_20' title="bbox 247 1352 1830 1433; baseline 0.007 -29"><span class='ocrx_word' id='word_1_142' title='bbox 247 1352 449 1406; x_wconf 88' lang='grc' dir='ltr'>σασθαι</span> <span class='ocrx_word' id='word_1_143' title='bbox 482 1355 582 1424; x_wconf 85' lang='grc' dir='ltr'>τὴν</span> <span class='ocrx_word' id='word_1_144' title='bbox 616 1356 868 1428; x_wconf 73' lang='grc' dir='ltr'>ἐκϐολὴν,</span> <span class='ocrx_word' id='word_1_145' title='bbox 901 1357 1419 1430; x_wconf 81' lang='grc' dir='ltr'>ἐπακολουθήσαντα</span> <span class='ocrx_word' id='word_1_146' title='bbox 1469 1360 1718 1431; x_wconf 84' lang='grc' dir='ltr'>παριόντι</span> <span class='ocrx_word' id='word_1_147' title='bbox 1750 1362 1830 1433; x_wconf 86' lang='grc' dir='ltr'>τῷ</span> 
     </span>
    </p>
   </div>
   <div class='ocr_carea' id='block_1_21' title="bbox 1940 1352 3516 1436">
    <p class='ocr_par' dir='ltr' id='par_1_21' title="bbox 1940 1353 3516 1436">
     <span class='ocr_line' id='line_1_21' title="bbox 1940 1353 3516 1436; baseline -0.006 -20"><span class='ocrx_word' id='word_1_148' title='bbox 1940 1365 2122 1418; x_wconf 90' lang='lat' dir='ltr'><strong>tudine</strong></span> <span class='ocrx_word' id='word_1_149' title='bbox 2153 1374 2206 1420; x_wconf 84' lang='lat' dir='ltr'>et</span> <span class='ocrx_word' id='word_1_150' title='bbox 2226 1364 2559 1436; x_wconf 74' lang='lat' dir='ltr'><strong>longitudine</strong></span> <span class='ocrx_word' id='word_1_151' title='bbox 2577 1363 2850 1434; x_wconf 85' lang='lat' dir='ltr'><strong>egregius,</strong></span> <span class='ocrx_word' id='word_1_152' title='bbox 2874 1359 3165 1428; x_wconf 86' lang='lat' dir='ltr'><strong>utantiqua</strong></span> <span class='ocrx_word' id='word_1_153' title='bbox 3190 1368 3243 1411; x_wconf 91' lang='lat' dir='ltr'>et</span> <span class='ocrx_word' id='word_1_154' title='bbox 3268 1353 3516 1409; x_wconf 77' lang='lat' dir='ltr'><strong>fabulosa</strong></span> 
     </span>
    </p>
   </div>
   <div class='ocr_carea' id='block_1_22' title="bbox 246 1440 1838 1523">
    <p class='ocr_par' dir='ltr' id='par_1_22' title="bbox 246 1440 1823 1519">
     <span class='ocr_line' id='line_1_22' title="bbox 246 1440 1823 1519; baseline 0.004 -26"><span class='ocrx_word' id='word_1_155' title='bbox 246 1440 352 1511; x_wconf 86' lang='grc' dir='ltr'>βίῳ</span> <span class='ocrx_word' id='word_1_156' title='bbox 380 1442 490 1497; x_wconf 86' lang='grc' dir='ltr'>τῶν</span> <span class='ocrx_word' id='word_1_157' title='bbox 537 1443 816 1515; x_wconf 90' lang='grc' dir='ltr'>διαδόχων,</span> <span class='ocrx_word' id='word_1_158' title='bbox 846 1444 943 1509; x_wconf 84' lang='grc' dir='ltr'>οὓς</span> <span class='ocrx_word' id='word_1_159' title='bbox 995 1446 1170 1501; x_wconf 85' lang='grc' dir='ltr'>εἵλετο</span> <span class='ocrx_word' id='word_1_160' title='bbox 1233 1448 1493 1519; x_wconf 79' lang='grc' dir='ltr'>Πρόκλος.</span> <span class='ocrx_word' id='word_1_161' title='bbox 1525 1450 1590 1503; x_wconf 84' lang='grc' dir='ltr'><em>Ὃ</em></span> <span class='ocrx_word' id='word_1_162' title='bbox 1636 1449 1691 1501; x_wconf 83' lang='grc' dir='ltr'>δὲ</span> <span class='ocrx_word' id='word_1_163' title='bbox 1730 1449 1823 1503; x_wconf 77' lang='grc' dir='ltr'>καὶ</span> 
     </span>
    </p>
   </div>
   <div class='ocr_carea' id='block_1_23' title="bbox 1940 1440 3513 1523">
    <p class='ocr_par' dir='ltr' id='par_1_23' title="bbox 1940 1447 3513 1523">
     <span class='ocr_line' id='line_1_23' title="bbox 1940 1447 3513 1523; baseline -0.006 -18"><span class='ocrx_word' id='word_1_164' title='bbox 1940 1449 2036 1514; x_wconf 80' lang='lat' dir='ltr'>iam</span> <span class='ocrx_word' id='word_1_165' title='bbox 2067 1469 2192 1507; x_wconf 84' lang='lat' dir='ltr'><strong>vera</strong></span> <span class='ocrx_word' id='word_1_166' title='bbox 2218 1455 2458 1518; x_wconf 77' lang='lat' dir='ltr'><strong>sint,eta</strong></span> <span class='ocrx_word' id='word_1_167' title='bbox 2486 1470 2572 1509; x_wconf 91' lang='lat' dir='ltr'>me</span> <span class='ocrx_word' id='word_1_168' title='bbox 2594 1449 3084 1523; x_wconf 89' lang='lat' dir='ltr'><strong>petebatoccttltam</strong></span> <span class='ocrx_word' id='word_1_169' title='bbox 3104 1447 3513 1502; x_wconf 86' lang='lat' dir='ltr'><strong>admissionetn.</strong></span> 
     </span>
    </p>
   </div>
   <div class='ocr_carea' id='block_1_24' title="bbox 244 1531 3517 1615">
    <p class='ocr_par' dir='ltr' id='par_1_24' title="bbox 244 1531 3517 1615">
     <span class='ocr_line' id='line_1_24' title="bbox 244 1531 3517 1615; baseline 0.002 -33"><span class='ocrx_word' id='word_1_170' title='bbox 244 1532 549 1600; x_wconf 72' lang='grc' dir='ltr'>παράδοξον</span> <span class='ocrx_word' id='word_1_171' title='bbox 578 1531 828 1597; x_wconf 83' lang='grc' dir='ltr'>ἀκοῦσαι,</span> <span class='ocrx_word' id='word_1_172' title='bbox 865 1535 1001 1604; x_wconf 83' lang='grc' dir='ltr'>μετὰ</span> <span class='ocrx_word' id='word_1_173' title='bbox 1024 1536 1351 1607; x_wconf 81' lang='grc' dir='ltr'>σεμνότητος</span> <span class='ocrx_word' id='word_1_174' title='bbox 1391 1536 1646 1605; x_wconf 75' lang='grc' dir='ltr'>εὐγενοῦς</span> <span class='ocrx_word' id='word_1_175' title='bbox 1692 1540 1784 1590; x_wconf 70' lang='grc' dir='ltr'>καὶ</span> <span class='ocrx_word' id='word_1_176' title='bbox 1810 1538 2034 1609; x_wconf 84' lang='grc' dir='ltr'>βεϐαίας</span> <span class='ocrx_word' id='word_1_177' title='bbox 2066 1545 2314 1613; x_wconf 78' lang='grc' dir='ltr'>ἐφαίνετο</span> <span class='ocrx_word' id='word_1_178' title='bbox 2355 1547 2466 1608; x_wconf 87' lang='grc' dir='ltr'>τοῖς</span> <span class='ocrx_word' id='word_1_179' title='bbox 2517 1542 2752 1615; x_wconf 83' lang='grc' dir='ltr'>παροῦσι</span> <span class='ocrx_word' id='word_1_180' title='bbox 2804 1540 3038 1613; x_wconf 77' lang='grc' dir='ltr'>χαρίεις,</span> <span class='ocrx_word' id='word_1_181' title='bbox 3074 1539 3142 1592; x_wconf 82' lang='grc' dir='ltr'>τὰ</span> <span class='ocrx_word' id='word_1_182' title='bbox 3190 1539 3288 1609; x_wconf 82' lang='grc' dir='ltr'>μὲν</span> <span class='ocrx_word' id='word_1_183' title='bbox 3345 1532 3517 1589; x_wconf 88' lang='grc' dir='ltr'>πολλά</span> 
     </span>
    </p>
   </div>
   <div class='ocr_carea' id='block_1_25' title="bbox 248 1625 3519 1706">
    <p class='ocr_par' dir='ltr' id='par_1_25' title="bbox 248 1625 3519 1706">
     <span class='ocr_line' id='line_1_25' title="bbox 248 1625 3519 1706; baseline 0.002 -30"><span class='ocrx_word' id='word_1_184' title='bbox 248 1625 565 1689; x_wconf 76' lang='grc' dir='ltr'>σπουδάζων</span> <span class='ocrx_word' id='word_1_185' title='bbox 605 1626 685 1688; x_wconf 85' lang='grc' dir='ltr'>είς</span> <span class='ocrx_word' id='word_1_186' title='bbox 728 1625 790 1679; x_wconf 76' lang='grc' dir='ltr'>τὸ</span> <span class='ocrx_word' id='word_1_187' title='bbox 838 1625 1019 1680; x_wconf 76' lang='grc' dir='ltr'>κοινὸν</span> <span class='ocrx_word' id='word_1_188' title='bbox 1073 1629 1185 1691; x_wconf 77' lang='grc' dir='ltr'>τοῖς</span> <span class='ocrx_word' id='word_1_189' title='bbox 1246 1627 1535 1682; x_wconf 82' lang='grc' dir='ltr'>ἀκούουσιν</span> <span class='ocrx_word' id='word_1_190' title='bbox 1589 1629 1800 1699; x_wconf 77' lang='grc' dir='ltr'>ὄφελος,</span> <span class='ocrx_word' id='word_1_191' title='bbox 1841 1632 2011 1699; x_wconf 76' lang='grc' dir='ltr'>ἀνιεὶς</span> <span class='ocrx_word' id='word_1_192' title='bbox 2040 1635 2096 1689; x_wconf 81' lang='grc' dir='ltr'>δὲ</span> <span class='ocrx_word' id='word_1_193' title='bbox 2132 1636 2303 1690; x_wconf 75' lang='grc' dir='ltr'>ἐνίοτε</span> <span class='ocrx_word' id='word_1_194' title='bbox 2333 1636 2411 1706; x_wconf 83' lang='grc' dir='ltr'>τῷ</span> <span class='ocrx_word' id='word_1_195' title='bbox 2441 1635 2690 1701; x_wconf 77' lang='grc' dir='ltr'>παίζοντι</span> <span class='ocrx_word' id='word_1_196' title='bbox 2721 1633 2820 1706; x_wconf 79' lang='grc' dir='ltr'>τήν</span> <span class='ocrx_word' id='word_1_197' title='bbox 2881 1631 3138 1702; x_wconf 80' lang='grc' dir='ltr'>σπουδὴν,</span> <span class='ocrx_word' id='word_1_198' title='bbox 3205 1631 3301 1683; x_wconf 76' lang='grc' dir='ltr'>καὶ</span> <span class='ocrx_word' id='word_1_199' title='bbox 3376 1626 3519 1681; x_wconf 84' lang='grc' dir='ltr'>σκώ-</span> 
     </span>
    </p>
   </div>
   <div class='ocr_carea' id='block_1_26' title="bbox 246 1717 3519 1823">
    <p class='ocr_par' dir='ltr' id='par_1_26' title="bbox 246 1717 3519 1823">
     <span class='ocr_line' id='line_1_26' title="bbox 246 1717 3519 1823; baseline 0.004 -55"><span class='ocrx_word' id='word_1_200' title='bbox 246 1733 405 1823; x_wconf 56' lang='grc' dir='ltr'>τὶτων</span> <span class='ocrx_word' id='word_1_201' title='bbox 430 1718 645 1823; x_wconf 75' lang='grc' dir='ltr'>εὐφυῶς</span> <span class='ocrx_word' id='word_1_202' title='bbox 689 1717 815 1823; x_wconf 45' lang='grc' dir='ltr'>τοὶς</span> <span class='ocrx_word' id='word_1_203' title='bbox 880 1718 1320 1823; x_wconf 64' lang='grc' dir='ltr'>ἁμαρτάνοντας,</span> <span class='ocrx_word' id='word_1_204' title='bbox 1376 1719 1526 1823; x_wconf 42' lang='grc' dir='ltr'>ὥστε.</span> <span class='ocrx_word' id='word_1_205' title='bbox 1552 1721 1947 1778; x_wconf 75' lang='grc' dir='ltr'>ἐπικαλύπτειν</span> <span class='ocrx_word' id='word_1_206' title='bbox 2006 1727 2084 1798; x_wconf 82' lang='grc' dir='ltr'>τῷ</span> <span class='ocrx_word' id='word_1_207' title='bbox 2133 1729 2329 1798; x_wconf 79' lang='grc' dir='ltr'>γελοίῳ</span> <span class='ocrx_word' id='word_1_208' title='bbox 2393 1728 2484 1782; x_wconf 75' lang='grc' dir='ltr'>τὸν</span> <span class='ocrx_word' id='word_1_209' title='bbox 2536 1726 2781 1797; x_wconf 76' lang='grc' dir='ltr'>ἔλεγχον.</span> <span class='ocrx_word' id='word_1_210' title='bbox 2861 1725 2954 1787; x_wconf 87' lang='grc' dir='ltr'>Είς</span> <span class='ocrx_word' id='word_1_211' title='bbox 3013 1721 3147 1791; x_wconf 71' lang='grc' dir='ltr'>ὕψος</span> <span class='ocrx_word' id='word_1_212' title='bbox 3197 1718 3292 1773; x_wconf 66' lang='grc' dir='ltr'>καὶ</span> <span class='ocrx_word' id='word_1_213' title='bbox 3345 1719 3519 1788; x_wconf 84' lang='grc' dir='ltr'>μῆκος</span> 
     </span>
    </p>
   </div>
   <div class='ocr_carea' id='block_1_27' title="bbox 243 1807 3518 1890">
    <p class='ocr_par' dir='ltr' id='par_1_27' title="bbox 243 1807 3518 1890">
     <span class='ocr_line' id='line_1_27' title="bbox 243 1807 3518 1890; baseline 0.001 -32"><span class='ocrx_word' id='word_1_214' title='bbox 243 1807 358 1859; x_wconf 74' lang='grc' dir='ltr'>οἷον</span> <span class='ocrx_word' id='word_1_215' title='bbox 379 1807 697 1878; x_wconf 80' lang='grc' dir='ltr'>θαυμάσιον.</span> <span class='ocrx_word' id='word_1_216' title='bbox 733 1808 896 1862; x_wconf 75' lang='grc' dir='ltr'>Ὥστε</span> <span class='ocrx_word' id='word_1_217' title='bbox 933 1808 1001 1863; x_wconf 72' lang='grc' dir='ltr'>τὰ</span> <span class='ocrx_word' id='word_1_218' title='bbox 1053 1810 1256 1881; x_wconf 86' lang='grc' dir='ltr'>ἀρχαῖα</span> <span class='ocrx_word' id='word_1_219' title='bbox 1290 1814 1385 1867; x_wconf 80' lang='grc' dir='ltr'>καὶ</span> <span class='ocrx_word' id='word_1_220' title='bbox 1432 1812 1570 1885; x_wconf 82' lang='grc' dir='ltr'>πρὸς</span> <span class='ocrx_word' id='word_1_221' title='bbox 1610 1813 1672 1865; x_wconf 85' lang='grc' dir='ltr'>τὸ</span> <span class='ocrx_word' id='word_1_222' title='bbox 1716 1813 1963 1883; x_wconf 83' lang='grc' dir='ltr'>μυθῶδες</span> <span class='ocrx_word' id='word_1_223' title='bbox 2008 1818 2400 1890; x_wconf 74' lang='grc' dir='ltr'>ἐκνενικηκότα</span> <span class='ocrx_word' id='word_1_224' title='bbox 2460 1816 2661 1890; x_wconf 75' lang='grc' dir='ltr'>μηκέτι</span> <span class='ocrx_word' id='word_1_225' title='bbox 2729 1816 2935 1872; x_wconf 76' lang='grc' dir='ltr'>ἄπιστα</span> <span class='ocrx_word' id='word_1_226' title='bbox 2998 1809 3159 1865; x_wconf 78' lang='grc' dir='ltr'>εἶναι.</span> <span class='ocrx_word' id='word_1_227' title='bbox 3209 1809 3322 1864; x_wconf 77' lang='grc' dir='ltr'>Καὶ</span> <span class='ocrx_word' id='word_1_228' title='bbox 3395 1808 3518 1880; x_wconf 71' lang='grc' dir='ltr'>ᾔτει</span> 
     </span>
    </p>
   </div>
   <div class='ocr_carea' id='block_1_28' title="bbox 245 1902 1239 1975">
    <p class='ocr_par' dir='ltr' id='par_1_28' title="bbox 245 1902 1239 1975">
     <span class='ocr_line' id='line_1_28' title="bbox 245 1902 1239 1975; baseline 0.005 -22"><span class='ocrx_word' id='word_1_229' title='bbox 245 1903 379 1972; x_wconf 80' lang='grc' dir='ltr'>παρ’</span> <span class='ocrx_word' id='word_1_230' title='bbox 398 1904 522 1972; x_wconf 71' lang='grc' dir='ltr'>ἐμοὶ</span> <span class='ocrx_word' id='word_1_231' title='bbox 553 1902 819 1975; x_wconf 78' lang='grc' dir='ltr'>ὑποδοχὴν</span> <span class='ocrx_word' id='word_1_232' title='bbox 847 1903 1239 1958; x_wconf 82' lang='grc' dir='ltr'>λανθάνουσαν.</span> 
     </span>
    </p>
   </div>
   <div class='ocr_carea' id='block_1_29' title="bbox 318 1992 1838 2070">
    <p class='ocr_par' dir='ltr' id='par_1_29' title="bbox 318 1992 1820 2070">
     <span class='ocr_line' id='line_1_29' title="bbox 318 1992 1820 2070; baseline 0.003 -23"><span class='ocrx_word' id='word_1_233' title='bbox 318 1993 450 2067; x_wconf 72' lang='grc'>[574</span> <span class='ocrx_word' id='word_1_234' title='bbox 495 1992 586 2068; x_wconf 74' lang='lat' dir='ltr'>IL]</span> <span class='ocrx_word' id='word_1_235' title='bbox 629 1994 688 2048; x_wconf 83' lang='lat'>&#39;0</span> <span class='ocrx_word' id='word_1_236' title='bbox 741 1996 798 2049; x_wconf 86' lang='grc' dir='ltr'>δὲ</span> <span class='ocrx_word' id='word_1_237' title='bbox 843 1995 1128 2059; x_wconf 81' lang='grc' dir='ltr'>Θεοσέϐιος</span> <span class='ocrx_word' id='word_1_238' title='bbox 1169 1994 1261 2049; x_wconf 80' lang='grc' dir='ltr'>τὸν</span> <span class='ocrx_word' id='word_1_239' title='bbox 1311 1998 1411 2067; x_wconf 82' lang='grc' dir='ltr'>τῆς</span> <span class='ocrx_word' id='word_1_240' title='bbox 1464 1998 1820 2070; x_wconf 79' lang='grc' dir='ltr'>σωφροσύνης</span> 
     </span>
    </p>
   </div>
   <div class='ocr_carea' id='block_1_30' title="bbox 1940 1992 3517 2070">
    <p class='ocr_par' dir='ltr' id='par_1_30' title="bbox 1996 1992 3517 2064">
     <span class='ocr_line' id='line_1_30' title="bbox 1996 1992 3517 2064; baseline -0.007 -10"><span class='ocrx_word' id='word_1_241' title='bbox 1996 1998 2333 2055; x_wconf 82' lang='lat' dir='ltr'><strong>Theoscbius</strong></span> <span class='ocrx_word' id='word_1_242' title='bbox 2383 1996 2653 2054; x_wconf 86' lang='lat' dir='ltr'><strong>castitatis</strong></span> <span class='ocrx_word' id='word_1_243' title='bbox 2692 1996 2951 2051; x_wconf 87' lang='lat' dir='ltr'><strong>annulum</strong></span> <span class='ocrx_word' id='word_1_244' title='bbox 2983 2034 3000 2061; x_wconf 94' lang='lat'>,</span> <span class='ocrx_word' id='word_1_245' title='bbox 3040 2009 3200 2064; x_wconf 83' lang='lat' dir='ltr'><strong>quem</strong></span> <span class='ocrx_word' id='word_1_246' title='bbox 3247 1992 3517 2047; x_wconf 84' lang='lat' dir='ltr'><strong>accedens</strong></span> 
     </span>
    </p>
   </div>
   <div class='ocr_carea' id='block_1_31' title="bbox 245 2084 1824 2158">
    <p class='ocr_par' dir='ltr' id='par_1_31' title="bbox 245 2084 1824 2158">
     <span class='ocr_line' id='line_1_31' title="bbox 245 2084 1824 2158; baseline 0.003 -19"><span class='ocrx_word' id='word_1_247' title='bbox 245 2085 555 2152; x_wconf 74' lang='grc' dir='ltr'>δακτύλιον,</span> <span class='ocrx_word' id='word_1_248' title='bbox 583 2084 643 2139; x_wconf 84' lang='grc' dir='ltr'>ὃν</span> <span class='ocrx_word' id='word_1_249' title='bbox 664 2087 691 2138; x_wconf 80' lang='grc' dir='ltr'>ὁ</span> <span class='ocrx_word' id='word_1_250' title='bbox 713 2086 976 2149; x_wconf 79' lang='grc' dir='ltr'>Χαλδαῖος</span> <span class='ocrx_word' id='word_1_251' title='bbox 1009 2087 1054 2119; x_wconf 80' lang='grc'>⁸⁸</span> <span class='ocrx_word' id='word_1_252' title='bbox 1094 2086 1279 2140; x_wconf 75' lang='grc' dir='ltr'>εἰσιὼν</span> <span class='ocrx_word' id='word_1_253' title='bbox 1315 2089 1668 2158; x_wconf 86' lang='grc' dir='ltr'>παραδίδωσι,</span> <span class='ocrx_word' id='word_1_254' title='bbox 1699 2090 1824 2145; x_wconf 84' lang='grc' dir='ltr'>τοῦ-</span> 
     </span>
    </p>
   </div>
   <div class='ocr_carea' id='block_1_32' title="bbox 245 2169 1831 2252">
    <p class='ocr_par' dir='ltr' id='par_1_32' title="bbox 245 2169 1831 2252">
     <span class='ocr_line' id='line_1_32' title="bbox 245 2169 1831 2252; baseline 0.003 -21"><span class='ocrx_word' id='word_1_255' title='bbox 245 2194 338 2231; x_wconf 87' lang='grc' dir='ltr'>τον</span> <span class='ocrx_word' id='word_1_256' title='bbox 370 2169 527 2239; x_wconf 74' lang='grc' dir='ltr'>οὗτος</span> <span class='ocrx_word' id='word_1_257' title='bbox 576 2178 1151 2249; x_wconf 83' lang='grc' dir='ltr'>κατασκευασάμενος,</span> <span class='ocrx_word' id='word_1_258' title='bbox 1178 2179 1492 2249; x_wconf 85' lang='grc' dir='ltr'>προσελθὼν</span> <span class='ocrx_word' id='word_1_259' title='bbox 1519 2184 1582 2252; x_wconf 82' lang='grc' dir='ltr'>τῇ</span> <span class='ocrx_word' id='word_1_260' title='bbox 1614 2183 1831 2250; x_wconf 79' lang='grc' dir='ltr'>γυναικὶ</span> 
     </span>
    </p>
   </div>
   <div class='ocr_carea' id='block_1_33' title="bbox 247 2267 1831 2341">
    <p class='ocr_par' dir='ltr' id='par_1_33' title="bbox 247 2267 1831 2341">
     <span class='ocr_line' id='line_1_33' title="bbox 247 2267 1831 2341; baseline 0.004 -21"><span class='ocrx_word' id='word_1_261' title='bbox 247 2268 353 2338; x_wconf 64' lang='grc' dir='ltr'>ἔφη</span> <span class='ocrx_word' id='word_1_262' title='bbox 380 2285 394 2298; x_wconf 91' lang='grc'><strong>·</strong></span> <span class='ocrx_word' id='word_1_263' title='bbox 435 2267 625 2323; x_wconf 76' lang='grc' dir='ltr'>Πάλαι</span> <span class='ocrx_word' id='word_1_264' title='bbox 648 2268 764 2339; x_wconf 78' lang='grc' dir='ltr'>μέν</span> <span class='ocrx_word' id='word_1_265' title='bbox 798 2285 898 2322; x_wconf 89' lang='grc' dir='ltr'>σοι</span> <span class='ocrx_word' id='word_1_266' title='bbox 938 2268 1268 2324; x_wconf 80' lang='grc' dir='ltr'>ἐπιδέδωκα</span> <span class='ocrx_word' id='word_1_267' title='bbox 1300 2270 1625 2325; x_wconf 79' lang='grc' dir='ltr'>δακτύλιον</span> <span class='ocrx_word' id='word_1_268' title='bbox 1653 2273 1831 2341; x_wconf 79' lang='grc' dir='ltr'>ἁρμο-</span> 
     </span>
    </p>
   </div>
   <div class='ocr_carea' id='block_1_34' title="bbox 246 2362 1833 2433">
    <p class='ocr_par' dir='ltr' id='par_1_34' title="bbox 246 2362 1833 2433">
     <span class='ocr_line' id='line_1_34' title="bbox 246 2362 1833 2433; baseline 0.004 -18"><span class='ocrx_word' id='word_1_269' title='bbox 246 2362 409 2429; x_wconf 79' lang='grc' dir='ltr'>στὴν</span> <span class='ocrx_word' id='word_1_270' title='bbox 435 2362 801 2432; x_wconf 81' lang='grc' dir='ltr'>παιδουργοῦ</span> <span class='ocrx_word' id='word_1_271' title='bbox 824 2363 1215 2433; x_wconf 83' lang='grc' dir='ltr'>συμϐιώσεως</span> <span class='ocrx_word' id='word_1_272' title='bbox 1238 2378 1252 2392; x_wconf 91' lang='grc'>·</span> <span class='ocrx_word' id='word_1_273' title='bbox 1286 2366 1357 2419; x_wconf 83' lang='grc' dir='ltr'>τὰ</span> <span class='ocrx_word' id='word_1_274' title='bbox 1385 2365 1501 2419; x_wconf 74' lang='grc' dir='ltr'>νῦν</span> <span class='ocrx_word' id='word_1_275' title='bbox 1520 2365 1587 2418; x_wconf 77' lang='grc' dir='ltr'>δὲ</span> <span class='ocrx_word' id='word_1_276' title='bbox 1616 2367 1833 2421; x_wconf 84' lang='grc' dir='ltr'>τοῦτον</span> 
     </span>
    </p>
   </div>
   <div class='ocr_carea' id='block_1_35' title="bbox 246 2454 1831 2526">
    <p class='ocr_par' dir='ltr' id='par_1_35' title="bbox 246 2454 1831 2526">
     <span class='ocr_line' id='line_1_35' title="bbox 246 2454 1831 2526; baseline 0 -18"><span class='ocrx_word' id='word_1_277' title='bbox 246 2454 561 2524; x_wconf 77' lang='grc' dir='ltr'>ἐπιδίδωμί</span> <span class='ocrx_word' id='word_1_278' title='bbox 591 2471 689 2509; x_wconf 90' lang='grc' dir='ltr'>σοι</span> <span class='ocrx_word' id='word_1_279' title='bbox 728 2456 1181 2525; x_wconf 70' lang='grc' dir='ltr'>σωφρονιστὴν,</span> <span class='ocrx_word' id='word_1_280' title='bbox 1222 2455 1551 2523; x_wconf 80' lang='grc' dir='ltr'>ἐπίκουρον</span> <span class='ocrx_word' id='word_1_281' title='bbox 1591 2459 1637 2488; x_wconf 73' lang='lat'>9°</span> <span class='ocrx_word' id='word_1_282' title='bbox 1680 2473 1831 2526; x_wconf 69' lang='lat' dir='ltr'><strong>nap-</strong></span> 
     </span>
    </p>
   </div>
   <div class='ocr_carea' id='block_1_36' title="bbox 248 2545 1832 2618">
    <p class='ocr_par' dir='ltr' id='par_1_36' title="bbox 248 2545 1832 2618">
     <span class='ocr_line' id='line_1_36' title="bbox 248 2545 1832 2618; baseline 0.001 -17"><span class='ocrx_word' id='word_1_283' title='bbox 248 2548 551 2616; x_wconf 78' lang='grc' dir='ltr'>εσόμενον</span> <span class='ocrx_word' id='word_1_284' title='bbox 588 2546 750 2618; x_wconf 79' lang='grc'>[1076</span> <span class='ocrx_word' id='word_1_285' title='bbox 780 2546 870 2618; x_wconf 66' lang='lat' dir='ltr'>IL]</span> <span class='ocrx_word' id='word_1_286' title='bbox 895 2545 1008 2613; x_wconf 81' lang='grc' dir='ltr'>τῆς</span> <span class='ocrx_word' id='word_1_287' title='bbox 1040 2547 1354 2615; x_wconf 60' lang='grc' dir='ltr'>σώφρονος</span> <span class='ocrx_word' id='word_1_288' title='bbox 1405 2548 1728 2615; x_wconf 77' lang='grc' dir='ltr'>οἰκουρίας.</span> <span class='ocrx_word' id='word_1_289' title='bbox 1768 2548 1832 2601; x_wconf 80' lang='grc' dir='ltr'><strong>Ἠ</strong></span> 
     </span>
    </p>
   </div>
   <div class='ocr_carea' id='block_1_37' title="bbox 248 2620 1834 2710">
    <p class='ocr_par' dir='ltr' id='par_1_37' title="bbox 248 2620 1834 2710">
     <span class='ocr_line' id='line_1_37' title="bbox 248 2620 1834 2710; baseline 0.001 -17"><span class='ocrx_word' id='word_1_290' title='bbox 248 2639 308 2693; x_wconf 80' lang='grc' dir='ltr'>δὲ</span> <span class='ocrx_word' id='word_1_291' title='bbox 362 2639 619 2707; x_wconf 84' lang='grc' dir='ltr'>ἀσμένως</span> <span class='ocrx_word' id='word_1_292' title='bbox 676 2638 918 2703; x_wconf 71' lang='grc' dir='ltr'>ἐδέξατο,</span> <span class='ocrx_word' id='word_1_293' title='bbox 960 2640 1053 2692; x_wconf 71' lang='grc' dir='ltr'>καὶ</span> <span class='ocrx_word' id='word_1_294' title='bbox 1096 2637 1358 2709; x_wconf 77' lang='grc' dir='ltr'>συνέζησε</span> <span class='ocrx_word' id='word_1_295' title='bbox 1530 2620 1691 2710; x_wconf 34' lang='grc' dir='ltr'>’ἀνδρὶ</span> <span class='ocrx_word' id='word_1_296' title='bbox 1742 2642 1834 2694; x_wconf 73' lang='grc' dir='ltr'>τὸν</span> 
     </span>
    </p>
   </div>
   <div class='ocr_carea' id='block_1_38' title="bbox 249 2730 1834 2801">
    <p class='ocr_par' dir='ltr' id='par_1_38' title="bbox 249 2730 1834 2801">
     <span class='ocr_line' id='line_1_38' title="bbox 249 2730 1834 2801; baseline 0.004 -19"><span class='ocrx_word' id='word_1_297' title='bbox 249 2731 442 2784; x_wconf 82' lang='grc' dir='ltr'>λοιπὸν</span> <span class='ocrx_word' id='word_1_298' title='bbox 500 2731 691 2801; x_wconf 87' lang='grc' dir='ltr'>χρόνον</span> <span class='ocrx_word' id='word_1_299' title='bbox 748 2730 876 2783; x_wconf 80' lang='grc' dir='ltr'>ἄνευ</span> <span class='ocrx_word' id='word_1_300' title='bbox 928 2730 1253 2800; x_wconf 83' lang='grc' dir='ltr'>σωματικῆς</span> <span class='ocrx_word' id='word_1_301' title='bbox 1308 2732 1614 2795; x_wconf 83' lang='grc' dir='ltr'>κοινωνίας.</span> <span class='ocrx_word' id='word_1_302' title='bbox 1645 2733 1734 2801; x_wconf 81' lang='grc' dir='ltr'>Τῷ</span> <span class='ocrx_word' id='word_1_303' title='bbox 1777 2734 1834 2788; x_wconf 84' lang='grc' dir='ltr'>δὲ</span> 
     </span>
    </p>
   </div>
   <div class='ocr_carea' id='block_1_39' title="bbox 252 2817 1835 2891">
    <p class='ocr_par' dir='ltr' id='par_1_39' title="bbox 252 2817 1835 2891">
     <span class='ocr_line' id='line_1_39' title="bbox 252 2817 1835 2891; baseline -0.001 -18"><span class='ocrx_word' id='word_1_304' title='bbox 252 2819 612 2889; x_wconf 76' lang='grc' dir='ltr'>φυλακτηρίῳ</span> <span class='ocrx_word' id='word_1_305' title='bbox 641 2817 814 2889; x_wconf 78' lang='grc' dir='ltr'>τούτῳ</span> <span class='ocrx_word' id='word_1_306' title='bbox 851 2817 913 2871; x_wconf 77' lang='grc' dir='ltr'>τὸ</span> <span class='ocrx_word' id='word_1_307' title='bbox 952 2817 1280 2890; x_wconf 85' lang='grc' dir='ltr'>δραστήριον</span> <span class='ocrx_word' id='word_1_308' title='bbox 1317 2820 1416 2872; x_wconf 77' lang='grc' dir='ltr'>οὐκ</span> <span class='ocrx_word' id='word_1_309' title='bbox 1441 2822 1533 2873; x_wconf 67' lang='grc' dir='ltr'>ἐπὶ</span> <span class='ocrx_word' id='word_1_310' title='bbox 1566 2824 1632 2891; x_wconf 79' lang='grc' dir='ltr'>τῇ</span> <span class='ocrx_word' id='word_1_311' title='bbox 1664 2823 1707 2853; x_wconf 64' lang='grc' dir='ltr'>ει</span> <span class='ocrx_word' id='word_1_312' title='bbox 1733 2840 1835 2891; x_wconf 81' lang='grc' dir='ltr'>γα-</span> 
     </span>
    </p>
   </div>
   <div class='ocr_carea' id='block_1_40' title="bbox 253 2910 1838 2985">
    <p class='ocr_par' dir='ltr' id='par_1_40' title="bbox 253 2910 1838 2985">
     <span class='ocr_line' id='line_1_40' title="bbox 253 2910 1838 2985; baseline 0.004 -23"><span class='ocrx_word' id='word_1_313' title='bbox 253 2914 391 2981; x_wconf 84' lang='grc' dir='ltr'>μετῇ</span> <span class='ocrx_word' id='word_1_314' title='bbox 433 2910 615 2979; x_wconf 83' lang='grc' dir='ltr'>μόνον,</span> <span class='ocrx_word' id='word_1_315' title='bbox 644 2910 781 2963; x_wconf 85' lang='grc' dir='ltr'>ἀλλά</span> <span class='ocrx_word' id='word_1_316' title='bbox 816 2910 907 2963; x_wconf 72' lang='grc' dir='ltr'>καὶ</span> <span class='ocrx_word' id='word_1_317' title='bbox 929 2910 1013 2981; x_wconf 82' lang='grc' dir='ltr'>ἐφ’</span> <span class='ocrx_word' id='word_1_318' title='bbox 1041 2910 1234 2965; x_wconf 77' lang='grc' dir='ltr'>ἑαυτοῦ</span> <span class='ocrx_word' id='word_1_319' title='bbox 1266 2911 1432 2965; x_wconf 87' lang='grc' dir='ltr'>πάλαι</span> <span class='ocrx_word' id='word_1_320' title='bbox 1482 2912 1663 2967; x_wconf 85' lang='grc' dir='ltr'>είώθει</span> <span class='ocrx_word' id='word_1_321' title='bbox 1699 2932 1838 2985; x_wconf 87' lang='grc' dir='ltr'>μαρ-</span> 
     </span>
    </p>
   </div>
   <div class='ocr_carea' id='block_1_41' title="bbox 250 2999 1836 3076">
    <p class='ocr_par' dir='ltr' id='par_1_41' title="bbox 250 2999 1836 3076">
     <span class='ocr_line' id='line_1_41' title="bbox 250 2999 1836 3076; baseline 0.003 -21"><span class='ocrx_word' id='word_1_322' title='bbox 250 3005 437 3073; x_wconf 85' lang='grc' dir='ltr'>τυρεῖν</span> <span class='ocrx_word' id='word_1_323' title='bbox 466 3018 480 3032; x_wconf 79' lang='grc' dir='ltr'>ο</span> <span class='ocrx_word' id='word_1_324' title='bbox 531 3005 625 3056; x_wconf 77' lang='grc' dir='ltr'>καὶ</span> <span class='ocrx_word' id='word_1_325' title='bbox 676 3002 786 3070; x_wconf 82' lang='grc' dir='ltr'>γὰρ</span> <span class='ocrx_word' id='word_1_326' title='bbox 840 3002 930 3056; x_wconf 86' lang='grc' dir='ltr'>ὅτε</span> <span class='ocrx_word' id='word_1_327' title='bbox 984 3002 1250 3073; x_wconf 88' lang='grc' dir='ltr'>νεώτερος</span> <span class='ocrx_word' id='word_1_328' title='bbox 1287 2999 1378 3075; x_wconf 81' lang='grc' dir='ltr'>ἦν,</span> <span class='ocrx_word' id='word_1_329' title='bbox 1432 3004 1700 3076; x_wconf 80' lang='grc' dir='ltr'>ὡμολόγει</span> <span class='ocrx_word' id='word_1_330' title='bbox 1743 3009 1836 3061; x_wconf 75' lang='grc' dir='ltr'>καὶ</span> 
     </span>
    </p>
   </div>
   <div class='ocr_carea' id='block_1_42' title="bbox 254 3093 1837 3168">
    <p class='ocr_par' dir='ltr' id='par_1_42' title="bbox 254 3093 1837 3168">
     <span class='ocr_line' id='line_1_42' title="bbox 254 3093 1837 3168; baseline 0.003 -20"><span class='ocrx_word' id='word_1_331' title='bbox 254 3095 420 3156; x_wconf 75' lang='grc' dir='ltr'>αὑτὸς</span> <span class='ocrx_word' id='word_1_332' title='bbox 452 3093 809 3162; x_wconf 83' lang='grc' dir='ltr'>ἀγωνιεῖσθαι</span> <span class='ocrx_word' id='word_1_333' title='bbox 840 3094 885 3125; x_wconf 77' lang='grc'>⁸⁸</span> <span class='ocrx_word' id='word_1_334' title='bbox 915 3096 1007 3148; x_wconf 83' lang='grc' dir='ltr'>τὸν</span> <span class='ocrx_word' id='word_1_335' title='bbox 1045 3095 1296 3159; x_wconf 83' lang='grc' dir='ltr'>παιδείας</span> <span class='ocrx_word' id='word_1_336' title='bbox 1323 3096 1510 3164; x_wconf 86' lang='grc' dir='ltr'>ἀγῶνα</span> <span class='ocrx_word' id='word_1_337' title='bbox 1538 3097 1676 3168; x_wconf 75' lang='grc' dir='ltr'>πρὸς</span> <span class='ocrx_word' id='word_1_338' title='bbox 1710 3101 1837 3164; x_wconf 79' lang='grc' dir='ltr'>τοὺς</span> 
     </span>
    </p>
   </div>
   <div class='ocr_carea' id='block_1_43' title="bbox 250 3186 1838 3257">
    <p class='ocr_par' dir='ltr' id='par_1_43' title="bbox 250 3186 1838 3257">
     <span class='ocr_line' id='line_1_43' title="bbox 250 3186 1838 3257; baseline 0.004 -18"><span class='ocrx_word' id='word_1_339' title='bbox 250 3186 678 3257; x_wconf 79' lang='grc' dir='ltr'>γενεσιουργοὺς</span> <span class='ocrx_word' id='word_1_340' title='bbox 730 3186 1061 3257; x_wconf 82' lang='grc' dir='ltr'>πολεμίους,</span> <span class='ocrx_word' id='word_1_341' title='bbox 1094 3189 1221 3252; x_wconf 82' lang='grc' dir='ltr'>τούς</span> <span class='ocrx_word' id='word_1_342' title='bbox 1264 3206 1322 3242; x_wconf 88' lang='grc' dir='ltr'>τε</span> <span class='ocrx_word' id='word_1_343' title='bbox 1363 3190 1561 3255; x_wconf 80' lang='grc' dir='ltr'>ἔξωθεν</span> <span class='ocrx_word' id='word_1_344' title='bbox 1598 3192 1838 3245; x_wconf 77' lang='grc' dir='ltr'>ἐπιτιθε-</span> 
     </span>
    </p>
   </div>
   <div class='ocr_carea' id='block_1_44' title="bbox 251 3279 1833 3352">
    <p class='ocr_par' dir='ltr' id='par_1_44' title="bbox 251 3279 1833 3352">
     <span class='ocr_line' id='line_1_44' title="bbox 251 3279 1833 3352; baseline 0.004 -19"><span class='ocrx_word' id='word_1_345' title='bbox 251 3280 451 3350; x_wconf 84' lang='grc' dir='ltr'>μένους</span> <span class='ocrx_word' id='word_1_346' title='bbox 487 3279 583 3331; x_wconf 69' lang='lat' dir='ltr'><strong>atat</strong></span> <span class='ocrx_word' id='word_1_347' title='bbox 621 3279 747 3344; x_wconf 82' lang='grc' dir='ltr'>τοὺς</span> <span class='ocrx_word' id='word_1_348' title='bbox 767 3279 914 3333; x_wconf 73' lang='grc' dir='ltr'>ἔνδον</span> <span class='ocrx_word' id='word_1_349' title='bbox 940 3280 987 3312; x_wconf 74' lang='grc'><em>³³</em></span> <span class='ocrx_word' id='word_1_350' title='bbox 1019 3282 1392 3352; x_wconf 85' lang='grc' dir='ltr'>προδιδόντας.</span> <span class='ocrx_word' id='word_1_351' title='bbox 1427 3283 1725 3338; x_wconf 83' lang='grc' dir='ltr'>Καταϐοῶν</span> <span class='ocrx_word' id='word_1_352' title='bbox 1777 3286 1833 3339; x_wconf 80' lang='grc' dir='ltr'>δὲ</span> 
     </span>
    </p>
   </div>
   <div class='ocr_carea' id='block_1_45' title="bbox 1929 2085 3514 2162">
    <p class='ocr_par' dir='ltr' id='par_1_45' title="bbox 1929 2085 3514 2162">
     <span class='ocr_line' id='line_1_45' title="bbox 1929 2085 3514 2162; baseline -0.006 -17"><span class='ocrx_word' id='word_1_353' title='bbox 1929 2093 2053 2148; x_wconf 88' lang='lat' dir='ltr'><strong>vilis</strong></span> <span class='ocrx_word' id='word_1_354' title='bbox 2076 2093 2342 2162; x_wconf 85' lang='lat' dir='ltr'><strong>quispiam</strong></span> <span class='ocrx_word' id='word_1_355' title='bbox 2368 2091 2538 2155; x_wconf 88' lang='lat' dir='ltr'><strong>dedit,</strong></span> <span class='ocrx_word' id='word_1_356' title='bbox 2574 2090 2846 2144; x_wconf 81' lang='lat' dir='ltr'><strong>adornans</strong></span> <span class='ocrx_word' id='word_1_357' title='bbox 2896 2089 3053 2142; x_wconf 77' lang='lat' dir='ltr'><strong>uxori</strong></span> <span class='ocrx_word' id='word_1_358' title='bbox 3090 2086 3259 2149; x_wconf 82' lang='lat' dir='ltr'><strong>dedit,</strong></span> <span class='ocrx_word' id='word_1_359' title='bbox 3289 2085 3514 2137; x_wconf 87' lang='lat' dir='ltr'><strong>dicens:</strong></span> 
     </span>
    </p>
   </div>
   <div class='ocr_carea' id='block_1_46' title="bbox 1933 2176 3515 2251">
    <p class='ocr_par' dir='ltr' id='par_1_46' title="bbox 1933 2176 3515 2251">
     <span class='ocr_line' id='line_1_46' title="bbox 1933 2176 3515 2251; baseline -0.007 -12"><span class='ocrx_word' id='word_1_360' title='bbox 1933 2184 2070 2240; x_wconf 82' lang='lat' dir='ltr'><strong>Olim</strong></span> <span class='ocrx_word' id='word_1_361' title='bbox 2102 2183 2196 2236; x_wconf 83' lang='lat' dir='ltr'><strong>tibi</strong></span> <span class='ocrx_word' id='word_1_362' title='bbox 2257 2184 2511 2236; x_wconf 86' lang='lat' dir='ltr'><strong>annulum</strong></span> <span class='ocrx_word' id='word_1_363' title='bbox 2542 2180 2668 2234; x_wconf 80' lang='lat' dir='ltr'><strong>dedi</strong></span> <span class='ocrx_word' id='word_1_364' title='bbox 2694 2178 3081 2249; x_wconf 83' lang='lat' dir='ltr'><strong>conjunctiom&#39;s</strong></span> <span class='ocrx_word' id='word_1_365' title='bbox 3120 2176 3351 2246; x_wconf 81' lang='lat' dir='ltr'><strong>ﬁliorum</strong></span> <span class='ocrx_word' id='word_1_366' title='bbox 3388 2190 3515 2251; x_wconf 83' lang='lat' dir='ltr'><strong>pro-</strong></span> 
     </span>
    </p>
   </div>
   <div class='ocr_carea' id='block_1_47' title="bbox 1932 2265 3516 2340">
    <p class='ocr_par' dir='ltr' id='par_1_47' title="bbox 1932 2265 3516 2340">
     <span class='ocr_line' id='line_1_47' title="bbox 1932 2265 3516 2340; baseline -0.008 -9"><span class='ocrx_word' id='word_1_367' title='bbox 1932 2278 2304 2338; x_wconf 83' lang='lat' dir='ltr'><strong>creandorum,</strong></span> <span class='ocrx_word' id='word_1_368' title='bbox 2334 2289 2471 2327; x_wconf 83' lang='lat' dir='ltr'><strong>nunc</strong></span> <span class='ocrx_word' id='word_1_369' title='bbox 2501 2270 2599 2325; x_wconf 83' lang='lat' dir='ltr'><strong>tibi</strong></span> <span class='ocrx_word' id='word_1_370' title='bbox 2632 2274 2701 2325; x_wconf 85' lang='lat' dir='ltr'>do</span> <span class='ocrx_word' id='word_1_371' title='bbox 2745 2270 3102 2340; x_wconf 68' lang='lat' dir='ltr'><strong>temperantia:</strong></span> <span class='ocrx_word' id='word_1_372' title='bbox 3128 2311 3144 2335; x_wconf 86' lang='lat'>,</span> <span class='ocrx_word' id='word_1_373' title='bbox 3189 2269 3277 2338; x_wconf 88' lang='lat' dir='ltr'>qui</span> <span class='ocrx_word' id='word_1_374' title='bbox 3316 2267 3410 2320; x_wconf 84' lang='lat' dir='ltr'><strong>(ibi</strong></span> <span class='ocrx_word' id='word_1_375' title='bbox 3445 2265 3516 2319; x_wconf 83' lang='lat' dir='ltr'>ad</span> 
     </span>
    </p>
   </div>
   <div class='ocr_carea' id='block_1_48' title="bbox 1933 2359 3512 2432">
    <p class='ocr_par' dir='ltr' id='par_1_48' title="bbox 1933 2359 3512 2432">
     <span class='ocr_line' id='line_1_48' title="bbox 1933 2359 3512 2432; baseline -0.006 -11"><span class='ocrx_word' id='word_1_376' title='bbox 1933 2378 2134 2421; x_wconf 80' lang='lat' dir='ltr'><strong>castam</strong></span> <span class='ocrx_word' id='word_1_377' title='bbox 2185 2366 2370 2419; x_wconf 82' lang='lat' dir='ltr'><strong>domus</strong></span> <span class='ocrx_word' id='word_1_378' title='bbox 2396 2362 2689 2418; x_wconf 82' lang='lat' dir='ltr'><strong>custodiam</strong></span> <span class='ocrx_word' id='word_1_379' title='bbox 2720 2363 3023 2432; x_wconf 85' lang='lat' dir='ltr'><strong>adjumento</strong></span> <span class='ocrx_word' id='word_1_380' title='bbox 3058 2362 3269 2430; x_wconf 73' lang='lat' dir='ltr'><strong>futurus</strong></span> <span class='ocrx_word' id='word_1_381' title='bbox 3299 2369 3395 2414; x_wconf 86' lang='lat' dir='ltr'><strong>est.</strong></span> <span class='ocrx_word' id='word_1_382' title='bbox 3424 2359 3512 2412; x_wconf 89' lang='lat' dir='ltr'><strong>Illa</strong></span> 
     </span>
    </p>
   </div>
   <div class='ocr_carea' id='block_1_49' title="bbox 1932 2452 3515 2529">
    <p class='ocr_par' dir='ltr' id='par_1_49' title="bbox 1932 2452 3515 2529">
     <span class='ocr_line' id='line_1_49' title="bbox 1932 2452 3515 2529; baseline -0.004 -16"><span class='ocrx_word' id='word_1_383' title='bbox 1932 2477 2061 2514; x_wconf 86' lang='lat' dir='ltr'><strong>vero</strong></span> <span class='ocrx_word' id='word_1_384' title='bbox 2090 2462 2317 2514; x_wconf 85' lang='lat' dir='ltr'><strong>libenter</strong></span> <span class='ocrx_word' id='word_1_385' title='bbox 2340 2459 2569 2529; x_wconf 82' lang='lat' dir='ltr'><strong>accepit,</strong></span> <span class='ocrx_word' id='word_1_386' title='bbox 2611 2467 2666 2513; x_wconf 88' lang='lat' dir='ltr'>et</span> <span class='ocrx_word' id='word_1_387' title='bbox 2703 2457 2912 2526; x_wconf 84' lang='lat' dir='ltr'><strong>reliquo</strong></span> <span class='ocrx_word' id='word_1_388' title='bbox 2968 2465 3208 2525; x_wconf 82' lang='lat' dir='ltr'><strong>tetttpore</strong></span> <span class='ocrx_word' id='word_1_389' title='bbox 3236 2468 3358 2507; x_wconf 88' lang='lat' dir='ltr'>cum</span> <span class='ocrx_word' id='word_1_390' title='bbox 3399 2452 3515 2506; x_wconf 82' lang='lat' dir='ltr'><strong>viro</strong></span> 
     </span>
    </p>
   </div>
   <div class='ocr_carea' id='block_1_50' title="bbox 1934 2544 3515 2609">
    <p class='ocr_par' dir='ltr' id='par_1_50' title="bbox 1934 2544 3515 2609">
     <span class='ocr_line' id='line_1_50' title="bbox 1934 2544 3515 2609; baseline -0.008 -1"><span class='ocrx_word' id='word_1_391' title='bbox 1934 2564 2082 2608; x_wconf 83' lang='lat' dir='ltr'><strong>caste</strong></span> <span class='ocrx_word' id='word_1_392' title='bbox 2118 2553 2271 2607; x_wconf 83' lang='lat' dir='ltr'><strong>vixit.</strong></span> <span class='ocrx_word' id='word_1_393' title='bbox 2312 2551 2425 2606; x_wconf 87' lang='lat' dir='ltr'><strong>Hoc</strong></span> <span class='ocrx_word' id='word_1_394' title='bbox 2461 2552 2801 2607; x_wconf 83' lang='lat' dir='ltr'><strong>munimento</strong></span> <span class='ocrx_word' id='word_1_395' title='bbox 2854 2565 2960 2605; x_wconf 92' lang='lat' dir='ltr'>non</span> <span class='ocrx_word' id='word_1_396' title='bbox 2994 2548 3047 2603; x_wconf 92' lang='lat' dir='ltr'>in</span> <span class='ocrx_word' id='word_1_397' title='bbox 3079 2563 3248 2602; x_wconf 80' lang='lat' dir='ltr'><strong>uxore</strong></span> <span class='ocrx_word' id='word_1_398' title='bbox 3294 2544 3467 2601; x_wconf 87' lang='lat' dir='ltr'><strong>solum</strong></span> <span class='ocrx_word' id='word_1_399' title='bbox 3497 2582 3515 2609; x_wconf 95' lang='lat'>,</span> 
     </span>
    </p>
   </div>
   <div class='ocr_carea' id='block_1_51' title="bbox 1934 2636 3507 2715">
    <p class='ocr_par' dir='ltr' id='par_1_51' title="bbox 1934 2636 3507 2715">
     <span class='ocr_line' id='line_1_51' title="bbox 1934 2636 3507 2715; baseline -0.006 -14"><span class='ocrx_word' id='word_1_400' title='bbox 1934 2646 2027 2701; x_wconf 85' lang='lat' dir='ltr'>sed</span> <span class='ocrx_word' id='word_1_401' title='bbox 2057 2647 2220 2699; x_wconf 86' lang='lat' dir='ltr'><strong>etiam</strong></span> <span class='ocrx_word' id='word_1_402' title='bbox 2263 2646 2316 2699; x_wconf 92' lang='lat' dir='ltr'>in</span> <span class='ocrx_word' id='word_1_403' title='bbox 2349 2660 2407 2699; x_wconf 89' lang='lat' dir='ltr'>se</span> <span class='ocrx_word' id='word_1_404' title='bbox 2453 2644 2888 2715; x_wconf 79' lang='lat' dir='ltr'><strong>magnitudinem</strong></span> <span class='ocrx_word' id='word_1_405' title='bbox 2927 2642 3091 2695; x_wconf 90' lang='lat' dir='ltr'><strong>animi</strong></span> <span class='ocrx_word' id='word_1_406' title='bbox 3130 2638 3316 2693; x_wconf 88' lang='lat' dir='ltr'><strong>testari</strong></span> <span class='ocrx_word' id='word_1_407' title='bbox 3360 2636 3507 2692; x_wconf 85' lang='lat' dir='ltr'><strong>sole-</strong></span> 
     </span>
    </p>
   </div>
   <div class='ocr_carea' id='block_1_52' title="bbox 1937 2725 3512 2802">
    <p class='ocr_par' dir='ltr' id='par_1_52' title="bbox 1937 2725 3512 2802">
     <span class='ocr_line' id='line_1_52' title="bbox 1937 2725 3512 2802; baseline -0.01 -11"><span class='ocrx_word' id='word_1_408' title='bbox 1937 2738 2047 2792; x_wconf 91' lang='lat' dir='ltr'><strong>bat.</strong></span> <span class='ocrx_word' id='word_1_409' title='bbox 2083 2735 2292 2789; x_wconf 88' lang='lat' dir='ltr'><strong>Etenim</strong></span> <span class='ocrx_word' id='word_1_410' title='bbox 2320 2735 2534 2802; x_wconf 81' lang='lat' dir='ltr'><strong>juvenis</strong></span> <span class='ocrx_word' id='word_1_411' title='bbox 2577 2750 2699 2789; x_wconf 91' lang='lat' dir='ltr'>cum</span> <span class='ocrx_word' id='word_1_412' title='bbox 2732 2739 2900 2797; x_wconf 88' lang='lat' dir='ltr'><strong>esset,</strong></span> <span class='ocrx_word' id='word_1_413' title='bbox 2948 2737 3178 2784; x_wconf 90' lang='lat' dir='ltr'><strong>testatus</strong></span> <span class='ocrx_word' id='word_1_414' title='bbox 3234 2736 3318 2782; x_wconf 88' lang='lat' dir='ltr'>est</span> <span class='ocrx_word' id='word_1_415' title='bbox 3345 2725 3512 2779; x_wconf 80' lang='lat' dir='ltr'><strong>etiam</strong></span> 
     </span>
    </p>
   </div>
   <div class='ocr_carea' id='block_1_53' title="bbox 1938 2814 3513 2897">
    <p class='ocr_par' dir='ltr' id='par_1_53' title="bbox 1938 2814 3513 2897">
     <span class='ocr_line' id='line_1_53' title="bbox 1938 2814 3513 2897; baseline -0.01 -15"><span class='ocrx_word' id='word_1_416' title='bbox 1938 2830 2074 2897; x_wconf 89' lang='lat' dir='ltr'><strong>ipse,</strong></span> <span class='ocrx_word' id='word_1_417' title='bbox 2104 2826 2426 2881; x_wconf 89' lang='lat' dir='ltr'><strong>eruditionis</strong></span> <span class='ocrx_word' id='word_1_418' title='bbox 2442 2834 2719 2879; x_wconf 89' lang='lat' dir='ltr'><strong>certamen</strong></span> <span class='ocrx_word' id='word_1_419' title='bbox 2749 2822 2982 2877; x_wconf 89' lang='lat' dir='ltr'><strong>subiisse</strong></span> <span class='ocrx_word' id='word_1_420' title='bbox 3005 2835 3063 2874; x_wconf 90' lang='lat' dir='ltr'>se</span> <span class='ocrx_word' id='word_1_421' title='bbox 3094 2834 3214 2873; x_wconf 89' lang='lat' dir='ltr'>cum</span> <span class='ocrx_word' id='word_1_422' title='bbox 3242 2814 3513 2877; x_wconf 86' lang='lat' dir='ltr'><strong>hostibus,</strong></span> 
     </span>
    </p>
   </div>
   <div class='ocr_carea' id='block_1_54' title="bbox 1936 2910 3513 2991">
    <p class='ocr_par' dir='ltr' id='par_1_54' title="bbox 1936 2910 3513 2991">
     <span class='ocr_line' id='line_1_54' title="bbox 1936 2910 3513 2991; baseline -0.009 -20"><span class='ocrx_word' id='word_1_423' title='bbox 1936 2921 2026 2991; x_wconf 89' lang='lat' dir='ltr'>qui</span> <span class='ocrx_word' id='word_1_424' title='bbox 2092 2918 2500 2988; x_wconf 83' lang='lat' dir='ltr'><strong>generationem</strong></span> <span class='ocrx_word' id='word_1_425' title='bbox 2552 2922 2950 2982; x_wconf 85' lang='lat' dir='ltr'><strong>procurarent,</strong></span> <span class='ocrx_word' id='word_1_426' title='bbox 3012 2922 3117 2963; x_wconf 88' lang='lat' dir='ltr'>tam</span> <span class='ocrx_word' id='word_1_427' title='bbox 3171 2910 3513 2964; x_wconf 79' lang='lat' dir='ltr'><strong>extrinsecus</strong></span> 
     </span>
    </p>
   </div>
   <div class='ocr_carea' id='block_1_55' title="bbox 1937 2999 3512 3078">
    <p class='ocr_par' dir='ltr' id='par_1_55' title="bbox 1937 2999 3512 3078">
     <span class='ocr_line' id='line_1_55' title="bbox 1937 2999 3512 3078; baseline -0.012 -10"><span class='ocrx_word' id='word_1_428' title='bbox 1937 3012 2317 3075; x_wconf 88' lang='lat' dir='ltr'><strong>imminentes,</strong></span> <span class='ocrx_word' id='word_1_429' title='bbox 2378 3024 2539 3078; x_wconf 89' lang='lat' dir='ltr'><strong>quam</strong></span> <span class='ocrx_word' id='word_1_430' title='bbox 2581 3007 2725 3061; x_wconf 89' lang='lat' dir='ltr'><strong>intus</strong></span> <span class='ocrx_word' id='word_1_431' title='bbox 2784 3004 3141 3074; x_wconf 88' lang='lat' dir='ltr'><strong>proditionem</strong></span> <span class='ocrx_word' id='word_1_432' title='bbox 3186 2999 3512 3063; x_wconf 84' lang='lat' dir='ltr'><strong>molientes;</strong></span> 
     </span>
    </p>
   </div>
   <div class='ocr_carea' id='block_1_56' title="bbox 1938 3085 3512 3159">
    <p class='ocr_par' dir='ltr' id='par_1_56' title="bbox 1938 3085 3512 3159">
     <span class='ocr_line' id='line_1_56' title="bbox 1938 3085 3512 3159; baseline -0.012 0"><span class='ocrx_word' id='word_1_433' title='bbox 1938 3103 2241 3159; x_wconf 87' lang='lat' dir='ltr'><strong>reclamans</strong></span> <span class='ocrx_word' id='word_1_434' title='bbox 2269 3108 2447 3154; x_wconf 91' lang='lat' dir='ltr'><strong>autem</strong></span> <span class='ocrx_word' id='word_1_435' title='bbox 2480 3097 2730 3152; x_wconf 90' lang='lat' dir='ltr'><strong>omnibus</strong></span> <span class='ocrx_word' id='word_1_436' title='bbox 2761 3095 3034 3155; x_wconf 82' lang='lat' dir='ltr'><strong>sensibus,</strong></span> <span class='ocrx_word' id='word_1_437' title='bbox 3068 3091 3304 3145; x_wconf 76' lang='lat' dir='ltr'><strong>maxime</strong></span> <span class='ocrx_word' id='word_1_438' title='bbox 3347 3085 3512 3141; x_wconf 89' lang='lat' dir='ltr'><strong>tactui</strong></span> 
     </span>
    </p>
   </div>
   <div class='ocr_carea' id='block_1_57' title="bbox 1939 3188 3513 3251">
    <p class='ocr_par' dir='ltr' id='par_1_57' title="bbox 1939 3188 3513 3251">
     <span class='ocr_line' id='line_1_57' title="bbox 1939 3188 3513 3251; baseline -0.013 0"><span class='ocrx_word' id='word_1_439' title='bbox 1939 3194 2288 3251; x_wconf 89' lang='lat' dir='ltr'><strong>reclamabat.</strong></span> <span class='ocrx_word' id='word_1_440' title='bbox 2347 3191 2499 3245; x_wconf 86' lang='lat' dir='ltr'><strong>Hunc</strong></span> <span class='ocrx_word' id='word_1_441' title='bbox 2554 3188 2698 3243; x_wconf 88' lang='lat' dir='ltr'><strong>enim</strong></span> <span class='ocrx_word' id='word_1_442' title='bbox 2741 3200 2865 3240; x_wconf 88' lang='lat' dir='ltr'><strong>esse</strong></span> <span class='ocrx_word' id='word_1_443' title='bbox 2931 3197 3119 3237; x_wconf 83' lang='lat' dir='ltr'><strong>revera</strong></span> <span class='ocrx_word' id='word_1_444' title='bbox 3168 3190 3513 3242; x_wconf 86' lang='lat' dir='ltr'><strong>terrestrem,</strong></span> 
     </span>
    </p>
   </div>
   <div class='ocr_carea' id='block_1_58' title="bbox 1941 3270 3511 3352">
    <p class='ocr_par' dir='ltr' id='par_1_58' title="bbox 1941 3270 3511 3352">
     <span class='ocr_line' id='line_1_58' title="bbox 1941 3270 3511 3352; baseline -0.014 -9"><span class='ocrx_word' id='word_1_445' title='bbox 1941 3288 2220 3352; x_wconf 88' lang='lat' dir='ltr'><strong>rebellem,</strong></span> <span class='ocrx_word' id='word_1_446' title='bbox 2252 3284 2560 3340; x_wconf 85' lang='lat' dir='ltr'><strong>trahentem</strong></span> <span class='ocrx_word' id='word_1_447' title='bbox 2593 3279 2832 3334; x_wconf 89' lang='lat' dir='ltr'><strong>animam</strong></span> <span class='ocrx_word' id='word_1_448' title='bbox 2889 3276 2956 3331; x_wconf 87' lang='lat' dir='ltr'>ad</span> <span class='ocrx_word' id='word_1_449' title='bbox 2990 3288 3282 3345; x_wconf 89' lang='lat' dir='ltr'><strong>perennent</strong></span> <span class='ocrx_word' id='word_1_450' title='bbox 3308 3270 3511 3325; x_wconf 77' lang='lat' dir='ltr'><strong>fontem</strong></span> 
     </span>
    </p>
   </div>
   <div class='ocr_carea' id='block_1_59' title="bbox 247 3358 1838 3455">
    <p class='ocr_par' dir='ltr' id='par_1_59' title="bbox 247 3373 1836 3455">
     <span class='ocr_line' id='line_1_59' title="bbox 247 3373 1836 3455; baseline 0.007 -30"><span class='ocrx_word' id='word_1_451' title='bbox 247 3373 359 3426; x_wconf 83' lang='grc' dir='ltr'>τῶν</span> <span class='ocrx_word' id='word_1_452' title='bbox 387 3375 697 3446; x_wconf 78' lang='grc' dir='ltr'>αἰσθήσεων</span> <span class='ocrx_word' id='word_1_453' title='bbox 726 3378 941 3443; x_wconf 84' lang='grc' dir='ltr'>πασῶν,</span> <span class='ocrx_word' id='word_1_454' title='bbox 965 3380 1167 3447; x_wconf 84' lang='grc' dir='ltr'>μᾶλλον</span> <span class='ocrx_word' id='word_1_455' title='bbox 1193 3383 1302 3436; x_wconf 85' lang='grc' dir='ltr'>τῶν</span> <span class='ocrx_word' id='word_1_456' title='bbox 1333 3384 1509 3439; x_wconf 78' lang='grc' dir='ltr'>ἄλλων</span> <span class='ocrx_word' id='word_1_457' title='bbox 1545 3385 1643 3455; x_wconf 81' lang='grc' dir='ltr'>τῆς</span> <span class='ocrx_word' id='word_1_458' title='bbox 1674 3386 1836 3439; x_wconf 83' lang='grc' dir='ltr'>ἁπτι-</span> 
     </span>
    </p>
   </div>
   <div class='ocr_carea' id='block_1_60' title="bbox 1940 3358 2319 3455">
    <p class='ocr_par' dir='ltr' id='par_1_60' title="bbox 1940 3376 2319 3450">
     <span class='ocr_line' id='line_1_60' title="bbox 1940 3376 2319 3450; baseline -0.011 -16"><span class='ocrx_word' id='word_1_459' title='bbox 1940 3376 2319 3450; x_wconf 86' lang='lat' dir='ltr'><strong>generationis.</strong></span> 
     </span>
    </p>
   </div>
   <div class='ocr_carea' id='block_1_61' title="bbox 248 3454 3519 3548">
    <p class='ocr_par' dir='ltr' id='par_1_61' title="bbox 248 3454 3519 3548">
     <span class='ocr_line' id='line_1_61' title="bbox 248 3454 3519 3548; baseline -0.002 -31"><span class='ocrx_word' id='word_1_460' title='bbox 248 3466 353 3534; x_wconf 84' lang='grc' dir='ltr'>κῆς</span> <span class='ocrx_word' id='word_1_461' title='bbox 382 3468 651 3522; x_wconf 81' lang='grc' dir='ltr'>κατεϐόα⁶</span> <span class='ocrx_word' id='word_1_462' title='bbox 684 3463 829 3523; x_wconf 79' lang='grc' dir='ltr'>εῖναι</span> <span class='ocrx_word' id='word_1_463' title='bbox 866 3470 977 3542; x_wconf 78' lang='grc' dir='ltr'>γὰρ</span> <span class='ocrx_word' id='word_1_464' title='bbox 1008 3473 1181 3545; x_wconf 75' lang='grc' dir='ltr'>αὐτὴν</span> <span class='ocrx_word' id='word_1_465' title='bbox 1221 3474 1299 3547; x_wconf 82' lang='grc' dir='ltr'>τῷ</span> <span class='ocrx_word' id='word_1_466' title='bbox 1325 3476 1442 3530; x_wconf 80' lang='grc' dir='ltr'>δντι</span> <span class='ocrx_word' id='word_1_467' title='bbox 1498 3454 1716 3548; x_wconf 78' lang='grc' dir='ltr'>χθονίαν</span> <span class='ocrx_word' id='word_1_468' title='bbox 1759 3477 1852 3530; x_wconf 73' lang='grc' dir='ltr'>καὶ</span> <span class='ocrx_word' id='word_1_469' title='bbox 1888 3473 2179 3530; x_wconf 85' lang='grc' dir='ltr'>ἀντίτυπον</span> <span class='ocrx_word' id='word_1_470' title='bbox 2220 3469 2316 3525; x_wconf 71' lang='grc' dir='ltr'>καὶ</span> <span class='ocrx_word' id='word_1_471' title='bbox 2361 3467 2728 3523; x_wconf 82' lang='grc' dir='ltr'>κατασπῶσαν</span> <span class='ocrx_word' id='word_1_472' title='bbox 2755 3466 2855 3537; x_wconf 86' lang='grc' dir='ltr'>τὴν</span> <span class='ocrx_word' id='word_1_473' title='bbox 2889 3462 3068 3535; x_wconf 69' lang='grc' dir='ltr'>ψυχήν</span> <span class='ocrx_word' id='word_1_474' title='bbox 3132 3461 3213 3524; x_wconf 82' lang='grc' dir='ltr'>είς</span> <span class='ocrx_word' id='word_1_475' title='bbox 3258 3458 3351 3512; x_wconf 78' lang='grc' dir='ltr'>τὸν</span> <span class='ocrx_word' id='word_1_476' title='bbox 3415 3454 3519 3527; x_wconf 74' lang='grc' dir='ltr'>τῆς</span> 
     </span>
    </p>
   </div>
   <div class='ocr_carea' id='block_1_62' title="bbox 248 3559 1053 3631">
    <p class='ocr_par' dir='ltr' id='par_1_62' title="bbox 248 3559 1053 3631">
     <span class='ocr_line' id='line_1_62' title="bbox 248 3559 1053 3631; baseline 0.006 -20"><span class='ocrx_word' id='word_1_477' title='bbox 248 3559 520 3625; x_wconf 85' lang='grc' dir='ltr'>γενέσεως</span> <span class='ocrx_word' id='word_1_478' title='bbox 550 3559 745 3614; x_wconf 82' lang='grc' dir='ltr'>ἀέναον</span> <span class='ocrx_word' id='word_1_479' title='bbox 766 3559 820 3593; x_wconf 72' lang='grc'><strong>⁸⁸</strong></span> <span class='ocrx_word' id='word_1_480' title='bbox 845 3560 1053 3631; x_wconf 82' lang='grc' dir='ltr'>ὀχετόν.</span> 
     </span>
    </p>
   </div>
   <div class='ocr_carea' id='block_1_63' title="bbox 959 3652 1130 3707">
    <p class='ocr_par' dir='ltr' id='par_1_63' title="bbox 959 3652 1130 3707">
     <span class='ocr_line' id='line_1_63' title="bbox 959 3652 1130 3707; baseline 0.023 -4"><span class='ocrx_word' id='word_1_481' title='bbox 959 3652 1130 3707; x_wconf 71' lang='grc' dir='ltr'>ΣΜΡ.</span> 
     </span>
    </p>
   </div>
   <div class='ocr_carea' id='block_1_64' title="bbox 250 3738 1911 3818">
    <p class='ocr_par' dir='ltr' id='par_1_64' title="bbox 250 3738 1911 3818">
     <span class='ocr_line' id='line_1_64' title="bbox 250 3738 1911 3818; baseline 0.006 -24"><span class='ocrx_word' id='word_1_482' title='bbox 250 3738 360 3794; x_wconf 80' lang='grc' dir='ltr'>Ἐκ</span> <span class='ocrx_word' id='word_1_483' title='bbox 380 3740 489 3795; x_wconf 80' lang='grc' dir='ltr'>τοῦ</span> <span class='ocrx_word' id='word_1_484' title='bbox 539 3740 789 3812; x_wconf 82' lang='grc' dir='ltr'>Ἰμερίου</span> <span class='ocrx_word' id='word_1_485' title='bbox 836 3743 943 3798; x_wconf 84' lang='grc' dir='ltr'>τοῦ</span> <span class='ocrx_word' id='word_1_486' title='bbox 999 3743 1302 3813; x_wconf 70' lang='grc' dir='ltr'>σοφιστοῦ</span> <span class='ocrx_word' id='word_1_487' title='bbox 1341 3744 1612 3817; x_wconf 76' lang='grc' dir='ltr'>διάφοροι</span> <span class='ocrx_word' id='word_1_488' title='bbox 1662 3749 1837 3818; x_wconf 67' lang='grc' dir='ltr'>μελέη·</span> <span class='ocrx_word' id='word_1_489' title='bbox 1910 3782 1911 3785; x_wconf 59' lang='grc' dir='ltr'>η</span> 
     </span>
    </p>
   </div>
   <div class='ocr_carea' id='block_1_65' title="bbox 988 3831 1101 3869">
    <p class='ocr_par' dir='ltr' id='par_1_65' title="bbox 988 3831 1101 3869">
     <span class='ocr_line' id='line_1_65' title="bbox 988 3831 1101 3869; baseline 0.027 -3"><span class='ocrx_word' id='word_1_490' title='bbox 988 3831 1101 3869; x_wconf 82' lang='grc' dir='ltr'>ται.</span> 
     </span>
    </p>
   </div>
   <div class='ocr_carea' id='block_1_66' title="bbox 337 3902 1834 3979">
    <p class='ocr_par' dir='ltr' id='par_1_66' title="bbox 337 3902 1834 3979">
     <span class='ocr_line' id='line_1_66' title="bbox 337 3902 1834 3979; baseline 0.007 -25"><span class='ocrx_word' id='word_1_491' title='bbox 337 3902 677 3973; x_wconf 81' lang='grc' dir='ltr'>Ἀνεγνώσθη</span> <span class='ocrx_word' id='word_1_492' title='bbox 710 3906 773 3957; x_wconf 80' lang='grc' dir='ltr'>ὲκ</span> <span class='ocrx_word' id='word_1_493' title='bbox 799 3904 907 3958; x_wconf 82' lang='grc' dir='ltr'>τῶν</span> <span class='ocrx_word' id='word_1_494' title='bbox 947 3904 1180 3977; x_wconf 90' lang='grc' dir='ltr'>Ἰμερίου</span> <span class='ocrx_word' id='word_1_495' title='bbox 1229 3909 1324 3961; x_wconf 80' lang='grc' dir='ltr'>τοῦ</span> <span class='ocrx_word' id='word_1_496' title='bbox 1359 3908 1617 3979; x_wconf 80' lang='grc' dir='ltr'>σοφιστοῦ</span> <span class='ocrx_word' id='word_1_497' title='bbox 1646 3911 1691 3944; x_wconf 78' lang='grc'><strong><em>³⁸</em></strong></span> <span class='ocrx_word' id='word_1_498' title='bbox 1722 3911 1834 3965; x_wconf 89' lang='grc' dir='ltr'>διά-</span> 
     </span>
    </p>
   </div>
   <div class='ocr_carea' id='block_1_67' title="bbox 251 3992 1832 4068">
    <p class='ocr_par' dir='ltr' id='par_1_67' title="bbox 251 3992 1832 4068">
     <span class='ocr_line' id='line_1_67' title="bbox 251 3992 1832 4068; baseline 0.008 -26"><span class='ocrx_word' id='word_1_499' title='bbox 251 4006 411 4059; x_wconf 82' lang='grc' dir='ltr'>φοροι</span> <span class='ocrx_word' id='word_1_500' title='bbox 440 3992 720 4046; x_wconf 58' lang='lat' dir='ltr'><strong>Mauras.</strong></span> <span class='ocrx_word' id='word_1_501' title='bbox 747 3993 885 4057; x_wconf 79' lang='grc' dir='ltr'>Τοὺς</span> <span class='ocrx_word' id='word_1_502' title='bbox 911 3996 1279 4068; x_wconf 82' lang='grc' dir='ltr'>ὡραιοτέρους</span> <span class='ocrx_word' id='word_1_503' title='bbox 1308 3999 1364 4051; x_wconf 86' lang='grc' dir='ltr'>δὲ</span> <span class='ocrx_word' id='word_1_504' title='bbox 1405 3999 1515 4053; x_wconf 87' lang='grc' dir='ltr'>τῶν</span> <span class='ocrx_word' id='word_1_505' title='bbox 1553 4000 1716 4054; x_wconf 80' lang='grc' dir='ltr'>αὑτοῦ</span> <span class='ocrx_word' id='word_1_506' title='bbox 1741 4002 1832 4056; x_wconf 85' lang='grc' dir='ltr'>λό-</span> 
     </span>
    </p>
   </div>
   <div class='ocr_carea' id='block_1_68' title="bbox 254 4080 1836 4157">
    <p class='ocr_par' dir='ltr' id='par_1_68' title="bbox 254 4080 1836 4157">
     <span class='ocr_line' id='line_1_68' title="bbox 254 4080 1836 4157; baseline 0.008 -23"><span class='ocrx_word' id='word_1_507' title='bbox 254 4084 428 4153; x_wconf 83' lang='grc' dir='ltr'>γωνή</span> <span class='ocrx_word' id='word_1_508' title='bbox 456 4080 655 4154; x_wconf 77' lang='grc' dir='ltr'>ἐκλογὴ</span> <span class='ocrx_word' id='word_1_509' title='bbox 697 4084 1008 4157; x_wconf 81' lang='grc' dir='ltr'>δρεπομένη</span> <span class='ocrx_word' id='word_1_510' title='bbox 1042 4089 1140 4151; x_wconf 84' lang='grc' dir='ltr'>τὴν</span> <span class='ocrx_word' id='word_1_511' title='bbox 1188 4089 1396 4146; x_wconf 84' lang='grc' dir='ltr'>τούτων</span> <span class='ocrx_word' id='word_1_512' title='bbox 1439 4091 1650 4146; x_wconf 77' lang='grc' dir='ltr'>ἔκδοσιν</span> <span class='ocrx_word' id='word_1_513' title='bbox 1700 4093 1836 4147; x_wconf 88' lang='grc' dir='ltr'>ἀπο-</span> 
     </span>
    </p>
   </div>
   <div class='ocr_carea' id='block_1_69' title="bbox 256 4174 680 4246">
    <p class='ocr_par' dir='ltr' id='par_1_69' title="bbox 256 4174 680 4246">
     <span class='ocr_line' id='line_1_69' title="bbox 256 4174 680 4246; baseline 0.012 -20"><span class='ocrx_word' id='word_1_514' title='bbox 256 4174 579 4246; x_wconf 81' lang='grc' dir='ltr'>θησαυρίζει</span> <span class='ocrx_word' id='word_1_515' title='bbox 613 4177 680 4231; x_wconf 74' lang='grc'>’⁸.</span> 
     </span>
    </p>
   </div>
   <div class='ocr_carea' id='block_1_70' title="bbox 267 4266 1835 4397">
    <p class='ocr_par' dir='ltr' id='par_1_70' title="bbox 267 4266 1835 4397">
     <span class='ocr_line' id='line_1_70' title="bbox 267 4266 1835 4397; baseline 0.008 -77"><span class='ocrx_word' id='word_1_516' title='bbox 267 4266 372 4321; x_wconf 81' lang='grc' dir='ltr'>Ἐκ</span> <span class='ocrx_word' id='word_1_517' title='bbox 417 4268 524 4322; x_wconf 85' lang='grc' dir='ltr'>τοῦ</span> <span class='ocrx_word' id='word_1_518' title='bbox 575 4268 729 4337; x_wconf 85' lang='grc' dir='ltr'>ὑπὲρ</span> <span class='ocrx_word' id='word_1_519' title='bbox 774 4271 1197 4397; x_wconf 48' lang='grc' dir='ltr'>Δημοὲνθέιὶους</span> <span class='ocrx_word' id='word_1_520' title='bbox 1242 4273 1578 4344; x_wconf 82' lang='grc' dir='ltr'>Ὑπερίδου,</span> <span class='ocrx_word' id='word_1_521' title='bbox 1611 4277 1680 4331; x_wconf 78' lang='grc' dir='ltr'>ἐκ</span> <span class='ocrx_word' id='word_1_522' title='bbox 1724 4277 1835 4347; x_wconf 83' lang='grc' dir='ltr'>τῆς</span> 
     </span>
     <span class='ocr_line' id='line_1_71' title="bbox 954 4360 1184 4397; baseline 0.013 -2"><span class='ocrx_word' id='word_1_523' title='bbox 954 4360 1065 4397; x_wconf 76' lang='lat' dir='ltr'>eam</span> <span class='ocrx_word' id='word_1_524' title='bbox 1091 4361 1184 4397; x_wconf 82' lang='lat' dir='ltr'><strong>ac.</strong></span> 
     </span>
    </p>
   </div>
   <div class='ocr_carea' id='block_1_71' title="bbox 954 4360 1184 4411">
    <p class='ocr_par' dir='ltr' id='par_1_71' title="bbox 954 4360 1184 4411">
     <span class='ocr_line' id='line_1_72' title="bbox 954 4360 1184 4411; baseline 0.013 -16"><span class='ocrx_word' id='word_1_525' title='bbox 954 4360 1184 4411; x_wconf 83' lang='grc' dir='ltr'>εωριας.</span> 
     </span>
    </p>
   </div>
   <div class='ocr_carea' id='block_1_72' title="bbox 329 4427 1833 4510">
    <p class='ocr_par' dir='ltr' id='par_1_72' title="bbox 329 4427 1833 4510">
     <span class='ocr_line' id='line_1_73' title="bbox 329 4427 1833 4510; baseline 0.009 -31"><span class='ocrx_word' id='word_1_526' title='bbox 329 4427 612 4493; x_wconf 85' lang='grc' dir='ltr'>’Υποπτος</span> <span class='ocrx_word' id='word_1_527' title='bbox 648 4430 747 4500; x_wconf 79' lang='grc' dir='ltr'>μὲν</span> <span class='ocrx_word' id='word_1_528' title='bbox 782 4432 875 4486; x_wconf 75' lang='grc' dir='ltr'>καὶ</span> <span class='ocrx_word' id='word_1_529' title='bbox 916 4434 1158 4506; x_wconf 81' lang='grc' dir='ltr'>σφαλερὰ</span> <span class='ocrx_word' id='word_1_530' title='bbox 1205 4436 1369 4488; x_wconf 76' lang='grc' dir='ltr'>παντὶ</span> <span class='ocrx_word' id='word_1_531' title='bbox 1410 4436 1569 4508; x_wconf 83' lang='grc' dir='ltr'>δήμῳ</span> <span class='ocrx_word' id='word_1_532' title='bbox 1611 4438 1833 4510; x_wconf 85' lang='grc' dir='ltr'>τοιαύτη</span> 
     </span>
    </p>
   </div>
   <div class='ocr_carea' id='block_1_73' title="bbox 259 4518 1836 4597">
    <p class='ocr_par' dir='ltr' id='par_1_73' title="bbox 259 4518 1836 4597">
     <span class='ocr_line' id='line_1_74' title="bbox 259 4518 1836 4597; baseline 0.007 -26"><span class='ocrx_word' id='word_1_533' title='bbox 259 4518 565 4592; x_wconf 79' lang='grc' dir='ltr'>συμϐουλὴ,</span> <span class='ocrx_word' id='word_1_534' title='bbox 598 4521 694 4575; x_wconf 75' lang='grc' dir='ltr'>καὶ</span> <span class='ocrx_word' id='word_1_535' title='bbox 736 4523 798 4576; x_wconf 82' lang='grc' dir='ltr'>οὐ</span> <span class='ocrx_word' id='word_1_536' title='bbox 841 4524 1014 4595; x_wconf 88' lang='grc' dir='ltr'>μικρά</span> <span class='ocrx_word' id='word_1_537' title='bbox 1054 4525 1301 4579; x_wconf 79' lang='grc' dir='ltr'>λυποῦσα</span> <span class='ocrx_word' id='word_1_538' title='bbox 1350 4528 1486 4597; x_wconf 84' lang='grc' dir='ltr'>πρὸς</span> <span class='ocrx_word' id='word_1_539' title='bbox 1521 4530 1694 4583; x_wconf 87' lang='grc' dir='ltr'>πειθὼ</span> <span class='ocrx_word' id='word_1_540' title='bbox 1746 4531 1836 4584; x_wconf 83' lang='grc' dir='ltr'>τὸν</span> 
     </span>
    </p>
   </div>
   <div class='ocr_carea' id='block_1_74' title="bbox 258 4609 1837 4692">
    <p class='ocr_par' dir='ltr' id='par_1_74' title="bbox 258 4609 1837 4692">
     <span class='ocr_line' id='line_1_75' title="bbox 258 4609 1837 4692; baseline 0.008 -29"><span class='ocrx_word' id='word_1_541' title='bbox 258 4609 550 4665; x_wconf 84' lang='grc' dir='ltr'>ἀκούοντα.</span> <span class='ocrx_word' id='word_1_542' title='bbox 609 4613 935 4686; x_wconf 78' lang='grc' dir='ltr'>’Δμφότεροι</span> <span class='ocrx_word' id='word_1_543' title='bbox 979 4616 1086 4687; x_wconf 77' lang='grc' dir='ltr'>γὰρ</span> <span class='ocrx_word' id='word_1_544' title='bbox 1118 4618 1404 4688; x_wconf 71' lang='grc' dir='ltr'>δημοτικοὶ</span> <span class='ocrx_word' id='word_1_545' title='bbox 1452 4622 1547 4674; x_wconf 78' lang='grc' dir='ltr'>καὶ</span> <span class='ocrx_word' id='word_1_546' title='bbox 1594 4622 1731 4692; x_wconf 70' lang='grc' dir='ltr'>πρὸς</span> <span class='ocrx_word' id='word_1_547' title='bbox 1774 4622 1837 4676; x_wconf 81' lang='grc' dir='ltr'>τὸ</span> 
     </span>
    </p>
   </div>
   <div class='ocr_carea' id='block_1_75' title="bbox 260 4699 1833 4784">
    <p class='ocr_par' dir='ltr' id='par_1_75' title="bbox 260 4699 1833 4784">
     <span class='ocr_line' id='line_1_76' title="bbox 260 4699 1833 4784; baseline 0.01 -31"><span class='ocrx_word' id='word_1_548' title='bbox 260 4699 469 4771; x_wconf 83' lang='grc' dir='ltr'>βέλτιον</span> <span class='ocrx_word' id='word_1_549' title='bbox 510 4703 913 4775; x_wconf 81' lang='grc' dir='ltr'>ὑπειλημμένοι</span> <span class='ocrx_word' id='word_1_550' title='bbox 965 4707 1346 4777; x_wconf 86' lang='grc' dir='ltr'>τυγχάνουσιν.</span> <span class='ocrx_word' id='word_1_551' title='bbox 1395 4710 1531 4766; x_wconf 81' lang='grc' dir='ltr'>Οὐδὲ</span> <span class='ocrx_word' id='word_1_552' title='bbox 1587 4717 1701 4778; x_wconf 85' lang='grc' dir='ltr'>τοῖς</span> <span class='ocrx_word' id='word_1_553' title='bbox 1737 4732 1833 4784; x_wconf 83' lang='grc' dir='ltr'>γυ-</span> 
     </span>
    </p>
   </div>
   <div class='ocr_carea' id='block_1_76' title="bbox 2601 3639 2876 3698">
    <p class='ocr_par' dir='ltr' id='par_1_76' title="bbox 2601 3639 2876 3698">
     <span class='ocr_line' id='line_1_77' title="bbox 2601 3639 2876 3698; baseline -0.018 0"><span class='ocrx_word' id='word_1_554' title='bbox 2601 3639 2876 3698; x_wconf 85' lang='lat' dir='ltr'>CCXLIII.</span> 
     </span>
    </p>
   </div>
   <div class='ocr_carea' id='block_1_77' title="bbox 2236 3733 3219 3804">
    <p class='ocr_par' dir='ltr' id='par_1_77' title="bbox 2236 3733 3219 3804">
     <span class='ocr_line' id='line_1_78' title="bbox 2236 3733 3219 3804; baseline -0.011 -9"><span class='ocrx_word' id='word_1_555' title='bbox 2236 3739 2459 3795; x_wconf 78' lang='lat' dir='ltr'><strong>Himerii</strong></span> <span class='ocrx_word' id='word_1_556' title='bbox 2485 3736 2749 3804; x_wconf 66' lang='lat' dir='ltr'><strong>Sophiste:</strong></span> <span class='ocrx_word' id='word_1_557' title='bbox 2777 3733 3219 3789; x_wconf 79' lang='lat' dir='ltr'><strong>Declamatioues.</strong></span> 
     </span>
    </p>
   </div>
   <div class='ocr_carea' id='block_1_78' title="bbox 2013 3887 3515 3970">
    <p class='ocr_par' dir='ltr' id='par_1_78' title="bbox 2013 3887 3515 3970">
     <span class='ocr_line' id='line_1_79' title="bbox 2013 3887 3515 3970; baseline -0.009 -15"><span class='ocrx_word' id='word_1_558' title='bbox 2013 3900 2141 3970; x_wconf 84' lang='lat' dir='ltr'><strong>Legi</strong></span> <span class='ocrx_word' id='word_1_559' title='bbox 2174 3899 2440 3966; x_wconf 85' lang='lat' dir='ltr'><strong>quasdam</strong></span> <span class='ocrx_word' id='word_1_560' title='bbox 2475 3895 2896 3950; x_wconf 85' lang='lat' dir='ltr'><strong>Declamationes</strong></span> <span class='ocrx_word' id='word_1_561' title='bbox 2945 3888 3177 3944; x_wconf 83' lang='lat' dir='ltr'><strong>Himerii</strong></span> <span class='ocrx_word' id='word_1_562' title='bbox 3224 3887 3515 3957; x_wconf 65' lang='lat' dir='ltr'><strong>Saphistte.</strong></span> 
     </span>
    </p>
   </div>
   <div class='ocr_carea' id='block_1_79' title="bbox 1946 3978 3521 4063">
    <p class='ocr_par' dir='ltr' id='par_1_79' title="bbox 1946 3978 3521 4063">
     <span class='ocr_line' id='line_1_80' title="bbox 1946 3978 3521 4063; baseline -0.009 -18"><span class='ocrx_word' id='word_1_563' title='bbox 1946 3990 2350 4063; x_wconf 72' lang='lat' dir='ltr'><strong>Elegantiorum</strong></span> <span class='ocrx_word' id='word_1_564' title='bbox 2384 4005 2511 4043; x_wconf 81' lang='lat' dir='ltr'><strong>vero</strong></span> <span class='ocrx_word' id='word_1_565' title='bbox 2540 3988 2659 4057; x_wconf 89' lang='lat' dir='ltr'><strong>ejus</strong></span> <span class='ocrx_word' id='word_1_566' title='bbox 2676 3999 2988 4042; x_wconf 88' lang='lat' dir='ltr'><strong>sermonum</strong></span> <span class='ocrx_word' id='word_1_567' title='bbox 3020 3978 3275 4036; x_wconf 89' lang='lat' dir='ltr'><strong>collectio</strong></span> <span class='ocrx_word' id='word_1_568' title='bbox 3297 3984 3521 4035; x_wconf 80' lang='lat' dir='ltr'><strong>exarata</strong></span> 
     </span>
    </p>
   </div>
   <div class='ocr_carea' id='block_1_80' title="bbox 1941 4077 2785 4137">
    <p class='ocr_par' dir='ltr' id='par_1_80' title="bbox 1941 4077 2785 4137">
     <span class='ocr_line' id='line_1_81' title="bbox 1941 4077 2785 4137; baseline -0.007 0"><span class='ocrx_word' id='word_1_569' title='bbox 1941 4082 2169 4137; x_wconf 91' lang='lat' dir='ltr'><strong>istorum</strong></span> <span class='ocrx_word' id='word_1_570' title='bbox 2196 4080 2489 4135; x_wconf 87' lang='lat' dir='ltr'><strong>editionem</strong></span> <span class='ocrx_word' id='word_1_571' title='bbox 2518 4077 2785 4132; x_wconf 89' lang='lat' dir='ltr'><strong>recondit.</strong></span> 
     </span>
    </p>
   </div>
   <div class='ocr_carea' id='block_1_81' title="bbox 1944 4273 3518 4353">
    <p class='ocr_par' dir='ltr' id='par_1_81' title="bbox 1944 4273 3518 4353">
     <span class='ocr_line' id='line_1_82' title="bbox 1944 4273 3518 4353; baseline -0.006 -15"><span class='ocrx_word' id='word_1_572' title='bbox 1944 4283 2031 4340; x_wconf 66' lang='lat' dir='ltr'>Ea:</span> <span class='ocrx_word' id='word_1_573' title='bbox 2057 4286 2295 4339; x_wconf 87' lang='lat' dir='ltr'><strong>oratione</strong></span> <span class='ocrx_word' id='word_1_574' title='bbox 2317 4279 2601 4353; x_wconf 85' lang='lat' dir='ltr'><strong>Hyperidis</strong></span> <span class='ocrx_word' id='word_1_575' title='bbox 2626 4295 2720 4348; x_wconf 83' lang='lat' dir='ltr'>pro</span> <span class='ocrx_word' id='word_1_576' title='bbox 2746 4277 3111 4332; x_wconf 79' lang='lat' dir='ltr'><strong>Demosthene.</strong></span> <span class='ocrx_word' id='word_1_577' title='bbox 3164 4274 3245 4330; x_wconf 78' lang='lat' dir='ltr'>Ea:</span> <span class='ocrx_word' id='word_1_578' title='bbox 3275 4273 3518 4329; x_wconf 79' lang='lat' dir='ltr'><strong>Theoria.</strong></span> 
     </span>
    </p>
   </div>
   <div class='ocr_carea' id='block_1_82' title="bbox 2016 4430 3523 4513">
    <p class='ocr_par' dir='ltr' id='par_1_82' title="bbox 2016 4430 3523 4513">
     <span class='ocr_line' id='line_1_83' title="bbox 2016 4430 3523 4513; baseline -0.009 -15"><span class='ocrx_word' id='word_1_579' title='bbox 2016 4441 2275 4513; x_wconf 89' lang='lat' dir='ltr'><strong>Suspecta</strong></span> <span class='ocrx_word' id='word_1_580' title='bbox 2303 4449 2357 4495; x_wconf 92' lang='lat' dir='ltr'>et</span> <span class='ocrx_word' id='word_1_581' title='bbox 2384 4438 2684 4509; x_wconf 89' lang='lat' dir='ltr'><strong>periculosa</strong></span> <span class='ocrx_word' id='word_1_582' title='bbox 2725 4436 2976 4491; x_wconf 88' lang='lat' dir='ltr'><strong>omnibus</strong></span> <span class='ocrx_word' id='word_1_583' title='bbox 3017 4435 3136 4489; x_wconf 74' lang='lat' dir='ltr'><strong>haec</strong></span> <span class='ocrx_word' id='word_1_584' title='bbox 3198 4430 3523 4487; x_wconf 83' lang='lat' dir='ltr'><strong>deliberatio</strong></span> 
     </span>
    </p>
   </div>
   <div class='ocr_carea' id='block_1_83' title="bbox 1942 4526 3525 4604">
    <p class='ocr_par' dir='ltr' id='par_1_83' title="bbox 1942 4526 3525 4604">
     <span class='ocr_line' id='line_1_84' title="bbox 1942 4526 3525 4604; baseline -0.011 -15"><span class='ocrx_word' id='word_1_585' title='bbox 1942 4545 2048 4601; x_wconf 86' lang='lat' dir='ltr'><strong>est,</strong></span> <span class='ocrx_word' id='word_1_586' title='bbox 2114 4547 2471 4604; x_wconf 87' lang='lat' dir='ltr'><strong>magnamque</strong></span> <span class='ocrx_word' id='word_1_587' title='bbox 2533 4530 2696 4584; x_wconf 88' lang='lat' dir='ltr'><strong>habet</strong></span> <span class='ocrx_word' id='word_1_588' title='bbox 2754 4526 3147 4587; x_wconf 75' lang='lat' dir='ltr'><strong>dililcultatem,</strong></span> <span class='ocrx_word' id='word_1_589' title='bbox 3231 4532 3525 4588; x_wconf 73' lang='lat' dir='ltr'><strong>antequam</strong></span> 
     </span>
    </p>
   </div>
   <div class='ocr_carea' id='block_1_84' title="bbox 1944 4612 3525 4691">
    <p class='ocr_par' dir='ltr' id='par_1_84' title="bbox 1944 4612 3525 4691">
     <span class='ocr_line' id='line_1_85' title="bbox 1944 4612 3525 4691; baseline -0.009 -14"><span class='ocrx_word' id='word_1_590' title='bbox 1944 4622 2175 4677; x_wconf 88' lang='lat' dir='ltr'><strong>auditori</strong></span> <span class='ocrx_word' id='word_1_591' title='bbox 2202 4620 2545 4691; x_wconf 87' lang='lat' dir='ltr'><strong>persuadeat.</strong></span> <span class='ocrx_word' id='word_1_592' title='bbox 2580 4618 2660 4671; x_wconf 83' lang='lat' dir='ltr'>Ad</span> <span class='ocrx_word' id='word_1_593' title='bbox 2686 4616 2939 4688; x_wconf 88' lang='lat' dir='ltr'><strong>populum</strong></span> <span class='ocrx_word' id='word_1_594' title='bbox 2972 4616 3052 4669; x_wconf 85' lang='lat' dir='ltr'>hae</span> <span class='ocrx_word' id='word_1_595' title='bbox 3083 4615 3202 4667; x_wconf 63' lang='lat' dir='ltr'><strong>dna:</strong></span> <span class='ocrx_word' id='word_1_596' title='bbox 3226 4612 3445 4676; x_wconf 64' lang='lat' dir='ltr'><strong>habita},</strong></span> <span class='ocrx_word' id='word_1_597' title='bbox 3468 4620 3525 4664; x_wconf 89' lang='lat' dir='ltr'>et</span> 
     </span>
    </p>
   </div>
   <div class='ocr_carea' id='block_1_85' title="bbox 1944 4703 3529 4785">
    <p class='ocr_par' dir='ltr' id='par_1_85' title="bbox 1944 4703 3529 4785">
     <span class='ocr_line' id='line_1_86' title="bbox 1944 4703 3529 4785; baseline -0.008 -16"><span class='ocrx_word' id='word_1_598' title='bbox 1944 4729 2104 4785; x_wconf 90' lang='lat' dir='ltr'><strong>quam</strong></span> <span class='ocrx_word' id='word_1_599' title='bbox 2134 4714 2336 4783; x_wconf 90' lang='lat' dir='ltr'><strong>optime</strong></span> <span class='ocrx_word' id='word_1_600' title='bbox 2370 4712 2700 4767; x_wconf 58' lang='lat' dir='ltr'><strong>elaboratae:</strong></span> <span class='ocrx_word' id='word_1_601' title='bbox 2742 4707 3008 4776; x_wconf 88' lang='lat' dir='ltr'><strong>siquidem</strong></span> <span class='ocrx_word' id='word_1_602' title='bbox 3031 4720 3136 4759; x_wconf 90' lang='lat' dir='ltr'>non</span> <span class='ocrx_word' id='word_1_603' title='bbox 3187 4703 3529 4771; x_wconf 84' lang='lat' dir='ltr'><strong>simplicibus</strong></span> 
     </span>
    </p>
   </div>
   <div class='ocr_carea' id='block_1_86' title="bbox 262 4793 1838 4875">
    <p class='ocr_par' dir='ltr' id='par_1_86' title="bbox 262 4793 1838 4875">
     <span class='ocr_line' id='line_1_87' title="bbox 262 4793 1838 4875; baseline 0.01 -32"><span class='ocrx_word' id='word_1_604' title='bbox 262 4794 418 4860; x_wconf 84' lang='grc' dir='ltr'>μνοῖς</span> <span class='ocrx_word' id='word_1_605' title='bbox 448 4793 684 4865; x_wconf 84' lang='grc' dir='ltr'>χρῆσθαι</span> <span class='ocrx_word' id='word_1_606' title='bbox 703 4795 814 4848; x_wconf 84' lang='grc' dir='ltr'>τῶν</span> <span class='ocrx_word' id='word_1_607' title='bbox 836 4796 1138 4866; x_wconf 83' lang='grc' dir='ltr'>ὀνομάτων,</span> <span class='ocrx_word' id='word_1_608' title='bbox 1156 4798 1294 4854; x_wconf 81' lang='grc' dir='ltr'>ἀλλὰ</span> <span class='ocrx_word' id='word_1_609' title='bbox 1320 4802 1432 4866; x_wconf 83' lang='grc' dir='ltr'>τοῖς</span> <span class='ocrx_word' id='word_1_610' title='bbox 1451 4802 1517 4855; x_wconf 81' lang='grc' dir='ltr'>δι’</span> <span class='ocrx_word' id='word_1_611' title='bbox 1546 4803 1838 4875; x_wconf 76' lang='grc' dir='ltr'>ἐμφάσεως</span> 
     </span>
    </p>
   </div>
   <div class='ocr_carea' id='block_1_87' title="bbox 1940 4793 3525 4875">
    <p class='ocr_par' dir='ltr' id='par_1_87' title="bbox 1946 4796 3525 4867">
     <span class='ocr_line' id='line_1_88' title="bbox 1946 4796 3525 4867; baseline -0.008 -4"><span class='ocrx_word' id='word_1_612' title='bbox 1946 4817 1998 4863; x_wconf 89' lang='lat' dir='ltr'>et</span> <span class='ocrx_word' id='word_1_613' title='bbox 2023 4806 2180 4861; x_wconf 87' lang='lat' dir='ltr'><strong>nudis</strong></span> <span class='ocrx_word' id='word_1_614' title='bbox 2216 4805 2527 4860; x_wconf 89' lang='lat' dir='ltr'><strong>nominibus</strong></span> <span class='ocrx_word' id='word_1_615' title='bbox 2578 4811 2831 4865; x_wconf 91' lang='lat' dir='ltr'><strong>utuntur,</strong></span> <span class='ocrx_word' id='word_1_616' title='bbox 2863 4800 2955 4854; x_wconf 89' lang='lat' dir='ltr'>sed</span> <span class='ocrx_word' id='word_1_617' title='bbox 3006 4799 3097 4865; x_wconf 91' lang='lat' dir='ltr'><strong>iis,</strong></span> <span class='ocrx_word' id='word_1_618' title='bbox 3134 4811 3254 4867; x_wconf 68' lang='lat' dir='ltr'><strong>qua:</strong></span> <span class='ocrx_word' id='word_1_619' title='bbox 3276 4796 3525 4864; x_wconf 86' lang='lat' dir='ltr'><strong>emphasi</strong></span> 
     </span>
    </p>
   </div>
   <div class='ocr_carea' id='block_1_88' title="bbox 258 4884 1025 4958">
    <p class='ocr_par' dir='ltr' id='par_1_88' title="bbox 258 4884 1025 4958">
     <span class='ocr_line' id='line_1_89' title="bbox 258 4884 1025 4958; baseline 0.008 -22"><span class='ocrx_word' id='word_1_620' title='bbox 258 4884 321 4936; x_wconf 72' lang='grc' dir='ltr'>τὸ</span> <span class='ocrx_word' id='word_1_621' title='bbox 356 4885 605 4957; x_wconf 82' lang='grc' dir='ltr'>βούλημα</span> <span class='ocrx_word' id='word_1_622' title='bbox 646 4888 1025 4958; x_wconf 80' lang='grc' dir='ltr'>σημαίνουσιν.</span> 
     </span>
    </p>
   </div>
   <div class='ocr_carea' id='block_1_89' title="bbox 483 4977 1616 5056">
    <p class='ocr_par' dir='ltr' id='par_1_89' title="bbox 483 4977 1616 5056">
     <span class='ocr_line' id='line_1_90' title="bbox 483 4977 1616 5056; baseline 0.007 -23"><span class='ocrx_word' id='word_1_623' title='bbox 483 4977 585 5033; x_wconf 84' lang='grc' dir='ltr'>Ἐκ</span> <span class='ocrx_word' id='word_1_624' title='bbox 614 4977 724 5047; x_wconf 80' lang='grc' dir='ltr'>τῆς</span> <span class='ocrx_word' id='word_1_625' title='bbox 747 4980 1010 5049; x_wconf 82' lang='grc' dir='ltr'>μελέτης</span> <span class='ocrx_word' id='word_1_626' title='bbox 1037 4982 1185 5037; x_wconf 85' lang='grc' dir='ltr'>αὐτὸ</span> <span class='ocrx_word' id='word_1_627' title='bbox 1209 4985 1276 5037; x_wconf 86' lang='grc' dir='ltr'>τὸ</span> <span class='ocrx_word' id='word_1_628' title='bbox 1298 4986 1616 5056; x_wconf 78' lang='grc' dir='ltr'>προοίμιον</span> 
     </span>
    </p>
   </div>
   <div class='ocr_carea' id='block_1_90' title="bbox 340 5062 1842 5141">
    <p class='ocr_par' dir='ltr' id='par_1_90' title="bbox 340 5062 1842 5141">
     <span class='ocr_line' id='line_1_91' title="bbox 340 5062 1842 5141; baseline 0.009 -22"><span class='ocrx_word' id='word_1_629' title='bbox 340 5066 499 5138; x_wconf 83' lang='grc' dir='ltr'>ᾯετο</span> <span class='ocrx_word' id='word_1_630' title='bbox 536 5068 654 5137; x_wconf 84' lang='grc' dir='ltr'>μὲν,</span> <span class='ocrx_word' id='word_1_631' title='bbox 687 5062 733 5122; x_wconf 79' lang='grc' dir='ltr'><strong>ὦ</strong></span> <span class='ocrx_word' id='word_1_632' title='bbox 775 5069 1072 5141; x_wconf 83' lang='grc' dir='ltr'>Ἀθηναῖοι,</span> <span class='ocrx_word' id='word_1_633' title='bbox 1105 5073 1371 5139; x_wconf 83' lang='grc' dir='ltr'>Φίλιππος</span> <span class='ocrx_word' id='word_1_634' title='bbox 1398 5076 1464 5129; x_wconf 89' lang='grc' dir='ltr'>δι’</span> <span class='ocrx_word' id='word_1_635' title='bbox 1504 5078 1621 5140; x_wconf 79' lang='grc' dir='ltr'>ἑνὸς</span> <span class='ocrx_word' id='word_1_636' title='bbox 1649 5078 1842 5132; x_wconf 84' lang='grc' dir='ltr'>τούτου</span> 
     </span>
    </p>
   </div>
   <div class='ocr_carea' id='block_1_91' title="bbox 263 5162 1843 5237">
    <p class='ocr_par' dir='ltr' id='par_1_91' title="bbox 263 5162 1843 5237">
     <span class='ocr_line' id='line_1_92' title="bbox 263 5162 1843 5237; baseline 0.007 -23"><span class='ocrx_word' id='word_1_637' title='bbox 263 5163 627 5233; x_wconf 82' lang='grc' dir='ltr'>κηρύγματος</span> <span class='ocrx_word' id='word_1_638' title='bbox 649 5162 708 5214; x_wconf 82' lang='grc' dir='ltr'>οὐ</span> <span class='ocrx_word' id='word_1_639' title='bbox 751 5164 1101 5236; x_wconf 85' lang='grc' dir='ltr'>Δημοσθένην</span> <span class='ocrx_word' id='word_1_640' title='bbox 1122 5168 1168 5199; x_wconf 75' lang='grc'>⁸⁷</span> <span class='ocrx_word' id='word_1_641' title='bbox 1203 5168 1382 5237; x_wconf 89' lang='grc' dir='ltr'>μόνον,</span> <span class='ocrx_word' id='word_1_642' title='bbox 1412 5169 1549 5222; x_wconf 82' lang='grc' dir='ltr'>ἀλλὰ</span> <span class='ocrx_word' id='word_1_643' title='bbox 1580 5172 1673 5224; x_wconf 73' lang='grc' dir='ltr'>καὶ</span> <span class='ocrx_word' id='word_1_644' title='bbox 1702 5172 1843 5225; x_wconf 87' lang='grc' dir='ltr'>πάν-</span> 
     </span>
    </p>
   </div>
   <div class='ocr_carea' id='block_1_92' title="bbox 258 5253 1842 5330">
    <p class='ocr_par' dir='ltr' id='par_1_92' title="bbox 258 5253 1842 5330">
     <span class='ocr_line' id='line_1_93' title="bbox 258 5253 1842 5330; baseline 0.007 -25"><span class='ocrx_word' id='word_1_645' title='bbox 258 5269 362 5315; x_wconf 87' lang='grc' dir='ltr'>τας</span> <span class='ocrx_word' id='word_1_646' title='bbox 398 5253 553 5322; x_wconf 80' lang='grc' dir='ltr'>ὑμῶν</span> <span class='ocrx_word' id='word_1_647' title='bbox 600 5255 1006 5325; x_wconf 81' lang='grc' dir='ltr'>ἀφαιρήσεσθαι</span> <span class='ocrx_word' id='word_1_648' title='bbox 1033 5259 1078 5289; x_wconf 73' lang='grc'>⁸⁸</span> <span class='ocrx_word' id='word_1_649' title='bbox 1123 5261 1249 5322; x_wconf 80' lang='grc' dir='ltr'>τοὺς</span> <span class='ocrx_word' id='word_1_650' title='bbox 1301 5261 1694 5330; x_wconf 78' lang='grc' dir='ltr'>δημαγωγοὺς,</span> <span class='ocrx_word' id='word_1_651' title='bbox 1728 5264 1842 5316; x_wconf 81' lang='grc' dir='ltr'>ὅσοι</span> 
     </span>
    </p>
   </div>
   <div class='ocr_carea' id='block_1_93' title="bbox 265 5344 1845 5426">
    <p class='ocr_par' dir='ltr' id='par_1_93' title="bbox 265 5344 1845 5426">
     <span class='ocr_line' id='line_1_94' title="bbox 265 5344 1845 5426; baseline 0.008 -29"><span class='ocrx_word' id='word_1_652' title='bbox 265 5347 385 5416; x_wconf 88' lang='grc' dir='ltr'>μετ’</span> <span class='ocrx_word' id='word_1_653' title='bbox 437 5344 643 5397; x_wconf 79' lang='grc' dir='ltr'>ἐκείνου</span> <span class='ocrx_word' id='word_1_654' title='bbox 676 5345 860 5410; x_wconf 84' lang='grc' dir='ltr'>δόντες</span> <span class='ocrx_word' id='word_1_655' title='bbox 913 5351 1138 5415; x_wconf 77' lang='grc' dir='ltr'>ἑαυτοὺς</span> <span class='ocrx_word' id='word_1_656' title='bbox 1182 5356 1247 5422; x_wconf 85' lang='grc' dir='ltr'>τῇ</span> <span class='ocrx_word' id='word_1_657' title='bbox 1279 5353 1558 5425; x_wconf 71' lang='grc' dir='ltr'>πολιτείᾳ,</span> <span class='ocrx_word' id='word_1_658' title='bbox 1594 5355 1845 5426; x_wconf 86' lang='grc' dir='ltr'>Φιλίππῳ</span> 
     </span>
    </p>
   </div>
   <div class='ocr_carea' id='block_1_94' title="bbox 267 5436 1838 5520">
    <p class='ocr_par' dir='ltr' id='par_1_94' title="bbox 267 5436 1838 5520">
     <span class='ocr_line' id='line_1_95' title="bbox 267 5436 1838 5520; baseline 0.008 -30"><span class='ocrx_word' id='word_1_659' title='bbox 267 5438 368 5508; x_wconf 82' lang='grc' dir='ltr'>μὲν</span> <span class='ocrx_word' id='word_1_660' title='bbox 393 5436 595 5492; x_wconf 77' lang='grc' dir='ltr'>ἄϐατον</span> <span class='ocrx_word' id='word_1_661' title='bbox 623 5438 722 5492; x_wconf 66' lang='grc' dir='ltr'>τὴν</span> <span class='ocrx_word' id='word_1_662' title='bbox 766 5440 1040 5514; x_wconf 76' lang='grc' dir='ltr'>Ἀττικήν,</span> <span class='ocrx_word' id='word_1_663' title='bbox 1072 5447 1138 5516; x_wconf 85' lang='grc' dir='ltr'>τῇ</span> <span class='ocrx_word' id='word_1_664' title='bbox 1180 5445 1332 5500; x_wconf 88' lang='grc' dir='ltr'>πόλει</span> <span class='ocrx_word' id='word_1_665' title='bbox 1361 5446 1419 5500; x_wconf 84' lang='grc' dir='ltr'>δὲ</span> <span class='ocrx_word' id='word_1_666' title='bbox 1459 5449 1715 5520; x_wconf 79' lang='grc' dir='ltr'>ἀκέραιον</span> <span class='ocrx_word' id='word_1_667' title='bbox 1747 5450 1838 5519; x_wconf 82' lang='grc' dir='ltr'>μέ-</span> 
     </span>
    </p>
   </div>
   <div class='ocr_carea' id='block_1_95' title="bbox 1954 4894 3067 4970">
    <p class='ocr_par' dir='ltr' id='par_1_95' title="bbox 1954 4894 3067 4970">
     <span class='ocr_line' id='line_1_96' title="bbox 1954 4894 3067 4970; baseline -0.007 -16"><span class='ocrx_word' id='word_1_668' title='bbox 1954 4900 2189 4970; x_wconf 90' lang='lat' dir='ltr'><strong>quadam</strong></span> <span class='ocrx_word' id='word_1_669' title='bbox 2227 4897 2517 4951; x_wconf 90' lang='lat' dir='ltr'><strong>consilium</strong></span> <span class='ocrx_word' id='word_1_670' title='bbox 2551 4895 2753 4949; x_wconf 87' lang='lat' dir='ltr'><strong>clarius</strong></span> <span class='ocrx_word' id='word_1_671' title='bbox 2783 4894 3067 4948; x_wconf 84' lang='lat' dir='ltr'><strong>exhibent.</strong></span> 
     </span>
    </p>
   </div>
   <div class='ocr_carea' id='block_1_96' title="bbox 2198 4982 3300 5058">
    <p class='ocr_par' dir='ltr' id='par_1_96' title="bbox 2198 4982 3300 5058">
     <span class='ocr_line' id='line_1_97' title="bbox 2198 4982 3300 5058; baseline -0.009 -16"><span class='ocrx_word' id='word_1_672' title='bbox 2198 4988 2373 5058; x_wconf 80' lang='lat' dir='ltr'><strong>Hujus</strong></span> <span class='ocrx_word' id='word_1_673' title='bbox 2411 4986 2825 5041; x_wconf 83' lang='lat' dir='ltr'><strong>Declamationis</strong></span> <span class='ocrx_word' id='word_1_674' title='bbox 2849 4990 2947 5039; x_wconf 83' lang='lat' dir='ltr'>hoc</span> <span class='ocrx_word' id='word_1_675' title='bbox 2969 4982 3300 5052; x_wconf 70' lang='lat' dir='ltr'><strong>prooemium.</strong></span> 
     </span>
    </p>
   </div>
   <div class='ocr_carea' id='block_1_97' title="bbox 2023 5072 3530 5152">
    <p class='ocr_par' dir='ltr' id='par_1_97' title="bbox 2023 5072 3530 5152">
     <span class='ocr_line' id='line_1_98' title="bbox 2023 5072 3530 5152; baseline -0.008 -14"><span class='ocrx_word' id='word_1_676' title='bbox 2023 5082 2322 5152; x_wconf 89' lang='lat' dir='ltr'><strong>Philippus,</strong></span> <span class='ocrx_word' id='word_1_677' title='bbox 2358 5080 2736 5143; x_wconf 81' lang='lat' dir='ltr'><strong>Athenienses,</strong></span> <span class='ocrx_word' id='word_1_678' title='bbox 2772 5094 2875 5132; x_wconf 92' lang='lat' dir='ltr'>non</span> <span class='ocrx_word' id='word_1_679' title='bbox 2911 5075 3330 5130; x_wconf 89' lang='lat' dir='ltr'><strong>Demosthenem</strong></span> <span class='ocrx_word' id='word_1_680' title='bbox 3354 5072 3530 5127; x_wconf 84' lang='lat' dir='ltr'><strong>solum</strong></span> 
     </span>
    </p>
   </div>
   <div class='ocr_carea' id='block_1_98' title="bbox 1952 5162 3532 5240">
    <p class='ocr_par' dir='ltr' id='par_1_98' title="bbox 1952 5162 3532 5240">
     <span class='ocr_line' id='line_1_99' title="bbox 1952 5162 3532 5240; baseline -0.006 -11"><span class='ocrx_word' id='word_1_681' title='bbox 1952 5175 2052 5229; x_wconf 89' lang='lat' dir='ltr'>hoc</span> <span class='ocrx_word' id='word_1_682' title='bbox 2084 5190 2190 5228; x_wconf 90' lang='lat' dir='ltr'>uno</span> <span class='ocrx_word' id='word_1_683' title='bbox 2206 5173 2538 5240; x_wconf 76' lang='lat' dir='ltr'><strong>edicto,lsed</strong></span> <span class='ocrx_word' id='word_1_684' title='bbox 2572 5170 2878 5238; x_wconf 85' lang='lat' dir='ltr'><strong>etreliqnos</strong></span> <span class='ocrx_word' id='word_1_685' title='bbox 2903 5177 3118 5221; x_wconf 89' lang='lat' dir='ltr'><strong>vestros</strong></span> <span class='ocrx_word' id='word_1_686' title='bbox 3139 5170 3408 5229; x_wconf 77' lang='lat' dir='ltr'><strong>crateres,</strong></span> <span class='ocrx_word' id='word_1_687' title='bbox 3439 5162 3532 5234; x_wconf 87' lang='lat' dir='ltr'>qui</span> 
     </span>
    </p>
   </div>
   <div class='ocr_carea' id='block_1_99' title="bbox 1951 5255 3534 5333">
    <p class='ocr_par' dir='ltr' id='par_1_99' title="bbox 1951 5255 3534 5333">
     <span class='ocr_line' id='line_1_100' title="bbox 1951 5255 3534 5333; baseline -0.011 -10"><span class='ocrx_word' id='word_1_688' title='bbox 1951 5264 2194 5323; x_wconf 68' lang='lat' dir='ltr'><strong>cunﬁllo</strong></span> <span class='ocrx_word' id='word_1_689' title='bbox 2222 5281 2280 5321; x_wconf 85' lang='lat' dir='ltr'>se</span> <span class='ocrx_word' id='word_1_690' title='bbox 2306 5274 2446 5321; x_wconf 91' lang='lat' dir='ltr'><strong>totos</strong></span> <span class='ocrx_word' id='word_1_691' title='bbox 2483 5262 2789 5333; x_wconf 66' lang='lat' dir='ltr'><strong>reipublicaa</strong></span> <span class='ocrx_word' id='word_1_692' title='bbox 2818 5259 3013 5332; x_wconf 68' lang='lat'><strong>3530</strong></span> <span class='ocrx_word' id='word_1_693' title='bbox 3037 5260 3317 5320; x_wconf 90' lang='lat' dir='ltr'><strong>dederant,</strong></span> <span class='ocrx_word' id='word_1_694' title='bbox 3344 5255 3534 5308; x_wconf 80' lang='lat' dir='ltr'><strong>existi-</strong></span> 
     </span>
    </p>
   </div>
   <div class='ocr_carea' id='block_1_100' title="bbox 1953 5346 3526 5421">
    <p class='ocr_par' dir='ltr' id='par_1_100' title="bbox 1953 5346 3526 5421">
     <span class='ocr_line' id='line_1_101' title="bbox 1953 5346 3526 5421; baseline -0.01 -10"><span class='ocrx_word' id='word_1_695' title='bbox 1953 5360 2124 5413; x_wconf 89' lang='lat' dir='ltr'><strong>mavit</strong></span> <span class='ocrx_word' id='word_1_696' title='bbox 2149 5373 2210 5412; x_wconf 88' lang='lat' dir='ltr'>se</span> <span class='ocrx_word' id='word_1_697' title='bbox 2245 5357 2579 5413; x_wconf 87' lang='lat' dir='ltr'><strong>ablaturum.</strong></span> <span class='ocrx_word' id='word_1_698' title='bbox 2638 5354 2910 5410; x_wconf 87' lang='lat' dir='ltr'><strong>Hactenus</strong></span> <span class='ocrx_word' id='word_1_699' title='bbox 2946 5350 3163 5421; x_wconf 90' lang='lat' dir='ltr'><strong>quidem</strong></span> <span class='ocrx_word' id='word_1_700' title='bbox 3211 5346 3526 5416; x_wconf 85' lang='lat' dir='ltr'><strong>Philippum</strong></span> 
     </span>
    </p>
   </div>
   <div class='ocr_carea' id='block_1_101' title="bbox 1953 5447 3529 5523">
    <p class='ocr_par' dir='ltr' id='par_1_101' title="bbox 1953 5447 3529 5523">
     <span class='ocr_line' id='line_1_102' title="bbox 1953 5447 3529 5523; baseline -0.011 -18"><span class='ocrx_word' id='word_1_701' title='bbox 1953 5453 2129 5505; x_wconf 76' lang='lat' dir='ltr'><strong>Attica</strong></span> <span class='ocrx_word' id='word_1_702' title='bbox 2157 5450 2557 5523; x_wconf 82' lang='lat' dir='ltr'><strong>prohibuimus,</strong></span> <span class='ocrx_word' id='word_1_703' title='bbox 2588 5449 2817 5517; x_wconf 89' lang='lat' dir='ltr'><strong>urbique</strong></span> <span class='ocrx_word' id='word_1_704' title='bbox 2851 5450 2915 5500; x_wconf 89' lang='lat' dir='ltr'>ad</span> <span class='ocrx_word' id='word_1_705' title='bbox 2946 5447 3062 5500; x_wconf 55' lang='lat' dir='ltr'><strong>haec</strong></span> <span class='ocrx_word' id='word_1_706' title='bbox 3087 5454 3260 5512; x_wconf 90' lang='lat' dir='ltr'><strong>usque</strong></span> <span class='ocrx_word' id='word_1_707' title='bbox 3287 5450 3529 5508; x_wconf 85' lang='lat' dir='ltr'><strong>tempora</strong></span> 
     </span>
    </p>
   </div>
   <div class='ocr_carea' id='block_1_102' title="bbox 1586 5560 2253 5619">
    <p class='ocr_par' dir='ltr' id='par_1_102' title="bbox 1586 5560 2253 5619">
     <span class='ocr_line' id='line_1_103' title="bbox 1586 5560 2253 5619; baseline 0.007 -5"><span class='ocrx_word' id='word_1_708' title='bbox 1586 5560 1819 5616; x_wconf 67' lang='lat' dir='ltr'>VARIA‘Z</span> <span class='ocrx_word' id='word_1_709' title='bbox 1848 5560 2253 5619; x_wconf 82' lang='lat' dir='ltr'>LECTIONES.</span> 
     </span>
    </p>
   </div>
   <div class='ocr_carea' id='block_1_103' title="bbox 339 5641 3527 5723">
    <p class='ocr_par' dir='ltr' id='par_1_103' title="bbox 339 5641 3527 5723">
     <span class='ocr_line' id='line_1_104' title="bbox 339 5641 3527 5723; baseline -0.003 -19"><span class='ocrx_word' id='word_1_710' title='bbox 339 5649 385 5723; x_wconf 70' lang='lat'>‘_&#39;</span> <span class='ocrx_word' id='word_1_711' title='bbox 432 5650 532 5723; x_wconf 70' lang='lat' dir='ltr'><strong>xui.</strong></span> <span class='ocrx_word' id='word_1_712' title='bbox 570 5650 1032 5723; x_wconf 15' lang='grc' dir='ltr'>προηγάσθηγσαν</span> <span class='ocrx_word' id='word_1_713' title='bbox 1068 5651 1184 5714; x_wconf 81' lang='grc' dir='ltr'>πῶς</span> <span class='ocrx_word' id='word_1_714' title='bbox 1212 5645 1312 5704; x_wconf 71' lang='grc' dir='ltr'>οἴει</span> <span class='ocrx_word' id='word_1_715' title='bbox 1345 5652 1548 5723; x_wconf 71' lang='grc' dir='ltr'>σφόδρα</span> <span class='ocrx_word' id='word_1_716' title='bbox 1589 5653 1681 5706; x_wconf 77' lang='grc' dir='ltr'>τὸν</span> <span class='ocrx_word' id='word_1_717' title='bbox 1739 5653 1980 5723; x_wconf 86' lang='grc' dir='ltr'>Πρόκλον</span> <span class='ocrx_word' id='word_1_718' title='bbox 2038 5653 2240 5708; x_wconf 80' lang='lat' dir='ltr'><strong>Sttidas</strong></span> <span class='ocrx_word' id='word_1_719' title='bbox 2295 5670 2348 5706; x_wconf 91' lang='lat' dir='ltr'>v.</span> <span class='ocrx_word' id='word_1_720' title='bbox 2396 5649 2891 5723; x_wconf 73' lang='grc' dir='ltr'>Προσηγάσθησαν.</span> <span class='ocrx_word' id='word_1_721' title='bbox 2934 5642 3378 5723; x_wconf 33' lang='grc' dir='ltr'>κ’ξὲκϐεϐηκόξα</span> <span class='ocrx_word' id='word_1_722' title='bbox 3409 5641 3468 5723; x_wconf 48' lang='grc' dir='ltr'>ΔΟ</span> <span class='ocrx_word' id='word_1_723' title='bbox 3508 5655 3527 5695; x_wconf 83' lang='lat'><strong><em>:</em></strong></span> 
     </span>
    </p>
   </div>
   <div class='ocr_carea' id='block_1_104' title="bbox 268 5721 1144 5792">
    <p class='ocr_par' dir='ltr' id='par_1_104' title="bbox 268 5721 1144 5792">
     <span class='ocr_line' id='line_1_105' title="bbox 268 5721 1144 5792; baseline 0.007 -21"><span class='ocrx_word' id='word_1_724' title='bbox 268 5721 624 5792; x_wconf 69' lang='grc' dir='ltr'>ξμϐεϐηκότα</span> <span class='ocrx_word' id='word_1_725' title='bbox 644 5741 703 5788; x_wconf 84' lang='grc' dir='ltr'>ς.</span> <span class='ocrx_word' id='word_1_726' title='bbox 736 5721 743 5723; x_wconf 11' lang='grc' dir='ltr'><em>ἡ</em></span> <span class='ocrx_word' id='word_1_727' title='bbox 782 5722 828 5753; x_wconf 75' lang='grc' dir='ltr'>δ’</span> <span class='ocrx_word' id='word_1_728' title='bbox 853 5722 1065 5792; x_wconf 80' lang='grc' dir='ltr'>χυδαῖος</span> <span class='ocrx_word' id='word_1_729' title='bbox 1085 5740 1144 5787; x_wconf 85' lang='grc' dir='ltr'>ς,</span> 
     </span>
    </p>
   </div>
   <div class='ocr_carea' id='block_1_105' title="bbox 269 5789 1117 5857">
    <p class='ocr_par' dir='ltr' id='par_1_105' title="bbox 269 5789 1117 5857">
     <span class='ocr_line' id='line_1_106' title="bbox 269 5789 1117 5857; baseline 0.002 -15"><span class='ocrx_word' id='word_1_730' title='bbox 269 5789 319 5822; x_wconf 70' lang='grc'>’³</span> <span class='ocrx_word' id='word_1_731' title='bbox 353 5789 561 5844; x_wconf 78' lang='grc' dir='ltr'>ἔνδοθεν</span> <span class='ocrx_word' id='word_1_732' title='bbox 608 5794 665 5846; x_wconf 85' lang='grc' dir='ltr'>Β.</span> <span class='ocrx_word' id='word_1_733' title='bbox 733 5794 781 5826; x_wconf 56' lang='grc'>’⁸</span> <span class='ocrx_word' id='word_1_734' title='bbox 809 5789 1030 5844; x_wconf 81' lang='grc' dir='ltr'>ἀένναον</span> <span class='ocrx_word' id='word_1_735' title='bbox 1058 5811 1117 5857; x_wconf 80' lang='grc' dir='ltr'>ς.</span> 
     </span>
    </p>
   </div>
   <div class='ocr_carea' id='block_1_106' title="bbox 276 5860 609 5933">
    <p class='ocr_par' dir='ltr' id='par_1_106' title="bbox 276 5860 609 5933">
     <span class='ocr_line' id='line_1_107' title="bbox 276 5860 609 5933; baseline 0.015 -20"><span class='ocrx_word' id='word_1_736' title='bbox 276 5860 511 5933; x_wconf 81' lang='grc' dir='ltr'>μοσθένη</span> <span class='ocrx_word' id='word_1_737' title='bbox 549 5881 609 5928; x_wconf 77' lang='grc' dir='ltr'>ς’.</span> 
     </span>
    </p>
   </div>
   <div class='ocr_carea' id='block_1_107' title="bbox 1221 5722 1798 5792">
    <p class='ocr_par' dir='ltr' id='par_1_107' title="bbox 1221 5722 1798 5792">
     <span class='ocr_line' id='line_1_108' title="bbox 1221 5722 1798 5792; baseline 0 -17"><span class='ocrx_word' id='word_1_738' title='bbox 1221 5723 1266 5753; x_wconf 78' lang='grc'>⁹⁰</span> <span class='ocrx_word' id='word_1_739' title='bbox 1285 5722 1574 5792; x_wconf 79' lang='grc' dir='ltr'>ἐπίκουρόν</span> <span class='ocrx_word' id='word_1_740' title='bbox 1610 5741 1691 5776; x_wconf 91' lang='grc' dir='ltr'>σοι</span> <span class='ocrx_word' id='word_1_741' title='bbox 1724 5722 1798 5776; x_wconf 87' lang='grc' dir='ltr'>πα</span> 
     </span>
    </p>
   </div>
   <div class='ocr_carea' id='block_1_108' title="bbox 684 5863 1319 5935">
    <p class='ocr_par' dir='ltr' id='par_1_108' title="bbox 684 5863 1319 5935">
     <span class='ocr_line' id='line_1_109' title="bbox 684 5863 1319 5935; baseline -0.003 -15"><span class='ocrx_word' id='word_1_742' title='bbox 684 5865 732 5896; x_wconf 72' lang='grc'>’⁸</span> <span class='ocrx_word' id='word_1_743' title='bbox 762 5863 1221 5935; x_wconf 70' lang='grc' dir='ltr'>ἀφαιρεθήσεσθαι</span> <span class='ocrx_word' id='word_1_744' title='bbox 1256 5864 1319 5918; x_wconf 86' lang='grc' dir='ltr'>Δ.</span> 
     </span>
    </p>
   </div>
   <div class='ocr_carea' id='block_1_109' title="bbox 1194 5740 2188 5867">
    <p class='ocr_par' dir='ltr' id='par_1_109' title="bbox 1194 5740 2188 5867">
     <span class='ocr_line' id='line_1_110' title="bbox 1223 5740 2188 5792; baseline -0.001 -17"><span class='ocrx_word' id='word_1_745' title='bbox 1223 5740 1266 5753; x_wconf 74' lang='grc' dir='ltr'>’ν</span> <span class='ocrx_word' id='word_1_746' title='bbox 1285 5740 1574 5792; x_wconf 79' lang='grc' dir='ltr'>επικουρον</span> <span class='ocrx_word' id='word_1_747' title='bbox 1610 5741 1691 5776; x_wconf 89' lang='grc' dir='ltr'>σοι</span> <span class='ocrx_word' id='word_1_748' title='bbox 1724 5741 1798 5776; x_wconf 88' lang='grc' dir='ltr'>πα</span> <span class='ocrx_word' id='word_1_749' title='bbox 1841 5741 1923 5776; x_wconf 91' lang='grc' dir='ltr'>εσ.</span> <span class='ocrx_word' id='word_1_750' title='bbox 1945 5742 2004 5788; x_wconf 77' lang='grc' dir='ltr'>ς.</span> <span class='ocrx_word' id='word_1_751' title='bbox 2082 5740 2122 5755; x_wconf 79' lang='grc' dir='ltr'>ἰ</span> <span class='ocrx_word' id='word_1_752' title='bbox 2144 5741 2188 5775; x_wconf 75' lang='grc' dir='ltr'>τι</span> 
     </span>
     <span class='ocr_line' id='line_1_111' title="bbox 1194 5740 2188 5867; baseline 0.005 -23"><span class='ocrx_word' id='word_1_753' title='bbox 1194 5793 1239 5823; x_wconf 74' lang='grc'>’⁸</span> <span class='ocrx_word' id='word_1_754' title='bbox 1272 5794 1545 5867; x_wconf 78' lang='grc' dir='ltr'>σοφιστοῦ.</span> <span class='ocrx_word' id='word_1_755' title='bbox 1625 5795 1670 5827; x_wconf 77' lang='grc'>’⁸</span> <span class='ocrx_word' id='word_1_756' title='bbox 1691 5740 2116 5867; x_wconf 57' lang='grc' dir='ltr'>ἁποϐησαυρίζει</span> <span class='ocrx_word' id='word_1_757' title='bbox 2145 5780 2188 5849; x_wconf 49' lang='lat' dir='ltr'>lt</span> 
     </span>
    </p>
   </div>
   <div class='ocr_carea' id='block_1_110' title="bbox 1841 5711 3522 5796">
    <p class='ocr_par' dir='ltr' id='par_1_110' title="bbox 1841 5711 3522 5796">
     <span class='ocr_line' id='line_1_112' title="bbox 1841 5711 3522 5796; baseline -0.005 -21"><span class='ocrx_word' id='word_1_758' title='bbox 1841 5741 1923 5776; x_wconf 91' lang='grc' dir='ltr'>εσ.</span> <span class='ocrx_word' id='word_1_759' title='bbox 1945 5742 2004 5788; x_wconf 77' lang='grc' dir='ltr'>ς.</span> <span class='ocrx_word' id='word_1_760' title='bbox 2024 5794 2051 5796; x_wconf 20' lang='grc' dir='ltr'>Η</span> <span class='ocrx_word' id='word_1_761' title='bbox 2080 5726 2122 5755; x_wconf 80' lang='grc' dir='ltr'>’ί</span> <span class='ocrx_word' id='word_1_762' title='bbox 2144 5726 2208 5796; x_wconf 81' lang='grc' dir='ltr'>τῇ</span> <span class='ocrx_word' id='word_1_763' title='bbox 2230 5724 2353 5778; x_wconf 89' lang='lat' dir='ltr'><strong>add.</strong></span> <span class='ocrx_word' id='word_1_764' title='bbox 2379 5711 2469 5779; x_wconf 76' lang='grc' dir='ltr'>Α.’</span> <span class='ocrx_word' id='word_1_765' title='bbox 2484 5720 2562 5796; x_wconf 38' lang='grc' dir='ltr'>Α⁹⁸</span> <span class='ocrx_word' id='word_1_766' title='bbox 2579 5711 2977 5796; x_wconf 65' lang='grc' dir='ltr'>’ἀγωνιεῖσθαιῇ</span> <span class='ocrx_word' id='word_1_767' title='bbox 3008 5711 3522 5796; x_wconf 34' lang='grc' dir='ltr'>ξιιιοιάγωνίζεσθιαι.</span> 
     </span>
    </p>
   </div>
   <div class='ocr_carea' id='block_1_111' title="bbox 2258 5783 3521 5864">
    <p class='ocr_par' dir='ltr' id='par_1_111' title="bbox 2258 5783 3521 5864">
     <span class='ocr_line' id='line_1_113' title="bbox 2258 5783 3521 5864; baseline -0.01 -15"><span class='ocrx_word' id='word_1_768' title='bbox 2258 5802 2440 5864; x_wconf 77' lang='lat' dir='ltr'><strong>cttng.</strong></span> <span class='ocrx_word' id='word_1_769' title='bbox 2473 5792 2516 5847; x_wconf 68' lang='grc' dir='ltr'><strong>(ἶ</strong></span> <span class='ocrx_word' id='word_1_770' title='bbox 2558 5809 2571 5845; x_wconf 90' lang='lat'><strong>:</strong></span> <span class='ocrx_word' id='word_1_771' title='bbox 2626 5783 2877 5860; x_wconf 67' lang='grc' dir='ltr'>σοφιστοῦ</span> <span class='ocrx_word' id='word_1_772' title='bbox 2938 5783 3179 5857; x_wconf 80' lang='grc' dir='ltr'>μελετῶν</span> <span class='ocrx_word' id='word_1_773' title='bbox 3210 5801 3268 5849; x_wconf 88' lang='grc' dir='ltr'>ς.</span> <span class='ocrx_word' id='word_1_774' title='bbox 3345 5783 3389 5816; x_wconf 68' lang='grc'><strong>³⁷</strong></span> <span class='ocrx_word' id='word_1_775' title='bbox 3419 5784 3521 5851; x_wconf 76' lang='lat' dir='ltr'>Aq-</span> 
     </span>
    </p>
   </div>
  </div>
