4050 6434
537 440 673 504 1307

1663 437 1919 498 PHUTU
1961 436 2463 498 PATRIARCHA!
2508 438 2620 501 CP.

3655 438 3785 506 1308

536 555 846 609 libertatem
905 551 1173 622 integram
1223 550 1690 607 conservavimus.
1753 550 1910 605 Nunc
1958 549 2104 605 enim

2224 566 2302 619 (pl.
2334 548 2430 603 νῦν
2472 550 2573 622 τήν
2623 549 2936 622 ἐλευθερίαν
2977 552 3024 587 ⁹⁹
3072 552 3501 625 διετηρήσαμεν.
3546 552 3779 624 Δόξομεν

534 655 731 715 sponte
780 643 1183 700 calamitatibus
1215 642 1388 713 premi
1443 642 1580 696 velle
1633 642 1961 708 videbimur,
2015 656 2115 697 nec

536 735 771 805 Philippi
806 734 1092 804 imperium
1116 733 1446 796 detrectare,
1486 731 1576 801 qui
1603 729 1669 784 ad
1714 729 1978 785 barbaros
2005 731 2116 798 pri-

538 842 685 881 mum
720 840 1035 890 conversus,
1067 833 1122 880 et
1178 833 1345 880 totam
1392 822 1501 876 illic
1533 821 1814 891 regionem
1872 820 2115 891 depopu-

538 919 679 985 lans,
714 918 910 972 deinde
943 918 1012 972 ad
1043 916 1221 973 vicina
1256 916 1375 970 urbi
1399 925 1621 978 nostra},
1658 911 1869 981 totique
1891 912 2115 968 θηεῖτο

537 1008 653 1062 loca
690 1008 1047 1075 undecunque
1076 1023 1175 1062 nos
1199 1005 1464 1062 infestans
1493 1005 1799 1075 descendit,
1826 1018 2115 1062 venatores

540 1099 717 1154 hacin
750 1114 807 1155 re
837 1099 1066 1154 callidos
1087 1098 1353 1165 imitatus,
1390 1098 1481 1166 qui
1526 1113 1591 1154 eo
1622 1109 1869 1168 tempore
1898 1104 2113 1153 tantum

539 1190 671 1245 feris
724 1199 973 1260 parcunt,
1022 1206 1129 1260 quo
1155 1206 1213 1246 se
1241 1192 1308 1244 ad
1354 1192 1659 1246 venandum
1737 1190 1911 1261 magis
1958 1206 2112 1247 com-

540 1290 755 1349 parant.
788 1280 932 1337 Nihil
990 1292 1167 1338 tamen
1226 1283 1382 1337 nobis
1423 1292 1482 1337 ut
1530 1283 1688 1339 victis
1743 1283 1966 1354 eripuit,
2016 1296 2117 1337 nec

541 1373 950 1441 Peloponnesus
1011 1370 1274 1443 perfossa,
1310 1387 1485 1443 neque
1530 1374 1684 1429 ruina
1728 1374 2113 1441 Pbocensium,

542 1480 716 1537 neque
746 1464 955 1520 Euboea
1011 1479 1137 1519 cum
1206 1462 1484 1518 Medorum
1545 1466 1764 1533 tropaais
1828 1466 2117 1537 tyrannide

538 1572 817 1627 oppressa,
848 1571 947 1611 nec
982 1555 1218 1611 Arcadia
1273 1557 1327 1611 in
1364 1560 1682 1613 servitutem
1735 1559 1979 1623 redacta,
2016 1573 2117 1613 nec

541 1647 669 1702 Elea
717 1645 955 1713 fortuna,
990 1661 1091 1702 nec
1119 1655 1365 1701 nostrum
1401 1647 1687 1715 imperium
1712 1648 1891 1716 coegit
1922 1648 2118 1701 immu-

542 1748 681 1792 tare.
718 1737 858 1803 Quin
885 1749 940 1792 et
971 1744 1231 1792 tentatam
1265 1737 1665 1792 Chersonesum
1706 1738 2110 1808 cognoscimus,

538 1836 594 1883 ct
647 1829 1054 1899 Hellespontum
1114 1829 1395 1885 inimicum
1450 1829 1789 1885 habebimus.
1824 1830 2112 1896 Quaenam.

538 1919 788 1987 obsecro,
825 1920 1018 1989 pestis,
1066 1928 1161 1973 aut
1198 1929 1540 1975 terraemotus
1593 1930 1669 1975 tot
1717 1919 1966 1974 civitates
2017 1934 2115 1973 ex-

540 2008 788 2072 iuanivil,
818 2018 890 2064 tot
924 2009 1171 2065 nationes
1189 2009 1404 2074 evertit,
1433 2023 1497 2064 ac
1537 2009 1789 2079 perdidit,
1821 2018 1949 2079 quot
1997 2009 2113 2077 ipse

539 2100 840 2170 Philippus,
892 2099 1118 2171 eiusque
1163 2099 1455 2169 tempora?
1505 2099 1681 2154 Probe
1745 2101 1887 2155 enim
1956 2099 2119 2154 scivit

541 2190 678 2255 fore,
712 2192 755 2245 si
803 2194 925 2261 quis
960 2191 1306 2246 Demostheni
1327 2190 1737 2255 auscultaverit,
1767 2190 1903 2244 nihil
1926 2204 1985 2244 se
2014 2205 2117 2243 un—

541 2301 705 2355 quam
741 2286 845 2341 hoc
896 2287 1222 2357 impediente
1255 2287 1538 2356 consequi,
1590 2300 1689 2340 nec
1739 2300 1953 2351 eorum,
2000 2300 2121 2353 qua:

543 2379 729 2444 habet,
763 2380 1062 2448 quidquam
1089 2393 1357 2446 occupare
1388 2392 1567 2448 posse.
1608 2377 1718 2432 Nec
1752 2378 1891 2434 dona
1938 2378 2116 2431 solum

546 2471 643 2524 dat
672 2473 738 2525 ad
788 2470 951 2526 urbes
986 2470 1433 2539 corrumpendas,
1489 2470 1826 2541 proditorum
1878 2469 2121 2525 consiliis

542 2564 831 2626 excitatus,
863 2577 1038 2632 neque
1091 2561 1265 2617 solum
1296 2563 1515 2632 praemia
1549 2577 1650 2632 pro
1694 2563 1870 2632 patria
1930 2571 2115 2615 nostra

543 2656 816 2726 proponit,
849 2671 1024 2726 neque
1041 2656 1202 2710 modo
1226 2654 1278 2708 in
1302 2655 1552 2724 populum
1581 2654 1856 2724 improbos
1878 2652 2119 2721 inducit;

543 2751 640 2805 sed
676 2749 731 2805 in
762 2757 1006 2805 oratores
1030 2763 1091 2803 ac
1121 2748 1369 2802 rhetores
1401 2746 1553 2801 dolos
1607 2744 1951 2800 machinatus
2010 2753 2118 2812 est,

546 2854 711 2907 quam
746 2853 856 2893 rem
906 2853 1095 2893 omnes
1140 2837 1264 2893 festi
1293 2837 1431 2903 loco,
1469 2851 1535 2892 ac
1584 2836 1753 2891 veluti
1818 2836 2121 2907 panegyrin

546 2931 839 2995 duxerunt,
878 2937 990 2981 tum
1014 2926 1104 2981 ille
1137 2941 1243 2982 non
1267 2928 1470 2992 verbis,
1502 2927 1597 2982 sed
1630 2942 1781 2982 more
1826 2941 1926 2982 suo
1956 2927 2123 2980 tacite

546 3020 713 3089 coepit
746 3034 963 3076 nocere.
1002 3019 1314 3089 lmponebat
1343 3019 1544 3074 etenim
1577 3019 1711 3073 mari
1750 3029 1950 3075 terram
1985 3015 2123 3089 (3f),

546 3126 820 3183 superque
850 3113 1057 3167 medios
1092 3119 1301 3167 montes
1337 3111 1649 3183 navigabat,
1691 3121 1958 3181 terraeque
2010 3112 2126 3163 vice

2214 642 2323 713 γὰρ
2355 642 2575 707 ἑκόντες
2604 643 2704 715 ήδη
2736 646 2832 697 καὶ
2858 644 2959 698 ούκ
3001 644 3229 710 ἄκοντες
3265 647 3551 718 δυστυχεῖν
3595 664 3656 699 τε
3702 649 3788 701 καὶ

2217 733 2619 805 ύποδεὸλῆσθαι
2668 734 2943 806 Φιλίππῳ.
2989 736 3049 790 '0
3080 737 3137 791 δὲ
3182 739 3275 791 ἐπὶ
3318 740 3443 801 τοὺς
3482 737 3789 809 βαρϐάρους
3869 798 3879 810 ,

2216 824 2488 895 ἐτράπετο
2528 826 2817 897 πρότερον,
2857 828 2953 880 καὶ
2974 826 3072 899 τήν
3118 828 3237 881 ὲκεῖ
3282 826 3531 891 κενώσας
3569 828 3791 897 ήπειρεν

2216 916 2311 971 ἐπὶ
2355 916 2424 970 τὰ
2480 916 2671 987 καίρια
2708 916 2848 988 μέρη
2898 916 3089 971 λοιπὸν
3117 921 3218 989 τῆς
3268 920 3479 981 πόλεως
3535 919 3636 972 καὶ
3691 918 3789 971 τῶν

2228 1005 2499 1077 Ἑλλήνων
2533 1005 2785 1075 ἐφέρετο,
2822 1007 3160 1077 πανταχόθεν
3208 1010 3358 1078 ἡμεῖς
3400 1007 3790 1078 περιστοιχιζό-

2220 1113 2381 1167 μενος
2424 1094 2568 1150 κατὰ
2603 1097 2735 1160 τοὺς
2772 1097 2981 1162 δεινοὺς
3010 1099 3118 1152 τῶν
3148 1099 3422 1169 θηρατῶν,
3463 1099 3517 1152 οἳ
3546 1099 3790 1154 τοσοῦτον

2217 1187 2491 1257 φείδονται
2525 1185 2638 1242 τῶν
2668 1188 2874 1259 θηρίων
2902 1190 3116 1260 χρόνον,
3162 1190 3288 1243 ὅσον
3333 1191 3414 1244 ἔτι
3442 1194 3789 1259 παρασκευά·

2217 1278 2420 1343 ζονται.
2463 1279 2716 1351 Ἐκίνησε
2760 1280 2818 1334 δὲ
2853 1282 3003 1351 ἡμᾶς
3054 1281 3205 1335 οὐδὲν
3239 1282 3361 1336 οὐδὲ
3410 1282 3788 1337 ἀντιλαϐέσθαι

2216 1371 2327 1426 τῶν
2358 1373 2700 1445 πραγμάτων
2728 1372 3064 1443 ἠνάγκασεν,
3091 1373 3153 1427 ού
3178 1374 3573 1445 διορυττομένη
3597 1376 3614 1406 ⁸
3641 1375 3789 1427 Πελο-

2220 1462 2507 1533 πόννησος,
2559 1463 2620 1515 ού
2648 1461 2711 1516 τὸ
2755 1462 2957 1533 πτῶμα
3016 1463 3079 1515 τὸ
3132 1463 3403 1530 Φωκικὸν,
3455 1465 3560 1517 οὐκ
3599 1463 3788 1517 Εὔϐοια

2222 1555 2363 1624 μετὰ
2390 1553 2499 1606 τῶν
2525 1555 2801 1625 τροπαίων
2829 1553 2938 1606 τῶν
2962 1551 3225 1624 Μηδικῶν
3244 1554 3684 1625 τυραννουμένη.
3706 1557 3791 1608 οὐκ

2232 1645 2492 1717 Ἀρκαδία
2540 1645 2890 1711 δουλεύουσα,
2935 1645 2996 1699 ού
3044 1645 3114 1699 τά
3155 1645 3342 1701 Ἠλεῖα
3367 1647 3387 1677 ⁸
3432 1647 3787 1716 ἀτυχήματα·

2220 1737 2359 1791 ἀλλὰ
2408 1737 2504 1790 καὶ
2532 1737 2879 1808 Χερρόνησον
2914 1736 3320 1809 πειραζομένην
3367 1738 3681 1807 ἐπείδομεν.
3710 1741 3790 1791 καὶ

2220 1829 2309 1883 τὸν
2323 1828 2713 1900 Ἑλλήσποντον
2729 1828 3008 1900 άλλοτριού
3017 1847 3183 1899 μενον
3211 1830 3441 1901 ὁρῶντες
3470 1831 3497 1882 ὲ
3507 1829 3787 1899 μέλλομεν.

2219 1922 2315 1986 Τίς
2348 1922 2454 1993 γὰρ
2485 1921 2729 1991 λοιμὸςῆ
2772 1921 2996 1991 σεισμὸς
3026 1920 3295 1985 τοσαύτας
3321 1921 3506 1984 πόλεις
3535 1920 3789 1974 ἐκένωσεν

2218 2014 2254 2086 ἢ
2290 2014 2529 2069 τοσαῦτα
2566 2013 2696 2084 γένη
2729 2012 3031 2084 ἀνθρώπων
3062 2013 3296 2085 ἠφάνισε
3346 2014 3444 2066 καὶ
3479 2013 3805 2076 κατέδυσενν

2219 2106 2321 2159 ὅσα
2355 2105 2622 2169 Φίλιππος
2645 2104 2743 2159 καὶ
2761 2107 2789 2159 ὁ
2811 2105 3078 2160 Φιλίππου
3112 2107 3336 2176 χρόνος;
3366 2100 3491 2160 Οῐδε
3516 2106 3625 2175 γὰρ
3648 2106 3792 2174 ἀκριο

2223 2196 2356 2263 σῶς,
2393 2191 2469 2250 ὧν
2506 2213 2567 2249 τε
2605 2196 2831 2267 μηδέπω
2861 2196 2992 2270 [575
3020 2196 3114 2271 Η.]
3158 2198 3443 2269 τυγχάνει,
3485 2180 3789 2252 διάτοῦτον

2221 2288 2721 2359 ἀποστερούμενος,
2758 2290 2855 2341 καὶ
2902 2285 2977 2343 ὧν
3008 2289 3121 2361 ἔχει
3169 2290 3337 2361 μηδὲν
3372 2290 3439 2344 ἂν
3464 2289 3649 2344 λαόὼν
3672 2290 3713 2353 ³,
3748 2290 3790 2343 εί

2222 2378 2648 2449 συμϐουλεύοντι
2678 2378 3010 2449 Δημοσθένει
3060 2397 3143 2443 τις
3173 2381 3446 2434 ἐπείθετο.
3486 2379 3620 2433 υύδὲ
3659 2380 3789 2432 κατα

2223 2470 2332 2523 τῶν
2382 2470 2590 2524 πόλεων
2633 2469 2793 2540 μόνον
2813 2469 2835 2502 δ
2872 2471 3166 2541 δωροδοκεῖ
3217 2474 3335 2533 ταῖς
3388 2470 3500 2523 τῶν
3533 2468 3792 2540 προδοτῶν

2222 2560 2532 2632 ἐπηρμένος
2569 2560 2818 2632 γνώμαις
2848 2564 2877 2616 ὁ
2903 2563 3190 2630 Φίλιππος,
3225 2564 3346 2617 οὐδὲ
3388 2560 3527 2617 ἆθλα
3566 2563 3667 2615 τῶν
3696 2580 3789 2615 πα-

2220 2652 2419 2723 τρίδων
2451 2652 2797 2723 προτίθησιν,
2846 2652 2967 2706 οὐδὲ
3006 2654 3147 2708 κατὰ
3194 2653 3302 2707 τῶν
3350 2653 3542 2724 δήμων
3593 2651 3791 2715 ὁπλὶζει

2222 2748 2349 2809 τοὺς
2370 2746 2702 2817 άλάστοραςυ
2730 2745 2846 2799 ἀλλ’
2869 2746 2963 2800 ἐπὶ
2997 2747 3121 2811 τοὺς
3151 2747 3412 2818 ῥήτορας,
3435 2746 3530 2799 ἐπὶ
3556 2746 3675 2809 τοὺς
3702 2745 3791 2813 δη-

2228 2836 2521 2909 μαγωγοὺς
2557 2837 2879 2908 μετενήνοχε
2909 2837 2969 2891 τὸ
3001 2838 3321 2908 μηχάνημα.
3361 2837 3523 2891 Ἀλλὰ
3552 2837 3643 2890 καὶ
3676 2838 3794 2889 τούο

2224 2928 2438 2985 ναντίον
2456 2929 2648 3002 ἑορτὴν
2670 2924 2917 2982 εἶναικαὶ
2937 2931 3243 3000 πανήγυριν
3263 2930 3480 2998 ἐκείνην
3497 2931 3594 3001 τὴν
3611 2930 3794 3000 πρᾶξιν

2226 3019 2466 3082 ἅπαντες
2490 3018 2905 3089 ἐνομοθέτησαν.
2934 3019 3067 3073 Τότε
3102 3021 3310 3084 ἐκεῖνος
3348 3023 3678 3091 παρανομεῖν
3701 3022 3796 3073 οὐκ

2225 3110 2337 3167 ἀπὸ
2361 3112 2645 3182 ῥημάτων,
2669 3111 2785 3165 ἀλλ’
2809 3111 2919 3165 ἀπὸ
2944 3112 3043 3182 τῆς
3065 3111 3280 3181 φύσεως
3303 3112 3519 3184 ἦρχετο.
3540 3112 3795 3166 Ἐπετίθει

547 3207 709 3271 mari,
758 3207 1034 3275 marisque
1094 3205 1215 3262 loco
1262 3218 1407 3262 terra
1445 3209 1714 3272 utebatur,
1743 3217 1796 3262 et
1880 3206 2010 3262 urbs
2066 3207 2119 3260 in

2229 3206 2338 3277 γὰρ
2370 3204 2611 3277 θαλάττῃ
2636 3204 2732 3276 μὲν
2762 3205 3012 3275 ήπειρον,
3037 3203 3258 3275 δι’όρῶν
3275 3203 3330 3257 δὲ
3358 3204 3542 3274 μέσων
3564 3204 3795 3257 ἐναυτίλ-

549 3298 800 3352 triremes
828 3312 925 3367 pro
958 3295 1137 3351 Attica
1177 3297 1510 3368 demigrans,
1547 3298 1730 3351 omnia
1787 3310 2127 3367 quacunque

547 3387 603 3441 in
639 3386 853 3456 palatiis
875 3385 1072 3451 solent,
1094 3401 1256 3456 super
1283 3402 1475 3455 aquam
1509 3386 1774 3441 exhibuit.
1812 3386 1926 3441 Non
1944 3387 2127 3441 Mace-

548 3479 716 3533 dones
751 3477 1388 3545 linibusinsistnntsuis,
1429 3479 1579 3546 prius
1630 3478 1843 3533 scilicet
1888 3479 2127 3535 clemen-

550 3578 634 3626 ter
657 3570 865 3625 exactis
898 3568 1116 3625 tributis
1150 3586 1179 3623 a
1216 3571 1374 3626 nobis
1398 3572 1732 3637 conservati,
1786 3572 1880 3627 sed
1930 3580 2125 3628 exacta

552 3661 777 3717 civitate
826 3671 1009 3715 nostra
1060 3676 1127 3716 ex
1179 3663 1430 3731 imperio,
1494 3664 1833 3732 irrepserunt
1890 3664 1942 3719 in
2000 3680 2123 3721 eum

552 3754 753 3820 locum,
811 3768 970 3825 quem
1025 3754 1182 3810 nobis
1243 3755 1478 3826 majores
1540 3757 1717 3812 nostri
1770 3756 2124 3829 reliquerunt.

552 3847 812 3911 Quanam
859 3843 1169 3916 Philippum
1214 3843 1302 3901 lex
1349 3847 1415 3899 ad
1444 3862 1593 3902 mare
1649 3848 1825 3914 duxit,
1863 3859 1917 3904 et
1991 3850 2125 3905 illud

549 3936 879 3993 elementum
911 3938 1227 4009 contingere
1254 3938 1451 4007 coegit,
1470 3938 1555 3993 cui
1582 3954 1689 3993 non
1719 3941 1948 4012 multum
1968 3941 2129 3996 dissi-

552 4031 699 4086 milis
715 4030 836 4085 est?
856 4029 1080 4097 Quando
1096 4031 1314 4101 quidem
1332 4031 1474 4085 enim
1502 4030 1611 4093 lex,
1630 4039 1686 4085 et
1706 4046 1885 4086 rerum
1910 4032 2127 4087 occasio

557 4128 698 4181 idem
732 4126 1029 4195 postulant,
1062 4124 1300 4178 utilitate
1353 4123 1612 4178 incitatus
1653 4125 1871 4194 utrique
1921 4139 2125 4178 morem

552 4229 758 4286 geram,
794 4216 1013 4284 quando
1043 4213 1189 4268 aliud
1225 4228 1354 4268 usus
1406 4227 1503 4267 seu
1528 4213 1766 4277 occasio,
1797 4213 1941 4268 aliud
1984 4214 2129 4283 leges

553 4306 802 4362 suadent.
853 4303 1050 4377 354a
1080 4303 1347 4361 ()mittens
1382 4303 1514 4374 legis
1566 4303 1730 4358 verba
1762 4343 1777 4369 ,
1832 4304 2126 4359 utilitatem

2232 3300 2373 3364 λετο,
2392 3297 2631 3370 θαλάττῃ
2650 3298 2746 3368 μὲν
2759 3299 2859 3352 ὅσα
2870 3298 2964 3368 γῇ,
2979 3300 3049 3369 γῇ
3066 3296 3121 3349 δὲ
3137 3298 3235 3349 ὅσα
3254 3295 3491 3368 θαλάττῃ
3508 3296 3749 3366 χρώμενο
3760 3315 3793 3355 7.

2232 3394 2342 3449 Καὶ
2392 3392 2492 3456 τὰς
2528 3392 2771 3462 τριήρεις
2801 3389 2923 3442 ἀντὶ
2943 3389 3041 3459 τῆς
3082 3387 3335 3457 Ἀττικῆς
3371 3388 3790 3458 μετοικήσασα³,

2235 3483 2398 3559 [1077
2430 3482 2522 3557 IL]
2574 3485 2670 3537 καὶ
2715 3482 2892 3535 πάντα
2928 3481 3031 3535 ὅσα
3068 3481 3128 3533 ὲν
3179 3480 3523 3551 ἀνακτόροις,
3573 3480 3660 3531 ἐπὶ
3704 3480 3795 3549 τῆς

2234 3579 2504 3647 θαλάττης
2530 3578 2564 3647 ή
2597 3574 2752 3638 πόλις
2782 3573 3069 3644 ἔπραττεν.
3102 3571 3179 3625 Οὐ
3210 3571 3232 3603 ⁸
3267 3571 3579 3633 Μακεδόνες
3619 3572 3794 3622 ἐπιπο-

2231 3670 2453 3734 λάζουσι
2475 3669 2587 3732 τοῖς
2617 3667 2959 3738 πράγμασιν,
2987 3666 3037 3718 oi
3066 3663 3302 3735 πρόσθεν
3337 3664 3638 3734 ἀγαπητῶς
3673 3666 3795 3735 μετὰ

2233 3760 2342 3815 τῶν
2370 3758 2552 3829 φόρων
2593 3756 2892 3827 σωζόμενοι
2916 3773 2929 3823 ;
2961 3755 3358 3827 Παρωσάμενοι
3384 3754 3444 3809 δὲ
3468 3756 3570 3825 τῆς
3597 3758 3754 3826 ἀρχῆς
3774 3755 3791 3784 τ

2234 3851 2334 3923 τὴν
2373 3849 2649 3922 ἡμετέραν
2684 3848 2839 3902 πόλιν
2873 3848 3029 3901 αὐτοὶ
3070 3846 3385 3917 παρέδυσαν
3415 3848 3496 3910 εἰς
3525 3847 3625 3916 τὴν
3660 3846 3795 3911 τάξιν

2235 3943 2473 4013 ἐκείνην,
2514 3942 2599 4011 ἐφ’
2630 3934 2697 4011 ἦς
2726 3939 2748 3972 ³
2787 3940 2937 4011 ἡμᾶς
2975 3939 3024 3993 οἱ
3054 3938 3313 4010 πρόγονοι
3361 3938 3674 3993 κατέλιπον.
3709 3940 3794 4001 Τίς

2235 4035 2398 4107 νόμος
2422 4037 2443 4068 θ
2471 4034 2786 4105 κατήγαγεν
2821 4032 2913 4085 ἐπὶ
2945 4030 3215 4085 θάλατταν
3246 4031 3512 4085 Φίλιππον
3549 4032 3639 4084 καὶ
3669 4047 3794 4083 στοι-

2235 4127 2383 4198 χείου
2439 4125 2605 4196 μηδὲν
2640 4123 2790 4194 αὐτῷ
2840 4122 3191 4195 διαφέροντος
3244 4123 3632 4194 προσάψασθαι
3680 4140 3795 4174 κατ-

2234 4217 2585 4288 ηνάγκασεν;
2633 4214 2805 4268 Ὅταν
2876 4213 2974 4284 μὲν
3033 4213 3142 4283 γὰρ
3194 4211 3264 4266 τὰ
3315 4212 3456 4266 αὑτά
3518 4210 3795 4265 κελεύωσιν

2235 4308 2264 4361 δ
2300 4324 2358 4361 τε
2399 4306 2561 4376 νόμος
2589 4305 2681 4358 καὶ
2725 4304 2754 4356 ὁ
2796 4301 2904 4356 τῶν
2957 4302 3301 4374 πραγμάτων
3350 4302 3546 4372 καιρὸς
3571 4343 3586 4367 ,
3634 4303 3792 4371 ἀμφο-

551 4410 770 4466 sequor.
814 4395 880 4450 Et
904 4397 1026 4466 quis
1053 4406 1296 4450 vestrum
1327 4395 1558 4464 ignorat,
1596 4394 1870 4465 quomodo
1893 4396 1968 4450 illi
1993 4396 2119 4451 olim

2235 4396 2414 4469 τέροις
2443 4396 2530 4449 διὰ
2584 4397 2644 4448 τὸ
2685 4392 2963 4464 συμφέρον
3002 4392 3262 4462 πείθομαι
3292 4410 3307 4425 ο
3334 4392 3464 4445 ὅταν
3486 4393 3546 4446 δὲ
3580 4393 3622 4423 ¹⁶
3651 4391 3796 4461 ἔτερα

555 4488 757 4544 nostris
786 4487 1186 4557 legislatoribus
1216 4487 1399 4542 valere
1427 4486 1615 4557 jussis,
1654 4496 1707 4541 et
1746 4486 1965 4551 Solone,
1997 4487 2119 4540 Dra-

2239 4489 2339 4560 μὲν
2395 4490 2429 4557 ή
2482 4486 2659 4559 χρεία,
2710 4487 2875 4555 ἔτερα
2913 4485 2971 4538 δὲ
3020 4487 3068 4538 οἱ
3103 4484 3256 4556 νόμοι
3287 4483 3539 4555 φράζωσι
3570 4486 3633 4550 ¹¹,
3673 4502 3799 4555 παρ-

552 4594 710 4646 cone,
735 4579 966 4649 aliisque
999 4579 1249 4633 omnibus
1282 4576 1541 4648 neglectis
1562 4618 1577 4643 ,
1610 4577 1960 4633 Macedonum
1998 4578 2119 4633 Phi-

2238 4585 2319 4648 εὶς
2368 4581 2588 4636 ἀκούειν
2627 4580 2735 4633 τῶν
2786 4577 3065 4633 συλλαϐῶν
3130 4578 3410 4632 άκολουθῶ
3464 4578 3545 4649 τῷ
3604 4578 3796 4647 συμφέ-

554 4672 793 4742 lippique
837 4671 1153 4736 amicitiam,
1200 4669 1331 4739 legis
1383 4669 1524 4734 loco,
1579 4679 1635 4725 et
1679 4670 1889 4740 patriae,
1936 4670 2119 4740 reique

2230 4691 2399 4748 ροντι.
2432 4673 2542 4725 Καὶ
2569 4671 2654 4734 τίς
2700 4670 2802 4724 οὐκ
2841 4665 2979 4723 οἶδεν
3014 4669 3089 4733 ὡς
3116 4670 3311 4722 ἐκεῖνοι
3353 4668 3524 4722 πάλαι
3546 4671 3655 4730 τοῖς
3680 4667 3797 4736 παρ’

556 4765 806 4832 pretiosae
835 4763 1133 4818 duxerint?
1164 4761 1387 4816 Infamia
1429 4768 1673 4816 notatum
1708 4778 1736 4815 a
1763 4762 1871 4831 Deo
1907 4760 2030 4834 [pro
2066 4762 2119 4815 in

2230 4763 2453 4837 ήμῶν¹¹
2483 4760 2803 4833 νομοθέταις
2843 4759 3118 4832 ὲρρῶσθαι
3140 4760 3471 4831 φράσαντες,
3513 4758 3608 4812 καὶ
3645 4756 3797 4812 πολλά

552 4855 800 4911 columna
860 4853 1310 4927 triumphantem]
1364 4858 1434 4909 ob
1482 4870 1545 4910 ea
1599 4870 1719 4925 qua:
1766 4870 1929 4910 ausus
2000 4854 2119 4909 fuit.

2237 4856 2455 4929 χαίρειν
2480 4853 2523 4886 ¹⁸
2563 4852 2761 4906 Σόλωνι
2810 4853 2904 4906 καὶ
2940 4852 3205 4923 Δράκοντι
3240 4850 3337 4905 καὶ
3369 4852 3482 4913 τοῖς
3530 4850 3701 4912 ἄλλοις
3726 4849 3796 4901 εί-

553 4948 876 5017 Suspectum
906 4949 1078 5004 habeo
1123 4947 1463 5004 1Es'chinem.
1497 4946 1703 5003 Turbat
1731 4949 1873 5002 enim
1921 4962 2008 5002 me
2035 4963 2119 5003 co-

2244 4948 2440 5011 πόντες
2494 4945 2692 5011 ἅπασι,
2723 4944 2785 4999 τὸ
2833 4944 3203 4999 Μακεδονικὸν
3253 4943 3480 5015 χρυσίον
3514 4943 3559 4975 ⁸⁸
3596 4942 3684 4996 καὶ
3709 4943 3795 5009 τήν

558 5040 758 5095 ηιωάἱιι
783 5039 1099 5107 Phoeensis,
1134 5055 1293 5109 quam
1331 5042 1486 5095 nobis
1516 5054 1622 5095 non
1658 5039 1709 5094 in
1740 5055 1900 5095 scena
1935 5039 2119 5095 adum-

2241 5040 2513 5094 Φιλίππου
2545 5038 2726 5109 φιλίαν
2754 5038 2953 5107 νόμους
2977 5036 3070 5090 καὶ
3095 5036 3332 5106 πατρίδα
3354 5036 3448 5089 καὶ
3472 5035 3736 5090 πολιτείαν
3760 5034 3796 5065 ¹⁸

556 5135 746 5203 brate,
787 5132 885 5189 sed
944 5135 1118 5203 reipsa
1179 5135 1429 5205 egregius
1493 5133 1584 5189 ille
1645 5132 1879 5198 histrio,
1947 5134 2119 5187 tertia:

2245 5136 2339 5190 ml.
2370 5135 2547 5189 πάντα
2573 5132 2643 5185 τὰ
2678 5130 2985 5202 τιμιώτατα
3034 5128 3315 5199 νομίζουσι
3336 5145 3351 5193 ;
3376 5128 3639 5200 Στηλίτην
3665 5124 3799 5193 παρὰ

554 5235 738 5299 partes
766 5231 991 5282 sortitus
1037 5228 1306 5284 exhibuit.
1344 5228 1727 5283 Verumtamen
1756 5242 1880 5283 cum
1916 5228 2030 5281 hac
2058 5227 2119 5280 ita

2239 5226 2317 5299 τῷ
2346 5225 2467 5298 Θεῷ
2488 5224 2771 5296 γινόμενον
2796 5222 2919 5277 ἀντὶ
2944 5220 3036 5275 τοῦ
3063 5222 3122 5274 έν
3153 5220 3327 5291 στήλῃ
3354 5218 3798 5291 θριαμϐευόμενον

1870 5363 2106 5419 varum
2142 5352 2551 5420 LECTIONES.

628 5481 673 5563 ’τ
697 5482 798 5554 τὴν
823 5480 1140 5563 ιλευιερίαν
1161 5481 1561 5563 αη.ιεάκέεει.ιον
1590 5480 1825 5563 venits-
1903 5480 2340 5563 ’.ξιορυσσομέγη
2374 5478 2435 5536 Βο
2510 5478 2716 5563 ’Ῐιλξῖα
2739 5473 2957 5563 θέειλῖι
2987 5467 3409 5563 salsissva
3436 5469 3786 5563 emissent:

555 5551 575 5584 ⁵
607 5535 782 5622 μόνων
812 5552 879 5605 Α.
965 5553 987 5585 ⁸
1021 5535 1390 5622 μετοικήσασα
1408 5535 1824 5622 Wernsdorlitis
1863 5568 1877 5605 :
1922 5535 2049 5606 libri
2090 5535 2508 5622 pstotxic'aaz.”
2553 5535 2684 5619 ⁸ὀύ]
2719 5547 2769 5599 οἱ
2887 5616 2899 5622 _
2933 5535 3408 5622 "'ﬁrfxﬁclfﬁxjﬁ:
3430 5546 3503 5622 Α..
3570 5542 3591 5571 ⁸
3624 5535 3684 5622 ἧς
3711 5542 3752 5590 Α
3785 5556 3795 5590 ε

556 5561 575 5584 '
607 5561 782 5622 μόνων
812 5561 879 5605 A.
965 5561 987 5585 '
1022 5561 1390 5622 μετοικήσασα
1425 5561 1824 5606 Wernsdortlns
1863 5568 1877 5605 :
1923 5561 2049 5606 libri
2090 5561 2462 5622 μετοικισασα.
2553 5561 2573 5580 '
2599 5561 2684 5619 ου]
2719 5561 2769 5599 οι
2795 5561 2855 5599 b.
2938 5561 2948 5575 '
2984 5561 3182 5667 αίίἔης]
3229 5561 3400 5623 sum;
3430 5561 3491 5594 Α.
3570 5561 3591 5571 ν
3624 5561 3684 5623 ης
3711 5561 3752 5590 Λ
3785 5561 3795 5590 ;

556 5622 624 5693 ᾕί
657 5638 717 5686 ς.
776 5623 817 5693 ,⁸
850 5622 1106 5692 νόμοςΑπ
1133 5622 1319 5693 νρμων
1342 5638 1402 5685 ς.
1437 5691 1446 5693 μ
1482 5622 1524 5653 ¹⁰
1558 5621 1615 5693 δὲ
1651 5635 1776 5677 ante
1804 5622 1966 5693 ἕτερα
1998 5624 2121 5677 add.
2158 5622 2221 5675 A.
2302 5622 2341 5652 ”
2377 5619 2723 5691 φράζουσις.
2804 5619 2846 5649 η
2877 5616 3007 5685 ἡμῖν
3085 5655 3097 5667 .
3179 5612 3221 5645 ⁸³
3247 5612 3417 5665 πολλὰ
3449 5610 3547 5681 μὲν
3577 5628 3713 5681 χαιρ.
3740 5624 3796 5671 ς.

563 5691 607 5725 ιδ
628 5691 848 5762 χρυσίον
867 5691 993 5747 add.
1013 5693 1078 5747 A.
1156 5692 1199 5725 “
1235 5692 1330 5745 καὶ
1364 5691 1639 5745 πολιτείαν
1671 5694 1792 5747 add.
1819 5692 1885 5748 Α.

2082 5782 2291 5841 ΝΟΤΑΞ

636 5880 750 5950 (3|)
781 5880 928 5938 Fort.
955 5882 1020 5939 de
1048 5880 1243 5938 Xerse.
