4050 6446
271 426 417 510 1309

1330 462 1851 523 BIBLIOTHECA.
1890 487 1963 498 -
1996 464 2160 524 COD.
2199 464 2506 525 CCXLI“.

3400 469 3538 535 1310

264 547 347 607 ὧν
377 556 695 649 ἐτόλμησεν.
737 560 1071 634 ’Υφορῶμαιη
1096 562 1393 638 Αίσχίνηνο
1432 569 1692 641 ταράττει
1736 572 1845 640 γάρ

1959 586 2007 626 se
2068 574 2284 637 habent,
2343 572 2613 628 hominem
2677 574 2787 632 risu
2830 578 3146 649 excipiunt,
3182 589 3237 637 et
3288 578 3539 635 Pisistra-

270 662 341 715 με
364 648 425 699 τὸ
454 649 642 719 δρᾶμα
671 652 731 705 τὸ
754 655 1021 722 Φωκικὸν,
1043 659 1181 730 ὅπερ
1210 661 1310 713 οὑκ
1339 662 1434 714 ἐπὶ
1461 662 1668 731 σκηνῆς
1694 664 1844 731 ἡμῖν,

266 738 389 792 ἀλλ’
441 742 535 795 ἐπὶ
560 743 661 812 τῆς
702 745 964 816 ἀληθείας
997 750 1169 820 αὑτῆς
1202 753 1231 805 ὁ
1267 753 1581 822 θαυμαστὸς
1618 754 1662 785 ¹⁶
1695 748 1853 817 οὗτος

267 835 709 907 τριταγωνιστὴς
751 837 1093 903 ἐπεδείξατο.
1139 842 1278 895 Ἀλλ’
1325 844 1477 913 ὅμως
1512 846 1606 897 καὶ
1646 844 1853 899 τούτων

269 920 447 989 οὕτως
474 926 728 998 ἐχόντων,
765 932 1151 1002 είρωνεύονται
1173 934 1266 988 τὸν
1299 934 1609 1006 ἄνθρωπον,
1639 938 1734 991 καὶ
1759 938 1852 991 τὸν

272 1012 668 1088 Πεισίστρατον
708 1021 970 1087 πολλάκις
1021 1025 1426 1097 παραφέρουσι,
1468 1028 1565 1082 καὶ
1607 1029 1710 1082 οὑκ
1764 1030 1851 1083 αί-

273 1105 564 1177 σχὺνονται
608 1112 704 1165 νῦν
744 1114 845 1184 μὲν
892 1116 973 1179 είς
1013 1116 1216 1171 δειλίαν
1251 1117 1346 1172 καὶ
1385 1120 1662 1189 μαλακίαν
1697 1119 1841 1173 σκώο

1958 671 2068 716 tum
2123 676 2495 734 saepenumero
2539 667 2833 734 appellant,
2887 686 3060 741 neque
3087 672 3439 739 erubescunt,
3476 681 3535 725 nt

1958 757 2208 825 ignavum
2241 765 2295 812 et
2328 757 2544 813 mollem
2568 762 2963 816 scommatihus
2982 773 3183 832 petere,
3214 779 3357 818 nunc
3371 765 3535 818 etiam

1960 854 2265 901 metuentes
2288 862 2355 903 ne
2382 849 2596 904 tandem
2643 851 2807 905 etiam
2843 853 3030 908 urbem
3053 856 3340 926 tyrannide
3358 856 3544 926 oppri-

1961 946 2093 1002 mat,
2124 954 2242 1005 qua:
2278 940 2513 995 maxime
2538 956 2567 995 a
2600 956 2661 996 se
2682 953 2870 998 mutuo
2888 942 3166 1000 differunt.
3194 946 3293 1012 Qui
3319 947 3541 1017 integris

1957 1027 2223 1085 classibus
2250 1032 2317 1085 ad
2351 1046 2501 1100 reges
2546 1050 2578 1089 e
2622 1034 2797 1089 Piraeo
2849 1020 3073 1091 delatus
3101 1046 3203 1092 est.
3259 1038 3385 1093 Haec
3420 1053 3543 1093 cor-

1958 1130 2214 1189 rumpunt
2244 1124 2654 1193 rempublicam,
2681 1126 2927 1195 Philippo
2948 1143 3075 1184 vero
3098 1131 3239 1183 viam
3266 1138 3536 1185 sternunt.

273 1216 523 1265 πτοντες,
554 1203 650 1258 νῦν
686 1205 742 1258 δὲ
777 1207 853 1278 μὴ
892 1210 1206 1282 τυραννήσῃ
1265 1211 1365 1282 τῆς
1402 1210 1613 1277 πόλεως
1649 1213 1880 1277 δεδιότες
1908 1227 1924 1242 ⁸
1956 1213 1993 1268 ἃ
2029 1215 2281 1269 πλεῖστον
2338 1216 2585 1288 ἀλλήλων
2632 1221 2985 1291 κεχώρισται.
3048 1220 3109 1275 '0
3142 1222 3347 1286 στόλοις
3395 1222 3540 1288 ὅλοις

272 1293 342 1348 ὲκ
383 1297 479 1352 τοῦ
526 1301 800 1374 Πειραιῶς
872 1308 965 1361 ἐπὶ
1014 1309 1139 1375 τοὺς
1183 1312 1483 1385 τυράννους
1528 1314 1886 1385 ἀναγόμενος.
1926 1314 2213 1387 Φθείρουσι
2243 1318 2343 1390 μὲν
2368 1319 2439 1374 τά
2469 1320 2598 1392 περὶ
2638 1321 2811 1384 αὑτὴν
2842 1320 2943 1391 τὴν
2981 1319 3134 1373 πόλιν
3160 1357 3177 1385 ,
3202 1317 3453 1391 Φιλίππῳ
3482 1319 3541 1373 δὲ

273 1391 583 1450 δδοποιοῦσι
613 1397 683 1453 τά
709 1399 1034 1472 πράγματα.

287 1525 387 1615 Ἐξ
420 1529 535 1615 τῆς
552 1531 820 1615 μελέτης
849 1528 890 1615 ἦ
917 1537 960 1569 ¹⁷
1006 1539 1397 1615 Δημοσθένην
1436 1544 1664 1615 εισὰγει
1703 1561 1860 1615 συμ-

892 1624 1021 1683 retr
1042 1610 1085 1641 ¹⁸
1111 1612 1436 1683 ΔΑἰσχίνην,
1470 1610 1674 1683 φήμης
1695 1610 1860 1681 livel-

348 1599 718 1656 ϐουλεύοντα
740 1599 851 1658 κατ

348 1683 468 1737 σης
493 1670 583 1724 ὅτι
616 1670 1004 1746 Ἀλέξανδρος
1032 1678 1174 1746 τοὺς
1213 1670 1489 1751 ςρἷηιάὄαξ
1520 1670 1784 1751 θὶὶιέᾶέει.

355 1782 546 1848 Ὀντος
571 1786 681 1856 γάρ
718 1788 983 1860 ἑκατέρου
1016 1792 1215 1860 δεινοῦ,
1248 1795 1464 1850 καὶτοῦ
1501 1798 1652 1853 λύειν
1676 1798 1857 1871 ψῆφον

1965 1541 2049 1595 Ea:
2078 1544 2314 1596 oratione
2340 1543 2394 1596 in
2441 1558 2544 1611 qua
2594 1538 2987 1596 Demosthenem
3034 1542 3236 1596 inducit
3292 1545 3355 1597 de
3396 1562 3540 1599 revo-

2031 1622 2203 1684 cando
2255 1611 2511 1666 ᾹΞεεΙιίηε
2552 1614 2984 1684 ponsultontem,
3062 1615 3272 1684 vulgato
3325 1631 3539 1670 rumore

2031 1680 2389 1737 Alexandrum
2411 1680 2617 1736 exsules
2652 1692 3038 1738 revocaturum.

2029 1796 2163 1851 Cum
2194 1805 2482 1866 utrumque
2512 1795 2772 1851 acerbum
2808 1796 2901 1863 sit,
2954 1806 3008 1852 et
3048 1796 3288 1852 edictmn
3337 1808 3532 1867 sponte

278 1871 508 1937 ἑκόντας
551 1876 769 1932 καὶτοῦ
808 1880 982 1934 ταῦτα
1014 1882 1306 1954 ὑπομεῖναι
1343 1887 1496 1957 παρά
1525 1888 1753 1961 γνώμην
1797 1891 1855 1958 ἐξ

1963 1887 2199 1949 solvere,
2240 1898 2294 1943 et
2323 1887 2436 1943 haec
2479 1888 2751 1943 sustinere
2797 1899 2995 1957 praeter
3062 1888 3391 1943 voluntatem
3451 1905 3519 1944 ex

273 1966 673 2037 ἐπιτάγματος,
689 1964 853 2042 ἦττον
883 1972 1106 2038 ἑκόντας
1135 1975 1306 2030 κακὸν
1333 1977 1429 2031 τοῦ
1452 1977 1599 2032 λύειν
1619 1980 1853 2045 ἄκοντας

274 2056 576 2129 ὑπείληφα.
613 2060 687 2113 To
722 2062 822 2131 μὲν
878 2063 989 2135 γὰρ
1021 2066 1298 2137 ἐνδέχεταί
1342 2086 1474 2123 ποτε
1530 2071 1624 2123 καὶ
1664 2071 1856 2139 φιλαν-

272 2147 527 2221 θρωπίας
581 2152 740 2221 δόξαν
772 2154 899 2226 [576
943 2155 1035 2229 Η.]
1072 2158 1290 2214 λαϐεῖν·
1323 2161 1373 2215 οί
1422 2162 1481 2215 δὲ
1520 2163 1727 2236 ἑτέροις
1754 2164 1858 2217 ὑπ-

271 2240 567 2307 ακούοντες
594 2243 694 2315 τὴν
721 2246 819 2315 μὲν
849 2248 1115 2319 αίσχύνην
1145 2251 1354 2306 ἑαυτῶν
1384 2252 1624 2321 ποιοῦσι,
1657 2255 1768 2310 τῶν
1794 2255 1853 2310 δὲ

273 2333 697 2402 προσταξάντων
723 2337 823 2407 τὴν
846 2337 1119 2395 εὔκλειαν.

344 2449 752 2515 Κοινολογεῖται
783 2454 881 2507 καὶ
907 2456 1045 2525 μετά
1068 2456 1218 2528 βῆμα
1248 2457 1559 2529 βασιλεῦσιν
1572 2463 1853 2535 Δίσχίνης,

273 2539 371 2592 καὶ
409 2540 549 2609 μετά
588 2541 960 2613 Κτησιφῶντα
989 2546 1083 2599 καὶ
1111 2546 1210 2617 τήν
1240 2548 1421 2619 φυγὴν
1448 2551 1746 2621 τυράννους
1774 2553 1855 2607 ἔτι

274 2629 724 2702 περιεργάζεται.
766 2635 1089 2707 Ἄνθρωπος
1115 2637 1214 2709 τὴν
1242 2638 1434 2693 οὐσίαν
1454 2641 1495 2673 ¹⁹
1528 2642 1656 2710 ὅλην
1686 2643 1857 2714 ὑπερ-

274 2720 529 2791 πηδήσας
572 2726 686 2787 τοῖς
716 2724 923 2791 ὅπλοις,
984 2730 1079 2781 καὶ
1119 2731 1185 2799 τῇ
1239 2728 1399 2798 φύσει
1440 2731 1486 2762 ³⁸
1534 2732 1856 2800 φιλονεικῶν

273 2814 465 2867 λοιπὸν
501 2815 579 2868 ὅτι
626 2816 919 2888 πολεμίους
969 2820 1043 2888 μὴ
1074 2821 1421 2892 κέκτηταιδί.
1457 2823 1538 2877 Δι’
1569 2823 1664 2889 οὓς
1711 2825 1855 2897 ήρθη

273 2905 534 2971 τοσοῦτος
566 2910 611 2941 ⁸³
649 2910 936 2973 Φίλιππος,
962 2911 1031 2966 δι’
1062 2911 1155 2976 οὓς
1195 2914 1359 2968 ἔπεσε
1404 2915 1474 2970 τά
1510 2916 1620 2969 τῶν
1665 2916 1855 2989 Ἐλλή-

274 3016 387 3051 νων
416 3001 740 3071 φρονήματα
762 3017 777 3032 °
827 3003 959 3073 παρ’
988 2996 1063 3058 ὧν
1106 3004 1411 3075 σύμμαχοι,
1442 3007 1620 3073 τόποι,
1648 3010 1853 3079 καιροὶ,

274 3092 431 3144 πᾶσα
453 3090 563 3145 τῶν
588 3093 841 3163 μεγάλων
861 3095 1299 3167 κατορθωμάτων
1319 3101 1350 3168 ή
1376 3100 1669 3170 πρόφασις.
1695 3102 1856 3157 Ἀλλά

268 3182 339 3237 τὸ
369 3185 469 3255 μὲν
500 3185 695 3258 Θηϐῶν
724 3188 895 3254 πάθος
934 3191 1273 3261 ὑπερεφώνει
1308 3193 1354 3224 ’³
1382 3196 1511 3257 τοὺς
1549 3195 1851 3265 Ἕλληνας*

289 3248 636 3347 Ἀλέξανδρος
667 3276 723 3331 δὲ
746 3278 846 3348 τὴν
874 3248 1151 3332 πόλιν-καὶ
1182 3280 1319 3350 μετά
1345 3248 1527 3349 θήϐανς
1561 3248 1850 3355 ᾐσχύνετο.
1880 3248 1925 3310 C

274 3367 473 3423 Καίτοι
510 3385 575 3437 γε
628 3364 744 3440 εῐχέ
796 3388 849 3424 τι
904 3372 1025 3425 τότε
1055 3375 1118 3443 τῇ
1166 3374 1317 3426 πόλει
1368 3374 1463 3427 καὶ
1504 3376 1850 3447 μέμψασθαιο

275 3460 443 3529 ἡμεῖς
471 3462 581 3531 γάρ
607 3461 862 3531 Θηϐαίων
893 3466 1167 3518 πεσόντων
1201 3463 1299 3537 τὴν
1332 3466 1555 3538 τελετὴν
1593 3469 1853 3523 ἀπεκλεί-

277 3568 478 3622 σαμεν,
507 3553 594 3606 ἴνα
626 3555 702 3624 μὴ
735 3556 848 3618 τοῖς
871 3554 1123 3625 Θηϐαίων
1156 3555 1377 3627 θρήνοις
1406 3558 1743 3630 άντιϐοῷμεν
1761 3562 1854 3615 τὸν

276 3642 490 3712 ἴακχον.
527 3643 738 3716 Ὠσπερ
770 3646 878 3716 γάρ
922 3644 1128 3712 ἀγαθοῦ
1193 3648 1453 3713 φανέντος
1492 3647 1586 3702 τοῦ
1631 3652 1855 3720 κομιζο-

281 3733 448 3802 μένου
478 3732 577 3805 τὴν
602 3736 764 3805 χάριν
796 3735 1039 3804 μεθέξειν
1065 3738 1098 3808 ἡ
1123 3737 1277 3801 πόλις
1297 3739 1358 3792 τὸ
1384 3740 1549 3810 μέρος
1578 3741 1675 3811 τῆς
1696 3742 1856 3813 δόξης

276 3824 536 3895 ήμελλεν,
574 3824 718 3879 οὑτω
747 3825 846 3891 τῆς
875 3827 1158 3899 αἰσχύνης,
1198 3829 1248 3881 εί
1290 3830 1525 3901 πονηρὸς
1554 3831 1601 3862 ’δ
1630 3831 1854 3900 ἐξηλέγ-

276 3932 428 3987 χετο.
458 3915 585 3971 Οὑτ*
617 3917 683 3971 ἂν
719 3919 908 3989 ἑτέρου
938 3921 1243 3991 γράφοντος
1282 3921 1377 3974 καὶ
1411 3922 1855 3992 παρανομοῦντος

276 4008 536 4078 ὲσίγησα.
559 4010 695 4063 ἀλλά
717 4010 1081 4081 προσδραμὼν
1112 4010 1179 4065 ἂν
1206 4010 1368 4082 [1080
1396 4010 1486 4084 IL]
1518 4012 1596 4082 τῷ
1625 4011 1852 4083 βήματι,

274 4098 368 4152 τὸν
398 4099 612 4153 Σόλωνα
657 4100 965 4171 κεκραγὼς,
1006 4101 1105 4171 τὴν
1154 4102 1427 4155 πολιτείαν
1462 4102 1851 4173 ἐπιϐοώμενος,

276 4194 355 4246 Οὐ
381 4193 529 4247 λύσω
553 4195 677 4257 τοὺς
706 4194 922 4263 νόμους,
949 4193 1015 4247 ἂν
1038 4194 1193 4265 ἔφην,
1217 4194 1337 4247 οὑδὲ
1360 4194 1588 4264 δέχομαι
1613 4195 1855 4265 φυγάδας

275 4286 338 4353 ἐξ
368 4286 764 4356 ἐπιτάγματος,
791 4284 911 4337 οὐδὲ
933 4284 1011 4354 τῷ
1030 4286 1262 4338 Φωκέων
1284 4285 1517 4356 αὐθέντῃ
1540 4285 1852 4351 κελεύοντος

278 4378 444 4433 ᾶλλου
468 4378 516 4410 ³⁸
547 4378 877 4448 σπένδομαι·
910 4377 1025 4430 ἀλλ’
1059 4378 1165 4441 ἕως
1206 4376 1274 4430 ἂν
1308 4376 1415 4448 ἔχω
1458 4376 1708 4447 λιμένας,
1749 4376 1855 4441 ἕως

279 4470 499 4542 ἡλικίαν
531 4471 906 4540 ἀκμάζουσαν,
941 4469 1046 4531 ἕως
1090 4468 1309 4539 ἀριθμῶ
1341 4469 1409 4521 τά
1453 4470 1714 4539 τρόπαια,
1748 4469 1855 4532 ἕως

284 4563 385 4633 μία
406 4563 452 4595 ¹⁶
480 4562 609 4631 γοῦν
643 4565 706 4615 ἐκ
749 4561 1021 4632 Πειραιῶς
1059 4561 1139 4613 ἐτι
1172 4561 1408 4631 τριήρης
1467 4560 1749 4628 ἀνάγεται,
1789 4560 1851 4613 οὑ

282 4656 546 4727 προῖεμαι
589 4654 715 4717 τοὺς
755 4654 971 4722 νόμους,
1023 4652 1144 4705 οὑδὲ
1187 4652 1285 4720 τῆς
1317 4651 1591 4715 πολιτείας
1624 4651 1856 4720 άφίστα-

282 4765 406 4816 μαι,
435 4746 557 4803 οὑδὲ
590 4743 727 4797 ποιῶ
759 4745 858 4813 τὴν
894 4746 1084 4814 φήμην
1135 4743 1305 4813 αὑτῆς
1342 4744 1441 4813 τῆς
1470 4742 1679 4806 πόλεως
1712 4744 1852 4814 πόρ-

278 4838 458 4907 θησιν,
487 4836 597 4889 οὐδ’
624 4835 948 4889 ὑποπτεύων
980 4834 1047 4888 τά
1077 4834 1226 4905 παρά
1248 4834 1348 4904 τῆς
1382 4833 1551 4904 τύχης
1575 4833 1857 4905 ἀμφίϐολα

277 4929 471 4997 φθάνω
522 4928 621 4997 τὴν
682 4926 925 4981 δουλείαν
985 4927 1145 4991 αὑτὸς
1193 4926 1451 4990 ἑκουσίως
1505 4925 1853 4998 αἱρούμενος.

278 5020 502 5073 Κατίτω
555 5019 736 5071 τοίνυν
806 5017 1088 5088 Αἰσχίνης,
1128 5016 1527 5087 Δημοσθένους,
1578 5017 1717 5072 άλλά
1780 5017 1856 5089 μὴ

289 5110 645 5182 Ἀλεξάνδρου
686 5108 1035 5173 κελεύοντοςο
1090 5106 1535 5180 παρανομοῦντος
1592 5110 1847 5179 ῥήτορος,

275 5202 416 5257 ἀλλὰ
448 5202 523 5273 μὴ
554 5202 815 5272 βασιλέως
848 5202 1269 5271 προστάττοντος
1296 5217 1310 5232 ·
1347 5202 1422 5263 ῶς
1452 5201 1632 5268 φυγὰς
1674 5199 1857 5253 ἐλεού-

279 5311 475 5365 μενος,
538 5294 613 5366 μὴ
679 5293 907 5364 φοϐερὸς
964 5293 1094 5361 ἡμῖν
1153 5292 1227 5354 ώς
1285 5292 1350 5344 ὲκ
1410 5292 1853 5362 προστάγματος.

289 5386 594 5457 ’Δθηναίων
621 5386 672 5438 oi
694 5385 863 5451 λόγοι,
902 5384 996 5437 καὶ
1034 5383 1286 5454 γνωρίζω
1316 5382 1413 5453 τὴν
1450 5384 1598 5436 πόλιν
1620 5383 1729 5438 ἀπὸ
1755 5384 1850 5438 τοῦ

278 5482 523 5552 ῥήματος
545 5492 559 5506 ⁶
594 5478 749 5549 ὑμεῖς
788 5477 896 5547 γάρ
937 5478 1057 5529 ἐστε
1086 5477 1134 5529 οἱ
1159 5478 1337 5529 πᾶσαν
1374 5475 1474 5545 μὲν
1514 5479 1639 5545 γῆν,
1676 5478 1855 5530 πᾶσαν

1879 4604 1933 4663 Ι)

1956 1978 2238 2044 mandato,
2285 1978 2463 2033 minus
2500 1978 2698 2032 malum
2723 1978 3031 2033 existimavi
3070 1988 3267 2047 sponte
3293 1979 3529 2047 solvere,

1953 2083 2118 2139 quam
2148 2068 2315 2123 invite
2339 2067 2593 2124 tolerare.
2629 2068 2763 2123 Nam
2809 2070 2924 2124 fieri
2968 2071 3187 2140 quidem
3233 2081 3432 2141 potest,
3473 2084 3532 2127 ut

1957 2160 2058 2216 hoc
2079 2159 2367 2228 aliquando
2397 2160 2747 2215 lmmanitatis
2774 2160 3000 2231 gloriam
3030 2168 3416 2229 consequatur,
3440 2161 3535 2232 qui

1952 2267 2086 2308 vero
2116 2252 2237 2308 aliis
2276 2251 2560 2316 obediuut,
2588 2251 2689 2306 sibi
2753 2252 2885 2320 ipsis
2915 2252 3218 2318 infamiam,
3258 2254 3535 2315 imperan-

1957 2344 2102 2402 tibus
2127 2360 2251 2401 vero
2290 2345 2550 2400 honorem
2582 2343 2897 2400 conciliant.

2026 2459 2313 2515 Eschines
2365 2460 2575 2513 confert
2639 2473 2762 2512 cum
2824 2458 3041 2528 regibus
3092 2472 3378 2516 sermones
3436 2476 3539 2531 pro

1953 2560 2231 2622 suggestu,
2256 2561 2311 2607 et
2360 2560 2479 2621 post
2530 2550 2781 2605 exsilium
2840 2558 3062 2620 propter
3128 2549 3536 2621 Ctesiphontem

1954 2642 2183 2712 amplius
2216 2642 2466 2696 sollicitat
2514 2656 2689 2711 reges.
2741 2641 2916 2696 Homo
2976 2642 3286 2697 universam
3351 2644 3535 2699 Asiam

1955 2735 2122 2789 armis
2162 2748 2460 2803 peragrans
2488 2773 2503 2797 ,
2552 2741 2606 2787 et
2635 2733 2853 2803 ingenio
2881 2732 2934 2787 id
2983 2734 3197 2788 demum
3239 2736 3488 2790 adnitens
3515 2776 3532 2802 ,

1955 2840 2022 2880 ne
2049 2825 2275 2880 habeam
2308 2840 2430 2879 cmn
2462 2825 2662 2894 quibus
2685 2828 3032 2882 contendam.
3067 2827 3172 2882 Per
3196 2841 3291 2881 eos
3324 2836 3530 2879 tantum

1955 2917 2127 2971 elatus
2152 2927 2237 2973 est
2267 2916 2566 2985 Philippus,
2598 2933 2693 2988 per
2716 2934 2853 2988 quos
2884 2919 3199 2974 Graecorum
3231 2918 3397 2972 animi
3437 2921 3534 2972 tle—

1954 3010 2239 3085 ciderunt:
2291 3023 2321 3063 a
2345 3010 2544 3078 quibus
2580 3009 3006 3076 commilitones,
3059 3010 3164 3065 loci
3204 3010 3528 3080 opportuni-

1954 3110 2114 3163 tates,
2144 3101 2323 3155 omnis
2359 3101 2571 3155 fortiter
2638 3102 3003 3170 gerendarum
3059 3117 3240 3155 rerum
3311 3104 3532 3155 occasio

1958 3192 2081 3244 data
2106 3200 2245 3247 erat.
2280 3189 2668 3246 Thebanorum
2693 3190 2909 3260 quidem
2933 3192 3219 3246 calamitas
3235 3191 3537 3246 athttcabll

1960 3284 2196 3347 Graecos,
2228 3283 2535 3339 Alexander
2570 3298 2697 3338 vero
2733 3282 2872 3339 hanc
2922 3284 3110 3337 urbem
3152 3292 3272 3351 post
3314 3282 3534 3336 Thebas

1963 3373 2332 3437 reverebatur,
2373 3389 2684 3443 quanquam
2732 3384 2787 3428 et
2842 3383 2967 3429 tunc
3002 3372 3206 3440 aliquid
3256 3372 3529 3435 habuerit,
3586 3442 3589 3443 ν

1959 3467 2101 3533 quod
2134 3465 2251 3519 urbi
2289 3464 2417 3519 huic
2447 3462 2732 3533 obiiceret.
2776 3462 2891 3518 Non
2948 3464 3094 3518 enim
3146 3463 3533 3517 Thebanorum

1962 3557 2222 3611 victorum
2273 3572 2427 3612 sacra
2457 3556 2788 3612 exclusimus
2813 3600 2829 3623 ,
2863 3572 2933 3611 ne
2972 3557 3038 3610 ad
3066 3570 3254 3609 eorum
3291 3555 3533 3609 lamenta

1961 3648 2231 3703 Bacchum
2322 3649 2522 3720 hymno
2598 3648 2995 3703 invocaremus.
3070 3646 3534 3713 Quemadmodum

1959 3738 2155 3811 35411
2185 3740 2329 3795 enim
2379 3739 2529 3804 urbs,
2561 3740 2605 3794 si
2636 3739 2718 3792 vir
2750 3739 2997 3794 sincerus
3055 3745 3371 3807 compareat
3400 3778 3415 3802 ,
3441 3736 3535 3805 qui

1959 3832 2188 3901 gratiam
2225 3840 2390 3899 queat
2430 3829 2637 3885 referre
2680 3830 2863 3901 gloriae
2894 3829 3168 3899 particeps
3222 3830 3399 3882 futura
3432 3838 3534 3893 εδι,

1961 3922 2040 3975 sic
2080 3932 2137 3977 et
2177 3922 2319 3977 malo
2370 3921 2642 3977 referente
2690 3924 2946 3991 gratiam,
2998 3922 3227 3976 infamia
3292 3930 3533 3975 notntur.

1960 4012 2145 4083 Neque
2175 4014 2283 4068 alio
2322 4014 2619 4080 scribente,
2646 4024 2701 4068 et
2738 4025 2929 4069 contra
2988 4015 3135 4081 leges
3172 4024 3384 4083 agente,
3434 4028 3536 4078 ego

1960 4103 2348 4169 obmutuerim,
2376 4103 2469 4156 sed
2510 4106 2825 4159 conscensis
2856 4105 3049 4157 rostris
3078 4102 3335 4156 Solonem
3379 4103 3533 4154 invo-

1961 4210 2113 4259 cans,
2146 4204 2200 4250 et
2229 4193 2611 4264 rempublicam
2642 4194 2997 4262 compellans,
3030 4193 3262 4247 dixerim
3296 4211 3311 4246 :
3366 4190 3535 4262 Leges

1962 4302 2069 4342 non
2099 4286 2321 4355 abrogo,
2391 4301 2566 4355 neque
2613 4287 2829 4341 exsules
2874 4284 3076 4354 recipio
3132 4299 3196 4338 ex
3260 4283 3532 4348 mandato,

1966 4393 2031 4431 ac
2083 4392 2151 4432 ne
2197 4376 2422 4447 jnhente
2489 4376 2704 4445 quidem
2767 4375 3129 4430 Phocensium
3192 4387 3536 4442 percussore,

1963 4483 2138 4537 neque
2193 4466 2368 4522 fmdus
2404 4466 2547 4531 ineo,
2583 4469 2677 4521 sed
2728 4467 2966 4535 quandiu
3026 4476 3212 4534 portus
3267 4465 3530 4527 habuero,

1962 4560 2198 4630 quandiu
2236 4561 2511 4615 robustam
2541 4571 2783 4623 aetatem,
2838 4559 3073 4626 quandiu
3108 4567 3308 4626 trapaaa
3343 4571 3534 4610 nume-

1960 4667 2169 4717 ravero,
2222 4650 2458 4719 quandiu
2506 4649 2682 4704 adhuc
2715 4664 2816 4702 una
2857 4665 2887 4703 e
2913 4648 3083 4702 Piraeo
3113 4647 3348 4700 triremis
3375 4644 3537 4697 addu-

1958 4755 2131 4808 cetur,
2189 4759 2296 4798 non
2345 4743 2615 4798 deseram-
2656 4742 2846 4811 leges,
2908 4755 3082 4809 neque
3149 4735 3536 4807 rempublicam

1959 4836 2245 4890 relicturus
2294 4834 2419 4896 sim,
2468 4848 2567 4889 nec
2608 4834 2785 4903 patiar
2833 4832 2994 4901 hujus
3033 4829 3277 4885 civitatis
3302 4826 3530 4895 gloriam

1959 4931 2141 5001 diripi,
2172 4945 2273 4985 nec
2315 4928 2518 4984 veritus
2565 4928 2797 4982 fortuna:
2854 4942 3033 4989 casus,
3089 4938 3188 4994 ego
3245 4922 3358 4991 ipse
3391 4920 3524 4974 mihi

1963 5039 2152 5078 manus
2216 5022 2466 5086 inferam,
2534 5030 2826 5090 antequam
2897 5020 3213 5074 servitutem
3294 5014 3529 5067 videam.

1966 5113 2167 5181 Redeat
2202 5112 2363 5182 igitur
2390 5111 2776 5175 Demosthene,
2806 5125 2909 5165 non
2938 5108 3249 5164 Alexandro
3283 5105 3533 5175 iubente,

1960 5203 2272 5264 IEschines.
2304 5213 2502 5274 praeter
2523 5203 2692 5270 legem
2717 5210 2912 5270 agente
2934 5209 3173 5262 oratore,
3216 5214 3322 5251 non
3362 5196 3535 5265 impe-

1963 5305 2116 5352 rante
2146 5310 2291 5364 rege,
2322 5295 2509 5350 redeat
2531 5293 2682 5360 quasi
2712 5292 2866 5346 exsul
2925 5288 3347 5345 misericordiam
3394 5302 3528 5341 con-

1964 5397 2201 5451 secutus,
2235 5401 2338 5439 non
2372 5395 2625 5453 tanquam
2663 5398 2725 5437 ex
2762 5396 3031 5454 przecepto
3086 5381 3241 5435 nobis
3282 5388 3530 5435 metuen-

1963 5479 2083 5532 dus.
2115 5478 2204 5530 lla:
2232 5475 2639 5531 Atheniensium
2668 5489 2829 5529 voces
2858 5489 2889 5530 e
2913 5472 3110 5542 quibus
3138 5472 3323 5526 urbem
3360 5482 3532 5539 agno-

1580 5628 1811 5685 VARIA'I
1846 5628 2252 5715 LECTIONES;

354 5751 401 5783 "
424 5744 759 5823 θαυμαστός]
790 5743 951 5823 καλὸς
1276 5741 1319 5797 Α
1359 5760 1373 5797 :
1412 5735 1479 5823 ᾗς
1522 5761 1595 5823 ς..
1642 5743 1705 5823 ’ξ’
1735 5746 1962 5823 κατάγει
2009 5745 2069 5800 Β.
2094 5746 2189 5823 ῌ¹⁹
2220 5744 2410 5823 obuia}:
2450 5742 2497 5797 Δ
2535 5760 2551 5801 :
2585 5742 2783 5823 ξᾼσίαν
2813 5758 2873 5805 ς.

2965 5739 3012 5772 ³⁸
3051 5736 3234 5811 φύσει]
3265 5739 3421 5811 φήμη
3452 5737 3524 5811 Βο

274 5823 323 5857 ἰ
380 5810 651 5890 κέκτημαι
679 5810 759 5890 (ἔτ’
819 5813 1165 5890 ξίιτοσοῦτος]
1194 5810 1253 5878 ἐς
1281 5810 1535 5890 τοσοῦτον
1563 5814 1601 5890 ,ὁ
1640 5813 1699 5871 Β.
1778 5817 1823 5849 ’³
1868 5810 2195 5889 ὑπερεφόόει
2244 5815 2510 5887 Scaliger.
2585 5814 2632 5847 ⁸⁵
2664 5815 2712 5867 εί
2756 5810 2988 5882 πονηρὸς
3018 5826 3079 5875 ς.
3158 5810 3202 5842 ³⁸
3247 5810 3522 5867 ἄλλουΑι

281 5891 409 5948 ἀλλ’
431 5890 491 5945 οὑ
521 5882 581 5956 ξ.
612 5888 799 5946 malim
832 5882 1201 5958 Ἀλεξάνδρου.
1279 5884 1325 5918 ³⁸
1355 5883 1486 5954 γοῦν
1514 5882 1614 5956 μία
1638 5902 1699 5951 ς.
