4104 6430
535 409 665 477 1311

1617 410 1879 472 PHOTlI
1918 399 2423 469 PATRIARCH/E
2460 403 2561 464 (ΣΡ.

3646 396 3791 463 1812

532 539 647 579 svo.
702 520 811 578 Vos
855 519 999 574 enim
1057 519 1208 586 estis,
1246 519 1338 592 qui
1380 535 1476 591 pro
1514 520 1779 575 institutis
1815 521 2101 588 majorum,

2224 515 2261 568 ss
2316 512 2593 567 Θάλασσαν
2643 509 2923 583 τροπαίων
2956 509 3097 580 ὑπὲρ
3144 508 3252 562 τῶν
3305 507 3487 580 νόμων
3550 511 3649 563 καὶ
3690 511 3800 581 τῆς

530 628 585 673 et
607 630 703 686 pro
727 614 997 676 libertate,
1030 622 1171 667 terra
1198 614 1441 682 marique
1465 623 1664 682 tropaea
1688 612 1903 667 ﬂxistis.
1932 611 2109 665 Tanto

532 706 775 760 exercitu
805 705 1023 759 advenit
1061 703 1288 768 Xerxes,
1324 713 1523 756 terram
1582 713 1638 757 et
1686 716 1836 754 mare
1888 715 2106 768 permu-

535 807 677 863 tans,
719 805 777 851 ut
805 818 813 861 ι
838 804 1049 851 etentes
1080 796 1291 865 glebam
1317 802 1369 846 et
1394 794 1654 865 cyathum
1683 793 1802 846 loco
1828 791 2108 846 conciunis

534 888 589 943 in
625 887 940 941 barathrum
975 885 1291 953 conjecerit.
1323 883 1392 936 At
1445 884 1557 952 ipsa
1583 882 1778 936 civitas
1820 879 2106 935 elementis

534 980 621 1035 bis
648 977 841 1032 fortior
880 977 1198 1047 permansit.
1230 974 1499 1042 Quoniam
1553 973 1680 1029 licet
1742 972 1885 1037 aliis,
1925 982 1985 1025 ut
2030 974 2110 1026 sic

536 1073 785 1138 dixerim,
819 1071 1026 1142 singula
1068 1085 1254 1125 eorum
1280 1084 1400 1140 quae
1430 1078 1582 1137 gesta
1612 1076 1763 1128 sunt,
1788 1067 1974 1121 eadem
2012 1080 2110 1120 na-

538 1176 656 1221 tura
699 1181 819 1220 esse
851 1165 1157 1230 videantur,
1206 1162 1386 1232 specie
1426 1170 1606 1215 tamen
1661 1160 2106 1226 distinguuntur:

536 1258 685 1313 verbi
730 1258 903 1330 gratia
937 1256 1132 1325 aliquis
1168 1256 1472 1326 proximum
1530 1253 1802 1325 percutit;
1848 1253 1905 1307 in
1936 1262 2105 1307 certa-

538 1351 682 1405 mine
716 1350 761 1405 si
795 1349 1007 1414 vicerit,
1045 1336 1303 1402 coronam
1342 1345 1583 1411 habebit,
1625 1354 1776 1400 extra
1828 1354 2108 1401 certamen

537 1456 726 1511 pmnas
751 1440 921 1495 dabit.

610 1531 1019 1603 Deploravimus
1042 1530 1230 1584 urbem
1264 1532 1405 1585 hanc
1434 1529 1564 1584 olim
1590 1544 1619 1584 a
1676 1528 1922 1599 tyrannis
1952 1542 2111 1584 ever-

538 1639 677 1688 sam,
713 1608 890 1677 tamen
915 1622 1058 1677 ultro
1103 1638 1264 1693 quam
1305 1621 1599 1678 defendere
1627 1621 1940 1686 debuimus,
1988 1636 2110 1677 eam

538 1714 706 1768 Medis
746 1713 1139 1769 incendendam
1177 1714 1518 1768 tradidimus.
1546 1710 1642 1767 llle
1687 1727 1810 1766 cum
1840 1711 2110 1781 Philippo,

537 1803 702 1858 etiam
752 1813 874 1874 post
908 1802 1274 1857 calamitatem
1317 1800 1758 1866 Chaerouensem,
1794 1800 2110 1855 societatem

540 1910 644 1948 non
676 1870 818 1952 iniit.
873 1892 995 1949 Fuit
1020 1894 1173 1949 nobis
1217 1892 1508 1961 aliquando
1546 1893 1639 1950 illa
1672 1890 2029 1955 consuetudo,
2056 1900 2115 1944 ut
2146 1870 2192 1928 Β

539 1987 767 2043 Gracche
797 2002 1174 2057 praeessemus,
1224 1996 1277 2043 et
1305 2003 1402 2058 pro
1435 1988 1689 2043 libertate
1715 1993 1902 2041 contra
1928 1993 2117 2055 tyran-

542 2095 641 2134 nos
668 2080 1118 2151 depugnaremus.
1155 2077 1343 2134 Ortum
1366 2096 1395 2133 a
1419 2077 1653 2135 Miltiade
1671 2077 1787 2136 haec
1808 2077 1895 2136 lex
1908 2080 2119 2145 habuit,

541 2170 724 2226 ﬂoruit
746 2171 847 2226 sub
876 2170 1264 2235 Themistocle,
1300 2170 1552 2241 pervenit
1583 2186 1756 2242 usque
1811 2170 2119 2239 Cimonem,

541 2271 755 2318 servata
789 2271 873 2317 est
922 2263 1022 2317 sub
1055 2260 1288 2327 Pericle,
1326 2262 1473 2316 culta
1540 2263 1642 2317 sub
1698 2261 2005 2330 Alcibiade,
2067 2271 2123 2319 et

542 2369 644 2424 ego
681 2368 799 2408 eam
833 2361 1106 2408 servatam
1161 2354 1480 2420 voluissem,
1515 2353 1614 2409 sed
1675 2352 1902 2411 libidine
1929 2370 2124 2411 assen-

546 2445 856 2513 tationeque
894 2446 1230 2514 proditorum
1268 2446 1523 2517 abrogata
1562 2456 1665 2504 est.
1725 2448 1957 2518 Imperio
1987 2448 2121 2506 alios

543 2536 792 2592 exuimus
818 2576 832 2601 ,
878 2536 1075 2608 355a
1101 2553 1207 2591 non
1256 2538 1658 2602 contradixisti,
1687 2555 1716 2594 a
1765 2542 1941 2611 patrio
1974 2556 2123 2597 more

546 2630 933 2684 discessimus:
971 2645 1076 2684 non
1108 2643 1440 2699 conquestus
1471 2647 1555 2687 es.
1594 2631 1709 2686 Non
1774 2634 1941 2687 cessit
1992 2635 2121 2689 urbs

548 2730 734 2774 nostra
780 2720 1317 2776 Lacedaemoniorum
1354 2722 1471 2777 urbi
1499 2724 1566 2777 ad
1620 2722 1891 2779 Siciliam.
1923 2723 2120 2779 Verum

550 2819 658 2863 tota
693 2811 864 2865 insula
905 2827 1066 2865 uuam
1099 2824 1315 2867 aetatem
1349 2822 1501 2868 extra
1543 2815 1771 2884 patriam
1811 2817 2071 2887 transegit
2103 2833 2117 2870 :

546 2902 677 2955 urbs
702 2916 834 2956 vero
860 2902 975 2957 hrec
999 2904 1163 2958 etiam
1190 2905 1253 2957 ad
1291 2904 1637 2961 Occidentem
1659 2909 1938 2975 prudentia
1970 2909 2122 2962 inex-

549 2992 856 3062 pugnabilis
886 2996 1206 3063 permansit.
1239 2996 1362 3060 Fac,
1404 2997 1447 3051 si
1482 2996 1633 3063 libet,
1670 2998 1973 3068 improbum
1995 3015 2121 3059 csse

548 3081 889 3149 Alschinem,
960 3086 1256 3155 perniciem
1336 3085 1719 3155 Phocensium,
1789 3092 2119 3159 proditorem

2211 606 2524 675 ἐλευθερίας
2572 603 2979 675 πληρώσαντες.
3041 600 3329 671 Ἐπολέμει
3390 600 3639 673 Ξέρξης,
3686 604 3798 673 γῆν

2214 697 2524 771 μεταποιῶν
2567 697 2664 751 καὶ
2694 695 2966 750 θάλατταν
2989 695 3055 761 ⁸⁷,
3089 694 3173 747 ὅτι
3202 696 3332 758 τοὺς
3363 694 3463 765 τὴν
3494 692 3666 764 βῶλον
3699 695 3801 748 καὶ

2209 791 2302 844 τὸν
2331 788 2531 843 κύαθον
2558 787 2885 858 αἰτήσαντες
2906 786 2969 840 τὸ
3000 784 3274 857 βάραθρον
3308 785 3432 837 ἀντὶ
3461 784 3558 854 τῆς
3591 785 3800 837 ἐκκλτι-

2213 884 2336 948 σίας
2388 882 2624 953 ἐδέχετο.
2664 879 2863 949 Ἀλλή
2912 878 3068 942 πόλις
3106 876 3291 947 ἔμεινε
3343 874 3453 928 τῶν
3514 873 3800 943 στοιχείων

2212 977 2376 1031 πλέον
2430 976 2710 1047 ἀκίνητος.
2765 972 2921 1027 Ἐπεὶ
2969 972 3072 1025 κάν
3126 972 3241 1035 τοῖς
3289 967 3496 1035 ἀλλοις,
3535 966 3612 1029 ὡς
3666 966 3801 1031 ἔπος

2212 1071 2411 1136 εἰπεῖν,
2447 1070 2554 1123 τῶν
2593 1066 2987 1141 πραττομένων
3011 1065 3264 1130 ἕκαστον,
3292 1064 3396 1119 κᾶν
3419 1060 3617 1117 ταύτὸν
3655 1056 3799 1112 εἶναι

2213 1163 2281 1232 τῇ
2319 1159 2479 1229 φύσει
2534 1159 2689 1230 δοκῇ,
2719 1157 2857 1212 ἀλλά
2886 1159 2953 1228 τῇ
3003 1156 3275 1228 προφάσει
3328 1153 3630 1225 μερίζεται.
3670 1144 3799 1202 Οἷον

2213 1253 2409 1307 τύπτει
2438 1269 2521 1315 τις
2546 1250 2635 1304 τὸν
2656 1249 2904 1320 πλησίον.
2938 1249 3037 1303 "Av
3070 1247 3170 1319 μέν
3191 1248 3250 1299 ἐν
3274 1246 3477 1309 ἄθλοις,
3505 1243 3618 1313 ἔχει
3643 1242 3800 1310 νική-

2215 1362 2317 1405 σας
2353 1344 2444 1398 τὸν
2473 1343 2739 1412 στέφανον
2762 1357 2773 1370 ’
2810 1341 2876 1394 ἂν
2907 1340 2966 1394 δὲ
2995 1342 3095 1410 τῆς
3124 1336 3362 1409 ἀγωνίας
3392 1337 3572 1400 ἐκτὸς,
3605 1329 3797 1402 ὑπέχει

2213 1437 2277 1491 τὸ
2300 1437 2433 1508 τίμη
2444 1453 2538 1507 μα.

2299 1525 2667 1598 Ἐθρηνοῦμέν
2700 1541 2831 1579 ποτε
2856 1519 3234 1594 πορθουμένης
3258 1517 3365 1572 ὑπὸ
3382 1516 3493 1571 τῶν
3516 1517 3800 1587 τυράννων

2216 1621 2316 1692 τῆς
2349 1620 2593 1683 πόλεως·
2644 1618 2761 1672 ἀλλ’
2791 1616 3008 1680 ἑκόντες
3040 1612 3211 1682 αὐτὴν
3262 1611 3404 1682 ὑπὲρ
3431 1609 3801 1682 ἀνδραγαθίας

2216 1713 2296 1784 τῷ
2326 1714 2461 1785 πυρὶ
2483 1713 2591 1767 τῶν
2619 1710 2819 1781 Μήδων
2838 1708 3144 1779 ἐδώκαμεν.
3176 1705 3233 1758 ’0
3264 1703 3340 1776 μὴ
3365 1702 3621 1771 Φιλίππῳ
3649 1719 3803 1755 σπει-

2223 1806 2481 1878 σάμενος,
2513 1803 2648 1877 μηδέ
2674 1802 2812 1873 μετά
2833 1801 2930 1871 τὴν
2950 1798 3152 1870 μεστὴν
3180 1797 3279 1867 τῆς
3302 1798 3543 1867 πονηρᾶς
3562 1795 3611 1827 ’⁸
3630 1800 3803 1865 τύχης

2221 1896 2583 1969 Χαιρώνειαν.
2610 1891 2719 1949 Ἦν
2768 1895 2898 1965 ήμϊν
2942 1907 3074 1945 ποτε
3114 1890 3344 1961 πάτριον
3394 1887 3650 1959 ἡγεῖσθαι
3706 1886 3805 1955 τῆς

2231 1990 2483 2054 Ἑλλάδος
2539 1988 2635 2045 καὶ
2679 1989 2792 2049 τοῖς
2834 1983 3119 2054 τυράννοις
3149 1980 3292 2053 ύπέρ
3340 1981 3441 2052 τῆς
3488 1978 3804 2049 ἐλευθερίας

2220 2081 2710 2154 ἀνταγωνίζεσθαι.
2745 2079 2874 2155 [577
2893 2077 2987 2152 ιι]
3020 2068 3192 2141 Οὗτος
3220 2078 3249 2131 ό
3285 2076 3446 2147 νόμος
3470 2073 3675 2144 ἤρξατο
3707 2071 3805 2143 μὲν

2222 2178 2331 2232 ἀπὸ
2383 2175 2677 2232 Μιλτιάδου
2714 2174 2999 2245 πρότερον,
3033 2172 3254 2245 ἦκμασε
3284 2169 3343 2223 δέ
3396 2169 3488 2221 ἐπὶ
3537 2169 3804 2261 ἶεμιστοο

2222 2269 2434 2335 κλέους,
2471 2266 2675 2339 κατέϐη
2703 2268 2747 2299 ¹⁹
2785 2265 2842 2319 δὲ
2876 2267 2956 2329 είς
2994 2266 3249 2335 Κίμωνα,
3286 2258 3661 2332 ἐφυλάχθηδέ
3700 2258 3804 2312 ὑπὸ

2224 2359 2577 2431 Περικλέους,
2597 2356 2916 2427 ἐθαυμάσθη
2934 2356 2993 2410 δέ
3017 2356 3122 2409 ὑπὸ
3153 2353 3493 2408 Ἀλκιϐιάδου
3513 2368 3527 2383 ·
3552 2351 3641 2405 ἐπ’
3668 2350 3802 2421 ἐμοῦ

2221 2455 2281 2509 δὲ
2317 2457 2384 2526 τῇ
2416 2452 2613 2523 γνώμῃ
2648 2452 2748 2521 μὲν
2774 2448 3038 2520 ἐτηρήθη,
3070 2451 3137 2519 τῇ
3163 2446 3300 2521 τύχῃ
3327 2447 3371 2479 ³⁸
3400 2446 3454 2499 δὲ
3486 2446 3580 2499 καὶ
3608 2447 3674 2515 τῇ
3714 2461 3805 2497 κο-

2222 2545 2418 2615 λακεία
2458 2542 2569 2597 τῶν
2612 2540 2971 2613 προδιδόντων
3009 2539 3350 2609 διέφθαρται.
3394 2537 3739 2606 Ἀπέσ-τημεν
3758 2535 3801 2567 ⁸¹

2225 2638 2434 2708 ἐτέροις
2454 2637 2553 2707 τῆς
2581 2632 2881 2708 ἡγεμονίας
2900 2649 2915 2664 ·
2955 2633 3057 2685 οὐκ
3094 2634 3347 2694 ἁντεῖπες
3369 2631 3416 2663 ³⁸
3437 2646 3455 2662 ο
3477 2628 3803 2701 παρεχωρήο

2228 2747 2400 2800 σαμεν
2424 2727 2520 2782 τοῦ
2546 2725 2777 2797 πατρίου
2801 2726 3079 2797 σχήματος
3096 2742 3111 2758 ·
3142 2724 3242 2777 οὐκ
3258 2720 3668 2793 ἠγανάκτησας.
3690 2719 3804 2773 Ούκ

2225 2818 2335 2890 εἶξε
2385 2821 2525 2893 μετά
2571 2819 2822 2873 Σικελίαν
2867 2816 3317 2886 Λακεδαιμονίοις
3365 2816 3399 2884 ἡ
3444 2813 3599 2877 πόλις
3634 2827 3649 2841 ⁸
3690 2811 3802 2866 ἀλλ’

2226 2917 2261 2989 ή
2294 2915 2390 2987 μὲν
2419 2915 2581 2984 νῆσος
2618 2912 2717 2983 τὴν
2765 2909 2982 2981 ἠλικίαν
3014 2910 3142 2977 ὅλην
3172 2908 3482 2977 ἐχώρησεν,
3507 2905 3719 2976 ἡπόλις
3747 2902 3803 2956 δὲ

2226 3009 2410 3081 ἔμεινε
2430 3006 2508 3078 τῷ
2523 3005 2832 3075 φρονήματι
2849 3003 2941 3056 καὶ
2966 3002 3101 3071 μετὰ
3117 2999 3215 3071 τήν
3240 2998 3479 3069 ἑσπέραν
3509 2998 3801 3059 ἀνάλωτος.

2240 3099 2403 3155 Ἀλλὰ
2452 3096 2689 3168 πονηρὸς
2732 3094 3010 3165 Αἰσχίνης.
3080 3090 3353 3163 Πρόσθες,
3394 3090 3441 3141 εί
3486 3088 3686 3158 βούλει,
3714 3088 3806 3141 καὶ

551 3179 819 3249 Thraciae,
857 3180 1136 3236 interitum
1196 3182 1550 3251 Cersoclcpti,
1582 3195 1635 3238 et
1681 3185 1725 3239 si
1766 3186 1961 3255 quibus
2001 3186 2120 3241 aliis

2227 3192 2458 3248 Φωκέων
2480 3190 2702 3263 δλεθρον
2726 3189 2820 3243 καὶ
2838 3186 3131 3257 προδοσίαν
3153 3185 3373 3255 Θρᾴκης
3395 3183 3489 3237 καὶ
3525 3182 3804 3250 ἀναίρεσιν

552 3270 864 3327 nominibus
916 3270 1175 3340 iniuriose
1202 3274 1463 3343 populum
1518 3282 1779 3342 tractans,
1824 3276 2126 3347 appellatus

547 3370 653 3416 est.
710 3360 945 3418 Athenis
986 3364 1129 3418 enim
1187 3379 1404 3436 semper
1460 3380 1565 3420 una
1618 3381 1742 3421 eum
1798 3368 2122 3437 fertilitate,

551 3464 737 3508 contra
770 3454 1007 3521 Graecos,
1036 3471 1069 3511 ο
1098 3456 1477 3522 Athenienses,
1512 3460 1783 3515 succrevit
1809 3472 1859 3515 et
1895 3461 2086 3516 vitium
2108 3501 2123 3517 .

549 3545 746 3601 Multos
778 3547 993 3617 quidem
1027 3548 1328 3618 degeneres
1372 3564 1749 3620 saepenumero
1806 3555 1934 3609 urbs
1996 3570 2128 3609 con-

550 3639 809 3704 servavit,
844 3655 945 3693 non
972 3655 1157 3694 eorum
1191 3640 1482 3698 factionem
1533 3647 1795 3713 probans,
1849 3646 1941 3700 sed
1981 3649 2127 3702 cala-

553 3728 793 3780 mitatem
849 3728 1125 3782 miserata.
1173 3727 1383 3783 Nemini
1426 3746 1664 3801 unquam
1712 3742 1899 3786 contra
1946 3732 2117 3802 leges,

552 3819 791 3888 quandiu
825 3818 1168 3887 prudentiam
1225 3821 1475 3887 retinuit,
1503 3822 1743 3893 subjecta
1812 3822 1936 3878 fuit.
1988 3825 2127 3891 Quid

556 3914 720 3982 igitur
753 3931 857 3969 non
894 3916 1005 3984 jam
1040 3916 1322 3981 denuntio,
1367 3918 1498 3986 quin
1555 3920 1661 3972 vita
1699 3920 1851 3989 prius
1901 3920 2126 3987 decedo,

553 4020 717 4073 quam
746 4004 952 4060 videam
981 4006 1120 4060 hanc
1148 4009 1334 4061 urbem
1357 4010 1617 4065 servitute
1639 4012 1992 4081 oppressam?
2020 4014 2131 4079 Ego

557 4097 700 4150 idem
731 4097 843 4165 ipse
876 4112 1006 4152 sane
1040 4114 1143 4152 non
1182 4099 1341 4154 talem
1375 4117 1494 4157 esse
1545 4119 1817 4159 rumorem
1854 4106 2128 4173 existimo,

556 4192 767 4260 qualem
797 4193 1033 4247 nonnulli
1067 4194 1296 4263 lingunt,
1345 4197 1578 4266 primum
1618 4199 1914 4257 Alexandri
1949 4219 2129 4260 mores

2234 3283 2648 3354 Κερσοϐλέπτου
2679 3281 2775 3335 καὶ
2802 3277 2960 3333 πάνθ’
2985 3278 3101 3331 ὅσαι
3118 3275 3379 3339 πολλάκις
3408 3274 3668 3344 Αίσχίνης
3698 3272 3807 3325 ἀδι-

2232 3378 2346 3431 κῶν
2374 3376 2465 3430 τδν
2512 3374 2682 3445 δῆμον
2739 3372 3092 3442 ἐγκέκληται.
3135 3368 3369 3438 Νόσημα
3400 3366 3531 3438 γὰρ,
3557 3360 3603 3419 ὦ
3650 3365 3806 3433 Ἀθη-

2234 3474 2394 3537 ναῖοι,
2426 3468 2569 3524 κατὰ
2601 3453 2711 3521 τῶν
2750 3467 3015 3537 Ἑλλήνων
3049 3465 3115 3535 τῇ
3141 3463 3284 3533 φορᾷ
3312 3461 3358 3492 ³³
3373 3460 3482 3513 τῶν
3514 3458 3807 3528 Ἀθηναίων

2235 3567 2574 3636 συνήκμασε.
2607 3559 2886 3630 Πονηροῦς
2942 3557 3039 3629 μέν
3088 3558 3197 3626 γὰρ
3219 3557 3253 3626 η
3287 3553 3439 3618 πόλις
3470 3553 3573 3624 ήδη
3625 3570 3730 3605 που
3764 3551 3807 3585 ³⁸

2235 3656 2496 3718 πολλάκις
2534 3653 2760 3715 ἔσωσεν,
2782 3649 2883 3703 οὐκ
2912 3646 3211 3701 ἐπαινοῦσα
3258 3646 3357 3716 τὴν
3388 3644 3641 3713 γνώμην,
3678 3641 3809 3696 ἀλλά

2234 3748 2332 3818 τὴν
2360 3744 2530 3815 τύχην
2558 3738 2901 3811 οἰκτείρουσα
2927 3752 2942 3767 ο
2980 3736 3261 3807 ὑπήκουσε
3300 3734 3345 3766 ³³
3384 3732 3443 3785 δὲ
3465 3731 3644 3785 οὐδενὶ
3670 3731 3809 3782 κατά

2234 3840 2345 3893 τῶν
2377 3836 2555 3906 νόμων
2587 3833 2653 3899 ⁸⁸,
2688 3829 2849 3903 ἡνίκα
2877 3830 3063 3898 ἐτήρει
3100 3827 3161 3879 τὸ
3192 3826 3469 3897 φρόνημα.
3497 3823 3564 3876 Τί
3592 3819 3688 3876 οὖν
3715 3821 3810 3873 ούκ

2236 3932 2336 4002 ἤδη
2394 3926 2782 3999 προαγγέλλω;
2831 3920 2883 3974 τί
2938 3920 2995 3975 δὲ
3041 3920 3139 3973 οὐκ
3175 3917 3352 3987 ἔξειμι
3387 3914 3481 3968 τοῦ
3508 3913 3648 3985 βίου,
3686 3914 3811 3983 πρὶν

2240 4024 2367 4076 ίδεῖν
2404 4021 2503 4091 τὴν
2546 4018 2701 4071 πόλιν
2757 4013 3151 4091 δουλεύουσανξ
3193 4008 3336 4077 Ἐγὼ
3366 4007 3499 4073 γοῦν
3530 4007 3627 4059 καὶ
3657 4006 3811 4068 αὐτὸς

2236 4086 2477 4187 ἡγοῦμαί
2516 4113 2614 4182 τὴν
2638 4112 2824 4181 φήμην
2876 4106 3040 4176 ἔχειν,
3084 4086 3183 4173 οὐχ
3228 4101 3371 4156 οὕτω
3412 4101 3462 4187 ν(
3484 4100 3530 4152 δ’
3560 4099 3707 4169 ἔχειν
3742 4099 3813 4163 ὡς

2236 4184 2615 4276 τερατεύονταί
2637 4217 2802 4263 τινες,
2828 4196 3043 4250 σκοπῶν
3060 4195 3275 4265 πρῶτον
3308 4184 3485 4261 μὲν,ὧ
3519 4189 3812 4260 Ἀθηναῖοι,

557 4284 933 4348 considerans,
968 4294 1020 4337 et
1057 4285 1302 4353 quisnam
1330 4287 1419 4343 ille
1447 4288 1541 4355 sit,
1566 4291 1657 4359 qui
1677 4291 1837 4345 simul
1859 4303 1913 4347 et
1938 4309 2120 4366 aggre-

2237 4298 2327 4352 τὸν
2378 4292 2727 4363 Ἀλεξάνδρου
2768 4288 2990 4357 τρόπον.
3030 4287 3126 4350 Τίς
3154 4285 3210 4338 δέ
3252 4277 3405 4345 οὗτός
3439 4283 3633 4340 ἐστιν;
3684 4277 3813 4347 ὁμοῦ

558 4376 703 4428 ditur
731 4386 782 4430 et
804 4377 1015 4445 perlicit
1042 4393 1054 4428 :
1088 4378 1197 4429 imo
1248 4393 1378 4432 vero
1410 4379 1601 4443 rebus,
1638 4397 1773 4452 quas
1799 4387 2120 4453 aggreditur.

2238 4406 2297 4442 τε
2323 4386 2565 4457 ἐγχειρεῖ
2622 4382 2716 4435 καὶ
2763 4380 3102 4451 πέπρακται,
3159 4375 3356 4447 μᾶλλον
3397 4373 3455 4426 δὲ
3481 4371 3677 4441 φθάνει
3696 4370 3816 4431 τοὺς

559 4466 779 4533 tamam,
812 4476 864 4520 et
886 4482 980 4522 eos
1014 4467 1106 4537 qui
1165 4470 1432 4535 numiant,
1468 4474 1781 4528 antevertit.
1842 4474 1975 4530 Cum
2023 4478 2120 4545 alia

2242 4480 2339 4552 μὲν
2373 4477 2667 4547 λογισμοὺς
2693 4475 2813 4535 ταῖς
2839 4470 3126 4543 πράξεσιν,
3182 4462 3262 4528 οἷς
3288 4466 3344 4518 δέ
3384 4465 3651 4534 ἐγχειρεῖ,
3696 4463 3815 4521 τοὺς

560 4557 725 4611 ιιιιιΙιδ
776 4572 1075 4627 magnaque
1108 4574 1273 4628 opera
1313 4576 1433 4627 sua,
1470 4577 1590 4631 quae
1626 4565 1937 4621 adulatores
1979 4584 2120 4625 c0n«

2235 4570 2669 4640 διαγγέλλοντας.
2723 4564 2882 4637 [1081
2945 4560 3038 4633 IL]
3095 4559 3250 4613 Ἐπεὶ
3304 4559 3398 4611 καὶ
3439 4556 3506 4608 τὰ
3557 4554 3730 4607 πολλὰ
3755 4553 3815 4622 δὴ

560 4650 792 4718 tingunt,
834 4648 1111 4703 celeritate
1169 4651 1366 4719 potius,
1397 4668 1558 4722 quam
1600 4657 1800 4712 virtute
1842 4674 1957 4723 eos,
1995 4676 2120 4729 quos

2235 4665 2409 4720 ταῦτα
2469 4662 2566 4715 καλ⁸
2612 4658 2822 4729 μεγάλα
2888 4654 2999 4708 τῶν
3028 4654 3226 4724 ἔργων,
3274 4650 3310 4705 ἃ
3356 4648 3736 4717 λογοποιοῦσιν
3770 4647 3816 4698 oi

559 4741 824 4806 adoritur,
852 4752 1141 4810 antequam
1175 4746 1368 4798 adesse
1391 4747 1683 4816 diceretur,
1702 4762 1758 4805 et
1793 4752 1940 4807 visus
1962 4752 2120 4810 fuisse

2237 4758 2490 4819 κόλακες,
2528 4752 2682 4821 τάχει
2710 4747 2909 4820 μᾶλλον
2939 4747 2972 4817 ἢ
3017 4744 3178 4816 ῥώμῃ
3220 4743 3263 4775 ³⁸
3288 4741 3506 4812 κρατῶν
3538 4736 3816 4800 τούτουςν

561 4835 791 4897 audiret,
851 4849 1133 4903 superans,
1191 4837 1487 4893 confecerit
1528 4840 1705 4897 instar
1760 4843 2023 4912 fulminis,
2079 4859 2120 4903 et

2239 4846 2321 4912 οἷς
2356 4846 2513 4917 ἐπῄει
2540 4841 2894 4912 κατώρθωσε,
2931 4838 3061 4908 πρὶν
3087 4833 3423 4905 ἀγγελθῆναι
3452 4829 3666 4901 παρὼν,
3693 4829 3818 4895 πρὶν

561 4925 806 4989 tonitrui,
839 4926 978 4994 quod
1002 4942 1142 4996 saepe
1165 4938 1450 4998 antequam
1470 4940 1830 5003 exspectetur,
1857 4940 2120 5007 praecedit.

2238 4939 2573 5010 ἀκουσθῆναι
2630 4934 2975 5004 φαινόμενος,
3003 4930 3144 4984 κατά
3173 4930 3299 4989 τοὺς
3339 4925 3618 4994 σκηπτοὺς
3650 4922 3684 4992 ἢ
3724 4920 3819 4981 τὰς

560 5016 653 5070 Sic
681 5017 878 5071 Sardes
918 5020 1223 5089 occupavit,
1265 5024 1348 5077 sic
1392 5023 1606 5079 Cariam
1654 5031 1869 5093 evertit,
1921 5031 1998 5084 sic
2031 5031 2120 5103 Ly-

2243 5033 2494 5106 βροντὰς,
2533 5030 2592 5084 αϊ
2631 5027 2889 5089 πολλάκις
2962 5022 3224 5093 φθάνουσι
3272 5022 3373 5089 τῆς
3424 5015 3753 5087 προσδοκίας
3774 5012 3817 5045 ⁸⁸

561 5108 700 5162 ciam
735 5108 1005 5171 distraxit,
1043 5112 1121 5165 sic
1153 5110 1520 5183 Pamphyliam
1544 5116 1760 5181 invasit,
1790 5118 1869 5173 sic
1886 5121 2120 5175 viderunt

2242 5125 2574 5197 ⁴ἡγήσασθαι.
2612 5120 2769 5174 Οὕτω
2798 5117 3021 5190 Σάρδεις
3050 5109 3214 5178 εἷλεν,
3246 5113 3388 5166 οὕτω
3411 5110 3628 5181 Καρίαν
3664 5109 3819 5177 ἐπόρ-

559 5212 683 5249 enm
703 5197 917 5266 Cilices,
936 5200 1013 5254 sic
1030 5202 1270 5257 incubuit
1285 5203 1566 5268 Persis.sic
1585 5207 1801 5263 Darium
1821 5215 2120 5279 perterruit.

2245 5220 2431 5287 θησεν,
2484 5214 2627 5269 οὔτω
2681 5212 2888 5267 Λυκίαν
2945 5209 3280 5283 παρέσυρεν,
3330 5205 3473 5260 οὕτω
3499 5202 3819 5272 Παμφυλίαν

568 5288 650 5350 Et,
684 5290 816 5356 proh
850 5292 1041 5345 dolor!
1074 5308 1235 5363 quam
1274 5298 1449 5351 vicina
1482 5299 1646 5353 etiam
1697 5301 2013 5359 calamitas!
2048 5307 2120 5361 Sit

2246 5311 2576 5381 ἐπέδραμεν,
2604 5305 2777 5363 οὕτως
2802 5302 2957 5372 ὤφθη
2990 5299 3218 5365 Κίλιξιν,
3248 5297 3417 5361 οὕτως
3448 5296 3657 5364 ἐπέστη
3690 5294 3821 5363 Πέρ-

568 5392 623 5434 ct
660 5381 875 5438 Thebas
906 5384 1152 5455 diripuit.
1191 5387 1281 5442 Sic
1304 5388 1499 5443 cecidit
1525 5393 1651 5445 urbs
1675 5391 1763 5446 illa
1793 5393 1843 5446 in
1882 5396 2120 5452 umbilicr

2245 5422 2387 5470 σαις,
2450 5401 2596 5456 οὕτω
2657 5399 2881 5469 Δαρεῖον
2937 5391 3258 5463 ἐξέπληξενο
3307 5390 3454 5460 οἴμοι
3513 5387 3625 5442 τῶν
3663 5388 3821 5455 ἐγγὺς

1842 5554 2078 5614 νΑῐιΙΑΞ
2114 5561 2519 5620 LECTIONES.

644 5660 690 5697 ’τ
724 5658 997 5712 θάλασσαν
1019 5658 1080 5714 Β.
1152 5660 1198 5694 ’⁸
1221 5664 1482 5734 πονηρίας
1508 5694 1579 5706 -
1602 5666 1913 5734 Χαιρωνίαν
1937 5667 1978 5720 A
2107 5677 2152 5708 "
2177 5675 2379 5744 κατέϐη
2410 5704 2481 5713 -
2505 5669 2833 5740 Περικλέους
2878 5681 2989 5718 om.
3035 5665 3101 5720 A.
3198 5662 3241 5694 ³⁸
3273 5659 3412 5732 τύχῃ
3459 5659 3540 5710 ΑΞ
3582 5653 3727 5774 ψυξῇ
3762 5669 3815 5715 ς-

646 5731 887 5774 ὰπέστῇε
943 5728 1000 5774 Β-
1078 5733 1120 5764 ³³
1149 5733 1401 5774 ἁντςῖπςρ
1453 5737 1531 5774 ὅτι
1585 5754 1760 5774 omnes:
1820 5738 1860 5774 Ω
1958 5739 2005 5772 88
2031 5749 2195 5774 ...μη-ξι
2227 5745 2397 5774 ...πλυτ
2433 5741 2679 5774 nnis“...
2730 5738 2866 5774 ..πηιι
2898 5732 3350 5774 \Vnrnmlnrﬂnm-
3425 5728 3470 5766 ³⁸
3500 5742 3605 5774 που
3639 5726 3671 5774 ᾖ
3705 5742 3736 5774 τι
3760 5739 3815 5774 ς.

646 5731 913 5817 ἀπέστης,
941 5728 1014 5817 Βἐὶ
1078 5726 1409 5817 ³³ηάντεῖπὲς,
1453 5726 1535 5789 ὅτι
1564 5726 1781 5817 Δπαρέ-χ.
1958 5739 2005 5817 ξ*
2030 5726 2401 5817 φορῇ-φθονρᾷ
2432 5726 2869 5817 ReiskiusuaP‘Ed
2898 5726 3470 5817 wfms‘iornw'fM—ﬁ

652 5796 1035 5886 armis
1113 5803 1158 5886 τε
1211 5805 1300 5858 τδν
1348 5806 1514 5886 κάμρν
1550 5807 1614 5859 Α-
1668 5796 2486 5886 φκρδτὼτδῖλειείετοηι.
2523 5812 2585 5867 Α.
2690 5796 2995 5884 manu
3036 5806 3148 5875 ττι
3181 5800 3433 5877 apag.
3537 5796 3817 5853 "nam;

572 5867 861 5931 limatius:
898 5868 1017 5927 libri
1042 5872 1267 5939 τούτοις.
1346 5875 1389 5906 ⁸ο
1412 5867 1508 5947 τὴν
1542 5867 1958 5947 προσδυκίαῦἈ.
