4050 6450
272 430 416 499 1313

1288 426 1829 519 BIBLIO‘I‘HECA.
1871 449 1935 461 -
1959 425 2124 490 con.
2151 429 2454 493 CCLXIII.

3391 429 3528 498 13M

267 541 484 607 κακῶν,
505 538 650 595 οὕτω
677 538 773 594 καὶ
838 525 1031 609 Θήϐας
1081 538 1420 609 ἀνήρπασεν.
1458 537 1661 590 Ἔπεσε
1697 535 1850 598 πόλις

1956 532 2198 601 Griecize,
2247 547 2534 607 antequam
2585 538 2876 594 audiissem
2902 579 2917 604 ,
2944 554 3176 610 cumque
3226 556 3326 613 ego
3352 543 3530 599 adhuc

267 634 366 686 ἐπὶ
400 628 502 703 τῆς
534 631 781 694 Ἑλλάδος
812 630 1006 701 μέσης,
1053 628 1360 698 φθάσαντος
1409 629 1509 700 τὴν
1549 628 1739 698 φήμην
1756 624 1852 680 τοῦ

268 722 589 792 πτώματος.
657 719 831 789 Κάγὼ
862 719 959 788 μὲν
992 718 1224 788 ἠγνόουν
1268 719 1368 788 τὴν
1419 718 1726 789 συμφοράν,
1754 717 1854 788 τὴν

266 814 327 866 δὲ
363 813 519 865 πάλιν
541 805 654 882 εῐχε
679 811 741 864 τὸ
796 809 1171 880 πολυάνδριον.
1203 809 1374 864 Τοῦτο
1406 811 1503 881 μὲν
1531 811 1595 883 δὴ
1636 809 1854 881 πρῶτον

268 902 373 955 οὐκ
402 904 469 973 ὲᾷ
509 918 578 971 με
602 900 889 973 προσέχειν
909 914 922 931 ·
943 901 1194 971 δεύτερον
1220 901 1275 954 δὲ
1304 902 1386 955 ὅτι
1412 898 1553 955 οἶδεν
1600 902 1852 967 Ἀλέξαν-

268 994 421 1065 δρος,
454 995 559 1047 κᾶν
580 994 631 1047 εἰ
666 993 869 1064 σφόδρα
886 1011 967 1057 τις
990 993 1153 1049 αὐτὸν
1180 995 1399 1065 μεθύειν
1428 994 1533 1048 ὑπὸ
1559 995 1657 1065 τῆς
1698 997 1855 1049 εὐτυο

270 1076 397 1154 χίας
421 1085 707 1153 ὑπείληφε,
740 1084 835 1137 καὶ
867 1084 1013 1153 ἑξῆς.
1050 1084 1115 1137 Τί
1146 1081 1241 1139 οὗν
1270 1085 1331 1137 οὐ
1356 1084 1607 1157 καθαιρῶ
1637 1088 1707 1141 τὰ
1729 1087 1855 1157 τρός-

204 1192 207 1193 ⁷
272 1195 449 1243 παια;
484 1177 536 1230 τί
562 1177 619 1230 δὲ
645 1177 687 1208 ⁸¹
729 1177 830 1230 οὐκ
873 1178 1164 1249 ἀνατρέπω
1195 1178 1293 1241 τάς
1321 1178 1553 1249 στήλαςς
1580 1178 1634 1232 τί
1668 1178 1725 1233 δὲ
1755 1180 1856 1233 οὐκ

272 1265 545 1337 ἐξαλείφω
571 1268 639 1321 τά
692 1268 1127 1338 ὲπιγράμματα;
1157 1268 1341 1322 Πάντα
1391 1270 1498 1341 γὰρ
1532 1265 1687 1341 οἶμαι
1714 1270 1759 1302 ⁸⁸
1786 1270 1855 1324 τὰ

270 1360 377 1429 τῆς
412 1360 613 1430 ἀρετῆς
643 1360 1031 1431 ὑπομνήματα,
1051 1360 1242 1433 ὥσπερ
1270 1363 1382 1424 τοῖς
1406 1360 1629 1430 ἀγαθοῖς
1652 1361 1857 1436 κόσμος

273 1454 447 1517 ἐστὶν,
483 1452 653 1516 οὕτως
675 1452 896 1521 ἔλεγχος
933 1454 1042 1516 τοῖς
1073 1453 1513 1524 καταισχύνουσι.

347 1544 543 1608 Καλῶς
604 1542 914 1614 ἐθαύμαζον
963 1543 1062 1615 τὴν
1125 1545 1384 1616 Ποικίλην
1422 1547 1472 1599 οἰ
1519 1547 1780 1618 Σαλαμῖνι
1809 1546 1856 1579 ⁸⁸

273 1636 744 1697 κινδυνεύσαντες.
786 1633 1099 1688 Ἐδαπάνων
1123 1633 1232 1704 γὰρ
1264 1633 1357 1688 ἐπὶ
1380 1635 1478 1705 τῆς
1510 1635 1778 1705 Θαλάττης
1808 1635 1857 1668 ⁸⁸

272 1728 337 1782 τὸ
363 1729 482 1798 τῆς,
518 1726 749 1796 ἡπείρου
809 1724 1083 1795 λείψανον.
1149 1727 1471 1798 Παρνασσὸς
1497 1726 1543 1759 ⁸⁸
1565 1726 1623 1780 δὲ
1671 1729 1728 1790 ὲς
1756 1727 1856 1798 τὴν

274 1819 553 1875 Θάλασσαν
599 1817 887 1885 ἐσφενδόνα
938 1818 1035 1881 τὰς
1075 1816 1344 1888 κορυφὰς,
1391 1818 1486 1870 καὶ
1522 1820 1634 1878 τοῖς
1660 1816 1853 1871 ἑαυτοῦ

278 1910 504 1983 μέρεσιν
533 1908 656 1962 ἀντὶ
688 1908 856 1979 βελῶν
875 1908 1015 1977 ὑπὲρ
1038 1908 1131 1961 τοῦ
1160 1907 1658 1976 γένουςόπλίζεται.
1685 1908 1854 1979 Μερί-

274 2002 461 2065 ζονται
492 2000 548 2052 δὲ
593 1999 693 2061 τάς
754 1998 932 2069 μάχας
959 1997 1242 2068 Ἕλληνες,
1297 1999 1391 2052 καὶ
1424 1998 1678 2069 νέμονται
1716 2000 1853 2070 πρὸς

273 2090 536 2162 ἀλλήλους
569 2089 709 2161 μετὰ
767 2091 876 2143 τῶν
918 2089 964 2121 ’⁵⁸
999 2089 1277 2160 στοιχείων
1317 2090 1384 2144 τὰ
1427 2090 1874 2166 κατορθώματαη

272 2181 693 2253 Λακεδαιμόνιοι
717 2180 844 2254 [578
874 2179 962 2253 Π.”1
989 2183 1089 2255 τὴν
1112 2184 1360 2254 ἡπειρον,
1418 2185 1579 2254 ἡμεῖς
1633 2185 1731 2254 τὴν
1756 2184 1853 2238 θά-

271 2269 498 2325 λατταν.
544 2271 769 2324 Ἐκεῖνοι
817 2272 1151 2342 τριακοσίοις
1200 2271 1298 2334 τὰς
1353 2272 1536 2333 Πύλας
1585 2272 1851 2343 σώμασιν,

273 2363 435 2432 ἡμεῖς
459 2361 751 2424 τοσαύταις
778 2364 1031 2436 τριήρεσι
1057 2362 1154 2427 τὰς
1178 2364 1276 2435 τῆς
1310 2362 1556 2427 Ἑλλάδος
1590 2366 1854 2437 παρόδους

273 2450 550 2520 κλείομεν.
603 2451 906 2505 Νεανίσκου
968 2451 1025 2505 δὲ
1060 2454 1368 2518 Μακεδόνος
1419 2455 1542 2510 καθ’
1591 2443 1718 2527 ὅλης
1754 2457 1854 2525 τῆς

274 2540 369 2609 ὑφ’
429 2540 566 2612 ἡλίῳ
608 2541 982 2611 κωμάζοντος,
1023 2544 1118 2597 καὶ
1169 2543 1465 2610 λυποῦντος
1515 2547 1715 2618 μικροῦ
1759 2546 1856 2603 καὶ

272 2632 446 2704 αὐτὴν
476 2632 577 2704 τὴν
606 2632 777 2705 τύχην
805 2628 885 2698 οἷς
910 2635 1182 2708 ἑνυὸρίζει
1204 2640 1316 2700 τοῖς
1333 2638 1724 2710 εὐτυχήμασιν.
1751 2641 1855 2694 οὐκ

273 2725 426 2781 ἔστιν
448 2726 507 2790 δς
536 2726 890 2781 διανίσταται.
926 2729 1053 2782 Ὅτε
1086 2728 1130 2761 δ’
1169 2729 1380 2799 βασιλεῖ
1406 2733 1504 2796 τὰς
1536 2733 1856 2803 ὑποσχέσεις

274 2819 693 2890 διακονούμενος
719 2819 766 2852 ⁸⁸
788 2820 849 2873 ού
875 2820 1067 2885 πείσας
1098 2821 1361 2893 ἀπῆλθεν,
1390 2823 1524 2877 ἀλλά
1580 2826 1850 2894 κερδάνας

274 2910 359 2963 ὅτι
417 2911 493 2981 μὴ
549 2910 745 2975 πείσας
800 2910 1053 2975 ἐσώζετο.
1109 2912 1283 2984 ’Υμᾶς
1328 2914 1384 2967 δὲ
1434 2916 1736 2986 χειροήθεις
1764 2915 1849 2969 ἀεὶ

274 3002 389 3064 τοῖς
443 3001 764 3069 τυραννοῦσι
840 3003 885 3036 ⁸⁸
926 3006 1462 3074 παρασκευάζουσιν,
1526 3007 1613 3061 ῐνα
1663 3008 1848 3071 αὐτοῖς

278 3092 378 3161 μὲν
417 3092 633 3165 ὑπάρχῃ
662 3094 933 3159 πλουτεῖν,
994 3097 1061 3166 τῇ
1125 3096 1278 3148 πόλει
1315 3096 1371 3149 δὲ
1420 3097 1482 3149 τὺ
1506 3097 1614 3150 τῶν
1643 3098 1855 3152 οἰκείων

276 3183 585 3253 στέρεσθαι.
622 3185 938 3252 Ἀναγκαῖος
972 3185 1072 3255 μὲν
1099 3187 1127 3239 6
1166 3186 1349 3255 φόϐος,
1392 3170 1488 3257 ὀψὲ
1522 3190 1577 3242 δὲ
1606 3189 1701 3241 καὶ
1730 3190 1850 3244 λίαν
1882 3217 1925 3275 c

273 3275 516 3345 βραδέως
546 3276 671 3345 ἀρτι
700 3277 745 3307 ⁵⁸
774 3276 866 3329 τὸν
910 3279 1111 3348 τρόπον
1164 3280 1255 3333 τὸν
1290 3282 1542 3352 Αἰσχίνου
1570 3284 1612 3314 ⁸³
1652 3284 1851 3352 φυλάτ-

272 3365 435 3419 τεσθε
462 3366 530 3419 ⁸³.
572 3366 683 3429 Τάς
710 3368 958 3439 τριήρεις
991 3370 1265 3441 ἐμπρήσει
1296 3374 1394 3443 τῆς
1433 3372 1637 3437 πόλεως
1670 3375 1851 3428 οὐκέτι

272 3458 344 3514 δι’
388 3457 747 3527 Ἀντιφῶντος
785 3461 906 3514 οὐδὲ
941 3461 1009 3514 δι’
1038 3462 1409 3535 ἀπορρήτων,
1442 3464 1519 3527 ὡς
1566 3466 1849 3537 πρότερον,

273 3550 392 3604 ἀλλ’
444 3550 893 3622 αὐτοπροσώπως
920 3553 1088 3626 ¹⁸τὴν
1132 3554 1348 3608 ἀδικίαν
1399 3556 1849 3626 ὑποκρινόμενος.

279 3637 346 3692 '0
377 3638 548 3707 δῆμος
573 3641 599 3691 ὁ
629 3640 738 3692 τῶν
774 3640 1077 3710 ’Λθηναίων
1105 3642 1331 3716 Αἰσχίνῃ
1352 3644 1554 3714 γράφει
1581 3645 1681 3719 τὴν
1712 3646 1849 3701 κάθ-

272 3726 414 3791 οδον,
464 3730 493 3781 6
536 3729 634 3791 τὰς
677 3726 777 3781 ἀπ’
814 3729 993 3781 Ἰνδῶν
1027 3730 1211 3800 φήμας
1257 3732 1333 3795 ὡς
1370 3733 1507 3785 ὅπλα
1548 3739 1641 3787 καὶ
1673 3736 1851 3806 μάχας

276 3816 628 3888 φοϐούμενος.
694 3820 928 3873 Ὤκνουν
1018 3820 1354 3895 Ἀριστείδην
1420 3827 1705 3894 κατάγειν,
1756 3829 1851 3882 καί

198 3924 208 3931 ‘
273 3914 447 3967 ταῦτα
473 3914 533 3965 οὐ
564 3912 784 3979 κακίαν,
817 3912 934 3966 ἀλλ’
954 3912 1153 3984 ἀρετὴν
1177 3917 1274 3985 τῆς
1294 3916 1471 3986 φυγῆς
1503 3916 1693 3987 ἔχοντα
1719 3921 1857 3990 πρό-

274 4020 460 4073 φασιν.
493 4004 612 4057 Ἵνα
649 4004 757 4074 γὰρ
782 4004 1046 4057 πεισθῶσι
1100 4004 1179 4074 τῷ
1231 4006 1452 4074 Σόλωνι,
1489 4008 1596 4061 οὐδ’
1620 4011 1779 4063 αὐτὸν
1812 4013 1858 4044 ⁸⁸

273 4096 505 4163 ἔφευγον
535 4095 742 4148 ἀδικεῖν
782 4096 930 4161 δόξαι
985 4094 1047 4148 τδ
1076 4098 1122 4129 ⁸³
1164 4095 1395 4153 δίκαιον.
1455 4099 1649 4154 Κεῖται
1682 4100 1859 4156 Βαϐυ-

272 4186 405 4254 λὼν,
433 4189 656 4259 Δαρεῖος
684 4188 913 4257 οἴχεται,
968 4187 1162 4252 Ἰνδοὺς
1210 4189 1474 4261 ἀνῄρηκε,
1502 4193 1709 4263 Πέρσαι
1737 4196 1859 4248 δου-

1958 628 2323 683 calamitatem
2370 626 2486 695 ejus
2527 628 2854 699 ignorarem,
2925 630 3236 700 sepulcrum
3304 646 3524 687 suorum

1958 718 2104 773 facta
2149 729 2251 774 est.
2284 717 2395 773 Hoc
2442 729 2621 772 autem
2677 719 2895 790 impedit
2958 724 3245 789 quominus
3293 724 3527 793 primum

1958 824 2279 879 prosequar.
2325 810 2579 864 Secundo
2608 826 2739 865 vero
2773 812 2931 866 sctvit
2959 813 3286 877 Alexander,
3332 830 3525 883 quam-

1955 900 2040 953 vis
2069 913 2190 951 eum
2218 898 2342 967 quis
2370 900 2655 953 admodum
2701 900 2862 955 rebus
2894 902 3150 956 secundis
3180 904 3387 958 ebrium
3425 918 3525 972 pu-

1960 992 2109 1055 tarit,
2142 1002 2248 1049 etc.
2279 992 2388 1048 Cur
2416 1007 2545 1062 ergo
2585 1007 2690 1046 non
2726 993 2857 1047 tollo
2922 996 3158 1064 tropaea?
3184 993 3293 1051 Cur
3326 998 3528 1051 colum-

1958 1098 2056 1136 nas
2082 1097 2188 1137 non
2229 1083 2454 1137 everto?
2493 1097 2591 1137 cur
2638 1082 3019 1152 inscriptiones
3078 1100 3185 1139 non
3238 1086 3526 1154 expungo?

1958 1171 2093 1226 Nam
2122 1173 2235 1227 haec
2258 1174 2441 1227 omnia
2474 1174 2695 1229 virtutis
2740 1175 3059 1231 memoriam
3104 1174 3357 1229 existimo
3394 1191 3528 1228 con-

1959 1265 2152 1329 tinere,
2187 1274 2244 1319 ut
2273 1266 2438 1334 justis
2476 1266 2531 1320 in
2551 1267 2837 1333 honorem,
2864 1267 3226 1322 deterioribus
3258 1267 3309 1321 in
3335 1283 3527 1337 oppro-

1955 1356 2133 1411 brium
2166 1357 2381 1412 cedant.

2029 1535 2222 1590 Merito
2271 1536 2550 1591 Salaminii
2618 1534 2834 1590 Variam
2877 1536 3070 1608 3556
3126 1546 3245 1606 post
3288 1537 3526 1607 pericula

1961 1628 2227 1697 porticum
2246 1629 2651 1683 admirabantur
2668 1628 2900 1699 (52-ὃὸ).
2922 1628 3054 1682 Natu
3072 1644 3191 1699 qua
3213 1631 3262 1682 in
3277 1637 3417 1682 terra
3438 1645 3528 1684 su-

1968 1718 2280 1787 perfuerant
2311 1719 2565 1789 reliquas,
2596 1735 2688 1774 eas
2730 1724 2781 1773 in
2824 1735 2974 1775 mare
3008 1736 3105 1790 pro
3136 1708 3240 1775 hac
3277 1736 3528 1775 consum-

1958 1819 2202 1877 pserunt.
2218 1809 2519 1865 Parnassus
2535 1812 2796 1865 contorsit
2816 1812 2869 1865 in
2895 1814 3027 1866 mari
3052 1814 3251 1867 montis
3268 1814 3524 1878 vertices,

1888 1880 1929 1935 Β
1958 1912 2012 1956 et
2036 1901 2279 1971 partibus
2310 1902 2422 1957 suis
2453 1902 2569 1957 loco
2603 1904 2831 1958 telorum
2861 1919 2959 1974 pro
2988 1906 3089 1959 hac
3120 1914 3279 1975 gente
3316 1920 3523 1975 pugna-

1959 1992 2056 2048 vit.
2083 1993 2391 2048 Diviserunt
2419 1993 2591 2049 Graeci
2630 1995 2770 2050 inter
2794 2010 2853 2051 se
2887 2011 3118 2064 pugnas,
3147 2007 3201 2052 et
3231 1998 3527 2052 distribue-

1957 2095 2081 2139 runt
2112 2101 2234 2140 cum
2282 2086 2566 2141 elementis
2604 2096 2661 2140 et
2686 2085 2886 2150 ollicia,
2933 2087 3321 2143 Lacedaemonii
3358 2101 3523 2153 terra,

1956 2192 2056 2231 nos
2084 2176 2218 2229 mari
2250 2176 2537 2246 pugnaturi
2564 2217 2578 2241 ,
2612 2176 2686 2229 illi
2722 2177 2978 2231 trecentis
3011 2178 3321 2232 hominibus
3355 2177 3529 2232 Tlter-

1960 2268 2240 2337 mopylas,
2299 2282 2397 2321 nos
2446 2268 2669 2321 totidem
2704 2268 3014 2323 triremibus
3061 2285 3252 2325 omnes
3305 2269 3528 2325 Graeciae

1956 2360 2131 2413 aditus
2169 2360 2519 2416 occlusimus.
2570 2360 2741 2417 Nemo
2770 2377 2899 2415 vero
2941 2372 3079 2425 erat,
3104 2364 3194 2429 qui
3222 2374 3403 2432 posset
3438 2379 3526 2416 re-

1957 2450 2153 2504 sistere
2191 2452 2520 2507 adolescenti
2556 2454 2631 2507 illi
2672 2453 3003 2519 Macedonio,
3039 2462 3209 2508 totum
3242 2470 3346 2524 qtta
3382 2466 3532 2525 patet

1956 2542 2140 2593 orbem
2174 2543 2511 2611 pervadenti,
2546 2554 2597 2598 el
2635 2558 2771 2612 pene
2802 2545 3181 2599 constristauti
3216 2545 3387 2614 ipsam
3417 2546 3529 2598 fur-

1959 2631 2144 2686 tunam
2194 2633 2385 2688 iisdem
2426 2634 2586 2689 rebus
2635 2636 2890 2689 secundis
2926 2636 3119 2702 quibus
3148 2636 3234 2690 ille
3260 2650 3357 2691 nos
3397 2636 3533 2690 infe-

1956 2734 2085 2781 stat.
2109 2724 2206 2780 llic
2230 2727 2341 2795 regi
2367 2727 2752 2796 proinissioues
2770 2727 3017 2796 explens.
3047 2742 3104 2781 re
3128 2727 3325 2782 iniecta
3347 2728 3529 2791 rediit,

1956 2820 2050 2873 sed
2092 2819 2141 2872 id
2182 2819 2449 2873 commodi
2502 2821 2751 2889 accepit,
2808 2830 2867 2874 ut
2920 2802 3251 2875 servaretur.
3304 2820 3531 2889 Semper

1957 2911 2173 2980 quidem
2221 2926 2317 2964 vos
2379 2910 2564 2966 faciles
2622 2913 2868 2981 tyrannis
2936 2911 3283 2979 praebuistis,
3345 2920 3403 2964 ut
3455 2910 3531 2981 illi

1958 3004 2174 3071 quidem
2241 3004 2544 3066 ditescant,
2606 3005 2798 3057 civitas
2849 3017 2977 3056 vero
3038 3003 3191 3058 bonis
3248 3002 3531 3071 spolietur.

1960 3093 2307 3149 Necessarias
2346 3097 2561 3163 quidem
2597 3108 2805 3155 metus.
2845 3097 3055 3149 tandem
3083 3110 3237 3159 sero,
3280 3095 3533 3162 lenleque

1959 3185 2243 3239 admodum
2281 3183 2562 3240 Eschinis
2594 3187 3034 3239 consuetudinem
3067 3186 3295 3239 retinete
3336 3202 3349 3238 :
3383 3184 3532 3236 urbis

1961 3278 2210 3333 triremes
2236 3277 2506 3342 incendet,
2543 3291 2646 3330 non
2701 3291 2799 3345 per
2840 3275 3244 3345 Antiphontem,
3286 3287 3372 3329 aut
3400 3278 3535 3331 alios

1958 3368 2233 3432 occultos,
2281 3379 2341 3423 ut
2387 3369 2565 3437 prius,
2615 3368 2707 3421 sed
2754 3383 2848 3435 per
2896 3382 2953 3420 se
2998 3366 3119 3419 ﬁcta
3162 3367 3530 3436 improbitate.

1958 3460 2194 3529 Populus
2220 3460 2567 3515 Atheniensis
2609 3460 2731 3512 licet
2762 3458 2961 3512 faniam
3003 3456 3255 3511 ludorum
3289 3467 3345 3511 ut
3379 3471 3531 3512 arma

1958 3561 2012 3605 et
2056 3551 2193 3605 bella
2227 3560 2453 3616 metuat,
2484 3550 2805 3605 Eschinem
2846 3560 3083 3604 revocat.
3114 3547 3345 3619 Negligit
3377 3563 3534 3602 revo-

1956 3662 2085 3701 care
2115 3646 2433 3708 Aristidem,
2460 3644 2549 3714 qni
2584 3662 2688 3698 nou
2731 3653 2951 3713 propter
2988 3643 3264 3709 delictum,
3296 3642 3389 3696 sed
3422 3641 3533 3695 vir-

1958 3740 2086 3792 tutis
2112 3740 2331 3792 nomine
2367 3738 2656 3791 exsulavit.
2687 3736 2742 3791 Si
2775 3737 2918 3789 enim
2952 3733 3170 3789 Solonis
3207 3736 3411 3802 legibus
3438 3749 3535 3804 pa-

1956 3839 2155 3892 rerent,
2195 3829 2398 3897 justum
2426 3838 2571 3882 certe
2616 3843 2719 3881 non
2755 3828 3154 3896 proscriberent
3189 3826 3324 3899 (54).
3380 3824 3535 3879 Jacct

1965 3922 2232 3993 Babylon,
2273 3937 2444 3976 exesus
2473 3929 2552 3974 est
2595 3920 2814 3978 Darius,
2858 3918 3015 3972 Indos
3060 3918 3289 3983 evertit,
3340 3916 3536 3971 Persas

1964 4017 2216 4085 subegit,
2261 4015 2357 4069 soli
2408 4014 2767 4067 Athenienses
2798 4012 2997 4065 virtute
3032 4027 3125 4065 sua
3159 4010 3349 4079 reliqui
3385 4019 3531 4075 sunt,

1964 4123 2193 4178 quorum
2244 4107 2409 4160 robur
2448 4105 2605 4160 toties
2644 4104 2823 4159 Persas
2862 4105 3070 4173 experti
3110 4112 3265 4167 sunt,
3312 4102 3525 4171 quoties

1966 4216 2139 4270 pugna
2171 4198 2585 4254 comenderunt.

271 4277 520 4334 λεύουσι’
557 4279 712 4348 μόναι
751 4277 1030 4331 λείπουσιν
1076 4279 1123 4311 ⁸⁸
1174 4279 1393 4351 ’Δθῆναι
1427 4285 1539 4348 τοῖς
1577 4286 2019 4358 κατορθώμασιν,
2085 4284 2161 4345 ὧν
2231 4290 2437 4362 Πέρσαι
2482 4288 2807 4354 τοσαυτάκις
2868 4287 3094 4362 ⁴ἧσθοντο
3150 4286 3252 4358 τῆς
3308 4285 3533 4355 ἀρετῆς.

270 4369 465 4431 ὁσάκις
498 4367 605 4421 ἔδει
639 4365 933 4437 μάχεσθαι.

282 4486 381 4539 Ἐκ
411 4480 521 4556 τῆς
541 4479 798 4556 μελέτης
818 4474 898 4556 ἧς
941 4477 985 4510 ⁸⁷
1029 4479 1078 4556 ἡ,
1102 4479 1407 4556 ,ἐπιτραφὴ
1445 4502 1464 4535 ‘
1492 4484 1849 4556 Επίκουροςν

347 4545 644 4627 Πρόόροὶαν
677 4545 789 4605 οὐκ
837 4545 990 4604 εἶναι
1309 4545 1591 4623 ἀσεϐείας
1642 4545 1928 4627 spe-15750

344 4621 599 4693 γραφήν.
638 4639 658 4672 ι

806 4712 910 4766 Ἐκ
928 4711 1037 4780 τῆς
1066 4713 1301 4780 θεωρίας

349 4804 473 4864 Οῐδε
524 4805 785 4879 ῥητορικὴ
843 4805 941 4859 καὶ
984 4805 1302 4874 φιλοσοφίαν
1375 4803 1421 4839 ⁸³
1470 4808 1671 4880 ἑαυτῆς
1713 4808 1845 4881 ὕλην

267 4899 601 4971 ποιήσασθαι
628 4913 642 4929 ⁸
667 4898 931 4959 τύοαννος
988 4896 1098 4966 γάρ
1126 4898 1160 4967 ἡ
1189 4897 1283 4952 τοῦ
1308 4897 1488 4953 λέγειν
1515 4898 1721 4955 ἀνωθεν
1743 4902 1839 4957 δύ-

267 5007 454 5063 νειμις.

1960 4488 2046 4545 Ex
2090 4489 2477 4544 Deriamalione
2520 4490 2606 4543 cui
2638 4480 2835 4543 titulus
2869 4498 2944 4542 est
2974 4502 2993 4541 :
3034 4506 3052 4539 ι
3095 4486 3356 4557 Epicurus
3395 4487 3532 4542 Pro-

2140 4560 2422 4616 videntiam
2446 4575 2659 4630 negans,
2694 4561 2977 4629 impietatis
3007 4570 3305 4613 accusatur.
3342 4577 3361 4611 ι

2526 4712 2645 4793 ‘Ea:
2672 4713 2891 4767 thearia.

2025 4805 2195 4861 Scivit
2235 4805 2511 4861 rhetorica
2547 4806 2651 4860 sibi
2695 4803 3090 4875 philosoph.am
3132 4814 3413 4859 materiam
3450 4806 3531 4859 di-

1949 4896 2110 4951 cendi
2155 4909 2393 4964 parare:
2433 4894 2721 4952 sublimior
2753 4897 2896 4951 enim
2943 4896 3155 4952 dicendi
3196 4896 3313 4962 vis,
3346 4896 3518 4952 instar

1950 4990 2165 5061 tyranni
2193 4997 2297 5044 est.

1570 5168 1653 5222 VA
1664 5169 1798 5224 BHE
1828 5168 2234 5226 LECTIONES.

337 5310 384 5341 “
421 5310 478 5363 δὲ
506 5325 614 5363 om.
649 5309 715 5363 A.
792 5309 837 5339 δ’
872 5303 1027 5375 οἶμαι

1108 5323 1166 5373 αι
1212 5305 1281 5358 τά
1323 5306 1459 5374 μετὰ
1491 5305 1529 5358 Β
1562 5316 1613 5360 et
1646 5322 1787 5358 corr.
1845 5307 1911 5362 A.

263 5382 311 5412 “
336 5379 445 5432 τῶν
477 5380 598 5432 add.
635 5380 700 5431 A.
737 5446 747 5448 _
778 5380 821 5414 ⁸⁷
852 5375 1047 5448 ὅτε]-ὄ,
1080 5393 1142 5448 τε
1164 5376 1227 5429 C.
1256 5444 1267 5448 Δ
1306 5375 1352 5448 θ’
1376 5375 1914 5448 διακρινούμενοςᾉΑ.

1983 5303 2028 5335 ⁸³
2064 5301 2374 5373 Σαλαμίνιοι
2408 5318 2467 5373 ς.
2545 5300 2592 5333 ⁸⁸
2626 5300 2895 5373 θαλάσσης
2926 5301 2986 5356 Β.
3064 5304 3108 5336 ⁵⁵
3140 5302 3420 5373 Παρνασὺς
3465 5302 3522 5354 Β.

2024 5374 2067 5406 δ’
2098 5370 2443 5443 τυραννοῦσι]
2475 5372 2797 5441 τυγχάνουσι
2828 5370 2890 5425 Α.
2966 5374 3013 5405 ⁸⁰
3037 5373 3161 5443 ἄρτι
3190 5370 3243 5443 VA'
3269 5393 3281 5428 :
3312 5375 3430 5426 άντί
3461 5391 3521 5437 ς.

264 5453 306 5483 ⁵⁸
348 5440 1026 5520 τὸγνᾼίσχᾼτοῦαλίσχῘΒ.
1065 5447 1149 5520 _”
1182 5440 1546 5520 φυλάττεσθαι
1577 5440 1670 5520 ς.’
1714 5440 2290 5520 δ’ῳαύτοπρόσωποςβ.
2357 5440 2403 5471 ⁸³
2432 5440 2611 5496 iualtm
2641 5442 2794 5495 αὐτὸ.
2870 5442 2916 5476 ⁸⁸
2944 5444 3026 5513 τὸ]
3055 5440 3145 5498 τὸν
3175 5442 3236 5498 Β.
3310 5446 3356 5477 ⁵⁸
3378 5444 3520 5496 λείπ.

263 5522 319 5572 αί
370 5513 654 5582 Ἀθῆναιξ
750 5518 797 5551 ⁸⁷
823 5513 1021 5587 ﬁgam.
1058 5514 1118 5570 C.
1194 5517 1239 5549 ⁵⁸
1276 5515 1592 5586 φιλοσοφίαν
1624 5514 1845 5586 ἑαυτῆς]
1875 5513 2187 5583 φιλοσοφίας
2209 5513 2273 5566 A.

1782 5647 2016 5705 NOTAE.

336 5766 565 5836 (ΒΞ-⁵55),
598 5764 797 5822 Poecile
848 5767 1087 5835 porticus
1128 5764 1374 5820 Athenis.
1402 5764 1536 5823 Vide
1572 5763 1850 5821 Emilium

265 5835 534 5894 Probum.
554 5835 682 5893 Vide
711 5836 860 5893 inin.
884 5837 937 5891 in
964 5846 1102 5892 orat.
1148 5837 1405 5905 proxima.

2036 5764 2147 5833 (54)
2170 5762 2493 5833 Plutarchus
2510 5763 2563 5833 iu
2586 5766 2770 5819 decem
2794 5764 3015 5820 Graecia:
3040 5780 3130 5819 ora
3142 5766 3364 5824 toribus.
3390 5762 3524 5821 Vide

1966 5832 2171 5889 Plutar.
2203 5843 2257 5889 et
2283 5832 2446 5887 Corn.
2478 5832 2737 5905 Nepotem
2769 5851 2862 5890 seu
2892 5833 3146 5895 Probum.
