4104 6432
543 376 679 444 1315

1020 483 1308 539 Exordium
1341 483 1619 539 orationis.

612 578 789 633 Discet
817 591 962 633 nunc
993 586 1179 647 aperte
1212 576 1498 645 Epicurus,
1529 575 1573 630 si
1613 584 1771 631 antea
1803 575 2105 641 ignorabat,

537 670 751 734 doctus,
784 670 877 724 sed
907 671 1208 733 convictus,
1233 667 1577 722 Providentia
1619 667 1729 737 regi
1769 667 2104 721 universum.

539 761 690 827 Quod
716 760 859 814 enim
884 759 1006 813 mali
1033 761 1479 823 condemnentur,
1504 760 1816 828 puniantur,
1840 767 1894 811 et
1921 772 2109 828 pugnas

541 851 710 916 luant,
743 850 937 921 353a
969 848 1309 903 manifestum
1337 858 1419 904 est
1448 848 1702 903 indicium
1762 864 1869 903 non
1902 860 2108 903 natura:

542 952 745 998 temere
773 959 833 997 ac
867 944 1066 997 t'rustra
1101 943 1329 1006 ruentis,
1353 941 1447 997 sed
1490 940 1622 1009 legis
1653 953 1817 1011 atque
1850 942 2105 1007 instituti,

538 1044 592 1088 et
635 1034 857 1088 rationis
902 1033 1343 1096 administrandi,
1382 1040 1437 1085 et
1484 1033 1585 1087 hoc
1629 1033 1894 1099 amplius,
1940 1035 2110 1103 ipsius

542 1124 901 1178 Providentiae
952 1136 1033 1178 est
1071 1133 1465 1193 argumentum.
1510 1122 1629 1178 Jam
1662 1125 1840 1193 itaque
1880 1125 2109 1193 aliquid,

541 1218 916 1282 Atheuienses,
934 1217 1453 1271 commemoratione
1469 1216 1689 1284 dignum
1710 1218 1929 1272 accidit.
1956 1216 2113 1271 Venit

544 1311 597 1365 iu
626 1310 878 1375 iudicium
903 1309 1164 1376 Epicurus
1186 1306 1330 1361 vultu
1359 1307 1630 1372 subtristi,
1661 1317 1716 1362 et
1739 1323 1914 1372 suam,
1946 1322 2108 1377 quam

543 1406 609 1456 de
634 1404 904 1468 voluptate
931 1402 1110 1462 habet,
1134 1400 1443 1468 opinionem
1466 1400 1659 1454 tetrico
1682 1399 1827 1453 vultu
1848 1400 2108 1469 corrupit.

545 1493 749 1563 Duplici
784 1493 848 1547 de
880 1507 1040 1547 causa
1065 1492 1189 1545 odio
1220 1491 1597 1562 dignissimus,
1628 1507 1750 1545 cum
1780 1493 1923 1561 quod
1958 1492 2114 1546 aliter

544 1586 734 1639 doceat
767 1584 1039 1653 privatim,
1072 1589 1189 1636 tum
1221 1586 1362 1652 quod
1392 1586 1549 1639 aliter
1581 1584 1792 1652 publice
1842 1585 2111 1639 exhibeat.

544 1672 619 1727 lbi
642 1674 784 1727 enim
816 1674 1139 1741 voluptatem
1168 1674 1387 1741 quidem
1410 1675 1602 1740 jactat,
1638 1684 1695 1726 ut
1716 1672 2111 1743 jucunditatem

1701 373 1963 434 ΡΗΟΤΙΙ
2006 372 2506 434 ΡᾹΤΒῙΑΗΟΠΕ
2532 370 2640 432 CP.

3648 368 3793 437 1316

2135 494 2177 547 Α
2208 483 2369 556 [1084
2396 483 2486 556 it]
2524 483 2624 549 Ἐξ
2657 480 2851 552 αὐτῆς
2873 482 2921 515 "
2940 481 3049 552 τῆς
3070 481 3332 553 μελέτης
3358 481 3429 537 τὸ
3447 483 3784 552 προοίμιον.

2276 574 2391 628 Νῦν
2422 576 2542 645 μὲν,
2573 576 2621 628 εί
2647 576 2741 629 καὶ
2766 574 2842 645 μὴ
2860 574 3143 646 πρότερον,
3173 576 3379 630 εἴσεται
3406 574 3594 645 σαφῶς
3630 576 3789 629 Ἐπί-

2208 686 2402 740 κουρος
2429 669 2511 722 ὃτι
2540 669 2767 737 πρόνοια
2824 669 3016 723 διοικεῖ
3074 669 3173 740 τὴν
3211 668 3320 724 τῶν
3344 671 3481 724 ὅλων
3508 670 3695 739 φύσιν,
3720 669 3787 722 οὗ

2206 759 2571 829 δογματίζων,
2637 759 2772 814 ἀλλά
2830 760 3180 829 κρινόμενοςο
3226 760 3289 812 τὸ
3323 760 3432 832 γὰρ
3459 762 3585 825 τοὺς
3619 779 3788 832 πονη-

2210 851 2337 925 ροὺς
2367 851 2648 922 κρίνεσθαι
2670 852 2763 904 καὶ
2792 849 3115 916 κολάζεσθαι
3156 852 3251 904 καὶ
3278 850 3478 905 διδόναι
3502 851 3661 922 δίκην
3681 853 3783 906 ούκ

2209 943 2331 1013 εἰκῆ
2364 943 2673 1013 φερομένης
2702 943 2797 995 καὶ
2825 942 3006 1012 μάτην
3036 940 3269 1009 φύσεως,
3302 942 3438 996 ἀλλά
3458 942 3663 1013 θεσμοῦ
3688 944 3787 996 καὶ

2210 1032 2375 1101 νόμου
2398 1033 2490 1085 καὶ
2523 1033 2567 1064 ⁸⁸
2602 1031 2880 1094 πολιτείας
2917 1032 3010 1085 καὶ
3044 1032 3126 1099 (τὸ
3175 1030 3449 1101 μέγιστον)
3483 1025 3657 1099 αὐτῆς
3684 1032 3787 1101 τῆς

2210 1123 2465 1192 προνοίας
2494 1123 2747 1194 λαμπρὸν
2774 1122 3008 1193 ὑπάρχει
3038 1122 3358 1192 τεκμήριον.
3391 1122 3528 1191 Ἤδη
3563 1124 3662 1191 μὲν
3691 1118 3787 1175 οὖν

2212 1213 2487 1285 προῦργου
2507 1231 2559 1266 τι
2582 1212 2682 1284 τῆς
2707 1214 2944 1283 γραφῆς,
2980 1212 3171 1283 ἄνδρες
3228 1211 3517 1281 Ἀθηναῖοι,
3556 1213 3788 1283 γεγένη-

2213 1321 2324 1358 ται.
2355 1304 2678 1372 Στυγνάζων
2708 1298 2841 1374 ἧκεν
2859 1304 2899 1334 ⁸³
2932 1303 3025 1380 ἐπὶ
3079 1304 3179 1373 τὴν
3219 1303 3397 1373 κρίσιν
3438 1301 3784 1373 Ἐπίκουρος,

2212 1397 2307 1449 καὶ
2346 1395 2405 1448 τὸ
2471 1395 2571 1463 τῆς
2603 1396 2793 1467 ἡδονῆς
2825 1394 3002 1465 δόγμα
3058 1398 3123 1465 τῇ
3156 1394 3427 1466 κατηφείᾳ
3462 1394 3781 1464 διέφθαρκε.

2212 1489 2291 1541 Δι’
2325 1488 2607 1559 ἀμφότερα
2636 1488 2697 1541 δὲ
2732 1488 3010 1559 μισεῖσθαι
3036 1488 3263 1553 δίκαιος,
3289 1490 3383 1541 καὶ
3410 1481 3485 1540 ὧν
3518 1488 3625 1558 ἰδία
3655 1504 3785 1540 παι-

2212 1580 2357 1634 δεύει
2386 1581 2481 1635 καὶ
2503 1574 2578 1635 ὧν
2610 1579 2844 1651 δημοσίᾳ
2875 1580 3191 1635 πλάττεται.
3238 1580 3384 1633 Ἐκεῖ
3408 1581 3508 1650 μὲν
3545 1579 3656 1649 γὰρ
3685 1578 3785 1649 τήν

2214 1673 2405 1743 ἡδονὴν
2422 1672 2625 1743 apum,
2650 1672 2738 1724 ἴνα
2767 1671 2863 1739 τὴν
2889 1670 3037 1742 ὥραν
3064 1671 3159 1741 τὴν
3188 1670 3295 1724 τῶν
3314 1670 3612 1740 χρωμένων
3644 1686 3786 1737 καρ-

545 1780 612 1820 ex
650 1765 900 1820 omnibus
949 1767 1109 1821 rebus
1157 1765 1377 1833 colligat
1421 1782 1436 1819 :
1490 1765 1578 1820 hic
1618 1781 1746 1820 vero
1793 1769 2111 1837 gravitatem

2215 1765 2463 1834 πώσηται
2481 1780 2494 1794 ο
2520 1762 2749 1816 ενταῦθα
2769 1764 2825 1817 δὲ
2840 1762 2939 1835 τὴν
2970 1763 3271 1833 σεμνότητα
3302 1760 3666 1830 καθυποκρίνε
3677 1777 3787 1824 ται,

546 1861 824 1923 mentitur,
880 1873 937 1915 ut
971 1860 1183 1930 jndices
1214 1861 1556 1915 conciliando
1582 1861 1868 1931 subripiat.
1904 1860 2113 1917 Novum

2218 1856 2283 1910 ἶν’
2314 1828 2611 1925 ὑφαρπάσῃ
2632 1854 2692 1907 τὸ
2732 1828 3101 1924 δικαστήριόν.
3124 1828 3259 1906 ’11⁷⁸³
3275 1853 3372 1922 μὲν
3398 1828 3579 1924 κρίσις
3607 1852 3787 1923 παρὰ·

546 1964 676 2004 sane
707 1950 991 2020 judicium,
1030 1952 1193 2005 homo
1227 1961 1445 2021 propter
1472 1960 1719 2005 naturam
1757 1953 1940 2006 tnundi
1969 1953 2117 2022 judi-

548 2050 719 2105 catur,
753 2052 805 2095 ct
834 2057 1117 2109 perversos
1149 2041 1400 2110 Sophista
1422 2079 1438 2105 ,
1472 2053 1692 2111 propter
1716 2044 2114 2111 providentiam

549 2144 762 2199 pmuam
809 2133 972 2186 subit.
1029 2132 1174 2186 Perit
1227 2133 1408 2186 oiunis
1455 2133 1628 2188 virtus
1674 2149 1768 2202 per
1814 2134 2114 2190 doctrinam

561 2221 774 2290 Epicuri
808 2233 862 2277 et
909 2237 1207 2277 sermones.
1241 2223 1481 2277 Pereunt
1516 2224 1769 2288 concilia,
1804 2236 1855 2279 et
1885 2226 2114 2296 judicia,

551 2312 847 2365 honestatis
872 2312 1110 2380 przemia,
1140 2312 1499 2380 improbitatis
1527 2315 1883 2383 supplicium;
1898 2318 2026 2385 quin
2062 2326 2118 2373 et

554 2416 713 2469 supra
770 2403 967 2456 C(Blllm
1007 2405 1188 2456 evadit
1221 2404 1498 2474 impietas.
1542 2408 1824 2477 nullosque
1853 2421 1937 2463 est
1968 2411 2118 2465 lociis

550 2493 642 2559 qni
691 2492 1030 2561 impudentia:
1067 2503 1120 2546 et
1166 2495 1403 2549 audaciae
1446 2495 1659 2565 Epicuri
1691 2499 1761 2552 sit
1806 2514 2021 2569 expers.
2057 2502 2119 2555 Et

553 2584 655 2639 hac
692 2584 757 2637 de
792 2598 984 2649 causa,
1023 2586 1262 2656 antiquis
1318 2587 1669 2658 philosophia
1710 2593 1951 2662 vrstigiis
1979 2595 2118 2647 insi-

552 2683 695 2725 3tere
735 2672 983 2737 erubuit,
1029 2683 1083 2727 et
1124 2677 1369 2729 eamdem
1411 2692 1573 2747 quam
1623 2680 1829 2748 priores
1865 2683 1942 2735 ire
1976 2686 2115 2737 viam

555 2763 788 2832 neglexit
817 2763 950 2834 (55).
983 2761 1177 2819 Eorum
1219 2781 1380 2836 porro
1420 2769 1583 2823 anitni
1614 2772 1915 2840 angustiam
1946 2773 2117 2842 potis-

556 2854 753 2939 simum
786 2855 1015 2918 incusat,
1037 2856 1128 2927 qui
1154 2872 1182 2909 a
1213 2858 1368 2912 nobis
1392 2871 1609 2929 propter
1629 2863 1902 2917 doctrinas
1926 2866 2119 2932 impias

552 2943 721 3011 puniti
761 2954 916 3009 sunt,
958 2960 1127 3013 quare
1172 2959 1362 3000 omnes
1419 2949 1598 3003 adhuc
1640 2948 1917 3018 impietate
1959 2952 2117 3022 longo

555 3036 839 3091 intervallo
865 3052 1123 3107 superare
1162 3046 1333 3107 parat.
1381 3039 1490 3093 Cur
1526 3056 1631 3095 non
1677 3052 1983 3108 accusetur,
2025 3046 2118 3113 qui

557 3125 659 3180 tale
675 3142 739 3181 ac
783 3136 991 3181 tantum
1043 3144 1237 3183 nomen
1281 3144 1445 3184 ausus
1471 3139 1555 3185 est
1584 3129 1690 3193 sibi
1722 3129 2020 3200 attingere?
2060 3142 2116 3187 at
2140 3155 2186 3217 ρ

554 3218 641 3271 ubi
674 3219 787 3272 haec
811 3218 1127 3286 profitetur?
1162 3218 1389 3274 Ubinam
1421 3222 1671 3275 convenit
1709 3232 1765 3275 et
1795 3225 2117 3279 commisce-

562 3316 648 3361 tur
675 3307 923 3377 voluptas
950 3307 1244 3375 laboribus,
1280 3311 1536 3366 fortitudo
1556 3312 1803 3370 deliciis?
1828 3315 2119 3370 Academia

556 3396 935 3465 lupanaribus,
977 3398 1311 3468 philosoiihia
1358 3402 1755 3470 potationibus,
1814 3415 2123 3475 temperan-

557 3490 687 3542 tiqu
740 3491 846 3542 vita
897 3506 1020 3543 cum
1063 3491 1345 3561 impudicis
1388 3494 1852 3551 adolescentibus?
1894 3497 1957 3550 Et
1993 3498 2121 3566 quid

555 3578 834 3649 praedixit,
865 3581 956 3649 qui
988 3596 1150 3637 ausus
1179 3582 1297 3637 est?
1328 3583 1530 3637 Bellum
1582 3597 1638 3639 et
1671 3602 1819 3640 arma
1858 3590 2123 3644 universa:

558 3680 762 3724 natura;
799 3670 1006 3740 legibus
1049 3672 1274 3735 indicit,
1314 3682 1499 3727 contra
1530 3688 1743 3728 omnem
1777 3684 1991 3729 aetatem
2025 3670 2126 3732 de?

558 3759 813 3812 mentiam
844 3758 1094 3827 ellundit,
1118 3771 1174 3815 et
1200 3763 1267 3817 de
1296 3762 1476 3833 impiis
1508 3766 1871 3821 sectatoribus
1892 3782 1985 3823 eos
2007 3768 2124 3838 plu-

559 3848 754 3903 rimum
784 3847 929 3914 colit,
956 3850 1047 3921 qui
1078 3852 1399 3921 voluptatem
1430 3864 1554 3909 ante
1581 3854 1717 3911 alios
1762 3858 2119 3914 demirantur.

634 4131 790 4191 Prius
839 4151 968 4193 vero
1002 4137 1362 4194 defensionem
1408 4138 1526 4207 elus
1571 4138 1973 4195 consideremus
2008 4157 2023 4194 :
2053 4154 2121 4194 an

558 4228 815 4285 doctrinae
841 4228 955 4295 ejus
987 4242 1200 4300 pinnam
1234 4228 1439 4299 exigis?
1467 4228 1708 4295 Minime,
1743 4232 1836 4283 sed
1874 4230 2120 4298 impieta-

560 4318 649 4373 tis.
690 4316 839 4372 Licct
880 4318 1023 4372 enim
1075 4318 1272 4373 docere
1314 4318 1611 4387 quodlibet,
1664 4319 1830 4388 impio
1867 4333 1989 4374 esse
2016 4336 2121 4373 non

562 4406 707 4462 licet.
737 4406 793 4460 Si
825 4406 1055 4476 probare
1090 4415 1242 4475 potes
1281 4422 1387 4463 non
1410 4421 1532 4463 esse
1562 4422 1655 4464 eos
1686 4409 1878 4478 impios
1908 4410 1962 4465 iu
1994 4425 2119 4465 ver-

2213 1946 2362 2011 δοξος
2394 1962 2406 1975 ·
2439 1946 2578 2019 ἀνὴρ
2618 1945 2753 2015 πρὸς
2785 1944 2883 2016 τὴν
2914 1944 3074 2013 φύσιν
3096 1943 3205 1997 τῶν
3236 1943 3404 1997 ὄντων
3437 1944 3485 1974 ⁸⁸
3511 1943 3782 2013 κρίνεται,

2216 2036 2312 2089 καὶ
2349 2037 2581 2107 πονηρὸς
2608 2036 2865 2105 σοφιστὴς
2894 2035 3031 2104 πρὸς
3062 2035 3161 2105 τὴν
3192 2034 3447 2104 πρόνοιαν
3478 2035 3782 2099 δικάζεται.

2216 2128 2436 2198 Οῖχεται
2486 2128 2582 2198 μὲν
2638 2128 2805 2200 ἀρετὴ
2868 2129 3016 2197 πᾶσα
3063 2129 3173 2189 τοῖς
3228 2125 3550 2197 Ἐπικούρου
3605 2127 3785 2195 λόγοις

2217 2223 2312 2275 καί
2350 2221 2631 2291 δόγμασιν,
2653 2220 2857 2291 οἴχεται
2916 2220 2971 2272 δὲ
3025 2219 3349 2291 δικαστήρια
3383 2218 3514 2291 [579
3553 2218 3650 2292 [1.]
3687 2220 3783 2273 καὶ

2216 2312 2447 2382 κρίσεις,
2479 2312 2697 2365 καὶτῶν
2724 2310 2825 2381 μὲν
2849 2310 3068 2379 ἀγαθῶν
3106 2311 3160 2364 αἱ
3197 2311 3371 2379 τιμαὶ,
3392 2311 3502 2364 τῶν
3534 2311 3592 2365 δὲ
3627 2313 3786 2363 ἔναν-

2214 2405 2345 2457 τίων
2366 2404 2425 2456 τὸ
2453 2405 2687 2475 τίμημα.
2740 2404 3051 2458 Ἀναϐαίνει
3079 2405 3137 2458 δὲ
3174 2407 3269 2458 καὶ
3310 2406 3387 2468 είς
3414 2405 3643 2475 οὐρανὸν
3672 2406 3787 2460 ἀνω

2215 2497 2327 2557 τοῖς
2386 2493 2710 2563 ἀδικήμασι,
2753 2494 2847 2549 καὶ
2899 2493 3060 2557 τόπος
3097 2494 3271 2556 οὐδεὶς
3319 2494 3417 2563 τῆς
3450 2493 3784 2563 θρασύτητος

2216 2583 2538 2654 Ἐπικούρου
2569 2582 2790 2636 καὶτῶν
2816 2582 3175 2652 τολμημάτων
3211 2582 3511 2653 ἐξαίρετος.
3541 2583 3616 2636 Τὸ
3634 2582 3679 2634 δ’
3701 2585 3786 2633 αἶ-

2216 2691 2353 2737 τιον,
2405 2674 2645 2746 ᾐσχύνθη
2700 2677 2811 2737 τοῖς
2873 2675 3119 2745 ἀρχαίοις
3168 2676 3423 2745 ἐμμεῖναι
3468 2674 3789 2744 φιλοσοφίας

2215 2766 2363 2836 ὅροις
2406 2765 2749 2836 Ἐπίκουρος,
2794 2765 2885 2818 καὶ
2947 2767 3046 2833 τὴν
3092 2766 3258 2836 αὐτὴν
3311 2764 3428 2817 ὁδὸν
3472 2764 3648 2817 ἐλθεῖν
3674 2767 3788 2827 τοῖς

2217 2858 2480 2928 πρότερον
2515 2856 2941 2928 φιλοσοφήσασιν
2996 2855 3229 2926 ὤκνησε.
3254 2856 3473 2910 Μᾶλλον
3495 2854 3552 2909 δὲ
3596 2872 3791 2925 μικρο-

2216 2946 2416 3017 ψυχίαν
2447 2949 2748 3015 καταγνοὺς
2792 2946 2900 2999 τῶν
2925 2947 3038 3000 ὅσοι
3078 2946 3209 3016 παρ’
3250 2947 3383 3015 ἡμῖν
3412 2946 3507 2997 ἐπὶ
3536 2947 3792 3015 πονηροῖς

2217 3038 2445 3109 δόγμασι
2486 3037 2933 3107 πλημμελοῦντες
2972 3037 3364 3107 ἐκολάσθησαν,
3401 3036 3544 3104 ἔγνω
3580 3036 3789 3099 πάντας

2217 3130 2427 3201 ἀθρόως
2456 3130 2855 3200 ὑπερϐαλέσθαι
2909 3134 3021 3193 τοῖς
3064 3130 3411 3200 ἀδικήμασιν.
3442 3128 3513 3180 Ἢ
3547 3126 3665 3189 πῶς
3692 3129 3793 3180 οὐκ

2222 3220 2370 3285 ἄξιος
2401 3220 2680 3291 μέμψεως,
2708 3220 2976 3291 τοσαύτης
3000 3219 3094 3272 καὶ
3122 3216 3454 3288 τηλικαύτης
3475 3215 3793 3285 ἐπωνυμίας

2223 3310 2515 3381 ἐπιχειρῶν
2561 3309 3033 3381 καταψεύδεσθαις
3097 3308 3203 3362 Ποῦ
3234 3309 3338 3379 γάρ
3366 3307 3709 3377 ὁμολογεῖται
3747 3307 3791 3339 ⁸³

2221 3401 2422 3469 ταῦτα;
2453 3401 2557 3455 ποῦ
2588 3402 2646 3456 δὲ
2677 3402 2960 3472 συμϐαίνει
2986 3403 3081 3454 καὶ
3116 3402 3371 3472 μίγνυται
3399 3400 3561 3471 ἡδονὴ
3590 3401 3787 3463 πόνοις,

2222 3495 2486 3566 καρτερία
2520 3497 2744 3566 τρυφῇς
2785 3494 3087 3565 Ἀκαδημία
3130 3495 3217 3548 καὶ
3260 3494 3476 3564 πόρναι,
3507 3493 3788 3562 φιλοσοφία

2222 3586 2315 3639 καὶ
2344 3586 2523 3651 πότος,
2554 3585 2977 3657 σωφρονούντων
3015 3585 3125 3654 βίος
3164 3586 3259 3640 καὶ
3299 3585 3576 3640 ἀκόλαστα
3598 3587 3789 3655 μειρά-

2222 3695 2348 3745 κια;
2393 3678 2450 3732 '0
2478 3678 2535 3731 δὲ
2563 3677 2615 3730 τί
2640 3678 2943 3750 προῄρηται
2980 3680 3026 3710 ⁸⁸
3061 3679 3155 3732 καὶ
3182 3678 3233 3732 τί
3254 3678 3555 3749 τετόλμηκε
3581 3694 3597 3743 ;
3633 3679 3787 3730 1:613-

2226 3788 2325 3840 μον
2362 3770 2576 3824 ἀπειλεῖ
2597 3774 2695 3825 καὶ
2732 3773 2910 3843 μάχην
2940 3772 3053 3834 τοῖς
3091 3771 3278 3840 νόμοις
3328 3770 3457 3841 ὅλης
3487 3771 3531 3801 ⁸⁷
3562 3770 3664 3841 τῆς
3687 3771 3789 3838 φύ-

2223 3876 2379 3933 σεως.
2417 3858 2620 3930 Ἐμάνη
2683 3860 2881 3929 μανίαν
2944 3856 3066 3921 καθ’
3112 3856 3325 3926 ἡλικίας
3382 3857 3595 3925 ἀπάσης
3638 3857 3784 3909 Ἐπί-

2221 3965 2436 4019 κουρος,
2470 3949 2567 4002 καὶ⁸
2593 3948 2870 4011 δυσσεϐεῖς
2918 3947 3124 4019 ἔρωτας
3171 3946 3382 4019 ἠράσθη
3428 3949 3650 4001 πάντων
3679 3949 3786 4002 ὅσοι

2219 4040 2317 4112 τὴν
2342 4040 2491 4113 ὥραν
2522 4041 2659 4114 ὑπὲρ
2691 4041 2817 4103 τοὺς
2847 4038 3039 4103 ἄλλους
3065 4038 3460 4108 θαυμάζονται.

2292 4133 2562 4203 Πρότερον
2619 4132 2675 4185 δὲ
2734 4130 2897 4184 αὐτοῦ
2952 4131 3050 4201 τὴν
3093 4130 3391 4199 ἀπολογίαν
3435 4128 3782 4199 πεςώμεθα.

2220 4227 2498 4298 Δόγματος
2521 4223 2614 4281 οὖν
2636 4228 2882 4290 ἀπαιτεῖς
2906 4225 2950 4258 ⁸³
2978 4225 3134 4291 δίκας
3155 4244 3170 4293 ;
3197 4224 3332 4289 Οῧκ,
3350 4226 3464 4279 ἀλλ’
3493 4225 3749 4288 ἀσεϐείας
3767 4241 3783 4257 ·

2220 4319 2565 4390 δογματίζειν
2600 4318 2699 4389 μὲν
2724 4318 2833 4390 γὰρ
2855 4318 2998 4385 ἐξὸν,
3024 4318 3241 4373 ἀσεϐεῖν
3269 4319 3326 4372 δὲ
3363 4319 3465 4371 οὐκ
3496 4318 3787 4389 ἐπιτέτρα-

2223 4424 2375 4462 πται.
2405 4409 2469 4461 Εί
2500 4409 2600 4479 μὶν
2626 4404 2720 4462 οὖν
2749 4408 2893 4479 ἔχεις
2922 4410 3093 4462 εἰπεῖν
3127 4409 3202 4472 ὡς
3233 4409 3334 4461 οὐκ
3362 4408 3579 4470 ἀσεϐεῖς
3610 4403 3692 4471 οἷς
3713 4410 3787 4461 εῖ-

559 4497 665 4560 l:is,
709 4498 866 4550 verba
900 4512 1004 4550 non
1043 4498 1281 4553 damno:
1308 4507 1366 4552 at
1391 4498 1438 4553 si
1471 4499 1648 4553 verbis
1677 4500 1816 4555 inest
1844 4500 2113 4571 impietas,

2220 4512 2415 4570 ρηκας,
2444 4499 2507 4552 οὐ
2547 4500 2717 4570 κρίνω
2741 4501 2867 4564 τοὺς
2890 4500 3081 4568 λόγους
3105 4517 3120 4531 ο
3154 4501 3203 4553 εί
3232 4500 3278 4553 δ’
3304 4499 3529 4553 ἀσέϐεια
3566 4502 3680 4563 τοῖς
3705 4498 3791 4551 λό-

561 4605 664 4644 ιιυιι
686 4601 904 4659 propter
926 4589 1012 4643 illa
1039 4604 1253 4660 poenam
1277 4590 1451 4656 dabis,
1481 4590 1574 4645 sed
1597 4605 1663 4646 eo
1684 4592 1853 4662 magis
1874 4592 2115 4662 puniere.

2219 4606 2337 4657 γοις
2386 4590 2698 4660 πρόσεστιν,
2752 4590 2814 4643 οὐ
2880 4590 2967 4645 διὰ
2998 4591 3123 4654 τοὺς
3161 4591 3350 4660 λόγους
3377 4591 3663 4661 κερδανεῖς
3693 4592 3790 4661 τὴν

558 4684 686 4752 quia
731 4682 796 4735 ad
824 4682 1155 4750 impietatem
1200 4682 1620 4737 conﬁrmandam
1661 4682 1746 4737 his
1775 4683 1953 4738 verbis
1987 4699 2117 4739 usus

2218 4680 2394 4751 δίκην,
2453 4681 2590 4736 ἀλλά
2619 4682 2664 4714 ⁸⁸
2698 4681 3007 4754 κολασθήσῃ
3054 4682 3217 4735 πλέον
3255 4675 3336 4745 οἷς
3368 4681 3461 4735 ini.
3503 4680 3567 4734 τὸ
3589 4682 3791 4734 ἀδικεῖν

558 4790 638 4830 es.
667 4772 781 4828 Non
811 4774 954 4827 enim
992 4787 1211 4842 pinnam
1237 4772 1514 4843 injudicio
1547 4773 1716 4837 dabit,
1755 4774 1799 4828 si
1830 4772 1974 4843 quis,
2015 4775 2117 4835 etsi

2219 4774 2332 4833 τοῖς
2376 4769 2554 4838 λόγοις
2598 4772 2884 4842 κέχρησαι.
2918 4773 2994 4825 Ού
3034 4772 3145 4844 γὰρ
3192 4772 3245 4826 εῖ
3264 4789 3370 4838 τις,
3407 4771 3527 4839 ὲξδν
3554 4773 3789 4842 χρῆσθαι

561 4864 717 4917 liceat
736 4864 808 4916 uti
841 4864 906 4915 ad
930 4875 993 4915 ea
1022 4876 1142 4931 qua
1160 4869 1395 4930 Oportet,
1427 4863 1492 4915 ad
1523 4876 1631 4915 rem
1664 4876 1770 4916 non
1795 4863 2117 4917 convenien-

2223 4859 2358 4930 πρὸς
2394 4860 2431 4913 ἃ
2456 4860 2559 4925 δεῖ,
2590 4861 2696 4915 κάν
2721 4862 2855 4932 πρὸς
2880 4862 2917 4916 ἀ
2947 4862 3023 4933 μὴ
3056 4863 3137 4915 δεῖ
3163 4861 3312 4936 θέλῃ,
3353 4862 3508 4933 δίκην
3539 4863 3605 4915 οὑ
3632 4862 3789 4916 δώσει

561 4963 664 5007 tem
695 4955 873 5007 verbis
904 4953 978 5006 uti
1006 4952 1175 5007 velit:
1210 4950 1406 5023 3560
1449 4963 1638 5006 contra
1686 4968 1844 5017 vero,
1916 4955 1961 5009 si
2006 4967 2117 5008 rem

2224 4950 2572 5022 κρινόμενοςο
2634 4954 2940 5007 τούναντίον
2991 4953 3049 5008 δὲ
3092 4955 3140 4986 ’⁸
3196 4954 3381 5023 ὑφέξει
3456 4953 3640 5023 λόγον,
3708 4955 3788 5007 δτι

563 5044 840 5097 honestam
888 5042 1186 5097 inhonestis
1234 5042 1415 5097 verbis
1467 5041 1795 5111 inquinarit,
1838 5044 1908 5099 ob
1952 5046 2115 5099 verba

2224 5042 2386 5095 καλὸν
2412 5044 2645 5114 πρᾶγμα
2673 5046 2885 5117 πονηρᾷ
2917 5044 3109 5119 γνώμῃ
3140 5046 3465 5113 διέφθειρεν.
3504 5044 3788 5114 Καλοῦμεν

561 5148 772 5206 paruam
803 5133 932 5188 luet.
959 5133 1227 5189 Vocanms
1257 5132 1361 5187 huc
1392 5132 1445 5187 in
1470 5132 1731 5203 judicium
1764 5144 2034 5200 oratores,
2067 5144 2117 5190 et

2229 5134 2322 5187 ὲπί
2343 5134 2407 5188 τὸ
2426 5133 2580 5205 βῆμα
2610 5135 2738 5199 τοὺς
2766 5137 3005 5208 ῥήτορας
3024 5151 3039 5167 ·
3074 5136 3179 5191 κάν
3220 5138 3354 5206 ὀκνῇ
3386 5152 3489 5203 τις,
3528 5136 3787 5198 πολλάκις

1822 5290 1908 5345 VA
1918 5290 2060 5348 ΝΛΞ
2114 5291 2515 5352 LECTIONES.

632 5411 676 5448 ι’
702 5408 798 5479 τῆς
819 5403 1041 5479 σύάη-Δ.
1113 5401 1159 5479 _“
1182 5402 1275 5479 καὶ
1300 5413 1420 5479 past
1442 5404 1609 5479 νόμου
1631 5420 1740 5479 om.
1776 5405 1833 5460 Β.
1911 5408 1953 5438 ⁸⁸
1981 5408 2160 5479 malim
2190 5410 2333 5479 ἥκει.

565 5478 611 5510 οι
642 5472 776 5532 ὅλων
802 5479 867 5531 Α.
938 5474 984 5546 9'
1011 5472 1257 5546 ὁμολογεῖ
1298 5475 1363 5528 A-
1438 5475 1484 5507 “
1511 5472 1798 5546 “ποοῄρηκε
1828 5493 1888 5540 ςι

561 5564 670 5605 om.
704 5550 769 5603 A.
843 5548 888 5579 ⁷⁸
912 5544 1106 5597 “add.
1144 5542 1208 5597 Α.

2411 5411 2454 5483 ⁶ξ
2475 5410 2574 5479 τὴν
2602 5417 2726 5483 ante
2749 5409 2866 5483 τῶν
2886 5409 3082 5483 om.B.
3154 5411 3201 5483 ff
3227 5409 3407 5483 κρίσις
3436 5408 3513 5461 A:
3542 5405 3708 5483 φύσις
3724 5421 3782 5483 ς..

1966 5478 2009 5508 ⁸⁷
2039 5478 2177 5541 ὅλοις
2207 5474 2271 5533 Ᾰ,
2347 5479 2390 5511 ⁸⁸
2422 5474 2651 5535 fortasse
2682 5480 2964 5550 legendum
2988 5481 3195 5551 ἀπαιτῇ
3220 5520 3235 5546 ,
3266 5474 3500 5548 passive.
3556 5474 3630 5516 ’⁸⁸
3655 5474 3785 5531 ἀλλὰ

2065 5639 2294 5695 ΝΟΤίΕ.

630 5755 744 5829 (35)
787 5757 875 5815 Sic
905 5757 1185 5816 Lucretius
1207 5766 1260 5815 et
1293 5758 1407 5830 ipse
1434 5753 1765 5828 Epicureus:
1804 5756 1931 5809 Aria
1964 5755 2231 5811 Pieridum
2263 5772 2481 5827 peragro
2504 5757 2641 5824 loca,
2664 5758 2861 5814 nullius
2885 5770 3006 5816 ante
3044 5758 3195 5814 Trita
3227 5759 3335 5814 solo
