4104 6414
564 371 701 436 1319

1712 371 1979 435 ΡΗΟΤΙΙ
2024 369 2531 432 PATRIARCH/E
2559 371 2667 431 ΟΡ.

3690 370 3828 433 1320

561 491 773 537 montes
805 495 909 535 non
945 482 1350 550 concutiuntur,
1377 498 1481 539 non
1518 482 1799 554 Hymettus
1827 479 2132 537 evibratur?

2237 478 2361 532 θεοῦ
2415 480 2786 551 τολμήσαντος
2840 494 2941 533 ουκ
2990 477 3092 549 ὅρη
3139 477 3362 544 σείεται,
3418 479 3518 549 οὐχ
3551 480 3829 551 Ὑμηττὸς

565 586 670 626 non
701 569 947 638 fulmina,
983 586 1091 627 non
1121 573 1357 627 tonitrua
1384 574 1526 628 hunc
1555 587 1659 627 una
1699 588 1823 627 cum
1844 570 2137 625 Academia

560 660 841 715 hominum
884 663 1055 717 oculis
1082 663 1338 732 eripiunt.
1380 662 1649 718 Callidum
1681 663 1905 717 deorum
1948 660 2138 715 inven-

564 758 673 804 tmn
708 751 973 821 intelllgo,
1007 754 1151 808 hunc
1182 754 1375 809 vestris
1403 752 1629 821 judiciis
1669 759 2044 818 reservarunt,
2080 757 2139 804 ut

565 841 908 897 Atheniensis
931 858 1152 898 senatus
1174 845 1361 898 eadem
1384 860 1504 913 qua:
1524 844 1749 913 Pythius
1776 853 1927 897 vates
1948 841 2137 909 Apollo

566 937 838 991 decernat.
870 936 925 990 Si
951 936 1035 991 vel
1062 937 1434 990 tantummodo
1463 936 1705 991 scribere
1729 950 1895 989 ausus
1921 934 2137 1001 fuisset,

565 1038 822 1095 quantum
853 1030 983 1081 satis
1013 1035 1157 1081 esset
1193 1027 1257 1079 ad
1304 1026 1539 1081 tollenda
1568 1024 1929 1079 Providentia:
1958 1023 2133 1094 signa,

566 1119 866 1188 puniendus
895 1118 1085 1173 fuisset
1112 1127 1169 1173 ut
1196 1119 1416 1187 impius.
1443 1119 1501 1173 Si
1529 1129 1709 1174 autem
1738 1119 1788 1171 in
1818 1134 1935 1172 eam
1961 1118 2133 1188 ipsam

565 1209 960 1265 Providentiam
999 1210 1194 1278 impius
1222 1211 1324 1275 sit,
1361 1210 1515 1280 cujus
1545 1211 1831 1266 simulacra
1862 1221 1987 1265 sunt
2018 1223 2134 1265 cm-

564 1303 694 1369 lum,
735 1312 901 1366 terra,
933 1302 1432 1371 elementorumque
1465 1312 1671 1357 natura:
1703 1319 1718 1357 :
1754 1317 1821 1356 an
1853 1316 2135 1370 parcemus

564 1402 819 1463 tanquam
853 1393 1118 1447 modicum
1147 1392 1361 1448 facinus
1387 1393 1655 1462 patrarit?
1689 1391 1832 1445 Bene
1859 1391 2003 1445 enim
2027 1399 2132 1458 est,

565 1482 757 1552 tnquit,
789 1482 1091 1552 improbis;
1127 1493 1184 1536 at
1220 1498 1470 1552 quaenam
1510 1492 1687 1536 tamen
1732 1484 1903 1551 major
1932 1481 2136 1551 impro-

563 1572 730 1627 bitate
777 1571 1110 1627 infelicitas?
1155 1572 1294 1628 Male
1344 1587 1472 1627 vero
1516 1582 1598 1628 est
1643 1572 1999 1641 sapientibus.
2049 1572 2131 1626 An

564 1662 719 1716 aliam
748 1661 1061 1717 felicitatem
1090 1674 1250 1733 putas
1295 1665 1493 1718 virtute
1533 1663 1857 1718 meliorem?
1885 1663 1989 1729 ita;
2025 1678 2132 1718 non

561 1767 665 1807 una
708 1762 794 1808 est
837 1753 1098 1823 cujusque
1146 1753 1381 1807 hominis
1425 1756 1547 1809 vitae
1593 1754 1731 1808 ratio
1775 1769 1807 1809 a
1849 1763 2037 1807 natura
2076 1761 2133 1807 et

561 1844 868 1914 voluntate,
913 1848 1008 1901 sed
1045 1847 1358 1901 dividuntur
1392 1847 1608 1916 quidem
1644 1846 1918 1900 hominum
1956 1847 2132 1900 intcn—
2163 1825 2207 1884 Β

564 1940 775 1994 tiones:
801 1937 1047 1993 tribuunt
1065 1952 1192 1992 vero
1215 1938 1505 2007 unicuique
1529 1938 1805 2007 proprium
1823 1936 1924 1991 sibi
1950 1936 2129 1993 finem.

559 2029 746 2086 Nullus
771 2028 1059 2099 imperium
1090 2030 1331 2085 omnium
1362 2030 1533 2083 ambit
1557 2029 1796 2098 sapiens,
1828 2028 1983 2098 cujus
2010 2043 2133 2099 pos-

557 2141 803 2183 sessores
841 2125 1059 2197 plurimi
1109 2126 1295 2180 beatos
1343 2124 1657 2193 praedicant,
1702 2139 1821 2187 nec,
1870 2124 1915 2178 si
1953 2124 2133 2179 minus

557 2226 956 2287 consequatur,
1006 2217 1260 2269 damnum
1311 2224 1487 2283 putat.
1538 2212 1682 2279 Quid
1730 2226 1862 2282 ergo
1898 2221 2130 2281 spectat,

556 2309 687 2377 quid
717 2307 955 2362 intendit
976 2344 994 2372 ,
1024 2320 1126 2361 cur
1153 2304 1385 2368 laborat,
1418 2319 1518 2358 cur
1547 2314 1708 2358 noctu
1733 2303 1941 2373 vigilat,
1965 2312 2022 2357 et
2054 2303 2134 2356 in-

564 2394 1009 2452 terdiu-studet?
1076 2393 1144 2451 Ut
1203 2396 1461 2449 virtutem
1535 2402 1923 2461 consequatur.
1980 2394 2134 2448 Hanc

557 2498 827 2560 quomodo
875 2487 1180 2543 obtinebit?
1230 2495 1285 2540 et
1338 2500 1445 2554 qua
1481 2486 1692 2540 ratione
1741 2484 1940 2540 divinae
1989 2486 2132 2541 illius

558 2582 753 2651 praedm
767 2595 989 2650 compos
1009 2578 1139 2649 lict}
1161 2578 1369 2648 Opibus
1390 2588 1445 2632 et
1466 2576 1672 2632 divitiis
1697 2592 1804 2632 non
1829 2578 2135 2646 acquiritur

556 2674 768 2742 virtus,
806 2688 983 2744 neque
1013 2673 1256 2739 corporis
1293 2671 1508 2728 robore.
1553 2670 1782 2727 Omnem
1813 2671 1959 2727 enim
1987 2670 2133 2726 olea-

557 2766 770 2837 giueam
816 2780 1071 2821 coronam
1101 2765 1340 2822 excedit.
1373 2763 1590 2819 Virtute
1633 2764 1863 2820 bellica?
1895 2764 1963 2818 Et
1986 2779 2135 2833 qua:-

560 2881 682 2919 nam
729 2875 930 2935 tropaea
978 2864 1228 2919 chariora
1286 2878 1447 2936 quam
1500 2863 1569 2918 de
1610 2863 1742 2918 vitio
1784 2862 2133 2918 statuuntur?

554 2956 674 3014 Non
711 2954 874 3024 igitur
918 2955 1145 3025 sapienti
1184 2955 1404 3024 pauperi
1447 2964 1821 3023 paupertatem
1869 2952 2126 3022 objicias:

558 3067 664 3106 non
697 3049 842 3104 enim
873 3057 1083 3119 spectat
1113 3048 1349 3104 divitias.
1401 3045 1597 3118 357b
1631 3045 1815 3117 Neque
1846 3045 2130 3117 aegrotanti

558 3142 981 3198 invaletudinem
1044 3139 1376 3209 exprobres,
1437 3140 1702 3208 siquidem
1764 3137 1956 3193 melior
2002 3153 2198 3226 parsC

559 3235 703 3290 illius
734 3233 878 3287 salva
909 3233 1009 3300 sit,
1046 3247 1217 3303 neque
1274 3230 1613 3300 improbres,
1650 3232 1694 3284 si
1731 3245 1757 3284 a
1790 3230 1992 3285 civitati
2028 3230 2132 3283 im-

558 3327 877 3395 perantibus
911 3326 1177 3388 vincatur,
1213 3322 1649 3393 quandoquidem
1684 3321 1847 3375 etiam
1886 3320 2131 3377 fortiori-

558 3418 660 3470 bus
688 3414 935 3483 superior
963 3424 1065 3468 est.
1101 3411 1336 3466 Tantum
1363 3414 1507 3465 enim
1539 3413 1692 3465 abest
1718 3421 1777 3464 ut
1801 3410 1889 3464 vir
1916 3412 2132 3481 sapiens

561 3507 755 3562 borum
790 3504 1187 3574 possessionem
1236 3510 1495 3564 sectetur,
1524 3499 1609 3554 vel
1646 3516 1704 3555 se
1739 3499 2009 3555 infelicem
2031 3541 2046 3565 ,
2084 3502 2128 3555 si

558 3608 773 3663 careat,
815 3596 1111 3658 existimet,
1144 3603 1202 3647 ut
1238 3593 1402 3648 etiam
1446 3592 1633 3661 aliqui,
1678 3593 1910 3646 maxime
1942 3607 2129 3647 eorum

556 3688 653 3760 qui
701 3686 969 3756 sapientia
1013 3694 1068 3739 et
1112 3683 1315 3738 virtute
1354 3686 1686 3747 claruerunt,
1733 3682 1801 3736 iis
1843 3697 1902 3736 se
1940 3692 2131 3750 sponte

559 3779 849 3850 privarint,
871 3792 976 3846 quo
1003 3776 1158 3831 liberi
1192 3777 1257 3830 ab
1286 3774 1434 3831 omni
1469 3784 1694 3828 externo
1722 3775 2128 3843 impedimento,

560 3870 883 3926 immortalis
930 3868 1146 3925 virtutis
1193 3868 1411 3923 divitias
1468 3879 1731 3922 emerent.
1782 3868 2131 3937 Anaxagoras

557 3966 739 4022 omnia
772 3963 959 4035 patria:
991 3978 1187 4033 pascua
1212 3962 1444 4025 dimisit,
1488 3963 1661 4031 reipsa
1686 3961 1968 4016 declarans
1992 3976 2134 4029 quae-

558 4073 682 4112 nam
728 4055 1055 4126 agricultura
1088 4053 1423 4123 sapientibus
1459 4053 1751 4108 conveniat
1791 4053 1925 4124 (36).
1978 4051 2132 4107 Ultro

557 4150 893 4207 Democritus
930 4148 1175 4204 morbum
1204 4146 1468 4215 concivitf,
1512 4155 1571 4200 ut
1609 4162 1736 4217 pars
1768 4146 1958 4204 melior
1997 4160 2128 4202 sana

555 4251 718 4299 8550!.

627 4334 765 4403 Quid
804 4348 932 4406 ergo
971 4330 1367 4388 Providentiam
1420 4330 1663 4395 incusas,
1716 4339 1973 4401 tanquam
2021 4344 2126 4384 non

555 4436 703 4484 recte
750 4425 877 4495 quid
946 4424 1017 4478 sit
1077 4423 1279 4490 justum
1337 4421 1785 4476 distribuentem?
1860 4422 1917 4476 Si
1983 4423 2126 4477 enim

2243 569 2720 640 συγκραδαίνεται,
2749 570 2813 624 οὑ
2870 568 3192 642 πρηστῆρες
3221 570 3343 624 οὑδὲ
3387 573 3625 641 σκηπτοὶ
3685 574 3825 646 αὐτῇ

2237 660 2426 715 τοῦτον
2465 661 2768 732 Ἀκαδημίᾳ
2797 658 3240 731 συναφανίζουσι.
3280 662 3513 732 Συνίημι
3548 663 3612 716 τδ
3653 681 3829 735 etpa-

2236 753 2463 823 τήγημα
2484 753 2594 807 τῶν
2622 753 2794 807 θεῶν’
2832 752 3129 823 ὑμετέραις
3164 750 3367 822 ψήφοις
3389 753 3580 806 τοῦτον
3623 755 3829 824 ἐτήρη-

2239 858 2358 908 σαν,
2392 844 2480 897 ίνα
2509 844 2753 897 Ἀττικὸν
2781 844 3133 913 δικαστήριον
3177 843 3266 895 ῐσα
3308 842 3494 913 Πυθίῳ
3525 843 3826 916 βουλεύση-

2236 950 2346 989 ται.
2384 936 2445 987 Ei
2472 934 2572 1005 μὲν
2596 930 2691 989 οὖν
2729 933 2942 1005 γράψαι
2985 931 3241 985 τοσοῦτον
3297 935 3460 1002 μόνον
3511 934 3824 1004 ἐτόλμησεν

2235 1025 2359 1079 ὅσον
2385 1026 2672 1097 καθαιρεῖν
2690 1026 2761 1080 τὰ
2789 1025 2890 1095 τῆς
2931 1025 3188 1095 προνοίας
3219 1024 3535 1094 ἀγάλματα,
3591 1024 3701 1078 εδει
3736 1026 3824 1079 δι·

2233 1118 2381 1172 δόναι
2405 1119 2560 1190 δίκην
2581 1119 2656 1183 ὡς
2677 1118 3028 1186 ἀσεϐήσαντα
3058 1133 3073 1149 ⁸
3106 1120 3154 1171 εί
3188 1118 3245 1171 δὲ
3273 1121 3355 1181 είς
3401 1120 3574 1190 αὐτὴν
3599 1121 3824 1192 ἐκείνην

2235 1210 2441 1274 ἀσεῦεἴ,
2470 1207 2540 1283 ἧς
2598 1211 2827 1282 οὐρανὸς
2876 1211 2973 1263 καὶ
3023 1210 3094 1278 γῆ
3145 1211 3237 1263 καὶ
3286 1211 3571 1281 στοιχείων
3626 1212 3825 1279 φύσεις

2234 1301 2548 1371 ἀγάλματα,
2584 1303 2662 1366 ὡς
2691 1302 2910 1373 μέτριόν
2941 1319 2994 1354 τι
3018 1302 3212 1371 δρᾶσαι
3234 1301 3611 1371 διανοηθέντος
3631 1305 3821 1372 φεισό-

2238 1392 2409 1461 μεθα;
2438 1392 2739 1463 Εύτυχοῦσι
2760 1395 2890 1464 γὰρ,
2920 1392 3104 1463 φησὶν,
3139 1394 3186 1445 οί
3211 1394 3392 1446 κακοί.
3423 1395 3533 1447 Καὶ
3555 1394 3603 1426 ⁸⁸
3640 1395 3695 1446 τί
3722 1412 3823 1447 κα·

2235 1483 2361 1547 κίας
2396 1484 2577 1553 μεῖζον
2628 1484 2981 1553 δυστύχημα;
3018 1483 3341 1552 δυστυχοῦσι
3396 1485 3505 1555 γάρ
3552 1486 3605 1538 oi
3638 1485 3817 1555 σοφοί.

2235 1574 2399 1647 [1088
2422 1575 2515 1647 R.]
2566 1572 2699 1630 Εἶτα
2756 1576 3013 1645 εὐτυχίαν
3073 1574 3240 1645 ἄλλην
3292 1576 3496 1647 ἀρετῆς
3546 1579 3655 1648 ἡγῇ
3699 1579 3819 1647 βελο

2234 1668 2382 1720 τίονα
2395 1667 2475 1736 ⁸⁹;
2507 1669 2619 1738 Οὐχ
2648 1663 2725 1732 εἷς
2750 1668 2863 1738 βίος
2881 1666 3167 1738 ἀνθρώπου
3195 1669 3419 1739 γνώμης
3453 1671 3693 1740 ὑπάρχει
3718 1671 3820 1723 καὶ

2236 1760 2471 1828 φύσεως,
2507 1760 2643 1813 ἀλλά
2689 1760 2967 1830 σχίζονται
2990 1760 3088 1830 μὲν
3119 1763 3169 1813 oi
3221 1760 3331 1815 τῶν
3382 1760 3646 1831 βιούντων
3687 1779 3817 1815 σκο-

2237 1850 2348 1913 ποὶ,
2378 1850 2806 1922 συμμερίζονται
2835 1851 2891 1903 δὲ
2922 1850 3095 1922 πέρας
3124 1850 3340 1920 ἑκάστῳ
3385 1851 3447 1904 τὸ
3477 1853 3815 1923 πρόσφορον.

2235 1940 2347 1993 Οὐκ
2380 1941 2479 2011 ἐρᾷ
2509 1941 2670 2009 σοφὸς
2694 1942 2796 2013 τὴν
2818 1941 2992 2013 ἀρχὴν
3034 1942 3246 2005 οὐδενὸς
3273 1941 3382 1995 τῶν
3427 1942 3673 2007 πάντων,
3728 1943 3817 2013 ἐφ’

2233 2024 2314 2093 οἷς
2335 2032 2383 2084 οί
2421 2032 2665 2086 πλεῖστοι
2699 2035 2828 2097 τοὺς
2874 2036 3247 2105 κεκτημένους
3298 2031 3768 2101 εὐδαιμονίζουσιν
3795 2048 3815 2066 ο

2233 2122 2428 2176 οὓκουν
2446 2124 2567 2178 οὐδὲ
2603 2125 2808 2195 ζημίαν
2835 2126 2897 2181 τὸ
2928 2127 3004 2198 μὴ
3030 2127 3317 2197 τυγχάνειν
3347 2124 3471 2197 [581
3508 2124 3603 2197 Η.]
3655 2126 3817 2181 ὑπεί-

2233 2215 2391 2285 ληφε.
2423 2217 2488 2270 Τί
2511 2212 2603 2271 οὖν
2623 2218 2816 2290 besith
2837 2219 3012 2284 τέλος,
3036 2219 3133 2273 καὶ
3163 2220 3300 2290 πρὸς
3350 2219 3405 2270 τί
3456 2218 3672 2288 βλέπων
3722 2219 3819 2272 καὶ

2237 2306 2429 2371 πόνους
2454 2311 2608 2363 πονεί
2635 2309 2731 2363 καὶ
2746 2310 2963 2384 νύκτωρ
2975 2312 3248 2383 ἀγρυπνεῖ
3274 2310 3370 2364 καὶ
3389 2308 3509 2380 μεθ’
3536 2310 3820 2380 ἡμέρανκ

2236 2398 2605 2467 ὲσπούδακενς
2645 2401 2873 2473 Ἀρετῆς
2900 2404 3111 2473 κτῆσις,
3140 2396 3186 2456 ὦ
3207 2403 3325 2457 τάν.
3359 2402 3580 2471 Ταύτην
3608 2403 3667 2457 δὲ
3696 2403 3819 2466 πῶς

2236 2491 2400 2560 αίρεῐ,
2436 2494 2547 2547 κάκ
2600 2492 2743 2557 τίνος
2775 2494 2981 2566 τρόπου
3026 2496 3128 2567 τῆς
3173 2494 3325 2559 θείας
3380 2494 3596 2564 ἐκείνης
3638 2494 3817 2567 θήρας

2235 2583 2513 2655 ἐγκρατὴς
2538 2584 2780 2653 γίνεται;
2822 2585 3036 2658 πλούτῳ
3065 2589 3159 2640 καὶ
3188 2588 3470 2659 χρήμασιν
3522 2587 3625 2640 οὐκ
3664 2586 3817 2639 εστιν

2235 2677 2432 2748 αίρετή
2457 2677 2523 2732 ’⁸.
2563 2677 2750 2751 Ῥώμῃ
2772 2680 2865 2733 τοῦ
2895 2682 2942 2717 ’³
2985 2679 3235 2752 σώματος
3255 2682 3337 2746 ⁹⁸;
3391 2680 3567 2751 Ὑπὲρ
3599 2680 3815 2734 ἃπαντα

2234 2766 2495 2821 κότινονὸ
2522 2768 2728 2838 ταύτης
2767 2771 3051 2837 στέφανος.
3104 2769 3345 2839 Δυνάμει
3377 2771 3443 2840 τῇ
3477 2768 3621 2821 κατά
3656 2768 3755 2820 τὸν
3768 2770 3816 2800 ⁸⁵

2233 2858 2499 2927 πόλεμον;
2541 2859 2649 2911 Καὶ
2681 2858 2803 2913 τίνα
2832 2860 3069 2932 τρόπαια
3091 2862 3200 2914 τῶν
3240 2861 3348 2913 ἀπὸ
3363 2860 3407 2893 ⁵⁸
3441 2860 3638 2923 κακίας
3695 2858 3816 2930 μεί-

2233 2949 2396 3017 (ovat;
2425 2950 2552 3020 μήτ’
2595 2950 2692 3005 οὖν
2734 2952 3015 3023 πενομένῳ
3043 2953 3119 3023 τῷ
3155 2951 3304 3023 σοφῷ
3329 2952 3524 3006 πενίαν
3570 2952 3816 3023 πρόφερε

2234 3039 2317 3112 (ού
2338 3042 2446 3113 γὰρ
2479 3038 2547 3113 ἦν
2570 3044 2772 3107 σκοπὸς
2796 3045 2866 3100 τά
2909 3045 3208 3116 χρήματα),
3236 3047 3373 3116 μήτε
3420 3044 3664 3099 νοσοῦντι
3716 3045 3817 3115 τὴν

2232 3135 2543 3205 ἀρρωστίαν
2608 3134 2858 3204 ὀνείδιζε,
2916 3139 3074 3209 εἴπερ
3108 3138 3338 3205 ὑγιαίνει
3390 3138 3459 3191 τά
3504 3136 3810 3207 κρείττονα,

2236 3228 2371 3296 μήτε
2389 3227 2435 3259 ⁸⁸
2459 3228 2760 3299 ἡττωμένῳ
2800 3228 2911 3283 τῶν
2970 3229 3409 3284 δυναστεύοντων
3454 3230 3516 3282 ὲν
3569 3227 3811 3293 πόλεσιν,

2230 3319 2388 3390 εἴπερ
2419 3324 2613 3389 κρατεῖ
2633 3322 2748 3384 τοῖς
2781 3322 3049 3391 ἀμείνοσι.
3084 3321 3350 3375 Τοσοῦτον
3366 3322 3413 3354 "
3451 3320 3563 3390 γὰρ
3604 3319 3671 3373 ἂν
3698 3318 3812 3374 δέοι

2232 3412 2520 3475 σπουδαῖος
2538 3414 2681 3484 ἀνὴρ
2717 3413 3075 3483 μεταδιώκειν
3093 3416 3193 3485 τὴν
3225 3413 3337 3468 τῶν
3382 3411 3645 3468 τοιούτων
3674 3412 3809 3482 κτῆ-

2233 3520 2318 3556 σιν
2341 3503 2374 3573 ἢ
2406 3503 2690 3574 δυστυχεῖν
2716 3505 3118 3574 ὑπολαμσάνειν
3130 3504 3210 3575 τῷ
3230 3506 3276 3539 ⁸⁸
3306 3503 3615 3573 στέρεσθαι,
3665 3500 3809 3555 ὥστε

2229 3591 2330 3661 ἤδη
2350 3592 2494 3654 τινὲς
2521 3593 2615 3645 καὶ
2646 3593 2789 3663 μάλα
2818 3593 2929 3647 τῶν
2982 3595 3303 3663 ὀνομαστῶν
3357 3596 3450 3648 ἐπὶ
3505 3596 3671 3665 σοφίᾳ
3715 3593 3810 3646 καὶ

2230 3683 2399 3753 ἀρετῇ
2435 3681 2533 3755 [οἳ]
2566 3684 2770 3738 τούτων
2825 3686 3044 3750 ἑκόντες
3097 3688 3434 3760 ἀπέστησαν,
3492 3689 3581 3741 ἵνα
3629 3687 3809 3752 πάσης

2229 3774 2456 3837 ἑαυτοὺς
2486 3775 2588 3844 τῆς
2632 3774 2832 3842 ἔξωθεν
2891 3777 3147 3848 ἀσχολίας
3202 3778 3673 3850 ἐλευθερώσαντες
3720 3782 3811 3836 τὸν

2229 3865 2497 3920 ἀθάνατον
2527 3866 2629 3936 τῆς
2649 3869 2853 3940 ἀρετῆς
2888 3868 3116 3922 πλοῦτον
3163 3870 3522 3935 ἀλλάξωνται.
3587 3874 3810 3941 ’Δναξα-

2228 3959 2399 4028 γόρας
2427 3958 2530 4029 γῆν
2561 3958 2730 4029 ἀνῆκε
2754 3960 2858 4031 τὴν
2880 3960 3076 4013 ἑαυτοῦ
3101 3962 3282 4015 πᾶσαν
3317 3962 3639 4033 μηλόϐοτον,
3663 3964 3806 4035 ἔργῳ

2229 4052 2535 4121 νομοθετῶν
2547 4053 2631 4117 τίς
2642 4054 2885 4126 γεωργία
2894 4058 3009 4119 τοῖς
3030 4055 3354 4126 σοφωτέροις
3373 4056 3724 4126 ἁρμόττουσα
3739 4059 3805 4118 ³⁸.

2243 4142 2418 4198 Ἑκὼν
2444 4143 2503 4197 δὲ
2530 4146 2702 4199 ἐνόσει
2732 4145 2793 4198 τὸ
2812 4146 2830 4178 ¹
2868 4147 3026 4217 σῶμα
3051 4131 3418 4220 Ἀημόκριτος,
3450 4148 3540 4202 ενα
3587 4150 3800 4223 ὑγιαίνῃ

2232 4234 2303 4286 τὰ
2328 4233 2631 4305 κρείττονα.

2299 4326 2365 4379 Τί
2398 4326 2493 4381 οὖν
2524 4327 2772 4397 ἐγκαλεῖς
2819 4330 3054 4403 Προνοία
3085 4332 3162 4396 ὡς
3196 4332 3270 4404 μὴ
3331 4333 3634 4406 μεριζούσῃ
3686 4333 3802 4387 κατ’

2230 4419 2387 4485 ἀξίαν
2419 4422 2480 4474 τὸ
2509 4422 2744 4489 δίκαιον;
2775 4422 2836 4477 El
2863 4422 2971 4495 γάρ
3001 4424 3096 4478 καί
3137 4428 3433 4495 περιόντων
3489 4427 3800 4499 ὑπερορῶσι

553 4517 737 4574 omnia
787 4525 1011 4571 externa
1083 4512 1221 4567 bona
1282 4510 1622 4580 despiciunt,
1693 4513 1962 4581 quomodo
2014 4528 2123 4567 non

2232 4509 2337 4561 τῶν
2365 4510 2522 4575 ἐκτὸς
2550 4512 2827 4578 ἀπάντων,
2860 4514 2979 4576 πῶς
3019 4515 3333 4587 ῆάχθονται
3385 4518 3461 4589 μὴ
3495 4518 3797 4580 παρόντων.

555 4612 813 4668 habentes
853 4607 1077 4663 moleste
1137 4603 1344 4668 ferant,
1412 4601 1496 4657 vel
1541 4612 1600 4659 ut
1635 4612 1991 4671 assequuntur
2039 4604 2121 4659 la-

553 4700 747 4755 borent
766 4699 789 4753 ?
810 4697 940 4766 Quis
965 4696 1109 4752 enim
1139 4695 1289 4750 dives
1313 4709 1414 4749 non
1435 4692 1712 4749 existimet
1733 4709 1863 4763 opes
1888 4698 2122 4749 maximo

552 4790 935 4861 impedimento
956 4787 1113 4844 esse?
1142 4786 1453 4841 Divinarum
1474 4796 1653 4844 autem
1684 4796 1738 4841 et
1763 4787 2119 4841 humanarum

553 4897 735 4939 rerum
775 4882 1027 4952 cognitio,
1073 4891 1129 4937 et
1172 4880 1294 4936 talis
1320 4895 1384 4937 ac
1425 4888 1584 4935 tanta:
1608 4879 1885 4949 sapientiae
1918 4879 2123 4949 magni-

557 4977 704 5038 tudo,
751 4976 917 5029 tibine
937 4974 1181 5029 videatur
1205 4987 1661 5043 supervacaneum
1694 4971 1822 5041 quid
1853 4981 2117 5025 mercatu.

554 5084 666 5123 ram
699 5066 934 5131 facienti,
960 5075 1016 5121 et
1048 5067 1316 5121 sarcinam
1376 5065 1605 5121 sollicite
1640 5062 1870 5133 gerenti,
1899 5071 1954 5115 et
1979 5077 2119 5117 onus

549 5160 623 5223 ei,
651 5156 741 5227 qui
773 5155 1004 5211 honores
1036 5170 1099 5209 ac
1131 5155 1480 5225 magistratus
1503 5155 1555 5209 in
1584 5154 1805 5208 civitate
1839 5151 2119 5206 sectatur?

2225 4604 2431 4675 ἢδπως
2464 4605 2688 4679 ὑπάρχῃ
2729 4610 3118 4677 σπουδάζουσι;
3156 4611 3253 4674 Τίς
3284 4611 3393 4682 γὰρ
3431 4611 3679 4665 πλουτῶν
3706 4614 3799 4665 οὒκ

2225 4697 2481 4766 ἀσχολίαν
2506 4699 2631 4768 ἄγει
2661 4700 2925 4771 μεγίστην
2952 4702 3092 4756 αὐτὰ
3116 4703 3181 4756 τὰ
3204 4704 3495 4773 χρήματα;
3528 4703 3694 4757 θείων
3746 4703 3797 4756 δὲ

2225 4790 2424 4857 γνῶσις
2448 4792 2542 4844 καὶ
2563 4791 2920 4863 ἀνθρωπίνων
2956 4794 3320 4865 πραγμάτιον,
3381 4796 3477 4848 καὶ
3531 4793 3797 4864 τοσαύτης

2225 4880 2316 4932 καὶ
2342 4880 2674 4952 τηλικαύτης
2709 4883 2901 4951 σοφίας
2936 4883 3185 4954 μέγεθος,
3222 4881 3331 4954 ἆρά
3362 4901 3444 4937 σοι
3481 4885 3632 4938 δοκεῖ
3660 4885 3793 4953 πάρ-

2224 4988 2383 5042 εργον
2414 4974 2435 5003 ⁸
2468 4974 2567 5044 μὲν
2619 4970 2759 5027 εἶναι
2787 4975 2881 5027 τοῦ
2911 4975 3309 5047 χρηματιστοῦ,
3333 4974 3427 5029 τοῦ
3473 4974 3533 5028 δὲ
3587 4992 3792 5045 παρερ-

2223 5063 2449 5131 γοῦντος
2478 5065 2754 5135 ἐφόλκιον,
2782 5066 2878 5119 τοῦ
2912 5066 2970 5120 δὲ
2998 5067 3095 5130 τάς
3125 5068 3184 5120 ὲν
3233 5068 3386 5121 πόλει
3443 5067 3612 5138 τιμάς
3676 5066 3791 5121 διὼο

2223 5171 2411 5219 κοντος
2436 5156 2889 5229 ὲπακολούθημα;
2923 5157 3015 5229 Μὴ
3046 5158 3222 5213 τοίνυν
3263 5160 3663 5232 κακοδαίμονας
3693 5160 3784 5212 κά-

1837 5310 2077 5370 ἾΑῐὶίιΕ
2122 5312 2537 5371 LECTIONES.

531 5426 575 5513 '_
622 5426 668 5462 ⁸⁸
698 5427 795 5513 καὶ
828 5443 939 5513 οΗι.
967 5429 1038 5513 A.
1107 5428 1152 5513 ‘"
1186 5426 1433 5499 βελτίονα
1462 5428 1555 5513 Af
1587 5426 1825 5513 βελτίωξ
1864 5427 1955 5513 ναί
1980 5446 2054 5513 ς..
2091 5428 2161 5513 ‘9?
2190 5429 2402 5513 ἡμέρας
2428 5446 2504 5513 ς’.-
2563 5428 2858 5513 ξξαὶρετή]
2881 5430 3064 5513 ,ἀρετή

855 5498 900 5570 _”
927 5506 1046 5570 post
1070 5498 1320 5570 σωματος
1350 5514 1468 5554 cunt
1512 5498 1558 5552 Δ
1584 5499 1738 5570 umi_si
1772 5499 1985 5570 αἱρετή,
2024 5498 2235 5570 deflebat
2269 5502 2429 5570 etiam
2483 5498 2755 5561 Leicltitts,
2794 5498 2857 5570 p’.‘
2879 5498 3043 5558 XXV.

549 5510 658 5555 om.
699 5496 759 5551 Β.

550 5568 656 5647 ὑπρ
681 5569 746 5622 Α.
774 5636 793 5647 _
819 5568 865 5601 ⁸⁸
898 5567 1040 5637 μήτε
1087 5568 1165 5647 τῷ
1195 5570 1313 5647 ήττ.
1346 5587 1405 5647 ς,
1482 5572 1527 5604 ’⁷
1556 5567 1778 5622 τοσοῦτο
1811 5567 1871 5647 (έί
1945 5567 1992 5601 ⁵⁸
2020 5569 2111 5647 τῷ.
2245 5568 2305 5622 τὸ
2331 5587 2391 5634 ς.

3308 5429 3355 5461 ’⁸
3383 5426 3477 5482 τοῦ
3507 5429 3574 5492 Δ,
3620 5445 3676 5481 τε
3704 5446 3779 5493 ςε

3118 5502 3161 5532 ’⁸
3195 5500 3285 5552 τὸν
3315 5514 3426 5555 om.
3464 5498 3525 5553 Β.
3600 5501 3644 5532 ’⁸
3666 5496 3781 5569 ἀπὸ]

2495 5571 2540 5602 oo
2572 5569 2889 5640 ἁρμόζουσα
2914 5569 2973 5625 Β.
3051 5578 3070 5640 ξ
3096 5570 3156 5623 τὸ
3188 5570 3309 5626 libri
3348 5586 3458 5626 Otn.
3536 5569 3557 5601 ⁹
3592 5584 3781 5640 παρερο

547 5636 793 5711 γούντος]
822 5636 1238 5709 περιεργοὺντος
1267 5639 1526 5711 Scaliger,
1562 5637 1990 5710 πανουργοῦντος
2017 5636 2288 5703 iteiskius,
2324 5653 2428 5694 non
2461 5636 2801 5711 pcjtts'fuerit
2828 5639 3221 5710 γεωργοῦν-σος.

2057 5747 2290 5803 ΝΟΤᾸΕ.

2057 5748 2101 5803 Ν
2154 5748 2290 5803 ΤᾸΕ.

629 5839 732 5912 (36)
772 5841 917 5913 Orig.
953 5842 1046 5899 lib.
1087 5857 1125 5897 ll
1170 5842 1365 5898 Contra
1409 5841 1650 5911 Celsum;
1697 5841 1939 5898 Lactant.
1970 5841 2063 5897 lib.
2096 5748 2243 5897 :0:
2275 5841 2411 5911 falsa
2436 5859 2549 5912 sap.
2586 5859 2701 5916 cap.
2728 5844 2798 5900 εδ
2829 5863 2844 5917 ;
2878 5845 3021 5902 Plut.
3054 5846 3104 5903 in
3144 5844 3261 5899 Vita
3298 5843 3549 5903 Periclis.
