4104 6408
334 387 503 452 1321-

1409 384 1928 445 BlBLIOTHECA.
1967 410 2033 420 —
2070 385 2233 446 COD.
2274 386 2579 449 CCXLIll.

3451 390 3588 456 1322

321 500 403 553 λει
434 498 561 561 τούς
593 496 691 568 τὴν
718 494 977 567 μεγίστην
1004 495 1351 566 εὐδαιμονίαν
1377 494 1898 567 εὐδαιμονήσαντας,
1932 534 1941 555 ι

2027 491 2123 549 1οη
2144 510 2273 565 ergo
2290 511 2384 552 eos
2403 497 2645 551 infelices
2664 498 2950 568 appellato,
2972 502 3064 570 qui
3082 502 3320 557 omnium
3339 504 3589 559 suutfeli-

326 587 461 659 μηδέ
483 587 769 657 δυστυχεῖς
818 586 946 649 τοὺς
997 583 1381 656 ὁμοιουμένους
1436 586 1551 647 τοῖς
1598 583 1896 654 κρείττοσι,

327 680 463 752 μηδὲ
497 679 759 748 πένητας,
786 670 861 731 ὧν
901 677 1178 750 θησαυρὸς
1225 676 1491 739 ἀθάνατος
1514 676 1555 741 ³,
1614 675 1751 745 μηδὲ
1784 672 1901 727 ἀτί-

326 785 484 839 μους,
513 766 606 831 οὖς
646 769 736 821 ίσα
768 766 910 829 θεοῖς
933 765 1309 836 θαυμάζομεν.
1342 764 1535 817 Πολλοὶ
1560 764 1669 835 γὰρ
1706 762 1904 816 πολλά-

324 876 411 922 κις
440 858 598 911 κακοὶ
626 858 722 928 μὲν
750 856 977 927 γνώμην
1028 856 1409 925 τυγχάνουσιν,
1439 855 1788 909 ἐπαινοῦνται
1845 855 1903 908 δὲ

325 947 586 1012 πολλάκις
616 949 748 1019 παρ’
781 947 961 1011 ἐνίων,
993 946 1094 1017 τῆς
1121 945 1310 1017 χρείας
1341 945 1602 1015 ποιούσης
1637 945 1759 999 ἀντὶ
1806 944 1904 1015 τῆς

324 1039 585 1111 ἀληθείας
610 1040 703 1094 τὸν
733 1039 977 1095 ἔπαινον.
1264 1101 1277 1113 ,

402 1132 600 1185 Καίτοι
631 1148 695 1199 γε
730 1130 904 1201 ἡδέως
946 1130 1013 1185 ἂν
1048 1131 1280 1202 ἐροίμην
1307 1132 1432 1194 τοὺς
1468 1130 1754 1195 ὀνειδίζειν
1795 1131 1908 1194 τοῖς

328 1222 513 1291 σοφοῖς
574 1220 674 1291 τὴν
748 1221 1042 1291 δυστυχίαν
1090 1220 1394 1287 ἐθέλοντας,
1452 1222 1682 1293 πότερον
1766 1215 1909 1292 ἦσαν

324 1312 560 1367 τοιοῦτοι
605 1314 738 1384 πρὶν
772 1314 1032 1383 γενέσθαι
1089 1313 1330 1385 σοφοὶ,ἢ
1380 1307 1519 1384 μετὰ
1580 1313 1751 1369 ταῦτα
1799 1312 1909 1365 τῶν

325 1405 637 1475 λεγομένων
684 1406 1084 1476 εὐτυχημάτων
1142 1405 1488 1477 ἀφῄρηνται;
1540 1403 1605 1459 Ei
1649 1405 1746 1475 μὲν
1772 1405 1902 1477 πρό-

325 1514 510 1569 τερον,
565 1499 625 1551 οὐ
678 1499 777 1567 τῆς
810 1497 1015 1569 ἀρετῆς
1072 1498 1134 1551 τδ
1172 1497 1466 1573 ἐγκλημαο
1518 1498 1567 1550 εί
1616 1496 1673 1549 δὲ
1724 1495 1785 1560 ἐξ
1849 1486 1910 1548 οὗ

327 1591 539 1663 ταύτην
606 1591 918 1661 εἰλήφασιν,
976 1592 1074 1661 οὐχ
1130 1584 1207 1645 ὧν
1238 1591 1469 1644 ἐπόθουν
1517 1590 1631 1644 ἀλλ’
1683 1583 1757 1644 ὧν
1813 1590 1913 1643 οὐκ

330 1682 561 1737 ἐπόθουν
586 1682 928 1754 ἐστέρηνται.
976 1681 1033 1735 '0
1062 1682 1119 1735 δὲ
1171 1683 1264 1736 καὶ
1312 1680 1763 1753 κατειρωνεύεται
1810 1683 1913 1753 τῆς

332 1776 622 1847 συμφορᾶς
644 1775 686 1839 ³,
722 1775 816 1828 καὶ
855 1774 1282 1846 παραγράφεται
1312 1774 1404 1827 τὸν
1440 1774 1639 1844 τρόπον
1667 1775 1769 1847 ήδη
1813 1775 1914 1846 τῆς

2003 585 2230 651 cissimi,
2252 602 2424 657 neque
2442 588 2826 654 infortunatos,
2852 591 2941 660 qui
2962 592 3212 646 ditissimi
3240 602 3385 657 sunt,
3418 609 3592 663 neque

2002 692 2269 746 pauperes
2327 694 2555 747 quorum
2604 682 3232 740 thesaurusimmortalis
3265 695 3384 741 est:
3418 702 3592 755 nequc

2004 765 2269 839 ignobiles
2310 781 2364 826 et
2391 771 2649 841 abjeclos,
2684 790 2819 842 quos
2850 791 2946 843 pro
2979 775 3085 830 diis
3116 776 3397 832 habemus.
3437 777 3591 846 Saepe

2005 862 2147 915 enim
2166 860 2315 915 multi
2338 861 2562 932 improbi
2581 872 2707 918 sunt
2726 865 3023 930 voluntate,
3044 867 3112 921 ab
3127 867 3394 936 aliquibus
3416 878 3590 922 tamen

2007 951 2226 1007 utilitati
2250 952 2428 1022 potius
2461 968 2622 1023 quam
2651 955 2866 1010 veritati
2898 957 3256 1013 servientibus
3283 958 3590 1015 laudantur.

2073 1146 2331 1202 Libenter
2384 1162 2514 1204 sane
2576 1164 2668 1205 eos
2729 1149 3120 1222 interrogarem
3154 1192 3169 1219 ,
3226 1153 3317 1223 qui
3375 1154 3595 1221 sapien-

2008 1240 2154 1297 tibus
2217 1240 2586 1296 infelicitatem
2643 1245 2977 1312 eXprobrare
3040 1245 3286 1308 student,
3351 1261 3417 1299 an
3454 1247 3591 1301 tales

2010 1330 2213 1387 fuerint
2240 1344 2528 1404 antequam
2568 1336 2843 1404 sapientes
2877 1336 3102 1403 tierent,
3134 1352 3201 1390 an
3235 1352 3363 1392 vero
3410 1348 3594 1407 postea

2010 1423 2324 1479 felicitatem
2353 1426 2655 1481 amiserint.
2696 1424 2751 1480 Si
2779 1426 2929 1495 prius
2959 1442 3063 1483 non
3096 1437 3201 1494 est,
3237 1443 3343 1483 non
3375 1437 3457 1482 est
3490 1429 3601 1481 vir-

2012 1515 2143 1569 tutis
2166 1514 2322 1584 culpa
2347 1533 2360 1569 :
2386 1516 2467 1569 sin
2495 1529 2624 1571 vero
2646 1532 2713 1571 ex
2741 1533 2848 1587 quo
2875 1519 3197 1588 sapientiam
3229 1521 3600 1590 acquisierint,

2012 1617 2118 1657 non
2154 1616 2217 1656 ea
2242 1618 2362 1673 qua:
2396 1605 2803 1670 desiderabant,
2828 1608 2924 1661 sed
2950 1622 3011 1662 ea
3036 1624 3156 1678 qua:
3187 1624 3293 1663 non
3323 1609 3603 1665 desidera-

2012 1690 2161 1759 bant,
2206 1692 2531 1750 amiserunt.
2565 1694 2668 1750 Hic
2710 1710 2837 1751 vero
2866 1698 3237 1753 calamitatem
3286 1700 3431 1753 illam
3463 1700 3607 1753 deri-

2014 1782 2125 1847 det,
2179 1791 2237 1837 et
2283 1784 2336 1837 in
2383 1783 2591 1852 judicio
2640 1785 2782 1843 hanc
2826 1790 3274 1844 consuetudinem
3329 1791 3604 1846 exsibilat.

332 1869 589 1939 κρίσεως.
622 1862 716 1932 Οἷς
754 1868 865 1938 γὰρ
888 1867 998 1921 οὐδ’
1026 1865 1207 1920 ότιοῢν
1236 1904 1252 1930 ,
1283 1861 1458 1937 οἴμαι,
1494 1867 1601 1921 τῶν
1655 1866 1925 1921 εἰωθότων

2027 1870 2161 1927 Nam
2183 1873 2383 1942 quibus
2408 1874 2543 1928 nihil
2569 1890 2782 1943 eorum,
2814 1886 2873 1931 ut
2895 1888 3045 1948 puto,
3074 1893 3193 1948 quze
3227 1889 3385 1935 antea
3418 1880 3609 1936 solitus

330 1963 581 2033 ἠδίκηκε,
616 1963 825 2026 τούτοις
854 1963 935 2016 ὅτι
969 1959 1103 2031 μηδέ
1120 1959 1219 2031 τὴν
1254 1960 1428 2031 ἀρχὴν
1459 1962 1686 2033 ἠδίκηκε
1718 1961 1915 2027 δείξειν

337 2055 657 2125 ὑπείληφεν,
685 2055 872 2126 ὥσπερ
914 2056 974 2109 οὐ
997 2057 1085 2111 διὰ
1122 2054 1280 2110 τοῦτο
1320 2055 1564 2127 μείζονος
1592 2055 1762 2126 ὀργῆς
1820 2055 1917 2108 καὶ

337 2154 675 2226 κατηγορίας
700 2154 959 2226 ὑπάρχων
1024 2154 1192 2220 ἄξιος,
1236 2155 1318 2209 ὅτι
1356 2152 1577 2206 τοιαῦτα
1605 2154 1698 2205 καὶ
1728 2150 1918 2221 τηλικ-

334 2246 475 2301 αῦτα
500 2247 800 2318 πεποίηκεν
831 2239 905 2302 ὧν
947 2248 1049 2302 οὐκ
1079 2246 1226 2301 ἐστιν
1279 2246 1407 2319 [582
1435 2244 1527 2317 IL]
1576 2246 1757 2315 εὐρεῖν
1814 2261 1918 2296 πα-

340 2338 700 2410 ραδείγματα.
729 2339 893 2411 [1089
924 2338 1018 2411 IL]
1076 2340 1136 2392 Εί
1192 2338 1237 2391 δ’
1294 2339 1345 2391 οἱ
1394 2338 1463 2391 τά
1496 2336 1669 2407 μείζω
1715 2334 1919 2404 τολμή-

339 2446 553 2497 σαντες,
592 2430 768 2485 ὅτιτά
821 2429 992 2500 μείζω
1034 2430 1344 2501 δεδράκασι,
1384 2429 1483 2498 τὴν
1533 2426 1804 2498 τιμωρίαν
1856 2425 1916 2478 οὐ

338 2520 588 2583 δώσουσι,
620 2522 704 2585 τίς
733 2521 813 2574 ἐτι
836 2521 993 2590 λόγος
1028 2520 1278 2584 κολάζειν
1306 2519 1518 2574 ὲθεὲλει¹⁵
1544 2521 1669 2581 τοὺς
1719 2517 1788 2571 τά
1825 2535 1918 2587 μι-

340 2613 607 2684 κρότερα;
641 2612 705 2667 Τί
731 2614 789 2667 δέ
817 2631 831 2680 ;
872 2614 921 2667 εί
950 2613 1077 2676 τοὺς
1100 2613 1174 2683 μὴ
1200 2612 1268 2666 τά
1302 2610 1507 2681 συνήθη
1540 2608 1921 2681 παρανομοῦν-

340 2721 440 2767 τας
463 2706 767 2777 ἀφήσομεν,
823 2706 941 2769 πῶς
992 2706 1093 2759 οὐκ
1151 2704 1369 2769 ἐξουσία
1416 2705 1570 2757 πᾶσα
1630 2702 1922 2775 γενήσεται

341 2800 456 2860 τοῖς
487 2797 769 2852 ὲθέλουσι⁶
798 2797 1143 2869 πλημμελεῖν
1175 2795 1211 2850 ὃ.
1245 2795 1321 2869 μὴ
1347 2794 1679 2850 συνείθισται
1704 2797 1771 2859 θ’,
1794 2796 1924 2869 ὅταν

344 2890 395 2942 οἱ
419 2889 626 2959 πρῶτοι
691 2890 864 2944 ταῦτα
915 2889 1289 2958 τολμήσαντες
1341 2890 1416 2952 ὡς
1472 2889 1574 2943 οὐκ
1614 2887 1925 2951 ἀδικοῦντες

344 2981 667 3049 ἑκφύγοιεν;
703 2981 824 3051 Χρὴ
873 2981 1062 3035 δέισύκ
1110 2980 1335 3051 ἀφέσεις
1378 2980 1488 3034 τῶν
1538 2980 1777 3051 κρίσεων
1828 2978 1926 3042 τὰς

349 3073 448 3128 ὑπε
465 3072 659 3146 ρὸολας
684 3063 793 3128 id};
820 3074 1173 3146 ἀδικημάτων
1202 3072 1454 3143 μᾶλλονῆ
1482 3073 1791 3126 τούναντίον
1842 3072 1928 3125 αί-

2024 1974 2158 2030 erat,
2198 1965 2435 2036 objecit,
2473 1967 2557 2023 his
2599 1969 2728 2038 quia
2771 1984 2945 2039 neque
2980 1971 3266 2040 imperium
3310 1971 3606 2038 obiecerat,

2024 2066 2274 2127 sperarat
2300 2058 2438 2124 fore,
2484 2069 2543 2114 ut
2580 2061 2785 2117 idcirco
2822 2078 2928 2118 non
2971 2062 3161 2130 majori
3201 2079 3359 2133 paena
3391 2075 3445 2118 ct
3482 2081 3611 2134 sup-

2024 2152 2185 2222 plicio
2201 2152 2396 2225 dignus
2417 2154 2727 2222 exsisteret,
2746 2157 3002 2227 quoniam
3025 2166 3194 2223 tanta,
3222 2168 3275 2213 et
3301 2160 3424 2213 talia
3446 2159 3579 2215 fecis
3595 2191 3612 2201 -

2025 2256 2139 2311 set,
2170 2263 2401 2316 quorum
2437 2250 2679 2319 exempla
2728 2266 2833 2307 non
2879 2260 3100 2320 possunt
3136 2252 3384 2319 reperiri.
3427 2252 3520 2307 Sin
3559 2252 3611 2305 bi

2031 2339 2123 2408 qui
2152 2340 2357 2409 majora
2395 2342 2509 2396 ausi
2564 2352 2717 2407 sunt,
2771 2344 2897 2413 quia
2940 2341 3149 2410 'majora
3178 2344 3609 2403 commiserunt.

2027 2445 2244 2499 pmnam
2276 2446 2382 2487 non
2404 2431 2573 2497 luent,
2601 2448 2846 2502 qumnam
2882 2434 3020 2487 ratio
3047 2442 3131 2489 est
3161 2448 3281 2489 eum
3312 2433 3489 2503 puniri
3521 2435 3612 2502 qui

2032 2522 2239 2576 minora
2293 2524 2600 2579 commisit?
2653 2523 2790 2591 Quid
2842 2527 3066 2581 autem?
3122 2525 3179 2581 Si
3231 2540 3325 2580 eos
3373 2525 3612 2579 dimitta-

2030 2629 2173 2681 mus,
2215 2613 2415 2687 35813
2468 2617 2559 2688 qui
2612 2628 2807 2687 praeter
2860 2620 3077 2675 solitum
3138 2619 3271 2673 nihil
3320 2616 3610 2679 fecerunt,

2030 2722 2209 2764 nonne
2246 2710 2336 2765 Iiet
2380 2709 2633 2764 omnibus
2669 2720 2909 2780 potestas
2940 2710 3242 2766 volentibus
3273 2709 3614 2765 committere

2031 2814 2153 2870 qua:
2199 2816 2303 2856 non
2354 2811 2794 2867 consueverunt,
2846 2801 3281 2872 quandoquidem
3333 2808 3387 2855 et
3441 2800 3615 2870 primo

2032 2891 2219 2947 eadem
2246 2890 2391 2945 ausis
2414 2891 2632 2962 impune
2658 2892 2861 2947 cessit?
2884 2890 3001 2947 Non
3026 2891 3170 2946 enim
3204 2899 3419 2960 oportet
3447 2891 3615 2959 magis

2034 2983 2324 3038 criminum
2352 2985 2772 3054 exsuperantias
2796 2984 3000 3055 judicia
3034 2982 3245 3047 tollere,
3275 2983 3404 3052 quin
3435 2983 3614 3050 potius

2033 3090 2223 3131 eorum
2272 3090 2467 3131 causas
2515 3077 2777 3131 exsistere
2828 3090 3040 3144 aquum
3092 3084 3222 3141 est,
3259 3076 3402 3144 quod
3450 3088 3611 3141 opera

347 3166 467 3229 τίας
501 3166 772 3233 γίνεσθαι,
794 3167 903 3234 ὅσῳ
931 3164 1069 3235 μετά
1096 3163 1204 3217 τῶν
1234 3162 1412 3234 ἔργων
1442 3164 1536 3216 ml.
1561 3162 1621 3216 τὸ
1660 3163 1758 3233 τῆς
1787 3160 1929 3232 γνώ-

2036 3167 2195 3221 simul
2217 3179 2272 3222 et
2294 3169 2539 3224 voluntas
2560 3168 2684 3223 odio
2708 3168 3032 3223 habeantur.
3067 3165 3217 3221 Velle
3249 3165 3395 3219 enim
3414 3178 3611 3217 novum

352 3274 460 3327 μης
493 3259 814 3329 μεμίσηται.
849 3258 922 3309 Τὸ
940 3252 1059 3326 ’γάρ
1082 3251 1161 3319 οἷς
1188 3255 1363 3308 ἀδικεῖ
1392 3271 1474 3318 τις
1501 3255 1597 3309 καὶ
1626 3254 1787 3323 φύσιν
1813 3255 1931 3307 ἀδιο

350 3350 614 3419 κημάτων
635 3348 827 3418 καινὴν
870 3347 1169 3419 προσάγειν
1198 3345 1484 3417 βούλεσθαι
1509 3344 1717 3415 διχόθεν
1753 3343 1817 3397 ἂν
1844 3344 1929 3414 εἴη

350 3441 449 3512 τὴν
487 3440 789 3511 μοχθηρίαν
822 3439 1160 3509 ἐλέγχοντος,
1185 3435 1381 3506 καὶτῷ
1414 3434 1758 3505 πλημμελεῖν
1784 3433 1820 3488 ἃ
1855 3432 1929 3503 μὴ

350 3532 455 3599 δεῖ,
485 3534 581 3586 καὶ
611 3532 687 3603 τῷ
711 3533 886 3585 ποιεῖν
922 3530 1128 3584 ἐθέλειν
1152 3530 1187 3584 ἃ
1214 3530 1287 3599 μή
1337 3546 1422 3592 τις
1458 3528 1722 3599 πρότερον
1743 3528 1762 3559 ⁷
1805 3526 1934 3596 δρά-

354 3640 521 3678 σειεν.
550 3623 716 3677 Οὐδέν
770 3640 874 3686 σοι,
930 3622 1057 3694 φῂς,
1105 3620 1214 3673 τῶν
1256 3619 1527 3672 εἰωθότων
1577 3618 1927 3688 τετόλμηται.

353 3716 535 3786 Λύτήν
562 3732 652 3785 μοι
681 3715 860 3783 λέγεις
884 3714 983 3786 τὴν
1008 3711 1315 3783 ὑπερϐολὴν
1359 3704 1433 3763 ὧν
1475 3710 1851 3780 ἡτυχήκαμεν.
1871 3710 1933 3761 Οί

358 3805 459 3876 μὲν
488 3805 596 3876 γὰρ
631 3804 951 3875 ἠδικημένοι
982 3802 1133 3856 ταῦθ’
1174 3801 1317 3873 ἆπερ
1351 3801 1445 3853 καὶ
1468 3799 1689 3870 ἐτέρους
1742 3800 1936 3870 ἠδικη-

359 3894 556 3964 μένους
580 3893 918 3957 ἐπίστανται,
944 3892 1169 3962 φέρουσι
1208 3891 1338 3961 ῥᾷον
1361 3891 1459 3953 τὰς
1490 3889 1795 3959 συμφορὰς,
1831 3906 1937 3943 παι

361 3988 632 4058 ραμυθίαν
671 3981 745 4041 ὧν
769 3984 1068 4040 πεπόνθασι
1099 3984 1197 4054 τὴν
1235 3982 1343 4035 τῶν
1362 3982 1385 4014 ⁸
1420 3982 1589 4044 πέλας
1608 3981 1900 4051 δυστυχίαν
1917 3984 1939 4015 ⁹

2038 3255 2226 3327 ﬂagitii
2251 3254 2416 3329 genus
2444 3260 2641 3314 addere
2661 3260 2726 3314 iis
2743 3275 2861 3329 qua:
2885 3255 3372 3324 coutmisitduplici
3398 3254 3616 3308 nomine

2040 3350 2520 3418 reprehendendus
2554 3352 2645 3414 sit,
2676 3365 2798 3406 cum
2832 3354 2973 3420 quod
3003 3348 3155 3404 nefas
3187 3354 3476 3416 patrassct,
3500 3348 3619 3397 tunt

2038 3442 2179 3509 quod
2218 3456 2279 3495 ea
2316 3444 2654 3498 committere
2684 3458 2802 3513 quae
2833 3451 2989 3496 antea
3033 3456 3190 3495 nemo
3217 3453 3382 3494 ausus
3416 3438 3520 3502 sit;
3561 3445 3618 3490 at

2039 3532 2171 3584 nihil
2217 3541 2269 3585 te
2300 3546 2487 3586 eorum
2527 3548 2646 3602 quae
2679 3544 2837 3588 antea
2909 3530 3248 3589 commiseris
3269 3571 3284 3595 ,
3316 3529 3509 3584 fecisse
3534 3529 3617 3581 in-

2031 3624 2208 3692 quies.
2242 3624 2417 3694 lpsum
2458 3624 2571 3695 (37)
2596 3636 2937 3696 acceptorum
2971 3624 3390 3681 infortuniorum
3424 3634 3616 3674 exces-
3698 3624 3701 3627 '

2033 3730 2149 3769 smn
2194 3733 2408 3773 narras.
2449 3718 2551 3785 Qui
2595 3734 2724 3775 vero
2770 3720 2825 3774 in
2875 3719 3265 3775 recentioribus
3310 3715 3465 3769 malis
3510 3730 3615 3768 nou

2037 3807 2234 3863 habent
2256 3824 2393 3877 quos
2415 3810 2717 3875 imitentur,
2742 3809 3137 3865 intolerabilem
3164 3807 3439 3863 miseriam
3464 3820 3615 3859 suam

2035 3896 2371 3965 existimant,
2403 3914 2467 3954 eo
2487 3902 2626 3970 quod
2651 3903 2813 3957 sociis
2844 3903 2911 3956 iis
2943 3904 2993 3956 in
3024 3902 3209 3965 rebus,
3235 3913 3355 3968 qua:
3382 3898 3490 3952 illis
3520 3896 3617 3950 acl-

2039 4002 2212 4042 versze
2243 3989 2483 4055 fuerunt,
2515 4006 2772 4061 prospere
2800 3992 3049 4047 cesserit.

357 4078 672 4149 νομίζοντες
703 4096 719 4112 ο
753 4078 801 4129 οἱ
823 4076 879 4129 δὲ
901 4074 1183 4143 νεωτέρων
1203 4070 1556 4141 ἀδικημάτων
1580 4069 1680 4122 οὐκ
1718 4068 1936 4139 ἔχοντες
1976 4077 2397 4148 παραδείγματα
2426 4080 2696 4151 ἀφόρητον
2726 4078 2985 4152 ἡγοῦνται
3014 4078 3113 4149 τὴν
3180 4075 3467 4148 συμφοράν
3543 4092 3621 4146 τῳ

361 4171 438 4244 μὴ
472 4172 568 4224 ιῶν
592 4169 793 4240 ὁμοίων
823 4168 1076 4238 εὐπορεῖν
1098 4164 1240 4235 ἔχειν
1275 4163 1360 4233 ἐφ’
1385 4160 1467 4227 οἷς
1498 4162 1799 4234 ἠτύχησαν.

1174 4282 1254 4335 Ex
1294 4281 1719 4345 Declamatione,
1770 4282 1825 4334 in
1856 4298 2017 4337 (ausa
2065 4287 2234 4356 patris
2261 4288 2582 4357 percussoris
2601 4288 2723 4358 ﬁlii.

441 4405 728 4475 Ἡδίκηταί
747 4420 831 4465 τις
853 4418 929 4465 εις
961 4402 1159 4465 παῖδα;
1200 4400 1335 4471 Οὐχὶ
1384 4399 1480 4453 καὶ
1509 4398 1648 4469 γυνὴ
1682 4399 1939 4469 προσηδί-

2116 4405 2402 4475 Aliquisne
2434 4406 2689 4476 injuriam
2726 4418 2752 4458 a
2787 4403 2895 4458 tilio
2924 4401 3170 4472 accepit?
3201 4398 3319 4456 Non
3350 4410 3402 4455 et
3434 4400 3623 4454 mulier

356 4516 543 4569 κηται.
578 4496 654 4550 Δι’
686 4497 889 4565 ἀμφοῖν
922 4496 955 4565 ἡ
1020 4493 1191 4565 βλάϐη
1239 4491 1600 4563 κεχώρηκεν;
1644 4491 1719 4544 Οὐ
1767 4492 1939 4563 πρόσ-

356 4590 592 4644 κειται¹⁰
625 4588 783 4659 φόνος
834 4589 948 4649 τοῖς
1004 4586 1326 4654 ἀδικήμασι.
1360 4584 1587 4653 Σφαγῆς
1619 4599 1704 4645 τις
1769 4584 1961 4659 αἴτιος,

356 4683 585 4753 γέγονε;
626 4682 759 4734 Τὸ¹¹
795 4679 977 4733 λαθεῖν
1007 4674 1416 4749 θεραπεύειτὴν
1446 4673 1756 4744 συμφοράν.
1803 4674 1941 4727 Μοι-

356 4774 515 4846 χείαν
548 4774 741 4844 τολμᾷ,
764 4769 1152 4841 καὶλαθραίοις
1192 4767 1580 4837 μηχανήμασιν
1622 4761 1769 4818 οἷκον
1824 4764 1938 4818 δια·

358 4866 478 4919 λύει
506 4864 793 4935 σώφρονας
817 4865 892 4917 Οὐ
924 4861 1026 4933 μὴν
1059 4860 1309 4914 τοσοῦτον
1338 4858 1507 4911 κακὸν
1536 4856 1689 4925 κακῷ
1728 4856 1935 4927 μείζονι

361 4953 1102 5024 κατασκευάζειδεινότερον,
1136 4951 1301 5005 παῖδα
1353 4948 1686 5003 ἐπιϐαλὼνη
1746 4946 1933 5018 μητρὶ,

360 5050 458 5102 καὶ
484 5050 597 5111 τοῖς
630 5047 736 5099 τῶν
758 5044 1114 5115 μοιχευόντων
1144 5042 1359 5112 σώμασι
1407 5039 1608 5108 κοῦφον
1641 5038 1810 5092 ποιῶν
1842 5039 1938 5091 καὶ

364 5138 500 5192 αὒτδ
522 5138 581 5190 τὸ
625 5136 726 5206 τῆς
764 5136 1008 5206 μοιχείας
1042 5132 1230 5187 δοκοῦν
1256 5130 1500 5199 ἀδίκημα
1548 5124 1707 5182 εἶναι.
1755 5126 1934 5181 ’Λδιά-

360 5232 565 5303 φθορον
587 5230 630 5261 ¹³
665 5230 765 5299 τὴν
817 5227 995 5297 ψυχὴν
1021 5227 1064 5257 ’⁸
1110 5224 1364 5293 ἔσχηκεν,
1389 5222 1503 5275 ἀλλ’
1531 5221 1653 5292 οὐχ).
1695 5220 1791 5274 καὶ
1837 5220 1935 5293 τὴν

2041 4498 2240 4553 violata
2290 4498 2409 4553 est?
2455 4498 2535 4551 An
2567 4498 2635 4551 ab
2674 4506 2910 4564 utroque
2958 4496 3213 4551 damnum
3266 4492 3471 4548 illatmn
3504 4492 3625 4547 est?

2043 4588 2294 4658 Nunquid
2346 4598 2401 4644 et
2446 4589 2616 4659 stupri
2654 4603 2815 4643 causa
2858 4587 3035 4642 czedcs
3078 4586 3262 4641 facta?
3292 4584 3425 4652 Quis
3473 4585 3625 4638 necis

2044 4687 2236 4731 auctor
2264 4677 2517 4731 exstitit?
2551 4675 2829 4747 Mitigatur
2857 4678 3015 4732 dolor
3047 4677 3173 4746 quia
3209 4676 3416 4746 ignoro.
3445 4674 3625 4727 Audet

2046 4768 2371 4823 adulterium
2410 4769 2769 4834 committere,
2810 4778 2864 4824 et
2902 4767 3131 4822 occultis
3162 4768 3299 4821 dolis
3340 4754 3620 4822 honestam

2048 4857 2305 4910 familiam
2348 4856 2561 4911 evertit.
2595 4855 2708 4910 Non
2743 4866 2920 4911 tamen
2957 4866 3164 4911 tantum
3195 4856 3393 4911 malum
3423 4857 3618 4926 majori

2046 4949 2281 5018 quodam
2309 4947 2448 5000 malo
2472 4947 2688 5015 gravius
2710 4949 2907 5012 reddit,
2948 4948 3114 5001 lilium
3140 4947 3407 5017 adjiciens
3438 4947 3619 5008 matri,

2044 5047 2100 5091 et
2132 5037 2236 5091 illis
2268 5037 2657 5091 mmchantium
2702 5038 3021 5106 corporibus
3048 5037 3163 5092 leve
3196 5036 3427 5091 reddens
3465 5034 3620 5089 adul-

2049 5129 2167 5184 terii
2217 5130 2446 5183 crimen.
2490 5127 2743 5184 Fortunze
2790 5130 2925 5185 bona
2975 5129 3201 5187 sortitus
3249 5129 3372 5184 est?
3401 5131 3470 5181 At
3511 5143 3618 5181 non

2042 5233 2095 5276 et
2148 5222 2402 5277 intactam
2451 5221 2567 5291 ejus
2616 5223 2829 5277 domum
2891 5223 3279 5292 relinquemus.
3346 5219 3459 5274 Non
3520 5233 3619 5285 ego

1640 5355 1879 5411 VARIIE
1917 5355 2323 5414 LECTIONES.

448 5460 469 5491 ³
528 5457 793 5521 ἀθάνατος
852 5456 895 5508 Δ
941 5470 955 5507 :
1013 5453 1041 5505 ό
1093 5450 1341 5521 θάνατοςμ
1378 5465 1439 5511 ς’.

362 5540 383 5571 τ
420 5530 682 5600 πρότερος
917 5526 938 5554 ⁸
965 5521 1215 5601 τῶνμέλὶ
1249 5518 1344 5601 τοῦ
1373 5536 1432 5582 ς.
1476 5587 1491 5601 Δ
1522 5519 1541 5548 ⁹
1587 5517 1877 5601 δυστυχίαν

366 5606 409 5634 ¹¹
444 5587 623 5655 malim
658 5587 982 5651 ἐπιϐάλλων.
1078 5591 1122 5625 ⁸³
1144 5589 1437 5659 ἀδιάφορον
1464 5587 1529 5641 Α.

1517 5453 1538 5484 δ
1566 5446 1663 5509 τὰς
1699 5463 1879 5516 συμφο
1920 5446 1984 5510 ἀς
2038 5463 2097 5510 ς’.
2213 5450 2233 5481 ⁸
2264 5448 2470 5503 ἐθέλειν
2502 5448 2562 5503 Β.
2658 5449 2679 5479 ⁸
2703 5446 2943 5501 ἐθέλουσι
2972 5465 3033 5513 ς.
3137 5447 3174 5478 ⁸⁸
3210 5446 3529 5525 συνήθισται
3556 5457 3615 5503 ς.

1517 5519 1541 5639 Γ
1587 5465 1915 5639 δ·ξρττυέξῇχῗ
1912 5520 2114 5639 1ἱνχεῖν
2156 5516 2195 5574 C
2224 5528 2277 5576 et
2312 5534 2395 5590 pr.
2430 5519 2496 5574 A.
2584 5518 2627 5552 ¹⁰
2652 5518 2939 5607 πρόκειται
2966 5534 3027 5581 ς.
3113 5516 3154 5548 ¹¹
3176 5514 3260 5587 τὸ]
3283 5532 3360 5585 τῳ
3390 5528 3531 5567 corr.
3561 5514 3617 5564 ll.

1704 5602 1875 5657 τυχην
1912 5602 1973 5640 υ.
2854 5604 2855 5607 η

2213 5450 2233 5481 ⁸
2264 5448 2470 5525 ἐθέλειν
2502 5448 2562 5503 Β.
2587 5518 2624 5525 __
2658 5449 2679 5479 °
2703 5446 2943 5525 ἐθέλουσι
2972 5465 3033 5513 ς.
3210 5444 3529 5525 συνήθισται

1911 5704 2139 5762 ΝΟΤΑέ.

433 5808 546 5879 (37)
587 5806 669 5862 Al.
699 5804 982 5859 Adversum
1016 5801 1147 5854 mihi
1180 5800 1445 5866 fortunam
1478 5800 1683 5870 objicis.

657 5899 925 5957 Parnm.
961 5897 1070 5953 Gn.
1124 5892 1283 5951 ('Illl.
