4050 6414
526 386 666 452 1θῶ

1622 392 1887 454 ΡΗΟΤΙΙ
1928 387 2434 453 I‘ATRIARCH/E
2460 385 2570 448 (ΣΡ.
2652 414 2661 421 ·

3642 367 3776 432 1324

525 500 724 554 frustra
764 499 1002 555 minatus
1030 513 1171 569 sum,
1209 514 1241 556 ο
1271 500 1439 557 cives.
1481 500 1673 572 Capti,
1708 501 1966 573 prostrati
1997 515 2090 555 su-

2227 498 2380 552 στίαν
2396 498 2507 562 ἕξει
2553 493 2622 549 δι’
2668 494 2815 565 ἡμᾶς
2860 490 3204 561 ἀδιάφθορον.
3251 485 3367 540 Ούκ
3408 483 3627 555 ἐψεύσω
3667 486 3778 546 τοῖς

527 604 669 657 mus,
699 589 1227 659 obmutescimus,'et
1261 593 1564 663 respublica
1590 591 1847 647 memoria
1870 590 2094 646 excidit.

527 682 778 738 Gadibus
832 683 988 738 nobis
1045 698 1231 739 vocem
1282 686 1564 754 eripuisti,
1610 695 1664 740 et
1716 684 1938 753 tragicis
1993 683 2099 739 illis

2199 591 2382 661 ἐργοις
2410 590 2507 651 τὰς
2529 585 2779 650 ἀπειλὰς,
2805 579 2850 638 ὧ
2884 582 3134 637 πλούσιεσ
3174 579 3521 650 ἐαλὼκαμεν,
3561 578 3777 645 νενική-

2204 682 2364 754 μεθα,
2387 680 2703 750 σιωπῶμεν,
2730 678 2830 747 τῆς
2864 674 3145 738 πολιτείας
3209 668 3612 737 ἐπελαθόμεθα.
3647 668 3780 719 Ἀπ-

528 774 833 829 actionibus
859 774 1146 829 facundum
1176 777 1278 832 hoc
1307 791 1370 831 os
1407 776 1694 831 obturasti.
1726 775 1825 830 Vix
1864 790 1983 843 quae
2015 775 2100 829 di-

2219 774 2395 841 ίτεμες
2428 770 2585 841 ἡμῶν
2607 770 2704 840 τὴν
2734 767 2917 837 φωνὴν
2949 768 3060 828 τοῖς
3079 764 3279 833 φόνοις,
3314 760 3405 815 καὶ
3430 761 3494 813 τὸ
3524 758 3703 828 στόμα
3725 756 3781 810 τὸ

530 866 703 919 cenda
732 874 856 919 sunt
894 866 1109 936 profero
1149 885 1165 922 :
1210 866 1262 921 iu
1304 878 1580 937 posterum
1622 882 1730 920 non
1759 867 1988 937 amplius
2021 866 2101 920 ci-

2219 866 2362 919 ιάλον
2409 862 2732 934 ἀπέφραξας
2808 862 2920 924 τοῖς
2980 858 3263 929 τραγικοῖς
3324 853 3535 915 τούτοις
3587 851 3780 920 γνωρί-

530 958 715 1013 vitatis
752 968 939 1013 orator
976 958 1211 1024 futurus,
1254 961 1346 1014 sed
1387 974 1519 1013 meae
1557 958 1720 1013 solius
1759 958 2100 1013 calamitatis.

529 1048 695 1115 Cujus
771 1061 897 1105 sunt
971 1052 1084 1105 haec
1162 1050 1446 1105 facinora?
1502 1052 1691 1106 Nonne
1738 1052 1919 1106 omnia
1975 1050 2106 1105 tua?

534 1137 723 1194 Nonne
763 1155 881 1194 mea
920 1139 1010 1193 illa
1059 1140 1275 1207 quidem
1317 1144 1563 1204 dextera,
1603 1140 1694 1194 sed
1742 1150 1833 1194 tuo
1874 1139 2105 1195 consilio

533 1246 722 1286 omnes
758 1232 1071 1300 perierunt?
1101 1229 1345 1285 Nondum
1374 1233 1446 1299 id,
1473 1233 1613 1299 quod
1636 1240 1795 1302 caput
1826 1242 1911 1288 est
1938 1232 2107 1288 malo-

536 1339 678 1386 rum,
732 1323 1207 1378 commemoravi:
1260 1324 1596 1393 spectacula,
1654 1326 1902 1395 inquam,
1948 1324 2109 1379 clam

535 1418 639 1471 illa:
670 1426 773 1472 tuas
800 1432 995 1481 secum,
1038 1432 1158 1487 quae
1199 1431 1298 1472 suo
1334 1425 1576 1485 tempore
1607 1424 1726 1470 acta
1756 1424 1901 1471 sunt.
1937 1412 2108 1481 Quam

532 1512 712 1567 laetum
744 1512 903 1565 linem
945 1509 1168 1579 tragicis
1212 1508 1369 1563 addis
1406 1506 1741 1568 infortuniis,
1777 1516 1832 1560 et
1875 1505 1942 1559 iis
1972 1504 2112 1559 cala-

536 1602 776 1657 mitatem
820 1580 1020 1671 auges,
1068 1600 1265 1669 quibus
1308 1597 1363 1652 in
1406 1597 1690 1652 comanliis
1737 1596 1914 1650 luctus
1956 1592 2110 1649 leniri

534 1693 690 1749 solet.
728 1693 819 1748 Sic
855 1693 1022 1763 igitur
1066 1692 1246 1747 omnia
1295 1706 1415 1760 qua:
1463 1699 1651 1744 contra
1689 1703 1786 1743 uos
1829 1686 2113 1741 adornavit

534 1785 772 1854 undique
830 1784 1091 1855 colligens
1138 1783 1422 1853 proferens
1463 1780 1658 1852 353!)
1717 1779 1942 1848 profert.
1974 1777 2112 1845 Quid

2206 971 2397 1025 σμασι.
2421 954 2591 1016 Μόλις
2625 952 2927 1019 τάναγκαῖα
2948 949 3091 1016 λέγω
3118 946 3211 1001 καὶ
3232 945 3543 1014 φθέγγομαι
3566 958 3582 972 ο
3602 943 3780 1011 ῥήτωρ

2206 1045 2321 1114 είμὶ
2353 1042 2538 1095 λοιπὸν
2560 1043 2745 1095 οὐκέτι
2777 1040 2877 1109 τῆς
2902 1037 3131 1102 πόλεως,
3181 1034 3295 1089 ἀλλ’
3346 1034 3448 1104 ἤδη
3483 1032 3659 1101 μόνης
3688 1031 3780 1097 τῆς

2208 1135 2517 1206 συμφορᾶς.
2576 1132 2733 1195 Τίνος
2772 1131 2840 1185 τά
2883 1128 3184 1201 τηλικαῦτα
3238 1126 3558 1197 μιάσματα;
3613 1122 3674 1174 οὐ
3722 1122 3780 1173 σὰ

2208 1228 2423 1295 πάντας
2464 1226 2525 1280 οὐ
2560 1228 2623 1296 τῇ
2655 1224 2777 1297 δμὲν
2820 1222 2970 1292 δεξιᾷ
2990 1224 3055 1291 τῇ
3084 1223 3213 1291 ἐμῇ,
3256 1221 3321 1289 τῇ
3382 1220 3448 1287 σῇ
3498 1215 3556 1268 δὲ
3594 1213 3781 1286 γνώμῃ

2210 1321 2414 1384 πάντες
2432 1318 2770 1383 άνόιλωνταις
2834 1313 3002 1368 Οὔπω
3031 1313 3091 1366 τὸ
3123 1310 3417 1381 κεφάλαιον
3453 1308 3567 1361 τῶν
3602 1307 3782 1375 ἀδιη-

2214 1412 2400 1483 μάτων
2422 1405 2598 1473 είπον,
2623 1408 2725 1476 τῆς
2748 1406 3007 1478 λαμπρᾶς
3040 1420 3133 1457 σου
3166 1386 3370 1472 σκηνῆς
3396 1401 3464 1452 ea
3497 1398 3642 1452 κατὰ
3668 1414 3779 1451 και-

2214 1505 2306 1575 ρὸν
2363 1500 2707 1570 ἀναφανέντα
2779 1499 3161 1568 γνωρίσματα.
3196 1494 3268 1547 Ὦ
3311 1492 3562 1563 κωμικὸν
3619 1488 3781 1561 πέρας

2212 1595 2505 1666 τραγικαῖς
2552 1592 2741 1661 τύχαις
2768 1587 3065 1656 ἐπαγαγὼν
3084 1588 3148 1651 ¹⁵,
3172 1585 3268 1639 καὶ
3305 1584 3517 1644 τούτοις
3547 1581 3782 1649 αὐξήσας

2211 1685 2311 1757 τὴν
2364 1685 2673 1755 συμφορὰν,
2720 1678 2866 1746 οίςη
2916 1682 2974 1734 ἐν
3027 1678 3338 1749 κωμῳδίαις
3393 1674 3544 1740 πάθη
3584 1673 3782 1726 λύεται.

2214 1776 2371 1831 Οὕτω
2397 1776 2575 1831 τοίνυν
2605 1775 2783 1828 πάντα
2827 1773 2895 1827 τά
2941 1771 3064 1826 καθ’
3103 1770 3260 1840 ἡμῶν
3306 1765 3785 1838 διαπεπραγμένος

531 1873 602 1927 de
642 1881 956 1943 paupertate
1003 1873 1246 1928 diceres?
1282 1876 1389 1937 An,
1431 1872 1575 1940 quod
1620 1871 1801 1925 nullus
1839 1868 2109 1938 prohibet,

2219 1867 2441 1941 περιιὼν
2468 1867 2508 1900 ⁸⁷
2545 1866 2731 1935 λέγει*
2760 1864 2824 1919 Τί
2859 1865 2904 1917 δ’
2944 1864 3011 1918 ἂν
3054 1863 3231 1925 εἴποις
3258 1862 3387 1932 περὶ⁵
3417 1860 3461 1892 ¹⁸
3490 1859 3589 1913 τοῦ
3632 1859 3785 1929 πένης

533 1961 618 2016 lex
670 1972 914 2029 accuset,
966 1977 1031 2017 ac
1071 1961 1429 2017 condemnet?
1478 1961 1608 2015 Dein
1661 1974 1746 2015 me
1788 1960 2107 2029 interrogat,

527 2067 661 2108 num
688 2052 850 2108 liceat
876 2068 1103 2121 puerum
1140 2068 1353 2117 necare,
1388 2068 1514 2106 tutm
1553 2052 1714 2107 liceat
1748 2052 1905 2121 proli,
1946 2065 2109 2121 quam

535 2143 843 2212 suscepisti,
875 2143 1126 2213 iniuriam
1166 2145 1388 2201 facere?
1417 2144 1472 2199 Si
1503 2152 1683 2198 autem
1717 2154 2004 2213 utrumque
2025 2142 2111 2197 lex

528 2233 850 2302 permittat,
904 2244 966 2289 et
1019 2234 1162 2304 quod
1209 2234 1413 2289 licitum
1470 2243 1576 2299 est,
1635 2233 2013 2303 assumpsisti,
2059 2242 2115 2288 et

536 2325 676 2393 quod
708 2340 812 2381 non
841 2325 965 2381 licet
991 2326 1347 2397 conjuuxisti,
1370 2342 1474 2395 non
1502 2340 1599 2394 per
1628 2335 1916 2395 utrumque
1932 2326 2114 2381 absol-

534 2417 681 2471 veris
731 2418 945 2485 potius,
994 2433 1153 2487 quant
1207 2432 1423 2487 poenam
1474 2416 1683 2471 subibis
1734 2429 1943 2481 eorum,
1996 2431 2115 2485 qum

508 2502 512 2507 ’
539 2507 663 2559 huic
691 2503 958 2575 adiungis,
982 2516 1037 2561 et
1064 2521 1183 2575 qua:
1208 2522 1312 2560 non
1346 2508 1534 2562 licent.
1562 2504 1713 2559 Licet
1742 2506 1894 2569 mihi,
1920 2506 2113 2576 inquit.

538 2594 732 2651 Ilivitis
765 2599 879 2653 haec
931 2598 1119 2663 verba,
1155 2606 1210 2651 et
1259 2597 1555 2666 tyrannicae
1597 2596 1859 2667 superbia:
1894 2612 2117 2668 respon-

539 2705 681 2745 sum.
728 2687 839 2759 Ego
873 2704 1002 2744 vero
1039 2690 1132 2744 tibi
1186 2690 1424 2759 benigne
1480 2700 1642 2758 atque
1686 2690 1993 2744 humaniter
2037 2704 2120 2744 re—

540 2782 996 2849 spondeo..Dabis
1041 2781 1186 2835 enim
1222 2794 1415 2851 poenas
1456 2780 1585 2835 dum
1624 2780 1679 2836 hi
1708 2779 1919 2849 iudices
1960 2781 2117 2835 sede-

542 2874 693 2928 buut.
720 2870 875 2929 Nosti
903 2873 1033 2943 quid
1062 2872 1337 2930 hominem
1368 2872 1652 2929 absolvat?
1676 2873 1857 2928 facere
1877 2872 2117 2928 licuisse.

540 2965 609 3020 At
636 2966 681 3021 si
714 2966 927 3023 licentia
961 2966 1163 3023 abusus
1199 2980 1277 3031 es,
1313 2967 1454 3022 hanc
1497 2964 1679 3035 punio,
1726 2965 1867 3036 quod
1906 2965 2007 3021 hac
2031 2981 2121 3019 oc-

522 3058 761 3114 ~casione
806 3074 1024 3115 omnem
1092 3058 1328 3114 licentiae
1382 3068 1632 3113 naturam
1706 3058 1939 3113 exuerit.
1994 3056 2122 3111 Pul-

2210 1974 2335 2023 τος;
2364 1956 2508 2011 Ὅσα
2537 1955 2724 2027 μηδεὶς
2759 1953 2961 2007 κωλύει
3013 1953 3199 2023 νόμος,
3250 1952 3583 2021 κατηγορεῖν
3624 1948 3784 2001 ἐθέλει

2212 2054 2307 2105 καὶ
2335 2050 2660 2122 γράφεσθαι.
2702 2045 2834 2102 Είτά
2859 2064 2924 2119 με
2983 2047 3164 2119 ἐρωτᾷ
3192 2062 3205 2076 ·
3239 2046 3353 2100 Οὐκ
3382 2044 3595 2109 ἔξεστιν
3629 2038 3720 2096 οὖν
3746 2042 3783 2076 ¹⁹

2213 2142 2499 2197 ἀνελέσθαι
2530 2141 2776 2206 παιδίον;
2833 2140 2935 2193 οὐκ
2973 2138 3187 2203 ἔξεστιν
3234 2133 3329 2191 οὖν
3390 2135 3557 2207 μηδὲν
3592 2134 3787 2188 ἀδικεῖν

2214 2234 2659 2304 ἀναλαμϐάνοντα
2688 2250 2702 2298 ;
2732 2233 2795 2285 Ei
2848 2231 2892 2284 δ’
2926 2231 3185 2300 ἑκάτερον
3217 2228 3312 2282 τοῦ
3346 2228 3515 2298 νόμου
3565 2226 3785 2287 διδόντος

2214 2326 2309 2380 καὶ
2328 2327 2388 2378 τὸ
2417 2324 2535 2390 ἐξὸν
2566 2324 2694 2378 εἴλω
2711 2327 2756 2357 ⁸ο
2785 2324 2883 2377 καὶ
2922 2323 2985 2376 τὸ
3022 2323 3097 2393 μὴ
3130 2321 3249 2388 ἐξὸν
3302 2320 3678 2391 προσέθηκας,
3727 2318 3782 2370 οὐ

2214 2418 2301 2472 διὰ
2331 2418 2458 2490 [585
2486 2417 2583 2489 IL]
2614 2419 2838 2489 θάτερον
2867 2416 3116 2486 ἀφεθήσῃ
3155 2414 3354 2485 μᾶλλον
3400 2412 3432 2483 ἢ
3474 2411 3632 2480 δίκην
3695 2410 3784 2479 ὑφ-

2216 2508 2357 2574 έξεις
2376 2504 2459 2573 οἷς
2478 2511 2521 2541 ¹¹
2552 2509 2726 2579 τούτῳ
2758 2508 3053 2579 προσάγεις
3078 2506 3172 2559 καὶ
3198 2504 3323 2575 ἃμὴ
3342 2500 3785 2570 ἔξεστιν.Ἕξεστί

2220 2620 2331 2673 μοι,
2362 2600 2514 2672 φησί.
2547 2600 2807 2653 Πλουσίου
2842 2598 3020 2667 λόγος,
3055 2597 3385 2667 τυραννικῆς
3416 2593 3786 2665 ὑπερηφανίας

2218 2693 2529 2764 ἀπόκρισις.
2582 2690 2725 2758 Ἐγὼ
2756 2690 2813 2743 δέ
2850 2706 2931 2743 σοι
2963 2689 3153 2761 πράως
3189 2687 3333 2741 οὕτω
3361 2687 3455 2739 καὶ
3481 2684 3780 2755 δημοτικῶς

2218 2786 2610 2855 ἀποκρίνομαι·
2647 2782 2841 2846 δώσεις
2872 2783 2982 2853 γάρ
3010 2782 3168 2845 δίκας
3194 2782 3332 2844 τέως
3383 2780 3450 2833 ἂν
3480 2773 3785 2833 οὗτοιδικά-

2220 2878 2384 2943 ζωσιν
2402 2879 2469 2932 ¹¹.
2505 2878 2789 2946 Ἔγνωκάς
2823 2894 2874 2929 τι
2917 2876 3094 2929 ποιεῖν
3114 2875 3158 2905 ’³
3201 2873 3529 2937 ἀνεύθυνον;
3588 2872 3726 2941 ἔχεις
3744 2871 3787 2903 ’⁸

2219 2967 2315 3038 τὴν
2337 2967 2605 3032 ἐξουσίαν.
2670 2967 2731 3019 Ei
2785 2966 2841 3020 δὲ
2885 2965 2983 3036 τὴν
3014 2963 3267 3029 ἐξουσίαν
3323 2964 3423 3026 εἰς’
3458 2960 3787 3033 παρανομίαν

2224 3062 2586 3131 μετήνεγκας,
2614 3059 2827 3123 κολάζω
2863 3056 3088 3126 ταύτην,
3116 3055 3279 3128 [1092
3300 3056 3344 3109 Β
3372 3054 3393 3127 ]
3437 3055 3521 3107 ὅτι
3568 3056 3630 3123 τῇ
3664 3070 3789 3122 προ-

543 3150 734 3204 chrum
766 3157 852 3205 est
905 3149 1275 3215 commisceri,
1316 3152 1409 3205 sed
1460 3158 1569 3203 tum
1610 3150 1844 3213 demum,
1893 3163 2016 3203 cum
2068 3148 2116 3204 id

2222 3152 2381 3220 φάσει
2415 3150 2513 3222 τὴν
2541 3150 2702 3220 φύσιν
2734 3150 2829 3204 τοῦ
2885 3149 3084 3221 μηκέτι
3130 3149 3331 3215 ἐξεῖναι
3376 3146 3688 3216 μετείληφε.
3720 3144 3788 3196 Τδ

543 3240 860 3311 suspicione
896 3248 1076 3295 vacat.
1112 3238 1206 3294 Sin
1237 3248 1417 3294 autem
1443 3239 1655 3294 domum
1692 3239 1812 3309 quis
1840 3237 2116 3308 perfodiat,

2227 3244 2502 3296 κοινωνεῖν
2532 3242 2717 3305 καλὸν,
2747 3242 2859 3294 ἀλλ’
2885 3243 3012 3295 ὃταν
3048 3242 3080 3312 ἡ
3111 3241 3269 3311 χάρις
3307 3236 3636 3299 ἀνύποπτοςο
3668 3238 3787 3303 ..Ἂν

544 3330 832 3387 insidietur
857 3331 1038 3395 uxori,
1065 3329 1446 3400 cognationem
1484 3327 1669 3393 violet,
1713 3326 1969 3382 familiam
2000 3341 2124 3383 cor-

546 3430 809 3490 rumpat,
865 3420 1045 3476 fictam
1094 3420 1486 3475 humanitatem
1540 3418 1759 3475 simulet
1805 3417 1951 3473 omni
2000 3417 2124 3472 odio

545 3510 787 3577 plenam,
821 3524 942 3581 quae
974 3510 1286 3580 adiunctam
1316 3509 1532 3565 interim
1576 3508 1843 3579 justitiam
1890 3522 1995 3562 non
2031 3508 2125 3562 ha-

538 3603 767 3669 bentia,
823 3603 1095 3673 permissu
1147 3602 1379 3672 quodam
1428 3601 1584 3656 ﬁunt.
1646 3600 1773 3655 llaec
1817 3598 1962 3669 quod
2000 3612 2122 3654 eam

544 3694 936 3764 assumpserint
971 3709 1079 3765 quo
1143 3694 1397 3750 videntur
1430 3694 1609 3749 minus
1655 3691 2123 3763 reprehendenda,

543 3803 610 3843 eo
640 3798 763 3843 sunt
802 3788 1107 3859 iujustiora.
1146 3788 1251 3844 Sed
1274 3788 1567 3858 adoptandi
1606 3786 1747 3843 forte
1776 3786 1947 3855 gratia
1974 3799 2122 3854 qna:-

545 3876 925 3943 rebas'liliutu,
953 3892 1051 3933 cur
1083 3892 1187 3932 non
1223 3888 1349 3932 ante
1372 3885 1585 3947 partum
1612 3878 1941 3931 voluntatem
1972 3884 2120 3928 tuam

544 3968 844 4025 iudicasti?
877 3980 971 4025 aut
1003 3986 1098 4026 cur
1132 3972 1306 4026 adhuc
1338 3986 1559 4041 puerunt
1602 3978 1723 4040 post
1770 3978 1981 4037 partutn
2018 3982 2122 4021 non

544 4062 869 4127 postulasti?
909 4064 990 4118 An
1051 4064 1281 4118 fortasse
1332 4076 1584 4119 neutrum
1632 4064 1824 4118 horum
1875 4060 2125 4117 volebas?

543 4152 648 4207 Sed
691 4154 902 4208 defectu
949 4155 1181 4211 hmredis
1223 4156 1617 4225 apprehensum
1679 4170 1783 4209 non
1836 4150 2125 4208 iudicasti?

542 4242 730 4299 Nonne
760 4248 1055 4300 secundum
1084 4247 1226 4316 leges
1254 4248 1599 4316 ad0ptionem
1632 4246 1844 4301 fecisti?
1870 4245 1995 4301 llaec
2024 4261 2122 4301 uo—

546 4334 628 4388 bis
655 4333 776 4402 quis
806 4336 1172 4404 respondebit,
1207 4345 1393 4389 contra
1420 4336 1564 4405 leges
1597 4334 1791 4389 factam
1831 4349 1934 4388 non
1967 4334 2125 4389 esse?

542 4421 831 4494 Impudeus
872 4427 1124 4481 meretrix
1164 4442 1259 4497 pcr
1291 4427 1532 4481 fraudem
1574 4441 1704 4479 ausa
1738 4434 1855 4490 est,
1890 4433 1944 4480 et
1983 4425 2123 4481 iufeo

2223 3334 2277 3387 δὲ
2306 3334 2557 3405 διορύττη
2592 3334 2690 3403 μὲν
2720 3335 2896 3398 οίκίας
2917 3352 3051 3409 ,τις,
3088 3331 3416 3402 ἐπιϐουλεύσῃ
3471 3330 3529 3383 δὲ
3577 3329 3785 3400 γάμοις,

2224 3424 2642 3497 λυμαίνηταιδὲ
2672 3426 2831 3495 γένη,
2866 3426 3156 3499 διαφθείρῃ
3207 3426 3261 3479 δέ
3311 3422 3519 3488 ἑστίας,
3576 3421 3786 3490 ὑποκρί-

2225 3514 2451 3584 νηταιδὲ
2482 3514 2669 3582 φιλανθ
2681 3514 2888 3583 ρωπίαν
2917 3514 3308 3585 ἀπανθρωπίας
3328 3513 3551 3583 ἀπάσης
3600 3511 3783 3581 γέμον-

2228 3620 2347 3667 σαν,
2371 3603 2407 3658 ﬁ.
2432 3604 2531 3675 τὴν
2556 3604 2877 3675 προσθήκην
2904 3605 3006 3658 ούκ
3033 3604 3224 3675 ἔχοντα
3259 3603 3395 3669 τέως
3425 3602 3527 3673 τὴν
3553 3602 3723 3656 ἄδικον
3743 3601 3785 3631 ’⁵

2229 3693 2345 3763 μετ’
2381 3692 2627 3758 ἐξουσίας
2659 3694 2983 3764 ἐπράττετο,
3016 3695 3191 3749 ταῦτα
3240 3695 3323 3748 ὅτι
3368 3692 3577 3763 ταύτην
3632 3709 3783 3763 προσ-

2226 3785 2412 3856 είληφε
2445 3785 2523 3855 τῷ
2543 3785 2719 3838 δοκεῖν
2747 3785 3013 3840 ἀνεύθυνα
3038 3786 3346 3855 φαίνεσθαι,
3379 3785 3667 3855 προσθήκη
3691 3783 3783 3836 τῶν

2225 3876 2574 3947 ἀδικημάτων
2612 3878 2843 3945 γίνεται.
2905 3876 3046 3930 Ἀλλ’
3092 3877 3172 3941 είς
3216 3876 3364 3930 θέσιν
3410 3876 3543 3936 ἴσως
3590 3874 3784 3945 ἐζήτεις

2227 3967 2459 4023 παιδίον.
2492 3968 2632 4021 Τίδέ
2662 3968 2723 4022 οὐ
2751 3968 2857 4039 πρὸ
2884 3967 2976 4022 τοῦ
2998 3969 3159 4022 τόκου
3187 3969 3285 4039 τὴν
3303 3967 3533 4038 γνώμην
3559 3985 3651 4020 σου
3672 3982 3781 4020 κατ-

2226 4061 2483 4133 εμήνυες,
2513 4060 2545 4131 ἢ
2571 4059 2632 4113 τὸ
2660 4060 2870 4114 παιδίον
2889 4060 3031 4130 μετά
3061 4060 3159 4123 τὰς
3204 4060 3397 4122 ὠδῖνας
3424 4060 3527 4111 οὐκ
3561 4058 3778 4129 ᾗτησαςς

2230 4153 2302 4207 Ἢ
2325 4154 2485 4224 τυχὸν
2506 4153 2787 4221 οὐδέτερον
2816 4153 3019 4206 τούτων
3053 4152 3245 4225 ἤθελες
3270 4168 3284 4183 ⁸
3315 4151 3430 4206 ἀλλ’
3463 4147 3561 4204 οὖν
3610 4152 3671 4205 ἐκ
3701 4152 3784 4220 τῆς

2225 4246 2460 4316 ἐρημίας
2496 4244 2699 4299 ἀνελὼν
2742 4245 2906 4309 εὐθὺς
2947 4245 3047 4298 οὐκ
3091 4243 3490 4314 ἐκοινολογήσω
3544 4244 3673 4313 περὶ
3701 4240 3777 4295 rei

2226 4338 2573 4409 πράγματος,
2614 4336 2673 4390 ού
2708 4336 2850 4390 κατὰ
2894 4337 3094 4407 νόμους
3156 4337 3256 4409 τὴν
3295 4335 3443 4389 θέσιν
3510 4334 3779 4407 ἔπραττες.

2226 4426 2409 4481 Ταῦτα
2433 4426 2795 4498 ἀφαιρήσεταί
2825 4443 2906 4489 τις
2956 4427 3101 4497 ἡμᾶς
3119 4427 3184 4491 ³⁸,
3235 4425 3311 4489 ὡς
3351 4424 3506 4496 παρά
3546 4425 3667 4488 τοὺς
3707 4421 3780 4474 νό-

544 4515 617 4570 lix
673 4532 809 4586 puer
861 4517 913 4571 in
962 4518 1216 4573 miseram
1264 4528 1493 4574 matrem
1539 4517 1863 4573 exsecrabili
1921 4518 2116 4573 amoris

2230 4538 2363 4591 μους
2388 4520 2449 4573 ού
2498 4520 2847 4590 πέπρακται;
2896 4517 3186 4589 Ἑναγὴς⁹⁷
3246 4518 3465 4588 μοιχεία
3522 4516 3609 4569 διά
3652 4532 3781 4581 σοφι-

545 4608 749 4675 scypho
777 4605 975 4661 misere
1006 4607 1305 4662 inebriatus
1334 4614 1434 4672 est,
1462 4615 1517 4662 et
1546 4608 1714 4677 patris
1740 4608 1930 4661 dextra
1969 4608 2125 4662 malis

545 4697 753 4752 artibus
795 4698 852 4752 itt
882 4697 1331 4753 charissimorutn
1367 4713 1588 4754 suorum
1621 4700 1823 4753 cmdem
1863 4714 2123 4755 conversa

546 4796 651 4844 est.
683 4788 864 4858 Lugeo
900 4788 1067 4858 igitur
1090 4804 1185 4845 eos
1213 4805 1478 4860 quos‘uon
1510 4799 1569 4844 ut
1609 4790 1790 4845 hostes
1829 4790 2037 4855 necavi,
2068 4798 2125 4846 et

546 4879 855 4950 lacrymaus
905 4880 1139 4936 victimis
1192 4881 1427 4946 assideo,
1477 4896 1612 4951 quas
1659 4881 1897 4950 legitime
1950 4882 2121 4942 factas

532 4971 801 5038 putabam
825 5011 840 5036 ,
889 4986 1158 5043 quemque
1188 4982 1314 5027 ante
1356 4972 1559 5028 caedem
1591 4973 1895 5029 adulterum
1929 4974 2118 5029 existi-

549 5061 714 5123 mavi,
748 5061 891 5117 hunc
915 5071 1035 5131 post
1056 5063 1254 5117 caedem
1287 5062 1451 5116 lilium
1484 5063 1696 5133 agnovi.
1727 5060 1880 5118 Nunc
1905 5065 2124 5119 omnino

2232 4614 2456 4683 σμάτων
2482 4614 2831 4684 τετόλμηται,
2856 4613 2951 4665 καὶ
2980 4614 3108 4675 παῖς
3134 4611 3403 4682 δυστυχὴς
3423 4609 3566 4665 κατά
3597 4606 3780 4681 μητρὸς

2230 4704 2419 4768 ἀθλίας
2437 4705 2482 4736 ³⁸
2520 4704 2577 4769 ἐξ
2625 4703 2854 4774 ἐναγοῦς
2881 4704 2927 4735 ¹⁹
2970 4704 3245 4776 κρατῆρος
3279 4701 3553 4773 ἐμεθύσθη
3595 4699 3779 4761 κακῶς,

2229 4795 2321 4848 καὶ
2342 4794 2492 4861 δεξιᾶ
2529 4795 2735 4866 πατρὸς
2762 4795 2854 4847 ἐπὶ
2882 4794 3076 4862 φόνους
3110 4794 3215 4846 τῶν
3244 4793 3519 4861 φιλτάτων
3557 4790 3656 4845 ὑπὸ
3698 4806 3781 4843 κα-

2229 4886 2459 4957 κοήθους
2485 4885 2682 4957 τέχνης
2713 4884 3063 4951 ἐξώπλισται.
3093 4885 3290 4956 Θρηνῶ
3326 4884 3425 4938 νῦν
3460 4884 3556 4947 οὓς
3601 4883 3670 4946 ὡς
3693 4898 3778 4933 πο·

2227 4976 2450 5046 λεμίους
2482 4978 2767 5047 ἐφόνευσα,
2817 4978 2912 5031 καὶ
2969 4980 3202 5046 σφαγαῖς
3261 4975 3653 5046 παρακάθημαι
3702 4972 3781 5026 δα-

2232 5065 2436 5137 κρύων,
2468 5065 2533 5128 ἂς
2577 5065 2734 5137 ᾤμην
2771 5066 2907 5136 μετὰ
2933 5066 3043 5119 τῶν
3071 5066 3249 5136 νόμων
3294 5065 3655 5137 ἐργάζεσθαι·
3699 5061 3781 5115 καὶ

552 5149 863 5207 vulneratus
909 5168 1002 5218 es,
1032 5167 1175 5208 nunc
1211 5162 1265 5208 et
1297 5152 1496 5208 fascias
1536 5154 1863 5222 sepulcrales
1902 5154 2116 5223 accipis,

2224 5157 2283 5210 ὃν
2310 5157 2416 5229 πρδ
2472 5156 2582 5210 τῶν
2637 5157 2812 5227 φόνων
2847 5156 3031 5228 μοιχὸν
3078 5155 3347 5227 ἐνόμιζον,
3396 5157 3586 5210 τοῦτον
3640 5154 3782 5208 παῖδα

548 5244 647 5298 fili.
694 5245 1011 5301 Extremum
1052 5254 1103 5301 te
1155 5246 1417 5301 invocabo
1473 5260 1578 5299 non
1631 5245 1972 5311 nominibus,
2010 5262 2116 5317 qua

2230 5248 2367 5319 μετὰ
2388 5249 2487 5320 τὴν
2516 5248 2728 5320 σφαγὴν
2775 5248 3067 5319 ἐγνώρισα.
3126 5249 3243 5302 Νῦν
3294 5249 3465 5310 ὅντως
3506 5245 3778 5317 τιτρώσκῃ,

549 5349 646 5404 per
680 5335 981 5392 adulterum
1020 5336 1247 5391 sortitus
1273 5350 1331 5391 es
1353 5375 1367 5401 ,
1405 5336 1498 5390 sed
1534 5350 1653 5405 quae
1688 5349 1784 5405 per
1822 5336 2116 5406 generatio-

2226 5337 2323 5394 νῦν
2351 5339 2449 5411 τὴν
2472 5340 2694 5411 καιρίαν
2726 5338 3046 5410 λαμϐάνεις,
3077 5339 3308 5393 παιδίον.
3344 5337 3576 5392 Καλέσω
3605 5336 3703 5407 γάρ
3728 5351 3780 5386 σε

1839 5470 2076 5526 VARI/IS
2104 5471 2510 5529 LECTEONES.

621 5594 663 5626 “
704 5592 1071 5663 ἐπαναγαγὼν
1091 5609 1159 5663 νς.
1236 5590 1328 5663 __"
1351 5585 1455 5663 οίςῖ
1484 5590 1558 5655 ὡς
1581 5591 1646 5644 Α,
1736 5592 1785 5663 ⁸⁷,
1808 5588 2011 5663 περιὼν
2043 5591 2116 5663 Α.
2218 5591 2262 5623 ’⁸
2293 5590 2445 5663 περὶ]
2475 5591 2618 5646 κατά
2652 5592 2715 5648 Β.

552 5659 1016 5735 μὲνοῦνάλλίέπῖ
1044 5661 1122 5732 τῷ
1154 5659 1653 5735 psqosulici'schitts2
1730 5662 1792 5735 ‘_'-°
1821 5659 1917 5729 pro
1942 5659 2399 5735 ei’lwlacuuaest
2430 5659 2483 5716 in
2544 5663 2603 5717 Β.
2702 5662 2875 5735 ’⁸οίς]
2928 5668 3036 5720 imo
3088 5659 3185 5721 ὧν.
3278 5659 3321 5697 ’⁵
3372 5659 3674 5735 δικάζουσιν
3724 5673 3778 5719 ς.

549 5730 595 5765 ⁵³
628 5736 795 5807 ποιεῖν
954 5730 1225 5807 ποιεῖς.
1266 5801 1283 5807 1
1306 5732 1518 5807 ξξὲχλεις
1557 5733 1655 5807 _AC
1682 5749 1700 5807 :7
1728 5731 1872 5807 ἔχειν
1926 5748 1983 5795 ς.
2021 5801 2043 5807 _
2080 5734 2144 5807 ’8_
2176 5733 2519 5807 ἀδικίαν-Δ.-
2560 5735 2635 5807 ῌ²⁶
2665 5734 2807 5807 ops,-
2835 5730 2896 5792 A'.
2978 5740 3019 5773 ’7
3075 5736 3273 5800 ἐναγὴς
3308 5732 3545 5807 μοιχεία]
3593 5730 3778 5798 ἐνάγεις

554 5821 640 5872 μοι
670 5806 824 5876 χεῖρα
858 5803 918 5859 Β.
997 5800 1041 5835 ⁸⁸
1074 5801 1283 5876 ἀθλίας]
1310 5800 1519 5874 ἁθρόως
1557 5804 1614 5858 Β.
1688 5806 1729 5835 ’τ’
1760 5802 1818 5867 ἐξ
1853 5801 2078 5870 ἐναγοῦς
2113 5802 2373 5872 Scaligcr.
2401 5803 2521 5858 libri
2556 5800 2830 5875 ξεναγούς.

2804 5595 2849 5663 {9
2873 5596 2971 5649 οὐκ
3004 5595 3149 5663 ἔστιν
3180 5588 3273 5649 οὗν
3307 5594 3475 5663 μηδὲν
3524 5592 3583 5655 Β,
3625 5591 3780 5656 ἔξεστι
