4104 6406
280 396 419 464 1325

1310 393 1827 455 BIBLIOTHECA.
1859 417 1926 427 -
1948 393 2111 454 COD.
2153 394 2455 455 CCXLlII.

3393 390 3527 455 1326

275 514 466 567 λοιπὸν
487 512 549 567 οὐ
569 513 683 576 τοις
712 510 819 567 τῶν
845 507 1197 579 ἀδικημάτων
1221 507 1358 562 ἀλλά
1381 509 1493 571 τοῖς
1522 506 1617 560 τοῦ
1660 508 1852 576 γένους

1962 519 2080 560 nem
2132 514 2396 562 nostram.
2436 502 2553 560 Non
2598 502 2741 567 enim
2787 511 2842 558 tu
2878 515 3117 562 meorum
3158 500 3530 559 calamitatqu

274 606 539 677 ὀνόμασιν
564 622 578 636 ο
599 605 659 658 ού
689 604 799 676 γὰρ
836 602 901 656 σύ
931 619 1020 673 μοι
1057 601 1164 655 τῶν
1196 600 1561 671 ἀτυχημάτων
1589 598 1702 653 ἀλλ’
1736 597 1851 651 ἕτε-

276 715 371 773 ρος
404 698 598 762 αἴτιος.
639 697 839 760 Ἡδέως
858 696 901 748 δ’
929 695 996 749 ἂν
1024 693 1255 765 ἐροίμην
1283 694 1461 747 ἐκεῖνο
1485 694 1548 762 δή
1569 709 1672 746 που
1705 691 1855 762 πρῶ·-

274 808 368 846 τον
392 790 484 845 τὸν
514 789 787 843 πλούσιον.
823 788 1073 858 Χρηστδς
1095 785 1246 857 αὐτῷ
1277 785 1366 839 τὸν
1412 786 1611 857 τρόπον
1644 785 1677 838 ὁ
1722 803 1854 840 νεα-

272 882 463 946 νίσκος
499 880 771 951 ἐφαίνετο,
813 881 847 951 ἢ
903 878 1216 933 τούναντίον
1253 878 1599 950 παράνομος;
1658 877 1720 932 Ei
1754 878 1858 949 μὲν

272 974 383 1045 γὰρ
406 974 664 1046 χρηστὸς,
680 974 823 1037 τίνος
846 975 901 1026 αἱ
927 972 1176 1045 πράξεις,
1194 973 1293 1026 οὐκ
1315 972 1508 1041 ἄδηλον
1531 987 1547 1004 ο
1571 972 1619 1025 εἱ
1660 971 1716 1026 δὲ
1752 990 1857 1025 πο-

271 1067 649 1140 νηρὺς,ὲχρῆν
687 1066 995 1120 ἀποδιδόναι
1042 1065 1120 1137 τῷ
1149 1065 1401 1134 φύσαντι.
1432 1063 1576 1135 Πρὸς
1628 1065 1685 1118 δὲ
1726 1064 1855 1119 τού-

271 1178 389 1224 τοις
421 1159 649 1229 πότερον
672 1156 915 1227 ἐλελήθει
963 1173 1024 1209 σε
1057 1154 1230 1210 ταῦτα
1271 1155 1464 1219 ποιῶν,
1500 1155 1531 1224 ἢ
1581 1153 1850 1224 προειδὼς

272 1252 374 1306 οὐκ
402 1250 671 1316 ἐκώλυες;
707 1250 770 1303 Εἰ
796 1250 894 1320 μὲν
922 1248 1028 1321 γάρ
1052 1247 1293 1317 ἠγνόεις,
1341 1245 1547 1317 πατρός
1592 1262 1657 1315 γε
1684 1245 1853 1310 ὅντως

273 1344 525 1416 φυλακὴν
580 1342 761 1409 λέγεις
787 1357 800 1371 '
838 1342 886 1395 εἰ
935 1341 979 1394 δ’
1018 1341 1117 1394 οὐκ
1148 1340 1389 1410 ἠγνόεις,
1436 1338 1626 1409 ῶσπερ
1683 1338 1852 1400 εἰκὸς,

275 1435 537 1506 μέλλοντα
563 1435 813 1500 κωλύειν,
843 1433 905 1487 οὑ
931 1432 1267 1504 πεποιηκότα
1291 1432 1480 1503 ἐχρῆν.
1514 1431 1588 1484 Τὸ
1620 1430 1719 1501 μὲν
1744 1430 1854 1500 γάρ

271 1527 555 1599 προνοίας,
586 1527 649 1580 τὸ
696 1526 754 1580 δὲ
813 1524 1028 1589 ἀδικίας
1092 1526 1431 1595 τεκμήριον·
1504 1523 1600 1576 καὶ
1636 1522 1698 1576 τὸ
1753 1522 1851 1591 μὲν

267 1619 363 1672 τὸν
388 1617 599 1682 εὔνουν,
630 1618 689 1671 τὸ
713 1618 771 1672 δέ
797 1617 890 1671 τὸν
923 1614 1392 1688 προσποιούμενον
1433 1614 1724 1669 δείκνυσιν.
1793 1612 1852 1667 Ὀ

268 1709 556 1772 νεανίσκος
585 1709 838 1762 ἁπάντων
864 1707 908 1739 ³⁰
923 1708 1115 1770 αίτιος.
1141 1708 1204 1759 ΕΞ
1232 1707 1337 1776 γάρ
1367 1699 1480 1768 οἶός
1508 1722 1569 1757 τε
1599 1700 1669 1776 ἦν
1696 1705 1854 1773 ἀφεῖο

268 1817 359 1855 ναι
384 1800 570 1870 φωνὴν
589 1838 605 1863 ,
638 1799 687 1851 εἰ
721 1799 829 1869 γάρ
868 1814 951 1861 τις
978 1797 1141 1851 αὑτὸν
1172 1796 1308 1850 θεῶν
1328 1836 1343 1862 ,
1374 1792 1463 1850 οἷα
1510 1795 1682 1850 πολλὰ
1719 1796 1851 1849 πολ-

268 1891 429 1954 λάκις
452 1891 604 1960 παρά
637 1890 746 1944 τῶν
805 1888 1046 1960 ποιητῶν
1082 1887 1373 1959 ἀκούομεν,
1413 1886 1551 1959 πρὸς
1578 1888 1620 1919 ³¹
1655 1888 1851 1958 μικρδν
1885 1931 1926 1986 Β

269 1983 496 2054 ἀνῆκεν,
536 1983 660 2037 ὅσον
694 1979 1101 2053 παραγενέσθαι
1148 1981 1217 2051 τῇ
1262 1978 1472 2050 κρίσει,
1519 1980 1620 2033 οὐκ
1658 1978 1725 2032 ἂν
1789 1979 1855 2031 ἐκ

272 2075 456 2146 μέσων
487 2074 597 2129 τῶν
630 2073 857 2144 πληγῶν
887 2073 982 2128 καὶ
1016 2072 1126 2127 τῶν
1156 2072 1492 2144 τραυμάτων
1522 2070 1848 2141 ἀνέκραγεν,
1890 2102 1898 2109 -

273 2168 491 2237 Ἔγωγε
531 2167 749 2237 μοιχός;
786 2166 897 2233 ἐγὼ
924 2165 1297 2235 ,παράνομοςς
1350 2164 1509 2234 ἐχθρὲ
1567 2163 1664 2217 καὶ
1693 2162 1857 2216 πλού-

274 2274 403 2335 σιε*
435 2257 532 2328 ὀψὲ
567 2260 677 2328 γάρ
707 2274 772 2327 με
804 2256 931 2329 [584
964 2255 1054 2329 11.]
1109 2256 1209 2319 τὰς
1264 2254 1478 2326 σεαυτῷ
1527 2253 1851 2325 πρεπούσας

271 2346 595 2416 ἐπωνυμίας
625 2346 889 2412 ἐδίδαξας.
922 2345 1063 2397 Ἀλλ’
1114 2344 1410 2416 φίκτείρας,
1447 2345 1602 2415 φησι,
1652 2344 1714 2396 τὸ
1744 2343 1854 2397 πά-

273 2437 367 2501 θος
397 2436 650 2501 ἐπέδειξα
676 2436 720 2467 ”
788 2436 858 2490 τά
909 2435 1287 2506 γνωρίσματα,
1342 2434 1531 2503 τάφων
1585 2430 1856 2503 πατρῴων

272 2528 570 2599 ἀξιωθῆναι
600 2527 752 2598 παρὰ
791 2527 886 2580 σοῦ
915 2527 1008 2580 τὸν
1048 2526 1328 2580 νεανίσκον
1365 2523 1711 2595 βουλόμενος.
1762 2523 1857 2586 El;

273 2620 467 2692 καιρόν
496 2637 560 2689 γε
595 2619 677 2691 (ού
710 2618 818 2691 γάρ
848 2618 886 2690 ;)
940 2618 1039 2682 τὰς
1091 2615 1385 2684 διαλλαγὰς
1414 2617 1713 2686 ἐτήρησας,
1762 2613 1857 2666 καὶ

268 2714 392 2767 τότε
430 2712 781 2783 ἀνεμνήσθης
816 2710 1052 2781 συνάψαι
1082 2711 1145 2763 τδ
1172 2710 1350 2779 γένος,
1386 2710 1475 2763 ὅτε
1499 2708 1591 2761 τὸν
1621 2705 1856 2777 πόλεμον

273 2807 540 2864 ἄσπονδον
567 2808 624 2860 ἐν
652 2806 797 2874 ξίφει
827 2806 920 2858 καὶ
952 2803 1168 2875 μοιχείᾳ
1204 2802 1533 2874 πεποίηκας.

342 2921 406 2974 Εἰ
429 2921 578 2991 λέγει
622 2920 716 2974 καὶ
763 2919 966 2991 γράφει
1015 2917 1110 2973 καὶ⁹
1146 2918 1246 2989 τὴν
1292 2919 1565 2991 πατρικὴν
1598 2918 1690 2973 τοῦ
1741 2918 1857 2990 βίου

270 3014 427 3081 τάξιν
451 3014 789 3086 εὑρίσκεται,
829 3014 888 3066 οὐ
930 3013 1195 3083 δεήσομαι
1235 3012 1635 3082 γνωρισμάτων
1669 3010 1856 3065 πλειόο

273 3123 401 3168 νων,
435 3103 655 3176 γνωριῶ
702 3103 799 3175 τὴν
836 3102 1000 3174 φύσιν
1061 3102 1169 3157 ἀπὸ
1207 3101 1299 3156 τοῦ
1334 3102 1600 3173 βήματος.
1636 3103 1734 3165 Δός
1768 3118 1859 3171 μοι

273 3197 415 3268 νόσῳ
448 3199 540 3251 καὶ
571 3196 745 3268 λοιμῷ
787 3194 1165 3267 δαπανηθέντα
1204 3195 1556 3265 κομίσασθαι.
1590 3194 1859 3265 Θρηνήσω

1964 615 2148 665 causa,
2180 598 2275 655 Sed
2304 599 2463 657 alius.
2488 597 2753 652 Libenter
2783 606 2962 651 autem
2992 597 3093 651 hoc
3124 596 3357 667 primum
3388 608 3536 663 quae-

1957 690 2140 746 sierim
2164 706 2193 745 a
2221 691 2403 757 divite,
2429 689 2694 758 bonisque
2721 688 2982 753 moribus,
3010 702 3076 741 an
3101 696 3290 742 contra
3313 684 3480 756 359
3501 702 3534 740 α

1958 780 2236 851 improbus
2256 779 2470 848 juvenis
2495 778 2662 834 fuisse
2686 779 2735 833 ei
2759 777 3044 834 videatur?
3080 775 3135 831 Si
3164 777 3308 832 enim
3336 776 3532 837 bonus.

1957 886 2062 927 non
2093 871 2385 927 obscurum
2415 882 2520 936 est,
2554 869 2707 940 cujus
2732 869 2814 925 ha:
2844 871 2950 925 sint
2981 867 3245 923 factiones
3273 884 3287 921 :
3320 868 3407 923 sin
3435 867 3537 923 im-

1958 966 2157 1034 probus
2183 973 2324 1029 erat,
2352 962 2491 1033 patri
2528 961 2674 1017 reddi
2706 961 3010 1030 oportebat.
3053 958 3260 1014 Deinde
3288 973 3399 1012 non
3424 958 3535 1013 sei-

1956 1055 2079 1111 visti
2122 1055 2236 1110 haec
2274 1069 2396 1109 eum
2434 1068 2648 1122 patrare
2673 1051 2928 1108 solitum?
2965 1051 3048 1105 An
3088 1051 3269 1105 sciens
3301 1050 3537 1118 prudens

1959 1163 2062 1203 non
2098 1145 2464 1215 prohibuisti?
2493 1145 2547 1197 Si
2580 1143 2722 1199 enim
2760 1143 3071 1214 ignorabas,
3106 1142 3172 1195 ad
3204 1148 3409 1209 patrem
3441 1154 3535 1192 cu-

1959 1240 2187 1295 stodiam
2224 1239 2495 1308 pertinere
2527 1236 2703 1313 diris?
2734 1235 2788 1290 Si
2830 1248 2958 1289 vero
2990 1234 3222 1299 sciebas,
3255 1241 3313 1286 ut
3342 1230 3537 1285 verisi-

1957 1332 2080 1385 mile
2107 1339 2212 1397 est,
2237 1328 2418 1383 futura
2443 1329 2619 1382 adhuc
2654 1341 2753 1381 nec
2784 1325 2925 1380 facta
2956 1324 3246 1394 prohibere
3280 1322 3535 1379 debebas.

1959 1420 2076 1477 Hoc
2096 1422 2240 1475 enim
2263 1436 2430 1485 curae,
2455 1418 2581 1473 illud
2612 1417 2865 1489 nequitiae
2893 1417 3152 1471 imlicium
3181 1426 3285 1484 est;
3313 1416 3415 1470 hoc
3441 1416 3537 1469 be-

1955 1512 2354 1577 nevolentiam,
2412 1508 2542 1565 illud
2592 1507 2992 1564 simulationem
3044 1507 3301 1562 declarat.
3341 1504 3537 1559 Adole-

1954 1617 2113 1659 scens
2137 1611 2243 1667 est,
2268 1616 2483 1658 omnem
2513 1599 2723 1670 culpam
2746 1598 2999 1654 sustinet.
3034 1597 3090 1651 Si
3113 1597 3257 1651 cnim
3282 1595 3535 1650 emittere

1955 1707 2145 1748 vocem
2180 1693 2473 1758 voluisset,
2506 1692 2549 1747 si
2578 1691 2776 1761 aliquis
2805 1691 2938 1745 deus
2966 1688 3168 1758 (qualia
3204 1686 3370 1740 multa
3390 1685 3532 1756 apud

1956 1792 2145 1854 poetas
2178 1783 2451 1853 audimus)
2481 1782 2630 1837 illum
2659 1792 2766 1835 tam
2797 1780 2889 1835 diu
2922 1777 3251 1847 reliquisset,
3289 1776 3414 1829 dum
3441 1775 3533 1845 ju-

1954 1876 2096 1931 dicio
2121 1877 2426 1941 sisteretur,
2454 1888 2630 1929 nonne
2654 1874 2707 1927 in
2736 1871 2931 1929 mediis
2955 1869 3270 1925 vulneribus
3294 1875 3347 1922 et
3370 1867 3539 1937 plagis

1956 1964 2256 2020 clamaret:
2291 1962 2406 2033 Ego
2448 1962 2694 2027 adulter,
2732 1974 2830 2029 ego
2870 1958 3251 2029 praevaricator
3297 1954 3539 2024 improbe

1955 2057 2128 2113 dives.
2154 2054 2291 2111 Sero
2311 2054 2453 2110 enim
2480 2068 2565 2109 me
2586 2049 2977 2123 appellationes
2998 2063 3112 2113 eas,
3138 2062 3259 2117 quae
3284 2046 3379 2099 tibi
3407 2059 3539 2100 con—

1957 2148 2209 2212 veniant,
2256 2144 2528 2210 docuisti,
2576 2144 2669 2199 sed
2699 2141 2983 2196 misertum
3007 2180 3022 2207 ,
3065 2138 3258 2207 inquit,
3291 2146 3343 2191 te
3370 2136 3538 2192 eladis

1958 2238 2089 2293 satis
2134 2237 2416 2302 imlicasti,
2468 2236 2688 2305 cupiens
2714 2249 2743 2288 a
2786 2242 2836 2288 te
2870 2230 3267 2287 adolescentem
3297 2228 3540 2299 paternis

1961 2327 2257 2397 sepulturis
2280 2327 2500 2397 dignum
2533 2324 2702 2388 reddi,
2738 2329 3038 2393 opportune
3068 2334 3217 2376 sane.
3251 2318 3367 2374 Non
3396 2318 3540 2373 enim

1959 2420 2137 2475 foedus
2168 2418 2419 2482 servasti,
2448 2424 2503 2471 et
2534 2424 2658 2470 tunc
2685 2414 2739 2469 in
2770 2422 3004 2469 mentem
3031 2411 3131 2467 tibi
3157 2409 3543 2479 venitconjun-

1960 2528 2087 2585 gere
2116 2521 2399 2583 cognatos,
2427 2509 2641 2579 quando
2674 2506 3019 2578 implacabile
3046 2505 3251 2564 bellum
3283 2504 3336 2561 in
3365 2503 3543 2577 gladio

1959 2614 2016 2659 ct
2049 2601 2314 2658 adulterio
2346 2599 2647 2656 collocasti.

2033 2904 2124 2961 Sic
2157 2901 2335 2968 dicat,
2368 2910 2423 2957 et
2454 2898 2679 2965 scribat,
2712 2905 2765 2953 et
2796 2898 2921 2951 vita:
2954 2902 3197 2964 paterna:
3230 2891 3427 2949 seriem
3466 2892 3543 2947 in-

1961 2999 2163 3062 veniat,
2188 2995 2342 3068 plura
2359 2982 2532 3065 'signa
2561 3007 2667 3047 non
2701 2997 2881 3061 petant
2909 3002 2939 3043 e
2965 2985 3209 3056 vestigiis
3241 2993 3410 3040 totam
3442 2997 3540 3037 na-

1963 3100 2136 3147 turam
2170 3086 2581 3158 deprehensam.
2600 3082 2708 3138 Fac
2740 3081 2930 3136 morbo
2959 3087 3013 3133 et
3040 3085 3190 3148 peste
3214 3074 3540 3132 exstinctum

1961 3180 2166 3246 etl‘erri,
2189 3178 2412 3249 plorabo
2437 3175 2519 3230 vel
2548 3182 2677 3230 tunc
2716 3172 2978 3242 agnitum,
3021 3184 3144 3224 cum
3178 3168 3310 3249 mihi
3341 3181 3537 3222 nomen

285 3243 412 3268 ’“’Τ
449 3243 540 3251 ’⁷⁷⁷⁷
573 3243 741 3268 ""5""?
791 3243 1164 3267 "'"""l"""
1207 3243 1556 3265 "'l'"""""'
1599 3243 1851 3265 'b"|"l"'

276 3287 376 3359 μὲν
408 3288 502 3343 καὶ
546 3289 667 3341 τότε
726 3288 826 3358 τὴν
866 3288 1156 3359 συντυχίαν
1206 3286 1307 3357 τῆς
1333 3286 1607 3355 γνώσεως,
1634 3285 1717 3338 ὃτι
1752 3301 1854 3355 μου

1963 3243 2298 3343 ροιτὶεέοὶο
2340 3266 2590 3337 sepulcro
2634 3262 2957 3319 servaveris.
3006 3259 3123 3329 Erit,
3173 3243 3303 3313 mihi
3349 3255 3542 3312 solatio
3640 3256 3647 3263 ’

272 3383 375 3453 τὴν
391 3382 707 3450 ἐπωνυμίαν
744 3382 844 3448 τὴν
882 3379 978 3433 τοῦ
1010 3379 1219 3451 πατρὶ.
1251 3380 1397 3451 μόνῳ
1421 3379 1498 3451 τῷ
1517 3379 1675 3449 τάφῳ
1695 3377 1856 3448 τετή-

276 3488 451 3543 ρηκας
472 3488 486 3503 ·
529 3474 991 3545 παραμυθήσεται
1019 3473 1077 3527 δέ
1115 3491 1181 3545 με
1210 3474 1272 3527 τὸ
1315 3471 1533 3542 πέμψαι
1563 3471 1656 3525 τὸν
1692 3468 1858 3524 παῖδα

270 3566 385 3625 τοῖς
424 3563 572 3616 κάτω
622 3563 763 3628 θεοῖς
811 3568 951 3637 νόσῳ
1002 3564 1251 3632 λυθέντα,
1298 3564 1375 3636 μὴ
1406 3563 1667 3635 δράμασι.
1718 3560 1858 3614 Νυνὶ

271 3656 327 3709 δὲ
354 3655 421 3727 (ὣ
450 3658 549 3727 τῆς
583 3659 850 3729 τραγικῆς
874 3659 1063 3722 ὅντως,
1097 3658 1142 3711 ὣ
1170 3661 1269 3730 τῆς
1291 3657 1469 3728 ἀώρου
1496 3656 1589 3710 καὶ
1618 3655 1859 3727 ἀπηνοῦς

271 3750 382 3803 τῶν
421 3751 820 3822 γνωρισμάτων
852 3749 1358 3823 καταμηνύσεωςί),
1407 3748 1570 3820 [1095
1615 3746 1712 3819 IL].
1762 3744 1857 3801 νῦν

274 3842 626 3913 ἠνάγκασμαι
675 3843 964 3914 γνωρίζειν
1014 3843 1106 3898 τὸν
1145 3842 1331 3907 παῖδα,
1363 3843 1451 3895 ὅτε
1484 3841 1700 3908 ἀγνοεῖν
1737 3855 1861 3890 συνο

274 3936 463 4005 ἐφερε,
522 3936 617 3989 καὶ
655 3935 776 3989 τότε
831 3936 1014 4007 πατὴρ
1084 3933 1488 4004 άναγορεύομαι
1520 3932 1587 3996 ³³,
1632 3932 1719 3984 ὅτε
1764 3928 1860 3982 καὶ

276 4026 622 4090 παιδοκτόνος
656 4028 1002 4099 εὑρίσκομαι.
1036 4028 1142 4080 Ἔα
1177 4043 1243 4097 με
1272 4027 1441 4096 μόνην
1469 4023 1569 4093 τὴν
1610 4021 1858 4093 μοιχείαν

276 4118 519 4190 θρηνεῖν,
560 4119 639 4173 ἐνί
698 4136 802 4189 μου
834 4118 879 4150 ³⁸
936 4119 1337 4190 παραχώρησον
1375 4120 1444 4170 τά
1471 4116 1863 4186 δυστυχήματα

274 4209 533 4280 δράματι.
562 4210 627 4262 Τί
666 4210 721 4263 δέ
755 4228 820 4281 με
842 4210 1086 4283 μερίζεις
1116 4212 1227 4274 τοῖς
1256 4211 1541 4279 ποιηταῖς;
1573 4206 1623 4261 τί
1652 4206 1709 4260 δέ
1741 4204 1864 4259 καθ’

275 4301 509 4355 ἕκαστον
551 4301 659 4355 τῶν
693 4303 839 4373 ἐμῶν
879 4302 1248 4374 ἀτυχημάτων
1279 4302 1484 4373 σκηνὴν
1505 4300 1738 4371 ἐγείρεις
1765 4298 1860 4353 καὶ

280 4391 519 4464 οἐατρα;
582 4394 717 4447 Νυνὶ
745 4393 801 4448 δὲ
831 4394 1321 4465 παρηκολούθηκας
1381 4392 1629 4463 ἀριθμῶν
1660 4410 1763 4463 μου
1791 4391 1862 4446 τὰ

278 4483 691 4555 δυστυχήματα.
745 4486 855 4539 Καὶ
904 4485 1025 4540 τότε
1097 4503 1198 4556 μου
1247 4485 1536 4556 πληρῶσαι
1564 4485 1654 4538 τὸν
1694 4484 1864 4553 τάφον

284 4576 482 4641 θέλεις,
516 4576 603 4630 ὅτε
640 4576 731 4632 τὸν
762 4573 907 4631 οἷκον
957 4577 1251 4641 ἐκένωσας.
1290 4576 1470 4647 Θάψαι
1494 4593 1561 4646 με
1583 4577 1627 4609 ³⁸
1684 4576 1864 4646 βούλει

241 4662 252 4676 ’
284 4666 383 4721 τὸν
428 4667 631 4735 παῖδα;
698 4667 870 4738 καλῆς
897 4684 959 4736 γε
991 4667 1073 4740 (οὐ
1107 4666 1282 4739 γάρ;)
1350 4684 1441 4737 μοι
1491 4665 1799 4736 φιλοτιμίας
1819 4665 1864 4703 ³⁸

284 4758 708 4832 παρεχώρησας.
753 4760 882 4832 Ἑμέ
917 4760 971 4814 δὲ
1001 4760 1138 4831 ἄφες
1188 4759 1392 4814 στένειν
1415 4759 1513 4823 τὰς
1553 4757 1860 4830 συμφοράς·

281 4851 348 4904 σὺ
376 4853 469 4903 καὶ
502 4851 714 4920 ⁸θάψον,
749 4852 796 4904 εί
841 4850 1034 4915 θέλεις,
1066 4852 1157 4904 τὸν
1207 4849 1573 4921 ἀνῃρημένον,
1635 4848 1731 4902 καὶ
1774 4847 1863 4911 δὸς

279 4939 432 5011 αὐτῷ
486 4940 674 5011 φέρειν
731 4942 850 4994 ἀντὶ
910 4941 1019 4995 τῶν
1049 4943 1315 5012 ἐνταφίων
1336 4941 1403 4994 τὰ
1436 4940 1747 5010 σπάργανα.
1795 4940 1862 4992 Δί

283 5032 379 5083 σαὶ
429 5031 611 5101 χεῖρές
661 5034 767 5084 εἰσι
826 5032 1081 5104 τοιαύτης
1113 5034 1289 5102 ταφῆς
1332 5033 1569 5099 ἐπάξιαι.
1604 5032 1774 5084 Πόθεν
1803 5031 1861 5083 δὲ

281 5122 381 5176 καὶ
426 5123 525 5192 τὴν
566 5124 804 5192 ἐκφορὰν
850 5126 1177 5194 ποιήσομαι;
1217 5124 1323 5177 ἀπὸ
1380 5125 1477 5195 τῆς
1510 5123 1691 5183 ἑστίας
1721 5140 1735 5188 ;
1769 5121 1864 5175 καὶ

284 5217 438 5268 ποῖον
471 5216 690 5285 ὄρυγμα
754 5216 853 5285 τῆς
905 5216 1195 5287 δυστυχοῦς
1221 5216 1432 5284 ἐκείνης
1468 5215 1858 5283 στυγνότερον;

286 5306 415 5378 περὶ
442 5306 569 5346 ⁸⁷-³⁸
600 5306 769 5377 αὐτὴν
800 5309 1036 5378 δυστυχῆ
1069 5308 1315 5378 σώματα,
1344 5310 1437 5360 καὶ
1465 5306 1693 5378 φοϐερὸν
1724 5300 1861 5374 αἷμα

286 5395 426 5448 κατά
445 5395 552 5448 πᾶν
577 5397 742 5469 μέρος
764 5400 1075 5469 ἐκκέχυται,
1116 5400 1208 5452 καὶ
1237 5398 1404 5462 πολὺς
1429 5398 1586 5467 φόνος
1605 5399 1662 5450 ἐν
1682 5396 1854 5467 μέσῳ,

1960 3366 2131 3422 ﬁlium
2158 3364 2348 3419 morbo
2381 3359 2711 3415 exstinctum
2750 3371 2853 3411 non
2888 3353 2941 3408 in
2977 3350 3239 3423 tragoedia
3264 3351 3331 3406 ad
3357 3348 3545 3404 Manes

1963 3457 2198 3513 mittere.
2239 3454 2394 3509 Nunc
2441 3466 2592 3516 vero,
2637 3464 2669 3504 ο
2703 3447 2988 3518 tragicam,
3031 3460 3065 3500 o
3107 3444 3452 3499 immaturam
3487 3453 3545 3496 et

1963 3550 2237 3607 crudelem
2269 3548 2546 3617 signorum
2574 3542 3022 3605 declamationem
3045 3537 3059 3592 l
3084 3537 3206 3594 Jam
3249 3549 3546 3607 agnoscere

1962 3641 2130 3695 ﬁlium
2151 3647 2370 3693 coactus
2392 3652 2533 3701 sum,
2574 3633 2790 3704 quando
2810 3632 3061 3700 ignorare
3081 3627 3420 3699 praestitisset
3445 3643 3459 3680 :
3493 3634 3546 3678 et

1965 3746 2075 3792 tum
2102 3737 2315 3793 demum
2346 3736 2515 3806 patris
2542 3747 2740 3788 nomen
2777 3730 3006 3795 asrisco,
3043 3741 3164 3781 cum
3193 3725 3285 3779 filii
3321 3736 3545 3795 percus-

1963 3844 2056 3884 sor
2086 3828 2481 3897 deprehendar.
2516 3826 2647 3881 Sine
2676 3839 2764 3878 me
2795 3820 2969 3877 solum
3000 3817 3325 3873 adulterium
3357 3813 3544 3884 deplo-
3585 3820 3601 3831 ‘

1964 3937 2116 3988 rare,
2158 3923 2255 3975 des
2294 3921 2346 3974 itt
2379 3934 2486 3975 uno
2527 3919 2775 3973 dramate
2821 3913 3135 3969 infortuniis
3169 3911 3306 3965 meis
3346 3909 3543 3963 locum.

1964 4016 2104 4083 Quid
2155 4024 2334 4068 autem
2388 4027 2474 4066 me
2522 4010 2754 4065 diversis
2804 4007 2979 4074 poetis
3029 4002 3239 4058 tradis?
3292 3999 3430 4066 Quid
3478 3999 3544 4050 ad

1963 4102 2204 4172 singulas
2254 4116 2402 4155 meas
2443 4099 2777 4154 calamitates
2829 4107 3080 4156 scenam,
3135 4098 3190 4143 et
3240 4084 3544 4157 spectacula

1964 4195 2244 4253 adornas?
2272 4192 2427 4247 Nunc
2456 4204 2585 4245 vero
2613 4200 2894 4242 numerum
2941 4179 3273 4241 calamitatis
3308 4192 3439 4231 mea:
3467 4175 3545 4226 vi-

1965 4289 2129 4351 disti,
2173 4294 2229 4342 et
2269 4295 2379 4339 tttttt
2428 4280 2726 4348 adimplere
2781 4274 3088 4344 sepulcrum
3143 4283 3321 4325 meum
3370 4266 3541 4335 cupis,

1966 4398 2088 4439 cum
2113 4379 2373 4435 familiam
2401 4372 2744 4433 exhauseris.
2773 4367 3013 4437 Sepelire
3040 4378 3218 4419 meum
3246 4362 3328 4416 vis
3353 4358 3546 4414 lilium?

1966 4472 2205 4535 Honeste
2234 4469 2450 4542 quidem
2481 4483 2495 4520 :
2528 4480 2635 4520 non
2679 4444 2821 4517 enim
2868 4458 2998 4513 mihi
3047 4454 3395 4511 contentione
3422 4466 3541 4506 ces-

1970 4566 2115 4622 sisti.
2160 4561 2419 4618 Permitte
2463 4572 2548 4611 tne
2586 4555 2858 4609 fortunam
2907 4563 3081 4603 meam
3125 4545 3446 4613 deplorare:
3489 4550 3545 4596 at

1974 4670 2027 4714 tu
2060 4654 2402 4713 interfectum
2438 4650 2482 4704 si
2510 4649 2641 4702 libet
2674 4654 2833 4699 terra}
2877 4640 3093 4700 manda,
3129 4646 3292 4705 atque
3327 4634 3401 4687 illi
3446 4648 3543 4703 pro

1970 4748 2247 4819 sepultura
2304 4744 2369 4798 da
2399 4738 2593 4811 359b
2627 4734 2844 4790 fascias.
2886 4730 3014 4785 Tuae
3040 4728 3183 4784 enim
3224 4741 3411 4780 manus
3443 4726 3544 4779 hoc

1972 4818 2220 4910 sepulcro
2249 4835 2424 4905 digna:
2457 4839 2603 4885 sunt.
2635 4825 2787 4903 Unde
2818 4834 2998 4878 autem
3033 4820 3192 4874 funus
3217 4818 3468 4874 efferam?
3499 4819 3543 4873 Ε

1971 4926 2164 4984 domo?
2208 4925 2275 4978 Et
2318 4920 2589 4990 quodnam
2635 4913 2942 4984 sepulcrum
2988 4912 3088 4965 hac
3139 4910 3338 4964 infelici
3385 4911 3544 4965 domn

1972 5018 2184 5077 dirius?
2217 5015 2313 5070 llic
2342 5011 2583 5068 infelicia
2614 5020 2870 5076 corpora,
2907 5014 2960 5057 ct
2985 5016 3137 5057 sacer
3167 5002 3446 5072 sanguinis
3475 5004 3544 5054 ab

1969 5111 2115 5169 omni
2167 5115 2321 5179 parte
2368 5103 2572 5159 effusus
2623 5108 2737 5163 est,
2775 5097 3046 5165 multaque
3114 5095 3290 5149 caedes
3351 5094 3544 5163 (triste

1970 5196 2389 5273 spectaculum!)
2416 5196 2467 5249 in
2491 5191 2664 5248 medio
2680 5190 2857 5259 jacet:
2884 5190 3019 5242 hanc
3039 5186 3253 5241 domum
3278 5185 3542 5249 dirarum,

1971 5296 2307 5355 daemonum,
2343 5302 2407 5343 ac
2451 5286 2712 5340 furiarum
2749 5280 2920 5337 ambit
2962 5280 3177 5335 cohors.
3223 5276 3375 5333 Nunc
3416 5294 3545 5333 vero

1968 5386 2125 5459 (proh
2157 5382 2421 5439 malorum
2457 5380 2726 5450 ingentem
2746 5373 3020 5431 cumulum
3042 5371 3080 5443 Β)
3102 5372 3154 5427 ἱιι
3176 5371 3345 5427 filium
3368 5386 3545 5426 arma-

1593 5576 1830 5634 VABIIE
1866 5570 2272 5632 LECTIONES.

357 5709 685 5767 ³⁸-ἀπάντων
717 5715 794 5771 A:
822 5717 850 5769 ό
878 5715 1092 5772 πάντων
1126 5734 1186 5781 ς’.
1260 5717 1301 5748 ³¹
1335 5717 1471 5788 πρὸς
1503 5715 1582 5769 B:
1614 5714 1689 5777 ὡς
1721 5732 1782 5779 ς-

357 5800 382 5832 ,ι
408 5782 472 5833 Α.
575 5783 620 5815 ³⁸
667 5804 751 5833 una
800 5787 904 5833 AR-
982 5789 1026 5819 ³⁸⁵
1060 5805 1124 5833 ιιε
1159 5787 1470 5833 Reisehitts:
1514 5786 1630 5833 Iiltri
1666 5803 1782 5833 uno.

367 5800 472 5835 ιΑ.

316 5854 537 5920 υστυχεῖ
567 5871 626 5917 ς.

1889 5714 1933 5747 ³³
1965 5712 2213 5777 ἐπέδειξα
2245 5708 2287 5763 Α
2319 5716 2375 5764 el.
2403 5722 2545 5760 corr.
2580 5706 2649 5759 B:
2678 5700 2960 5777 ἐπέδειξας
2999 5719 3060 5777 ς.
3106 5693 3547 5777 ’ξλάναγορεύω-

667 5765 1787 5859 μδῑτιδέ⁷ε“σ“ε;.εδιξρεεςιίί;λέῖῑςιλτίίεῑοιξ
1858 5765 2337 5854 «anausim.
2572 5765 3056 5845 περι-δυ’στυχῆ
3093 5768 3256 5824 ABG:
3316 5765 3458 5837 ὑπὲρ
3494 5800 3546 5812 -
