4104 6394
500 5798 505 5801 ⁷
587 5801 708 5856 libri
760 5797 955 5873 γράφε.
1037 5805 1081 5836 ’⁸⁸
1142 5797 1831 5871 πλουσίῳΑεπλησίονς.

624 399 760 467 1327

614 619 709 675 per
738 603 845 658 vim
876 601 1078 656 occisa.

1724 398 1985 461 PHOTII
2022 399 2534 459 PATRIARCH/E
2564 401 2673 463 CP.

616 526 702 572 tus
729 522 813 568 est
838 518 1011 581 pater,
1052 516 1225 565 mater
1255 507 1309 564 in
1342 508 1554 565 nefario
1590 523 1716 566 cum
1743 508 1854 564 fllio
1887 523 2163 580 congrcsSt

2284 511 2529 580 κατηφὲς
2587 512 2767 582 θέαμα
2842 512 3130 583 πρόκειται
3174 526 3191 542 ⁸

3740 402 3871 471 1328

3246 515 3613 587 περικάθηται
3670 520 3869 594 ταύτην

2292 605 2493 657 ποινῶν
2561 605 2658 657 καὶ
2705 603 2976 673 δαιμόνων
3014 606 3107 658 καὶ
3150 605 3463 677 ἀλαστόρων
3486 611 3866 681 στρατόπεδον.

611 693 750 747 Νυνὶ
771 692 828 745 δὲ
864 688 929 761 (ὦ
954 689 1053 759 τῆς
1101 688 1433 757 ὑπερϐολῆςί
1476 689 1521 741 ὣ
1570 688 1669 760 τῆς
1704 688 2085 759 ὑπερηφανίας
2123 689 2229 743 τῶν
2266 693 2450 747 κακῶν
2471 694 2508 764 ί)
2560 695 2742 765 πατὴρ
2806 696 3050 769 ὡπλίσθη
3106 698 3247 752 κατά
3296 700 3520 767 παιδὸς,
3573 705 3762 775 μήτηρ
3794 707 3869 772 εις

613 787 758 861 μίξιν
793 784 1055 855 ἀθέμιτον
1089 784 1278 845 παιδὸς
1314 784 1614 855 βεὸίασται.

681 881 806 946 Sed,
831 894 863 935 ο
885 880 1119 945 hostem,
1151 878 1317 943 bello,
1354 882 1523 945 peste,
1551 878 1834 949 tyrannide
1855 878 2180 951 graviorem,

608 979 663 1025 et
693 971 863 1039 magis
893 970 1099 1038 patriae,
1133 984 1293 1037 quam
1329 968 1548 1023 familire
1584 977 1787 1025 nostra:
1819 970 2176 1039 proditorem,

608 1076 767 1129 quam
811 1076 909 1130 pro
954 1060 1150 1128 quibus
1196 1058 1403 1113 meritis
1444 1060 1649 1114 civitati
1692 1061 1921 1129 gratiam
1972 1060 2181 1114 refers?

608 1168 706 1224 pro
742 1154 991 1221 imperio,
1024 1167 1117 1221 pro
1149 1152 1469 1219 honoribus,
1502 1167 1599 1222 pro
1631 1154 1715 1205 his
1743 1153 1936 1221 quibus
1974 1161 2025 1205 te
2052 1151 2173 1204 tali-

605 1244 706 1297 bus
737 1258 799 1298 ac
825 1244 988 1297 tantis
1020 1243 1296 1308 indignum
1329 1243 1628 1309 smpissime
1662 1244 1879 1312 dignum
1909 1244 2177 1297 existima-

604 1337 704 1402 vit,
731 1336 873 1389 illam
898 1335 951 1389 in
980 1338 1246 1389 theatrum
1280 1335 1598 1405 produxisti,
1624 1343 1678 1390 et
1701 1336 1974 1390 civitatem
2001 1334 2173 1389 fecisti

607 1436 861 1497 tauquam
898 1427 1261 1497 tragmdorum
1294 1436 1691 1496 argumentum.
1725 1426 2016 1481 Calatnitas
2049 1426 2169 1495 qui-

603 1520 723 1574 dem
777 1533 891 1573 mea
940 1518 1062 1570 vitae
1112 1531 1243 1570 mea:
1292 1515 1541 1571 terminis
1591 1516 1925 1582 definietur;
1972 1526 2023 1570 at
2084 1526 2173 1570 tua

602 1608 800 1679 flagitia
876 1608 1055 1679 tuique
1114 1622 1293 1675 mores
1342 1623 1464 1662 cum
1526 1607 1763 1662 civitatis
1821 1607 1932 1663 vita
2007 1608 2175 1663 inter-

600 1700 774 1754 ibunt.

669 1812 748 1867 Tu
796 1828 921 1869 vero
960 1814 1070 1875 die,
1113 1821 1165 1865 et
1209 1812 1409 1877 scribe,
1467 1811 1729 1875 decerno,
1774 1818 1827 1864 et
1870 1806 2172 1863 constitue:

2372 874 2510 928 ’Λλλ’
2548 869 2593 929 ὦ
2626 876 2866 945 πολέμου
2900 878 2992 931 καὶ
3018 878 3207 949 λοιμοῦ
3237 879 3331 933 καὶ
3364 882 3682 952 τυραννίδος
3710 885 3863 955 ἐχθρὲ

2291 967 2579 1039 βαρύτερε,
2613 968 2725 1021 ἀλλ’
2754 963 2798 1020 ὦ
2818 970 2914 1039 τῆς
2948 971 3208 1040 πατρίδος
3229 972 3388 1025 πλέον
3418 975 3448 1043 ἢ
3478 974 3578 1045 τῆς
3597 976 3869 1041 πολιτείας

2286 1064 2385 1135 τῆς
2410 1064 2683 1133 ἡμετέρας
2702 1062 2829 1115 πολὲ
2838 1080 2948 1131 μιε,
2966 1065 3084 1126 οἵας
3103 1064 3219 1117 ἀνθ’
3240 1066 3367 1118 οἴων
3382 1069 3613 1131 ἐκτίνεις
3636 1072 3703 1138 τῇ
3722 1071 3867 1122 πόλει

2294 1154 2497 1218 ταύτας
2512 1154 2612 1217 τὰς
2633 1155 2861 1225 χάριτας
2883 1158 2893 1207 !
2917 1157 3036 1209 ἀντὶ
3066 1158 3374 1228 προεδρίας,
3397 1160 3517 1212 ἀντὶ
3543 1161 3738 1230 τιμῶν,
3760 1163 3869 1214 ἀνθ’

2289 1240 2364 1302 ὧν
2382 1246 2598 1311 ἀνάξιον
2614 1246 2739 1300 δντα
2767 1265 2824 1299 σε
2845 1246 3113 1300 τοσούτων
3141 1248 3400 1313 πολλάκις
3429 1251 3521 1303 καὶ
3537 1252 3867 1321 τηλικούτων

2288 1337 2541 1410 ἠξίωσεν,
2570 1338 2871 1401 ἐκδέδωκας
2894 1338 3063 1409 αὐτὴν
3087 1341 3154 1409 τῇ
3187 1343 3357 1410 σκηνῇ
3388 1380 3403 1404 ,
3437 1342 3532 1394 καὶ
3562 1344 3675 1394 τῶν
3699 1339 3866 1413 τραγ-

2287 1429 2439 1499 ῳδῶν
2462 1429 2773 1497 πεποίηκας
2802 1429 2901 1499 τὴν
2951 1430 3106 1483 πόλιν
3145 1430 3301 1500 ἡμῶν
3347 1432 3660 1503 ἀγώνισμα,
3708 1436 3803 1487 καὶ
3834 1439 3863 1506 ἡ

2289 1520 2391 1590 μὲν
2423 1520 2531 1591 ἐμὴ
2548 1521 2592 1553 ³³
2619 1520 2874 1592 συμφορὰ
2896 1520 2973 1591 τῷ
3001 1520 3100 1591 βίῳ
3128 1520 3204 1592 τῷ
3225 1522 3341 1592 ὲμῷ
3374 1528 3864 1596 περιγραφήσεται,

2282 1612 2344 1665 τὸ
2379 1612 2593 1683 μίασμα
2654 1613 2710 1667 δὲ
2774 1614 2869 1667 καὶ
2899 1615 2927 1667 ὁ
2951 1613 3041 1677 σὸς
3065 1613 3266 1684 τρόπος
3286 1615 3365 1686 τῷ
3397 1616 3496 1686 τῆς
3523 1617 3736 1679 πόλεως
3774 1618 3865 1688 βίῳ

2286 1705 2777 1773 συνεκταθήσεται.

2354 1796 2425 1847 Σὺ
2457 1795 2514 1848 δὲ
2534 1796 2693 1847 xui.“
2721 1795 2846 1863 λέγε
2899 1795 2996 1849 καὶ
3056 1796 3234 1866 γράφε
3290 1799 3383 1851 καὶ
3431 1800 3718 1869 νομοθέτει
3776 1801 3864 1853 καὶ

597 1912 651 1957 et
680 1904 818 1959 hanc
861 1905 1066 1972 primo,
1100 1906 1143 1959 si
1187 1904 1337 1969 libet,
1375 1904 1546 1972 legem
1586 1902 1725 1957 ferto
1757 1920 1768 1955 :
1805 1900 1870 1954 In
1914 1909 2165 1969 posterum

2286 1885 2573 1955 πρέσϐευε.
2627 1885 2736 1939 Καὶ
2766 1887 3005 1957 πρῶτον,
3037 1889 3084 1940 εί
3120 1888 3315 1955 θέλεις,
3359 1887 3549 1943 τοῦτον
3576 1891 3670 1943 τὸν
3704 1893 3862 1960 νόμον

598 1994 652 2048 in
680 1993 886 2061 judicio
912 2011 1110 2063 pauper
1142 2011 1245 2047 non
1274 1988 1543 2063 loquatur,
1578 1992 1808 2062 loquenti
1857 2008 2008 2059 poena
2044 1993 2177 2043 irro—

597 2093 776 2153 gelur,
808 2088 942 2137 inter
965 2084 1189 2151 plebeios
1219 2084 1503 2144 referatur.
1538 2084 1581 2137 A
1626 2094 1678 2138 te
1706 2098 1831 2137 vero
1858 2082 2005 2153 (quid
2032 2083 2174 2135 enim

2285 1976 2597 2045 εἰσένεγκε·
2632 1976 2727 2045 Μὴ
2784 1976 2986 2047 λέγειν
3035 1980 3120 2033 ἐτι
3174 1980 3280 2033 τοῦ
3308 1981 3524 2034 λοιποῦ
3591 1982 3857 2049 πένητα’

2280 2069 2649 2146 τολμήσαντι
2684 2069 2752 2121 δὲ
2805 2070 3027 2138 τίμημα
3090 2070 3421 2124 ἐπικεῖσθαι
3479 2070 3589 2125 τοῦ
3646 2072 3860 2142 γένους

598 2176 695 2231 tibi
724 2175 952 2245 amplius
990 2175 1164 2231 verbis
1190 2184 1244 2231 et
1268 2175 1490 2247 syllabis
1515 2190 1647 2245 opus
1674 2176 1809 2243 est?)
1838 2167 2165 2228 manifestior

2280 2158 2407 2231 [585
2436 2161 2525 2233 8.]
2569 2163 2837 2231 γίνεσθαι
2880 2163 3113 2233 δήμιον.
3161 2166 3377 2220 Μᾶλλον
3423 2166 3481 2219 δὲ
3526 2167 3601 2236 (τί
3635 2169 3747 2237 γάρ
3779 2184 3854 2220 σοι

596 2268 666 2325 ob
694 2283 812 2323 eam
850 2266 1215 2322 calamitatem
1258 2267 1344 2321 lex
1384 2260 1585 2337 scripta
1618 2275 1734 2333 est,
1766 2266 2045 2336 splendide
2079 2266 2171 2320 tibi

596 2368 908 2415 exstructus
933 2368 1016 2412 est
1046 2368 1350 2428 suggestus,
1378 2358 1480 2413 hoc
1508 2357 1752 2427 exemplo
1772 2357 1947 2413 omnis
1978 2370 2173 2427 panpe-

598 2453 747 2506 ribus
779 2452 1005 2520 praecisa
1054 2462 1139 2506 est
1192 2450 1394 2521 lingua.
1447 2450 1525 2503 'l‘u
1585 2449 1672 2503 die
1728 2448 1911 2513 solus,
1964 2448 2170 2515 impera

597 2546 774 2611 solus,
820 2562 979 2601 nemo
1024 2546 1397 2609 contradieet,
1441 2544 1667 2600 forsitan
1725 2558 1899 2613 neque
1944 2542 2169 2597 humilia

596 2635 853 2704 deinceps
890 2634 1175 2699 tractabis,
1212 2650 1385 2704 neque
1418 2651 1523 2689 uno
1556 2633 1811 2687 tribunali
1846 2641 1954 2685 tum
1983 2642 2171 2701 poten-

596 2727 726 2781 tiam
757 2727 1002 2780 dei‘tnies.
1038 2726 1144 2782 Sed
1177 2728 1357 2781 statim
1391 2726 1709 2781 sublimiore
1748 2742 1907 2794 quam
1957 2726 2041 2780 his
2071 2726 2168 2781 tibi

592 2829 730 2883 Opus
767 2813 931 2867 fuerit
964 2830 1123 2869 scena
1146 2854 1160 2878 ,
1202 2823 1255 2869 et
1296 2815 1629 2870 dramatibus
1662 2815 1934 2870 infandam
1967 2825 2169 2885 tragoe-

592 2903 735 2958 diam
778 2907 1319 2973 reprmscnlanlibus.
1360 2903 1431 2959 Ut
1466 2920 1593 2961 vero
1625 2906 1795 2976 magis
1826 2920 2015 2960 omnes
2059 2914 2167 2960 ter-

593 3015 713 3055 reas
761 3001 901 3071 tinge
949 3007 1002 3055 et
1057 3003 1215 3071 pinge
1262 3000 1513 3071 iniuriam
1569 3016 1775 3066 meam,
1828 3009 1880 3052 et
1930 3000 2165 3069 imagine

592 3106 766 3145 meam
801 3090 1162 3146 calamitatem
1194 3092 1408 3146 exhibe.
1448 3090 1669 3148 Diﬂieile
1701 3103 1783 3147 est
1813 3102 2004 3154 artem,
2045 3107 2165 3162 quae

593 3179 672 3233 rei
704 3193 943 3234 naturam
987 3181 1119 3234 adeo
1153 3190 1389 3235 atrocem
1433 3182 1668 3250 ellingat,
1711 3183 1991 3251 reperire:
2032 3182 2163 3237 nihil

2275 2252 2355 2305 δεῖ
2391 2254 2652 2323 ῥημάτων
2683 2254 2760 2308 ἔτι
2794 2256 2887 2308 καὶ
2928 2256 3208 2310 συλλαϐών
3232 2258 3270 2325 :)
3330 2257 3725 2329 ὲναργέστερός
3777 2274 3854 2311 σοι

2273 2343 2360 2397 διὰ
2394 2345 2493 2415 τῆς
2549 2347 2692 2415 ἐμῆς
2743 2348 3263 2418 συμφορᾶςὸνόμος
3319 2348 3667 2419 γέγραπται·
3721 2352 3853 2403 ἀπο-

2272 2435 2601 2505 τετείχισταί
2652 2454 2731 2489 σοι
2760 2438 3030 2509 λαμπρῶς
3048 2439 3108 2491 τὸ
3141 2439 3308 2508 βῆμα,
3332 2440 3427 2492 καὶ⁵
3454 2441 3605 2492 πᾶσα
3627 2441 3855 2510 πένητος

2273 2526 2603 2581 ἐκκέκοπται
2622 2528 2836 2596 γλῶττα
2858 2529 2898 2561 ⁸⁸
2936 2529 3013 2599 τῷ
3046 2531 3469 2601 παραδείγματι.
3503 2531 3645 2599 Λέγε
3674 2534 3851 2600 μόνος,

2272 2616 2555 2669 πολιτεύου
2600 2617 2792 2688 μόνοςο
2825 2619 3043 2690 ἀντερεῖ
3070 2621 3113 2673 δ’
3160 2620 3354 2684 οὐδείς.
3408 2621 3587 2690 Τυχδν
3615 2622 3671 2675 δὲ
3726 2624 3850 2685 ἴσως

2269 2708 2390 2761 οὐδὲ
2423 2711 2720 2782 μικρολογή
2731 2728 2786 2764 σε
2796 2729 2841 2775 ις
2857 2711 3062 2779 λοιπὸν,
3094 2713 3214 2767 οὐδὲ
3230 2716 3400 2784 ὁριεῖς
3417 2713 3513 2785 τὴν
3534 2715 3853 2768 δυναστείαν

2268 2803 2396 2875 ἄχρι
2426 2802 2521 2857 τοῦ
2553 2804 2815 2875 βήματος,
2844 2806 3059 2876 Σκηνῆς
3095 2806 3438 2877 ὑψηλοτέρας
3470 2807 3580 2859 τῶν
3620 2808 3851 2861 ἐνταῦθα

2267 2893 2456 2963 rixa.“
2476 2894 2655 2965 δεήσει
2704 2913 2807 2961 σοι,
2841 2898 2934 2950 καὶ
2961 2897 3253 2967 δραμάτων
3308 2899 3407 2950 οὑκ
3470 2899 3707 2969 ἑχόντων
3754 2902 3853 2969 τὴν

2266 2986 2573 3055 τραγῳδίαν
2602 2988 2935 3059 ἀπόρρητον.
2965 2990 3082 3041 Ἵνα
3110 2989 3168 3041 δὲ
3198 2989 3360 3042 πλέον
3395 2990 3644 3062 φοϐήσης
3681 2992 3855 3044 ᾶπαν-

2264 3092 2383 3141 τας,
2433 3078 2671 3147 μίμησαι
2727 3079 2822 3131 καλ¹
2866 3083 3047 3149 γραφῇ
3071 3080 3115 3111 ⁸³
3144 3080 3207 3134 τὺ
3260 3082 3451 3146 πάΊος,
3521 3082 3617 3134 καὶ
3662 3082 3750 3146 δὸς
3791 3084 3851 3133 ἐν

2265 3168 2433 3222 είκόνι
2483 3170 2583 3239 τὴν
2645 3176 2949 3241 συμφοράν.
2994 3171 3246 3224 Χαλεπὸν
3280 3172 3461 3242 εὑρεῖν
3507 3174 3708 3243 τέχνην
3736 3175 3851 3225 οἵαν

595 3282 771 3324 tamen
820 3272 1011 3325 horum
1059 3271 1319 3327 malorum
1372 3287 1476 3329 non
1533 3274 1691 3327 audet
1739 3274 1923 3328 divrsa
1966 3272 2163 3328 Adeste

2270 3277 2324 3312 τε
2341 3256 2507 3314 οὖσαν
2556 3262 2954 3333 ὑποκρίνασθαι
2992 3264 3315 3333 πράγματος
3365 3265 3527 3333 φύσιν
3553 3266 3729 3328 οὕτως
3754 3266 3850 3319 ἀλ-

591 3362 809 3430 quidem
844 3376 907 3415 ex
937 3370 1090 3431 prato
1122 3362 1304 3431 aliquo
1331 3363 1703 3431 pestilentium
1726 3363 2016 3417 Furiarum
2076 3364 2160 3433 pi-

591 3462 806 3522 gmenta
830 3462 989 3521 atque
1021 3454 1256 3519 colores;
1284 3465 1614 3523 supponatur
1640 3464 1817 3508 autem
1837 3454 2013 3508 tabula
2048 3454 2162 3507 dira

591 3553 645 3594 et
675 3541 901 3594 nefanda
929 3544 1229 3612 composita
1251 3543 1513 3611 materia,
1535 3544 1733 3598 serviat
1758 3544 1980 3612 pictura:
2004 3543 2163 3615 ignis,

590 3631 805 3701 qualem
847 3632 1049 3687 ultores
1089 3632 1394 3702 bujusmodi
1427 3634 1649 3687 caedium
1684 3634 1954 3687 daemones
1990 3632 2165 3687 solent

524 3782 527 3785 _
590 3724 867 3779 ext-itare:
904 3740 1079 3793 qurere
1110 3726 1372 3794 pictorem
1410 3726 1672 3793 tragicum
1710 3724 1924 3794 quidem
1956 3734 2074 3778 arte
2109 3732 2164 3776 et

591 3830 790 3881 manu,
824 3817 1006 3871 animo
1052 3831 1178 3870 vero
1229 3816 1400 3886 magis
1442 3817 1636 3887 360a
1700 3816 1980 3885 tragicum.
2031 3815 2164 3870 Jube

590 3919 719 3960 vero
740 3908 933 3961 seriem
958 3905 1303 3961 fortunarum
1331 3922 1571 3962 mearum
1601 3908 1651 3961 in
1680 3908 1859 3962 tabula
1888 3908 2159 3978 depingat,

590 3998 720 4053 nihil
753 4010 879 4053 ante
912 4001 1273 4053 narrationem
1308 4000 1511 4068 pingat,
1539 4013 1715 4069 neque
1746 4000 2036 4063 dicentem,
2066 4014 2161 4054 ne-

588 4107 694 4161 quo
716 4092 1154 4155 concionantem,
1181 4106 1352 4159 neque
1378 4100 1717 4156 coronatum,
1745 4106 1843 4144 nec
1869 4091 2159 4159 quidquam

588 4200 773 4240 eorum
799 4199 917 4252 qua:
951 4182 1243 4237 fortunatis
1266 4183 1441 4236 solent
1471 4183 1739 4236 accidere.
1770 4180 1933 4235 Plena
1958 4183 2027 4235 sit
2052 4192 2159 4235 tota

590 4278 725 4332 meis
763 4275 1165 4331 calamitatibus
1202 4274 1401 4327 tabula.
1454 4274 1635 4327 Primo
1682 4273 1934 4343 pingatur
1975 4272 2159 4327 infelix

589 4378 763 4439 pater,
794 4368 905 4422 suis
936 4366 1181 4420 manibus
1212 4366 1475 4420 infantem
1501 4365 1555 4419 in
1579 4365 1923 4419 solitudinem
1958 4364 2156 4431 ferens,

588 4458 897 4526 deplorans,
925 4456 1115 4524 lugens
1150 4454 1528 4519 infortunium,
1561 4453 1770 4519 exiens,
1804 4454 2042 4518 rediens,
2067 4455 2159 4508 de-

588 4561 809 4615 ponens,
854 4546 1125 4609 attollens,
1159 4545 1355 4599 cedens
1387 4554 1615 4609 natnrae,
1647 4554 1700 4598 et
1733 4559 1944 4597 rursum
1979 4559 2158 4599 ncces-

587 4641 745 4693 sitate
763 4638 969 4701 vietus;
994 4637 1233 4689 imitetur
1259 4637 1455 4704 pictor,
1477 4636 1652 4704 quoad
1676 4634 1791 4704 eius
1814 4634 1927 4689 fieri
1954 4643 2149 4703 potest,
2189 4615 2231 4669 Ῑ)

586 4746 890 4786 sermonem
916 4727 1248 4798 getnebundo
1271 4728 1442 4794 vultu,
1469 4736 1525 4782 ut
1554 4742 1742 4782 onmes
1765 4742 1861 4796 per
1887 4729 2151 4797 picturam

586 4825 749 4876 verba
789 4823 1107 4890 inleliiganl.
1146 4819 1274 4873 Dein
1307 4820 1464 4889 pinge
1497 4821 1736 4889 insignes
1766 4820 1885 4873 illos
1913 4833 2147 4873 amores:

588 4912 925 4981 potissimmn
970 4926 1095 4963 vero
1150 4909 1279 4962 nihil
1322 4909 1373 4962 in
1415 4910 1751 4977 depingendo
1800 4908 1907 4962 ﬁlio
1950 4918 2153 4962 temere

589 5004 784 5069 fingas,
816 4999 898 5052 fac
943 5001 1087 5052 illum
1132 4999 1365 5060 tardum,
1412 5013 1535 5051 mox
1578 5013 1687 5051 rem
1722 4999 2145 5067 aggredientem,

589 5102 959 5161 respuentem,
1019 5091 1198 5144 animo
1242 5089 1632 5158 perturbatum,
1676 5098 2027 5147 metu,autem
2060 5104 2153 5143 co-

587 5190 787 5243 actum,
819 5179 1168 5249 refugientem
1197 5179 1541 5245 adulterium,
1576 5183 1808 5235 nondum
1844 5182 2149 5251 intelligen-

588 5281 733 5333 tem,
770 5270 892 5339 quia
938 5283 966 5321 a
1011 5280 1182 5322 matre
1235 5269 1459 5339 cogitur.
1510 5269 1626 5322 Stet
1671 5280 1723 5323 et
1782 5271 1906 5324 alibi
1964 5271 2149 5323 infelix

586 5372 742 5422 anus,
788 5366 841 5410 et
876 5371 991 5409 eam
1014 5397 1029 5421 ,
1066 5358 1110 5411 si
1147 5356 1301 5423 libet,
1341 5372 1527 5411 amore
1571 5372 1874 5428 correptam
1908 5360 2151 5413 describe

582 5448 696 5519 jam
726 5462 997 5517 rugosam,
1030 5457 1082 5502 et
1114 5446 1356 5501 crinibus
1392 5464 1606 5513 canam,
1642 5458 1697 5501 ut
1742 5450 1818 5502 rei
1858 5452 2149 5503 novitatem

2269 3351 2505 3405 λόκοτον.
2568 3354 2713 3423 Πλὴν
2774 3354 2947 3421 ἀλλάς
2965 3354 3041 3424 τῷ
3086 3356 3325 3424 πλουσίῳ
3354 3357 3398 3387 ⁸⁸
3450 3357 3561 3408 τῶν
3626 3358 3846 3410 πάντων

2271 3442 2423 3496 οὐδὲν
2488 3444 2820 3515 ἁτόλμητον.
2884 3448 3063 3499 Ἔστω
3113 3447 3213 3517 μὲν
3238 3448 3300 3501 ἐκ
3321 3466 3464 3512 τινος
3514 3449 3726 3502 Ποινῶν
3744 3450 3849 3501 λει-

2272 3536 2502 3607 μῶνοςδδ
2527 3538 2619 3590 καὶ
2662 3538 2954 3607 Ἐριννύων
2982 3540 3050 3593 τά
3084 3541 3355 3611 φάρμακα
3374 3555 3391 3571 ⁸
3452 3541 3765 3594 ὑποκείσθω
3792 3542 3848 3595 δὲ

2266 3627 2477 3692 ὀπίναξ
2510 3631 2574 3699 τῇ
2606 3632 2789 3700 γραφῇ
2828 3629 2887 3694 ἐξ
2912 3632 3190 3702 ὲπαράτου
3256 3632 3420 3685 ποθὲν
3464 3633 3559 3685 καὶ
3621 3633 3846 3700 ἐναγοῦς

2267 3718 2400 3792 ὕλης
2456 3722 2747 3790 γενόμενος
2783 3738 2795 3751 °
2834 3723 2944 3793 πῦρ
2987 3723 3043 3776 δὲ
3077 3725 3455 3794 ὑπηρετείσθω
3518 3728 3584 3793 τῇ
3640 3728 3842 3795 γραφῇ,

2265 3808 2378 3864 οἷον
2436 3812 2696 3865 ἀνάπτειν
2756 3814 3036 3882 πεφύκασι
3062 3816 3297 3885 τιμωροὶ
3318 3816 3576 3869 τοιούτων
3602 3817 3843 3871 θανάτων

2264 3903 2534 3972 δαίμονες.
2599 3906 2838 3976 Ζήτησον
2869 3907 2926 3959 δὲ
2956 3906 3051 3959 καὶ
3100 3905 3389 3975 ζωγράξον
3435 3908 3701 3976 τραγικὸν
3749 3907 3845 3976 μὲν

2263 3992 2361 4063 τὴν
2418 3993 2632 4063 χεῖραδί
2680 3992 2777 4063 τὴν
2829 3994 2884 4047 δὲ
2934 3994 3111 4064 ψυχὴν
3154 3992 3583 4063 τραγικώτερον.
3645 3994 3843 4045 Κέλευε

2262 4083 2317 4136 δὲ
2344 4084 2494 4154 αὑτῷ
2516 4084 2612 4155 τὴν
2627 4084 2777 4149 τάξιν
2801 4085 2908 4137 τῶν
2927 4086 3076 4154 ἐμῶν
3099 4085 3463 4154 ἀτυχημάτων
3483 4084 3639 4148 τάξιν
3672 4087 3812 4136 ποιεῖ

2265 4175 2387 4228 σθαι
2412 4176 2506 4228 καὶ
2533 4176 2633 4245 τῆς
2653 4177 2893 4245 γραφῆς,
2936 4176 3102 4246 μηδὲν
3130 4176 3185 4229 δὲ
3222 4177 3449 4246 γράφειν
3476 4177 3583 4247 πρὸ
3623 4177 3720 4245 τῆς
3756 4179 3842 4229 ἐκ·

2264 4265 2487 4333 θέσεως,
2521 4268 2595 4337 μὴ
2623 4267 2871 4335 λέγοντα,
2938 4268 3014 4338 μὴ
3058 4268 3495 4337 δημηγοροῦντα,
3556 4269 3720 4338 11096
3752 4252 3838 4340 [ιζ]

2265 4358 2339 4427 μὴ
2380 4358 2831 4428 στεφανούμενον,
2858 4359 2934 4429 μή
2964 4377 3015 4411 τι
3042 4358 3149 4411 τῶν
3179 4360 3591 4429 εὑτυχεστέρων
3616 4362 3801 4431 ἕτερον
3820 4377 3834 4391 ·

2260 4448 2355 4519 ὅλη
2414 4449 2652 4515 γενέσθω
2711 4450 2881 4520 μεστὴ
2937 4453 3035 4521 τῆς
3084 4451 3539 4521 σκυθρωποτέρας
3602 4452 3830 4521 τύχηςή

2260 4542 2469 4609 γραφή.
2513 4538 2571 4593 Ὀ
2603 4541 2868 4610 δυστυχὴς
2894 4542 3109 4612 πρῶτος
3134 4544 3274 4595 ἔστω
3302 4546 3506 4613 πατὴρ,
3553 4545 3737 4613 φέρων
3761 4546 3861 4606 εἰς’

2260 4630 2357 4701 τὴν
2387 4631 2620 4700 ἐρημίαν
2646 4633 2766 4695 ταῖς
2798 4633 2992 4685 ἑαυτοῦ
3028 4634 3186 4703 χερσὶ
3223 4634 3283 4687 τὸ
3317 4635 3542 4704 βρέφος,
3576 4635 3859 4704 ὀδυρόμεοο

2262 4737 2359 4784 νος
2396 4710 2493 4792 τὴν
2523 4722 2711 4792 τύχην,
2766 4721 2978 4791 θρηνῶν
3008 4724 3105 4794 τὴν
3139 4725 3441 4796 συμφορὰν,
3484 4723 3667 4790 ἐξιὼν,
3714 4727 3836 4777 ἀνα-

2263 4811 2530 4881 στρέφων,
2570 4812 2756 4875 τιθεὶς,
2784 4815 3198 4885 ἀναιρούμενος,
3244 4815 3405 4866 εἴκων
3427 4816 3492 4886 τῇ
3529 4816 3713 4881 φύσει,
3740 4814 3835 4880 τῆς

2260 4903 2503 4972 ἀνάγκης
2548 4903 2707 4957 πάλιν
2757 4904 3091 4974 ἡττώμενος.
3120 4905 3469 4974 Μιμησάσθω
3500 4906 3593 4957 καὶ
3625 4905 3834 4971 λόγους,

2260 4994 2308 5043 εἰ
2339 4992 2561 5044 δυνατὸν
2589 4994 2664 5063 ,ἡ
2706 4994 2894 5062 γραφὴ
2955 4993 3041 5046 διά
3077 4994 3370 5065 προσώπου
3422 4994 3831 5062 στυγνὰζοντος,

2259 5086 2351 5136 καὶ
2383 5086 2489 5147 πᾶς
2516 5102 2598 5149 τις
2626 5086 2734 5137 τῶν
2777 5087 3035 5155 ῥημάτων
3068 5088 3355 5140 ἀκουσάτω
3383 5087 3471 5139 διὰ
3504 5087 3596 5139 τοῦ
3624 5088 3834 5156 σχήμα-

2256 5192 2365 5237 τος.
2404 5176 2585 5245 Γράφε
2611 5176 2762 5246 μετὰ
2786 5177 2942 5229 τοῦτο
2968 5194 3091 5239 τους
3131 5177 3331 5239 καλοὺς
3372 5177 3603 5246 ἔρωτας,
3641 5177 3833 5246 μᾶλλον

2256 5266 2410 5335 δὲμὴ
2438 5242 2755 5337 καταψεύσῃ
2812 5284 2912 5337 μου
2961 5272 3059 5322 κάν
3107 5272 3172 5339 τῇ
3221 5272 3404 5339 γραφῇ
3461 5268 3556 5319 τοῦ
3615 5268 3829 5327 παιδὶς·

2258 5358 2481 5425 ποίησον
2536 5357 2814 5425 ὀκνοῦντα,
2888 5359 3176 5427 μέλλοντα,
3230 5360 3512 5429 χωροῦντα
3575 5360 3705 5428 πρὸς
3740 5360 3832 5425 τὴν

2262 5453 2480 5522 πρᾶξιν,
2529 5453 2907 5523 ἀναδυόμενον,
2968 5455 3280 5523 ἰλιγγιῶντα
3324 5455 3423 5523 μὲν
3457 5456 3520 5523 τῇ
3561 5455 3728 5523 ψυχῇ,
3760 5451 3829 5503 τιτ-

1816 5609 2045 5665 VAlilAi
2109 5610 2507 5667 LECTIONES.

582 5748 589 5753 -
684 5732 729 5765 ³9

838 5731 871 5802 ὴ
906 5734 1024 5788 add.
1061 5736 1123 5788 A.
1195 5732 1239 5765 ⁸ο
1263 5731 1356 5786 καὶ
1394 5736 1517 5802 ante
1537 5727 1806 5802 λέγεοιη.
1839 5728 1904 5784 Α.
1982 5729 2032 5802 δέ,
2049 5730 2265 5802 γλῶσσα
2296 5747 2355 5802 ς.
2407 5729 2474 5802 ’⁸⁸
2501 5730 2639 5802 τάχα
2666 5740 2785 5801 post
2814 5749 2895 5785 σοι
2926 5734 3074 5801 ponit
3127 5750 3185 5797 ς,
3222 5750 3332 5788 om.
3394 5735 3453 5788 Β.

1928 5802 1971 5833 ⁸⁸
2005 5800 2123 5854 libri
2183 5800 2373 5869 ποινῆς
2406 5799 2706 5870 λειμώνων.
2785 5803 2830 5834 ⁸⁸
2878 5799 3036 5873 χεῖρα
3062 5805 3101 5856 Α
3126 5807 3330 5876 τχρείαν
3368 5823 3425 5869 ς.

3555 5734 3601 5767 ⁸³
3628 5728 3831 5807 γραφῇ]
