4050 6400
229 391 367 458 1329

1257 396 1786 459 BIBLIOTHECA.
1835 420 1898 434 *-
1937 396 2102 458 COD.
2137 396 2442 458 CCXLI".

3335 393 3474 458 1330

225 508 382 578 φόϐῳ
410 506 468 560 δὲ
494 505 838 577 βιαζόμενον,
863 506 1074 577 δεδιότα
1103 507 1200 579 μὲν
1232 507 1331 579 τὴν
1365 509 1632 580 μοιχείαν,
1655 508 1809 562 οὔπω

1921 509 2089 580 magis
2109 509 2478 580 obstupescas.
2509 507 2706 564 Venias
2730 511 2944 563 demum
2967 509 3033 564 ad
3058 509 3282 579 pictura:
3303 504 3484 583 caput,

218 601 278 653 δὲ
309 598 560 652 συνιέντα
584 599 665 652 ὅτι
690 598 942 653 καὶκατὰ
968 599 1176 671 μητρὸς
1205 599 1600 668 ἀναγκάζεται.
1627 602 1808 654 Ἔστω

221 709 328 745 που
376 694 472 744 καὶ
507 689 775 761 δυστυχὴς
805 689 1124 768 πρεσϐῦτις,
1155 691 1202 743 εἰ
1241 690 1446 754 Θέλεις·
1467 690 1678 760 γράψον
1711 689 1811 743 αὐ-

217 783 321 853 τὴν
345 781 580 853 ἐρῶσαν,
632 781 772 834 ἀλλὰ
821 781 960 852 μετὰ
997 779 1093 852 τῆς
1119 781 1354 851 ῥυτίδας,
1382 781 1516 835 ἀλλὰ
1545 780 1683 852 μετὰ
1712 780 1810 850 τῆς

220 877 401 944 κόμης
444 874 543 941 τῆς
587 873 779 936 πολιᾶς
801 913 814 936 ,
865 873 952 926 ἵνα
985 873 1184 944 μᾶλλον
1225 855 1499 946 έκπλήξῃς
1530 873 1606 944 τῷ
1632 890 1810 944 παρα-

218 965 366 1036 λόγῳ
429 964 524 1020 τοῦ
577 965 870 1036 δράματος.
913 965 1064 1018 Ἐλοὲ
1089 964 1276 1018 λοιπὸν
1307 967 1397 1017 ἐπί
1429 964 1489 1018 τὸ
1514 964 1807 1032 κεφάλαιον

216 1055 321 1124 τῆς
350 1055 599 1127 γραφῆςο
628 1055 848 1109 ὅπλισον
883 1055 975 1108 τὸν
1008 1056 1248 1126 δυστυχῆ
1282 1054 1662 1124 πένητακατὰ
1694 1053 1801 1106 τῶν

221 1146 519 1212 φιλτάτων,
579 1147 672 1200 καὶ
722 1145 962 1200 τοσαῦτα
992 1146 1232 1218 μίμησαι
1273 1145 1598 1225 πράγματα,
1637 1142 1809 1195 ὁπόσα

220 1238 496 1306 ἐμπλήσει
523 1239 620 1310 τὴν
646 1239 742 1310 σὴν
763 1238 1161 1311 ἀπανθρωπίαν
1178 1239 1542 1308 πλαττόμενα.
1572 1235 1814 1308 Πρόσθες

219 1331 326 1399 ἤδη
363 1332 547 1384 λοιπον
578 1332 670 1384 τὸν
697 1331 978 1400 κολοφῶνα
1014 1331 1107 1385 τοῦ
1136 1332 1432 1402 δράματος,
1473 1329 1670 1384 σαυτὸν
1703 1332 1815 1393 τοῖς

221 1424 575 1495 φόνοις-μετά
629 1425 736 1499 τῶν
765 1424 1163 1497 γνωρισμάτων
1201 1423 1646 1492 ἐπιφαινόμενον,
1698 1437 1817 1491 μει⁴

218 1517 442 1583 διῶντα,
491 1518 735 1588 φαιδρὸν,
778 1519 890 1578 τοῖς
924 1517 1378 1588 κατωρθωμένοις
1420 1516 1724 1586 γανὺμενον
1752 1513 1818 1570 ⁸⁷.

223 1609 482 1693 ’ξ’ήρησον
526 1611 661 1681 πρὸς
717 1609 866 1664 Θεῶν
928 1610 1097 1679 κάμοί
1144 1627 1194 1662 τι
1234 1611 1398 1682 μέρος
1424 1609 1517 1662 τοῦ
1569 1607 1816 1668 πίνακος,

1915 614 2070 655 arma
2107 598 2378 655 infelicem
2418 612 2710 669 pauperem
2750 598 2803 652 in
2839 599 3222 667 charissimos,
3268 610 3325 657 et
3359 603 3486 657 talia

1917 692 2186 762 excogita,
2219 705 2338 761 quae
2367 690 2494 745 licet
2519 689 2668 756 ﬁcta,
2696 689 3074 746 crudelitatem
3103 701 3246 747 tuam
3276 693 3489 754 valeant

1918 784 2154 853 explere.
2195 782 2413 852 lmpone
2459 781 2692 850 denique
2737 781 2974 837 dramati
3027 782 3220 850 finem,
3260 787 3490 855 teipsum

1912 876 2130 930 scilicet
2165 875 2216 929 in
2263 875 2410 930 caede
2451 874 2619 944 signis
2653 873 2975 962 quibusdam
3005 873 3362 940 eminentem,
3411 875 3491 929 ri-

1917 967 2154 1031 dentem,
2201 965 2464 1030 hilarem,
2497 975 2553 1020 et
2577 963 2734 1035 quasi
2768 981 2825 1022 re
2854 965 2990 1020 bene
3026 975 3178 1034 gesta
3214 968 3492 1022 exsultau-

1912 1071 2043 1116 tem.
2077 1058 2245 1113 Serva
2266 1069 2320 1115 et
2344 1059 2474 1114 mihi
2498 1074 2592 1130 per
2615 1066 2744 1116 deos
2772 1060 3010 1130 aliquam
3036 1073 3246 1129 partem
3275 1062 3491 1127 tabulrc,

1918 1165 1984 1206 ne
2027 1152 2148 1218 quis
2191 1151 2515 1219 quaesierit:
2557 1149 2658 1204 Ubi
2703 1151 2890 1218 infelix
2933 1154 3177 1221 pauper?
3221 1152 3494 1216 Quomodo

1921 1240 2084 1296 vixit?
2109 1238 2228 1304 Qua
2243 1241 2444 1295 ratione
2469 1251 2583 1310 post
2602 1251 2673 1295 tot
2709 1258 2863 1295 casus
2885 1246 3045 1296 vitam
3077 1242 3278 1311 egerit?
3300 1242 3494 1298 Verum

1923 1347 2031 1386 non
2064 1333 2176 1386 haec
2210 1333 2299 1387 tibi
2329 1342 2584 1403 perpetua
2620 1333 2780 1387 fuerit
2813 1333 3064 1397 felicitas,
3097 1350 3129 1388 ο
3164 1335 3335 1399 dives,
3365 1343 3416 1388 et
3447 1343 3498 1388 te

1925 1433 2140 1492 oportet
2185 1423 2447 1478 dramatis
2479 1434 2685 1492 partem
2721 1439 2862 1479 esse.
2899 1423 3068 1479 Nemo
3098 1440 3333 1493 unquam
3367 1423 3499 1476 insi-

1929 1529 2087 1583 gnem
2117 1513 2351 1583 aliquam
2384 1516 2650 1583 spectavit
2680 1516 3024 1585 tragoediam,
3051 1516 3102 1569 iu
3137 1531 3240 1585 qua
3281 1513 3496 1585 tyranni

1927 1619 2037 1659 non
2057 1617 2087 1658 e
2111 1603 2337 1670 pristina
2365 1601 2583 1658 fortuna
2601 1605 2918 1658 exciderunt
2953 1605 3090 1674 (58).

228 1692 316 1755 ίια
361 1703 434 1772 μή
473 1721 556 1767 τις
583 1703 912 1776 ὲπιζητήσηο
948 1703 1073 1757 Ποῦ
1106 1701 1175 1755 δὲ
1205 1706 1237 1756 ὁ
1271 1701 1584 1771 δυστυχὴς
1617 1698 1844 1768 πένης,
1886 1693 2010 1762 πῶς
2044 1694 2180 1762 ἐζη;
2208 1692 2335 1760 πῶς
2371 1695 2508 1748 ἐσίω
2551 1695 2698 1764 μετὰ
2739 1696 3015 1762 τοιαύτας
3040 1695 3084 1727 ’⁵⁸
3141 1692 3498 1765 συμφοράςς

229 1791 359 1864 [586
389 1793 480 1865 ΙΙ.]
556 1794 695 1848 Ἀλλ’
740 1795 798 1848 οὗ
830 1795 1006 1848 πάντα
1055 1795 1363 1867 χαρησῃδθ,
1423 1793 1668 1847 πλούσιε.
1733 1791 1823 1844 Δεῖ
1861 1787 2115 1860 γενέσθαι
2157 1787 2254 1840 καὶ
2277 1787 2335 1840 σὲ
2399 1786 2565 1857 μέρος
2615 1786 2711 1842 τοῦ
2765 1786 3059 1858 δράματος.
3104 1787 3294 1850 Οὐδεὶς
3355 1782 3496 1841 οἶδεν

228 1887 444 1960 ὑψηλὴν
473 1888 798 1960 τραγῳδίαν,
831 1889 966 1943 ὅπου
1000 1888 1076 1961 μὴ
1115 1888 1372 1944 πίπτουσι
1394 1886 1666 1959 τύραννοι.

238 2067 338 2140 Ἐκ
366 2067 980 2140 τῆςνὲπογραερομένης
1006 2070 1267 2140 μελέτης
1290 2069 1443 2140 μετά
1476 2067 1547 2122 τὰ
1583 2067 1817 2140 Μηδικὰ

301 2137 1020 2207 ἑψιιφίσαντοίἉΰηναῖοὶ
1071 2137 1226 2208 πρὸς
1282 2137 1422 2205 τοὺς
1472 2137 1816 2207 βαρϐάρους

301 2209 592 2276 πόλεμον.
671 2211 1016 2279 Πυθόμενος
1072 2214 1105 2264 ό
1143 2209 1446 2276 ,βασιλεὺς
1514 2209 1817 2279 ὑπέσχετο

300 2282 376 2332 τὰ
434 2277 866 2349 λελυμασμένα
881 2281 928 2313 ⁵ο
971 2281 1504 2348 ἐπανορθώσασθαι
1539 2323 1553 2344 ,
1609 2282 1662 2332 ει
1712 2277 1818 2332 τὸν

303 2350 574 2419 πόλεμον
603 2352 1035 2406 καταλύσεων.
1074 2370 1092 2402 ι
1122 2351 1466 2420 Βουλομένων
1505 2351 1686 2404 αὐτῶν
1719 2349 1819 2402 Θε-

307 2421 604 2491 μιστοκλῆς
637 2421 925 2490 ἀντιλέγει.
965 2440 983 2473 ι
1027 2451 1096 2463 -
1135 2423 1292 2476 Αὐτὸ
1320 2422 1384 2474 τὸ
1413 2421 1748 2490 Προοίμιον.

305 2535 475 2590 Οὔπω
524 2537 621 2607 τῆς
671 2519 888 2604 πείρας,
935 2536 1012 2599 ὡς
1059 2535 1274 2603 ἔοικεν,
1308 2530 1353 2590 ὦ
1395 2535 1689 2606 Ἀθηναῖοι,
1717 2535 1818 2605 τῆς

234 2628 355 2682 καθ’
387 2628 542 2698 ἡμῶν
575 2628 825 2699 βασιλεὺς
859 2627 1115 2692 παύεται,
1162 2627 1264 2680 κᾶν
1295 2628 1380 2680 ἀεὶ
1427 2627 1662 2698 κρείττω
1718 2626 1818 2695 τῆς

230 2719 430 2772 ἑαυτοῦ
457 2721 649 2790 τέχνης
675 2720 766 2772 τὸν
789 2719 990 2791 τρόπον
1034 2719 1263 2793 εὑρίσκῃ
1287 2720 1384 2789 τῆς
1406 2719 1634 2782 πόλεως.
1678 2718 1820 2787 Ἐγὼ

230 2811 290 2863 δὲ
336 2811 488 2864 οὐδὲν
547 2810 768 2882 βασιλέα
817 2814 930 2874 τοῖς
986 2811 1170 2874 αὐτοῖς
1193 2812 1236 2842 ⁸¹
1306 2806 1463 2873 αὖθις
1518 2811 1820 2880 ἐπιχειρεῖν

230 2903 548 2972 θαυμαστὶν
595 2903 778 2972 οἴομαι
810 2918 825 2933 °
871 2902 997 2966 τοὺς
1020 2902 1130 2970 γὰρ
1160 2904 1217 2954 ἐν
1247 2899 1451 2972 ἀπορίᾳ
1483 2899 1821 2970 καθεστηκό-

229 3013 331 3058 τχς
350 2997 443 3048 καί
465 2995 650 3064 φόϐοις
694 2995 848 3048 οὐδὲν
886 2993 1199 3065 θαυμαστὸν
1233 2994 1401 3065 μηδὲν
1431 2992 1525 3062 ἀφ’
1565 2987 1640 3047 ὧν
1670 2992 1818 3061 διορ-

231 3088 504 3142 θώσονται
532 3088 631 3152 τὰς
678 3088 986 3159 συμφορὰς,
1034 3086 1314 3159 εὑρίσκειν
1345 3086 1626 3141 δύνασθαι.
1659 3086 1820 3138 Ὥστε
1861 3147 1878 3160 θ

225 3181 392 3236 τοῦτο
416 3182 514 3251 μὲν
533 3181 784 3251 οὐδαμῶς
806 3181 1008 3238 ἄτοπον
1027 3197 1042 3212 ο
1086 3181 1212 3244 τοὺς
1240 3179 1296 3232 δὲ
1313 3181 1360 3211 δ’
1391 3181 1627 3251 ῥήτορας
1648 3178 1712 3232 ἄν
1737 3193 1822 3240 τις

225 3275 456 3338 δικαίως
503 3275 702 3345 μᾶλλον
735 3274 864 3337 τοὺς
924 3274 1055 3343 παρ’
1084 3275 1216 3343 ἡμῖν
1246 3272 1600 3343 θαυμάσειεν,
1623 3271 1670 3324 εί
1702 3287 1823 3323 και-

1923 2059 2006 2113 Ea:
2037 2059 2427 2112 Deriamatione
2469 2060 2622 2128 cujus
2663 2058 2774 2112 [meo
2813 2059 3123 2129 inscriptio:
3157 2062 3495 2116 Athenienses

1992 2141 2104 2198 post
2139 2129 2403 2198 Medicum
2437 2130 2645 2190 bellum,
2680 2138 2865 2182 contra
2898 2129 3160 2185 Barbaros
3185 2131 3374 2186 bellant
3400 2133 3494 2184 de-

1989 2197 2210 2254 orevere.
2266 2197 2382 2264 Quo
2412 2201 2642 2268 coynito,
2675 2214 2765 2250 rex
2794 2209 3006 2265 accepta
3037 2199 3254 2264 damna,
3289 2204 3333 2255 si
3365 2202 3495 2254 bello

1990 2272 2305 2335 abstineant,
2365 2279 2689 2322 resarturum
2750 2285 2859 2322 sese
2909 2273 3168 2336 promisit.
3223 2289 3241 2321 ι
3296 2272 3490 2325 Assen-

1993 2340 2252 2395 tientibus
2316 2339 2740 2395 Atheniensibus
2801 2341 3127 2396 contradicit
3192 2340 3499 2395 Themisto-

1989 2411 2117 2466 cles.
2149 2430 2170 2464 ι
2207 2440 2279 2451 -
2314 2408 2657 2464 Promminm.

1991 2524 2295 2595 Numquam
2327 2525 2584 2589 adducar,
2615 2532 2671 2577 ut
2713 2525 2962 2592 credam,
2997 2525 3382 2591 Atheuienses,
3413 2541 3501 2580 re-

1921 2635 2041 2689 gem
2083 2619 2136 2672 iu
2175 2617 2329 2672 nobis
2365 2618 2636 2672 tentandis
2672 2618 2830 2673 finem
2865 2617 3162 2682 facturum,
3212 2618 3313 2673 etsi
3350 2617 3500 2674 inve-

1923 2713 2062 2766 nerit
2090 2712 2237 2766 cives
2275 2722 2490 2766 nostros
2526 2711 2720 2781 360b
2752 2721 2869 2764 arte
2919 2709 3142 2765 militari
3171 2711 3496 2780 superiores.

1925 2799 2185 2869 Equidem
2212 2799 2345 2854 nihil
2373 2800 2748 2854 admirandum
2777 2811 2924 2870 puto,
2959 2800 3005 2856 si
3040 2816 3133 2856 rex
3157 2800 3346 2856 eadem
3381 2817 3500 2856 rur-

1923 2907 2014 2946 sus
2067 2900 2316 2946 attentct.
2373 2890 2472 2957 Qui
2527 2893 2670 2947 enim
2733 2893 2786 2947 in
2835 2893 3028 2948 timore
3073 2907 3137 2948 ac
3186 2902 3502 2963 paupertate

1925 2994 2213 3038 versantur
2249 2981 2383 3054 (59),
2415 2983 2546 3052 quid
2579 2986 2774 3039 mirum
2806 2984 2850 3039 si
2883 2985 2948 3037 ad
2981 2993 3128 3040 artes
3162 2985 3499 3056 confugiant,

1922 3089 2030 3144 quo
2057 3090 2166 3128 suae
2190 3075 2508 3146 medeantur
2535 3075 2831 3132 calamitati
2855 3077 2879 3129 ?
2909 3079 3086 3144 Quare
3119 3092 3225 3134 non
3255 3077 3357 3133 hoc
3382 3093 3500 3133 om-

1923 3167 2051 3222 nino
2081 3167 2374 3223 absurdum
2402 3178 2506 3224 est.
2544 3166 2754 3224 Justius
2787 3184 2915 3224 vero
2955 3169 3075 3238 quis
3120 3180 3366 3227 oratores
3401 3186 3504 3226 no-

1923 3271 2066 3318 stros
2110 3263 2439 3329 admiretur,
2485 3264 2529 3319 si
2572 3279 2671 3319 nos
2701 3264 2961 3334 prodendi
3008 3266 3353 3321 occasionem
3401 3265 3503 3346 sibi

229 3367 328 3437 ρὸν
379 3367 565 3428 αὐτοῖς
616 3366 697 3419 ἔτι
723 3368 822 3436 τῆς
853 3364 1184 3438 [παρ’ήμῖν]
1239 3365 1532 3436 προδοσίας
1570 3362 1816 3433 νομίζου-

1923 3350 2099 3404 adhuc
2142 3363 2264 3404 esse
2307 3358 2595 3420 putarent,
2643 3350 2863 3420 quando
2903 3366 2970 3406 ne
3009 3368 3098 3406 rex
3134 3353 3349 3424 quidem
3392 3352 3507 3422 ipse

229 3477 338 3525 σιν,
390 3459 476 3512 ὅτε
495 3459 540 3491 ⁸³
595 3458 730 3529 μηδὲ
786 3458 1037 3528 βασιλεὺς
1092 3457 1380 3526 ἀρνεῖσθαι
1429 3455 1491 3508 τὸ
1535 3454 1822 3526 κρείττους

224 3549 370 3606 εἶναι
392 3550 492 3620 τῆς
522 3550 718 3604 ἑαυτοῦ
767 3549 1084 3613 δυναστείας
1117 3548 1401 3616 διέγνωκε.
1434 3547 1710 3618 Προσηκει
1759 3545 1816 3598 δὲ

228 3643 328 3696 καὶ
378 3627 586 3712 ὐμᾶζ⁸δ
618 3642 693 3712 μὴ
727 3642 942 3713 χείρους
969 3643 1028 3694 ὲν
1075 3639 1242 3711 κοινῷ
1299 3639 1400 3709 τῆς
1458 3638 1577 3702 ἑνὸς
1628 3638 1822 3709 ἀνδρὸς

224 3733 459 3805 γνώμης
498 3733 836 3803 ἐλέγχεσθαι,
894 3736 968 3796 ὡς
995 3731 1145 3785 ἐστιν
1189 3731 1388 3785 ἄτοπον
1420 3729 1820 3801 φιλοτιμεῖσθαι

230 3828 400 3895 μὲν⁸¹¹
436 3827 528 3878 ἐπὶ
580 3825 656 3896 τῷ
682 3827 808 3889 τοὺς
872 3824 1182 3896 βαρϐάρους
1237 3825 1351 3886 τοῖς
1396 3822 1582 3885 ὅπλοις
1639 3823 1818 3893 νικᾷν,

228 3916 552 3972 ἁλίσκεσθαι
589 3916 647 3969 δὲ
689 3915 944 3975 ἐλάττους
977 3916 1035 3967 ἐν
1071 3913 1150 3984 τῷ
1180 3911 1554 3983 βουλεύεσθαι.
1601 3911 1741 3981 Ἤδη
1763 3911 1819 3963 δὲ

229 4011 327 4065 καὶ
361 4010 462 4073 τὰς
492 4009 661 4073 αὑτάς
693 4008 844 4078 ἠφίει
876 4007 1055 4078 φωνὰς
1079 4008 1218 4077 ὑπὲρ
1239 4005 1351 4059 τῶν
1375 4007 1510 4059 ὅλων
1538 4007 1649 4068 τοῖς
1679 4005 1820 4068 θεοῖς

230 4103 328 4156 καὶ
355 4101 424 4154 τά
461 4100 600 4154 αὐτὰ
625 4099 704 4172 τῷ
734 4098 918 4170 Πυθίῳ
975 4098 1235 4170 περὶτῶν
1264 4096 1506 4168 τριηρῶν
1543 4094 1816 4161 ἐδόξαζεν.

228 4196 296 4247 ΤΞ
327 4194 595 4266 πορθμοῖς
635 4192 871 4263 ἐνοχλεῖς
903 4192 970 4244 δι’
1024 4191 1158 4261 ἐμέ;
1193 4189 1322 4244 τίδὲ
1356 4190 1458 4262 ὅρη
1481 4189 1700 4261 τέμνεις
1737 4189 1819 4251 είς

228 4287 510 4340 θάλασσαν
533 4304 548 4351 ;
575 4285 626 4338 τί
661 4285 956 4347 καλύπτεις
1012 4283 1227 4355 ἠπείρῳ
1262 4283 1320 4336 τὸ
1379 4282 1592 4352 ρόθιον;
1617 4283 1818 4336 Ἕασον

226 4379 456 4433 ἑστάναι
509 4377 600 4434 τὸν
637 4376 806 4441 Ἀθω,
870 4376 965 4429 καὶ
1032 4376 1106 4446 μὴ
1140 4368 1323 4445 πέμπε
1361 4390 1451 4444 μοι
1472 4374 1518 4404 ⁸⁸
1570 4373 1660 4426 διά
1707 4372 1816 4427 τῶν

224 4472 371 4543 ὀρῶν
429 4470 566 4524 ἀλλὰ
596 4470 683 4523 διὰ
736 4468 830 4523 τοῦ
873 4468 1054 4539 ροθίου
1083 4468 1173 4520 τὸν
1218 4467 1423 4520 στόλον.
1469 4465 1607 4518 Ἀλλ’
1639 4466 1688 4517 εἰ
1723 4465 1816 4518 καὶ

224 4559 438 4614 τούτων
468 4560 648 4626 ὀλίγον
697 4557 820 4612 τινὰ
865 4561 1107 4628 ἐποιήσω
1131 4557 1307 4624 λόγον,
1339 4557 1446 4610 τῶν
1469 4555 1736 4624 οὐρανίων
1767 4555 1812 4586 ⁵⁷

225 4654 437 4724 ἀπέχου
474 4669 584 4722 μοι,
640 4653 736 4704 καὶ
785 4653 968 4719 φεῖσαι
988 4652 1084 4718 τῆς
1111 4651 1223 4704 ἄνω
1246 4649 1474 4720 λήξεως.
1529 4648 1690 4719 [1097
1721 4647 1810 4720 IL]

1927 3440 2164 3510 potentia
2208 3455 2305 3496 sua
2335 3457 2433 3497 nos
2469 3441 2724 3497 fortiores
2758 3457 2880 3498 esse
2909 3455 3088 3515 negat.
3126 3444 3290 3501 Decet
3324 3454 3503 3500 autem

1925 3530 2092 3586 nihilo
2124 3545 2223 3585 nos
2264 3530 2550 3586 inferiores
2589 3532 2906 3588 existimare
2937 3533 3080 3589 illius
3119 3535 3186 3590 de
3215 3536 3372 3591 nobis
3405 3537 3504 3594 viri

1923 3625 2347 3683 existimatione.
2403 3626 2713 3682 Absurdum
2765 3631 2911 3682 enim
2957 3637 3040 3683 est
3089 3644 3186 3685 nos
3239 3619 3507 3686 Barbaros

1923 3714 2094 3770 armis
2140 3731 2435 3786 superare,
2487 3716 2714 3772 consilio
2764 3727 2945 3772 autem
2988 3718 3174 3773 iisdem
3222 3719 3507 3776 inferiores

1922 3823 2064 3862 esse.
2095 3808 2233 3874 Quin
2259 3818 2312 3862 et
2336 3809 2435 3864 has
2466 3809 2532 3864 de
2555 3808 2714 3864 nobis
2745 3810 2998 3866 omnibus
3020 3825 3180 3866 voces
3211 3812 3314 3866 diis
3336 3813 3507 3883 signi-

1925 3899 2125 3964 ficavit,
2157 3910 2212 3954 et
2237 3900 2486 3970 l'ytbium
2519 3901 2822 3971 Apollinem
2859 3901 2925 3956 de
2957 3903 3274 3958 triremibus
3310 3919 3508 3960 consu-

1927 3986 2022 4041 lui.
2073 3986 2214 4054 Quid
2269 3988 2404 4042 freta
2450 3997 2672 4058 propter
2713 4002 2801 4042 me
2847 3989 3069 4044 turbas?
3117 3989 3256 4056 Quid
3297 3999 3509 4048 montes

1922 4093 2111 4143 secas,
2158 4089 2215 4134 ut
2245 4079 2417 4133 instar
2462 4079 2630 4133 maris
2673 4079 2949 4135 serviant?
3005 4080 3154 4147 Quid-
3183 4091 3328 4137 terra
3373 4085 3507 4155 tegis
3599 4081 3604 4084 ’

1923 4169 2135 4225 undas?
2179 4169 2296 4225 sine
2331 4179 2438 4226 stet
2475 4169 2678 4237 Athos,
2725 4184 2828 4225 nec
2875 4171 3182 4238 montibus,
3222 4174 3316 4227 sed
3368 4176 3503 4228 mari

1925 4265 2132 4318 innatet
2166 4264 2382 4320 classis.
2417 4263 2570 4330 Quod
2607 4264 2730 4320 licet
2762 4267 2955 4320 horum
2990 4268 3239 4338 exiguam
3267 4268 3503 4326 habuisti

1922 4357 2210 4423 rationem,
2227 4357 2559 4426 minimeque
2576 4357 2800 4424 curasti,
2823 4357 3065 4413 coelestia
3091 4375 3220 4414 vero
3248 4370 3508 4432 etsuper-

1920 4462 1985 4500 ua
2015 4463 2148 4503 cave
2176 4463 2245 4504 ne
2273 4448 2872 4518 attingas.Nonjaculis
2906 4452 3036 4506 mihi
3063 4467 3160 4522 pro
3190 4455 3505 4512 dienoctem

1919 4542 2165 4606 inducas,
2199 4556 2374 4611 neque
2407 4557 2438 4594 e
2469 4541 2683 4613 sagittis
2713 4544 2987 4598 exercitus
3029 4545 3100 4598 tui
3139 4547 3310 4602 nubes
3335 4547 3506 4602 densa

1917 4631 2082 4685 solem
2108 4632 2518 4702 c00perint.Sed
2549 4634 2680 4687 nihil
2699 4634 3021 4689 intentatum
3045 4637 3324 4707 relinquis,
3342 4647 3401 4692 ut
3418 4640 3505 4692 ni-

223 4745 321 4816 Μή
344 4719 448 4815 μοι
476 4719 667 4796 -νύκτα
727 4742 870 4796 ποίει
928 4742 1023 4812 τὴν
1048 4741 1260 4812 ἡμέραν
1302 4719 1423 4803 τοῖς
1455 4738 1654 4809 βέλεσι,
1690 4719 1810 4808 μηδῖ

1921 4724 2115 4778 mirum
2137 4724 2475 4779 Athenarqu
2499 4727 2694 4781 civitas
2715 4726 3000 4782 Medorum
3025 4728 3267 4783 historia:
3299 4738 3506 4798 partem

225 4837 585 4907 ὺποτρεχέτω
618 4835 710 4891 τὸν
739 4834 890 4907 ἥλιον
911 4834 1072 4904 νέφος
1098 4833 1286 4887 ἐκτῶν
1317 4831 1485 4902 βελῶν
1514 4830 1614 4899 τῆς
1650 4830 1746 4898 σῆς
1763 4828 1809 4859 ³⁸

227 4931 492 5001 στρατιάς
547 4929 932 4999 συγκείμενον.
981 4926 1119 4980 Ἀλλ’
1183 4925 1334 4979 οὐδὲν
1377 4926 1472 4995 ἐᾷς
1528 4922 1808 4991 ἀκίνητον,

226 5025 315 5075 ἵνα
357 5024 416 5074 ἒν
442 5023 669 5092 γένηται
719 5024 828 5075 τῶν
857 5022 1117 5092 Μηδικῶν
1151 5020 1502 5091 διηγημάτων
1528 5019 1560 5086 ἡ
1594 5016 1750 5079 πόλις
1778 5017 1810 5085 η

242 5111 566 5184 Ἀθηναίων.
598 5112 981 5184 Φοδερώτερος
1007 5113 1064 5165 δὲ
1088 5114 1188 5182 τῆς
1218 5113 1404 5183 φήμης
1443 5109 1536 5161 ἐπὶ
1575 5109 1672 5179 τῆς
1694 5107 1814 5160 πεί-

1913 4816 2148 4886 aliquam
2170 4817 2432 4873 obtineat.
2457 4819 2614 4875 Visus
2628 4835 2687 4875 es
2708 4820 2852 4874 fama
2881 4821 2998 4891 ipsa
3025 4822 3341 4888 terribilior,
3363 4825 3506 4893 quod

1936 4914 2272 4982 (xperientia
2299 4913 2613 4982 didicimus,
2643 4932 2784 4971 nunc
2813 4918 2868 4971 in
2901 4917 3275 4972 continentem
3306 4929 3502 4973 terram

1921 5003 2166 5058 miranda
2191 5005 2281 5058 illa
2304 5002 2566 5068 facinora,
2594 5023 2733 5060 nunc
2754 5010 2803 5060 in
2834 5023 2984 5062 mare
3013 5009 3298 5078 grandium
3329 5025 3507 5064 rerum

1924 5111 2153 5154 conlatus
2185 5111 2306 5156 tuos
2340 5101 2541 5156 trausfe
2555 5119 2699 5168 reus,
2723 5116 2775 5157 ct
2797 5119 2936 5182 uupc
2961 5105 3177 5176 quidem
3209 5106 3260 5160 in
3291 5105 3507 5159 flnrnina

1486 5246 1725 5302 VARME
1778 5243 2181 5300 LECTIONES.

304 5363 371 5441 "'_
412 5367 748 5441 γαννὺμενον
812 5368 938 5441 Bg.
979 5347 1063 5400 0“
1119 5367 1366 5441 τοιαύτας
1421 5369 1460 5421 Λ
1519 5385 1532 5422 :

231 5435 306 5490 ηε
358 5435 667 5507 λελυσμένα
698 5455 760 5502 ς.

231 5591 347 5630 om.
381 5577 444 5631 Β.

1596 5366 1866 5430 τοσαύτας
1921 5383 1982 5428 ς.
2057 5361 2101 5393 ’⁸³
2156 5363 2396 5432 χαιρὴση
2450 5363 2517 5416 Α.

867 5432 1052 5516 1⁵ξιτοῖς
1078 5440 1268 5516 ἀὐτοῖς
1311 5439 1376 5503 Α,
1413 5441 1524 5516 τοῖς
1551 5438 1745 5516 ἑαυτοῦ
1773 5433 2190 5516 Βεῌτῴιὲαυτοῦ
2224 5451 2284 5498 ς.
2344 5435 2403 5516 Ί⁶²
2446 5434 2502 5516 δὲ
2554 5449 2665 5516 οη]ἶ
2697 5432 2764 5516 ii,
2802 5442 2922 5516 pqst
2957 5432 3389 5516 ῥήτοραςῇρυηί]

236 5507 286 5538 ⁵³
317 5504 488 5580 ὅτευ.
529 5501 541 5507 ’
565 5510 614 5548 ⁸⁸
643 5501 786 5580 ὑμᾶς
838 5508 972 5565 ABC
1005 5501 1042 5564 :7
1067 5510 1212 5580 ἡμᾶς
1365 5501 1413 5547 ⁸⁸
1439 5509 1544 5568 μὲν
1572 5526 1682 5566 om.
1707 5511 1774 5562 Α.
1848 5507 1894 5541 ⁸⁸
2033 5506 2216 5576 πέμπε
2251 5501 2363 5575 μοι]
2390 5505 2577 5575 πέμπε
2605 5505 2682 5576 μὴ
2715 5504 2774 5557 Β.
2802 5501 2816 5504 “
2851 5505 2894 5537 ⁸⁷
2917 5501 3162 5574 οὖράνῶν
3199 5501 3258 5559 Β.

2628 5363 2674 5395 ⁵ο
2717 5364 3117 5434 ,λελυμασμένα
3149 5365 3215 5430 Α,
3241 5364 3507 5434 λελυμένα

3331 5503 3376 5537 se
3411 5508 3506 5574 σῆς

1765 5643 1999 5700 NOTAE.
2041 5639 2045 5643 ’

306 5759 421 5828 (58)
443 5757 722 5814 .Invenalis
794 5759 912 5815 Sat.
947 5777 1000 5825 ς,
1034 5776 1174 5815 vers.
1216 5761 1316 5815 l2:

309 5831 388 5901 Ad
413 5846 656 5895 generum
678 5829 882 5884 Cereris
907 5832 1018 5884 sine
1041 5832 1181 5884 εοεαε
1202 5841 1249 5883 et
1274 5831 1482 5887 vulnere
1504 5835 1662 5901 pauci

314 5900 643 5954 Descendunt
677 5916 842 5971 rcges,
872 5914 916 5957 et
947 5903 1084 5956 sicca
1123 5913 1286 5958 morte
1319 5900 1551 5972 tyranni.

2030 5761 2141 5832 (39)
2181 5761 2400 5816 Persius
2442 5783 2453 5816 :

2046 5831 2298 5902 Magister
2340 5834 2470 5887 artis
2519 5833 2814 5904 inqcnt't'que
2861 5833 3087 5903 largitor
3121 5841 3289 5885 rentcr
