4104 6414
561 406 695 503 1335

1680 439 1937 497 PHOTII
1972 436 2477 497 PATRIARCHAE
2514 438 2622 497 (ΣΡ.

3659 443 3789 504 1336

554 568 697 617 mur,
729 559 783 605 et
828 550 881 604 in
913 547 1108 617 quibus
1142 547 1249 600 nati
1281 560 1486 611 sumus,
1513 545 1623 614 jam
1660 561 1721 600 ea
1748 546 1853 599 hoc
1880 543 2104 597 consilio

2216 542 2455 609 ῥήματα,
2514 542 2607 595 καὶ
2645 543 2886 611 πονηρᾶς
2917 537 2968 595 εἷ
2994 543 3332 616 δημηγορίας
3390 545 3654 616 διάδοχος,
3703 550 3790 600 καὶ

550 642 889 700 oblitterare.
926 638 1059 693 Nam
1080 637 1275 709 quibus
1313 638 1469 692 initio
1503 637 1699 707 exigua
1733 636 1951 689 virtutis
1982 649 2109 689 cura

551 742 666 800 cst,
718 748 822 787 non
869 746 1060 801 magna
1100 731 1184 785 bis
1218 731 1570 801 pereuntibus
1600 730 1817 800 jactura
1858 728 1917 781 fit
1946 743 1959 779 :
1990 728 2112 796 qui-

554 827 652 879 bus
679 838 807 879 vero
840 824 1056 878 virtutis
1089 832 1235 876 tanta
1277 837 1340 876 ac
1370 822 1495 876 talia
1523 831 1726 876 statuta
1777 831 1903 875 sunt
1933 835 2115 875 exem-

554 919 660 988 pla,
682 920 725 972 si
754 918 986 985 priorem
1011 916 1235 986 gloriam
1265 915 1660 985 posterioribus
1691 914 1996 969 actionibus
2024 928 2113 967 re-

552 1009 802 1078 pudiasse
838 1018 1151 1075 arguantur.
1201 1006 1402 1060 Omnes
1429 1007 1571 1059 enim
1614 1005 1744 1060 tnihi
1776 1003 1942 1059 Xerxi
1991 1020 2117 1073 pro-

554 1097 865 1169 pinquiores
901 1097 969 1151 ob
1006 1110 1226 1150 munera
1250 1104 1305 1148 et
1331 1095 1616 1150 beneﬁcia.
1652 1095 1836 1164 Atque
1868 1096 2035 1150 etiam
2064 1096 2110 1149 si

552 1190 720 1261 gratis
753 1191 951 1244 donum
974 1188 1234 1253 dedisset,
1263 1195 1408 1241 esset
1438 1186 1662 1241 forsitan
1692 1185 1837 1254 justa
1861 1186 2105 1256 quaedam

551 1294 714 1335 causa
769 1278 835 1333 iis
880 1278 968 1348 qui
1014 1277 1126 1347 regi
1176 1276 1614 1347 patrocinautur,
1660 1290 1969 1344 quanquam
2007 1274 2108 1329 hoc

552 1383 724 1437 neque
768 1366 1185 1426 Atheniensibus
1219 1364 1436 1434 dignum
1478 1366 1569 1420 sit.
1620 1364 1676 1419 Si
1711 1364 2107 1419 remuneratio-

551 1473 671 1513 nem
692 1459 757 1511 ab
794 1458 926 1511 urbe
956 1464 1124 1523 petat,
1162 1452 1508 1508 manifestum
1558 1468 1688 1508 sane
1716 1464 1799 1508 est
1837 1452 1970 1506 nihil
2002 1452 2109 1506 uti—

550 1566 654 1620 que
678 1550 847 1620 gratis
874 1548 1106 1612 dedisse,
1136 1546 1352 1615 quando
1382 1560 1479 1615 pro
1507 1545 1571 1599 iis
1602 1544 1822 1614 rependi
1852 1544 1955 1598 sibi
1985 1559 2111 1597 mu-

551 1651 697 1695 tuum
733 1640 938 1711 cupiat.
968 1639 1025 1695 Si
1058 1654 1185 1694 vero
1214 1639 1281 1694 ab
1301 1653 1365 1694 eo
1394 1637 1718 1708 simpliciter
1739 1637 1976 1691 donante
2001 1651 2103 1690 non

548 1741 631 1787 est
659 1747 870 1801 mquum
904 1731 1173 1799 accipere,
1198 1741 1399 1799 quanto
1428 1731 1603 1785 minus
1629 1745 1725 1800 par
1759 1739 1862 1795 est,
1889 1732 2113 1801 quando

548 1838 652 1878 ncn
697 1822 929 1891 gratuito
967 1822 1152 1886 donat,
1198 1823 1292 1875 sed
1337 1821 1791 1877 remunerationis
1840 1820 2109 1890 ejusmodi

2215 633 2386 685 ταῦτα
2437 633 2613 702 λέγειν
2635 636 2692 687 ἐν
2733 634 2982 705 Ἀθήναις
3014 636 3457 708 ἐπικεχείρηκας,
3495 638 3581 705 ἐφ’
3604 634 3687 701 οἷς
3714 643 3787 710 sig.

2218 725 2531 795 προειπόντι
2585 728 2754 794 τάφον
2800 727 3135 797 ἐποιήσαμεν
3182 728 3274 780 τὸν
3321 730 3485 782 τόπον
3509 729 3595 798 ἐφ’
3624 723 3790 801 οὗπερ

2216 817 2454 886 εἱστήκει
2482 816 2871 887 φθεγγόμενος.
2889 818 3114 886 ’Λδήλου
3141 819 3197 872 δὲ
3220 818 3371 881 ὄντος
3398 820 3521 874 τίνα
3539 822 3787 890 τρόπονή

2216 908 2489 977 ναυμαχία
2507 908 2842 979 κριθήσεται,
2874 909 2931 961 ού
2954 910 3014 979 δὴ
3033 909 3213 973 καλὸν,
3234 908 3325 979 ἀφ’
3346 904 3419 962 ὧν
3442 911 3791 981 εὐδοκιμοῦν-

2216 1016 2307 1061 τες
2338 1000 2638 1069 φαινόμεθα
2660 1002 2753 1052 καὶ
2782 1000 2900 1070 μεθ’
2928 994 3002 1053 ὧν
3026 1000 3469 1070 ἐπιτηδευμάτων
3483 1001 3792 1068 διαγεγὸνα-

2220 1108 2340 1159 μεν,
2371 1091 2549 1161 ἄκυρα
2612 1092 2787 1144 ποιεῖν
2828 1092 2919 1143 ἐπὶ
2944 1092 3037 1143 τοῦ
3097 1092 3362 1162 παρόντος
3419 1091 3786 1159 βουλεύεσθαι.

2218 1179 2313 1247 Οἷς
2342 1183 2438 1253 μὲν
2465 1183 2573 1254 γὰρ
2609 1184 2666 1248 ἐξ
2692 1185 2865 1253 ἀρχῆς
2908 1183 3085 1251 ὀλίγος
3139 1185 3236 1253 τῆς
3270 1186 3471 1255 ἀρετῆς
3505 1187 3594 1238 6"
3616 1186 3787 1254 λόγος.

2217 1276 2276 1328 οὐ
2308 1275 2477 1343 μέγας
2492 1275 2699 1337 τούτοις
2720 1275 2839 1327 οὐδὲ
2865 1276 3135 1344 σφαλεῖσιν
3157 1278 3184 1328 ὁ
3206 1276 3466 1339 κίνδυνος’
3495 1270 3577 1340 οἷς
3594 1277 3658 1347 ’δὲ
3676 1294 3794 1330 τοσ-

2217 1366 2357 1419 αῦτα
2377 1368 2468 1420 καὶ
2498 1366 2796 1438 τηλικαῦτα
2824 1369 3240 1439 παραδείγματα
3275 1368 3374 1438 τῆς
3410 1369 3614 1440 ἀρετῆς
3637 1370 3793 1441 ἕστη-

2218 1475 2302 1523 κε,
2334 1459 2417 1521 τίς
2452 1458 2746 1529 συγγνώμη
2780 1459 2931 1529 παρά
2985 1462 3098 1522 τοῖς
3126 1456 3344 1523 ἔξωθεν,
3382 1460 3438 1511 ὲν
3470 1462 3584 1523 τοῖς
3613 1460 3793 1513 τελευ-

2217 1549 2392 1612 ταίοις
2424 1547 2781 1617 ἀφανίζοντες
2814 1550 2909 1621 τὴν
2932 1548 3243 1621 ἔμπροσθεν
3266 1548 3420 1617 δόξαν
3440 1553 3746 1623 ἐλέγχοιντο
3773 1572 3788 1619 ;

2220 1639 2504 1713 [1101Β.]
2567 1643 2679 1704 Πᾶς
2736 1642 2841 1712 γὰρ
2893 1644 3017 1710 ἐμοὶ
3053 1642 3254 1713 Ξέρξου
3306 1645 3441 1713 πρὸς
3463 1645 3675 1716 δωρεὰν
3702 1646 3790 1697 καὶ

2219 1732 2377 1802 χάριν
2398 1731 2707 1801 ὲγγύτερος.
2748 1732 2871 1784 Ἔτι
2903 1731 3101 1797 τοίνυν,
3134 1734 3301 1803 εἰμὲν
3331 1738 3533 1805 προῖκα
3566 1737 3789 1805 παρεῖχε

2218 1824 2315 1893 τὴν
2360 1824 2567 1894 δωρεὰν
2589 1824 2655 1888 ⁸⁸,
2692 1819 2760 1894 ἦν
2789 1823 2853 1877 ἀν
2874 1841 2957 1887 τις
3020 1823 3177 1893 λόγος
3234 1824 3361 1888 ἴσως
3412 1828 3525 1888 τοῖς
3580 1825 3791 1896 βασιλεῖ

546 1913 738 1982 gratia,
767 1927 871 1981 qua
910 1913 1041 1967 satis
1067 1921 1318 1977 testatur,
1347 1927 1501 1966 suum
1532 1911 1667 1965 velle
1701 1913 1916 1982 peus:tri
1947 1912 2104 1967 bene-

2219 1916 2457 1989 [5891].]
2505 1917 2925 1987 συναγορεύουσι
2961 1918 3005 1949 ⁸⁷
3040 1934 3054 1948 ·
3096 1918 3274 1970 καίτοι
3330 1935 3391 1985 γε
3444 1917 3568 1971 οὐδὲ
3637 1917 3790 1971 τοῦτο

546 2009 748 2066 licium.
788 2007 1030 2078 Agedum
1064 2008 1329 2077 promissa
1373 2008 1487 2062 haec
1528 2008 1830 2061 videamus.
1876 2008 1978 2073 Ea,
2026 2009 2111 2062 in-

545 2100 679 2169 quit,
735 2114 1156 2169 reponam,quze
1209 2100 1346 2153 bello
1402 2100 1595 2169 dejeci.
1640 2099 1915 2155 lluncciue
1976 2102 2105 2155 mihi

546 2191 776 2246 bellandi
826 2202 1144 2261 praetextum
1178 2191 1335 2255 dicis,
1386 2202 1441 2246 et
1498 2206 1689 2261 pugna:
1730 2192 1914 2260 potius
1950 2210 2110 2263 quam

544 2283 767 2338 fmderis
794 2293 1055 2338 tesseram
1082 2284 1309 2351 profers,
1342 2298 1440 2337 nec
1472 2284 1627 2339 vides
1660 2285 1728 2338 iis
1756 2285 1955 2350 verbis,
1993 2288 2113 2355 qui-

545 2375 643 2427 bus
687 2373 801 2442 regi
856 2372 1043 2426 urbem
1090 2372 1384 2428 conciliare
1429 2374 1638 2437 niteris,
1679 2378 1783 2429 nos
1810 2375 1876 2429 ad
1914 2376 2109 2429 bellum

546 2468 714 2535 magis
754 2466 1020 2521 excitari?
1052 2465 1096 2520 Ο
1134 2482 1295 2535 quam
1324 2466 1539 2521 diversa
1581 2476 1707 2521 sunt
1742 2468 1856 2520 haec
1907 2467 2106 2521 verba!

544 2557 877 2613 Perditorem
916 2561 1161 2613 eumdem
1189 2574 1351 2613 vocas
1392 2569 1446 2613 et
1490 2561 1750 2623 amicum,
1798 2559 2111 2614 interfecto-

542 2663 654 2705 rem
685 2662 740 2704 et
767 2650 995 2715 socium;
1028 2650 1272 2704 eamdem
1308 2648 1438 2719 legis
1466 2650 1747 2719 epistolam
1793 2650 2002 2719 plenam
2038 2650 2112 2703 in-

537 2740 698 2809 juriis
741 2750 794 2795 et
844 2741 997 2795 tionis
1029 2781 1044 2805 ,
1086 2739 1421 2809 permiscens
1471 2755 1618 2795 mere
1658 2740 1797 2792 mala
1843 2749 1898 2794 ct
1946 2740 2107 2803 dona,

540 2832 836 2893 beneficia,
884 2841 940 2885 et
996 2832 1224 2898 damna,
1268 2830 1559 2897 Barbaros,
1604 2840 1658 2885 et
1712 2831 1950 2886 Graecos.
1999 2831 2111 2885 Hoc

541 2927 722 2984 studes
740 2926 891 2981 urbis
922 2924 1261 2979 commodum
1292 2924 1464 2979 videri
1495 2940 1761 2994 qumrere,
1794 2926 1889 2981 sed
1930 2925 2111 2980 verius

542 3022 693 3085 illud,
725 3036 844 3074 cum
875 3019 1026 3074 urbis
1047 3028 1244 3073 nostra:
1270 3018 1483 3072 ruinam
1505 3019 1619 3087 regi
1642 3018 1862 3072 honoris
1894 3017 2107 3071 initium

542 3110 731 3167 facias.
752 3109 890 3176 Quid
912 3123 1040 3178 ergo
1058 3109 1124 3161 ad
1151 3107 1397 3161 triremes
1429 3122 1533 3160 non
1566 3107 1835 3171 vadimus,
1863 3106 1956 3161 sed
1985 3120 2109 3161 sus-

2214 2009 2321 2062 τῶν
2354 2009 2650 2080 Ἀθηναίων
2680 2010 2847 2075 ἀξιον.
2879 2011 2939 2063 Εἰ
2958 2010 3002 2063 δ’
3030 2012 3277 2064 ἀνταιτεῖ
3302 2011 3461 2081 χάριν
3514 2009 3668 2081 παρά
3694 2012 3787 2082 τῆς

2216 2101 2441 2165 πόλεως,
2493 2099 3027 2171 εῠδήλοΨδήπουθεν
3050 2101 3125 2164 ὼς
3145 2096 3228 2164 οἷς
3272 2101 3405 2170 παρ’
3456 2101 3617 2171 ἡμῶν
3671 2102 3783 2156 ἀντ’

2214 2193 2438 2246 ἐκείνων
2463 2195 2645 2261 τυχεῖν
2685 2193 3004 2257 ἐσπούδασε,
3031 2196 3241 2257 τούτοις
3263 2194 3599 2247 ἐπιδείκνυσι
3626 2195 3785 2265 μηδὲν

2214 2285 2376 2347 αὐτὸς
2409 2284 2782 2355 χαριζόμενος.
2824 2286 2885 2337 Ei
2912 2286 2966 2337 δὲ
2996 2285 3180 2347 ἁπλῶς
3201 2285 3435 2348 διδύντος
3462 2285 3652 2337 λαϐεῖν
3691 2287 3783 2339 ούκ

2214 2378 2454 2445 εὔλογον,
2486 2372 2601 2439 πῶς
2630 2377 2690 2429 ού
2729 2376 2910 2441 πλέον,
2936 2377 3024 2429 ὅτε
3059 2377 3193 2446 μηδὲ
3222 2380 3423 2447 προῖκα
3450 2377 3548 2447 τὴν
3582 2377 3783 2446 δωρεὰν

2213 2469 2326 2521 ἀλλ’
2364 2469 2448 2521 ἐπ’
2480 2468 2742 2522 ἀντιδόσει
2768 2468 3022 2541 τοσαύτῃ,
3121 2468 3214 2521 καὶ
3245 2469 3405 2532 αὐτὸς
3444 2469 3606 2533 δῆλός
3639 2473 3779 2523 ἐστιν

2212 2558 2488 2613 ἃδίδωσιν
2547 2558 2822 2628 ὁμολογῶν
2865 2558 3322 2625 ἀνταλλάξασθαι;
3378 2560 3517 2630 Φέρε
3562 2559 3628 2631 δὴ
3692 2561 3779 2611 καὶ

2214 2651 2381 2714 αὐτὰς
2411 2650 2509 2712 τὰς
2544 2650 2863 2720 ὑποσχέσεις
2890 2650 3235 2718 σκεψώμεθα.
3276 2652 3777 2720 Ἀντικαταστήσω,

2215 2742 2400 2812 φησὶν,
2460 2735 2539 2805 οἷς
2576 2740 2933 2811 ὲλυμηνάμην
2990 2742 3131 2794 κατὰ
3198 2742 3288 2794 τὸν
3316 2742 3574 2813 πόλεμον.
3606 2745 3781 2812 Αύτήν

2182 2846 2304 2904 “μοι
2363 2832 2540 2900 λέγεις
2595 2828 2690 2882 τοῦ
2719 2830 2953 2900 πολέμου
2984 2830 3081 2902 τὴν
3125 2831 3417 2901 πρόφασιν,
3465 2831 3559 2884 καὶ
3602 2830 3777 2901 μάχης

2216 2925 2413 2997 μᾶλλον
2442 2924 2474 2995 ἢ
2507 2923 2799 2991 διαλλαγῆς
2832 2922 2985 2991 μοι⁸⁸
3008 2922 3403 2990 ἀναγινώσκεις
3435 2922 3777 2993 συνθήματα,

2213 3017 2308 3070 καὶ
2338 3015 2617 3078 λανθάνεις
2643 3010 2723 3077 οἷς
2750 3014 3026 3077 διαλλάξαι
3057 3012 3263 3082 βασιλεί
3284 3013 3379 3083 τὴν
3408 3014 3563 3066 πόλιν
3582 3012 3778 3066 ἐσπού-

2211 3108 2399 3171 δακας,
2432 3107 2639 3171 τούτοις
2668 3108 2815 3177 ἡμᾶς
2848 3107 3075 3177 ἐγείρων
3109 3104 3372 3158 πλέονὲπὶ
3402 3106 3492 3157 τὶν
3524 3105 3778 3175 πόλεμον.

541 3205 777 3260 tinemus
848 3215 1028 3270 regem
1077 3200 1265 3269 patriae
1296 3199 1507 3252 ruinam
1538 3197 1853 3253 alierentem
1874 3198 1897 3252 ‘l
1919 3199 2023 3253 Sed
2049 3208 2099 3252 et

2210 3203 2273 3254 Ὠ
2310 3200 2418 3253 τῶν
2464 3198 2732 3268 ἀνομοίων
2778 3197 3057 3269 ρημάτωνί
3090 3196 3344 3267 λυμεῶνα
3374 3213 3466 3266 μοι
3490 3197 3581 3248 τὸν
3621 3197 3779 3248 cursv

541 3292 819 3349 historiam
847 3300 1082 3345 nostram
1112 3289 1322 3343 curiose
1350 3287 1555 3343 Xerxes
1583 3288 1848 3358 quaesivit,
1872 3288 2025 3359 quasi
2052 3298 2106 3341 et

542 3401 663 3439 cum
704 3383 852 3438 urbis
909 3381 1190 3451 prmconiis
1237 3378 1433 3432 bellum
1477 3389 1850 3449 suscepturus.
1908 3379 2103 3450 362b

542 3478 720 3543 Quare
745 3478 790 3530 si
834 3476 900 3529 ab
937 3474 1105 3528 altero
1136 3472 1411 3541 injuriam,
1456 3472 1522 3525 ab
1568 3472 1740 3527 altero
1782 3472 2100 3537 beneficiqu

542 3565 869 3636 accepimus,
907 3564 1059 3617 illum
1096 3564 1311 3631 quidem
1348 3572 1406 3616 ut
1434 3562 1640 3616 hostem
1682 3574 1938 3629 tractare,
1958 3565 2099 3618 hunc

544 3672 672 3712 vero
703 3666 759 3709 ut
805 3654 1124 3709 beneficium
1174 3655 1512 3707 remunerari
1563 3656 1820 3723 opertuit.
1866 3655 2019 3721 Quod
2059 3658 2102 3711 si

543 3758 830 3814 utrumque
870 3747 1009 3799 idem
1058 3744 1331 3814 prtestitit,
1371 3755 1549 3800 utrum
1580 3746 1738 3801 decet
1780 3747 2102 3802 beneﬁcium

542 3837 819 3892 attendere
842 3852 937 3905 pro
973 3837 1038 3890 iis
1074 3851 1191 3905 qua:
1222 3837 1505 3905 promittit,
1555 3837 1632 3891 vel
1666 3838 1907 3906 exigere,
1943 3839 2102 3908 cujus

542 3939 828 3983 accusatur
884 3927 1093 3995 iniuria:
1124 3928 1146 3981 ?
1174 3927 1432 3994 Quantam
1481 3937 1637 3993 sunt,
1684 3945 1805 4000 quae
1844 3930 1931 3985 ille
1977 3931 2101 3986 laesa

551 4022 685 4076 dicit
714 4022 737 4075 ’ί
767 4038 860 4089 per
909 4022 1005 4077 has
1033 4022 1241 4076 litteras
1267 4023 1588 4077 beneficium
1622 4024 1757 4080 dicis
1783 4026 1956 4095 gratia
1990 4028 2106 4095 pol-

542 4113 753 4175 licetur,
783 4112 1023 4167 Athenas
1072 4113 1294 4167 omnino
1327 4124 1756 4169 restauraturum
1791 4132 1850 4171 se
1891 4120 2104 4185 signifi-

538 4214 653 4269 cat;
681 4205 782 4258 hoc
817 4202 1027 4258 scilicet
1056 4190 1284 4259 obscure
1313 4203 1537 4268 dicitur,
1572 4205 1694 4259 licet
1721 4216 1911 4276 aperte
1938 4210 2103 4263 verbo

522 4297 819 4351 .nomiuare
854 4312 960 4350 non
990 4296 1185 4350 audeat
1218 4295 1507 4361 :Atheuas,
1545 4297 1740 4365 inquit,
1770 4303 2099 4355 restaurabo.

537 4387 615 4441 Tu
651 4388 834 4442 urbem
866 4387 1134 4442 Palladis?
1157 4387 1234 4441 Tu
1266 4387 1543 4442 civitatem
1575 4390 1793 4458 Thesei,
1824 4403 1876 4447 et
1900 4393 2103 4450 Cecro-

534 4482 655 4550 pis?
688 4482 887 4549 Deinde
918 4482 1248 4539 Erichthonii
1279 4494 1335 4540 et
1388 4485 1679 4554 Cecropes,
1711 4496 1765 4540 et
1794 4485 2010 4551 Thesei,
2047 4498 2103 4543 et

2210 3291 2637 3368 προσαγορεύεις
2688 3290 2780 3342 καὶ
2824 3288 2996 3357 φίλον,
3035 3288 3327 3356 αύτὸχειρα
3384 3287 3480 3339 καὶ
3508 3286 3670 3339 πάλιν
3696 3286 3777 3337 ἕνα

2210 3385 2432 3440 σπονδον
2459 3382 2558 3451 τὴν
2614 3378 2782 3446 αὐτὴν
2812 3375 3204 3443 ἀναγινώσκεις
3250 3374 3540 3445 ἐπιστολὴν
3574 3376 3774 3444 μεστήν

2206 3475 2555 3545 ἀδικημάτων
2586 3472 2679 3523 καὶ
2711 3468 2951 3539 δωρεῶν,
2987 3468 3179 3537 μιγνὺς
3210 3468 3278 3519 τὰ
3298 3467 3341 3499 ⁸⁸
3373 3467 3586 3536 ἄμικτα
3612 3466 3779 3535 παθη,

2209 3564 2484 3642 [δωρεὰς,]
2522 3564 2769 3634 χάριτας,
2801 3559 3103 3630 συμφορὰς,
3137 3558 3466 3627 βαρϐάρους,
3496 3557 3780 3628 Ἕλληνας

2208 3662 2301 3715 καὶ
2327 3660 2402 3729 τῷ
2431 3659 2525 3729 μὲν
2554 3658 2727 3709 δοκεῖν
2775 3654 3099 3715 σπουδάζεις
3145 3652 3286 3721 ὑπὲρ
3320 3652 3415 3721 τῆς
3468 3652 3697 3715 πόλεως,
3720 3651 3777 3702 τὴ

2208 3755 2251 3807 δ’
2298 3751 2533 3821 ἀληθὲς,
2584 3746 2792 3817 βασιλεῖ
2841 3746 3017 3807 ποιεῖς
3068 3743 3379 3812 φιλοτιμίας
3434 3742 3693 3795 ὑπόθεσιν
3728 3741 3785 3793 τὸ

2210 3846 2412 3915 πτῶμα
2468 3846 2567 3912 τῆς
2615 3840 2841 3901 πόλεως.
2878 3837 2943 3889 Τί
2975 3832 3067 3889 οὖν
3111 3836 3212 3887 οὐκ
3263 3836 3352 3888 ἐπὶ
3392 3834 3491 3897 τὰς
3545 3835 3786 3904 τριήρεις

2210 3940 2331 4008 ἴμεν
2348 3938 2415 4002 ⁹⁰,
2452 3935 2568 3988 ἀλλ’
2620 3929 2929 4001 ἀνεχόμεθα
2957 3927 3327 3999 προφέροντος
3352 3930 3485 3997 ἡμῖν
3522 3926 3784 3996 βασιλέως

2206 4030 2303 4098 τὴν
2358 4026 2655 4099 nephew;
2719 4021 3249 4092 ἐπολυπραγμόνήσὲ
3317 4037 3419 4090 μου
3479 4017 3689 4089 Ξέρξης
3719 4018 3785 4071 τε

2205 4122 2539 4191 διηγήματα,
2594 4116 2783 4183 ὧσπερ
2841 4114 3086 4175 καὶτοῖς
3151 4111 3447 4183 ἐγκωμίοις
3479 4109 3785 4179 πολεμῆσαι

2206 4214 2371 4268 θέλων
2415 4213 2513 4282 τῆς
2536 4211 2762 4272 πόλεως.
2792 4209 2851 4260 Ei
2885 4208 2982 4277 μὲν
3014 4202 3105 4259 οὖν
3143 4206 3275 4277 παρ’
3296 4205 3483 4275 ἐτέρου
3517 4203 3618 4273 μὲν
3650 4199 3716 4272 ἦν
3738 4200 3781 4233 ἰ

2205 4304 2264 4357 τὸ
2292 4303 2553 4373 ἀδίκημα,
2600 4300 2731 4370 παρ’
2766 4300 2953 4368 ἐτέρου
2979 4297 3092 4369 δὲή
3123 4298 3303 4367 χάρις,
3349 4295 3426 4365 τῷ
3476 4294 3577 4365 μὲν
3625 4292 3786 4361 ἐχρῆν

2204 4395 2278 4457 ὼς
2308 4393 2551 4463 πολεμίῳ
2586 4390 2846 4460 χρῆσθαι,
2900 4388 2988 4441 τὸν
3021 4387 3067 4439 δ’
3100 4387 3173 4450 ὡς
3203 4385 3498 4455 εὐεργέτην
3560 4383 3784 4452 ἀμείϐεο

2205 4485 2350 4538 σθαι.
2378 4484 2440 4537 Ei
2466 4483 2633 4535 δὲὸνί
2683 4479 2844 4543 αὐτὸς
2895 4478 3204 4549 ἀμφότερα,
3254 4476 3306 4527 τί
3336 4476 3536 4546 μᾶλλον
3590 4474 3785 4526 εἰδέναι

531 4573 691 4627 Codri
734 4574 1204 4630 obscurabuntur?
1250 4575 1372 4632 Ilaec
1422 4578 1601 4631 omnia
1645 4578 1852 4632 civitati
1904 4578 2103 4636 Xerxis

2210 4580 2369 4651 χάριν
2420 4576 2536 4630 ἀνθ’
2583 4570 2656 4628 ὧν
2719 4575 3061 4642 ὑπισχνεῖται
3119 4571 3395 4642 προσῆκεν
3438 4570 3470 4640 ἢ
3518 4568 3783 4639 τιμωρίαν

532 4664 839 4720 debebunt?
865 4668 1266 4732 Conditor,dux
1298 4668 1536 4734 laudum,
1562 4672 1955 4739 przeconiorum
1986 4690 2099 4728 ma-

533 4754 704 4809 teria?
734 4754 831 4811 llei
863 4757 991 4811 mihi
1042 4759 1125 4812 his
1154 4758 1308 4813 malis
1336 4760 1349 4812 !
1385 4759 1571 4814 Victus
1595 4775 1623 4814 a
1662 4777 1746 4815 me
1773 4761 1982 4818 Xerxes
2016 4780 2101 4818 ca-

530 4848 608 4918 pit
642 4848 852 4903 urbcm.
890 4848 1027 4915 Quid
1062 4864 1191 4905 vero
1222 4860 1276 4906 ct
1304 4862 1516 4906 uosmet
1550 4863 1735 4908 contra
1768 4853 1984 4910 Graecos
2006 4856 2098 4926 ju-

528 4943 618 4993 bet
648 4941 923 5010 pugnare?
952 4940 1068 4995 Non
1090 4942 1235 4996 enim
1259 4960 1471 5013 aequum
1502 4961 1597 5000 nos
1628 4945 1729 5009 illi,
1761 4948 1853 5016 qui
1890 4949 2093 5003 circum

529 5032 668 5084 hanc
702 5034 887 5088 urbem
909 5034 1045 5087 mira
1094 5035 1204 5089 edit
1226 5034 1489 5102 facinora,
1519 5052 1623 5091 non
1656 5038 1843 5092 venire
1869 5041 2093 5105 auxilio;

524 5130 579 5173 et
631 5122 856 5189 merito;
899 5140 1003 5178 non
1051 5125 1195 5179 enim
1243 5136 1352 5179 tum
1407 5128 1577 5182 aciem
1629 5130 1845 5198 dignam
1894 5134 2093 5188 erectis

527 5211 743 5279 tropaeis
778 5212 1126 5270 instruemus.
1168 5215 1349 5271 Xerxe
1372 5219 1511 5272 duce
1540 5218 1731 5274 vicinis
1767 5223 2097 5280 nostrisbel—

522 5301 633 5355 lum
680 5303 996 5373 inferentes,
1042 5318 1264 5377 pr0pter
1292 5324 1426 5378 quos
1466 5310 1611 5364 visus
1642 5322 1723 5365 est
1766 5312 1946 5369 Persis
1984 5332 2087 5371 non

525 5394 716 5463 victor,
748 5398 843 5452 sed
884 5408 1139 5469 tanquam
1171 5400 1321 5455 exsul
1361 5411 1416 5453 et
1454 5400 1733 5472 fugitivus,
1780 5407 1863 5460 his
1905 5409 2089 5464 urbem

522 5487 776 5555 condere,
808 5499 859 5544 et
895 5488 978 5543 his
1007 5488 1330 5545 benefacere
1357 5491 1577 5561 cupiet?
1614 5492 1765 5561 Quod
1802 5500 1845 5553 si
1878 5509 2096 5568 putaret

2208 4674 2457 4726 ἀπαιτεῖν
2487 4671 2572 4738 ἐφ’
2599 4662 2681 4731 οἷς
2737 4666 2941 4719 ἀδικῶν
2994 4666 3311 4735 ἐλέγχεται;
3343 4663 3478 4716 Τίνα
3510 4663 3569 4715 δὲ
3608 4661 3700 4715 καὶ
3718 4660 3783 4713 τὰ

2206 4762 2587 4834 λελυμασμένα
2648 4760 2833 4825 καλεῖς
2899 4755 3219 4826 ἀφοσιοῦται
3267 4756 3373 4825 γὰρ
3410 4755 3505 4807 καὶ
3558 4753 3647 4806 διὰ
3677 4752 3781 4807 τῶν

2205 4857 2548 4928 γραμμάτων
2593 4853 2690 4922 τὴν
2743 4852 2922 4922 χάριν.
2972 4849 3083 4912 Τὰς
3122 4848 3353 4918 Ἀθήνας
3387 4846 3609 4909 πάντως
3640 4846 3780 4897 ἀνοι-

2204 4953 2339 5004 κιεῖν
2364 4946 2790 5015 ὲπαγγέ),λεται’
2837 4942 2997 4996 τοῦτο
3036 4943 3143 5013 γὰρ
3184 4941 3558 4995 ὑπαινίττεται
3588 4938 3777 5007 δήπου,

2199 5042 2301 5096 κᾶν
2337 5040 2410 5111 μὴ
2434 5039 2609 5108 τολμᾷ
2639 5036 2887 5106 φανερῶς
2912 5034 3206 5124 ονομαζειν
3234 5034 3309 5103 τῷ
3333 5035 3561 5103 ῥήματι.
3609 5032 3776 5096 Ἀθή-

2197 5153 2308 5202 νας
2340 5132 2597 5196 around),
2633 5131 2786 5203 φησί.
2824 5131 2895 5183 Σὺ
2925 5129 3038 5200 ξτὴν
3068 5130 3164 5199 τῆς
3199 5129 3430 5198 Ἀθηνᾶς
3486 5127 3677 5190 πῦλινς
3705 5127 3773 5178 Σὺ

2193 5226 2291 5298 τὴν
2344 5226 2564 5296 θήσέως
2616 5225 2711 5277 καὶ
2762 5223 3084 5292 Κέκροποςς
3144 5218 3261 5274 εἶτα
3328 5219 3773 5289 σιωπηθήσονται

2208 5318 2525 5389 Ἐριχθόνιοι
2550 5316 2643 5369 καὶ
2664 5315 2966 5385 Κέκροπες,
2996 5315 3075 5368 ἔτι
3096 5315 3152 5367 δὲ
3176 5314 3371 5385 Θησεῖς
3408 5314 3503 5365 καὶ
3536 5312 3764 5382 Κόδροις

2200 5413 2377 5465 πάντα
2401 5410 2455 5463 δὲ
2486 5409 2635 5462 ἔσται
2659 5408 2866 5479 Ξέρξης
2896 5411 2962 5478 τῇ
3010 5408 3186 5473 πόλει,
3228 5406 3496 5476 οἰκιστής,
3531 5403 3767 5475 ἀρχηγέ-

2201 5523 2301 5577 της
2328 5522 2340 5535 ·
2374 5503 2483 5561 τῶν
2514 5502 2774 5567 ἐπαίνων,
2820 5500 2929 5553 τῶν
2963 5500 3253 5571 ἐγκωμίων
3280 5497 3573 5563 undosum;
3612 5498 3766 5566 Οῖμοι

1764 5633 1999 5690 ΥᾹΒΙΛΕ
2051 5634 2461 5693 LECTIONES.

606 5717 653 5749 "
678 5720 837 5810 Iduom.
1048 5723 1250 5810 “ante
1296 5726 1529 5810 δωρεὰνΔ
1557 5729 1891 5810 οιιῐηηΑ-ξξϐ-
1936 5735 2094 5810 onnsi
2160 5731 2492 5810 ἔμπροσθεν,

669 5788 722 5907 1":
786 5795 979 5861 μιγνὺς
1035 5795 1127 5847 καὶ
1176 5796 1243 5849 τὰ
1293 5788 1387 5861 ς’.’
1485 5799 1530 5831 ὀ
1572 5800 1717 5871 ἴμεν]
1772 5802 1893 5858 libri
1978 5800 2154 5875 εἶμεν.

2602 5731 2647 5762 ⁸⁷
2709 5729 3176 5801 προσαγορεύουσι
3230 5728 3292 5783 C.
3380 5728 3435 5801 ξ’
3498 5745 3590 5800 μοι
3639 5727 3756 5801 add.

2270 5797 2441 5871 έ¹.ἦν
2522 5802 2645 5857 add.
2709 5797 2771 5855 A.
2847 5797 3044 5856 oo‘m.
3117 5801 3183 5855 A.
3258 5801 3303 5832 “
3375 5798 3432 5854 δὲ
3491 5797 3613 5869 post
3681 5797 3756 5851 ἔτι
