4104 6430
306 417 443 486 1337

1252 456 1260 462 -
1318 422 1838 483 BIBLIOTHECA.
1863 446 1933 456 τ·-
1966 420 2131 482 COD.
2160 419 2468 481 CCXLIII-

3430 418 3564 482 1338
3625 409 3630 414 ’

303 527 417 582 τῶν
471 529 697 586 κακῶνί
733 531 1036 603 ἡττημένος
1086 550 1186 603 μου
1232 531 1440 604 Ξέρξης
1497 533 1886 604 λαμϐάνειτήν

1993 544 2266 604 acceptam
2295 532 2500 588 cladem
2534 531 2702 585 armis
2726 530 3032 586 instaurare
3053 544 3230 601 posse,
3267 529 3562 584 exercitum

306 622 485 676 πόλιν.
527 622 594 676 Τί
619 623 663 676 δ’
709 622 776 678 ἂν
805 625 898 678 καὶ
937 627 1084 696 ἡμᾶς
1133 625 1332 690 αὐτοὺς
1385 627 1528 680 κατὰ
1561 627 1667 680 τῶν
1701 627 1891 696 Ἐλλή-

306 731 416 765 νων
451 713 914 784 συστρατεύεσθαι
932 717 978 748 ⁹³
1013 715 1241 787 κελεύῃς
1270 717 1329 769 ού
1368 717 1477 787 γὰρ
1517 712 1654 769 εἷναι
1684 716 1890 769 δίκαιον

308 804 384 872 τῷ
440 805 710 876 τοσαύτην
769 807 1162 880 ἐνδεικνυμένῳ
1215 808 1346 880 περὶ
1404 809 1503 879 τὴν
1552 808 1708 860 πόλιν
1790 825 1890 877 με·

307 893 708 964 γαλοψυχίανοδ
775 898 848 968 μὴ
908 899 1084 952 πάντα
1129 899 1329 969 τρόπον
1404 896 1888 968 συναγωνίζεσθαι.

308 986 566 1050 Καλάς⁹⁸
614 1004 676 1056 γε
746 988 830 1060 (ού
904 991 1084 1061 γάρ;)
1142 992 1264 1044 τότε
1317 992 1413 1045 καὶ
1460 989 1568 1043 τῶν
1615 979 1890 1059 τροπαίων

310 1075 467 1140 ἀξίας
525 1076 630 1130 τῶν
684 1080 1072 1151 ἐγηγερμένων
1132 1082 1230 1145 τὰς
1312 1080 1648 1152 παρατάξεις
1711 1098 1891 1152 παρα-

307 1167 603 1236 ταξόμεθα,
664 1169 768 1223 ὑπὸ
817 1170 992 1243 Ξέρξῃ
1048 1170 1336 1242 στρατηγῷ
1399 1171 1525 1234 τοὺς
1579 1171 1720 1224 κατὰ
1781 1170 1890 1223 τῶν

309 1258 598 1326 ὁμοφύλων
638 1254 911 1331 πολέμους
963 1264 1308 1334 ἐκφέροντες.
1333 1263 1412 1316 Δι’
1444 1262 1537 1326 οὒς
1563 1262 1716 1333 ὤφθη
1746 1263 1888 1332 Πέρ-

313 1366 434 1412 σαις
491 1351 608 1404 ἀντὶ
652 1354 947 1424 νικηφόρου
975 1359 1160 1426 σχῆμα
1204 1356 1473 1423 δραπέτου
1524 1355 1619 1408 καὶ
1649 1356 1889 1425 φυγάδος

311 1442 709 1513 περικείμενος,
762 1446 1032 1509 τούτοις⁹⁶
1093 1449 1246 1501 πόλιν
1305 1449 1553 1514 οἰκίζειν,
1607 1449 1885 1513 τούτους⁹⁷

309 1539 617 1603 εὐεργετεῖν
646 1537 895 1602 ἀνέξεται
919 1557 933 1604 ;
961 1541 1022 1593 Εἰ
1053 1541 1152 1610 μὲν
1182 1541 1291 1612 γὰρ
1320 1541 1483 1606 εὐθὺς
1509 1542 1887 1612 ἀναμάχεσθαι

310 1627 424 1689 τοῖς
455 1626 639 1692 ὅπλοις
675 1627 774 1701 τὴν
813 1625 985 1701 ἦτταν
1036 1632 1342 1698 ἐπίστευεν,
1397 1635 1754 1705 ἐστράτευσεν
1799 1633 1886 1699 ἂν,

310 1718 411 1770 οὐκ
427 1719 810 1788 ἐπρεσϐεύετο·
835 1722 956 1774 ἐπεὶ
976 1722 1031 1774 δὲ
1053 1725 1420 1792 ἀπογινώσκει
1443 1728 1551 1779 τῶν
1581 1711 1884 1798 δυνάμεων,

309 1810 408 1882 τὴν
440 1812 653 1883 ἀπάτην
711 1812 848 1878 τέως
908 1812 1034 1886 [590
1067 1814 1159 1888 H.]
1190 1818 1310 1869 ἀντὶ
1337 1818 1444 1871 τῶν
1475 1819 1654 1871 ὃπλων
1689 1820 1886 1890 προϐέ-

306 1902 526 1973 ϐληται.
563 1903 685 1957 Ἔτι
715 1904 894 1961 τοίνυν
954 1906 1048 1960 καὶ
1097 1887 1405 1962 διαϐάλλειν
1438 1908 1706 1978 ’Έλληνας
1733 1887 1890 1977 ⁷πρὸς
1923 1887 1962 1940 Β

306 1993 408 2066 τὴν
435 1995 586 2048 πόλιν
609 1996 955 2062 ἐσπούδασεν,
991 1997 1080 2050 ἵνα
1115 1999 1353 2068 ἐρήμους
1374 1998 1476 2068 τῆς
1498 2001 1625 2071 παρ’
1665 2000 1892 2054 ἐκείνων

309 2087 632 2157 συμμαχίας
679 2087 1053 2157 ἐργασάμενος
1102 2088 1240 2159 πρὸς
1266 2089 1462 2158 μόνους
1487 2090 1633 2159 ἡμᾶς
1665 2089 1890 2162 ὕστερον

305 2175 567 2248 ἐξενέγκῃ
586 2177 676 2230 τὸν
700 2178 958 2249 πόλεμον.
992 2179 1104 2233 Καὶ
1119 2180 1226 2250 μὴν
1257 2179 1316 2244 ἐξ
1343 2181 1526 2233 αὐτῶν
1546 2181 1590 2213 ³⁸
1626 2182 1892 2251 ῥημάτων

303 2268 465 2337 δῆλός
495 2270 612 2322 ἐστι
647 2269 780 2341 πρὸς
802 2271 900 2342 τὴν
934 2272 1142 2342 δωρεὰν
1157 2271 1573 2343 ἀφοσιούμενος.
1602 2272 1765 2345 [1104
1795 2273 1890 2347 8.]

304 2359 413 2413 Τού
439 2361 537 2430 μὲν
583 2364 692 2433 γὰρ
742 2363 1016 2417 ἀνοικίσαι
1053 2363 1151 2435 τὴν
1183 2364 1335 2418 πόλιν
1379 2365 1476 2435 τὴν
1510 2365 1785 2436 ἡμετέραν
1807 2365 1893 2418 οέ-

301 2449 487 2516 λοντος
511 2453 673 2524 ἔργον
710 2450 777 2526 ἦν
825 2455 957 2508 αὐτὸ
1003 2455 1164 2510 τοῦτο
1212 2456 1397 2527 σαφῶς
1453 2457 1731 2528 ἐγγράψαι
1776 2461 1891 2523 τοῖς

303 2543 633 2614 γράμμασιν
667 2563 680 2575 ·
727 2547 755 2598 ό
788 2545 844 2599 δὲ
873 2546 1033 2600 τοῦτο
1089 2539 1188 2618 μὲν
1251 2549 1349 2601 οὐκ
1382 2547 1574 2614 εἰπὼν,
1617 2550 1804 2614 ἁπλῶς
1833 2551 1890 2604 δὲ

304 2636 771 2708 όιντικαταστῆσαι
828 2641 1008 2711 φήσας
1055 2637 1138 2704 οἷς
1168 2640 1476 2712 ἐλυμήνατο
1502 2642 1642 2696 κατὰ
1673 2643 1762 2695 τὸν
1794 2643 1892 2697 πό-

298 2725 488 2795 λεμον,
515 2731 582 2799 τῇ
610 2729 702 2782 τού
758 2734 1145 2802 προσρήματος
1185 2731 1485 2805 ἀμφιϐολία
1528 2733 1714 2798 κακῶς
1747 2737 1791 2768 ⁹⁹
1825 2735 1853 2788 ὃ
1873 2735 1889 2765 ⁸

303 2824 608 2890 κακουργεῖ
657 2822 744 2876 διὰ
775 2822 882 2877 τῶν
913 2824 1262 2896 γραμμάτων
1291 2825 1614 2897 δεδήλωκεν.
1645 2827 1710 2880 Τί
1733 2827 1789 2880 δὲ
1823 2823 1891 2899 ἦν

301 2911 400 2979 τῆς
446 2913 650 2976 πόλεως
705 2913 805 2984 τῆς
868 2916 1142 2986 ἡμετέρας
1172 2915 1233 2968 τὸ
1267 2916 1571 2988 ἐπίσημον;
1625 2918 1892 2988 σεμνότης

302 3001 775 3073 οἰκοδομημάτων,
820 3005 1097 3076 πανταχοῦ
1140 3007 1240 3077 τῆς
1266 3009 1498 3078 ἀρχαίας
1526 3010 1725 3080 ἀρετῆς
1755 3010 1890 3063 ὑπο-

306 3095 590 3173 μνήματα,
623 3097 651 3149 ὁ
689 3096 842 3167 παρὰ
893 3098 993 3169 τῆς
1044 3098 1260 3168 φύσεως
1299 3101 1504 3171 κόσμος
1551 3103 1737 3172 μεῖζον
1795 3101 1890 3156 τοῦ

305 3186 600 3279 παρὰλτῆς
638 3187 835 3259 τέχνης
897 3189 1214 3279 προστιρεὶς
1243 3195 1310 3262 τῇ
1366 3193 1519 3246 πόλει
1577 3193 1638 3246 τὸ
1671 3194 1887 3257 κάλλος.
1921 3224 1962 3279 C

305 3277 408 3329 Οἴα
435 3277 535 3346 μὲν
568 3278 694 3332 ἰδεῖν
715 3279 1032 3350 ἀκρόπολις,
1066 3275 1179 3335 οἷον
1205 3282 1332 3336 ἄλλο
1354 3284 1491 3338 Θεῶν
1521 3287 1639 3356 μετ’
1669 3286 1894 3356 ούρανὶν

302 3369 672 3441 ἐνδιαίτημαί
727 3368 838 3436 οἷος
867 3373 924 3426 δὲ
969 3375 997 3427 ὀ
1031 3374 1132 3444 τῆς
1188 3376 1448 3441 Πολιάδος
1505 3377 1662 3441 νεὼς.
1710 3380 1805 3432 καὶ
1833 3379 1894 3431 τὸ

305 3461 639 3526 Ποσειδῶνος
670 3466 691 3495 ¹
747 3464 1003 3534 τέμενοςῐ
1066 3465 1385 3538 συνήψαμεν
1452 3469 1560 3540 γὰρ
1626 3469 1713 3522 διὰ
1785 3469 1893 3523 τῶν

302 3553 620 3624 ἀνακτόρων
643 3557 766 3618 τοὺς
789 3555 942 3619 θεοὺς
969 3557 1218 3626 ἀλλήλοις
1249 3561 1386 3629 μετὰ
1411 3559 1510 3630 τὴν
1531 3561 1784 3630 ἅμιλλαν.
1816 3563 1891 3616 Οὐ

303 3644 567 3714 λαμϐάνω
596 3647 749 3717 παρὰ
772 3647 963 3718 ἀνδρὸς
989 3649 1080 3701 τὸν
1119 3650 1342 3721 τελετῆς
1375 3651 1538 3705 τόπον
1552 3653 1591 3716 ³,
1625 3653 1685 3707 ὂν
1714 3655 1890 3727 εἴργει

302 3736 403 3804 τῆς
443 3736 668 3807 τελετῆς
704 3738 806 3808 τῆς
837 3739 1114 3812 ἡμετέρας
1144 3741 1204 3794 τὸ
1234 3743 1517 3813 κήρυγμα.
1541 3745 1637 3809 Τίς
1660 3749 1895 3819 ἀναστή-

304 3843 386 3880 σει
411 3829 538 3891 τοὺς
563 3829 784 3899 ἄνδρας,
813 3829 906 3894 οὓς
925 3832 1269 3900 ἁπολώλεκε;
1303 3835 1387 3897 τίς
1415 3836 1484 3888 τὰ
1525 3835 1752 3899 σώματα
1784 3841 1893 3894 τῶν

302 3919 600 3987 πεσόντων,
624 3915 704 3984 οἷς
733 3916 889 3986 οὗτος
919 3925 1061 3978 κατὰ
1086 3925 1211 3989 τοὺς
1233 3926 1504 3996 πολέμους
1523 3928 1888 4001 λελύμανται;

306 4011 530 4082 Ἄνδρες
560 4011 690 4084 γὰρ,
722 4015 885 4086 φησὶν
913 4016 954 4080 ⁸,
1001 4020 1055 4070 αἱ
1093 4019 1296 4082 πόλεις,
1330 4019 1429 4073 οὐκ
1458 4008 1890 4094 οἰκοδομήματα.

303 4102 368 4155 ΙΞί
385 4102 443 4154 δὲ
468 4101 539 4156 τὰ
567 4102 951 4176 λελυμασμένα
983 4110 1116 4179 ἡμῖν
1139 4109 1442 4164 ἀποδώσειν
1468 4113 1889 4181 ἐπαγγέλλεται,

296 4191 504 4246 τούτων
538 4193 594 4246 δέ
623 4194 690 4248 τά
724 4195 824 4265 μὲν
879 4197 990 4250 οὐδ’
1044 4199 1180 4262 ὅλως
1222 4201 1458 4272 ἐγχωρεῖ
1495 4202 1705 4269 λαϐεῖν,
1732 4205 1802 4260 τὰ
1834 4207 1891 4259 δὲ

299 4283 412 4346 τοῖς
446 4281 863 4355 διεφθαρμένοις
911 4288 1009 4357 οὐχ
1074 4288 1259 4358 ὃμοια,
1315 4289 1432 4354 πῶς
1485 4293 1586 4346 οὐκ
1632 4277 1889 4359 ἀδύνατος

299 4371 581 4444 ἐλέγχεται
616 4379 729 4440 τοῖς
758 4379 923 4432 πᾶσιν
953 4380 985 4449 ή
1019 4380 1147 4448 περὶ
1179 4379 1381 4434 τούτων
1411 4381 1704 4453 ὑπόσχεσις
1731 4402 1745 4452 ;
1777 4386 1890 4439 Οὐκ

295 4465 538 4535 ἤνεγκαν
563 4469 685 4522 ούδέ
734 4471 1082 4541 τριακοσίους
1105 4474 1305 4525 ἐκεῖνοι
1334 4461 1800 4545 Λακεδαιμονίους
1828 4479 1886 4532 ἐν

1990 625 2306 684 adduceret,
2337 638 2440 677 non
2478 632 2662 677 autem
2707 621 2912 691 legatos
2934 623 3194 678 mitteret.
3226 622 3296 675 At
3335 637 3458 675 cum
3487 620 3566 673 vi-

1995 717 2144 771 ribus
2173 714 2375 770 diﬂidat
2407 715 2538 782 suis,
2575 715 2935 784 fraudempro
2969 715 3136 768 armis
3163 712 3564 768 adhibet.Cum

1991 821 2172 862 autem
2215 809 2398 876 copias
2445 809 2838 870 recensuisset,
2883 816 2994 862 tum
3060 810 3274 860 demum
3326 805 3566 858 fraudem

1991 915 2266 954 armorum
2315 901 2433 954 loeti
2495 901 2772 970 produxit.
2816 900 3128 966 Quinetiam
3185 900 3376 953 urbem
3430 898 3567 952 hanc

1992 992 2131 1059 apud
2175 1002 2400 1045 caateros
2444 990 2663 1045 Grtecos
2697 991 2950 1044 infament
3003 989 3230 1044 reddere
3267 988 3568 1052 contendit,

1993 1088 2051 1133 ut
2082 1095 2179 1134 nos
2236 1095 2424 1134 eorum
2473 1081 2681 1134 auxilio
2713 1081 2962 1134 desertos
2999 1081 3272 1144 redderet,
3311 1089 3367 1133 et
3415 1078 3571 1132 nobis

1992 1171 2124 1225 solis
2159 1171 2356 1226 bellum
2412 1184 2595 1240 postea
2635 1171 2885 1226 inferret.
2916 1171 2983 1225 Et
3012 1187 3076 1226 ex
3102 1172 3186 1225 his
3219 1171 3397 1225 verbis
3426 1179 3572 1239 pa:et

1991 1264 2193 1316 donum
2241 1263 2378 1316 dicis
2437 1264 2610 1331 gratia
2661 1262 2880 1317 olferre.
2940 1263 3090 1316 Illius
3118 1272 3231 1317 erat
3282 1262 3572 1316 manifeste

1993 1354 2188 1408 litteris
2231 1355 2531 1408 inscribere
2581 1356 2720 1408 hanc
2769 1353 2904 1408 velle
2937 1370 2995 1409 se
3033 1355 3218 1407 urbem
3247 1354 3570 1406 instaurare.

1996 1447 2102 1501 Hoc
2149 1453 2324 1499 autem
2371 1459 2476 1497 non
2539 1444 2857 1508 declarans,
2896 1445 3216 1512 simpliciter
3267 1458 3325 1497 sc
3377 1444 3571 1494 damna

1991 1537 2126 1594 bello
2170 1538 2315 1592 illata
2363 1550 2702 1592 I‘CS:Il'lllrultt
2748 1539 2910 1601 dicit,
2946 1537 3184 1592 adverbii
3213 1537 3568 1606 amphiboliae

1991 1644 2110 1700 quae
2143 1629 2284 1684 mala
2314 1630 2600 1697 cogitavit,
2622 1628 2846 1698 epistola
2897 1629 3250 1697 significavit.
3289 1628 3440 1695 Quod
3475 1643 3575 1681 au-

1994 1734 2099 1778 tem
2132 1733 2249 1776 erat
2275 1723 2426 1776 urbis
2471 1734 2675 1778 nostra:
2704 1723 2916 1793 insigne
2943 1722 2966 1776 ἲ
3000 1722 3398 1793 lllagnititzentia
3439 1721 3572 1775 tedi-

1993 1816 2273 1878 ticiorum,
2322 1815 2556 1883 antiquae
2597 1815 2909 1884 ubicunque
2963 1814 3180 1868 virtutis
3229 1811 3570 1887 testimonia,

1995 1916 2202 1960 natura:
2233 1917 2479 1970 ornatus,
2521 1906 2615 1974 qui
2658 1906 2834 1976 majus
2863 1907 2983 1961 urbi
3017 1905 3166 1963 addit
3193 1914 3573 1959 ornamentum

1993 2013 2154 2068 quam
2187 1998 2500 2051 artiﬁcium.
2533 1997 2719 2062 Qualis
2750 1996 2994 2051 cernitur
3024 1997 3112 2051 hic
3151 2012 3246 2050 arx
3296 1996 3444 2064 (40),
3483 1995 3573 2048 ttbi

1995 2088 2122 2148 tale.
2149 2088 2288 2142 calo
2313 2097 2559 2156 excepto,
2591 2087 2787 2158 363:
2822 2087 3116 2156 hospitium
3180 2097 3264 2140 est
3308 2086 3576 2140 deorum?

1994 2178 2164 2245 Quale
2189 2177 2442 2246 templum
2493 2177 2730 2232 Poliadis
2754 2177 3048 2231 Minervzc?
3083 2187 3138 2230 et
3181 2177 3306 2231 huic
3338 2177 3572 2231 vicinum
3649 2229 3656 2244 ι

1994 2268 2276 2324 delubrum
2308 2265 2560 2336 Neptuni.
2593 2266 2998 2335 Conjunximus
3028 2267 3172 2320 enim
3208 2276 3324 2334 post
3352 2265 3574 2320 conten-

1996 2363 2194 2417 tionem
2236 2362 2364 2415 deos
2399 2376 2492 2429 per
2523 2375 2680 2430 reges
2728 2361 2780 2413 in
2839 2358 3054 2427 templis
3093 2375 3215 2413 eum
3264 2359 3404 2412 aliis.
3455 2355 3570 2410 Νοει

1998 2455 2202 2522 recipio
2233 2452 2515 2506 formulam
2537 2467 2820 2507 sacrorum
2853 2453 2920 2505 ah
2957 2452 3196 2514 homine,
3231 2449 3441 2520 qualem
3479 2465 3575 2520 per

1997 2560 2301 2615 praeconem
2340 2557 2530 2597 arcere
2562 2543 2821 2597 solemus.
2856 2542 2989 2608 Quis
3017 2544 3292 2612 reparabit
3326 2543 3573 2597 homines
3663 2572 3665 2574 -

1993 2652 2129 2706 quos
2173 2635 2315 2689 bello
2363 2634 2642 2703 perdidit?
2672 2634 2804 2700 Quis
2837 2635 3024 2687 reddet
3081 2643 3417 2686 mortuorum
3453 2647 3578 2686 cor-

1995 2742 2143 2797 pora,
2175 2741 2294 2796 quae
2324 2723 2464 2779 bello
2489 2723 2761 2778 abstulit?
2803 2723 2919 2777 Viri
2944 2723 3112 2784 enim,
3141 2721 3383 2782 utaiunt,
3413 2721 3576 2775 urbes

1993 2826 2139 2883 sunt,
2175 2833 2280 2872 non
2312 2818 2503 2871 domus
2548 2816 2706 2886 ipstc;
2747 2815 2790 2870 si
2821 2817 3014 2870 damna
3063 2829 3122 2868 se
3152 2814 3574 2868 instauraturum

1995 2910 2298 2984 pollicetur,
2332 2925 2397 2965 ex
2445 2910 2531 2964 his
2583 2909 2825 2978 quazdam
2857 2923 2978 2984 _nou
3031 2907 3240 2976 integre
3291 2905 3578 2959 restituere

1995 3012 2193 3074 potest,
2220 3001 2461 3071 quzedam
2497 3017 2600 3054 non
2629 3000 2778 3069 paria
2812 2979 3084 3069 priet-ibus
3113 2999 3337 3052 reddere
3369 3004 3566 3066 potest.

1995 3099 2272 3165 Quomodo
2301 3095 2514 3150 illiusiu
2552 3095 2634 3148 his
2662 3093 2950 3164 promissio
2997 3101 3054 3146 ut
3100 3091 3443 3160 impossibilis
3473 3106 3576 3146 non

1999 3189 2440 3258 t'edarguaturnb
2480 3185 2770 3241 omnibus?
2795 3184 2873 3238 Illi
2907 3183 3580 3238 Lacedmmouiostrecen-

2000 3289 2083 3336 tos
2115 3281 2179 3336 ad
2208 3279 2369 3351 Pylas
2404 3294 2509 3333 non
2567 3278 2970 3340 sustinuerunt,
3011 3275 3103 3329 sed
3151 3274 3203 3328 in
3241 3273 3411 3328 oculis
3437 3274 3581 3344 regis

2001 3382 2079 3429 tot
2123 3373 2400 3445 myriades
2439 3371 2756 3426 ceciderunt
2809 3371 3069 3423 adversus
3127 3382 3294 3421 unum
3348 3381 3578 3437 agmen,

1997 3466 2149 3537 quasi
2179 3465 2364 3534 ﬂagris
2390 3464 2675 3520 ordinata).
2715 3462 2831 3532 Ipse
2861 3477 2955 3516 rex
2989 3462 3040 3514 iu
3068 3460 3254 3515 Asiam
3279 3475 3378 3514 nos
3399 3470 3579 3528 vocat,

1997 3556 2285 3610 ostendens
2310 3553 2544 3624 demptis
2569 3555 2760 3624 pugnis
2790 3562 2973 3629 tntum
2997 3566 3179 3606 secum
3211 3551 3408 3606 bellum
3440 3551 3578 3606 fore.

2002 3646 2114 3701 Una
2146 3647 2292 3702 acies
2321 3656 2510 3701 contra
2547 3655 2713 3700 totam
2749 3644 2932 3698 Asiam
2974 3643 3237 3698 instructa
3267 3654 3318 3696 ct
3356 3643 3579 3698 trecenti

1999 3739 2252 3808 Spartani
2295 3740 2444 3807 prius
2491 3737 2661 3792 armis
2711 3735 3126 3806 Thermopylas,
3161 3735 3357 3790 deinde
3413 3745 3583 3788 morte

1994 3830 2380 3894 occludentes,
2425 3829 2798 3884 honorabilius
2871 3829 3216 3898 sepulcrum,
3264 3843 3432 3898 quam
3477 3828 3585 3883 sint

2000 3933 2202 3989 tropaea
2241 3921 2570 3975 excitarunt.
2609 3921 2721 3989 Ego
2749 3935 2965 3990 quoque
2995 3920 3062 3975 de
3091 3919 3361 3974 Thebanis
3389 3918 3585 3989 suppli-

1994 4013 2134 4066 cium
2178 4011 2496 4066 sumcndum
2530 4011 2736 4078 putavi.
2765 4010 3020 4066 Accusati
3057 4019 3185 4066 sunt
3223 4010 3427 4065 Gram-ia
3456 4011 3585 4066 Per-

1993 4104 2068 4158 sis
2116 4101 2435 4172 proditionis
2473 4100 2648 4178 gentis
2691 4115 2822 4165 sum,
2873 4110 2927 4154 et
2965 4103 3096 4156 urbs
3141 4117 3262 4155 mea
3304 4102 3582 4158 l'ersicum

1992 4205 2179 4250 contra
2221 4193 2437 4249 ϐιαιως
2484 4193 2778 4264 assumpsit
2842 4194 3165 4248 exercitum.
3218 4193 3351 4249 Cum
3405 4195 3584 4250 Persae

1993 4288 2118 4344 victi
2162 4298 2307 4354 sunt,
2349 4302 2454 4342 non
2493 4293 2651 4342 modo
2702 4268 3090 4352 Athenienses,
3141 4287 3236 4342 sed
3291 4297 3344 4342 et
3392 4303 3582 4343 omnes

1991 4380 2163 4436 Graeci
2204 4379 2412 4435 lucrum
2457 4387 2825 4446 reportarunt.
2873 4376 3088 4434 Utinam
3115 4378 3279 4432 etiarn
3315 4377 3382 4432 ad
3428 4372 3610 4448 Pylas'

1992 4474 2440 4540 occurrissemus,
2459 4471 2856 4528 Lacedaemonii
2881 4487 2981 4542 pro
3006 4470 3284 4539 sepultura
3320 4479 3581 4538 tropaeum

296 4557 546 4623 Πύλαις,
596 4560 709 4614 ἀλλ’
753 4562 810 4614 ἐν
863 4562 1163 4633 ὀροαλμοῖς
1217 4563 1482 4633 βασιλέως
1542 4565 1772 4621 ἔπιπτον
1823 4572 1880 4622 αί

1993 4565 2368 4621 ostendant.ln
2389 4562 2619 4618 Xerxem
2649 4567 2766 4619 htee
2789 4563 2932 4626 dico,
2964 4565 3014 4616 in
3049 4561 3306 4627 Xerxem,
3335 4562 3576 4632 inquam,

292 4646 557 4701 τοσαῦται
606 4649 866 4720 μυριάδες
907 4649 1044 4721 πρὸς
1090 4651 1186 4706 ἕνα
1240 4651 1396 4722 λόχον
1445 4652 1550 4706 ὑπὸ
1607 4656 1888 4725 μαστίγων

293 4741 774 4811 παραταττόμεναι
795 4743 840 4796 ⁸.
865 4743 1040 4806 Αὐτὸς
1064 4744 1210 4815 ἡμᾶς
1243 4745 1337 4798 ἐπὶ
1376 4744 1474 4817 τὴν
1517 4746 1702 4800 Ἀσίαν
1733 4749 1890 4802 καλεῖ

293 4831 548 4901 βασιλεὺς
568 4829 648 4898 οἷς
685 4839 1035 4906 παραιτεῖται
1064 4836 1159 4900 τὰς
1191 4837 1394 4910 μάχας,
1427 4837 1637 4902 τούτοις
1661 4841 1880 4894 ἀκίνδυ-

290 4942 384 4977 νον
435 4921 574 4980 εἶναι
603 4927 696 4980 τὸν
747 4928 884 4999 πρὸς
915 4928 1079 4983 αὐτὸν
1121 4930 1382 4986 δεικνύων
1424 4933 1679 5004 πόλεμον.
1711 4935 1882 5005 Λόχος

289 5012 374 5081 εἷς
401 5017 538 5089 πρὸς
565 5019 693 5088 ὅλην
714 5020 814 5091 τὴν
853 5021 1039 5075 Ἀσίαν
1062 5024 1569 5095 παραταττόμενος,
1608 5026 1699 5078 καὶ
1731 5044 1882 5097 τρια-

289 5109 465 5160 κόσιοι
481 5108 820 5179 Σπαρτιᾶται
843 5110 1112 5177 κλείοντες
1135 5114 1405 5185 πρότερον
1439 5114 1535 5186 μὲν
1561 5119 1673 5180 τοῖς
1695 5116 1878 5182 ὅπλοις

290 5199 522 5272 ὕστερον
550 5200 706 5273 δὲτῷ
739 5203 954 5274 θανάτῳ
982 5204 1082 5268 τὰς
1111 5205 1314 5270 Πύλας.
1344 5207 1679 5278 Σεμνότερον
1723 5209 1877 5280 ἡγεί-

289 5309 435 5364 ρατε,
469 5295 733 5363 τροπαίου
759 5295 821 5350 τδ
855 5297 1237 5370 πολυάνδριον.
1285 5299 1438 5368 Ἐγὼ
1487 5301 1580 5353 καὶ
1613 5301 1754 5373 ὑπὲρ
1783 5302 1889 5374 Θή-

1990 4675 2024 4713 ο
2063 4658 2276 4728 Apollo,
2299 4659 2392 4727 qui
2429 4673 2599 4726 usque
2633 4659 2700 4713 ad
2743 4673 2869 4714 aras
2897 4666 3016 4711 tuas
3061 4655 3260 4711 bellum
3301 4655 3494 4724 gessit,
3526 4663 3582 4708 et

1990 4750 2170 4821 ignem
2203 4764 2360 4804 sacro
2397 4748 2592 4818 tripodi
2630 4758 2719 4800 tuo
2761 4747 3030 4815 subjicere
3067 4756 3298 4802 conatus
3344 4755 3446 4809 est,
3481 4760 3582 4818 per

1989 4856 2148 4910 quem
2189 4841 2308 4894 edis
2349 4838 2596 4894 oracula.
2630 4836 2767 4892 Volo
2808 4836 3121 4908 regionibus
3145 4836 3213 4892 de
3245 4835 3380 4890 meis
3424 4847 3573 4892 recte

1989 4931 2146 4986 l‘actis
2179 4946 2376 4985 nomen
2415 4929 2638 4999 imponi,
2665 4938 2718 4985 et
2742 4929 2933 4994 maria,
2975 4943 3038 4982 ae
3070 4926 3292 4982 ﬂumina
3331 4927 3511 4997 potius
3549 4943 3582 4982 a

1989 5024 2122 5078 meis
2149 5023 2367 5092 tropaeis
2389 5065 2404 5088 ,
2433 5037 2592 5092 quam
2622 5021 2860 5090 antiquis
2881 5021 3190 5076 nominibus
3213 5019 3578 5076 denominari'

1985 5115 2220 5187 Objiciet
2241 5115 2457 5185 aliquis,
2479 5116 2696 5184 quando
2719 5115 2929 5178 urbem,
2961 5113 3044 5168 vel
3064 5115 3204 5168 unde
3235 5113 3582 5173 reticiemus?

1986 5210 2157 5277 Quam
2195 5205 2426 5276 amplius
2458 5205 2646 5260 urbem
2675 5205 2896 5274 qttteris,
2940 5219 3062 5258 cum
3085 5205 3283 5258 habeas
3313 5204 3532 5256 trireme
3553 5218 3580 5254 s

1996 5315 2095 5373 pro
2126 5314 2265 5355 nova
2291 5298 2445 5364 urbe,
2486 5307 2541 5353 et
2579 5296 2860 5352 ductorem
2885 5294 3211 5366 Apollinem.
3242 5293 3444 5364 Objicit
3475 5308 3582 5347 aus

1581 5439 1816 5496 VARlE
1851 5437 2259 5496 LECTIONES.

311 5590 337 5595 λ,
363 5522 412 5595 ’ξ
449 5523 844 5595 στρατεύεσθαι
873 5524 939 5580 Α.
1013 5525 1059 5595 ξε

287 5591 318 5648 ll
330 5590 441 5646 bris
471 5593 638 5648 deest.

286 5666 312 5699 δ
332 5661 495 5729 φασὶν
526 5661 811 5737 δοειιίιζεπκ
880 5676 902 5708 ⁸
925 5661 1325 5742 παραττόμενοι
1373 5671 1436 5726 C.

1095 5527 1289 5601 μετειλ-
1326 5531 1420 5582 καὶ
1453 5529 1527 5601 μὴ
1560 5549 1621 5596 ς.

1706 5534 1753 5566 ⁹⁸
1793 5533 1965 5586 καλάς
2009 5535 2085 5585 A:
2116 5530 2297 5586 καλῶς
2338 5548 2399 5586 ς.

727 5548 844 5578 war.
873 5548 939 5580 ﬂ.
1015 5548 1062 5593 ’ἡ
1095 5548 1289 5596 μεγαΛ.
1326 5548 1420 5582 και
1453 5548 1527 5601 μη
1560 5549 1621 5596 ς.
1706 5548 1753 5566 "
1793 5548 1965 5596 καΛας
2009 5548 2085 5585 ΛΞ
2116 5548 2297 5595 καΑως
2338 5548 2399 5596 ς.
2471 5548 2517 5567 συ
2544 5548 2764 5590 τούτους
2785 5548 2844 5592 ς’.
2931 5548 2971 5566 ἰ
3007 5548 3217 5588 τούτοις
3249 5548 3308 5590 ς.
3381 5548 3426 5555 ν
3457 5548 3569 5578 τωιιι

727 5597 772 5627 ⁹⁹
801 5595 983 5659 καλῶς
1011 5594 1074 5651 Co
1133 5597 1228 5670 ‘_5I
1257 5601 1438 5654 malint
1467 5603 1571 5660 ὅτι.
1632 5605 1653 5634 ²
1681 5603 1743 5658 τὸ
1768 5603 2093 5669 ποσειδῶνος
2125 5603 2168 5659 C
2193 5619 2207 5656 ι
2232 5601 2328 5658 τοῦ
2358 5599 2688 5665 Ποσειδῶνος
2722 5615 2785 5664 ς.
2835 5598 2858 5632 ³
2885 5597 3049 5652 τόπον
3073 5613 3155 5669 pr.
3193 5596 3236 5653 C
3261 5612 3275 5649 :
3311 5592 3477 5648 τύπον
3508 5608 3570 5662 ς.

2469 5531 2517 5567 ³⁸
2544 5527 2764 5590 τούτους
2785 5544 2844 5592 ς.
2927 5528 2975 5566 ⁸⁷
3007 5524 3217 5588 τούτοις
3249 5542 3308 5590 ς.
3380 5523 3426 5555 ⁹¹¹
3457 5522 3569 5578 τῶν

1817 5765 2054 5823 NOTAE.

359 5837 472 5922 (ιο)
513 5849 693 5908 Pallas
723 5868 853 5924 quas
887 5853 1121 5910 condidit
1153 5867 1298 5910 arcer
1323 5849 1452 5925 Ipsa
1474 5853 1626 5911 colat.
1673 5853 1879 5929 (Vitta)
