4104 6454
549 441 683 507 1339
1678 431 1939 493 ΡΗΟΤΙΙ
1980 427 2140 491 ΡΑΤ]

2243 428 2487 489 ιΒΟΗίΕ
2515 430 2623 490 CP.
3683 431 3824 496 1340

546 566 651 610 tem
689 566 787 622 pro
820 549 1091 606 ina-nibus
1112 562 1283 616 mare,
1320 556 1373 604 et
1410 561 1510 617 pro
1537 545 1780 602 turribus
1812 544 2039 609 insulas,
2065 551 2118 598 et

2243 542 2393 596 iaimv
2451 544 2754 614 ἀπαιτῆσαι
2810 542 2969 607 δίκας
3027 542 3361 598 ἐσπούδακα.
3399 544 3585 615 Δῆμος
3615 544 3826 616 Ἕλλην

544 661 645 717 pro
682 651 877 698 ornatu
922 650 1145 712 tropzna.
1189 640 1247 694 Si
1292 648 1349 694 et
1371 638 1632 694 terminos
1694 635 1883 690 studes
1931 650 2133 702 cogno-

2243 635 2323 687 διὰ
2342 635 2557 704 Πέρσας
2573 634 2862 705 τοῦξκοινοῦ
2889 634 3078 704 γένους
3099 635 3392 707 προδοσίαν
3422 636 3828 705 κατέγνωσται»

546 751 726 800 scere,
769 734 942 789 obivit
969 733 1135 787 ianua
1164 740 1331 786 totum
1386 739 1649 784 terrarum
1693 728 1902 791 orbem,
1938 726 2135 797 363b

2243 727 2331 781 καὶ
2360 727 2514 788 πόλις
2544 726 2651 797 ἐμὴ
2669 729 2689 759 ⁸
2717 728 2985 799 Περσικὸν
3012 728 3231 795 ἐδέξατο
3260 730 3403 783 κατά
3427 728 3537 782 τῶν
3553 730 3829 800 Ἑλλήνιον

552 837 750 883 terram
790 839 896 895 qua
942 824 1074 889 itur,
1117 837 1267 877 mare
1305 837 1408 891 qua
1454 820 1757 885 navigatur.
1806 815 1916 872 llos
1960 818 2131 873 Athe-

2243 816 2617 887 στρατόπεδον.
2648 818 2856 889 Κέρδος
2873 818 2973 872 οὑκ
3008 816 3313 890 Ἀθηναίων
3345 820 3527 890 μόνον,
3562 820 3700 873 ἀλλά
3731 821 3829 873 καὶ

2233 906 2412 961 κοινὸν
2434 906 2544 961 τῶν
2575 908 2847 978 Ἐλλήνων
2905 910 3183 975 ἁπάντων,
3240 896 3449 981 Πέρσαι
3505 910 3825 981 νικώμενοι.

2234 1000 2359 1055 Εἴθε
2412 1001 2507 1055 καὶ⁴
2564 1003 2646 1066 είς
2700 1002 2901 1069 ,Πύλας
2962 1004 3390 1075 ἀπηντήσαμενί
3444 1004 3711 1075 τρόπαιον
3761 1002 3830 1055 ἂν

2232 1092 2548 1149 ἐδείκνυσαν
2583 1094 2682 1151 νῦν
2709 1096 2831 1149 ἀντὶ
2878 1095 2973 1151 τοῦ
3003 1098 3176 1167 τάφου
3220 1096 3660 1166 Λακεδαιμόνιοι.
3700 1095 3829 1148 Ἐπὶ

546 1197 855 1263 videantur,
879 1205 1068 1250 contra
1094 1191 1402 1264 Neptunum
1437 1190 1577 1258 olea,
1633 1195 1825 1245 contra
1853 1186 2124 1243 Barbaros

2243 1186 2443 1258 Ξέρξην
2469 1187 2643 1251 καλῶ,
2698 1189 2789 1242 ἐπὶ
2812 1186 3041 1261 Ξέρξην,
3078 1190 3364 1256 Ἄπολλον,
3396 1190 3488 1242 τὸν
3516 1190 3681 1260 μέχρι
3719 1187 3829 1241 τῶν

547 1287 819 1358 platanus.
2235 1280 2446 1337 ἀδύτων
2498 1282 2930 1354 στρατεύσαντα,
2979 1284 3075 1339 τδν
3129 1286 3243 1348 τοῖς
3279 1285 3444 1355 ἱεροῖς
3476 1300 3573 1336 σου
3602 1283 3827 1353 τρίποσι

545 1380 607 1434 τδ
631 1379 742 1451 πῦρ
774 1377 1075 1449 προσάγειν
1118 1375 1593 1447 φιλονεικήσαντα,
1635 1374 1702 1428 δι’
1762 1376 1822 1430 δν
1866 1377 2128 1447 ἐκίνησας
2167 1374 2450 1445 φάσματα.
2505 1375 2705 1428 Δοῦναι
2754 1376 2895 1429 θέλω
2952 1378 3188 1440 καὶτοῖς
3269 1377 3491 1447 χωρίοις
3544 1374 3654 1429 ἀπὸ
3720 1374 3827 1427 τῶν

548 1469 697 1540 ἐμῶν
750 1467 1188 1539 κατορθωμάτων
1237 1465 1499 1535 ὀνόματα,
1560 1464 1744 1518 καὶτὰ
1806 1465 2020 1536 πελάγη
2066 1464 2160 1517 καὶ
2231 1464 2359 1526 τοὺς
2416 1467 2698 1533 ποταμοὺς
2746 1465 2854 1518 ἀπὸ
2901 1466 3008 1520 τῶν
3062 1466 3210 1536 ἐμῶν
3256 1464 3537 1533 τροπαίων
3571 1462 3695 1535 [591
3734 1462 3825 1535 [1.]

549 1560 803 1632 μᾶλλονῆ
832 1559 942 1612 τῶν
995 1558 1236 1631 ἀρχαίων
1288 1556 1569 1626 ὀνομάτων
1604 1556 2132 1628 προσαγορεύεσθαι.
2175 1554 2309 1608 Πότε
2334 1550 2428 1607 οὖν
2454 1553 2488 1624 ἢ
2516 1555 2679 1609 πόθεν
2709 1558 2946 1611 άνοικιοῦ
2960 1575 3058 1628 μεν
3092 1558 3193 1630 τὴν
3255 1560 3447 1628 πόλιν;
3519 1560 3830 1631 ὑπέκρουσε

544 1674 649 1721 τις.
700 1654 869 1709 Ποίαν
901 1654 1010 1726 γὰρ
1048 1653 1325 1724 ἐπιζητεῖς
1370 1649 1451 1703 ἔτι
1486 1650 1661 1715 πόλιν,
1720 1649 1822 1714 τάς
1873 1651 2118 1721 τριήρεις
2160 1650 2319 1719 ἔχων,
2362 1652 2461 1721 τῆς
2507 1654 2635 1716 νέας
2696 1651 2907 1715 πόλεως
2958 1652 3203 1722 οἰκιστὴν
3253 1652 3392 1723 ἔχων
3438 1653 3532 1708 τὸν
3574 1653 3824 1716 Πύθιον;

546 1750 915 1821 Προδάλλεται
954 1750 1011 1803 δέ
1042 1747 1212 1817 αὑτῆς
1243 1747 1362 1800 ἀντὶ
1388 1746 1486 1817 μὲν
1512 1742 1705 1815 τειχῶν
1728 1743 1827 1811 τὴν
1849 1742 2149 1810 Θάλασσαν,
2168 1745 2312 1799 ἀντὶ
2334 1746 2389 1800 δέ
2422 1747 2671 1817 πύργων,
2695 1746 2793 1808 τὰς
2822 1744 3039 1815 νήσους,
3069 1746 3189 1799 ἀντὶ
3215 1745 3272 1798 δὲ
3306 1745 3517 1817 κόσμου
3565 1745 3637 1799 τὰ
3698 1744 3828 1815 τρό-

545 1862 701 1899 παια.
732 1842 793 1896 Εἰ
820 1841 877 1897 δὲ
901 1841 996 1895 καὶ
1037 1840 1162 1903 τοὺς
1211 1839 1370 1909 ὄρους
1399 1836 1572 1907 αὑτῆς
1637 1834 1919 1905 ἐπιζητεῖς
1989 1836 2201 1906 μαθεῖν,
2243 1838 2499 1908 περίελθε
2524 1837 2708 1909 κύκλῳ
2728 1838 2805 1909 τῷ
2835 1837 3081 1911 λογισμῷ
3095 1840 3192 1913 τὴν
3233 1841 3563 1913 οἰκουμένην
3590 1840 3829 1903 ἃπασαν,

546 1935 640 1988 καὶ
657 1935 761 2006 γῆν
786 1935 884 2003 ὅση
912 1931 1073 2002 βατὴ,
1102 1931 1197 1984 καὶ
1227 1930 1495 1984 θάλατταν
1516 1930 1686 1999 ὁπόση
1706 1928 1935 1999 πλόϊμος
1957 1928 1977 1959 ⁷
2002 1943 2017 1959 ⁶
2070 1922 2217 1982 οὑτοι
2280 1929 2391 1984 τῶν
2471 1931 2711 2002 Ἀθηνῶν
2771 1930 2880 1983 τῶν
2927 1932 3019 1985 ἐπὶ
3071 1932 3507 2004 Θεμιστοκλέους
3572 1935 3621 1987 οἱ
3687 1934 3827 2005 ὅροι.

551 921 767 974 nienses
794 919 932 973 duce
961 914 1327 972 Themistocle
1357 912 1630 968 consecuti
1687 920 1811 965 sunt
1842 910 2126 966 terminos.

548 1010 890 1065 Posnilaboa
924 1007 1100 1062 Xerxe
1133 1021 1240 1060 non
1269 1004 1571 1074 oleaginum
1619 1016 1831 1055 ramum
1869 999 2123 1066 Palladis,

546 1102 639 1154 sel
674 1100 951 1169 platanum
978 1114 991 1152 :
1021 1107 1079 1151 ut
1111 1097 1218 1151 duo
1244 1095 1478 1151 Palladis
1508 1103 1707 1161 tropaea
1751 1091 1903 1158 juxta
1942 1105 2122 1144 arcem

558 2022 872 2098 Ἀπαιτήσω
902 2022 1104 2095 Ξέρξην
1142 2024 1262 2079 ἀντὶ
1312 2022 1407 2076 τοῦ
1459 2022 1653 2077 θαλλοῦ
1685 2025 1783 2093 τῆς
1818 2021 2049 2092 Ἀθηνᾶς
2085 2020 2187 2093 τὴν
2218 2022 2511 2087 πλάτανον,
2553 2025 2643 2078 ἵνα
2674 2022 2767 2077 δύο
2796 2024 3058 2096 βλέπηται
3080 2026 3176 2097 τῆς
3217 2026 3340 2080 θεοῦ
3368 2025 3511 2081 κατὰ
3532 2026 3635 2098 τὴν
3663 2028 3829 2097 ἀκρό-

548 2118 702 2174 πολιν
724 2118 984 2189 τρόπαια,
1022 2116 1162 2169 κατά
1194 2117 1290 2187 μὲν
1312 2115 1646 2179 Ποσειδῶνος
1674 2115 1703 2168 ὁ
1740 2115 1954 2181 θαλλὸς,
1988 2115 2131 2169 κατὰ
2166 2116 2223 2170 δὲ
2248 2117 2356 2171 τῶν
2390 2118 2683 2190 βαρϐάρων
2709 2121 2741 2189 ἡ
2775 2119 3067 2185 πλάτανος.

762 2210 847 2265 Ea;
878 2209 1131 2263 Oratione
1170 2208 1416 2263 militari.
1448 2239 1520 2248 —
1552 2206 1897 2267 Prowmium.

621 2303 738 2359 Non
768 2302 1032 2371 astipulor
1064 2302 1150 2366 iis,
1178 2301 1268 2371 qui
1299 2316 1509 2362 eorum,
1551 2300 1641 2370 qui
1684 2300 2001 2357 memoriter
2044 2316 2134 2357 so-

552 2398 663 2451 lent
711 2395 917 2457 dicere,
952 2393 1123 2463 legem
1172 2392 1598 2462 reprehendunt,
1646 2407 1835 2445 verum
1886 2391 2135 2448 laudato-

556 2487 709 2541 ribus
742 2482 1037 2541 assenliar.
1074 2483 1382 2537 Absurdum
1414 2482 1558 2536 enim
1592 2489 1675 2556 est
1711 2495 1833 2536 cum
1863 2497 1893 2536 a
1926 2496 2136 2537 memo-

556 2578 634 2633 ria
666 2576 877 2631 dicendi
910 2574 1210 2630 subsidium
1243 2582 1431 2644 petant
1463 2582 1733 2639 oratores,
1765 2583 1955 2629 contra
1989 2589 2137 2629 eam-

553 2673 676 2726 dem
714 2672 921 2725 dicere.
956 2668 1261 2739 Legislator
1297 2668 1440 2723 enim
1478 2679 1680 2723 metum
1712 2670 1902 2725 mortis
1935 2671 2137 2725 oratio.

555 2763 639 2818 nis
672 2762 935 2831 dignitate
978 2761 1245 2823 eximens,
1279 2759 1561 2814 audaciam
1593 2768 1868 2813 strenuam
1901 2759 1954 2813 in
1987 2760 2135 2829 peri-

553 2853 716 2916 culis,
740 2852 997 2906 omnibus
1028 2849 1231 2917 injecit.
1262 2849 1463 2905 Laudis
1498 2865 1744 2915 causam,
1774 2865 1888 2905 mea
1920 2851 2136 2919 quidem

553 2946 847 3011 sententia,
892 2960 1084 2999 omnes
1141 2958 1484 2999 communem
1536 2942 1739 2997 habent
1778 2959 1791 2995 :
1841 2953 1897 2997 at
1943 2944 2137 2999 horum

554 3039 793 3093 virorum
824 3051 933 3106 prae
958 3036 1171 3091 cmteris
1207 3036 1405 3090 eximia
1437 3042 1541 3089 est.
1574 3033 1802 3101 Quidam
1834 3035 1980 3089 enim
2012 3036 2137 3091 dum

554 3131 690 3186 alios
735 3130 955 3185 laudare
998 3136 1285 3193 conantur,
1323 3137 1381 3183 ut
1427 3143 1595 3198 genus
1642 3143 1705 3183 ac
1747 3128 1970 3198 stirpem
2003 3144 2140 3197 pra:-

555 3223 757 3285 dicent.
791 3222 856 3275 ad
890 3219 1153 3287 majorum
1184 3220 1429 3275 eucomia
1461 3220 1763 3274 orationem
1793 3227 2136 3286 convertunt,

556 3323 651 3369 aut
678 3314 908 3383 patriam
946 3313 1087 3368 unde
1120 3311 1351 3380 majores
1380 3311 1729 3367 exstiterunt.
1762 3310 1961 3368 Omnes
1994 3313 2138 3368 enim

555 3408 646 3477 qui
672 3408 982 3472 laudantur,
1009 3405 1183 3460 exteri
1210 3404 1323 3460 fere
1352 3403 1595 3459 luerunt.
1621 3407 1725 3461 Sed
1749 3407 2018 3463 adversus
2043 3407 2141 3463 hos

556 3501 673 3555 hinc
695 3500 776 3554 lex
816 3514 919 3554 non
940 3499 1089 3565 vicit,
1119 3497 1213 3553 sed
1237 3497 1395 3551 simul
1422 3499 1782 3555 Athenienses
1818 3501 2139 3556 nominave-

557 3601 662 3658 rat,
691 3603 745 3646 et
765 3592 866 3647 hac
886 3590 1247 3662 appellatione
1269 3589 1512 3645 ostendis
1532 3590 1816 3663 indigenas
1833 3592 2142 3648 esse.Vire-
2168 3569 2215 3632 (ἶ

556 3685 686 3739 bant
709 3684 825 3738 sine
846 3683 1033 3749 armis,
1070 3682 1174 3736 tela
1197 3696 1301 3735 non
1329 3682 1718 3751 producebant,
1747 3686 1904 3753 equis
1930 3685 2009 3738 uti
2033 3701 2138 3741 non

556 3768 874 3833 didicerant.
902 3774 1031 3829 Usui
1062 3786 1236 3829 tamen
1264 3788 1382 3829 esse
1409 3774 1592 3829 docuit
1614 3788 1783 3843 equos
1815 3773 1864 3827 in
1888 3776 2143 3829 certami-

558 3866 716 3921 nith
763 3879 825 3918 ac
864 3863 1081 3933 praeliis.
1117 3863 1174 3917 ln
1211 3863 1599 3918 certaminibus
1628 3878 1781 3918 ramo
1821 3873 1875 3919 et
1900 3864 2142 3935 germine

556 3957 803 4028 oleagino
865 3957 1147 4011 victoriam
1198 3956 1608 4012 denuntiabant.
1652 3956 1785 4011 Cum
1826 3972 1977 4011 ramo
2011 3957 2143 4014 oleae

558 4046 699 4111 dico,
742 4048 897 4101 deam
934 4046 1130 4101 indico.
1157 4046 1269 4101 lloc
1303 4047 1445 4102 enim
1477 4045 1713 4102 Palladis
1749 4047 1958 4118 insigne
1995 4050 2143 4104 exis-

454 4176 455 4179 η
555 4141 709 4193 timo.
736 4137 847 4194 Nec
879 4154 1007 4193 vero
1028 4139 1078 4192 id
1111 4139 1251 4209 quod
1282 4138 1583 4206 huiusmodi
1607 4138 1730 4208 quis
1757 4140 1975 4204 dixerit,
2006 4138 2142 4193 diﬂi-

556 4232 659 4288 cile
686 4242 769 4287 est
791 4232 856 4285 ad
882 4229 1261 4285 inveniendum
1296 4248 1309 4283 :
1348 4229 1536 4305 saltem
1564 4241 1623 4283 ut
1644 4231 1758 4283 haec
1787 4244 1892 4283 non
1921 4228 2141 4282 imitans

560 4323 745 4393 procul
780 4322 848 4377 ab
885 4323 951 4377 iis
987 4322 1151 4377 rebus
1204 4322 1296 4387 sit,
1346 4337 1480 4391 quas
1527 4321 1746 4391 quidem
1799 4320 1995 4390 partim
2045 4335 2142 4391 pro

560 4417 780 4471 civitate
826 4415 1060 4483 majores
1108 4415 1219 4470 illic
1260 4412 1585 4482 jacentium,
1627 4415 1823 4484 partim
1871 4430 1999 4469 vero
2044 4430 2141 4483 pro

560 4511 814 4565 universa
866 4508 1077 4565 Grrecia
1132 4508 1224 4561 lllii
1282 4516 1539 4576 parentes
1597 4522 1724 4562 suos
1775 4507 1991 4572 imitati,
2046 4522 2142 4576 per

559 4619 775 4658 omnem
800 4612 1016 4657 mtatem
1048 4610 1103 4656 et
1131 4600 1531 4656 successionem
1562 4603 1737 4669 gentis
1770 4598 2139 4654 fortitudinem

562 4696 900 4765 proferentes
924 4701 1314 4762 susceperunt.
1351 4690 1758 4745 lleraclidarum
1796 4705 1924 4745 vero
1953 4702 2141 4761 poten-

564 4789 694 4842 tiam
751 4786 1133 4849 admittentes,
1184 4784 1407 4838 alterius
1460 4784 1675 4854 quidem
1721 4782 1947 4853 injurias
1989 4801 2140 4840 com—

562 4886 917 4946 pvseuerunt,
966 4876 1070 4930 sibi
1116 4889 1245 4929 vero
1296 4874 1574 4929 fortunent
1629 4883 1928 4939 mutantes,
1980 4875 2141 4930 totius

2169 2222 2211 2276 Β
2244 2209 2407 2283 [1105
2438 2210 2529 2284 3.]
2564 2213 2667 2266 Ἐκ
2686 2212 2789 2267 τοῦ
2808 2212 3281 2283 πολεμαρχικοῦ.
3304 2244 3373 2255 -
3397 2214 3466 2268 Τὸ
3482 2214 3816 2284 προοίμιον.

2306 2303 2380 2357 Οὑ
2402 2306 2516 2368 τοῖς
2541 2304 2771 2374 ψέγουσι
2804 2304 2895 2359 τὸν
2918 2306 3083 2375 νόμον
3112 2304 3223 2358 τῶν
3250 2304 3345 2358 ἐπὶ
3380 2304 3477 2359 τοῦ
3539 2306 3822 2377 μνήματος

2237 2397 2503 2451 εἰωθότων
2548 2397 2754 2466 λέγειν,
2787 2398 2925 2452 ἀλλὰ
2959 2400 3093 2461 τοῖςι
3123 2397 3408 2451 ἐπαινοῦσι
3463 2399 3819 2469 συνθήσομαι.

2239 2486 2349 2540 Καὶ
2376 2485 2485 2557 γάρ
2517 2487 2718 2542 ἄτοπον
2744 2487 2845 2555 τὴν
2877 2486 2971 2541 τοῦ
3001 2487 3182 2555 λέγειν
3236 2487 3490 2549 ἐξουσίαν
3542 2488 3674 2558 παρ’
3727 2490 3816 2541 αὑ-

2238 2577 2333 2630 τοῦ
2365 2578 2653 2643 λαὸόιτας,
2717 2578 2838 2632 κατ’
2878 2577 3079 2633 αὑτοῦ⁸
3143 2582 3209 2650 τῇ
3247 2578 3445 2652 [παρὰ]
3500 2579 3596 2634 τοῦ
3651 2580 3819 2648 λέγειν

2240 2668 2458 2740 ἐξουσίᾳ⁸
2494 2671 2751 2741 χρῆσθαι.
2782 2670 2887 2725 Τὸν
2919 2673 3029 2743 γάρ
3077 2671 3142 2725 ἐκ
3175 2670 3269 2725 τοῦ
3301 2671 3535 2726 θανάτου
3584 2672 3745 2741 φόϐον
3791 2673 3817 2725 ό

2240 2761 2536 2831 νομοθέτης
2560 2764 2623 2833 τῇ
2655 2762 2809 2834 παρά
2839 2762 2933 2816 τοῦ
2964 2761 3123 2832 λόγου
3152 2766 3284 2834 τιμῇ
3306 2764 3814 2835 παραμυθούμενος,

2241 2856 2434 2909 ἄοκνον
2464 2858 2596 2909 πᾶσι
2623 2855 2721 2927 τὴν
2744 2857 2949 2929 τόλμαν
2969 2857 3066 2928 τὴν
3094 2857 3233 2928 ὑπὲρ
3260 2856 3369 2909 τῶν
3389 2856 3657 2910 κινδύνων
3688 2858 3814 2910 καθ-

2247 2946 2476 3017 ίστησιν.
2517 2948 2584 3000 ’11
2617 2947 2673 2999 δὲ
2700 2948 2810 3000 τῶν
2859 2948 3152 3018 ἐγκωμίων
3181 2947 3323 3017 ἀρχὴ
3358 2946 3435 3018 τῷ
3477 2947 3577 3016 μὲν
3599 2947 3621 2977 ⁹
3644 2947 3814 2999 δοκεῖν

2245 3038 2397 3108 κοινὴ
2428 3038 2563 3109 πρὸς
2602 3040 2850 3101 ἅπαντας
2881 3040 2946 3104 ¹⁹,
2978 3039 3039 3092 τὸ
3094 3038 3139 3092 δ’
3196 3038 3393 3110 ἀληθὲς
3463 3037 3576 3091 τῶν
3620 3037 3820 3107 ἀνδρῶν

2243 3131 2447 3184 τούτων
2472 3130 2772 3203 ἐξαίρετος.
2810 3132 2874 3185 Ui.
2902 3131 3000 3202 μὲν
3030 3131 3136 3204 γὰρ
3168 3132 3292 3195 τοὺς
3335 3129 3531 3193 ἄλλους
3587 3130 3823 3184 ἐπαινεῖν

2246 3222 2664 3287 σπουδάζοντες,
2698 3223 2787 3277 ἵνα
2834 3225 2894 3277 τὸ
2942 3224 3096 3293 γένος
3141 3224 3479 3296 ὑμνήσωσιν,
3504 3223 3584 3288 είς
3632 3223 3825 3293 προγό-

2244 3332 2351 3370 νων
2384 3314 2538 3379 ma;
2567 3315 2845 3386 εὐφημίας
2871 3315 2972 3386 τὴν
2999 3314 3095 3368 τοῦ
3124 3315 3305 3384 λέγειν
3358 3314 3522 3385 φύσιν
3561 3313 3824 3368 ἀναδιδά-

2246 3410 2454 3475 ζουσιν,
2484 3410 2517 3481 ἢ
2548 3408 2645 3480 τὴν
2695 3410 2799 3479 γῆν
2844 3408 2965 3462 ὅθεν
2995 3409 3045 3460 οἱ
3069 3408 3324 3479 πρόγονοι
3354 3406 3463 3461 τῶν
3500 3405 3829 3476 ἐπαινουμέ-

2246 3520 2352 3555 νων
2380 3503 2646 3571 ἐγένοντο.
2681 3500 2886 3563 Πάντες
2908 3500 3016 3573 γάρ
3063 3499 3324 3563 ἐπιεικῶς
3357 3500 3407 3552 οἱ
3442 3499 3703 3569 πρόγονοι
3724 3496 3828 3550 τῶν

2248 3592 2524 3664 πανταχοῦ
2551 3592 2981 3664 θαυμαζομένων
3004 3592 3289 3664 ἐπήλυδες.
3323 3592 3396 3645 Οὑ
3427 3591 3538 3662 μὴν
3571 3591 3668 3644 καὶ
3696 3589 3832 3643 κατά

2248 3684 2454 3737 τούτων
2474 3685 2503 3736 ό
2531 3683 2695 3754 νόμος
2730 3678 2886 3746 οὗτος
2915 3684 3223 3755 νενίκηκεν,
3251 3682 3366 3737 ἀλλ’
3405 3681 3542 3753 ὁμοῦ
3573 3699 3635 3735 τε
3670 3681 3829 3751 Ἀθη-

2250 3775 2432 3836 ναίους
2466 3774 2718 3843 εἴρηκας,
2765 3774 2860 3827 καὶ
2916 3772 3057 3844 μετὰ
3118 3773 3220 3843 τῆς
3278 3770 3598 3840 ἐπωνυμίας
3653 3770 3830 3841 δηλοῖς

2248 3868 2374 3931 τοὺς
2402 3866 2752 3935 αὐτόχθονας.
2794 3867 3026 3930 Ἀοπλος
3052 3861 3122 3936 ἦν
3159 3868 3187 3919 ὁ
3218 3864 3331 3936 βίος
3357 3882 3372 3899 ο
3408 3865 3550 3918 ὅπλα
3578 3864 3692 3918 τῶν
3723 3880 3834 3917 κινο

2249 3959 2576 4013 δυνευόντων
2598 3957 2935 4030 προύϐάλετο
2963 3959 3027 4011 “.
3068 3958 3286 4011 Ἵππων
3328 3957 3528 4029 χρῆσιν
3567 3956 3670 4009 οὑκ
3704 3955 3829 4025 ηπί-

2253 4069 2416 4106 στατο
2447 4068 2460 4081 ·
2493 4053 2707 4124 μερίζει
2762 4050 2956 4124 πρώτη
3008 4052 3143 4123 πρὸς
3191 4051 3386 4111 ἄθλους
3435 4051 3532 4103 καὶ
3588 4050 3823 4120 πολέμου

2250 4143 2441 4215 χρείαν
2471 4143 2569 4212 τὴν
2599 4144 2783 4211 ἱζππων
2800 4142 3032 4212 γένεσιν.
3071 4141 3373 4212 Κριθείσης
3390 4140 3446 4194 δέ
3471 4140 3574 4210 τῆς
3600 4140 3827 4211 ἁμίλλης

2250 4234 2431 4305 θαλλῷ
2460 4252 2517 4289 τε
2541 4234 2583 4265 ¹²
2612 4233 2708 4288 καλ¹
2730 4232 2956 4303 κύματι,
2999 4232 3077 4304 τῷ
3106 4231 3283 4302 θαλλῷ
3306 4231 3406 4302 τὴν
3429 4231 3615 4301 ψῆφον
3666 4232 3831 4285 τίθεν-

2248 4346 2357 4382 ται.
2389 4326 2479 4399 Τῷ
2504 4325 2681 4397 θαλλῷ
2714 4325 2758 4379 δ’
2786 4326 2916 4380 ὅταν
2950 4324 3090 4379 εἴπω
3112 4365 3126 4389 ,
3157 4327 3223 4395 τῇ
3257 4322 3427 4393 0εῷ¹³
3455 4323 3639 4391 λέγωο
3679 4322 3831 4392 Ἀθη-

2249 4421 2347 4482 νᾶς
2377 4417 2508 4485 γὰρ,
2536 4410 2713 4487 οἶμαι,
2748 4414 2811 4467 τὸ
2842 4411 3151 4484 γνώρισμα.
3175 4411 3339 4465 Ἀλλά
3367 4411 3475 4482 γὰρ
3502 4412 3601 4480 οὑχ
3624 4411 3653 4464 ὃ
3678 4428 3730 4463 τι
3756 4426 3831 4471 τις

2248 4507 2488 4560 τοιοῦτον
2512 4503 2709 4575 aia-tn“
2736 4501 2974 4574 χαλεπὸν
3019 4502 3222 4573 εὑρεῖν,
3274 4500 3387 4554 ἀλλ’
3428 4496 3577 4572 [οὖν]
3603 4501 3647 4532 ¹⁸
3691 4500 3831 4561 ὅπως

2253 4601 2327 4671 μὴ
2344 4597 2556 4661 τούτοις
2588 4596 2854 4667 ἑπόμενος
2895 4596 3085 4667 πόρρω
3138 4593 3245 4646 τῶν
3281 4593 3535 4663 πράξεων
3586 4594 3829 4664 γένηται,

2248 4691 2313 4747 ἃς
2342 4688 2499 4742 τοῦτο
2529 4690 2627 4760 μὲν
2663 4688 2804 4758 ὑπὲρ
2827 4690 2924 4758 τῆς
2975 4685 3186 4750 πόλεως
3219 4688 3267 4740 οἱ
3326 4686 3434 4739 τῶν
3478 4687 3608 4757 τῇδε
3644 4686 3829 4755 κειμέ-

2252 4802 2358 4838 νων
2387 4782 2668 4854 πρόγονοι,
2698 4781 2857 4835 τοῦτο
2885 4780 2943 4833 δὲ
2997 4780 3140 4851 ὑπὲρ
3188 4778 3287 4847 τῆς
3337 4778 3463 4849 ὅλης
3502 4778 3545 4809 ¹⁶
3589 4778 3831 4839 Ἑλλάδος

2250 4878 2472 4947 ἤραντο,
2507 4876 2696 4939 παῖδες
2731 4874 2973 4947 πατέρας
3013 4872 3363 4944 μιμούμενοι,
3393 4871 3489 4925 καὶ
3529 4870 3622 4923 διὰ
3658 4869 3832 4937 πάσης

564 4969 917 5039 Peloponnesi
962 4983 1118 5039 reges
1161 4981 1257 5035 pro
1301 4965 1579 5027 exsulibus
1630 4965 1894 5022 fecerunt.
1938 4966 2140 5024 invidia

2249 4968 2468 5039 ἡλικίας
2490 4985 2549 5020 τε
2582 4967 2714 5039 ὁμοῦ
2734 4967 2830 5021 καὶ
2857 4966 3110 5036 διαδοχῆς
3163 4964 3258 5017 τοῦ
3283 4965 3476 5032 γένους
3508 4963 3612 5033 τὴν
3670 4961 3830 5031 εὑψυ-

563 5072 741 5115 autem
775 5071 901 5117 tunc
932 5060 1191 5130 temporis
1237 5060 1290 5113 in
1322 5058 1461 5114 hanc
1492 5058 1687 5114 urbem
1727 5060 1826 5114 tria
1861 5060 1998 5116 bella
2044 5060 2140 5119 Do-

2244 5062 2368 5132 χῗαν
2396 5060 2879 5124 καταϐιϐάζοντες.
2927 5056 3288 5126 ’11ρακλείδας
3340 5056 3397 5109 δὲ
3446 5054 3830 5124 ὑποδεξάμενοι

566 5154 737 5208 ticum
783 5154 963 5220 simul,
994 5164 1046 5207 et
1085 5151 1383 5207 Bmoticum
1434 5162 1490 5207 et
1538 5152 1761 5223 insuper
1792 5152 2140 5211 Chalcidense

2245 5156 2335 5208 τὸν
2370 5154 2470 5223 μὲν
2504 5151 2794 5223 ὑϐρίζοντα
2824 5151 2923 5221 τῆς
2957 5149 3311 5221 παρανομίας
3346 5138 3621 5211 ἔπαυσαν,
3650 5146 3826 5205 αὑτοῖς

564 5246 931 5302 concitarunt.
960 5244 1159 5316 364a
1192 5245 1310 5311 Qua
1340 5243 1503 5314 igitur
1531 5244 1747 5299 ratione
1777 5242 1861 5299 his
1897 5246 2140 5300 onmibns

2247 5247 2435 5318 δὲτὴν
2498 5246 2670 5317 τύχην
2736 5244 3071 5315 ἀμείψαντες
3118 5241 3376 5311 βασιλέας
3421 5239 3827 5308 Πελοποννήσου

565 5337 697 5392 urbs
726 5337 964 5392 restitit?
993 5337 1322 5391 Ceciderunt
1349 5335 1541 5401 Boeoti,
1570 5335 1739 5391 Dores
1767 5336 1965 5391 servati
1995 5320 2140 5405 quie-

2249 5340 2432 5409 πάσης
2462 5338 2585 5392 ἀντὶ
2603 5337 2858 5407 φυγάδων
2876 5336 2914 5367 ¹⁷
2952 5336 3302 5406 εἰργάσαντο.
3356 5332 3613 5401 Ἐκίνησε
3641 5331 3825 5400 φθόνος

565 5438 797 5494 verunt;
848 5427 1237 5483 Chalcidenses
1291 5441 1480 5481 omnes
1537 5425 1752 5481 abducti
1813 5437 1957 5481 sunt.
2017 5426 2143 5481 Tria

569 5535 698 5579 vero
754 5532 884 5578 tunc
941 5520 1062 5575 tixit
1114 5528 1350 5589 tropaza,
1396 5519 1490 5574 sed
1540 5517 1806 5574 illustrior
1851 5527 1937 5573 est
1983 5531 2144 5587 quam

2256 5429 2656 5504 [59211.]ποτέ
2682 5427 2822 5482 κατὰ
2873 5428 2971 5498 τῆς
3006 5427 3214 5489 πόλεως
3262 5423 3505 5495 Δωρικὸν
3538 5422 3674 5492 όμοῦ
3734 5420 3823 5473 καὶ

2253 5521 2511 5576 Βοιώτιον
2547 5523 2641 5576 καὶ
2672 5519 2898 5593 προσέτι
2948 5518 3259 5572 Χαλκιδέων
3301 5515 3412 5569 τῶν
3462 5514 3558 5568 ἀπ’
3610 5512 3827 5574 Εὐϐοίας

1884 5676 2112 5734 VARIAE
2146 5678 2560 5737 LECTIONES.

643 5803 807 5877 ⁸ἐμὴ]
825 5801 1113 5877 Ἑλληνικῇ
1137 5798 1559 5877 Wernsdorﬁus:
1606 5809 1650 5877 _7
1676 5797 1919 5877 πλώίμος
1945 5818 2005 5877 ς.
2069 5800 2091 5832 ⁸
2114 5798 2445 5877 καθ’έ-αυτνιῦ
2466 5798 2603 5877 C.__’
2636 5798 2734 5877 μὲν
2763 5813 2847 5851 om
2859 5839 2880 5877 ._
2892 5794 2988 5877 _B._
3006 5874 3017 5877 Α
3109 5794 3254 5848 ἅπαν
3283 5794 3385 5877 8.“
3406 5789 3825 5877 ίῖςτροὺὅοὶὶλεξο

576 5868 729 5932 ABG:
774 5868 845 5910 ”¹¹
869 5873 950 5947 τε]
972 5868 1031 5927 τε
1060 5868 1243 5934 ἐλαίας
1266 5872 1325 5927 (3.
1380 5871 1421 5904 ³³
1446 5874 1508 5942 τῇ
1534 5868 1641 5941 θεῷ
1670 5870 1711 5925 Α
1738 5871 1866 5942 ιτὴν
1899 5871 2017 5926 θεὸν
2046 5889 2101 5934 ς.
2169 5872 2207 5903 ⁸³

2232 5872 2372 5925 εἴποι
2410 5869 2466 5924 Ii.
2533 5869 2575 5901 ⁸⁵
2602 5858 2693 5923 οῦν
2725 5885 2829 5922 om.
2864 5870 2925 5923 (Σ.
2977 5870 3019 5904 ’δ
3043 5866 3168 5936 ὅλης
3202 5881 3311 5921 om.
3346 5863 3407 5920 C.
3438 5865 3481 5897 ⁸⁷
3514 5858 3750 5933 ἓρυγάδος
3767 5858 3817 5909 Β.
