4104 6430
390 400 522 466 1341

1382 408 1903 475 BIBLIOTHECA.
1937 437 2008 449 --
2045 414 2208 477 COD.
2238 415 2544 477 CCXLIII.

3504 408 3642 477 1342

367 514 434 565 ἐκ
453 511 639 583 τρίτου
672 513 931 585 πόλεμον.
971 516 1095 578 Πῶς
1123 513 1217 572 οὖν
1248 517 1421 575 ἆπασι
1451 522 1664 586 τούτοις
1733 525 1766 594 ή
1802 524 1951 588 πόλις

2062 524 2286 581 victoria
2323 526 2602 582 celeritas.
2638 524 2760 582 Uno
2790 524 2877 580 die
2918 524 3135 580 Euboeis
3176 533 3232 579 et
3279 522 3482 578 Bmotis
3527 533 3643 577 tro-

369 604 601 676 ἀντέστη
630 621 645 670 ;
679 604 908 659 ἔπιπτον
952 609 1198 674 Βοιωτοὶ,
1242 611 1470 681 Δωριεῖς
1492 615 1722 683 ἠγάπων
1782 614 1955 680 σωζό-

373 713 547 765 μενοι,
582 697 874 760 Χαλκιδεῖς
911 698 1149 763 άπαντες
1181 702 1395 772 ἤγοντο,
1431 706 1556 774 τρία
1604 706 1659 759 δὲ
1713 708 1958 776 εἱστήκει

369 786 627 856 τρόπαια.
660 788 781 842 Τῶν
803 789 858 843 δὲ
883 792 1158 859 τροπαίων
1187 792 1247 845 τὸ
1276 794 1438 864 τάχος
1478 796 1597 848 ἐστὶ
1638 797 1956 868 λαμπρότε-

375 893 466 945 ρον
485 891 499 906 ⁸
537 878 599 931 τὸ
632 880 742 947 γὰρ
766 880 887 934 κατ’
920 881 1147 946 Εὐϐοίας
1168 883 1261 936 καὶ
1288 884 1538 938 Βοιωτῶν
1563 888 1691 956 μιᾶς
1719 883 1787 958 ἦν
1822 889 1958 959 ἠμέ-

375 986 478 1039 ρας
532 970 594 1024 te
653 974 1084 1045 συναμφότερον.
1154 975 1313 1029 Ἀλλά
1366 977 1476 1048 γὰρ
1528 978 1682 1033 ἔοικα
1730 984 1863 1035 πᾶσι
1896 981 1956 1035 τὸ

374 1061 540 1132 μέρος
567 1063 875 1118 ἀποδιδόναι
937 1067 1036 1137 τῆς
1090 1068 1366 1140 εὐφημίας
1422 1070 1742 1143 βουλόμενος
1776 1075 1887 1138 τοῖς
1913 1075 1956 1108 ¹⁸

371 1152 484 1205 ἄνω
514 1154 725 1246 χρόνοις
762 1156 902 1228 ὑπὲρ
936 1159 1028 1227 τῆς
1059 1160 1321 1232 πατρίδος
1361 1163 1457 1215 καὶ
1488 1164 1687 1229 παντὸς
1709 1165 1956 1246 ζτοῦαγέ-

372 1258 497 1306 νους
528 1244 670 1298 κατὰ
710 1246 808 1310 τὰς
841 1250 1022 1319 μάχας
1070 1252 1451 1322 πρωτεύσασιν
1477 1255 1545 1321 ¹⁹,
1580 1254 1706 1309 οὔτε
1742 1244 1954 1321 τούτοις

370 1333 469 1404 τὴν
491 1335 647 1399 ἀξίαν
676 1343 861 1409 τηρεῖν
893 1343 969 1411 τῷ
997 1342 1057 1395 τὸ
1090 1343 1319 1413 μέγεθος
1337 1345 1449 1398 τῶν
1472 1348 1722 1418 πράξεων
1755 1351 1813 1403 ἐν
1868 1349 1948 1421 τῷ

371 1425 480 1479 τῶν
505 1427 679 1495 λόγων
706 1431 860 1500 τάχει
885 1432 1353 1504 συγκρύπτεσθαι,
1399 1438 1493 1491 καὶ⁵
1542 1440 1707 1509 μήπω
1739 1440 1948 1495 τούτων

371 1520 807 1589 προσάπτεσθαι,
839 1518 915 1578 ὧν
946 1527 1104 1597 ἡτῶν
1132 1529 1500 1599 ἀκροωμένων
1522 1533 1822 1602 προσδοκία
1853 1535 1949 1606 ζη-

369 1610 538 1666 τοῦσα
563 1614 730 1669 πάλαι
750 1617 845 1670 τὸν
875 1617 1100 1673 ἔπαινον
1132 1621 1420 1691 ἀσχάλλειν
1447 1622 1621 1677 ἔοικεν
1672 1626 1752 1679 ὅτι
1782 1628 1951 1698 μήπω

2059 631 2172 686 paea
2196 627 2376 673 erecta
2412 626 2560 673 sunt.
2595 617 2806 671 Etenim
2839 631 2959 671 cum
2990 616 3211 684 cupiam
3247 616 3501 671 omnibus
3530 615 3644 685 glo-

2063 708 2158 763 rize
2202 708 2437 780 aliquam
2483 718 2691 778 partem
2739 708 2806 764 iis
2856 708 3116 770 tribuere,
3148 710 3237 778 qui
3272 707 3643 778 superioribus

2060 799 2168 856 illis
2217 800 2549 872 temporibus
2588 814 2686 870 pro
2731 800 2929 869 patria,
2979 798 3233 867 omnique
3284 799 3501 869 populo,
3536 813 3641 867 pu-

2059 895 2274 963 gnando
2304 893 2505 963 primas
2550 891 2821 956 ferebant,
2854 891 3002 946 visus
3045 903 3161 943 sum
3201 904 3265 942 ne
3312 889 3393 942 his
3423 888 3640 957 quidem

2063 986 2196 1041 satis
2235 986 2448 1056 dignam
2486 986 2802 1050 contulisse,
2838 1000 3016 1040 rermu
3054 996 3329 1053 gesmrum
3372 981 3643 1051 magnitu-

2063 1077 2243 1132 dinem
2280 1078 2569 1132 verborum
2610 1078 2855 1133 exilitate
2898 1076 3213 1141 deterendo,
3245 1088 3419 1142 neque
3465 1073 3641 1127 attin-

2062 1172 2235 1241 gcudo
2262 1186 2325 1226 ea
2363 1186 2591 1240 quorum
2642 1173 2853 1226 laudem
2904 1172 3173 1226 auditores
3208 1169 3411 1239 pridem
3448 1184 3642 1237 exspe-

2062 1271 2274 1317 Ctantes
2306 1263 2573 1334 indignari
2606 1264 2874 1329 videntur,
2904 1263 3046 1332 quod
3074 1276 3259 1317 eorum
3296 1260 3387 1315 fiat
3418 1260 3641 1314 minime

2050 1353 2316 1410 desiderio
2345 1355 2498 1410 satis.
2540 1354 2664 1409 "me
2696 1355 2859 1425 igitur
2884 1355 3003 1422 jam
3049 1356 3294 1409 oratione
3330 1353 3637 1407 tractanda.

2052 1443 2383 1501 Necessitate
2440 1460 2579 1501 vero
2631 1461 2814 1516 parem
2872 1446 3104 1501 dicendo
3162 1459 3268 1499 non
3327 1458 3468 1510 esse,
3532 1458 3637 1497 non

2057 1538 2179 1593 unis
2251 1537 2526 1608 proprium
2605 1537 2851 1607 crimen,
2903 1539 2998 1594 sed
3056 1551 3343 1595 commune
3398 1535 3641 1591 omnium

2060 1628 2242 1687 fuerit.

367 1706 468 1776 τῆς
510 1707 803 1779 ἐπιθυμίας
835 1711 1196 1781 ἐμπίπλαται.
1250 1715 1461 1770 Οὐκοῦν
1514 1717 1607 1771 ἐπὶ
1633 1718 1804 1773 ταῦτα
1852 1720 1952 1792 ἤδη
1996 1720 2133 1775 ἰτέον
2167 1722 2427 1795 τῷλόγῳ.
2466 1724 2539 1777 Τὸ
2567 1724 2624 1778 δὲ
2657 1722 2717 1790 ἐξ
2743 1721 2991 1793 ἀνάγκης
3046 1720 3442 1776 ἀπολείπεσθαι
3510 1720 3640 1793 μέλ-

367 1798 480 1853 λε.ν
509 1800 619 1854 τῶν
655 1802 928 1871 πράξεων,
958 1806 1039 1857 ὅτι
1081 1806 1258 1861 κοινὸν
1294 1808 1572 1873 ἁπάντων,
1633 1810 1847 1875 οὐδενὸς
1890 1811 1956 1865 ἂν
1990 1811 2078 1883 εἴη
2107 1813 2313 1868 δίκαιον
2343 1814 2617 1887 ἔγκλημα.

439 1893 647 1965 Πέρσαι
712 1894 913 1965 κλῆρον
966 1896 1064 1969 ἕνα
1103 1898 1203 1969 τὴν
1250 1899 1340 1970 ὑφ’
1375 1901 1512 1972 ἡλίῳ
1557 1904 1739 1957 πᾶσαν
1771 1903 1945 1971 δεῖξαι

2124 1905 2302 1963 Persae
2335 1918 2503 1962 totum
2537 1917 2803 1961 terrarum
2837 1904 3024 1961 orbem
3065 1919 3172 1960 uno
3200 1918 3367 1975 regno
3396 1903 3639 1959 volentes

365 1988 479 2049 τοῖς
502 1986 685 2050 ὅπλοις
716 1986 1049 2058 βουλόμενοι,
1084 1991 1266 2061 μικρῷ
1310 1993 1466 2065 μέρει
1511 1994 1591 2065 τῷ
1619 1996 1756 2067 πρὸς
1785 1998 1950 2050 ἐσπέοο

370 2095 470 2148 ραν
522 2078 810 2149 πληρῶσαι
859 2080 956 2150 τὴν
986 2081 1287 2152 ἐπιθυμίαν
1332 2083 1681 2154 άπείργοντο.
1760 2087 1851 2151 Ὠς
1905 2088 1949 2141 δ’

366 2171 527 2235 ἀφεὶς
554 2169 649 2223 ἀπ’
673 2170 718 2201 ²⁰
752 2171 956 2235 Ἰωνίας
977 2175 1005 2225 ό
1033 2173 1239 2239 στόλος,
1277 2177 1373 2231 καὶ
1405 2177 1571 2231 πάλιν
1617 2179 1947 2251 ἀποκρύψας

366 2259 566 2331 πλήθει
600 2260 738 2316 νεῶν
756 2264 817 2316 τδ
867 2265 1216 2336 φαινόμενον,
1270 2268 1401 2339 περὶ
1442 2268 1543 2333 τὰς
1602 2271 1800 2341 νήσους
1851 2272 1951 2336 τὰς

365 2350 488 2405 κατ’
519 2352 742 2422 Αἰγαῖον
763 2354 1031 2426 ισχίζετο,
1078 2357 1241 2430 [1108
1287 2359 1380 2432 8.]
1425 2360 1526 2432 τὴν
1582 2360 1682 2432 μὲν
1734 2362 1951 2430 Ναξίων

365 2444 522 2497 πόλιν
548 2445 685 2515 πρὸς
713 2447 810 2517 τὴν
853 2448 1121 2503 θάλατταν
1152 2451 1313 2515 εὐθὺς
1346 2453 1650 2522 μερίζεται,
1712 2458 1778 2526 τῇ
1841 2457 1941 2527 μὲν

366 2534 526 2604 ἀφεὶς
546 2538 589 2567 ’⁸
622 2537 761 2608 μετὰ
786 2538 883 2608 τῆς
908 2541 1227 2612 ἐπωνυμίας
1252 2542 1539 2614 τοῦδαφος,
1575 2546 1739 2611 αὐτὸς
1768 2547 1827 2601 δὲ
1881 2548 1943 2601 τὸ

365 2627 522 2693 γένος
548 2629 628 2693 είς
649 2630 748 2693 τὰς
773 2632 1019 2703 τριήρεις
1048 2634 1336 2705 ἐνθέμενος
1361 2652 1375 2667 ο
1414 2637 1507 2691 τδν
1526 2638 1583 2692 δὲ
1626 2639 1948 2712 Ἐρετριέων

365 2717 536 2788 δῆμον
555 2720 735 2773 ὃπλων
761 2722 861 2793 μὲν
887 2723 988 2778 οὐκ
1021 2724 1282 2794 ἠξίωσαν,
1350 2726 1612 2782 ἐλάττονα
1668 2728 1942 2800 Περσικοῦ

367 2809 603 2881 πολέμου
631 2813 730 2883 τὴν
756 2813 926 2887 τύχην
961 2816 1141 2869 αὐτῶν
1163 2816 1507 2886 νομίσαντες,
1540 2821 1686 2891 χειρὶ
1710 2822 1766 2875 δὲ
1793 2824 1952 2892 χεῖρα

368 2903 569 2967 πάντες
592 2905 840 2975 ἀλλήλων
896 2909 1215 2979 συνέχοντες
1277 2912 1575 2981 σαγηνείας
1626 2913 1812 2968 εἰκόνα
1849 2915 1949 2987 τὴν

380 2996 703 3068 Ἐρετριέων
727 2999 937 3068 ἔδειξαν
964 3002 1251 3073 πόρθησιν.
1304 3003 1457 3058 Ἐπεὶ
1514 3004 1573 3058 δέ
1605 3006 1701 3059 καὶ¹
1753 3008 1950 3079 Μαρα-

367 3090 538 3156 θῶνος
574 3094 803 3164 ἥψαντο,
834 3096 905 3149 τὰ
938 3096 1036 3167 μὲν
1063 3097 1172 3151 τῶν
1194 3098 1427 3153 ἐλπίδων
1445 3099 1735 3170 ἠφάνιστο,
1778 3100 1952 3170 ἐγνώ-

370 3202 527 3255 ρισαν
559 3186 615 3240 δέ
637 3188 816 3252 καλῶς
841 3188 930 3243 διὰ
955 3190 1055 3259 τῆς
1079 3190 1279 3261 πείρας
1306 3191 1571 3259 μαθόντες
1595 3192 1719 3245 ὅσον
1764 3193 1825 3245 τὸ
1856 3194 1952 3264 μέ-

367 3295 463 3342 σον,
494 3279 816 3351 Ἐρετριέων
846 3281 941 3334 καὶ
967 3281 1067 3351 τῆς
1093 3283 1369 3357 ἡμετέρας
1426 3283 1656 3347 πόλεως.
1704 3284 1839 3337 Τότε
1868 3303 1950 3350 τις
1979 3266 2022 3324 C

366 3372 459 3425 καὶ
487 3371 626 3425 κατὰ
649 3373 909 3444 τριήρους
960 3373 1089 3445 ὅλης
1120 3374 1372 3449 ναυτικὸς
1426 3373 1766 3448 στρατιώτης
1805 3377 1953 3431 ἐτόλ-

368 3480 543 3533 μησεν
573 3479 587 3492 ·
630 3464 952 3535 ἐπιδραμὼν
981 3465 1091 3535 γάρ
1119 3468 1230 3529 τοῖς
1260 3465 1553 3535 φεύγουσιν
1579 3469 1658 3531 είς
1706 3468 1805 3539 τὴν
1858 3470 1953 3523 θάε

365 3557 569 3611 λασσαν
598 3556 885 3627 Φοινίσσης
917 3557 1054 3621 νεὼς
1079 3557 1437 3628 λαμϐάνεται,
1458 3560 1743 3630 κρείττονα
1773 3560 1951 3627 δεξιὰν

367 3648 510 3720 ἔχειν
543 3650 803 3720 τριήρους
833 3650 960 3720 ὅλης
989 3651 1255 3720 οἰόμενος.
1288 3650 1574 3716 Δείσαντες
1605 3653 1821 3725 δὲὺπὲρ
1852 3656 1951 3726 τῆς

363 3739 624 3809 τριήρους
651 3739 700 3791 οἱ
736 3738 1023 3810 βάρϐαροι,
1066 3739 1140 3811 μὴ
1193 3739 1374 3805 δεξιᾶς
1431 3741 1685 3812 Ἀττικῆς
1725 3746 1949 3815 γένηται

364 3831 626 3904 λάφυρον,
666 3831 885 3885 πελέκει
917 3833 1017 3903 τὴν
1038 3835 1198 3904 χεῖρα
1231 3833 1569 3905 μερίζουσιν.
1605 3835 1664 3889 '0
1719 3837 1777 3890 δὲ
1807 3838 1949 3908 πλη-

364 3926 483 3995 γεὶς
522 3925 699 3981 ἔκειτο
751 3927 852 3998 τῆς
902 3928 1001 3999 μὲν
1040 3931 1223 3999 χειρὸς
1264 3931 1586 4001 ἀφαιρεθεὶς
1609 3934 1674 3998 ’³,
1735 3935 1835 4004 τῆς
1892 3934 1949 3987 δὲ

364 4019 626 4090 τριήρους
654 4019 935 4090 ἐχόμενος.
984 4015 1056 4075 Ὦ
1109 4021 1317 4093 πρῶτοι
1363 4024 1463 4095 τὴν
1510 4023 1737 4096 Περσῶν
1779 4025 1950 4096 τύχην

367 4112 711 4182 ἐλέγξαντεςί
748 4107 792 4167 ὧ
829 4113 1114 4185 κρείττους
1176 4116 1275 4186 τῆς
1325 4116 1677 4189 ἀνθρωπίνης
1723 4118 1940 4187 φύσεως

366 4201 522 4267 νίκας
547 4204 899 4274 νικήσαντεςῑ
932 4197 977 4257 ὦ
1005 4202 1144 4274 μετὰ
1181 4204 1537 4277 διηγημάτων
1592 4208 1877 4274 πεσόντες,
1909 4207 1947 4263 ἃ

371 4294 510 4365 μήτε
536 4294 643 4366 πρὸ
676 4294 830 4364 ὑμῶν
861 4296 998 4366 μήτε
1029 4296 1147 4366 μεθ’
1184 4296 1328 4367 ὑμᾶς
1375 4300 1403 4352 ό
1442 4299 1632 4371 χρόνος
1682 4300 1944 4372 ἧνεγκενί

370 4381 418 4441 ὦ
453 4386 780 4457 σεμνότερον
837 4390 1099 4459 τροπαίου
1138 4388 1310 4458 τάφον
1388 4392 1755 4461 κτησάμενοιί
1789 4387 1834 4445 ὦ
1887 4391 1949 4445 τὸ

367 4479 709 4549 Μαραθῶνος
775 4479 949 4551 ὄνομα
993 4482 1107 4545 τοῖς
1148 4481 1300 4548 ἡλίου
1360 4482 1581 4553 δρόμοις
1630 4482 1947 4536 συναποτεί-

364 4576 579 4635 νοντεςί
618 4573 896 4643 Μαραθῶν
928 4573 1026 4644 μὲν
1046 4574 1070 4626 ἐ
1077 4590 1161 4644 χει
1180 4574 1248 4626 τὰ
1280 4572 1528 4644 σώματα,
1547 4573 1646 4638 τὰς
1686 4574 1743 4627 δὲ
1770 4574 1948 4645 ψυχὰς

364 4666 412 4716 οἱ
447 4665 848 4735 συστρατιῶται
884 4664 1019 4730 θεοὶ,
1046 4667 1117 4736 γῆ
1143 4664 1200 4718 δὲ
1229 4665 1290 4718 τὸ
1344 4665 1501 4729 κλέος
1544 4666 1639 4718 καὶ
1686 4666 1945 4722 θάλαττα.

367 4756 723 4827 Θυμουμένου
751 4757 807 4810 δὲ
836 4756 932 4810 τοῦ
952 4756 1154 4827 Ξέρξου
1201 4757 1341 4810 κατὰ
1388 4757 1489 4825 τῆς
1542 4756 1752 4820 πόλεως
1800 4756 1954 4811 οὐδὲν

367 4848 475 4901 τῶν
505 4849 723 4902 πάντων
752 4847 1049 4919 ἡσύχαζεν,
1079 4848 1216 4903 ἀλλὰ
1264 4849 1371 4902 πᾶν
1423 4848 1572 4918 αὐτῷ
1623 4851 1954 4902 συνεκινεῖτο

369 4942 463 4995 καὶ
484 4942 808 5005 συνεσείετο,
835 4940 1089 5012 καθάπερ
1118 4942 1452 5005 Ποσειδῶνος
1477 4940 1644 4995 αὑτοῦ
1669 4942 1953 4995 τινάσσον-

368 5050 459 5095 τος
478 5033 523 5064 ⁸³
549 5034 652 5103 γῆν
678 5033 814 5102 ὁμοῦ
834 5035 1014 5087 πᾶσαν
1058 5035 1155 5087 καὶ
1186 5032 1457 5088 θάλατταν
1476 5034 1542 5089 ³⁸.
1596 5034 1670 5103 Γῆ
1697 5033 1827 5105 [595
1856 5032 1947 5106 Η.]

370 5124 430 5178 δὲ
484 5126 579 5178 καὶ
624 5125 865 5178 θάλαττα
924 5126 1025 5196 τὴν
1090 5126 1339 5196 ἀλλήλων
1392 5125 1554 5196 φύσιν
1602 5126 1947 5195 ὴλλάττοντο.

371 5218 496 5282 Τοῖς
515 5218 614 5289 μὲν
635 5218 902 5290 πορθμοῖς
928 5218 1168 5272 ἐπετίθει
1187 5217 1285 5289 τὴν
1308 5220 1555 5290 ἤπειρον,
1590 5218 1691 5281 τὰς
1723 5217 1781 5271 δὲ
1828 5219 1953 5271 Φοι-

373 5309 558 5373 νίσσας
583 5310 673 5363 διὰ
695 5310 803 5363 τῶν
833 5309 1042 5380 ἰσθμῶν
1064 5309 1332 5380 ἔπεμπεν.
1382 5309 1560 5380 Ὠρθη
1597 5310 1718 5364 τότε
1769 5308 1950 5379 πάσης

370 5401 586 5465 ἐλπίδος
620 5401 904 5474 κρείττονα
935 5401 1213 5473 θαύματα,
1245 5400 1411 5466 ἵππος
1461 5400 1584 5455 καθ’
1616 5401 1948 5473 Ἑλλησπόν-

372 5510 468 5547 του
488 5493 533 5525 ’³
555 5494 795 5566 Μηδικὴ,
828 5494 1007 5548 καὶδι’
1054 5493 1205 5547 Ἀθω
1262 5493 1429 5563 μέσου
1479 5494 1662 5556 στόλος
1711 5492 1955 5565 τριηρῶν

371 5587 749 5660 πεμπόμενος.
790 5587 1072 5660 Ἀπείχετο
1099 5587 1143 5640 δ’
1166 5589 1194 5641 ὁ
1219 5585 1425 5660 Ξέρξης
1449 5588 1568 5641 οὐδὲ
1588 5586 1819 5659 ούρανοῦ
1838 5588 1955 5650 τοῖς

2054 1996 2349 2064 includere,
2391 2013 2486 2067 spe
2532 2012 2629 2052 sua
2679 1995 2922 2050 frustrati
2971 2004 3120 2059 sunt,
3159 2010 3280 2049 cum
3335 2008 3440 2048 una
3484 2002 3639 2063 parte

2056 2088 2417 2145 Occitlentalis
2459 2089 2609 2158 regni
2641 2085 2993 2156 cupiditatem
3032 2083 3256 2155 implere
3296 2099 3403 2137 nou
3450 2092 3637 2153 potue-

2054 2182 2179 2237 riut.
2229 2180 2431 2237 Classis
2479 2182 2622 2235 enim
2667 2194 2733 2235 ex
2787 2179 2933 2235 lonia
2996 2178 3251 2244 solvens,
3332 2177 3641 2244 iterumque

2053 2270 2398 2326 multitudine
2469 2271 2686 2325 navium
2764 2284 2951 2339 aequor
3035 2278 3257 2336 tegens,
3328 2267 3640 2334 insulasque

2050 2363 2220 2433 ΑΞδωί
2265 2364 2451 2429 maris,
2485 2364 2747 2433 dissipata
2779 2372 2883 2420 est.
2918 2361 3212 2416 Naxiorum
3247 2360 3465 2430 quidem
3507 2357 3641 2412 civi-

2056 2470 2218 2514 tatem
2273 2458 2339 2514 ad
2390 2474 2542 2514 mare
2595 2459 2781 2513 statim
2842 2456 3085 2520 invadit,
3143 2454 3236 2510 ubi
3279 2468 3397 2508 eam
3450 2451 3640 2508 urbem

2052 2555 2296 2610 funditus
2340 2566 2445 2608 una
2478 2568 2599 2609 cum
2636 2553 2853 2607 nomine
2894 2552 3205 2617 diruerant,
3238 2558 3293 2603 et
3321 2557 3539 2619 gentem
3584 2546 3639 2600 in

2054 2649 2305 2704 triremes
2332 2648 2718 2713 imposuerunt.
2746 2643 2934 2714 Opera:
2963 2643 3193 2713 pretium
3238 2656 3342 2695 non
3370 2642 3642 2695 duxerunt

2051 2758 2173 2795 cum
2225 2738 2627 2795 Eretriensibus
2680 2738 2846 2792 armis
2895 2737 3195 2798 decertare,
3242 2732 3386 2803 quod
3443 2746 3635 2786 eorum

2053 2831 2322 2886 fortunam
2368 2830 2587 2885 Persico
2625 2829 2766 2885 bello
2811 2828 3119 2883 inferiorem
3166 2833 3438 2895 putarent.
3495 2820 3641 2877 Inter

2053 2939 2114 2980 se
2154 2923 2405 2977 manibus
2432 2922 2699 2977 consertis
2728 2921 2800 2975 ita
2832 2922 3148 2974 invaserunt
3175 2916 3536 2982 Eretrienses,
3578 2927 3642 2969 ac

2053 3014 2098 3070 si
2142 3014 2197 3068 in
2242 3029 2439 3084 sagena
2483 3012 2889 3068 concluderent.
2924 3010 3056 3064 Cum
3101 3008 3473 3063 Marathonem
3515 3006 3643 3061 atti—

2053 3105 2279 3177 gissent,
2315 3119 2439 3172 spes
2482 3102 2806 3156 labefactata
2856 3108 2960 3155 est.
3010 3099 3187 3155 Probe
3235 3099 3381 3154 enim
3426 3098 3641 3166 experi-

2055 3207 2236 3251 mento
2264 3196 2405 3251 docti
2439 3194 2760 3259 didicerant,
2791 3201 3054 3263 quantum
3092 3191 3231 3246 inter
3259 3205 3358 3245 nos
3418 3197 3472 3245 et
3508 3188 3641 3242 Ere-

2059 3288 2295 3343 trienses
2326 3288 2640 3341 interesset.
2672 3283 2809 3339 Tum
2859 3283 3067 3340 navalis
3097 3283 3314 3353 quidam
3351 3281 3506 3336 miles
3543 3282 3640 3335 ad-

2060 3392 2250 3433 versus
2303 3378 2568 3443 integram
2629 3376 2907 3431 triremem
2966 3390 3131 3431 ausus
3182 3383 3263 3429 est
3315 3375 3639 3444 depugnare.

2060 3468 2268 3539 Urgens
2304 3467 2571 3535 fugientes
2620 3468 2687 3522 ad
2729 3482 2878 3522 mare
2914 3466 3229 3533 Phoenicim,
3276 3465 3397 3519 navi
3451 3478 3643 3518 manus

2058 3563 2275 3632 injecit,
2329 3562 2603 3618 fortiorem
2626 3550 2975 3617 ‘existimans
3026 3569 3140 3615 tota
3198 3559 3324 3614 navi
3370 3558 3639 3613 dextram.

2058 3654 2227 3710 Veriti
2290 3664 2469 3710 autem
2536 3654 2796 3717 Barbari,
2862 3670 2929 3709 ne
2996 3653 3148 3707 navis
3204 3666 3392 3707 eorum
3450 3649 3642 3704 Attica:

2058 3748 2259 3802 dextra:
2307 3746 2361 3799 in
2401 3746 2636 3815 praedam
2684 3744 2925 3811 cederet,
2962 3744 3139 3798 securi
3190 3758 3409 3798 manum
3456 3756 3644 3811 ampu-

2058 3846 2176 3892 tant
2212 3855 2225 3891 :
2266 3838 2382 3907 ipse
2412 3852 2536 3891 vero
2583 3836 2802 3892 saucius
2836 3837 2954 3891 sine
2999 3852 3157 3889 manu
3194 3836 3441 3907 jacebat',
3486 3834 3642 3889 trire-

2052 3945 2197 3984 mem
2241 3939 2417 3983 tameu
2470 3931 2748 3983 mordicus
2803 3938 3012 3983 tenens.
3064 3926 3109 3983 0
3161 3943 3254 3982 vos
3304 3926 3502 3997 primi,
3551 3926 3642 3996 qui

2057 4019 2344 4075 Persarum
2404 4017 2672 4075 fortunam
2730 4019 3010 4074 illusistisl
3068 4017 3112 4073 0
3159 4033 3256 4074 vos
3296 4019 3388 4086 qui
3442 4016 3644 4085 majora

2056 4111 2273 4166 vincitis
2333 4126 2495 4181 quam
2553 4120 2748 4165 natura
2810 4111 3046 4166 humana
3105 4110 3413 4180 permittat!
3457 4108 3502 4164 0
3549 4108 3642 4179 qni

2056 4200 2382 4256 occumbitis
2410 4217 2532 4257 cum
2565 4217 2629 4257 ea
2667 4217 2845 4256 rerum
2879 4211 3153 4272 gestarum
3203 4200 3453 4262 historia,
3482 4215 3642 4268 quam

2055 4306 2232 4361 neque
2280 4300 2406 4346 ante
2448 4305 2566 4355 vos,
2600 4305 2700 4347 nec
2747 4299 2868 4361 post
2907 4301 3121 4358 tempus
3167 4288 3325 4360 tulit}
3368 4287 3412 4343 Ο
3452 4288 3542 4357 qui
3580 4286 3644 4340 il-

2055 4385 2363 4442 lustriorem
2395 4383 2588 4456 365i:
2613 4384 2754 4439 nacti
2777 4384 2910 4439 estis
2936 4391 3136 4453 tropaeo
3169 4380 3521 4452 sepulturam,
3551 4380 3643 4450 qui

2056 4492 2251 4532 nomen
2288 4476 2622 4531 Marathonis
2645 4475 2774 4530 solis
2797 4476 3048 4530 cursibus
3092 4474 3416 4530 extenditis!
3464 4472 3643 4526 Mara-

2058 4569 2190 4622 thon
2225 4577 2371 4622 tenet
2402 4578 2579 4623 vestra
2625 4581 2877 4635 corpora,
2911 4566 3122 4621 animas
3160 4566 3260 4635 ipsi
3299 4566 3395 4631 dii,
3428 4565 3518 4633 qui
3550 4577 3644 4618 vo-

2055 4660 2266 4715 biscum
2303 4666 2631 4730 pugnarunt,
2661 4658 2883 4728 gloriam
2920 4668 3061 4712 terra
3097 4656 3339 4711 continet
3371 4670 3435 4709 ac
3470 4669 3638 4709 mare.

2051 4755 2262 4809 Xerxes
2314 4764 2494 4806 autem
2553 4751 2679 4807 huic
2737 4753 2857 4806 urbi
2912 4750 3145 4806 infestus
3189 4748 3323 4803 nihil
3377 4749 3641 4802 intactum

2051 4847 2289 4917 reliquit,
2320 4847 2413 4900 sed
2461 4846 2642 4899 otnuiu
2688 4846 2941 4900 movebat
2980 4853 3036 4899 et
3077 4842 3443 4905 concutiebat,
3478 4843 3642 4909 quasi

2052 4940 2336 5009 Neptunus
2392 4948 2591 4992 terram
2628 4948 2683 4991 et
2715 4937 2873 4991 simul
2911 4951 3061 4991 mare
3102 4945 3418 4990 concuteret
3450 4953 3463 4988 :
3502 4945 3643 4989 terra

2060 5044 2114 5088 et
2156 5048 2303 5086 mare
2344 5047 2496 5086 suam
2545 5031 2773 5085 invicem
2814 5039 3063 5083 naturam
3099 5026 3504 5099 permutahant.
3535 5028 3643 5081 ltu-

2058 5125 2240 5195 posuit
2273 5134 2471 5179 terram
2507 5122 2682 5187 fretis,
2720 5132 2775 5176 et
2822 5121 3139 5177 thnicum
3175 5137 3341 5177 naves
3374 5136 3471 5191 per
3510 5136 3644 5176 con-

2058 5218 2319 5274 tinentem
2367 5217 2535 5271 nzisit.
2585 5214 2737 5270 Tune
2783 5216 2931 5269 oumi
2983 5230 3078 5284 spe
3126 5214 3330 5284 majora
3382 5213 3640 5267 miracula

2057 5311 2328 5375 vidimus,
2380 5323 2476 5378 per
2530 5306 2935 5377 llellespoutum
2992 5308 3267 5377 equitatus
3324 5305 3638 5369 Medorum,

2060 5421 2157 5476 per
2211 5404 2479 5460 Athonem
2511 5402 2813 5457 triremium
2848 5401 3037 5457 classis
3078 5402 3181 5457 iter
3223 5400 3369 5455 fecit.
3409 5399 3550 5464 Quin
3587 5409 3642 5453 et

2055 5499 2122 5553 ad
2158 5497 2354 5551 cmlum
2396 5508 2565 5565 usque
2610 5493 2894 5549 audaciam
2946 5508 3099 5548 suam
3137 5491 3346 5547 Xerxes
3373 5491 3638 5555 extendit,

2053 5598 2107 5645 et
2148 5591 2260 5644 suis
2308 5587 2631 5660 prodigiosis
2680 5585 2841 5643 factis
2887 5585 3177 5642 transilivit
3208 5584 3397 5639 amari
3446 5583 3498 5638 in
3530 5592 3641 5639 ter—

1680 5704 1919 5760 VARUE
1958 5704 2366 5761 LECTIONES.

460 5796 503 5830 "
532 5796 667 5863 τοῖς]
717 5798 894 5854 malim
928 5800 1041 5863 τοῖς
1092 5798 1150 5850 ἐν
1204 5799 1335 5862 τοῖς.

375 5869 502 5925 tiani
537 5869 752 5930 ἀσεῖςα.
831 5874 872 5904 ²²
895 5869 1281 5939 ἀφαιρεθείσης
1316 5871 1378 5926 Α.

1467 5800 1510 5835 ιθ
1535 5797 1898 5869 πρωτεύσασα
1926 5816 1986 5863 ς.

1472 5872 1513 5902 ³³
1534 5870 1749 5941 τινάσσ,
1786 5869 1882 5941 τὴν
1902 5870 2005 5940 γῆν
2034 5888 2090 5934 τ.

2121 5800 2166 5831 ⁹⁰
2187 5799 2281 5852 ἀπ’
2312 5803 2348 5852 Λ
2381 5818 2392 5854 :
2424 5799 2509 5851 ἐπ’
2542 5816 2602 5862 ς.
2722 5799 2764 5833 ²¹
2796 5795 2957 5864 ἀφεὶς
2982 5793 3196 5850 codices
3218 5789 3466 5849 Himerii.
3496 5787 3632 5847 Pho-

2174 5871 2216 5905 ³⁵
2252 5870 2523 5927 θάλασσαν
2555 5869 2613 5925 Β.
2694 5871 2737 5904 ³³
2766 5868 3123 5938 ἐλλήσποντον
3151 5881 3209 5929 ς.
