4050 6396
551 395 688 460 13B

1696 405 1959 465 PHOTII
1986 404 2490 466 PATRIARCILE
2517 402 2628 464 (ΞΡ.

3656 394 3778 461 1344

551 522 686 573 ram,
717 523 745 562 a
782 516 921 563 terra
952 509 1006 562 in
1040 508 1256 575 etelum,
1295 509 1420 565 inde
1463 511 1515 565 in
1561 512 1750 568 solem.
1786 513 1918 567 Nam
1959 515 2096 582 jacu-

2215 511 2577 583 τολμήμασιν,
2607 509 2740 564 ἀλλὰ
2775 507 2960 579 μετῄει
2998 508 3090 560 καὶ
3131 507 3407 578 μετεπήδα
3434 509 3543 570 τοῖς
3582 507 3777 578 θαῦμα·

547 597 664 654 lms
700 600 827 654 solis
869 601 1044 654 lumen
1097 601 1331 667 obtexit,
1383 603 1640 673 navigans
1671 603 1836 658 maris
1866 613 2112 659 naturam

550 691 797 758 mutavit,
827 693 929 746 iter
958 692 1160 748 faciens
1191 708 1311 748 cum
1345 695 1585 749 exercitu
1621 705 1773 750 terra:
1804 697 2112 765 angustiam

549 784 830 839 incusavit.
896 785 1164 840 Prmtereo
1223 787 1392 840 maria
1456 785 1764 841 triremibus
1826 797 2108 856 cooperta;

453 929 459 935 ,
550 887 701 931 taceo
752 878 1046 932 exercituum
1110 889 1315 932 naturae
1379 894 1658 933 numerum
1722 880 2109 948 excedentem;

545 966 736 1021 Omitto
768 977 951 1034 gentes
990 969 1261 1024 alimentis
1304 971 1604 1039 praebendis
1650 974 1906 1040 impares,
1937 983 1990 1027 et
2023 987 2111 1026 re-

545 1074 662 1126 gem
700 1060 895 1128 ubique
926 1072 1123 1114 metum
1155 1061 1524 1125 iucutienteru,
1559 1061 1775 1117 ubinam
1807 1078 1936 1118 vero
1967 1077 2112 1120 esset

546 1161 760 1219 prepler
809 1153 1018 1220 copiam
1067 1155 1360 1220 exercitus,
1411 1155 1738 1224 ignoratum.
1796 1155 2110 1226 llujusmodi

548 1241 725 1313 itaque
777 1247 1036 1311 tumultu,
1087 1262 1150 1301 ac
1206 1255 1354 1300 tanto
1403 1254 1608 1301 terrore
1667 1257 1810 1302 terra
1861 1250 2110 1304 universa

545 1339 825 1399 fremente,
868 1347 918 1391 et
961 1341 1210 1394 omnibus
1254 1339 1474 1396 Grmcim
1525 1344 1795 1399 interitum
1846 1359 2113 1415 auguran-

545 1432 706 1497 tibus,
737 1431 787 1484 hi
822 1433 1034 1502 quidem
1069 1442 1273 1487 tantum
1316 1438 1579 1490 commodi
1621 1439 1671 1490 in
1711 1438 2110 1493 calamitatibus

542 1511 848 1588 sperabant,
881 1533 1140 1592 quantum
1182 1527 1249 1580 ab
1287 1526 1526 1595 ipsorum
1575 1529 1890 1584 civitatibus
1935 1530 2111 1584 Persa:

541 1612 790 1666 abessent
825 1631 838 1667 :
879 1614 1071 1670 civitas
1105 1629 1231 1670 vero
1275 1626 1456 1671 nostra
1500 1621 1609 1688 regi
1656 1622 1835 1674 omnia
1871 1621 2106 1675 turbanti

541 1718 645 1756 non
676 1704 862 1769 cessit,
893 1720 991 1760 nec
1019 1716 1162 1761 metu
1196 1710 1448 1772 rutnoris,
1483 1720 1636 1782 turpe
1662 1714 1787 1782 quid
1819 1724 2103 1783 antequam

537 1794 855 1850 sentisceret
890 1797 1152 1861 decrevit,
1181 1799 1273 1854 sed
1313 1803 1492 1855 statim
1535 1813 1652 1871 post
1689 1803 1913 1873 primam
1959 1808 2102 1877 lega-

540 1883 735 1937 tionem
785 1900 909 1955 rege
955 1889 1199 1956 superior
1249 1889 1367 1944 fuit.
1399 1893 1516 1961 lpse
1555 1894 1771 1961 quidem
1821 1899 2101 1953 servitutis

537 1977 782 2044 poposcit
819 1979 1152 2034 conditiones
1185 1996 1198 2034 :
1228 1980 1300 2034 illi
1333 1982 1594 2040 libertatis
1627 1987 1970 2044 remiserunt.
1998 1989 2103 2045 Ca-

535 2066 696 2133 pitale
737 2076 852 2122 erat
891 2069 1059 2137 siquis
1090 2069 1280 2140 legalis
1321 2088 1538 2128 munera
1584 2075 1758 2132 daret.
1797 2077 1939 2132 Nihil
1977 2093 2102 2135 vero

529 2154 750 2209 omnino
786 2156 905 2212 illos
953 2163 1212 2226 terrebat,
1244 2162 1396 2228 nihil,
1433 2179 1530 2217 cur
1560 2165 1775 2221 virtutis
1819 2169 2102 2224 oblivisce-

535 2255 744 2310 rentur,
772 2245 1056 2306 eﬂieiebat.
1090 2249 1206 2305 Non
1244 2251 1635 2310 Lacedmmonii
1685 2258 1792 2327 jam
1827 2261 1974 2326 victi,
2007 2262 2098 2332 qui

529 2331 730 2388 Grarcis
772 2336 906 2390 adeo
951 2337 1288 2406 profuerunt,
1326 2353 1383 2396 ut
1427 2343 1638 2398 I'ortiter
1671 2347 1977 2403 dimicando
2003 2331 2100 2404 Oe-

531 2424 840 2492 cubuerint,
883 2442 989 2482 non
1023 2431 1298 2486 verberari
1340 2431 1553 2500 ﬂuctus,
1585 2451 1688 2489 non
1721 2439 1891 2506 puniti
1928 2441 2092 2504 venti,

527 2521 582 2567 et
607 2515 781 2570 tuollis
825 2528 1013 2573 contra
1064 2530 1314 2576 naturam
1363 2525 1655 2590 Barbarus,
1708 2530 2007 2584 terrebant.
2053 2531 2096 2586 Ο

529 2604 733 2674 majora
769 2624 928 2664 ausos
971 2609 1152 2668 Xerxe
1199 2612 1404 2685 [contra
1434 2617 1766 2690 naturam]!
1803 2618 1846 2675 Ο
1886 2623 2096 2678 animos

497 2696 805 2754 elementis
853 2700 1102 2758 fortiores
1145 2706 1535 2762 ostendentes!
1575 2707 1619 2764 Ο
1644 2709 1927 2765 Persarum
1975 2713 2095 2769 telis

525 2789 704 2844 animo
741 2794 1128 2850 concidentes!
1164 2797 1208 2853 0
1241 2799 1451 2855 duobus
1491 2802 1707 2870 tropaeis
1732 2802 1956 2859 classem
2003 2807 2096 2861 de-

522 2896 640 2933 cem
689 2897 950 2938 annorum
1002 2887 1324 2944 illudentes!
1359 2889 1463 2946 Vos
1500 2905 1620 2946 eum
1655 2893 1746 2963 qui
1786 2908 1882 2964 per
1923 2904 2092 2950 totum

523 2971 708 3025 orbem
744 2983 798 3028 et
831 2990 978 3031 mare
1025 2977 1141 3044 ivit,
1177 2980 1429 3050 coegistis
1476 2981 1659 3037 furtim
1703 2994 1757 3040 et
1797 2985 2094 3041 clementer

521 3063 749 3119 salutem
783 3082 936 3120 suam
965 3059 1206 3136 quaerere
1239 3089 1254 3127 :
1283 3074 1374 3142 qui
1407 3074 1505 3128 soli
1541 3078 1854 3132 ostendistis
1893 3078 2091 3150 3650
2117 3107 2166 3170 α

521 3157 771 3213 unmibus
828 3159 1140 3218 hominibus
1192 3179 1379 3220 omnes
1436 3167 1620 3236 cupias
1674 3170 1875 3226 virtute
1929 3187 2091 3241 posse

521 3263 784 3304 (δούπει-ι.

590 3451 694 3506 Sed
749 3452 865 3531 inec
923 3455 1084 3508 etiam
1129 3454 1342 3511 silentio
1418 3469 1847 3527 praetereamus,
1902 3472 1954 3516 et
2006 3463 2087 3517 l'a-

519 3556 620 3601 ctm
643 3562 761 3601 cum
793 3561 917 3616 rege
971 3549 1117 3616 paris
1177 3550 1537 3615 recordemur,
1573 3568 1691 3622 qua:
1721 3554 1857 3609 hanc
1901 3557 2083 3610 urbem

519 3638 666 3691 omni
717 3649 917 3708 tropzeo
969 3638 1316 3697 illustriorem
1372 3642 1564 3708 reddit,
1611 3652 1663 3698 et
1712 3646 1924 3698 merito.
1973 3643 2086 3699 Hoc

517 3746 659 3800 saepe
717 3727 1080 3797 fortunam,
1124 3737 1217 3789 sed
1269 3737 1416 3802 illud,
1464 3750 1644 3807 regem
1695 3737 1922 3792 libenter
1967 3739 2084 3792 urbi

516 3823 710 3876 cedere
766 3826 940 3893 spatio
997 3826 1208 3881 itineris
1235 3813 1375 3897 ‘equi
1429 3829 1588 3885 unius
1641 3830 1774 3898 diei,
1819 3832 2084 3902 superiori

516 3915 648 3967 mari
677 3915 966 3984 abstinere,
993 3918 1130 3972 intra
1159 3919 1540 3987 Chelidoneas,
1565 3931 1619 3976 et
1642 3922 1887 3995 Cyaneas
1921 3941 2086 3980 naves

515 4024 618 4060 non
661 4009 894 4075 mittere,
943 4013 1214 4080 quomodo
1263 4029 1366 4069 non
1411 4015 1675 4072 sinceram
1728 4019 2083 4091 undecunque

513 4099 630 4152 urbi
663 4099 887 4169 gloriam
940 4104 1138 4172 parat?

578 4254 789 4312 Etenim
828 4259 1232 4316 Atheniensium
1255 4264 1400 4318 varia
1437 4273 1655 4334 tropaea,
1687 4273 1740 4320 et
1791 4267 2006 4323 navales
2030 4276 2086 4323 et

508 4347 786 4413 pedestres
815 4365 1040 4422 pugnas,
1075 4364 1130 4408 et
1153 4370 1256 4424 qua
1290 4357 1496 4411 ratione
1524 4359 1795 4430 tyrannidi
1829 4363 2083 4431 omnique

2221 621 2304 659 σιν
2337 605 2443 657 ἀπὸ
2476 603 2750 671 θαλάσσης
2771 601 2857 653 ἐπ’
2887 603 3136 671 ἢπειρον,
3155 601 3266 654 ἀπὸ
3294 600 3400 669 γῆς
3435 599 3525 652 ἐπ’
3561 601 3777 671 οὐρανὸν

2218 696 2430 750 ἐκεῖθεν
2454 695 2548 750 καὶ
2574 695 2724 766 ἥλιον
2747 712 2760 726 ·
2791 693 2885 747 τοῦ
2922 693 3018 763 μὲν
3037 695 3144 762 γὰρ
3171 691 3406 760 τοξεύων
3453 692 3516 745 τὸ
3544 693 3662 762 φῶς
3686 695 3778 745 ἀπ-

2217 785 2506 855 έκρυπτεν,
2545 786 2644 852 τῆς
2681 782 2738 834 δὲ
2764 782 2941 834 πλέων
2971 782 3067 853 τὴν
3099 781 3260 850 φύσιν
3294 782 3544 853 ἤμειϐεν,
3597 784 3692 852 τῆς
3727 783 3775 835 δὲ

2216 875 2460 939 πεζεύων
2484 876 2581 946 τὴν
2611 876 2796 946 χρείαν
2820 875 3068 945 ἦλεγχεν.
3103 876 3212 929 Καὶ
3234 877 3424 928 σιωπῶ
3453 876 3669 947 πελάγη
3690 876 3776 945 μὲν

2216 970 2320 1023 ὑπὸ
2344 971 2582 1042 τριηρῶν
2621 970 2996 1042 κρυπτόμενα,
3025 972 3365 1041 στρατόπεδα
3395 973 3495 1040 τῆς
3551 971 3773 1040 ἀριθμοῦ

2216 1061 2430 1130 φύσεως
2460 1061 2769 1131 κρείττονα,
2806 1060 2930 1130 ἔθνη
2957 1060 3012 1113 δέ
3034 1060 3264 1113 δείπνων
3289 1061 3533 1130 δαπάνης
3565 1063 3775 1132 ἥττονα,

2218 1153 2444 1225 βασιλέα
2474 1152 2536 1205 δὲ
2561 1151 2844 1221 πανταχοῦ
2869 1152 2968 1222 μὲν
3000 1151 3126 1204 ὄντα
3151 1151 3230 1222 τῷ
3270 1152 3438 1221 φόϐῳ,
3468 1145 3532 1204 οὗ
3573 1153 3633 1205 δὲ
3683 1153 3777 1220 γῆς

2214 1246 2300 1310 εἴη
2323 1248 2390 1310 ’⁸,
2420 1244 2507 1297 διὰ
2533 1245 2594 1296 τὸ
2629 1244 2833 1314 πλῆθος
2885 1243 3236 1297 λανθάνοντα.
3275 1244 3544 1296 Τοσούτου
3607 1244 3776 1296 toi-Iov

2213 1335 2442 1406 θορύϐου
2499 1339 2604 1406 γῆς
2659 1337 2877 1404 ἁπάσης
2935 1337 3258 1406 ἡχήσαντος,
3296 1338 3390 1390 καὶ
3445 1337 3779 1407 κρινομένων

2213 1429 2304 1479 ἐπὶ
2326 1429 2423 1498 τῆς
2471 1428 2717 1491 Ἑλλάδος
2741 1429 2850 1480 τῶν
2875 1428 3034 1491 ὅλων,
3062 1429 3110 1480 οἱ
3143 1428 3240 1497 μὲν
3289 1428 3438 1482 ἄλλοι
3471 1430 3778 1499 σύμπαντες

2211 1520 2466 1572 τοσοῦτον
2503 1523 2560 1573 ἐν
2589 1522 2697 1582 τοῖς
2720 1520 2914 1582 δεινοῖς
2945 1520 3247 1589 κερδαίνειν
3277 1520 3444 1590 ᾤοντο
3471 1523 3600 1574 ὅσον
3631 1524 3780 1578 ἀπεῖ-

2210 1626 2298 1662 ναι
2337 1610 2551 1680 Πέρσας
2582 1610 2690 1663 τῶν
2717 1611 2946 1674 πόλεων,
2975 1610 3036 1662 οὐ
3068 1609 3174 1682 μὴν
3198 1613 3336 1681 καὶὴ
3363 1612 3519 1674 πόλις
3544 1609 3656 1676 εἶξε
3687 1613 3778 1682 βα-

2204 1698 2354 1752 σιλεῖ
2379 1700 2449 1752 τὰ
2477 1700 2654 1753 πάντα
2677 1700 2894 1762 σείοντι,
2920 1700 3039 1753 οὐδὲ
3063 1701 3210 1768 φόὸῳ
3226 1701 3325 1770 τῆς
3343 1701 3535 1770 φήμης
3561 1701 3779 1770 αἰσχρόν

2202 1809 2254 1844 τι
2286 1791 2380 1844 καὶ
2413 1791 2519 1862 πρὸ
2545 1793 2643 1863 τῆς
2673 1792 2868 1862 πείρας
2892 1791 3208 1844 ἐϐούλευσεν
3239 1793 3304 1858 ’⁷,
3341 1792 3456 1844 ἀλλ’
3486 1793 3596 1845 ἀπὸ
3616 1792 3662 1822 ³⁸
3683 1792 3778 1860 τῆς

2205 1883 2500 1952 πρεσϐείας
2548 1882 2770 1955 πρώτης
2794 1884 2840 1914 ⁸⁸
2885 1882 3150 1953 κρείττων
3193 1882 3456 1952 βασιλέως
3512 1883 3776 1951 ἐγίγνετο.

2215 1975 2273 2028 '0
2308 1975 2408 2045 μὲν
2445 1975 2508 2028 τὰ
2531 1975 2630 2044 τῆς
2655 1974 2900 2038 δουλείας
2924 1975 3123 2046 ἀπῄτει
3174 1973 3442 2045 σύμὸολα,
3511 1977 3560 2027 οἱ
3625 1975 3681 2027 δὲ
3712 1977 3776 2027 τὰ

2201 2066 2301 2135 τῆς
2328 2066 2644 2136 ἐλευθερίας
2674 2066 3024 2136 ἀντέπεμπον
3049 2081 3064 2096 ο
3099 2063 3168 2136 ἦν
3202 2066 3306 2138 γὰρ
3357 2067 3590 2130 θάνατος
3617 2069 3652 2137 ἡ
3681 2067 3773 2136 τῆς

2201 2159 2496 2231 πρεσϐείας
2524 2158 2810 2222 ἀντίδοσις.
2859 2156 3076 2226 Ἐφόόει
3107 2157 3163 2210 δὲ
3193 2158 3390 2220 αὐτοὺς
3416 2158 3569 2211 οὐδὲν
3596 2159 3640 2191 ³³
3671 2158 3775 2210 τῶν

2201 2253 2474 2318 ἁπάντων,
2499 2251 2618 2305 οὐδὲ
2642 2251 2814 2304 ἐποίει
2839 2249 2940 2319 τῆς
2966 2249 3168 2319 ἀρετῆς
3197 2249 3675 2316 ἐπιλανθάνεσθαι,
3710 2249 3772 2304 οὔ

2199 2343 2616 2412 Λακεδαιμόνιοι
2651 2344 2944 2406 πίπτοντες
2988 2343 3083 2394 καὶ
3110 2343 3361 2395 τοσοῦτον
3393 2342 3773 2406 συντελοῦντες

2199 2437 2310 2498 τοίς
2343 2434 2599 2505 Ἕλλησιν
2625 2436 2747 2488 ὅσον
2778 2434 3043 2506 όίνδρείως
3077 2435 3221 2505 ὑπὲρ
3250 2435 3486 2488 θανάτου
3549 2434 3771 2504 βουλεύ-

2200 2526 2416 2593 σασθαι,
2477 2528 2537 2580 οὺ
2583 2527 2959 2598 μαστιζόμενα
3016 2528 3239 2598 κύματα
3291 2528 3386 2581 καὶ
3434 2527 3773 2597 κολαζόμενα

2198 2617 2487 2686 πνεύματα
2518 2621 2610 2671 καὶ
2639 2620 2860 2691 τρυφῶν
2912 2619 3188 2690 βάρδαρος
3226 2618 3369 2672 κατὰ
3406 2620 3506 2688 τῆς
3536 2619 3769 2687 φύσεως.

2195 2707 2266 2764 Ὦ
2305 2709 2527 2780 μείζονα
2557 2711 2758 2785 Ξέρξου
2802 2713 3172 2782 τολμήσαντες
3194 2712 3270 2764 ³⁸1
3306 2705 3350 2763 ὦ
3407 2711 3588 2780 ψυχὰς
3638 2728 3773 2763 στοι-

2195 2803 2360 2872 χείων
2391 2802 2744 2876 βεϐαιοτέρας
2784 2803 3221 2874 ἐπιδειξάμενοιί
3256 2802 3418 2874 [1109
3437 2802 3530 2874 R.J
3580 2797 3624 2866 ὦ
3660 2803 3770 2864 τοῖς

2197 2896 2420 2965 Περσῶν
2449 2895 2782 2963 τοξεύμασιν
2815 2896 2878 2948 οὐ
2911 2894 3280 2964 καλυφθέντες
3299 2895 3342 2926 ³³
3394 2894 3456 2946 τὸ
3485 2894 3764 2964 φρόνημαι

2193 2985 2238 3043 ὦ
2265 2989 2358 3041 δύο
2395 2988 2680 3060 τροπαίοις
2723 2988 2953 3057 δεκαετῆ
2988 2988 3174 3042 στόλον
3210 2987 3567 3055 ἐλέγξαντεςι
3615 2988 3770 3056 ὑμεῖς

2195 3079 2285 3132 τὸν
2320 3081 2414 3132 ἐπὶ
2447 3081 2628 3132 πᾶσαν
2654 3080 2802 3132 ἰόντα
2831 3079 2875 3110 ³³
2905 3078 3009 3149 γῆν
3027 3079 3121 3132 καὶ
3165 3078 3440 3133 θάλατταν
3471 3079 3768 3149 ἀγαπητῶς

2198 3169 2397 3240 κλέψαι
2427 3172 2526 3241 τὴν
2550 3170 2823 3240 σωτηρίαν
2856 3171 3337 3239 κατηναγκάσατε.
3366 3166 3439 3223 Ὦ
3469 3171 3618 3241 μόνοι
3665 3172 3769 3225 δεί-

2198 3263 2388 3329 ξαντες
2428 3261 2732 3332 ἀνθρώποις
2753 3260 2797 3293 ³⁸
2828 3263 3030 3316 ἆπασιν
3067 3263 3150 3316 ὅτι
3184 3264 3335 3317 πᾶσα
3368 3264 3491 3334 χεὶρ
3520 3263 3616 3316 ὑπ’
3641 3266 3767 3335 ἀρε-

2195 3357 2294 3424 τῆς
2319 3355 2624 3425 ἐλέγχεται.

2281 3444 2438 3497 Ἀλλὰ
2469 3444 2571 3498 κᾶν
2609 3443 2778 3497 ταῦτα
2811 3447 2936 3515 σιγῇ
2987 3445 3371 3516 παρέλθωμεν,
3411 3446 3516 3500 κᾶν
3556 3450 3657 3517 τῆς
3698 3450 3766 3501 εί-

2198 3537 2366 3606 ρήνης
2391 3535 2529 3606 πρὸς
2563 3535 2786 3606 βασιλέα
2808 3541 3184 3607 γεγενημένης
3216 3539 3703 3610 μγημονεύσωμεν,
3732 3542 3763 3609 ἢ

2197 3627 2396 3690 παντὸς
2434 3626 2696 3696 τροπαίου
2734 3628 3068 3698 σεμνοτέραν
3123 3628 3202 3681 ἔτι
3255 3629 3354 3699 τὴν
3397 3631 3554 3682 πόλιν
3611 3633 3766 3701 ἐργά⁶

2197 3719 2366 3781 ζεται.
2420 3718 2529 3770 Καὶ
2559 3717 2704 3788 μάλα
2741 3718 2985 3782 εἰκότως.
3027 3721 3094 3772 ’Λ
3125 3719 3170 3750 ⁸⁵
3201 3720 3298 3790 μὲν
3329 3721 3438 3792 γὰρ
3475 3725 3569 3776 καὶ
3604 3724 3765 3793 τύχης

2195 3811 2354 3880 ἔργον
2385 3810 2682 3872 πολλάκις·
2712 3811 2772 3864 τὸ
2817 3811 2872 3864 δὲ
2911 3812 3104 3866 ἑκόντα
3149 3819 3503 3884 συγχωρῆσαι
3553 3816 3765 3878 βασιλέα

2192 3905 2257 3972 τῇ
2281 3903 2432 3955 πόλει
2455 3902 2623 3955 ἵππου
2654 3903 2752 3969 μὲν
2780 3904 2978 3974 δρόμον
3005 3905 3214 3976 ἡμέρας
3249 3906 3520 3978 θαλάττης
3553 3909 3764 3976 ἁφέξειν

2192 3994 2325 4060 ἄνω,
2359 3995 2487 4048 εἵσω
2531 3995 2586 4048 δὲ
2617 3996 2949 4051 Χελιδονέων
3002 3999 3094 4050 καὶ
3125 3999 3385 4052 Κυανέων
3421 4002 3498 4070 μὴ
3535 4001 3765 4070 πέμψειν

2189 4086 2411 4149 ὁλκάδα.
2443 4088 2556 4150 πῶς
2577 4089 2638 4141 οὐ
2678 4089 2923 4161 καθαρὰν
2968 4090 3303 4160 πανταχόθεν
3331 4094 3398 4162 τῇ
3452 4093 3603 4145 πόλει
3634 4109 3764 4162 προ-

2191 4179 2336 4244 ξενεῖ
2367 4181 2466 4250 τὴν
2487 4179 2737 4235 εὔκλειαν
2763 4199 2777 4245 ;

2273 4271 2436 4325 Ἀλλὰ
2467 4273 2576 4343 γὰρ
2618 4274 2912 4343 Ἀθηναίων
2945 4274 3012 4328 τὰ
3046 4275 3216 4345 μυρία
3244 4275 3481 4346 τρόπαια
3517 4278 3606 4330 καὶ
3639 4297 3763 4331 ναυ-

2194 4365 2397 4434 μαχίας
2436 4367 2530 4417 καὶ
2580 4365 2939 4436 πεζομαχίας,
2977 4369 3069 4420 καὶ
3102 4367 3177 4429 ὡς
3219 4369 3356 4439 πρὸς
3403 4368 3622 4421 ἃπασαν
3671 4369 3762 4438 μὲν

508 4441 758 4508 putentire
775 4445 1096 4512 restiterint,
1132 4449 1266 4504 alias
1280 4451 1506 4505 diversis
1525 4453 1856 4521 temporibus
1869 4469 1966 4530 pro
1985 4455 2084 4511 hac

2199 4455 2477 4525 τυραννίδα
2507 4457 2641 4527 πρὸς
2678 4457 2897 4512 ἃπασαν
2936 4459 2993 4511 δέ
3040 4458 3356 4512 δυναστείαν
3408 4462 3759 4530 ἀντέστησαν,

506 4541 668 4596 gente
690 4537 832 4588 varia
854 4540 1147 4594 certamina
1177 4542 1517 4612 recipientes,
1543 4559 1641 4598 nec
1667 4544 1801 4599 mihi
1821 4529 1980 4601 l‘aciie
1999 4559 2084 4603 est

506 4638 810 4690 recensere,
850 4643 948 4684 nec
977 4630 1148 4700 siquis
1189 4633 1238 4687 id
1278 4634 1427 4703 prius
1456 4651 1740 4708 aggressus
1783 4639 1872 4693 sit.
1903 4641 2082 4705 Quare

502 4713 756 4770 existimo
774 4733 933 4773 unum
951 4731 1004 4775 et
1017 4721 1156 4776 idem
1178 4736 1580 4781 monumentum
1598 4729 1847 4800 conjungi
1872 4742 2080 4800 oporte-

507 4818 588 4869 re,
615 4811 1170 4880 quemadmodnmqui
1196 4817 1506 4872 renuntiant
1534 4819 1586 4872 in
1611 4821 1787 4875 stadio
1819 4823 2076 4889 victores,

503 4898 583 4952 sic
600 4904 653 4950 rt
667 4898 791 4954 huic
812 4901 960 4956 verbi
979 4905 1273 4960 secundum
1291 4907 1459 4977 legem
1479 4911 1904 4966 consecrandum
1929 4928 2070 4968 esse.

401 5019 407 5024 -
502 4986 546 5040 Ο
579 4988 668 5056 (ιυί
706 5003 918 5046 onmem
945 5003 1146 5048 terram
1175 5006 1229 5050 et
1260 5012 1408 5052 mare
1437 5015 1540 5068 qua
1574 5001 1677 5055 iter
1707 4993 1791 5058 est
1820 5003 2072 5075 [victoria

500 5075 578 5148 et]
615 5079 854 5148 tropaeis,
881 5091 935 5136 et
969 5098 1072 5151 qua
1111 5086 1211 5140 iter
1238 5102 1342 5140 non
1370 5098 1472 5153 est,
1499 5091 1666 5157 gloria
1703 5101 1757 5146 et
1791 5095 2078 5163 splendore

501 5169 888 5240 cotnplcvistis,
927 5175 1017 5241 qui
1067 5176 1167 5229 soli
1219 5178 1470 5232 maximis
1524 5183 1687 5236 rebus
1730 5185 1898 5252 gestis
1942 5197 2078 5243 tem-

503 5273 599 5328 pus
648 5272 703 5316 ct
754 5264 1011 5318 invidiam
1069 5272 1408 5337 superastis,
1457 5273 1550 5341 qui
1601 5289 1817 5329 onmem
1873 5286 2075 5334 terram

2186 4548 2371 4601 ἄλλοτε
2405 4547 2529 4600 κατ’
2577 4548 2771 4611 ἄλλους
2802 4549 3022 4619 χρόνους
3046 4551 3090 4582 ⁸⁸
3124 4551 3263 4620 ὑπὲρ
3290 4550 3384 4602 τοῦ
3420 4551 3610 4618 γένους
3661 4568 3759 4617 μυ-

2188 4640 2332 4711 ρίους
2375 4641 2597 4710 ἀγῶνας
2663 4642 3076 4711 ἀναδεξάμενοι,
3131 4642 3252 4696 οὔτε
3297 4643 3420 4712 ἐμοὶ
3480 4642 3760 4707 διεξελθεῖν

2181 4732 2366 4803 ῥᾴδιον
2397 4732 2522 4786 οὔτε
2566 4732 2620 4784 εἴ
2649 4750 2735 4797 τις
2769 4734 3037 4805 πρότερον
3076 4736 3480 4806 ἐπικεχείρηκε.
3523 4733 3645 4804 [594
3672 4733 3755 4804 11.]

2178 4825 2376 4896 Διόπερ
2402 4820 2556 4894 οἶμαι
2587 4826 2721 4889 δεῖν,
2752 4825 2826 4889 ὼς
2854 4827 2903 4878 οἱ
2939 4827 3062 4890 τοὺς
3107 4828 3165 4879 ἐν
3197 4829 3308 4889 τοῖς
3343 4827 3576 4889 σταδίοις
3607 4843 3756 4895 νικη-

2181 4915 2378 4985 φόρους
2436 4917 2926 4989 ὰνακηρύττοντες,
2987 4917 3046 4970 ἓν
3106 4919 3204 4973 καὶ
3260 4918 3456 4970 ταυτὸν
3495 4918 3752 4971 συνθεῖναι

2178 5006 2486 5078 γνώρισμα,
2519 5004 2618 5062 εἴθ’
2644 5008 2786 5062 οὕτω
2810 5009 2982 5080 ταύτῃ
3011 5010 3104 5062 καὶ
3137 5010 3273 5080 πρὸς
3325 5009 3418 5063 τὸν
3459 5011 3620 5078 νόμον
3650 5011 3746 5076 ἀφ-

2181 5097 2534 5154 οσιώσασθαι.
2562 5095 2632 5152 Ὦ
2660 5103 2842 5154 πᾶσαν
2896 5102 2997 5171 γῆν
3025 5103 3121 5153 καὶ
3179 5101 3476 5166 θάλασσαν,
3522 5105 3617 5170 ὅση
3659 5101 3747 5170 μὲν

2181 5189 2338 5262 βατὴ,
2369 5192 2528 5262 νίκης
2557 5192 2598 5223 ³⁷
2636 5194 2732 5246 καὶ
2763 5193 3064 5264 τροπαίων,
3094 5195 3191 5265 ὅση
3241 5193 3286 5247 δ’
3341 5195 3559 5258 ἄόατος,
3601 5194 3747 5261 δόξης

2183 5284 2278 5337 καὶ
2327 5285 2516 5350 κλέους
2568 5284 2991 5357 πληρώσαντεςῑ
3021 5282 3090 5341 Ὦ
3120 5288 3270 5358 μόνοι
3326 5291 3446 5352 ταῖς
3497 5288 3744 5358 μεγάλαις

1768 5477 2004 5535 VARUS
2062 5481 2466 5542 LECTIONES.

578 5606 625 5640 ³⁸
654 5607 740 5680 εἴη
766 5624 898 5678 mg.,
932 5609 954 5662 ῐ
1017 5623 1100 5680 pl‘.
1131 5609 1194 5677 C,
1279 5611 1480 5666 ctcteri.
1581 5615 1626 5647 "
1659 5616 1751 5668 καὶ
1785 5617 1891 5702 πρὸ
1914 5619 2013 5683 τ”ς
2037 5622 2237 5694 πείρας
2278 5620 2619 5694 ἐϐούλευσεν]
2663 5626 2960 5697 πεποίηκεν
2991 5627 3031 5679 Β
3053 5636 3105 5680 et
3131 5643 3207 5683 rc.
3242 5629 3306 5684 Α.

578 5677 690 5733 ἱπδΊ
715 5679 920 5733 καὶποὸ
953 5628 991 5733 Ε
1019 5690 1072 5733 et
1119 5695 1263 5733 corr.
1296 5683 1358 5733 A.
1437 5683 1483 5714 ’θ
1507 5684 1750 5733 ποώτηίι
1775 5637 2007 5733 αυτῆρῚζ
2035 5702 2087 5733 nl
2119 5710 2262 5733 nni-Ix
2313 5694 2345 5733 Α
2449 5694 2492 5726 ³ο
2516 5697 2669 5733 mtas.
2698 5715 2737 5733 .-
2834 5701 2874 5733 at
2908 5709 3022 5733 nnc!
3063 5698 3303 5733 "tua...

494 5677 540 5710 "'
559 5677 690 5758 απρ]
715 5671 920 5758 inﬁgo
953 5671 991 5733 Β
1019 5671 1072 5758 et
1089 5671 1263 5758 Δ,εοίῚῖ

3355 5645 3437 5698 pr.
3469 5632 3610 5686 enim
3641 5646 3743 5684 um.

1437 5683 1483 5714 ’θ
1507 5684 1750 5768 πρώτης]
1775 5683 2007 5768 auri]ch
2035 5702 2090 5747 et
2119 5683 2264 5768 corr.
2309 5694 2372 5746 Δ.
2449 5683 2669 5768 ουδὲ-ι
2698 5715 2758 5762 ς.
2834 5683 2874 5734 ³’¹
2908 5709 3028 5766 post
3063 5683 3434 5768 τολμήσαντες
3457 5683 3746 5756 ΔΒΕ

494 5748 1202 5838 υίιιίδίηξατάῥῇξκφύσέωξ.
1279 5753 1334 5838 ’ζ
1356 5748 1694 5838 ξαμφοένῖεὲ
1727 5748 1805 5838 ῖς..
1864 5748 2406 5838 “’iéveqscatigcr;
2451 5765 2571 5838 libri
2595 5748 2804 5838 mea.
2880 5748 2931 5802 εἴ
2951 5748 3747 5838 5.09.5795;enitr}ima

496 5834 570 5869 αι.
649 5820 693 5855 ³6
723 5821 843 5872 κατ’
872 5820 1063 5886 ἄλλους
1088 5822 1334 5894 χρόνους]
1363 5820 1589 5883 fortasse
1619 5820 1900 5899 legendum
1931 5832 2050 5886 κατ’
2069 5820 2300 5888 ἄλλωνῖ
2345 5837 2387 5875 ³⁷
2414 5835 2567 5907 νίκης
2602 5853 2711 5893 om.
2742 5837 2782 5894 (Σ
2817 5847 2868 5895 et
2898 5854 2983 5910 pr.
3013 5820 3076 5892 A‘.
