4050 6402
274 397 413 463 1345
918 430 925 437 ο
1297 392 1823 456 BlBLIOTHECA.
1858 418 1927 430 —
1960 394 2123 457 con.
2150 397 2456 459 cexmn.
3010 404 3013 409 ί
3399 393 3534 473 1345

270 508 507 581 πράξεσι
537 505 729 579 χρόνον
756 506 851 561 καὶ
905 504 1098 575 φθόνον
1124 506 1482 576 νικήσαντεςῖ
1511 502 1583 559 Ὦ
1623 506 1723 577 τὴν
1763 508 1843 559 oi-

1951 524 2052 563 non
2083 504 2374 576 columnis,
2414 510 2505 566 sed
2551 509 2765 579 tropzcis
2800 507 3026 564 dimensi
3061 507 3216 564 estis.
3268 505 3388 561 Dixi
3423 507 3536 561 for-

271 601 545 672 κουμένην
579 601 795 654 ἃπασαν
823 599 885 652 οὑ
914 598 1139 667 στήλαις
1167 598 1303 651 ἀλλὰ
1330 599 1609 668 τροπαίοις
1638 601 1844 669 μετρή-

1951 600 2093 655 sitan
2127 601 2305 655 minus
2345 615 2506 669 quam
2556 615 2717 654 causa
2753 600 3020 669 exigebat,
3054 614 3157 654 non
3205 606 3385 653 tamen
3431 599 3534 652 mi-

275 693 502 756 σαντεςῐ
555 691 784 761 Εἴρηται
832 691 1002 761 κάμοὶ
1054 691 1154 760 τῆς
1210 690 1307 760 μὲν
1357 690 1668 754 ὑποθέσεως
1718 693 1848 755 ἴσως

1954 703 2057 744 nus
2089 704 2253 756 quam
2290 688 2378 743 alii
2414 689 2654 759 plurimi.
2688 689 2972 759 Reliquum
3008 699 3110 754 est,
3142 698 3200 743 ut
3248 698 3531 759 postquam

274 784 520 850 ἔλαττον,
564 784 675 838 τῶν
726 783 782 837 δὲ
817 783 1029 837 πολλῶν
1059 784 1158 837 οὑκ
1188 783 1464 838 ἐλάττονα.
1499 784 1756 837 Λείπεται
1785 784 1845 837 δὲ

1956 796 2144 837 omnes
2178 782 2531 837 acclamarint
2555 781 2828 837 memoriae
2849 822 2864 845 .
2898 784 2975 836 sic
3003 797 3190 837 omnes
3229 782 3531 837 discedam.

273 884 509 954 εὐφήμῳ
545 882 639 955 βοῇ
672 882 1124 954 προσηχήσαντας
1160 881 1432 950 πανδημεὶ
1462 881 1667 944 πάντας
1699 880 1743 912 ⁸⁸
1769 879 1847 949 τῷ
1890 878 2155 948 μνήματι,
2192 877 2336 931 οὕτω
2364 880 2462 947 τῆς
2496 879 2662 949 τιμῆς
2693 877 3147 932 ἀπαλλάττεσθαι.

285 976 389 1028 Ἐκ
437 975 545 1028 τοῦ
604 974 1082 1043 Ἀρεοπαγιτικοῦ
1131 974 1181 1041 ἢν
1222 971 1685 1040 ἐλευθερωτυιοῦ
1742 971 1848 1026 τοῦ

344 1046 480 1099 υἱοῦ
510 1046 699 1099 αὐτοῦ
742 1045 844 1098 τοῦ
860 1047 1185 1113 Ῥουφῖνον
1218 1044 1282 1097 ³⁸.
1310 1073 1378 1084 -—-
1408 1044 1478 1097 Τὸ
1502 1043 1842 1113 Προοίμιον.

352 1141 577 1212 Ἄνδρες
611 1142 661 1193 οἱ
702 1141 797 1195 καὶ
851 1139 992 1203 Θεοῖς
1042 1139 1183 1209 ὑπὲρ
1215 1139 1372 1209 νίκης
1418 1138 1585 1191 πάλαι
1622 1138 1716 1191 καὶ
1754 1136 1849 1191 νῦν

289 1228 596 1298 Ἀθηναίοις
622 1228 761 1298 ὑπὲρ
798 1228 1110 1299 ἐλευθερίας
1161 1227 1491 1292 δικάζοντες.
1528 1227 1738 1281 Οὐκοῦν
1772 1228 1850 1293 τῷ

276 1319 428 1390 νόμῳ
476 1320 799 1389 πειθόμενος
844 1319 914 1372 τὰ
951 1319 1048 1389 τῆς
1100 1318 1290 1389 χρείας
1329 1320 1497 1389 μόνης
1524 1318 1851 1390 (φθέγξομαι

278 1412 525 1481 ῥήματα.
565 1410 707 1478 Ἐγὼ
736 1410 826 1463 καὶ
856 1410 1118 1482 σοφιστὴς
1154 1411 1421 1481 ἐγενόμην
1452 1411 1578 1481 παρ’
1610 1412 1737 1481 ὑμῖν
1757 1411 1852 1465 καὶ

276 1502 482 1572 πατήρ.
514 1502 577 1556 Εἰ
626 1502 883 1573 σοφιστὴς
917 1502 1109 1569 δεξιὸς,
1150 1503 1307 1573 ὑμεῖς
1352 1503 1643 1557 ὶπίστασθε
1666 1521 1680 1534 ο
1709 1505 1851 1572 λέγω

275 1594 387 1665 γάρ
413 1596 519 1658 ἀεὶ,
554 1596 646 1649 καὶ
677 1597 776 1666 τὴν
814 1596 950 1665 ἐμὴν
981 1596 1257 1649 πολιτείαν
1290 1596 1403 1666 ἔχει
1434 1597 1505 1650 τά
1537 1597 1740 1669 θέατρα
1760 1613 1773 1627 ο
1803 1598 1851 1650 εἰ

277 1687 462 1758 πατὴρ
507 1687 772 1750 Ἀττικὸς,
809 1689 842 1758 ἠ
880 1687 1129 1758 παροῦσα
1160 1688 1401 1741 δείκνυσι
1449 1690 1749 1760 πρόφασις’
1789 1689 1851 1742 οὑ

278 1777 388 1847 γάρ
422 1777 685 1847 ἀνέχομαι
738 1778 831 1831 τὸν
889 1779 1187 1849 Ἀθηναίων
1236 1780 1403 1832 παῖδα
1459 1780 1533 1850 μὴ
1583 1797 1854 1850 προσαγο·

1954 967 2039 1022 Ea:
2077 969 2492 1035 Areopagelim,
2547 987 2636 1023 seu
2692 986 2793 1039 quo
2846 967 3092 1039 lin/inani
3146 968 3315 1033 ﬁlium
3374 984 3529 1019 suum

2092 1039 2296 1093 liberali
2342 1057 2505 1092 causa
2541 1036 2929 1092 mauu'asserit.
2952 1067 3021 1078 -—
3051 1036 3367 1090 l’roa’mium

2025 1129 2140 1186 Viri
2177 1132 2268 1201 qui
2311 1132 2439 1186 olim
2483 1133 2547 1186 de
2581 1131 2821 1186 victoriis
2855 1147 2975 1185 cum
3006 1130 3111 1183 diis
3144 1128 3527 1190 decertabatis,

1951 1225 2005 1273 el.
2038 1233 2181 1273 nunc
2209 1234 2331 1273 cum
2369 1219 2792 1273 Atheniensibus
2841 1218 2905 1272 de
2953 1218 3220 1271 libertate.
3256 1215 3422 1286 Igitur
3452 1216 3529 1268 le-

1952 1310 2108 1380 gibus
2135 1310 2519 1379 obtemperans
2563 1324 2624 1364 ea
2657 1309 2829 1364 solum
2869 1308 3011 1375 dico,
3038 1324 3158 1376 quae
3200 1306 3528 1361 necessaria.

1952 1399 2062 1469 Ego
2107 1408 2163 1454 et
2198 1410 2352 1469 pater
2384 1400 2522 1469 apud
2578 1415 2671 1455 vos
2723 1400 2975 1469 sophistae
3020 1398 3236 1462 ruimus,
3300 1405 3353 1451 et
3403 1413 3527 1449 num

1953 1501 2177 1558 argutus
2239 1490 2457 1556 fuerim,
2498 1505 2594 1545 vos
2655 1491 2881 1544 novistis
2929 1489 3060 1560 '(hoc
3098 1490 3241 1542 enim
3284 1490 3535 1555 frequen-

1955 1589 2037 1633 ter
2067 1596 2296 1649 usurpo,
2326 1588 2377 1634 et
2413 1597 2586 1635 meam
2617 1580 3009 1634 institutionem
3046 1579 3255 1632 theatra
3298 1577 3531 1646 loquun-

1961 1671 2067 1741 tur)
2101 1688 2224 1724 num
2258 1673 2469 1726 Atticus
2498 1682 2649 1741 pater
2680 1671 2862 1733 fuerit,
2898 1671 3011 1725 hzec
3052 1669 3290 1723 declarat
3332 1667 3526 1721 oratio.

1959 1761 2091 1815 Nolo
2150 1764 2292 1817 enim
2355 1763 2768 1818 Atheniensium
2837 1762 3101 1833 sobolem,
3141 1760 3360 1813 liberam
3422 1774 3527 1813 non

280 1866 461 1939 ρεύειν
506 1867 810 1938 ἐλεύθερον.
850 1848 1097 1921 Πιστεύω
1126 1869 1218 1922 καὶ
1256 1870 1360 1940 πρὸ
1387 1848 1530 1939 ἥϐης
1560 1848 1659 1939 τὴν
1703 1871 1848 1923 ἐλευ-

1957 1854 2249 1923 appellare.
2288 1853 2616 1913 Libertatem
2647 1854 2808 1907 etiam
2863 1863 2988 1906 ante
3035 1853 3375 1922 pubertatem
3422 1848 3531 1902 lilio

278 1959 470 2031 θερίαν
499 1960 575 2031 τῷ
614 1960 784 2014 παιδί.
824 1961 984 2030 Ἐμός
1016 1963 1184 2027 ἐστιν,
1237 1961 1518 2032 Ἀθηναῖός
1570 1962 1851 2026 ἐστινπά-

277 2048 414 2113 λεως
445 2052 538 2104 καὶ
570 2052 733 2105 πλέον
760 2050 1011 2122 τιμώσης
1048 2054 1109 2106 τὸ
1141 2053 1320 2113 κοινὸν
1366 2054 1544 2123 γῆρας
1573 2054 1606 2125 ἢ
1652 2054 1712 2107 τὸ
1741 2054 1850 2107 τῶν

275 2136 529 2207 πατέρων
562 2137 758 2206 ἕτεροι.
793 2132 961 2203 Οὗτός
991 2142 1138 2193 ἐστιν
1181 2129 1244 2194 ἐκ
1286 2140 1652 2212 Πλουτάρχου,
1690 2144 1757 2196 δι’
1789 2137 1850 2197 οὑ

275 2229 487 2292 πάντας
514 2230 672 2299 ὑμεῖς
718 2231 1001 2284 παιδεύετε
1024 2248 1037 2261 °
1074 2224 1228 2295 οὗτος
1260 2234 1324 2285 ὲκ
1362 2233 1725 2287 Μινουκιανοῦ
1755 2234 1849 2287 τοῦ

272 2318 363 2373 διὰ
388 2320 491 2389 τῆς
522 2321 717 2374 ἑαυτοῦ
759 2324 942 2393 φωνῆς
989 2324 1218 2387 πολλοὺς
1248 2324 1508 2387 πολλάκις
1549 2324 1849 2396 ἐλευθερώ-

274 2428 489 2474 σαντος.
522 2412 625 2465 Τὸν
655 2414 718 2465 ἐκ
764 2414 1073 2485 Νικαγόρου
1108 2416 1459 2485 προσήγαγον
1495 2416 1643 2485 ὑμῖν,
1674 2416 1765 2469 τὸν
1793 2416 1852 2481 ἐξ

274 2501 540 2571 ἐμαυτοῦ.
587 2503 861 2571 Σοφιστῶν
896 2505 1023 2575 ὑμῖν
1056 2506 1147 2560 καὶ
1172 2506 1473 2575 φιλοσόφων
1502 2507 1645 2574 λέγω
1681 2508 1849 2562 κατά-

274 2596 453 2665 λογον,
491 2596 742 2667 Ἀττικὴν
789 2596 957 2659 ὅντως
1000 2598 1298 2667 εὐγένειαν.
1342 2600 1553 2669 Ἀφῆκα
1596 2600 1851 2665 πολλάκις

273 2688 372 2749 τὰς
401 2688 495 2741 τοῦ
531 2689 783 2758 σοφιστοῦ
809 2690 1014 2759 φωνάς,
1034 2690 1128 2743 νῦν
1150 2692 1248 2754 τάς
1277 2690 1369 2745 τοῦ
1402 2692 1607 2762 πατρὸς
1624 2692 1847 2763 ἀφίημι.

286 2779 558 2834 Ἐδώκατέ
610 2798 698 2850 μοι
751 2781 915 2834 παῖδα
968 2782 1034 2835 δι’
1087 2782 1335 2835 Ἀττικοῦ
1388 2784 1610 2851 γένους*
1658 2784 1850 2837 λάϐετε

272 2869 461 2924 τοῦτον
490 2870 584 2924 καὶ
607 2871 695 2924 διὰ
720 2874 818 2942 τῆς
843 2872 1026 2943 ψήφου
1048 2874 1091 2904 ⁸ο
1112 2873 1211 2943 τῆς
1242 2874 1514 2944 ὑμετέρας
1544 2873 1848 2945 ἐλεύθερον.

274 2964 485 3016 οὐκοῦν
530 2963 696 3033 ἄφετέ
728 2982 817 3034 μοι
848 2967 915 3035 τῇ
966 2964 1131 3036 ψήφῳ
1166 2966 1257 3019 τὸν
1311 2967 1497 3028 παῖδα,
1532 2966 1626 3019 καὶ
1668 2966 1850 3036 φωνὴν

272 3054 583 3125 ἐλευθέριον
637 3056 1073 3125 συνεπηχήσατε,
1108 3055 1193 3108 ἵνα
1242 3056 1318 3119 ὡς
1360 3056 1642 3127 Ἀθηναῖος
1701 3058 1848 3126 (ίσον

270 3147 384 3217 γάρ
435 3147 608 3199 είπεῖν
646 3145 950 3217 ἐλεύθερος)
1012 3146 1107 3200 καὶ
1155 3146 1288 3217 λέγῃ
1338 3127 1443 3199 καὶ.
1477 3148 1663 3219 γράφῃ
1716 3149 1847 3220 παρ’

272 3239 424 3310 ὑμῖν,
459 3239 561 3292 κᾶν
582 3239 630 3291 οί
671 3237 783 3291 θεοὶ
821 3237 1142 3308 βούλωνται,
1176 3239 1269 3293 καὶ
1298 3238 1669 3310 πολιτεύηται.

270 3394 436 3468 [illi
465 3394 569 3468 “.1
597 3393 700 3468 Ἐκ
735 3394 846 3468 τῆς
895 3394 1193 3468 μονῳδίας
1238 3394 1348 3468 τῆς
1385 3399 1473 3463 εἷς
1512 3397 1620 3451 τὸν
1664 3399 1850 3452 αὐτὸν

486 3465 619 3519 υἱὸν
648 3465 691 3495 ’ί
732 3466 1071 3533 Ῥουφῖνον.
1100 3497 1166 3506 —-
1191 3466 1260 3519 Τὸ
1302 3468 1634 3537 Προοίμιον.

357 3556 555 3610 ’Δδικῶ
580 3557 677 3626 μὲν
704 3556 840 3619 ὅλως
869 3556 1239 3627 φθεγγόμενος
1269 3558 1545 3627 Ῥουφίνου
1573 3561 1847 3630 κειμένου,

270 3646 416 3719 πλὴν
460 3650 508 3700 εί
541 3648 585 3678 ⁸⁸
620 3648 696 3718 τῷ
746 3648 957 3718 δαίμονι
1002 3649 1313 3719 τετήρημαι
1352 3656 1487 3721 πρὸς
1543 3651 1710 3721 μόνην
1752 3652 1850 3722 τὴν

274 3739 546 3813 μονῳδίαν
567 3739 659 3791 τοῦ
690 3739 986 3809 δράματος.
1014 3740 1322 3811 Φθέγξομαί
1351 3758 1413 3809 γε
1444 3742 1623 3811 ὅμως⁶
1659 3742 1718 3794 οὑ
1742 3742 1849 3813 γάρ

274 3846 367 3899 μοι
394 3829 551 3899 θέμις
580 3830 654 3899 μὴ
695 3831 789 3883 καὶ
814 3831 956 3900 λόγῳ
997 3831 1264 3902 θρηνῆσαι
1294 3831 1384 3885 τὸν
1425 3832 1604 3884 αὑτῶν
1634 3832 1740 3885 τῶν
1764 3833 1851 3886 λό-

270 3938 387 3989 γων
419 3920 657 3988 ἔκγονον.
702 3918 959 3989 Ἠγνόουν
1000 3922 1056 3975 δὲ
1088 3923 1195 3994 ἄρα
1243 3924 1271 3975 ὁ
1313 3922 1544 3986 δείλαιος
1581 3924 1701 3976 ἀντὶ
1753 3924 1851 3993 μὲν

270 4015 515 4086 λουτρῶν
546 4017 769 4080 ἀνιστάς
824 4035 906 4070 σοι
951 4018 1187 4086 τάφους,
1223 4018 1343 4071 ἀντὶ
1387 4018 1442 4070 δὲ
1486 4019 1681 4073 οἰκιῶν,
1715 4018 1850 4089 τύμ-

272 4108 403 4169 ϐους
437 4107 532 4160 κα)⁵
560 4106 809 4177 χώματα,
840 4109 961 4161 ἀντὶ
986 4109 1042 4161 δὲ
1089 4108 1325 4162 πλούτου
1360 4110 1454 4162 καὶ
1489 4109 1671 4179 χλιδῆς
1719 4127 1842 4180 τρα-

268 4198 550 4265 γικώτατα
583 4197 728 4269 δῶρα
755 4198 863 4251 τῶν
914 4200 970 4251 ὲν
997 4198 1336 4269 ἀνθρώποις,
1371 4199 1617 4267 ἐντάφια.
1657 4199 1852 4269 Ἐδημ-

268 4288 509 4357 αγώγεις
561 4288 685 4359 ἄρτι
733 4288 801 4342 τὰ
855 4288 1002 4360 [595
1056 4289 1170 4361 IL]
1222 4289 1411 4360 πρῶτα
1461 4289 1847 4359 φθεγγόμενος,

270 4382 548 4451 ἀνήρτησο
606 4382 786 4434 πᾶσαν
845 4382 941 4451 τὴν
982 4382 1072 4450 ὑφ’
1124 4382 1276 4449 ἥλιον
1304 4384 1418 4444 τοῖς
1486 4382 1719 4451 ἀσήμοις
1771 4382 1850 4434 ἔτι

270 4470 635 4540 κνυζήμασιν.
673 4470 899 4524 Ἐπειθε
942 4472 1233 4541 Περικλῆς,
1267 4471 1400 4524 ἀλλὰ
1450 4472 1589 4542 μετά
1625 4473 1850 4537 Ἀναξα-

1956 1945 2256 1999 committo.
2300 1944 2448 1999 Meus
2492 1954 2594 2009 εει,
2648 1944 2992 1998 Atheniensis
3044 1953 3151 2009 est,
3201 1944 3397 1994 donum
3448 1949 3530 1993 est

1958 2032 2229 2101 publicum
2263 2035 2470 2088 civitati
2511 2034 2630 2103 plus
2667 2036 2876 2088 caneris
2915 2036 3209 2087 honoratas.
3254 2031 3350 2084 llic
3385 2030 3526 2083 enim

1952 2131 2035 2177 est
2078 2122 2375 2187 Plutarchi,
2427 2139 2532 2192 quo
2595 2138 2691 2179 vos
2742 2140 2928 2177 omnes
2980 2123 3238 2191 magistro
3292 2119 3528 2174 utimini.

1953 2212 2041 2266 hie
2075 2212 2391 2279 Minuciani,
2424 2214 2515 2282 qui
2562 2229 2657 2268 sua
2706 2231 2836 2267 voce
2880 2212 3071 2283 36511
3109 2214 3366 2282 plurimos
3409 2226 3530 2280 per-

1952 2320 2095 2373 szepe
2146 2305 2346 2359 liberos
2402 2305 2548 2371 fecit,
2610 2306 2753 2359 hunc
2821 2303 3097 2373 N;cagor:n
3155 2303 3323 2356 lilium
3378 2300 3529 2355 vobis

1953 2396 2312 2459 adduximus,
2364 2406 2416 2450 et
2467 2397 2604 2450 hanc
2654 2410 2829 2449 meam
2878 2396 3101 2464 prolem.
3152 2393 3527 2463 Sophistarutn

1954 2487 2127 2551 vobis,
2185 2486 2736 2555 pltilosolthorutnque
2788 2499 3044 2541 recenseo
3094 2485 3315 2549 seriem,
3366 2485 3529 2537 decus

1953 2590 2084 2629 sane
2139 2576 2350 2629 Atticm.
2409 2574 2581 2631 Omisi
2639 2591 2781 2645 saepe
2861 2575 3222 2644 sophistarum
3274 2576 3527 2637 nomina,

1956 2681 2098 2718 nunc
2142 2666 2312 2735 patris
2355 2666 2564 2720 omitto.
2600 2665 2835 2718 Dedistis
2880 2665 3045 2719 lilium
3088 2665 3241 2729 mihi,
3274 2666 3525 2734 quoniam

1953 2756 2304 2810 Atheniensis
2349 2767 2453 2820 est,
2488 2756 2717 2823 accipite
2753 2756 2867 2825 jam
2906 2756 3150 2809 eumdem
3189 2766 3368 2809 vestra
3405 2762 3563 2809 sen-‘

1955 2849 2118 2901 tentia
2182 2847 2432 2901 liberum.
2479 2849 2765 2902 redditum.
2822 2847 2997 2914 Quare
3071 2848 3324 2901 dimittite
3396 2849 3524 2899 mihi

1954 2950 2136 2994 vestro
2170 2942 2390 2993 decreto
2432 2940 2620 3003 lilium,
2650 2948 2701 2994 et
2740 2940 2862 2993 dein
2905 2955 3088 2994 vocem
3133 2939 3276 2991 illam
3326 2938 3525 2991 libera-

1955 3033 2079 3098 lem,
2109 3048 2199 3086 seu
2234 3032 2492 3086 vindicias
2516 3031 2810 3085 secundum
2840 3030 3142 3084 libertatem
3169 3028 3524 3093 acclamante,

1953 3137 2012 3180 ut
2065 3138 2321 3195 tanquam
2368 3124 2714 3179 Atheniensis
2764 3122 2925 3193 (quod
2972 3130 3054 3175 est
3096 3136 3158 3175 ac
3204 3120 3248 3174 si
3290 3120 3524 3174 dicerem

1876 3228 1919 3283 (ζ
1953 3215 2108 3284 liber)
2141 3216 2279 3284 apud
2310 3230 2403 3268 vos
2435 3223 2490 3269 et
2520 3214 2689 3278 dicat,
2720 3222 2774 3267 et
2802 3212 3023 3274 scribat,
3053 3220 3126 3273 et,
3158 3209 3201 3264 si
3232 3209 3302 3263 dii
3338 3209 3524 3273 velint,

1952 3305 2115 3359 etiam
2147 3304 2199 3358 in
2238 3302 2528 3373 Republica
2566 3304 2801 3356 honores
2830 3310 3171 3369 assequatur.

1951 3398 2001 3449 E
2052 3395 2259 3464 funebri
2315 3396 2655 3456 laudatione,
2731 3410 2909 3464 qunm_
2948 3393 3000 3446 in
3057 3392 3226 3464 lilium
3289 3392 3524 3445 eumdem

2253 3464 2502 3532 Ruﬁnum
2534 3462 2749 3517 habuit.
2770 3490 2840 3504 —-
2876 3462 3217 3515 Prommium.

2026 3579 2181 3645 Quod
2211 3579 2321 3648 jam
2358 3588 2573 3633 mortuo
2619 3577 2811 3631 Rnlino
2837 3577 2995 3631 verba
3036 3575 3215 3629 facere
3259 3576 3430 3640 ἰηι·ῐιί
3474 3570 3523 3627 no

1954 3668 2091 3724 facio
2126 3671 2328 3739 inique,
2364 3671 2465 3724 nisi
2510 3686 2537 3724 a
2582 3669 2802 3723 numine
2834 3669 3066 3736 quodam
3111 3669 3178 3721 ad
3223 3668 3523 3721 monodiam

1954 3756 2212 3811 dramatis
2250 3768 2493 3812 servatus
2541 3758 2641 3810 sim
2677 3773 2689 3810 :
2724 3756 2911 3825 loquar
2961 3764 3162 3809 tamen.
3215 3752 3326 3806 Non
3378 3756 3523 3808 enim

1953 3848 2081 3900 mihi
2116 3848 2194 3901 fas
2234 3858 2317 3903 est
2365 3851 2610 3902 oratione
2656 3846 2802 3900 illum
2848 3862 2954 3900 non
3000 3845 3283 3913 deplorare
3332 3845 3523 3898 horum

1951 3936 2275 4004 eloquentiae
2311 3938 2611 3991 studiorum
2654 3936 2951 3989 alumnum.
2993 3934 3305 3989 Nesciebam
3348 3934 3528 4001 itaque

1954 4024 2137 4079 infelix
2171 4042 2266 4096 pro
2298 4027 2503 4081 balneis
2539 4041 2624 4080 me
2658 4025 2751 4078 tibi
2785 4025 3112 4093 sepulcrum,
3144 4039 3241 4093 pro
3279 4025 3527 4077 domibus

1954 4117 2188 4179 bustum,
2221 4127 2273 4170 et
2305 4117 2590 4181 tumulum,
2639 4132 2737 4185 pro
2785 4116 2987 4169 divitiis
3026 4125 3080 4169 et
3128 4116 3399 4183 voluptate
3438 4116 3526 4170 fu-

1953 4207 2179 4273 neralia,
2212 4223 2331 4276 quae
2380 4208 2690 4261 hominibus
2738 4208 2976 4260 onminm
3018 4207 3326 4261 tristissima
3379 4218 3522 4270 sunt,

1952 4299 2184 4369 erigere.
2216 4299 2427 4361 Dixisti,
2458 4299 2632 4368 primo
2661 4315 2830 4369 nuper
2850 4302 2913 4351 ad
2939 4298 3191 4368 populum
3223 4312 3521 4367 perorans':

1952 4406 2165 4445 οιιιιιειιι
2214 4405 2334 4459 qum
2388 4389 2490 4444 sub
2544 4389 2656 4443 sole
2703 4399 2785 4443 est
2835 4399 3034 4443 terram
3085 4387 3351 4441 indecoris
3392 4387 3525 4439 meis

1953 4484 2135 4537 verbis
2190 4483 2443 4551 implebo.
2497 4480 2773 4535 Persuasit
2817 4480 3109 4549 aliquando
3139 4478 3396 4541 Pericles,
3432 4480 3523 4533 sed

267 4564 439 4635 γόραν
462 4563 775 4634 δημηγόρος
796 4580 809 4591 ·
854 4564 918 4617 σὺ
948 4564 1004 4617 δὲ
1043 4563 1187 4634 ἦσθα
1218 4563 1530 4634 δημηγόρος
1572 4564 1635 4616 ὲκ
1671 4565 1848 4633 μέσων

1957 4582 2238 4641 postquam
2292 4573 2358 4624 ab
2403 4571 2720 4638 Anaxagora
2766 4570 2873 4641 (.H)
2922 4569 3097 4623 factus
3134 4578 3276 4622 esset
3315 4578 3521 4632 orator,

269 4655 625 4725 σπαργάνων.
682 4650 845 4708 Εἷλεν
908 4654 1253 4725 Ἀλκιϐιάδης
1303 4656 1425 4709 ὅλον
1485 4654 1545 4706 τὸ
1602 4654 1845 4726 θέατρον,

265 4746 386 4801 ἀλλ’
416 4747 678 4817 ἀκμάζων
713 4748 811 4817 ἤδη
842 4746 941 4819 τὴν
969 4746 1117 4817 ὥραν
1144 4749 1238 4799 καὶ
1261 4746 1357 4815 τὴν
1404 4746 1621 4816 ἠλικίαν
1654 4765 1849 4818 μειρα-

266 4837 586 4907 κιούμενοςο
623 4840 686 4893 σὺ
733 4838 791 4892 δὲ
821 4837 902 4891 ἔτι
926 4838 1029 4911 τῷ⁸
1064 4838 1256 4909 μασθῷ
1278 4838 1324 4870 ⁸³
1378 4838 1471 4891 καὶ
1501 4837 1579 4909 τῷ
1614 4838 1846 4907 γάλακτι

267 4930 689 5001 προσκείμενος.

342 5015 411 5071 Ὦ
477 5018 649 5084 πάθος
706 5020 807 5090 τῆς
853 5017 1123 5090 Αἰσχύλου
1182 5020 1594 5091 μεγαλοφωνίας
1648 5020 1835 5087 ἄξιονί

274 5109 542 5179 Ἠρακλεῖ
572 5111 668 5181 μὲν
693 5112 880 5181 ἐδέησε
903 5111 1106 5182 πολλῆς
1128 5111 1375 5182 περιόδου
1405 5112 1622 5165 καὶτῶν
1647 5112 1843 5178 ἄθλων,

262 5194 441 5269 οἶμαι,
468 5199 579 5254 τῶν
617 5200 855 5267 δώδεκα,
910 5202 999 5256 ἵνα
1050 5204 1330 5274 μάρτυρας
1358 5202 1458 5271 τῆς
1495 5202 1695 5274 ἀρετῆς
1746 5204 1844 5273 τὴν

264 5290 359 5360 ὑφ’
389 5291 540 5361 ἥλιον
575 5292 752 5345 πᾶσαν
798 5284 1091 5362 κτήσαιτο*
1148 5290 1212 5343 σὺ
1254 5290 1311 5343 δὲ
1350 5291 1480 5344 εἵσω
1500 5289 1594 5344 τοῦ
1640 5290 1838 5344 κύκλου

1950 4672 2003 4715 ιιι
2051 4672 2236 4716 orator
2278 4677 2307 4716 e
2359 4662 2643 4716 cunabulis
2693 4662 2971 4714 exstitisti.
3015 4659 3319 4712 Alcibiades
3355 4667 3521 4711 totum

1946 4762 2257 4822 suggestum
2308 4754 2613 4822 occupavit,
2670 4753 2763 4806 sed
2819 4752 2871 4805 in
2924 4749 3053 4805 ﬂore
3099 4749 3416 4817 juventutis,
3471 4756 3525 4801 tt

1944 4854 2103 4898 relate
2147 4844 2549 4897 adolescentia.
2587 4843 2687 4915 [At
2741 4850 2797 4897 tu
2848 4841 3143 4897 etiamnum
3184 4840 3436 4893 uberibus
3471 4847 3525 4892 et

1944 4935 2081 4989 laete
2114 4934 2398 5005 nutritus.]

2018 5024 2063 5079 Ο
2094 5025 2245 5079 dolor
2279 5024 2518 5095 [Esehyli
2557 5024 2747 5093 dignus
2777 5022 3076 5079 cothurno!
3122 5019 3403 5075 llereulem
3450 5028 3529 5073 te-

1955 5128 2042 5166 ras
2073 5115 2379 5183 pervagari,
2412 5112 2651 5181 oportuit
2681 5122 2735 5166 et
2780 5111 2846 5165 12
2890 5110 3025 5165 adeo
3075 5109 3287 5162 labores
3320 5107 3523 5169 subire,

1954 5213 2011 5257 ut
2044 5213 2311 5260 terrarum
2364 5204 2549 5258 orbem
2596 5202 2760 5258 veluti
2812 5201 3029 5255 virtutis
3064 5214 3177 5255 sua:
3217 5206 3406 5252 testem
3438 5212 3525 5249 re-

1946 5293 2253 5368 linqueret.‘
2278 5298 2357 5353 Tu
2386 5315 2513 5354 vero
2536 5298 2673 5352 intra
2702 5306 2821 5352 tuos
2848 5303 3212 5351 commoratus
3242 5291 3520 5355 terminos,

1566 5448 1798 5506 VARUS
1838 5452 2239 5513 LECTIONES.

370 5564 415 5598 ⁸⁸
445 5563 649 5633 πάντας
676 5564 933 5633 expungit
984 5562 1061 5633 Δ,
1093 5576 1199 5633 om.
1255 5561 1315 5616 C.

268 5634 387 5691 υἱὸν
416 5632 579 5689 αὑτοῦ
615 5633 673 5687 Β.
751 5635 796 5669 ⁸³
825 5632 897 5705 εί]
930 5635 988 5686 έν
1040 5632 1147 5685 AC.
1224 5632 1283 5701 "_
1334 5633 1523 5703 μαστῷ
1572 5652 1631 5699 ς.

1394 5564 1437 5602 ³⁸
1472 5564 1564 5636 ῖοῦ
1614 5562 1922 5633 Ῥουφῖνον]
1947 5563 2165 5634 ροᾩίνου
2230 5563 2291 5618 B.
2370 5566 2415 5604 ιο
2457 5565 2550 5635 τῆς
2576 5564 2757 5636 ψήφου
2792 5561 2919 5618 add.
2960 5560 3027 5615 A.
3104 5558 3146 5591 ιι
3178 5553 3338 5608 αὑτὸν
3373 5546 3525 5622 υἱὸν]

1772 5741 2005 5801 ΝΟΤΑΕ.

350 5818 463 5887 (41)
496 5815 669 5874 Valer.
702 5815 839 5871 Max.
877 5815 968 5870 lib.
1006 5830 1035 5867 ν
1066 5826 1202 5870 εχιτ.
