4050 6412
472 392 605 459 1347

1617 398 1880 460 ΡΗΟΤῙΙ
1913 398 2417 461 ΡΑΤΒῙΛΒΟΠᾸΞ
2456 398 2568 461 CP.

3598 388 3740 461 1348

467 506 682 577 egregie
728 505 885 564 factis
936 506 1183 565 Herculis
1225 508 1504 565 columnas
1550 511 1706 567 nobis
1750 512 2039 582 superasti.

2157 511 2327 581 μένων
2358 510 2635 581 ὑπερέϐης
2693 507 2794 572 τὰς
2846 508 3045 581 στήλας
3064 509 3198 581 ήμῖν
3229 508 3331 574 τάς
3374 507 3741 579 Ἡρακλείους

466 598 641 665 Quod,
669 612 871 667 quaaso,
904 615 1103 655 numen
1135 615 1356 655 auream
1391 602 1671 657 caesariem
1710 602 1926 656 familia:
1957 602 2049 656 de-

466 689 646 745 tondit
695 704 827 745 mea:
881 689 1032 762 (42)?
1085 693 1209 761 quis
1262 693 1448 762 gloria:
1512 709 1645 748 mea:
1704 695 2047 763 splendorem

465 784 768 840 exstinxit?
838 800 1087 855 quamam
1164 784 1363 842 furiam
1435 803 1696 857 genarum
1774 788 2046 851 ruborem,

465 874 721 930 blandum
768 874 1182 948 jucundumque
1233 879 1409 935 vultus
1458 880 1531 934 tui
1593 880 1763 934 risum
1810 876 2051 949 eripuit?

466 970 580 1036 Qua
631 972 858 1036 ratione,
895 972 999 1027 heu
1048 988 1155 1037 me,
1188 988 1378 1042 passus
1411 988 1493 1038 es,
1531 988 1564 1028 ο
1607 973 1789 1039 Liber,
1828 989 1859 1030 e
1900 974 2048 1030 delu-

465 1058 582 1114 bris
635 1061 743 1115 tuis
789 1076 1004 1117 sacrum
1059 1062 1218 1129 diripi
1263 1062 1563 1132 juvenem?
1598 1062 1899 1119 Commune
1948 1064 2051 1120 hoc

467 1154 751 1208 adversum
787 1163 838 1209 te
878 1169 1162 1224 meamque
1197 1155 1455 1209 fainiliam
1488 1156 1754 1227 Erinnyes
1786 1165 2046 1226 troptenm

468 1244 725 1297 fixerunt.
771 1244 880 1299 Cnr
906 1246 953 1299 ei
1017 1244 1317 1300 thalamum
1387 1246 1679 1315 nuptialem
1734 1245 2048 1302 inferiorem

466 1351 575 1389 non
611 1336 890 1405 apparavi,
920 1337 1356 1406 quandoquidem
1402 1338 1738 1407 superiorem
1777 1337 1827 1393 ei
1860 1336 2049 1392 Parca:

469 1425 796 1479 inviderunt.
845 1425 1002 1491 Hem,
1052 1427 1249 1495 quibus
1294 1442 1454 1496 quam
1510 1428 1755 1482 tristibus
1804 1438 2051 1483 servatus

467 1531 587 1571 sum
651 1515 910 1572 luctuosis
967 1517 1351 1572 sermonibus!
1413 1517 1613 1589 366a
1670 1518 1865 1573 Omnia
1927 1533 2050 1574 cum

467 1608 774 1662 orationum
803 1616 1123 1677 argumenta
1158 1607 1463 1674 tractarim,
1495 1624 1659 1662 unum
1692 1608 1868 1664 luctus
1901 1625 2051 1664 sem-

466 1711 564 1767 ‘per
594 1698 893 1762 declinavi;
936 1698 1243 1752 nesciebam
1293 1699 1436 1753 enim
1488 1713 1573 1752 me
1619 1700 1756 1755 meis
1800 1699 2051 1757 lamentis

470 1788 699 1843 servari.
748 1786 865 1841 Jam
909 1786 1115 1857 pridem
1170 1780 1450 1858 cogitabas
1500 1799 1646 1842 tuum
1685 1790 1813 1844 hinc
1845 1791 2049 1847 disces-

468 1898 608 1947 sum,
640 1882 751 1951 jam
793 1881 999 1950 pridem
1035 1882 1177 1946 aliis,
1213 1883 1302 1950 qui
1334 1894 1606 1951 poterant,
1648 1886 2047 1954 conjiciendum

470 1974 760 2043 reliquisti,
789 1973 931 2043 quod
963 1975 1065 2028 hac
1098 1985 1247 2028 sorte
1276 1975 1468 2029 melior
1491 1992 1663 2030 esses.
1698 1978 1740 2031 0
1773 1978 1861 2046 qui
1892 1989 2048 2034 antea

467 2067 644 2121 aetatis
703 2067 961 2119 terminos
1016 2065 1280 2119 virtutum
1340 2065 1557 2121 dotibus
1607 2069 1888 2135 transisti,
1939 2069 2050 2138 jam

466 2174 597 2211 vero
636 2167 810 2211 morte
840 2157 1218 2212 commntasti!
1247 2158 1358 2227 fqui
1394 2156 1636 2213 fraterno
1672 2175 1857 2215 amore
1887 2163 2049 2216 etiam

470 2248 761 2304 Dioscttros
792 2246 1085 2315 superasti.
1127 2247 1209 2301 llli
1241 2248 1457 2316 quidem
1485 2264 1582 2317 pro
1613 2247 1818 2305 Helena
1856 2251 2052 2306 bellum

469 2346 779 2408 gesserunt,
834 2347 1045 2405 raptum
1107 2348 1284 2391 tamen
1341 2338 1756 2407 prohibuerunt.
1798 2340 1877 2394 'fu
1926 2356 2055 2397 vero

471 2428 660 2485 fratris
691 2429 765 2483 tui
798 2428 1042 2497 germani
1074 2437 1261 2484 custos
1290 2430 1433 2483 omni
1475 2445 1630 2485 muro
1686 2446 1809 2488 eras
1841 2431 2053 2501 fortior,

474 2530 529 2575 ιιι
560 2520 811 2574 omnibus
840 2518 1044 2572 morbis
1070 2517 1185 2573 solo
1214 2519 1379 2573 animi
1412 2521 1608 2576 robore
1640 2536 1854 2591 semper
1891 2526 2055 2580 resti-

476 2607 941 2677 tisti.,lmprobus
995 2607 1228 2665 fortasse
1276 2611 1507 2679 dannon,
1552 2621 1607 2667 et
1655 2613 1889 2671 crudelis
1938 2616 2057 2673 idco

475 2730 650 2776 tecum
696 2718 995 2783 contendit,
1031 2719 1317 2795 et_mnltis
1365 2719 1569 2789 praeliis
1610 2733 1895 2792 superatus
1938 2732 2057 2779 tan-

473 2814 593 2867 dem
627 2810 916 2878 aliquando
967 2809 1325 2865 clandestinis
1370 2820 1425 2866 et
1471 2811 1751 2870 fallacibus
1789 2818 2058 2874 machinis

476 2912 528 2957 te
564 2902 879 2972 prostravit.
912 2899 1097 2970 Neque
1123 2916 1251 2956 vero
1277 2903 1487 2958 cessisti
1518 2905 1585 2959 ad
1612 2914 1856 2962 extrema
1888 2924 2060 2980 usque

474 2991 736 3055 dmmoni,
793 3000 851 3043 ut
904 3004 1194 3059 possumus
1248 2992 1470 3060 audire,
1523 2996 1614 3055 sed
1658 3010 1889 3066 corpore
1933 3001 2062 3056 licet

475 3084 728 3148 cesseris,
775 3082 956 3137 animo
1013 3097 1118 3136 non
1158 3084 1395 3139 cessisti.
1447 3085 1648 3141 Verum
1701 3090 2061 3160 strangulavit

2150 601 2262 664 τοῖς
2289 599 2554 669 θαύμασι.
2585 599 2683 663 Τίς
2714 597 2976 668 ἀπέκειρε
3002 598 3213 669 δαίμων
3242 598 3344 669 τῆς
3373 600 3516 669 ἐμῆς
3546 599 3739 662 ἐστίας

2150 692 2243 746 τὸν
2288 691 2525 763 χρυσοῦν
2562 691 2892 764 βόστρυχον;
2942 692 3025 755 τίς
3078 691 3169 746 τὸν
3205 692 3412 763 πυρσὸν
3447 692 3545 761 τῆς
3593 691 3738 762 ἐμῆς

2150 782 2308 853 δόξης
2353 782 2581 849 ἐσδεσες
2613 783 2698 846 τίς
2737 781 2999 853 Ἐρινύων
3026 782 3073 814 ⁸⁸
3111 782 3174 835 τὸ
3222 782 3467 852 παρειῶν
3508 781 3739 848 ἔρευθος

2152 874 2248 927 καὶ
2273 873 2334 926 τὸ
2365 873 2634 945 προσηνὲς
2676 874 2769 926 καὶ
2793 874 2892 943 ἡδὺ
2942 873 3208 943 μειδίαμα
3259 872 3367 925 τῶν
3424 872 3533 925 σῶν
3564 888 3736 942 προσ-

2150 964 2315 1019 ώπων
2342 964 2643 1035 ἐσύλησεν;
2674 964 2857 1034 Οτμοι,
2879 965 3119 1019 Διόνυσεῑ
3148 963 3265 1027 πῶς
3287 964 3527 1034 ἤνεγκας
3553 964 3619 1017 ἐκ
3637 961 3738 1016 τού

2154 1057 2249 1112 σοῦ
2297 1057 2559 1127 τεμένους
2605 1058 2768 1111 παῖδα
2790 1056 2881 1110 τὸν
2913 1058 3058 1129 ἱερὸν
3097 1057 3513 1126 ἁρπαζόμενον;
3553 1056 3740 1109 κοινὸν

2152 1151 2354 1221 ἔστηκε
2376 1150 2520 1203 κατὰ
2550 1149 2643 1202 σοῦ
2670 1152 2883 1220 καὶτῆς
2905 1151 3045 1221 ἐμῆς
3082 1149 3267 1212 ἑστίας
3308 1148 3549 1221 Ἐρινύσι
3578 1148 3739 1201 τοῦτο

2151 1242 2212 1296 τὸ
2241 1242 2285 1273 ⁸⁵
2317 1242 2602 1313 τρόπαιον.
2638 1242 2702 1295 Τί
2731 1242 2788 1295 δὲ
2818 1243 2914 1313 ούχ
2949 1242 3243 1314 ἡτοίμαζον
3276 1241 3427 1311 αὒτῷ
3451 1242 3545 1295 τὸν
3583 1242 3739 1296 κάτω

2154 1334 2419 1405 θάλαμον,
2453 1334 2642 1403 ἐπειδὴ
2670 1334 2770 1398 τὰς
2798 1334 2909 1388 ἄνω
2933 1334 3210 1396 παστάδας
3252 1332 3513 1404 Ἐρινύων
3540 1332 3740 1401 φθόνος

2153 1426 2501 1497 ἐξήρπασε-ις
2527 1426 2669 1490 οἵαις
2696 1426 2985 1497 μονῳδίαις
3012 1427 3322 1497 τετήρημαι
3348 1443 3363 1492 ;
3393 1426 3575 1489 πάσας
3603 1426 3743 1478 imo-

2154 1516 2329 1580 θέσεις
2356 1516 2637 1587 τολμήσας
2675 1516 2847 1585 λόγων
2880 1517 3075 1587 μόνους
3105 1518 3233 1579 τοὺς
3265 1515 3497 1588 θρήνους
3527 1515 3742 1580 ἐξέκλιι

2153 1626 2263 1663 νον.
2308 1609 2632 1664 Ἐλάνθανον
2656 1610 2712 1663 δὲ
2735 1609 2843 1680 ἄρα
2870 1613 2983 1673 τοῖς
3012 1608 3254 1680 ἐμαυτοῦ
3281 1610 3503 1681 θρήνοις
3535 1610 3742 1680 τηρού-

2158 1718 2340 1769 μενος.
2395 1700 2688 1773 Πόρρωθεν
2736 1701 2845 1772 ἄρα
2876 1701 3255 1772 ἐμμελέτησας
3284 1700 3332 1731 ⁸⁸
3373 1701 3475 1771 τὴν
3526 1700 3741 1752 ἐνθένδε

2155 1791 2521 1863 ἀναχώρησιν,
2565 1791 2846 1863 πόρρωθεν
2891 1792 3081 1855 ἐδίδως
3131 1792 3178 1822 ⁸⁷
3233 1795 3367 1857 ,τοῖς
3415 1791 3743 1861 δυναμένοις

2153 1878 2533 1951 τεκμήρασθαι
2560 1880 2641 1933 ὅτι
2676 1882 2942 1950 κρείττων
2967 1880 3074 1952 ἄρα
3105 1874 3248 1951 ἦσθα
3276 1882 3373 1951 τῆς
3402 1882 3532 1953 τῇδε
3556 1880 3603 1913 ⁸⁸
3640 1881 3742 1951 λήο

2155 1973 2312 2038 ξεως.
2350 1968 2421 2024 Ὦ
2450 1970 2718 2042 πρότερον
2762 1973 2889 2035 τοὺς
2926 1973 3025 2042 τῆς
3072 1974 3289 2043 ἡλικίας
3317 1975 3481 2043 ὅρους
3517 1975 3587 2044 τῇ
3627 1973 3741 2025 τῶν

2154 2064 2362 2136 ἀρετῶν
2416 2064 2628 2132 κτήσει,
2666 2064 2785 2120 νυνὶ
2812 2064 2857 2097 ⁸⁸
2900 2064 2956 2118 δὲ
2994 2066 3072 2136 τῷ
3120 2066 3336 2136 θανάτῳ
3386 2065 3743 2136 παραμειψά-

2158 2160 2347 2228 μενοςι
2382 2155 2425 2214 ὦ
2447 2141 2774 2231 φιλαδελφίᾳ
2818 2158 3051 2228 νικήσας
3090 2156 3161 2210 τά
3188 2158 3534 2227 Διοσκούρων
3565 2156 3742 2225 ἐγκώ-

2158 2255 2296 2322 μιαί
2332 2256 2394 2307 Ol
2423 2254 2522 2325 μὲν
2557 2254 2666 2323 γάρ
2699 2252 2840 2322 ὑπὲρ
2892 2249 3113 2321 Ἑλένης
3148 2252 3498 2321 ἐστράτευον,
3553 2251 3651 2322 τὴν
3684 2250 3741 2304 δὲ

2157 2349 2412 2420 ἁρπαγήν
2431 2349 2531 2402 οὐκ
2561 2347 2873 2401 ἐκώλυσανο
2904 2346 2967 2399 σὺ
3002 2346 3056 2399 δὲ
3084 2347 3260 2416 φύλαξ
3282 2348 3378 2417 τῆς
3398 2348 3738 2415 αύταδέλερου

2154 2436 2298 2513 ἦσθα
2326 2440 2528 2504 παντὸς
2559 2439 2772 2510 τείχους
2805 2438 3169 2510 ὀχυρώτερος.
3201 2440 3272 2493 Σὺ
3298 2440 3355 2493 δὲ
3392 2440 3535 2511 πρὸς
3561 2440 3740 2503 πάσας

2157 2533 2345 2593 νόσους
2374 2532 2537 2602 ἔστης
2562 2530 2649 2583 ἀεὶ
2682 2530 2830 2600 μόνῳ
2852 2528 2931 2599 τῷ
2968 2530 3067 2600 τῆς
3107 2528 3285 2600 ψυχῆς
3318 2530 3736 2600 παραστήματι.

2170 2622 2576 2693 Ἐφιλονείκησέ
2612 2637 2694 2674 σοι
2741 2620 2830 2673 διά
2862 2620 3019 2674 τοῦτο
3049 2621 3229 2684 ίσωςὸ
3264 2621 3499 2692 πονηρὸς
3532 2621 3739 2692 δαίμων

2158 2716 2252 2769 καὶ
2307 2715 2521 2785 ἄγριος,
2556 2716 2650 2769 καὶ
2688 2713 2889 2777 πολλάς
2931 2711 3191 2783 ήττηθεὶς
3243 2712 3424 2783 μάχας
3472 2714 3574 2783 ὀψέ
3611 2732 3738 2768 ποτε

2159 2805 2405 2876 λαθραίῳ
2468 2806 2753 2861 κατέσεισε
2803 2806 3180 2877 μηχανήματι.
3248 2803 3413 2870 Εἷξας
3482 2806 3541 2859 δέ
3623 2807 3741 2860 οὐδὲ

2159 2898 2287 2969 ἀχρι
2333 2898 2441 2951 τῶν
2497 2900 2765 2971 ἐσχάτων,
2799 2898 2875 2963 ὡς
2924 2898 3073 2951 ἐστιν
3098 2897 3341 2966 ἀκούειν,
3387 2898 3468 2967 τῷ
3502 2899 3735 2969 δαίμονι,

2160 2988 2296 3042 ἀλλά
2323 2987 2676 3060 παραχωρῶν
2730 2987 2825 3041 τοῦ
2863 2986 3119 3058 σώματος
3155 2987 3249 3041 τοῦ
3298 2992 3649 3058 φρονήματος
3678 2988 3736 3039 ού

2162 3081 2588 3152 παρεχώρησας.
2628 3081 2769 3134 Ἀλλ’
2798 3081 2826 3133 ό
2861 3080 2959 3152 μὲν
2993 3076 3131 3151 ἦγχε
3154 3081 3200 3114 ³⁰
3231 3080 3328 3134 καὶ
3372 3081 3643 3145 ἐϐιάζετο.
3675 3082 3737 3134 σὺ

477 3178 587 3244 ille,
624 3193 827 3248 perque
868 3176 976 3231 vim
1028 3175 1276 3244 abstulit;
1330 3187 1387 3231 tu
1420 3193 1549 3233 vero
1602 3181 1653 3234 in
1705 3182 1821 3250 ipso
1867 3184 2053 3255 laqueo

2162 3172 2311 3226 δὲέκ
2344 3172 2510 3242 μέσου
2554 3172 2649 3226 τοῦ
2680 3173 2879 3245 βρόχου
2922 3172 3181 3237 διετέλεις
3205 3171 3301 3245 τὴν
3336 3173 3499 3245 φίλην
3538 3191 3621 3228 σοι
3665 3192 3739 3227 τιο

478 3272 713 3325 animam
756 3269 977 3339 agebas,
1022 3268 1314 3323 amabilem
1353 3267 1444 3323 tibi
1493 3270 1757 3326 nutricem
1797 3288 1929 3330 voce
1974 3277 2062 3330 itt-

477 3364 741 3429 clamans,
774 3363 948 3417 donec
981 3371 1032 3416 te
1064 3362 1212 3416 omni
1246 3376 1347 3430 0pc
1379 3362 1719 3430 deatitttttttn,
1751 3366 1829 3421 sic
1871 3365 2064 3436 laqueo

476 3454 765 3511 conclusit.
816 3452 1049 3509 Noverat
1086 3453 1231 3508 enim
1280 3455 1422 3523 quod
1476 3470 1621 3523 saepe
1668 3455 1869 3522 victus,
1910 3468 2063 3528 patre

386 3584 395 3589 ι
476 3556 745 3617 praesente
784 3553 837 3599 et
877 3544 1126 3614 jnvaute,
1159 3544 1509 3601 discesserat.
1544 3545 1766 3605 Viceras
1804 3558 1854 3603 et
1890 3550 2062 3605 obsti-

477 3649 634 3694 natos
704 3636 1117 3704 immobilesque
1175 3635 1422 3706 iudicum
1486 3638 1699 3694 animos
1769 3655 1785 3695 :
1837 3649 1892 3695 et
1948 3650 2059 3695 tum

475 3730 709 3801 primum
746 3742 994 3783 severum
1028 3727 1178 3782 illum
1217 3744 1537 3785 concessum
1571 3730 1757 3785 risisse
1791 3733 2057 3801 apparuit.

479 3823 760 3879 Desiderio
800 3822 874 3877 tui
916 3831 1124 3877 mentes
1159 3822 1279 3876 illas
1314 3821 1534 3889 ﬂexisti,
1572 3837 1707 3892 quas
1736 3824 1807 3878 dii
1848 3824 1948 3894 ipsi
1973 3823 2061 3893 ju-

481 3913 625 3970 dicio
685 3914 1048 3981 disceptantes
1104 3911 1322 3967 ﬂectere
1374 3912 1714 3982 nequierant.
1773 3912 2056 3969 Occlusisti

473 4001 586 4073 iam
633 4001 765 4057 mihi
816 4010 991 4056 morte
1045 4008 1228 4069 portas
1276 4000 1448 4068 urbis,
1476 4000 1750 4058 occlttsisti
1782 4002 2055 4060 Eleusina.

483 4096 599 4163 Qua
633 4095 843 4151 ratione
889 4092 1144 4149 Minerva:
1183 4094 1523 4160 sacrificabo,
1570 4110 1690 4165 quae
1735 4112 1831 4166 pro
1868 4107 1917 4151 te
1948 4097 2056 4151 Fu-

481 4189 617 4243 riam
671 4194 856 4240 contra
909 4185 1205 4240 daemonem
1248 4184 1394 4238 illum
1435 4200 1540 4240 non
1580 4186 1880 4242 excitavit?
1912 4190 2057 4255 Quo-

482 4278 643 4335 modo
692 4278 848 4331 deum
899 4276 1132 4345 patrium
1184 4276 1356 4331 colam
1402 4287 1556 4345 pater
1597 4277 1876 4333 obﬁlium
1925 4295 2055 4336 con-

478 4367 761 4425 tristatns?
810 4365 855 4421 Ο
889 4368 1120 4421 audaces
1160 4368 1469 4422 sermones!
1523 4367 1673 4424 Jacct
1719 4367 1969 4438 Ruﬁnus,
1998 4381 2054 4427 et

476 4479 576 4520 vos
624 4463 801 4518 adhuc
848 4460 1090 4517 floretis?
1143 4459 1187 4515 0
1238 4459 1425 4515 infelix
1510 4460 1724 4532 lingua,
1774 4462 2049 4520 Musarum

2167 3263 2265 3336 θὴν
2292 3266 2337 3297 ⁸¹
2388 3263 2891 3335 ἀναφθεγγόμενος,
2932 3266 3039 3330 ἕως
3090 3267 3273 3338 πάσης
3318 3282 3378 3319 σε
3424 3264 3736 3336 συμμαχίας

2165 3356 2403 3425 ποιήσας
2443 3355 2675 3426 ἔρημον,
2711 3353 2855 3408 οὕτω
2888 3360 3134 3428 προσῆγε
3190 3357 3283 3411 τὸν
3338 3356 3559 3427 βρόχον.
3592 3356 3739 3427 ᾜδει

2162 3446 2269 3517 γὰρ
2298 3446 2374 3509 ὡς
2413 3446 2672 3508 πολλάκις
2696 3446 2957 3516 ἡττηθεὶς
2987 3447 3195 3518 ἀπῆλθε
3224 3448 3318 3501 τοῦ
3364 3447 3574 3518 πατρὸς
3602 3465 3733 3518 παρ·

2162 3539 2315 3600 όντος
2372 3539 2469 3591 καὶ
2522 3539 2966 3604 συνασπίζοντος.
3012 3541 3301 3612 Ἐνίκησας
3338 3541 3438 3595 καὶ
3472 3540 3567 3594 τοῦ
3598 3540 3739 3593 δικαο

2165 3629 2388 3700 στηρίου
2433 3631 2496 3683 τὸ
2548 3632 2810 3699 στεγανόν
2846 3649 2907 3685 τε
2963 3632 3057 3686 καί
3087 3632 3389 3705 ἄτρεπτον·
3436 3632 3597 3702 ὤφθη
3625 3632 3737 3684 τότε

2165 3720 2447 3791 μειδιᾶσαν
2506 3720 2722 3792 πρῶτον
2774 3721 2837 3775 τὸ
2888 3722 3113 3775 σύννουν
3172 3724 3261 3777 ἀεὶ
3323 3723 3631 3793 συνέδριον’
3664 3724 3737 3784 εἰς

2160 3812 2327 3867 πόθον
2363 3812 2539 3883 ψυχάς
2580 3814 2866 3883 ἐκίνησας,
2907 3814 3071 3885 [1115
3105 3814 3200 3888 IL]
3247 3816 3312 3880 ἃς
3354 3817 3456 3869 οὐκ
3485 3816 3739 3884 ἐκίνησαν

2159 3906 2281 3960 οὐδὲ
2311 3905 2425 3959 θεοὶ
2466 3907 2835 3977 δικαζόμενοι.
2886 3907 3243 3973 Ἀπέκλεισάς
3284 3926 3373 3979 μοι
3400 3910 3478 3979 τῷ
3530 3908 3739 3977 θανάτῳ

2158 3998 2257 4063 τάς
2284 3997 2381 4077 τοῦ
2416 3998 2623 4062 ἄστεως
2647 3999 2694 4030 ⁸³
2719 3998 2915 4067 πύλας,
2944 4000 3273 4064 ἀπέκλεισάς
3309 4020 3398 4072 μοι
3427 4004 3530 4075 τὴν
3558 4003 3737 4056 Ἐλευ-

2159 4092 2299 4145 σῖνα.
2343 4090 2469 4156 Πῶς
2514 4090 2715 4162 Ἀθηνᾷ
2764 4091 2932 4157 θύσω,
2981 4092 3137 4165 ἢτὴν
3174 4094 3413 4165 Γοργόνα
3471 4096 3617 4149 κατά
3649 4094 3736 4148 τοῦ

2156 4182 2410 4253 δαίμονος
2442 4183 2581 4254 ὑπὲρ
2623 4184 2741 4248 σοῦ,
2798 4184 3034 4250 παιδίον,
3090 4186 3188 4239 οὐκ
3222 4185 3437 4252 ἐσεισε;
3493 4186 3614 4250 πῶς
3665 4185 3738 4255 τῷ

2156 4275 2396 4347 πατρῴῳ
2436 4275 2829 4347 προσεύξομαι,
2872 4278 3055 4349 πατὴρ
3090 4278 3182 4331 ἐπὶ
3222 4279 3422 4349 παιδίῳ
3466 4278 3737 4348 λυπούμε-

2155 4385 2277 4435 νος;
2310 4365 2381 4420 Ὠ
2427 4368 2691 4441 τολμηροὶ
2724 4368 2965 4442 [59611.]
2999 4369 3174 4439 λόγοιί
3210 4373 3387 4425 κεῖται
3433 4372 3730 4439 Ῥουφῖνοςο

2160 4459 2318 4529 ὑμεῖς
2349 4459 2406 4513 δὲ
2449 4460 2528 4513 ἔτι
2562 4461 2928 4517 νεανιεύεσθε.
2959 4457 3030 4516 Ὦ
3059 4464 3104 4495 ⁵⁸
3130 4462 3397 4533 δυστυχής
3427 4462 3662 4530 γλῶττα,
3691 4454 3733 4515 ὧ

473 4558 626 4629 prius
680 4555 1116 4617 instrumentum,
1158 4567 1302 4606 nunc
1349 4566 1479 4607 vero
1531 4554 1704 4622 turpis
1760 4556 2050 4612 dazmonis!

2162 4551 2423 4623 πρότερον
2474 4553 2573 4623 μὲν
2618 4552 2849 4622 ὄργανον
2884 4554 3155 4615 Μουσῶν,
3219 4556 3336 4607 νυνὶ
3389 4554 3448 4607 δὲ
3493 4553 3730 4621 ἀμούσου

476 4649 522 4704 0
551 4647 641 4719 qui
670 4646 877 4715 clarius
914 4642 1167 4699 Lucifero
1201 4642 1553 4713 splenduisti!
1589 4646 1679 4716 qui
1721 4647 2055 4704 laetissimum

474 4739 607 4795 mihi
638 4748 746 4793 tum
776 4737 916 4792 diem
951 4734 1258 4801 ostendisti,
1292 4750 1414 4789 cum
1451 4744 1501 4790 te
1535 4737 1767 4805 primum
1808 4737 1888 4794 sol
1923 4754 2055 4795 con-

474 4832 683 4902 spexit!
716 4828 833 4884 Jatn
870 4842 1001 4883 vero
1051 4842 1269 4883 rursum
1320 4828 1718 4895 tristissimum,
1752 4845 1860 4899 quo
1904 4846 2058 4888 acer-

474 4925 599 4978 bum
641 4922 814 4989 illum,
856 4928 910 4974 ct
946 4919 1209 4989 tragicum
1249 4919 1497 4974 nuntium
1543 4923 1796 4991 percepi!
1838 4922 1882 4979 0
1914 4940 2054 4994 qua-

473 5016 579 5070 lem
614 5028 797 5068 casum
832 5026 931 5081 pro
960 5011 1059 5065 hac
1093 5024 1208 5081 spe,
1239 5026 1271 5065 o
1294 5013 1530 5079 daemon,
1569 5013 1699 5067 mihi
1730 5014 2009 5069 destinasti
2036 5016 2049 5068 !

477 5105 655 5160 Deﬂeo
683 5102 791 5173 jam
824 5117 985 5174 quem
1028 5101 1335 5159 Minuciano
1376 5104 1856 5179 vehementiorem,
1892 5106 2054 5161 Nica-

476 5212 605 5267 gora
636 5194 966 5266 graviorem,
1000 5191 1298 5248 Plutarcho
1330 5193 1780 5264 eloquentiorem,
1811 5195 2054 5253 Musonio

476 5285 889 5359 sapientiorem,
922 5267 1425 5350 Sexto°fortiorem,
1453 5291 1507 5338 et
1539 5284 1787 5340 omnibus
1822 5276 2056 5357 denique

2159 4642 2447 4713 δαίμονοςῐ
2477 4642 2547 4697 Ὦ
2564 4644 2787 4713 λάμψας
2815 4647 3093 4719 ἑωσφόρον
3117 4646 3415 4717 ταχύτερον
3437 4648 3451 4699 ι
3473 4640 3519 4700 ὧ
3550 4643 3730 4699 πασῶν

2162 4734 2263 4807 μὲν
2310 4736 2492 4801 δείξας
2542 4739 2667 4808 ἐμοὶ
2704 4738 3065 4810 φαιδροτέραν
3116 4740 3352 4809 ἡμέραν,
3386 4739 3475 4791 ὅτε
3522 4755 3581 4790 σε
3629 4732 3728 4789 εἶδε

2160 4827 2375 4899 πρῶτον
2404 4829 2433 4880 ὁ
2465 4829 2636 4899 ἥλιος,
2669 4830 2859 4883 πασῶν
2885 4830 2942 4884 δὲ
2990 4830 3405 4900 ἀφεγγεστάτην
3447 4826 3515 4883 αὖ
3554 4829 3724 4891 πάλιν,

2158 4920 2253 4990 ἀφ’
2294 4914 2361 4993 ἦς
2412 4923 2512 4989 τὴν
2564 4922 2803 4992 δυστυχῆ
2842 4923 2937 4976 καὶ
2983 4922 3251 4995 τραγικὴν
3295 4924 3485 4994 φήμην
3516 4922 3727 4991 κεκόμι-

2144 5014 2332 5082 ’σμαιῑ
2365 5013 2499 5066 υῖαν
2540 5013 2712 5084 τύχην
2753 5013 2870 5066 ἀνθ’
2899 5014 3027 5068 οἴων
3053 5015 3286 5068 ἐλπίδων
3327 5013 3357 5065 ό
3389 5014 3599 5084 δαίμων
3632 5029 3721 5081 μου

2162 5103 2602 5174 κατεψήφισταιῑ
2637 5104 2831 5175 Θρηνῶ
2861 5102 2955 5157 νῦν
2993 5105 3051 5159 ὃν
3075 5105 3373 5175 δεινότερον
3393 5105 3599 5176 ἤλπισα
3621 5104 3717 5157 Μι-

2161 5196 2446 5249 νουκιανοῦ
2501 5193 2864 5266 φθέγξασθαι,
2916 5197 3241 5267 σεμνότερον
3280 5197 3335 5250 δὲ
3398 5194 3713 5264 Νικαγόρου.

2163 5284 2513 5360 Πλουτάρχου
2547 5288 2603 5342 δὲ
2643 5288 3097 5361 εὐγλωττότερον,
3137 5290 3456 5344 Μουσωνίου
3499 5287 3555 5342 δὲ
3583 5284 3714 5356 φιλο-

1768 5441 2003 5497 νΑιιιτΕ
2044 5442 2454 5502 LECTIONES.

1132 5564 1177 5602 ⁸⁸
1200 5562 1262 5615 τὸ
1314 5577 1427 5617 om.
1483 5564 1548 5617 Α.

549 5574 601 5607 δ”
661 5565 918 5639 ἐριννύων
968 5584 1029 5630 ς.
1132 5565 1177 5602 ⁸⁸
1200 5565 1262 5615 τὸ
1314 5577 1427 5617 om.
1483 5565 1548 5617 A.
1658 5570 1703 5601 ιϐ

549 5639 628 5694 ὅδε
662 5642 731 5704 91’
799 5637 847 5669 δ’
872 5636 966 5691 νῦν
995 5636 1061 5690 Α.
1157 5634 1201 5664 ⁵⁰
1231 5628 1366 5703 ἦγχε
1402 5633 1476 5688 Βτ
1513 5628 1625 5704 εἶχε
1661 5652 1720 5698 ς.

473 5639 628 5711 mea
662 5636 731 5704 9'4
799 5637 847 5669 δ’
872 5636 966 5691 νῦν
995 5636 1061 5690 Α.

1658 5570 1703 5601 ⁵⁸
1772 5566 2111 5635 ἐμελέτησας
2156 5567 2197 5622 C
2251 5585 2264 5622 :
2313 5566 2693 5637 ἐμμελετήσας
2717 5584 2778 5631 ς’.

1661 5652 1720 5698 ς.
1817 5637 1861 5667 ⁵¹
1888 5637 2060 5707 τήθην
2092 5654 2172 5706 pr.
2210 5637 2274 5705 Α,
2308 5637 2478 5708 τήθὴν
2503 5638 2564 5704 C,
2590 5637 2757 5709 τηθὺν
2781 5636 2842 5695 Β.

2880 5571 2927 5607 ιτ
2957 5566 3159 5632 ἐδίδους
3187 5566 3249 5620 Β.

2156 5567 2197 5622 C
2251 5585 2264 5622 :
2313 5566 2693 5637 ἐμμελετήσας
2717 5584 2778 5631 ς·.
2880 5571 2927 5607 ιτ
2957 5566 3159 5632 ἐδίδους
3187 5566 3249 5620 Β.

2157 5676 2172 5691 .
2210 5637 2274 5703 Α,
2308 5637 2478 5703 τήθὴν
2503 5638 2564 5703 C,
2590 5637 2757 5703 τηθὺν
2781 5636 2842 5695 Β.
2942 5638 2987 5669 ⁸³
3013 5638 3203 5702 ἄστεος
3234 5655 3273 5703 ς

3348 5570 3394 5607 δ’
3425 5570 3549 5639 τῇδε
3576 5585 3671 5639 mg.
3692 5583 3705 5620 :

3397 5640 3445 5673 ⁸³
3468 5637 3513 5698 ὦ
3533 5637 3710 5697 οωξΑ.

1993 5744 2217 5803 NOTJE.

548 5846 661 5921 (42)
706 5846 849 5920 Virg.
886 5846 979 5903 lib.
1016 5862 1090 5911 tv,
1126 5860 1264 5903 vers.
1291 5844 1393 5904 689
1422 5844 1616 5902 Λίιιεὶεί
1648 5884 1663 5911 ,
1697 5844 1939 5903 Nondum
1968 5846 2054 5902 isti
2096 5843 2412 5916 Proserpina
2448 5848 2735 5913 crinem,...
2767 5863 2829 5905 cx
2870 5847 3138 5918 Euripidis
3179 5849 3460 5909 Afcealide.
