4104 6422
273 422 411 489 1349

1301 426 1813 489 BIBLIOTHECA.
1849 451 1918 463 —
1951 428 2115 488 COD.
2141 429 2445 489 CCXLIII.

3371 435 3507 501 1350

273 535 605 607 σοφώτερον,
662 534 857 601 Σέξτου
902 535 959 590 δὲ
1012 536 1500 610 καρτῖρικώτερον,
1534 541 1751 593 πάντων
1798 539 1842 593 δ’

1950 542 2317 611 superioribus
2350 540 2693 595 illustriorem
2728 540 2923 613 3666
2962 544 3348 615 melioremque
3395 564 3517 618 spe-

267 628 404 697 όμοῦ
432 627 541 682 τῶν
565 628 847 698 προγόνων
867 627 1249 698 λαμπρότερόν
1271 644 1327 680 τε
1356 633 1450 681 καὶ
1472 631 1755 699 κρείττονα
1775 632 1842 687 ⁸³.

266 718 440 782 Αὐτὸς
467 718 566 789 μὲν
591 719 700 789 γὰρ
741 717 1099 789 παρεχώρουν
1135 716 1216 771 ἔτι
1250 715 1554 788 κουρίζοντί
1578 721 1742 774 σοιτὰ
1768 738 1847 775 νι-

269 812 532 881 κητήρεα,
561 810 658 863 καὶ
695 810 821 874 τοὺς
861 810 989 873 σοὺς
1032 808 1224 877 λόγους
1247 808 1355 861 τῶν
1401 810 1638 880 ἐμαυτοῦ
1671 810 1845 879 λόγων

270 900 523 971 ἡγούμην
545 901 891 971 κρείττονας.
909 899 1245 971 Προῦκρινον
1275 900 1385 954 τῶν
1414 902 1846 973 σπουδασμόιτων

1947 646 2191 684 raveram
2233 640 2530 684 oratoruut.
2583 629 2693 700 Ego
2738 632 2855 699 ipse
2896 634 3176 687 victoriam
3212 635 3305 689 tibi
3341 638 3517 691 adhuc

1942 720 2125 790 juveni
2152 720 2532 785 concedebant,
2574 729 2828 791 tuamque
2856 724 3155 779 orationem
3199 742 3313 780 mea
3336 728 3516 797 splen-

1945 813 2210 867 didiorem
2238 814 2397 882 longe
2425 814 2751 880 arbitrabar,
2781 824 2836 868 et
2865 814 3193 870 balbutiente
3227 826 3277 872 te
3304 818 3369 872 de
3397 830 3515 871 stu-

1945 902 2155 956 diorum
2213 904 2422 959 ratione
2469 905 2853 974 praeiudicavi,
2904 908 2998 961 sed
3050 908 3164 962 haec
3200 909 3378 961 omnia
3422 908 3514 962 tibi

267 994 339 1046 τὰ
370 994 439 1047 σὰ
474 993 840 1064 ψελλίσματα.
883 994 1044 1048 Ἀλλὰ
1075 993 1248 1048 ταῦτα
1298 994 1473 1047 πάντα
1509 994 1647 1065 ὁμοῦ
1683 996 1847 1067 συλή-

1950 995 2157 1049 dannon
2215 997 2470 1050 auferens
2517 996 2721 1068 eliugit,
2769 1008 2825 1053 et
2871 999 3001 1053 mibi
3056 998 3293 1053 dolorem
3344 1000 3515 1070 lacry-

271 1095 374 1142 σας
402 1080 431 1132 6
454 1081 665 1150 δαίμων
697 1083 924 1151 οἴχεται,
953 1082 1077 1151 ἐμοὶ
1105 1083 1161 1135 δὲ
1178 1083 1389 1153 ἀφῆκεν
1420 1084 1541 1136 ἀντὶ
1578 1084 1672 1137 σοῦ
1707 1084 1841 1155 θρή-

270 1188 399 1233 νους
418 1172 512 1223 καὶ
539 1171 771 1241 δάκρυα.
794 1173 1076 1242 Κοσμήσω
1099 1189 1159 1225 σε
1194 1173 1289 1225 καὶ
1314 1173 1619 1241 ἐπιταφίοις
1648 1174 1842 1241 ἀγῶσι,

268 1260 367 1312 καὶ
392 1260 700 1330 παραδώσω
722 1262 798 1331 τῷ
822 1263 997 1333 χρόνῳ
1019 1263 1079 1316 τὸ
1101 1263 1194 1317 σὺν
1215 1263 1407 1333 ὄνομα,
1427 1266 1520 1317 καὶ
1544 1266 1672 1336 γενή
1682 1283 1845 1335 σομαι

269 1352 367 1405 τοῦ
401 1352 656 1423 δαίμονος
693 1356 836 1408 κατὰ
867 1356 1027 1409 τοῦτο
1056 1356 1190 1420 γοῦν
1243 1356 1304 1408 τὸ
1336 1356 1501 1428 μέρος
1550 1358 1847 1426 φιλονεικό·

270 1459 429 1515 τερος
460 1444 547 1498 ἵνα
576 1444 675 1517 ἔχῃ
711 1445 809 1516 μὲν
844 1448 1049 1510 ἐκεῖνος
1081 1446 1149 1500 τᾶ
1174 1446 1354 1517 σῶμα,
1397 1448 1498 1518 τὴν
1537 1449 1593 1502 δὲ
1618 1449 1794 1521 ψυχὴν
1817 1450 1847 1503 6

252 1535 524 1604 οὐρανὸς,
550 1537 649 1608 τὴν
679 1536 735 1589 δὲ
765 1536 923 1602 δόξαν
957 1537 1197 1601 ἅπαντες
1226 1538 1525 1611 ἄνθρωποι.

282 1647 388 1701 Ἐκ
424 1648 532 1703 τοῦ
573 1650 660 1714 εὶς
710 1648 978 1717 Σεϐἦρον
1015 1650 1430 1722 suada/logico.
1480 1680 1549 1691 —
1605 1652 1705 1707 Ἐκ
1736 1652 1848 1722 τῆς

866 1720 1248 1788 προθεωρίας.

343 1810 511 1875 Ἴσως
538 1811 636 1883 μὲν
664 1812 729 1867 ἄν
755 1829 832 1879 τῳ
860 1813 1151 1884 περίεργον
1181 1809 1319 1867 εἶναι
1339 1813 1508 1879 δόξειε
1531 1815 1592 1868 τὸ
1614 1815 1721 1886 πρὸ
1739 1816 1846 1870 τῶν

1947 1101 2171 1156 masque
2199 1102 2296 1156 pro
2325 1096 2377 1142 te
2409 1088 2647 1158 reliquit.
2687 1090 2905 1146 Ornabo
2938 1099 2989 1145 te
3020 1090 3160 1146 ludis
3202 1091 3519 1146 funebribus

1946 1187 2000 1232 et
2044 1179 2347 1247 posteritati
2394 1196 2588 1235 nomen
2637 1182 2842 1235 tradam
2885 1191 3055 1245 tuum,
3090 1192 3143 1236 et
3187 1183 3287 1237 hac
3325 1182 3516 1236 saltem

1947 1280 2099 1339 parte
2130 1270 2429 1326 daemonem
2460 1272 2691 1336 vincant,
2720 1283 2777 1326 ut
2818 1272 2907 1326 ille
2946 1274 3158 1341 quidem
3201 1288 3394 1342 corpus
3421 1275 3519 1328 lia-

1947 1360 2096 1425 beat,
2131 1360 2366 1415 animam
2400 1371 2571 1426 astra,
2599 1376 2786 1416 omnes
2815 1362 3062 1417 homines
3097 1362 3316 1419 fatuam.

2018 1645 2105 1700 Ex
2137 1646 2492 1713 Epithalamio
2522 1649 2589 1702 ad
2604 1648 2870 1703 Severum.
2895 1681 2965 1690 -—
2987 1649 3070 1703 EI
3115 1650 3445 1719 pru'fatianc.

2019 1802 2208 1872 Opera:
2251 1804 2481 1872 pretium
2524 1805 2748 1859 forsitan
2798 1807 2974 1861 visum
3020 1823 3123 1861 non
3155 1808 3336 1874 fuerit,
3395 1820 3520 1865 ante

269 1903 648 1973 ὲπιθαλαμίων
674 1903 1013 1974 τεχνολογεῖν
1035 1922 1047 1936 ·
1105 1906 1242 1960 ὃπου
1274 1907 1383 1979 γὰρ
1425 1884 1711 1975 Ὑμέναιος
1752 1909 1845 1961 καὶ

1950 1894 2299 1962 epitltalatnia
2332 1896 2623 1951 artiliciosa
2651 1897 2853 1952 dicere.
2878 1896 3013 1952 Nam
3045 1899 3133 1953 ubi
3177 1900 3515 1971 llymenazus,

266 1995 422 2065 χοροὶ
471 1997 567 2049 καὶ
602 1998 889 2066 ποιητικῆς
925 1998 1254 2071 αὐτονομίας
1284 2001 1456 2065 ἄδεια,
1486 2000 1572 2064 τίς
1610 2000 1844 2055 ἐνταῦθα

264 2085 465 2155 τέχνης
497 2086 718 2156 καιρόςς
759 2086 914 2139 Ἐπεὶ
937 2086 993 2140 δὲ
1038 2088 1141 2159 χρὴ
1170 2087 1262 2142 τὸν
1305 2089 1641 2159 ἐπιστήμονα
1666 2089 1761 2143 κα)⁸
1787 2091 1846 2142 ἐν

267 2180 383 2241 τοῖς
412 2177 674 2241 τοιούτοις
708 2178 876 2249 μηδὲν
901 2178 1031 2232 ἄνευ
1062 2179 1259 2250 τέχνης
1293 2182 1488 2248 ποιεῖν,
1516 2181 1722 2252 βραχέα
1752 2182 1847 2235 καὶ

267 2270 399 2339 περὶ
433 2268 640 2347 τούτων
671 2271 845 2322 εἰπεῖν
895 2270 1067 2337 ἄξιον.
1108 2273 1286 2325 Ἔστω
1336 2273 1518 2326 τοίνυν
1547 2273 1575 2324 6
1628 2272 1847 2343 ἄριστος

265 2359 648 2432 ὲπιθαλαμίων
699 2358 879 2414 κανὼν
924 2361 986 2413 τὸ
1040 2362 1138 2434 τὴν
1190 2363 1288 2431 μὲν
1342 2361 1487 2427 λέξιν
1529 2362 1668 2432 πρὸς
1720 2363 1848 2426 τοὺς

269 2449 505 2519 ποιητὰς
532 2452 686 2521 όρᾷν,
729 2449 800 2503 τὰ
830 2450 1139 2522 πράγματα
1171 2451 1228 2504 δὲ
1251 2452 1388 2522 πρὸς
1425 2453 1523 2523 τὴν
1552 2452 1762 2522 χρείαν,
1787 2452 1873 2507 τὸ,

266 2540 325 2592 δὲ
354 2540 553 2612 μέτρον
597 2541 733 2611 πρὸς
766 2541 864 2614 τὴν
900 2541 1178 2597 ὑπόθεσιν.
1210 2536 1312 2596 Ὧν
1349 2544 1398 2596 εἰ
1439 2543 1657 2596 πάντων
1688 2546 1716 2598 ό
1751 2544 1846 2596 λό-

268 2648 367 2698 γος
394 2632 741 2704 ὲστόχασται,
768 2633 1103 2704 σαφέστερον
1126 2633 1288 2698 δείξει
1318 2634 1378 2687 τὸ
1408 2633 1772 2705 σύγγραμμα.

557 2745 628 2799 Τὸ
654 2747 977 2816 Προοίμιον
998 2748 1102 2801 τοῦ
1138 2747 1556 2809 ἐπιθαλαιιίου.

353 2836 671 2893 Ἀπόλλωνά
731 2856 866 2908 φασι
918 2842 1055 2910 μετὰ
1097 2841 1195 2905 τὰς
1245 2841 1488 2911 μεγάλας
1538 2843 1730 2906 νίκας,
1782 2842 1849 2907 ἃς

200 2980 210 2986 _
270 2925 524 2998 πλήττων
549 2929 647 2998 τὴν
668 2930 837 3001 λύραν
859 2933 1050 3003 ἤρατο,
1068 2932 1319 2985 καὶκατὰ
1337 2934 1623 2988 παστάδων
1646 2934 1851 3005 ἠχῆσαιι

272 3016 436 3085 μέλος
488 3020 776 3090 γαμήλιον.
830 3022 991 3089 Ἀγει
1042 3022 1139 3076 καὶ
1193 3023 1517 3095 Ἀφροδίτην
1565 3023 1650 3092 ἐφ’
1697 3023 1851 3094 ἅρμα

271 3106 550 3177 Χαρίτων,
578 3111 675 3163 καὶ
699 3111 859 3182 χορὸν
893 3111 1143 3183 Ἐρώτων
1178 3115 1580 3185 συμπαίστορα.
1611 3116 1720 3169 Καὶ
1751 3118 1852 3188 τῆς

1944 1986 2118 2051 cltori,
2178 1988 2510 2057 poeticmque
2555 1988 2817 2042 libertatis
2860 1989 3075 2044 licentia
3126 2001 3230 2056 est,
3266 1993 3388 2060 quis
3447 1993 3517 2046 ibi

1945 2080 2046 2133 arti
2082 2079 2269 2135 locus?
2295 2080 2424 2134 Cum
2476 2091 2653 2136 autem
2692 2082 2744 2134 in
2780 2082 2867 2135 bis
2906 2083 3036 2150 ipsis
3086 2084 3201 2137 sine
3232 2094 3347 2138 arte
3389 2084 3521 2139 nihil

1947 2172 2180 2240 peritum
2248 2173 2428 2228 facere
2485 2184 2758 2243 oporteat,
2830 2175 3069 2229 breviter
3119 2177 3183 2228 de
3235 2176 3319 2230 his
3372 2176 3519 2244 loqui

1945 2264 2142 2319 visum.
2179 2264 2263 2318 Sit
2311 2266 2473 2334 igitur
2500 2266 2614 2320 haec
2649 2267 2851 2334 Optima
2889 2267 3364 2336 cpitltalamiorutn
3390 2284 3519 2322 nor-

1948 2370 2055 2420 ma,
2089 2342 2440 2411 considerare
2471 2358 2658 2423 verba,
2694 2368 2751 2411 ut
2782 2361 2833 2411 itt
2868 2359 3092 2427 poeticis
3126 2358 3284 2424 solet,
3320 2374 3429 2412 rem
3465 2369 3523 2414 ut

1947 2445 1999 2500 itt
2033 2446 2183 2500 cltria
2208 2486 2222 2509 ,
2261 2448 2552 2510 modulum,
2587 2464 2685 2519 pro
2727 2451 3027 2517 argumenti
3061 2450 3289 2505 ratione.
3314 2450 3521 2517 Quibus

1946 2536 2198 2591 omnibus
2229 2538 2274 2592 si
2306 2538 2599 2593 accesserit
2624 2540 2820 2606 oratio,
2853 2540 3180 2609 apertiorem
3209 2550 3519 2596 contextum

1947 2626 2156 2681 reddet.

2369 2739 2717 2809 Epithalamii
2750 2739 3093 2796 Prooemium.

2018 2828 2222 2883 Ferunt
2278 2830 2586 2899 Apollinem
2663 2840 2783 2901 post
2844 2831 3179 2887 clarissimas
3238 2833 3518 2899 victorias,

1948 2935 2083 2989 quas
2124 2920 2367 2976 feriendo
2412 2922 2577 2993 lyram
2629 2923 2919 2984 adamavit,
2967 2923 3033 2978 ad
3092 2924 3354 2982 thalamos
3383 2941 3519 2981 con-

1944 3012 2127 3082 jugale
2171 3015 2435 3070 cecinisse
2490 3014 2679 3069 melos.
2723 3014 2987 3070 Venerem
3040 3016 3201 3070 etiam
3253 3017 3305 3071 in
3355 3033 3518 3072 curru

1949 3092 2353 3161 Gratiarumet
2385 3107 2645 3160 Amorum
2689 3106 2912 3162 chorum
2948 3106 3304 3161 colludentem
3349 3110 3518 3177 ducit,

274 3198 376 3269 μὲν
403 3199 645 3272 ὑακίνθῳ
692 3201 790 3265 τὰς
825 3203 1003 3273 κόμας
1048 3203 1341 3272 σφίγξασα,
1387 3205 1526 3277 πλὴν
1562 3207 1683 3261 ὅσαι
1718 3224 1847 3279 μετ-

1951 3207 2005 3253 et
2041 3202 2220 3255 crines
2254 3199 2384 3253 ﬂore
2414 3198 2702 3270 hyacintho
2743 3200 3123 3269 constringens
3163 3199 3296 3271 (45),
3326 3213 3523 3272 praeter

270 3288 407 3361 ὡπῳ
428 3291 475 3323 ⁸⁸
508 3293 844 3365 μερίζονται,
880 3295 978 3360 τὰς
1026 3295 1219 3359 λοιπὰς
1248 3298 1367 3360 ταῖς
1395 3296 1591 3369 αῦραις
1632 3299 1845 3370 ἀφῆκεν

274 3381 693 3453 ύποκυμαίνειν,
717 3387 767 3440 εί
818 3386 1106 3458 πλήττοιεν
1127 3403 1141 3418 ο
1185 3386 1296 3441 τῶν
1323 3388 1377 3442 δὲ
1403 3387 1473 3442 τὰ
1521 3390 1695 3461 πτερὰ
1750 3391 1845 3443 καὶ

271 3472 398 3535 τοὺς
431 3472 764 3545 βοστρύχους
790 3476 976 3548 χρυσῷ
1029 3478 1355 3549 κοσμήσασα
1389 3478 1497 3548 πρὸ
1525 3477 1617 3532 τοῦ
1655 3479 1844 3550 δίφρου

276 3563 499 3617 σπεύδει
541 3564 589 3597 ⁸⁸
644 3566 1031 3632 πολιτεύοντας
1074 3570 1168 3622 καὶ
1200 3570 1245 3601 ⁵⁷
1293 3569 1425 3641 δᾷδα
1473 3569 1758 3635 κινοῦντας
1798 3571 1845 3603 ⁸³

276 3655 593 3737 μετάρσιον.
658 3657 814 3711 Ἐπεὶ
854 3658 912 3712 δὲ
963 3660 1179 3725 Πέλοπα
1226 3662 1276 3714 οἱ
1326 3664 1427 3731 τῆς
1467 3662 1847 3732 Ἱπποδαμείας

271 3746 430 3801 πόθοι
487 3746 613 3819 [597
666 3747 759 3821 3.]
803 3750 1009 3822 Ἔρωτι
1062 3752 1157 3804 καὶ
1218 3752 1508 3824 Ἀφροδίτῃ
1567 3752 1846 3823 λατρεύειν

271 3834 524 3902 ἔπεισαν,
556 3836 699 3904 ,τότε
749 3840 844 3892 καὶ
884 3842 912 3893 6
952 3841 1223 3894 Ἀπόλλων
1244 3841 1335 3895 τὸν
1389 3841 1497 3895 τῶν
1558 3843 1846 3912 Νηρηΐδων

271 3927 429 3997 χορὸν
458 3927 722 4000 ἀθροίσας
755 3931 936 4001 ἵστησι
972 3933 1071 4003 μὲν
1109 3933 1258 4003 αὐτῷ
1310 3934 1430 3986 κατ’
1481 3934 1656 4003 ἄκρας
1692 3934 1849 4004 ᾐόνος

269 4018 363 4070 τὸν
413 4018 694 4091 θάλαμον·
735 4021 886 4093 κῦμα
913 4023 970 4077 δὲ
1021 4019 1110 4095 ἦν,
1144 4019 1321 4094 οἶμαι,
1362 4026 1390 4078 6
1432 4024 1670 4094 θάλαμος
1710 4042 1847 4095 ποτὶ·-

268 4107 441 4179 φῦρόν
470 4110 515 4141 ⁸³
532 4127 605 4181 ατε
637 4111 731 4165 καὶ
763 4112 1078 4185 μετάρσιον,
1102 4114 1241 4185 ὑπὲρ
1268 4115 1362 4167 τοῦ
1392 4114 1583 4185 λέχους
1614 4115 1848 4186 κυρτού-

272 4220 437 4272 μενον
460 4244 475 4269 ,
510 4205 596 4259 ἵνα
618 4208 867 4261 παστάδα
899 4209 1226 4279 μιμήσηται.
1252 4203 1360 4261 *Ην
1387 4209 1505 4273 θεὸς
1532 4210 1625 4263 καὶ
1652 4208 1811 4279 φύσις
1829 4224 1845 4241 ⁸

269 4291 365 4343 καὶ
396 4294 424 4346 6
454 4293 553 4362 μὲν
574 4294 745 4348 ἐδεῖτο
765 4296 956 4364 γονῆς,
987 4298 1022 4367 ἡ
1051 4296 1109 4350 δὲ
1139 4298 1233 4351 τοῦ
1265 4300 1512 4353 κυῖσκειν
1540 4299 1845 4370 μέλλοντος.

271 4382 437 4454 [1116
466 4384 563 4458 1L]
588 4388 704 4441 Ἵνα
720 4388 784 4458 δὴ
813 4388 989 4442 ταῦτα
1017 4389 1269 4461 ἄρξηται,
1311 4391 1551 4462 θάλαμος
1573 4393 1651 4463 τῷ
1683 4392 1849 4447 παντὶ

268 4476 330 4529 τὸ
358 4478 469 4530 πᾶν
491 4478 721 4546 ἐγίνετο.
760 4480 856 4533 Ἐκ
885 4480 943 4534 δὲ
960 4480 1023 4553 δὴ
1043 4482 1152 4534 τῶν
1175 4482 1369 4553 γάμων
1393 4482 1598 4537 τούτων
1623 4484 1850 4555 οὐρανὸς

1950 3306 2044 3347 eos
2086 3291 2178 3360 qui
2230 3292 2405 3347 fronte
2455 3291 2789 3357 dividuntur,
2847 3291 3082 3360 reliquos
3136 3303 3295 3346 vento
3340 3293 3518 3363 spargi

1952 3384 2235 3452 permittit,
2266 3382 2410 3438 torte
2441 3383 2493 3437 in
2529 3383 2640 3453 lyra
2671 3382 2969 3437 illidantur.
3003 3381 3205 3437 Horum
3247 3398 3376 3438 vero
3406 3384 3521 3439 alas

1951 3483 2007 3529 et
2039 3473 2315 3529 caesariem
2354 3488 2487 3529 auro
2525 3474 2783 3539 vestiens,
2811 3483 2936 3529 ante
2973 3489 3193 3529 currunt
3229 3475 3389 3528 tnittit
3420 3475 3521 3528 nti-

1952 3564 2270 3629 nistrantes,
2301 3573 2354 3619 et
2390 3565 2530 3620 altas
2573 3565 2879 3636 quatientes
2910 3565 3075 3621 faces.
3115 3566 3247 3621 Cum
3275 3582 3398 3621 ver-
3426 3565 3524 3620 Pc-

1952 3655 2061 3724 lopi
2099 3657 2456 3726 persuasisset
2504 3673 2658 3712 amor
2690 3656 3057 3725 Hippodamiae
3099 3658 3234 3727 (44),
3275 3655 3519 3727 utCnpi-

1951 3746 2064 3801 dini
2108 3758 2162 3802 et
2194 3747 2387 3803 Veneri
2430 3750 2688 3813 serviret,
2731 3758 2842 3802 tutu
2887 3749 3049 3802 etiam
3079 3749 3267 3818 Apollo
3297 3748 3523 3806 collecto

1952 3838 2241 3896 Nereidum
2280 3843 2468 3909 choro,
2510 3844 2562 3897 in
2606 3858 2820 3898 summo
2869 3842 3050 3898 littore
3100 3845 3173 3899 illi
3225 3846 3521 3902 thalamum

1952 3930 2163 3995 statuit,
2200 3929 2351 3997 cujus
2393 3932 2565 3986 vicem
2610 3932 2751 3985 unda
2797 3932 2962 3987 dense
3010 3934 3231 4001 agitata,
3274 3945 3327 3989 et
3355 3936 3525 3990 subli-

1955 4022 2056 4075 mis
2083 4022 2135 4074 in
2170 4021 2292 4076 lecti
2328 4036 2528 4077 morem
2568 4022 2725 4084 ﬂexa,
2772 4023 2844 4076 ita
2880 4032 2939 4078 ut
2976 4025 3191 4078 tborum
3224 4025 3527 4080 imitaretur

1955 4112 2237 4180 implebat.
2286 4112 2456 4166 Erant
2504 4111 2611 4166 illic
2647 4112 2780 4167 deus
2802 4121 2856 4166 et
2903 4124 3129 4168 natura:
3180 4113 3267 4168 ille
3312 4116 3525 4182 quidem

1955 4204 2065 4258 l‘etu
2125 4203 2417 4274 indigebat,
2467 4204 2582 4259 haec
2628 4219 2757 4260 vero
2797 4220 2917 4276 quae
2948 4215 3182 4275 pareret.
3229 4203 3299 4261 Ut
3343 4216 3524 4260 autent

1954 4297 2069 4353 hanc
2122 4297 2538 4364 incltoarentur,
2600 4298 2783 4353 omnia
2834 4298 3088 4353 omnibus
3135 4313 3231 4367 pro
3290 4297 3527 4351 tltalauto

1954 4399 2133 4445 erant.
2187 4387 2265 4442 Ex
2301 4388 2387 4443 ltis
2443 4389 2629 4458 utique
2677 4389 2882 4460 nuptiis
2927 4388 3122 4441 malum
3173 4387 3285 4458 (-55)
3335 4397 3389 4443 et
3442 4390 3525 4444 sol

1955 4488 2210 4549 generata
2259 4487 2408 4541 sunt,
2467 4485 2735 4532 astrorum
2795 4489 2990 4541 coetus,
3048 4477 3189 4530 luna:
3250 4478 3524 4548 splendor,

268 4564 530 4635 γεννᾶται
562 4570 655 4623 καὶ
686 4570 857 4641 ἥλιος,
916 4572 996 4624 ἔτι
1045 4572 1100 4626 δὲ
1148 4574 1366 4643 ἄστρων
1408 4574 1587 4645 χορὸς,
1623 4575 1847 4646 σελήνης

1958 4580 2184 4639 uterque
2215 4570 2391 4639 polus,
2427 4570 2632 4624 circum
2668 4568 2867 4639 367a
2894 4584 3031 4639 quos
3082 4571 3289 4636 primus
3330 4571 3529 4637 prima-

272 4658 499 4726 φέγγος,
530 4660 622 4712 καὶ
647 4659 824 4713 διπλοῖ
853 4661 1025 4724 πόλοι,
1057 4663 1184 4733 περὶ
1223 4661 1316 4725 οὓς
1351 4663 1384 4732 ἡ
1419 4661 1608 4733 πρώτη
1640 4663 1853 4732 γένεσις

268 4748 378 4801 τῶν
408 4749 642 4820 πρώτων
670 4750 765 4804 τοῦ
833 4751 958 4804 θεοῦ
992 4751 1185 4821 γάμων
1221 4752 1509 4805 ἑλίττεται.
1558 4752 1852 4825 Δευτέρους

268 4836 333 4907 δὴ
354 4838 497 4908 μετὰ
512 4838 731 4904 τούτους
760 4841 973 4911 γάμους
1005 4839 1260 4895 Ὠκεανοῦ
1284 4841 1379 4894 καί
1404 4838 1665 4912 Τηθύοςὴ
1694 4841 1854 4911 φύσις

270 4928 473 4993 ἔδειξεν
498 4930 566 4996 ⁵⁸,
597 4932 690 5000 ἀφ’
724 4925 798 4986 ὧν
831 4933 1111 5002 ἀνίσχουσι
1139 4932 1237 5003 μὲν
1268 4933 1502 5003 ποταμοὶ
1524 4934 1622 4986 καὶ
1642 4933 1850 5002 λίμναι,

269 5019 350 5073 ἔτι
383 5020 443 5075 δὲ
472 5023 670 5093 κρῆναι
701 5023 796 5077 καὶ
825 5024 1003 5092 πηγαὶ
1031 5025 1125 5078 καὶ
1163 5024 1375 5094 φρέατα
1417 5024 1511 5077 καὶ
1563 5025 1597 5094 ή
1632 5024 1849 5077 πάντων

275 5113 463 5184 μήτηρ
492 5117 747 5186 ναμάτων
791 5117 1057 5183 θάλασσα,
1098 5117 1338 5169 τίκτεται
1368 5116 1425 5169 δὲ
1451 5116 1545 5169 καὶ
1576 5116 1719 5185 φυτὰ
1752 5116 1848 5171 καὶ

273 5200 411 5269 ζῶα,
465 5204 561 5259 καὶ
594 5206 665 5277 γῆ
696 5208 951 5275 οἰκεῖται,
1001 5207 1097 5261 καὶ
1132 5207 1194 5260 τὸ
1236 5206 1533 5278 νηχόμενον
1580 5206 1850 5277 λαμϐάνει

1957 4678 2097 4737 runt
2147 4661 2458 4731 nuptiarum
2519 4662 2610 4723 Dei
2687 4672 2840 4715 ortus
2903 4660 3154 4713 volvitur.
3218 4660 3524 4715 Secundum

1957 4754 2151 4807 deinde
2180 4753 2505 4808 connubium
2533 4752 2755 4819 Oceani,
2789 4761 2842 4806 et
2867 4751 3106 4823 Tethyos
3134 4762 3321 4805 natura
3354 4749 3529 4823 [tuon-

1955 4843 2172 4915 stravit]
2206 4862 2235 4899 a
2277 4838 2475 4913 quibus
2520 4844 2629 4898 nati
2672 4843 2817 4898 ﬂuvii
2853 4855 2907 4898 et
2934 4843 3104 4908 lacus,
3142 4842 3524 4917 scaturigines,

1955 4944 2009 4988 et
2042 4932 2238 4996 fontes,
2270 4931 2443 5001 putei,
2469 4931 2820 5001 omniumque
2851 4946 3111 4999 aquarum
3143 4941 3302 4999 caput
3343 4946 3524 4998 mare;

1957 5025 2045 5079 hic
2091 5032 2270 5076 autem
2332 5030 2470 5076 nata:
2501 5022 2715 5091 plantat,
2769 5031 2822 5075 et
2858 5021 3154 5088 animalia;
3207 5022 3333 5077 ltinc
3383 5031 3524 5077 terra

1957 5114 2245 5181 incolitur;
2288 5113 2414 5168 ltinc
2457 5113 2633 5182 pisces
2664 5112 2890 5169 assumit
2925 5129 3109 5181 mare;
3147 5114 3271 5169 ltinc
3310 5115 3410 5168 alis
3436 5131 3528 5183 pe—

1956 5205 2240 5262 netrabilis
2290 5220 2405 5261 aer.
2454 5204 2734 5261 Postremo
2786 5218 2918 5260 vero
2972 5206 3298 5261 connubiunt
3352 5206 3526 5277 ipsum

1576 5361 1808 5419 VARIIE
1840 5362 2242 5421 LECTIONES.

852 5487 897 5518 ⁵⁸
936 5484 1201 5553 μετώπων
1257 5485 1318 5538 Β.
1412 5486 1459 5519 ⁸⁸
1491 5484 1701 5538 σπένδει
1734 5483 1797 5538 Α.

342 5488 389 5523 ⁵⁸
422 5488 669 5557 κρεῖττον
691 5504 751 5550 ς.
852 5488 897 5518 ⁵⁸
936 5488 1201 5553 μετώπων
1257 5488 1318 5538 Β.
1412 5488 1459 5519 ⁵⁸
1491 5502 1552 5537 στι

350 5556 672 5626 πορφυροῦν
718 5574 780 5620 ς.
891 5555 936 5587 ⁶⁰
971 5554 1170 5620 ἔδειξεν
1212 5571 1322 5610 om.
1372 5570 1456 5626 pr.
1488 5555 1552 5609 C.

272 5558 317 5592 ⁸⁵
350 5556 672 5628 πορφυροῦν
718 5574 780 5620 ς.

1903 5485 1947 5517 ⁵⁷
1984 5486 2080 5540 καὶ
2109 5502 2218 5542 om.
2254 5488 2319 5543 A.

2417 5487 2464 5520 ⁸⁸
2489 5486 2622 5558 δᾷδα
2656 5484 2961 5554 κινοῦντος]
2991 5484 3360 5549 διακινοῦντας
3389 5482 3449 5538 C.

1827 5662 2062 5721 NOTAE.

343 5762 457 5831 (i5)
492 5759 679 5828 Quum
726 5763 877 5833 jorus
908 5757 1236 5833 circumi-olet
1268 5771 1299 5833 ,ς
1329 5767 1379 5833 et
1416 5759 1627 5833 cupido.

1014 5830 1223 5901 (tlorat.
1256 5829 1358 5882 0d.
1394 5843 1455 5929 nl,
1483 5828 1769 5899 ctLatnb.)

2028 5757 2139 5825 (M)
2181 5757 2447 5818 Pindarus
2473 5755 2575 5827 Οιί.
2614 5771 2653 5818 ι,
2689 5754 2896 5827 Olymp.

2022 5828 2133 5902 (15)
2162 5827 2379 5887 llt‘siod.
2418 5829 2471 5885 itt
2508 5826 2766 5897 Tlteogon.
