  <div class='ocr_page' id='page_1' title='image "/cluster/home/n/w/nwhite01/storage/ocr_20150623/103/hvd.32044018872861/682.png"; bbox 0 0 4104 6398; ppageno 0'>
   <div class='ocr_carea' id='block_1_1' title="bbox 340 334 475 399">
    <p class='ocr_par' dir='ltr' id='par_1_1' title="bbox 340 334 475 399">
     <span class='ocr_line' id='line_1_1' title="bbox 340 334 475 399; baseline -0.03 0"><span class='ocrx_word' id='word_1_1' title='bbox 340 334 475 399; x_wconf 76' lang='lat'><strong>1353</strong></span> 
     </span>
    </p>
   </div>
   <div class='ocr_carea' id='block_1_2' title="bbox 1414 330 2593 393">
    <p class='ocr_par' dir='ltr' id='par_1_2' title="bbox 1414 330 2593 393">
     <span class='ocr_line' id='line_1_2' title="bbox 1414 330 2593 393; baseline 0.002 -3"><span class='ocrx_word' id='word_1_2' title='bbox 1414 330 1943 392; x_wconf 81' lang='lat' dir='ltr'><strong>BIBLIOTHECA.</strong></span> <span class='ocrx_word' id='word_1_3' title='bbox 1970 354 2041 367; x_wconf 84' lang='grc'><strong>--</strong></span> <span class='ocrx_word' id='word_1_4' title='bbox 2079 330 2243 390; x_wconf 88' lang='lat' dir='ltr'><strong>COD.</strong></span> <span class='ocrx_word' id='word_1_5' title='bbox 2286 330 2593 393; x_wconf 73' lang='lat' dir='ltr'><strong>CCXLI”.</strong></span> 
     </span>
    </p>
   </div>
   <div class='ocr_carea' id='block_1_3' title="bbox 3460 337 3595 402">
    <p class='ocr_par' dir='ltr' id='par_1_3' title="bbox 3460 337 3595 402">
     <span class='ocr_line' id='line_1_3' title="bbox 3460 337 3595 402; baseline 0.015 -2"><span class='ocrx_word' id='word_1_6' title='bbox 3460 337 3595 402; x_wconf 66' lang='grc' dir='ltr'>ιτιδι</span> 
     </span>
    </p>
   </div>
   <div class='ocr_carea' id='block_1_4' title="bbox 318 442 1914 524">
    <p class='ocr_par' dir='ltr' id='par_1_4' title="bbox 318 442 1897 524">
     <span class='ocr_line' id='line_1_4' title="bbox 318 442 1897 524; baseline -0.005 -19"><span class='ocrx_word' id='word_1_7' title='bbox 318 453 370 524; x_wconf 73' lang='grc' dir='ltr'>υ</span> <span class='ocrx_word' id='word_1_8' title='bbox 391 452 404 504; x_wconf 94' lang='lat' dir='ltr'><strong>l</strong></span> <span class='ocrx_word' id='word_1_9' title='bbox 425 449 485 524; x_wconf 82' lang='lat' dir='ltr'><strong>l_7</strong></span> <span class='ocrx_word' id='word_1_10' title='bbox 511 444 604 520; x_wconf 66' lang='lat' dir='ltr'><strong>IL]</strong></span> <span class='ocrx_word' id='word_1_11' title='bbox 628 447 733 524; x_wconf 58' lang='grc' dir='ltr'>Ἐκ</span> <span class='ocrx_word' id='word_1_12' title='bbox 762 444 878 524; x_wconf 64' lang='lat'><strong>2012</strong></span> <span class='ocrx_word' id='word_1_13' title='bbox 894 442 1374 524; x_wconf 60' lang='grc' dir='ltr'>ἐπιγραφομένου</span> <span class='ocrx_word' id='word_1_14' title='bbox 1402 443 1694 524; x_wconf 45' lang='lat' dir='ltr'><strong>maiorm:</strong></span> <span class='ocrx_word' id='word_1_15' title='bbox 1727 462 1744 496; x_wconf 90' lang='grc' dir='ltr'>ι</span> <span class='ocrx_word' id='word_1_16' title='bbox 1765 446 1897 497; x_wconf 74' lang='grc' dir='ltr'>Διο-</span> 
     </span>
    </p>
   </div>
   <div class='ocr_carea' id='block_1_5' title="bbox 2018 442 3569 524">
    <p class='ocr_par' dir='ltr' id='par_1_5' title="bbox 2038 443 3569 524">
     <span class='ocr_line' id='line_1_5' title="bbox 2038 443 3569 524; baseline 0.006 -26"><span class='ocrx_word' id='word_1_17' title='bbox 2038 443 2087 498; x_wconf 82' lang='lat' dir='ltr'><em>E</em></span> <span class='ocrx_word' id='word_1_18' title='bbox 2121 445 2331 516; x_wconf 82' lang='lat' dir='ltr'><strong>dialogo</strong></span> <span class='ocrx_word' id='word_1_19' title='bbox 2387 445 2637 524; x_wconf 71' lang='lat' dir='ltr'><strong>inscripto</strong></span> <span class='ocrx_word' id='word_1_20' title='bbox 2696 462 2713 497; x_wconf 85' lang='lat' dir='ltr'><strong>t</strong></span> <span class='ocrx_word' id='word_1_21' title='bbox 2776 445 3066 524; x_wconf 50' lang='lat' dir='ltr'><strong>Diogenes,</strong></span> <span class='ocrx_word' id='word_1_22' title='bbox 3119 468 3136 524; x_wconf 75' lang='grc' dir='ltr'><strong>ι</strong></span> <span class='ocrx_word' id='word_1_23' title='bbox 3198 452 3275 504; x_wconf 80' lang='lat' dir='ltr'><strong>vel</strong></span> <span class='ocrx_word' id='word_1_24' title='bbox 3338 470 3358 504; x_wconf 79' lang='grc' dir='ltr'><strong>ι</strong></span> <span class='ocrx_word' id='word_1_25' title='bbox 3432 451 3569 508; x_wconf 86' lang='lat' dir='ltr'><strong>Pro-</strong></span> 
     </span>
    </p>
   </div>
   <div class='ocr_carea' id='block_1_6' title="bbox 390 515 1875 585">
    <p class='ocr_par' dir='ltr' id='par_1_6' title="bbox 390 515 1875 585">
     <span class='ocr_line' id='line_1_6' title="bbox 390 515 1875 585; baseline -0.005 -12"><span class='ocrx_word' id='word_1_26' title='bbox 390 515 603 584; x_wconf 68' lang='grc' dir='ltr'>γένηςξ</span> <span class='ocrx_word' id='word_1_27' title='bbox 641 535 661 568; x_wconf 77' lang='grc' dir='ltr'><strong>ι</strong></span> <span class='ocrx_word' id='word_1_28' title='bbox 695 516 733 585; x_wconf 79' lang='grc' dir='ltr'>ἢ</span> <span class='ocrx_word' id='word_1_29' title='bbox 765 533 784 566; x_wconf 80' lang='grc' dir='ltr'><strong>ι</strong></span> <span class='ocrx_word' id='word_1_30' title='bbox 824 515 1304 584; x_wconf 79' lang='grc' dir='ltr'>Προπεμπτικός.</span> <span class='ocrx_word' id='word_1_31' title='bbox 1351 533 1369 566; x_wconf 73' lang='grc' dir='ltr'><strong>ι</strong></span> <span class='ocrx_word' id='word_1_32' title='bbox 1398 544 1468 554; x_wconf 92' lang='grc'><strong><em>-</em></strong></span> <span class='ocrx_word' id='word_1_33' title='bbox 1502 515 1598 568; x_wconf 82' lang='grc' dir='ltr'>Ἐκ</span> <span class='ocrx_word' id='word_1_34' title='bbox 1621 515 1733 581; x_wconf 86' lang='grc' dir='ltr'>τῆς</span> <span class='ocrx_word' id='word_1_35' title='bbox 1760 530 1875 583; x_wconf 84' lang='grc' dir='ltr'><strong>προ</strong></span> 
     </span>
    </p>
   </div>
   <div class='ocr_carea' id='block_1_7' title="bbox 391 584 718 657">
    <p class='ocr_par' dir='ltr' id='par_1_7' title="bbox 391 584 718 657">
     <span class='ocr_line' id='line_1_7' title="bbox 391 584 718 657; baseline -0.009 -12"><span class='ocrx_word' id='word_1_36' title='bbox 391 590 634 657; x_wconf 83' lang='grc' dir='ltr'><strong>θεωρίας</strong></span> <span class='ocrx_word' id='word_1_37' title='bbox 650 584 718 642; x_wconf 76' lang='grc'><strong>⁷⁸.</strong></span> 
     </span>
    </p>
   </div>
   <div class='ocr_carea' id='block_1_8' title="bbox 391 674 1913 749">
    <p class='ocr_par' dir='ltr' id='par_1_8' title="bbox 391 674 1913 749">
     <span class='ocr_line' id='line_1_8' title="bbox 391 674 1913 749; baseline -0.005 -14"><span class='ocrx_word' id='word_1_38' title='bbox 391 682 503 743; x_wconf 76' lang='grc' dir='ltr'><strong>Τὰς</strong></span> <span class='ocrx_word' id='word_1_39' title='bbox 532 680 853 749; x_wconf 78' lang='grc' dir='ltr'><strong>κοινότητας</strong></span> <span class='ocrx_word' id='word_1_40' title='bbox 897 676 1006 730; x_wconf 90' lang='grc' dir='ltr'><strong>τῶν</strong></span> <span class='ocrx_word' id='word_1_41' title='bbox 1040 674 1357 729; x_wconf 80' lang='grc' dir='ltr'>ὑποθέσεων</span> <span class='ocrx_word' id='word_1_42' title='bbox 1391 675 1525 738; x_wconf 74' lang='grc' dir='ltr'>ἰδίας</span> <span class='ocrx_word' id='word_1_43' title='bbox 1562 676 1621 728; x_wconf 75' lang='grc' dir='ltr'>αἱ</span> <span class='ocrx_word' id='word_1_44' title='bbox 1661 692 1913 746; x_wconf 81' lang='grc' dir='ltr'>μεταχει-</span> 
     </span>
    </p>
   </div>
   <div class='ocr_carea' id='block_1_9' title="bbox 322 760 1915 847">
    <p class='ocr_par' dir='ltr' id='par_1_9' title="bbox 322 760 1915 847">
     <span class='ocr_line' id='line_1_9' title="bbox 322 760 1915 847; baseline -0.003 -22"><span class='ocrx_word' id='word_1_45' title='bbox 322 775 497 847; x_wconf 73' lang='grc' dir='ltr'>ρῖσεις</span> <span class='ocrx_word' id='word_1_46' title='bbox 530 771 855 844; x_wconf 77' lang='grc' dir='ltr'>ἐργάζονται</span> <span class='ocrx_word' id='word_1_47' title='bbox 882 786 897 801; x_wconf 72' lang='grc' dir='ltr'><strong>ο</strong></span> <span class='ocrx_word' id='word_1_48' title='bbox 944 770 1026 824; x_wconf 79' lang='grc' dir='ltr'><strong>διὸ</strong></span> <span class='ocrx_word' id='word_1_49' title='bbox 1056 768 1154 823; x_wconf 76' lang='grc' dir='ltr'><strong>καὶ</strong></span> <span class='ocrx_word' id='word_1_50' title='bbox 1180 770 1306 832; x_wconf 78' lang='grc' dir='ltr'>τοὺς</span> <span class='ocrx_word' id='word_1_51' title='bbox 1340 760 1791 839; x_wconf 81' lang='grc' dir='ltr'>προπεμπτικοὺς</span> <span class='ocrx_word' id='word_1_52' title='bbox 1823 768 1915 821; x_wconf 83' lang='grc' dir='ltr'>λό-</span> 
     </span>
    </p>
   </div>
   <div class='ocr_carea' id='block_1_10' title="bbox 319 859 1914 937">
    <p class='ocr_par' dir='ltr' id='par_1_10' title="bbox 319 859 1914 937">
     <span class='ocr_line' id='line_1_10' title="bbox 319 859 1914 937; baseline -0.003 -18"><span class='ocrx_word' id='word_1_53' title='bbox 319 885 473 937; x_wconf 84' lang='grc' dir='ltr'><strong>γους,</strong></span> <span class='ocrx_word' id='word_1_54' title='bbox 506 867 610 920; x_wconf 78' lang='grc' dir='ltr'><strong>κάν</strong></span> <span class='ocrx_word' id='word_1_55' title='bbox 630 866 740 919; x_wconf 89' lang='grc' dir='ltr'>νέοι</span> <span class='ocrx_word' id='word_1_56' title='bbox 760 864 839 934; x_wconf 84' lang='grc' dir='ltr'>τῷ</span> <span class='ocrx_word' id='word_1_57' title='bbox 864 863 1017 934; x_wconf 86' lang='grc' dir='ltr'>νόμῳ</span> <span class='ocrx_word' id='word_1_58' title='bbox 1038 862 1406 931; x_wconf 81' lang='grc' dir='ltr'><strong>τυγχάνωσιν,</strong></span> <span class='ocrx_word' id='word_1_59' title='bbox 1431 860 1547 915; x_wconf 81' lang='grc' dir='ltr'>ἀλλ’</span> <span class='ocrx_word' id='word_1_60' title='bbox 1576 860 1671 914; x_wconf 78' lang='grc' dir='ltr'><strong>οὖν</strong></span> <span class='ocrx_word' id='word_1_61' title='bbox 1694 859 1914 927; x_wconf 79' lang='grc' dir='ltr'><strong>ἐξέσται</strong></span> 
     </span>
    </p>
   </div>
   <div class='ocr_carea' id='block_1_11' title="bbox 318 952 1913 1030">
    <p class='ocr_par' dir='ltr' id='par_1_11' title="bbox 318 952 1913 1030">
     <span class='ocr_line' id='line_1_11' title="bbox 318 952 1913 1030; baseline -0.004 -19"><span class='ocrx_word' id='word_1_62' title='bbox 318 962 386 1030; x_wconf 76' lang='grc' dir='ltr'>τῇ</span> <span class='ocrx_word' id='word_1_63' title='bbox 416 960 582 1029; x_wconf 80' lang='grc' dir='ltr'>τέχνῃ</span> <span class='ocrx_word' id='word_1_64' title='bbox 604 957 699 1010; x_wconf 71' lang='grc' dir='ltr'><strong>καὶ</strong></span> <span class='ocrx_word' id='word_1_65' title='bbox 722 956 1129 1027; x_wconf 76' lang='grc' dir='ltr'>πρεσϐυτέρους</span> <span class='ocrx_word' id='word_1_66' title='bbox 1155 952 1518 1025; x_wconf 76' lang='grc' dir='ltr'>ἐργάσασθαι.</span> <span class='ocrx_word' id='word_1_67' title='bbox 1545 952 1726 1023; x_wconf 84' lang='grc' dir='ltr'>’Ὀπερ</span> <span class='ocrx_word' id='word_1_68' title='bbox 1752 952 1913 1022; x_wconf 81' lang='grc' dir='ltr'><strong>ἡμεῖς</strong></span> 
     </span>
    </p>
   </div>
   <div class='ocr_carea' id='block_1_12' title="bbox 320 1043 1913 1121">
    <p class='ocr_par' dir='ltr' id='par_1_12' title="bbox 320 1043 1913 1121">
     <span class='ocr_line' id='line_1_12' title="bbox 320 1043 1913 1121; baseline -0.004 -18"><span class='ocrx_word' id='word_1_69' title='bbox 320 1051 703 1121; x_wconf 79' lang='grc' dir='ltr'><strong>πεποιήκαμεν</strong></span> <span class='ocrx_word' id='word_1_70' title='bbox 727 1064 741 1077; x_wconf 90' lang='grc'><strong>·</strong></span> <span class='ocrx_word' id='word_1_71' title='bbox 780 1046 882 1118; x_wconf 81' lang='grc' dir='ltr'>τὴν</span> <span class='ocrx_word' id='word_1_72' title='bbox 926 1045 1037 1117; x_wconf 85' lang='grc' dir='ltr'>γὰρ</span> <span class='ocrx_word' id='word_1_73' title='bbox 1070 1045 1357 1118; x_wconf 79' lang='grc' dir='ltr'>παροῦσαν</span> <span class='ocrx_word' id='word_1_74' title='bbox 1387 1044 1647 1097; x_wconf 78' lang='grc' dir='ltr'>ὑπόθεσιν</span> <span class='ocrx_word' id='word_1_75' title='bbox 1677 1044 1756 1107; x_wconf 84' lang='grc' dir='ltr'>εἰς</span> <span class='ocrx_word' id='word_1_76' title='bbox 1786 1043 1913 1114; x_wconf 84' lang='grc' dir='ltr'>σχῆ-</span> 
     </span>
    </p>
   </div>
   <div class='ocr_carea' id='block_1_13' title="bbox 325 1130 1917 1214">
    <p class='ocr_par' dir='ltr' id='par_1_13' title="bbox 325 1130 1917 1214">
     <span class='ocr_line' id='line_1_13' title="bbox 325 1130 1917 1214; baseline -0.004 -18"><span class='ocrx_word' id='word_1_77' title='bbox 325 1161 401 1214; x_wconf 88' lang='grc' dir='ltr'><strong>μα</strong></span> <span class='ocrx_word' id='word_1_78' title='bbox 431 1130 681 1211; x_wconf 81' lang='grc' dir='ltr'>διαλόγου</span> <span class='ocrx_word' id='word_1_79' title='bbox 720 1139 1234 1211; x_wconf 84' lang='grc' dir='ltr'>μετασκευάσαντες</span> <span class='ocrx_word' id='word_1_80' title='bbox 1294 1136 1420 1192; x_wconf 69' lang='grc' dir='ltr'>οὔτε</span> <span class='ocrx_word' id='word_1_81' title='bbox 1448 1136 1547 1209; x_wconf 78' lang='grc' dir='ltr'>τὴν</span> <span class='ocrx_word' id='word_1_82' title='bbox 1592 1137 1785 1207; x_wconf 81' lang='grc' dir='ltr'>χρείαν</span> <span class='ocrx_word' id='word_1_83' title='bbox 1839 1136 1917 1189; x_wconf 82' lang='grc' dir='ltr'>δι-</span> 
     </span>
    </p>
   </div>
   <div class='ocr_carea' id='block_1_14' title="bbox 320 1228 1913 1306">
    <p class='ocr_par' dir='ltr' id='par_1_14' title="bbox 320 1228 1913 1306">
     <span class='ocr_line' id='line_1_14' title="bbox 320 1228 1913 1306; baseline -0.004 -17"><span class='ocrx_word' id='word_1_84' title='bbox 320 1234 656 1306; x_wconf 77' lang='grc' dir='ltr'>εφθείραμεν</span> <span class='ocrx_word' id='word_1_85' title='bbox 676 1232 793 1285; x_wconf 77' lang='grc' dir='ltr'>οὗθ’</span> <span class='ocrx_word' id='word_1_86' title='bbox 813 1233 937 1286; x_wconf 83' lang='grc' dir='ltr'>ὅσον</span> <span class='ocrx_word' id='word_1_87' title='bbox 966 1231 1163 1301; x_wconf 82' lang='grc' dir='ltr'>σεμνὸν</span> <span class='ocrx_word' id='word_1_88' title='bbox 1190 1232 1302 1293; x_wconf 80' lang='grc' dir='ltr'>τοῖς</span> <span class='ocrx_word' id='word_1_89' title='bbox 1329 1230 1596 1299; x_wconf 82' lang='grc' dir='ltr'><strong>διαλόγοις</strong></span> <span class='ocrx_word' id='word_1_90' title='bbox 1616 1228 1913 1298; x_wconf 75' lang='grc' dir='ltr'>ὀφείλεται.</span> 
     </span>
    </p>
   </div>
   <div class='ocr_carea' id='block_1_15' title="bbox 322 1320 1913 1393">
    <p class='ocr_par' dir='ltr' id='par_1_15' title="bbox 322 1320 1913 1393">
     <span class='ocr_line' id='line_1_15' title="bbox 322 1320 1913 1393; baseline -0.004 -14"><span class='ocrx_word' id='word_1_91' title='bbox 322 1326 481 1379; x_wconf 83' lang='grc' dir='ltr'>Κατά</span> <span class='ocrx_word' id='word_1_92' title='bbox 527 1325 793 1379; x_wconf 82' lang='grc' dir='ltr'>Πλάτωνα</span> <span class='ocrx_word' id='word_1_93' title='bbox 838 1324 895 1377; x_wconf 83' lang='grc' dir='ltr'>δὲ</span> <span class='ocrx_word' id='word_1_94' title='bbox 940 1324 988 1357; x_wconf 77' lang='grc' dir='ltr'><strong>τ’</strong></span> <span class='ocrx_word' id='word_1_95' title='bbox 1015 1323 1112 1376; x_wconf 73' lang='grc' dir='ltr'>καὶ</span> <span class='ocrx_word' id='word_1_96' title='bbox 1140 1323 1323 1393; x_wconf 76' lang='grc' dir='ltr'>ἡμεῖς,</span> <span class='ocrx_word' id='word_1_97' title='bbox 1361 1321 1553 1391; x_wconf 79' lang='grc' dir='ltr'><strong>ἠθικοῦ</strong></span> <span class='ocrx_word' id='word_1_98' title='bbox 1602 1322 1697 1375; x_wconf 79' lang='grc' dir='ltr'>τοῦ</span> <span class='ocrx_word' id='word_1_99' title='bbox 1749 1320 1913 1390; x_wconf 90' lang='grc' dir='ltr'>λόγου</span> 
     </span>
    </p>
   </div>
   <div class='ocr_carea' id='block_1_16' title="bbox 319 1412 1918 1488">
    <p class='ocr_par' dir='ltr' id='par_1_16' title="bbox 319 1412 1918 1488">
     <span class='ocr_line' id='line_1_16' title="bbox 319 1412 1918 1488; baseline -0.003 -18"><span class='ocrx_word' id='word_1_100' title='bbox 319 1418 705 1488; x_wconf 86' lang='grc' dir='ltr'>τυγχάνοντος.</span> <span class='ocrx_word' id='word_1_101' title='bbox 752 1416 906 1486; x_wconf 79' lang='grc' dir='ltr'>ὅμως</span> <span class='ocrx_word' id='word_1_102' title='bbox 950 1415 1189 1485; x_wconf 82' lang='grc' dir='ltr'><strong>φυσικῆς</strong></span> <span class='ocrx_word' id='word_1_103' title='bbox 1224 1431 1285 1467; x_wconf 91' lang='grc' dir='ltr'><strong>τε</strong></span> <span class='ocrx_word' id='word_1_104' title='bbox 1318 1414 1413 1468; x_wconf 75' lang='grc' dir='ltr'><strong>καὶ</strong></span> <span class='ocrx_word' id='word_1_105' title='bbox 1439 1413 1758 1483; x_wconf 77' lang='grc' dir='ltr'>θεολογικῆς</span> <span class='ocrx_word' id='word_1_106' title='bbox 1779 1412 1918 1466; x_wconf 84' lang='grc' dir='ltr'>θεω-</span> 
     </span>
    </p>
   </div>
   <div class='ocr_carea' id='block_1_17' title="bbox 323 1506 1917 1582">
    <p class='ocr_par' dir='ltr' id='par_1_17' title="bbox 323 1506 1917 1582">
     <span class='ocr_line' id='line_1_17' title="bbox 323 1506 1917 1582; baseline -0.001 -20"><span class='ocrx_word' id='word_1_107' title='bbox 323 1510 465 1582; x_wconf 75' lang='grc' dir='ltr'>ρίας,</span> <span class='ocrx_word' id='word_1_108' title='bbox 499 1509 1003 1580; x_wconf 78' lang='grc' dir='ltr'>ἐγκαταμιγνύντες</span> <span class='ocrx_word' id='word_1_109' title='bbox 1033 1506 1239 1571; x_wconf 87' lang='grc' dir='ltr'>ταύτας</span> <span class='ocrx_word' id='word_1_110' title='bbox 1274 1509 1386 1571; x_wconf 76' lang='grc' dir='ltr'>τοῖς</span> <span class='ocrx_word' id='word_1_111' title='bbox 1419 1507 1654 1576; x_wconf 75' lang='grc' dir='ltr'>ἠθικοῖς,</span> <span class='ocrx_word' id='word_1_112' title='bbox 1679 1507 1917 1577; x_wconf 75' lang='grc' dir='ltr'>ἐφαπτό-</span> 
     </span>
    </p>
   </div>
   <div class='ocr_carea' id='block_1_18' title="bbox 325 1600 1912 1676">
    <p class='ocr_par' dir='ltr' id='par_1_18' title="bbox 325 1600 1912 1676">
     <span class='ocr_line' id='line_1_18' title="bbox 325 1600 1912 1676; baseline -0.004 -14"><span class='ocrx_word' id='word_1_113' title='bbox 325 1607 484 1676; x_wconf 80' lang='grc' dir='ltr'>μεθα.</span> <span class='ocrx_word' id='word_1_114' title='bbox 535 1606 650 1661; x_wconf 75' lang='grc' dir='ltr'>Καὶ</span> <span class='ocrx_word' id='word_1_115' title='bbox 704 1606 860 1676; x_wconf 83' lang='grc' dir='ltr'>μύθῳ</span> <span class='ocrx_word' id='word_1_116' title='bbox 890 1605 947 1658; x_wconf 81' lang='grc' dir='ltr'>δὲ</span> <span class='ocrx_word' id='word_1_117' title='bbox 971 1605 1098 1668; x_wconf 75' lang='grc' dir='ltr'>τοὺς</span> <span class='ocrx_word' id='word_1_118' title='bbox 1135 1603 1445 1674; x_wconf 80' lang='grc' dir='ltr'>θειοτέρους</span> <span class='ocrx_word' id='word_1_119' title='bbox 1467 1602 1576 1656; x_wconf 87' lang='grc' dir='ltr'><strong>τῶν</strong></span> <span class='ocrx_word' id='word_1_120' title='bbox 1612 1602 1787 1671; x_wconf 87' lang='grc' dir='ltr'>λόγων</span> <span class='ocrx_word' id='word_1_121' title='bbox 1816 1600 1912 1655; x_wconf 80' lang='grc' dir='ltr'><strong>τοῦ</strong></span> 
     </span>
    </p>
   </div>
   <div class='ocr_carea' id='block_1_19' title="bbox 2345 515 3259 589">
    <p class='ocr_par' dir='ltr' id='par_1_19' title="bbox 2345 515 3259 589">
     <span class='ocr_line' id='line_1_19' title="bbox 2345 515 3259 589; baseline 0.01 -22"><span class='ocrx_word' id='word_1_122' title='bbox 2345 517 2633 585; x_wconf 76' lang='lat' dir='ltr'><strong>pemptirou</strong></span> <span class='ocrx_word' id='word_1_123' title='bbox 2673 536 2690 568; x_wconf 75' lang='grc' dir='ltr'><strong>ι</strong></span> <span class='ocrx_word' id='word_1_124' title='bbox 2720 545 2787 555; x_wconf 89' lang='lat'><strong>-—</strong></span> <span class='ocrx_word' id='word_1_125' title='bbox 2813 515 2897 569; x_wconf 66' lang='lat' dir='ltr'><strong>Ea:</strong></span> <span class='ocrx_word' id='word_1_126' title='bbox 2927 520 3259 589; x_wconf 79' lang='lat' dir='ltr'><strong>prwfatione.</strong></span> 
     </span>
    </p>
   </div>
   <div class='ocr_carea' id='block_1_20' title="bbox 2088 674 3601 747">
    <p class='ocr_par' dir='ltr' id='par_1_20' title="bbox 2088 674 3601 747">
     <span class='ocr_line' id='line_1_20' title="bbox 2088 674 3601 747; baseline 0.001 -18"><span class='ocrx_word' id='word_1_127' title='bbox 2088 674 2422 730; x_wconf 85' lang='lat' dir='ltr'><strong>Faciendum</strong></span> <span class='ocrx_word' id='word_1_128' title='bbox 2453 674 2620 729; x_wconf 86' lang='lat' dir='ltr'><strong>semel</strong></span> <span class='ocrx_word' id='word_1_129' title='bbox 2664 683 2749 730; x_wconf 80' lang='lat' dir='ltr'><strong>est</strong></span> <span class='ocrx_word' id='word_1_130' title='bbox 2778 674 2989 729; x_wconf 86' lang='lat' dir='ltr'><strong>initium</strong></span> <span class='ocrx_word' id='word_1_131' title='bbox 3018 676 3071 731; x_wconf 92' lang='lat' dir='ltr'><strong>in</strong></span> <span class='ocrx_word' id='word_1_132' title='bbox 3104 692 3245 732; x_wconf 89' lang='lat' dir='ltr'><strong>novo</strong></span> <span class='ocrx_word' id='word_1_133' title='bbox 3281 693 3485 747; x_wconf 85' lang='lat' dir='ltr'><strong>genere</strong></span> <span class='ocrx_word' id='word_1_134' title='bbox 3511 695 3601 734; x_wconf 86' lang='lat' dir='ltr'><strong>ar-</strong></span> 
     </span>
    </p>
   </div>
   <div class='ocr_carea' id='block_1_21' title="bbox 2017 767 3675 839">
    <p class='ocr_par' dir='ltr' id='par_1_21' title="bbox 2017 767 3675 839">
     <span class='ocr_line' id='line_1_21' title="bbox 2017 767 3675 839; baseline 0.002 -16"><span class='ocrx_word' id='word_1_135' title='bbox 2017 778 2421 839; x_wconf 80' lang='lat' dir='ltr'><strong>gumentorum,</strong></span> <span class='ocrx_word' id='word_1_136' title='bbox 2472 767 2615 837; x_wconf 85' lang='lat' dir='ltr'><strong>quod</strong></span> <span class='ocrx_word' id='word_1_137' title='bbox 2673 768 2972 836; x_wconf 56' lang='lat' dir='ltr'><strong>praemissae</strong></span> <span class='ocrx_word' id='word_1_138' title='bbox 3001 770 3278 827; x_wconf 88' lang='lat' dir='ltr'><strong>orationes</strong></span> <span class='ocrx_word' id='word_1_139' title='bbox 3317 772 3421 827; x_wconf 90' lang='lat' dir='ltr'><strong>etsi</strong></span> <span class='ocrx_word' id='word_1_140' title='bbox 3454 789 3607 827; x_wconf 66' lang='lat' dir='ltr'><strong>novae</strong></span> <span class='ocrx_word' id='word_1_141' title='bbox 3651 786 3675 806; x_wconf 74' lang='grc' dir='ltr'><strong><em>ο</em></strong></span> 
     </span>
    </p>
   </div>
   <div class='ocr_carea' id='block_1_22' title="bbox 2015 858 3605 930">
    <p class='ocr_par' dir='ltr' id='par_1_22' title="bbox 2015 858 3605 930">
     <span class='ocr_line' id='line_1_22' title="bbox 2015 858 3605 930; baseline 0.002 -14"><span class='ocrx_word' id='word_1_142' title='bbox 2015 862 2144 929; x_wconf 88' lang='lat' dir='ltr'><strong>sint,</strong></span> <span class='ocrx_word' id='word_1_143' title='bbox 2184 875 2288 914; x_wconf 92' lang='lat' dir='ltr'><strong>non</strong></span> <span class='ocrx_word' id='word_1_144' title='bbox 2339 860 2550 930; x_wconf 85' lang='lat' dir='ltr'><strong>possint</strong></span> <span class='ocrx_word' id='word_1_145' title='bbox 2598 858 2832 916; x_wconf 80' lang='lat' dir='ltr'><strong>artificio</strong></span> <span class='ocrx_word' id='word_1_146' title='bbox 2879 870 3205 918; x_wconf 89' lang='lat' dir='ltr'><strong>vetustatem</strong></span> <span class='ocrx_word' id='word_1_147' title='bbox 3255 863 3505 929; x_wconf 80' lang='lat' dir='ltr'><strong>induere,</strong></span> <span class='ocrx_word' id='word_1_148' title='bbox 3546 875 3605 919; x_wconf 88' lang='lat' dir='ltr'><strong>nt</strong></span> 
     </span>
    </p>
   </div>
   <div class='ocr_carea' id='block_1_23' title="bbox 2016 948 3599 1023">
    <p class='ocr_par' dir='ltr' id='par_1_23' title="bbox 2016 948 3599 1023">
     <span class='ocr_line' id='line_1_23' title="bbox 2016 948 3599 1023; baseline 0.002 -19"><span class='ocrx_word' id='word_1_149' title='bbox 2016 964 2159 1005; x_wconf 91' lang='lat' dir='ltr'><strong>nunc</strong></span> <span class='ocrx_word' id='word_1_150' title='bbox 2198 948 2445 1005; x_wconf 78' lang='lat' dir='ltr'><strong>fecimus.</strong></span> <span class='ocrx_word' id='word_1_151' title='bbox 2474 948 2585 1003; x_wconf 83' lang='lat' dir='ltr'><strong>Hoc</strong></span> <span class='ocrx_word' id='word_1_152' title='bbox 2615 950 2761 1003; x_wconf 92' lang='lat' dir='ltr'><strong>enim</strong></span> <span class='ocrx_word' id='word_1_153' title='bbox 2792 962 3171 1021; x_wconf 78' lang='lat' dir='ltr'><strong>argumentum</strong></span> <span class='ocrx_word' id='word_1_154' title='bbox 3206 970 3358 1010; x_wconf 90' lang='lat' dir='ltr'><strong>more</strong></span> <span class='ocrx_word' id='word_1_155' title='bbox 3404 955 3599 1023; x_wconf 72' lang='lat' dir='ltr'><strong>dialogi</strong></span> 
     </span>
    </p>
   </div>
   <div class='ocr_carea' id='block_1_24' title="bbox 2016 1041 3600 1117">
    <p class='ocr_par' dir='ltr' id='par_1_24' title="bbox 2016 1041 3600 1117">
     <span class='ocr_line' id='line_1_24' title="bbox 2016 1041 3600 1117; baseline 0.004 -21"><span class='ocrx_word' id='word_1_156' title='bbox 2016 1041 2428 1106; x_wconf 86' lang='lat' dir='ltr'><strong>concinnantes,</strong></span> <span class='ocrx_word' id='word_1_157' title='bbox 2481 1056 2579 1095; x_wconf 90' lang='lat' dir='ltr'><strong>nec</strong></span> <span class='ocrx_word' id='word_1_158' title='bbox 2629 1055 2785 1094; x_wconf 90' lang='lat' dir='ltr'><strong>usum</strong></span> <span class='ocrx_word' id='word_1_159' title='bbox 2832 1057 2934 1098; x_wconf 89' lang='lat' dir='ltr'><strong>nec</strong></span> <span class='ocrx_word' id='word_1_160' title='bbox 2980 1044 3305 1114; x_wconf 75' lang='lat' dir='ltr'><strong>gravitatem</strong></span> <span class='ocrx_word' id='word_1_161' title='bbox 3356 1047 3600 1117; x_wconf 81' lang='lat' dir='ltr'><strong>dialogos</strong></span> 
     </span>
    </p>
   </div>
   <div class='ocr_carea' id='block_1_25' title="bbox 2015 1134 3603 1210">
    <p class='ocr_par' dir='ltr' id='par_1_25' title="bbox 2015 1134 3603 1210">
     <span class='ocr_line' id='line_1_25' title="bbox 2015 1134 3603 1210; baseline 0.003 -21"><span class='ocrx_word' id='word_1_162' title='bbox 2015 1134 2297 1190; x_wconf 85' lang='lat' dir='ltr'><strong>decentem</strong></span> <span class='ocrx_word' id='word_1_163' title='bbox 2326 1135 2693 1204; x_wconf 89' lang='lat' dir='ltr'><strong>corrupimus.</strong></span> <span class='ocrx_word' id='word_1_164' title='bbox 2730 1135 2879 1192; x_wconf 84' lang='lat' dir='ltr'><strong>More</strong></span> <span class='ocrx_word' id='word_1_165' title='bbox 2922 1135 3164 1194; x_wconf 82' lang='lat' dir='ltr'><strong>Platonis</strong></span> <span class='ocrx_word' id='word_1_166' title='bbox 3187 1153 3286 1194; x_wconf 88' lang='lat' dir='ltr'><strong>nos</strong></span> <span class='ocrx_word' id='word_1_167' title='bbox 3324 1139 3377 1193; x_wconf 87' lang='lat' dir='ltr'><strong>id</strong></span> <span class='ocrx_word' id='word_1_168' title='bbox 3410 1155 3603 1210; x_wconf 85' lang='lat' dir='ltr'><strong>aggre-</strong></span> 
     </span>
    </p>
   </div>
   <div class='ocr_carea' id='block_1_26' title="bbox 2018 1227 3604 1303">
    <p class='ocr_par' dir='ltr' id='par_1_26' title="bbox 2018 1227 3604 1303">
     <span class='ocr_line' id='line_1_26' title="bbox 2018 1227 3604 1303; baseline 0.003 -20"><span class='ocrx_word' id='word_1_169' title='bbox 2018 1229 2219 1292; x_wconf 90' lang='lat' dir='ltr'><strong>dimur,</strong></span> <span class='ocrx_word' id='word_1_170' title='bbox 2258 1228 2385 1283; x_wconf 91' lang='lat' dir='ltr'><strong>licet</strong></span> <span class='ocrx_word' id='word_1_171' title='bbox 2415 1227 2639 1283; x_wconf 87' lang='lat' dir='ltr'><strong>moralis</strong></span> <span class='ocrx_word' id='word_1_172' title='bbox 2683 1229 2754 1284; x_wconf 89' lang='lat' dir='ltr'><strong>sit</strong></span> <span class='ocrx_word' id='word_1_173' title='bbox 2792 1231 2993 1295; x_wconf 87' lang='lat' dir='ltr'><strong>oratio,</strong></span> <span class='ocrx_word' id='word_1_174' title='bbox 3025 1239 3207 1286; x_wconf 87' lang='lat' dir='ltr'><strong>tamen</strong></span> <span class='ocrx_word' id='word_1_175' title='bbox 3255 1231 3500 1303; x_wconf 85' lang='lat' dir='ltr'><strong>physica,</strong></span> <span class='ocrx_word' id='word_1_176' title='bbox 3536 1247 3604 1288; x_wconf 86' lang='lat' dir='ltr'><strong>ac</strong></span> 
     </span>
    </p>
   </div>
   <div class='ocr_carea' id='block_1_27' title="bbox 2020 1316 3599 1393">
    <p class='ocr_par' dir='ltr' id='par_1_27' title="bbox 2020 1316 3599 1393">
     <span class='ocr_line' id='line_1_27' title="bbox 2020 1316 3599 1393; baseline 0.001 -19"><span class='ocrx_word' id='word_1_177' title='bbox 2020 1318 2318 1389; x_wconf 87' lang='lat' dir='ltr'><strong>theologica</strong></span> <span class='ocrx_word' id='word_1_178' title='bbox 2373 1316 2673 1393; x_wconf 77' lang='lat' dir='ltr'><strong>moralibus</strong></span> <span class='ocrx_word' id='word_1_179' title='bbox 2713 1321 3154 1385; x_wconf 82' lang='lat' dir='ltr'><strong>commiscentes,</strong></span> <span class='ocrx_word' id='word_1_180' title='bbox 3211 1330 3269 1376; x_wconf 91' lang='lat' dir='ltr'><strong>et</strong></span> <span class='ocrx_word' id='word_1_181' title='bbox 3310 1322 3599 1377; x_wconf 91' lang='lat' dir='ltr'><strong>videndum</strong></span> 
     </span>
    </p>
   </div>
   <div class='ocr_carea' id='block_1_28' title="bbox 2016 1411 3600 1484">
    <p class='ocr_par' dir='ltr' id='par_1_28' title="bbox 2016 1411 3600 1484">
     <span class='ocr_line' id='line_1_28' title="bbox 2016 1411 3600 1484; baseline 0.001 -17"><span class='ocrx_word' id='word_1_182' title='bbox 2016 1420 2102 1468; x_wconf 86' lang='lat' dir='ltr'><strong>cst</strong></span> <span class='ocrx_word' id='word_1_183' title='bbox 2150 1421 2335 1466; x_wconf 89' lang='lat' dir='ltr'><strong>utrum</strong></span> <span class='ocrx_word' id='word_1_184' title='bbox 2386 1411 2489 1467; x_wconf 90' lang='lat' dir='ltr'><strong>hoc</strong></span> <span class='ocrx_word' id='word_1_185' title='bbox 2514 1426 2685 1482; x_wconf 86' lang='lat' dir='ltr'><strong>genus</strong></span> <span class='ocrx_word' id='word_1_186' title='bbox 2728 1411 2942 1467; x_wconf 87' lang='lat' dir='ltr'><strong>dicendi</strong></span> <span class='ocrx_word' id='word_1_187' title='bbox 2985 1411 3230 1468; x_wconf 85' lang='lat' dir='ltr'><strong>Platonis</strong></span> <span class='ocrx_word' id='word_1_188' title='bbox 3273 1415 3364 1484; x_wconf 84' lang='lat' dir='ltr'><strong>qui</strong></span> <span class='ocrx_word' id='word_1_189' title='bbox 3402 1415 3600 1471; x_wconf 82' lang='lat' dir='ltr'><strong>fabulis</strong></span> 
     </span>
    </p>
   </div>
   <div class='ocr_carea' id='block_1_29' title="bbox 2016 1503 3603 1571">
    <p class='ocr_par' dir='ltr' id='par_1_29' title="bbox 2016 1503 3603 1571">
     <span class='ocr_line' id='line_1_29' title="bbox 2016 1503 3603 1571; baseline 0 -12"><span class='ocrx_word' id='word_1_190' title='bbox 2016 1518 2105 1559; x_wconf 88' lang='lat' dir='ltr'><strong>res</strong></span> <span class='ocrx_word' id='word_1_191' title='bbox 2134 1504 2346 1559; x_wconf 85' lang='lat' dir='ltr'><strong>divinas</strong></span> <span class='ocrx_word' id='word_1_192' title='bbox 2373 1503 2621 1569; x_wconf 80' lang='lat' dir='ltr'><strong>involvit,</strong></span> <span class='ocrx_word' id='word_1_193' title='bbox 2652 1505 2888 1560; x_wconf 88' lang='lat' dir='ltr'><strong>assecuti</strong></span> <span class='ocrx_word' id='word_1_194' title='bbox 2922 1505 3116 1571; x_wconf 84' lang='lat' dir='ltr'><strong>simus,</strong></span> <span class='ocrx_word' id='word_1_195' title='bbox 3146 1514 3202 1560; x_wconf 88' lang='lat' dir='ltr'><strong>et.</strong></span> <span class='ocrx_word' id='word_1_196' title='bbox 3229 1518 3456 1562; x_wconf 63' lang='lat' dir='ltr'><strong>caeteras</strong></span> <span class='ocrx_word' id='word_1_197' title='bbox 3486 1507 3603 1560; x_wconf 86' lang='lat' dir='ltr'><strong>dia-</strong></span> 
     </span>
    </p>
   </div>
   <div class='ocr_carea' id='block_1_30' title="bbox 2017 1595 3600 1666">
    <p class='ocr_par' dir='ltr' id='par_1_30' title="bbox 2017 1595 3600 1666">
     <span class='ocr_line' id='line_1_30' title="bbox 2017 1595 3600 1666; baseline 0.002 -17"><span class='ocrx_word' id='word_1_198' title='bbox 2017 1595 2260 1666; x_wconf 86' lang='lat' dir='ltr'><strong>logorum</strong></span> <span class='ocrx_word' id='word_1_199' title='bbox 2312 1595 2562 1661; x_wconf 80' lang='lat' dir='ltr'><strong>virtutes,</strong></span> <span class='ocrx_word' id='word_1_200' title='bbox 2619 1595 3028 1665; x_wconf 76' lang='lat' dir='ltr'><strong>inspirationcs,</strong></span> <span class='ocrx_word' id='word_1_201' title='bbox 3060 1597 3305 1665; x_wconf 89' lang='lat' dir='ltr'><strong>inquam,</strong></span> <span class='ocrx_word' id='word_1_202' title='bbox 3355 1598 3600 1663; x_wconf 80' lang='lat' dir='ltr'><strong>ordines,</strong></span> 
     </span>
    </p>
   </div>
   <div class='ocr_carea' id='block_1_31' title="bbox 322 1681 1914 1768">
    <p class='ocr_par' dir='ltr' id='par_1_31' title="bbox 322 1694 1914 1768">
     <span class='ocr_line' id='line_1_31' title="bbox 322 1694 1914 1768; baseline -0.003 -18"><span class='ocrx_word' id='word_1_203' title='bbox 322 1698 609 1761; x_wconf 89' lang='grc' dir='ltr'>Πλάτωνος</span> <span class='ocrx_word' id='word_1_204' title='bbox 636 1696 1162 1768; x_wconf 79' lang='grc' dir='ltr'>έναποκρύπτοντος,</span> <span class='ocrx_word' id='word_1_205' title='bbox 1200 1697 1307 1768; x_wconf 82' lang='grc' dir='ltr'>χρὴ</span> <span class='ocrx_word' id='word_1_206' title='bbox 1352 1697 1578 1749; x_wconf 82' lang='grc' dir='ltr'>σκοπεῖν</span> <span class='ocrx_word' id='word_1_207' title='bbox 1610 1696 1659 1748; x_wconf 83' lang='grc' dir='ltr'>εἰ</span> <span class='ocrx_word' id='word_1_208' title='bbox 1681 1694 1773 1747; x_wconf 83' lang='grc' dir='ltr'><strong>τὸν</strong></span> <span class='ocrx_word' id='word_1_209' title='bbox 1808 1710 1914 1747; x_wconf 91' lang='grc' dir='ltr'>τοι-</span> 
     </span>
    </p>
   </div>
   <div class='ocr_carea' id='block_1_32' title="bbox 2018 1681 3602 1768">
    <p class='ocr_par' dir='ltr' id='par_1_32' title="bbox 2019 1688 3602 1762">
     <span class='ocr_line' id='line_1_32' title="bbox 2019 1688 3602 1762; baseline 0.001 -18"><span class='ocrx_word' id='word_1_210' title='bbox 2019 1696 2073 1744; x_wconf 86' lang='lat' dir='ltr'><strong>et.</strong></span> <span class='ocrx_word' id='word_1_211' title='bbox 2120 1688 2399 1758; x_wconf 87' lang='lat' dir='ltr'><strong>episodia;</strong></span> <span class='ocrx_word' id='word_1_212' title='bbox 2448 1688 2571 1743; x_wconf 87' lang='lat' dir='ltr'><strong>dein</strong></span> <span class='ocrx_word' id='word_1_213' title='bbox 2619 1698 2675 1745; x_wconf 88' lang='lat' dir='ltr'><strong>et</strong></span> <span class='ocrx_word' id='word_1_214' title='bbox 2728 1688 2962 1760; x_wconf 79' lang='lat' dir='ltr'><strong>lepores,</strong></span> <span class='ocrx_word' id='word_1_215' title='bbox 3008 1698 3065 1746; x_wconf 83' lang='lat' dir='ltr'><strong>et.</strong></span> <span class='ocrx_word' id='word_1_216' title='bbox 3110 1691 3257 1745; x_wconf 88' lang='lat' dir='ltr'><strong>actio</strong></span> <span class='ocrx_word' id='word_1_217' title='bbox 3310 1691 3362 1745; x_wconf 86' lang='lat' dir='ltr'><strong>in</strong></span> <span class='ocrx_word' id='word_1_218' title='bbox 3402 1706 3602 1762; x_wconf 87' lang='lat' dir='ltr'><strong>genere</strong></span> 
     </span>
    </p>
   </div>
   <div class='ocr_carea' id='block_1_33' title="bbox 318 1780 1914 1860">
    <p class='ocr_par' dir='ltr' id='par_1_33' title="bbox 318 1784 1908 1860">
     <span class='ocr_line' id='line_1_33' title="bbox 318 1784 1908 1860; baseline -0.004 -18"><span class='ocrx_word' id='word_1_219' title='bbox 318 1788 476 1842; x_wconf 79' lang='grc' dir='ltr'>οὖτον</span> <span class='ocrx_word' id='word_1_220' title='bbox 505 1788 667 1857; x_wconf 76' lang='grc' dir='ltr'>ζῆλον</span> <span class='ocrx_word' id='word_1_221' title='bbox 696 1787 1124 1860; x_wconf 81' lang='grc' dir='ltr'>μετεδιώξαμεν.</span> <span class='ocrx_word' id='word_1_222' title='bbox 1153 1789 1267 1851; x_wconf 75' lang='grc' dir='ltr'>Τὰς</span> <span class='ocrx_word' id='word_1_223' title='bbox 1296 1787 1355 1841; x_wconf 84' lang='grc' dir='ltr'>δὲ</span> <span class='ocrx_word' id='word_1_224' title='bbox 1385 1786 1554 1849; x_wconf 78' lang='grc' dir='ltr'>ἄλλας</span> <span class='ocrx_word' id='word_1_225' title='bbox 1578 1785 1780 1856; x_wconf 84' lang='grc' dir='ltr'>ἀρετὰς</span> <span class='ocrx_word' id='word_1_226' title='bbox 1800 1784 1908 1837; x_wconf 89' lang='grc' dir='ltr'><strong>τῶν</strong></span> 
     </span>
    </p>
   </div>
   <div class='ocr_carea' id='block_1_34' title="bbox 2018 1780 3603 1860">
    <p class='ocr_par' dir='ltr' id='par_1_34' title="bbox 2018 1780 3603 1852">
     <span class='ocr_line' id='line_1_34' title="bbox 2018 1780 3603 1852; baseline 0.001 -16"><span class='ocrx_word' id='word_1_227' title='bbox 2018 1780 2294 1837; x_wconf 83' lang='lat' dir='ltr'><strong>meliorem</strong></span> <span class='ocrx_word' id='word_1_228' title='bbox 2322 1781 2561 1837; x_wconf 89' lang='lat' dir='ltr'><strong>ostendit</strong></span> <span class='ocrx_word' id='word_1_229' title='bbox 2600 1782 3080 1852; x_wconf 85' lang='lat' dir='ltr'><strong>compositionem,</strong></span> <span class='ocrx_word' id='word_1_230' title='bbox 3111 1784 3155 1837; x_wconf 90' lang='lat' dir='ltr'><strong>si</strong></span> <span class='ocrx_word' id='word_1_231' title='bbox 3198 1793 3345 1841; x_wconf 89' lang='lat' dir='ltr'><strong>recte</strong></span> <span class='ocrx_word' id='word_1_232' title='bbox 3378 1799 3603 1840; x_wconf 87' lang='lat' dir='ltr'><strong>succes-</strong></span> 
     </span>
    </p>
   </div>
   <div class='ocr_carea' id='block_1_35' title="bbox 318 1870 1914 1948">
    <p class='ocr_par' dir='ltr' id='par_1_35' title="bbox 318 1872 1911 1948">
     <span class='ocr_line' id='line_1_35' title="bbox 318 1872 1911 1948; baseline -0.006 -16"><span class='ocrx_word' id='word_1_233' title='bbox 318 1879 612 1948; x_wconf 83' lang='grc' dir='ltr'>διαλόγων,</span> <span class='ocrx_word' id='word_1_234' title='bbox 647 1878 967 1941; x_wconf 81' lang='grc' dir='ltr'>ἀναπαύλας</span> <span class='ocrx_word' id='word_1_235' title='bbox 993 1877 1140 1947; x_wconf 89' lang='grc' dir='ltr'>λέγω</span> <span class='ocrx_word' id='word_1_236' title='bbox 1168 1877 1265 1931; x_wconf 71' lang='grc' dir='ltr'>καὶ</span> <span class='ocrx_word' id='word_1_237' title='bbox 1295 1874 1568 1937; x_wconf 81' lang='grc' dir='ltr'>διαθέσεις</span> <span class='ocrx_word' id='word_1_238' title='bbox 1604 1873 1652 1905; x_wconf 81' lang='grc'>⁸⁸</span> <span class='ocrx_word' id='word_1_239' title='bbox 1686 1872 1782 1926; x_wconf 76' lang='grc' dir='ltr'><strong>καὶ</strong></span> <span class='ocrx_word' id='word_1_240' title='bbox 1810 1872 1911 1924; x_wconf 76' lang='grc' dir='ltr'>έπ-</span> 
     </span>
    </p>
   </div>
   <div class='ocr_carea' id='block_1_36' title="bbox 2018 1870 3604 1948">
    <p class='ocr_par' dir='ltr' id='par_1_36' title="bbox 2018 1870 3604 1941">
     <span class='ocr_line' id='line_1_36' title="bbox 2018 1870 3604 1941; baseline 0.004 -18"><span class='ocrx_word' id='word_1_241' title='bbox 2018 1870 2171 1925; x_wconf 87' lang='lat' dir='ltr'><strong>serit.</strong></span> <span class='ocrx_word' id='word_1_242' title='bbox 2212 1871 2344 1936; x_wconf 84' lang='lat' dir='ltr'><strong>Cum</strong></span> <span class='ocrx_word' id='word_1_243' title='bbox 2406 1880 2586 1927; x_wconf 88' lang='lat' dir='ltr'><strong>autem</strong></span> <span class='ocrx_word' id='word_1_244' title='bbox 2633 1870 2832 1941; x_wconf 79' lang='lat' dir='ltr'><strong>dialogi</strong></span> <span class='ocrx_word' id='word_1_245' title='bbox 2883 1873 3042 1928; x_wconf 91' lang='lat' dir='ltr'><strong>initio</strong></span> <span class='ocrx_word' id='word_1_246' title='bbox 3092 1873 3323 1929; x_wconf 89' lang='lat' dir='ltr'><strong>humiles</strong></span> <span class='ocrx_word' id='word_1_247' title='bbox 3361 1874 3490 1940; x_wconf 86' lang='lat' dir='ltr'><strong>sint,</strong></span> <span class='ocrx_word' id='word_1_248' title='bbox 3544 1882 3604 1929; x_wconf 85' lang='lat' dir='ltr'><strong>ut.</strong></span> 
     </span>
    </p>
   </div>
   <div class='ocr_carea' id='block_1_37' title="bbox 319 1960 1914 2044">
    <p class='ocr_par' dir='ltr' id='par_1_37' title="bbox 319 1963 1909 2044">
     <span class='ocr_line' id='line_1_37' title="bbox 319 1963 1909 2044; baseline -0.006 -19"><span class='ocrx_word' id='word_1_249' title='bbox 319 1974 547 2039; x_wconf 84' lang='grc' dir='ltr'>εισόδια,</span> <span class='ocrx_word' id='word_1_250' title='bbox 581 1973 663 2027; x_wconf 76' lang='grc' dir='ltr'><strong>ἔτι</strong></span> <span class='ocrx_word' id='word_1_251' title='bbox 701 1973 760 2028; x_wconf 84' lang='grc' dir='ltr'>δὲ</span> <span class='ocrx_word' id='word_1_252' title='bbox 792 1972 1025 2044; x_wconf 87' lang='grc' dir='ltr'>χάριτας</span> <span class='ocrx_word' id='word_1_253' title='bbox 1053 1972 1148 2024; x_wconf 75' lang='grc' dir='ltr'><strong>καὶ</strong></span> <span class='ocrx_word' id='word_1_254' title='bbox 1173 1968 1235 2023; x_wconf 74' lang='grc' dir='ltr'>τὸ</span> <span class='ocrx_word' id='word_1_255' title='bbox 1280 1969 1349 2023; x_wconf 88' lang='grc' dir='ltr'>δι’</span> <span class='ocrx_word' id='word_1_256' title='bbox 1384 1966 1509 2020; x_wconf 84' lang='grc' dir='ltr'>ὅλου</span> <span class='ocrx_word' id='word_1_257' title='bbox 1547 1963 1909 2036; x_wconf 77' lang='grc' dir='ltr'>δραματικὸν,</span> 
     </span>
    </p>
   </div>
   <div class='ocr_carea' id='block_1_38' title="bbox 2018 1960 3600 2044">
    <p class='ocr_par' dir='ltr' id='par_1_38' title="bbox 2018 1960 3600 2034">
     <span class='ocr_line' id='line_1_38' title="bbox 2018 1960 3600 2034; baseline 0.002 -17"><span class='ocrx_word' id='word_1_258' title='bbox 2018 1962 2132 2031; x_wconf 87' lang='lat' dir='ltr'><strong>ipse</strong></span> <span class='ocrx_word' id='word_1_259' title='bbox 2186 1960 2399 2019; x_wconf 89' lang='lat' dir='ltr'><strong>dicendi</strong></span> <span class='ocrx_word' id='word_1_260' title='bbox 2458 1962 2749 2018; x_wconf 84' lang='lat' dir='ltr'><strong>character</strong></span> <span class='ocrx_word' id='word_1_261' title='bbox 2792 1963 3199 2034; x_wconf 84' lang='lat' dir='ltr'><strong>simplicitatem</strong></span> <span class='ocrx_word' id='word_1_262' title='bbox 3251 1964 3492 2033; x_wconf 84' lang='lat' dir='ltr'><strong>adjiciat,</strong></span> <span class='ocrx_word' id='word_1_263' title='bbox 3547 1965 3600 2020; x_wconf 93' lang='lat' dir='ltr'><strong>iu</strong></span> 
     </span>
    </p>
   </div>
   <div class='ocr_carea' id='block_1_39' title="bbox 319 2053 1914 2133">
    <p class='ocr_par' dir='ltr' id='par_1_39' title="bbox 319 2053 1910 2133">
     <span class='ocr_line' id='line_1_39' title="bbox 319 2053 1910 2133; baseline -0.006 -17"><span class='ocrx_word' id='word_1_264' title='bbox 319 2062 568 2132; x_wconf 79' lang='grc' dir='ltr'>ἄμεινον,</span> <span class='ocrx_word' id='word_1_265' title='bbox 610 2064 660 2116; x_wconf 84' lang='grc' dir='ltr'><strong>εί</strong></span> <span class='ocrx_word' id='word_1_266' title='bbox 703 2061 1067 2133; x_wconf 85' lang='grc' dir='ltr'>κατωρθώθη,</span> <span class='ocrx_word' id='word_1_267' title='bbox 1094 2059 1258 2126; x_wconf 80' lang='grc' dir='ltr'>δείξει</span> <span class='ocrx_word' id='word_1_268' title='bbox 1290 2058 1351 2112; x_wconf 87' lang='grc' dir='ltr'><strong>τδ</strong></span> <span class='ocrx_word' id='word_1_269' title='bbox 1383 2058 1746 2128; x_wconf 87' lang='grc' dir='ltr'>σύγγραμμα.</span> <span class='ocrx_word' id='word_1_270' title='bbox 1788 2053 1910 2108; x_wconf 86' lang='grc' dir='ltr'><strong>Τῶν</strong></span> 
     </span>
    </p>
   </div>
   <div class='ocr_carea' id='block_1_40' title="bbox 2018 2053 3603 2133">
    <p class='ocr_par' dir='ltr' id='par_1_40' title="bbox 2019 2053 3603 2127">
     <span class='ocr_line' id='line_1_40' title="bbox 2019 2053 3603 2127; baseline 0.002 -18"><span class='ocrx_word' id='word_1_271' title='bbox 2019 2055 2374 2124; x_wconf 68' lang='lat' dir='ltr'><strong>sequentibus</strong></span> <span class='ocrx_word' id='word_1_272' title='bbox 2406 2053 2570 2110; x_wconf 86' lang='lat' dir='ltr'><strong>simul</strong></span> <span class='ocrx_word' id='word_1_273' title='bbox 2600 2064 2654 2109; x_wconf 85' lang='lat' dir='ltr'><strong>et</strong></span> <span class='ocrx_word' id='word_1_274' title='bbox 2684 2070 2799 2109; x_wconf 90' lang='lat' dir='ltr'><strong>rem</strong></span> <span class='ocrx_word' id='word_1_275' title='bbox 2831 2054 3116 2121; x_wconf 79' lang='lat' dir='ltr'><strong>auferant;</strong></span> <span class='ocrx_word' id='word_1_276' title='bbox 3147 2071 3215 2111; x_wconf 90' lang='lat' dir='ltr'><strong>an</strong></span> <span class='ocrx_word' id='word_1_277' title='bbox 3250 2057 3356 2113; x_wconf 89' lang='lat' dir='ltr'><strong>hoc</strong></span> <span class='ocrx_word' id='word_1_278' title='bbox 3390 2057 3603 2127; x_wconf 62' lang='lat' dir='ltr'><strong>praesti-</strong></span> 
     </span>
    </p>
   </div>
   <div class='ocr_carea' id='block_1_41' title="bbox 319 2145 1914 2227">
    <p class='ocr_par' dir='ltr' id='par_1_41' title="bbox 319 2146 1910 2227">
     <span class='ocr_line' id='line_1_41' title="bbox 319 2146 1910 2227; baseline -0.005 -20"><span class='ocrx_word' id='word_1_279' title='bbox 319 2155 375 2208; x_wconf 82' lang='grc' dir='ltr'>δὲ</span> <span class='ocrx_word' id='word_1_280' title='bbox 395 2155 662 2223; x_wconf 79' lang='grc' dir='ltr'>διαλόγων</span> <span class='ocrx_word' id='word_1_281' title='bbox 679 2154 1000 2227; x_wconf 80' lang='grc' dir='ltr'>ἀρχομένων</span> <span class='ocrx_word' id='word_1_282' title='bbox 1020 2153 1129 2208; x_wconf 73' lang='grc' dir='ltr'>ἀπὸ</span> <span class='ocrx_word' id='word_1_283' title='bbox 1149 2153 1249 2222; x_wconf 79' lang='grc' dir='ltr'>τῆς</span> <span class='ocrx_word' id='word_1_284' title='bbox 1272 2150 1593 2222; x_wconf 83' lang='grc' dir='ltr'>ίσχνοτέρας</span> <span class='ocrx_word' id='word_1_285' title='bbox 1617 2148 1784 2212; x_wconf 84' lang='grc' dir='ltr'>ίδέας,</span> <span class='ocrx_word' id='word_1_286' title='bbox 1817 2146 1910 2201; x_wconf 82' lang='grc' dir='ltr'>ἵνα</span> 
     </span>
    </p>
   </div>
   <div class='ocr_carea' id='block_1_42' title="bbox 2018 2145 3604 2227">
    <p class='ocr_par' dir='ltr' id='par_1_42' title="bbox 2022 2145 3604 2219">
     <span class='ocr_line' id='line_1_42' title="bbox 2022 2145 3604 2219; baseline 0.003 -19"><span class='ocrx_word' id='word_1_287' title='bbox 2022 2147 2272 2211; x_wconf 68' lang='lat' dir='ltr'><strong>thrimus,</strong></span> <span class='ocrx_word' id='word_1_288' title='bbox 2310 2145 2542 2203; x_wconf 89' lang='lat' dir='ltr'><strong>aliorum</strong></span> <span class='ocrx_word' id='word_1_289' title='bbox 2579 2156 2699 2202; x_wconf 87' lang='lat' dir='ltr'><strong>esto</strong></span> <span class='ocrx_word' id='word_1_290' title='bbox 2718 2146 3008 2215; x_wconf 84' lang='lat' dir='ltr'><strong>judicium,</strong></span> <span class='ocrx_word' id='word_1_291' title='bbox 3038 2147 3236 2219; x_wconf 84' lang='lat' dir='ltr'><strong>quibus</strong></span> <span class='ocrx_word' id='word_1_292' title='bbox 3259 2147 3375 2204; x_wconf 65' lang='lat' dir='ltr'><strong>haec</strong></span> <span class='ocrx_word' id='word_1_293' title='bbox 3410 2149 3604 2204; x_wconf 86' lang='lat' dir='ltr'><strong>audire</strong></span> 
     </span>
    </p>
   </div>
   <div class='ocr_carea' id='block_1_43' title="bbox 319 2231 1914 2318">
    <p class='ocr_par' dir='ltr' id='par_1_43' title="bbox 319 2231 1912 2318">
     <span class='ocr_line' id='line_1_43' title="bbox 319 2231 1912 2318; baseline 0.003 -20"><span class='ocrx_word' id='word_1_294' title='bbox 319 2248 419 2317; x_wconf 79' lang='grc' dir='ltr'>τὴν</span> <span class='ocrx_word' id='word_1_295' title='bbox 457 2247 716 2316; x_wconf 73' lang='grc' dir='ltr'>ἀφέλειαν</span> <span class='ocrx_word' id='word_1_296' title='bbox 757 2249 788 2301; x_wconf 80' lang='grc' dir='ltr'><strong>ό</strong></span> <span class='ocrx_word' id='word_1_297' title='bbox 831 2246 1003 2311; x_wconf 80' lang='grc' dir='ltr'>τύπος</span> <span class='ocrx_word' id='word_1_298' title='bbox 1044 2231 1432 2318; x_wconf 60' lang='grc' dir='ltr'>προσδόιλληῖιι</span> <span class='ocrx_word' id='word_1_299' title='bbox 1466 2243 1569 2313; x_wconf 80' lang='grc' dir='ltr'>τῆς</span> <span class='ocrx_word' id='word_1_300' title='bbox 1598 2240 1817 2307; x_wconf 70' lang='grc' dir='ltr'>λέξεως.</span> <span class='ocrx_word' id='word_1_301' title='bbox 1854 2244 1912 2294; x_wconf 70' lang='grc' dir='ltr'>ἐν</span> 
     </span>
    </p>
   </div>
   <div class='ocr_carea' id='block_1_44' title="bbox 2018 2231 2331 2318">
    <p class='ocr_par' dir='ltr' id='par_1_44' title="bbox 2022 2240 2331 2309">
     <span class='ocr_line' id='line_1_44' title="bbox 2022 2240 2331 2309; baseline 0 -16"><span class='ocrx_word' id='word_1_302' title='bbox 2022 2240 2331 2309; x_wconf 77' lang='lat' dir='ltr'><strong>contigerit.</strong></span> 
     </span>
    </p>
   </div>
   <div class='ocr_carea' id='block_1_45' title="bbox 318 2333 3603 2415">
    <p class='ocr_par' dir='ltr' id='par_1_45' title="bbox 318 2333 3603 2415">
     <span class='ocr_line' id='line_1_45' title="bbox 318 2333 3603 2415; baseline -0.001 -20"><span class='ocrx_word' id='word_1_303' title='bbox 318 2341 377 2395; x_wconf 83' lang='grc' dir='ltr'>δὲ</span> <span class='ocrx_word' id='word_1_304' title='bbox 422 2344 535 2402; x_wconf 83' lang='grc' dir='ltr'>τοῖς</span> <span class='ocrx_word' id='word_1_305' title='bbox 584 2341 781 2415; x_wconf 80' lang='grc' dir='ltr'>ἑφεξῆς</span> <span class='ocrx_word' id='word_1_306' title='bbox 811 2342 1279 2414; x_wconf 80' lang='grc' dir='ltr'>συνεξαιρομένων</span> <span class='ocrx_word' id='word_1_307' title='bbox 1324 2342 1371 2373; x_wconf 74' lang='grc' dir='ltr'>θ’</span> <span class='ocrx_word' id='word_1_308' title='bbox 1400 2338 1536 2410; x_wconf 77' lang='grc' dir='ltr'>ὁμοῦ</span> <span class='ocrx_word' id='word_1_309' title='bbox 1569 2339 1683 2401; x_wconf 88' lang='grc' dir='ltr'>τοῖς</span> <span class='ocrx_word' id='word_1_310' title='bbox 1728 2336 2047 2408; x_wconf 83' lang='grc' dir='ltr'>πράγμασιν</span> <span class='ocrx_word' id='word_1_311' title='bbox 2073 2378 2089 2403; x_wconf 89' lang='grc'><strong>,</strong></span> <span class='ocrx_word' id='word_1_312' title='bbox 2142 2338 2192 2390; x_wconf 78' lang='grc' dir='ltr'>εἰ</span> <span class='ocrx_word' id='word_1_313' title='bbox 2267 2337 2365 2390; x_wconf 71' lang='grc' dir='ltr'>καὶ</span> <span class='ocrx_word' id='word_1_314' title='bbox 2426 2333 2589 2390; x_wconf 81' lang='grc' dir='ltr'>τοῦτο</span> <span class='ocrx_word' id='word_1_315' title='bbox 2632 2336 2797 2408; x_wconf 81' lang='grc' dir='ltr'>ἡμεῖς</span> <span class='ocrx_word' id='word_1_316' title='bbox 2879 2339 3289 2411; x_wconf 83' lang='grc' dir='ltr'>τετηρήκαμεν,</span> <span class='ocrx_word' id='word_1_317' title='bbox 3369 2339 3603 2412; x_wconf 81' lang='grc' dir='ltr'>πάρεστι</span> 
     </span>
    </p>
   </div>
   <div class='ocr_carea' id='block_1_46' title="bbox 319 2430 2033 2507">
    <p class='ocr_par' dir='ltr' id='par_1_46' title="bbox 319 2430 2033 2507">
     <span class='ocr_line' id='line_1_46' title="bbox 319 2430 2033 2507; baseline -0.004 -17"><span class='ocrx_word' id='word_1_318' title='bbox 319 2435 532 2507; x_wconf 80' lang='grc' dir='ltr'>κρίνειν</span> <span class='ocrx_word' id='word_1_319' title='bbox 550 2430 633 2499; x_wconf 72' lang='grc' dir='ltr'>οἷς</span> <span class='ocrx_word' id='word_1_320' title='bbox 653 2434 819 2506; x_wconf 86' lang='grc' dir='ltr'>τέχνη</span> <span class='ocrx_word' id='word_1_321' title='bbox 842 2436 978 2506; x_wconf 83' lang='grc' dir='ltr'>πρὸς</span> <span class='ocrx_word' id='word_1_322' title='bbox 998 2436 1268 2507; x_wconf 82' lang='grc' dir='ltr'>ἀκρόασιν</span> <span class='ocrx_word' id='word_1_323' title='bbox 1288 2435 1390 2506; x_wconf 82' lang='grc' dir='ltr'><strong>τὴν</strong></span> <span class='ocrx_word' id='word_1_324' title='bbox 1409 2435 1579 2505; x_wconf 82' lang='grc' dir='ltr'>ἀκοὴν</span> <span class='ocrx_word' id='word_1_325' title='bbox 1596 2431 2033 2505; x_wconf 83' lang='grc' dir='ltr'>παρεσκεύασεν.</span> 
     </span>
    </p>
   </div>
   <div class='ocr_carea' id='block_1_47' title="bbox 560 2521 1914 2597">
    <p class='ocr_par' dir='ltr' id='par_1_47' title="bbox 560 2525 1667 2597">
     <span class='ocr_line' id='line_1_47' title="bbox 560 2525 1667 2597; baseline -0.005 -13"><span class='ocrx_word' id='word_1_326' title='bbox 560 2526 753 2584; x_wconf 81' lang='grc' dir='ltr'>Αὑτοῦ</span> <span class='ocrx_word' id='word_1_327' title='bbox 782 2527 891 2582; x_wconf 83' lang='grc' dir='ltr'>τοῦ</span> <span class='ocrx_word' id='word_1_328' title='bbox 918 2526 1207 2597; x_wconf 63' lang='grc' dir='ltr'>διαλόγου</span> <span class='ocrx_word' id='word_1_329' title='bbox 1232 2526 1300 2581; x_wconf 80' lang='grc' dir='ltr'>τὸ</span> <span class='ocrx_word' id='word_1_330' title='bbox 1328 2525 1667 2596; x_wconf 80' lang='grc' dir='ltr'>Προοίμιον.</span> 
     </span>
    </p>
   </div>
   <div class='ocr_carea' id='block_1_48' title="bbox 2018 2521 3316 2597">
    <p class='ocr_par' dir='ltr' id='par_1_48' title="bbox 2308 2521 3316 2595">
     <span class='ocr_line' id='line_1_48' title="bbox 2308 2521 3316 2595; baseline 0.006 -19"><span class='ocrx_word' id='word_1_331' title='bbox 2308 2522 2509 2594; x_wconf 73' lang='lat' dir='ltr'><strong>368a</strong></span> <span class='ocrx_word' id='word_1_332' title='bbox 2534 2521 2712 2593; x_wconf 76' lang='lat' dir='ltr'><strong>Hujus</strong></span> <span class='ocrx_word' id='word_1_333' title='bbox 2752 2524 2954 2595; x_wconf 78' lang='lat' dir='ltr'><strong>dialogi</strong></span> <span class='ocrx_word' id='word_1_334' title='bbox 2979 2524 3316 2583; x_wconf 75' lang='lat' dir='ltr'><strong>Prooemium.</strong></span> 
     </span>
    </p>
   </div>
   <div class='ocr_carea' id='block_1_49' title="bbox 393 2614 1914 2688">
    <p class='ocr_par' dir='ltr' id='par_1_49' title="bbox 393 2615 1914 2688">
     <span class='ocr_line' id='line_1_49' title="bbox 393 2615 1914 2688; baseline -0.002 -19"><span class='ocrx_word' id='word_1_335' title='bbox 393 2616 616 2686; x_wconf 80' lang='grc' dir='ltr'>Σιωπῆς</span> <span class='ocrx_word' id='word_1_336' title='bbox 642 2617 740 2687; x_wconf 83' lang='grc' dir='ltr'>μὲν</span> <span class='ocrx_word' id='word_1_337' title='bbox 767 2618 978 2688; x_wconf 80' lang='grc' dir='ltr'>καιρὸς,</span> <span class='ocrx_word' id='word_1_338' title='bbox 1007 2617 1069 2670; x_wconf 89' lang='grc' dir='ltr'><strong>ού</strong></span> <span class='ocrx_word' id='word_1_339' title='bbox 1098 2616 1297 2685; x_wconf 82' lang='grc' dir='ltr'>λόγων,</span> <span class='ocrx_word' id='word_1_340' title='bbox 1332 2618 1462 2671; x_wconf 79' lang='grc' dir='ltr'>ὅταν</span> <span class='ocrx_word' id='word_1_341' title='bbox 1491 2617 1541 2669; x_wconf 82' lang='grc' dir='ltr'>οἱ</span> <span class='ocrx_word' id='word_1_342' title='bbox 1590 2615 1739 2682; x_wconf 87' lang='grc' dir='ltr'>λόγοι</span> <span class='ocrx_word' id='word_1_343' title='bbox 1790 2630 1914 2667; x_wconf 81' lang='grc' dir='ltr'>στυ-</span> 
     </span>
    </p>
   </div>
   <div class='ocr_carea' id='block_1_50' title="bbox 2018 2614 3602 2688">
    <p class='ocr_par' dir='ltr' id='par_1_50' title="bbox 2094 2614 3602 2688">
     <span class='ocr_line' id='line_1_50' title="bbox 2094 2614 3602 2688; baseline 0.005 -20"><span class='ocrx_word' id='word_1_344' title='bbox 2094 2614 2305 2669; x_wconf 90' lang='lat' dir='ltr'><strong>Silentii</strong></span> <span class='ocrx_word' id='word_1_345' title='bbox 2335 2616 2448 2683; x_wconf 86' lang='lat' dir='ltr'><strong>jam</strong></span> <span class='ocrx_word' id='word_1_346' title='bbox 2482 2625 2693 2686; x_wconf 89' lang='lat' dir='ltr'><strong>tempus</strong></span> <span class='ocrx_word' id='word_1_347' title='bbox 2725 2625 2827 2682; x_wconf 88' lang='lat' dir='ltr'><strong>est,</strong></span> <span class='ocrx_word' id='word_1_348' title='bbox 2859 2633 2964 2672; x_wconf 89' lang='lat' dir='ltr'><strong>non</strong></span> <span class='ocrx_word' id='word_1_349' title='bbox 3010 2618 3286 2688; x_wconf 82' lang='lat' dir='ltr'><strong>loquendi,</strong></span> <span class='ocrx_word' id='word_1_350' title='bbox 3325 2634 3447 2675; x_wconf 90' lang='lat' dir='ltr'><strong>cum</strong></span> <span class='ocrx_word' id='word_1_351' title='bbox 3476 2636 3602 2675; x_wconf 88' lang='lat' dir='ltr'><strong>ora-</strong></span> 
     </span>
    </p>
   </div>
   <div class='ocr_carea' id='block_1_51' title="bbox 322 2704 1914 2781">
    <p class='ocr_par' dir='ltr' id='par_1_51' title="bbox 322 2704 1914 2778">
     <span class='ocr_line' id='line_1_51' title="bbox 322 2704 1914 2778; baseline -0.001 -18"><span class='ocrx_word' id='word_1_352' title='bbox 322 2708 608 2776; x_wconf 75' lang='grc' dir='ltr'>γνάζωσι,</span> <span class='ocrx_word' id='word_1_353' title='bbox 640 2707 769 2770; x_wconf 69' lang='grc' dir='ltr'>τοὺς</span> <span class='ocrx_word' id='word_1_354' title='bbox 812 2706 1022 2760; x_wconf 81' lang='grc' dir='ltr'>ἑαυτῶν</span> <span class='ocrx_word' id='word_1_355' title='bbox 1069 2706 1374 2778; x_wconf 78' lang='grc' dir='ltr'>τροφίμους</span> <span class='ocrx_word' id='word_1_356' title='bbox 1413 2706 1522 2760; x_wconf 76' lang='grc' dir='ltr'><strong>ἀπὸ</strong></span> <span class='ocrx_word' id='word_1_357' title='bbox 1570 2709 1668 2778; x_wconf 86' lang='grc' dir='ltr'><strong>τῆς</strong></span> <span class='ocrx_word' id='word_1_358' title='bbox 1708 2704 1914 2759; x_wconf 82' lang='grc' dir='ltr'>ἑαυτῶν</span> 
     </span>
    </p>
   </div>
   <div class='ocr_carea' id='block_1_52' title="bbox 2018 2704 3605 2781">
    <p class='ocr_par' dir='ltr' id='par_1_52' title="bbox 2024 2708 3605 2781">
     <span class='ocr_line' id='line_1_52' title="bbox 2024 2708 3605 2781; baseline 0.003 -18"><span class='ocrx_word' id='word_1_359' title='bbox 2024 2708 2100 2763; x_wconf 91' lang='lat' dir='ltr'><strong>tio</strong></span> <span class='ocrx_word' id='word_1_360' title='bbox 2186 2709 2443 2780; x_wconf 89' lang='lat' dir='ltr'><strong>proprios</strong></span> <span class='ocrx_word' id='word_1_361' title='bbox 2517 2708 2769 2765; x_wconf 87' lang='lat' dir='ltr'><strong>alumnos</strong></span> <span class='ocrx_word' id='word_1_362' title='bbox 2842 2724 2875 2765; x_wconf 88' lang='lat' dir='ltr'><strong>a</strong></span> <span class='ocrx_word' id='word_1_363' title='bbox 2921 2725 3087 2781; x_wconf 84' lang='lat' dir='ltr'><strong>grege</strong></span> <span class='ocrx_word' id='word_1_364' title='bbox 3155 2727 3254 2766; x_wconf 89' lang='lat' dir='ltr'><strong>suo</strong></span> <span class='ocrx_word' id='word_1_365' title='bbox 3314 2714 3605 2768; x_wconf 83' lang='lat' dir='ltr'><strong>demittens</strong></span> 
     </span>
    </p>
   </div>
   <div class='ocr_carea' id='block_1_53' title="bbox 325 2797 1914 2873">
    <p class='ocr_par' dir='ltr' id='par_1_53' title="bbox 325 2797 1914 2871">
     <span class='ocr_line' id='line_1_53' title="bbox 325 2797 1914 2871; baseline 0.001 -18"><span class='ocrx_word' id='word_1_366' title='bbox 325 2801 525 2871; x_wconf 84' lang='grc' dir='ltr'>ἀγέλης</span> <span class='ocrx_word' id='word_1_367' title='bbox 551 2801 954 2870; x_wconf 75' lang='grc' dir='ltr'>ἐκπέμποντες.</span> <span class='ocrx_word' id='word_1_368' title='bbox 1006 2799 1199 2869; x_wconf 83' lang='grc' dir='ltr'>Ὅμως</span> <span class='ocrx_word' id='word_1_369' title='bbox 1239 2799 1295 2852; x_wconf 80' lang='grc' dir='ltr'>δὲ</span> <span class='ocrx_word' id='word_1_370' title='bbox 1328 2797 1455 2871; x_wconf 79' lang='grc' dir='ltr'>(χρὴ</span> <span class='ocrx_word' id='word_1_371' title='bbox 1484 2798 1593 2870; x_wconf 88' lang='grc' dir='ltr'><strong>γάρ</strong></span> <span class='ocrx_word' id='word_1_372' title='bbox 1633 2799 1814 2869; x_wconf 89' lang='grc' dir='ltr'>λέγειν</span> <span class='ocrx_word' id='word_1_373' title='bbox 1857 2801 1914 2854; x_wconf 84' lang='grc' dir='ltr'>ἐν</span> 
     </span>
    </p>
   </div>
   <div class='ocr_carea' id='block_1_54' title="bbox 2018 2797 3603 2873">
    <p class='ocr_par' dir='ltr' id='par_1_54' title="bbox 2020 2799 3603 2873">
     <span class='ocr_line' id='line_1_54' title="bbox 2020 2799 3603 2873; baseline 0.003 -16"><span class='ocrx_word' id='word_1_374' title='bbox 2020 2800 2288 2873; x_wconf 88' lang='lat' dir='ltr'><strong>deploret.</strong></span> <span class='ocrx_word' id='word_1_375' title='bbox 2316 2799 2703 2857; x_wconf 83' lang='lat' dir='ltr'><strong>Verumtamen</strong></span> <span class='ocrx_word' id='word_1_376' title='bbox 2740 2802 2887 2873; x_wconf 84' lang='lat' dir='ltr'><strong>(nam</strong></span> <span class='ocrx_word' id='word_1_377' title='bbox 2922 2803 2974 2857; x_wconf 90' lang='lat' dir='ltr'><strong>in</strong></span> <span class='ocrx_word' id='word_1_378' title='bbox 3011 2805 3157 2858; x_wconf 89' lang='lat' dir='ltr'><strong>omni</strong></span> <span class='ocrx_word' id='word_1_379' title='bbox 3185 2816 3381 2860; x_wconf 89' lang='lat' dir='ltr'><strong>eventu</strong></span> <span class='ocrx_word' id='word_1_380' title='bbox 3414 2806 3603 2862; x_wconf 80' lang='lat' dir='ltr'><strong>dicen-</strong></span> 
     </span>
    </p>
   </div>
   <div class='ocr_carea' id='block_1_55' title="bbox 324 2889 1914 2968">
    <p class='ocr_par' dir='ltr' id='par_1_55' title="bbox 324 2889 1914 2963">
     <span class='ocr_line' id='line_1_55' title="bbox 324 2889 1914 2963; baseline 0.001 -22"><span class='ocrx_word' id='word_1_381' title='bbox 324 2890 478 2961; x_wconf 78' lang='grc' dir='ltr'>πάσῃ</span> <span class='ocrx_word' id='word_1_382' title='bbox 498 2889 638 2961; x_wconf 79' lang='grc' dir='ltr'>τύχῃ</span> <span class='ocrx_word' id='word_1_383' title='bbox 658 2890 784 2953; x_wconf 80' lang='grc' dir='ltr'>τοὺς</span> <span class='ocrx_word' id='word_1_384' title='bbox 806 2889 1023 2958; x_wconf 87' lang='grc' dir='ltr'>λόγους)</span> <span class='ocrx_word' id='word_1_385' title='bbox 1050 2889 1183 2959; x_wconf 72' lang='grc' dir='ltr'>φέρε</span> <span class='ocrx_word' id='word_1_386' title='bbox 1210 2890 1304 2943; x_wconf 75' lang='grc' dir='ltr'>καὶ</span> <span class='ocrx_word' id='word_1_387' title='bbox 1328 2890 1513 2957; x_wconf 84' lang='grc' dir='ltr'>αὐτὸς,</span> <span class='ocrx_word' id='word_1_388' title='bbox 1539 2890 1598 2944; x_wconf 80' lang='grc' dir='ltr'>ὃν</span> <span class='ocrx_word' id='word_1_389' title='bbox 1625 2893 1658 2963; x_wconf 82' lang='grc' dir='ltr'>ἡ</span> <span class='ocrx_word' id='word_1_390' title='bbox 1690 2891 1914 2962; x_wconf 68' lang='grc' dir='ltr'>φροντὶς</span> 
     </span>
    </p>
   </div>
   <div class='ocr_carea' id='block_1_56' title="bbox 2018 2889 3604 2968">
    <p class='ocr_par' dir='ltr' id='par_1_56' title="bbox 2018 2892 3604 2968">
     <span class='ocr_line' id='line_1_56' title="bbox 2018 2892 3604 2968; baseline 0.003 -20"><span class='ocrx_word' id='word_1_391' title='bbox 2018 2896 2142 2949; x_wconf 89' lang='lat' dir='ltr'><strong>dum</strong></span> <span class='ocrx_word' id='word_1_392' title='bbox 2184 2892 2288 2960; x_wconf 70' lang='lat' dir='ltr'><strong>est)</strong></span> <span class='ocrx_word' id='word_1_393' title='bbox 2322 2909 2420 2965; x_wconf 85' lang='lat' dir='ltr'><strong>age</strong></span> <span class='ocrx_word' id='word_1_394' title='bbox 2448 2902 2499 2950; x_wconf 89' lang='lat' dir='ltr'><strong>el</strong></span> <span class='ocrx_word' id='word_1_395' title='bbox 2545 2894 2681 2965; x_wconf 86' lang='lat' dir='ltr'><strong>ipse,</strong></span> <span class='ocrx_word' id='word_1_396' title='bbox 2715 2895 2922 2951; x_wconf 68' lang='lat' dir='ltr'><strong>sustine</strong></span> <span class='ocrx_word' id='word_1_397' title='bbox 2961 2897 3286 2963; x_wconf 85' lang='lat' dir='ltr'><strong>oralionem,</strong></span> <span class='ocrx_word' id='word_1_398' title='bbox 3327 2914 3488 2968; x_wconf 88' lang='lat' dir='ltr'><strong>quam</strong></span> <span class='ocrx_word' id='word_1_399' title='bbox 3517 2899 3604 2952; x_wconf 90' lang='lat' dir='ltr'><strong>in-</strong></span> 
     </span>
    </p>
   </div>
   <div class='ocr_carea' id='block_1_57' title="bbox 323 2985 1914 3061">
    <p class='ocr_par' dir='ltr' id='par_1_57' title="bbox 323 2985 1914 3061">
     <span class='ocr_line' id='line_1_57' title="bbox 323 2985 1914 3061; baseline 0.002 -23"><span class='ocrx_word' id='word_1_400' title='bbox 323 2986 360 3056; x_wconf 80' lang='grc' dir='ltr'><strong>ή</strong></span> <span class='ocrx_word' id='word_1_401' title='bbox 393 2986 784 3057; x_wconf 82' lang='grc' dir='ltr'>προσπεσοῦσα</span> <span class='ocrx_word' id='word_1_402' title='bbox 831 2985 961 3059; x_wconf 81' lang='lat'><strong>[599</strong></span> <span class='ocrx_word' id='word_1_403' title='bbox 997 2988 1091 3061; x_wconf 72' lang='lat' dir='ltr'><strong>IL]</strong></span> <span class='ocrx_word' id='word_1_404' title='bbox 1123 2989 1281 3057; x_wconf 81' lang='grc' dir='ltr'>λόγον</span> <span class='ocrx_word' id='word_1_405' title='bbox 1310 2989 1622 3059; x_wconf 81' lang='grc' dir='ltr'>ἐγέννησεν,</span> <span class='ocrx_word' id='word_1_406' title='bbox 1670 2990 1719 3042; x_wconf 81' lang='grc' dir='ltr'><strong>εἰ</strong></span> <span class='ocrx_word' id='word_1_407' title='bbox 1769 2988 1914 3058; x_wconf 79' lang='grc' dir='ltr'>φίλον</span> 
     </span>
    </p>
   </div>
   <div class='ocr_carea' id='block_1_58' title="bbox 2018 2985 3601 3061">
    <p class='ocr_par' dir='ltr' id='par_1_58' title="bbox 2018 2985 3601 3060">
     <span class='ocr_line' id='line_1_58' title="bbox 2018 2985 3601 3060; baseline 0.003 -20"><span class='ocrx_word' id='word_1_408' title='bbox 2018 2986 2205 3041; x_wconf 89' lang='lat' dir='ltr'><strong>cidens</strong></span> <span class='ocrx_word' id='word_1_409' title='bbox 2259 2985 2567 3041; x_wconf 89' lang='lat' dir='ltr'><strong>sollicitudo</strong></span> <span class='ocrx_word' id='word_1_410' title='bbox 2619 2985 2895 3047; x_wconf 81' lang='lat' dir='ltr'><strong>conﬂavit.</strong></span> <span class='ocrx_word' id='word_1_411' title='bbox 2950 2990 2995 3042; x_wconf 91' lang='lat' dir='ltr'><strong>si</strong></span> <span class='ocrx_word' id='word_1_412' title='bbox 3029 2989 3186 3043; x_wconf 82' lang='lat' dir='ltr'><strong>vobis</strong></span> <span class='ocrx_word' id='word_1_413' title='bbox 3240 3000 3455 3060; x_wconf 85' lang='lat' dir='ltr'><strong>gratum</strong></span> <span class='ocrx_word' id='word_1_414' title='bbox 3496 3001 3601 3054; x_wconf 88' lang='lat' dir='ltr'><strong>est,</strong></span> 
     </span>
    </p>
   </div>
   <div class='ocr_carea' id='block_1_59' title="bbox 305 3076 1914 3179">
    <p class='ocr_par' dir='ltr' id='par_1_59' title="bbox 305 3078 1914 3153">
     <span class='ocr_line' id='line_1_59' title="bbox 305 3078 1914 3153; baseline 0.002 -23"><span class='ocrx_word' id='word_1_415' title='bbox 305 3078 473 3149; x_wconf 61' lang='grc' dir='ltr'>ὑμῖν,</span> <span class='ocrx_word' id='word_1_416' title='bbox 502 3078 598 3131; x_wconf 75' lang='grc' dir='ltr'>καὶ</span> <span class='ocrx_word' id='word_1_417' title='bbox 624 3079 760 3150; x_wconf 84' lang='grc' dir='ltr'>πρὸς</span> <span class='ocrx_word' id='word_1_418' title='bbox 791 3080 937 3150; x_wconf 81' lang='grc' dir='ltr'>ὑμᾶς</span> <span class='ocrx_word' id='word_1_419' title='bbox 966 3081 1348 3152; x_wconf 82' lang='grc' dir='ltr'>ἀφηγήσομαι.</span> <span class='ocrx_word' id='word_1_420' title='bbox 1392 3081 1687 3153; x_wconf 80' lang='grc' dir='ltr'>Ἐκάτερος</span> <span class='ocrx_word' id='word_1_421' title='bbox 1719 3081 1914 3133; x_wconf 84' lang='grc' dir='ltr'>τοσού-</span> 
     </span>
    </p>
   </div>
   <div class='ocr_carea' id='block_1_60' title="bbox 2018 3076 3603 3179">
    <p class='ocr_par' dir='ltr' id='par_1_60' title="bbox 2018 3076 3603 3148">
     <span class='ocr_line' id='line_1_60' title="bbox 2018 3076 3603 3148; baseline 0.001 -16"><span class='ocrx_word' id='word_1_422' title='bbox 2018 3079 2179 3132; x_wconf 88' lang='lat' dir='ltr'><strong>etiam</strong></span> <span class='ocrx_word' id='word_1_423' title='bbox 2211 3078 2278 3132; x_wconf 88' lang='lat' dir='ltr'><strong>ad</strong></span> <span class='ocrx_word' id='word_1_424' title='bbox 2307 3092 2404 3132; x_wconf 87' lang='lat' dir='ltr'><strong>vos</strong></span> <span class='ocrx_word' id='word_1_425' title='bbox 2431 3077 2813 3147; x_wconf 85' lang='lat' dir='ltr'><strong>pronuntiabo.</strong></span> <span class='ocrx_word' id='word_1_426' title='bbox 2874 3076 3115 3148; x_wconf 84' lang='lat' dir='ltr'><strong>Uterque</strong></span> <span class='ocrx_word' id='word_1_427' title='bbox 3141 3079 3309 3134; x_wconf 87' lang='lat' dir='ltr'><strong>tantis</strong></span> <span class='ocrx_word' id='word_1_428' title='bbox 3341 3079 3603 3135; x_wconf 87' lang='lat' dir='ltr'><strong>interval-</strong></span> 
     </span>
    </p>
   </div>
   <div class='ocr_carea' id='block_1_61' title="bbox 322 3169 1914 3249">
    <p class='ocr_par' dir='ltr' id='par_1_61' title="bbox 322 3171 1910 3245">
     <span class='ocr_line' id='line_1_61' title="bbox 322 3171 1910 3245; baseline 0 -21"><span class='ocrx_word' id='word_1_429' title='bbox 322 3188 436 3235; x_wconf 88' lang='grc' dir='ltr'>τοις</span> <span class='ocrx_word' id='word_1_430' title='bbox 476 3171 810 3243; x_wconf 84' lang='grc' dir='ltr'>διαστήμασι</span> <span class='ocrx_word' id='word_1_431' title='bbox 859 3174 957 3242; x_wconf 79' lang='grc' dir='ltr'>τῆς</span> <span class='ocrx_word' id='word_1_432' title='bbox 999 3175 1202 3245; x_wconf 84' lang='grc' dir='ltr'>ἀρετῆς</span> <span class='ocrx_word' id='word_1_433' title='bbox 1243 3174 1618 3245; x_wconf 84' lang='grc' dir='ltr'>ἀφεστηκότες</span> <span class='ocrx_word' id='word_1_434' title='bbox 1644 3173 1910 3245; x_wconf 81' lang='grc' dir='ltr'>ἀλλήλων,</span> 
     </span>
    </p>
   </div>
   <div class='ocr_carea' id='block_1_62' title="bbox 2018 3169 3601 3249">
    <p class='ocr_par' dir='ltr' id='par_1_62' title="bbox 2018 3169 3601 3249">
     <span class='ocr_line' id='line_1_62' title="bbox 2018 3169 3601 3249; baseline 0.001 -25"><span class='ocrx_word' id='word_1_435' title='bbox 2018 3169 2085 3224; x_wconf 69' lang='lat' dir='ltr'><strong>lis</strong></span> <span class='ocrx_word' id='word_1_436' title='bbox 2118 3186 2147 3224; x_wconf 87' lang='lat' dir='ltr'><strong>a</strong></span> <span class='ocrx_word' id='word_1_437' title='bbox 2215 3169 2394 3241; x_wconf 84' lang='lat' dir='ltr'><strong>capite</strong></span> <span class='ocrx_word' id='word_1_438' title='bbox 2443 3169 2511 3224; x_wconf 88' lang='lat' dir='ltr'><strong>ah</strong></span> <span class='ocrx_word' id='word_1_439' title='bbox 2555 3170 3115 3249; x_wconf 12' lang='lat' dir='ltr'><strong>invicem‘distantes,</strong></span> <span class='ocrx_word' id='word_1_440' title='bbox 3172 3180 3373 3243; x_wconf 85' lang='lat' dir='ltr'><strong>quanto</strong></span> <span class='ocrx_word' id='word_1_441' title='bbox 3424 3174 3601 3228; x_wconf 87' lang='lat' dir='ltr'><strong>media</strong></span> 
     </span>
    </p>
   </div>
   <div class='ocr_carea' id='block_1_63' title="bbox 322 3260 1914 3340">
    <p class='ocr_par' dir='ltr' id='par_1_63' title="bbox 322 3264 1914 3340">
     <span class='ocr_line' id='line_1_63' title="bbox 322 3264 1914 3340; baseline 0.001 -23"><span class='ocrx_word' id='word_1_442' title='bbox 322 3267 448 3318; x_wconf 85' lang='grc' dir='ltr'>ὅσον</span> <span class='ocrx_word' id='word_1_443' title='bbox 476 3264 748 3337; x_wconf 75' lang='grc' dir='ltr'>Εὐρώπης</span> <span class='ocrx_word' id='word_1_444' title='bbox 777 3266 846 3320; x_wconf 84' lang='grc' dir='ltr'><strong>τά</strong></span> <span class='ocrx_word' id='word_1_445' title='bbox 881 3268 1023 3337; x_wconf 85' lang='grc' dir='ltr'>μέσα</span> <span class='ocrx_word' id='word_1_446' title='bbox 1049 3268 1184 3340; x_wconf 83' lang='grc' dir='ltr'>πρὸς</span> <span class='ocrx_word' id='word_1_447' title='bbox 1210 3269 1334 3330; x_wconf 78' lang='grc' dir='ltr'>τοὺς</span> <span class='ocrx_word' id='word_1_448' title='bbox 1357 3268 1470 3321; x_wconf 85' lang='grc' dir='ltr'>ἄνω</span> <span class='ocrx_word' id='word_1_449' title='bbox 1498 3268 1703 3338; x_wconf 77' lang='grc' dir='ltr'>μυχοὺς</span> <span class='ocrx_word' id='word_1_450' title='bbox 1728 3266 1914 3328; x_wconf 81' lang='grc' dir='ltr'>Ἀσίας</span> 
     </span>
    </p>
   </div>
   <div class='ocr_carea' id='block_1_64' title="bbox 2018 3260 3603 3340">
    <p class='ocr_par' dir='ltr' id='par_1_64' title="bbox 2018 3260 3603 3335">
     <span class='ocr_line' id='line_1_64' title="bbox 2018 3260 3603 3335; baseline 0.001 -18"><span class='ocrx_word' id='word_1_451' title='bbox 2018 3261 2248 3333; x_wconf 67' lang='lat' dir='ltr'><strong>Europa:</strong></span> <span class='ocrx_word' id='word_1_452' title='bbox 2278 3264 2345 3318; x_wconf 90' lang='lat' dir='ltr'><strong>ab</strong></span> <span class='ocrx_word' id='word_1_453' title='bbox 2374 3264 2638 3318; x_wconf 83' lang='lat' dir='ltr'><strong>extremis</strong></span> <span class='ocrx_word' id='word_1_454' title='bbox 2681 3263 2824 3319; x_wconf 81' lang='lat' dir='ltr'><strong>Asia:</strong></span> <span class='ocrx_word' id='word_1_455' title='bbox 2853 3264 2988 3321; x_wconf 87' lang='lat' dir='ltr'><strong>locis</strong></span> <span class='ocrx_word' id='word_1_456' title='bbox 3028 3260 3375 3335; x_wconf 81' lang='lat' dir='ltr'><strong>separantur,</strong></span> <span class='ocrx_word' id='word_1_457' title='bbox 3411 3267 3465 3320; x_wconf 91' lang='lat' dir='ltr'><strong>in</strong></span> <span class='ocrx_word' id='word_1_458' title='bbox 3498 3266 3603 3320; x_wconf 86' lang='lat' dir='ltr'><strong>hu-</strong></span> 
     </span>
    </p>
   </div>
   <div class='ocr_carea' id='block_1_65' title="bbox 326 3356 1914 3433">
    <p class='ocr_par' dir='ltr' id='par_1_65' title="bbox 326 3358 1911 3433">
     <span class='ocr_line' id='line_1_65' title="bbox 326 3358 1911 3433; baseline 0.004 -26"><span class='ocrx_word' id='word_1_459' title='bbox 326 3358 594 3428; x_wconf 73' lang='grc' dir='ltr'>σχίζεται,</span> <span class='ocrx_word' id='word_1_460' title='bbox 631 3360 714 3422; x_wconf 86' lang='grc' dir='ltr'><strong>είς</strong></span> <span class='ocrx_word' id='word_1_461' title='bbox 752 3359 847 3412; x_wconf 80' lang='grc' dir='ltr'><strong>τὸν</strong></span> <span class='ocrx_word' id='word_1_462' title='bbox 878 3359 1071 3412; x_wconf 90' lang='grc' dir='ltr'>τούτου</span> <span class='ocrx_word' id='word_1_463' title='bbox 1122 3360 1287 3413; x_wconf 82' lang='grc' dir='ltr'>πόθον</span> <span class='ocrx_word' id='word_1_464' title='bbox 1320 3360 1676 3433; x_wconf 84' lang='grc' dir='ltr'>συνέδραμον,</span> <span class='ocrx_word' id='word_1_465' title='bbox 1721 3359 1911 3413; x_wconf 79' lang='grc' dir='ltr'>ἑκάτε-</span> 
     </span>
    </p>
   </div>
   <div class='ocr_carea' id='block_1_66' title="bbox 2018 3356 3605 3433">
    <p class='ocr_par' dir='ltr' id='par_1_66' title="bbox 2018 3356 3605 3429">
     <span class='ocr_line' id='line_1_66' title="bbox 2018 3356 3605 3429; baseline 0.004 -21"><span class='ocrx_word' id='word_1_466' title='bbox 2018 3356 2101 3428; x_wconf 82' lang='lat' dir='ltr'><strong>ius</strong></span> <span class='ocrx_word' id='word_1_467' title='bbox 2157 3372 2396 3411; x_wconf 84' lang='lat' dir='ltr'><strong>amorem</strong></span> <span class='ocrx_word' id='word_1_468' title='bbox 2428 3367 2847 3423; x_wconf 74' lang='lat' dir='ltr'><strong>concurrerunt,</strong></span> <span class='ocrx_word' id='word_1_469' title='bbox 2885 3369 3115 3428; x_wconf 87' lang='lat' dir='ltr'><strong>uterque</strong></span> <span class='ocrx_word' id='word_1_470' title='bbox 3165 3359 3461 3429; x_wconf 69' lang='lat' dir='ltr'><strong>prteripere</strong></span> <span class='ocrx_word' id='word_1_471' title='bbox 3493 3359 3605 3428; x_wconf 85' lang='lat' dir='ltr'><strong>pri-</strong></span> 
     </span>
    </p>
   </div>
   <div class='ocr_carea' id='block_1_67' title="bbox 330 3448 1914 3523">
    <p class='ocr_par' dir='ltr' id='par_1_67' title="bbox 330 3448 1914 3521">
     <span class='ocr_line' id='line_1_67' title="bbox 330 3448 1914 3521; baseline 0.001 -21"><span class='ocrx_word' id='word_1_472' title='bbox 330 3466 419 3519; x_wconf 88' lang='grc' dir='ltr'><strong>ρος</strong></span> <span class='ocrx_word' id='word_1_473' title='bbox 476 3449 838 3520; x_wconf 83' lang='grc' dir='ltr'>προαρπάσαι</span> <span class='ocrx_word' id='word_1_474' title='bbox 901 3450 1002 3514; x_wconf 86' lang='grc' dir='ltr'><strong>τάς</strong></span> <span class='ocrx_word' id='word_1_475' title='bbox 1059 3449 1284 3521; x_wconf 77' lang='grc' dir='ltr'>πρώτας</span> <span class='ocrx_word' id='word_1_476' title='bbox 1328 3449 1526 3514; x_wconf 88' lang='grc' dir='ltr'>ώδῖνας</span> <span class='ocrx_word' id='word_1_477' title='bbox 1575 3450 1677 3518; x_wconf 76' lang='grc' dir='ltr'><strong>τῆς</strong></span> <span class='ocrx_word' id='word_1_478' title='bbox 1722 3448 1914 3502; x_wconf 86' lang='grc' dir='ltr'>τούτου</span> 
     </span>
    </p>
   </div>
   <div class='ocr_carea' id='block_1_68' title="bbox 2018 3448 3603 3523">
    <p class='ocr_par' dir='ltr' id='par_1_68' title="bbox 2018 3451 3603 3523">
     <span class='ocr_line' id='line_1_68' title="bbox 2018 3451 3603 3523; baseline 0.002 -18"><span class='ocrx_word' id='word_1_479' title='bbox 2018 3466 2136 3506; x_wconf 91' lang='lat' dir='ltr'><strong>mos</strong></span> <span class='ocrx_word' id='word_1_480' title='bbox 2190 3460 2377 3521; x_wconf 83' lang='lat' dir='ltr'><strong>partus</strong></span> <span class='ocrx_word' id='word_1_481' title='bbox 2423 3451 2581 3520; x_wconf 77' lang='lat' dir='ltr'><strong>hujus</strong></span> <span class='ocrx_word' id='word_1_482' title='bbox 2638 3451 2836 3523; x_wconf 73' lang='lat' dir='ltr'><strong>lingua:</strong></span> <span class='ocrx_word' id='word_1_483' title='bbox 2876 3464 3127 3520; x_wconf 82' lang='lat' dir='ltr'><strong>conatus,</strong></span> <span class='ocrx_word' id='word_1_484' title='bbox 3187 3468 3293 3509; x_wconf 90' lang='lat' dir='ltr'><strong>non</strong></span> <span class='ocrx_word' id='word_1_485' title='bbox 3354 3454 3603 3509; x_wconf 88' lang='lat' dir='ltr'><strong>imitatus</strong></span> 
     </span>
    </p>
   </div>
   <div class='ocr_carea' id='block_1_69' title="bbox 330 3540 1917 3616">
    <p class='ocr_par' dir='ltr' id='par_1_69' title="bbox 330 3540 1917 3616">
     <span class='ocr_line' id='line_1_69' title="bbox 330 3540 1917 3616; baseline 0.002 -23"><span class='ocrx_word' id='word_1_486' title='bbox 330 3540 582 3612; x_wconf 80' lang='grc' dir='ltr'>γλώττης</span> <span class='ocrx_word' id='word_1_487' title='bbox 632 3542 977 3614; x_wconf 85' lang='grc' dir='ltr'>βουλόμενος.</span> <span class='ocrx_word' id='word_1_488' title='bbox 1009 3544 1083 3597; x_wconf 87' lang='grc' dir='ltr'>Ού</span> <span class='ocrx_word' id='word_1_489' title='bbox 1116 3546 1502 3616; x_wconf 82' lang='grc' dir='ltr'>μιμησάμενος</span> <span class='ocrx_word' id='word_1_490' title='bbox 1532 3543 1625 3596; x_wconf 81' lang='grc' dir='ltr'><strong>τὸν</strong></span> <span class='ocrx_word' id='word_1_491' title='bbox 1654 3542 1917 3614; x_wconf 82' lang='grc' dir='ltr'>μυστικὸν</span> 
     </span>
    </p>
   </div>
   <div class='ocr_carea' id='block_1_70' title="bbox 329 3635 1912 3711">
    <p class='ocr_par' dir='ltr' id='par_1_70' title="bbox 329 3635 1912 3711">
     <span class='ocr_line' id='line_1_70' title="bbox 329 3635 1912 3711; baseline -0.001 -22"><span class='ocrx_word' id='word_1_492' title='bbox 329 3637 517 3706; x_wconf 84' lang='grc' dir='ltr'>νόμον,</span> <span class='ocrx_word' id='word_1_493' title='bbox 550 3637 609 3700; x_wconf 84' lang='grc' dir='ltr'>ὃς</span> <span class='ocrx_word' id='word_1_494' title='bbox 640 3637 856 3711; x_wconf 79' lang='grc' dir='ltr'>έπόπτῃ</span> <span class='ocrx_word' id='word_1_495' title='bbox 882 3653 943 3690; x_wconf 88' lang='grc' dir='ltr'><strong>τε</strong></span> <span class='ocrx_word' id='word_1_496' title='bbox 987 3637 1083 3690; x_wconf 74' lang='grc' dir='ltr'><strong>καὶ</strong></span> <span class='ocrx_word' id='word_1_497' title='bbox 1120 3636 1301 3708; x_wconf 78' lang='grc' dir='ltr'>μύστῃ</span> <span class='ocrx_word' id='word_1_498' title='bbox 1339 3636 1549 3707; x_wconf 82' lang='grc' dir='ltr'>μερίζει</span> <span class='ocrx_word' id='word_1_499' title='bbox 1574 3635 1666 3689; x_wconf 84' lang='grc' dir='ltr'><strong>τὸν</strong></span> <span class='ocrx_word' id='word_1_500' title='bbox 1703 3636 1912 3706; x_wconf 86' lang='grc' dir='ltr'>χρόνον.</span> 
     </span>
    </p>
   </div>
   <div class='ocr_carea' id='block_1_71' title="bbox 326 3726 1915 3799">
    <p class='ocr_par' dir='ltr' id='par_1_71' title="bbox 326 3726 1915 3799">
     <span class='ocr_line' id='line_1_71' title="bbox 326 3726 1915 3799; baseline -0.003 -17"><span class='ocrx_word' id='word_1_501' title='bbox 326 3728 464 3783; x_wconf 85' lang='grc' dir='ltr'><strong>ἀλλά</strong></span> <span class='ocrx_word' id='word_1_502' title='bbox 483 3729 575 3782; x_wconf 78' lang='grc' dir='ltr'><strong>τὸν</strong></span> <span class='ocrx_word' id='word_1_503' title='bbox 602 3728 765 3782; x_wconf 75' lang='grc' dir='ltr'>αὐτὸν</span> <span class='ocrx_word' id='word_1_504' title='bbox 794 3730 850 3781; x_wconf 84' lang='grc' dir='ltr'>ὲν</span> <span class='ocrx_word' id='word_1_505' title='bbox 877 3727 1064 3799; x_wconf 81' lang='grc' dir='ltr'>ταυτῷ</span> <span class='ocrx_word' id='word_1_506' title='bbox 1099 3727 1312 3799; x_wconf 85' lang='grc' dir='ltr'>μύστην</span> <span class='ocrx_word' id='word_1_507' title='bbox 1332 3745 1390 3782; x_wconf 91' lang='grc' dir='ltr'><strong>τε</strong></span> <span class='ocrx_word' id='word_1_508' title='bbox 1416 3726 1552 3798; x_wconf 80' lang='grc' dir='ltr'>ὁμοῦ</span> <span class='ocrx_word' id='word_1_509' title='bbox 1580 3728 1676 3781; x_wconf 69' lang='grc' dir='ltr'><strong>κα)⁸</strong></span> <span class='ocrx_word' id='word_1_510' title='bbox 1702 3726 1915 3798; x_wconf 76' lang='grc' dir='ltr'>προφή-</span> 
     </span>
    </p>
   </div>
   <div class='ocr_carea' id='block_1_72' title="bbox 323 3820 1913 3891">
    <p class='ocr_par' dir='ltr' id='par_1_72' title="bbox 323 3820 1913 3891">
     <span class='ocr_line' id='line_1_72' title="bbox 323 3820 1913 3891; baseline -0.001 -18"><span class='ocrx_word' id='word_1_511' title='bbox 323 3838 428 3890; x_wconf 82' lang='grc' dir='ltr'><strong>την</strong></span> <span class='ocrx_word' id='word_1_512' title='bbox 456 3821 556 3889; x_wconf 73' lang='grc' dir='ltr'>τῆς</span> <span class='ocrx_word' id='word_1_513' title='bbox 585 3822 736 3891; x_wconf 68' lang='grc' dir='ltr'>ἱερᾶς</span> <span class='ocrx_word' id='word_1_514' title='bbox 760 3820 985 3890; x_wconf 84' lang='grc' dir='ltr'>τελετῆς</span> <span class='ocrx_word' id='word_1_515' title='bbox 1021 3820 1133 3873; x_wconf 89' lang='grc' dir='ltr'><strong>τῶν</strong></span> <span class='ocrx_word' id='word_1_516' title='bbox 1163 3821 1222 3875; x_wconf 71' lang='grc' dir='ltr'><strong>έν</strong></span> <span class='ocrx_word' id='word_1_517' title='bbox 1268 3820 1353 3873; x_wconf 78' lang='grc' dir='ltr'><strong>σοὶ</strong></span> <span class='ocrx_word' id='word_1_518' title='bbox 1393 3820 1569 3888; x_wconf 89' lang='grc' dir='ltr'>λόγων</span> <span class='ocrx_word' id='word_1_519' title='bbox 1601 3820 1913 3890; x_wconf 79' lang='grc' dir='ltr'>δεξάμενος,</span> 
     </span>
    </p>
   </div>
   <div class='ocr_carea' id='block_1_73' title="bbox 328 3911 1916 3983">
    <p class='ocr_par' dir='ltr' id='par_1_73' title="bbox 328 3911 1916 3983">
     <span class='ocr_line' id='line_1_73' title="bbox 328 3911 1916 3983; baseline -0.001 -19"><span class='ocrx_word' id='word_1_520' title='bbox 328 3911 540 3975; x_wconf 72' lang='grc' dir='ltr'>ἔδωκας</span> <span class='ocrx_word' id='word_1_521' title='bbox 587 3912 880 3982; x_wconf 81' lang='grc' dir='ltr'>ἀπλήστως</span> <span class='ocrx_word' id='word_1_522' title='bbox 926 3930 1034 3966; x_wconf 89' lang='grc' dir='ltr'><strong>των</strong></span> <span class='ocrx_word' id='word_1_523' title='bbox 1073 3912 1286 3967; x_wconf 75' lang='grc' dir='ltr'>ἐκεῖθεν</span> <span class='ocrx_word' id='word_1_524' title='bbox 1332 3912 1593 3983; x_wconf 85' lang='grc' dir='ltr'>ναμάτων</span> <span class='ocrx_word' id='word_1_525' title='bbox 1629 3911 1916 3983; x_wconf 70' lang='grc' dir='ltr'>ἐμπλήσα-</span> 
     </span>
    </p>
   </div>
   <div class='ocr_carea' id='block_1_74' title="bbox 330 4003 1919 4078">
    <p class='ocr_par' dir='ltr' id='par_1_74' title="bbox 330 4003 1919 4078">
     <span class='ocr_line' id='line_1_74' title="bbox 330 4003 1919 4078; baseline -0.001 -20"><span class='ocrx_word' id='word_1_526' title='bbox 330 4004 480 4058; x_wconf 88' lang='grc' dir='ltr'>σθαι.</span> <span class='ocrx_word' id='word_1_527' title='bbox 511 4005 586 4059; x_wconf 82' lang='grc' dir='ltr'><strong>Ἦ</strong></span> <span class='ocrx_word' id='word_1_528' title='bbox 614 4005 715 4060; x_wconf 86' lang='grc' dir='ltr'><strong>ούκ</strong></span> <span class='ocrx_word' id='word_1_529' title='bbox 740 4006 985 4076; x_wconf 73' lang='grc' dir='ltr'>ἀκήκοας</span> <span class='ocrx_word' id='word_1_530' title='bbox 1014 4006 1089 4069; x_wconf 91' lang='grc' dir='ltr'><strong>ώς</strong></span> <span class='ocrx_word' id='word_1_531' title='bbox 1112 4005 1265 4069; x_wconf 76' lang='grc' dir='ltr'>ὄντες</span> <span class='ocrx_word' id='word_1_532' title='bbox 1285 4005 1381 4061; x_wconf 79' lang='grc' dir='ltr'><strong>ἀνθ</strong></span> <span class='ocrx_word' id='word_1_533' title='bbox 1392 4022 1565 4078; x_wconf 87' lang='grc' dir='ltr'>ρωποι</span> <span class='ocrx_word' id='word_1_534' title='bbox 1596 4003 1658 4058; x_wconf 79' lang='grc' dir='ltr'>τὸ</span> <span class='ocrx_word' id='word_1_535' title='bbox 1689 4004 1919 4057; x_wconf 79' lang='grc' dir='ltr'>παλαιὸν</span> 
     </span>
    </p>
   </div>
   <div class='ocr_carea' id='block_1_75' title="bbox 325 4092 1919 4170">
    <p class='ocr_par' dir='ltr' id='par_1_75' title="bbox 325 4092 1919 4170">
     <span class='ocr_line' id='line_1_75' title="bbox 325 4092 1919 4170; baseline -0.003 -17"><span class='ocrx_word' id='word_1_536' title='bbox 325 4092 475 4154; x_wconf 72' lang='grc' dir='ltr'>οὗτοι</span> <span class='ocrx_word' id='word_1_537' title='bbox 496 4100 545 4152; x_wconf 89' lang='lat' dir='ltr'><strong>ol.</strong></span> <span class='ocrx_word' id='word_1_538' title='bbox 571 4098 844 4168; x_wconf 78' lang='grc' dir='ltr'>τέττιγες,</span> <span class='ocrx_word' id='word_1_539' title='bbox 872 4098 992 4152; x_wconf 76' lang='grc' dir='ltr'>εἶτα</span> <span class='ocrx_word' id='word_1_540' title='bbox 1022 4098 1186 4169; x_wconf 71' lang='grc' dir='ltr'>ἔρωτι</span> <span class='ocrx_word' id='word_1_541' title='bbox 1215 4099 1263 4131; x_wconf 81' lang='grc'>⁸³</span> <span class='ocrx_word' id='word_1_542' title='bbox 1291 4098 1526 4153; x_wconf 88' lang='grc' dir='ltr'>Μουσῶν</span> <span class='ocrx_word' id='word_1_543' title='bbox 1559 4099 1623 4153; x_wconf 85' lang='grc' dir='ltr'>ὲκ</span> <span class='ocrx_word' id='word_1_544' title='bbox 1648 4096 1742 4152; x_wconf 80' lang='grc' dir='ltr'>τοῦ</span> <span class='ocrx_word' id='word_1_545' title='bbox 1768 4097 1919 4170; x_wconf 76' lang='grc' dir='ltr'>ᾄδειν</span> 
     </span>
    </p>
   </div>
   <div class='ocr_carea' id='block_1_76' title="bbox 327 4190 1920 4264">
    <p class='ocr_par' dir='ltr' id='par_1_76' title="bbox 327 4190 1920 4264">
     <span class='ocr_line' id='line_1_76' title="bbox 327 4190 1920 4264; baseline -0.002 -17"><span class='ocrx_word' id='word_1_546' title='bbox 327 4196 417 4248; x_wconf 72' lang='grc' dir='ltr'>ἀεὶ</span> <span class='ocrx_word' id='word_1_547' title='bbox 448 4194 703 4256; x_wconf 80' lang='grc' dir='ltr'>λυθέντες</span> <span class='ocrx_word' id='word_1_548' title='bbox 735 4194 817 4257; x_wconf 87' lang='grc' dir='ltr'><strong>είς</strong></span> <span class='ocrx_word' id='word_1_549' title='bbox 851 4193 1032 4264; x_wconf 87' lang='grc' dir='ltr'>μέλος,</span> <span class='ocrx_word' id='word_1_550' title='bbox 1071 4195 1137 4247; x_wconf 76' lang='grc' dir='ltr'>ἐκ</span> <span class='ocrx_word' id='word_1_551' title='bbox 1183 4193 1282 4264; x_wconf 77' lang='grc' dir='ltr'>μὲν</span> <span class='ocrx_word' id='word_1_552' title='bbox 1308 4190 1620 4263; x_wconf 87' lang='grc' dir='ltr'>ἀνθρώπων</span> <span class='ocrx_word' id='word_1_553' title='bbox 1650 4193 1730 4257; x_wconf 86' lang='grc' dir='ltr'><strong>εἰς</strong></span> <span class='ocrx_word' id='word_1_554' title='bbox 1767 4191 1920 4261; x_wconf 76' lang='grc' dir='ltr'>ὅρνι-</span> 
     </span>
    </p>
   </div>
   <div class='ocr_carea' id='block_1_77' title="bbox 326 4284 1918 4358">
    <p class='ocr_par' dir='ltr' id='par_1_77' title="bbox 326 4284 1918 4358">
     <span class='ocr_line' id='line_1_77' title="bbox 326 4284 1918 4358; baseline -0.003 -17"><span class='ocrx_word' id='word_1_555' title='bbox 326 4287 449 4351; x_wconf 86' lang='grc' dir='ltr'>θας,</span> <span class='ocrx_word' id='word_1_556' title='bbox 483 4288 547 4341; x_wconf 80' lang='grc' dir='ltr'>ὲκ</span> <span class='ocrx_word' id='word_1_557' title='bbox 570 4286 627 4340; x_wconf 76' lang='grc' dir='ltr'>δὲ</span> <span class='ocrx_word' id='word_1_558' title='bbox 658 4286 805 4358; x_wconf 80' lang='grc' dir='ltr'>ᾠδῆς</span> <span class='ocrx_word' id='word_1_559' title='bbox 836 4287 917 4350; x_wconf 87' lang='grc' dir='ltr'><strong>είς</strong></span> <span class='ocrx_word' id='word_1_560' title='bbox 940 4286 1085 4358; x_wconf 74' lang='grc' dir='ltr'>ᾠδὴν</span> <span class='ocrx_word' id='word_1_561' title='bbox 1117 4285 1282 4356; x_wconf 80' lang='grc' dir='ltr'>ἀλλην</span> <span class='ocrx_word' id='word_1_562' title='bbox 1302 4284 1692 4357; x_wconf 66' lang='grc' dir='ltr'>μετέδαλονοδς</span> <span class='ocrx_word' id='word_1_563' title='bbox 1718 4286 1918 4339; x_wconf 74' lang='grc' dir='ltr'>’Ἄκουε</span> 
     </span>
    </p>
   </div>
   <div class='ocr_carea' id='block_1_78' title="bbox 325 4381 1919 4455">
    <p class='ocr_par' dir='ltr' id='par_1_78' title="bbox 325 4381 1919 4455">
     <span class='ocr_line' id='line_1_78' title="bbox 325 4381 1919 4455; baseline -0.002 -17"><span class='ocrx_word' id='word_1_564' title='bbox 325 4384 392 4455; x_wconf 82' lang='grc' dir='ltr'><strong>δὴ</strong></span> <span class='ocrx_word' id='word_1_565' title='bbox 427 4384 520 4438; x_wconf 81' lang='grc' dir='ltr'><strong>τὸν</strong></span> <span class='ocrx_word' id='word_1_566' title='bbox 550 4384 719 4455; x_wconf 79' lang='grc' dir='ltr'>μῦθον</span> <span class='ocrx_word' id='word_1_567' title='bbox 746 4399 763 4416; x_wconf 78' lang='grc' dir='ltr'><strong><em>ο</em></strong></span> <span class='ocrx_word' id='word_1_568' title='bbox 805 4383 936 4437; x_wconf 88' lang='grc' dir='ltr'>Ὅτε</span> <span class='ocrx_word' id='word_1_569' title='bbox 987 4385 1115 4447; x_wconf 71' lang='grc' dir='ltr'>τοὺς</span> <span class='ocrx_word' id='word_1_570' title='bbox 1140 4381 1466 4454; x_wconf 84' lang='grc' dir='ltr'>ἀνθρώπους</span> <span class='ocrx_word' id='word_1_571' title='bbox 1512 4384 1541 4437; x_wconf 89' lang='grc' dir='ltr'><strong>ό</strong></span> <span class='ocrx_word' id='word_1_572' title='bbox 1593 4383 1727 4446; x_wconf 76' lang='grc' dir='ltr'>Ζεὺς</span> <span class='ocrx_word' id='word_1_573' title='bbox 1767 4382 1919 4451; x_wconf 78' lang='grc' dir='ltr'>ἐγέν-</span> 
     </span>
    </p>
   </div>
   <div class='ocr_carea' id='block_1_79' title="bbox 2018 3543 3604 3617">
    <p class='ocr_par' dir='ltr' id='par_1_79' title="bbox 2018 3543 3604 3617">
     <span class='ocr_line' id='line_1_79' title="bbox 2018 3543 3604 3617; baseline 0.002 -18"><span class='ocrx_word' id='word_1_574' title='bbox 2018 3559 2231 3599; x_wconf 87' lang='lat' dir='ltr'><strong>sacram</strong></span> <span class='ocrx_word' id='word_1_575' title='bbox 2285 3543 2482 3614; x_wconf 80' lang='lat' dir='ltr'><strong>legem,</strong></span> <span class='ocrx_word' id='word_1_576' title='bbox 2539 3545 2631 3615; x_wconf 93' lang='lat' dir='ltr'><strong>qni</strong></span> <span class='ocrx_word' id='word_1_577' title='bbox 2682 3545 2999 3617; x_wconf 86' lang='lat' dir='ltr'><strong>inspectori,</strong></span> <span class='ocrx_word' id='word_1_578' title='bbox 3056 3555 3114 3601; x_wconf 88' lang='lat' dir='ltr'><strong>et</strong></span> <span class='ocrx_word' id='word_1_579' title='bbox 3163 3547 3338 3603; x_wconf 87' lang='lat' dir='ltr'><strong>sacris</strong></span> <span class='ocrx_word' id='word_1_580' title='bbox 3392 3547 3604 3602; x_wconf 89' lang='lat' dir='ltr'><strong>initiato</strong></span> 
     </span>
    </p>
   </div>
   <div class='ocr_carea' id='block_1_80' title="bbox 2020 3637 3603 3707">
    <p class='ocr_par' dir='ltr' id='par_1_80' title="bbox 2020 3637 3603 3707">
     <span class='ocr_line' id='line_1_80' title="bbox 2020 3637 3603 3707; baseline 0.001 -16"><span class='ocrx_word' id='word_1_581' title='bbox 2020 3645 2232 3707; x_wconf 86' lang='lat' dir='ltr'><strong>tempus</strong></span> <span class='ocrx_word' id='word_1_582' title='bbox 2277 3638 2546 3701; x_wconf 87' lang='lat' dir='ltr'><strong>attribuit,</strong></span> <span class='ocrx_word' id='word_1_583' title='bbox 2591 3637 2686 3693; x_wconf 89' lang='lat' dir='ltr'><strong>sed</strong></span> <span class='ocrx_word' id='word_1_584' title='bbox 2736 3639 3009 3705; x_wconf 91' lang='lat' dir='ltr'><strong>eumdem,</strong></span> <span class='ocrx_word' id='word_1_585' title='bbox 3043 3649 3099 3694; x_wconf 88' lang='lat' dir='ltr'><strong>et</strong></span> <span class='ocrx_word' id='word_1_586' title='bbox 3136 3640 3478 3695; x_wconf 87' lang='lat' dir='ltr'><strong>sacerdotem</strong></span> <span class='ocrx_word' id='word_1_587' title='bbox 3524 3640 3603 3696; x_wconf 86' lang='lat' dir='ltr'><strong>si-</strong></span> 
     </span>
    </p>
   </div>
   <div class='ocr_carea' id='block_1_81' title="bbox 2020 3728 3606 3800">
    <p class='ocr_par' dir='ltr' id='par_1_81' title="bbox 2020 3728 3606 3800">
     <span class='ocr_line' id='line_1_81' title="bbox 2020 3728 3606 3800; baseline 0.004 -19"><span class='ocrx_word' id='word_1_588' title='bbox 2020 3728 2153 3794; x_wconf 91' lang='lat' dir='ltr'><strong>mul,</strong></span> <span class='ocrx_word' id='word_1_589' title='bbox 2186 3739 2240 3783; x_wconf 90' lang='lat' dir='ltr'><strong>et</strong></span> <span class='ocrx_word' id='word_1_590' title='bbox 2286 3730 2643 3800; x_wconf 86' lang='lat' dir='ltr'><strong>inspectorem</strong></span> <span class='ocrx_word' id='word_1_591' title='bbox 2690 3746 2861 3786; x_wconf 66' lang='lat' dir='ltr'><strong>sacrae</strong></span> <span class='ocrx_word' id='word_1_592' title='bbox 2900 3732 3090 3788; x_wconf 72' lang='lat' dir='ltr'><strong>hostia:</strong></span> <span class='ocrx_word' id='word_1_593' title='bbox 3131 3732 3183 3788; x_wconf 92' lang='lat' dir='ltr'><strong>in</strong></span> <span class='ocrx_word' id='word_1_594' title='bbox 3216 3732 3321 3789; x_wconf 90' lang='lat' dir='ltr'><strong>hac</strong></span> <span class='ocrx_word' id='word_1_595' title='bbox 3358 3742 3448 3790; x_wconf 86' lang='lat' dir='ltr'><strong>tua</strong></span> <span class='ocrx_word' id='word_1_596' title='bbox 3477 3749 3606 3789; x_wconf 81' lang='lat' dir='ltr'><strong>ora-</strong></span> 
     </span>
    </p>
   </div>
   <div class='ocr_carea' id='block_1_82' title="bbox 2021 3822 3605 3891">
    <p class='ocr_par' dir='ltr' id='par_1_82' title="bbox 2021 3822 3605 3891">
     <span class='ocr_line' id='line_1_82' title="bbox 2021 3822 3605 3891; baseline 0.005 -16"><span class='ocrx_word' id='word_1_597' title='bbox 2021 3822 2168 3877; x_wconf 91' lang='lat' dir='ltr'><strong>tione</strong></span> <span class='ocrx_word' id='word_1_598' title='bbox 2191 3837 2311 3877; x_wconf 91' lang='lat' dir='ltr'><strong>esse</strong></span> <span class='ocrx_word' id='word_1_599' title='bbox 2350 3822 2652 3889; x_wconf 83' lang='lat' dir='ltr'><strong>declarans,</strong></span> <span class='ocrx_word' id='word_1_600' title='bbox 2685 3823 2882 3878; x_wconf 90' lang='lat' dir='ltr'><strong>dedisti</strong></span> <span class='ocrx_word' id='word_1_601' title='bbox 2915 3822 3001 3879; x_wconf 88' lang='lat' dir='ltr'><strong>his</strong></span> <span class='ocrx_word' id='word_1_602' title='bbox 3034 3824 3190 3891; x_wconf 87' lang='lat' dir='ltr'><strong>aquis</strong></span> <span class='ocrx_word' id='word_1_603' title='bbox 3214 3825 3334 3881; x_wconf 89' lang='lat' dir='ltr'><strong>sine</strong></span> <span class='ocrx_word' id='word_1_604' title='bbox 3353 3825 3605 3883; x_wconf 84' lang='lat' dir='ltr'><strong>satietate</strong></span> 
     </span>
    </p>
   </div>
   <div class='ocr_carea' id='block_1_83' title="bbox 2021 3913 3604 3986">
    <p class='ocr_par' dir='ltr' id='par_1_83' title="bbox 2021 3913 3604 3986">
     <span class='ocr_line' id='line_1_83' title="bbox 2021 3913 3604 3986; baseline 0.004 -19"><span class='ocrx_word' id='word_1_605' title='bbox 2021 3913 2256 3984; x_wconf 81' lang='lat' dir='ltr'><strong>impleri.</strong></span> <span class='ocrx_word' id='word_1_606' title='bbox 2303 3913 2496 3968; x_wconf 81' lang='lat' dir='ltr'><strong>Aunou</strong></span> <span class='ocrx_word' id='word_1_607' title='bbox 2569 3915 2824 3970; x_wconf 88' lang='lat' dir='ltr'><strong>audivisti</strong></span> <span class='ocrx_word' id='word_1_608' title='bbox 2898 3916 3168 3986; x_wconf 90' lang='lat' dir='ltr'><strong>quomodo</strong></span> <span class='ocrx_word' id='word_1_609' title='bbox 3221 3917 3471 3973; x_wconf 85' lang='lat' dir='ltr'><strong>homines</strong></span> <span class='ocrx_word' id='word_1_610' title='bbox 3528 3919 3604 3973; x_wconf 88' lang='lat' dir='ltr'><strong>illi</strong></span> 
     </span>
    </p>
   </div>
   <div class='ocr_carea' id='block_1_84' title="bbox 2019 4004 3604 4074">
    <p class='ocr_par' dir='ltr' id='par_1_84' title="bbox 2019 4004 3604 4074">
     <span class='ocr_line' id='line_1_84' title="bbox 2019 4004 3604 4074; baseline 0.003 -14"><span class='ocrx_word' id='word_1_611' title='bbox 2019 4018 2146 4061; x_wconf 89' lang='lat' dir='ltr'><strong>ante</strong></span> <span class='ocrx_word' id='word_1_612' title='bbox 2199 4007 2399 4062; x_wconf 67' lang='lat' dir='ltr'><strong>cicadae</strong></span> <span class='ocrx_word' id='word_1_613' title='bbox 2448 4004 2686 4074; x_wconf 80' lang='lat' dir='ltr'><strong>fuerint;</strong></span> <span class='ocrx_word' id='word_1_614' title='bbox 2727 4007 2924 4063; x_wconf 87' lang='lat' dir='ltr'><strong>deinde</strong></span> <span class='ocrx_word' id='word_1_615' title='bbox 2973 4007 3253 4064; x_wconf 81' lang='lat' dir='ltr'><strong>Musarum</strong></span> <span class='ocrx_word' id='word_1_616' title='bbox 3302 4024 3490 4067; x_wconf 85' lang='lat' dir='ltr'><strong>amore</strong></span> <span class='ocrx_word' id='word_1_617' title='bbox 3534 4013 3604 4066; x_wconf 94' lang='lat' dir='ltr'><strong>oh</strong></span> 
     </span>
    </p>
   </div>
   <div class='ocr_carea' id='block_1_85' title="bbox 2021 4097 3605 4167">
    <p class='ocr_par' dir='ltr' id='par_1_85' title="bbox 2021 4097 3605 4167">
     <span class='ocr_line' id='line_1_85' title="bbox 2021 4097 3605 4167; baseline 0.004 -17"><span class='ocrx_word' id='word_1_618' title='bbox 2021 4103 2344 4167; x_wconf 83' lang='lat' dir='ltr'><strong>perpetuum</strong></span> <span class='ocrx_word' id='word_1_619' title='bbox 2387 4104 2608 4151; x_wconf 89' lang='lat' dir='ltr'><strong>cantum</strong></span> <span class='ocrx_word' id='word_1_620' title='bbox 2658 4097 2711 4153; x_wconf 80' lang='lat' dir='ltr'><strong>in</strong></span> <span class='ocrx_word' id='word_1_621' title='bbox 2756 4098 2928 4154; x_wconf 87' lang='lat' dir='ltr'><strong>melos</strong></span> <span class='ocrx_word' id='word_1_622' title='bbox 2971 4097 3154 4165; x_wconf 89' lang='lat' dir='ltr'><strong>soluti,</strong></span> <span class='ocrx_word' id='word_1_623' title='bbox 3192 4116 3258 4155; x_wconf 81' lang='lat' dir='ltr'><strong>ex</strong></span> <span class='ocrx_word' id='word_1_624' title='bbox 3289 4101 3605 4157; x_wconf 90' lang='lat' dir='ltr'><strong>hominibus</strong></span> 
     </span>
    </p>
   </div>
   <div class='ocr_carea' id='block_1_86' title="bbox 2023 4189 3596 4254">
    <p class='ocr_par' dir='ltr' id='par_1_86' title="bbox 2023 4189 3596 4254">
     <span class='ocr_line' id='line_1_86' title="bbox 2023 4189 3596 4254; baseline 0.003 -11"><span class='ocrx_word' id='word_1_625' title='bbox 2023 4189 2077 4244; x_wconf 92' lang='lat' dir='ltr'><strong>in</strong></span> <span class='ocrx_word' id='word_1_626' title='bbox 2131 4205 2284 4254; x_wconf 86' lang='lat' dir='ltr'><strong>aves,</strong></span> <span class='ocrx_word' id='word_1_627' title='bbox 2335 4204 2404 4245; x_wconf 79' lang='lat' dir='ltr'><strong>ex</strong></span> <span class='ocrx_word' id='word_1_628' title='bbox 2453 4205 2562 4245; x_wconf 78' lang='lat' dir='ltr'><strong>una</strong></span> <span class='ocrx_word' id='word_1_629' title='bbox 2594 4190 2848 4246; x_wconf 85' lang='lat' dir='ltr'><strong>cautione</strong></span> <span class='ocrx_word' id='word_1_630' title='bbox 2901 4190 2955 4244; x_wconf 91' lang='lat' dir='ltr'><strong>in</strong></span> <span class='ocrx_word' id='word_1_631' title='bbox 3005 4190 3166 4245; x_wconf 88' lang='lat' dir='ltr'><strong>aliam</strong></span> <span class='ocrx_word' id='word_1_632' title='bbox 3215 4191 3596 4248; x_wconf 87' lang='lat' dir='ltr'><strong>transformati</strong></span> 
     </span>
    </p>
   </div>
   <div class='ocr_carea' id='block_1_87' title="bbox 2021 4276 3603 4351">
    <p class='ocr_par' dir='ltr' id='par_1_87' title="bbox 2021 4276 3603 4351">
     <span class='ocr_line' id='line_1_87' title="bbox 2021 4276 3603 4351; baseline 0.001 -17"><span class='ocrx_word' id='word_1_633' title='bbox 2021 4278 2165 4334; x_wconf 88' lang='lat' dir='ltr'><strong>sint?</strong></span> <span class='ocrx_word' id='word_1_634' title='bbox 2216 4278 2356 4334; x_wconf 84' lang='lat' dir='ltr'><strong>Audi</strong></span> <span class='ocrx_word' id='word_1_635' title='bbox 2392 4276 2631 4334; x_wconf 88' lang='lat' dir='ltr'><strong>fabulam</strong></span> <span class='ocrx_word' id='word_1_636' title='bbox 2663 4292 2680 4334; x_wconf 89' lang='lat'><strong>:</strong></span> <span class='ocrx_word' id='word_1_637' title='bbox 2722 4278 2860 4334; x_wconf 85' lang='lat' dir='ltr'><strong>Cum</strong></span> <span class='ocrx_word' id='word_1_638' title='bbox 2888 4277 3105 4351; x_wconf 76' lang='lat' dir='ltr'><strong>Jupiter</strong></span> <span class='ocrx_word' id='word_1_639' title='bbox 3133 4280 3384 4338; x_wconf 88' lang='lat' dir='ltr'><strong>homines</strong></span> <span class='ocrx_word' id='word_1_640' title='bbox 3416 4283 3603 4338; x_wconf 90' lang='lat' dir='ltr'><strong>condi-</strong></span> 
     </span>
    </p>
   </div>
   <div class='ocr_carea' id='block_1_88' title="bbox 2023 4370 3603 4444">
    <p class='ocr_par' dir='ltr' id='par_1_88' title="bbox 2023 4370 3603 4444">
     <span class='ocr_line' id='line_1_88' title="bbox 2023 4370 3603 4444; baseline 0.004 -19"><span class='ocrx_word' id='word_1_641' title='bbox 2023 4372 2213 4434; x_wconf 87' lang='lat' dir='ltr'><strong>disset,</strong></span> <span class='ocrx_word' id='word_1_642' title='bbox 2243 4371 2425 4426; x_wconf 88' lang='lat' dir='ltr'><strong>omnia</strong></span> <span class='ocrx_word' id='word_1_643' title='bbox 2462 4371 2564 4426; x_wconf 87' lang='lat' dir='ltr'><strong>alia</strong></span> <span class='ocrx_word' id='word_1_644' title='bbox 2594 4385 2658 4426; x_wconf 89' lang='lat' dir='ltr'><strong>eo</strong></span> <span class='ocrx_word' id='word_1_645' title='bbox 2691 4380 3017 4428; x_wconf 89' lang='lat' dir='ltr'><strong>ornamento</strong></span> <span class='ocrx_word' id='word_1_646' title='bbox 3049 4370 3290 4440; x_wconf 86' lang='lat' dir='ltr'><strong>fuerunt,</strong></span> <span class='ocrx_word' id='word_1_647' title='bbox 3324 4390 3433 4444; x_wconf 92' lang='lat' dir='ltr'><strong>quo</strong></span> <span class='ocrx_word' id='word_1_648' title='bbox 3456 4391 3603 4432; x_wconf 89' lang='lat' dir='ltr'><strong>nunc</strong></span> 
     </span>
    </p>
   </div>
   <div class='ocr_carea' id='block_1_89' title="bbox 324 4463 1914 4548">
    <p class='ocr_par' dir='ltr' id='par_1_89' title="bbox 324 4472 1906 4548">
     <span class='ocr_line' id='line_1_89' title="bbox 324 4472 1906 4548; baseline -0.001 -19"><span class='ocrx_word' id='word_1_649' title='bbox 324 4493 484 4547; x_wconf 87' lang='grc' dir='ltr'>νησε.</span> <span class='ocrx_word' id='word_1_650' title='bbox 510 4476 579 4530; x_wconf 88' lang='grc' dir='ltr'><strong>τά</strong></span> <span class='ocrx_word' id='word_1_651' title='bbox 610 4475 709 4548; x_wconf 80' lang='grc' dir='ltr'>μὲν</span> <span class='ocrx_word' id='word_1_652' title='bbox 738 4475 873 4532; x_wconf 82' lang='grc' dir='ltr'>ἄλλα</span> <span class='ocrx_word' id='word_1_653' title='bbox 902 4476 1082 4530; x_wconf 85' lang='grc' dir='ltr'>πάντα</span> <span class='ocrx_word' id='word_1_654' title='bbox 1105 4472 1252 4547; x_wconf 73' lang='grc' dir='ltr'>εῐχον</span> <span class='ocrx_word' id='word_1_655' title='bbox 1283 4475 1359 4540; x_wconf 90' lang='grc' dir='ltr'><strong>ώς</strong></span> <span class='ocrx_word' id='word_1_656' title='bbox 1389 4475 1486 4529; x_wconf 81' lang='grc' dir='ltr'>νῦν</span> <span class='ocrx_word' id='word_1_657' title='bbox 1514 4475 1906 4547; x_wconf 88' lang='grc' dir='ltr'>κεκόσμηνται,</span> 
     </span>
    </p>
   </div>
   <div class='ocr_carea' id='block_1_90' title="bbox 2018 4463 3599 4548">
    <p class='ocr_par' dir='ltr' id='par_1_90' title="bbox 2018 4463 3599 4535">
     <span class='ocr_line' id='line_1_90' title="bbox 2018 4463 3599 4535; baseline 0.003 -18"><span class='ocrx_word' id='word_1_658' title='bbox 2018 4474 2143 4517; x_wconf 85' lang='lat' dir='ltr'><strong>sunt</strong></span> <span class='ocrx_word' id='word_1_659' title='bbox 2171 4464 2331 4535; x_wconf 71' lang='grc'><strong>(45⁵).</strong></span> <span class='ocrx_word' id='word_1_660' title='bbox 2367 4463 2578 4534; x_wconf 86' lang='lat' dir='ltr'><strong>Cupido</strong></span> <span class='ocrx_word' id='word_1_661' title='bbox 2607 4474 2785 4519; x_wconf 89' lang='lat' dir='ltr'><strong>autem</strong></span> <span class='ocrx_word' id='word_1_662' title='bbox 2820 4463 3055 4518; x_wconf 86' lang='lat' dir='ltr'><strong>nondum</strong></span> <span class='ocrx_word' id='word_1_663' title='bbox 3092 4465 3288 4520; x_wconf 86' lang='lat' dir='ltr'><strong>animis</strong></span> <span class='ocrx_word' id='word_1_664' title='bbox 3316 4465 3599 4521; x_wconf 86' lang='lat' dir='ltr'><strong>hominum</strong></span> 
     </span>
    </p>
   </div>
   <div class='ocr_carea' id='block_1_91' title="bbox 329 4564 1912 4640">
    <p class='ocr_par' dir='ltr' id='par_1_91' title="bbox 329 4564 1912 4640">
     <span class='ocr_line' id='line_1_91' title="bbox 329 4564 1912 4640; baseline -0.001 -19"><span class='ocrx_word' id='word_1_665' title='bbox 329 4568 513 4640; x_wconf 82' lang='grc' dir='ltr'>Ἔρως</span> <span class='ocrx_word' id='word_1_666' title='bbox 546 4566 602 4620; x_wconf 81' lang='grc' dir='ltr'>δὲ</span> <span class='ocrx_word' id='word_1_667' title='bbox 634 4566 789 4621; x_wconf 78' lang='grc' dir='ltr'>οὔπω</span> <span class='ocrx_word' id='word_1_668' title='bbox 831 4570 950 4631; x_wconf 84' lang='grc' dir='ltr'>ταῖς</span> <span class='ocrx_word' id='word_1_669' title='bbox 983 4568 1183 4639; x_wconf 70' lang='grc' dir='ltr'>ψυχαῖς</span> <span class='ocrx_word' id='word_1_670' title='bbox 1214 4566 1325 4619; x_wconf 88' lang='grc' dir='ltr'><strong>τῶν</strong></span> <span class='ocrx_word' id='word_1_671' title='bbox 1368 4564 1672 4639; x_wconf 79' lang='grc' dir='ltr'>ἀνθρώπων</span> <span class='ocrx_word' id='word_1_672' title='bbox 1712 4567 1912 4634; x_wconf 75' lang='grc' dir='ltr'>ἔγκατ-</span> 
     </span>
    </p>
   </div>
   <div class='ocr_carea' id='block_1_92' title="bbox 322 4654 1908 4734">
    <p class='ocr_par' dir='ltr' id='par_1_92' title="bbox 322 4654 1908 4734">
     <span class='ocr_line' id='line_1_92' title="bbox 322 4654 1908 4734; baseline -0.001 -20"><span class='ocrx_word' id='word_1_673' title='bbox 322 4661 573 4734; x_wconf 79' lang='grc' dir='ltr'>ῳκίζετο,</span> <span class='ocrx_word' id='word_1_674' title='bbox 607 4660 721 4715; x_wconf 79' lang='grc' dir='ltr'>ἀλλ’</span> <span class='ocrx_word' id='word_1_675' title='bbox 749 4662 888 4733; x_wconf 76' lang='grc' dir='ltr'>ἔχων</span> <span class='ocrx_word' id='word_1_676' title='bbox 910 4661 988 4716; x_wconf 78' lang='grc' dir='ltr'>ἔτι</span> <span class='ocrx_word' id='word_1_677' title='bbox 1011 4665 1072 4715; x_wconf 77' lang='grc' dir='ltr'>τὸ</span> <span class='ocrx_word' id='word_1_678' title='bbox 1101 4660 1297 4731; x_wconf 76' lang='grc' dir='ltr'>πτερὸν</span> <span class='ocrx_word' id='word_1_679' title='bbox 1317 4663 1344 4713; x_wconf 88' lang='grc' dir='ltr'><strong>ό</strong></span> <span class='ocrx_word' id='word_1_680' title='bbox 1365 4660 1498 4723; x_wconf 85' lang='grc' dir='ltr'>Θεὸς</span> <span class='ocrx_word' id='word_1_681' title='bbox 1522 4654 1675 4722; x_wconf 72' lang='grc' dir='ltr'>οὗτος</span> <span class='ocrx_word' id='word_1_682' title='bbox 1705 4659 1908 4730; x_wconf 82' lang='grc' dir='ltr'>μετάρ-</span> 
     </span>
    </p>
   </div>
   <div class='ocr_carea' id='block_1_93' title="bbox 325 4749 1911 4824">
    <p class='ocr_par' dir='ltr' id='par_1_93' title="bbox 325 4749 1911 4824">
     <span class='ocr_line' id='line_1_93' title="bbox 325 4749 1911 4824; baseline -0.003 -19"><span class='ocrx_word' id='word_1_683' title='bbox 325 4769 441 4807; x_wconf 88' lang='grc' dir='ltr'>σιον</span> <span class='ocrx_word' id='word_1_684' title='bbox 471 4752 686 4824; x_wconf 86' lang='grc' dir='ltr'>ούρανῷ</span> <span class='ocrx_word' id='word_1_685' title='bbox 710 4770 768 4807; x_wconf 89' lang='grc' dir='ltr'><strong>τε</strong></span> <span class='ocrx_word' id='word_1_686' title='bbox 816 4752 1069 4822; x_wconf 85' lang='grc' dir='ltr'>ὲνωμίλει</span> <span class='ocrx_word' id='word_1_687' title='bbox 1110 4752 1205 4805; x_wconf 67' lang='grc' dir='ltr'><strong>καλ⁸</strong></span> <span class='ocrx_word' id='word_1_688' title='bbox 1246 4753 1326 4815; x_wconf 89' lang='grc' dir='ltr'><strong>είς</strong></span> <span class='ocrx_word' id='word_1_689' title='bbox 1364 4749 1518 4813; x_wconf 81' lang='grc' dir='ltr'>θεοὺς</span> <span class='ocrx_word' id='word_1_690' title='bbox 1559 4749 1751 4820; x_wconf 86' lang='grc' dir='ltr'>μόνους</span> <span class='ocrx_word' id='word_1_691' title='bbox 1790 4749 1911 4801; x_wconf 77' lang='grc' dir='ltr'>ὲτό-</span> 
     </span>
    </p>
   </div>
   <div class='ocr_carea' id='block_1_94' title="bbox 326 4840 1913 4916">
    <p class='ocr_par' dir='ltr' id='par_1_94' title="bbox 326 4840 1913 4916">
     <span class='ocr_line' id='line_1_94' title="bbox 326 4840 1913 4916; baseline -0.004 -17"><span class='ocrx_word' id='word_1_692' title='bbox 326 4846 471 4913; x_wconf 82' lang='grc' dir='ltr'>ξευε.</span> <span class='ocrx_word' id='word_1_693' title='bbox 516 4847 710 4909; x_wconf 78' lang='grc' dir='ltr'>Δείσας</span> <span class='ocrx_word' id='word_1_694' title='bbox 746 4844 801 4898; x_wconf 80' lang='grc' dir='ltr'>δὲ</span> <span class='ocrx_word' id='word_1_695' title='bbox 833 4845 907 4916; x_wconf 76' lang='grc' dir='ltr'>μῂ</span> <span class='ocrx_word' id='word_1_696' title='bbox 949 4843 1098 4915; x_wconf 82' lang='grc' dir='ltr'>αὐτῷ</span> <span class='ocrx_word' id='word_1_697' title='bbox 1126 4842 1398 4914; x_wconf 82' lang='grc' dir='ltr'>ἀφανισθῇ</span> <span class='ocrx_word' id='word_1_698' title='bbox 1432 4841 1540 4896; x_wconf 87' lang='grc' dir='ltr'><strong>τῶν</strong></span> <span class='ocrx_word' id='word_1_699' title='bbox 1589 4840 1913 4911; x_wconf 85' lang='grc' dir='ltr'>ποιημάτων</span> 
     </span>
    </p>
   </div>
   <div class='ocr_carea' id='block_1_95' title="bbox 325 4931 1912 5009">
    <p class='ocr_par' dir='ltr' id='par_1_95' title="bbox 325 4931 1912 5009">
     <span class='ocr_line' id='line_1_95' title="bbox 325 4931 1912 5009; baseline -0.006 -17"><span class='ocrx_word' id='word_1_700' title='bbox 325 4939 389 4993; x_wconf 84' lang='grc' dir='ltr'><strong>τδ</strong></span> <span class='ocrx_word' id='word_1_701' title='bbox 436 4937 751 5003; x_wconf 79' lang='grc' dir='ltr'>κάλλιστον,</span> <span class='ocrx_word' id='word_1_702' title='bbox 797 4938 1021 5009; x_wconf 82' lang='grc' dir='ltr'>Ἔρωτα</span> <span class='ocrx_word' id='word_1_703' title='bbox 1067 4938 1280 5006; x_wconf 85' lang='grc' dir='ltr'>πέμπει</span> <span class='ocrx_word' id='word_1_704' title='bbox 1319 4933 1414 4989; x_wconf 78' lang='grc' dir='ltr'>τοῦ</span> <span class='ocrx_word' id='word_1_705' title='bbox 1458 4933 1566 4987; x_wconf 72' lang='grc' dir='ltr'><strong>τῶν</strong></span> <span class='ocrx_word' id='word_1_706' title='bbox 1607 4931 1912 5003; x_wconf 83' lang='grc' dir='ltr'>ἀνθρώπων</span> 
     </span>
    </p>
   </div>
   <div class='ocr_carea' id='block_1_96' title="bbox 324 5022 1910 5100">
    <p class='ocr_par' dir='ltr' id='par_1_96' title="bbox 324 5022 1910 5100">
     <span class='ocr_line' id='line_1_96' title="bbox 324 5022 1910 5100; baseline -0.006 -16"><span class='ocrx_word' id='word_1_707' title='bbox 324 5028 518 5100; x_wconf 73' lang='grc' dir='ltr'>γένους</span> <span class='ocrx_word' id='word_1_708' title='bbox 545 5030 803 5099; x_wconf 84' lang='grc' dir='ltr'>ἐσόμενον</span> <span class='ocrx_word' id='word_1_709' title='bbox 852 5028 1091 5098; x_wconf 81' lang='grc' dir='ltr'>φύλακα.</span> <span class='ocrx_word' id='word_1_710' title='bbox 1116 5029 1193 5081; x_wconf 85' lang='lat'><strong>&quot;0</strong></span> <span class='ocrx_word' id='word_1_711' title='bbox 1228 5028 1286 5081; x_wconf 78' lang='grc' dir='ltr'><strong>δὲ</strong></span> <span class='ocrx_word' id='word_1_712' title='bbox 1315 5025 1520 5095; x_wconf 85' lang='grc' dir='ltr'>ταύτην</span> <span class='ocrx_word' id='word_1_713' title='bbox 1558 5026 1623 5077; x_wconf 81' lang='grc' dir='ltr'>ἐκ</span> <span class='ocrx_word' id='word_1_714' title='bbox 1662 5023 1780 5086; x_wconf 80' lang='grc' dir='ltr'>Διὸς</span> <span class='ocrx_word' id='word_1_715' title='bbox 1811 5022 1910 5094; x_wconf 85' lang='grc' dir='ltr'><strong>τὴν</strong></span> 
     </span>
    </p>
   </div>
   <div class='ocr_carea' id='block_1_97' title="bbox 326 5114 1903 5192">
    <p class='ocr_par' dir='ltr' id='par_1_97' title="bbox 326 5114 1903 5192">
     <span class='ocr_line' id='line_1_97' title="bbox 326 5114 1903 5192; baseline -0.006 -17"><span class='ocrx_word' id='word_1_716' title='bbox 326 5120 626 5192; x_wconf 70' lang='grc' dir='ltr'>ἐπιτροπὴν</span> <span class='ocrx_word' id='word_1_717' title='bbox 654 5120 853 5184; x_wconf 73' lang='grc' dir='ltr'>λαδὼν,</span> <span class='ocrx_word' id='word_1_718' title='bbox 880 5120 940 5174; x_wconf 82' lang='grc' dir='ltr'><strong>τὸ</strong></span> <span class='ocrx_word' id='word_1_719' title='bbox 965 5120 1064 5191; x_wconf 79' lang='grc' dir='ltr'>μὲν</span> <span class='ocrx_word' id='word_1_720' title='bbox 1098 5120 1336 5182; x_wconf 76' lang='grc' dir='ltr'>ἀπάταις</span> <span class='ocrx_word' id='word_1_721' title='bbox 1363 5117 1564 5188; x_wconf 77' lang='grc' dir='ltr'>ψυχαῖς</span> <span class='ocrx_word' id='word_1_722' title='bbox 1595 5114 1903 5184; x_wconf 75' lang='grc' dir='ltr'>ἐγκατοικε-</span> 
     </span>
    </p>
   </div>
   <div class='ocr_carea' id='block_1_98' title="bbox 329 5203 1913 5282">
    <p class='ocr_par' dir='ltr' id='par_1_98' title="bbox 329 5203 1913 5282">
     <span class='ocr_line' id='line_1_98' title="bbox 329 5203 1913 5282; baseline -0.004 -18"><span class='ocrx_word' id='word_1_723' title='bbox 329 5210 520 5277; x_wconf 82' lang='grc' dir='ltr'>ζεσθαι</span> <span class='ocrx_word' id='word_1_724' title='bbox 542 5210 577 5281; x_wconf 76' lang='grc' dir='ltr'>ἢ</span> <span class='ocrx_word' id='word_1_725' title='bbox 617 5211 724 5263; x_wconf 79' lang='grc' dir='ltr'>πᾶν</span> <span class='ocrx_word' id='word_1_726' title='bbox 748 5210 835 5263; x_wconf 73' lang='grc' dir='ltr'><strong>ἐπ’</strong></span> <span class='ocrx_word' id='word_1_727' title='bbox 865 5210 989 5281; x_wconf 81' lang='grc' dir='ltr'>ῐσης</span> <span class='ocrx_word' id='word_1_728' title='bbox 1018 5206 1149 5282; x_wconf 77' lang='grc' dir='ltr'>ἦθος</span> <span class='ocrx_word' id='word_1_729' title='bbox 1182 5208 1424 5272; x_wconf 80' lang='grc' dir='ltr'>νεοτελές</span> <span class='ocrx_word' id='word_1_730' title='bbox 1449 5223 1509 5260; x_wconf 88' lang='grc' dir='ltr'><strong>τε</strong></span> <span class='ocrx_word' id='word_1_731' title='bbox 1551 5210 1647 5259; x_wconf 72' lang='grc' dir='ltr'><strong>καὶ</strong></span> <span class='ocrx_word' id='word_1_732' title='bbox 1686 5203 1913 5276; x_wconf 77' lang='grc' dir='ltr'>βέὸηλον</span> 
     </span>
    </p>
   </div>
   <div class='ocr_carea' id='block_1_99' title="bbox 2018 4552 3597 4624">
    <p class='ocr_par' dir='ltr' id='par_1_99' title="bbox 2018 4552 3597 4624">
     <span class='ocr_line' id='line_1_99' title="bbox 2018 4552 3597 4624; baseline 0.002 -16"><span class='ocrx_word' id='word_1_733' title='bbox 2018 4553 2307 4618; x_wconf 85' lang='lat' dir='ltr'><strong>insidebat,</strong></span> <span class='ocrx_word' id='word_1_734' title='bbox 2357 4556 2452 4609; x_wconf 86' lang='lat' dir='ltr'><strong>sed</strong></span> <span class='ocrx_word' id='word_1_735' title='bbox 2502 4553 2708 4609; x_wconf 85' lang='lat' dir='ltr'><strong>habens</strong></span> <span class='ocrx_word' id='word_1_736' title='bbox 2758 4553 2893 4609; x_wconf 90' lang='lat' dir='ltr'><strong>deus</strong></span> <span class='ocrx_word' id='word_1_737' title='bbox 2942 4552 3032 4609; x_wconf 88' lang='lat' dir='ltr'><strong>ille</strong></span> <span class='ocrx_word' id='word_1_738' title='bbox 3074 4556 3324 4624; x_wconf 83' lang='lat' dir='ltr'><strong>lugentes</strong></span> <span class='ocrx_word' id='word_1_739' title='bbox 3379 4556 3494 4611; x_wconf 88' lang='lat' dir='ltr'><strong>alas</strong></span> <span class='ocrx_word' id='word_1_740' title='bbox 3542 4556 3597 4611; x_wconf 91' lang='lat' dir='ltr'><strong>iu</strong></span> 
     </span>
    </p>
   </div>
   <div class='ocr_carea' id='block_1_100' title="bbox 2018 4645 3599 4713">
    <p class='ocr_par' dir='ltr' id='par_1_100' title="bbox 2018 4645 3599 4713">
     <span class='ocr_line' id='line_1_100' title="bbox 2018 4645 3599 4713; baseline 0.002 -13"><span class='ocrx_word' id='word_1_741' title='bbox 2018 4645 2157 4701; x_wconf 67' lang='lat' dir='ltr'><strong>coelo</strong></span> <span class='ocrx_word' id='word_1_742' title='bbox 2187 4645 2490 4713; x_wconf 85' lang='lat' dir='ltr'><strong>habitabat,</strong></span> <span class='ocrx_word' id='word_1_743' title='bbox 2526 4654 2580 4700; x_wconf 88' lang='lat' dir='ltr'><strong>et</strong></span> <span class='ocrx_word' id='word_1_744' title='bbox 2610 4647 2662 4699; x_wconf 92' lang='lat' dir='ltr'><strong>in</strong></span> <span class='ocrx_word' id='word_1_745' title='bbox 2697 4645 2842 4700; x_wconf 90' lang='lat' dir='ltr'><strong>solos</strong></span> <span class='ocrx_word' id='word_1_746' title='bbox 2872 4648 3004 4709; x_wconf 91' lang='lat' dir='ltr'><strong>deos</strong></span> <span class='ocrx_word' id='word_1_747' title='bbox 3045 4646 3155 4701; x_wconf 85' lang='lat' dir='ltr'><strong>tela</strong></span> <span class='ocrx_word' id='word_1_748' title='bbox 3196 4646 3451 4703; x_wconf 88' lang='lat' dir='ltr'><strong>vibravit.</strong></span> <span class='ocrx_word' id='word_1_749' title='bbox 3488 4647 3599 4703; x_wconf 80' lang='lat' dir='ltr'><strong>Me-</strong></span> 
     </span>
    </p>
   </div>
   <div class='ocr_carea' id='block_1_101' title="bbox 2019 4737 3600 4814">
    <p class='ocr_par' dir='ltr' id='par_1_101' title="bbox 2019 4737 3600 4814">
     <span class='ocr_line' id='line_1_101' title="bbox 2019 4737 3600 4814; baseline 0.004 -23"><span class='ocrx_word' id='word_1_750' title='bbox 2019 4747 2179 4793; x_wconf 88' lang='lat' dir='ltr'><strong>tuens</strong></span> <span class='ocrx_word' id='word_1_751' title='bbox 2209 4748 2388 4792; x_wconf 86' lang='lat' dir='ltr'><strong>autem</strong></span> <span class='ocrx_word' id='word_1_752' title='bbox 2417 4752 2485 4792; x_wconf 92' lang='lat' dir='ltr'><strong>ne</strong></span> <span class='ocrx_word' id='word_1_753' title='bbox 2522 4737 2883 4806; x_wconf 84' lang='lat' dir='ltr'><strong>pulcherrima</strong></span> <span class='ocrx_word' id='word_1_754' title='bbox 2911 4738 3155 4794; x_wconf 88' lang='lat' dir='ltr'><strong>omnium</strong></span> <span class='ocrx_word' id='word_1_755' title='bbox 3188 4750 3443 4796; x_wconf 88' lang='lat' dir='ltr'><strong>creatura</strong></span> <span class='ocrx_word' id='word_1_756' title='bbox 3472 4759 3600 4814; x_wconf 86' lang='lat' dir='ltr'><strong>pes-</strong></span> 
     </span>
    </p>
   </div>
   <div class='ocr_carea' id='block_1_102' title="bbox 2021 4828 3599 4899">
    <p class='ocr_par' dir='ltr' id='par_1_102' title="bbox 2021 4828 3599 4899">
     <span class='ocr_line' id='line_1_102' title="bbox 2021 4828 3599 4899; baseline 0.005 -14"><span class='ocrx_word' id='word_1_757' title='bbox 2021 4830 2264 4897; x_wconf 88' lang='lat' dir='ltr'><strong>sumiret,</strong></span> <span class='ocrx_word' id='word_1_758' title='bbox 2297 4828 2618 4899; x_wconf 89' lang='lat' dir='ltr'><strong>Cupidinem</strong></span> <span class='ocrx_word' id='word_1_759' title='bbox 2654 4829 2721 4884; x_wconf 88' lang='lat' dir='ltr'><strong>ad</strong></span> <span class='ocrx_word' id='word_1_760' title='bbox 2766 4830 3018 4887; x_wconf 87' lang='lat' dir='ltr'><strong>homines</strong></span> <span class='ocrx_word' id='word_1_761' title='bbox 3048 4834 3438 4892; x_wconf 82' lang='lat' dir='ltr'><strong>custodiendos</strong></span> <span class='ocrx_word' id='word_1_762' title='bbox 3496 4839 3599 4893; x_wconf 93' lang='lat' dir='ltr'><strong>mi-</strong></span> 
     </span>
    </p>
   </div>
   <div class='ocr_carea' id='block_1_103' title="bbox 2018 4919 3599 4995">
    <p class='ocr_par' dir='ltr' id='par_1_103' title="bbox 2018 4919 3599 4995">
     <span class='ocr_line' id='line_1_103' title="bbox 2018 4919 3599 4995; baseline 0.005 -19"><span class='ocrx_word' id='word_1_763' title='bbox 2018 4921 2112 4976; x_wconf 88' lang='lat' dir='ltr'><strong>sit.</strong></span> <span class='ocrx_word' id='word_1_764' title='bbox 2141 4919 2235 4975; x_wconf 91' lang='lat' dir='ltr'><strong>llle</strong></span> <span class='ocrx_word' id='word_1_765' title='bbox 2279 4920 2463 4975; x_wconf 83' lang='lat' dir='ltr'><strong>datam</strong></span> <span class='ocrx_word' id='word_1_766' title='bbox 2500 4936 2528 4974; x_wconf 89' lang='lat' dir='ltr'><strong>a</strong></span> <span class='ocrx_word' id='word_1_767' title='bbox 2560 4919 2692 4976; x_wconf 81' lang='lat' dir='ltr'><strong>Jove</strong></span> <span class='ocrx_word' id='word_1_768' title='bbox 2737 4931 3062 4990; x_wconf 90' lang='lat' dir='ltr'><strong>potestatem</strong></span> <span class='ocrx_word' id='word_1_769' title='bbox 3098 4923 3394 4995; x_wconf 88' lang='lat' dir='ltr'><strong>abripiens,</strong></span> <span class='ocrx_word' id='word_1_770' title='bbox 3425 4929 3599 4983; x_wconf 90' lang='lat' dir='ltr'><strong>omni-</strong></span> 
     </span>
    </p>
   </div>
   <div class='ocr_carea' id='block_1_104' title="bbox 2019 5012 3598 5079">
    <p class='ocr_par' dir='ltr' id='par_1_104' title="bbox 2019 5012 3598 5079">
     <span class='ocr_line' id='line_1_104' title="bbox 2019 5012 3598 5079; baseline 0.008 -15"><span class='ocrx_word' id='word_1_771' title='bbox 2019 5013 2119 5067; x_wconf 81' lang='lat' dir='ltr'><strong>bus</strong></span> <span class='ocrx_word' id='word_1_772' title='bbox 2155 5012 2368 5069; x_wconf 85' lang='lat' dir='ltr'><strong>scilicet</strong></span> <span class='ocrx_word' id='word_1_773' title='bbox 2417 5013 2688 5069; x_wconf 87' lang='lat' dir='ltr'><strong>mentibus</strong></span> <span class='ocrx_word' id='word_1_774' title='bbox 2718 5013 2980 5079; x_wconf 88' lang='lat' dir='ltr'><strong>insidere,</strong></span> <span class='ocrx_word' id='word_1_775' title='bbox 3008 5015 3094 5071; x_wconf 87' lang='lat' dir='ltr'><strong>vel</strong></span> <span class='ocrx_word' id='word_1_776' title='bbox 3124 5017 3177 5071; x_wconf 91' lang='lat' dir='ltr'><strong>in</strong></span> <span class='ocrx_word' id='word_1_777' title='bbox 3206 5020 3458 5075; x_wconf 89' lang='lat' dir='ltr'><strong>omnibus</strong></span> <span class='ocrx_word' id='word_1_778' title='bbox 3484 5035 3598 5076; x_wconf 71' lang='lat' dir='ltr'><strong>cm-</strong></span> 
     </span>
    </p>
   </div>
   <div class='ocr_carea' id='block_1_105' title="bbox 2017 5105 3594 5183">
    <p class='ocr_par' dir='ltr' id='par_1_105' title="bbox 2017 5105 3594 5183">
     <span class='ocr_line' id='line_1_105' title="bbox 2017 5105 3594 5183; baseline 0.006 -26"><span class='ocrx_word' id='word_1_779' title='bbox 2017 5105 2242 5162; x_wconf 59' lang='lat' dir='ltr'><strong>lestibus</strong></span> <span class='ocrx_word' id='word_1_780' title='bbox 2288 5120 2353 5161; x_wconf 91' lang='lat' dir='ltr'><strong>ac</strong></span> <span class='ocrx_word' id='word_1_781' title='bbox 2405 5106 2666 5178; x_wconf 89' lang='lat' dir='ltr'><strong>profanis,</strong></span> <span class='ocrx_word' id='word_1_782' title='bbox 2723 5122 2878 5180; x_wconf 72' lang='lat' dir='ltr'><strong>aeque</strong></span> <span class='ocrx_word' id='word_1_783' title='bbox 2947 5109 3194 5166; x_wconf 86' lang='lat' dir='ltr'><strong>habitare</strong></span> <span class='ocrx_word' id='word_1_784' title='bbox 3236 5111 3354 5167; x_wconf 91' lang='lat' dir='ltr'><strong>loco</strong></span> <span class='ocrx_word' id='word_1_785' title='bbox 3407 5112 3594 5183; x_wconf 90' lang='lat' dir='ltr'><strong>templi</strong></span> 
     </span>
    </p>
   </div>
   <div class='ocr_carea' id='block_1_106' title="bbox 2022 5199 3595 5275">
    <p class='ocr_par' dir='ltr' id='par_1_106' title="bbox 2022 5199 3595 5275">
     <span class='ocr_line' id='line_1_106' title="bbox 2022 5199 3595 5275; baseline 0.004 -22"><span class='ocrx_word' id='word_1_786' title='bbox 2022 5200 2212 5255; x_wconf 79' lang='lat' dir='ltr'><strong>voluit.</strong></span> <span class='ocrx_word' id='word_1_787' title='bbox 2256 5199 2363 5256; x_wconf 87' lang='lat' dir='ltr'><strong>Sed</strong></span> <span class='ocrx_word' id='word_1_788' title='bbox 2408 5199 2608 5258; x_wconf 83' lang='lat' dir='ltr'><strong>multas</strong></span> <span class='ocrx_word' id='word_1_789' title='bbox 2649 5209 2703 5257; x_wconf 87' lang='lat' dir='ltr'><strong>et</strong></span> <span class='ocrx_word' id='word_1_790' title='bbox 2730 5201 2975 5275; x_wconf 82' lang='lat' dir='ltr'><strong>gregales</strong></span> <span class='ocrx_word' id='word_1_791' title='bbox 3006 5214 3221 5262; x_wconf 84' lang='lat' dir='ltr'><strong>mentes</strong></span> <span class='ocrx_word' id='word_1_792' title='bbox 3254 5220 3440 5262; x_wconf 86' lang='lat' dir='ltr'><strong>amore</strong></span> <span class='ocrx_word' id='word_1_793' title='bbox 3477 5206 3595 5261; x_wconf 79' lang='lat' dir='ltr'><strong>vul-</strong></span> 
     </span>
    </p>
   </div>
   <div class='ocr_carea' id='block_1_107' title="bbox 1625 5361 2306 5422">
    <p class='ocr_par' dir='ltr' id='par_1_107' title="bbox 1625 5361 2306 5422">
     <span class='ocr_line' id='line_1_107' title="bbox 1625 5361 2306 5422; baseline -0.01 0"><span class='ocrx_word' id='word_1_794' title='bbox 1625 5361 1863 5422; x_wconf 62' lang='lat' dir='ltr'><strong>VABIIE</strong></span> <span class='ocrx_word' id='word_1_795' title='bbox 1904 5362 2306 5419; x_wconf 74' lang='lat' dir='ltr'><strong>LECTIONES.</strong></span> 
     </span>
    </p>
   </div>
   <div class='ocr_carea' id='block_1_108' title="bbox 398 5486 1276 5558">
    <p class='ocr_par' dir='ltr' id='par_1_108' title="bbox 398 5486 1276 5558">
     <span class='ocr_line' id='line_1_108' title="bbox 398 5486 1276 5558; baseline -0.002 -17"><span class='ocrx_word' id='word_1_796' title='bbox 398 5487 444 5521; x_wconf 80' lang='grc'>’⁸</span> <span class='ocrx_word' id='word_1_797' title='bbox 464 5488 698 5558; x_wconf 86' lang='grc' dir='ltr'>θεωρίας</span> <span class='ocrx_word' id='word_1_798' title='bbox 716 5486 779 5558; x_wconf 77' lang='lat' dir='ltr'><strong>C.</strong></span> <span class='ocrx_word' id='word_1_799' title='bbox 865 5489 912 5522; x_wconf 72' lang='grc' dir='ltr'><strong>τ’</strong></span> <span class='ocrx_word' id='word_1_800' title='bbox 935 5487 993 5541; x_wconf 77' lang='grc' dir='ltr'>δὲ</span> <span class='ocrx_word' id='word_1_801' title='bbox 1014 5490 1090 5541; x_wconf 76' lang='lat' dir='ltr'><strong>A:</strong></span> <span class='ocrx_word' id='word_1_802' title='bbox 1118 5504 1183 5556; x_wconf 81' lang='grc' dir='ltr'><strong>γε</strong></span> <span class='ocrx_word' id='word_1_803' title='bbox 1217 5504 1276 5553; x_wconf 80' lang='grc' dir='ltr'>ς.</span> 
     </span>
    </p>
   </div>
   <div class='ocr_carea' id='block_1_109' title="bbox 327 5555 1647 5629">
    <p class='ocr_par' dir='ltr' id='par_1_109' title="bbox 327 5555 1647 5629">
     <span class='ocr_line' id='line_1_109' title="bbox 327 5555 1647 5629; baseline -0.005 -15"><span class='ocrx_word' id='word_1_804' title='bbox 327 5555 1093 5629; x_wconf 52' lang='grc' dir='ltr'>ιΜνΩυείσυνεξαιρουμένων</span> <span class='ocrx_word' id='word_1_805' title='bbox 1135 5555 1207 5622; x_wconf 73' lang='grc' dir='ltr'><strong>ς’.</strong></span> <span class='ocrx_word' id='word_1_806' title='bbox 1312 5557 1360 5599; x_wconf 77' lang='grc'><strong>⁸³</strong></span> <span class='ocrx_word' id='word_1_807' title='bbox 1392 5555 1556 5627; x_wconf 75' lang='grc' dir='ltr'>ἔρωσι</span> <span class='ocrx_word' id='word_1_808' title='bbox 1586 5571 1647 5619; x_wconf 83' lang='grc' dir='ltr'>ς.</span> 
     </span>
    </p>
   </div>
   <div class='ocr_carea' id='block_1_110' title="bbox 1345 5482 2084 5548">
    <p class='ocr_par' dir='ltr' id='par_1_110' title="bbox 1345 5482 2084 5548">
     <span class='ocr_line' id='line_1_110' title="bbox 1345 5482 2084 5548; baseline -0.003 -11"><span class='ocrx_word' id='word_1_809' title='bbox 1345 5484 1391 5518; x_wconf 81' lang='grc'><strong>⁸⁸</strong></span> <span class='ocrx_word' id='word_1_810' title='bbox 1415 5483 1685 5548; x_wconf 83' lang='grc' dir='ltr'>διαθέσεις</span> <span class='ocrx_word' id='word_1_811' title='bbox 1716 5482 1781 5537; x_wconf 81' lang='lat' dir='ltr'><strong>A:</strong></span> <span class='ocrx_word' id='word_1_812' title='bbox 1813 5482 1990 5544; x_wconf 82' lang='grc' dir='ltr'>θέσεις</span> <span class='ocrx_word' id='word_1_813' title='bbox 2023 5498 2084 5545; x_wconf 80' lang='grc' dir='ltr'>ς.</span> 
     </span>
    </p>
   </div>
   <div class='ocr_carea' id='block_1_111' title="bbox 1742 5550 2621 5624">
    <p class='ocr_par' dir='ltr' id='par_1_111' title="bbox 1742 5550 2621 5624">
     <span class='ocr_line' id='line_1_111' title="bbox 1742 5550 2621 5624; baseline 0.015 -21"><span class='ocrx_word' id='word_1_814' title='bbox 1742 5552 2088 5624; x_wconf 67' lang='grc' dir='ltr'>⁸⁸μετέ6α).ον</span> <span class='ocrx_word' id='word_1_815' title='bbox 2117 5550 2184 5605; x_wconf 71' lang='lat' dir='ltr'><strong>Il:</strong></span> <span class='ocrx_word' id='word_1_816' title='bbox 2212 5550 2542 5622; x_wconf 77' lang='grc' dir='ltr'>μετέὀαλλον</span> <span class='ocrx_word' id='word_1_817' title='bbox 2562 5567 2621 5615; x_wconf 70' lang='grc' dir='ltr'>ς.</span> 
     </span>
    </p>
   </div>
   <div class='ocr_carea' id='block_1_112' title="bbox 2187 5474 3592 5567">
    <p class='ocr_par' dir='ltr' id='par_1_112' title="bbox 2187 5474 3592 5567">
     <span class='ocr_line' id='line_1_112' title="bbox 2187 5474 3592 5567; baseline -0.001 -35"><span class='ocrx_word' id='word_1_818' title='bbox 2187 5479 2232 5511; x_wconf 84' lang='grc'>⁸¹</span> <span class='ocrx_word' id='word_1_819' title='bbox 2280 5478 2565 5567; x_wconf 27' lang='grc' dir='ltr'>πρρσόςάλῃ</span> <span class='ocrx_word' id='word_1_820' title='bbox 2622 5477 2722 5535; x_wconf 78' lang='lat' dir='ltr'><strong>BC.</strong></span> <span class='ocrx_word' id='word_1_821' title='bbox 2775 5479 2824 5514; x_wconf 80' lang='grc'><strong><em>⁸²</em></strong></span> <span class='ocrx_word' id='word_1_822' title='bbox 2850 5480 3318 5553; x_wconf 79' lang='grc' dir='ltr'>συνεξαιρομένων</span> <span class='ocrx_word' id='word_1_823' title='bbox 3360 5474 3592 5567; x_wconf 62' lang='lat' dir='ltr'><strong>Werns-~</strong></span> 
     </span>
    </p>
   </div>
   <div class='ocr_carea' id='block_1_113' title="bbox 1861 5657 2095 5716">
    <p class='ocr_par' dir='ltr' id='par_1_113' title="bbox 1861 5657 2095 5716">
     <span class='ocr_line' id='line_1_113' title="bbox 1861 5657 2095 5716; baseline 0.004 -1"><span class='ocrx_word' id='word_1_824' title='bbox 1861 5657 2095 5716; x_wconf 66' lang='grc' dir='ltr'><strong>ΝΟΤΛΕ.</strong></span> 
     </span>
    </p>
   </div>
   <div class='ocr_carea' id='block_1_114' title="bbox 400 5775 2387 5857">
    <p class='ocr_par' dir='ltr' id='par_1_114' title="bbox 400 5775 2387 5857">
     <span class='ocr_line' id='line_1_114' title="bbox 400 5775 2387 5857; baseline -0.005 -20"><span class='ocrx_word' id='word_1_825' title='bbox 400 5778 552 5857; x_wconf 67' lang='grc' dir='ltr'>μεν)</span> <span class='ocrx_word' id='word_1_826' title='bbox 594 5778 795 5838; x_wconf 85' lang='lat' dir='ltr'><strong>Confer</strong></span> <span class='ocrx_word' id='word_1_827' title='bbox 844 5795 962 5850; x_wconf 62' lang='lat' dir='ltr'><strong>qua</strong></span> <span class='ocrx_word' id='word_1_828' title='bbox 993 5779 1089 5836; x_wconf 91' lang='lat' dir='ltr'><strong>inf.</strong></span> <span class='ocrx_word' id='word_1_829' title='bbox 1135 5779 1188 5833; x_wconf 91' lang='lat' dir='ltr'><strong>in</strong></span> <span class='ocrx_word' id='word_1_830' title='bbox 1225 5778 1415 5835; x_wconf 74' lang='lat' dir='ltr'><strong>exord.</strong></span> <span class='ocrx_word' id='word_1_831' title='bbox 1448 5787 1590 5833; x_wconf 81' lang='lat' dir='ltr'><strong>orat.</strong></span> <span class='ocrx_word' id='word_1_832' title='bbox 1640 5777 1692 5833; x_wconf 91' lang='lat' dir='ltr'><strong>in</strong></span> <span class='ocrx_word' id='word_1_833' title='bbox 1722 5776 2015 5833; x_wconf 82' lang='lat' dir='ltr'><strong>adventum</strong></span> <span class='ocrx_word' id='word_1_834' title='bbox 2041 5775 2387 5850; x_wconf 81' lang='lat' dir='ltr'><strong>Cypriorum.</strong></span> 
     </span>
    </p>
   </div>
   <div class='ocr_carea' id='block_1_115' title="bbox 655 5873 1300 5937">
    <p class='ocr_par' dir='ltr' id='par_1_115' title="bbox 655 5873 1300 5937">
     <span class='ocr_line' id='line_1_115' title="bbox 655 5873 1300 5937; baseline -0.006 0"><span class='ocrx_word' id='word_1_835' title='bbox 655 5875 930 5937; x_wconf 73' lang='grc' dir='ltr'>ΡΑτιιοι..</span> <span class='ocrx_word' id='word_1_836' title='bbox 977 5875 1096 5934; x_wconf 72' lang='lat' dir='ltr'><strong>Gn.</strong></span> <span class='ocrx_word' id='word_1_837' title='bbox 1142 5873 1300 5933; x_wconf 79' lang='lat' dir='ltr'><strong>Clu.</strong></span> 
     </span>
    </p>
   </div>
   <div class='ocr_carea' id='block_1_116' title="bbox 3184 5870 3265 5934">
    <p class='ocr_par' dir='ltr' id='par_1_116' title="bbox 3184 5870 3265 5934">
     <span class='ocr_line' id='line_1_116' title="bbox 3184 5870 3265 5934; baseline 0.025 -2"><span class='ocrx_word' id='word_1_838' title='bbox 3184 5870 3265 5934; x_wconf 67' lang='grc' dir='ltr'>(ιθ</span> 
     </span>
    </p>
   </div>
  </div>
