4050 6390
507 375 648 442 1355

1674 377 1937 440 ΡΗΟΤΙΙ
1972 376 2481 441 PATRIARCHJE
2520 379 2629 441 CP.
2668 346 2673 347 ί

3656 378 3785 443 1356

506 494 620 561 gari
658 504 980 561 sponsarum
1032 491 1289 561 occupari
1328 489 1494 546 dedit.
1546 488 1663 558 Ipse
1695 504 1826 545 vero
1855 488 2084 543 deorum

2202 487 2340 559 ἔχειν
2362 489 2592 559 τέμενος
2614 489 2716 543 οὐκ
2752 488 3099 562 ἐδοκίμαζεν,
3128 490 3266 545 ἀλλά
3294 490 3393 555 τάς
3438 498 3541 562 μὲν
3589 491 3785 554 πολλὰς

506 580 921 651 οωιεειίυωιιυο
976 590 1185 637 mentes
1229 580 1479 646 incoluit,
1530 589 1585 635 et
1627 578 1747 633 illas
1792 579 1844 633 in
1903 577 2088 633 libidi-

505 687 697 727 nosam
756 674 1055 728 amentiam
1109 672 1296 728 furore
1339 673 1601 735 incitans,
1656 670 1883 725 inﬁnitis
1934 669 2091 725 bonis

504 761 801 818 humanum
846 780 1017 837 genus
1040 764 1240 821 aﬁecit.
1283 762 1512 831 Quando
1559 762 1723 833 igitur
1754 762 1957 817 videris
1989 771 2094 816 tar-

502 856 626 909 dam
683 859 973 925 quamdam
1037 869 1316 923 naturam,
1359 867 1413 913 et
1455 857 1521 911 ad
1569 870 1817 910 amorem
1862 855 2088 921 lentam,

503 948 678 1016 cogita
708 964 853 1003 nunc
880 949 1039 1004 donis
1084 949 1233 1004 illius
1259 949 1531 1017 cupidinis
1557 947 1841 1018 indignum
1874 946 2044 1001 fuisse
2072 964 2086 1002 :

503 1052 626 1091 cum
664 1053 792 1093 vero
837 1040 1119 1095 incitatam
1152 1050 1206 1094 et
1248 1040 1509 1093 fervidam
1550 1050 1815 1103 mentem,
1850 1046 1906 1092 et
1943 1036 2094 1091 llam-

504 1143 604 1182 ma:
631 1130 807 1184 instar
841 1131 909 1186 ad
956 1130 1243 1185 amabilem
1282 1130 1578 1184 amicitiam
1616 1129 1930 1194 ducentem,
1962 1136 2092 1198 puta

502 1219 650 1275 illam
677 1236 706 1273 a
743 1223 883 1276 dono
911 1220 1192 1291 Cupidinis
1220 1221 1429 1275 venire.
1459 1218 1639 1275 Unum
1678 1218 1834 1283 mihi,
1862 1233 1895 1271 o
1918 1217 2094 1271 amice

506 1313 783 1378 Socrates,
817 1316 982 1381 dicis,
1021 1325 1329 1369 amatorum
1368 1314 1597 1383 optime,
1630 1322 1840 1381 partem
1877 1310 2095 1366 virtutis

504 1405 717 1469 Clinias,
773 1404 1147 1459 fortitudinem
1221 1404 1433 1459 scilicet
1482 1404 1534 1457 in
1580 1402 1861 1473 periculis,
1927 1415 2090 1471 quam

505 1498 897 1553 exercitatione
921 1496 1122 1568 3681:
1151 1512 1293 1566 sa'pe
1321 1496 1564 1563 exhibet,
1582 1497 1938 1563 interpretem
1966 1507 2095 1546 ora-

511 1590 715 1642 tionum
754 1603 859 1642 non
892 1596 1220 1657 exspectans
1251 1588 1389 1658 (46).
1433 1587 1535 1641 Dat
1563 1588 1741 1641 eidem
1771 1585 1908 1639 hanc
1935 1582 2098 1638 licen-

511 1678 833 1748 tiam,quam
870 1678 1046 1746 primo
1067 1678 1260 1733 Pericli
1288 1694 1407 1733 cum
1440 1692 1538 1748 pro
1554 1678 1686 1731 urbe
1710 1674 1907 1731 bellum
1936 1688 2094 1743 gere-

510 1778 610 1823 ret.
637 1767 761 1823 Haec
788 1778 871 1824 est
905 1770 1119 1825 sincera
1151 1771 1307 1824 ratio.
1339 1771 1395 1825 Si
1427 1785 1557 1824 vero
1585 1768 1730 1823 hunc
1755 1766 2098 1837 videasjudi-

2192 583 2287 636 καὶ
2329 582 2616 650 ἀγελαίους
2666 583 2842 653 ψυχάς
2897 586 3012 647 τοῖς
3064 584 3370 653 πανδήμοις
3420 584 3634 652 Ἔρωσι
3678 586 3784 645 τοῖς

2192 672 2303 725 τῶν
2335 671 2588 744 Νυμφῶν
2615 674 2777 726 παισὶ
2819 674 3131 744 ποιμαίνειν
3169 674 3489 743 ἀπένειμεν,
3522 674 3690 735 αὐτὸς
3734 674 3785 726 δὲ

2191 766 2292 827 τάς
2321 762 2471 827 θείας
2502 764 2596 817 καὶ
2622 763 2885 835 οὐρανίας
2908 764 3089 835 ψυχὰς
3112 765 3441 833 ἐνῳκίσατο,
3463 766 3561 818 καὶ
3589 764 3784 826 ταύτας

2194 854 2592 925 ἀναϐακχεύων
2626 856 2720 908 ἐπὶ
2771 857 2967 926 μανίαν
3000 857 3273 929 ἐρωτικὴν
3308 856 3480 926 μυρία
3514 856 3699 923 ἀγαθά
3727 855 3786 908 τὸ

2192 946 2303 1000 τῶν
2353 946 2659 1017 ἀνθρώπων
2702 949 2861 1015 γένος
2902 948 3222 1019 εἰργάσατο.
3270 946 3435 1019 [me
3480 946 3579 1020 8.]
3627 947 3787 1000 Ὀταν

2203 1040 2304 1111 μὲν
2331 1036 2425 1095 οὖν
2461 1041 2576 1113 ίδης
2604 1041 2727 1096 τινὰ
2757 1041 2959 1112 βραδύν
2991 1059 3051 1095 τε
3074 1040 3172 1112 τὴν
3212 1041 3374 1110 φύσιν
3402 1041 3498 1095 καὶ
3531 1040 3671 1111 πρὸς
3705 1057 3788 1108 cpt-

2196 1132 2318 1186 λίαν
2343 1132 2688 1204 δυσκίνητον,
2722 1133 2917 1203 νόησον
2940 1134 3025 1187 ὅτι
3054 1134 3164 1186 τῶν
3200 1134 3443 1203 Ἔρωτος
3472 1134 3683 1186 ἐκείνου
3712 1133 3791 1198 €5-

2194 1221 2324 1275 νίων
2354 1220 2607 1292 οὐδαμῶς
2629 1217 2784 1286 οὗτος
2822 1222 3056 1292 ἠξίωται
3086 1239 3100 1252 ·
3129 1222 3257 1275 ὅταν
3296 1222 3353 1275 δὲ
3388 1222 3516 1288 ὀξὺν
3548 1223 3644 1275 καί
3668 1222 3789 1293 θερ-

2201 1312 2300 1384 μὸν
2335 1312 2436 1383 τὴν
2490 1310 2721 1384 γνώμην
2776 1313 2871 1366 καὶ
2924 1312 3125 1383 φλογὸς
3173 1313 3328 1380 δίκην
3379 1313 3470 1365 ἐπ’
3522 1313 3791 1382 ἐρωτιήν

2198 1404 2381 1475 φιλίαν
2420 1405 2650 1460 άττοντα
2692 1404 2761 1471 ⁸³,
2796 1405 2987 1476 νόησον
3034 1404 3226 1457 τοῦτον
3272 1400 3411 1457 εἶναι
3460 1404 3676 1457 ἐκείνου
3716 1403 3794 1465 ξέ-

2198 1516 2287 1552 νον
2318 1499 2365 1531 ⁸⁶
2396 1497 2493 1552 τοῦ
2534 1497 2804 1567 Ἔρωτος.
2840 1497 2937 1551 Ἐν
2967 1496 3075 1569 γάρ
3104 1514 3194 1569 μοι
3231 1496 3432 1564 λέγεις,
3459 1488 3506 1548 ὦ
3535 1494 3658 1563 φίλε
3682 1494 3791 1546 22b-

2198 1607 2421 1663 κρατες,
2453 1587 2700 1661 ἐραστῶν
2732 1589 2947 1661 ἄριστε,
2979 1590 3179 1661 ἀρετῆς
3215 1588 3466 1642 Κλεινίου
3503 1588 3549 1618 ⁸⁷
3587 1587 3791 1656 μόριον,

2200 1684 2454 1753 ἀνδρείαν
2487 1685 2545 1736 ἐν
2578 1681 2789 1752 φόϐοις,
2818 1684 2885 1753 ἢν
2918 1682 3014 1735 καὶ
3036 1681 3237 1752 μελέτη
3263 1680 3525 1742 πολλάκις
3555 1680 3792 1743 δίδωσιν,

2207 1773 2481 1846 ὲξηγητὴν
2509 1775 2671 1845 λόγον
2699 1775 2802 1829 οὐκ
2837 1774 2883 1807 ⁸⁸
2922 1774 3290 1845 ἀναμείνασα.
3317 1774 3517 1826 Δίδωσι
3563 1773 3609 1825 δ’
3648 1772 3793 1841 αὐτῷ

507 1860 675 1915 ciaria
698 1862 825 1916 sede
851 1861 1159 1932 expulsum,
1192 1862 1421 1931 implora
1468 1876 1590 1916 cum
1637 1860 1839 1931 gemitu
1901 1858 2093 1928 legem,

2202 1868 2297 1937 τὴν
2339 1868 2692 1939 παρρησίαν,
2736 1870 2874 1936 ὅπερ
2918 1868 3013 1921 καὶ
3060 1866 3319 1938 Περικλεῖ
3364 1867 3672 1937 πρότερον,
3719 1866 3793 1918 ὅτ’

508 1955 633 2023 quia
665 1969 800 2008 auro
827 1955 1002 2010 vietus
1035 1965 1141 2011 est.
1184 1953 1318 2010 Nam
1365 1954 1527 2011 simul
1555 1953 1757 2009 ﬂorens
1799 1968 1925 2008 cum
1964 1952 2098 2005 urbe

510 2049 680 2117 regia,
725 2048 935 2103 circum
1005 2064 1170 2119 quam
1220 2048 1461 2118 ingentia
1523 2048 1693 2101 maria
1749 2053 2095 2116 separantur,

509 2150 566 2193 et
622 2140 763 2195 idem
806 2156 929 2196 cum
964 2156 1030 2196 ea
1080 2141 1265 2212 gloria:
1303 2154 1416 2195 sua:
1456 2138 1818 2193 fundamenta
1860 2136 2095 2209 jacieus,

510 2230 747 2298 quandiu
792 2231 847 2285 in
892 2230 1183 2285 cunabulis
1223 2231 1403 2283 adhuc
1430 2243 1629 2297 corpus
1666 2228 1819 2282 urbis
1852 2226 2095 2296 ﬁngebao

512 2332 620 2387 tur,
654 2321 758 2376 alia
810 2323 1036 2392 imperia
1089 2337 1119 2376 e
1154 2322 1299 2391 regia
1352 2327 1619 2391 potestate
1658 2318 1923 2374 decrevit.
1959 2316 2096 2372 Cum

512 2428 645 2468 vero
692 2412 958 2483 indigeret
995 2412 1178 2468 sedula
1225 2427 1392 2481 opera
1445 2421 1704 2481 tanquam
1747 2419 1925 2465 statua
1975 2424 2096 2478 per-

512 2504 675 2569 foeta,
711 2520 875 2574 quam
908 2505 1286 2559 adumbratam
1330 2504 1482 2573 prius
1531 2503 1801 2565 viderant,
1848 2504 2096 2557 eamdem

515 2605 837 2664 potestatem
898 2596 1217 2665 assumpsit,
1281 2604 1338 2649 ut
1386 2596 1527 2651 idem
1573 2593 1788 2650 initium
1837 2604 1893 2649 et
1933 2594 2097 2649 ﬁnem

510 2690 659 2743 omni
708 2698 1031 2744 ornamento
1101 2688 1252 2743 urbis
1306 2686 1519 2744 fecerit.
1570 2686 1745 2744 Urbes
1807 2689 2096 2752 excitatas,

511 2783 771 2853 populum
803 2791 1163 2845 crescentem,
1221 2778 1461 2834 Tartessi
1492 2780 1683 2845 vitam,
1716 2794 1885 2834 conm
1912 2779 2101 2833 Amal-

514 2876 672 2940 theae,
720 2882 887 2943 caput
933 2874 1116 2927 omnis
1175 2872 1473 2927 felicitatis.
1516 2870 1622 2927 Sed
1658 2886 1780 2941 quae
1827 2882 1912 2925 est
1969 2886 2098 2943 erga

512 2971 657 3025 hunc
695 2966 948 3036 juvenem
997 2966 1161 3023 studii
1207 2966 1407 3020 causa?
1456 2965 1591 3020 Tota
1652 2979 1806 3020 mens
1856 2980 2026 3036 nuper
2068 2982 2097 3020 a

511 3062 763 3131 supernis
815 3060 1035 3115 sedibus
1104 3058 1440 3128 digrediens,
1495 3057 1716 3112 inﬁxam
1768 3058 1946 3112 adhuc
1996 3058 2101 3113 fert

512 3154 747 3224 speciem
817 3152 1235 3207 simulacrorum
1308 3149 1547 3214 illorum,
1604 3165 1725 3219 qua!
1775 3160 1884 3203 tum
1942 3150 2097 3216 vidit,

2200 1963 2524 2033 ἐστρατήγει
2556 1961 2654 2031 τῆς
2678 1960 2909 2024 πόλεως.
2934 1960 3105 2014 Τοῦτο
3129 1961 3189 2013 δέ
3213 1961 3332 2013 ἐστι
3354 1959 3561 2031 τρόπος
3584 1958 3791 2020 ἄδολος.

2199 2054 2263 2108 Εἰ
2316 2054 2375 2107 δέ
2420 2054 2610 2107 τοῦτον
2653 2054 2783 2118 ίδοις
2820 2053 3153 2108 δικαστικῶν
3197 2052 3403 2124 θρόνων
3451 2052 3793 2122 εἰργόμενον,

2200 2143 2463 2209 στέναξον
2492 2144 2583 2198 τὸν
2605 2144 2791 2215 νόμον,
2817 2145 2900 2199 ὅτι
2933 2144 3159 2215 χρυσίου
3184 2145 3488 2213 νενίκηται.
3513 2142 3796 2212 Συνακμάρ

2200 2254 2300 2300 σας
2327 2238 2437 2308 γάρ
2472 2239 2540 2308 τῇ
2571 2235 2835 2306 βασιλέως
2866 2235 3042 2299 πόλει,
3074 2237 3206 2308 περὶ
3234 2236 3301 2307 ἢν
3329 2235 3399 2289 τά
3447 2234 3667 2306 μεγάλα
3706 2252 3797 2288 πε-

2198 2329 2339 2400 λάγη
2394 2327 2662 2398 σχίζεται,
2697 2330 2793 2382 καὶ
2833 2329 2936 2399 τὴν
2969 2328 3140 2399 αὐτὴν
3181 2330 3366 2401 ἐκείνῃ
3407 2328 3654 2401 κρηπῖδα
3700 2327 3796 2396 τῆς

2200 2421 2395 2477 ἐαυτοῦ
2416 2421 2576 2493 δόξης
2607 2420 2906 2493 βαλόμενος
2929 2420 2997 2485 ⁸⁸,
3033 2422 3137 2485 ἕως
3192 2422 3291 2493 μὲν
3342 2423 3401 2475 ἐν
3459 2420 3795 2490 σπαργάνοις

2199 2511 2281 2564 ἔτι
2310 2511 2370 2565 τὸ
2397 2510 2556 2582 σῶμα
2581 2510 2682 2580 τῆς
2717 2511 2927 2573 πόλεως
2958 2510 3277 2577 ἐπλάττετο,
3306 2510 3505 2582 ἐτέρας
3532 2512 3710 2582 ἀρχάς
3734 2513 3795 2564 ἐκ

2200 2604 2467 2676 βασιλέως
2519 2603 2880 2673 κατηύθυνεν,
2934 2605 3059 2657 ἐπεὶ
3107 2604 3166 2657 δέ
3221 2604 3329 2659 εδει
3379 2606 3481 2676 τῆς
3535 2605 3794 2678 ἀκριϐοῦς

2199 2698 2383 2770 χειρὸς
2438 2698 2695 2768 καθάπερ
2755 2696 2812 2748 ἐν
2849 2695 3040 2761 τύποις
3090 2697 3428 2767 ἀγάλματος,
3483 2699 3574 2750 ἐπ’
3628 2698 3795 2768 αὐτὴν

2200 2792 2502 2855 ἐπάνεισιν,
2537 2792 2624 2843 ἴνα
2656 2789 2819 2852 αὐτός
2851 2806 2911 2842 τε
2947 2788 3092 2861 ἀρχὴ
3134 2791 3231 2844 καὶ
3264 2791 3424 2854 τέλος
3467 2791 3683 2858 γένοιτο
3718 2792 3794 2862 τῷ

2202 2885 2366 2939 παντὶ
2394 2884 2586 2955 κόσμῳ
2626 2885 2727 2955 τῆς
2760 2885 2995 2948 πόλεως.
3038 2884 3231 2947 Πόλεις
3277 2884 3662 2956 ἐγειρομένας,
3708 2884 3797 2954 δή·

2206 2994 2340 3048 μους
2383 2978 2761 3048 ἀκμάζοντας,
2810 2976 3136 3049 Ταρτησσοῦ
3176 2978 3222 3009 ⁸⁸
3270 2976 3408 3047 βίον,
3471 2976 3797 3047 Ἀμαλθείας

2202 3068 2393 3139 κέρας,
2424 3071 2533 3123 πᾶν
2562 3070 2685 3123 ὅσον
2712 3070 3061 3141 εὐδαιμονίας
3097 3070 3415 3141 κεφάλαιον.
3474 3070 3641 3125 Ἀλλὰ
3672 3069 3798 3142 [600

2204 3160 2301 3231 IL]
2343 3161 2429 3226 τίς
2471 3161 2573 3228 τῆς
2612 3162 2743 3233 περὶ
2781 3163 2872 3217 τὸν
2932 3164 3216 3218 νεανίσκον
3254 3165 3299 3197 ἰ
3341 3163 3580 3235 σπουδῆς
3612 3165 3793 3229 αἰτίας

512 3261 637 3301 cum
691 3243 917 3299 hilarem
967 3246 1224 3299 choream
1284 3258 1409 3296 cum
1465 3244 1633 3297 variis
1700 3243 1803 3297 diis
1860 3243 2096 3298 saltavit.

2204 3226 2367 3326 Ψυχὴ
2396 3226 2568 3319 πᾶσα,
2750 3256 3033 3326 σχισθετσα
3058 3255 3161 3325 τῆς
3188 3256 3299 3310 ἄνω
3317 3226 3796 3327 λήξεως,ἒναυλον

510 3337 646 3393 Cum
686 3338 851 3409 igitur
878 3338 1073 3391 viderit
1110 3335 1223 3391 illic
1248 3334 1730 3405 pulchritudinem,
1771 3350 1933 3404 qualn
1972 3347 2102 3389 tunc

511 3444 642 3486 vere
689 3429 1005 3498 descripsit,
1050 3428 1192 3482 intra
1243 3436 1481 3481 mentem
1536 3426 1775 3481 divinam
1814 3426 2101 3483 abscondi-

514 3529 662 3585 tam,
709 3517 986 3573 desiderat
1031 3526 1085 3571 et
1128 3518 1328 3585 gaudet
1380 3518 1483 3571 hoc
1535 3516 1845 3587 spectacqu
1879 3556 1895 3582 ,
1942 3527 1997 3572 et
2043 3531 2102 3572 se

511 3609 689 3681 ipsam
733 3610 1024 3679 splendore
1065 3609 1401 3678 scientiaque
1425 3610 1666 3673 elevans,
1702 3624 1823 3663 cum
1857 3609 1957 3662 hoc
1984 3609 2103 3663 loco

512 3702 843 3773 conjungere
869 3700 1107 3756 festinat.
1156 3700 1286 3755 Tale
1317 3700 1447 3771 quid
1488 3700 1619 3754 mihi
1656 3699 1711 3753 in
1757 3698 2103 3753 adolescente

514 3798 737 3851 accidit.
774 3794 911 3850 Nam
946 3794 1109 3850 veluti
1158 3794 1211 3849 in
1247 3794 1468 3865 speculo
1496 3793 1658 3863 hujus
1688 3792 1741 3847 in
1768 3793 1955 3847 animo
1979 3807 2103 3863 spe-

513 3887 652 3942 ciem
703 3887 871 3942 aniiui
908 3886 1009 3941 mei
1060 3897 1413 3955 apparentem
1447 3885 1655 3950 videns,
1704 3900 1766 3939 ea
1805 3900 1924 3939 sum
1957 3882 2104 3939 dele-

513 3986 715 4041 ctatus,
759 3985 812 4031 et
858 3976 981 4031 ideo
1031 3975 1231 4039 amavi,
1263 3986 1317 4029 et
1356 3976 1508 4043 quasi
1555 3976 1785 4031 alterum
1823 3991 1910 4029 me
1942 3974 2103 4045 hujus

515 4070 758 4123 animum
820 4068 1067 4138 quaesivi.
1123 4066 1300 4121 Probe
1362 4077 1545 4136 potest
1585 4069 1767 4123 omnia
1836 4068 2102 4123 memoria

514 4162 811 4227 custodire,
869 4176 1208 4231 qumcunque
1267 4162 1368 4215 sub
1432 4161 1569 4215 duce
1630 4161 1860 4231 gesserit
1921 4161 2103 4215 animo

516 4252 892 4324 philosOphus,
925 4254 1265 4309 orationibus
1299 4268 1406 4307 non
1438 4251 1525 4307 his
1564 4254 1747 4318 modo,
1777 4253 1871 4308 sed
1903 4262 1957 4308 et
1987 4268 2105 4307 om-

514 4348 698 4411 nibus,
754 4363 872 4417 qus:
917 4363 947 4401 e
978 4348 1276 4415 Musarum,
1322 4358 1380 4404 et
1426 4349 1694 4421 Apollinis
1738 4348 1908 4419 pratis
1936 4347 2105 4419 pullu-

513 4439 647 4495 lant.
690 4437 846 4495 Unde
878 4441 1059 4495 omnis
1084 4442 1345 4496 doctrinae
1376 4440 1585 4497 fructus
1632 4442 1947 4511 discerpcns
1980 4450 2104 4496 tan-

2204 3343 2285 3397 ἔτι
2319 3347 2475 3417 φέρει
2512 3350 2611 3415 τὴν
2648 3346 2778 3401 θέαν
2813 3347 2923 3401 τῶν
2951 3348 3290 3419 ἀγαλμάτων
3328 3348 3583 3414 ἐκείνων,
3612 3348 3651 3402 ἃ.
3677 3349 3795 3401 τότε

2204 3430 2364 3497 εἶδεν,
2398 3439 2486 3489 ὅτε
2537 3437 2835 3509 εὐδαίμονα
2880 3440 3101 3511 χορείαν
3154 3440 3252 3493 σὺν
3296 3439 3436 3494 θεῶν
3486 3441 3700 3511 δίφροις
3749 3443 3795 3472 η

2204 3529 2480 3601 ἐχόρευεν.
2526 3531 2695 3585 ὀταν
2750 3528 2844 3586 οὖν
2894 3532 2980 3605 ῐδῃ
3024 3534 3120 3588 καὶ
3166 3535 3293 3605 τῇδε
3338 3534 3557 3601 κάλλος,
3607 3534 3636 3587 ὃ
3676 3534 3831 3587 τότε“

2206 3622 2526 3693 πλάσματος
2570 3624 2700 3679 ἀνευ
2735 3626 3047 3698 ἱστόρησεν,
3084 3628 3215 3680 εῐσω
3249 3627 3428 3697 ψυχῆς
3474 3627 3628 3691 Θείας
3662 3644 3797 3697 κρυ-

2206 3715 2503 3783 πτόμενον,
2548 3718 2774 3789 σπαργᾷ
2813 3736 2871 3771 τε
2907 3719 3003 3772 καὶ
3035 3721 3221 3791 χαίρει
3244 3723 3311 3790 τῇ
3343 3720 3463 3792 θέᾳ,
3492 3721 3591 3774 καὶ
3612 3717 3800 3789 συμϐι-

2207 3805 2394 3872 ϐάζειν
2413 3808 2616 3879 ἑαυτὴν
2638 3811 2773 3881 πρὸς
2797 3810 2891 3864 τὸν
2920 3812 3039 3865 ἐκεῖ
3066 3813 3233 3865 τόπον
3258 3813 3564 3879 ἐπείγεται,
3587 3812 3715 3884 δόξῃ
3742 3828 3797 3863 τε

2204 3901 2301 3954 καὶ
2359 3899 2641 3973 ἐπιστήμῃ
2685 3903 3018 3973 κουφίσασα.
3072 3905 3327 3959 Τοιοῦτόν
3373 3922 3428 3959 τι
3484 3905 3659 3969 πάθος
3707 3908 3802 3959 καὶ

2207 3991 2372 4055 αὐτὸς
2439 3994 2570 4065 περὶ
2598 3994 2690 4047 τὸν
2716 3995 2835 4049 νέον
2868 3996 3090 4054 ἔπαθον.
3123 3999 3390 4069 Καθάπερ
3424 3999 3533 4070 γὰρ
3573 4001 3632 4053 ἐν
3669 4018 3801 4053 κατ-

2205 4083 2392 4156 όπτρῳ
2413 4088 2477 4157 τῇ
2505 4085 2659 4140 τοῦδε
2689 4087 2833 4159 ψυχῇ
2850 4090 3082 4145 εἴδωλόν
3107 4108 3158 4145 τι
3184 4092 3284 4161 τῆς
3312 4092 3550 4162 ἐμαυτοῦ
3574 4093 3801 4163 γνώμης

2209 4174 2334 4229 ίδὼν
2372 4178 2698 4249 φαινόμενον
2730 4181 2907 4253 ἥσθην
2938 4199 3000 4237 τε
3028 4184 3197 4255 αὐτῷ,
3225 4184 3320 4239 καὶ
3354 4186 3444 4239 διὰ
3476 4186 3638 4239 τοῦτο
3671 4187 3799 4240 ἐπόο

2207 4267 2369 4340 θησα,
2403 4272 2496 4324 καὶ
2545 4272 2795 4345 καθάπερ
2831 4275 2989 4329 ἀλλον
3019 4277 3255 4347 ἐμαυτὸν
3287 4278 3388 4347 τὴν
3428 4279 3585 4333 τοῦδε
3621 4282 3802 4350 ψυχὴν

2208 4356 2541 4431 [ἐξεζήτησα
2567 4363 2612 4395 ⁸³
2637 4362 3023 4436 ῆ1ἐξὴσκησα.
3060 4367 3242 4429 Δεινὸς
3269 4367 3370 4437 μὲν
3420 4365 3516 4422 οὖν
3544 4370 3641 4422 καὶ
3667 4372 3800 4439 μνήο

2216 4470 2294 4525 μη
2326 4452 2560 4523 φυλάξαι
2600 4459 2730 4520 πᾶν,
2780 4458 2919 4529 ὅπερ
2978 4458 3045 4512 ἂν
3078 4459 3171 4527 ὐφ’
3230 4459 3461 4530 ἡγεμόνι
3522 4461 3799 4531 πονήσειε.

515 4546 678 4601 quam
708 4530 852 4585 veris
905 4530 1190 4597 corollam,
1246 4532 1330 4585 his
1371 4532 1614 4586 animum
1663 4548 1821 4587 suum
1861 4533 2098 4587 ornavit.

2205 4546 2495 4617 Φιλόσοφος
2530 4548 2628 4619 μὲν
2675 4548 2774 4619 τὴν
2808 4549 3075 4621 γνώμην,
3113 4551 3238 4614 τούς
3288 4550 3345 4603 δέ
3372 4550 3566 4620 λόγους
3594 4530 3654 4604 οὐ
3678 4554 3799 4605 τού-

517 4622 576 4677 Si
604 4622 787 4677 dicere
838 4636 1063 4677 necesse
1113 4620 1299 4687 fuerit,
1333 4637 1403 4678 ne
1445 4623 1676 4692 amplius
1707 4638 1920 4693 quaeras
1944 4625 2100 4695 cujus

513 4716 588 4770 sit
610 4713 780 4783 ﬁlius,
813 4725 868 4771 et
898 4716 964 4770 ad
990 4730 1151 4785 quem
1186 4718 1456 4785 pertineat
1484 4732 1501 4771 :
1531 4716 1613 4772 sic
1644 4718 1874 4789 primam
1916 4717 2107 4788 imagi-

513 4826 636 4866 nem
672 4809 983 4867 accuratius
1029 4824 1192 4880 quam
1238 4809 1418 4880 quivis
1457 4810 1631 4880 pictor
1677 4810 1969 4880 expressit.
1999 4808 2103 4864 Bo-

514 4919 617 4958 nus
669 4903 886 4973 quidem
926 4904 1129 4966 socius,
1174 4903 1219 4957 si
1267 4918 1390 4957 eum
1422 4902 1559 4957 duce
1607 4902 1957 4971 pugnandum
2010 4903 2104 4966 sit,

512 4995 688 5053 bonus
714 4996 880 5051 etiam
906 5010 1002 5050 sua
1038 5007 1250 5067 sponte.
1294 4996 1447 5051 Juste
1480 4996 1646 5067 igitur
1674 5004 1846 5066 poetze
1876 4996 2011 5065 (47),
2046 5006 2103 5050 et

515 5104 637 5143 cum
680 5088 746 5145 iis
793 5088 1035 5159 pictores
1077 5097 1133 5144 et
1187 5089 1407 5145 ﬁctores
1458 5088 1709 5158 Cupidini
1760 5098 2097 5144 senectutem

516 5180 760 5246 demunt,
817 5178 1074 5249 juvenem
1132 5178 1278 5237 hunc
1344 5181 1526 5247 deum,
1596 5191 1652 5236 et
1713 5179 2098 5251 pubescentem

2205 4655 2331 4702 τους
2361 4640 2544 4711 μόνον,
2577 4640 2711 4695 ἀλλά
2736 4643 2830 4696 καὶ
2868 4645 2976 4698 πᾶν
3002 4645 3029 4697 ὃ
3050 4662 3102 4698 τι
3146 4644 3325 4715 βούλει
3364 4645 3475 4697 τῶν
3518 4646 3621 4698 ὅσα
3651 4647 3800 4700 Moa-

2208 4730 2319 4783 σῶν
2349 4749 2411 4786 τε
2460 4736 2555 4787 κα)⁸
2592 4734 2931 4801 Ἀπόλλωνος
2964 4737 3229 4808 λειμῶνες
3262 4736 3520 4809 βρύουσιν
3548 4757 3563 4770 ·
3602 4740 3698 4808 ἀφ’
3726 4735 3798 4792 ὢν

2204 4821 2548 4895 δρεψάμενος
2574 4826 2795 4897 ἀπάσης
2819 4828 3071 4892 παιδείας
3094 4829 3283 4894 λωτὸν,
3316 4826 3429 4883 οἷόν
3451 4849 3577 4884 τινα
3603 4833 3796 4900 στέφα-

2205 4927 2295 4965 νον
2334 4913 2522 4984 ὴρινδν
2561 4916 2662 4987 τὴν
2699 4917 2893 4970 ἐαυτοῦ
2930 4917 3107 4989 ψυχὴν
3150 4919 3545 4991 ἀπείργασται.
3593 4921 3655 4974 Εἰ
3702 4922 3795 4990 μὲν

2205 5001 2318 5074 γὰρ
2348 5002 2528 5073 λέγειν
2549 5006 2817 5077 δεήσειεν,
2848 5008 3032 5063 οὐκέτ’
3064 5008 3130 5063 ἂν
3156 5010 3420 5082 ζητήσαις
3461 5013 3572 5083 ὅτῳ
3592 5013 3639 5045 ³⁸
3671 5015 3791 5074 παῖς

2208 5096 2294 5166 είη
2324 5098 2418 5150 καὶ
2445 5098 2555 5168 ὅτῳ
2577 5099 2856 5171 προσῆκεν
2884 5117 2898 5133 ·
2932 5100 3076 5156 οὐτω
3108 5103 3290 5175 πάσης
3319 5104 3547 5175 Γραφῆς
3574 5104 3790 5175 ἀκριϐέ-

2210 5204 2402 5261 στερον
2420 5190 2518 5263 τὴν
2536 5193 2726 5248 είκόνα
2745 5194 2842 5251 τοῦ
2875 5196 3254 5269 καθηγεμόνος
3282 5198 3615 5270 μεμίμηται.
3635 5199 3792 5266 Ἀγα-

1870 5294 2106 5351 VARle
2166 5297 2578 5363 LECTIONES.

594 5405 641 5441 ⁸⁵
676 5408 878 5480 ἄγοντα
900 5414 963 5467 Α.
1106 5411 1153 5443 ⁸⁸
1185 5409 1336 5478 ξένον
1390 5408 1675 5464 Reiskius:
1709 5409 1880 5476 ξένιον
1916 5429 1976 5476 ς.

2103 5413 2149 5448 ⁸⁷
2173 5415 2423 5472 Κλεινίου

2426 5421 2708 5496 λῃιειίηιλ
2741 5422 2834 5477 τοῦ
2887 5425 3162 5480 Κλεινίου.
3210 5426 3283 5481 cf.
3315 5442 3369 5496 p.
3433 5424 3502 5481 R.
3550 5426 3704 5490 “37,
3732 5425 3782 5480 9.

515 5479 849 5570 i‘?93‘-.°'“;
868 5484 932 5540 A-
975 5482 1574 5570 ἐῖβέπιλλάμεξοξρβὲί
1613 5481 1982 5570 _’_'.‘E“P"l?°,‘3
2014 5482 2119 5566 ίὲοο
2156 5486 2321 5570 θεέρας
2346 5479 2649 5570 arma“;
2682 5493 2744 5550 Β-
2820 5496 2866 5528 ⁹¹
2895 5496 3005 5551 τῶν
3030 5479 3331 5553 mvth
3361 5479 3428 5553 C-
3489 5479 3787 5570 “sepem

514 5551 788 5624 διαφόροις
811 5555 872 5609 C.
975 5555 1022 5588 ”
1044 5552 1347 5624 ἐξήσκησα]
1380 5551 1674 5618 ἐξεκάκισα
1701 5552 1765 5609 C.

1863 5552 1907 5592 ’δ
1932 5552 2189 5627 ζητῆσαι]
2218 5552 2342 5612 ὅτου
2371 5552 2441 5615 Ᾱ.

2032 5670 2271 5732 NOTAE.

2032 5670 2076 5724 N
2130 5669 2173 5724 T

592 5761 705 5836 (dij)
739 5760 898 5836 Plato
944 5762 996 5817 in
1046 5762 1295 5836 Plawdro,
1324 5764 1409 5819 vel
1443 5765 1686 5836 Sympos.
1724 5763 1923 5823 Alciat.
1956 5669 2246 5821 Embamf5

592 5827 705 5901 (Π)
736 5834 1091 5891 Philostratus
1120 5845 1174 5893 et
1201 5827 1491 5906 Gyt'a'idus.
