4104 6410
327 374 464 438 1357

1400 372 1926 437 BIBLIOTHECA.
1945 396 2014 405 --
2044 370 2206 435 COD.
2248 372 2532 433 CCXLI”
2544 420 2555 431 .

3454 378 3591 443 1358

321 487 412 551 θὸς
442 487 543 558 μὲν
569 490 1065 560 συμπαραστάτης,
1104 487 1155 541 εί
1185 504 1289 542 που
1320 486 1432 541 δέοι
1458 488 1538 559 τῷ
1564 485 1898 556 καθηγεμόνι

2009 471 2235 554 iiiigiini,
2254 482 2497 540 fraudem
2534 484 2676 542 illius
2697 494 2857 543 aetate
2886 488 3110 558 iuvenili
3138 489 3337 561 369a
3374 490 3602 548 demon-

320 580 810 649 συναγωνίζεσθαι,
845 582 1046 650 ἀγαθὸς
1080 580 1138 634 δὲ
1167 581 1261 635 καὶ
1305 578 1767 650 αὐτοπροσώπως.
1816 580 1907 630 Δι-

322 674 489 736 ιιαίως
533 673 643 742 ἄρα
686 675 734 727 οἱ
766 673 1016 746 ποιηταὶ,
1056 672 1153 726 καὶ
1198 671 1317 742 μετ’
1357 671 1535 725 αὐτῶν
1576 670 1808 741 γραφεῖς
1847 686 1907 722 τε

319 764 412 817 καὶ
447 766 708 831 πλάσται,
762 768 1005 838 Ἔρωτος
1064 766 1245 838 γῆρας
1272 764 1737 841 *ἀποσυλήσαντες
1788 762 1908 816 νέον

314 856 531 909 ποιοῦσι
560 856 651 910 τὸν
671 857 803 911 Θεὸν
836 858 1025 911 τοῦτον
1052 859 1148 910 καὶ
1168 857 1394 928 ἔφηϐον,
1426 856 1496 910 τὰ
1522 857 1621 927 τῆς
1648 855 1909 921 ἀπιστίας

313 947 483 1001 αὑτοῦ
526 948 604 1018 τῷ
649 948 832 1021 νεαρῷ
865 950 909 981 νδ
944 950 1044 1020 τῆς
1076 949 1294 1021 ἡλικίας
1344 948 1700 1018 ἐμφαίνοντες
1738 950 1805 1004 ’⁸.
1837 943 1910 1004 Ὦ

312 1040 568 1094 τοσοῦτον
604 1041 835 1112 ἰσχύσας
871 1045 984 1104 τοῖς
1011 1042 1212 1111 λόγοις,
1244 1042 1369 1095 ὅσον
1397 1042 1492 1095 καὶ
1524 1042 1619 1094 τὸν
1640 1040 1910 1096 Θετταλὸν

313 1130 500 1184 ἀκούω
532 1131 736 1185 Κινέαν
763 1132 833 1196 ⁸⁷,
873 1132 935 1187 ὅς
964 1132 1062 1185 σῦν
1097 1130 1312 1203 βασιλεῖ
1347 1131 1552 1203 Πύρρῳ
1593 1131 1696 1201 γῆν
1735 1128 1908 1183 ἐπιὼν

312 1220 498 1272 πᾶσαν
529 1222 625 1272 καὶ
663 1219 940 1274 θάλασσαν
969 1222 1075 1293 πρὸ
1101 1222 1211 1274 τῶν
1244 1221 1654 1293 μηχανημάτων
1675 1223 1789 1285 τοῖς
1820 1220 1907 1273 λό-

311 1327 430 1380 γοις
456 1309 553 1373 τὰς
582 1310 767 1374 πόλεις
803 1311 1031 1367 ἔκλινεν.
1056 1314 1131 1367 Οὐ
1164 1314 1276 1385 γὰρ
1296 1314 1458 1377 αὐτός
1499 1330 1562 1382 γε
1600 1313 1792 1366 τούτου
1827 1314 1904 1366 δι-

309 1402 670 1467 δάσκαλος,οὺ
691 1404 767 1473 μὰ
795 1406 919 1467 τοὺς
949 1405 1273 1476 ὑμετέρους,
1307 1398 1353 1459 ὧ
1379 1404 1551 1473 λόγοι,
1584 1404 1808 1471 πόθους,
1836 1404 1905 1459 δι’

2016 583 2278 629 strantes.
2308 573 2354 629 0
2381 576 2473 645 qui
2502 584 2708 630 tantum
2733 576 2912 647 lingua
2942 580 3112 646 vales,
3148 589 3411 650 quantum
3441 584 3602 638 audio

2015 666 2236 722 Cineam
2271 667 2590 724 Thessalum
2624 669 2761 740 (48),
2790 671 2881 739 qui
2910 686 3032 725 cum
3073 687 3200 743 rege
3230 672 3442 744 Pyrrho
3479 690 3598 727 oin-

2016 775 2138 815 nem
2187 769 2386 816 terram
2430 770 2485 817 et
2534 777 2682 817 mare
2725 777 2977 819 etnensus
3017 780 3123 819 non
3168 767 3456 829 machinis,
3506 767 3601 821 sed

2013 854 2263 910 oratione
2289 856 2451 910 urbes
2477 856 2659 911 evicit.
2691 854 2810 910 Non
2841 856 2983 912 enim
3033 858 3123 912 ille
3152 857 3313 927 huius
3344 860 3600 928 magister

2009 960 2108 1015 per
2137 956 2370 1013 vestros,
2406 962 2441 1002 ο
2464 962 2767 1014 sermones,
2797 963 3033 1015 amores,
3069 959 3291 1019 propter
3319 966 3455 1019 quos
3498 966 3601 1021 ego

2006 1037 2194 1093 beatas
2220 1046 2470 1107 paternas
2513 1038 2777 1108 abjiciens
2801 1055 2952 1109 opes,
2971 1040 3127 1109 juxta
3188 1051 3431 1097 secretas
3457 1041 3600 1097 llissi

2007 1132 2154 1203 ripas
2213 1134 2475 1190 habitavi.
2539 1136 2853 1193 Alexander
2901 1138 3070 1194 totius
3122 1138 3307 1193 mundi
3360 1138 3597 1207 partium

2009 1224 2230 1292 tropzeis
2260 1225 2484 1293 potitus.
2505 1224 2640 1279 Tum
2668 1228 2816 1280 enim
2850 1241 2881 1281 e
2906 1226 3134 1281 meridie
3164 1224 3389 1282 conﬂuit
3413 1234 3599 1290 aestas,

2011 1331 2207 1371 aurora
2257 1318 2471 1385 mitigat
2514 1318 2704 1385 solem,
2740 1327 2796 1375 et
2840 1319 3016 1376 elatos
3067 1320 3120 1374 in
3155 1334 3374 1389 proram
3406 1316 3600 1372 ilnctus

2014 1407 2207 1463 dividit
2231 1408 2500 1480 Zephyro.
2912 1448 2915 1449 ν

310 1496 405 1559 οὓς
433 1496 544 1566 ἐγὼ
574 1497 841 1568 πατρικὸν
864 1498 1021 1552 ὄλὸον
1056 1498 1220 1571 ῥίψας
1247 1500 1544 1568 εὐδαίμονα
1573 1500 1704 1571 παρ’
1771 1499 1997 1554 Ἰλισσοῦ
2034 1502 2080 1534 ⁸⁸
2147 1506 2440 1573 μυστικαῖς
2493 1503 2685 1574 ὄχθαις
2766 1504 3098 1575 ἐσκήνημαι.
3145 1501 3496 1573 Ἀλέξανδρος
3565 1500 3598 1553 ὅ

308 1592 421 1655 τοῖς
447 1590 731 1659 τροπαίοις
773 1590 924 1661 ὅροις
958 1591 1055 1658 τῆς
1088 1591 1219 1661 ὅλης
1247 1592 1292 1623 ⁹⁹
1323 1589 1695 1662 χρησάμενος.
1729 1589 1802 1642 Τό
1835 1607 1896 1643 τε
1935 1590 2044 1662 γὰρ
2078 1593 2177 1663 τῆς
2212 1594 2563 1665 μεσημϐρίας
2594 1595 2825 1667 ὑπορρεῖ
2852 1595 2995 1661 ζέον,
3033 1593 3179 1665 αῦρα
3240 1611 3297 1649 τε
3363 1595 3599 1665 πραΰνει

308 1684 399 1737 τὸν
426 1682 612 1752 ἥλιον,
652 1683 748 1733 καὶ
776 1681 957 1750 σχίσαι
991 1681 1219 1752 Ζεφύρῳ
1247 1680 1598 1752 πορφύροντα
1628 1681 1758 1750 περὶ
1788 1679 1887 1751 τὴν
1925 1680 2152 1754 πρῶραν
2174 1685 2244 1738 τὰ
2268 1683 2507 1755 κύματα.

308 1773 331 1848 [
353 1771 481 1827 “Si
623 1770 681 1848 ]_
704 1771 806 1848 Ἐκ
826 1771 957 1848 τῆς
993 1771 1148 1848 πρὸς
1161 1772 1322 1848 τοὺς
1361 1773 1646 1848 ἑταίρους.
1675 1787 1898 1848 συντα-

2075 1773 2157 1829 Em
2208 1780 2446 1832 oratione
2483 1778 2555 1832 ad
2588 1777 2775 1848 Socios
2808 1780 2934 1833 dum
2971 1781 3069 1834 iret
3098 1778 3426 1834 Corinthum.
3452 1809 3523 1821 —

376 1841 747 1911 κτικῆς,“ότε
781 1842 945 1911 ἐξῄει
981 1843 1081 1895 ἐπὶ
1122 1844 1431 1911 Κόρινθον.
1469 1872 1542 1883 -—
1584 1843 1655 1897 Τὸ
1692 1843 1895 1911 προοί-

372 1930 533 1981 μιον.

378 2003 442 2054 Οἱ
488 2000 657 2054 πάλαι
703 2000 802 2072 τὴν
847 1999 1020 2072 λύραν
1050 1998 1375 2070 κάμνοντες,
1409 1998 1464 2052 εί
1498 2016 1629 2052 ποτε
1661 2000 1764 2069 γῆν
1798 1998 1898 2052 ἐπ’

306 2095 472 2164 ἄλλην
490 2094 774 2159 ἔσπευδον,
790 2093 891 2146 οὐκ
912 2093 1187 2162 ἄφθογγον
1208 2094 1306 2162 τὴν
1327 2090 1895 2162 ἀποδημίαν,ὲποίουν,

305 2190 422 2242 ἀλλ’
459 2190 569 2261 ᾠδῇ
609 2187 703 2241 καὶ
748 2184 901 2258 μέλει
942 2185 1036 2239 τὸν
1074 2184 1232 2256 χορὸν
1274 2185 1365 2240 τὸν
1398 2183 1607 2237 ἑαυτῶν
1635 2184 1895 2256 ἀπησπά-

305 2282 487 2346 ζοντο.

426 2375 524 2428 Ἐκ
562 2371 680 2428 τῶν
716 2372 1088 2435 ὑπολοίπων,
1128 2370 1429 2439 διαφόρων
1467 2369 1657 2423 ὄντων
1692 2368 1792 2423 καί

593 2444 916 2512 διαφόρους
953 2443 1220 2509 ἐχόντων
1250 2439 1602 2505 ὑποθέσεις.

377 2536 501 2610 [601
541 2534 636 2609 Η.]
681 2534 793 2597 Τὰς
829 2532 1092 2603 βασιλέως
1145 2532 1313 2596 αὐλὰς
1344 2531 1441 2585 καὶ
1473 2530 1684 2602 χρυσῆν
1725 2531 1896 2602 τύχην

304 2630 640 2700 ὑπόπτερον.
672 2628 745 2681 Οὐ
780 2626 892 2697 γὰρ
922 2624 1207 2697 ἀφῃρέθης
1240 2625 1341 2693 τὴν
1373 2624 1569 2695 ἀρχὴν,
1604 2624 1720 2677 ἀλλ’
1754 2625 1896 2676 ἑκὼν

305 2719 562 2793 ἔρριψας,
581 2717 771 2787 ὥσπερ
794 2734 879 2780 τις
911 2716 1230 2786 ὑπερόπτης
1270 2715 1413 2767 κατὰ
1442 2715 1710 2769 παιδικῶν
1732 2716 1748 2746 ¹
1769 2731 1898 2785 τρυε-

305 2815 480 2883 φῆσαι
507 2811 829 2883 βουλόμενος
868 2809 965 2880 τὴν
994 2810 1200 2880 χρυσῆν
1232 2808 1412 2880 κόμην
1435 2809 1604 2879 ῥόδων
1648 2808 1896 2877 στεφάνῳ

306 2905 682 2978 πορφύροντιῑ
729 2903 890 2958 Ἀλλὰ
924 2904 1007 2967 τίς
1049 2902 1258 2956 τούτων
1307 2907 1340 2972 ὴ
1364 2903 1557 2973 χάριςς
1591 2900 1741 2972 Φυγὴ
1798 2902 1895 2955 καὶ

303 2998 549 3070 δρασμὸς
577 2999 669 3050 καὶ
695 2995 968 3067 τοσαύτης
1012 2995 1198 3065 φιλίας
1229 2996 1478 3068 ἄρνησις.
1498 2995 1756 3064 Ἐνίκησα
1798 2993 1896 3065 μὲν

304 3091 412 3145 ὑπὸ
448 3091 531 3143 σοὶ
569 3091 727 3161 κριτῇ
761 3089 904 3143 κατὰ
932 3088 1032 3159 τὴν
1079 3087 1300 3159 θερινὴν
1336 3087 1485 3158 ὤραν
1522 3088 1617 3139 τόν
1649 3086 1895 3154 τέττιγα,

2656 1847 3001 1904 Prooemium.
3040 1918 3050 1929 .

2070 2005 2295 2061 Veteres
2328 2006 2498 2079 lyram
2524 2005 2871 2072 fabricantes,
2901 2006 2945 2060 si
2971 2005 3251 2076 quandoin
3282 2006 3442 2060 aliam
3482 2017 3593 2062 ter-

2000 2114 2111 2152 rain
2170 2108 2540 2168 properarent,
2599 2098 3092 2169 peregrinationem
3148 2112 3253 2153 non
3307 2109 3590 2154 vacantem

1998 2189 2201 2246 Musica
2243 2189 2533 2255 faciebant;
2591 2205 2689 2245 seu
2747 2197 2933 2256 cantu,
2970 2198 3025 2246 et
3084 2190 3327 2246 carmine
3361 2190 3591 2247 chorum

1998 2298 2161 2337 suum
2193 2283 2562 2338 retinuerunt.

2033 2372 2115 2428 E1:
2144 2375 2476 2429 orationibus
2512 2373 2731 2447 reliquis
2774 2375 2997 2429 diversis
3030 2374 3356 2429 diversorum
3391 2388 3557 2443 argu-

2695 2459 3013 2500 memorum.

2058 2533 2104 2591 0
2128 2534 2304 2589 aulam
2336 2536 2566 2606 regiam,
2605 2544 2661 2591 et
2687 2536 2958 2592 fortunam
2995 2538 3112 2593 auri
3143 2538 3370 2593 alatam!
3396 2535 3511 2591 Non
3542 2535 3593 2589 vi

1995 2641 2029 2682 e
2062 2642 2229 2696 regno
2257 2628 2463 2696 ejectns
2494 2643 2575 2693 es,
2616 2629 2709 2682 sed
2739 2630 2969 2683 libenter
2990 2630 3263 2696 excidisti,
3297 2643 3400 2683 non
3428 2641 3593 2684 secus

1996 2732 2163 2789 quam
2179 2719 2227 2773 si
2245 2720 2511 2789 superbus
2523 2721 2645 2789 quis
2660 2720 2712 2773 in
2734 2721 3035 2790 puerilibus
3053 2721 3381 2790 voluptatem
3397 2733 3597 2789 capere

1997 2812 2367 2867 contenderet.
2398 2812 2634 2866 Auream
2677 2814 2955 2868 cresariem
3004 2811 3325 2881 permutasti
3366 2811 3597 2866 rubente

1999 2917 2199 2957 corona
2229 2918 2503 2958 rosarum.
2539 2901 2648 2958 Sed
2689 2918 2938 2973 quamam
2984 2904 3172 2959 horum
3202 2903 3374 2971 gratia
3410 2908 3598 2970 repen'

1998 2994 2146 3048 ditur
2180 2994 2305 3062 fuga
2338 3005 2393 3049 et
2422 3010 2619 3051 cursus
2640 3036 2654 3060 ,
2686 3005 2740 3050 et
2773 3004 2933 3049 tanta:
2963 2994 3217 3050 amicitiae
3243 2992 3595 3048 renuntiatio.

2009 3085 2144 3153 Vici,
2182 3097 2235 3144 te
2260 3088 2468 3159 judice,
2504 3090 2713 3144 aestatis
2767 3097 3010 3159 tempore
3049 3087 3315 3154 cicadam,
3356 3085 3598 3141 minatus

306 3182 585 3253 ἠπείλησα
618 3181 674 3234 δὲ
704 3179 799 3234 καὶ
829 3183 950 3243 ταῖς
982 3180 1172 3249 ἁηδόσι
1204 3181 1325 3242 ταῖς
1359 3179 1649 3241 Ἀττικαῖς,
1687 3176 1742 3230 εῐ
1768 3176 1898 3230 ποτέ

2004 3178 2168 3231 etiam
2191 3193 2309 3232 sum
2340 3179 2651 3245 philomelis
2680 3178 2898 3242 Atticis,
2931 3178 2976 3233 si
3021 3177 3237 3248 quando
3267 3175 3399 3230 mihi
3430 3175 3595 3230 etiam

310 3291 406 3346 μοι
433 3275 530 3328 καὶ
563 3273 806 3326 Ἀττικὸν
840 3272 1044 3345 πήξαιο
1076 3271 1327 3344 θέατρον,
1365 3268 1535 3341 μῦθον
1581 3268 1753 3331 ὅντως
1800 3267 1900 3331 τὰς

307 3367 537 3421 ἐκείνων
566 3364 813 3435 γλώττας
840 3368 959 3426 ταῖς
985 3362 1077 3416 ἐπὶ
1107 3364 1188 3415 σοι
1220 3363 1426 3432 φωναῖς
1452 3358 1895 3432 ἀπεργάσασθαι.

307 3453 379 3509 Ὦ
432 3458 528 3510 καὶ
575 3454 712 3509 τοῦ¹
748 3453 947 3508 σαυτοῦ
992 3454 1184 3523 γένους
1232 3454 1391 3524 ὄμμα
1440 3453 1775 3523 φανότατον,
1803 3452 1899 3504 καὶ

309 3548 505 3600 ταυτὸν
533 3545 610 3617 τῷ
638 3547 783 3614 γένει
817 3547 1131 3617 γενόμενος,
1171 3546 1306 3617 ὅπερ
1337 3546 1431 3599 καὶ
1462 3546 1546 3598 σοὶ
1577 3544 1839 3606 πολλάκις
1870 3544 1899 3596 ό

308 3638 611 3708 προπάτωρ
640 3636 812 3707 ἥλιος.
848 3638 958 3708 Τῆς
987 3639 1098 3709 γὰρ
1126 3637 1420 3707 συνωρίδος
1459 3635 1665 3705 ταύτης
1701 3636 1766 3705 δὴ
1798 3637 1897 3706 τῆς

309 3725 482 3797 καλῆς
511 3728 539 3779 ό
574 3729 674 3796 μὲν
704 3726 1103 3795 καταυγάζοντι
1127 3728 1254 3789 τοὺς
1281 3725 1551 3796 μεγάλους
1577 3725 1799 3795 θρόνους
1822 3725 1895 3790 ὣς

308 3835 391 3881 τις
422 3819 700 3888 ἑωσφόρος
734 3819 1061 3889 συνανέσχεν
1099 3818 1342 3889 ὄρθριος,
1370 3820 1491 3880 ταῖς
1519 3817 1684 3871 αὑτοῦ
1716 3817 1897 3886 βολαῖς

309 3912 408 3974 τὰς
456 3911 556 3975 σὰς
588 3911 810 3974 ἀκτῖνας
861 3910 1200 3982 μιμούμενος
1223 3927 1238 3944 ο
1295 3913 1324 3965 ὁ
1353 3912 1431 3975 δὲ,
1469 3911 1571 3982 τῆς
1607 3911 1717 3964 τῶν
1762 3910 1899 3963 νέων

312 4006 515 4075 ἀγέλης
563 4005 863 4076 ὲκλόιμπων
911 4005 1164 4077 καθάπερ
1211 4023 1295 4070 τις
1342 4005 1543 4074 ταῦρος
1586 4003 1896 4074 ἀγελάρχης

307 4100 613 4171 ἀγέρωχος.
643 4100 935 4170 ἐσκίρτησε
968 4100 1067 4170 μὲν
1101 4101 1244 4153 κατὰ
1274 4100 1401 4164 τοὺς
1434 4099 1668 4153 Μουσῶν
1691 4098 1893 4167 λειμῶ-

307 4209 401 4254 νας
425 4191 616 4262 ὥσπερ
636 4209 718 4257 τις
743 4190 921 4254 πῶλος
952 4193 1204 4263 ὑψαύχην
1235 4192 1331 4245 καὶ
1359 4191 1560 4256 ἔνθεος,
1584 4190 1896 4262 ἐμιμήσατο

304 4281 361 4336 δὲ
392 4284 487 4336 καὶ
518 4283 611 4336 τὸν
650 4283 951 4355 ὐμηρικδν
981 4284 1267 4338 νεανίσκον
1293 4282 1384 4335 τὸν
1404 4281 1643 4347 Θέτιδος,
1670 4282 1766 4333 καὶ
1791 4281 1895 4351 μύ-

307 4372 414 4427 θων
434 4373 631 4441 ρητὴρ
658 4374 883 4443 ἀγαθός
910 4374 1005 4426 καὶ
1032 4372 1307 4441 πρηκτὴρ
1325 4371 1347 4403 ⁸
1375 4372 1565 4442 ἔργων
1583 4373 1891 4442 γενόμενος.

2004 3269 2241 3324 Atticum
2278 3270 2553 3325 theatrum
2595 3270 2877 3333 statueris,
2923 3283 3011 3323 me
3052 3268 3277 3324 omnino
3317 3268 3420 3322 hac
3468 3280 3600 3322 voce

2003 3357 2320 3413 cllecturnm
2354 3374 2524 3430 penes
2556 3370 2630 3423 te,
2663 3371 2713 3415 ut
2742 3375 2930 3415 eorum
2977 3360 3175 3430 lingua:
3210 3360 3382 3414 instar
3405 3357 3600 3413 fabulae

2003 3452 2131 3508 sint.
2188 3451 2340 3508 0ιυί
2394 3454 2702 3508 stemmatis
2752 3454 2934 3507 lumen
2984 3452 3385 3517 clarissimum,
3439 3450 3601 3518 idque

2000 3558 2144 3613 saepe
2167 3547 2350 3613 generi
2379 3558 2470 3601 tuo
2495 3546 2773 3609 exstitisti,
2807 3547 2951 3616 quod
2985 3547 3184 3616 saepius
3211 3558 3345 3599 avus
3371 3543 3463 3598 tibi
3497 3540 3599 3595 sol.

2005 3629 2219 3686 Etenim
2253 3645 2321 3685 ex
2381 3632 2484 3686 hac
2526 3631 2757 3700 pulchra
2801 3632 3203 3699 conjunctione,
3254 3632 3342 3687 hic
3380 3630 3599 3701 quidem

2000 3722 2224 3778 altiores
2252 3721 2738 3787 sedesillustranti,
2771 3724 2929 3793 quasi
2956 3726 3258 3779 matutinus
3294 3725 3494 3793 aliquis
3518 3725 3601 3778 lu-

1999 3815 2138 3870 cifer
2162 3820 2529 3880 consurrexit,
2569 3817 2683 3872 suis
2713 3817 3222 3886 repercussionibus
3261 3817 3440 3871 radios
3468 3832 3599 3872 suos

2001 3906 2268 3963 imitatus.
2303 3908 2396 3962 Ille
2416 3921 2548 3962 vero
2567 3908 2828 3978 juvenum
2846 3918 3047 3965 coetum
3071 3908 3372 3972 illustrans.
3396 3919 3454 3964 ul
3492 3918 3603 3963 tau'

2002 4014 2099 4054 rus
2149 3999 2348 4069 aliquis
2402 4000 2619 4064 ductor,
2679 4001 2912 4055 armenti
2963 4001 3233 4069 petulcus,
3280 4000 3599 4055 lasciviitin

2000 4092 2276 4147 Musarum
2307 4091 2497 4161 pratis,
2533 4101 2590 4144 ut
2616 4090 2793 4161 pullus
2826 4092 3123 4156 lunaticus,
3161 4100 3218 4146 et
3238 4093 3461 4146 numine
3486 4093 3603 4161 ple-

2000 4201 2123 4249 nus,
2175 4194 2231 4239 et
2262 4182 2608 4239 Homericum
2642 4184 2894 4253 juvenem
2952 4184 3198 4240 Thetidis
3252 4184 3595 4256 (Achilles)

2000 4279 2192 4344 lilium,
2225 4288 2280 4332 et
2317 4278 2432 4332 haec
2456 4279 2641 4340 verba,
2664 4276 2843 4332 Bonus
2881 4289 3065 4331 orator
3103 4287 3353 4345 actorque
3381 4292 3592 4342 rerum,

2000 4372 2247 4426 imitatus
2270 4382 2374 4427 εει.
2406 4369 2461 4425 Si
2494 4371 2560 4425 ad
2581 4379 2667 4426 me
2693 4381 2972 4441 poetarum
3014 4369 3228 4425 licentia
3275 4370 3594 4439 pertineret,

306 4465 369 4518 Εἰ
396 4466 453 4518 δέ
484 4483 575 4535 μοι
610 4465 705 4519 καὶ
733 4466 831 4536 τῆς
860 4464 1099 4536 ποιητῶν
1126 4465 1374 4529 ἐξουσίας
1406 4464 1596 4534 μετῆν,
1622 4463 1797 4528 ἔδειξα
1828 4463 1895 4517 ἄν

2002 4466 2356 4520 ostendissem
2378 4465 2471 4519 tibi
2495 4474 2549 4519 et
2565 4464 2781 4519 llissum
2802 4466 2945 4519 hunc
2965 4465 3376 4535 lacrymantem,
3395 4462 3592 4534 369b

307 4573 389 4609 σοι
419 4557 514 4609 καὶ
546 4554 769 4608 Ἰλισσὸν
796 4555 983 4608 τοῦτον
1017 4554 1319 4624 δακρύοντα
1340 4592 1354 4617 ,
1386 4552 1601 4623 ἔχρωσα
1635 4552 1677 4604 δ’
1700 4551 1766 4605 ἂν
1796 4550 1889 4603 καὶ

2002 4555 2353 4622 ,li-pinxissein
2404 4557 2549 4611 tristi
2580 4556 2764 4612 colore
2802 4556 3085 4626 pulchram
3116 4554 3448 4611 Callirrhoes
3480 4570 3583 4607 un-

304 4648 542 4714 κατηφεί
568 4645 818 4717 χρώματι
836 4646 904 4699 τὰ
926 4645 1067 4699 καλὰ
1100 4644 1440 4715 Καλλιρρόης
1472 4644 1707 4713 νάματα.
1740 4643 1889 4711 Πέμ-

304 4753 399 4789 ποι
434 4737 533 4807 μέν
568 4754 627 4789 σε
674 4736 788 4790 Πὰν
822 4736 1046 4801 ὲνόδιος,
1084 4738 1362 4806 πομπαῖον
1389 4736 1483 4788 καὶ
1510 4735 1682 4804 γλυκὺ
1715 4751 1886 4806 προσ-

1988 4649 2133 4702 dam.
2166 4647 2421 4703 Trivialis
2455 4646 2566 4701 Pan
2602 4659 2653 4704 te
2695 4660 3041 4704 evocatorem
3074 4649 3404 4712 animarum,
3433 4647 3590 4701 dulie

1990 4740 2166 4794 iistula
2190 4755 2411 4795 cannea
2458 4756 2754 4811 personans
2787 4742 3103 4796 deduceret.
3139 4740 3322 4796 Venus
3347 4756 3508 4807 vero,
3536 4746 3593 4795 et

304 4829 455 4899 ηχῶν
488 4828 647 4898 μέλος
679 4833 747 4900 τῇ
779 4829 1033 4899 σύριγγι·
1078 4827 1365 4899 Ἀφροδίτη
1394 4827 1452 4879 δὲ
1482 4828 1575 4880 καὶ
1605 4828 1655 4879 oi
1681 4826 1886 4895 ταύτης

2005 4833 2146 4901 iujus
2186 4833 2279 4887 lilii
2311 4833 2626 4904 Cupidines,
2665 4835 2920 4889 desiderii
2947 4834 3042 4889 tihi
3067 4834 3360 4891 miscentes
3374 4843 3589 4902 potum,

305 4919 766 4990 παῖδεςἚρωτες,
793 4919 959 4973 πόθου
987 4919 1241 4991 κρατῆρα
1267 4920 1624 4989 κεράσαντες,
1664 4921 1756 4972 σοῦ
1788 4918 1888 4990 τῆς

303 5009 427 5065 ὀδοῦ
464 5011 930 5082 προπομπεύοιεν.

411 5103 908 5170 Προπειιπτηρίου
944 5102 1152 5172 λόγου.
1186 5130 1260 5144 -—
1292 5106 1336 5157 Τ
1332 5103 1363 5158 ὸ
1400 5105 1717 5174 Προοίμιον
1735 5106 1779 5159 ⁵.

392 5192 449 5245 ὐ
477 5192 570 5246 τοῦ
600 5194 720 5258 Διὸς
752 5197 877 5259 παῖς
914 5194 1257 5267 Ἀλέξανδρος
1279 5195 1566 5265 (συνάπτει
1595 5198 1704 5270 γὰρ
1727 5199 1889 5252 αὐτὸν

305 5284 519 5357 οὐρανῷ
542 5288 635 5340 καὶ
657 5287 742 5340 Διὶ
767 5287 829 5340 τὸ
854 5287 989 5342 πολὺ
1013 5286 1167 5352 κλέος
1196 5287 1319 5341 καθ’
1337 5288 1626 5361 Ἕλληνας)
1653 5292 1733 5345 ὅτι
1758 5291 1899 5361 πλη-

1996 4922 2141 4976 viam
2167 4932 2314 4978 luant
2349 4923 2648 4979 honoriﬁce
2673 4924 3088 4980 comitarentur.

2170 5106 2254 5161 Ex
2285 5107 2524 5160 oratione
2571 5107 2947 5176 propemptica.
2981 5137 3049 5149 -—
3072 5106 3415 5162 Prooemium.

2066 5200 2372 5256 Alexander
2398 5200 2539 5255 illius
2576 5200 2724 5255 Jovis
2748 5201 3045 5271 (comparat
3084 5202 3227 5257 enim
3260 5202 3407 5257 illum
3448 5202 3589 5258 caalo

2008 5301 2061 5347 et
2086 5290 2205 5347 ,Ιονί
2236 5306 2417 5346 rerum
2441 5301 2717 5361 gestarum
2736 5303 2926 5348 contra
2962 5292 3181 5349 Graecos
3213 5294 3430 5367 gloria),
3460 5311 3583 5350 cum

1594 5453 1825 5510 VARUE
1865 5454 2162 5511 LECTION
2168 5454 2273 5511 ES.

379 5571 425 5603 "
460 5568 530 5641 τὰ
560 5570 732 5641 νεαρᾶ
763 5570 828 5626 C.

309 5640 330 5673 ³
373 5640 517 5695 κατὰ
535 5640 642 5695 τῶν
666 5640 732 5695 π.
763 5659 825 5707 ς.

901 5569 1252 5645 τ’ςφαίνοντες
1283 5565 1347 5625 C.
1402 5571 1468 5645 _”
1499 5571 1619 5624 libri
1639 5573 1886 5645 Axtwéav.
1964 5575 2010 5607 ’⁸
2040 5572 2208 5627 ἰλισοῦ
2239 5572 2306 5627 Α.
2383 5573 2544 5645 "sic
2565 5574 2693 5645 ὅλης
2722 5573 2783 5640 Β,
2812 5574 2925 5637 τοῖς
2952 5572 3087 5629 ὅλων
3106 5572 3147 5629 C
3187 5592 3200 5630 :
3230 5576 3339 5638 τοῖς
3365 5574 3491 5645 ὅλης
3518 5588 3581 5639 ς.

904 5643 926 5673 ¹
952 5638 1047 5694 τοῦ
1072 5641 1118 5694 A
1143 5655 1156 5693 :
1177 5638 1234 5691 τὸ
1262 5653 1322 5700 ς.
1399 5640 1420 5671 ³
1449 5643 1702 5714 πρακτὴρ
1731 5660 1793 5708 ς.
1868 5645 1889 5675 ’⁸
1914 5646 2197 5716 προοίμιον
2229 5660 2396 5713 προπ.
2429 5638 2584 5712 λόγου
2629 5638 2695 5699 Ᾱ.

1826 5738 2061 5795 ΝΟΤᾹῧ.

383 5830 503 5905 (ιδ)
563 5832 761 5891 Cineas
837 5832 1142 5905 l‘hessalus,
1203 5835 1586 5893 Demosthenis
1658 5837 1893 5892 auditor.
1938 5834 2214 5892 Plutarch.
2250 5834 2302 5889 in
2337 5830 2562 5906 Pyrrho.
