4104 6396
301 405 431 471 1361

1377 419 1901 484 BlBLIOTHECA.
1922 448 1991 461 -
2011 425 2179 485 COD.
2209 425 2518 487 CCXLIII.

3411 427 3549 493 1362

294 518 464 583 ὅντως
516 521 777 595 ἀδικήσας
834 524 1185 595 αἰσθάνομαι,
1240 526 1367 590 τοὺς
1415 531 1544 593 σοὺς
1598 531 1901 602 ὑπεριδὼν,

2005 533 2082 588 loc
2112 533 2323 605 Ephyra
2348 536 2553 600 attulit,
2576 536 2702 591 urbs
2730 550 2836 592 non
2862 538 3034 592 solum
3059 539 3124 594 ad
3143 540 3550 597 admirationem

296 608 529 678 ἔρωτας,
557 615 759 684 ἐραστῇ
814 613 984 669 θέλων
1031 614 1244 686 ἀπίστῳ
1292 617 1469 670 πάντα
1516 619 1867 689 χαρίσασθαι.

311 703 473 756 Ἀλλὰ
506 706 701 774 μικροῦ
729 705 808 776 τῷ
836 708 986 778 νόμῳ
1013 708 1090 777 τῷ
1121 708 1471 778 περὶτούτων
1491 712 1774 781 ἑπόμενος,
1792 716 1871 778 εἰς

298 796 572 866 ἀκοσμίαν
623 797 713 850 τὸν
759 797 914 866 λόγον
953 797 1187 869 ἔτρεψα,
1220 800 1394 853 καίτοι
1436 818 1527 870 μοι
1576 801 1683 855 τῶν
1732 801 1872 856 θεῶν

298 888 650 957 πληρούντων
679 889 771 942 τὸν
799 890 963 943 πόθον
985 907 999 920 ·
1039 891 1201 945 πάλιν
1248 892 1359 963 γὰρ
1404 893 1681 962 σκῆπτρα,
1710 894 1874 950 πάλιν

299 980 401 1049 τῆς
433 981 591 1053 δίκης
613 983 661 1035 οί
690 983 884 1053 θρόνοι.
905 984 1104 1039 Τοῦτον
1130 985 1340 1056 Ἐφύρα
1368 987 1465 1055 μὲν
1485 988 1704 1057 ἤνεγκε,
1722 989 1874 1053 πόλις

298 1073 363 1124 οὐ
384 1072 542 1142 μόνον
560 1074 1014 1146 καλλωπιζομένη
1033 1076 1223 1147 μύθοις
1248 1079 1385 1148 πρὸς
1399 1079 1461 1132 τὸ
1478 1079 1875 1149 θαυμάζεσθαι,

294 1159 392 1218 οἷα
416 1165 525 1219 τών
560 1166 879 1237 Ἐλληνίδων
904 1170 960 1222 αἱ
989 1170 1258 1237 πλείονες,
1291 1170 1407 1225 ἀλλ’
1422 1170 1688 1241 ὀφθαλμῷ
1712 1176 1874 1245 κριτῇ

302 1263 404 1333 τὴν
437 1264 780 1334 εὐδαιμονίαν
810 1263 1265 1333 προϐάλλουσα¹¹.
1297 1264 1454 1317 Οὕτω
1481 1266 1574 1318 καὶ
1598 1264 1659 1318 τὸ
1688 1266 1876 1319 τούτου

302 1355 465 1423 γένος
499 1355 714 1423 μυρίοις
746 1354 845 1423 μὲν
874 1353 1073 1422 λόγοις,
1112 1353 1325 1425 μυρίοις
1352 1352 1409 1407 δὲ
1439 1353 1622 1425 ἔργοις
1649 1356 1743 1407 καὶ
1774 1372 1879 1407 πα-

306 1448 630 1521 ραπλησίοις
657 1448 971 1516 ἀγάλλεται.
1010 1447 1292 1518 Μνηστέον
1328 1447 1427 1518 ἤδη
1463 1448 1559 1502 καὶ
1587 1448 1750 1503 αὐτοῦ
1784 1447 1876 1502 τοῦ

302 1540 518 1609 γένους,
552 1537 670 1592 οὔτι
702 1539 931 1601 παντός’
965 1538 1134 1608 κάμοὶ
1157 1539 1265 1608 γὰρ
1293 1538 1380 1604 ἂν,
1413 1534 1587 1604 οἴμαι,
1615 1539 1709 1592 καὶ
1739 1539 1881 1592 ἱστο-

309 1634 403 1703 ρία
430 1630 680 1685 τοσοῦτον
709 1628 970 1699 πλῆθος¹⁸
1001 1628 1377 1699 φροντίζουσα.
1422 1632 1485 1683 Οἱ
1528 1631 1625 1685 ἀπ’
1658 1630 1880 1686 ἐκείνων

307 1725 420 1779 τῶν
447 1725 643 1795 γάμων
679 1722 1213 1793 ἀποϐλαστήσαντες,
1247 1723 1381 1775 είκώ
1407 1739 1531 1777 τινα
1549 1724 1649 1793 τῆς
1671 1723 1880 1778 ἐκείνου

310 1820 506 1889 σοφίας
535 1820 648 1880 τοῖς
673 1819 772 1888 τῆς
803 1817 985 1888 ψυχῆς
1022 1817 1243 1888 φέρον¹⁸
1267 1816 1568 1886 ἀγάλμασι.
1601 1817 1882 1887 Προσκλύ-

1977 626 2171 681 fabulis
2184 627 2535 691 illustrata,ut
2554 628 2819 699 pleraeque
2831 644 3019 685 omnes
3034 629 3373 699 Graecim,sed
3389 636 3552 689 etiam

1974 718 2234 788 judicauti
2273 720 2433 775 oculo
2466 719 2775 775 felicitatem
2814 718 3060 775 alierens.
3092 722 3185 777 Sic
3226 722 3384 790 hujus
3422 736 3552 792 gens

1982 811 2205 867 inﬁnitis
2261 812 2615 878 orationibus,
2644 813 2898 883 operibus
2921 822 2975 867 et
2989 813 3253 869 similibus
3289 814 3542 868 exsultat.

1983 904 2390 960 Recordandum
2418 914 2501 960 est
2530 904 2689 973 hujus
2708 906 2818 973 jam
2856 906 3031 976 gentis
3054 920 3156 959 non
3188 915 3363 960 tamen
3393 904 3556 959 totius

1977 999 2111 1068 (non
2130 997 2308 1051 omnia
2335 1013 2576 1063 narrare,
2607 1014 2802 1066 magno
2824 998 2953 1052 mihi
2980 997 3128 1052 oneri
3150 998 3312 1066 esset)
3345 1014 3359 1050 :
3387 1012 3553 1051 unum

1978 1102 2047 1143 ex
2073 1088 2141 1143 iis
2169 1089 2257 1158 qui
2307 1089 2374 1143 ab
2404 1090 2508 1145 illis
2563 1090 2760 1160 nuptiis
2784 1089 3051 1160 progeniti
3081 1098 3226 1153 sunt,
3253 1087 3556 1143 assimilaho

1983 1178 2298 1247 sapientiam
2325 1180 2517 1235 anitum
2536 1182 2748 1238 statuis.
2776 1181 2938 1236 Sinus
2964 1182 3177 1236 Ionicus
3202 1179 3404 1234 alluens
3423 1178 3559 1232 miti.

1982 1278 2074 1339 gat
2093 1269 2244 1324 littus
2262 1271 2447 1339 ﬂuctu,
2466 1272 2619 1342 juxta
2644 1272 2782 1327 hanc
2799 1287 2948 1327 oram
2987 1272 3244 1342 tripudiat
3273 1272 3555 1327 Nereidum

1985 1362 2181 1417 chorus
2200 1372 2247 1427 ι,
2270 1379 2460 1418 omnes
2500 1364 2654 1428 alba},
2690 1366 2775 1419 lac
2814 1366 2969 1434 quale
2996 1364 3146 1419 ﬁeret
3197 1374 3313 1419 arte
3379 1374 3560 1433 pasto-

1986 1466 2126 1516 rum,
2153 1451 2322 1505 oculis
2353 1451 2577 1523 glaucis,
2639 1463 2844 1507 ornata:
2861 1467 3065 1518 musco,
3097 1462 3353 1521 praeterea
3379 1452 3557 1506 albam

1986 1553 2230 1607 Spumant
2247 1553 2277 1593 e
2307 1540 2441 1593 mari
2467 1541 2691 1594 summis
2715 1539 2979 1594 stillantes
2995 1541 3251 1600 crinibus.
3284 1540 3377 1595 Illa
3400 1540 3549 1595 vicis«

1984 1631 2087 1687 sim
2114 1646 2364 1699 sponsum
2383 1632 2615 1697 amabat,
2632 1636 3231 1704 etarrhabonenuptias
3254 1633 3554 1688 conﬁrmat.

1985 1723 2236 1781 Producit
2259 1726 2401 1780 enim
2436 1728 2609 1783 medio
2640 1729 2771 1783 mari
2809 1728 3030 1785 fontem.
3055 1728 3178 1785 llaec
3218 1744 3347 1784 vero
3374 1729 3556 1784 sciens

1989 1820 2090 1875 hoc
2113 1819 2427 1877 beneﬁcium
2445 1835 2475 1874 a
2492 1836 2684 1890 sponsa
2699 1831 2998 1890 pmtectum
3044 1835 3186 1885 esse,
3221 1820 3340 1876 aliis
3382 1820 3560 1875 nautis

312 1913 423 1976 ζων
454 1912 653 1973 κόλπος
670 1911 853 1974 Ἰόνιος
876 1909 1079 1964 λεαίνει
1100 1909 1199 1979 τὴν
1223 1909 1343 1963 θῖνα
1370 1908 1449 1979 τῷ
1480 1908 1708 1980 κύματι.
1728 1909 1887 1964 Κατὰ

2005 1909 2186 1964 ludam
2203 1909 2386 1979 eripit,
2409 1911 2538 1966 solis
2549 1924 2676 1967 vero
2698 1911 2781 1966 bis
2815 1919 3057 1965 reservat
3074 1911 3356 1965 amabilem
3381 1917 3560 1979 potum

313 2006 382 2076 δὴ
410 2006 615 2076 ταύτης
634 2005 736 2074 τῆς
761 2004 918 2075 ῂόνος
948 2004 1108 2075 χορὸς
1123 2003 1415 2074 Νηρηΐδων
1437 2002 1679 2073 ὲχόρευε,
1697 2004 1887 2057 λευκαὶ

2005 2013 2046 2057 tt
2067 2003 2317 2059 hauriant
2345 2004 2435 2073 qui
2494 2018 2527 2059 e
2575 2017 2773 2073 sponsa
2826 2013 2973 2070 sunt,
2999 2004 3141 2071 quod
3175 2002 3367 2073 37011
3401 2002 3562 2055 etiam

313 2100 509 2162 πᾶσαι,
543 2096 683 2165 γάλα
727 2096 893 2161 αὐτὸ,
921 2089 1033 2148 οἷον
1093 2094 1159 2149 ἂν
1211 2096 1387 2148 ἐκεῖνο
1422 2096 1631 2164 γένοιτο
1672 2094 1889 2165 τέχναις

2005 2105 2175 2150 :ontra
2207 2096 2460 2152 virtutem
2488 2095 2684 2151 factum
2720 2104 2822 2151 est.
2849 2096 3131 2164 Promptus
3166 2094 3233 2148 ad
3252 2093 3563 2148 discendum

314 2187 589 2257 ποιμένων
639 2184 771 2258 [605
803 2185 894 2258 IL]
956 2186 1275 2257 ἱστάμενον,
1307 2186 1543 2255 γλαυκαὶ
1593 2186 1655 2240 τὸ
1711 2186 1887 2257 δμμα,

2005 2190 2065 2245 .lli
2105 2200 2189 2245 est
2218 2189 2450 2256 animus,
2484 2188 2628 2246 celer
2656 2189 2723 2243 ad
2752 2188 3168 2258 intelligendum,
3197 2186 3452 2241 memoria
3476 2185 3569 2239 it:-

317 2279 568 2349 κομῶσαι
617 2278 694 2349 τῷ
746 2277 917 2349 βρύῳ,
949 2277 1031 2331 ἐτι
1064 2278 1259 2331 λευκὸν
1310 2280 1374 2332 ἐκ
1421 2278 1584 2347 τῆς¹⁸
1624 2279 1893 2350 θαλάττης

2005 2293 2144 2348 nata,
2165 2292 2407 2355 prompta
2435 2293 2517 2338 est
2538 2284 2607 2340 ad
2628 2283 2934 2345 dicendum,
2961 2283 3028 2336 ad
3049 2281 3331 2351 tegendum
3354 2280 3564 2343 idonea,

318 2371 496 2442 ἀφρὸν
514 2369 574 2436 ἐξ
597 2370 782 2441 ἄκρων
812 2370 1109 2441 πλοκάμων
1138 2370 1516 2434 ordinent“.
1530 2371 1596 2424 Ἡ
1617 2371 1673 2424 δὲ
1693 2372 1897 2443 ἁντερᾷ

2005 2376 2061 2430 ad
2086 2376 2359 2431 latendum
2401 2377 2655 2444 paratior.
2690 2375 2803 2431 Hoc
2827 2375 3143 2445 sapientius,
3169 2372 3439 2442 simulque
3465 2371 3567 2427 diis

318 2462 415 2517 τοῦ
448 2464 681 2534 νυμφίου
706 2505 722 2529 ,
749 2464 842 2516 καὶ
874 2462 1032 2533 δώρῳ
1082 2463 1369 2517 πιστοῦται
1399 2462 1491 2517 τὸν
1522 2464 1700 2534 γάμον
1722 2480 1736 2494 ’
1770 2465 1899 2517 ἀνα·

2005 2468 2246 2540 gratius:
2292 2468 2465 2538 aptior
2491 2483 2617 2522 vero
2642 2468 2707 2521 ad
2759 2467 2977 2522 obvium
3036 2462 3567 2536 deprehendendum,

318 2556 503 2611 δίδωσι
536 2557 646 2627 γὰρ
676 2559 739 2611 ὲκ
778 2557 950 2627 μέσης
980 2556 1250 2626 θαλάττης
1277 2558 1479 2627 πηγήν.
1496 2558 1563 2608 Ἦ
1600 2556 1679 2622 δὲ,
1711 2555 1898 2628 ὥσπερ

2005 2560 2271 2630 voluptate
2297 2559 2517 2626 fortior,
2551 2559 2784 2614 amicitia
2824 2558 3068 2623 inferior,
3108 2571 3200 2628 per
3248 2555 3568 2624 sapientiam

319 2648 660 2718 ἐπισταμένη
688 2647 783 2701 τοῦ
814 2648 973 2719 χάριν
1003 2647 1110 2703 ὑπὸ
1139 2648 1239 2720 τῆς
1268 2648 1487 2720 νύμφης
1516 2649 1755 2719 ἐγένετο,
1781 2650 1901 2704 κλέ-

2005 2665 2237 2717 summa,
2271 2661 2392 2721 apta
2424 2650 2491 2706 ad
2528 2650 2835 2715 dicendum,
2858 2648 3288 2721 inexpugnabilis
3309 2648 3569 2711 amicitia,

322 2758 446 2793 πτει
478 2741 576 2812 μὲν
599 2746 711 2806 τοῖς
736 2743 916 2801 ἄλλοις
944 2744 1225 2815 πλωτῆρσι
1248 2746 1319 2799 τὰ
1350 2746 1602 2815 νάματα,
1633 2746 1815 2815 μόνοις
1846 2745 1901 2798 δὲ

2005 2754 2256 2798 Strenuus
2302 2744 2353 2796 in
2415 2743 2631 2809 timore,
2666 2758 2787 2797 cum
2809 2743 3055 2811 privatus
3075 2750 3157 2797 est
3172 2753 3573 2805 summus,cum

320 2838 482 2904 τηρεῖ
529 2838 638 2899 τοῖς
689 2838 753 2890 ἐκ
797 2837 899 2906 τῆς
949 2836 1166 2907 νύμφης
1198 2836 1298 2908 τὴν
1330 2838 1557 2907 πότιμόν
1589 2838 1905 2908 φιλοτησίαν

322 2928 838 2998 ἁρύσασθαι.’οπερ
886 2930 983 2984 καὶ
1028 2930 1169 2983 κατὰ
1200 2932 1300 3000 τῆς
1333 2931 1533 3001 ἀρετῆς
1572 2931 1901 3002 ἀνύμνηται.

324 3020 586 3091 Εὐμαθής
610 3020 727 3073 ἐστι
751 3020 921 3091 ψυχὴ,
947 3024 1137 3090 ταχεῖα
1161 3023 1397 3086 σύνεσιν,
1421 3024 1609 3094 μνήμῃ
1634 3023 1905 3092 συμφυὴς,

322 3111 542 3180 ἕτοιμος
568 3112 706 3182 πρὸς
734 3112 944 3180 λόγους,
975 3110 1138 3184 [1125
1166 3111 1262 3185 Ιί.]
1291 3113 1438 3183 δεινὴ
1487 3114 1583 3183 μὲν
1624 3114 1908 3185 κρύπτειν,

325 3203 596 3273 κρείττων
643 3203 927 3259 λανθάνειν
978 3204 1310 3276 (σοφώτερον
1337 3205 1394 3258 δὲ
1440 3204 1599 3258 τοῦτο
1641 3207 1736 3259 καὶ
1790 3206 1905 3275 ἅμα
1933 3242 1974 3298 c

318 3296 474 3357 θεοῖς
501 3295 1000 3367 προσφιλέστερον),
1032 3297 1307 3366 δεινοτέρα
1334 3298 1390 3351 δὲ
1420 3299 1675 3368 φωρᾶσαι
1702 3297 1791 3350 τὸν
1820 3298 1908 3351 ὲνο

323 3385 594 3454 τυχόντα·
642 3384 910 3455 κρείττων
950 3385 1168 3455 ἡδονῆς,
1199 3385 1378 3456 ἥττων
1426 3385 1840 3457 φιλίας.Ἀκρος
1861 3387 1907 3419 ²⁶

318 3476 546 3545 σοφίαν,
575 3475 745 3538 δεινὸς
791 3477 997 3542 εἰπεῖν,
1033 3476 1307 3540 ἀνάλωτος
1358 3477 1538 3548 φιλίᾳ,
1572 3481 1817 3546 γενναῖος
1851 3478 1908 3530 ἐν

327 3566 551 3635 φόϐοις,
595 3565 798 3637 ὑψηλὸς
851 3566 1085 3637 ἰδιώτης,
1122 3568 1306 3638 ἄρχων
1352 3568 1631 3640 ἐπιεικὴς,
1664 3569 1756 3623 τὸν
1811 3570 1909 3640 μὲν

330 3657 551 3727 ἰδιώτην
589 3657 981 3728 ἀποσεμνύνων
1015 3660 1345 3729 φρονήματι,
1372 3660 1515 3730 λόγῳ
1561 3660 1618 3713 δὲ
1650 3660 1910 3729 πραΰνων

327 3747 391 3801 τὺ
418 3747 519 3819 τῆς
548 3747 795 3814 ἐξουσίας
814 3749 1340 3803 αὐθέκαστον.⁴Λλλά
1366 3750 1473 3821 μὴν
1496 3752 1590 3803 καὶ
1621 3750 1719 3823 τὴν
1742 3752 1910 3823 τύχην

332 3839 465 3901 ῐδοις
500 3838 567 3892 ἂν
596 3838 785 3910 ὥσπερ
834 3841 894 3906 ἐξ
936 3841 1127 3911 οὐρίας
1154 3842 1245 3895 τὸν
1274 3842 1425 3897 τοῦδε
1472 3842 1585 3912 βίον
1620 3861 1911 3913 συμπαρα-

329 3931 680 4000 πέμπουσαν.
722 3932 1037 4003 Πρεσϐύτης
1067 3949 1151 3995 τις
1185 3928 1253 4004 ἦν
1284 3932 1479 4002 σεμνὸς
1512 3933 1659 3997 ἰδεῖν,
1686 3935 1913 4004 ἀρχαῖος

333 4023 427 4075 τὸν
476 4022 610 4091 βίον,
646 4025 736 4077 τὸν
784 4024 941 4091 λόγον
990 4025 1193 4094 ὅμοιος.
1226 4025 1395 4092 Σοφὸς
1450 4025 1644 4091 εἰπεῖν,
1675 4024 1912 4095 ἀμείνων

334 4114 592 4178 ἀκοῦσαι,
625 4114 695 4168 τὰ
726 4115 900 4168 πάντα
932 4119 1198 4182 γενναῖος.
1229 4116 1451 4187 Πλήρης
1493 4116 1549 4170 δὲ
1588 4115 1663 4171 ὢν
1685 4117 1786 4188 ἤδη
1817 4116 1912 4171 τοῦ

334 4205 548 4268 κλέους,
585 4205 678 4259 καὶ
721 4208 902 4259 πᾶσαν
939 4208 1018 4269 είς
1065 4208 1256 4261 ἑαυτὸν
1286 4209 1632 4278 ἐπιστρέφων
1661 4208 1761 4280 τὴν
1796 4208 1914 4264 Ἕλο

332 4296 492 4359 λάδα,
525 4294 790 4349 διαϐαίνει
838 4298 932 4351 καὶ
978 4299 1057 4363 εἰς
1112 4299 1337 4370 βασιλέα
1368 4300 1446 4370 τῷ
1472 4299 1733 4371 θαύματι,
1783 4303 1915 4375 πρὶν

331 4386 620 4456 ὕπηνήτης
650 4386 922 4454 γενέσθαι,
953 4388 1083 4459 πρὶν
1128 4389 1472 4459 καθερπύσαι
1511 4390 1849 4461 τδνοπρῶτον
1869 4394 1913 4424 ⁸⁷

334 4478 531 4532 ἴουλον.
551 4478 783 4547 Ποιητοῦ
803 4479 848 4512 ’⁸
869 4479 926 4533 δὲ
947 4481 1056 4551 ἄρα
1080 4476 1147 4552 ἦν
1174 4482 1404 4536 ἐνταῦθα
1436 4483 1531 4536 τοῦ
1557 4484 1715 4553 λόγου
1743 4484 1917 4554 ῥόδοις

2007 2833 2059 2887 in
2111 2833 2429 2903 magistratu
2458 2846 2659 2902 aequus.
2690 2831 2969 2888 Privatum
3006 2832 3300 2886 honestans
3325 2828 3572 2892 consilio.

2007 2925 2313 2995 eloquentia
2346 2926 2557 2993 imperii
2586 2926 2927 2981 severitatem
2955 2924 3224 2995 mitigans.
3266 2921 3570 2988 Quinetiam

2009 3014 2283 3071 fortunam
2309 3016 2516 3080 videas,
2546 3017 2703 3086 quasi
2734 3014 2893 3081 hujus
2921 3014 3045 3068 vita:
3067 3014 3329 3067 rationem
3357 3020 3576 3080 propter

2014 3106 2328 3161 felicitatem
2382 3115 2745 3162 aversantem.
2794 3105 3031 3175 Legatus
3080 3103 3182 3158 fuit
3226 3102 3278 3156 in
3333 3099 3579 3155 animad-

2018 3198 2275 3254 vertendo
2305 3198 2505 3263 serius,
2536 3198 2662 3264 vita,
2694 3210 2753 3252 ut
2798 3197 2964 3252 etiam
3014 3195 3065 3250 in
3096 3194 3363 3256 oratione,
3408 3207 3577 3261 gran-

2010 3290 2125 3346 dis:
2151 3290 2215 3344 ad
2244 3289 2527 3345 dicendum
2543 3289 2777 3356 sapiens,
2794 3290 2861 3342 ad
2884 3288 3209 3343 audiendum
3239 3285 3578 3348 instructior,

2011 3379 2062 3434 in
2099 3380 2349 3435 omnibus
2380 3381 2647 3451 egregius.
2687 3378 2884 3435 Plenus
2923 3377 3084 3433 laude
3115 3376 3253 3445 jam,
3279 3384 3334 3430 et
3358 3390 3575 3430 omnem

2011 3473 2065 3527 in
2092 3489 2153 3530 se
2178 3474 2443 3530 Graeciam
2482 3481 2829 3537 convertens,
2862 3470 2979 3526 suis
3021 3468 3356 3524 facinoribus
3390 3465 3460 3521 ad
3495 3480 3581 3519 re-

2011 3569 2154 3638 giam
2206 3564 2523 3634 dignitatem
2578 3560 2867 3626 ascendit,
2923 3560 3242 3631 priusquam
3296 3556 3582 3625 pullularet

2012 3658 2203 3723 barba,
2231 3658 2513 3727 primaque
2545 3654 2738 3725 lanugo
2775 3653 3107 3709 tonderetur.
3142 3649 3268 3705 Haec
3299 3659 3581 3719 poetarum

2014 3751 2185 3805 instar
2211 3751 2340 3805 fecit
2368 3750 2567 3813 oratio,
2606 3750 2746 3803 rosis
2793 3755 3014 3802 nectere
3067 3759 3351 3806 coronam,
3387 3743 3584 3795 ducere

2014 3846 2219 3897 circum
2247 3843 2432 3897 urbem
2455 3842 2595 3895 hanc
2612 3857 2678 3896 ex
2706 3840 2960 3895 Helicone
2978 3838 3177 3904 Musas,
3195 3851 3355 3905 quam
3370 3833 3585 3900 Europa

2012 3940 2259 3984 extrema
2276 3930 2470 4000 exiguo
2492 3928 2632 3984 freto
2658 3945 2687 3982 a
2725 3928 2968 3983 Gadibus
2991 3940 3161 3996 usque
3179 3925 3367 3981 Asiam
3398 3932 3583 3979 exten-

2016 4022 2111 4074 dit.
2146 4020 2225 4073 Ad
2250 4020 2451 4074 lstrum
2500 4034 2560 4075 se
2590 4019 2881 4083 convertit,
2923 4032 3023 4073 nec
3050 4017 3258 4072 veritus
3282 4026 3365 4070 est
3387 4014 3587 4070 ﬂumen

2016 4110 2317 4165 Barbarum
2357 4110 2529 4182 glacie
2598 4112 2652 4166 in
2708 4125 2914 4166 morem
2977 4109 3152 4181 campi
3226 4117 3585 4164 constratum.

2015 4201 2151 4255 Cum
2187 4217 2316 4257 vero
2347 4201 2481 4257 deus
2517 4217 2733 4257 onmem
2796 4202 2944 4255 illam
2998 4200 3259 4255 virtutem
3304 4196 3591 4265 explorare

2019 4292 2303 4356 voluisset,
2355 4302 2411 4348 et
2452 4293 2694 4347 adversae
2750 4291 3042 4362 aliquando
3087 4289 3319 4345 fortunae
3370 4298 3589 4342 ventum

2017 4384 2322 4450 constituit,
2367 4392 2425 4437 ut
2468 4383 2641 4454 qualis
2705 4392 2869 4447 esset,
2930 4381 3054 4437 talis
3121 4380 3396 4448 opinione,
3435 4386 3491 4432 et
3538 4378 3592 4431 iu

2021 4492 2202 4531 rerum
2236 4477 2487 4531 lluctibus
2519 4477 2750 4545 vitaeque
2785 4482 3107 4544 tempestate
3153 4472 3409 4529 omnibus
3440 4470 3594 4523 vide-

338 4570 436 4639 μὲν
467 4569 767 4636 ἀναπλέξαι
816 4570 910 4625 τὸν
944 4573 1229 4642 στέφανον,
1264 4575 1418 4641 ἄγειν
1450 4574 1507 4627 δὲ
1542 4575 1601 4639 ἐξ
1634 4576 1901 4629 Ἐλικῶνοι

2023 4579 2204 4632 retur,
2251 4579 2305 4623 et
2359 4571 2411 4623 in
2452 4569 2555 4624 bac
2605 4570 2770 4622 etiam
2819 4576 2973 4636 parte
3020 4565 3414 4621 celebraretur.
3459 4560 3594 4628 Quis

331 4662 434 4727 τὰς
463 4662 705 4727 Μούσας.
748 4665 883 4733 Περὶ
910 4664 1007 4736 τὴν
1038 4665 1191 4718 πόλιν
1216 4666 1450 4736 ἐκείνην,
1481 4667 1548 4739 ἦν
1587 4667 1694 4720 ἀπὸ
1727 4668 1915 4721 Γαδεί-

334 4771 448 4824 ρων
485 4753 721 4826 Εὐρώπη
753 4754 993 4824 λήγουσα
1028 4755 1260 4825 πορθμῷ
1304 4756 1578 4829 θαλάσσης
1625 4759 1760 4829 πρὸς
1814 4759 1914 4830 τὴν

346 4845 533 4899 Ἀσίαν
583 4845 881 4916 μερίζεται.
909 4847 1142 4900 Ἥλασεν
1193 4839 1346 4912 οὗτος
1385 4850 1478 4903 καὶ
1528 4850 1648 4903 κατ’
1674 4852 1910 4921 Ἴστρου,

334 4938 429 4991 καὶ
458 4937 702 5008 ποταμὸν
731 4939 829 4991 οὐκ
858 4941 1029 4993 ἔδεισε
1075 4940 1349 5011 βάρϐαρον
1390 4942 1708 5013 κρυστάλλῳ
1754 4944 1911 4996 πεδία

337 5030 692 5101 μιμούμενον.
712 5032 863 5085 Ἐπεὶ
900 5032 955 5085 δὲ
996 5032 1116 5095 θεὸς
1150 5034 1285 5102 πρὸς
1312 5037 1491 5087 πᾶσαν
1519 5036 1679 5089 αὐτὸν
1712 5036 1911 5107 ἀρετὴν

334 5121 643 5189 ἁκριϐώσαι
691 5120 1034 5192 βουλόμενος,
1092 5124 1185 5176 καὶ
1235 5126 1329 5177 ἀπ’
1366 5126 1613 5189 ἐναντίας
1662 5126 1791 5179 ποτὲ
1848 5125 1915 5179 τὸ

337 5211 558 5281 πνεῦμα
612 5211 699 5282 ιῆς
732 5211 904 5285 τύχης
937 5212 1198 5285 ἔστησεν,
1234 5216 1298 5268 ἵν’
1332 5212 1443 5279 οἷος
1482 5212 1550 5287 ἦν
1570 5218 1638 5283 ³³,
1679 5216 1916 5281 τοιοῦτος

336 5305 437 5373 τὴν
468 5302 692 5375 γνώμην
726 5307 819 5358 καὶ
842 5309 901 5359 ὲν
929 5306 1247 5378 τρικυμίαις
1276 5311 1614 5379 πραγμάτων
1668 5308 1762 5361 καὶ
1812 5326 1917 5379 χειο

341 5395 481 5467 μῶνι
510 5394 628 5467 βίου
661 5396 898 5471 δειχθείη
929 5400 1040 5463 τοίς
1071 5401 1205 5454 πᾶσι
1235 5401 1327 5454 καὶ
1361 5400 1481 5455 κατ’
1505 5400 1637 5455 αὐτὸ
1664 5401 1724 5453 τὸ
1752 5400 1920 5471 μέρος

420 5546 445 5573 ι
471 5536 658 5593 Horat.
693 5540 842 5594 Oda’.

2024 4672 2199 4729 poeta,
2238 4662 2321 4716 vel
2352 4663 2542 4717 orandi
2588 4663 2793 4733 peritus
2832 4676 2963 4719 voce
3010 4661 3169 4731 digna
3212 4657 3446 4727 explicet
3506 4668 3591 4719 ea,

2024 4767 2144 4821 quae
2203 4752 2294 4808 ille
2338 4754 2512 4809 fecit?
2552 4754 2661 4811 Nec
2711 4756 2912 4811 Sicilia:
2963 4754 3204 4822 aliquam
3257 4748 3498 4819 Scyllam
3539 4754 3595 4801 et

2023 4845 2330 4915 Charybdin
2365 4847 2578 4913 stravit,
2611 4848 2710 4903 sed
2753 4848 2993 4903 virorum
3018 4846 3191 4900 etiam
3217 4840 3459 4912 Cyclune
3503 4837 3596 4893 illo

2024 4950 2244 5010 pastore
2280 4937 2463 4995 Siculo
2496 4942 2885 5004 crudeliorem,
2918 4939 3062 4994 inille
3099 4948 3289 4993 contra
3317 4949 3381 4990 se
3420 4942 3596 4988 motas

2022 5032 2192 5098 acies,
2221 5047 2327 5086 non
2354 5035 2626 5089 consertis
2652 5034 2924 5099 manibus,
2961 5048 3060 5087 nec
3100 5030 3243 5094 telis,
3268 5036 3362 5083 aut
3402 5025 3593 5089 hastis,

2024 5124 2117 5176 sed
2144 5124 2432 5192 prudentia
2462 5136 2515 5179 et
2537 5125 2786 5180 oratione
2830 5125 3030 5193 ubique
3066 5130 3333 5175 terrarum
3360 5116 3595 5184 subegit.

2028 5215 2127 5270 llic
2154 5231 2282 5270 vero
2304 5215 2622 5271 Telchinum
2652 5218 2850 5281 dux,et
2871 5215 3199 5287 Coryphqu
3221 5218 3594 5281 nuncupatus,

2029 5308 2212 5363 lethali
2241 5319 2465 5380 accepto
2501 5309 2747 5374 vulnere,
2799 5309 2995 5363 bellum
3052 5322 3275 5377 gemens
3328 5303 3596 5371 deplorat.

2034 5399 2298 5456 Uuiversa
2363 5402 2491 5457 Asia
2525 5416 2629 5457 non
2686 5415 2848 5470 quam
2906 5400 2988 5456 sic
3038 5415 3182 5455 nunc
3241 5393 3597 5467 appellamus,

1651 5616 1899 5706 vanus
1920 5646 2332 5705 LECTIONES.

439 5772 483 5801 ²¹
513 5767 914 5837 προϐάλλουσαι
943 5769 1007 5823 Δ.
1080 5770 1126 5801 ¹¹
1162 5768 1400 5838 πλήθους
1434 5765 1491 5822 Β.

342 5840 714 5912 βαστάζουσαι
740 5857 800 5905 ς.
875 5838 1147 5912 θαλάσσης
1179 5856 1238 5904 ς.
1315 5840 1361 5871 ³⁸
1392 5839 1535 5910 άκρα
1572 5855 1632 5903 ς.

1598 5767 1646 5800 ²³
1675 5767 1855 5836 φέρων
1885 5765 1947 5830 C,
1982 5766 2175 5837 ἔφερον
2202 5764 2466 5837 Scaliger.
2560 5761 2608 5837 _“
2639 5762 2690 5837 λ..
2720 5761 2825 5837 τὸν.
2856 5760 3009 5837 ξι,ῐῇ

1711 5825 1758 5873 ιέ
1788 5825 2005 5909 πρῶτον
2024 5825 2147 5894 ὀἰιι.
2172 5838 2236 5889 Β.
2311 5825 2617 5905 "Romae;
2643 5835 2701 5888 Ο.
2782 5832 2828 5864 ³⁸
2855 5826 2942 5902 ἦν]
2974 5829 3093 5884 libri

3114 5759 3161 5791 "
3190 5753 3480 5819 στάζουσαι
3499 5749 3546 5805 C
3568 5764 3593 5806 ι
