4050 6412
318 435 455 501 1365

467 548 703 620 Ἔτέρον
729 550 1165 619 προτρεπτικοῦ
1193 550 1383 619 λόγου
1412 554 1751 623 Προοίμιον.

386 641 570 702 Δεινὸς
600 641 657 694 δὲ
682 636 752 712 ἦν
776 641 884 711 ἄρα
912 641 973 694 οὑ
998 644 1159 711 χεῖρα
1191 642 1350 711 μόνον
1375 641 1511 695 ἀλλὰ
1543 644 1638 696 καὶ
1669 644 1898 715 γνώμην

312 730 341 783 ό
364 730 669 796 Λύσιππος.
700 726 804 786 Οἷα
840 731 970 804 [605
1000 731 1093 805 Η.]
1124 732 1254 802 γοῦν
1280 735 1489 797 ἐκεῖνος
1514 734 1603 788 διὰ
1629 736 1732 806 τῆς
1772 737 1902 789 ἐαυ-

313 823 407 876 τοῦ
457 824 686 895 γνώμης
730 826 1068 897 τετόλμηκεν
1101 826 1117 879 ι
1159 827 1427 897 ἐγγράφει
1468 830 1584 892 τοῖς
1630 828 1775 892 Θεοῖς
1809 830 1901 882 τὸν

312 916 531 986 καιρὸν,
557 917 652 970 καὶ
677 918 979 988 μορφώσας
1032 920 1312 991 ἀγάλματι
1364 919 1462 990 τὴν
1511 920 1674 988 φύσιν
1734 918 1901 974 αὐτοῦ

313 1006 403 1060 διὰ
429 1008 526 1077 τῆς
567 1009 778 1073 εἰκόνος
829 1010 1156 1082 ἐξηγήσατο.
1189 1012 1345 1081 Ἔχει
1391 1010 1448 1063 δὲ
1479 1003 1583 1063 ὧδέ
1653 1026 1792 1074 πως,
1823 1009 1901 1075 ὡς

314 1098 418 1167 ἐμὲ
452 1100 835 1169 μνημονεύειν,
856 1102 918 1154 τὸ
946 1100 1215 1171 δαίδαλμα
1233 1117 1247 1131 ·
1286 1102 1440 1155 Ποιεῖ
1489 1100 1655 1155 παῖδα
1679 1100 1739 1154 τὸ
1765 1097 1903 1165 εἶδος

320 1190 513 1261 ἀσρδν,
543 1192 642 1261 τὴν
661 1193 846 1263 ἀκμὴν
867 1192 1091 1264 ἐφηόον,
1124 1191 1385 1263 κομῶντα
1434 1193 1532 1261 μὲν
1557 1192 1618 1245 τὸ
1644 1193 1709 1245 ἐκ
1740 1207 1904 1262 ’κρο-

314 1284 504 1351 τάφων
549 1286 631 1347 είς
686 1284 956 1353 μέτωπον,
993 1284 1199 1354 γυμνὸν
1224 1285 1280 1337 δὲ
1311 1284 1371 1336 τὸ
1410 1284 1536 1337 ὅσον
1567 1283 1779 1337 ἐκεῖθεν
1807 1283 1904 1336 ἐπὶ

314 1376 389 1431 τὰ
420 1377 567 1431 νῶτα
600 1376 906 1448 μερίζεται,
947 1377 1152 1449 σιδήρῳ
1176 1376 1274 1448 τὴν
1307 1375 1487 1441 δεξιὰν
1533 1376 1901 1448 ὡπλισμένον,

320 1467 475 1538 ζυγῷ
509 1469 609 1538 τὴν
646 1469 807 1522 λαιὰν
832 1469 1118 1539 ἐπέχοντα,
1159 1469 1441 1540 πτερωτὸν
1474 1469 1539 1523 τὰ
1581 1470 1783 1540 σφυρά,
1804 1471 1904 1544 οὐχ

313 1558 396 1622 ὠς
430 1560 723 1631 μετάρσιον
766 1561 908 1631 ὑπὲρ
956 1562 1059 1630 γῆς
1106 1561 1220 1617 ἀνω
1273 1561 1646 1631 κουφίζεσθαι,
1686 1562 1801 1616 ἀλλ’
1818 1562 1905 1615 ἵνα

312 1652 491 1705 δοκῶν
530 1653 820 1723 ἐπιψαύειν
851 1656 952 1724 τῆς
989 1654 1093 1724 γῆς
1143 1653 1379 1727 λανθάνῃ
1433 1654 1680 1709 κλέπτων
1718 1655 1779 1708 τὸ
1828 1654 1904 1726 μὴ

319 1745 465 1799 κατὰ
484 1747 588 1816 γῆς
607 1747 998 1819 ἐπερείδεσθαι.
1030 1749 1089 1801 ⁸0
1112 1747 1167 1802 δὲ
1196 1747 1460 1811 Γλαῦκος,
1489 1747 1697 1818 ὥσπερ,
1726 1742 1901 1818 οἴμαι,

319 1839 491 1910 λοχῶν
508 1840 639 1893 αὐτὸ
650 1842 749 1911 τῆς
765 1839 1005 1909 ἀγωνίας
1017 1840 1076 1894 τὸ
1102 1840 1334 1911 καίριον,
1358 1835 1463 1911 ἧκέ
1482 1856 1539 1891 τε
1562 1841 1654 1892 ἐπὶ
1671 1838 1762 1894 τὸν
1784 1856 1907 1893 στε-

1360 438 1883 503 BIBLIOTHECA.
1924 464 1995 478 -—
2030 444 2191 507 con.
2228 432 2532 509 ccxuti.

1925 562 1973 617 Α

3448 451 3586 514 I366

2279 559 2363 614 Ea:
2392 561 2500 614 alia
2530 559 2792 613 suasoria.
2821 590 2886 601 -
2923 558 3260 614 Prooemium.

2075 649 2338 724 Lysippus
2392 654 2573 721 itaque
2615 667 2719 706 non
2768 654 3015 707 manibus
3058 652 3254 716 solum.
3288 653 3379 708 sed
3416 651 3580 706 etiam

2002 745 2218 814 ingenio
2256 744 2497 814 insignis.
2534 743 2723 812 Qualia
2759 746 2902 798 enint
2942 745 3030 799 ille
3061 745 3127 802 ab
3172 745 3388 813 ingenio
3418 759 3583 799 ausus

2002 835 2119 890 e51?
2163 835 2410 904 Depinxit
2458 836 2563 891 diis
2596 836 2962 898 occasionem,
3002 843 3058 888 ct
3107 836 3340 905 imagine
3393 835 3584 888 adum-

2002 928 2187 991 brans,
2213 938 2459 982 naturam
2487 926 2603 996 ejus
2624 943 2719 997 per
2742 926 2952 983 colores
2980 927 3247 996 exposuit.
3280 926 3371 981 Sic
3402 935 3581 980 autem

2003 1016 2290 1073 artiﬁcium
2319 1028 2579 1088 quantum
2612 1019 2739 1075 licet
2769 1019 3102 1084 meminisse,
3134 1032 3192 1071 se
3242 1016 3422 1071 habet.
3459 1015 3586 1071 Pin-

2002 1111 2076 1182 git
2104 1113 2390 1181 quemdam
2422 1112 2588 1183 ﬁgura
2628 1121 2789 1167 aetate
2824 1120 3135 1175 venustum,
3165 1109 3455 1178 ephebum,
3491 1122 3586 1163 co-

2003 1212 2206 1257 malum
2257 1217 2289 1257 e
2331 1204 2662 1271 temporibus
2711 1203 2779 1257 ad
2826 1202 3055 1257 frontem
3102 1216 3272 1270 usque
3305 1217 3319 1253 :
3355 1200 3481 1254 hinc
3516 1199 3583 1252 ad

2006 1304 2153 1364 terga
2184 1309 2351 1364 usque
2380 1296 2602 1360 nudum,
2636 1295 2885 1350 dextram
2922 1302 3187 1350 armatam
3224 1292 3390 1355 l'erro,
3419 1297 3474 1346 et
3506 1300 3586 1346 te-

2005 1395 2221 1441 nentem
2273 1387 2494 1442 sinistra
2539 1386 2830 1454 bilancem,
2874 1385 3034 1439 alatis
3090 1385 3312 1454 plantis,
3365 1398 3470 1437 non
3524 1391 3586 1437 ut

2005 1476 2252 1532 sublimis
2273 1492 2434 1544 super
2458 1486 2654 1532 terram
2678 1478 2733 1531 in
2759 1477 2926 1531 altum
2953 1474 3234 1540 efferatur,
3259 1474 3351 1529 sed
3386 1483 3444 1528 ut
3477 1482 3588 1527 ter-

2007 1585 2121 1624 ram
2152 1570 2417 1640 attingere
2439 1571 2702 1636 videatur,
2733 1569 3009 1641 ignoretur
3038 1582 3163 1623 vero
3186 1566 3394 1622 occulte
3428 1572 3588 1619 terra:

2008 1663 2277 1718 insistere.
2338 1663 2574 1718 Glaucus
2623 1672 2823 1729 autem,
2881 1671 2938 1718 ut
2997 1661 3253 1724 arbitror,
3309 1658 3588 1713 occultans

2010 1758 2149 1813 hanc
2184 1756 2499 1812 certaminis
2532 1756 2894 1821 occasionem,
2928 1753 3080 1811 solus
3109 1753 3175 1807 ad
3207 1758 3586 1807 coronatorem

2011 1849 2179 1915 venit,
2206 1858 2259 1903 et
2285 1851 2493 1918 primus
2520 1863 2775 1902 coronam
2804 1848 3028 1916 accepit.
3057 1843 3250 1900 Omnia
3275 1843 3418 1898 enim
3443 1841 3589 1896 bona

319 1931 554 2002 φανίτην
591 1910 772 2001 μόνος,
825 1932 920 1985 καὶ
974 1910 1209 2003 πρῶτος
1257 1910 1446 2001 εἶχε⁷⁸¹
1474 1930 1566 1983 τὸν
1618 1930 1903 2000 στέφανον.

2013 1941 2066 1996 in
2094 1941 2399 2010 occasione,
2452 1948 2508 1997 et
2556 1941 2783 2011 diligens
2824 1940 3092 2010 jaculator
3142 1946 3245 2003 est,
3296 1934 3387 2005 qui
3439 1931 3592 1987 novit

321 2024 510 2077 Πάντα
532 2023 644 2095 γὰρ
667 2022 810 2078 καλὰ
861 2024 921 2076 ἐν
977 2022 1179 2094 καιρῷ,
1203 2024 1297 2077 καὶ
1325 2021 1548 2092 τοξότης
1582 2022 1904 2085 ἐπίσκοπος,

318 2115 468 2178 ὅστις
496 2111 606 2169 οἶδε
666 2116 859 2189 καίρια
912 2115 1127 2187 βάλλειν
1175 2114 1503 2185 τοξεύματα.
1553 2114 1663 2167 Καὶ
1710 2113 1775 2184 δὴ
1828 2116 1906 2179 εἰς

318 2208 551 2280 οὐρανὸν
579 2209 800 2279 ἀηδόνες
829 2209 939 2264 ἀπὸ
965 2209 1073 2279 γῆς
1105 2209 1384 2262 ίπτανταυ
1454 2207 1630 2279 τολμᾷ
1675 2207 1784 2279 γὰρ
1817 2209 1909 2262 ἀν-

317 2297 478 2366 άγειν
517 2296 656 2369 ὑπὲρ
684 2297 831 2370 ᾠδῆς
886 2299 965 2362 είς
1003 2298 1165 2352 αὑτὸν
1192 2295 1387 2369 [τὸνη]
1434 2296 1662 2369 οὐρανὸν
1690 2298 1717 2349 ό
1741 2295 1909 2367 μῦθος

315 2389 562 2459 ὄρνιθας.
595 2383 771 2445 Ἧκον
818 2388 914 2445 οὖν
973 2388 1128 2461 παρὰ
1166 2389 1262 2442 τὸν
1315 2387 1532 2442 κύκνον.
1573 2388 1631 2441 Ὀ
1657 2388 1700 2440 δ’
1718 2388 1909 2457 ἔτυχεν

318 2481 413 2534 ἐπί
441 2498 591 2545 τινος
641 2480 907 2553 λειμῶνος
938 2480 1129 2553 ἠρινοῦ
1161 2480 1286 2550 ἄρτι
1336 2478 1566 2551 Ζεφύρῳ
1599 2480 1734 2549 πρὸς
1767 2478 1908 2551 ᾠδὴν

315 2573 587 2635 ἐκδιδόναι
617 2572 829 2645 μέλλων
867 2571 966 2636 τὰς
991 2573 1291 2642 πτέρυγας.

509 2664 611 2719 Ἕκ
641 2664 749 2719 τοῦ
769 2667 853 2727 εὶς
881 2665 989 2717 τὸν
1013 2665 1245 2732 νέηλυν
1260 2663 1367 2717 τὸν
1399 2662 1724 2732 Αίγύπτιον

390 2755 596 2825 Πήχεις
624 2757 675 2809 οἱ
703 2754 749 2787 ⁸⁸
783 2755 1075 2825 Αἰγύπτιοι
1135 2756 1234 2825 τὴν
1286 2754 1515 2826 αῠξησιν
1570 2754 1666 2808 τοῦ
1709 2756 1907 2809 Νείλου

316 2848 789 2919 προσαγορεύωσι
820 2848 889 2915 ⁸⁸,
926 2849 1021 2903 καὶ
1080 2847 1339 2920 μετροῦσι
1374 2848 1423 2880 ⁸⁸
1449 2847 1518 2904 τὰ
1549 2848 1792 2918 νάματα,
1814 2849 1909 2901 καὶ

321 2944 633 3011 πανήγυρις
682 2941 867 3004 αὐτοῖς
898 2941 926 2993 ὀ
960 2941 1139 3012 πῆχυς
1164 2939 1395 3008 γίνεται.
1448 2939 1561 2992 Καὶ
1610 2940 1739 3002 τοὺς
1779 2954 1906 3007 γεν-

319 3035 503 3097 ναίους
526 3033 646 3103 δψει
671 3034 781 3088 τῶν
809 3032 1144 3105 στρατηγῶν
1176 3032 1271 3087 ἀπ’
1296 3032 1603 3085 ἐλαττόνων
1627 3030 1907 3103 τροπαίων

317 3127 423 3191 τὰς
449 3126 650 3197 μυρίας
702 3128 859 3190 νίκας
907 3126 1298 3198 κηρύττοντας.
1344 3124 1557 3195 Μικρὸς
1582 3119 1649 3195 ἦν
1685 3125 1742 3177 ἐν
1782 3124 1909 3194 Ἀρ-

316 3220 556 3289 τεμισίῳ
604 3219 978 3289 Θεμιστοκλῆς
1025 3217 1195 3289 (κατά
1225 3217 1270 3250 ⁸⁷
1310 3217 1419 3287 γὰρ
1469 3214 1578 3269 τῶν
1626 3217 1907 3289 προπατό-
1935 3247 1981 3311 C

320 3327 437 3381 ρων
461 3308 507 3341 ³³
533 3310 612 3363 ἔτι
650 3309 759 3363 τῶν
800 3309 1066 3379 βασιλέως
1094 3308 1395 3379 ἡρίστευε),
1424 3306 1629 3376 μείζων
1672 3309 1731 3361 ἐν
1761 3308 1910 3361 Ψυτο

316 3401 499 3472 ταλίᾳ,
535 3397 709 3471 μέγας
740 3400 831 3452 sul
848 3399 1144 3468 Σαλαμῖνα·
1181 3398 1442 3462 ἐϐάπτιςε
1467 3397 1577 3469 γὰρ
1613 3397 1743 3468 ὃλην
1772 3399 1890 3453 ἐκεῖ

319 3492 424 3562 τὴν
459 3493 647 3546 Ἀσίαν
683 3491 1014 3563 μαχόμενος.

637 3582 799 3656 [1129
831 3583 923 3654 8.]
957 3585 1060 3637 Ἐκ
1080 3582 1125 3617 δ’
1156 3583 1635 3652 προπεμπτικοῦ.

394 3676 507 3730 Καὶ
535 3670 693 3730 τοῦτο
726 3676 823 3745 μὲν
850 3677 981 3737 ἴσως
1012 3674 1192 3738 καλῶς
1218 3677 1412 3738 ποιεῖς’
1463 3674 1678 3745 ἀνάγκη
1714 3672 1824 3745 γὰρ
1847 3672 1910 3746 δή

323 3784 433 3821 που
466 3768 560 3822 τὸν
589 3767 931 3821 ἐπαινεῖσθαι
959 3766 1285 3837 βουλόμενον
1342 3766 1440 3820 καὶ
1497 3765 1607 3819 τῶν
1652 3764 1910 3834 πράξεων

325 3860 556 3913 ἐκείνων
590 3858 899 3929 ἐπιθυμεῖν,
925 3858 1018 3928 ἀφ’
1043 3851 1119 3914 ὧν
1146 3858 1382 3930 ὑπάρχει
1410 3859 1472 3912 τὸ
1505 3856 1907 3929 Θαυμάζεσθαι.

325 3954 402 4006 Ού
442 3951 554 4022 γὰρ
600 3952 880 4021 ἀπέχρησε
928 3952 1044 4015 τοῖς
1100 3950 1259 4005 παισὶ
1314 3951 1384 4003 τά
1436 3947 1533 4002 τοῦ
1582 3948 1912 4021 Περικλέους

326 4043 809 4116 σεμνολογήματα,
863 4042 979 4097 ἀλλ’
1032 4042 1242 4107 ἀνάξιοι
1263 4042 1363 4111 τῆς
1395 4039 1655 4112 πατρῴας
1702 4041 1909 4111 ἀρετῆς

323 4137 608 4206 γενόμενοι
645 4134 892 4205 μείζονος
925 4134 1099 4204 δήπου
1128 4134 1382 4205 διαϐολῆς
1413 4134 1593 4187 αἰτίαν
1631 4133 1729 4206 τὴν
1792 4152 1901 4188 πα-

323 4226 508 4299 τρῴαν
532 4227 691 4293 δόξαν
719 4228 1042 4299 ἐκτήσαντο.
1075 4228 1185 4281 Καὶ
1243 4226 1455 4280 πολλῶν
1488 4227 1544 4280 δὲ
1567 4226 1776 4299 εᾶλλων
1810 4228 1911 4282 ἀν-

325 4320 471 4393 δρῶν
518 4320 760 4392 ἀρίστων
803 4321 1062 4389 γεγόνασι
1098 4321 1309 4388 παῖδες,
1342 4316 1422 4385 οἷς
1448 4320 1653 4375 ἅπασιν
1679 4321 1739 4375 ού
1770 4321 1913 4393 πρὸς

329 4412 613 4482 ἐγκωμίου
642 4411 823 4477 πλέον,
851 4411 1072 4482 ἐλεγχος
1097 4412 1155 4466 δὲ
1182 4412 1380 4475 κακίας
1418 4412 1637 4481 ἐγένετο
1686 4412 1755 4467 τὰ
1801 4411 1911 4465 τῶν

2008 2044 2312 2105 opportuna
2358 2034 2463 2091 tela
2507 2035 2742 2091 mittere.
2798 2033 3065 2088 Luscinia;
3108 2044 3239 2087 sane
3281 2038 3485 2084 eterra
3534 2024 3590 2079 in

2010 2128 2205 2183 malum
2232 2129 2477 2184 volitant.
2515 2126 2719 2181 Fabula
2749 2126 2893 2180 enim
2930 2126 3089 2177 audet
3125 2123 3179 2177 in
3209 2120 3404 2176 caelum
3428 2124 3590 2173 cantu

2009 2235 2137 2275 aves
2167 2221 2374 2276 tollere.
2412 2220 2648 2274 Veniunt
2677 2218 2842 2287 igitur
2888 2217 2951 2270 ad
2981 2215 3210 2277 olorem,
3260 2211 3351 2276 qui
3392 2207 3592 2262 mansit

2013 2312 2063 2365 in
2094 2326 2286 2379 campo
2316 2311 2549 2381 quodam
2583 2324 2770 2374 verno,
2803 2309 2972 2363 donec
3000 2304 3250 2376 Zephyro
3278 2300 3345 2356 ad
3368 2305 3588 2356 cantum

2008 2403 2219 2475 explica
2231 2413 2313 2459 ret
2344 2403 2479 2459 alas.

2246 2666 2330 2722 Ea:
2361 2668 2597 2723 oratione
2626 2667 2680 2721 in
2706 2662 2966 2720 crudelem
3002 2660 3340 2731 {Egyptian

2082 2761 2325 2834 Egyptii
2351 2763 2745 2816 incrementum
2770 2755 2874 2810 Nili
2904 2771 2998 2825 per
3019 2753 3231 2809 cubitos
3253 2747 3592 2810 denuntiant,

2011 2868 2063 2911 et
2088 2871 2341 2911 mensura
2369 2854 2661 2909 metiuntur
2683 2864 2873 2919 aquas,
2911 2857 2964 2903 et
2995 2842 3333 2902 cubitusillis
3365 2843 3594 2896 materia

2014 2949 2185 3003 laudis
2212 2961 2313 3003 cst.
2345 2949 2624 3015 Ducesque
2656 2952 2906 3000 strenuos
2932 2940 3137 2994 videbit
3162 2936 3379 3002 tronaeis
3420 2935 3595 2988 mino—

2011 3043 2161 3097 ribus
2193 3041 2336 3096 mille
2361 3041 2614 3094 victorias
2639 3037 2957 3108 praedicare.
2993 3033 3198 3087 Parvus
3226 3030 3323 3084 fuit
3354 3028 3405 3082 itt
3437 3030 3597 3081 Arte-

2014 3128 2574 3184 misio'l'ltemistocles
2598 3124 2821 3198 (etenim
2846 3137 3006 3187 supra
3036 3120 3176 3191 regis
3194 3117 3425 3185 majores
3455 3129 3598 3184 pra:-

2013 3221 2158 3276 clare
2183 3218 2372 3291 gessit)
2399 3218 2569 3287 major
2590 3218 2642 3271 in
2673 3214 2931 3288 Psytalia,
2961 3226 3189 3282 magnus
3216 3210 3269 3264 in
3296 3206 3594 3263 Salamine.

2013 3312 2127 3370 Illic
2168 3312 2315 3369 enim
2356 3320 2522 3367 totam
2563 3309 2749 3365 Asiam
2780 3307 3071 3378 pugnando
3100 3300 3381 3359 demersit.

2584 3574 2632 3631 E
2655 3575 3031 3645 propemptica.

2088 3669 2151 3724 Et
2178 3667 2283 3722 hoc
2300 3666 2533 3722 forsitan
2570 3673 2718 3720 recte
2755 3664 2910 3719 facis.
2966 3661 3100 3717 Nam
3148 3674 3373 3716 necesse
3414 3659 3600 3730 utique

2014 3771 2118 3826 est,
2156 3775 2279 3814 eum
2310 3760 2401 3831 qui
2436 3760 2644 3813 laudari
2668 3758 2958 3818 desiderat.
2998 3756 3161 3812 etiam
3190 3770 3278 3809 res
3298 3754 3417 3808 illas
3452 3753 3597 3808 desi~

2015 3854 2209 3907 derare
2257 3852 2398 3906 unde
2439 3851 2555 3905 laus
2590 3851 2852 3921 procedit.
2884 3848 3000 3903 Non
3036 3849 3178 3903 enim
3214 3846 3336 3900 llliis
3376 3844 3604 3900 Periclis

2014 3941 2276 4014 praeclare
2304 3950 2452 4011 gesta
2482 3940 2832 4004 suﬂ‘ecerunt,
2864 3942 2958 3995 sed
2990 3939 3195 4010 indigni
3229 3948 3454 4007 paterna
3494 3936 3605 3989 vir-

2017 4045 2130 4090 tute
2160 4035 2500 4100 exsistentes,
2540 4034 2738 4104 372a
2781 4032 2845 4085 ad
2895 4032 3114 4099 majoris
3161 4028 3606 4102 reprehensionis

2018 4126 2303 4178 materiam
2336 4122 2616 4193 paternam
2648 4122 3015 4178 celebritatem
3055 4121 3235 4191 adepti
3271 4130 3421 4174 sunt.
3452 4118 3605 4173 Alio-

2018 4231 2243 4286 rumque
2274 4215 2369 4270 ﬁlii
2393 4214 2680 4270 multorum
2708 4212 2924 4268 fortium
2954 4213 3188 4267 virorum
3214 4209 3384 4277 fuere,
3407 4210 3606 4279 quibus

2017 4309 2268 4363 omnibus
2294 4316 2573 4378 parentqu
2598 4305 2765 4377 gloria
2792 4322 2896 4359 non
2929 4306 2992 4359 ad
3030 4303 3324 4373 pleniorem
3358 4301 3601 4365 laudem,

2018 4401 2111 4456 sed
2164 4402 2233 4455 ad
2289 4398 2652 4469 improbitatis
2707 4398 3109 4453 accusationem
3169 4394 3290 4449 fuit.
3354 4393 3607 4448 Forsitan

328 4504 586 4575 πατέρων
626 4503 887 4573 ὀνόματα.
933 4503 1029 4566 Τίς
1058 4498 1173 4568 οὗν,
1200 4503 1334 4567 ἴσως
1366 4503 1432 4555 ἂν
1479 4504 1651 4573 ἐρεῖς,
1687 4504 1720 4573 ἡ
1748 4502 1907 4573 θερα-

2019 4494 2225 4549 dixeris
2264 4491 2396 4560 Quis
2429 4510 2442 4546 :
2475 4492 2655 4561 igitur
2684 4492 2792 4545 erit
2839 4489 3037 4545 mentis
3072 4486 3288 4542 cultus?
3319 4483 3504 4539 Virtus
3550 4490 3606 4540 et

326 4593 457 4647 πεία
484 4593 578 4646 τοῦ
596 4592 688 4647 νοῦ
717 4610 734 4660 ;
771 4591 940 4664 ἀρετὴ
976 4594 1069 4647 καὶ
1096 4593 1279 4662 λόγος,
1306 4594 1339 4665 ἡ
1390 4593 1488 4663 μὲν
1518 4592 1765 4663 ἄρχουσα
1815 4592 1907 4649 καὶ

2022 4587 2348 4655 eluquentia.
2384 4582 2474 4637 Illa
2506 4583 2729 4652 quidem
2772 4583 3044 4651 imperans
3071 4590 3127 4635 et
3177 4579 3460 4634 dominans
3489 4577 3611 4633 elo—

328 4684 704 4738 ἐπιστατοῦσα
754 4684 834 4755 τῷ
869 4684 1037 4757 λόγῳ,
1068 4687 1097 4739 ὁ
1145 4686 1223 4752 δὲ,
1287 4684 1541 4757 καθάπερ
1600 4701 1685 4747 τις
1744 4684 1907 4749 δεξιὸς

2023 4676 2305 4744 quentiae:
2346 4674 2458 4727 haec
2488 4687 2620 4728 vero
2670 4681 2924 4741 tanquam
2973 4670 3148 4725 ﬁdelis
3201 4670 3356 4724 bona:
3405 4668 3609 4737 reginae

328 4774 548 4845 ἀγαθῆς
602 4776 872 4846 βασιλίδος
940 4777 1208 4843 διάκονος,
1256 4776 1325 4830 τὰ
1373 4775 1589 4847 ἐκείνης
1650 4774 1907 4829 ἐπιτελῶι

2025 4765 2293 4829 ministra,
2351 4764 2494 4818 illius
2545 4774 2815 4834 prascepta
2858 4762 3004 4817 omni
3055 4759 3406 4815 contentione
3448 4758 3611 4827 perﬁ-

331 4867 538 4938 σπουδῇ
560 4868 707 4940 πάσῃ
740 4870 819 4932 είς
850 4868 1011 4941 ἔργον
1035 4885 1094 4921 τε
1122 4868 1272 4937 ἄγων
1300 4869 1729 4940 προστάγματα.
1758 4866 1907 4921 Ἔστι

2023 4857 2195 4911 ciens.
2226 4853 2320 4910 Est
2341 4864 2395 4909 et
2413 4854 2688 4923 multiplex
2716 4854 2975 4909 virtutum
3002 4852 3223 4916 chorus,
3248 4865 3408 4920 quem
3436 4858 3608 4905 totum

331 4959 431 5013 καὶ
453 4957 613 5021 ἄλλος
644 4959 855 5027 ἀρετῶν
892 4944 1083 5029 μῦρίος
1110 4959 1288 5030 χορὸς,
1321 4958 1380 5012 ὃν
1413 4958 1632 5012 ᾶπαντα
1664 4958 1907 5029 εὑρήσεις

2025 4947 2266 5003 invenies
2300 4947 2356 5001 in
2390 4947 2794 5017 disciplinarum
2823 4945 3103 5021 gymnasio
3142 4959 3387 5008 versans,
3430 4943 3529 4999 has
3552 4948 3612 4997 ut

334 5050 469 5105 εῐσω
535 5052 787 5114 παιδείας
848 5050 1169 5122 ἀνακτόρων
1220 5050 1530 5121 γενόμενος.
1587 5049 1806 5113 Ταύτας
1864 5050 1907 5103 δέ

2029 5040 2272 5095 nutrices
2299 5048 2353 5095 et
2381 5048 2581 5094 matres
2613 5054 2799 5093 earum
2835 5040 2929 5092 tibi
2956 5038 3334 5094 couciliautes.
3378 5036 3442 5090 Et
3480 5049 3613 5090 sane

332 5141 525 5208 ὥσπερ
556 5141 809 5213 τιθηνοὺς
839 5142 933 5195 καὶ
964 5142 1210 5213 μητέρας
1240 5142 1461 5196 ἐκείνων
1491 5140 1622 5215 [606
1654 5140 1748 5215 IL]
1792 5158 1907 5213 προ-

2031 5133 2152 5188 dico
2181 5148 2279 5203 per
2307 5132 2404 5186 ltas
2447 5132 2661 5185 illarum
2711 5132 3025 5187 l'rnitionem
3072 5131 3448 5184 adventuram.
3487 5126 3611 5181 Filii

336 5232 477 5301 ξενῶ
506 5234 554 5265 ⁸⁸
589 5233 652 5287 τὲ
683 5249 765 5287 σοι
794 5233 890 5287 καὶ
920 5232 1065 5304 φημὶ
1103 5233 1168 5306 δὴ
1211 5234 1279 5287 δι’
1300 5234 1525 5289 ἐκείνων
1562 5234 1780 5304 καὶτῆς
1804 5232 1907 5289 τῶν

2032 5246 2162 5286 vero
2191 5246 2220 5285 α
2255 5232 2684 5303 prarceptoribus
2719 5227 2977 5294 abdicati,
3015 5226 3069 5280 in
3102 5226 3291 5281 urbem
3327 5223 3471 5277 illam
3513 5220 3614 5274 du-

338 5324 617 5397 ὲχομένων
678 5325 855 5398 θήρας
887 5323 1198 5394 ἐφίξεσθαι.
1231 5326 1294 5380 Ol
1317 5325 1374 5380 δε
1422 5327 1611 5391 παῖδες
1644 5325 1907 5381 ἀπολελυ·

2032 5326 2315 5381 cebautur.
2350 5324 2520 5382 Midas
2561 5324 2743 5398 Phryx
2780 5320 2891 5396 (50)
2921 5321 3148 5391 cupiens
3172 5319 3425 5391 Satyrum
3460 5327 3613 5369 com-

1618 5462 1854 5518 VABUE
1913 5461 2320 5521 LECTIONES.

1112 5557 1159 5590 ⁸⁸
1183 5556 1285 5630 τὸνΔ
1317 5569 1425 5630 nm.
1455 5553 1582 5630 AC._
1630 5556 1690 5630 _“
1717 5558 1765 5609 οί
1796 5570 1905 5630 om.
1933 5554 1996 5609 C.
2022 5626 2032 5630 _
2111 5555 2155 5630 ξ’
2184 5554 2615 5630 προαγορεύουσι

960 5626 1007 5660 ⁸⁸
1036 5622 1425 5702 προπατόρων]
1478 5625 1735 5696 πρόπλων
1797 5622 2241 5683 Ψετιιειίοτίίιιεξ
2342 5622 2487 5682 “sx
2514 5626 2734 5683 Αοεέκ
2796 5622 2890 5678 τοῦ
2944 5640 3003 5688 ς.

412 5556 461 5589 δ’
494 5551 606 5619 εἶχε
628 5555 714 5611 AC
752 5573 766 5610 :
799 5547 908 5609 εἷλε
950 5573 1012 5619 ς.

343 5628 387 5661 ⁸⁷
418 5628 580 5683 κατάι
638 5630 731 5680 καὶ
789 5629 856 5681 A.

345 5697 735 5771 προξενοῦντες
775 5716 835 5763 ς.

2807 5552 2974 5625 δθᾷκαὶ
3024 5550 3207 5625 μέτρῳ
3248 5544 3502 5625 μετρρῦεξι
3522 5558 3610 5625 ης.

3097 5610 3142 5655 ’δ
3172 5610 3414 5690 προξενῶ
3429 5612 3490 5667 τέ
3519 5610 3563 5669 C
3592 5629 3611 5667 :

1862 5788 2091 5848 NOTIE.

1862 5789 1902 5843 Ν
1957 5789 1998 5845 Τ
2053 5792 2067 5808 ⁸

302 5868 305 5871 γ
388 5903 392 5907 ’
424 5885 540 5961 (50)
580 5887 753 5947 Midas
780 5889 983 5961 Phryx,
1011 5888 1076 5944 de
1098 5902 1204 5958 quo
1234 5886 1374 5942 Max.
1412 5885 1539 5958 'l'yr.
1577 5901 1732 5943 serm.
1762 5886 1851 5941 50.
1909 5789 1951 5847 Ο
2003 5790 2067 5847 ὦ
