4050 6448
447 420 584 485 12ὒῖ

1613 422 1879 486 ΡΗΟΤΙΙ
1916 418 2423 486 PATRIARCH/E
2450 427 2560 488 (ΣΡ.

3593 421 3732 488 i368

443 523 807 604 prehendere,
848 533 977 589 vino
1007 549 1204 605 aquam
1240 534 1457 602 miscet,
1503 546 1560 594 et
1595 553 1790 595 senmo
1820 546 2040 609 captum

2158 535 2299 606 μένοι
2326 536 2664 594 διδασκάλων
2688 536 2790 608 τὴν
2830 536 2988 592 πόλιν
3023 536 3069 571 ³¹
3100 535 3316 607 εκείνην
3340 533 3622 606 ἔπεμπον.
3668 535 3732 589 '0

448 637 504 683 et
526 641 743 700 sepore,
772 624 1032 704 Satyrum
1061 636 1386 685 venatorum
1421 644 1574 687 more
1599 631 2034 702 comprehendit.

455 903 544 962 Ea:
566 906 806 962 oratione
830 915 1235 980 extemporanea
1256 924 1312 963 ιιι
1333 908 1643 980 seditionem
1663 926 1828 980 prope
1855 910 2039 966 ludum

853 979 1221 1033 concitantem.
1243 1007 1308 1020 ιη
1331 977 1650 1036 Excutiam.

523 1075 608 1129 An
639 1072 857 1144 aliquod
889 1073 942 1126 in
970 1071 1177 1128 nostris
1203 1071 1565 1136 orationibus,
1589 1071 1776 1140 amici,
1800 1075 2041 1130 medica-

457 1174 699 1220 mentum
729 1171 812 1219 est
833 1163 899 1218 ad
931 1162 1257 1219 discordiam
1283 1162 1577 1218 sedandam
1601 1165 1968 1221 conveniens?
1989 1175 2044 1222 et

456 1257 588 1328 quid
625 1264 807 1311 nostra
839 1270 930 1310 ars
963 1265 1167 1310 tantum
1201 1253 1548 1311 eiliorescere
1569 1257 1739 1329 cupit,
1780 1268 2042 1328 quantum

457 1349 729 1406 Homerus
756 1350 820 1403 de
847 1356 1060 1404 cratere
1087 1346 1324 1413 Helenae,
1374 1363 1534 1419 quem
1567 1347 1715 1405 Jovis
1745 1350 1922 1421 proles
1946 1352 2044 1406 bo-

460 1438 696 1506 spitibus
733 1437 1068 1508 porrigebat,
1109 1437 1164 1491 in
1208 1435 1464 1510 lacrymis
1499 1437 1726 1494 Menelai
1746 1439 2050 1512 conﬁngit?

459 1528 544 1584 vel
573 1528 786 1583 Helena:
817 1527 1074 1598 poculum
1104 1541 1213 1582 non
1242 1527 1409 1584 herba
1439 1529 1620 1599 aliqua
1655 1527 1777 1595 fuit,
1812 1544 1924 1585 non
1957 1546 2047 1586 ars

460 1623 706 1691 quaedam
729 1619 980 1692 Egyptia
1003 1619 1228 1675 hilarem
1256 1629 1446 1692 potum
1471 1635 1783 1692 praeparare
1805 1624 2000 1676 educta
2027 1640 2042 1676 :

461 1715 555 1769 sed
583 1711 758 1768 dulcis
797 1713 1014 1781 quidam
1056 1726 1241 1768 sermo
1272 1721 1327 1767 et
1359 1713 1598 1784 sapiens,
1630 1725 1827 1784 potens
1871 1713 2048 1770 instar

462 1804 844 1860 medicamenti
882 1804 1226 1860 iracundiam
1257 1805 1314 1862 in
1356 1807 1536 1862 medio
1558 1816 1780 1878 pectore
1805 1815 2045 1863 aestuan-

2139 630 2197 685 δὲ
2219 628 2406 700 Φρὺξό
2427 629 2606 694 Μίδας
2645 628 2788 685 ἑλεῖν
2841 628 3073 700 θελήσας
3100 631 3148 663 ³³
3173 629 3266 683 τδν
3317 630 3562 699 Σάτυρον
3592 628 3729 698 οῖνῳ

2141 722 2452 792 φαρμάττει
2475 720 2546 774 τὰ
2573 720 2814 792 νάματα,
2836 723 2931 776 καὶ
2953 721 3122 794 δήσας
3152 720 3311 794 ὕπνῳ
3371 723 3468 775 καὶ
3505 720 3730 792 κώματι

2141 812 2317 882 θήραν
2344 812 2583 865 ἐποιεῖτο
2623 811 2718 865 τὸν
2742 812 3006 881 Σάτυρον.

2155 904 2258 958 Ἕκ
2291 903 2398 959 τοῦ
2414 903 2514 957 ἐπι
2553 901 2629 970 τῇ
2655 903 2808 958 κατὰ
2851 903 2968 971 τὴν
2993 903 3310 972 διατριϐὴν
3366 903 3589 958 στάσει
3619 906 3733 958 αὐ-

2494 973 2837 1043 τοσχεδίου.
2854 1005 2926 1015 -
2945 975 3014 1029 Τὸ
3031 976 3367 1044 Προοίμιον.

2217 1061 2367 1136 *Αρά
2387 1083 2442 1120 τι
2465 1067 2559 1120 καὶ
2595 1067 2654 1120 ὲν
2681 1067 2796 1131 τοῖς
2824 1065 3114 1138 ἡμετέροις
3139 1066 3320 1135 λόγοις
3348 1066 3528 1127 ἐστὶν.
3559 1059 3607 1120 ὧ
3641 1066 3737 1134 φί-

2143 1157 2248 1223 λοι,
2291 1159 2583 1230 φάρμακον
2629 1159 2747 1232 ἔριν
2800 1159 3049 1230 κοιμίσαι
3117 1157 3462 1229 δυνάμενον;
3521 1159 3624 1212 καὶ
3678 1156 3735 1210 τί

2148 1252 2399 1325 βούλεται
2418 1253 2662 1308 τοιοῦτον
2681 1253 2728 1285 ⁸³
2756 1252 2852 1307 καὶ
2885 1253 2921 1324 ἡ
2954 1252 3086 1323 παρ’
3105 1253 3238 1323 ἡμῖν
3251 1252 3417 1324 τέχνη
3451 1250 3740 1306 νεανιεύε-

2148 1346 2296 1412 σθαι,
2324 1346 2507 1400 ὁποῖον
2531 1346 2578 1378 “
2601 1346 2851 1417 Ὅμηρος
2884 1345 2973 1399 διὰ
2998 1345 3092 1398 τοῦ
3131 1347 3408 1417 κρατῆρος
3437 1344 3538 1399 τοῦ
3566 1345 3671 1414 τῆς
3691 1344 3740 1376 ⁸⁸

2158 1438 2377 1511 Ἑλένης
2437 1437 2756 1504 αἰνίττεται,
2783 1437 2844 1492 ὃν
2867 1439 2902 1510 ἠ
2938 1437 3033 1493 τοῦ
3053 1437 3177 1503 Διὸς
3233 1440 3363 1502 παῖς
3409 1439 3529 1502 τοῖς
3563 1436 3741 1504 ξένοις

2149 1530 2366 1604 ῖστησιν
2417 1533 2476 1584 ὲν
2521 1529 2802 1586 Μενελάου
2849 1530 3180 1603 δακρύουσιν
3204 1531 3284 1597 “;
3313 1531 3348 1602 ἢ
3382 1535 3479 1584 καὶ
3526 1531 3591 1585 τὸ
3638 1531 3743 1600 τῆς

2157 1622 2377 1694 Ἑλένης
2397 1622 2689 1694 φάρμακον
2742 1623 2802 1676 οὐ
2822 1622 2928 1676 πόα
2955 1640 3041 1687 τις
3071 1619 3164 1695 ἦν,
3191 1623 3314 1676 ούδέ
3341 1639 3426 1686 τις
3457 1622 3742 1690 Αἰγυπτία

2148 1714 2312 1787 τέχνη
2345 1715 2610 1786 νηπενθὲς
2665 1715 2820 1786 πόμα
2868 1713 3232 1781 σκευάζουσα,
3263 1714 3405 1769 ἀλλά
3462 1732 3553 1778 τις
3577 1714 3744 1782 λόγος

2149 1808 2281 1878 ἡδὺς
2308 1807 2404 1862 καὶ
2433 1808 2734 1878 πάνσοφος,
2762 1807 3059 1879 φαρμάκου
3079 1807 3239 1878 δίκην
3257 1806 3462 1865 eam.
3504 1807 3745 1875 δυνάμε-

463 1906 570 1953 tem
595 1897 963 1968 exstinguere.
995 1898 1051 1953 ln
1073 1897 1370 1970 Egyptum
1391 1899 1573 1969 poesis
1594 1897 1828 1954 fabulam
1851 1898 2046 1964 trahit,

2158 1916 2243 1964 νος
2277 1897 2451 1970 θυμδν
2481 1901 2549 1952 ὲκ
2580 1899 2755 1970 μέσης
2778 1971 2779 1974 η
2806 1897 3034 1969 καρδίας
3063 1897 3254 1962 ζέοντα
3285 1915 3301 1965 ;
3329 1897 3542 1966 ἀπάγει
3569 1897 3633 1951 δὲ
3660 1898 3742 1960 είς

463 1997 524 2045 nt
552 2005 672 2046 eam
711 1997 939 2046 matrem
971 1992 1306 2062 argutiarmn
1351 1990 1613 2049 insinuet.
1650 1991 1924 2048 Parumne
1956 2007 2047 2048 rex

461 2081 758 2149 aliquando
793 2081 1009 2152 sapuit?
1042 2097 1152 2138 non
1188 2081 1444 2154 permisit
1481 2081 1535 2138 id
1565 2082 1910 2151 Timotheus,
1953 2085 2049 2139 sed

461 2181 624 2229 cantu
663 2174 717 2228 in
760 2175 957 2229 caelum
1000 2190 1172 2245 usque
1203 2174 1346 2246 regis
1378 2174 1620 2230 animum
1663 2174 1912 2230 abduxit.
1942 2175 2051 2231 lm-

465 2266 818 2322 moderatene
858 2267 1129 2323 aestuabat
1158 2267 1414 2322 animus?
1443 2283 1679 2338 praesens
1715 2269 1802 2324 ille
1843 2269 2050 2324 elatum

464 2361 709 2414 animum
764 2359 1040 2430 pulsando
1092 2360 1363 2416 citharam
1421 2358 1700 2415 domabat.
1752 2357 2052 2416 Mtestusne

464 2451 622 2505 erat?
655 2451 838 2506 statim
874 2450 1141 2506 ridentem
1184 2450 1529 2506 ostendebat.
1559 2451 1644 2506 An
1680 2451 2052 2521 voluptatibus

464 2541 796 2598 tenebatur?
822 2551 950 2612 post
973 2554 1193 2598 cantum
1214 2542 1400 2596 statim
1425 2541 1794 2598 castissimum
1829 2541 2053 2599 videbas

465 2634 858 2696 Alexandrum,
891 2641 968 2701 et,
998 2641 1056 2688 ut
1085 2633 1269 2688 omnia
1297 2633 1496 2698 dicam,
1522 2633 1682 2688 talem
1707 2633 1898 2689 videre
1925 2648 2050 2689 eum

468 2725 684 2793 licebat,
731 2727 947 2796 qualem
993 2725 1092 2781 tibi
1144 2741 1271 2782 eum
1323 2723 1647 2783 Timotheus
1699 2726 2050 2784 reddidisset.

467 2817 676 2886 Mitigat
702 2834 838 2874 aura
872 2818 1070 2875 (luctus
1099 2819 1214 2889 ipse
1240 2817 1546 2892 Zephyrus.
1574 2819 1772 2876 Orator
1816 2820 2050 2888 Atticus,

468 2920 523 2964 et
571 2911 748 2965 oratio
806 2911 992 2968 Graeca
1053 2929 1159 2968 non
1209 2913 1362 2968 tollet
1406 2913 1602 2984 372b
1649 2913 1973 2969 seditionem
2005 2915 2052 2971 si

467 3003 639 3057 solum
679 3003 991 3073 perorarit?
1019 3005 1157 3060 Cum
1187 3003 1489 3076 Xequhon
1527 3006 1786 3062 militaret
1817 2999 1965 3078 (nam
1998 3016 2054 3064 et

468 3101 591 3163 post
619 3093 861 3150 Socratis
892 3095 1238 3167 disciplinam
1263 3098 1426 3154 etiam
1462 3097 1672 3154 hastam
1707 3099 1876 3168 tulit);
1901 3100 2057 3171 inge-

2149 1989 2429 2060 Αἴγυπτον
2455 1988 2550 2043 τὸν
2577 1988 2748 2060 μῦθον
2778 1989 2812 2059 η
2843 1989 3088 2056 ποίησις,
3115 1987 3205 2041 ἴνα
3244 1988 3342 2058 τὴν
3385 1988 3605 2059 μητέρα
3630 1986 3745 2041 τῶν

2152 2083 2332 2150 σοφῶν
2358 2081 2532 2149 λόγων
2555 2079 2851 2153 αίνίξηται.
2894 2081 3145 2150 Ἐφρόνει
3185 2080 3323 2134 ποτε
3360 2079 3624 2150 βασιλεὺς
3654 2096 3746 2146 μι-

2151 2175 2413 2247 κρότερον
2446 2190 2463 2241 ;
2489 2175 2589 2228 οὐκ
2616 2175 2703 2228 εῐα
2722 2174 2882 2228 τοῦτο
2914 2173 3206 2245 Τιμόθεος,
3240 2172 3376 2227 ἀλλὰ
3409 2165 3510 2226 διαὶ
3533 2173 3618 2235 είς
3648 2171 3746 2224 ού-

2157 2267 2317 2339 ρανὸν
2349 2266 2510 2321 αὐτὸν
2541 2267 2711 2338 ἀνῆγε
2731 2267 2776 2299 ⁵⁷
2803 2265 2902 2338 τὴν
2936 2264 3164 2336 γνώμην
3187 2265 3283 2320 τοῦ
3307 2264 3594 2336 ,βασιλέως
3623 2266 3742 2327 τοῖς

2155 2360 2368 2432 μέλεσι.
2398 2358 2582 2429 Θυμδς
2624 2359 2810 2424 ἐπέξει
2860 2358 2956 2412 τοῦ
3012 2358 3234 2430 μετρίου
3287 2357 3491 2424 adiuv;
3539 2356 3746 2428 ἀφῄρει

2153 2451 2348 2522 παρὼν
2372 2451 2420 2483 ⁸⁸
2469 2451 2678 2514 ἐκεῖνος
2724 2450 2786 2503 τδ
2845 2449 3145 2515 πλεονάζον
3193 2449 3309 2514 τοῖς
3371 2447 3743 2521 κρούσμασιν.

2159 2543 2403 2614 Ἀθυμος
2429 2537 2500 2616 ἦν
2535 2559 2553 2609 ;
2606 2541 2898 2612 μειδιῶντα
2929 2542 3092 2606 εὐθὺς
3126 2540 3173 2574 ⁸⁸
3213 2541 3452 2596 ἐδείκνυ.
3488 2540 3744 2604 Ἦδοναῖς

2154 2635 2426 2703 ἐνεδίδους
2455 2629 2597 2699 εἶδες
2623 2634 2690 2689 ἂν
2718 2633 2882 2697 εὐθὺς
2934 2633 3139 2704 σεμνὸν
3173 2632 3314 2704 μετὰ
3341 2633 3444 2703 τὴν
3468 2633 3744 2703 μουσικὴν

2165 2726 2538 2800 Ἀλέξανδρον.
2565 2726 2677 2781 Καὶ
2705 2727 2767 2780 τὸ
2789 2727 3018 2797 σύμπαν
3055 2727 3254 2791 εἰπεῖν,
3304 2724 3553 2779 τοιοῦτον
3608 2723 3744 2795 ἐξῆν

2152 2821 2289 2893 όρᾷν
2321 2822 2548 2887 ἐκεῖνον,
2575 2821 2757 2874 ὁποῖον
2775 2820 2937 2874 αὐτὸν
2967 2819 3143 2873 ἐποίει
3165 2819 3254 2874 διὰ
3280 2818 3392 2873 τῶν
3407 2818 3745 2890 αὐλημάτων

2155 2915 2444 2986 Τιμόθεος.
2487 2913 2727 2986 Πραύνει
2752 2913 2998 2984 Ζέφυρος
3023 2915 3146 2976 ταῖς
3175 2911 3373 2985 αὔραις
3395 2913 3468 2966 τὰ
3489 2912 3739 2983 κύματα·

2169 3009 2414 3072 Ἀττικὸς
2431 3007 2490 3062 δὲ
2507 3008 2692 3078 ῥήτωρ
2718 3007 2813 3060 καὶ
2834 3006 2992 3076 λόγος
3019 3005 3222 3076 Ἕλλην
3252 3007 3312 3060 ού
3342 3005 3499 3060 λύσει
3528 3005 3742 3069 στάσιν,

2154 3103 2204 3156 εἰ
2236 3101 2398 3172 μόνον
2422 3099 2746 3170 φθέγξαιτος
2777 3101 2846 3155 '0
2875 3117 2935 3154 τε
2959 3098 3212 3170 Ξενοφῶν
3232 3100 3607 3172 ἐστρατεύετο·
3645 3099 3746 3152 καὶ

471 3185 620 3240 nimn
645 3187 845 3257 quippe
891 3189 1241 3246 commodum
1291 3199 1348 3246 et
1402 3205 1726 3260 congruum.
1778 3191 2052 3249 Delicatus

2158 3192 2369 3264 γὰρκαὶ
2388 3191 2516 3263 δόρυ
2536 3191 2677 3263 μετὰ
2689 3191 2987 3262 Σωκράτην
3002 3190 3255 3260 Ξενοφῶν
3273 3191 3526 3262 ἧνεγκεν.
3542 3190 3618 3244 Τὸ
3631 3188 3745 3260 γὰρ

467 3273 575 3336 Fuit
601 3279 915 3339 Alcibiades
933 3297 1058 3337 cum
1088 3281 1319 3339 Athenis
1348 3283 1645 3349 habitaret,
1674 3283 1896 3344 sobrius
1925 3302 2050 3343 cum

469 3369 877 3429 Lactedenmae.
938 3372 1138 3432 Persas
1198 3384 1425 3449 propter
1479 3378 1702 3435 delicias
1760 3379 1911 3436 solus
1968 3395 2056 3436 re-

470 3465 779 3535 prehendit.
806 3465 864 3522 Si
897 3483 1026 3524 vero
1055 3468 1349 3539 aliquando
1369 3485 1595 3528 necesse
1617 3481 1766 3528 esset
1790 3486 1912 3527 eum
1935 3488 2061 3543 0pc-

469 3572 588 3612 ram
613 3557 748 3614 dare
787 3558 1132 3630 eloquentiae,
1159 3567 1216 3616 et
1246 3561 1303 3617 in
1351 3563 1747 3633 ριιίιοεονιιίρίς
1785 3563 2056 3632 exerceri,

471 3660 647 3706 totum
677 3649 916 3722 Lyceum
951 3659 1007 3708 et
1048 3653 1400 3710 Academiam
1453 3657 1812 3714 convocabat.
1840 3657 2060 3714 Texen-

472 3751 559 3798 tes
591 3741 736 3798 hanc
767 3743 833 3798 de
861 3741 972 3800 illis
1000 3743 1313 3800 historiam.

474 3925 562 3982 Ex
595 3929 834 3983 oratione
865 3929 921 3983 iu
956 3929 1234 3986 adventum
1272 3931 1605 4004 Cypriorum.
1637 3963 1710 3975 -—
1737 3932 2054 3990 Exordium.

545 4080 726 4138 Poeta:
748 4083 943 4140 Veneri
976 4084 1088 4140 dea:
1112 4085 1376 4158 Cyprum,
1411 4096 1472 4142 ut
1504 4087 1667 4143 Deion
1695 4088 1928 4158 Apollini
1971 4105 2060 4145 as-

473 4175 712 4243 signant.
748 4174 959 4247 Cyprus
1003 4179 1146 4232 enim
1194 4179 1326 4235 urbs
1377 4189 1568 4246 vasta;
1614 4181 1762 4236 cives
1805 4191 2061 4238 accurate

472 4264 660 4324 Graece
693 4269 1010 4339 loquuntur.
1056 4269 1202 4326 Mare
1240 4269 1504 4327 Venerem
1548 4288 1580 4329 e
1629 4273 1780 4330 leo
1832 4276 2058 4346 peperit.

475 4359 671 4415 Partus
701 4376 830 4415 vero
852 4362 973 4427 hos,
1004 4361 1190 4432 quales
1213 4363 1504 4434 aliquando
1536 4377 1683 4432 sunt,
1711 4380 1869 4422 sacra
1892 4367 2057 4424 verba

475 4463 700 4522 tangere
738 4452 952 4521 jubent.
1005 4454 1155 4527 Opus
1185 4457 1331 4513 enim
1378 4467 1501 4513 erat
1537 4456 1806 4514 Venerem
1839 4462 2056 4517 demum

2161 3284 2364 3355 εὐφυὲς
2390 3284 2750 3356 εὐάρμοστον.
2777 3283 2970 3355 Ἀϐρδς
2997 3278 3067 3354 ἦν
3097 3282 3468 3354 Ἀλκιϐιάδης.
3502 3281 3745 3352 ὁπηνίκα

2161 3378 2294 3448 παρ’
2323 3376 2630 3447 Ἀθηναίοις
2656 3369 2772 3446 εἶχε
2822 3375 2924 3446 τὴν
2949 3374 3183 3430 δίαιταν·
3216 3374 3416 3446 σεμνὸς
3445 3369 3517 3444 ἦν
3548 3375 3608 3428 ὲν
3631 3375 3744 3428 Λα-

2159 3467 2465 3538 κεδαίμονι·
2501 3466 2570 3520 τά
2601 3463 2829 3537 Περσῶν
2861 3465 2921 3529 ἐς
2963 3464 3178 3536 τρυφὴν
3219 3464 3380 3535 μόνος
3422 3463 3740 3535 ἐξήλεγχεν.

2165 3561 2228 3613 Ei
2259 3559 2316 3613 δέ
2342 3575 2473 3613 ποτε
2501 3557 2606 3612 ἔδει
2636 3557 2735 3611 καὶ
2761 3557 2957 3627 λόγους
2989 3556 3278 3627 φροντίσαι
3303 3557 3400 3610 καὶ
3428 3557 3499 3609 τὰ
3525 3556 3742 3626 φιλοσοο

2160 3650 2295 3720 φίαις
2312 3650 2720 3722 γυμνάσασθαι,
2752 3649 2984 3704 Λύκειον
3010 3649 3230 3704 ἅπαντα
3263 3649 3360 3724 καὶ
3401 3648 3745 3721 ⁹Δκαδημξαν

2159 3739 2471 3804 ταῖςοαύτοῦ
2499 3739 2832 3804 ’συνουσίαις
2868 3737 3177 3810 εἰργάζετο.
3209 3737 3276 3791 Οί
3305 3737 3610 3809 κάμνοντες
3647 3735 3745 3806 τὴν

2163 3833 2405 3904 ἱστορίαν
2424 3831 2524 3902 τὴν
2546 3831 2691 3903 ἀμφὶ
2703 3831 2949 3896 τούτους.

2161 3926 2328 4001 [H52
2350 3923 2444 3998 3.]
2485 3925 2588 3980 Ἐκ
2613 3923 2722 3980 τοῦ
2736 3924 2960 4001 εις-τῂν
2973 3923 3093 4001 τῶν
3109 3923 3388 3993 Κυπρίων
3399 3920 3742 3992 ἐπιδημίαν.

2672 4024 2746 4037 -
2769 3996 2842 4050 Τὸ
2869 3997 3211 4065 Προοίμιον.

2233 4089 2347 4162 Τὴν
2373 4091 2603 4162 Κύπρον
2667 4090 2717 4142 oi
2741 4089 2964 4160 ποιηταὶ
2993 4087 3133 4142 θεῶν
3175 4088 3470 4160 Ἀφροδίτῃ
3501 4083 3748 4157 χαρίζον-

2161 4201 2277 4248 ται,
2320 4183 2512 4254 ὥσπερ
2561 4182 2660 4252 τὴν
2690 4182 2860 4251 Δῆλον
2901 4181 3220 4235 ’Δπόλλωνι.
3255 4181 3322 4236 Ἠ
3353 4181 3464 4251 γάρ
3520 4179 3746 4249 Κύπρος·

2164 4276 2322 4340 πόλις
2355 4273 2587 4346 μεγάλη·
2615 4273 2777 4344 δῆμοι
2801 4273 2846 4304 ⁸⁸
2876 4273 2977 4343 τὴν
2991 4273 3239 4343 γλῶτταν
3269 4271 3516 4344 άκριὸῶς
3547 4269 3741 4342 Ἐλλη-

2162 4385 2274 4432 νες.
2315 4366 2527 4420 Ὤδινεν
2569 4363 2632 4430 ἐξ
2653 4362 3025 4436 Οὐρανοῦ-τὴν
3070 4363 3393 4434 Ἀφροδίτην
3415 4364 3450 4432 ὴ
3485 4360 3741 4415 θάλαττα·

2130 4516 2135 4521 .
2162 4461 2263 4526 τὰς
2291 4461 2348 4515 δὲ
2377 4461 2576 4523 ὠδῖνας
2617 4459 2740 4532 [607
2783 4455 2878 4530 H.]
2910 4456 3136 4521 ταύτας,
3191 4455 3395 4518 αἵτινές
3426 4455 3562 4508 mre
3618 4457 3743 4518 είσι,

474 4546 710 4617 concipi.
757 4547 982 4604 Sistitur
1035 4559 1148 4605 tum
1191 4567 1362 4618 mare,
1390 4561 1446 4606 et
1487 4552 1671 4608 statim
1705 4554 2052 4612 serenitatem

2169 4554 2424 4625 μυστικοὶ
2445 4551 2593 4620 λόγοι
2639 4551 2905 4623 κρύπτειν
2957 4546 3259 4602 κελεύουσι.
3319 4547 3431 4601 Καὶ
3482 4545 3590 4599 ἔδει
3639 4544 3746 4617 γὰρ

475 4637 703 4704 inducit,
765 4639 1016 4696 mollibus
1067 4639 1323 4698 ﬂuctibus
1371 4652 1590 4714 promer
1645 4655 1857 4713 partum
1908 4647 2058 4703 illmn

471 4731 775 4786 exsultans.
808 4729 1025 4803 Vulgari
1048 4733 1243 4790 Veneri
1273 4735 1405 4790 nihil
1427 4752 1551 4792 cum
1575 4738 1784 4796 ctelesti
1804 4739 1890 4796 illa
1909 4756 2060 4797 com-

477 4835 642 4876 mune
673 4832 779 4878 est.
808 4820 1068 4880 Producit
1106 4827 1193 4881 illa
1229 4827 1494 4898 impuros,
1519 4841 1576 4886 et
1604 4842 1794 4888 natura
1832 4834 2064 4905 impudi-

474 4929 572 4967 cos
605 4928 820 4968 amores
853 4933 867 4970 :
899 4916 1015 4972 haec
1042 4933 1239 4973 aureos
1266 4919 1430 4976 habet
1462 4922 1621 4988 lilios,
1647 4931 1702 4979 et
1729 4939 1893 4980 aurea
1934 4935 2064 4981 sunt

476 5005 672 5062 horum
715 5009 840 5066 tela.
878 5009 1086 5080 Scopus
1120 5023 1300 5068 autem
1335 5028 1523 5071 eorum
1565 5025 1694 5072 sunt
1718 5016 1968 5086 juvenes,
2007 5028 2064 5076 et

477 5096 813 5156 immortales
833 5103 1048 5158 animae.

691 5281 779 5337 Ea:
798 5281 1036 5340 oratione
1059 5274 1117 5342 iit
1147 5291 1423 5359 quemdam
1461 5290 1847 5361 Cappadocem.

483 5371 492 5377 ’
548 5371 668 5429 Non
703 5376 852 5431 venit
889 5377 1088 5449 Scytha
1137 5380 1244 5436 telo
1266 5392 1454 5439 vectus
1491 5399 1586 5454 per
1609 5383 1808 5441 lstrum
1843 5388 1927 5442 vel
1955 5389 2063 5443 Ta-

478 5464 628 5534 nain,
658 5467 754 5524 sed
783 5470 836 5524 in
868 5472 1178 5528 universam
1208 5482 1410 5531 terram
1445 5485 1501 5532 et
1529 5492 1700 5535 mare.
1730 5478 2059 5550 Eloquentia

2160 4645 2349 4700 λοιπὸν
2370 4641 2707 4712 ὲκκυηθῆναι
2736 4641 2834 4711 τὴν
2877 4638 3133 4709 δαίμονα.
3170 4639 3424 4691 ’Ίσταται
3453 4637 3554 4707 μὲν
3585 4636 3745 4698 εὐθὺς

2160 4738 2255 4792 καὶ
2284 4738 2408 4807 ἄγει
2437 4735 2680 4806 γαλήνην
2709 4733 2744 4804 η
2768 4732 3031 4797 θάλαττα,
3068 4729 3298 4793 ἁπαλοῖς
3346 4728 3560 4799 κύμασι
3618 4727 3745 4798 περὶ

2163 4832 2256 4886 τὸν
2316 4832 2478 4885 τόκον
2507 4830 2550 4862 ⁶¹
2608 4827 2988 4900 πορφύρουσα.
3046 4823 3322 4895 Πανδήμῳ
3377 4822 3420 4876 δ’
3457 4821 3747 4893 Ἀφροδίτη

2162 4927 2300 4998 πρὸς
2324 4925 2422 4996 τὴν
2454 4923 2714 4995 οὐρανίαν
2734 4921 2886 4976 οὐδὲν
2923 4919 3126 4974 κοινόν.
3165 4918 3233 4972 Ἥ
3285 4917 3388 4988 μὲν
3435 4915 3550 4986 γάρ
3584 4915 3744 4985 βεϐή-

2163 5020 2288 5081 λους
2314 5018 2410 5071 καὶ
2430 5016 2493 5070 ού
2519 5014 2809 5086 καθαροὺς·
2822 5013 2920 5084 τὴν
2961 5012 3127 5081 φύσιν
3155 5011 3321 5082 γεννᾲ
3351 5011 3478 5073 τοὺς
3515 5009 3742 5080 ἔρωτας·

2162 5113 2230 5182 τῇ
2245 5110 2302 5164 δὲ
2317 5110 2507 5179 χρυσοῖ
2535 5107 2636 5180 μὲν
2660 5105 2912 5170 οἱπαῖδες
2935 5105 2981 5136 ⁸⁸
3019 5104 3199 5177 χρυσᾶ
3218 5103 3275 5158 δὲ
3286 5104 3358 5157 τά
3375 5103 3419 5135 ⁸³
3433 5101 3640 5157 τούτων
3657 5099 3744 5154 καὶ

2168 5204 2320 5278 βέλη,
2334 5202 2528 5257 σκοποὶ
2550 5201 2608 5256 δὲ
2631 5201 2816 5264 αὐτοῖς
2853 5199 3025 5270 ψυχαὶ
3059 5198 3321 5262 νεοτελεῖς
3335 5197 3434 5252 καὶ
3458 5197 3740 5268 ἀκήρατοι·

2283 5297 2381 5351 Ἐκ
2406 5295 2513 5350 τοῦ
2541 5295 2629 5362 είς
2661 5293 2770 5348 τὸν
2793 5293 2862 5348 ἐκ
2901 5291 3331 5358 Καππαδοκίας
3351 5288 3667 5358 ῥηθέντος.

2217 5390 2352 5445 Οὐδὲ
2365 5389 2504 5460 ὑπὲρ
2525 5389 2741 5456 Ἴστρον
2757 5385 2922 5441 αὑτὸν
2944 5386 3040 5440 καὶ
3064 5384 3290 5448 Τάναϊν,
3315 5380 3434 5437 ἀλλ’
3455 5377 3551 5434 ιτει
3569 5382 3745 5434 πᾶσαν

2163 5483 2272 5554 γῆν
2292 5485 2391 5538 καὶ
2429 5481 2702 5536 θάλατταν
2727 5475 2894 5550 ἦλθεν
2921 5479 2952 5530 ὁ
2991 5474 3207 5546 Σκύθης
3232 5474 3372 5547 ὑπὲρ
3414 5471 3512 5528 τοῦ
3555 5471 3740 5544 βέλους

1763 5633 1996 5692 νΑιιιΑς
2024 5636 2432 5695 LECTIONES.

627 5743 1050 5835 πόλινῙ-πομπην
1074 5746 1518 5835 δνιξτιιξύρτίῖυελ
1585 5751 1631 5784 ⁸³
1648 5750 1789 5835 ἑλεῖν
1807 5751 2062 5835 θελήσας]
2091 5753 2352 5835 ξθελήσας
2378 5753 2494 5835 C.__
2519 5753 2615 5835 καί
2641 5752 2718 5825 τι]
2753 5753 2853 5835 καῖ
2879 5752 2934 5807 τί
2964 5769 3041 5835 ς...
3087 5748 3431 5835 ξίτοισύτοη
3460 5746 3734 5835 Ιξοίειίιιξε

479 5810 604 5868 libri
629 5810 916 5870 τοσοῦτονξ
981 5810 1028 5849 ⁵³
1065 5817 1269 5878 ὁποῖον]
1325 5821 1446 5875 ὅποι
1476 5820 1542 5878 C.

1709 5823 1758 5897 υ
1784 5823 1879 5877 τοῦ
1913 5823 2128 5897 τῆίςγτρ
2151 5823 2249 5893 τῆς
2281 5825 2346 5877 Α.

480 5881 529 5915 ⁸⁵
555 5885 729 5959 παρὸν
778 5884 841 5940 C.
918 5887 964 5921 ’ν
980 5887 1110 5943 εὐθὺ
1145 5881 1418 5948 ἑδεῧινυεν
1443 5909 1509 5959 ς.
1586 5895 1632 5929 ⁸⁸
1656 5894 1814 5966 δήμῳ
1841 5910 1925 5967 pr.
2090 5895 2132 5928 “
2166 5881 2331 5949 τόπον
2357 5895 2420 5950 Δ.

2449 5824 2497 5860 ³⁸
2522 5820 2787 5894 δάκρυσιν
2812 5822 2877 5879 C.
2974 5823 3041 5894 ﬁ"
3076 5823 3244 5893 ἀνῆγε
3274 5820 3322 5894 β
3359 5837 3374 5894 ;
3405 5821 3648 5894 ἀνήγαγε
3675 5833 3735 5882 ς.

2523 5896 2570 5929 ⁸³
2599 5890 2788 5960 παῖδες
2807 5895 2881 5952 C:
2914 5893 3075 5959 πόδες
3107 5890 3202 5959 ςζ
3243 5893 3288 5925 ⁸³
3316 5893 3387 5946 sit
3407 5906 3519 5948 om.
3542 5890 3609 5945 Α.
