4050 6412
229 410 368 481 Ῐ359

1326 416 1853 481 BIBLIOTHECA.
1870 439 1941 453 -
1968 414 2134 477 COD.
2162 417 2475 478 CCXLIII.

3374 418 3516 486 1370

225 534 544 605 ὀχούμενος.
578 531 752 601 Λόγος
782 532 842 587 δὲ
864 529 975 601 ἄρα
997 528 1062 585 τὸ
1107 528 1262 600 βέλος
1302 531 1664 597 Ἀπόλλωνος.
1694 533 1808 587 Καὶ⁵

1935 528 2018 585 ela
2047 538 2173 585 sunt
2206 529 2496 601 Apollinis,
2543 540 2598 587 et
2641 531 2839 589 ﬂumen
2882 534 3119 591 fabulam
3195 536 3403 592 habens
3434 539 3517 594 di-

227 625 476 696 παταμὸς
507 626 628 680 ἐκεῖ
690 624 861 695 μῦθον
904 626 1045 696 έχων
1098 624 1270 696 ἀκοῆς
1330 607 1602 695 Ἑλλήνων
1632 625 1809 692 ἀξιον.

223 716 433 775 Ἦλθεν
460 718 548 773 ἐπ’
594 719 791 784 Ἰνδοὺς
819 720 850 772 ό
878 720 925 752 ⁸⁸
943 719 1218 779 Διόνυσος.
1245 719 1403 787 γένος
1421 718 1522 791 τὴν
1557 719 1815 776 Διονύσου

224 814 389 885 χάριν
416 813 771 887 ἀρνούμενον.
798 808 908 866 Ἦν
933 812 991 866 δὲ
1014 813 1044 866 ό
1076 812 1175 883 μὲν
1199 811 1433 882 στρατὸς
1477 811 1687 883 Βάκχαι
1709 813 1816 868 καὶ

227 909 490 979 Σάτυρος,
530 908 602 962 τὰ
636 907 695 961 δὲ
722 904 865 960 ὅπλα
884 905 1192 976 νεδρίδες⁶⁸
1211 904 1308 959 καὶ
1322 902 1533 974 θύρσοι.
1552 907 1614 957 Ol
1631 904 1688 958 δὲ
1706 906 1819 976 ἀρα

224 1000 361 1069 ὁμοῦ
412 1016 473 1053 τε
496 996 639 1053 εἶδον
669 998 761 1052 τὸν
784 997 907 1050 θεὸν
923 997 1021 1051 καὶ
1043 997 1272 1069 ᾕρηντο,
1307 996 1405 1050 καὶ
1444 997 1514 1050 τά
1561 996 1703 1051 ὅπλα
1732 998 1817 1067 ῥί-

229 1094 432 1164 ψαντες
458 1094 617 1164 χορὸς
650 1093 700 1145 οἱ
727 1091 866 1155 τέως
894 1090 1195 1161 μαχόμενοι
1238 1090 1318 1161 τῷ
1364 1089 1603 1161 Διονύσῳ
1678 1090 1815 1143 καθ-

231 1186 472 1238 ίσταντο.
528 1184 682 1237 Ἐπεὶ
710 1182 769 1236 δὲ
825 1184 886 1236 ὲν
954 1183 1105 1254 ὅροις
1139 1181 1186 1214 ⁵⁸
1238 1179 1625 1234 Καππαδοκῶν
1673 1174 1817 1251 ἦσαν

229 1277 514 1346 ἀγόμενοι,
541 1274 802 1345 σκηνοῦσι
832 1274 934 1345 μὲν
962 1273 1056 1328 ἐπὶ
1089 1272 1169 1345 τῷ
1199 1272 1369 1344 χείλει
1397 1273 1497 1327 τοῦ
1540 1271 1814 1344 ποταμοῦ,

227 1362 273 1437 ᾧ
305 1370 403 1423 καὶ
463 1366 657 1422 δώσειν
705 1366 804 1438 τὴν
858 1365 1182 1435 ἐπωνυμίαν
1215 1365 1473 1436 ἧμελλον,
1505 1363 1704 1435 δεῆσαν
1758 1364 1817 1419 δὲ

227 1463 344 1523 τοῖς
370 1461 576 1530 νάμασι
604 1458 905 1512 λούσασθαι
934 1456 1228 1527 ἀμείϐεται
1262 1456 1363 1527 μὲν
1389 1458 1418 1510 ό
1441 1459 1684 1528 ποταμὸς
1717 1456 1815 1510 καὶ

229 1553 291 1606 τὸ
320 1552 598 1623 ἀργυροῦν
648 1551 794 1621 ὕδωρ
844 1550 1029 1614 Ἰνδοῖς
1076 1548 1350 1620 όμιλῆσαν
1403 1548 1738 1620 μελαίνεται,
1767 1548 1818 1601 oi

230 1645 288 1699 δὲ
317 1646 457 1714 ὅπερ
487 1640 630 1715 ἦσαν
656 1643 835 1710 αὐτοὶ,
866 1641 1138 1695 τοῦτοκαὶ
1165 1638 1308 1695 εἶναι
1344 1642 1438 1695 καὶ
1467 1639 1819 1695 καλεῖσθαι⁶⁷

228 1737 323 1790 τὸν
385 1736 631 1806 ποταμὸν
708 1735 1153 1805 ἀπεργάζονται.
1212 1733 1494 1787 Ἐντεῦθεν
1554 1734 1680 1801 ἄγει
1723 1734 1817 1786 τὸν

227 1828 566 1898 νεανίσκονή
594 1827 778 1897 φήμη.
823 1825 881 1878 'U
914 1824 973 1878 δὲ
1004 1824 1281 1895 ἡμέτερος
1325 1823 1553 1887 πλοῦτος
1576 1825 1638 1877 ού
1680 1840 1814 1894 χρυ-

1918 638 2105 694 gnam,
2139 640 2264 695 qua:
2291 640 2322 680 a
2348 624 2558 683 Grazcis
2584 629 2856 683 audiatur.
2894 629 3057 685 Venit
3095 631 3161 684 ad
3185 631 3343 686 Indos
3378 630 3516 687 Bac-

1918 716 2075 783 chus,
2125 718 2191 771 ad
2240 731 2480 789 gentem,
2531 734 2653 790 qua».
2702 719 2902 776 Bacchi
2950 722 3271 777 beneficium
3333 732 3513 793 negat,

1917 806 2143 863 Bacchae
2171 820 2224 865 et
2253 810 2483 882 Satyrus
2510 814 2788 868 exercitus
2814 813 2936 878 fuit,
2963 815 3135 886 thyrsi
3167 825 3226 869 et
3256 816 3511 870 uebrides

1918 914 2089 955 arma.
2120 899 2200 955 Illi
2231 917 2362 958 vero
2388 905 2558 959 simul
2586 920 2651 960 ac
2677 907 2933 961 viderunt
2966 906 3157 971 Deum,
3190 921 3313 960 eum
3348 921 3513 961 exce-

1920 1001 2139 1061 perunt,
2192 996 2473 1065 armisque
2522 997 2771 1067 deiectis,
2814 1014 2937 1053 cum
3003 998 3218 1053 Baccho
3273 1014 3514 1069 pugnare

1919 1094 2222 1153 coeperunt.
2272 1086 2406 1140 Cum
2452 1098 2635 1144 autem
2687 1090 2739 1143 iu
2787 1090 3139 1160 Cappadocia:
3187 1089 3322 1143 lines
3374 1083 3515 1157 pulsi

1919 1185 2068 1239 sunt,
2108 1176 2162 1231 itt
2209 1176 2321 1246 ripa
2370 1174 2608 1235 ﬂuminis
2658 1181 2892 1235 tentoria
2940 1183 3169 1250 lingunt,
3200 1178 3285 1233 cui
3317 1192 3512 1232 nomen

1921 1267 2142 1323 ittdituri
2189 1279 2367 1326 erant.
2415 1270 2716 1341 Oportebat
2761 1286 2893 1327 vero
2939 1286 3036 1326 eos
3084 1270 3240 1340 aquis
3287 1269 3512 1323 lavari:

1920 1373 2161 1418 mutatur
2181 1363 2396 1430 ﬂuvius,
2421 1377 2790 1437 argenteaque
2812 1381 2952 1437 aqua
2974 1383 3096 1423 cum
3121 1364 3272 1420 Indis
3293 1374 3514 1419 versata

1919 1456 2072 1526 nigra
2104 1456 2182 1511 fit.
2217 1457 2293 1513 llli
2327 1473 2457 1515 vero
2489 1461 2542 1515 id
2580 1460 2725 1531 quod
2768 1461 2868 1528 ipsi
2910 1469 3087 1525 erant,
3123 1460 3229 1515 hoc
3267 1468 3325 1514 et
3363 1471 3511 1520 esse.

1918 1558 1974 1601 et
1990 1548 2131 1619 loqui
2146 1549 2367 1605 ﬂuvium
2383 1551 2690 1605 voluerunt.
2713 1551 2849 1606 Hinc
2870 1551 3010 1606 fama
3025 1550 3276 1620 juvenem
3299 1548 3467 1603 trabit
3495 1567 3510 1603 :

1918 1638 2117 1711 373a
2175 1652 2372 1696 vestrae
2417 1656 2545 1696 vero
2584 1643 2782 1697 divitia:
2816 1658 2921 1698 nou
2967 1659 3160 1697 aurum
3197 1641 3384 1712 Gygis,
3428 1640 3510 1692 vel

1920 1730 2094 1801 Lydii,
2121 1736 2213 1789 sed
2252 1735 2345 1789 lilii
2382 1736 2601 1806 quidam
2642 1734 2827 1804 vigore
2866 1736 3041 1790 artatis
3072 1735 3431 1806 pubescentes
3462 1740 3518 1785 et

1922 1824 2288 1891 ﬂorescentes,
2314 1830 2431 1882 visu
2455 1828 2673 1898 quidem
2700 1828 2889 1882 tumidi
2908 1838 2962 1883 et
2985 1827 3225 1895 superbi,
3249 1826 3513 1894 tanquam

230 1922 323 1983 σός
346 1937 432 1983 τις
452 1890 749 1989 Γυέάὀσίξή
781 1917 996 1982 Λύδιος,
1186 1890 1330 1979 τινες
1361 1915 1551 1979 παῖδες
1573 1890 1817 1986 ἡϐώντες

1935 1917 1963 1969 si
1998 1931 2030 1970 e
2064 1918 2240 1971 tnedin
2267 1916 2416 1973 lovis
2450 1927 2672 1988 pectore
2704 1920 2816 1973 uati
2844 1928 3047 1974 essent.

233 2015 456 2087 μὲντὴν
485 2012 532 2047 ⁸⁸
554 2012 705 2083 ὥραν
733 2011 830 2065 καὶ
852 2011 952 2083 τὴν
984 2009 1205 2083 ἠλικίαν
1275 2006 1641 2080 ἀκμάζοντες,
1719 2006 1945 2077 σοϐαροὶ
1993 2010 2094 2080 μὲν
2145 2010 2274 2065 ίδεῖν
2320 2012 2417 2065 καὶ
2474 2012 2799 2082 ύψαύχενες,
2850 2013 2945 2067 ἀτε
3019 2013 3085 2066 ὲκ
3166 2010 3348 2083 μέσων
3398 2005 3519 2073 Ach;

230 2105 473 2177 στέρνων
488 2103 801 2173 γεινάμενοι
834 2100 903 2155 ⁸⁸.

239 2201 340 2254 Ἐκ
368 2197 477 2254 τοῦ
500 2196 610 2264 ὅτε
628 2195 744 2264 τὴν
749 2194 1046 2264 ἐπίδειξιν
1059 2191 1754 2261 ἀξιούμενος-ἀνεϐάλετο
1774 2193 1822 2225 ⁷⁶

562 2262 900 2320 εἶταέἷπεν.
933 2296 1004 2308 --
1036 2266 1107 2320 Τὸ
1140 2265 1480 2333 Προοίμιον.

300 2354 510 2424 Πέρσαι
559 2353 630 2406 τά
676 2352 805 2416 τόξα
864 2350 1248 2416 σπουδάζουσι,
1298 2350 1396 2403 καὶ
1459 2350 1571 2412 πᾶς
1616 2348 1646 2401 ό
1707 2347 1822 2417 βίος

230 2446 463 2508 ἐκείνοις
494 2443 742 2514 φαρέτρα
774 2442 867 2496 καὶ
930 2442 1083 2513 βέλη.
1122 2440 1364 2496 Ἐπαινῶ
1405 2440 1497 2494 τὸν
1526 2439 1712 2510 νόμον,
1744 2439 1823 2492 δι-

230 2540 367 2590 καία
396 2537 685 2605 φιλοπόνου
723 2534 950 2605 γνώμης
985 2534 1242 2605 βάσανος⁸
1300 2532 1505 2587 σπάνια
1540 2532 1649 2602 γὰρ
1681 2527 1820 2584 εἶναι

229 2629 470 2698 καθήκει
493 2626 558 2681 τὰ
599 2626 777 2696 τίμια.
800 2621 926 2679 Οἵδε
959 2624 1147 2680 τοῦτον
1191 2624 1298 2695 πρὸ
1339 2623 1623 2696 Περσῶνή
1659 2622 1821 2693 φύσις

228 2723 325 2775 τὸν
356 2721 521 2790 νόμον
551 2718 813 2782 ⁷¹.Ούδεὶς
838 2719 907 2773 ἂν
942 2717 1195 2771 Ὠκεανὸν
1230 2716 1359 2769 ίδεῖν
1388 2714 1644 2785 ἠξίωσεν,
1673 2717 1723 2768 εί
1747 2715 1823 2786 μὴ

231 2814 336 2882 τὴν
370 2814 428 2865 ἐν
456 2812 605 2882 μέσῳ
629 2808 818 2880 φυγὼν
846 2807 1143 2879 περιεχύθη
1172 2805 1273 2877 τῆς
1296 2806 1399 2876 γῆς
1422 2806 1536 2867 τοῖς
1561 2803 1822 2876 τέρμασι.

234 2907 333 2969 Τίς
366 2904 411 2958 δ’
436 2904 505 2958 ἂν
535 2904 622 2973 εἴη
651 2902 976 2973 πυραμίδων
1015 2900 1193 2969 λόγος,
1252 2900 1302 2952 εί
1341 2897 1416 2969 μὴ
1444 2897 1637 2969 πόρρω
1669 2896 1828 2951 τοῦτο

233 3001 299 3055 τὸ
326 2999 541 3067 θέαμα;
570 2995 604 3066 ἦ
642 2994 738 3049 τοῦ
760 2995 881 3048 κατ’
918 2992 1185 3057 Αἰθίοπας
1218 2991 1371 3045 λίθου
1395 2989 1493 3045 τοῦ
1519 2991 1826 3061 Μέμνονος,

236 3094 289 3148 εί
315 3094 393 3162 μὴ
422 3092 671 3147 κάκεῖνον
686 3089 799 3144 ἄνω
826 3088 927 3157 τῆς
943 3086 1147 3156 πολλῆς
1176 3084 1305 3148 θέας
1336 3086 1370 3155 ἡ
1393 3085 1576 3155 μήτηρ
1596 3082 1826 3153 ἔστησες

237 3184 417 3240 ταῦτά
478 3200 560 3237 τοι
616 3182 712 3236 καὶ
744 3178 1027 3251 ἀλήθειαν,
1073 3176 1189 3232 ἀλλ’
1249 3176 1311 3229 ού
1366 3174 1537 3245 μῦθον
1570 3170 1709 3228 εἶναι
1737 3173 1830 3227 τὸν

1930 2191 2018 2248 Ea:
2048 2193 2305 2260 oratione,
2330 2210 2447 2247 cum
2476 2202 2691 2264 rogatus
2726 2193 2989 2261 specimen
3024 2190 3231 2245 distulit
3256 2206 3318 2244 ac
3342 2199 3520 2258 postea

2409 2265 2565 2317 dixit.
2604 2294 2676 2305 —
2717 2264 3035 2318 Exordium.

2002 2354 2179 2413 Persae
2215 2356 2497 2428 iaculandi
2542 2355 2791 2411 studium
2833 2354 3039 2420 fovent,
3085 2351 3375 2422 omnisque
3406 2350 3522 2405 vita

1930 2448 2037 2503 illis
2060 2448 2115 2502 in
2148 2450 2407 2519 pharetra
2449 2458 2505 2504 et
2546 2448 2766 2519 jaculis.
2801 2446 3000 2518 Legem
3036 2445 3232 2516 probo,
3265 2458 3521 2509 magnum

1930 2541 2193 2596 indicium
2223 2543 2479 2598 laboriosi
2508 2543 2769 2613 pectoris.
2803 2540 2945 2596 Rara
2971 2541 3120 2595 enim
3154 2539 3377 2611 praemia
3401 2552 3523 2592 esse

1930 2632 2116 2689 decet.
2151 2633 2293 2689 Ante
2314 2635 2512 2689 Persas
2548 2635 2687 2687 hanc
2720 2634 2893 2703 legem
2922 2632 3089 2687 etiam
3114 2641 3307 2687 natura
3344 2630 3523 2695 scivit,

1930 2740 2057 2781 cum
2092 2740 2251 2782 nemo
2278 2724 2555 2782 Oceanum
2587 2726 2807 2789 viderit,
2838 2724 2939 2778 nisi
2967 2723 3141 2777 media
3173 2723 3360 2777 relicta
3378 2728 3526 2776 terra

1931 2820 2196 2875 extremis
2223 2819 2346 2889 ejus
2388 2819 2588 2873 ﬁnibus
2620 2818 3063 2886 circumvagatus
3094 2816 3255 2869 foret.
3283 2813 3418 2881 Quis
3455 2814 3524 2867 de

1931 2910 2315 2983 pyramidibus
2357 2917 2506 2965 esset
2545 2924 2749 2973 sermo,
2797 2908 2901 2963 nisi
2926 2908 3116 2978 procul
3152 2907 3278 2960 hinc
3308 2913 3527 2973 specta-

1933 3012 2147 3067 rentur,
2177 3003 2264 3057 vel
2304 3003 2430 3068 quis
2469 3002 2540 3057 de
2577 3002 2755 3072 lapide
2787 2999 3096 3054 Memnonis
3134 2998 3278 3068 apud
3308 2996 3527 3051 Ethio-

1932 3111 2050 3166 pes,
2082 3096 2187 3150 nisi
2219 3096 2372 3150 illum
2396 3103 2573 3150 mater
2596 3104 2752 3149 extra
2785 3107 3004 3147 omnem
3031 3098 3384 3161 conspectum
3426 3102 3525 3153 po-

1932 3188 2156 3244 suisset.
2189 3187 2315 3242 Haac
2341 3203 2467 3242 vera
2490 3202 2634 3251 esse,
2665 3194 2723 3242 et
2750 3202 2858 3241 non
2900 3185 3149 3240 fabulose
3194 3184 3303 3238 diri
3348 3180 3531 3237 credi-

238 3276 376 3346 mpi.
410 3273 577 3330 αὐτοῦ
628 3274 786 3343 λόγον
830 3269 1183 3340 πιστεύομεν,
1237 3269 1322 3322 ὃτι
1367 3266 1516 3331 λίθος
1560 3267 1828 3339 ὁμιλήσας

1938 3294 2078 3342 tuus,
2123 3278 2249 3347 quia
2292 3275 2426 3344 lapis
2466 3276 2705 3346 loquitur
2745 3290 2869 3330 cum
2923 3274 3035 3329 snla
3084 3274 3318 3328 humana
3373 3285 3527 3333 voce,

409 3326 536 3423 δίον
556 3326 840 3437 ἀνθρωπος
874 3365 1001 3434 ἠχεῖ
1047 3326 1143 3417 καὶ
1169 3326 1511 3431 ’φθέγγεταιῖ
1536 3326 1833 3422 Μόλις,κῶ
1859 3326 1905 3386 C

242 3461 398 3534 ῥόδον
425 3461 462 3530 ή
492 3458 653 3529 φύσις
694 3456 1001 3529 ἀνθρώποις
1058 3451 1365 3524 χαρίζεται.
1416 3450 1542 3523 [608
1597 3450 1693 3522 11.]
1723 3452 1835 3505 Καὶ

243 3554 369 3607 οὐδὲ
396 3551 555 3606 τοῦτο
581 3548 716 3621 ὁμοῦ
740 3566 801 3602 τε
829 3547 956 3619 φύει
993 3547 1091 3601 καὶ
1128 3547 1210 3609 είς
1237 3546 1380 3617 ἀέρα
1400 3547 1446 3577 ⁷⁷
1482 3544 1831 3607 πετάννυται,

243 3646 365 3702 ἀλλ’
386 3648 721 3718 οἰκουρῆσαν
758 3644 820 3697 τὸ
843 3642 978 3696 πολὺ
1027 3641 1129 3710 τῆς
1166 3640 1352 3709 ἀκμῆς
1393 3639 1528 3691 εῐσω
1552 3636 1648 3691 τοῦ
1677 3636 1837 3692 κάλυ-

242 3756 343 3803 κος
369 3736 468 3808 ὀψὲ
507 3736 812 3807 προκύπτει
845 3734 944 3787 καὶ
968 3731 1232 3803 σχίζεται.
1252 3729 1381 3783 ’Λλλ
1410 3728 1519 3783 οὐδ’
1542 3727 1837 3799 ὀπωρίζειν

243 3830 477 3896 ἔξεστιν,
512 3828 640 3882 ὅταν
700 3824 960 3879 ἐθέλωσιν
1006 3823 1285 3893 ἄνθρωποι
1312 3837 1325 3852 '
1356 3819 1495 3875 ἀλλὰ
1523 3820 1625 3874 κᾶν
1669 3819 1837 3873 συκά-

244 3924 365 3987 ζειν
393 3920 584 3991 ἐθέλῃς
613 3920 681 3983 ⁷³,
708 3916 1002 3987 ἀναμένεις
1039 3915 1137 3986 τὴν
1174 3913 1328 3985 ὥραν
1355 3913 1455 3982 τὴν
1484 3912 1586 3981 τῆς
1610 3911 1836 3983 ὀπώρας

244 4013 537 4084 ἐπώνυμον
561 4010 632 4065 ⁷⁸.
691 4011 766 4064 Τὸ
787 4010 843 4063 δὲ
885 4011 944 4062 ὲν
974 4006 1205 4080 Δωδώνῃ
1233 4006 1486 4076 χαλκεῖον
1520 4005 1602 4057 ὅτι
1635 4004 1759 4074 ἤχει
1789 4002 1837 4034 ⁷³

244 4108 357 4172 ἀεὶ,
378 4106 618 4175 μισήσας
635 4105 664 4157 ό
684 4103 876 4175 χρόνος
902 4101 1148 4155 διέλυσεν
1176 4102 1259 4162 είς
1297 4096 1465 4170 μῦθον
1491 4097 1552 4151 τὸ
1567 4098 1834 4168 τέχνημα.

248 4196 418 4272 μηδ
444 4195 535 4269 ιι.]
561 4195 718 4266 Δεινὴ
745 4194 908 4266 γάρὴ
937 4192 1197 4264 συνήθεια
1225 4191 1388 4263 κόρον
1412 4192 1591 4245 τεκεῖν
1613 4190 1708 4243 καὶ
1738 4189 1839 4260 τὴν

244 4289 500 4359 ἐξουσίαν
526 4288 682 4360 ὕϐρει
704 4285 1067 4358 λυμήνασθαι.
1103 4283 1393 4348 Οἱκοῦντες
1435 4284 1539 4352 γῆν
1569 4280 1841 4351 ζητοῦμεν

246 4384 542 4449 θάλατταν,
599 4384 693 4436 καὶ
743 4381 1001 4443 πλέοντες
1060 4379 1226 4433 πάλιν
1276 4374 1722 4447 περισκοποῦμεν
1771 4373 1843 4427 τά

250 4479 404 4548 λήῖα.
442 4477 501 4531 Ὀ
529 4474 754 4546 πλωτὴρ
822 4472 1121 4544 μακαρίζει
1158 4471 1422 4542 γηπόνον,
1454 4470 1549 4522 καὶ
1585 4467 1678 4521 τὸν
1706 4482 1841 4520 ναυ-

249 4570 401 4625 τίλον
430 4567 633 4640 ἀρότης
656 4568 875 4639 ἡγεῖται
902 4564 1064 4621 πάλιν
1108 4562 1425 4632 εὐδαίμονα.
1456 4558 1637 4612 Ταῦτα
1664 4558 1844 4612 πάντα

1936 3374 2025 3429 vix
2058 3374 2223 3428 etiam
2273 3387 2453 3427 rosam
2493 3383 2740 3426 naturam
2790 3370 3101 3425 hominibus
3148 3369 3398 3436 largitur,
3430 3382 3531 3422 nec

1939 3464 2025 3520 illa
2072 3463 2234 3519 simul
2279 3462 2546 3530 nascitur,
2595 3469 2651 3517 et
2698 3462 2751 3516 in
2799 3475 2981 3516 aerem
3029 3458 3376 3529 expanditur,
3434 3457 3529 3511 sed

1936 3571 2188 3625 magnam
2209 3564 2424 3625 partem
2447 3553 2652 3621 vigoris
2673 3552 2727 3607 in
2754 3551 2925 3607 calice
2950 3550 3167 3614 retinet,
3194 3562 3317 3604 sero
3350 3556 3529 3602 autem

1938 3647 2173 3718 erumpit
2199 3656 2257 3703 et
2288 3647 2552 3716 aperitur.
2598 3644 2704 3700 Sed
2737 3658 2913 3713 neque
2945 3642 3154 3697 fructus
3187 3639 3532 3695 aututunales

1938 3744 2196 3815 colligere
2234 3743 2383 3808 licet,
2419 3740 2640 3812 quando
2687 3738 2936 3794 homines
2979 3736 3227 3806 cupiunt,
3279 3733 3374 3789 sed
3426 3733 3534 3789 etsi

1940 3838 2075 3893 ficus
2104 3836 2281 3907 legere
2316 3834 2469 3898 velis,
2501 3843 2785 3901 exspectas
2822 3840 3003 3885 tamen
3027 3838 3242 3899 tempus
3287 3824 3533 3881 autmnui

1939 3928 2298 3984 nominatum.
2330 3923 2427 3979 Es
2460 3924 2786 3978 Dodonaeum
2820 3920 2946 3989 quia
2979 3933 3197 3985 semper
3230 3916 3412 3981 tinnit,
3442 3930 3535 3968 ar-

1945 4019 2168 4074 tificium
2201 4018 2376 4087 ipsum
2412 4021 2463 4068 in
2500 4011 2739 4067 fabulam
2776 4010 2895 4064 dies
2940 4008 3206 4061 invidiosa
3241 4005 3534 4070 convertit,

1940 4111 2279 4169 consuetudo
2317 4106 2463 4163 enim
2495 4104 2804 4160 satietatem
2858 4100 3015 4155 facile
3056 4098 3223 4169 parit,
3265 4106 3319 4151 et
3365 4095 3536 4150 licen-

1942 4206 2075 4273 tiam
2118 4202 2322 4259 ferocia
2352 4197 2655 4268 corrumpit
2683 4192 2918 4267 (ει-52).
2945 4190 3169 4245 Terram
3208 4187 3534 4254 incolentes,

1945 4311 2098 4352 mare
2118 4295 2438 4366 quaerimus,
2466 4299 2523 4345 et
2553 4304 2765 4344 rursum
2789 4285 3112 4357 navigantes
3135 4290 3369 4335 mentem
3400 4294 3537 4335 con-

1940 4389 2162 4460 jicimus
2199 4389 2253 4441 in
2287 4395 2546 4456 segetem.
2580 4381 2753 4435 Nauta
2791 4377 3004 4432 felicem
3033 4373 3298 4446 prtedicat
3328 4372 3545 4444 agrico-

1944 4481 2078 4547 lam,
2112 4487 2168 4534 et
2205 4486 2427 4533 nautam
2476 4485 2668 4530 contra
2725 4480 2910 4525 arator
2964 4468 3302 4523 fortunatum
3360 4472 3531 4536 putat.

1948 4573 2076 4632 Haec
2104 4571 2290 4628 omnia
2318 4568 2553 4639 pueriles
2603 4567 2774 4619 lusus.
2823 4563 3142 4619 Satietatem
3188 4559 3359 4628 gignit
3400 4572 3538 4612 con-

249 4664 351 4718 τοῦ
381 4664 547 4734 κόρου
577 4662 826 4730 παίγνια.
888 4660 1065 4729 Κόρον
1104 4657 1271 4727 γεννᾷ
1316 4657 1350 4726 ἡ
1390 4652 1671 4723 συνήθεια.
1701 4650 1828 4703 Φεύ-

1946 4666 2202 4725 snetudo.
2232 4663 2531 4733 Fugiamus
2557 4658 2887 4721 satietatem,
2920 4656 3098 4727 pueri.
3119 4654 3279 4722 Saepe
3310 4651 3427 4705 haec
3461 4652 3543 4704 leo

250 4773 443 4827 γωμεν
462 4754 555 4809 τὸν
592 4755 778 4825 κόρον,
844 4746 891 4806 ὧ
942 4751 1131 4813 παῖδες
1166 4765 1181 4780 °
1234 4746 1444 4813 τοξεύει
1495 4746 1751 4809 πολλάκις
1772 4744 1841 4797 δι’

253 4849 416 4922 ῦὸριν
443 4841 599 4910 οὗτος
630 4846 724 4899 καὶ
755 4846 939 4906 αὐτοῖς
976 4843 1076 4915 ήδη
1107 4843 1221 4905 τοῖς
1243 4840 1407 4912 ἔρωσι
1440 4838 1507 4895 ⁷⁵.
1532 4836 1704 4892 Τοῦτο
1734 4837 1843 4908 γάρ

249 4959 389 4997 ποτε
415 4943 515 5012 τῆς
554 4940 869 5010 παροιμίας»
886 4939 1116 5009 ἤκουσα.

250 5038 362 5091 Ἐκ
407 5033 515 5089 τοῦ
570 5035 658 5099 εὶς
693 5029 1048 5086 Μουσώνιον
1074 5027 1184 5082 τὸν
1240 5027 1592 5082 ἀνθύπατον
1626 5021 1843 5078 Ἐλλά-

653 5103 781 5169 δος.
803 5130 874 5142 -
912 5100 984 5155 Τὸ
1033 5099 1076 5131 ⁷⁷
1101 5102 1446 5168 Προοίμιον.

340 5199 637 5255 Ὀκνοῦντά
705 5215 775 5269 με
828 5196 968 5251 πάνυ
998 5193 1070 5249 τά
1110 5193 1339 5264 θέατρα,
1371 5191 1468 5245 καὶ
1505 5187 1615 5243 τῶν
1638 5186 1847 5258 πανδήο

1950 4762 2096 4816 rocia
2125 4766 2382 4827 tanquam
2427 4754 2623 4824 sagitta
2667 4750 2815 4816 ferit,
2842 4760 2894 4802 et
2925 4748 3059 4819 ipsis
3088 4746 3199 4814 jam
3230 4742 3542 4799 amoribus.

1952 4855 2067 4910 Hoc
2096 4852 2241 4907 enim
2275 4848 2571 4920 aliquando
2602 4843 2895 4917 proverbio
2923 4839 3112 4896 didici.

1954 5032 2043 5087 E3
2068 5028 2307 5083 oratione
2351 5015 3132 5148 iullustgiiunﬁyrocomulem
3179 5010 3423 5070 Gracia.
3468 5038 3549 5051 -ο

2600 5111 2697 5148 xor
2739 5110 2871 5148 tum.

2600 5110 2871 5149 xoratum.

2020 5189 2254 5261 Coegisti
2295 5204 2379 5245 me
2412 5189 2623 5242 theatra
2674 5186 3059 5256 negligentem,
3096 5191 3152 5238 et
3196 5180 3264 5235 de
3306 5174 3547 5249 publicis

258 5314 382 5366 μων
412 5294 687 5363 συλλόγων
715 5292 952 5361 ἀπάγειν
971 5291 1099 5354 τοὺς
1121 5286 1315 5357 λόγους
1339 5283 1660 5348 σπεύδοντα,
1686 5279 1820 5334 λῦσα

1947 5282 2301 5338 coucionibus
2355 5281 2659 5336 orationem
2719 5285 2967 5336 avertere
3004 5284 3318 5334 conantem,
3366 5271 3545 5340 legem

1569 5396 1805 5457 VARM‘}
1845 5396 2249 5454 LECTIONES.

333 5504 381 5538 “
413 5504 443 5556 ὀ
474 5518 585 5557 om.
618 5500 680 5558 C.
757 5500 804 5533 "
819 5498 1060 5565 νευρίδες
1093 5496 1159 5550 Α.
1234 5496 1281 5527 ⁶⁶
1306 5494 1454 5564 ὅροις
1470 5490 1558 5565 Ag
1579 5507 1609 5565 εΔ
1630 5488 1903 5565 οὔροις-ς.
1959 5490 2009 5565 ⁸⁷
2030 5488 2308 5565 λαλεῖσθαι
2344 5505 2405 5552 ς.
2444 5557 2456 5565 _
2479 5488 2525 5519 “
2549 5488 2649 5559 τὴν
2680 5494 2808 5541 ante
2832 5482 3049 5565 ἡλικίαν
3088 5496 3197 5565 om.
3348 5475 3541 5565 “"753:

259 5571 495 5642 νώμενοι
536 5571 769 5628 Lobeck.
789 5565 1168 5642 ,adlfltryuich
1193 5565 1397 5642 p._3_20.

260 5639 428 5715 ἀέρα]
480 5643 573 5699 ῐσα
600 5642 663 5699 Β.
758 5640 805 5676 ⁷³
837 5639 1040 5704 ἐθέλοις
1063 5639 1128 5695 C.

262 5714 379 5771 oni.
410 5714 482 5769 Ἀ.

1517 5563 1563 5593 ⁷⁸
1586 5560 1943 5614 ἀνεδδάλλετο
1984 5562 2052 5614 Α.

1237 5637 1283 5669 ⁷⁸
1305 5632 1594 5705 ἐπώνυμον
1612 5634 1655 5686 Δ
1684 5646 1699 5684 :
1728 5631 2021 5701 ὁμώνυμον
2046 5649 2109 5697 ς.

3383 5544 3428 5576 τι
3454 5543 3546 5603 είς

2621 5570 2745 5629 post
2784 5548 2973 5609 τοῦτον
3026 5553 3175 5623 ponit
3213 5548 3277 5603 C.
3383 5548 3428 5576 "
3454 5548 3546 5603 εἰς

2678 5626 2899 5663 ἠεηῒμτο
2935 5627 2972 5663 l'.
2994 5639 3008 5652 ο
3044 5625 3210 5663 ἔρωσι
3246 5635 3307 5663 ε’-
3406 5612 3453 5647 ⁷⁷
3474 5611 3550 5663 τὸ

2184 5560 2226 5591 ⁷³
2261 5559 2353 5611 τὸν
2400 5557 2563 5629 νόμον
2607 5557 2745 5629 Ρυδι
2784 5557 2973 5609 τοῦτον
3026 5557 3175 5623 ponit
3213 5557 3277 5603 υ.

2202 5630 2249 5662 ⁷⁵
2276 5629 2399 5685 libri
2430 5631 2573 5700 ἠχεῖ.
2678 5628 2721 5661 ⁷⁵
2738 5626 2905 5700 ἐρῶσι
2935 5627 3009 5682 U:
3044 5625 3210 5695 ὲρωσι
3246 5635 3307 5684 ς.

2202 5630 2249 5662 ⁷⁵
2276 5629 2399 5685 libri
2430 5631 2573 5700 ἠχεῖ.

1786 5788 2021 5850 ΝΟΤίΕ.

336 5895 550 5966 (δι-δε)
588 5895 773 5953 Horat.
802 5894 895 5952 lib.
925 5909 943 5951 1
974 5891 1145 5949 Serm.
1188 5901 1356 5962 ειεξιτ.
1386 5888 1439 5946 Ι.
