4050 6438
494 416 629 489 1371

1656 422 1913 485 ΡΗΟΤΙΙ
1951 415 2458 480 ΡΑΤΒΙΑΗΟΗΑΞ
2486 416 2597 477 ει».

3634 385 3791 456 1372

496 533 728 584 solvere.
764 527 986 596 Rumpit
1006 536 1060 583 et
1113 527 1389 585 silentium
1437 545 1644 603 cygnus
1691 548 1813 586 cum
1845 528 2077 585 audierit

2197 525 2268 579 rbv
2327 525 2490 596 νόμον
2537 522 2876 595 ἠνάγκασας.
2910 517 3045 573 Λύει
3078 515 3175 570 καὶ
3209 511 3408 576 κύκνος
3468 507 3649 580 σιγὴν,
3676 505 3789 603 λύ-

500 620 801 689 Apnllinem
846 619 1018 690 lyram
1055 620 1361 690 ferientem,
1391 633 1448 678 et
1508 624 1790 697 Zephyrus
1853 623 2081 692 lyricum

501 712 628 778 quid
660 726 861 765 sonans
920 728 985 766 ex
1026 713 1199 767 antris
1253 715 1319 768 ad
1364 714 1533 769 solem
1584 724 1842 787 provocat
1891 712 2086 784 3736

506 807 794 860 aelunvm.
827 806 1041 859 Amlent
1070 817 1249 863 nautae
1275 824 1334 864 se
1369 809 1501 863 mari
1553 807 1897 863 committere
1930 816 1983 861 et
2006 806 2089 860 vir

504 895 798 950 Bacchicus
833 912 1059 953 securus
1085 900 1290 955 excitat
1326 900 1623 956 lasciviam.
1672 897 1753 953 Illi
1838 913 1965 953 cum
1996 912 2090 951 ver

506 1001 652 1039 mare
686 987 903 1052 mulcet,
953 987 1039 1042 hic
1101 1005 1222 1044 cum
1288 989 1561 1045 Bacchum
1617 991 1863 1061 thyrsum
1918 988 2089 1045 sensit

502 1074 775 1130 vibrasse.
808 1076 883 1131 Te
914 1079 1129 1147 quidem
1160 1090 1217 1132 ut
1245 1089 1393 1147 pttlo,
1421 1090 1578 1148 poeta
1631 1080 1854 1148 quidam
1906 1080 2089 1133 attda-
2126 1150 2131 1155 ι

505 1166 658 1222 culus
687 1183 791 1222 non
823 1172 1057 1237 neglexit
1099 1187 1221 1224 cum
1278 1172 1526 1239 Apolline
1564 1172 1682 1241 ipso
1737 1185 2088 1237 componere.

504 1256 563 1310 In
597 1268 805 1313 tantum
843 1262 936 1314 tibi
966 1261 1172 1329 jacula,
1203 1271 1257 1316 et
1286 1264 1498 1333 sagittae
1524 1273 1700 1333 grata,
1732 1265 1784 1317 itt
1827 1275 2091 1333 quantum

504 1352 810 1419 Apollinem
853 1353 1158 1419 imitantur,
1213 1355 1496 1411 incruenta
1544 1366 1808 1426 perpetuo
1848 1367 2089 1413 manent.

508 1440 625 1495 Non
669 1442 795 1497 licet
848 1445 1058 1515 cuspidi
1120 1455 1225 1501 tua:
1278 1448 1551 1503 hominem
1607 1449 1943 1511 interimere,
1995 1450 2093 1505 sed

508 1533 706 1600 aliquis
737 1532 922 1603 cll‘ugit
950 1536 1214 1605 judicium
1243 1548 1417 1607 tuum,
1440 1548 1496 1595 et
1521 1540 1683 1595 scivit
1718 1550 1773 1596 te
1815 1539 2091 1608 publicum

507 1622 741 1690 gladium
774 1635 964 1680 contra
997 1629 1199 1683 caedem
1252 1631 1568 1686 extendere.
1612 1630 1703 1686 Sic
1743 1630 1925 1702 pullus
1955 1631 2095 1687 bene

507 1713 782 1779 domatur,
808 1726 862 1770 et
892 1718 1104 1775 catulus
1133 1721 1269 1778 scite
1302 1721 1646 1787 informatur,
1678 1738 1800 1778 cum
1828 1722 1950 1779 sine
1977 1722 2095 1778 cal-

508 1808 624 1860 cari
653 1807 889 1862 domitor
910 1822 1132 1879 equum,
1171 1828 1293 1867 cum
1323 1814 1442 1869 sine
1468 1813 1682 1885 ﬂagello
1712 1816 1971 1885 magister
2002 1829 2096 1869 ca-

509 1913 630 1951 nem
660 1915 818 1953 manu
843 1902 1155 1960 demulcens
1195 1907 1439 1961 enutrire
1469 1909 1674 1977 cupiet.
1703 1908 1841 1975 Quid
1892 1907 2092 1979 Cyrum

508 1990 620 2060 (55)
646 1990 826 2048 Persis
878 1998 1328 2052 commendavit?
1383 1998 1531 2055 lenes
1566 2015 1745 2054 mores
1793 2009 1848 2054 et
1874 2000 2093 2068 placidi.

511 2080 660 2136 Felix
709 2099 929 2154 semper
988 2088 1102 2142 htcc
1148 2087 1280 2143 urbs
1334 2091 1596 2146 adversus
1646 2090 1916 2147 Barbaros
1973 2090 2092 2145 fuit.

508 2171 737 2231 Nuntiat
767 2176 925 2231 modo
954 2177 1235 2233 victoriam
1262 2179 1459 2249 populo
1480 2180 1699 2250 quidam
1732 2196 1763 2236 e
1801 2180 2094 2248 nobilibus,

508 2264 599 2331 qui
631 2266 712 2320 sic
756 2269 1137 2323 strenuitatem
1192 2269 1310 2339 ejus
1359 2271 1613 2326 admirati
1637 2280 1783 2337 sunt,
1843 2282 1902 2326 ut
1951 2274 2094 2345 apud

506 2356 872 2415 Athenienses
905 2360 1011 2416 hac
1034 2363 1285 2419 oratione
1324 2371 1557 2419 statuam
1586 2364 1898 2436 posuerint.

574 2616 660 2670 Ea:
679 2619 914 2673 oratione
942 2620 994 2673 in
1017 2618 1263 2676 Severum
1286 2624 1563 2683 advenam.
1590 2656 1662 2669 —
1694 2625 2016 2684 Exordittm.

578 2712 816 2767 Achilles
839 2713 1002 2767 etiam
1048 2715 1390 2787 interfprzelia
1423 2721 1552 2790 lyra:
1574 2735 1782 2776 memor
1798 2723 1988 2787 fuit,et
2007 2723 2099 2793 qui

510 2818 730 2873 campos
752 2820 1027 2860 armorum
1055 2805 1266 2877 fulgore
1292 2809 1626 2878 illustrabat,
1670 2814 1762 2869 hic
1784 2815 1837 2869 in
1864 2816 2100 2872 tentorio

508 2912 663 2951 suam
690 2897 954 2953 citharam
997 2901 1227 2969 aptavit.
1276 2903 1483 2960 Cantus
1513 2917 1917 2975 argumentum,
1949 2923 2101 2963 ama-

510 2990 604 3044 bat
662 2991 916 3047 virtutem
970 2993 1245 3060 Achilles,
1288 2995 1640 3066 virorumque
1688 2999 1915 3068 gloriam
1957 3017 2102 3058 nunc

509 3084 782 3151 bellando,
818 3101 959 3141 nunc
982 3088 1253 3142 cantando
1299 3087 1636 3145 imitabatur.
1660 3092 1735 3147 De
1756 3093 1966 3149 deliciis
1990 3095 2102 3151 suis

2188 636 2289 690 ραν
2325 618 2455 672 ὅταν
2476 615 2812 678 ’Λπόλλωνος
2863 610 3071 681 ἀκούσῃ
3127 607 3473 678 πλήττοντικ,
3529 602 3630 657 καὶ
3661 601 3789 654 τῶν

2186 712 2400 781 ἄντρων
2434 711 2620 777 ἐξάγει
2649 708 2748 779 τὴν
2772 696 2972 779 ἀηδόνα
2988 703 3125 775 πρὸς
3142 700 3293 772 ἣλιον
3315 696 3535 769 λυρικδν
3552 693 3787 764 ἡχήσιις

2186 805 2216 857 6
2248 802 2513 873 Ζέφυρος.
2548 800 2737 870 Τολμᾷ
2765 798 2859 851 καὶ
2894 795 3102 863 ναύτης
3129 792 3199 845 τὰ
3238 789 3483 860 κύματα.
3510 786 3607 839 καὶ
3642 784 3792 853 βακ-

2188 900 2333 966 χεῖος
2360 896 2501 967 ἀνὴρ
2540 892 2762 965 θαρῤὦν
2789 890 2997 960 ἐγείρει
3029 887 3093 941 τὸ
3124 885 3429 983 σκίρτημα,
3452 879 3620 983 ὁ.μὲν
3641 877 3787 983 ἔαρ

2188 991 2318 1044 ὅταν
2342 987 2565 1058 κοιμίζῃ
2592 986 2637 1018 ⁷⁸
2672 985 2966 1046 θάλατταν,
3025 981 3055 1033 6
3087 979 3147 1032 δὲ
3197 978 3325 1031 ὅταν
3351 972 3609 1027 Διονύσου
3641 969 3790 1038 θύρ-

2192 1099 2287 1135 σον
2337 1079 2616 1141 δονοῦντος
2672 1077 2719 1108 "
2773 1072 3121 1141 αἰσθάνηται.
3162 1069 3230 1122 Σὲ
3280 1066 3380 1136 μὲν
3424 1062 3655 1131 ποιητής
3689 1074 3789 1120 τις

2191 1172 2451 1241 εύτολμος
2500 1170 2601 1223 οὐκ
2649 1168 2752 1231 ἂν,
2783 1162 2965 1236 οἶμαι,
3036 1161 3324 1232 ὀκνήσειεν
3350 1156 3460 1253 ούδ*
3513 1152 3784 1253 auriga-cl-

2193 1265 2359 1319 κάσαι
2398 1257 2895 1328 ’Λπόλλωνικτόξα
2951 1254 3008 1308 δέ
3040 1268 3123 1306 σοι
3144 1252 3191 1284 ⁸⁸
3212 1250 3308 1304 καὶ
3359 1247 3486 1318 βέλη
3519 1247 3787 1297 τοσοῦτον

2193 1354 2325 1423 φίλα
2352 1353 2476 1406 ὅσον
2506 1348 2844 1411 ’Λπόλλωνος
2876 1344 3038 1414 φύσιν
3066 1338 3433 1405 ἐνδείξασθαι,
3458 1333 3788 1423 ἀναίμακτα

2192 1422 2252 1501 δὲ
2285 1447 2434 1516 μένει
2475 1442 2596 1497 άείο
2657 1440 2758 1504 σῆς
2801 1437 2911 1509 γάρ
2945 1434 3132 1498 ἀκίδος
3715 1422 3786 1475 οὐ

2195 1538 2353 1607 Θέμις
2382 1534 2644 1605 ἅψασθαι,
2685 1531 2824 1585 ἀλλά
2869 1546 2953 1592 τις
3005 1527 3206 1596 ἔφυγεν
3246 1522 3333 1576 διὰ
3358 1521 3403 1553 ⁸⁸
3461 1517 3564 1589 σὴν
3600 1516 3789 1607 ψῆφον

2195 1604 2290 1683 καλι
2322 1628 2517 1697 δήμιον
2550 1626 2651 1696 ἢδη
2679 1625 2725 1657 ⁸⁸
2755 1623 2818 1677 τὸ
2854 1621 3007 1690 ξίφος
3194 1616 3294 1711 τῆς
3324 1611 3540 1711 σιραγῆς
3564 1604 3790 1711 dita-ral-

2196 1736 2358 1774 νοντα
2386 1718 2455 1773 “.
2482 1716 2640 1771 Οὕτω
2666 1714 2760 1769 καὶ
2786 1714 2963 1776 πῶλος
2981 1710 3162 1773 καλῶς
3186 1705 3493 1761 πωλεύεται
3528 1701 3626 1755 καὶ
3654 1701 3793 1753 σκύ-

2197 1811 2300 1879 λαξ
2345 1810 2535 1877 δεξιῶς
2584 1805 2987 1862 σκυλακεύεται
3013 1844 3029 1870 ,
3071 1803 3203 1857 ὅταν
3246 1800 3379 1855 ἄνευ
3419 1797 3656 1867 κέντρου
3693 1792 3793 1846 καὶ

2121 1871 2169 1931 Β
2202 1871 2463 1972 μάστιγος
2495 1871 2527 1953 67
2555 1898 2654 1967 μὲν
2685 1895 3040 1963 πωλοδάμνης
3081 1893 3175 1945 τὸν
3234 1890 3402 1944 ἵππον
3434 1889 3464 1940 6
3492 1886 3551 1940 δὲ
3582 1884 3793 1938 σκυλα-

2199 1991 2397 2060 κεντὴς
2412 1989 2502 2043 τὸν
2526 1987 2664 2042 κύνα
2692 1987 2836 2058 χειρὶ
2850 1983 3184 2039 τιθασσεύων
3215 1982 3505 2052 ἐκτρέφειν
3517 1977 3793 2049 βούλοιτο.

2203 2082 2269 2135 Τί
2310 2080 2494 2153 Κῦρον
2536 2082 2593 2135 ὲν
2654 2078 2893 2151 Πέρσαις
2952 2077 3126 2148 μέγαν
3185 2075 3485 2145 ὲποίησενς
3542 2071 3795 2141 ’Ἡμερος

2204 2174 2408 2245 τρόπος
2439 2173 2533 2227 καὶ
2551 2172 2814 2244 μείλιχος.
2850 2169 3134 2241 Εύτύχησε
3162 2168 3271 2239 γὰρ
3321 2167 3411 2222 ἀεὶ
3463 2166 3613 2219 κατά
3655 2162 3793 2233 βαρ-

2199 2265 2382 2336 ϐάρων
2425 2266 2458 2335 η
2515 2263 2689 2327 πόλις.
2722 2262 3005 2332 Ἀγγέλλει
3063 2262 3191 2315 ποτὲ
3232 2260 3333 2330 τὴν
3367 2258 3532 2326 νίκην
3561 2256 3672 2309 τῶν
3707 2272 3794 2317 τις

2199 2356 2469 2429 ἀριστέων
2505 2354 2581 2425 τῷ
2611 2355 2766 2426 δήμῳ
2789 2371 2804 2386 ο
2834 2355 2886 2407 oi.
2919 2354 2977 2407 δὲ
3026 2355 3202 2417 οὕτως
3238 2351 3288 2384 ⁸⁸
3320 2350 3483 2404 αὑτὸν
3524 2348 3624 2417 τῆς
3655 2364 3794 2417 προ-

2200 2450 2403 2522 θυμίας
2432 2448 2777 2520 ἠγάσθησαν,
2838 2447 2981 2501 ὥστε
3018 2444 3256 2517 χαλκοῦς
3303 2443 3439 2514 παρ’
3477 2438 3793 2510 ’Δθηναίοις

2201 2543 2313 2597 ἀπὸ
2342 2542 2454 2596 τῶν
2490 2541 2666 2609 λόγων
2687 2539 2912 2594 ἐκείνων
2926 2538 3180 2610 ἔστηκεν.

2201 2636 2300 2690 Ἐκ
2346 2635 2456 2690 τοῦ
2492 2636 2582 2699 εἰς
2630 2632 2898 2702 Σεϐῆρον
2941 2632 3195 2698 νέηλυν.
3236 2657 3305 2669 -
3343 2628 3417 2684 Τὸ
3444 2626 3788 2697 Προοίμιον.

2274 2728 2402 2802 [609
2428 2726 2520 2802 ll]
2551 2726 2861 2798 Ἐμέμνητο
2916 2726 2975 2779 δὲ
3004 2725 3113 2795 ἄρα
3155 2724 3252 2777 καὶ
3281 2722 3436 2793 παρὰ
3472 2720 3575 2783 τάς
3608 2719 3790 2788 μάχας

2200 2819 2479 2890 Ἀχιλλεὺς
2514 2820 2613 2890 τῆς
2650 2817 2820 2889 λύρας
2845 2833 2860 2848 ·
2892 2817 2988 2871 καὶ
3015 2815 3085 2870 τὰ
3117 2814 3217 2883 μὲν
3256 2813 3417 2868 πεδία
3452 2813 3566 2874 τοῖς
3602 2810 3794 2872 ὅπλοις

2202 2912 2533 2982 ἤστραπτεν,
2569 2909 2598 2961 6
2626 2906 2684 2961 δὲ
2712 2906 2852 2962 κατὰ
2866 2907 2964 2976 τὴν
2984 2906 3189 2976 σκηνὴν
3214 2902 3314 2975 τὴν
3333 2900 3532 2957 ἑαυτοῦ
3556 2900 3793 2970 κιθάραν

2201 3001 2466 3075 ἥρμοζεν.
2522 3001 2587 3054 Ἡ
2622 3000 2680 3054 δὲ
2738 3002 2841 3071 τῆς
2898 2998 3046 3069 ᾠδῆς
3093 2994 3384 3060 ὑπόθεσις,
3427 2993 3538 3066 ἦρα
3588 2992 3796 3064 ἀρετῆς

2204 3095 2504 3167 ’Δχιλλεὺς,
2534 3095 2628 3147 καὶ
2654 3092 2724 3147 τὰ
2752 3090 2886 3146 κλέα
2916 3090 3027 3145 τῶν
3048 3088 3258 3161 ἀνδρῶν
3285 3088 3381 3143 νύν
3413 3087 3516 3157 μὲν
3536 3083 3797 3155 πολεμῶν

512 3172 588 3226 dii
616 3173 756 3227 inter
786 3189 844 3229 se
868 3178 1173 3230 certabant.
1200 3174 1391 3247 Neque
1414 3177 1592 3235 Pallas
1624 3184 1797 3240 armis
1829 3185 2098 3241 instructa

2204 3191 2478 3261 ἔμιμεῖτο,
2526 3187 2621 3242 νῦν
2654 3186 2714 3240 δὲ
2761 3185 2907 3258 ᾠδὰς
2936 3183 3325 3255 ἐργαζόμενος.
3356 3182 3518 3274 Ἔρις
3649 3178 3798 3274 άμιρὶ

513 3262 679 3316 armis
704 3265 1005 3327 contendit,
1030 3281 1205 3336 neque
1223 3265 1528 3336 Neptunus,
1554 3286 1664 3340 quo
1703 3286 1970 3341 armatur,
1999 3277 2097 3330 tri-

511 3351 727 3407 dentem
777 3356 1024 3423 protulit.
1072 3358 1270 3414 Verum
1307 3359 1395 3414 illa
1464 3363 1639 3419 oleam
1681 3367 1966 3427 excitavit.
2011 3368 2101 3425 hic

510 3443 765 3500 ﬂuctibus
789 3459 979 3502 contra
1000 3451 1202 3507 sonuit.
1277 3452 1344 3508 Et
1372 3455 1589 3510 decreta
1642 3459 1871 3513 solvitur
1909 3460 1998 3527 lis,
2047 3468 2103 3515 et

511 3532 751 3590 Minerva
784 3538 1142 3609 vicitjudicio
1172 3562 1185 3598 :
1211 3542 1326 3600 hac
1363 3547 1496 3600 tibia
1559 3548 1834 3604 modulata
1888 3562 1993 3617 est,
2025 3554 2103 3608 al-

516 3636 632 3683 tera
659 3629 924 3686 citharam
957 3632 1223 3703 pulsavit,
1260 3638 1419 3694 tertia
1445 3638 1685 3695 ﬁstulam
1719 3640 1950 3699 inﬂavit.

512 3910 601 3966 Ea:
622 3912 858 3965 oratione
881 3914 950 3966 ad
974 3913 1285 3981 voluptatem
1327 3920 1650 3989 captandam
1672 3932 2002 3991 comparata.
2031 3953 2102 3966 ι-

1145 4007 1464 4065 Exardt'um.

585 4085 717 4141 Cum
748 4089 913 4147 Musae
953 4094 1006 4149 in
1041 4094 1295 4151 Helicone
1348 4099 1556 4154 ducunt
1605 4102 1861 4167 choreas,
1922 4105 2103 4161 omnia

2201 3285 2319 3347 τοῖς
2358 3281 2627 3344 παιδικοῖς
2660 3279 2772 3333 τῶν
2827 3278 2999 3332 θεῶν’
3040 3276 3156 3331 ἀλλ’
3185 3274 3310 3329 οὕτε
3340 3272 3544 3343 Ἀθηνᾶ
3562 3271 3632 3324 τὰ
3653 3268 3795 3323 ὅπλα

2202 3377 2404 3448 ἔχουσα
2427 3376 2536 3437 τοῖς
2565 3372 2749 3436 ὅπλοις
2769 3371 2984 3444 ἠριζεν,
3015 3370 3141 3424 οὔτε
3176 3368 3449 3423 Ποσειδῶν
3482 3366 3671 3437 φέρων
3695 3364 3797 3435 τὴν

2201 3468 2447 3539 τρίαιναν
2475 3464 2681 3534 ταύτην
2728 3462 3098 3533 προϐέϐλητο,
3153 3460 3270 3515 ἀλλ’
3298 3460 3333 3531 ὴ
3361 3458 3461 3529 μὲν
3479 3458 3575 3510 τὸν
3599 3455 3795 3509 θαλλὸν

2202 3558 2472 3621 ἀνέσειεν,
2508 3558 2537 3609 6
2568 3555 2627 3608 δὲ
2667 3555 2894 3623 ἀντήχει
2939 3554 3019 3624 τῷ
3058 3551 3287 3623 κύματι.
3325 3553 3437 3604 Καὶ
3470 3550 3517 3583 ⁸⁸
3546 3549 3666 3602 λύει
3690 3546 3795 3617 ψῆ-

2205 3668 2305 3722 φος
2334 3650 2433 3720 τὴν
2455 3648 2661 3720 κρίσιν,
2718 3647 2814 3701 καὶ
2842 3644 3047 3714 Ἀθηνᾶ
3075 3644 3344 3715 λαμϐάνει
3372 3641 3444 3696 τὰ
3472 3641 3793 3712 νικητήρια,

2202 3746 2316 3799 Καὶ
2351 3746 2385 3815 ἠ
2417 3743 2516 3815 μὲν
2545 3741 2725 3814 ηὔλει,
2746 3743 2781 3814 ἠ
2812 3739 2871 3795 δὲ
2895 3739 3132 3813 κιθάραν
3184 3735 3352 3819 εἶχεν,
3403 3738 3440 3808 ἡ
3485 3735 3546 3789 δὲ
3581 3736 3792 3788 ὲνέπνει

2210 3839 2277 3909 τῇ
2318 3836 2561 3909 σύριγγι.

2434 3934 2531 3987 Ἐκ
2584 3931 2698 4003 τῆς
2748 3926 3064 3995 λαλιᾶς-
3103 3924 3175 3979 Τὸ
3203 3923 3252 3956 ⁸⁸
3293 3919 3637 3991 Προοίμιον.

2282 4100 2453 4155 Ὅταν
2482 4099 2538 4153 αί
2563 4096 2779 4153 Μοῦσαι
2805 4093 2929 4148 καθ’
2970 4091 3241 4147 Ἑλικῶνα
3286 4086 3583 4159 χορεύωσι,
3616 4083 3794 4137 πάντα

516 4181 718 4236 circum
756 4185 887 4239 mihi
942 4196 1104 4241 cantu
1160 4189 1459 4259 replentur.
1509 4192 1708 4248 Cantat
1783 4196 1995 4261 cicada,
2054 4206 2098 4252 et

2211 4210 2300 4266 μοι
2327 4195 2464 4264 ἠχῆς
2493 4190 2834 4263 ἐμπίπλαται
2862 4190 2930 4243 ⁸⁷.
2967 4188 3125 4257 Ἠχεϊ
3161 4184 3261 4256 μὲν
3305 4179 3505 4243 τέττιξ,
3539 4175 3637 4231 καὶ
3666 4176 3792 4231 ἀνα·

514 4272 752 4328 fahulam
779 4285 942 4331 cantu
971 4293 1069 4333 suo
1096 4279 1321 4336 refricat
1352 4283 1406 4338 in
1464 4286 1805 4340 memoriam.
1834 4287 1991 4353 Quia,
2014 4287 2099 4342 in-

515 4363 653 4431 quit,
690 4380 790 4434 ego
827 4364 956 4421 olim
1019 4368 1181 4425 homo
1239 4385 1367 4425 cum
1426 4387 1600 4427 essem
1665 4388 1879 4444 semper
1910 4377 2106 4453 cecini,

516 4462 572 4506 et
596 4468 718 4507 cum
772 4466 963 4512 natura
999 4467 1201 4514 mutata
1233 4472 1337 4526 est,
1376 4478 1483 4517 non
1528 4478 1631 4517 una
1656 4479 1776 4518 cum
1826 4468 1933 4521 vita
1961 4468 2110 4524 desi-

2213 4286 2510 4356 μιμνήσκει
2531 4283 2622 4337 τὸν
2658 4282 2829 4353 μῦθον
2856 4280 2936 4349 τῷ
2988 4279 3159 4350 μέλει,
3188 4278 3269 4330 ὅτι
3318 4271 3481 4341 Ἐγὼ.
3504 4270 3697 4340 φησιν,
3722 4266 3795 4321 ὢν

2208 4378 2496 4449 ἄνθρωπος
2524 4375 2649 4450 ᾖδον
2707 4376 2820 4441 ἀεὶ,
2852 4374 2949 4428 καὶ
2996 4370 3188 4441 ἐπειδὴ
3223 4368 3324 4439 τὴν
3362 4366 3527 4435 φύσιν
3559 4361 3793 4434 ἦμειψα.

2210 4472 2273 4524 ού
2301 4470 2591 4541 ωναφῆκα
2628 4469 2706 4541 τῷ
2755 4468 2855 4539 βίῳ
2909 4466 3002 4520 τὸν
3067 4465 3252 4519 πόθον.
3298 4461 3567 4532 Ἀηδὸνων
3602 4458 3660 4511 δὲ
3704 4453 3795 4509 καὶ

518 4545 730 4600 derium
785 4549 965 4604 amisi.
1026 4550 1442 4608 Philomelarnm
1501 4564 1557 4610 et
1617 4555 1814 4629 375a
1866 4559 2098 4617 hirundi-

2214 4562 2496 4635 χελιδόνων
2517 4562 2671 4634 γένη,
2705 4561 2786 4615 ἔτι
2814 4560 2871 4614 δὲ
2902 4558 3120 4614 κύκνων
3150 4555 3371 4625 ἀγέλαι,
3402 4552 3536 4623 περὶ
3556 4549 3656 4614 τὰς
3668 4548 3796 4612 θεας

518 4650 649 4691 num
677 4649 941 4709 genus,et
961 4656 1256 4711 cygnorum
1311 4645 1465 4714 copia
1484 4645 1689 4700 circum
1721 4652 1849 4703 deas
1882 4660 2105 4708 canunt.

802 4729 888 4786 Ea:
913 4738 1154 4789 oratione
1180 4737 1235 4790 in
1288 4734 1561 4791 (Iniciam
1591 4741 1855 4796 comitem.

592 4820 939 4894 Quaecunque
992 4827 1230 4896 pictores
1300 4830 1467 4885 etiam
1529 4842 1790 4901 poterunt
1842 4844 2109 4905 oratores,

521 4912 700 4968 omnis
749 4916 930 4983 potius
970 4918 1200 4972 imitatio
1265 4923 1331 4973 ad
1410 4924 1715 4980 orationem
1798 4941 2108 4999 comparata

524 5004 707 5060 minor
753 5018 860 5064 est.
918 5008 1157 5064 Narrant
1205 5012 1425 5067 Abarim
1477 5017 1861 5087 philosophum
1909 5037 2110 5091 genere

524 5094 946 5166 hyperboreum,
978 5102 1156 5172 lingua
1190 5104 1409 5174 quidem
1459 5106 1731 5174 Graecum,
1783 5121 1929 5168 veste
1962 5115 2110 5170 habi-

527 5197 692 5256 tuque
734 5192 989 5263 Scytham
1036 5195 1223 5254 fuisse.
1250 5198 1347 5253 Sin
1383 5200 1514 5254 alibi
1548 5200 1760 5258 locutus
1798 5204 2105 5273 fueril,hoc

516 5295 555 5334 ο
590 5283 764 5339 media
816 5282 1131 5356 Academia,
1184 5300 1240 5347 et
1267 5291 1461 5364 Lycaeo
1517 5294 1844 5353 existimari.
1894 5300 2104 5359 Dicitur

2207 4659 2549 4732 χορεύουσιν.

2449 4749 2546 4805 ἐκ
2574 4748 2680 4804 τοῦ
2716 4750 2804 4815 εις
2829 4745 2940 4801 τὸν
2953 4745 3184 4815 κόμητα
3216 4741 3565 4811 Οὑρσίκιον.

2282 4845 2421 4898 Ὅσα
2444 4845 2701 4914 γραφεῖς,
2734 4842 2839 4895 καὶ
2863 4840 3017 4909 λόγοι
3051 4838 3332 4892 δύνανται.
3390 4833 3590 4904 μᾶλλον
3615 4830 3675 4883 δὲ
3707 4847 3796 4898 μιο

2214 4937 2452 5008 κροτέρα
2512 4937 2744 5007 μίμησις
2796 4934 2948 4987 πᾶσα
2999 4931 3137 5003 πρὸς
3197 4929 3411 5023 λόγους.
3453 4921 3798 5023 ’ἑϐαριντξν

2215 5030 2378 5099 σοφὸν
2406 5028 2562 5097 γένος
2593 5026 2693 5098 μὲν
2728 5024 3123 5095 ’Υπερϐόρειον
3156 5019 3434 5089 λέγουσιν,
3468 5014 3711 5085 Ἕλληνα
3737 5012 3793 5064 δὲ

2211 5122 2310 5190 τὴν
2340 5119 2522 5189 φωνὴν
2552 5117 2905 5189 γεγενῆσθαι,
2947 5120 3041 5171 καὶ
3071 5114 3286 5185 Σκύθην
3316 5111 3416 5181 μὲν
3446 5108 3576 5203 ᾅχρι
3612 5104 3797 5203 στολῆς

2212 5226 2274 5262 τε
2303 5210 2400 5264 καὶ
2435 5211 2731 5281 σχήματος,
2764 5210 2814 5262 εἱ
2847 5207 2905 5261 δέ
2933 5224 3037 5260 που
3065 5204 3314 5274 γλῶτταν
3344 5202 3611 5270 κινήσειε,
3641 5202 3796 5248 τοῦτο

2210 5304 2387 5358 ἐκεῖνο
2406 5304 2451 5337 ⁸⁸
2467 5306 2532 5358 ἐκ
2566 5304 2739 5377 μέσης
2758 5302 2958 5373 ’Δκαδη
2967 5300 3095 5371 μίας
3125 5298 3220 5352 καὶ
3230 5294 3394 5352 αύτοῦ
3413 5292 3644 5348 Λυκείου
3661 5285 3802 5359 νομί-

1840 5450 2076 5510 VABLE
2113 5457 2497 5519 LECTIONES

599 5532 646 5616 Ῐ⁸
678 5528 928 5624 κοιμίξῃ]
952 5535 1043 5624 ,ἴδῃ
1076 5538 1322 5624 κριμίξον
1493 5539 1949 5624 ’ξιδονοῦντα“(].-
1986 5548 2035 5579 ⁸⁸
2078 5550 2181 5623 σοι]
2210 5569 2292 5609 τοι
2316 5556 2379 5609 C.
2470 5556 2513 5588 ⁸¹
2546 5557 2633 5609 διὰ
2657 5570 2765 5610 οιη.
2802 5555 2865 5609 C.
2942 5553 2987 5586 ⁸³
3017 5541 3675 5624 ήδη-νιῖκειιιιειιοι-ίὶιιιςι
3700 5540 3788 5624 (ἔξ

531 5597 638 5654 εἶδε
672 5620 733 5667 ς’.
772 5597 784 5604 ’
866 5597 1319 5672 εἶ’ἁνᾶτείνοντας
1346 5608 1410 5662 C.

532 5673 732 5727 πλοται
760 5672 801 5729 C
826 5693 844 5731 :
890 5675 1259 5747 ἐμπίπλανται
1285 5696 1346 5742 ς’.
1420 5728 1425 5733 .
1454 5679 1502 5715 ⁸³
1528 5672 1831 5737 ὲκεῖνοννΔ.

1520 5608 1565 5685 cf
1592 5609 1767 5685 οὕτως
1790 5613 1830 5665 (ἶ
1862 5632 1878 5669 :
1923 5616 2091 5682 ὅντως
2119 5608 2181 5685 ςξ

2284 5627 2332 5660 ιι
2363 5628 2459 5683 καὶ
2497 5626 2760 5684 autemet
2791 5641 2901 5681 om.
2928 5609 3051 5681 A.’
3108 5609 3156 5654 ³·
3180 5620 3241 5674 τὸ
3268 5634 3381 5675 om.
3405 5617 3475 5671 Δ.
3573 5609 3799 5683 ιτεμπιο

2047 5759 2279 5819 ΝΟΤΔΕ.

612 5837 728 5912 ξ55)
756 5842 930 5915 Cyrus
962 5857 1078 5911 rex,
1100 5842 1165 5900 de
1192 5858 1298 5916 quo
1316 5843 1638 5917 Xenophon.
1682 5845 1735 5902 in
1775 5846 2105 5922 Cyropa'tlt'a.
