4104 6466
358 420 495 482 1373

1421 422 1488 481 Bl
1505 422 1945 483 BLIOTHECA.
1974 448 2043 462 —
2068 424 2231 484 COD.
2252 426 2559 487 CCXLllI.

3492 427 3629 494 1374

357 527 565 592 ζεσθαι.
599 527 705 581 Τὸν
730 527 1057 582 Ἐλευσίνιον
1095 529 1297 601 ἔφηϐον
1339 531 1572 601 ἀρθῆναι
1619 531 1779 598 λόγος
1804 533 1941 602 πρὸς

2050 534 2411 605 Triptolemus
2439 536 2685 591 sublatus
2710 549 2832 591 esse
2861 549 2892 590 a
2941 535 3162 601 Cerere,
3197 546 3256 592 ut
3293 540 3626 606 pastoralem

356 620 668 691 Δήμητρος,
705 618 793 672 ἵνα
815 618 914 688 τὴν
935 621 1141 689 νομάδα
1173 622 1452 693 τράπεζαν
1467 623 1700 694 ἡμέροις
1734 624 1947 698 ἀμείψῃ

353 711 567 779 πυροῖς.
603 702 779 762 *Ηκεν
823 710 1056 781 Ἀὅαρις
1094 711 1360 783 Ἀθήναζε
1424 714 1556 779 τόξα
1585 715 1745 786 ἔχων,
1773 718 1947 786 φαρέ-

351 815 490 871 τραν
530 800 777 871 ἡμμένος
801 802 880 865 είς
915 796 1339 874 ὧμον,’χλαμύδι
1374 807 1763 875 σφιγγόμενος.
1789 807 1943 878 Ζώνη

352 884 423 962 ἦν
450 892 571 944 κατ’
596 891 756 953 ίξύων
782 893 828 924 ⁸³
858 894 1058 963 χρυσῆ,
1092 895 1412 967 ἀναξυρίδες
1427 898 1491 950 ὲκ
1511 898 1728 964 ταρσῶν
1759 897 1945 966 ἄκρων

351 984 482 1053 ἄχρι
522 985 614 1035 καὶ
666 984 909 1052 γλουτῶν
958 987 1359 1042 άνατείνουσαι.
1395 988 1568 1041 Τοῦτο
1604 989 1944 1058 πανταχόθεν

352 1077 709 1147 εὑρίσκομεν,
746 1078 1000 1150 καθάπερ
1042 1080 1102 1134 ὲν
1128 1079 1366 1152 ἁρμονίᾳ
1418 1079 1607 1151 λύρας,
1653 1079 1944 1150 σύμφωνον

351 1168 595 1239 ἠχοῦντα
644 1172 714 1241 τῇ
774 1170 968 1242 γνώμῃ
1020 1172 1112 1226 τὸν
1148 1173 1326 1241 λόγον.
1362 1167 1471 1226 Ἦν
1498 1174 1628 1243 ἡδὺς
1675 1173 1940 1242 ἐντυχεῖν,

353 1261 525 1324 δεινὸς
554 1264 730 1333 ἡσυχῆ
769 1264 1016 1335 μεγάλην
1081 1266 1283 1334 πρᾶξιν
1331 1266 1695 1337 ἐργάσασθαι.
1727 1265 1854 1329 ὀξὺς
1880 1266 1944 1318 τὸ

352 1359 532 1425 παρὸν
568 1355 716 1419 ίδείν,
750 1356 1043 1426 προμηθὴς
1095 1357 1157 1409 τὸ
1213 1358 1408 1427 μέλλον
1440 1356 1827 1428 φυλάττεσθαι,
1857 1374 1944 1410 σο-

352 1444 484 1514 φίας
515 1445 716 1515 ἥττων,
750 1446 989 1517 ἐραστὴς
1051 1447 1257 1516 φιλίας,
1311 1450 1469 1519 ὀλίγα
1516 1449 1617 1521 μὲν
1663 1448 1805 1523 τύχῃ
1847 1467 1938 1503 πι-

355 1533 581 1601 στεύων,
608 1537 805 1609 γνώμῃ
830 1537 887 1590 δὲ
904 1537 972 1590 τά
994 1538 1174 1593 πάντα
1214 1542 1600 1613 πιστούμενος.

675 1628 781 1682 Ἐκ
806 1628 912 1682 τοῦ
939 1633 1029 1696 εις
1058 1631 1324 1701 Σεϐῆρον
1361 1635 1622 1706 ἑταῖρον.

422 1722 521 1785 Τίς
558 1721 668 1792 γάρ
734 1721 945 1775 ἐκείνου
979 1724 1240 1795 μᾶλλονῆ
1290 1728 1389 1782 σὺν
1433 1729 1588 1800 τάχει
1616 1731 1716 1801 τὴν
1741 1730 1835 1786 τοῦ
1862 1732 1941 1787 δι-

350 1812 512 1865 καίου
578 1811 742 1881 φύσιν
792 1812 1151 1887 ἑθήρευεν,ἢ
1208 1818 1307 1872 σὺν
1345 1820 1601 1893 ὀρθότητι
1663 1823 1940 1895 θηρεύσας

352 1904 706 1975 ὲδημοσίευεν
734 1906 779 1939 ⁹⁹
806 1922 821 1970 ;
869 1907 964 1972 Τίς
992 1907 1093 1979 μὲν
1146 1908 1319 1976 οὕτως
1358 1914 1486 1979 ὀξὺς
1508 1915 1734 1987 πρᾶξαι,
1772 1918 1855 1980 τίς
1885 1918 1940 1970 δὲ

356 1996 561 2066 βραδὺς
610 1996 840 2052 κολάσαι
888 2000 980 2052 τὸν
1037 2000 1456 2070 κινδυνεύοντας
1510 2006 1596 2070 τίς
1651 2009 1752 2079 μὲν
1800 2008 1942 2063 οὕτω

278 2126 286 2133 -
352 2091 623 2161 κρείττων
652 2091 900 2163 χρυσίου,
924 2094 1009 2156 τίς
1041 2093 1167 2166 [610
1192 2094 1289 2168 Η.]
1322 2096 1377 2150 δὲ
1410 2098 1589 2167 ἥττων
1628 2099 1941 2172 φιλανθρω-

352 2180 485 2243 πίας
533 2182 603 2234 ⁹¹.
647 2184 741 2236 καὶ
793 2183 889 2236 τοῦ
948 2185 1279 2257 κατελεῆσαι
1344 2188 1435 2241 τὸν
1487 2190 1941 2261 δυστυχήσαντας

365 2273 555 2345 Ἀδρὸς
607 2275 708 2346 μὲν
757 2276 816 2331 ὲν
869 2276 1069 2346 λόγοις,
1100 2277 1238 2351 ἔργα
1284 2279 1344 2334 δὲ
1386 2282 1483 2334 καὶ
1531 2282 1761 2355 πράξεις
1791 2284 1946 2356 ἁδρό-

353 2382 540 2438 τερος.

374 2465 459 2516 Εκ
486 2458 594 2514 τοῦ
621 2462 709 2529 είς
742 2461 1207 2589 Σκυαίοὶκειοῖάόξ²
1251 2463 1362 2519 τὸν
1408 2465 1758 2523 ἀνθύπατον
1813 2469 1946 2524 Ἐλ-

1175 2552 1265 2589 oc.

1175 2552 1265 2600 ος.

426 2624 628 2695 Χρυσῷ
652 2624 751 2694 μὲν
768 2624 940 2688 ἀσπὶς
954 2625 1366 2696 ἀστράπτουσα,
1390 2628 1484 2682 καὶ
1508 2628 1606 2701 τὴν
1643 2629 1942 2702 Ἡφαίστου

359 2715 641 2785 μηνύουσα
670 2719 827 2788 χεῖρα
863 2720 976 2781 τοῖς
997 2716 1294 2789 θαύμασιν,
1343 2720 1427 2774 ὅτι
1474 2721 1610 2793 μόνη
1635 2723 1724 2779 διὰ
1754 2726 1944 2795 σοφίαν

358 2808 627 2879 ἠπίστατο
646 2812 713 2880 τῇ
765 2808 933 2881 τέχνῃ
963 2809 1127 2879 φύσιν
1173 2813 1544 2883 μιμήσασθαι.
1570 2817 1883 2891 Μαίανδρος
1916 2823 1944 2874 ὁ

355 2901 483 2972 Κάρ
528 2903 575 2933 ⁸³
624 2900 893 2971 ποταμὸς,
943 2902 1068 2955 ὅσον
1097 2902 1293 2975 πλήθει
1323 2905 1417 2958 τοῦ
1449 2906 1645 2962 Νείλου
1677 2910 1942 2977 λείπεται,

354 2994 610 3049 τοσοῦτον
635 2996 795 3065 φύσει
854 2998 1124 3068 περίεστι.
1158 2998 1266 3052 Τοῦ
1310 3000 1409 3071 μὲν
1448 3001 1558 3072 γὰρ
1591 3003 1759 3073 μῦθος
1797 3006 1833 3076 ἡ
1871 3003 1944 3074 γῆ

355 3088 426 3158 ἣν
459 3089 780 3155 Αἰγυπτίοις
827 3089 1111 3160 χαρίζεται
1135 3106 1152 3122 ο
1176 3088 1205 3142 ό
1249 3091 1306 3144 δὲ
1348 3091 1643 3165 πλωτῆρας
1672 3096 1947 3166 ἀποσυλή-

358 3195 458 3243 σας
482 3179 529 3212 ⁸⁸
555 3179 654 3251 τὴν
677 3180 969 3245 θάλατταν,
1001 3182 1265 3253 γηπόνοις
1318 3184 1525 3254 σχίζειν
1559 3185 1757 3240 ἔδωκεν
1777 3186 1944 3257 ἀρού-

359 3288 484 3342 ραις
519 3273 642 3325 άντὶ
677 3273 942 3340 κυμάτων
972 3272 1072 3335 τὰς
1106 3274 1153 3306 ⁸⁸
1190 3271 1462 3338 αὔλακας.
1488 3277 1648 3340 Ἴδοις
1676 3275 1743 3330 ἂν
1765 3277 1946 3331 πεδίον

363 3364 462 3431 μὲν
493 3364 595 3433 τὴν
635 3365 874 3434 πρόσθεν
912 3366 1204 3429 θάλατταν,
1266 3365 1577 3436 ωιιρτῶντα
1618 3368 1675 3421 δὲ
1699 3368 1819 3422 ἀντὶ
1851 3368 1949 3438 μὲν

354 3453 618 3522 δελφίνων
639 3454 834 3524 νεϐρόν
857 3472 871 3486 ο
905 3457 1026 3509 ἀντὶ
1068 3456 1127 3509 δὲ
1165 3456 1363 3511 ναύτου
1393 3459 1709 3524 κελεύοντος
1735 3460 1949 3531 νομέως

355 3545 601 3616 ἠχούσης
629 3547 839 3618 ἀκούσῃ
868 3547 1155 3618 σύριγγος.

355 3632 456 3689 Ἐκ
477 3636 584 3690 τοῦ
612 3638 699 3704 εις
727 3635 1388 3708 νεήλυδαςἘεοεσίοινς.
1418 3670 1489 3682 —-
1509 3640 1579 3695 Τὸ
1605 3642 1946 3713 Προοίμιον.

432 3789 561 3841 Ὅτε
595 3789 641 3821 ⁸⁸
666 3788 759 3843 τὸν
808 3789 1073 3860 μαντικὸν
1114 3791 1391 3846 Ἀπόλλων
1448 3792 1670 3864 ἱδρύσας
1715 3795 1948 3864 τρίποδα

355 3884 471 3946 τοῖς
532 3881 872 3952 πανταχόθεν
935 3880 1214 3947 ἐθέσπιζε,
1261 3884 1440 3938 πάντα
1471 3886 1604 3956 γένη
1651 3886 1746 3939 καὶ
1776 3888 1947 3940 πᾶσαι

356 3976 545 4039 πόλεις
594 3976 746 4044 παρά
796 3975 887 4028 τὸν
940 3974 1064 4029 θεὸν
1101 3975 1415 4031 ἐστέλλοντο
1458 3976 1565 4030 ὑπὸ
1605 3977 1704 4048 τῆς
1759 3979 1949 4050 φήμης

355 4066 692 4137 δημαγωγού
701 4084 873 4137 μενοι.

357 4162 465 4218 Ἐκ
515 4162 622 4218 τοῦ
658 4168 747 4231 εις
784 4163 924 4229 τοὺς
979 4164 1257 4231 ἑταίρους
1325 4164 1613 4232 πατρίδος
1661 4165 1730 4221 ’⁷.
1762 4196 1832 4206 -
1877 4166 1947 4221 Τὸ

906 4236 1227 4304 Προοίμιον
1242 4234 1345 4289 ⁹⁷*.

432 4327 597 4383 Ἀλλά
633 4327 744 4399 γάρ
770 4327 889 4398 ῶρα
918 4327 1131 4392 λοιπὸν,
1167 4320 1211 4381 ὦ
1249 4328 1457 4394 παῖδες,
1517 4330 1610 4384 καὶ
1650 4330 1764 4394 τοῖς
1792 4327 1950 4383 πολί-

358 4437 481 4483 ταις
509 4418 607 4491 τὴν
651 4418 824 4491 λύραν
875 4419 974 4491 τὴν
1027 4420 1305 4492 ἡμετέραν
1334 4422 1693 4492 ἁρμόσασθαι.
1742 4423 1807 4475 Τί
1851 4421 1950 4494 τὴν

361 4510 695 4580 ὲνεγκοῦσαν
726 4511 879 4565 πόλιν
911 4511 1244 4581 ποιήσομενς
1274 4512 1389 4565 ἀλλ’
1414 4514 1543 4566 ἐπεὶ
1564 4514 1665 4566 οὐκ
1709 4514 1803 4566 ἐπὶ
1840 4514 1949 4568 τῶν

2050 639 2294 681 mensam
2340 627 2490 681 suavi
2545 627 2728 681 tritico
2774 636 3155 699 commutaret.
3189 627 3348 683 Venit
3390 630 3633 688 Athenas

2046 717 2245 773 Abaris
2280 718 2578 773 instructus
2610 718 2844 788 sagittis,
2878 719 3122 775 humeris
3153 730 3377 789 portans
3427 722 3629 789 phare-

2050 819 2209 875 tram,
2246 812 2467 865 astricta
2505 811 2810 883 chlamyde.
2842 811 2988 865 circa
3040 813 3256 866 lumbos
3297 828 3459 867 aurea
3514 821 3633 867 erat

2048 914 2205 967 zona,
2234 899 2496 955 fenmrale
2519 903 2588 956 ab
2624 903 2745 958 imis
2765 903 2994 971 pedibus
3034 904 3087 957 in
3122 913 3278 957 nates
3330 920 3501 972 usque
3531 921 3627 958 ex-

2049 1000 2283 1046 tensum.
2311 990 2462 1045 Hanc
2506 992 2703 1062 ubique
2768 996 3069 1047 orationem
3108 994 3430 1060 reperimus,
3464 1004 3523 1048 ut
3575 994 3628 1047 in

2046 1080 2332 1136 harmonia
2352 1083 2518 1153 lyrica
2557 1100 2679 1138 cum
2738 1084 2923 1139 animo
2972 1096 3385 1142 consonantem.
3446 1085 3634 1141 Comis

2046 1172 2151 1227 fuit
2180 1172 2233 1227 in
2265 1174 2662 1241 conveniendo,
2709 1174 2762 1229 in
2804 1176 2962 1229 rebus
3005 1176 3216 1245 magnis
3258 1179 3423 1231 tacite
3473 1190 3633 1245 pera-

2046 1265 2236 1335 gendis
2266 1264 2652 1326 industrius,in
2697 1282 2753 1317 re
2781 1265 3035 1334 prmsenti
3067 1267 3297 1320 videnda
3318 1275 3630 1331 peracutus,

2046 1357 2100 1411 in
2150 1356 2329 1410 futura
2393 1358 2745 1426 praecavenda
2815 1357 3287 1425 circumspectus,
3356 1358 3634 1426 sapientiae

2045 1446 2562 1516 cupidus,amiciti:e
2582 1447 2781 1512 cultor,
2798 1462 2968 1515 pauca
2997 1447 3347 1501 committens
3377 1448 3629 1515 fortunae,

2044 1539 2299 1595 omnibus
2323 1548 2501 1591 tamen
2535 1539 2603 1592 ob
2635 1538 2979 1607 prudentiam
3008 1538 3358 1593 commissus.

2323 1630 2412 1685 Ea:
2441 1632 2682 1685 oratione
2714 1631 2768 1685 in
2793 1630 3041 1686 Severum
3072 1622 3345 1701 collegam.

2115 1722 2250 1791 Quis
2296 1723 2473 1794 magis
2494 1722 2608 1787 illo,
2634 1721 2718 1776 vel
2752 1737 2873 1776 cum
2938 1722 3217 1777 celeritate
3242 1722 3511 1791 juSIitiam
3539 1735 3631 1775 se-

2043 1827 2222 1873 ctatus
2265 1827 2395 1882 est,
2432 1815 2515 1869 vel
2561 1830 2681 1869 cum
2738 1816 2946 1869 ratione
3008 1824 3268 1878 seetatus,
3295 1814 3465 1882 magis
3512 1827 3630 1867 eam

2046 1908 2258 1978 publice
2287 1906 2871 1975 demonstravinquis
2922 1906 3001 1961 sic
3033 1906 3087 1959 in
3140 1905 3352 1975 agendo
3394 1903 3630 1966 subtilis,

2044 2002 2167 2073 quis
2198 2002 2249 2054 in
2279 2001 2564 2070 puniendis
2608 2000 2856 2053 sontibus
2909 1998 2980 2052 ita
3032 1998 3261 2053 tardus?
3315 1997 3449 2064 Quis
3496 1996 3633 2050 adeo

2045 2092 2162 2146 auri
2196 2091 2368 2145 victor
2400 2090 2425 2143 ?
2453 2089 2574 2158 quis
2598 2090 2669 2142 ita
2702 2088 2935 2157 cupidus
2958 2087 3338 2153 humanitatis,
3370 2097 3425 2141 et
3471 2095 3634 2142 tanta

2044 2197 2173 2252 erga
2211 2182 2440 2236 miseros
2486 2179 2790 2235 clementia:
2824 2178 3114 2232 ?Maturus
3161 2178 3382 2247 quidem
3418 2178 3469 2231 in
3501 2191 3630 2232 ver-

2046 2275 2149 2341 bis,
2181 2274 2231 2328 in
2262 2274 2423 2329 rebus
2452 2271 2776 2342 etopcribns
2798 2271 3082 2328 maturior.

2138 2459 2220 2514 Ex
2247 2463 2485 2513 oratione
2511 2458 2565 2510 in
2600 2454 2879 2527 Cylaceum
2918 2453 3139 2510 Gracia:
3164 2453 3557 2525 proconsulem.

2095 2636 2353 2708 Clypeus,
2371 2648 2504 2688 auro
2516 2641 2788 2695 coruscat,
2807 2643 2860 2685 et
2885 2629 3198 2685 Vulcanium
3219 2629 3385 2685 refert
3406 2629 3638 2684 artillcio

2047 2729 2315 2790 dextram,
2344 2739 2465 2795 qua:
2489 2723 2603 2778 sola
2634 2723 2705 2777 ob
2729 2723 3054 2792 sapientiam
3099 2721 3333 2776 artiﬁcio
3380 2732 3632 2775 naturam

2047 2822 2190 2876 valet
2215 2819 2564 2874 admnbrare.
2611 2814 2869 2869 Meander
2918 2814 3093 2868 Caria:
3122 2812 3341 2878 ﬂuvius,
3371 2821 3635 2883 quantum

2046 2912 2418 2985 magnitudine
2444 2925 2473 2964 a
2505 2906 2625 2963 Nilo
2666 2914 2983 2975 superatur,
3037 2914 3248 2958 tantum
3301 2914 3495 2957 natura
3534 2917 3632 2956 su-

2047 3015 2203 3076 perat
2238 3016 2405 3067 terra,
2446 3016 2610 3072 quam
2639 2997 2912 3070 Egyptiis
2935 2996 3185 3064 largitur,
3220 2995 3288 3050 de
3338 2995 3440 3049 hoc
3479 2993 3637 3047 fabu-

2053 3099 2159 3152 lam
2194 3096 2369 3165 lingit.
2402 3094 2499 3149 Ille
2520 3107 2651 3148 vero
2690 3091 3044 3145 nautiS’tnare
3080 3088 3343 3157 eripiens,
3379 3087 3635 3157 agricolis

2050 3190 2197 3245 dedit
2241 3188 2443 3243 aratris
2480 3201 2581 3256 pro
2656 3186 2817 3254 aquis
2861 3184 3042 3239 sulcos
3129 3180 3401 3236 scindere.
3441 3180 3637 3234 Videas

2050 3297 2321 3350 campum,
2364 3281 2454 3336 ubi
2508 3280 2660 3350 prius
2715 3277 2818 3331 fuit
2872 3291 3043 3341 mare,
3074 3275 3259 3329 videas
3291 3273 3637 3326 lascivientes

2053 3374 2307 3429 hinnulos
2348 3367 2891 3439 loco‘delphinorum,
2923 3369 3042 3423 loco
3093 3375 3277 3422 nauta:
3341 3364 3637 3431 hortantis,
3672 3358 3679 3363 ’

2050 3466 2287 3539 pastoris
2327 3472 2612 3521 sonantem
2640 3460 2878 3516 ﬁstulam
2908 3462 3124 3516 audias.

2148 3646 2344 3719 3741)
2391 3644 2478 3701 Ea:
2535 3647 2774 3719 orariola
2810 3644 3136 3719 iu‘advenas
3166 3641 3439 3712 Ephesios.
3461 3668 3536 3685 --

2686 3714 3006 3769 Exordium.

2117 3806 2253 3863 Cum
2302 3808 2496 3877 Apollo
2550 3807 2938 3861 divinatorium
3016 3804 3287 3875 tripodem
3359 3804 3639 3859 collocans

2048 3901 2302 3955 erunibus
2325 3900 2549 3954 oracula
2598 3898 2874 3963 redderet,
2924 3912 3115 3953 omnes
3171 3908 3363 3966 gentes
3416 3911 3638 3951 omnes-

2048 4006 2156 4061 quc
2185 3991 2346 4045 urbes
2370 3990 2514 4044 fama
2562 3991 2663 4044 hac
2689 3991 2756 4045 ad
2792 3989 2957 4043 Deum
2986 3988 3422 4043 attrahebantur.

2145 4169 2233 4223 Ex
2256 4167 2494 4233 oratione
2517 4166 2569 4219 in
2599 4166 2880 4236 populares
2919 4179 3063 4221 suos.
3083 4193 3156 4204 —
3184 4161 3507 4220 Exordium.

2115 4327 2326 4384 Etenim
2357 4326 2473 4398 jam
2517 4326 2734 4382 demum
2779 4336 2991 4395 tempus
3015 4333 3122 4391 est,
3172 4325 3427 4397 juvenes,
3472 4323 3633 4381 etiam

2051 4422 2260 4478 civibus
2288 4420 2461 4489 lyram
2498 4430 2739 4473 nostram
2778 4418 3092 4487 adoptandi.
3126 4416 3266 4484 Quid
3299 4418 3488 4472 urbem
3508 4431 3635 4487 pro-

2054 4510 2196 4565 ferre
2218 4510 2458 4564 dicemus
2484 4507 2508 4561 ?
2554 4509 2647 4563 sed
2674 4524 2797 4563 cum
2823 4524 2928 4562 non
2986 4510 3039 4563 in
3061 4509 3314 4563 curribus
3345 4524 3444 4562 nos
3471 4508 3639 4562 veha-

360 4604 627 4674 ἁρμάτων
650 4603 695 4635 ’⁸
727 4604 889 4674 ἡμεῖς
916 4602 1195 4674 ὀχούμεθα
1247 4604 1367 4657 οὐδὲ
1410 4604 1476 4658 τὰ
1513 4604 1751 4675 ποιητῶν
1779 4623 1945 4660 σπου-

2054 4618 2194 4668 mur,
2225 4615 2401 4671 neque
2456 4599 2635 4655 studia
2670 4610 2947 4671 poetarum
2974 4600 3389 4677 amplectamur,
3428 4614 3527 4667 age
3553 4598 3635 4654 vi-

362 4693 622 4761 δάξομεν,
653 4693 787 4766 φέρε
808 4694 1037 4764 ἀνδράσι
1064 4693 1160 4749 καὶ
1182 4693 1364 4762 λόγοις
1398 4693 1496 4764 τὴν
1521 4693 1676 4748 πόλιν
1702 4696 1948 4765 τειχίσωο

366 4803 489 4858 μεν.
528 4784 639 4856 Τὴν
670 4784 728 4838 δὲ
766 4786 906 4857 Ὀμή
917 4804 1009 4855 pou
1030 4786 1130 4856 τὴν
1151 4787 1395 4857 μεγάλην
1414 4785 1531 4857 ἠχὼ
1551 4786 1604 4839 τί
1628 4786 1737 4839 τῶν
1773 4788 1951 4842 ἁπάν-

361 4894 473 4931 των
503 4877 807 4947 ὲξέμηνεν;
862 4877 976 4930 Οὐκ
1022 4877 1234 4949 ἀνδρῶν
1262 4876 1417 4942 δόξας
1465 4876 1607 4945 Ἐγὼ
1654 4877 1711 4930 δὲ
1746 4880 1948 4951 ἀρετὴν

364 4966 538 5038 ζητῶ,
563 4969 657 5021 καὶ
683 4966 788 5021 ἀπὸ
808 4966 1010 5037 ταύτης
1029 4968 1272 5021 ἐπαινεῖν
1294 4968 1422 5030 τοὺς
1444 4966 1643 5037 ἄνδρας
1665 4966 1945 5039 βούλομαι.

364 5060 477 5127 Τῆς
502 5059 556 5113 δὲ
584 5060 821 5130 ἀρχικῆς
850 5058 1053 5129 ἀρετῆς
1074 5058 1237 5113 διπλᾶ
1264 5061 1558 5130 τεκμήρια,
1604 5059 1868 5130 βασιλέως
1889 5078 1949 5114 τε

364 5152 420 5205 ai
443 5152 487 5182 ⁹⁹
513 5151 681 5222 ψῆφοι
725 5150 819 5204 καὶ
847 5149 954 5202 τῶν
982 5151 1303 5222 ἀρχομένων
1342 5153 1393 5204 οἱ
1426 5153 1580 5206 πόθοι
1606 5150 1818 5225 ‘.[H'57
1855 5153 1945 5225 IL]

365 5241 523 5294 Μετὰ
551 5240 661 5293 τῶν
699 5240 878 5311 ἔργων
906 5239 1006 5311 τὴν
1064 5238 1227 5310 φύσιν
1265 5241 1596 5295 σκέπτεσθαι
1634 5243 1783 5309 ἄξιον
1814 5259 1829 5274 ο
1858 5246 1951 5297 καὶ

367 5331 483 5385 ἴσον
512 5349 596 5395 τις
619 5332 843 5403 εὑρήσει
864 5331 962 5395 τάς
1021 5347 1084 5384 τε
1146 5332 1375 5403 πράξεις
1432 5331 1671 5403 ἠχούσας
1717 5333 1812 5386 καὶ
1849 5335 1950 5402 τὴν

369 5424 535 5496 φύσιν
554 5426 675 5480 ὅθεν
699 5424 1112 5495 κατώρθωνται.
1144 5426 1277 5480 Τίνα
1298 5425 1363 5497 δὴ
1385 5426 1482 5496 τῆς
1508 5425 1724 5495 φύσεως
1752 5425 1906 5478 τοῦδε
1927 5427 1946 5458 ³

2055 4695 2132 4748 ris
2162 4702 2213 4747 et
2234 4695 2481 4749 oratione
2518 4695 2706 4747 urbem
2745 4692 3072 4747 muniamus.
3098 4691 3235 4759 Quid
3290 4707 3353 4747 ex
3379 4691 3637 4748 omnibus

2057 4801 2309 4855 magnam
2332 4786 2551 4840 Homeri
2596 4787 2795 4841 fatuam
2828 4785 2880 4841 in
2917 4784 3159 4841 furorem
3191 4782 3301 4854 egit
3330 4783 3354 4836 ?
3384 4782 3521 4837 Num
3560 4784 3634 4839 vi-

2059 4895 2245 4933 rorum
2304 4879 2528 4949 gloria?
2568 4879 2678 4947 Ego
2720 4879 2974 4932 virtutem
3020 4892 3229 4947 quaero,
3279 4888 3335 4931 et
3379 4878 3448 4931 ob
3493 4875 3635 4933 hanc

2030 4969 2203 5023 viros
2234 4969 2510 5023 celebrare
2538 4968 2717 5035 cupio.
2751 4966 3086 5037 Principium
3146 4964 3369 5019 virtutis
3398 4964 3631 5033 duplicia

2055 5072 2184 5115 sunt
2248 5061 2467 5127 indicia,
2504 5076 2627 5114 cum
2668 5060 2807 5128 regis
2835 5059 3073 5121 decreta,
3114 5067 3227 5110 tum
3284 5057 3628 5110 subditorum

2055 5169 2231 5209 amor.
2273 5153 2408 5209 Cum
2433 5154 2668 5209 subditis
2695 5168 2958 5219 amorem,
3011 5168 3132 5205 cum
3161 5150 3419 5221 operibus
3471 5161 3630 5204 natu-

2055 5262 2171 5299 ram
2209 5262 2307 5316 par
2344 5257 2426 5300 est
2459 5247 2821 5312 considerari,
2854 5253 2909 5299 et
2961 5244 3161 5313 aliquis
3191 5243 3425 5311 reperiet
3463 5257 3629 5311 opera

2051 5339 2280 5408 aequalia
2317 5354 2440 5391 cum
2501 5348 2716 5403 natura,
2750 5355 2777 5390 ιι
2808 5352 2913 5406 qua
2969 5336 3303 5405 diriguntur.
3362 5333 3628 5400 Quaenam

2053 5427 2379 5498 principium
2424 5438 2630 5483 natura:
2664 5431 2816 5499 signa
2854 5428 2878 5481 ?
2917 5428 3188 5482 acerrimo
3236 5441 3356 5481 esse
3400 5424 3626 5495 judicio,

780 5578 795 5581 _
1640 5520 1880 5576 VAlilrE
1920 5522 2327 5578 LECTIONES.

440 5616 631 5690 ξ’ᾼίξὺν
651 5614 714 5670 C.
789 5616 836 5690 ’_°
858 5615 1244 5690 ἐδημοσίευσεν
1272 5616 1338 5671 Α.
1382 5617 1457 5690 ,υ
1487 5616 1897 5690 φιλανθρωπίας
1930 5619 2123 5690 μῆττων
2148 5619 2209 5673 C.
2313 5620 2358 5651 θ’
2386 5617 2704 5671 σκυλάκειον
2755 5632 2900 5690 corr.
2924 5616 3002 5690 Δ,
3040 5612 3333 5690 σκυλάκιον
3384 5623 3531 5690 corr.
3564 5607 3628 5673 C,

370 5687 662 5742 κνλάκειον
692 5701 773 5753 pr.
795 5685 861 5751 Α,
893 5685 1186 5741 κυλάκκιον
1240 5702 1322 5755 pr.
1371 5686 1434 5740 C.

370 5760 415 5793 υ
440 5757 587 5828 vocis
620 5756 880 5828 πατρίδος
918 5757 1126 5812 litteras
1159 5756 1207 5810 ιδ
1251 5768 1527 5828 correctas
1586 5756 1750 5815 babei
1796 5759 1861 5813 A.

374 5831 421 5861 ’ν
462 5827 517 5879 αἱ
548 5842 657 5880 om.
681 5827 744 5880 Δ.

376 5896 580 5951 τούτων
608 5913 670 5963 ς’.

1535 5688 1581 5721 ³³
1604 5687 1750 5760 Κάρ]
1807 5687 1993 5759 καρῶν
2016 5690 2076 5744 C.
2188 5691 2235 5728 ⁹⁶
2252 5690 2570 5760 άποαλησας
2587 5690 2648 5742 (1.

1586 5761 1750 5815 habet
1796 5759 1861 5813 A.
1969 5760 2336 5828 ⁹⁷’προοίμιον
2361 5776 2473 5814 om.
2508 5774 2589 5826 pr.
2638 5759 2700 5814 C.

844 5828 861 5859 ⁸
892 5843 1010 5898 qua:
1033 5839 1157 5898 post
1195 5827 1352 5882 πόθοι
1375 5828 1734 5899 addebantur,
1779 5831 1918 5901 μετά
1976 5822 2107 5886 ’τῶ-λ’
2135 5822 2454 5903 ἀρχομένων
2483 5822 2534 5883 οἰ
2568 5828 2735 5895 τιόοοι,
2764 5827 2918 5885 omisi
2958 5840 3080 5880 cum
3116 5822 3227 5879 AC.

2754 5686 2913 5747 ’δετὰς
2964 5684 3004 5740 C
3043 5700 3056 5736 :
3089 5684 3213 5745 τοὺς
3246 5698 3307 5745 ς.
3384 5678 3532 5731 ⁹⁸ὃτε
3562 5707 3633 5719 --

2774 5758 2819 5789 ’⁸
2848 5756 2957 5809 τῶν
2993 5751 3210 5822 ἀφετῶν
3260 5749 3524 5852 ἁρμάτων
3560 5748 3626 5803 (3.

2774 5827 2918 5876 amisi
2958 5840 3080 5876 cum
3116 5822 3227 5876 AC.
3355 5818 3508 5875 τουδι
3536 5821 3582 5876 Ω
3611 5836 3628 5875 ε

2188 5691 2235 5728 9⁸
2252 5690 2570 5760 ἁποαλήσας
2587 5690 2648 5742 (1.
