4104 6428
551 423 687 483 1375

1638 414 1899 475 ΡΗΟΤΙΙ
1941 410 2456 473 PATRIARCHIE
2495 411 2603 473 (ΖΡ.

3690 408 3826 475 1376

549 534 765 592 sublimi
815 531 1021 595 animo,
1057 530 1112 585 in
1158 527 1545 584 hencfaciendo
1581 539 1913 597 promptum,
1963 525 2128 580 mori-

2232 525 2620 595 γνωρίσματα;
2670 521 2828 590 Ὀξὺς
2871 522 3155 594 φρόνησιν,
3212 523 3414 594 ὑψηλὸς
3462 522 3719 595 γνώμην,
3762 525 3821 577 εὖ

550 629 653 679 bus
682 638 806 677 esse
826 622 1199 691 popularibus,
1233 619 1543 689 eloquentia
1566 619 1609 673 si
1641 619 1929 673 dicendum
1961 625 2127 681 esset,

551 716 811 769 Periclem
870 714 1109 775 vincere,
1171 710 1217 764 si
1276 711 1407 779 quid
1460 709 1751 781 agendum,
1790 707 2129 762 Alcibiadem

556 803 781 867 imitari,
811 804 1000 855 urbem
1053 801 1230 869 potius
1265 814 1471 862 amare,
1524 799 1902 868 pecuniasque
1948 797 2130 866 potius

551 904 924 957 contemnere,
949 892 1403 961 quemadmodum
1430 890 1697 945 Periclem
1750 890 1948 945 fecisse
1983 890 2127 943 dixi-

553 1002 696 1051 mus,
726 987 778 1040 in
816 987 1024 1055 agendo
1076 984 1533 1039 vehementiorem
1572 982 1740 1036 multo
1758 998 1880 1036 esse
1930 981 2126 1047 Clinia,

554 1079 621 1129 ad
651 1080 917 1144 agendum
952 1075 1033 1129 vel
1055 1075 1173 1130 sine
1196 1074 1443 1142 artelyra
1471 1074 1664 1140 quavis
1690 1074 1955 1141 aptiorem
1985 1087 2127 1127 esse.

552 1168 738 1223 Talem
796 1167 1031 1237 aliquem
1093 1166 1346 1220 Proteum
1423 1180 1545 1220 esse
1616 1163 1885 1235 Egyptiae
1937 1163 2131 1218 fabulae

549 1259 859 1323 ostendunt,
903 1274 1024 1311 cum
1055 1258 1302 1312 eumdem
1334 1272 1478 1312 nunc
1523 1258 1577 1312 in
1621 1272 1842 1326 aquam,
1878 1270 2025 1311 nunc
2074 1255 2129 1310 in

552 1353 822 1415 arborem,
868 1362 923 1406 et
980 1350 1253 1403 ﬂairimam
1318 1360 1555 1403 mutant.
1640 1348 2129 1418 Promptitudinem

552 1454 762 1497 naturae
784 1456 881 1513 per
916 1440 1019 1496 hoc
1044 1442 1358 1511 significare
1386 1443 1597 1496 volunt.

592 1638 676 1694 Ea:
703 1642 941 1694 oratione
967 1641 1019 1693 in
1044 1635 1315 1693 Privatum
1343 1635 1654 1691 Romanum.
1687 1634 2103 1689 -Ρι-οωηιίιιηι.

622 1734 788 1785 Amor
806 1733 943 1800 ignis
964 1731 1198 1785 Eleusini
1220 1730 1390 1785 traxit
1416 1730 1578 1784 etiam
1599 1728 1963 1785 Anacharsim
1993 1726 2132 1798 Scy-

553 1823 700 1876 tham
732 1822 798 1874 ad
829 1822 1107 1890 mysteria.

713 1911 799 1965 Ex
828 1913 1087 1975 oratione,
1119 1927 1237 1964 cum
1273 1911 1527 1967 Corintho
1551 1926 1786 1965 reversus
1816 1918 1968 1964 esset.

623 2001 681 2056 Si
728 2016 885 2054 casus
931 2001 1125 2069 aliquis
1160 2015 1389 2069 corpora
1449 2009 1751 2070 separaret,
1790 1999 1975 2052 animo
2004 2008 2130 2052 tunc

550 2090 1014 2160 prospiciendum,
1040 2101 1093 2144 et
1118 2104 1303 2145 amore
1343 2106 1495 2145 amor
1537 2092 1843 2145 amicorum
1894 2104 1998 2142 nun
2046 2097 2131 2142 est

550 2182 937 2251 disjungendus
970 2197 987 2237 :
1036 2196 1273 2251 agnosco
1328 2181 1630 2247 affectum;
1673 2182 1913 2236 animum
1951 2196 2130 2235 meum

548 2275 783 2344 explicat
798 2273 998 2341 poesis.

549 2367 749 2439 375a
784 2367 830 2421 Ε
851 2365 1206 2437 prapemptica
1256 2363 1313 2417 in
1367 2360 1685 2431 Ampelium.
1714 2391 1784 2402 —
1812 2359 2127 2415 Exordium.

625 2527 785 2599 Solus
810 2541 841 2581 e
892 2526 1118 2591 Griecis,
1145 2541 1178 2579 ο
1213 2526 1605 2591 adolescentes,
1650 2524 1813 2594 hujus
1871 2523 2019 2593 fuga:
2053 2523 2133 2578 la-

549 2630 721 2682 queos
752 2617 1039 2684 reperiam.
1080 2616 1205 2672 lleri
1260 2616 1439 2685 fugam
1497 2618 1734 2672 minatus
1770 2625 1855 2674 est
1910 2631 2130 2680 currus,

550 2708 708 2761 hodie
738 2707 890 2761 visus
918 2717 1002 2762 est
1035 2708 1173 2763 meis
1212 2709 1419 2765 retibus
1452 2709 1780 2765 constrictus
1832 2722 1977 2763 esse.
2000 2706 2133 2762 Fer-

549 2813 637 2855 tur
674 2798 983 2855 Alexander
1011 2802 1242 2857 vetustis
1276 2810 1331 2857 et
1363 2802 1648 2857 materiam
1702 2800 2002 2856 artiﬁcibus
2031 2802 2129 2855 de-

550 2893 717 2956 disse,
747 2892 820 2946 ita
848 2900 907 2945 ut
929 2891 1198 2962 Lysippus
1235 2893 1526 2963 etApelles
1543 2891 1777 2947 formam
1800 2891 1973 2959 ipsius
2003 2905 2132 2961 par-

552 2980 661 3047 titi,
687 2981 776 3036 ille
803 2982 1019 3050 quidem
1058 2983 1355 3047 coloribus,
1389 2984 1477 3038 hic
1527 2998 1661 3038 vero
1720 2998 1830 3038 aere
1878 2994 2130 3036 naturam

553 3071 700 3141 regis
723 3072 1103 3142 explicuerint.
1151 3073 1287 3129 Cum
1333 3089 1461 3127 vero
1490 3074 1670 3128 oratio
1712 3088 1912 3143 corpus
1979 3082 2133 3127 tran-

552 3164 844 3229 scendens,
872 3179 994 3219 cum
1024 3165 1189 3220 animi
1220 3174 1510 3220 venustate
1537 3174 1591 3220 et
1646 3165 1845 3219 decore
1904 3163 2132 3229 conjun-

2236 621 2411 670 ποιεῖν
2428 616 2645 679 ἄοκνος,
2704 614 2999 685 δημοτικὸς
3027 614 3120 668 τὸν
3151 616 3354 686 τρόπον
3374 631 3388 645 ’
3417 615 3464 668 εί
3505 616 3608 685 μὲν
3646 615 3823 668 είπεῖν

2232 709 2352 779 δέῃ.
2386 708 2479 761 τὸν
2513 705 2786 777 Περικλέα
2806 704 2999 770 νικῶν,
3030 707 3080 759 εί
3104 706 3162 759 δέ
3188 725 3241 760 τι
3261 707 3491 777 πρᾶξαι,
3520 707 3617 759 τὸν
3639 706 3821 759 Ἀλκιο

2237 800 2427 871 διάδην
2479 798 2839 870 μιμούμενος,
2872 797 3072 869 μᾶλλον
3100 798 3157 850 δὲ
3181 799 3275 851 καὶ
3299 797 3819 869 φιλόπολις[μᾶλλον

2234 890 2319 964 δὲ]
2355 891 2450 944 καὶ
2476 892 2773 961 χρημάτων
2806 889 3092 962 κρείττων,
3119 890 3257 961 ὅπερ
3287 890 3361 961 ³η
3402 890 3698 961 συγγραφὴ
3724 891 3818 942 τὸν

2236 982 2513 1052 Περικλέα
2545 981 2940 1053 προσείρηκεν,
2962 982 3020 1033 ἐν
3039 980 3096 1033 δὲ
3112 980 3191 1049 τῷ
3218 980 3485 1050 πράττειν
3520 980 3703 1049 πολλῷ
3723 980 3818 1043 τρῦ

2238 1073 2489 1127 Κλεινίου
2539 1072 2891 1143 θερμότερος,
2949 1072 3171 1140 ἁπάσης
3228 1070 3469 1142 ἀτεχνῶς
3522 1070 3696 1140 λύρας
3756 1071 3818 1124 οὔ

2239 1168 2390 1234 μεῖον
2420 1163 2559 1235 πρὸς
2598 1166 2780 1217 πάσαν
2814 1161 3015 1233 πρᾶξιν
3032 1162 3391 1232 εὐάρμοστος.
3409 1162 3668 1217 Τοιοῦτόν
3694 1180 3818 1216 τινα

2236 1258 2330 1311 καὶ
2360 1256 2453 1309 τὸν
2486 1256 2717 1328 Πρωτέα
2759 1256 3018 1324 γενέσθαι
3069 1255 3231 1327 μῦθοι
3280 1255 3533 1325 δηλοῦσιν
3564 1254 3687 1328 [611
3723 1252 3815 1327 IL]

2236 1348 2547 1416 Αἰγύπτιοι,
2576 1349 2705 1400 ὃταν
2732 1347 2896 1400 αὐτὸν
2944 1346 3042 1401 νῦν
3097 1346 3199 1417 μὲν
3243 1347 3324 1411 είς
3350 1345 3497 1418 ὕδωρ
3526 1347 3819 1419 άμείῦουσι

2236 1442 2331 1495 νῦν
2355 1441 2412 1494 δὲ
2431 1442 2510 1505 είς
2534 1440 2748 1512 δένδρον
2804 1441 2901 1494 καὶ
2954 1439 3130 1510 φλόγα
3150 1456 3165 1471 ’
3192 1440 3254 1495 τὸ
3303 1441 3528 1494 εὔκολον
3572 1441 3685 1513 γάρ
3720 1443 3822 1513 τῆς

2238 1534 2454 1604 φύσεως
2482 1534 2571 1588 διὰ
2596 1533 2789 1587 τούτου
2820 1534 3065 1604 σημῆναι
3102 1532 3411 1603 βούλονται.

2237 1630 2335 1681 Ἐκ
2354 1627 2461 1681 τοῦ
2481 1629 2570 1693 είς
2607 1624 2902 1694 Πρισάτον
2933 1624 3241 1695 Ῥωμαῖον.
3269 1654 3341 1665 —-
3375 1624 3448 1678 Τὸ
3472 1625 3814 1695 Προοίμιον.

2310 1720 2527 1787 Ἥγαγε
2578 1717 2635 1770 δὲ
2690 1717 2799 1789 ἄρα
2857 1719 2887 1771 ό
2913 1715 3009 1771 τοῦ
3040 1718 3214 1789 πυρὸς
3248 1718 3344 1771 τοῦ
3376 1719 3499 1770 κατ’
3533 1717 3819 1772 Ἐλευσῖνα

2238 1812 2526 1877 πόθοςκαὶ
2553 1811 2882 1882 ’Λνάχαρσιν
2899 1812 2993 1864 τὸν
3020 1805 3243 1882 Σκύθην
3270 1812 3366 1864 ἐπὶ
3409 1813 3712 1880 μυστήρια.

2336 1904 2441 1958 Ἐκ
2465 1902 2573 1958 τοῦ
2601 1901 2699 1957 ὅτε
2724 1901 2846 1957 ἀπὸ
2873 1899 2987 1969 τῆς
3006 1901 3300 1969 Κορίνθου
3340 1898 3711 1969 ἐπανῆλθεν.

2304 1998 2367 2051 Ei
2387 1997 2443 2050 δὲ
2469 1997 2579 2067 ἄρα
2616 1995 2754 2066 τύχη
2788 2010 2875 2057 τις
2900 1992 3169 2063 διασχίζοι
3195 1992 3265 2046 τὰ
3292 1992 3548 2063 σώματα,
3583 1996 3654 2063 τῇ
3686 1992 3815 2063 γοῦν

2231 2092 2379 2162 ψυχῇ
2431 2088 2763 2161 προϐλὲπειν
2816 2085 2913 2140 καὶ
2957 2087 3032 2156 μὴ
3092 2084 3173 2155 τῷ
3215 2086 3367 2155 πόθῳ
3410 2085 3523 2139 τῶν
3551 2086 3814 2139 παιδικῶν

2232 2178 2651 2252 ἀποσχίζεσθαι.
2683 2175 2940 2246 Γνωρίζω
2996 2173 3058 2227 τὸ
3102 2173 3309 2237 πάθοςσ
3346 2173 3488 2244 ἐμὴν
3522 2171 3811 2243 ἑρμηνεὺει

2232 2272 2458 2343 γνώμην
2487 2272 2521 2341 ἡ
2548 2268 2789 2339 ποίησις.

2244 2368 2347 2421 Ἐκ
2376 2364 2486 2433 τῆς
2543 2363 2631 2426 είς
2702 2356 3042 2433 Ἀμπέλιον-
3075 2353 3561 2425 Προπεμπτικῆς.
3616 2386 3690 2396 -
3742 2354 3809 2409 Τὸ

2868 2427 3200 2497 προοίμιον.

2306 2524 2579 2598 Ἥμελλον
2607 2521 2737 2594 ἄρα,
2769 2513 2815 2574 ὦ
2836 2522 3048 2582 παῖδες,
3075 2517 3311 2589 ἡμελλον
3361 2517 3523 2588 μόνος
3550 2515 3804 2587 εὑρήσειν

2244 2622 2511 2692 Ἐλλήνων
2545 2617 2645 2687 τῆς
2669 2614 2823 2669 τοῦδε
2856 2612 3035 2682 φυγῆς
3064 2612 3134 2665 τά
3188 2610 3461 2681 θήρατρα.
3506 2608 3654 2672 Χθὲς
3683 2609 3809 2679 δρα-

2235 2715 2371 2782 σμὸν
2397 2710 2614 2782 ἠπείλει
2638 2709 2733 2761 καὶ
2752 2706 2999 2774 ἅρματα,
3023 2704 3264 2773 τήμερον
3293 2700 3455 2772 ὤφθη
3504 2704 3620 2764 τοῖς
3653 2703 3805 2771 ipsi;

2231 2806 2470 2871 δικτύοις
2513 2804 2811 2872 ἁλώσιμος.
2869 2797 3132 2853 Γενέσθαι
3175 2797 3277 2867 μὲν
3324 2796 3421 2850 καὶ
3466 2795 3812 2865 Ἀλέξανδρον

2232 2902 2388 2971 λόγος
2421 2900 2541 2961 ταῖς
2565 2895 2732 2949 πάλαι
2784 2892 3001 2963 τέχναις
3056 2888 3372 2958 ἀγώνισμα,
3432 2888 3576 2942 ὥστε
3606 2888 3673 2956 δὴ
3722 2886 3812 2940 καὶ

2233 2994 2551 3065 νειμάμενοι
2572 2988 2670 3058 τὴν
2702 2985 2917 3055 μορφὴν
2950 2981 3117 3035 αὐτοῦ
3156 2980 3446 3043 Λύσιππος
3496 2978 3594 3032 καὶ
3625 2977 3814 3030 Ἀπελε

2231 3085 2352 3156 λῆς,
2378 3086 2408 3137 ὁ
2432 3084 2530 3151 μὲν
2558 3078 2895 3149 φαρμάκοις,
2948 3076 2977 3129 ὁ
3020 3074 3078 3127 δὲ
3130 3071 3319 3144 χαλκῷ
3354 3072 3453 3142 τὴν
3510 3070 3679 3139 φύσιν
3721 3069 3811 3123 τοῦ

2237 3174 2501 3247 βασιλέως
2534 3173 2910 3242 ήρμήνευσαν.
2960 3165 3114 3217 Ἐπεὶ
3142 3163 3201 3217 δὲ
3229 3166 3257 3215 ὁ
3282 3159 3441 3231 λόγος
3480 3160 3727 3232 ὑπερϐὰς
3757 3161 3816 3213 τὸ

550 3263 732 3320 gatur.
760 3254 843 3308 Sit
876 3264 933 3309 et
960 3254 1073 3309 huic
1098 3269 1222 3310 vera
1285 3254 1635 3318 delineatrix,
1691 3254 1895 3308 nullum
1931 3254 2122 3323 guber-

2239 3267 2398 3337 σῶμα
2428 3263 2606 3334 ψυχῆς
2630 3260 2809 3330 ὁμιλεί
2831 3259 2853 3290 ⁸
2886 3258 2983 3311 καὶ
3006 3257 3028 3288 ⁸
3080 3255 3270 3309 κάλλει
3309 3254 3403 3307 καὶ
3437 3253 3689 3324 χάρισιν,
3729 3252 3811 3321 εἴη

476 3337 485 3344 ’
552 3353 802 3399 natorem
842 3344 1072 3413 peritum
1104 3347 1247 3401 onmi
1293 3346 1497 3402 habens
1544 3346 1909 3413 navigatione.
1940 3344 2128 3399 Infini-

554 3446 667 3489 tum
694 3451 816 3490 cum
842 3436 1023 3505 inopia
1064 3438 1436 3494 confunditur.
1484 3438 1820 3493 Exercitatio
1848 3438 2131 3507 praasumit

551 3539 725 3584 artem
750 3544 913 3599 quam
931 3530 1141 3585 didicit.
1174 3532 1214 3583 E
1235 3533 1546 3588 carceribus
1576 3534 1641 3586 ad
1672 3532 1876 3587 calcem
1907 3547 2128 3587 cursum

551 3619 787 3689 dirigite.
820 3618 1021 3675 Facilis
1047 3622 1138 3675 es!
1162 3623 1469 3678 communis
1492 3624 1607 3678 hac
1664 3633 1749 3678 est
1801 3626 1988 3681 virtus.
2022 3626 2133 3680 Ma-

553 3710 665 3763 lum
698 3710 904 3764 odisti?
969 3726 1089 3764 cum
1143 3714 1284 3767 malo
1312 3714 1476 3768 etiam
1524 3714 1716 3770 bellum
1746 3718 1933 3786 geSsit.
1984 3718 2132 3787 lnjn-

551 3810 757 3855 storum
774 3814 1020 3857 naturam
1061 3806 1323 3859 donorum
1352 3806 1572 3878 fugisti?
1602 3808 1730 3877 ipsa:
1750 3811 1913 3864 etiam
1939 3810 2131 3866 animm

552 3893 901 3961 smejanuam
925 3896 1187 3951 damnoso
1218 3914 1370 3963 auro,
1403 3900 1785 3971 jnstitiamque
1814 3904 2128 3973 coarguenti

551 3986 800 4041 occlusit.
861 3985 1098 4044 Noverat
1143 3992 1289 4045 enim
1334 3991 1625 4059 justitiam,
1674 4009 1780 4048 non
1831 4009 1952 4049 esse
2003 4010 2128 4050 cum

552 4074 807 4129 tenuibus
843 4077 1036 4146 Opibus
1088 4078 1385 4144 infamiam,
1442 4083 1537 4136 sed
1615 4097 1737 4135 cum
1787 4083 2131 4151 improbitate

554 4168 794 4234 divitias,
848 4170 1035 4224 virtuti
1088 4169 1338 4228 inimicas
1389 4184 1445 4227 et
1496 4173 1702 4241 glorias.
1735 4171 1859 4229 llaec
1917 4176 2127 4230 initium

550 4257 767 4315 laudum
789 4271 892 4327 est,
912 4263 1037 4332 quia
1055 4274 1110 4318 et
1138 4264 1349 4318 initium
1378 4280 1579 4320 rerum.
1602 4265 1717 4321 Hoc
1740 4281 1870 4321 vero
1907 4268 2127 4333 deinde,

550 4352 681 4425 quid
742 4353 866 4422 quis
932 4355 1191 4410 dixerit?
1243 4356 1373 4426 quid
1423 4358 1796 4414 observaverit
1836 4339 2129 4416 ‘l'Discere

550 4441 701 4497 enim
736 4442 1006 4496 infinitum
1039 4454 1146 4510 est,
1178 4462 1283 4500 non
1309 4447 1825 4519 dicere,ingratum.
1863 4449 2129 4516 Quemad-

550 4537 768 4589 modum
786 4537 860 4590 illi
880 4538 972 4607 qui
988 4539 1242 4607 pulchras
1264 4552 1475 4598 statuas
1501 4543 1800 4611 intuentur,
1826 4546 2119 4614 conjiciunt

545 4628 737 4683 oculos
763 4629 813 4682 in
840 4645 957 4683 eam
977 4649 1094 4700 qua:
1120 4634 1294 4703 primo
1326 4637 1581 4703 occurrit,
1604 4636 1797 4694 deinde
1820 4640 1981 4694 aliam
2006 4653 2127 4711 post
2156 4615 2201 4671 ι)

549 4720 709 4773 aliam
735 4732 1047 4787 spectantes
1088 4726 1517 4796 dubitantquam
1563 4731 1712 4799 prius
1762 4732 2123 4803 conspiciant.

545 4811 734 4868 Potius
764 4828 891 4869 vero
920 4814 1070 4885 (quid
1092 4818 1233 4871 enim
1261 4819 1389 4873 mihi
1429 4835 1566 4888 opus
1600 4822 1819 4893 antiqua
1877 4824 2130 4886 similitu-

546 4902 675 4958 dine
696 4903 739 4974 ?)
798 4915 857 4959 ut
894 4906 929 4960 ii
949 4906 1037 4975 qui
1061 4907 1293 4976 aliquam
1322 4925 1353 4963 e
1381 4910 1564 4965 multis
1603 4912 1757 4968 novis
1789 4915 1984 4970 statuis
2020 4932 2122 4969 no-

549 5014 671 5050 vam
698 5000 900 5065 vident,
936 5001 1180 5068 aspicere
1205 5004 1517 5057 summatim
1556 5020 1746 5062 omnes
1802 5023 1832 5062 e
1880 5008 2126 5077 pulchri-

548 5089 736 5143 tudine
758 5106 879 5159 quae
899 5103 1002 5158 εει,
1038 5094 1089 5146 in
1129 5103 1241 5150 toto
1285 5096 1617 5152 circumfusa
1659 5109 1947 5170 coguntur,
2000 5116 2123 5170 par-

548 5178 812 5235 ticulatim
842 5183 1087 5238 veroalia
1114 5185 1221 5240 alio
1266 5188 1499 5242 ducente
1547 5188 1922 5257 cupiditatem,
1950 5190 2126 5244 admi-

2238 3360 2307 3415 άν
2339 3359 2432 3412 καὶ
2449 3351 2603 3419 οὗτος
2635 3352 2871 3423 ἀψευδὴς
2910 3348 3222 3419 ζωγράφος,
3260 3348 3336 3418 μὴ
3361 3346 3453 3399 τὸν
3514 3345 3815 3417 πρωράτην

2233 3451 2571 3521 ἐπιστήμονα
2634 3445 2783 3515 πάσῃ
2818 3440 3070 3513 ναυτιλίᾳ
3146 3438 3531 3510 κτησάμενοςο
3587 3439 3651 3491 τὸ
3708 3437 3813 3507 γὰρ

2231 3546 2457 3615 άπειρον
2486 3540 2581 3593 ἐπὶ
2597 3538 2698 3607 τῆς
2726 3535 2915 3606 χρείας
2945 3533 3302 3603 ταράττεται,
3334 3531 3394 3584 τὸ
3423 3530 3482 3584 δὲ
3507 3530 3815 3601 μελε-δῆσαν

2232 3637 2425 3706 θαρρεῖ
2459 3632 2561 3702 τὴν
2578 3630 2773 3701 τέχνην
2822 3627 2889 3697 ἢν
2922 3624 3148 3696 ἔμαθεν.
3180 3624 3279 3676 Ἐκ
3326 3621 3513 3676 πυλῶν
3574 3622 3659 3685 είς
3693 3620 3817 3675 νύσ-

2234 3745 2333 3782 σαν
2365 3726 2479 3779 ῐσον
2501 3724 2594 3777 τὸν
2631 3720 2830 3793 δρόμον
2866 3716 3104 3771 ίθύνατε.
3145 3716 3324 3785 Πρᾶος
3354 3709 3438 3779 εἷς
3466 3714 3662 3767 τκοινὺν
3715 3716 3811 3767 καὶ.

2231 3816 2391 3870 τοῦτο
2421 3813 2827 3881 πλεονέκτημα.
2894 3807 3111 3862 Κακίαν
3169 3808 3383 3876 μισεῖ;;
3422 3804 3639 3876 xui?”
3692 3822 3816 3858 συν,

2232 3906 2691 3978 επεστράτευσεν.
2756 3899 2984 3953 Ἀδέκων
3028 3897 3217 3969 δώρων
3273 3896 3557 3963 ὲξέκλινας
3615 3898 3813 3965 φύσινς

2230 4001 2521 4058 ἀπέκλεισε
2545 3997 2641 4051 καὶ
2662 3989 2818 4058 οὗτος
2844 3992 2945 4056 τὰς
2994 3992 3097 4061 τῆς
3142 3989 3323 4061 ψυχῆς
3354 3988 3530 4052 πύλας
3583 3989 3812 4061 ὑδριστῇ

2229 4093 2415 4166 χρυσῴ
2444 4091 2541 4145 καὶΙ
2566 4083 2918 4154 δικαιοσύνην
2945 4082 3249 4152 ἐλέγχοντι.
3285 4082 3469 4149 Ἔγνω
3493 4081 3607 4148 γάρ
3641 4080 3721 4144 ὡς
3752 4084 3811 4134 οὐ

2227 4184 2540 4253 δικαιοσύνη
2555 4169 2661 4234 ’σὺν
2687 4178 2890 4245 ὀλίγοις
2916 4174 3109 4244 ψόγος,
3138 4172 3276 4226 ἀλλὰ
3306 4171 3405 4225 σὺν
3432 4172 3623 4242 ἀδικία
3652 4171 3815 4225 πλοῦ⁴

2228 4296 2319 4342 τος
2344 4275 2535 4347 ἐχθρὸς
2565 4272 2765 4345 ἀρετῆς
2802 4267 2899 4321 καὶ
2940 4263 3035 4319 τοῦ
3092 4263 3493 4335 θαυμάζεσθαι.
3537 4264 3691 4336 Αὕτη
3749 4264 3811 4336 δὴ

2230 4371 2423 4443 πρώτη
2438 4366 2546 4419 τῶν
2572 4361 2864 4433 ἐγκωμίων
2893 4359 3058 4431 ἁρχὴ,
3088 4358 3170 4410 ὅτι
3199 4358 3294 4411 καὶ
3325 4357 3470 4428 ἁρχὴ
3487 4357 3509 4389 τ
3534 4357 3647 4411 τῶν
3669 4360 3805 4430 πρά-

2232 4462 2386 4528 ξεων.
2428 4458 2501 4512 Τὸ
2532 4458 2589 4511 δὲ
2624 4454 2762 4527 μετὰ
2792 4450 2952 4507 τοῦτο
2980 4450 3033 4503 τί
3064 4450 3164 4521 μὲν
3198 4449 3343 4502 εἴποι
3371 4466 3479 4514 τις,
3514 4448 3568 4502 τί
3624 4450 3684 4503 δὲ
3711 4468 3810 4519 φυ-

2234 4555 2489 4620 λάξαιτος
2525 4550 2620 4602 καὶ
2675 4542 2783 4616 γάρ
2839 4544 2901 4596 τὸ
2955 4542 3138 4610 λέγειν
3190 4540 3416 4612 ἄπορον,
3475 4541 3574 4593 καὶ
3632 4542 3694 4595 τὸ
3738 4543 3811 4612 μὴ

2227 4646 2408 4713 λέγειν
2428 4641 2747 4713 ἀχάριστον.
2798 4636 3014 4703 Ὠσπερ
3070 4630 3181 4702 γὰρ
3232 4632 3283 4684 oi
3326 4632 3398 4684 τά
3450 4632 3675 4704 κάλλη⁸
3706 4633 3813 4685 τῶν

2229 4735 2563 4805 ἀγαλμάτων
2617 4727 2882 4798 θεώμενοι
2925 4723 3142 4794 ἔχονται
3182 4722 3280 4792 μὲν
3321 4724 3449 4784 τοὺς
3497 4722 3812 4792 ὀφθαλμοὺς

2230 4828 2335 4883 ὑπὸ
2365 4823 2459 4879 τοῦ
2492 4820 2709 4893 πρώτου
2738 4816 3196 4891 προσπίπτοντος,
3236 4815 3701 4885 μεταδιῦάζοντες
3752 4818 3807 4870 δὲ

2229 4919 2419 4976 ἄλλοτε
2454 4914 2541 4967 ἐπ’
2573 4912 2701 4966 ἄλλο
2725 4908 2824 4980 τὴν
2859 4908 2987 4961 θέαν
3040 4907 3340 4977 ἀποροῦσιν
3367 4907 3396 4960 ὅ
3450 4924 3506 4960 τι
3554 4908 3809 4980 πρῶτον⁹

2229 5011 2571 5065 θεάσωνται·
2604 5001 2806 5073 μᾶλλον
2838 4998 3000 5065 sunt
3050 4997 3162 5068 γάρ
3190 4996 3384 5067 μοιδεῖ
3438 4997 3681 5061 παλαιᾶς
3734 5000 3810 5051 εί-

2230 5105 2383 5165 κόνος
2400 5102 2439 5169 ς)
2470 5099 2659 5165 ὥσπερ
2680 5094 2732 5147 οἵ
2760 5111 2811 5146 τι
2834 5091 2943 5144 τῶν
2970 5089 3107 5143 νέων
3130 5089 3194 5160 δη
3205 5107 3440 5161 μιουργη
3451 5092 3640 5161 μάτων
3684 5091 3812 5145 θεώ.

2226 5215 2375 5271 μενοι
2404 5196 2445 5225 ίο
2473 5189 2839 5264 προσϐλέπειν
2865 5184 2963 5255 μὲν
2992 5184 3195 5239 ἅπασιν
3210 5182 3422 5253 ἁθρόως
3452 5184 3558 5236 ὑπὸ
3575 5184 3704 5255 [612
3721 5183 3809 5256 1].]

544 5269 763 5327 ratione
795 5275 1167 5342 spectaculum
1194 5277 1524 5348 abrumpunt
1560 5280 1680 5334 :sic
1731 5288 1788 5334 et
1843 5283 1983 5336 iacta
2037 5291 2125 5337 tua

2232 5269 2317 5346 τοῦ
2346 5280 2785 5358 περικεχυμένου
2816 5276 2893 5344 τῷ
2925 5276 3090 5331 παντὶ
3146 5276 3372 5339 κάλλους
3416 5275 3721 5347 βιάζονται,
3752 5279 3807 5330 ὲν

542 5361 789 5432 undique
845 5369 1223 5422 convenientia
1277 5369 1435 5424 aliam
1492 5370 1775 5426 historiam
1828 5376 2125 5442 postulant,

2228 5380 2385 5453 μέρει
2416 5376 2475 5431 δὲ
2527 5373 2686 5429 άλλου
2742 5368 2966 5422 ἄλλοθεν
3010 5366 3467 5437 δημαγωγοῦντος
3510 5369 3605 5421 τὸν
3643 5367 3804 5422 πόθον

543 5470 652 5511 nec
677 5457 759 5512 his
786 5458 1054 5513 orationis
1080 5461 1326 5517 terminis
1361 5463 1561 5519 includi
1591 5464 1798 5519 volunt.
1824 5465 1956 5534 Quis
1983 5467 2123 5523 facta

2232 5470 2508 5542 σχίζονται
2565 5464 2667 5534 τὴν
2714 5461 2846 5515 θέαν
2873 5457 2951 5528 τῷ
2979 5457 3242 5527 θαύματι,
3308 5455 3472 5529 [HLO
3523 5456 3620 5531 8.]
3670 5458 3808 5511 οὕτω

544 5549 635 5605 vel
656 5548 953 5620 justitiam,
993 5552 1078 5609 vel
1109 5554 1375 5625 privatam
1404 5571 1649 5628 operam,
1687 5558 1769 5614 vel
1814 5558 2124 5629 reipublicae

2235 5565 2331 5619 καὶ
2352 5563 2411 5616 αἱ
2447 5559 2540 5614 σαὶ
2573 5556 2799 5629 πράξεις
2838 5553 3011 5605 πᾶσαι
3050 5549 3388 5622 πανταχόθεν
3424 5550 3806 5622 προσπίπτου-

1822 5692 2055 5749 VARle
2096 5690 2499 5750 LECTIONES.

607 5773 643 5859 ,³
672 5773 811 5860 ὅπερ
857 5775 1136 5860 fortasse
1169 5784 1448 5860 legendum
1505 5788 1672 5860 ἢπερ.
1732 5859 1737 5860 ί
1786 5788 2010 5860 δόμιλεῖ
2067 5788 2471 5860 Wernsdorlius
2529 5798 2546 5840 ξ
2622 5778 2758 5860 libri.
2817 5778 3030 5860 ἀξμίᾏει·
3142 5772 3510 5860 ’ἓᾳὶηθωκδο
3581 5775 3619 5858 Ῐ
3645 5770 3807 5860 “ﬁ;

1019 5852 1138 5910 libri
1173 5843 1388 5922 κοῖκίας.
1484 5860 1502 5891 ⁷
1527 5843 1630 5914 ’ὅτιΙ
1657 5843 1753 5915 καὶ
1806 5843 1949 5932 ἁρχὴ
1990 5877 2099 5916 om.
2132 5843 2316 5917 δίψει
2349 5856 2522 5926 κάλλη
2574 5861 2696 5926 post
2734 5843 3072 5923 ἀγαλμάτων
3094 5848 3244 5919 ponit
3273 5848 3334 5904 C.
3429 5846 3454 5880 ³
3491 5844 3711 5920 πρῶτον
3746 5858 3803 5906 ςο
