4050 6460
294 377 433 445 I377

1324 385 1855 448 BIBLIOTHECA.
1877 410 1949 422 --
1984 387 2149 452 COD.
2187 391 2497 454 CCXLI“.

3431 399 3567 468 i378

290 511 384 549 σαι
434 490 679 566 ἱστορίαν
702 491 871 564 ἄλλην
906 489 1183 563 ζητοῦσιν,
1239 492 1353 547 ἀλλ’
1394 495 1454 548 οὐ
1488 496 1582 550 τὸν
1630 497 1863 569 παρόντα

1980 513 2163 566 curas,
2190 500 2389 571 inopiae
2415 503 2836 574 providentiam,
2866 510 2951 565 vel
2986 510 3316 582 principium
3346 522 3564 586 tempe-

287 586 400 640 τῶν
431 584 607 653 λόγων
632 585 800 656 νόμον
833 585 1142 657 ἀνέχονται.
1176 585 1288 650 Τὰς
1311 586 1540 656 πράξεις
1567 590 1697 661 εἴπῃ
1727 607 1810 653 τις
1836 590 1868 661 ἢ

286 679 390 744 τὰς
408 679 599 744 δίκας;
629 678 713 751 [ἢ]
763 680 864 750 τὴν
914 680 973 731 ἐν
1003 679 1161 750 μέρει
1212 679 1449 750 σπουδὴν
1486 681 1520 751 ἦ
1577 682 1678 745 τὰς
1732 683 1872 753 ὑπὲρ

286 772 397 825 τῶν
418 773 553 826 ὅλων
575 772 896 842 φροντίδαςς
922 772 1113 835 πενίας
1137 772 1445 844 πρόνοιανῆ
1473 773 1564 825 τὸν
1585 774 1681 826 σὺν
1703 776 1876 846 πραό-

285 880 414 934 τητι
446 862 557 916 τῶν
584 862 1022 916 δυναστευόντων
1051 863 1464 933 σωφρονισμόν;
1514 864 1673 917 Ἀλλὰ
1695 864 1785 917 διὰ
1812 865 1874 929 σὲ

286 960 382 1011 καὶ
413 959 638 1029 Σπάρτη
662 959 867 1028 τρυφᾷ,
922 957 1185 1023 ῥυπῶντα
1213 958 1499 1027 πλόκαμον
1563 958 1643 1021 είς
1670 958 1868 1028 εὐανθῆ

285 1052 466 1122 κόμην
498 1050 802 1121 ἀμείψασα.
832 1050 937 1104 Τὸν
959 1050 1017 1105 δὲ
1067 1051 1298 1120 ἄπειρον
1332 1051 1441 1103 τῶν
1495 1050 1872 1120 οἰκοδομημά-

284 1160 397 1195 των
423 1140 583 1212 ὄχλον
614 1142 700 1204 τίς
725 1142 791 1195 ἂν
821 1141 942 1194 κατ’
969 1142 1126 1207 ἀξίαν
1157 1140 1449 1211 δηλώσειε;
1482 1142 1743 1211 Περικλεῖ
1772 1141 1870 1212 μὲν

284 1232 602 1303 προπύλαια
654 1232 791 1303 πρὸς
836 1232 1152 1301 φιλοτιμίαν
1200 1233 1362 1303 ἤρκει
1412 1234 1509 1286 καὶ
1558 1231 1868 1303 παρθενὼν,

282 1326 379 1377 καὶ
408 1320 555 1386 οἶκος
574 1324 788 1396 Δαρείῳ
808 1323 1101 1394 βασίλειος,
1119 1325 1214 1377 καὶ
1243 1323 1489 1394 ἄμπελος
1529 1322 1869 1397 Ἀρταξέρξῃ

281 1418 486 1488 χρυσῆ.
525 1416 805 1487 Θεοδώρου
852 1417 1059 1486 Σαμίου
1104 1416 1338 1487 ποίημα,
1383 1417 1657 1486 ἄχρηστον
1708 1416 1871 1487 ἔργον

279 1509 599 1580 τρυφῶντος
615 1510 798 1580 Μήδου
828 1508 969 1562 κατὰ
992 1508 1092 1578 τῆς
1111 1507 1349 1577 φύσεως.
1388 1509 1461 1562 Σὺ
1496 1509 1552 1562 δὲ
1580 1510 1644 1561 ἐκ
1677 1509 1870 1561 Πυλῶν

282 1603 593 1674 ἀρξάμενος
620 1604 747 1673 ἄχρι
776 1602 871 1655 καὶ
894 1602 1304 1671 Πελοποννήσου
1342 1601 1517 1672 μυχοῦ
1563 1602 1744 1656 πάντα
1775 1601 1869 1656 τὸν

281 1692 341 1744 ἐν
383 1693 537 1763 μέσῳ
560 1691 726 1745 τόπον
752 1693 937 1756 πόλεις
991 1691 1303 1761 ἀπέφηνας.
1354 1691 1640 1755 Στενωπός
1680 1708 1766 1755 τις
1798 1687 1867 1763 ἦν

279 1786 614 1850 Κολυττὸς¹¹
648 1785 795 1839 οὕτω
833 1784 1171 1857 καλούμενος
1214 1787 1273 1838 ἐν
1312 1784 1393 1855 τῷ
1427 1785 1743 1856 μεσαιτάτῳ
1765 1785 1865 1854 τῆς

278 1880 514 1947 πόλεως,
562 1879 739 1951 δήμου
781 1880 882 1950 μὲν
924 1880 1130 1949 ἐχωνη
1178 1878 1491 1949 ἐπώνυμον,
1551 1880 1760 1948 ἀγορᾶς
1808 1878 1864 1932 δὲ
1898 1865 1939 1921 Β

276 1974 443 2045 χρεία
471 1974 802 2043 τιμώμενος.
833 1974 987 2027 Κατὰ
1014 1972 1081 2044 δὴ
1124 1972 1282 2037 κλέος
1311 1973 1374 2026 τὸ
1428 1972 1601 2026 πάλαι
1640 1969 1864 2041 ἔρχεται

275 2067 371 2120 καὶ
391 2060 545 2129 οὗτος
570 2066 665 2120 ἐπὶ
694 2065 786 2120 τὸν
833 2065 1020 2131 τόπον,
1069 2065 1177 2119 ὑπὸ
1219 2065 1321 2136 τῆς
1360 2065 1553 2137 φήμης
1599 2064 1867 2137 δημαγω-

275 2158 567 2230 γούμενος.
617 2158 764 2213 Ἰδὼν
787 2159 845 2213 δὲ
886 2160 986 2228 τὴν
1029 2160 1128 2229 μὲν
1181 2158 1345 2227 φύσιν
1381 2158 1600 2231 ἠγάσθη
1648 2158 1739 2212 τοῦ
1764 2158 1861 2212 τό·

275 2270 406 2315 που,
433 2255 501 2325 τῇ
537 2255 854 2324 κατασκευῇ
913 2253 971 2306 δὲ
1018 2251 1263 2324 ὴσχύνθη
1300 2251 1514 2325 [πλέον]
1570 2252 1714 2325 ὑπὲρ
1766 2254 1869 2323 τῆς

275 2344 509 2407 πόλεως,
539 2344 601 2397 ού
621 2343 729 2416 μὴν
753 2344 932 2413 ἀφῆκε
976 2342 1143 2396 πλέον
1197 2342 1520 2413 ἐρυθριᾶσαι
1565 2344 1668 2414 τὴν
1704 2343 1861 2397 πόλιν

274 2437 371 2489 ἐπὶ
403 2436 482 2506 τῷ
513 2438 824 2506 πράγματι.
855 2436 928 2490 Σὺ
962 2434 1056 2490 καὶ
1085 2436 1212 2499 τοὺς
1245 2435 1452 2505 μύθους
1481 2438 1710 2499 πιστοὺς
1758 2438 1864 2490 ἀπ’

275 2528 509 2595 έδειξας,
532 2529 615 2582 δτι
629 2529 805 2582 στένει
822 2530 917 2580 καὶ
942 2527 1088 2589 λίθος
1119 2527 1163 2559 ¹³
1184 2527 1325 2598 ἐρῶν
1340 2529 1437 2580 καὶ
1456 2527 1627 2582 λείϐει
1650 2528 1864 2598 δάκρυα

1979 593 2209 645 rautiatn
2252 607 2376 647 cum
2412 594 2724 661 clementia,
2753 599 2935 655 dicere
2971 604 3194 670 posset?
3240 603 3470 675 Propter
3515 618 3569 664 te

1980 679 2175 751 Sparta
2218 683 2493 738 sordidum
2559 685 2768 739 crinem
2824 687 2875 740 in
2929 699 3213 744 venustam
3279 693 3563 748 caesariem

1977 781 2344 834 commutaus,
2380 773 2434 826 in
2474 772 2686 828 deliciis
2725 777 2857 844 agit.
2892 776 3028 847 Quis
3083 779 3353 835 inﬁnitam
3395 782 3569 836 :ediii-

1973 862 2182 916 ciorum
2237 865 2445 932 copiam
2498 880 2598 934 pro
2660 866 2923 936 dignitate
2988 874 3321 926 recenseat?
3366 873 3567 944 3750

1977 954 2203 1011 Suﬂ‘ecit
2250 954 2444 1011 Pericli
2489 960 2555 1012 ad
2593 961 3125 1016 commendationem
3159 963 3460 1037 Propyltea,
3509 976 3573 1023 et
3684 970 3699 988 ⁸

1974 1047 2312 1114 Parthenon,
2345 1058 2400 1104 et
2442 1050 2609 1105 Dario
2634 1053 2830 1107 domus
2859 1054 3077 1123 regalis,
3108 1070 3389 1126 aureaque
3434 1060 3564 1115 vitis

1973 1140 2263 1195 Artaxerxi
2313 1141 2584 1197 Theodori
2626 1146 2797 1199 Samii
2841 1162 3019 1217 opus,
3068 1165 3191 1203 cum
3230 1150 3419 1207 Medus
3467 1154 3558 1210 ille

1975 1233 2171 1289 inutile
2202 1234 2304 1288 hoc
2344 1249 2482 1303 opus
2513 1238 2748 1293 adversa
2783 1250 2976 1293 natura
3007 1242 3059 1295 in
3083 1242 3562 1302 deliciishaberet.

1972 1324 2053 1380 Tu
2093 1335 2272 1381 autem
2309 1341 2339 1379 a
2371 1326 2751 1400 Thermopylis
2775 1330 3063 1402 incipiens,
3087 1334 3153 1385 ad
3184 1349 3355 1402 usque
3384 1347 3563 1391 extre-

1973 1434 2116 1472 nmm
2149 1417 2509 1487 Peloponnesi
2547 1435 2849 1487 recessum,
2875 1439 3093 1479 omnem
3113 1425 3291 1479 locmn
3320 1429 3558 1482 medium

1971 1510 2133 1565 urbes
2148 1526 2267 1565 esse
2288 1510 2599 1567 dcclarasti.
2624 1512 2988 1584 Fuitquidam
3042 1518 3191 1571 vicus
3224 1516 3471 1589 Colyttas
3504 1521 3559 1574 in

1970 1603 2118 1657 urbis
2147 1603 2445 1658 meditullio
2476 1607 2767 1671 vocitatus,
2786 1607 2963 1676 populi
2990 1609 3209 1677 quidem
3238 1613 3442 1666 habens
3460 1627 3563 1667 no-

1970 1711 2114 1760 meu,
2135 1695 2229 1751 sed
2260 1695 2360 1749 fori
2388 1712 2485 1749 usu
2512 1696 2765 1762 celebris,
2791 1700 3046 1770 antiquus
3070 1701 3265 1772 gloria,
3298 1704 3445 1758 venit
3468 1705 3560 1759 ille

1971 1785 2075 1840 huc
2096 1787 2236 1840 fama
2259 1784 2683 1842 ductusJ’idens
2703 1804 2834 1844 vero
2854 1800 3101 1846 naturam
3127 1792 3226 1848 loci
3256 1794 3561 1851 admiratus

1967 1891 2052 1934 est
2074 1896 2086 1933 :
2106 1888 2300 1934 ornatu
2324 1894 2453 1934 vero
2475 1881 2624 1936 urbis
2645 1882 2818 1953 magis
2833 1882 3093 1939 confusus
3122 1894 3225 1949 est,
3252 1901 3357 1941 non
3376 1897 3565 1943 tamen

1965 1970 2133 2024 desiit
2160 1969 2213 2023 in
2257 1984 2316 2023 re
2352 1974 2590 2039 gerenda
2630 1983 2854 2042 prepter
2879 1974 3067 2030 urbem
3112 1978 3320 2046 pudore
3345 1979 3565 2036 sutl‘un-

1967 2062 2045 2116 di.
2068 2059 2148 2115 Tu
2171 2076 2302 2116 vero
2330 2060 2549 2119 ialntlas
2585 2065 2876 2121 credibiles
2906 2082 3028 2123 esse
3051 2071 3361 2127 ostendisti.
3412 2071 3561 2128 Cum.

1969 2157 2175 2226 lapides
2204 2158 2281 2212 tui
2307 2169 2557 2214 amantes
2587 2160 2966 2230 ingemiscant,
2994 2174 3050 2218 et
3073 2162 3342 2235 lacrymas
3369 2163 3543 2220 libent

1969 2247 2116 2301 velut
2162 2249 2231 2302 ab
2268 2261 2449 2302 amata
2491 2261 2781 2319 separatus
2818 2250 3012 2307 furtim
3044 2254 3308 2317 amasios,
3346 2263 3404 2307 ttt
3449 2269 3554 2324 ego

1968 2355 2184 2405 vereor,
2224 2358 2293 2395 ne
2327 2340 2404 2395 ttti
2436 2342 2766 2397 desiderium
2804 2344 3064 2399 datiuum
3096 2345 3303 2415 aliquot
3327 2347 3550 2409 excitet,

1970 2442 2027 2488 et
2064 2433 2231 2503 aliqui
2283 2441 2534 2488 naturam
2560 2445 2981 2502 commntantcs,
3019 2437 3072 2491 in
3106 2436 3295 2494 ﬂorem
3330 2448 3426 2492 aut
3463 2453 3553 2493 ar-
3582 2436 3591 2441 ’

1983 2526 2171 2580 borem
2199 2526 2450 2579 conversi
2476 2524 2656 2580 fabula
2690 2528 2927 2582 absurda
2960 2528 3111 2582 ﬁant.

275 2627 473 2697 ὥσπερ
505 2626 740 2697 ἐραστὴς
775 2627 874 2694 τῆς
905 2624 1190 2696 ἐρωμένης
1213 2624 1613 2696 κλεπτόμενοςο
1646 2625 1723 2689 ὡς
1756 2623 1869 2692 ἐγὼ
1906 2622 2122 2678 δέδοικα
2187 2621 2262 2693 μή
2288 2638 2343 2674 τι
2381 2621 2475 2675 καὶ
2512 2622 2683 2687 πάθος
2706 2624 2735 2676 ὁ
2773 2624 2902 2694 περὶ
2936 2623 2995 2677 σὲ
3028 2624 3193 2688 πόθος
3226 2624 3552 2713 ἐργάσηται,

273 2720 370 2773 καί
395 2737 541 2784 τινες
577 2718 678 2791 τὴν
741 2718 905 2788 φύσιν
950 2718 1285 2789 ἀμείψαντες
1339 2717 1460 2774 εἶτα
1518 2719 1669 2787 ξένον
1746 2719 1915 2790 μῦθον
1948 2717 2305 2787 γεννήσωσιν,
2330 2716 2552 2787 ἄνθοςῆ
2607 2715 2825 2787 δένδρον
2861 2717 3166 2788 γενόμενοι.

271 2836 380 2891 Ἕκ
403 2836 510 2892 τοῦ
529 2838 618 2903 είς
652 2837 992 2891 Ἇνατόλιον
1012 2836 1309 2905 ὕπαρχον.
1334 2866 1406 2879 --
1430 2836 1499 2891 Τὸ
1521 2838 1855 2907 Προοίμιον.

354 2929 611 3000 Ἀχιλλέα
653 2931 785 3000 παρ’
830 2929 1057 3000 Ὁμήρῳ
1086 2930 1247 2999 φόνον
1306 2931 1523 2999 ἑταίρου
1553 2928 1861 3002 δακρύοντα

271 3022 407 3085 Ζεὺς
438 3024 497 3088 ἐξ
520 3022 775 3093 οὐρανοῦ,
803 3020 870 3074 δι’
904 3021 1108 3092 Ἐρμοῦ
1136 3021 1357 3092 πέμψας
1384 3021 1656 3093 σύνθημα,
1680 3021 1860 3075 ὃπλων

270 3113 561 3168 ἐκέλευσεν
594 3112 854 3184 ἅψασθαι.
886 3112 1014 3183 Φέρ⁹
1067 3112 1162 3165 οὖν
1201 3113 1297 3167 καὶ
1351 3113 1515 3184 ἡμεῖς
1566 3112 1758 3185 ῶσπερ
1799 3111 1861 3165 ἐκ

268 3224 411 3270 τινος
436 3206 647 3261 ἄνωθεν
675 3204 945 3279 ῥεύματος
980 3208 1063 3270 εἰς
1099 3208 1413 3277 πανήγυριν
1437 3206 1499 3259 τὸ
1559 3206 1731 3270 πάθος
1763 3204 1858 3259 λύ-
1886 3242 1931 3302 C

270 3318 487 3366 σαντες,
514 3300 593 3371 τῷ
616 3301 930 3374 μουσηγέτῃ
953 3298 1326 3371 χορεύσωμεν.
1355 3299 1511 3368 Θήρα
1533 3299 1726 3367 γέγονε
1760 3299 1858 3369 τῆς

266 3392 548 3462 ⁴ἡμετέρας
581 3393 777 3462 τέχνης
806 3391 834 3441 ὁ
871 3389 1046 3460 μέγας
1081 3388 1349 3459 ὕπαρχος.
1388 3390 1461 3441 Ού
1490 3386 1658 3457 μῦθος
1683 3384 1859 3439 ταῦτα

264 3482 393 3537 οὗτε
437 3484 659 3537 Ἀττικὰ
680 3481 893 3552 κομψεύ
903 3499 1071 3553 ματα,
1104 3479 1253 3546 ξένος
1272 3482 1336 3533 ἐκ
1358 3479 1553 3549 Θηϐῶν
1580 3479 1855 3543 Διόνυσος.

267 3578 543 3633 Ποσειδῶν
580 3577 818 3650 ἐραστὴς
871 3576 981 3631 ἀπὸ
1004 3578 1103 3630 τοῦ
1133 3574 1401 3647 κύματος,
1444 3570 1533 3628 οἷα
1587 3574 1727 3628 κατὰ
1759 3576 1859 3640 τῆς

266 3672 477 3736 πόλεως
506 3672 764 3735 Λάκωνες
794 3669 1104 3735 παίζουσιν,
1135 3668 1250 3724 ἀλλ’
1269 3668 1469 3737 ἀληθὲς
1486 3667 1770 3737 ἐντύχημα
1791 3666 1856 3732 ⁸⁸,

266 3764 406 3819 ἀλλὰ
437 3764 655 3818 παιδεία
695 3763 791 3817 καί
819 3763 996 3835 νόμοι,
1033 3760 1161 3832 ῥίζα
1198 3762 1310 3815 τῶν
1333 3760 1556 3831 ἀγαθῶν
1603 3760 1700 3813 καὶ
1754 3745 1882 3830 μη·’

263 3856 541 3927 τρόπολις.
592 3856 764 3919 Λύτός
806 3874 865 3909 τε
913 3855 1135 3926 φυτεύει
1190 3853 1265 3925 τῷ
1333 3852 1485 3923 φυτῷ
1540 3853 1717 3922 τούτῳ
1758 3851 1859 3921 τὴν

265 3949 465 4005 ἑαυτοῦ
496 3949 698 4020 ψυχὴν,
733 3949 958 4003 Ἀττικὰ
978 3948 1232 4020 ἐπάρδων
1264 3945 1332 4001 τὰ
1364 3946 1605 4016 νάματα.
1655 3942 1765 3997 Ἀεὶ
1800 3942 1856 3995 δὲ

262 4045 336 4098 τὰ
365 4044 407 4075 ⁸⁸
437 4042 580 4096 καλὰ
600 4042 824 4105 σπάνια,
852 4042 1118 4108 καὶδόξαν
1137 4038 1407 4095 ἀθάνατον
1437 4040 1550 4101 τοῖς
1579 4035 1856 4091 ἐπινοοῦσι

265 4136 658 4209 προμνώμενα.
691 4135 914 4207 Πρῶτος
951 4136 1052 4205 μὲν
1110 4136 1138 4189 δ
1173 4134 1341 4204 σοφὸς
1401 4132 1733 4201 Ἀνάχαρσις
1782 4132 1850 4185 ἐκ

265 4230 488 4284 Σκυθῶν
518 4226 682 4303 ἦλθεν
706 4232 785 4294 εἰς
804 4228 1098 4300 Ἕλληνας,
1118 4228 1334 4299 πρῶτος
1358 4227 1415 4281 δὲ
1449 4225 1625 4296 Πέλοψ
1647 4224 1853 4291 Λυδῶν,

263 4319 394 4393 ξοιδ
416 4319 509 4393 1-1.]
526 4322 609 4374 ἐπ’
623 4319 903 4375 ἀθανάτων
925 4319 1106 4373 ἵππων
1133 4317 1272 4373 κατὰ
1286 4317 1527 4388 γαλήνης
1540 4314 1854 4387 ὀχούμενος.

263 4414 375 4466 Καὶ
425 4412 613 4483 μισθὸν
638 4416 739 4483 τῆς
763 4411 1113 4483 καινοτομίας
1138 4410 1403 4481 λαμϐάνει
1440 4408 1623 4462 δοῦναι
1651 4410 1717 4477 τῇ
1748 4405 1856 4476 χὼ·-

264 4523 332 4576 ρᾳ
364 4505 423 4558 τὸ
457 4506 773 4577 πρόσρημα.
804 4506 913 4560 Καὶ
938 4507 967 4559 ό
997 4504 1094 4575 μὲν
1122 4503 1340 4567 ἔπαινος
1371 4505 1430 4557 ἐν
1457 4502 1717 4570 αἰγιαλοῖς
1750 4501 1850 4564 ἔτι,

1960 2832 2045 2889 Ex
2074 2835 2317 2888 oratione
2338 2835 2393 2887 in
2422 2834 2730 2887 Anatolium
2760 2833 3090 2903 prmfectum.
3123 2864 3193 2874 —-
3229 2834 3547 2892 Exordium.

2029 2924 2245 2995 Jupiter
2281 2941 2377 2996 per
2408 2923 2737 2979 Mercurium
2769 2941 2799 2981 e
2829 2925 2969 2980 cmlo
3006 2935 3273 2981 tesseram
3303 2929 3555 2990 mittens,

1963 3019 2104 3089 apud
2137 3016 2457 3082 Homerum,
2486 3018 2652 3087 jussit
2687 3019 2953 3073 Achillem
2978 3020 3112 3074 socii
3150 3036 3335 3075 casum
3362 3020 3555 3090 deplo-

1962 3119 2171 3165 rantem
2208 3123 2357 3163 arma
2386 3124 2622 3164 sumere.
2665 3110 2908 3179 Agedum
2935 3124 3066 3183 ergo
3091 3112 3256 3167 etiam
3295 3128 3393 3167 nos
3420 3122 3550 3168 tan-

1962 3217 2125 3272 quam
2157 3200 2367 3257 cmlesti
2399 3202 2581 3269 aliquo
2608 3202 2841 3272 impulsu
2872 3203 2924 3257 in
2969 3203 3268 3260 festivitate
3302 3205 3555 3261 dolorem-

1963 3294 2258 3360 solventes,
2303 3292 2539 3363 Apollini
2592 3302 2903 3351 cantemus.
2937 3294 3049 3351 Nos
3090 3298 3297 3352 nostris
3336 3299 3555 3354 artibus

1961 3398 2216 3453 magnttm
2260 3382 2409 3436 illum
2453 3383 2759 3454 principem
2806 3386 3075 3453 cepimus.
3118 3386 3238 3442 Non
3266 3388 3380 3443 haec
3421 3402 3555 3444 sunt.

1961 3489 2136 3545 nugae,
2166 3485 2259 3528 aut
2292 3475 2457 3529 Attici
2494 3476 2658 3542 sales,
2689 3475 2959 3531 Bacchum
3005 3494 3036 3533 e
3061 3476 3265 3535 Thebis
3302 3483 3551 3552 peregri—

1962 3581 2115 3629 num,
2156 3565 2462 3634 Neptunum
2493 3581 2523 3620 e
2567 3566 2817 3623 ﬂuctibus
2846 3574 3324 3637 amantem,sicnti
3365 3577 3431 3629 ad
3455 3592 3554 3630 ur-

1962 3658 2082 3712 hem
2118 3657 2369 3714 Lacones
2412 3660 2624 3723 ludunt,
2674 3664 2767 3716 sed
2818 3678 3008 3718 verum
3049 3665 3402 3736 colloquium,
3454 3672 3550 3724 sed

1962 3749 2231 3806 institutio
2257 3760 2312 3805 et
2344 3752 2580 3816 sanctio,
2609 3754 2762 3809 radix
2792 3757 3060 3810 bonorum
3090 3769 3145 3813 et
3174 3760 3407 3816 initium.
3428 3759 3554 3832 Ipse

1960 3857 2093 3899 vero
2148 3844 2252 3898 hoc
2286 3845 2532 3914 germine
2580 3847 2822 3902 animum
2865 3864 3022 3903 suum
3075 3850 3304 3921 plantat,
3350 3855 3550 3911 Atticis

1960 3935 2194 4005 irrigans
2234 3936 2413 4003 aquis.
2453 3934 2683 4006 Semper
2716 3941 3048 3995 veroomnia
3079 3944 3305 4011 pulchra
3330 3957 3553 4012 rara,ct

1960 4028 2319 4083 immortalem
2343 4027 2572 4097 gloriam
2611 4030 3042 4100 intelligentibus
3070 4037 3391 4092 conciliant.
3422 4038 3555 4095 Pri-7

1960 4134 2082 4174 mus
2117 4120 2337 4188 sapiens
2385 4120 2720 4176 Anacharsis
2746 4137 2778 4176 e
2818 4121 3039 4194 Scythia
3072 4126 3129 4179 in
3165 4127 3433 4183 Graeciam
3454 4147 3553 4185 vc-

1961 4210 2078 4276 nit;
2113 4211 2322 4280 primus
2352 4210 2545 4281 Pelops
2570 4226 2601 4267 e
2622 4212 2791 4284 Lydia
2830 4214 3230 4272 immortalibus
3255 4219 3306 4274 in
3335 4223 3551 4276 sereni-

1959 4314 2070 4359 tate
2100 4312 2287 4357 vectus
2317 4304 2499 4374 equis,
2534 4313 2589 4359 et
2615 4305 2923 4362 mercedem
2958 4322 3111 4362 novae
3127 4309 3416 4367 divisionis
3448 4330 3541 4369 ac-

1957 4397 2109 4466 cipit,
2156 4407 2217 4450 ut
2270 4395 2483 4450 dederit
2529 4396 2738 4468 regioni
2783 4412 3116 4468 cognomen.
3157 4400 3224 4455 Et
3271 4401 3389 4459 laus
3450 4405 3551 4461 illa

1957 4491 2173 4561 quidem
2218 4489 2399 4543 adhuc
2451 4489 2504 4544 in
2559 4490 2838 4546 littoribus
2876 4509 2891 4546 :
2930 4490 3158 4547 ﬂuctuat
3202 4508 3333 4550 vero
3366 4499 3556 4552 oratio

262 4598 551 4665 πελαγίζει
587 4597 641 4651 δὲ
677 4601 706 4652 ὁ
747 4598 923 4667 λόγος,
966 4598 1065 4670 οὐχ
1109 4597 1252 4669 δρῶν
1288 4596 1457 4667 ὅρμον
1510 4593 1852 4663 φαινόμενον.

1967 4600 2072 4637 non
2125 4582 2317 4636 videns
2369 4590 2589 4649 portum
2628 4593 3013 4653 apparentem.
3058 4587 3331 4656 Optimum
3378 4590 3545 4660 igitur
3632 4600 3635 4601 ⁷

259 4689 573 4763 Κράτιστον
600 4687 695 4745 οὖν
750 4690 879 4755 ἴσως
936 4692 1107 4744 εἰκόνι
1155 4688 1255 4759 τὴν
1302 4687 1453 4741 τοῦδε
1490 4686 1653 4756 φύσιν
1679 4684 1848 4756 θηρά-

262 4799 455 4849 ααντα,
482 4783 542 4837 τὸ
561 4784 664 4838 τοῦ.
689 4783 900 4836 Φειδίου
944 4781 1315 4852 μιμήσασθαι.
1343 4780 1458 4833 Ούκ
1507 4779 1693 4849 ὴγνόει
1722 4779 1846 4830 Φει-

258 4874 521 4938 δίας-ὅσος
554 4875 649 4928 καὶ
672 4877 735 4928 ἐν
758 4876 903 4938 ὅσοις
935 4876 964 4927 ό
1016 4874 1169 4938 Ζεὺς,
1223 4871 1318 4927 ἅτε
1374 4870 1472 4942 τὴν
1522 4872 1701 4942 ψυχὴν
1746 4871 1845 4942 τῆς

258 4961 446 5033 χειρὸς
478 4960 802 5033 σοφώτερος.
838 4963 1171 5033 Βουλόμενος
1214 4956 1307 5014 οὖν
1336 4960 1417 5013 ἐνὶ
1461 4959 1699 5031 θηρᾶσαι
1744 4960 1844 5029 τὴν

258 5054 383 5117 Διὸς
438 5052 600 5124 φύσιν
650 5054 949 5125 ἀγάλματι,
1012 5053 1207 5127 χρυσῷ
1252 5053 1495 5124 κεράσας
1553 5052 1840 5120 ἐλέφαντα,

269 5145 505 5210 Ἠλείοις
544 5144 645 5217 μὲν
664 5146 757 5201 τὸν
790 5146 1111 5218 Ὀλύμπιον,
1157 5148 1271 5209 τοῖς
1300 5146 1357 5199 δὲ
1410 5145 1591 5209 ἄλλοις
1632 5142 1845 5214 ἀνθρὼ-

255 5256 383 5303 ποις
407 5239 502 5292 τὸν
548 5238 646 5292 Δία
692 5238 866 5292 εἰκόνι
918 5236 1285 5310 μιᾷτοσοῦτον
1339 5238 1465 5291 ὅσον
1516 5237 1841 5290 ἐκτυπωσά-

258 5348 445 5404 μενος.
483 5332 685 5386 Ἐθέλω
717 5333 775 5387 δέ
798 5349 880 5386 σοι
914 5332 1076 5386 θείων
1096 5335 1160 5386 ἐκ
1185 5332 1495 5403 φαρμάκων
1515 5330 1726 5402 γράψαι
1752 5330 1843 5385 τὸν

1960 4676 2186 4731 forsitan
2230 4676 2417 4736 fuerit,
2454 4677 2595 4731 hune
2638 4675 2876 4747 imagine
2910 4677 3031 4744 eius
3063 4689 3313 4734 naturam
3354 4684 3543 4752 expri-

1957 4778 2216 4834 mentem,
2246 4767 2497 4823 Phidiam
2532 4769 2584 4822 in
2607 4784 2673 4823 eo
2700 4768 3064 4825 itnitari.Non
3099 4772 3388 4841 ignorabat
3411 4775 3549 4828 Phi-

1954 4864 2098 4928 dias,
2131 4862 2254 4933 quis
2282 4862 2407 4916 etin
2432 4862 2632 4931 quibus
2660 4861 2872 4932 Jupiter
2900 4874 3070 4931 esset,
3104 4864 3319 4921 scilicet
3358 4870 3551 4924 animo

1952 4957 2151 5029 316a
2180 4957 2482 5027 sapientior
2508 4973 2671 5027 quam
2702 4958 2917 5012 dextra.
2958 4957 3197 5029 Cupiens
3232 4960 3398 5031 igitur
3434 4979 3548 5019 una

1954 5052 2190 5121 imagine
2234 5048 2384 5106 Jovis
2439 5049 2714 5121 ingenium
2758 5053 3068 5121 exprimere
3103 5069 3241 5107 auro
3279 5058 3542 5112 commis-

1950 5160 2082 5199 cens
2117 5145 2275 5206 ebur,
2304 5143 2449 5199 Eleis
2476 5144 2693 5213 quidem
2714 5142 3045 5214 Olympium,
3078 5146 3199 5201 aliis
3226 5146 3552 5204 hominibus

1948 5238 2140 5294 Jovem
2183 5254 2288 5293 una
2333 5238 2571 5310 imagine
2615 5237 2805 5305 talem,
2845 5248 2904 5293 ιιι
2942 5249 3056 5304 est,
3081 5240 3368 5312 ellingens.
3402 5245 3551 5301 Volo

1951 5330 2045 5385 tibi
2080 5344 2111 5383 e
2163 5330 2361 5384 divinis
2403 5330 2679 5384 colorilms
2723 5330 2961 5385 tabulam
3009 5331 3275 5402 pingere,
3332 5338 3547 5390 terreni

256 5427 494 5479 πίνακαο
516 5426 759 5480 ἔκπλυτα
779 5426 888 5497 γὰρ
915 5425 1123 5495 ταχέως
1145 5424 1329 5495 χρόνῳ
1350 5424 1417 5477 τὰ
1446 5426 1629 5497 γήϊνα.
1661 5423 1849 5493 Δόγμα

1965 5422 2100 5479 enim
2158 5421 2371 5477 colores
2408 5432 2654 5490 tempore
2698 5422 2992 5479 eluuntur:
3022 5428 3348 5481 sententiam
3406 5442 3552 5481 vero

252 5521 314 5575 δὲ
339 5522 430 5574 καὶ
453 5520 609 5586 δόξαν
644 5522 698 5573 εί
724 5538 802 5591 τῳ
829 5519 979 5590 φίλον
1004 5518 1190 5572 καλεῖν
1216 5519 1309 5572 τὸν
1334 5519 1559 5580 πίνακα,
1574 5520 1636 5572 ού
1656 5519 1847 5572 διοίσο-

1965 5526 2007 5570 at
2038 5515 2375 5585 opinionem,
2411 5514 2567 5570 sicui
2602 5514 2780 5584 placet
2809 5516 3094 5573 nominare
3128 5520 3397 5585 tabulam,
3430 5537 3547 5574 non

259 5628 381 5682 μαι.
415 5611 570 5683 [HM
600 5610 693 5685 [1.]
734 5611 987 5667 Ἐπειδὰν
1024 5612 1193 5682 κάμοι
1225 5612 1287 5665 τὸ
1323 5612 1456 5666 πολὺ
1492 5612 1652 5681 σῶμα
1682 5610 1841 5664 τοῦτο

1965 5610 2296 5663 :outendam.
2329 5605 2778 5677 Quandoquidem
2817 5618 2874 5663 et
2905 5610 3035 5665 tttihi
3065 5612 3166 5667 ltoc
3193 5612 3385 5682 ingens
3413 5628 3547 5668 eor-

1562 5744 1803 5802 VARIAS
1850 5741 2258 5800 LECTIONES.

356 5870 919 5945 ίίιίολυττδς1κόλπος
953 5872 1017 5931 C.
1096 5871 1139 5906 “
1170 5871 1308 5944 ιχων
1330 5886 1443 5925 om.
1477 5869 1537 5926 C.
1618 5870 1662 5903 “
1691 5867 1893 5933 λίθους.
1972 5868 2015 5900 ⁸⁸
2048 5866 2334 5937 εὐτύχημα
2358 5864 2423 5921 C.
2530 5864 2655 5921 ":5:
2678 5874 2798 5937 post
2821 5866 2876 5922 at
2906 5866 3036 5923 add.
3068 5866 3181 5923 AC.

1972 5868 2015 5900 “
2048 5866 2334 5937 εὐτύχημα
2358 5863 2423 5921 C.
