4104 6438
530 358 668 424 1379

1659 349 1925 411 ΡΙΙΟΤΙΙ
1966 348 2467 410 ΡΑΤΒῘΑΠΕΗΑΞ
2503 350 2611 410 CP.

3677 346 3809 415 1380

524 491 628 546 pus
668 469 1036 544 improbitatis
1078 467 1271 525 morbo
1308 464 1474 538 (quod
1514 474 1714 519 terram
1754 465 1973 534 quidem
2010 478 2112 518 nos

2229 465 2417 528 ιιακίας
2464 465 2609 535 νόσῳ
2644 462 3024 543 φθειρόμενον,
3065 462 3094 517 ὃ
3152 463 3259 534 γῆν
3315 462 3415 533 μὲν
3472 465 3643 536 ἡμεῖς
3698 469 3810 521 xiv.

526 577 779 625 centrum
811 564 979 620 divini
1007 562 1151 616 illius
1179 559 1363 614 mtmdi
1397 556 1699 628 putamus),
1735 567 1861 610 tunc
1895 555 2112 610 Lache-

2229 574 2345 627 rpov
2398 557 2610 610 ἐκείνου
2674 556 2771 611 τοῦ
2818 555 2967 610 θείου
3045 555 3254 625 κόσμου
3312 556 3635 628 νομίζομεν,
3682 561 3805 614 τότε

528 675 652 716 seos
686 658 839 712 fusus
877 655 1074 710 cmlum
1108 654 1211 706 tela
1254 661 1566 721 penetrans,
1597 665 1628 703 e
1666 647 1829 707 lovis.
1853 656 2115 717 penetra-

527 750 669 805 libus
700 748 937 803 am'mam
981 747 1254 800 sinceram
1282 742 1473 806 trahit,
1503 740 1815 794 divinarum
1845 737 2112 807 imagina-

530 845 737 897 tionum
794 838 1157 893 substantiam
1205 837 1271 889 ad
1331 850 1429 890 nos
1492 830 1939 889 transferentem.
1988 830 2115 884 Haec

528 934 673 1006 parit
697 932 992 1002 justitiam,
1023 931 1139 984 Inec
1164 929 1564 994 fortitudinem,
1602 942 1669 981 ex
1703 926 1792 981 illa
1828 924 2106 993 prapriam

531 1025 865 1082 sententiam
898 1039 1035 1092 pure
1072 1022 1183 1091 ipsa
1230 1022 1408 1074 anima
1442 1020 1606 1074 habet
1635 1036 1649 1074 ι
1684 1020 1825 1073 hanc
1856 1032 1985 1072 vero
2019 1030 2110 1070 se-

530 1119 716 1187 quitur
746 1131 938 1185 magna
960 1113 1227 1167 virtutum
1264 1110 1523 1165 similium
1564 1111 1820 1174 societas,
1848 1094 2114 1163 sublimi-

532 1221 616 1264 tas
664 1208 883 1272 mentis,
921 1203 1245 1260 excellentia
1289 1202 1477 1265 animi,
1528 1201 1695 1255 libera
1744 1216 1869 1266 vox,
1921 1214 2115 1253 manus

530 1301 822 1356 beneficiis
868 1314 975 1352 non
1013 1295 1336 1359 alliciendas,
1378 1293 1634 1348 amicitia:
1674 1292 1937 1355 studium,
1970 1291 2117 1345 veri.

533 1396 663 1449 tatis
705 1408 894 1455 amor,
944 1386 1408 1443 incommutabilis
1455 1385 1725 1441 sententia
1766 1398 1831 1438 ex
1875 1383 2117 1437 amicitia

531 1490 787 1543 virtutem
832 1502 938 1540 non
998 1484 1333 1556 dijudicans,
1395 1482 1489 1537 sed
1554 1481 1759 1534 virtute
1812 1476 2115 1533 amicitiam

533 1582 864 1652 ponderant.

532 1695 622 1752 Ea:
641 1695 874 1749 oratione
900 1694 955 1746 in
983 1687 1596 1814 Phazbumdproconsulia
1627 1684 1825 1755 ﬁlium.
1856 1713 1923 1727 ν-
1945 1682 2121 1740 Exor-

1275 1777 1407 1814 tum.

2216 647 2507 719 Λαχέσεως
2563 648 2895 720 ἄτρακτος¹⁶
2942 648 3172 718 οὐρανὸν
3208 648 3401 718 σχίσας
3463 652 3581 713 τοῖς
3633 653 3809 720 νήμα-

2218 757 2300 793 σιν
2343 744 2407 795 ὲκ
2449 741 2550 810 τῆς
2592 742 2713 805 Διὸς
2772 742 2958 804 ἑστίας
2990 742 3112 808 ἄγει
3140 739 3319 812 ψυχὴν
3364 742 3672 813 ἀκραιφνῆ,
3703 745 3810 795 τῶν

2218 834 2379 887 θείων
2437 835 2746 904 φασμάτων
2803 833 2937 904 παρ’
2962 835 3129 903 ’ἡμᾶς
3187 834 3285 904 τὴν
3341 835 3533 888 οὐσίαν
3580 836 3811 908 διαπορ-

2216 924 2544 995 θμεύουσαν.
2572 924 2719 989 Λῦτη
2750 924 2906 996 φέρει
2926 922 3299 993 δικαιοσύνην,
3323 923 3463 996 αὕτη
3486 924 3749 995 ἀνδρείαν
3770 926 3808 959 ’⁷

2218 1019 2350 1089 παρ’
2390 1018 2591 1087 αὐτῆς·
2613 1017 3013 1087 αὑτοφρόνησις
3038 1015 3347 1087 καθαρῶςὴ
3372 1016 3602 1087 τοιαύτη
3638 1017 3808 1087 ψυχή.

2220 1108 2456 1163 Ἓπεται
2486 1108 2541 1162 δὲ
2562 1109 2701 1178 αὐτῇ
2737 1108 2830 1161 καὶ
2855 1105 3069 1177 ἀρετῶν
3099 1105 3400 1174 συμφύτων
3440 1107 3639 1176 μυρίος
3695 1106 3814 1160 θία-

2226 1218 2340 1265 σος,
2373 1199 2509 1269 ὕψος
2534 1199 2737 1270 ψυχῆς,
2779 1198 3229 1269 μεγαλοπρέπεια
3265 1196 3513 1267 γνώμης,
3547 1198 3814 1269 ἐλευθέρα

2225 1292 2398 1363 φωνὴ,
2432 1295 2615 1364 χεῖρες
2645 1291 2865 1361 άδωροι,
2912 1291 3095 1360 φιλίας
3127 1290 3313 1356 πόθος,
3356 1290 3619 1361 ἀληθείας
3648 1292 3809 1362 ἔρως,

2224 1386 2496 1455 ἄτρεπτον
2522 1385 2801 1456 φρόνημα.
2838 1383 2952 1437 Οὐκ
2992 1386 3055 1436 ἐκ
3084 1382 3265 1451 φιλίας
3294 1382 3498 1453 ἀρετὴν
3524 1383 3734 1454 κρίνων
3751 1384 3813 1452 ¹⁶¹,

2223 1478 2339 1532 ἀλλ’
2374 1478 2434 1544 ἐξ
2460 1480 2660 1551 ἀρετῆς
2686 1477 2756 1531 τὰ
2780 1475 2885 1546 τῆς
2911 1476 3095 1546 φιλίας
3133 1474 3556 1546 σταθμώμενος.

2238 1686 2334 1738 Ἐκ
2362 1684 2471 1739 τοῦ
2499 1685 2587 1752 είς
2612 1685 2831 1739 Φοῖϐον
2868 1684 2975 1739 τὸν
3028 1683 3135 1737 τοῦ
3189 1681 3540 1737 ἀνθυπάτου
3606 1680 3811 1737 παῖδα.

2738 1785 2809 1797 -—
2843 1756 2913 1810 Τὸ
2948 1755 3290 1823 Προοίμιον.

605 1858 906 1931 Sapientiae
938 1857 1110 1911 initiis
1135 1853 1430 1911 humiliore
1449 1853 1631 1924 lingua
1663 1848 2001 1921 responsuri,
2029 1862 2123 1902 ve-

2301 1848 2565 1918 Σοφιστοῦ
2581 1847 2639 1902 δὲ
2665 1850 2708 1881 ⁸*
2735 1848 2909 1920 θύραν
2929 1851 2994 1903 ἐκ
3021 1847 3351 1919 μικροτέρας
3383 1844 3637 1915 γλώττης
3662 1846 3816 1915 ἀμεί-

536 1951 763 2005 risimile
815 1961 944 2019 puto
978 1948 1116 2012 fore,
1156 1955 1215 1999 ut
1258 1943 1574 2014 sophisticis
1618 1942 1784 1997 etiam
1818 1940 2123 1994 rationibus

544 2051 858 2096 occurrant.
899 2039 1169 2093 Isocrates
1210 2036 1455 2105 sophista
1486 2034 1696 2105 (notum
1742 2031 1997 2086 omnibus
2023 2032 2125 2085 huc

535 2146 732 2188 nomen
769 2145 890 2184 cttm
926 2128 1267 2183 orationibus
1296 2134 1447 2196 puto,
1470 2124 1598 2195 quia
1634 2124 1704 2178 ob
1729 2122 1877 2177 illum
1897 2119 2123 2191 Sophis-

539 2235 605 2279 ta:
644 2224 909 2292 poeticam
948 2220 1311 2289 negligentes,
1351 2216 1627 2287 propriam
1673 2214 1845 2283 legem
1886 2211 2122 2282 amplexi

535 2317 708 2385 sunt).
754 2313 1002 2368 oratione
1035 2312 1253 2380 quidem
1282 2323 1497 2378 semper
1525 2305 1849 2376 eloquentia:
1871 2307 2129 2360 amatori-

535 2410 637 2463 bus
670 2406 867 2475 regalia
894 2404 1208 2459 scholarum
1236 2416 1460 2456 suarum
1492 2399 1772 2471 patefecit.

569 2498 655 2555 Ea:
681 2501 923 2553 oratione
954 2499 1013 2551 in
1059 2497 1349 2552 Arcadium
1399 2497 1659 2549 medicum
1693 2506 1740 2548 et
1777 2495 2088 2564 principem.

609 2592 915 2659 Descripsit
944 2603 1143 2659 pueros
1183 2587 1391 2642 circqu
1431 2585 1731 2640 thalamum
1753 2586 2037 2659 ludentes,
2071 2593 2128 2640 et

540 2685 656 2740 suis
680 2699 773 2739 eos
798 2655 997 2737 fistulis
1025 2681 1156 2734 facit
1180 2680 1457 2749 specimen
1482 2655 1772 2732 exhibere:
1799 2677 1958 2733 Nunc
1999 2692 2129 2733 vero

540 2777 684 2831 aliud
727 2784 1032 2838 certamen,
1071 2771 1215 2825 aliud
1246 2770 1508 2837 stadium,
1536 2752 1923 2840 Musarumque
1961 2768 2130 2823 delu-

542 2870 699 2923 brum
745 2866 918 2921 sacris
952 2863 1330 2918 sacerdotibus
1371 2870 1619 2929 apertum
1672 2861 1741 2914 ab
1778 2858 2131 2915 amicissimis

542 2958 899 3015 aleatoribus.
948 2956 1117 3009 Aiunt
1158 2951 1506 3007 Democidem
1545 2950 1692 3005 illum
1724 2951 2125 3017 Crotoniatam,

544 3055 777 3122 primum
818 3049 1063 3105 Graecam
1101 3044 1479 3119 [medicinami
1516 3046 1679 3116 .apud
1726 3044 1996 3100 Barbaros
2036 3058 2130 3100 co-

543 3145 733 3201 luisse.

791 3258 841 3313 E
864 3256 1232 3328 propemptica
1254 3255 1308 3308 in
1331 3268 1502 3307 socios
1536 3251 1891 3307 advenientes.

615 3415 934 3478 Animosne,
985 3410 1223 3467 orationi
1275 3409 1511 3463 miscens
1552 3407 1829 3471 affectum,
1879 3418 1933 3463 et
1976 3408 2131 3465 furtis

546 3509 754 3564 audivit
784 3524 799 3560 :
830 3508 941 3559 vita
987 3504 1185 3568 mollis,
1217 3516 1528 3556 mensuram
1559 3516 1761 3569 ponens
1797 3501 2006 3573 37Gb
2038 3518 2132 3555 na-

549 3614 704 3664 turae,
740 3600 1152 3668 temperantiam
1181 3597 1497 3663 assumpsit.
1519 3594 1665 3648 Mare
1688 3607 1857 3649 tnntat
1881 3610 2131 3650 naturam

549 3696 601 3747 iu
643 3692 840 3746 multas
869 3691 1095 3744 formas.
1126 3687 1481 3756 Purpurascit
1505 3687 1729 3757 quidem
1751 3704 1874 3742 cum
1909 3687 2133 3741 intran-

548 3786 873 3857 quillitatem
915 3784 1120 3838 sedarit
1173 3780 1393 3847 ﬂuctus,
1422 3782 1710 3835 obscuram
1743 3797 1872 3838 vero
1894 3782 2130 3850 speciem

552 3879 717 3931 habet
754 3890 878 3929 cum
916 3872 1172 3928 ﬂuctibus
1202 3873 1478 3928 turbatum
1506 3869 1786 3928 efferatur.

652 4073 703 4130 Ε
735 4074 1091 4144 propemptica
1149 4073 1202 4128 in
1243 4070 1588 4129 Flavianum.
1613 4102 1687 4114 -—
1710 4072 2028 4131 Exordium.

622 4231 919 4301 Conjecisti
951 4246 1060 4294 me,
1100 4229 1379 4284 meliorem
1402 4242 1683 4301 parantem
1714 4232 1910 4302 lyram,
1938 4246 1971 4286 ο
2000 4235 2135 4286 ami-

547 4337 728 4390 ce,-ut
760 4337 813 4379 te
848 4326 1062 4380 scilicet
1106 4335 1228 4394 post
1260 4325 1500 4380 Africam
1542 4326 1860 4392 salutarem,
1912 4336 2135 4396 repente

547 4418 759 4486 fugiens
810 4416 865 4469 in
900 4419 1225 4469 inammnam
1259 4414 1493 4471 Musam.
1537 4413 1725 4471 Visum
1771 4418 2007 4471 nondum
2051 4426 2135 4471 est

2156 3200 2204 3264 C

2224 1943 2433 2012 ψαντας
2455 1944 2502 1974 ¹⁰
2530 1945 2863 2011 σοφιστικοῖς
2888 1942 3055 2005 εἰκὸς,
3072 1936 3246 2011 οἶμαι,
3274 1939 3702 2012 περιτυγχάνειν
3727 1938 3820 1992 καὶ

2225 2035 2581 2105 διηγήμασιν.
2639 2034 2959 2105 Ἰσοκράτης
3014 2035 3043 2087 ὁ
3094 2032 3357 2102 σοφιστὴς
3413 2029 3720 2101 (γνώριμον
3763 2028 3817 2081 δὲ

2228 2130 2420 2194 πᾶσιν,
2454 2124 2631 2198 οἶμαι,
2673 2126 2817 2197 μετά
2852 2127 2962 2179 τῶν
2992 2125 3168 2193 λόγων
3189 2124 3346 2178 xui."
3377 2122 3639 2192 τούνομα,
3665 2121 3818 2175 ὅτιδέ

2228 2220 2435 2273 ἐκεῖνον
2483 2219 2757 2289 σοφιστῶν
2803 2218 3026 2287 γλῶττα
3078 2216 3370 2287 ποιητικὴν
3423 2214 3751 2284 ἀτιμάσασα
3772 2214 3817 2245 ⁸⁸

2228 2314 2432 2365 οἰκεῖον
2462 2312 2626 2382 νόμον
2657 2312 2967 2382 ἠσπάσατο)
3014 2310 3160 2381 λόγῳ
3210 2310 3309 2380 μὲν
3341 2308 3429 2364 ἀεὶ
3486 2311 3605 2371 τοῖς
3648 2307 3819 2374 λόγων

2227 2404 2479 2475 ὲρῶσιτά
2496 2403 2742 2475 βασίλεια
2762 2404 2869 2456 τῶν
2886 2402 3081 2457 ἑαυτοῦ
3103 2402 3371 2472 μουσείων
3394 2400 3816 2455 άνεπετάννυεν.

2265 2496 2369 2550 Ἐκ
2400 2497 2509 2551 τοῦ
2535 2499 2623 2563 εις
2656 2496 2979 2575 Ἀρκάδων
3023 2496 3128 2548 τὸν
3162 2495 3365 2562 ἰατρὸν
3392 2495 3490 2547 καί
3522 2496 3782 2563 κόμητα.

2302 2590 2606 2655 Παίζοντας
2642 2590 2749 2660 γάρ
2785 2590 2912 2652 τοὺς
2940 2587 3093 2650 νέους
3124 2589 3253 2658 περὶ
3275 2587 3519 2657 θάλαμον
3540 2586 3815 2656 ἱστόρησε,

2231 2684 2330 2737 καὶ
2354 2686 2475 2747 ταῖς
2510 2682 2724 2737 ἑαυτῶν
2766 2682 2910 2751 ῐυγξι
2952 2683 3098 2735 ποιεῖ
3134 2681 3233 2751 τὴν
3261 2680 3424 2751 χάριν
3469 2680 3814 2747 ἐλέγχοντας.

2231 2776 2348 2831 Νῦν
2378 2776 2434 2829 δὲ
2461 2777 2649 2846 ἕτερος
2675 2771 2858 2840 ἆθλος,
2889 2776 2983 2828 καὶ
3009 2773 3137 2829 ἀλλο
3158 2773 3397 2836 στάδιον,
3430 2772 3528 2826 καὶ
3581 2769 3814 2825 Μουσῶν

2230 2866 2457 2935 τέμενος
2482 2864 2793 2936 μύσταις¹¹⁶
2820 2865 2989 2927 ὁσίοις
3012 2864 3385 2933 ἀνοιγόμενον.
3407 2863 3544 2933 Περὶ
3562 2866 3678 2925 τοῖς
3704 2862 3816 2931 φιλο

2231 2959 2415 3019 τάτοις
2441 2957 2758 3013 κυϐεύουσι.
2787 2957 2926 3010 Φασὶ
2946 2957 3003 3010 δὲ
3026 2958 3121 3009 καὶ
3155 2955 3482 3026 Δημοκήδην
3535 2955 3631 3007 τὸν
3673 2956 3817 3023 Κρο-

2232 3050 2502 3119 τωνιάτην
2528 3052 2735 3105 ἐκεῖνον
2758 3049 2851 3102 τὸν
2880 3048 3095 3121 πρῶτον
3125 3048 3378 3119 ἰατρικὴν
3415 3048 3647 3102 Ἐλλάδα
3671 3049 3817 3119 παρὰ

2238 3143 2303 3214 βα
2310 3144 2532 3216 ρὸάροις
2568 3143 2894 3214 κομίσαντα.

2234 3254 2331 3307 Ἐκ
2362 3251 2468 3307 τοῦ
2496 3255 2954 3323 προπεματικοῦ
2984 3251 3093 3323 τοῦ
3135 3253 3224 3318 είς
3252 3250 3392 3319 τοὺς
3445 3252 3821 3320 προσελθόν-

2798 3340 2907 3388 τας
2956 3322 3253 3389 ἑταίρους.
3392 3390 3403 3402 υ

2307 3415 2433 3488 [6M
2472 3414 2564 3488 H.]
2603 3414 2661 3468 '0
2702 3414 2989 3486 θυμοειδὴς
3036 3410 3135 3485 τὴν
3167 3415 3367 3486 ψυχὴν,
3400 3414 3545 3485 λόγῳ
3578 3416 3817 3485 κεράσας

2231 3507 2291 3561 τὸ
2320 3507 2512 3571 πάθος.
2534 3507 2777 3581 ἀνδρεῖος
2799 3508 3033 3578 ἦκουσεν
3052 3523 3067 3539 ⁸
3100 3510 3129 3559 ὁ
3154 3509 3243 3560 τὸν
3272 3508 3385 3577 βίον
3403 3507 3593 3578 ἁϐρὸς,
3620 3506 3817 3577 μέτρον

2232 3600 2443 3664 ἐπιθεὶς
2458 3602 2524 3671 τῇ
2546 3601 2731 3669 φύσει,
2763 3600 2863 3668 τὴν
2891 3599 3249 3671 σωφροσύνην
3274 3598 3600 3668 ἐλάμϐανεν.
3638 3598 3821 3664 ’Δμεί-

2204 3694 2317 3747 οὸει
2346 3695 2444 3764 τὴν
2480 3692 2642 3760 φύσιν
2670 3694 2751 3757 είς
2772 3694 2976 3757 πολλὰς
2999 3694 3145 3756 ἰδέας
3178 3694 3270 3747 καὶ
3303 3692 3543 3745 θάλαττα
3564 3709 3576 3719 ’
3608 3690 3819 3761 πορφύ-

2237 3805 2319 3859 ρει
2347 3786 2469 3857 μὲν,
2500 3787 2627 3839 ὅταν
2656 3789 2737 3850 είς
2760 3787 3001 3856 γαλήνην
3031 3788 3298 3856 στορεσθῇ
3330 3786 3397 3839 τὰ
3444 3784 3690 3853 κύματα,
3736 3784 3822 3846 ξό-

2234 3898 2333 3950 φον
2354 3880 2409 3933 δὲ
2426 3879 2540 3950 ἔχει
2574 3878 2637 3932 τὸ
2681 3880 2995 3951 πρόσωπον,
3051 3880 3182 3934 ὅταν
3245 3878 3506 3951 ἁγριαίνῃ
3545 3893 3822 3949 ταράσσοι-

2236 3974 2372 4045 μένη
2393 3974 2506 4036 τοῖς
2530 3972 2794 4043 κύμασιν.

2234 4085 2343 4140 Ἐκ
2406 4083 2515 4140 τοῦ
2571 4085 2662 4150 είς
2712 4084 3053 4138 Φλάϐιον-ὸν
3102 4082 3575 4153 προπεμπτικοῦ.
3608 4111 3685 4124 -
3751 4080 3821 4137 Τὸ

2862 4157 3201 4224 Προοίμιον.

2305 4241 2612 4314 Κρείττονά
2646 4242 2927 4315 μελύραν,
2972 4237 3017 4296 ὦ
3071 4243 3213 4312 φίλε,
3251 4246 3554 4313 κάμνοντα,
3622 4242 3711 4295 ἵνα
3763 4259 3819 4294 σε

2238 4332 2378 4404 μετά
2430 4334 2637 4405 Λιϐύην
2688 4337 3047 4406 ἀσπάσωμαι,
3113 4337 3333 4405 φεύγων
3410 4334 3675 4406 ἐξαίφνης
3744 4338 3821 4400 εἰς

2239 4426 2466 4495 στυγνὸν
2498 4426 2659 4496 μέλος
2689 4429 3020 4501 ἀπέρριψας.
3074 4428 3240 4483 Οὔπω
3274 4431 3336 4482 τὸ
3364 4429 3462 4501 ἔαρ
3508 4428 3689 4499 ὤφθη,
3729 4429 3822 4481 καὶ

546 4523 655 4576 ves,
694 4516 750 4561 et
785 4517 1080 4575 tempestas
1101 4503 1536 4571 Hellespontiaca
1555 4508 1864 4576 irrumpens
1890 4509 2123 4563 animam

2236 4520 2444 4591 χειμὼν
2478 4521 2894 4592 Ἑλλησπόντιος
2926 4521 3249 4594 προσϐαλὼν
3278 4521 3375 4593 τὴν
3400 4522 3578 4592 ψυχὴν
3606 4524 3818 4592 πήγνυ-

548 4597 857 4653 suffocavit.
886 4596 1132 4650 Nondum
1161 4598 1330 4651 solem
1360 4596 1616 4667 vidimus,
1657 4610 1712 4653 et
1747 4601 1928 4654 radios
1973 4616 2130 4655 aver-

544 4703 639 4743 sus
682 4688 932 4753 mutavit,
959 4686 1271 4757 Graecisque
1319 4699 1531 4744 noctem
1580 4692 1837 4747 inducere
1893 4694 2128 4750 minatus

544 4792 649 4836 est.
675 4779 834 4836 Prius
859 4781 1290 4850 ingemiscimus,
1320 4798 1482 4853 quam
1516 4784 1823 4851 riserimus,
1856 4786 2006 4856 prius
2025 4786 2127 4843 diis

545 4875 754 4927 viarum
810 4875 1133 4945 praesidibus
1186 4887 1307 4929 vota
1349 4875 1626 4943 dedimus,
1663 4894 1826 4948 qttam
1861 4879 2127 4935 sacriﬁcia

546 4974 598 5019 te
633 4969 831 5022 reduce
875 4965 1187 5031 fecerimus,
1240 4969 1544 5023 orationem
1592 4971 1918 5026 timidiorem
1962 4988 2126 5044 quam

543 5059 791 5110 dextram
838 5058 1095 5128 coargui,
1143 5074 1205 5113 ea
1248 5069 1511 5128 praestare
1562 5063 1959 5132 negligentem,
2004 5079 2125 5135 qua:

541 5164 666 5205 cera
710 5159 766 5204 et
810 5150 1014 5204 ferrum
1070 5150 1294 5207 audent.
1347 5151 1577 5222 Semper
1627 5157 1771 5209 enim
1826 5156 1998 5229 gloria
2057 5173 2124 5214 ex

541 5241 725 5296 Africa
758 5240 812 5295 in
841 5239 1107 5296 Graeciam
1140 5242 1379 5311 profecta
1405 5253 1510 5298 est.
1540 5241 1771 5299 Ventum
1797 5248 2016 5318 quidem
2044 5248 2124 5305 fe-

541 5330 617 5386 cit
641 5331 923 5401 jocantem
960 5341 1016 5387 et
1040 5332 1339 5401 ludentem,
1368 5332 1556 5402 quales
1584 5335 1825 5406 pictores
1856 5338 1911 5393 in
1961 5341 2121 5396 tabu-

2241 4632 2356 4668 σιν·
2392 4614 2547 4669 οὔπω
2578 4617 2668 4669 τὸν
2694 4616 2845 4686 ἥλιον
2874 4616 3111 4687 εἴδομεν,
3144 4617 3239 4669 καὶ⁸
3281 4615 3381 4679 τάς
3434 4616 3665 4677 ἀκτῖνας
3704 4615 3822 4667 ἐτέ-

2238 4722 2380 4776 ρωσε
2412 4706 2609 4760 κλίνων
2632 4708 2847 4762 ἀπειλεί
2878 4708 3050 4761 νύκτα
3110 4709 3360 4780 ποιήσειν
3397 4710 3510 4771 τοῖς
3571 4708 3814 4782 Ἕλλησι.

2238 4796 2375 4865 Ιιρὶν
2402 4797 2679 4865 μειδιᾶσαι
2716 4799 3115 4871 στυγνάζομεν,
3144 4803 3273 4871 πρὶν
3330 4800 3601 4872 ἐπιδήμια
3662 4800 3820 4853 θῦσαι

2238 4884 2377 4950 θεοῖς
2400 4889 2619 4955 ἐνοδίοις
2638 4891 2932 4962 εὐχόμεθα.
2972 4894 3179 4961 Λόγους
3215 4893 3271 4947 δὲ
3299 4895 3481 4965 χειρὸς
3528 4894 3821 4963 άτολμοτέυ

2238 4996 2365 5049 ρους
2396 4979 2736 5052 ἐλέγχεσθαι,
2762 4985 3056 5049 ὀκνοῦντας
3084 4987 3257 5037 ποιεῖν
3279 4984 3314 5037 ἃ
3338 4984 3508 5055 κηρός
3533 5001 3593 5036 τε
3647 4984 3817 5037 ἐθέλει

2236 5071 2330 5122 καὶ
2360 5072 2601 5145 σίδηρος.
2629 5075 2846 5129 Διέπλει
2867 5076 2912 5109 ⁸⁸
2937 5077 3047 5148 γὰρ
3073 5076 3162 5129 ἀεὶ
3198 5078 3259 5130 τὸ
3291 5077 3446 5139 κλέος
3479 5078 3586 5129 ἀπὸ
3610 5076 3817 5144 Λιϐύης

2235 5165 2315 5227 είς
2353 5164 2643 5237 Ἕλληνας.
2675 5170 2786 5241 Τὴν
2814 5170 2913 5240 μὲν
2939 5169 3114 5241 αὔραν
3156 5172 3329 5223 ἐποίει
3362 5171 3457 5224 καὶ
3498 5170 3814 5240 τεθρυμμέ-

2231 5273 2351 5327 νην,
2373 5259 2469 5311 καὶ
2500 5260 2822 5326 παίζουσαν,
2845 5263 2962 5326 οἵας
3001 5263 3099 5327 τάς
3148 5262 3322 5325 Λυδὰς
3345 5262 3391 5294 ’⁸
3444 5262 3661 5315 ποιοῦσι
3717 5262 3816 5326 ζω-

2231 5350 2436 5421 γράφοι
2490 5352 2634 5407 κατά
2681 5354 2927 5408 πινάκων
3005 5354 3171 5426 τέχνῃ
3231 5354 3471 5426 μεθύσας
3494 5357 3563 5410 ’⁸.
3604 5355 3814 5426 Μικρὸν

1855 5474 2093 5534 ΫΛΒΙᾹΕ
2125 5481 2532 5546 LECTIONES.

648 5557 983 5633 ’σάτρακτοςι
1033 5561 1273 5635 ἄρακτον
1293 5562 1356 5618 C.

540 5648 712 5733 μενον.
735 5648 796 5694 ς.
875 5648 918 5667 ι’
948 5650 1204 5703 σοφιστου
1230 5648 1310 5709 οε]
1336 5648 1528 5705 σοφίας
1542 5648 1695 5691 τουδε
1726 5648 1791 5694 Α.
1870 5648 1914 5674 ¹⁰
1944 5648 2109 5714 ἀμείιῖ.

539 5772 584 5803 ..
610 5701 854 5803 ῐέεξῖει.
891 5704 1320 5803 ῖάς..;εεξιῖξξίιξ
1350 5707 1755 5803 .‘3:
1786 5711 2015 5803 εὔπαις
2069 5716 2109 5770 (λ

614 5773 854 5844 μεθύσας
885 5777 953 5841 Δ,
986 5773 1320 5847 μεθύσαντες
1350 5778 1418 5847 C,
1448 5778 1755 5850 μεθυούσας
1787 5773 1829 5846 ὲ
1854 5824 1871 5852 ν

1178 5580 1274 5645 fax
1448 5563 1507 5645 _"
1530 5564 1668 5645 αὕτη
1696 5567 1780 5645 ἀ.]
1808 5570 1978 5645 αὑτήν
2002 5574 2058 5627 ἀ.
2088 5575 2153 5630 Λ.

613 5647 712 5713 νον,
735 5647 796 5694 ς.
875 5635 918 5667 η
948 5635 1204 5703 σοφιστοῦ
1230 5634 1310 5709 δὲ]
1336 5634 1695 5723 σρφίαςεοῡδε
1726 5634 1791 5694 Ατ.
1934 5634 2287 5714 "aperiam.
2314 5634 2528 5707 eam...
2555 5634 2698 5708 ιιίηιξ
2720 5634 2936 5709 Epist.
2954 5634 3329 5723 ’ἀμείψας-εξ

613 5701 829 5771 τλωσσα
891 5704 988 5767 τὰς
1034 5707 1320 5772 ποιητικὰς
1366 5724 1453 5761 ατ-
1513 5710 1574 5761 (ι-
1686 5710 1752 5740 ²⁹⁶
1786 5729 2015 5772 μυσταις
2069 5716 2149 5771 C:
2193 5721 2286 5772 καὶ
2328 5721 2557 5772 mussat:
2601 5741 2662 5772 ς.
2769 5726 2815 5757 υ
2848 5723 3079 5772 διέπλει]
3118 5725 3269 5772 tam
3310 5727 3329 5772 Α

2136 5735 2149 5771 :
2193 5735 2286 5772 και
2328 5738 2557 5791 φυσταις
2601 5741 2662 5789 ς.

2255 5578 2299 5610 ⁸⁸
2324 5581 2525 5684 κρίνων
2556 5612 2637 5684 ἦ·
2674 5581 3067 5684 σταθμώμενος
3092 5582 3143 5684 τΛ
3176 5600 3205 5637 ’2
3241 5583 3518 5684 κρίνονι-
3559 5583 3813 5654 σταθμώ-

2261 5667 2287 5684 ρ
2314 5667 2393 5684 ηιμ
2421 5669 2523 5684 ...ιη
2606 5654 2675 5684 in.
2732 5673 2745 5684 .
2826 5660 2910 5684 Ιιηι
3017 5672 3080 5684 ..ρ
3108 5672 3118 5684 .
3141 5672 3309 5684 .-ιιοοι
3408 5656 3427 5684 1
3485 5655 3572 5684 ..-ὃ
3598 5671 3685 5684 nun
3746 5655 3784 5684 Ι*

2779 5655 2936 5708 Phot.
2973 5655 3329 5723 ἀμείψαντες.
3408 5655 3451 5684 ¹¹
3485 5655 3577 5706 καὶ
3597 5671 3707 5710 om.
3746 5655 3806 5709 C.

2769 5726 2815 5757 “
2848 5723 3080 5796 διέπλει]
3118 5725 3269 5779 ἔπλει
3309 5727 3375 5780 Λ.
3479 5726 3529 5757 ²⁴
3562 5726 3722 5789 λύδας
3748 5723 3806 5782 C.
