4104 6472
318 399 455 466 1381

1403 394 1994 458 BIBLIO'I'HECA.-

2012 341 2177 456 COD.
2217 395 2505 459 CCXLIV.
3458 398 3596 463 1382

310 508 411 565 οῦν
429 506 861 570 άναόιὸάσαντες
880 506 946 561 ἐκ
974 506 1143 578 μέσου
1168 505 1262 559 τὸν
1310 507 1493 576 λόγον,
1553 503 1672 561 εἶτα
1708 505 1890 575 ῥυῆναι

2008 503 2074 557 lis
2097 501 2333 557 artificio
2373 517 2474 558 suo
2505 501 2684 557 ebrias
2716 500 2895 575 Lydas
2919 501 3145 560 faciunt.
3174 502 3374 560 Parum
3423 505 3588 575 igitur

310 600 458 654 κατά
490 597 757 669 Δισύης¹⁶
789 596 1046 666 ἐάσομεν.
1072 580 1218 669 Νικᾷ
1261 598 1318 652 δέ
1336 599 1531 662 οὐδεὶς,
1563 599 1647 651 ὃτι
1669 597 1738 651 τὰ
1767 597 1902 651 πάν-

307 709 381 746 τα
397 693 442 725 ’⁷
478 689 839 761 θαυμάζεται.
884 688 1029 741 Ἀλλ’
1061 690 1090 741 ὁ
1129 689 1287 758 λόγος
1312 690 1420 761 γὰρ
1448 692 1494 722 ’⁸
1522 688 1901 759 ἀκολουθήσας

310 783 393 853 τῷ
423 782 575 852 πόθῳ
609 780 801 852 ὥσπερ
848 780 955 833 τινὶ
988 778 1152 851 βιαίῳ
1208 781 1463 852 ῥεύματι,
1517 781 1716 852 μικροῦ
1764 780 1900 850 πρὸς

308 874 508 944 ἑτέραν
582 870 700 925 ὁδὸν
770 868 1155 942 μετωχετεύθη
1213 870 1535 941 φερόμενος.
1594 868 1759 942 [HM
1801 865 1900 938 R.]

323 963 694 1019 Ἐπανακτέον
714 958 809 1017 οὖν
845 965 939 1016 ἐπὶ
964 964 1173 1035 Διϐύην
1193 965 1237 997 ’³
1274 964 1363 1017 τὸν
1390 962 1571 1032 λόγον.
1627 960 1897 1031 Ἦλέγχθη

308 1053 584 1125 Περικλῆς
623 1054 703 1117 εἰς
735 1053 907 1106 πειθὼ
927 1054 1202 1125 δεύτερος,
1233 1055 1476 1126 ἠλέγχθη
1515 1054 1573 1106 δὲ
1626 1052 1895 1122 Θεμιστο-

309 1149 447 1219 κλῆς
467 1150 546 1211 είς
582 1148 809 1218 γνώμης
837 1148 1004 1220 τάχος
1026 1149 1390 1220 ἀμϐλύτερος,
1436 1148 1531 1202 καὶ
1558 1148 1784 1202 Πλάτων
1815 1147 1897 1209 εἰς

309 1241 499 1309 φύσιν,
528 1242 622 1293 καὶ
655 1238 832 1292 Σόλων
854 1240 936 1303 είς
965 1240 1162 1310 νόμους
1204 1255 1218 1269 ⁶
1247 1240 1346 1294 καὶ
1378 1241 1579 1301 πάντες
1603 1239 1781 1292 ἴσασιν
1810 1237 1895 1291 ὅτι

308 1322 393 1391 εἷς
429 1326 659 1390 ἕκαστος
687 1328 762 1390 ὼς
796 1327 977 1397 μόνοις
1001 1328 1075 1392 ὼς
1120 1329 1286 1382 πᾶσιν
1315 1328 1489 1393 οὕτως
1511 1330 1555 1361 ³⁵
1579 1329 1892 1398 ἀγάλλεται.

308 1417 376 1470 Τί
398 1418 618 1488 δράσω;
653 1416 717 1470 Τί
754 1417 812 1471 δὲ
843 1416 1227 1489 βουλεύσωμαι
1251 1421 1331 1485 ³⁸;
1371 1422 1659 1493 ’Υπαρχον
1691 1421 1894 1493 πέμψω

320 1510 647 1580 Ῥωμαίοις;
678 1510 872 1581 χλιδῶν
895 1511 952 1564 δὲ
988 1512 1159 1583 δῆμος
1187 1514 1384 1582 σεμνὸν
1424 1514 1526 1568 οὑκ
1554 1510 1696 1569 οἶδεν
1744 1513 1893 1586 ήνίοο

304 1620 423 1673 χον.
448 1604 802 1675 Δυσχεραίνει
837 1621 926 1675 μοι
952 1604 1116 1675 τάχα.
1143 1606 1448 1680 Καρχηδὼν
1480 1610 1573 1662 καὶ
1595 1608 1750 1671 πόλις
1798 1607 1893 1660 ἐπὶ⁵

304 1696 514 1767 Λιϐύην
558 1696 626 1749 δι’
655 1698 857 1769 ἀρετήν
916 1715 1048 1751 ποτε
1081 1699 1223 1753 κατὰ
1272 1698 1490 1769 Ῥώμης
1546 1701 1888 1772 φρονήσασα,

303 1789 460 1853 πόλις
504 1789 734 1844 Ἰταλίαν
763 1791 890 1863 ὃλην
922 1795 1036 1855 τοῖς
1072 1793 1272 1862 ἐαυτῆς
1324 1793 1549 1846 κάλλεσι
1595 1792 1886 1864 βόσκουσα,

2006 596 2308 650 orationem
2339 610 2370 650 ο
2414 595 2594 650 medio
2629 597 2934 660 trahemus,
2968 605 3021 651 et
3051 597 3243 653 deinde
3292 598 3362 654 de
3400 598 3590 655 Africa

2006 687 2180 742 libere
2215 687 2384 742 ﬂuere
2418 687 2822 757 permittemus.
2861 686 3033 743 Nemo
3072 690 3268 755 vincit,
3307 694 3432 759 quia
3469 707 3591 745 om-

1962 814 1969 817 τ
2005 778 2095 832 nia
2132 779 2460 845 admiratur,
2495 778 2587 833 sed
2626 776 2804 832 oratio
2846 792 3085 832 amorem
3119 790 3304 834 secuta
3332 790 3588 850 tanquam

2002 873 2299 928 violentum
2340 872 2569 927 ﬂuxum.
2608 872 2805 927 Parum
2840 873 2907 926 ad
2942 872 3102 926 aliam
3131 873 3270 925 viam
3297 874 3472 927 delata
3499 875 3593 927 de-

2003 961 2186 1017 ﬂexit.
2231 961 2557 1017 Reducenda
2600 962 2766 1033 igitur
2801 962 2976 1017 oratio
3017 962 3085 1016 ad
3130 961 3396 1018 Africam.
3436 964 3591 1021 Peri-

2000 1054 2112 1110 cles
2159 1064 2448 1108 accusatus
2486 1063 2568 1107 est
2607 1065 2666 1106 ut
2695 1053 3006 1123 eloquentia
3039 1054 3244 1108 nemini
3291 1057 3587 1121 secundus,

1999 1152 2291 1201 accusatus
2321 1154 2404 1199 est
2442 1144 2865 1208 Themistocles,
2893 1155 2952 1198 ut
2986 1155 3172 1199 mente
3196 1146 3398 1199 tardior
3426 1157 3590 1215 atque

1998 1238 2271 1305 obtusior,
2311 1236 2466 1293 Plato
2499 1247 2729 1308 propter
2779 1236 3077 1308 ingenium,
3114 1236 3180 1289 ob
3213 1235 3362 1307 leges
3400 1236 3588 1302 Solon,

1998 1342 2054 1386 et
2089 1341 2290 1387 norunt
2319 1345 2527 1396 omnes,
2557 1344 2999 1400 unumquemque
3041 1338 3097 1382 ut
3122 1329 3273 1392 solis,
3317 1338 3375 1382 ιιι
3403 1329 3586 1382 omni-

1996 1425 2100 1480 bus
2136 1426 2215 1478 sic
2248 1426 2545 1478 exsultare.
2594 1422 2735 1489 Quid
2774 1421 3017 1476 faciam?
3065 1421 3193 1490 quid
3227 1419 3442 1476 consilii
3486 1435 3581 1475 ca-

1998 1514 2191 1585 piam?
2231 1513 2442 1568 Mittam
2475 1513 2697 1568 ducem
2751 1512 3050 1566 Romanis?
3100 1512 3305 1567 Lautus
3352 1515 3586 1584 populus

1997 1608 2242 1663 sobrium
2276 1606 2487 1674 ignorat
2520 1605 2793 1675 aurigam.
2826 1605 3091 1660 Celeriter
3135 1606 3265 1659 mihi
3310 1607 3589 1677 Carthago

1996 1701 2330 1770 indignatur,
2375 1698 2507 1751 urbs
2564 1713 2726 1767 supra
2771 1696 3014 1752 Africam
3055 1699 3125 1753 ob
3169 1699 3424 1753 virtutem
3472 1701 3586 1755 Ro-

1997 1807 2171 1846 manae
2194 1791 2345 1845 urbis
2389 1788 2612 1853 :emula,
2648 1790 2778 1845 urbs
2825 1798 2992 1843 totam
3028 1787 3234 1843 Italiam
3270 1790 3386 1846 suis
3419 1806 3587 1845 orna-

304 1882 460 1946 πόλις
494 1883 645 1954 παρὰ
675 1884 929 1937 τοσοῦτον
960 1886 1021 1938 ού
1082 1884 1273 1957 πρώτη
1325 1884 1457 1955 παρ’
1503 1886 1627 1939 ὅσον
1670 1884 1888 1956 Ῥώμην

1996 1884 2190 1938 mentis
2220 1884 2539 1951 depasceus,
2567 1880 2698 1935 urbs
2743 1889 2964 1948 prapter
2992 1879 3045 1933 id
3079 1896 3183 1933 non
3214 1881 3412 1950 prima,
3455 1896 3584 1950 pro-

304 1975 646 2047 αἰσχύνεται.
675 1976 995 2029 Κινδυνεύει
1030 1994 1121 2045 μοι
1153 1977 1308 2041 πόλις
1339 1976 1572 2047 μεγάλη,
1597 1977 1693 2030 καὶ
1722 1978 1885 2048 ήπειο

306 2083 399 2137 ρος
422 2065 517 2136 ὃλη
548 2066 803 2137 πονηροῖς
830 2066 1162 2136 κυϐερνᾶται
1205 2068 1319 2130 τοῖς
1352 2066 1517 2131 οἴαξι.
1574 2065 1889 2138 Πέμψωμεν

302 2156 465 2210 αὑτὸν
492 2155 582 2209 τὸν
615 2156 790 2226 μέγαν
814 2156 912 2226 τῆς
940 2155 1097 2224 νίκης
1113 2156 1158 2186 ³⁸
1205 2155 1439 2226 ἡνίοχον.
1487 2157 1671 2225 Ἔγνω
1714 2155 1890 2210 ταῦτα

303 2248 584 2318 βασιλεὺς,
616 2249 712 2301 καὶ⁵
763 2250 963 2320 χρυσαῖ
998 2248 1345 2320 παραχρῆμα
1386 2248 1559 2302 δέλτοι
1590 2248 1689 2320 τὴν
1743 2247 1889 2319 γνώ-

305 2358 413 2411 μην
440 2339 692 2408 ἔφθανον.
735 2340 1003 2394 Ἐνταῦθα
1029 2340 1123 2392 τοῦ
1163 2340 1323 2410 λόγου
1357 2341 1670 2410 γενόμενος,

306 2430 368 2483 Τί
394 2427 652 2498 πρῶτον,
684 2429 814 2484 τίδ’
837 2431 1043 2485 ἔπειτα
1058 2431 1122 2497 ³³,
1182 2432 1240 2485 τί
1291 2431 1345 2485 δ’
1393 2432 1685 2558 ὐστάἓὲοέ
1707 2450 1888 2489 κατα·

1650 2519 1749 2558 ,ωε

1647 2519 1749 2568 Ξωέ

301 2591 595 2647 Κινοῦνται
629 2594 730 2663 μὲν
764 2594 875 2667 γὰρ
906 2596 1245 2668 πανταχόθεν
1282 2584 1351 2650 ἆ
1385 2594 1636 2669 πράξεις,
1679 2596 1770 2650 τσα
1826 2596 1886 2651 δὲ

301 2684 502 2749 πάντα,
537 2688 632 2740 καὶ
652 2686 732 2757 τῷ
754 2689 833 2760 μὴ
852 2688 1032 2758 λέγειν
1089 2690 1150 2743 τὸ
1184 2689 1368 2757 λέγειν
1394 2690 1595 2760 ὁμοίως
1653 2690 1882 2760 ἄπορον,

300 2777 383 2831 ὅτι
426 2777 558 2832 rb“
606 2780 706 2850 μὲν
753 2780 949 2852 πλήθει
978 2782 1041 2835 τὸ
1070 2781 1127 2835 δέ
1164 2782 1388 2851 μεγέθει
1433 2781 1726 2839 κωλύεται.
1782 2784 1888 2837 Λε-

299 2867 460 2923 κτέον
489 2865 583 2923 οὖν
606 2869 704 2941 οὐχ
721 2871 821 2925 ὅσα
847 2871 1075 2936 ἔνεστιν,
1102 2872 1216 2927 ἀλλ’
1236 2876 1337 2928 ὅσα
1358 2874 1587 2941 ἔξεστιν.
1622 2873 1888 2945 ὐρῶντες

298 2957 358 3011 δέ
389 2958 553 3014 αὐτὸν
584 2961 726 3013 κατά
761 2960 857 3014 τοῦ
881 2963 1152 3033 χειμῶνος
1175 2963 1219 2996 ³⁵
1247 2963 1321 3028 ὡς
1360 2965 1506 3018 κατὰ
1530 2965 1774 3036 γαλήνης
1794 2965 1887 3018 τὸν

302 3048 488 3105 στόλον
558 3053 871 3122 πέμποντα,
938 3053 1033 3109 καὶ
1094 3056 1238 3110 κατά
1300 3056 1563 3127 κυμάτων
1615 3058 1691 3122 ὡς
1744 3056 1886 3111 κατά

302 3144 538 3217 [615Η.]
566 3145 804 3215 λιμένων
833 3145 1121 3218 ἀθύροντα,
1163 3149 1212 3202 οἱ
1263 3149 1361 3219 μὲν
1397 3150 1473 3213 ὡς
1508 3150 1709 3221 δριμὺν
1751 3152 1884 3222 ἐρα-

302 3236 435 3306 στὴν
472 3236 723 3298 ἐπόθουν,
751 3239 799 3291 οἱ
826 3237 881 3291 δὲ
908 3238 1160 3309 ἔφριττον
1185 3240 1261 3303 ὡς
1297 3242 1433 3294 πᾶσι
1457 3242 1645 3311 φόόοις
1685 3243 1887 3313 ἀήττη-

298 3344 414 3382 τον.
450 3328 754 3400 Κρείττονα
779 3330 1009 3402 πομπὴν
1035 3332 1135 3403 τῆς
1179 3332 1480 3402 Ἡφαίστου
1535 3334 1879 3404 ἐπόμπευον.

312 3419 564 3491 Ἀντήχει
598 3420 657 3474 δέ
683 3421 854 3491 δῆμος
898 3421 1108 3493 κύμασι
1131 3423 1199 3487 ³⁸,
1235 3425 1334 3477 καὶ
1386 3423 1555 3495 ῥοθίῳ
1577 3424 1773 3495 κρότος
1822 3425 1887 3477 ἐκ

300 3512 515 3578 πόλεως
539 3530 555 3547 ·
591 3515 688 3567 καὶ
721 3515 895 3585 ψόφον
942 3515 1222 3587 θαλάσσης
1268 3516 1367 3588 βοὴ
1411 3517 1758 3588 Καρχηδόνος
1800 3516 1888 3582 ἐξ·

301 3604 558 3675 ἐπληττε.
595 3606 937 3678 Συγγνώμην
969 3607 1026 3660 δὲ
1051 3610 1197 3672 ἄπας
1223 3608 1396 3679 ἐχέτω
1426 3610 1522 3663 καὶ
1566 3608 1748 3681 γέρων
1791 3612 1886 3663 καὶ

300 3698 443 3762 νέος,
478 3698 527 3751 εἰ
547 3697 653 3769 ἔπη
690 3698 1003 3770 φθέγγομαι
1022 3699 1069 3732 ³⁷
1089 3716 1103 3732 ο
1136 3695 1246 3753 οἶδε
1276 3701 1406 3772 γὰρ,
1456 3697 1596 3754 οἶδεν
1622 3700 1762 3772 ἔρως
1792 3701 1887 3755 καὶ
1925 3772 1933 3779 .

300 3789 462 3859 λόγον
497 3792 673 3843 ποιεῖν
728 3792 1044 3863 αὐτόνομον.
1099 3787 1268 3857 Οὗτος
1302 3794 1458 3846 νόσον
1511 3794 1739 3864 ἐνόσησε
1787 3795 1886 3865 τῆς

306 3881 407 3950 μέν
440 3880 640 3934 ἑαυτοῦ
687 3880 859 3952 τύχης
898 3883 1147 3953 μείζονα,
1201 3883 1301 3953 τῆς
1369 3884 1427 3938 δὲ
1463 3885 1731 3955 πονηρίας
1787 3886 1886 3956 οὐχ

299 3973 520 4042 ἥττονα.
557 3972 665 4026 Καὶ
693 3974 768 4043 μὴ
801 3974 1063 4047 θαυμάσῃ
1084 3990 1170 4037 τις
1191 3974 1242 4026 εἰ
1275 3973 1451 4028 ταῦτα
1502 3976 1710 4039 ἐκεῖνος
1746 3978 1889 4030 κατά

299 4063 510 4118 τοιοῦδε
543 4065 734 4135 ἀνδρὸς
763 4066 1042 4136 ἐνόσησεν.
1080 4065 1324 4120 ’Δνωθεν
1350 4068 1490 4122 κατὰ
1513 4068 1622 4121 τῶν
1646 4068 1886 4139 ἀρίστων

302 4157 583 4228 ἀρχόντων
609 4159 724 4221 τοῖς
741 4159 991 4214 ἐλάττοσι
1023 4159 1218 4231 φθόνος
1238 4161 1456 4231 φύεται.
1498 4161 1887 4231 Ἐσυκοφάντει

302 4247 580 4318 Περικλέα
610 4247 820 4315 Κλέων,
861 4248 1032 4319 ἔφυγε
1071 4250 1269 4314 Νικίας
1305 4250 1657 4323 ⁹Υπέρ6ὸλον,
1697 4252 1888 4322 Δημά-

301 4338 400 4407 δης
452 4338 498 4391 δ’
547 4338 731 4413 ἔκρινε
787 4342 1162 4415 Δημοσθένην,
1208 4343 1470 4413 Κλεοφῶν
1540 4344 1888 4416 Ἀλκιϐιάδην

301 4433 601 4505 ἐγράφετο,
643 4433 781 4505 ἀνὴρ
819 4436 1078 4508 ἐλοιδόρει
1113 4437 1497 4508 Θεμιστοκλέα
1550 4438 1884 4509 Σερίφιος³⁸.

1994 1981 2115 2039 pter
2140 1972 2284 2041 quod
2310 1969 2538 2025 Romam
2570 1979 2808 2025 veretur.
2838 1967 3186 2024 Periclitatur
3222 1971 3352 2025 mihi
3381 1988 3578 2040 magna

1993 2064 2144 2128 urbs,
2177 2071 2232 2118 et
2264 2073 2374 2117 tota
2410 2063 2701 2118 continens
2726 2061 2868 2117 male
2912 2063 3274 2132 gubernatur.
3309 2062 3587 2118 Mittamus

1994 2154 2166 2224 ipsum
2211 2170 2468 2226 maguum
2513 2155 2758 2208 victoria:
2793 2155 3062 2223 aurigam.
3109 2153 3272 2208 Novit
3318 2156 3433 2210 haec
3464 2172 3585 2222 rex,

1991 2254 2047 2300 et
2081 2260 2262 2301 aurem
2294 2248 2480 2300 statim
2529 2245 2744 2300 tabellae
2798 2246 3124 2300 sententiam
3167 2260 3583 2316 praecesserunt.

1992 2338 2124 2393 Cum
2155 2338 2260 2393 huc
2289 2338 2343 2392 in
2373 2339 2623 2393 oratione
2663 2339 2965 2405 venissem,

2065 2428 2209 2495 Quid
2258 2430 2507 2499 primunt,
2548 2431 2675 2500 quid
2715 2430 2903 2485 deinde
2938 2446 3165 2500 canam,
3206 2449 3309 2503 quo
3330 2434 3458 2577 [fige
3489 2436 3582 2561 2tti-

3374 2523 3399 2556 ρ
3439 2523 3468 2558 o

3374 2523 3468 2558 ρυο

1989 2592 2284 2647 Monentur
2343 2592 2489 2646 enim
2534 2592 2778 2663 undique
2834 2596 3049 2665 negotia
3076 2637 3091 2659 ,
3136 2599 3345 2666 aequale
3402 2607 3488 2652 est
3530 2608 3587 2654 et

1993 2686 2216 2741 dubium
2246 2686 2447 2757 377a
2472 2700 2624 2755 atque
2649 2695 2704 2741 et
2739 2701 2842 2740 non
2871 2688 3076 2754 dicere,
3110 2696 3166 2742 et
3196 2689 3380 2744 dicere
3412 2707 3427 2743 :
3481 2689 3585 2746 hoc

1992 2779 2356 2843 multitudine,
2378 2779 2507 2833 illud
2547 2793 2679 2834 vero
2709 2779 3085 2849 magnitudine
3118 2783 3459 2851 prohibetur.
3490 2783 3584 2837 Di-

1990 2871 2222 2925 cendum
2250 2872 2414 2941 igitur
2441 2886 2548 2925 nou
2576 2872 2720 2941 quod
2760 2888 2845 2927 res
2874 2881 2980 2936 est,
3003 2873 3096 2927 sed
3120 2876 3264 2943 quod
3306 2875 3455 2931 licet.
3483 2874 3580 2931 νι-

1989 2963 2179 3019 dentes
2204 2974 2383 3019 autem
2411 2965 2661 3018 eumdem
2687 2977 2785 3035 per
2822 2973 3034 3032 pratum
3062 2975 3119 3018 ut
3147 2980 3246 3034 per
3269 2965 3582 3036 tranquilli-

1989 3063 2154 3110 tatem
2193 3054 2424 3110 classem
2461 3057 2754 3121 instruere,
2786 3064 2841 3109 et
2873 3055 2923 3109 in
2958 3054 3213 3111 fluctibus
3246 3064 3503 3127 tauquam
3526 3059 3579 3113 in

1991 3157 2153 3219 portu
2186 3148 2481 3212 ludentem,
2522 3147 2578 3202 hi
2611 3148 2831 3217 quidem
2858 3157 3116 3217 tanquam
3143 3163 3327 3203 aerem
3365 3160 3578 3203 atuato-

1912 3223 1956 3283 α
1994 3255 2107 3295 rem
2133 3239 2482 3306 fdesiderant,
2532 3239 2586 3293 1ιί
2635 3248 2883 3294 metuunt
2930 3249 3188 3309 tanquam
3232 3240 3379 3295 omni
3432 3250 3581 3297 metu

1989 3334 2359 3400 superiorem,
2410 3326 2849 3386 exceileutiorem
2905 3346 3156 3402 pompam
3210 3333 3364 3387 duxit
3416 3348 3580 3403 quam

1990 3421 2285 3477 Vulcanus.
2322 3421 2525 3477 Contra
2567 3421 2762 3477 ﬂuctus
2800 3435 2959 3477 sonat
3003 3423 3253 3493 populus.
3299 3433 3354 3478 et
3385 3436 3579 3479 contra

1987 3516 2246 3583 impetum
2295 3512 2586 3583 applausus
2636 3528 2700 3567 ex
2756 3512 2924 3577 urbe,
2974 3523 3027 3569 et
3084 3514 3361 3568 fremitum
3412 3514 3581 3569 maris

1986 3605 2430 3673 Carthaginensis
2455 3605 2661 3660 clamor
2683 3603 2992 3674 complevit.
3029 3604 3254 3660 Veniam
3291 3605 3420 3659 dent
3462 3620 3584 3659 οιιιο

1988 3716 2109 3767 nes,
2138 3711 2194 3757 et
2239 3715 2402 3755 senex
2442 3710 2498 3754 et
2538 3697 2776 3768 juvenis,
2823 3700 2871 3754 si
2924 3699 3104 3753 adhuc
3149 3698 3361 3768 loquar.
3409 3698 3581 3753 Scivit

1985 3796 2132 3849 enim
2174 3794 2340 3849 scivit
2381 3807 2539 3848 amor
2572 3794 2881 3847 orationem
2920 3792 3196 3862 propriam
3244 3792 3447 3846 facere.
3481 3790 3583 3846 llic

1988 3887 2179 3941 morbo
2206 3885 2474 3941 laboravit
2501 3883 2711 3953 majore
2730 3899 2891 3953 quam
2921 3882 3140 3938 fortuna
3161 3898 3256 3937 sua
3275 3892 3579 3952 pateretur,

1985 3978 2275 4047 iniquitate
2308 3992 2414 4031 non
2450 3977 2686 4031 minore.
2727 3973 2793 4028 Et
2835 3988 2968 4029 vero
3017 3989 3181 4028 nemo
3230 3974 3465 4027 miretur
3508 3989 3579 4026 an

1987 4072 2104 4126 haec
2139 4070 2228 4125 ille
2258 4079 2450 4124 contra
2481 4069 2630 4122 hunc
2651 4067 2830 4121 virum
2860 4081 3023 4119 ausus
3054 4064 3241 4119 fuerit.
3276 4064 3391 4118 Viri
3421 4065 3577 4129 boni,

1986 4164 2079 4233 qui
2110 4172 2237 4216 ante
2268 4176 2366 4215 nos
2405 4163 2645 4225 fuerunt,
2682 4173 2713 4212 a
2770 4159 2931 4212 malis
2966 4156 3282 4211 hominibus
3331 4159 3575 4211 accusati

1987 4263 2136 4311 sunt.
2176 4253 2473 4307 Accusavit
2503 4249 2771 4306 Periclem
2799 4248 2987 4313 Cleon,
3025 4248 3164 4317 fugit
3204 4246 3578 4315 Hyperbolum

1989 4346 2193 4409 Nicias,
2227 4345 2282 4399 in
2331 4343 2542 4397 crimen
2583 4343 2798 4397 vocavit
2828 4339 3097 4395 Demades
3135 4336 3579 4419 Deumsthenem,

1987 4438 2270 4509 Cleophou
2334 4436 2676 4490 Alcibiadem
2748 4431 3093 4503 proscripsit.
3150 4429 3247 4484 Vir
3294 4427 3580 4497 Seriphius

302 4525 395 4595 Τῷ
422 4526 530 4594 γὰρ
558 4525 954 4597 ὑπερϐάλλοντι
982 4529 1081 4599 τῆς
1104 4527 1273 4600 τύχης
1291 4529 1637 4598 φθονοῦντες,
1660 4529 1723 4583 τὸ
1739 4530 1890 4583 ἐλατ-

1994 4530 2330 4586 conviciatus
2355 4536 2439 4581 cst
2485 4524 2864 4580 Themistocli.
2899 4520 3033 4575 Nam
3065 4521 3158 4590 qui
3201 4518 3577 4573 exCellentiori

300 4616 566 4687 τούμενον
594 4618 692 4689 τῆς
722 4618 880 4682 ἀξίας
918 4621 1137 4674 ἀνισοῦν
1167 4620 1359 4690 θράσει
1388 4621 1687 4691 βιάζονται.
1716 4620 1886 4675 Ἔνθα

1994 4621 2227 4675 fortuna:
2247 4618 2510 4683 invident,
2531 4625 2729 4685 cogunt
2759 4614 2997 4665 audacia:
3031 4613 3345 4679 admirare.
3387 4606 3573 4676 Digni-

298 4705 365 4778 δὴ
403 4706 496 4759 καὶ
529 4706 764 4778 μάλιστα
792 4709 997 4776 ἔδειξεν
1029 4710 1152 4763 ὅσον
1177 4712 1239 4764 τὸ
1270 4711 1433 4782 μέσον
1457 4711 1661 4783 ἀρετῆς
1694 4726 1755 4765 τε
1789 4713 1885 4766 καὶ

301 4797 611 4869 πανούργου
649 4800 854 4869 τρόπου
885 4800 1249 4872 καθέστηκεν.

1022 4892 1192 4947 ΣΜΝ.

494 4976 609 5046 Τῆς
640 4979 933 5050 Διοδώρου
975 4983 1377 5053 βιϐλιοθήκης
1410 4986 1677 5057 caelarat.

393 5070 823 5143 Δνεγνώσθησαν
840 5072 939 5142 τῆς
962 5074 1006 5106 ³’
1028 5075 1295 5147 Διοδώρου
1314 5079 1717 5149 βιϐλιοθήκης
1736 5081 1886 5137 ἄλλοι

301 5175 365 5213 τι
394 5159 542 5230 λόγοι
572 5164 667 5215 καὶ
698 5162 726 5214 6
746 5160 824 5231 λβ¹
854 5161 949 5215 καὶ
977 5160 1072 5227 λδν,
1098 5164 1193 5217 καὶ
1220 5164 1249 5216 ό
1280 5171 1331 5235 μ’
1344 5164 1393 5197 ⁸ο
1419 5166 1515 5219 καὶ
1546 5169 1574 5221 6
1605 5168 1720 5238 μη’,
1746 5172 1838 5222 καὶ
1857 5172 1885 5224 6

1995 4719 2162 4764 tatem
2203 4708 2468 4763 minorem
2488 4704 2708 4759 virtutis
2734 4710 2790 4756 et
2817 4697 3133 4754 calliditatis
3166 4693 3468 4753 constituit.

2657 4878 2927 4936 CCXLIV.

2355 4974 2404 5030 Ε
2436 4973 2669 5028 Diodoro
2703 4973 2882 5027 Siculo
2921 4971 3207 5038 Excerpta.

2062 5071 2318 5127 Diversos
2362 5082 2394 5121 e
2443 5064 2665 5119 Diodori
2719 5063 3040 5135 Bibliotheca
3076 5062 3192 5133 (55)
3238 5060 3408 5117 libros
3437 5060 3577 5132 legi-

1993 5178 2137 5233 mus,
2174 5158 2512 5217 tricesimum
2550 5155 2853 5213 secundum
2883 5153 3245 5227 [tricesimum
3266 5154 3574 5225 quartum],

1591 5323 1827 5381 ΫΔΗΙᾹΞ
1868 5319 2275 5380 LECTIONES.

380 5417 426 5451 "
443 5414 637 5488 λιδύην
664 5414 726 5472 C.
801 5416 847 5449 ’⁷
876 5414 1078 5488 πάντα]
1105 5413 1325 5488 πάντων
1353 5415 1418 5488 C.
1493 5416 1539 5450 ’⁸
1559 5417 1666 5488 γὰρ
1701 5433 1809 5471 om.
1840 5418 1904 5473 C.

1547 5487 1591 5518 ³³
1615 5483 1659 5539 δ’
1686 5496 1814 5542 aute
1840 5489 2033 5541 ἔπειτα
2053 5502 2162 5541 οιιι.
2196 5483 2258 5539 C.

304 5485 747 5567 ξξ.βουλεύσομαι
771 5504 844 5567 ς.⁸
899 5488 954 5567 ἐξ
981 5485 1163 5567 νίκης]
1189 5486 1345 5567 δίκης
1370 5487 1433 5567 ς...

2005 5417 2050 5449 ⁸⁸
2076 5414 2169 5468 ἐπὶ
2198 5412 2296 5482 τὴν
2325 5409 2519 5482 λιόύην
2549 5408 2612 5465 C.
2677 5406 2735 5482 ff
2766 5400 2847 5482 εἷς
2870 5434 2939 5446 -
2963 5403 3163 5482 οῦτως]
3188 5398 3280 5482 οἷς
3299 5404 3568 5482 Reiskjns.

2362 5425 2519 5492 ιῡυηγ
2549 5425 2612 5465 υ.
2690 5425 2735 5439 "'
2766 5425 2847 5471 εις
2870 5434 2939 5446 —-
2963 5425 3162 5478 ουτως]
3188 5425 3271 5466 οις
3299 5425 3568 5485 "erasum.

2355 5482 2402 5513 “
2430 5498 2508 5551 τῳ
2536 5509 2607 5519 -
2643 5476 2809 5551 ἐδΙτδ
2849 5506 2924 5551 -_
2949 5478 3029 5551 τῷ
3070 5476 3133 5531 C-
3220 5475 3281 5551 .³·
3306 5489 3575 5551 item?“

304 5543 715 5629 werusdorli'us
745 5543 910 5629 :iibri
931 5543 1217 5629 λειμῶνός.
1280 5543 1340 5629 ξε
1368 5556 1539 5629 δῆμος
1569 5560 1681 5629 τοῖς
1711 5557 1920 5629 κύμασι
1953 5576 2015 5623 ς.
2090 5556 2133 5587 ³⁷
2294 5543 2608 5629 φθέγγομαι
2635 5549 2676 5604 C
2695 5543 2725 5614 ,⁷
2751 5549 2833 5601 ἐτι
2863 5543 3173 5621 φθέγγομαι
3206 5544 3274 5612 Α,
3305 5543 3573 5613 ἐπιφθέγ-

304 5644 551 5700 γομαις.
626 5627 671 5659 ”
694 5627 818 5684 libri
849 5619 1091 5697 σέριφὸς.
1166 5627 1211 5659 ⁸⁸
1243 5626 1343 5697 τῆς
1369 5619 1465 5683 Α”ε
1495 5619 1559 5682 ἐκ
1587 5619 1688 5699 τῆς
1716 5619 1800 5694 ς.’
1853 5629 1899 5661 ⁸⁸
1928 5619 2072 5683 καὶὸ
2113 5623 2165 5697 μ’
2187 5619 2367 5691 mm
2398 5620 2451 5694 μ’
2484 5619 2558 5675 B:
2595 5635 2706 5677 om.
2745 5635 2808 5685 ς’.
2879 5619 2885 5621 '
3192 5680 3197 5687 ι

1828 5765 2064 5824 ΝυΤᾹῦ.

384 5853 497 5925 (55)
547 5856 752 5914 inserta
802 5854 913 5913 haec
945 5853 1006 5911 L.
1057 5854 1431 5914 llhodomanni
1475 5856 1725 5914 editioni.
