4104 6432
560 360 698 425 1383

1709 351 1975 413 ΡΠΟΤΙΙ
2014 347 2521 411 ΡΑΤΒΙΑΒΩΠᾸΞ
2565 346 2677 406 CP.

3708 339 3842 406 ιιδι

549 470 1032 543 quadragesimum
1067 476 1343 531 octavum,
1378 466 1715 522 tricesimum
1760 466 2017 537 primum,
2047 478 2134 519 se-

2259 458 2321 513 ια¹
2354 459 2450 513 καὶ
2474 459 2503 512 ό
2534 457 2580 528 β’
2612 456 2705 510 καὶ
2746 454 2790 510 δ’
2808 454 2850 487 ⁵⁸
2901 456 2997 543 καὶ
3028 459 3105 520 ς’,
3133 451 3231 509 καὶ
3252 450 3331 518 λζ’
3352 451 3397 483 δ’
3434 450 3535 505 καὶ
3564 450 3653 522 λη’
3674 445 3841 504 "3m

552 565 812 627 cundum,
846 572 1125 633 quartum,
1162 570 1401 628 sextum,
1441 560 1757 631 septimum,
1797 567 2075 623 octavum,
2110 572 2142 612 e

2259 552 2478 623 ἐκλογὴν
2516 553 2550 622 ἠ
2593 549 2848 621 παροῦσα
2883 528 3096 611 ἐκδοσις
3134 547 3406 618 περιέχει.

552 658 750 728 quibus
782 658 897 712 base
927 655 1340 726 descripsimus.

624 770 800 839 Mulli,
847 772 993 841 iique
1038 770 1240 825 diversi
1294 769 1588 833 tradidere,
1651 766 1854 822 multos
1892 783 1922 822 e
1963 768 2144 836 specie

552 882 654 935 qua
688 865 904 920 femina:
930 864 1284 933 putabantur,
1318 864 1373 917 in
1404 863 1617 917 virilem
1647 871 1701 915 et
1730 876 1924 915 sexum
1960 870 2014 915 et
2042 878 2141 914 ua-

2315 753 2439 807 Ὄτι
2473 750 2655 806 πολλοὶ
2689 748 2788 821 μὲν
2809 748 2907 803 καὶ
2931 748 3081 801 ἄλλοι
3114 745 3409 817 ἱστόρησαν
3430 743 3540 799 ἀπὸ
3566 744 3844 813 σχήματος

2243 844 2558 914 γυναικείου
2595 842 2689 897 καὶ
2720 839 3044 911 ὑπολήψεως
3078 840 3160 900 εἰς
3190 837 3385 908 ἀνδρὸς
3410 837 3505 891 καὶ
3539 837 3727 905 σχῆμα
3752 834 3844 887 καὶ

554 968 729 1011 turam
772 958 1076 1012 transiisse.
1115 957 1381 1011 Caeterum
1423 954 1689 1010 Diodorus
1738 972 1827 1011 res
1854 954 2142 1011 Alexandri

2259 938 2408 1008 φύσιν
2442 936 2787 1006 ἀναφανῆναι
2807 951 2822 966 ο
2852 933 2992 1002 ἀτὰρ
3024 931 3119 985 καὶ
3149 929 3421 999 Διόδωρος
3449 932 3509 982 ἐν
3540 932 3606 998 τῇ
3634 928 3715 997 λβ¹
3736 925 3845 979 τῶν

551 1051 929 1122 CaelmSyriae,
979 1058 1033 1104 et
1078 1048 1384 1103 Antiochia:
1444 1049 1587 1115 regis
1618 1063 1990 1117 prosequens,
2032 1048 2147 1101 haec

554 1143 620 1196 ad
650 1142 956 1211 prodigium
993 1141 1223 1195 addidit.
1247 1139 1383 1194 Cum
1432 1139 1761 1204 Alexander,
1796 1139 1996 1209 inquit,
2054 1153 2135 1191 vin

460 1232 468 1237 ’
552 1248 673 1290 ctus
708 1251 738 1290 e
774 1249 948 1304 pugna
982 1233 1034 1287 in
1073 1234 1347 1287 civitatem
1380 1232 1593 1286 Arabia:
1626 1231 1772 1287 Abas
1818 1232 1883 1285 ad
1909 1230 2145 1285 Dioclem

554 1340 760 1392 regem,
796 1326 933 1394 apud
960 1340 1120 1392 quem
1161 1335 1215 1379 ct
1244 1325 1412 1378 filium
1458 1323 1788 1377 Antiochum
1837 1323 2019 1377 adhuc
2052 1322 2143 1376 in-

2248 1029 2502 1102 ίστοριῶν
2528 1031 2753 1083 τοιαῦτα
2782 1027 2914 1097 περί
2936 1025 3144 1095 ταύτης
3171 1023 3274 1094 τῆς
3306 1023 3676 1092 περιπετείας
3708 1024 3846 1074 ἱστο-

2252 1126 2334 1195 ρεῖ
2352 1124 2420 1187 ⁸⁸,
2451 1123 2521 1176 τὰ
2557 1120 2687 1191 περὶ
2718 1117 3070 1186 Ἀλέξανδρον
3114 1119 3205 1170 τὸν
3254 1115 3456 1183 Κοίλης
3502 1114 3705 1183 Συρίας
3753 1114 3845 1167 καὶ

2258 1212 2593 1283 Ἀντιοχείας
2623 1208 3017 1283 βασιλεύσαντα
3032 1207 3078 1241 ⁸⁵
3095 1202 3329 1271 διεξιών.
3355 1201 3494 1271 Φησὶ
3522 1202 3578 1253 δέ
3602 1202 3645 1233 ⁸⁸
3674 1216 3691 1231 ο
3708 1200 3765 1253 '0
3788 1200 3845 1253 δέ

2261 1306 2611 1376 Ἀλέξανδρος
2642 1303 2750 1357 ἀπὸ
2784 1303 2883 1374 μὲν
2930 1302 3029 1371 τῆς
3064 1299 3246 1369 μάχης
3298 1294 3437 1366 μετὰ
3471 1294 3843 1347 πεντακοσίων

554 1418 759 1471 fantem
791 1418 1138 1485 deposuerat,
1166 1432 1288 1472 cum
1310 1416 1618 1487 quingentis
1644 1414 1947 1485 aufugisset
1973 1456 1989 1481 ,
2019 1431 2149 1471 ecce

2259 1398 2347 1469 τὴν
2371 1398 2548 1469 φυγὴν
2571 1396 2867 1467 ἐποιήσατο
2890 1393 3059 1463 τῆςἈ
3072 1390 3264 1463 ραϐίας
3285 1390 3364 1450 είς
3385 1387 3485 1451 τὰς
3507 1386 3844 1454 καλουμένας

555 1511 721 1563 duces
774 1508 846 1585 illi
893 1505 1154 1574 Heliadis,
1200 1509 1289 1577 qui
1331 1523 1453 1563 sese
1486 1508 1798 1563 Alexandro
1847 1508 2148 1577 conjunxe-

554 1612 699 1664 rant,
725 1600 790 1654 de
821 1602 1042 1670 proprio
1078 1600 1365 1655 commodo
1396 1599 1715 1670 legationem
1746 1598 1946 1669 377b
2006 1599 2147 1653 clam

554 1694 839 1756 adornant,
874 1700 927 1745 et
959 1691 1083 1746 dolo
1120 1706 1241 1746 sese
1264 1689 1632 1745 Alexandrum
1707 1701 2001 1745 necaturus
2021 1705 2150 1760 pro-

2255 1493 2427 1557 ’Λὸας
2462 1493 2597 1563 πρὸς
2628 1491 2855 1545 Διοκλέα
2898 1489 2989 1543 τὸν
3017 1487 3304 1553 δυνάστην,
3340 1483 3478 1551 πρὸς
3504 1482 3563 1535 δν
3592 1476 3666 1552 ἦν
3685 1480 3729 1512 δ’
3757 1481 3845 1532 καὶ

2250 1587 2342 1640 τὸν
2374 1586 2489 1640 υἱὸν
2507 1584 2781 1653 ’Δντίοχον
2806 1579 3129 1653 προεκτεθει
3138 1580 3296 1649 μένος
3322 1579 3452 1630 ὄντα
3478 1575 3701 1646 νήπιον.
3717 1569 3846 1626 Εἶτα

2252 1681 2301 1735 οἱ
2335 1679 2433 1750 μὲν
2458 1679 2585 1750 περὶ
2608 1678 2700 1731 τὸν
2737 1675 2995 1744 Ἥλιόδην
3017 1673 3308 1745 ἡγεμόνες,
3331 1672 3379 1725 οἳ
3405 1673 3650 1741 συνῆσαν
3666 1668 3845 1733 Ἀλεξ-

555 1783 802 1837 mittunt.
852 1783 1147 1837 Annuente
1193 1797 1322 1837 vero
1360 1782 1649 1852 postulatis
1699 1781 1995 1850 Demetrio,
2043 1799 2148 1837 non

2259 1774 2455 1845 άνδρῳ,
2492 1770 2659 1845 [1145
2692 1768 2783 1843 IL]
2832 1768 3007 1837 λάθρα
3053 1764 3546 1836 διεπρεσϐεύσαντο
3579 1763 3710 1832 περὶ
3749 1761 3848 1829 τῆς

556 1877 715 1929 modo
739 1890 921 1945 regem
960 1890 1119 1929 suum
1150 1875 1531 1945 prodiderunt,
1558 1890 1747 1930 verum
1780 1874 1946 1928 etiam
1978 1876 2145 1929 inter-

558 1964 830 2022 fecerunt.
880 1965 1002 2021 Non
1046 1977 1131 2021 est
1168 1967 1608 2036 praetereundum
1647 1965 1953 2037 prodigium
1994 1965 2149 2031 illud,

555 2059 697 2128 quod
744 2070 975 2114 mortem
1023 2058 1318 2112 Alexandri
1375 2057 1689 2125 przecessit;
1750 2056 1877 2111 licet
1921 2056 2154 2112 fortasse

556 2160 779 2221 propter
807 2152 1103 2205 novitatem
1142 2149 1305 2205 [idem
1339 2152 1608 2207 excedere
1637 2149 1911 2205 videatur.

628 2441 828 2497 Paucis
871 2449 1000 2496 ante
1030 2439 1244 2504 diebus,
1281 2453 1404 2494 cum
1446 2438 1599 2510 juxta
1634 2437 1880 2494 Ciliciam
1916 2440 2157 2495 Alexan-

555 2536 658 2590 der
691 2550 787 2589 rex
835 2533 1118 2589 oraculum
1154 2532 1486 2595 consuleret,
1531 2535 1674 2601 quod
1715 2532 1988 2603 Apollinis
2023 2533 2160 2588 Sar-

560 2628 779 2695 pedonii
836 2624 1095 2693 templum
1157 2623 1358 2679 ibidem
1417 2625 1746 2690 diceretur,
1813 2625 2160 2694 respondisse

559 2720 735 2773 tertur
765 2718 839 2771 illi
882 2719 1018 2773 deus
1043 2757 1059 2778 .
1110 2731 1234 2771 cum
1285 2728 1345 2770 ut
1373 2716 1549 2771 locum
1592 2725 1834 2780 caveret,
1863 2715 1953 2783 qui
1983 2716 2159 2785 gemi-

562 2826 689 2864 num
738 2810 900 2864 deum
955 2806 1295 2878 protulisset.
1340 2806 1665 2875 Ambiguum
1701 2815 1829 2861 tunc
1875 2805 2158 2874 temporis,

561 2912 618 2957 et
648 2904 943 2956 obscurum
970 2901 1145 2953 visum
1184 2908 1306 2965 est;
1336 2908 1459 2967 post
1510 2898 1656 2968 regis
1696 2906 1877 2951 autem
1906 2906 2159 2962 mortem,

561 3008 750 3048 verum
785 2990 1066 3046 oraculum
1097 2989 1267 3045 fuisse
1298 3000 1542 3059 coeptum
1574 2998 1659 3044 est
1693 2988 1947 3058 intelligi,
1979 2989 2064 3043 his
2095 2989 2161 3044 de

562 3079 772 3134 causis.
812 3078 1148 3149 Diopliantus
1182 3079 1401 3149 quidam
1444 3093 1475 3133 θ
1506 3076 1819 3133 Macedonia
1845 3079 1898 3132 in
1939 3078 2161 3133 civitate

2255 1871 2391 1933 ἰδίας
2446 1868 2763 1938 ἡγεμονίας,
2811 1864 3275 1935 ἐπαγγελλόμενοι
3328 1861 3708 1931 δολοφονήσειν
3758 1858 3848 1911 τὸν

2266 1962 2618 2031 Ἀλέξανδρον
2637 1974 2652 1990 ·
2686 1960 3140 2029 συγχωρήσαντος
3173 1955 3229 2009 δὲ
3257 1953 3352 2007 τοῦ
3381 1951 3697 2023 Δημητρίου
3724 1949 3849 2019 περὶ

2253 2047 2327 2108 ὧν
2364 2053 2573 2122 ἠξίουν,
2602 2054 2665 2105 οὐ
2699 2052 2858 2121 μόνον
2888 2049 3143 2121 προδόται
3173 2046 3268 2101 τοῦ
3302 2045 3566 2116 βασιλέως
3596 2045 3733 2097 ἀλλὰ
3758 2042 3849 2096 καὶ

2256 2148 2436 2217 φονεῖς
2466 2144 2826 2216 ἐγενήθησαν.
2860 2144 2974 2196 Οὐκ
3007 2141 3156 2208 ἄξιον
3198 2140 3253 2194 δέ
3287 2138 3580 2207 παρελθεῖν
3628 2135 3729 2208 τὴν
3760 2152 3851 2203 γε·

2254 2239 2486 2309 νομένην
2508 2236 2864 2309 περιπέτειαν
2884 2233 2989 2306 πρὸ
3003 2234 3047 2266 ⁸⁸⁸
3067 2233 3167 2302 τῆς
3194 2232 3547 2303 Ἀλεξάνδρου
3570 2229 3847 2299 τελευτῆς,

2254 2330 2344 2384 διὰ
2381 2328 2437 2382 δέ
2478 2329 2540 2382 τὸ
2579 2324 2882 2399 παράδοξον
2923 2324 3054 2388 ἴσως
3092 2322 3635 2396 ἁπιστηθησομένην.

2330 2440 2681 2511 Ἀλεξάνδρου
2715 2438 2825 2510 γὰρ
2857 2437 2953 2491 τοῦ
2982 2435 3243 2507 βασιλέως
3274 2436 3449 2507 βραχὺ
3486 2434 3592 2506 πρὸ
3619 2433 3726 2487 τῶν
3759 2433 3850 2484 ἐν·

2262 2533 2516 2588 εστώτων
2537 2552 2569 2605 χ
2577 2529 3306 2605 ρόνων¹χρλστηριαζομένου
3324 2528 3468 2581 κατὰ
3477 2528 3576 2597 τὴν
3591 2525 3844 2580 Κιλικίαν

2260 2626 2391 2681 ἔνθα
2426 2627 2590 2695 φασιν
2613 2625 2950 2688 Ἀπόλλωνος
2976 2621 3346 2694 Σαρπηδονίου
3382 2620 3527 2691 ἱερὸν
3561 2614 3721 2682 εἶναι,
3755 2620 3850 2671 ἁν-

2256 2719 2399 2772 ελεῖν
2450 2717 2601 2788 αὐτῷ
2638 2716 2855 2785 λέγεται
2897 2716 2990 2769 τὸν
3036 2714 3160 2769 θεὸν
3198 2711 3539 2784 φυλάξασθαι
3572 2710 3660 2763 τὸν
3687 2708 3849 2762 τόπον

2259 2812 2350 2865 τὸν
2380 2812 2673 2879 ἐνεγκόντα
2702 2810 2794 2863 τδν
2822 2809 3086 2880 δίμορφον
3104 2806 3172 2860 ⁴⁵⁹.
3193 2806 3303 2861 Καὶ
3334 2805 3454 2857 τότε
3473 2803 3573 2874 μὲν
3593 2804 3850 2871 αἰνιγμα-

2258 2902 2402 2974 τώδη
2432 2904 2524 2956 τὸν
2554 2902 2802 2973 χρησμὸν
2844 2896 2983 2955 εῖναι
3014 2900 3187 2966 δόξαι,
3214 2898 3441 2967 ὕστερον
3489 2896 3673 2967 μέντοι
3710 2896 3850 2963 μετὰ

2258 2991 2357 3061 τὴν
2386 2991 2643 3062 τελευτὴν
2687 2990 2783 3044 τοῦ
2829 2989 3093 3061 βασιλέως
3124 2988 3530 3057 ἐπιγνωσθῆναι
3570 2985 3633 3037 τὸ
3672 2985 3850 3053 λόγιον

2260 3084 2348 3137 διὰ
2373 3083 2631 3146 τοιαύτας
2661 3084 2815 3147 τινὰς
2846 3084 3045 3145 αἰτίαςο
3081 3081 3193 3151 Τῆς
3228 3080 3487 3151 Ἀραϐίας
3514 3080 3575 3131 ἐν
3604 3079 3720 3140 ταῖς
3749 3094 3852 3130 και

562 3172 699 3227 Abis
724 3173 778 3227 in
813 3170 1016 3225 Arabia
1055 3171 1358 3236 habitabat,
1385 3170 1476 3239 qui
1511 3172 1671 3225 ducta
1698 3185 1871 3227 uxore
1900 3172 2157 3226 Arabissa

2262 3175 2551 3247 λουμέναις
2571 3176 2767 3239 Ἀδαις
2810 3176 2946 3246 ᾢκει
2990 3192 3074 3239 τις
3118 3174 3414 3243 Διόφαντος
3462 3171 3657 3249 ὄνομα,
3693 3172 3753 3223 τὸ
3790 3170 3847 3223 δὲ

562 3264 735 3319 tilium
777 3263 969 3335 genuit
1013 3262 1256 3333 ejusdem
1307 3263 1546 3319 nominis
1581 3263 1980 3332 'Diopbantum,
2012 3273 2066 3318 et
2100 3265 2164 3317 ti-

563 3358 691 3413 liam
722 3358 944 3413 nomine
975 3356 1292 3412 Hcraidem.
1326 3354 1548 3422 Filium,
1605 3365 1897 3425 antequam
1936 3356 2164 3424 juvene-

564 3455 744 3504 sceret
774 3448 982 3513 amisit,
1036 3450 1132 3503 sed
1181 3448 1345 3501 tiliam
1397 3448 1635 3501 nubilem
1674 3448 1885 3502 cuidam
1918 3447 2159 3504 Samiadi

566 3545 811 3596 donatam
866 3541 1015 3595 dedit
1044 3540 1172 3608 :qui
1220 3552 1414 3596 exacto
1459 3556 1567 3596 uno
1603 3556 1729 3595 cum
1781 3556 1952 3596 uxore
1993 3556 2159 3605 anno,

568 3632 754 3703 procul
793 3646 823 3685 a
863 3631 1026 3687 domo
1063 3631 1444 3700 peregrinatus
1484 3641 1593 3686 est.
1640 3631 1835 3687 llerais
1871 3640 2076 3697 autem,
2105 3644 2165 3686 ut

568 3725 793 3789 dicitur,
829 3724 1039 3778 interea
1074 3724 1127 3778 in
1171 3738 1371 3778 novum
1397 3724 1624 3779 omnino
1652 3725 1925 3789 morbum,
1953 3734 2009 3779 et
2030 3739 2163 3797 sane

569 3816 943 3872 incredibilem
975 3816 1189 3871 incidit.
1217 3816 1353 3871 Nam
1384 3818 1578 3888 ingens
1592 3818 1739 3874 circa
1768 3818 1949 3874 alvum
1972 3830 2159 3874 natum

569 3915 656 3960 est
679 3906 858 3973 tuber,
891 3908 1173 3976 quodcum
1204 3906 1258 3961 iu
1283 3908 1400 3963 dies
1425 3918 1790 3973 excresceret,
1821 3919 1876 3964 et
1904 3910 2054 3964 locus
2075 3910 2161 3963 iu-

581 4005 672 4054 tus
718 3999 1192 4066 condensaretur,
1231 4000 1588 4056 consuluntur
1629 4002 1847 4059 medici.
1890 4001 1955 4057 lli
2004 4000 2161 4058 ulcus

570 4092 719 4146 circa
749 4091 949 4145 ostium
972 4091 1148 4146 vulva:
1181 4107 1303 4148 esse
1322 4104 1599 4160 asserunt,
1618 4096 1873 4163 quocirca
1900 4094 2164 4150 adhibent

572 4183 991 4250 medicamenta,
1025 4185 1219 4252 quibus
1250 4185 1406 4242 tuber
1430 4186 1531 4243 boc
1559 4187 2156 4257 possintsnpprimere.

573 4274 823 4345 Septimo
846 4286 1032 4330 autem
1057 4276 1148 4331 die
1177 4279 1427 4348 disrupta
1454 4295 1667 4336 summa
1690 4289 1838 4343 cute,
1864 4280 2157 4335 exciditex

572 4352 825 4436 pudendo
867 4367 1084 4435 inguem
1112 4367 1385 4436 adjunctis
1433 4371 1693 4434 testibus,
1733 4380 1790 4427 et
1829 4372 1945 4427 lucc
1979 4370 2160 4441 ruptio

575 4457 776 4526 liicque
805 4454 1033 4511 aﬂ'ectus
1067 4473 1167 4513 nec
1194 4459 1425 4526 medico,
1475 4477 1577 4518 nec
1616 4476 1891 4531 quoquam
1928 4472 2158 4519 externo

574 4556 771 4617 praeter
799 4559 1028 4605 matrem
1076 4559 1316 4621 duasque
1345 4555 1577 4609 ancillas
1626 4564 1894 4625 praesente
1933 4556 2154 4611 accidit.
2191 4537 2232 4592 θ

576 4639 761 4710 Itaque
787 4641 865 4697 rei
895 4643 1136 4697 novitate
1158 4645 1450 4714 perculsae,
1487 4662 1708 4702 omnem
1740 4664 1931 4703 curam
1967 4646 2158 4703 Ilerai-

574 4734 658 4786 dis
686 4744 903 4801 gerunt,
952 4744 1007 4789 et
1042 4735 1093 4788 id
1122 4738 1265 4805 quod
1295 4739 1586 4794 accidisset
1624 4740 1921 4797 occultant.
1966 4739 2160 4796 Mulier

573 4834 704 4874 vero
747 4820 977 4876 liberata
1023 4824 1237 4889 morbo,
1292 4834 1507 4895 sumpta
1552 4836 1706 4882 veste
1744 4828 2004 4892 feminea,
2057 4833 2157 4887 do-

578 4914 803 4969 inestica
852 4915 1157 4980 exercitia,
1222 4923 1278 4970 et
1327 4918 1514 4972 uxoria
1566 4923 1908 4989 exsequitur.
1955 4922 2158 4994 378a

570 5004 677 5071 Qui
710 5008 1017 5079 prodigium
1046 5009 1479 5079 cognoscebant,
1506 5012 1755 5082 iudicant
1784 5029 1905 5069 eam
1937 5016 2159 5070 hernia—

572 5098 890 5167 phroditum
930 5115 1075 5167 esse,
1122 5110 1178 5156 et
1221 5101 1344 5157 ideo
1376 5104 1537 5159 virile
1577 5106 1848 5175 quoddam
1889 5116 2156 5177 gestasse,

575 5190 700 5255 quia
730 5191 915 5249 coiens
930 5208 1055 5249 cum
1084 5195 1204 5250 viro
1229 5197 1509 5251 contrario
1537 5207 1748 5254 natura;
1779 5200 1940 5254 modo
1968 5199 2156 5255 coivit.

577 5282 760 5340 Latuit
786 5285 887 5341 hoc
914 5295 1192 5344 externos.
1231 5286 1509 5345 Reversus
1533 5299 1712 5347 autem
1746 5289 2048 5361 Samiades,
2078 5306 2160 5348 ns.

2264 3268 2421 3337 γένος
2461 3267 2748 3323 Μακεδών.
2784 3261 2956 3332 Οὗτος
2995 3268 3260 3339 ἐγχώριον
3300 3266 3563 3338 ’Δραδίαν
3620 3269 3850 3333 γυναῖκα

2263 3365 2449 3436 γήμας
2479 3364 2736 3433 ἐγέννησε
2771 3362 2889 3417 υίδν
2924 3362 3023 3433 μὲν
3050 3361 3342 3431 ὁμώνυμον
3381 3360 3581 3430 ἐαυτῷ,
3608 3358 3737 3431 [616
3760 3356 3848 3431 lt]

2266 3455 2540 3525 θυγατέρα
2565 3455 2623 3508 δὲ
2652 3454 2751 3525 τὴν
2780 3453 3317 3525 προσαγορευθεῖσαν
3352 3452 3604 3522 Ἱιραῖδα.
3628 3453 3733 3504 Τὸν
3756 3451 3849 3520 μὲν

2262 3542 2356 3600 οὖν
2389 3546 2502 3600 υἱὸν
2519 3547 2564 3579 ⁵⁸
2599 3546 2705 3617 πρὸ
2732 3546 2832 3615 τῆς
2864 3546 3050 3617 ἀκμῆς
3091 3544 3270 3599 ἐπεῖδε
3302 3544 3729 3613 τελευτήσαντα,
3755 3541 3848 3611 τὴν

2262 3637 2319 3690 δὲ
2346 3637 2617 3706 θυγατέρα
2648 3638 2829 3707 γάμου
2860 3635 3090 3707 ἔχουσαν
3112 3635 3263 3705 ὥραν
3293 3636 3587 3704 προικίσας
3613 3648 3848 3699 συγκατ-

2262 3729 2431 3800 ῴκισέ
2478 3745 2585 3781 τινι
2629 3728 2801 3798 ὄνομα
2837 3725 3198 3797 Σαμιάδηςυ.
3228 3717 3398 3788 Οὗτος
3440 3725 3540 3795 μὲν
3588 3719 3684 3777 οὖν
3714 3740 3848 3791 συμ-

2262 3819 2469 3883 ϐιώσας
2512 3821 2579 3890 τῇ
2614 3817 2928 3891 γαμηθείσῃ
2968 3818 3159 3888 χρόνον
3210 3815 3481 3870 ἐνιαύσιον
3527 3815 3847 3885 ἀπεδήμησε

2265 3912 2485 3985 μακρὰν
2532 3912 2869 3983 ἀποδημίαν.
2899 3910 3012 3982 Τὴν
3035 3908 3082 3963 δ’
3116 3908 3343 3979 Ἦραϊδα
3376 3909 3539 3979 φασιν
3568 3908 3850 3980 ἀρρωστία

2262 4006 2584 4075 περιπεσεῖν
2630 4002 2919 4073 παραδόξῳ
2962 4001 3060 4056 καὶ
3109 4000 3387 4065 παντελῶς
3427 4002 3845 4071 ἀπιστουμένῃ·

2262 4097 2572 4169 φλεγμονὴν
2617 4096 2727 4167 γὰρ
2776 4095 3000 4167 ἰσχυρὰν
3028 4094 3284 4164 γενέσθαι
3313 4096 3444 4166 περὶ
3472 4095 3535 4148 τδ
3558 4089 3731 4165 ἦτρον
3757 4094 3849 4147 αὐ.
3890 4166 3897 4171 ἢ

2260 4192 2382 4261 τῆς.
2398 4192 2521 4244 Ἐπὶ
2545 4189 2707 4243 πλέον
2739 4189 2797 4242 δὲ
2826 4190 3137 4261 οἰδήσαντος
3164 4187 3261 4242 τοῦ
3301 4188 3492 4250 τόπου,
3527 4187 3723 4243 ἔπειτα
3746 4187 3849 4240 τῶν

2262 4281 2516 4354 πυρετῶν
2534 4282 2580 4313 ⁸⁸
2603 4282 2858 4352 μεγάλων
2887 4282 3384 4354 συνεπιγινομένων
3399 4282 3468 4347 ⁵³,
3488 4280 3850 4349 καταδοξάσαι

2261 4378 2386 4440 τοὺς
2439 4378 2654 4446 ἰατροὺς
2705 4376 2937 4430 ἕλκωσιν
2979 4376 3263 4446 γεγονέναι
3309 4374 3436 4447 περὶ
3461 4376 3557 4429 τὸν
3582 4375 3850 4446 τράχηλον

2261 4471 2359 4542 τῆς
2419 4470 2654 4541 μήτρας.
2692 4470 3006 4541 Χρωμένων
3056 4470 3115 4525 δὲ
3163 4469 3343 4523 αὐτῶν
3392 4470 3716 4541 θεραπείαις
3765 4463 3849 4533 αἶς

2264 4563 2648 4634 ὑπελάμϐανον
2672 4563 3060 4618 καταστέλλειν
3080 4564 3181 4625 τὰς
3206 4562 3537 4633 φλεγμονὰς,
3560 4562 3850 4633 ἐ6δομαίας

2262 4657 2369 4710 δ“⁸’⁵
2401 4656 2590 4729 οὔσης,
2628 4657 2780 4729 ῥῆξιν
2829 4657 3177 4727 ἐπιγενέσθαι
3227 4657 3330 4727 τῆς
3381 4657 3726 4725 ἐπιφανείας,
3760 4656 3849 4710 καὶ

2263 4751 2558 4819 προπεσεῖν
2575 4749 2620 4780 ⁸⁸
2648 4750 2714 4802 ἐκ
2749 4749 2859 4802 τῶν
2887 4750 2985 4818 τῆς
3019 4747 3272 4819 Ἠρατδος
3302 4748 3630 4815 γυναικείων
3659 4748 3850 4801 αἰδοῖον

2262 4840 2528 4910 ἀνδρεῖον,
2563 4839 2687 4911 ἐχον
2714 4839 2973 4910 διδύμους
3006 4841 3461 4911 προσκειμένους.
3483 4840 3599 4909 Τὴν
3619 4840 3676 4893 δὲ
3700 4841 3849 4911 ῥῆξιν

2261 4930 2468 4985 τούτων
2498 4934 2594 4986 καὶ
2621 4932 2683 4984 τὸ
2716 4931 2890 4995 πάθος
2919 4932 3175 5001 γενέσθαι
3204 4933 3345 5003 μήτε
3379 4931 3568 5004 ἰατροῦ
3604 4933 3732 5002 μήτ’
3762 4933 3849 4986 ἆλ-
3936 4998 3939 4999 ν

2263 5021 2372 5075 λων
2416 5022 2525 5076 τῶν
2580 5022 2782 5088 ἔξωθεν
2803 5024 2850 5056 ⁸⁸
2876 5023 3181 5093 παρόντων,
3214 5024 3355 5093 πλὴν
3386 5025 3594 5096 μητρὸς
3624 5026 3721 5079 καὶ
3759 5023 3851 5080 δύο

2264 5115 2685 5185 θεραπαινίδων.
2726 5116 2859 5171 Τότε
2904 5115 3004 5187 μὶν
3049 5112 3145 5170 οὖν
3162 5117 3209 5148 ⁸⁷
3237 5118 3459 5187 ἀχανεῖς
3492 5115 3848 5188 γενομένας⁵⁴

2264 5205 2354 5259 διὰ
2381 5207 2443 5259 τὸ
2474 5207 2796 5279 παράδοξον,
2832 5208 2931 5278 τὴν
2961 5209 3318 5280 ἐνδεχομένην
3342 5210 3662 5281 ἐπιμέλειαν
3690 5211 3845 5282 ποιή-

2269 5300 2466 5351 σασθαι
2499 5299 2601 5363 τῆς
2632 5299 2903 5373 Ἦραΐδος,
2935 5302 3031 5355 καὶ
3068 5302 3486 5375 κατασιωπῆσαι
3512 5306 3573 5358 τὸ
3606 5305 3841 5375 γεγονός.

1897 5431 2129 5487 VARI/IS
2166 5432 2579 5493 LECTIONES.

647 5518 691 5606 :1
723 5518 817 5602 καὶ
842 5518 1220 5606 δὀιη.Ᾱ.“⁸¹
1257 5523 1421 5606 ACTA.
1498 5522 1545 5606 θ’
1570 5524 1677 5606 λη’]
1707 5525 1735 5578 ό
1766 5523 1849 5606 λη’
1886 5525 1991 5606 Λ..-
2026 5528 2072 5606 ξδ
2097 5530 2615 5606 ἱστορεῖ-κοίλης]
2654 5533 2751 5606 καὶ
2805 5533 2914 5606 τῶν
2953 5532 2994 5588 Β
3041 5543 3095 5606 et
3144 5550 3231 5606 rc.
3266 5536 3310 5588 A
3347 5551 3471 5606 :pr.
3535 5539 3678 5592 enim
3737 5552 3846 5593 om.

571 5592 618 5624 “
648 5592 1081 5663 βασιλευσάντων
1114 5593 1174 5648 Β.
1282 5596 1328 5625 ⁸⁸
1345 5596 1401 5649 δὲ
1425 5605 1551 5650 ante
1572 5598 1601 5648 ὁ
1629 5592 1738 5649 oin.
1775 5592 1834 5650 Β.
1946 5596 1991 5627 δτ

571 5736 619 5767 ⁸⁸
645 5734 1142 5802 συνεπιγενομένων
1175 5752 1236 5801 ς.

575 5806 740 5868 utve;
769 5802 839 5858 B:
871 5807 1156 5886 γινομένας
1191 5824 1253 5875 ς.

1344 5736 1400 5768 ⁸³⁷
1417 5737 1459 5790 δ’
1489 5752 1599 5793 om.
1636 5736 1697 5791 Β.

571 5592 618 5624 ⁸⁸
648 5592 1081 5663 βασιλευσάντων
1114 5593 1174 5648 Β.
1282 5596 1401 5649 ⁸⁸δέ
1425 5605 1551 5650 ante
1572 5598 1601 5648 ό
1629 5592 1738 5649 οἶιι.
1775 5592 1834 5650 Βζ
1946 5596 1991 5627 δτ
2026 5592 2095 5669 ἧν
2131 5592 2241 5655 (κη’.
2267 5602 2327 5655 Β.

570 5663 835 5739 δίμορφον
866 5661 905 5713 Β
936 5680 949 5716 :
996 5664 1086 5739 τὸν
1108 5665 1229 5718 θεὸν
1259 5665 1522 5739 δίμορφον
1545 5683 1605 5731 ς.
1642 5666 1741 5739 _rf.
1778 5683 1859 5736 pr.
1887 5666 1992 5722 578
2022 5687 2054 5721 ιι
2103 5670 2194 5723 40.
2304 5675 2325 5706 ³

1799 5739 1844 5779 ⁸³
1866 5742 2161 5810 προπεσεῖν
2196 5758 2256 5806 ς’.

2304 5610 2327 5654 ι.
2430 5603 2475 5634 “
2507 5603 2615 5673 πρὸ
2638 5605 2704 5668 A,
2734 5605 2873 5676 πρὸς
2898 5622 2960 5669 ς.
3036 5604 3083 5639 δ’
3107 5605 3199 5659 τὸν
3220 5603 3483 5677 δίμορὲρον
3516 5611 3687 5676 pr.A,
3722 5608 3849 5663 θέαν

2304 5674 2350 5706 ³⁰
2379 5673 2480 5730 μὲν
2536 5674 2651 5727 υἱόν
2681 5692 2741 5730 ς.
2860 5675 2904 5707 ⁸⁸
2935 5676 3109 5730 σαμία
3140 5679 3204 5730 A.
3302 5677 3451 5730 ³⁸²τῶ
3506 5678 3728 5730 πυοετῶ
3785 5696 3845 5730 c.

2379 5691 2480 5743 μεν
2536 5691 2651 5727 υιον
2681 5692 2741 5739 ς.
2860 5691 3109 5748 σισαμια
3140 5691 3204 5730 A.
3302 5691 3347 5709 "
3372 5696 3451 5747 τῳ
3506 5696 3728 5750 πυρετῳ
3785 5696 3845 5745 ς.

2370 5745 2415 5777 ⁵⁸
2444 5744 2604 5799 ἄλλου
2636 5746 2745 5800 τῶν
2791 5744 2895 5810 ἔξω
2918 5762 2981 5812 ς.
3090 5742 3251 5803 ⁸⁷οὖν
3298 5748 3423 5804 add.
3462 5748 3524 5804 Β.
3622 5751 3675 5819 ’ἶ
3696 5766 3850 5821 γενο-
