4104 6468
259 457 402 525 1385

1340 467 1866 529 BIBLIOTHECA.
1897 465 2129 526 --COD.
2165 466 2454 527 CCXLIV.

3381 465 3519 531 1386

250 572 372 640 Τὴν
399 570 456 623 δὲ
493 571 856 627 ἀπολυθεῖσαν
902 574 999 643 τῆς
1049 578 1205 629 νόσου
1251 577 1351 648 τὴν
1400 578 1603 649 ἐσθῆτα
1654 578 1836 649 φορεῖν

1948 591 2044 646 par
2073 586 2177 643 est,
2212 592 2375 646 super
2407 590 2577 631 uxore
2608 572 2825 644 rogitat,
2859 590 2977 645 qum
3023 592 3133 646 prae
3171 579 3379 648 pudore
3416 596 3524 639 non

251 662 598 730 γυναικείαν,
629 665 723 716 καὶ
751 665 850 735 τὴν
880 665 1049 736 ἄλλην
1074 670 1298 740 ἀγωγὴν
1334 670 1585 742 οἴκουρον
1616 671 1711 725 καὶ
1740 671 1844 724 ὓπ-

253 754 452 825 ανδρον
472 755 855 823 διαφυλάττειν
872 758 917 792 ⁸9
934 776 946 788 ·
973 760 1491 825 καταδοξάξεσθαιθο
1521 764 1578 817 δὲ
1605 764 1709 817 ὑπὸ
1733 764 1844 817 τῶν

255 845 577 899 συνειδότων
602 848 703 917 τὴν
732 851 1087 920 περιπέτειαν
1113 854 1513 925 ἐρμαφρόδιτον
1540 851 1681 908 εἶναι
1702 896 1716 921 ,
1749 859 1845 911 καί⁵

254 938 401 991 κατά
449 938 547 1009 τὴν
599 943 975 1012 γεγενημένην
1008 946 1125 1013 μετ’
1155 945 1346 1016 ἀνδρὸς
1378 946 1701 1016 συμϐίωσιν,
1741 950 1843 1019 τῆς

258 1031 400 1085 κατᾶ
430 1032 591 1100 φύσιν
623 1032 925 1104 ἐπιπλοκῆς
953 1036 1442 1110 ἀντιπραττούσης,
1472 1041 1651 1093 δοκεῖν
1672 1042 1844 1113 αὐτὴν

256 1124 379 1187 ταῖς
417 1126 735 1194 ἀρῥενικαῖς
763 1132 1201 1199 συμπεριφοραῖς
1237 1131 1676 1202 καθωμιλῆσθαι.
1697 1136 1841 1188 Λαν-

256 1214 528 1284 θανούσης
560 1218 616 1269 δὲ
640 1219 767 1280 τοὺς
797 1220 954 1283 ἐκτὸς
984 1222 1082 1290 τῆς
1118 1222 1411 1286 διαθέσεως
1438 1225 1641 1295 ταύτης
1671 1229 1841 1281 ἐπαν-

254 1303 432 1357 ελθεῖν
456 1307 547 1359 τὸν
570 1308 848 1378 Σαμιάδην
882 1313 976 1363 καὶ
1012 1312 1285 1383 (καθάπερ
1308 1308 1375 1385 ἦν
1406 1315 1717 1388 ἐπιϐάλλον)
1743 1318 1843 1389 τὴν

255 1398 604 1467 γαμηθεῖσαν
648 1399 927 1471 ἐπιζητεῖν
949 1441 963 1465 ,
1004 1403 1066 1454 ού
1101 1403 1388 1477 τολμώσης
1439 1408 1485 1460 δ’
1515 1409 1729 1480 ἐκείνης
1761 1411 1842 1473 εἰς

253 1490 377 1559 ὄψιν
427 1491 600 1546 ἐλθεῖν
628 1494 716 1546 διὰ
745 1496 843 1565 τὴν
874 1496 1136 1567 αἰσχύνην
1157 1539 1170 1563 ,
1197 1499 1289 1552 τὸν
1322 1501 1601 1574 Σαμιὰδην
1634 1504 1768 1571 φασί⁹
1795 1506 1839 1537 ⁶¹

254 1578 470 1651 βαρέως
518 1584 1179 1659 ἐνεγκεῖν.Ἐπικειμένου
1226 1591 1282 1643 δὲ
1328 1594 1715 1667 συνεχέστερον
1749 1600 1843 1653 καὶ

252 1671 614 1735 ἀπαιτοῦντος
634 1674 734 1742 τὴν
762 1674 1011 1745 σύμϐιον,
1044 1678 1140 1730 καὶ
1169 1679 1261 1730 τοῦ
1295 1681 1498 1750 πατρὸς
1522 1684 1598 1751 μὴ
1626 1701 1839 1754 συγχω-

257 1760 477 1831 ροῦντος
522 1762 642 1832 μὲν,
677 1767 1067 1836 αἰσχυνομένου
1098 1769 1276 1840 δὲτὴν
1307 1773 1486 1826 αἰτίαν
1530 1776 1727 1839 εἰπεῖν,
1761 1780 1842 1840 εἰς

255 1852 401 1920 μέγα
435 1851 629 1920 ηὔξετο
650 1858 684 1925 ἡ
711 1854 962 1925 διαφορά.
984 1858 1334 1927 Ἐπενεγκεῖν
1365 1880 1423 1915 τε
1447 1856 1536 1918 δὶὰ
1566 1866 1725 1920 τοῦτο
1755 1866 1835 1919 δί-

1947 670 2050 724 fuit
2076 684 2209 725 ausa
2235 682 2572 737 comparere.
2597 667 2750 735 Quod
2778 668 2975 723 acerbe
3001 668 3186 726 ferens
3214 670 3521 740 Samiades,

1946 763 2145 818 institit
2174 762 2428 833 amplius,
2462 770 2518 816 et
2549 761 2887 817 consortium
2916 776 3039 816 cum
3070 778 3237 819 uxore
3263 780 3359 818 sua
3392 780 3518 834 pos-

1947 858 2138 913 tulavit
2184 877 2196 912 :
2236 867 2392 927 patre
2450 870 2580 911 vero
2627 863 2923 922 renuente,
2981 866 3036 910 et
3080 872 3301 913 causam
3339 860 3526 915 dicere

1943 950 2329 1014 erubescente,
2377 962 2568 1018 magna
2603 957 2722 1003 orla
2758 956 2843 1002 est
2874 948 3179 1002 contentio.
3210 947 3398 1018 Itaque
3428 963 3525 1018 pro

1945 1053 2117 1092 uxore
2143 1052 2239 1092 sna
2265 1052 2458 1093 socero
2493 1039 2637 1092 diem
2669 1037 2825 1101 dicit,
2860 1046 2916 1093 et
2968 1047 3027 1091 ut
3064 1038 3121 1092 fit
3153 1039 3204 1092 in
3238 1039 3520 1105 dramatis,

1946 1131 2251 1201 prodigium
2294 1130 2512 1185 fortuna
2561 1130 2613 1184 in
2655 1131 2864 1186 crimen
2898 1132 3190 1187 convertit.
3238 1131 3375 1185 Cum
3406 1131 3520 1200 jam

1936 1224 2148 1292 judices
2191 1225 2607 1291 consedissent,
2652 1233 2706 1278 et
2750 1238 2929 1279 causa:
2972 1236 3155 1280 essent
3204 1224 3401 1292 allatae,
3437 1225 3529 1277 ad-

1944 1314 2303 1382 essejubetur
2335 1329 2569 1383 persona
2603 1315 2669 1370 de
2693 1329 2798 1384 qua
2826 1310 3206 1369 cdntendatur.
3239 1315 3358 1369 Jam
3394 1330 3526 1369 vero

1945 1407 2199 1462 dubitant
2240 1405 2474 1476 iudices,
2508 1417 2691 1460 utrum
2726 1406 2843 1460 viro
2891 1406 3197 1475 conjugem,
3235 1414 3327 1458 aut
3358 1406 3524 1459 filiani

1943 1500 2085 1569 patri
2115 1498 2459 1567 adjudicent;
2492 1508 2718 1552 censent
2747 1499 2964 1552 tandem
3018 1498 3071 1550 id
3110 1500 3397 1551 veritatem
3440 1497 3523 1550 in-

1944 1592 2151 1657 dicare,
2196 1606 2421 1646 uxorem
2471 1592 2588 1644 viro
2613 1604 2735 1645 esse
2785 1588 3204 1659 adjnngendam.
3233 1587 3354 1657 Ipsa
3400 1604 3521 1641 mox

1944 1686 2206 1739 audacter
2231 1694 2438 1737 vestem
2473 1681 2652 1737 fictam
2683 1680 2921 1744 solvens,
2955 1680 3195 1735 ostendit
3227 1680 3403 1749 palam
3436 1681 3485 1733 vi

1957 1791 2064 1832 ‘um
2096 1790 2219 1829 sese
2243 1790 2387 1839 esse,
2422 1773 2825 1829 lamentabilem
2853 1774 3047 1829 tollens
3069 1788 3281 1837 vocem,
3307 1776 3373 1828 ad
3393 1774 3522 1841 quid

1944 1873 2205 1935 cogerent
2270 1863 2447 1918 virum
2519 1862 2841 1917 cohabitare
2909 1864 3071 1918 viro?
3124 1862 3524 1932 Obstupescere

253 1958 357 2009 κην
387 1942 465 2013 τῷ
498 1947 666 2015 πατρὶ
716 1946 847 2016 περὶ
896 1946 996 2016 τῆς
1047 1948 1184 2013 ἰδίας
1231 1953 1508 2020 γυναικὸς,
1542 1956 1639 2025 τῆς
1668 1956 1836 2027 τύχης

1940 1973 2168 2021 omnes,
2212 1968 2267 2012 et
2318 1955 2625 2012 admirabili
2676 1970 2811 2011 voce
2859 1969 2921 2011 se
2979 1956 3259 2025 perculsos
3309 1958 3521 2013 testari.

251 2031 444 2103 ὥσπερ
475 2036 533 2088 ἐν
559 2036 798 2108 δράμασι
818 2038 862 2069 ⁶¹
894 2040 954 2092 τὸ
989 2042 1290 2112 παράδοξον
1340 2047 1438 2116 τῆς
1485 2051 1838 2119 περιπετείας

250 2126 495 2197 ἀγούσης
519 2130 598 2192 εἰς
617 2130 783 2203 ἕγκλη
794 2135 1386 2213 μα..Συνεδρευσάντων
1414 2141 1470 2194 δὲ
1495 2143 1605 2195 τῶν
1635 2145 1837 2214 κριτῶν

1944 2050 2098 2104 Tune
2148 2049 2344 2106 Herais
2373 2052 2602 2104 Tremoto
2639 2048 2863 2118 pudore,
2906 2048 3115 2103 virilem
3146 2048 3387 2103 habitum
3436 2064 3525 2103 re-

1936 2138 2084 2209 jecto
2116 2139 2353 2194 femineo
2367 2146 2705 2193 memoratur
2728 2136 3109 2205 assumpsisse.
3136 2136 3321 2192 Medici
3346 2148 3524 2192 autem

249 2220 346 2272 καὶ
379 2219 553 2289 λόγων
585 2223 855 2293 ῥηθέντων
902 2233 1271 2301 συμπαρεῖναι
1318 2233 1417 2300 μὲν
1461 2236 1524 2304 τῇ
1566 2236 1746 2304 κρίσει
1779 2236 1836 2288 τὸ

1945 2228 2045 2287 liis’
2065 2232 2197 2286 visis
2227 2231 2307 2287 sic
2339 2231 2597 2284 dixerunt
2630 2248 2644 2285 :
2681 2229 2884 2285 Eodem
2919 2230 3040 2285 loco
3072 2242 3126 2283 et
3156 2231 3447 2284 femineum
3471 2243 3525 2284 et

248 2311 768 2386 ἀμφισϐητούμενον
802 2318 993 2389 σῶμα,
1029 2321 1308 2391 διαπορεῖν
1337 2322 1392 2376 δὲ
1424 2324 1548 2388 τοὺς
1577 2326 1840 2391 δικαστὰς

250 2403 480 2473 πότερον
496 2407 763 2477 προσήκει
785 2410 876 2462 τὸν
899 2412 1063 2482 ἄνδρα
1083 2414 1182 2483 τῆς
1203 2415 1504 2485 γυναικὸςῆ
1520 2417 1611 2470 τὸν
1627 2418 1839 2491 πατέρα

248 2496 349 2565 τῆς
384 2496 653 2568 θυγατρὸς
675 2502 976 2571 κυριεύειν.
1010 2504 1192 2576 Πέρας
1214 2507 1324 2560 τῶν
1346 2507 1549 2578 κριτῶν
1577 2512 1838 2581 οἰομένων

246 2585 359 2638 δεῖν
383 2588 697 2643 ἀκολουθεῖν
724 2593 916 2664 τάνδρί
937 2594 1035 2666 τὴν
1059 2597 1425 2666 γαμηθεῖσαν,
1447 2600 1547 2671 τὴν
1578 2601 1837 2672 ἀλήθειαν

244 2679 581 2751 διασαφῆσαι
605 2685 667 2737 τὸ
690 2689 789 2755 τῆς
813 2687 1028 2756 φύσεως
1052 2688 1240 2761 ἄρρεν,
1270 2692 1364 2743 καὶ
1390 2691 1546 2763 θυμῷ
1568 2695 1835 2767 τετολμη-

245 2771 368 2824 κότι
420 2774 519 2844 τὴν
570 2776 1113 2850 καθυποκρινομένην
1163 2783 1366 2858 ἐσθῆτα
1396 2788 1636 2842 λύσασαν
1667 2790 1837 2855 δεῖξαι

246 2865 406 2928 πᾶσι,
440 2866 604 2935 ῥῆξαί
630 2886 687 2922 τε
714 2872 900 2943 φωνην
938 2874 1382 2945 δεινοπαθοῦσαν,
1404 2883 1469 2935 εἴ
1497 2900 1642 2957 τινες
1670 2886 1840 2952 ἀναγ-

246 2955 478 3019 κάζουσι
524 2966 791 3016 συνοικεῖν
820 2966 976 3037 ἀνδρὶ
1010 2970 1102 3022 τὸν
1142 2971 1332 3043 ἄνδρα.
1368 2955 1533 3046 [1148
1565 2976 1655 3048 IL]
1694 2979 1839 3032 [Ida-

244 3063 357 3101 των
398 3050 455 3103 δὲ
495 3055 956 3125 καταπλαγέντων
1016 3062 1112 3115 καὶ
1169 3068 1319 3136 φωνῇ
1368 3069 1725 3141 θαυμαζούσῃ
1782 3070 1840 3123 τὸ

244 3142 550 3212 παράδοξον
578 3150 1121 3222 ὲπισημαινομένων,
1150 3157 1247 3227 τὴν
1278 3159 1378 3228 μὲν
1413 3160 1640 3229 Ἠραῖδα
1672 3163 1839 3231 φασὶν

245 3235 729 3309 ἀποκαλυφθείσης
775 3242 873 3313 τῆς
918 3245 1184 3316 αἰσχύνης
1228 3252 1716 3320 μεταμφιάσασθαι
1744 3255 1834 3308 τὸν

245 3330 556 3388 γυναικεῖον
610 3330 816 3401 κόσμον
868 3336 949 3396 εἰς
1007 3338 1294 3391 νεανίσκου
1330 3341 1591 3407 διάθεσιν,
1625 3343 1751 3408 τοὺς
1780 3345 1836 3397 δὲ

246 3419 913 3493 ἰατροῦςςὲπιδειχθέντων
935 3426 1062 3498 [617
1092 3428 1183 3501 ΙΙ.]
1210 3433 1394 3495 αὐτοῖς
1421 3432 1531 3487 τῶν
1558 3436 1835 3504 φανέντων

243 3510 449 3577 γνῶναι
488 3514 568 3567 ὅτι
618 3518 1035 3588 κατεκέκρυπτο
1055 3522 1100 3553 ⁶³
1137 3522 1298 3591 φύσις
1346 3526 1577 3596 ἄρρενος
1620 3530 1677 3580 ὲν
1709 3529 1833 3598 ᾠει-

241 3601 381 3653 δεῖ⁶δ
407 3608 559 3675 τόπῳ
592 3606 806 3675 φύσεως
841 3610 1083 3681 θηλείας,
1115 3618 1206 3667 καὶ
1252 3617 1523 3689 δέρματος
1554 3621 1832 3693 περιειλη-

243 3694 407 3762 φότος
435 3698 586 3768 παρά
617 3700 678 3752 τὸ
714 3703 941 3773 σύνηθες
970 3707 1068 3775 τὴν
1116 3707 1276 3776 φύσιν
1318 3709 1611 3782 σύντρησις
1642 3713 1831 3783 ἐγεγέ-

1860 3301 1907 3356 C

1941 2323 2154 2377 virilem
2187 2338 2376 2379 sexum
2418 2324 2544 2392 tegi,
2575 2333 2633 2377 et
2668 2322 2985 2393 pelliculam
3014 2337 3134 2390 qna:
3184 2332 3350 2376 testes
3375 2330 3527 2392 tege-

1943 2423 2046 2478 ret,
2099 2431 2242 2469 novo
2290 2430 2443 2469 more
2492 2416 2733 2483 perviam
2768 2413 2969 2467 factam
3011 2428 3167 2476 esse,
3214 2428 3323 2480 quo
3366 2415 3523 2468 retri-

1944 2517 2123 2562 menta
2159 2515 2366 2561 natura:
2397 2508 2731 2570 transirent;
2761 2519 2932 2574 quare
2961 2513 3234 2573 patentem
3266 2505 3418 2558 illum
3446 2504 3526 2558 lo-

1943 2614 2067 2653 cum
2107 2598 2411 2663 obducere,
2460 2608 2516 2652 et
2564 2596 2846 2662 claudere,
2899 2595 3218 2664 virilemque
3272 2606 3525 2650 naturam

1943 2702 2247 2761 promptam
2292 2690 2525 2745 reddere
2564 2689 2741 2744 coacti
2780 2697 2929 2753 sunt,
2966 2688 3223 2744 omnibus
3268 2688 3526 2743 adhibitis

1944 2780 2380 2836 medicamentis.
2414 2779 2610 2834 Herais
2629 2794 2761 2834 vero
2786 2779 2977 2833 induto
2999 2778 3217 2832 nomine
3239 2778 3525 2845 Dioplianti

1941 2877 2251 2945 conscripta
2291 2882 2377 2929 est
2409 2874 2551 2928 inter
2590 2874 2826 2942 equites,
2862 2880 2918 2926 et
2962 2870 3218 2925 militaris
3254 2888 3358 2925 una
3402 2888 3523 2925 cum

1945 2984 2072 3037 rege
2105 2968 2255 3022 Abas
2299 2967 2548 3023 secessit.
2581 2966 2736 3021 Tunc
2768 2980 2897 3021 vero
2925 2964 3204 3020 oraculum
3248 2967 3391 3034 quod
3428 2979 3530 3019 an-

1943 3069 2026 3111 tea
2079 3058 2356 3112 occultmn
2412 3055 2544 3121 fuit,
2599 3070 2788 3109 verum
2836 3054 3005 3110 fuisse
3057 3056 3329 3124 apparuit.
3392 3053 3527 3109 Nam

1939 3147 2086 3200 Abas
2123 3160 2247 3199 cum
2280 3162 2377 3200 rex
2410 3146 2767 3213 confugisset,
2818 3144 3022 3200 ibidem
3058 3145 3223 3199 etiam
3276 3144 3528 3199 biformis

1943 3240 2282 3308 Diopliantus
2304 3239 2424 3294 fuit.
2463 3243 2534 3293 At
2564 3238 3009 3307 Samiadesquod
3039 3238 3211 3291 amori
3241 3238 3530 3307 primoque

1947 3332 2293 3386 matrimonio
2342 3332 2640 3393 serviisset,
2693 3330 2917 3399 pudore,
2946 3338 3002 3383 et
3034 3339 3227 3385 contra
3272 3338 3527 3384 naturam

1941 3424 2137 3495 378i:
2174 3424 2377 3494 nuptiis
2428 3422 2578 3477 initis
2599 3421 2910 3483 alIlictatus,
2966 3421 3528 3491 Diopltantumbaarea

1939 3522 2062 3573 dem
2109 3519 2375 3573 bonorum
2422 3531 2644 3573 suorum
2687 3515 2932 3585 scripsit,
2981 3525 3037 3571 et
3075 3516 3177 3570 sibi
3211 3516 3308 3585 ipsi
3358 3516 3525 3571 vitam

1936 3614 2159 3683 eripuit.
2206 3612 2338 3668 Vide
2366 3609 2640 3680 quomodo
2680 3608 2886 3665 femina
2938 3610 3150 3665 virilem
3204 3610 3447 3665 animum
3473 3624 3530 3664 et

1933 3710 2215 3764 audaciam
2260 3718 2521 3771 assumat,
2553 3715 2609 3760 et
2667 3705 2745 3757 vir
2796 3703 2995 3758 femina
3042 3703 3136 3758 fiat
3188 3703 3527 3760 imbecillior.

242 3808 373 3861 νητο
389 3794 455 3859 ⁵³,
494 3796 560 3848 δι’
583 3789 659 3850 ὧν
687 3800 1008 3863 ὲξωδεύοντο
1034 3804 1101 3857 τὰ
1140 3806 1532 3877 περιττώματα
1556 3827 1567 3840 ·
1616 3812 1805 3881 διόπερ
1843 3812 1933 3865 τον
1970 3804 2558 3879 προσεσυριγγωμένυν
2610 3804 2773 3856 τόπον
2804 3801 3150 3866 ἑλκώσαντας
3225 3802 3335 3856 δεῖν
3396 3818 3531 3855 κατ’*

241 3890 515 3956 ουλῶσαι,
545 3894 641 3965 τὴν
673 3896 727 3949 δὲ
767 3897 961 3969 ἀνδρὸς
1000 3900 1162 3969 φύσιν
1191 3902 1460 3974 εῠκοσμον
1494 3907 1828 3975 ποιήσαντας
1869 3911 1964 3963 σὺν
1995 3904 2315 3975 ἐνδεχομένη
2369 3901 2516 3966 δόξαι
2553 3899 2917 3970 κεγρῆσθαι⁶⁶
2950 3899 3238 3971 θεραπεια.
3307 3900 3419 3972 Τὴν
3482 3898 3529 3952 δ’

254 3985 481 4057 ’ῐΙραῖδα
523 3996 1017 4063 μετονομασθεῖσαν
1050 3999 1342 4068 Διόφαντον
1376 4002 1456 4064 εἰς
1517 4001 1643 4065 τοὺς
1712 4003 1893 4067 ἱππεῖς
1936 4000 2357 4070 καταλεχθῆναι.
2402 3997 2498 4050 καὶ
2539 3996 2637 4048 σὺν
2685 3997 2760 4064 τῷ
2811 3995 3024 4066 βασιλεῖ
3072 3998 3530 4067 παραταξάμενοι

239 4082 319 4144 εἰς
347 4081 449 4145 τὰς
486 4083 655 4145 Ἀϐας
689 4091 1161 4160 συναναχωρῆσαι.
1196 4092 1284 4144 Διὸ
1312 4093 1525 4147 καὶτὸν
1551 4094 1814 4165 πρότερον
1868 4096 2230 4164 ἀγνοούμενον
2273 4089 2521 4162 χρησμὸν
2568 4088 2689 4140 τότε
2759 4086 3065 4156 γνωσθῆναι
3110 4091 3368 4155 φανέντος
3430 4094 3527 4144 τοῦ

240 4176 507 4249 βασιλέως
538 4178 595 4229 ὲν
621 4179 741 4240 ταῖς
806 4180 1027 4245 Ἀϐαις,
1096 4183 1218 4236 καθ’
1243 4185 1302 4236 ὃν
1350 4185 1513 4239 τόπον
1566 4186 1595 4237 ὁ
1637 4186 1898 4257 δίμορφος
1938 4184 2307 4255 ἐγεγένητοδτ.
2341 4182 2448 4235 Τὸν
2491 4180 2549 4234 δὲ
2580 4179 2859 4250 Σαμιάδην
2905 4178 3177 4247 λέγουσιν,
3224 4180 3387 4251 ἔρωτι
3434 4192 3528 4238 και

236 4278 302 4344 τῇ
356 4275 805 4345 προγεγενημένῃ
854 4276 1112 4347 συνηθείᾳ
1145 4278 1557 4349 δεδουλωμένον,
1585 4282 1815 4354 αἰσχύνῃ
1854 4301 1913 4336 τε
1942 4281 2035 4334 τοῦ
2071 4283 2223 4352 παρά
2272 4281 2431 4350 φύσιν
2462 4278 2641 4347 γάμου
2676 4278 3063 4347 συνεχόμενον,
3100 4276 3200 4343 τῆς
3271 4276 3372 4345 μὲν
3434 4280 3528 4330 ού·-

240 4365 361 4429 σίας
408 4368 499 4420 τὸν
545 4372 837 4439 Διόφαντον
885 4371 1159 4436 ἀναδεῖξαι
1186 4372 1422 4446 διαθήκῃ
1451 4374 1805 4446 κληρονόμον,
1844 4376 2038 4428 ἑαυτὸν
2069 4375 2126 4427 δὲ
2156 4373 2249 4427 τοῦ
2272 4374 2369 4444 ζῇν
2421 4370 2783 4443 μεταστῆσαι,
2815 4369 2957 4423 ὥστε
2977 4369 3069 4440 τὴν
3138 4369 3238 4438 μὲν
3294 4372 3526 4435 γυναῖκα

237 4463 613 4533 γεγενημένην
658 4463 850 4534 ἀνδρὸς
898 4463 1187 4517 ἀναλαϐεῖν
1243 4465 1400 4531 δόξαν
1462 4469 1556 4520 καὶ
1622 4468 1826 4538 τόλμαν
1846 4469 1911 4532 ⁸⁸,
1952 4468 2042 4522 τὸν
2082 4469 2126 4520 δ’
2166 4466 2335 4537 ἄνδρα
2372 4465 2688 4534 γυναικείας
2726 4463 2904 4535 ψυχῆς
2941 4462 3329 4533 ἀσθενέστερον
3366 4467 3522 4532 γενέ-

238 4554 362 4609 σθαί
373 4598 388 4612 .

311 4647 680 4717 Παραπλησία
723 4649 779 4701 δὲ
838 4648 1010 4721 ταύτῃ
1060 4652 1124 4720 τῇ
1177 4650 1415 4703 διαθέσει
1472 4652 1830 4723 συνετελέσθη

2011 4646 2199 4701 Simile
2242 4644 2410 4714 priori
2469 4644 2847 4711 triginta‘post
2890 4656 3063 4698 annos
3123 4643 3181 4698 in
3238 4643 3518 4714 Epidauro

236 4742 562 4812 περιπέτεια
591 4740 884 4810 τριάκοντα
906 4742 1083 4793 ἔτεσιν
1116 4739 1342 4810 ὕστερον
1370 4745 1425 4795 ἐν
1449 4746 1513 4813 τῇ
1544 4743 1692 4795 πόλει
1715 4744 1824 4796 τῶν

1940 4740 2241 4810 prodigium
2285 4736 2534 4805 contigit.
2574 4735 2736 4788 Kallo
2780 4734 3027 4801 quaedam
3063 4736 3168 4789 fuit
3218 4735 3513 4807 Epidauria

250 4828 744 4903 Ἐπιδαυρίων.ἾΙν
771 4833 878 4902 γάρ
910 4851 994 4895 τις
1030 4834 1371 4904 Ἐπιδαυρία,
1404 4835 1540 4904 κόρη
1566 4836 1662 4905 μὲν
1685 4831 1823 4888 εἶναι

1940 4830 2249 4899 parentibus
2278 4828 2488 4887 orbata,
2536 4843 2654 4892 quae
2679 4826 2852 4892 puella
2892 4840 3014 4881 esse
3052 4827 3357 4883 videbatur.
3411 4831 3517 4885 lla-

234 4924 490 4986 δοκοῦσα,
526 4923 729 4989 γονέων
758 4923 813 4975 δὲ
843 4924 1075 4993 ὀρφανὴ,
1110 4924 1358 4976 Καλλῶ⁸⁹
1383 4924 1427 4978 δ’
1454 4926 1643 4995 ὄνομα.
1673 4925 1821 4995 Αὕτη

1940 4924 2091 4977 pellat
2116 4921 2261 4975 enim
2286 4934 2349 4973 ea
2378 4934 2497 4985 qua:
2528 4918 2744 4970 feminis
2772 4928 2962 4972 natura
2995 4924 3290 4987 concessit,
3320 4938 3513 4978 verum

164 5042 175 5053 -
234 5014 325 5066 τὸν
358 5013 451 5065 ἐπὶ
471 5011 571 5080 τῆς
605 5009 820 5080 φύσεως
857 5011 1309 5080 ἀποδεδειγμένον
1338 5015 1458 5075 ταῖς
1488 5012 1704 5080 γυναιξὶ
1727 5012 1824 5063 πό-

236 5123 329 5178 ρον
361 5105 596 5173 ἄτρητον
626 5100 774 5172 εἶχεν
798 5142 811 5163 ,
842 5102 993 5173 παρά
1014 5102 1059 5132 ⁷⁰
1091 5101 1148 5154 δὲ
1185 5103 1276 5155 τὸν
1307 5103 1637 5173 καλούμενον
1656 5105 1697 5134 ⁷¹
1730 5120 1824 5155 συ-

235 5196 601 5269 ριγγωθὲντος
619 5196 662 5226 ⁷³
681 5198 744 5247 ὲκ
763 5195 990 5262 γενετῆς
1010 5193 1108 5255 τὰς
1134 5195 1490 5264 περιττώσεις
1512 5196 1619 5249 τῶν
1644 5196 1826 5266 ὑγρῶν

234 5290 535 5357 ὲξέκρινεν.
568 5290 662 5351 Εἰς
690 5287 747 5340 δὲ
774 5286 873 5357 τὴν
916 5283 1103 5358 ἀκμὴν
1134 5288 1230 5356 τῆς
1265 5287 1481 5358 ἡλικίας
1522 5304 1826 5357 παραγενο-

237 5386 373 5454 μένη
426 5381 735 5453 συνῳκίσθη
786 5381 893 5434 τινὶ
938 5381 1047 5436 τῶν
1098 5379 1354 5434 πολιτῶν.
1393 5382 1552 5451 Διετῆ
1586 5381 1684 5450 μὲν
1733 5379 1828 5433 οὖν

233 5477 427 5547 χρόνον
454 5476 745 5531 συνεϐίωσε
769 5474 975 5547 τάνδρὶ,
1004 5475 1103 5545 τὴν
1140 5474 1238 5544 μὲν
1262 5474 1579 5543 γυναικείαν
1600 5474 1823 5527 ἐπιπλο-

1932 5032 2036 5069 ιιυιι
2064 5013 2247 5084 pervia
2277 5011 2433 5081 juxta
2489 5010 2637 5064 hunc
2676 5010 2877 5075 locum,
2904 5011 3004 5065 alia
3036 5012 3123 5067 via
3156 5030 3184 5066 a
3230 5015 3516 5073 nativitato

1926 5117 2270 5163 excrementa
2304 5116 2511 5157 natnrzc
2554 5106 3022 5159 transmittebant.
3057 5106 3135 5159 Ad
3160 5116 3375 5163 aztatcm
3415 5126 3514 5163 nu-

1928 5196 2090 5251 bilem
2118 5196 2205 5249 ubi
2241 5194 2605 5264 pervenisset,
2634 5195 2815 5261 nupsit
2841 5195 3060 5249 cuidam
3095 5196 3225 5260 civi,
3262 5198 3514 5269 duosque

1929 5302 2100 5341 annos
2131 5287 2184 5340 in
2219 5287 2567 5340 matrimonio
2601 5302 2725 5340 cum
2764 5287 2882 5342 viro
2913 5289 3114 5361 exegit.
3145 5288 3253 5345 Sed
3281 5291 3512 5357 conjun-

1933 5382 2168 5435 ctionem
2204 5378 2421 5435 feminis
2452 5380 2709 5434 usitatam
2734 5396 2839 5433 non
2869 5364 3181 5447 admittens,
3212 5382 3509 5449 inversam,

1932 5485 1987 5527 et
2036 5481 2228 5528 contra
2282 5483 2533 5528 naturam
2594 5473 2867 5528 sustinere
2910 5473 3113 5529 debuit.
3162 5473 3292 5530 Post
3327 5485 3511 5530 autem

1512 5607 1747 5663 VARIAE
1792 5607 2203 5665 LECTIONES.

328 5706 373 5737 ”
412 5702 505 5757 ὑπ’
535 5702 704 5774 ἄνδρα
774 5703 1063 5771 φυλάττειν
1104 5704 1170 5756 Α.

237 5777 281 5808 “
306 5776 545 5846 δραματι
712 5774 756 5806 ⁸⁸
789 5776 1210 5846 κατακέκρυπτο
1243 5773 1302 5846 B_.

239 5847 285 5879 “
303 5842 539 5917 χρᾖθαι
565 5844 714 5909 δόξαι
738 5862 798 5909 ς.
846 5842 1258 5917 ξδ’-ἐγεγέννητο
1274 5843 1356 5917 B._
1413 5844 1471 5917 °8_
1484 5842 1690 5914 τόλμαν
1717 5844 1810 5917 καὶ
1836 5842 1994 5917 δόξαν
2028 5842 2090 5896 Β.

240 5912 480 5970 ηἶίαὶού
492 5932 649 5969 μενον
677 5918 742 5979 Α,
772 5913 1107 5984 καλούμενον
1130 5912 1295 5968 κτένα
1324 5912 1656 5986 Stephanus,
1696 5912 2035 5986 καλούμενον
2070 5912 2239 5968 τόπον
2274 5930 2334 5967 ς’.

612 6007 884 6068 ΡΑτιιυι.
934 6010 1051 6067 GR.
1097 6005 1259 6070 Clll.

1274 5703 1320 5735 ⁶⁰
1362 5701 1819 5766 καταδεδοξάσθαι
1869 5702 1930 5765 Β,
1982 5702 2344 5766 κατεδόξαστο
2376 5717 2520 5755 corr.
2559 5702 2624 5764 A,
2658 5703 3046 5768 κατεδοξάσθαι
3074 5719 3135 5766 ς.

1403 5773 1447 5803 ⁵⁸
1473 5772 1673 5844 ᾠειδεῖ]
1700 5772 1938 5844 ὁμοειδεῖ
1968 5773 2056 5844 A._
2068 5772 2299 5844 fortasse
2317 5771 2524 5844 μῶειδεῖ.

3233 5700 3274 5730 ⁶¹
3292 5699 3423 5769 φησί
3450 5699 3509 5762 Β,

2629 5775 2674 5805 ⁵⁵
2724 5773 3013 5845 σύντρησίς
3042 5790 3125 5833 τις
3144 5769 3414 5845 Δγεγένητο
3448 5770 3509 5825 Β.

2168 5842 2212 5874 ⁶⁹
2242 5842 2394 5895 καλὼ
2416 5843 2474 5898 Β.
2545 5844 2587 5873 ⁷⁰
2622 5845 2769 5914 παρά
2799 5840 2997 5897 δὲἰςὶιε
3029 5841 3156 5911 παρ’
3189 5840 3349 5894 αὑτὸν
3364 5840 3420 5894 δὲ
3446 5857 3510 5913 ς.

2425 5914 2469 5945 ⁷²
2506 5914 2916 5985 συριγγωθέντα
2948 5916 3009 5968 Β.

3036 6005 3113 6074 Ιώ
