  <div class='ocr_page' id='page_1' title='image "/cluster/home/n/w/nwhite01/storage/ocr_20150623/103/hvd.32044018872861/699.png"; bbox 0 0 4050 6450; ppageno 0'>
   <div class='ocr_carea' id='block_1_1' title="bbox 521 382 2129 483">
    <p class='ocr_par' dir='ltr' id='par_1_1' title="bbox 521 407 2129 483">
     <span class='ocr_line' id='line_1_1' title="bbox 521 407 2129 483; baseline -0.011 0"><span class='ocrx_word' id='word_1_1' title='bbox 521 419 653 483; x_wconf 82' lang='grc'><strong>1387</strong></span> <span class='ocrx_word' id='word_1_2' title='bbox 1719 408 1981 470; x_wconf 85' lang='grc' dir='ltr'><strong>ΡΗΟΤΙΙ</strong></span> <span class='ocrx_word' id='word_1_3' title='bbox 2012 407 2129 468; x_wconf 83' lang='grc' dir='ltr'><strong>ΡΑἾ</strong></span> 
     </span>
    </p>
   </div>
   <div class='ocr_carea' id='block_1_2' title="bbox 2233 382 3815 483">
    <p class='ocr_par' dir='ltr' id='par_1_2' title="bbox 2233 382 3815 465">
     <span class='ocr_line' id='line_1_2' title="bbox 2233 382 3815 465; baseline -0.013 -1"><span class='ocrx_word' id='word_1_4' title='bbox 2233 403 2517 465; x_wconf 57' lang='grc' dir='ltr'><strong>ΪΑΒΟΠΆΕ</strong></span> <span class='ocrx_word' id='word_1_5' title='bbox 2555 402 2658 462; x_wconf 76' lang='grc' dir='ltr'><strong>(ΖΡ.</strong></span> <span class='ocrx_word' id='word_1_6' title='bbox 3661 382 3815 449; x_wconf 67' lang='lat'><strong>1388</strong></span> 
     </span>
    </p>
   </div>
   <div class='ocr_carea' id='block_1_3' title="bbox 522 496 2129 595">
    <p class='ocr_par' dir='ltr' id='par_1_3' title="bbox 522 521 2129 595">
     <span class='ocr_line' id='line_1_3' title="bbox 522 521 2129 595; baseline -0.009 -7"><span class='ocrx_word' id='word_1_7' title='bbox 522 535 708 590; x_wconf 85' lang='lat' dir='ltr'><strong>multis</strong></span> <span class='ocrx_word' id='word_1_8' title='bbox 741 529 1021 588; x_wconf 79' lang='lat' dir='ltr'><strong>doloribus</strong></span> <span class='ocrx_word' id='word_1_9' title='bbox 1052 526 1197 582; x_wconf 89' lang='lat' dir='ltr'><strong>circa</strong></span> <span class='ocrx_word' id='word_1_10' title='bbox 1233 533 1446 581; x_wconf 86' lang='lat' dir='ltr'><strong>uterum</strong></span> <span class='ocrx_word' id='word_1_11' title='bbox 1479 524 1678 595; x_wconf 83' lang='lat' dir='ltr'><strong>ingens</strong></span> <span class='ocrx_word' id='word_1_12' title='bbox 1707 523 1880 577; x_wconf 89' lang='lat' dir='ltr'><strong>oritur</strong></span> <span class='ocrx_word' id='word_1_13' title='bbox 1917 521 2092 585; x_wconf 87' lang='lat' dir='ltr'><strong>tuber,</strong></span> <span class='ocrx_word' id='word_1_14' title='bbox 2127 578 2129 585; x_wconf 22' lang='lat'><strong>,</strong></span> 
     </span>
    </p>
   </div>
   <div class='ocr_carea' id='block_1_4' title="bbox 2233 496 3813 595">
    <p class='ocr_par' dir='ltr' id='par_1_4' title="bbox 2238 496 3813 590">
     <span class='ocr_line' id='line_1_4' title="bbox 2238 496 3813 590; baseline -0.019 -18"><span class='ocrx_word' id='word_1_15' title='bbox 2238 519 2302 590; x_wconf 79' lang='lat' dir='ltr'><strong>&quot;qv</strong></span> <span class='ocrx_word' id='word_1_16' title='bbox 2354 517 2454 569; x_wconf 80' lang='grc' dir='ltr'>οὐκ</span> <span class='ocrx_word' id='word_1_17' title='bbox 2503 508 2887 582; x_wconf 74' lang='grc' dir='ltr'>ἐπιδεχομένη,</span> <span class='ocrx_word' id='word_1_18' title='bbox 2923 504 3020 578; x_wconf 76' lang='grc' dir='ltr'>τὴν</span> <span class='ocrx_word' id='word_1_19' title='bbox 3072 503 3130 558; x_wconf 80' lang='grc' dir='ltr'><strong>δὲ</strong></span> <span class='ocrx_word' id='word_1_20' title='bbox 3181 501 3330 573; x_wconf 80' lang='grc' dir='ltr'><strong>παρά</strong></span> <span class='ocrx_word' id='word_1_21' title='bbox 3368 499 3527 569; x_wconf 70' lang='grc' dir='ltr'>φύσιν</span> <span class='ocrx_word' id='word_1_22' title='bbox 3575 496 3813 564; x_wconf 77' lang='grc' dir='ltr'>ὁμιλίαν</span> 
     </span>
    </p>
   </div>
   <div class='ocr_carea' id='block_1_5' title="bbox 523 588 2129 693">
    <p class='ocr_par' dir='ltr' id='par_1_5' title="bbox 523 613 2101 693">
     <span class='ocr_line' id='line_1_5' title="bbox 523 613 2101 693; baseline -0.01 -12"><span class='ocrx_word' id='word_1_23' title='bbox 523 627 666 693; x_wconf 69' lang='lat' dir='ltr'><strong>quod</strong></span> <span class='ocrx_word' id='word_1_24' title='bbox 697 641 728 678; x_wconf 71' lang='grc' dir='ltr'><strong>ο</strong></span> <span class='ocrx_word' id='word_1_25' title='bbox 761 623 946 678; x_wconf 88' lang='lat' dir='ltr'><strong>multis</strong></span> <span class='ocrx_word' id='word_1_26' title='bbox 999 619 1249 683; x_wconf 88' lang='lat' dir='ltr'><strong>medicis,</strong></span> <span class='ocrx_word' id='word_1_27' title='bbox 1284 619 1378 688; x_wconf 97' lang='lat' dir='ltr'><strong>qui</strong></span> <span class='ocrx_word' id='word_1_28' title='bbox 1406 631 1472 672; x_wconf 91' lang='lat' dir='ltr'><strong>eo</strong></span> <span class='ocrx_word' id='word_1_29' title='bbox 1503 613 1901 676; x_wconf 72' lang='lat' dir='ltr'><strong>conﬂuxerant,</strong></span> <span class='ocrx_word' id='word_1_30' title='bbox 1942 628 2101 668; x_wconf 89' lang='lat' dir='ltr'><strong>nemo</strong></span> 
     </span>
    </p>
   </div>
   <div class='ocr_carea' id='block_1_6' title="bbox 2233 588 3814 693">
    <p class='ocr_par' dir='ltr' id='par_1_6' title="bbox 2233 588 3814 681">
     <span class='ocr_line' id='line_1_6' title="bbox 2233 588 3814 681; baseline -0.017 -16"><span class='ocrx_word' id='word_1_31' title='bbox 2233 588 2497 681; x_wconf 72' lang='grc' dir='ltr'>ιπομὲνειν</span> <span class='ocrx_word' id='word_1_32' title='bbox 2522 601 2962 672; x_wconf 77' lang='grc' dir='ltr'>ἀναγκαζομένη.</span> <span class='ocrx_word' id='word_1_33' title='bbox 2999 597 3154 652; x_wconf 84' lang='grc' dir='ltr'>Μετά</span> <span class='ocrx_word' id='word_1_34' title='bbox 3190 597 3246 649; x_wconf 78' lang='grc' dir='ltr'><strong>δὲ</strong></span> <span class='ocrx_word' id='word_1_35' title='bbox 3275 592 3450 648; x_wconf 77' lang='grc' dir='ltr'>ταῦτα.</span> <span class='ocrx_word' id='word_1_36' title='bbox 3478 588 3814 659; x_wconf 70' lang='grc' dir='ltr'><strong>φλεγμονῆς</strong></span> 
     </span>
    </p>
   </div>
   <div class='ocr_carea' id='block_1_7' title="bbox 525 683 2129 785">
    <p class='ocr_par' dir='ltr' id='par_1_7' title="bbox 525 707 2102 785">
     <span class='ocr_line' id='line_1_7' title="bbox 525 707 2102 785; baseline -0.008 -16"><span class='ocrx_word' id='word_1_37' title='bbox 525 732 720 772; x_wconf 62' lang='lat' dir='ltr'><strong>sanare</strong></span> <span class='ocrx_word' id='word_1_38' title='bbox 753 715 950 785; x_wconf 84' lang='lat' dir='ltr'><strong>potuit.</strong></span> <span class='ocrx_word' id='word_1_39' title='bbox 991 711 1423 781; x_wconf 83' lang='lat' dir='ltr'><strong>Pharmacopola</strong></span> <span class='ocrx_word' id='word_1_40' title='bbox 1454 723 1583 764; x_wconf 89' lang='lat' dir='ltr'><strong>vero</strong></span> <span class='ocrx_word' id='word_1_41' title='bbox 1606 707 1826 776; x_wconf 87' lang='lat' dir='ltr'><strong>quidam</strong></span> <span class='ocrx_word' id='word_1_42' title='bbox 1858 719 1920 760; x_wconf 87' lang='lat' dir='ltr'><strong>se</strong></span> <span class='ocrx_word' id='word_1_43' title='bbox 1945 719 2102 760; x_wconf 84' lang='lat' dir='ltr'><strong>cura-</strong></span> 
     </span>
    </p>
   </div>
   <div class='ocr_carea' id='block_1_8' title="bbox 2233 683 3815 785">
    <p class='ocr_par' dir='ltr' id='par_1_8' title="bbox 2233 683 3815 770">
     <span class='ocr_line' id='line_1_8' title="bbox 2233 683 3815 770; baseline -0.015 -16"><span class='ocrx_word' id='word_1_44' title='bbox 2233 702 2343 770; x_wconf 73' lang='grc' dir='ltr'>ιῦτῇ</span> <span class='ocrx_word' id='word_1_45' title='bbox 2380 697 2663 769; x_wconf 79' lang='grc' dir='ltr'>συμϐάσης</span> <span class='ocrx_word' id='word_1_46' title='bbox 2691 712 2752 747; x_wconf 90' lang='grc' dir='ltr'><strong>πε</strong></span> <span class='ocrx_word' id='word_1_47' title='bbox 2765 695 2817 765; x_wconf 77' lang='lat' dir='ltr'><strong>pi.</strong></span> <span class='ocrx_word' id='word_1_48' title='bbox 2839 692 2930 745; x_wconf 80' lang='grc' dir='ltr'><strong>τὸν</strong></span> <span class='ocrx_word' id='word_1_49' title='bbox 2955 690 3120 743; x_wconf 84' lang='grc' dir='ltr'>κτένα</span> <span class='ocrx_word' id='word_1_50' title='bbox 3149 687 3242 740; x_wconf 73' lang='grc' dir='ltr'><strong>καὶ</strong></span> <span class='ocrx_word' id='word_1_51' title='bbox 3272 685 3458 738; x_wconf 83' lang='grc' dir='ltr'>δεινῶν</span> <span class='ocrx_word' id='word_1_52' title='bbox 3484 683 3815 751; x_wconf 72' lang='grc' dir='ltr'>ἀλγηδόνων</span> 
     </span>
    </p>
   </div>
   <div class='ocr_carea' id='block_1_9' title="bbox 524 775 2129 876">
    <p class='ocr_par' dir='ltr' id='par_1_9' title="bbox 524 797 2102 876">
     <span class='ocr_line' id='line_1_9' title="bbox 524 797 2102 876; baseline -0.006 -16"><span class='ocrx_word' id='word_1_53' title='bbox 524 822 705 862; x_wconf 87' lang='lat' dir='ltr'><strong>turum</strong></span> <span class='ocrx_word' id='word_1_54' title='bbox 753 806 1018 876; x_wconf 90' lang='lat' dir='ltr'><strong>promisit.</strong></span> <span class='ocrx_word' id='word_1_55' title='bbox 1065 804 1163 860; x_wconf 91' lang='lat' dir='ltr'><strong>llic</strong></span> <span class='ocrx_word' id='word_1_56' title='bbox 1209 813 1504 858; x_wconf 90' lang='lat' dir='ltr'><strong>tumentem</strong></span> <span class='ocrx_word' id='word_1_57' title='bbox 1563 799 1713 854; x_wconf 88' lang='lat' dir='ltr'><strong>illum</strong></span> <span class='ocrx_word' id='word_1_58' title='bbox 1754 797 1926 852; x_wconf 91' lang='lat' dir='ltr'><strong>locum</strong></span> <span class='ocrx_word' id='word_1_59' title='bbox 1973 811 2102 864; x_wconf 80' lang='lat' dir='ltr'><strong>ape-</strong></span> 
     </span>
    </p>
   </div>
   <div class='ocr_carea' id='block_1_10' title="bbox 2233 775 3816 876">
    <p class='ocr_par' dir='ltr' id='par_1_10' title="bbox 2238 775 3816 863">
     <span class='ocr_line' id='line_1_10' title="bbox 2238 775 3816 863; baseline -0.015 -15"><span class='ocrx_word' id='word_1_60' title='bbox 2238 793 2608 863; x_wconf 86' lang='grc' dir='ltr'>πιγενομένων</span> <span class='ocrx_word' id='word_1_61' title='bbox 2666 787 2970 857; x_wconf 80' lang='grc' dir='ltr'>συνεκλὴθη</span> <span class='ocrx_word' id='word_1_62' title='bbox 3019 783 3222 855; x_wconf 83' lang='grc' dir='ltr'>πλῆθος</span> <span class='ocrx_word' id='word_1_63' title='bbox 3276 779 3495 851; x_wconf 84' lang='grc' dir='ltr'>ίατρῶν.</span> <span class='ocrx_word' id='word_1_64' title='bbox 3533 778 3645 830; x_wconf 75' lang='grc' dir='ltr'>Καὶ</span> <span class='ocrx_word' id='word_1_65' title='bbox 3691 775 3816 828; x_wconf 79' lang='grc' dir='ltr'><strong>τῶν</strong></span> 
     </span>
    </p>
   </div>
   <div class='ocr_carea' id='block_1_11' title="bbox 527 873 2129 963">
    <p class='ocr_par' dir='ltr' id='par_1_11' title="bbox 527 890 2104 963">
     <span class='ocr_line' id='line_1_11' title="bbox 527 890 2104 963; baseline -0.008 -9"><span class='ocrx_word' id='word_1_66' title='bbox 527 903 694 963; x_wconf 83' lang='lat' dir='ltr'><strong>ricns,</strong></span> <span class='ocrx_word' id='word_1_67' title='bbox 751 898 926 954; x_wconf 78' lang='lat' dir='ltr'><strong>virilia</strong></span> <span class='ocrx_word' id='word_1_68' title='bbox 965 898 1203 952; x_wconf 87' lang='lat' dir='ltr'><strong>membra</strong></span> <span class='ocrx_word' id='word_1_69' title='bbox 1249 905 1305 950; x_wconf 88' lang='lat' dir='ltr'><strong>et</strong></span> <span class='ocrx_word' id='word_1_70' title='bbox 1349 903 1551 957; x_wconf 83' lang='lat' dir='ltr'><strong>testes,</strong></span> <span class='ocrx_word' id='word_1_71' title='bbox 1594 901 1649 946; x_wconf 87' lang='lat' dir='ltr'><strong>et</strong></span> <span class='ocrx_word' id='word_1_72' title='bbox 1684 890 1950 960; x_wconf 80' lang='lat' dir='ltr'><strong>virgulam</strong></span> <span class='ocrx_word' id='word_1_73' title='bbox 1994 903 2104 942; x_wconf 88' lang='lat' dir='ltr'><strong>non</strong></span> 
     </span>
    </p>
   </div>
   <div class='ocr_carea' id='block_1_12' title="bbox 2233 873 3815 963">
    <p class='ocr_par' dir='ltr' id='par_1_12' title="bbox 2233 873 3815 949">
     <span class='ocr_line' id='line_1_12' title="bbox 2233 873 3815 949; baseline -0.014 -9"><span class='ocrx_word' id='word_1_74' title='bbox 2233 888 2308 940; x_wconf 79' lang='grc' dir='ltr'><strong>ιὲν</strong></span> <span class='ocrx_word' id='word_1_75' title='bbox 2346 886 2520 940; x_wconf 80' lang='grc' dir='ltr'>ἄλλων</span> <span class='ocrx_word' id='word_1_76' title='bbox 2550 883 2725 944; x_wconf 64' lang='grc' dir='ltr'>οὐδεὶς</span> <span class='ocrx_word' id='word_1_77' title='bbox 2763 881 3073 949; x_wconf 76' lang='grc' dir='ltr'><strong>ὑπισχνεῖτο</strong></span> <span class='ocrx_word' id='word_1_78' title='bbox 3107 873 3432 946; x_wconf 80' lang='grc' dir='ltr'><strong>θεραπεύειν</strong></span> <span class='ocrx_word' id='word_1_79' title='bbox 3457 911 3473 935; x_wconf 90' lang='grc'><strong>,</strong></span> <span class='ocrx_word' id='word_1_80' title='bbox 3504 883 3815 939; x_wconf 70' lang='grc' dir='ltr'>φαρμάκου</span> 
     </span>
    </p>
   </div>
   <div class='ocr_carea' id='block_1_13' title="bbox 526 957 2129 1061">
    <p class='ocr_par' dir='ltr' id='par_1_13' title="bbox 526 957 2103 1061">
     <span class='ocr_line' id='line_1_13' title="bbox 526 957 2103 1061; baseline -0.007 -16"><span class='ocrx_word' id='word_1_81' title='bbox 526 993 766 1061; x_wconf 80' lang='lat' dir='ltr'><strong>perviam</strong></span> <span class='ocrx_word' id='word_1_82' title='bbox 793 991 918 1044; x_wconf 88' lang='lat' dir='ltr'><strong>inde</strong></span> <span class='ocrx_word' id='word_1_83' title='bbox 944 987 1151 1043; x_wconf 79' lang='lat' dir='ltr'><strong>eduxit.</strong></span> <span class='ocrx_word' id='word_1_84' title='bbox 1191 986 1288 1041; x_wconf 82' lang='lat' dir='ltr'><strong>Rei</strong></span> <span class='ocrx_word' id='word_1_85' title='bbox 1321 986 1561 1040; x_wconf 84' lang='lat' dir='ltr'><strong>novitate</strong></span> <span class='ocrx_word' id='word_1_86' title='bbox 1587 957 2103 1048; x_wconf 39' lang='lat' dir='ltr'><strong>omnes-obstupes-</strong></span> 
     </span>
    </p>
   </div>
   <div class='ocr_carea' id='block_1_14' title="bbox 2233 957 3815 1061">
    <p class='ocr_par' dir='ltr' id='par_1_14' title="bbox 2233 957 3815 1047">
     <span class='ocr_line' id='line_1_14' title="bbox 2233 957 3815 1047; baseline -0.013 -20"><span class='ocrx_word' id='word_1_87' title='bbox 2233 975 2393 1047; x_wconf 68' lang='grc' dir='ltr'>πώλης</span> <span class='ocrx_word' id='word_1_88' title='bbox 2451 974 2508 1026; x_wconf 81' lang='grc' dir='ltr'>δέ</span> <span class='ocrx_word' id='word_1_89' title='bbox 2560 990 2644 1034; x_wconf 86' lang='grc' dir='ltr'><strong>τις</strong></span> <span class='ocrx_word' id='word_1_90' title='bbox 2697 966 3168 1037; x_wconf 80' lang='grc' dir='ltr'>ἐπαγγελλόμενος</span> <span class='ocrx_word' id='word_1_91' title='bbox 3209 962 3457 1030; x_wconf 83' lang='grc' dir='ltr'>ὑγιάσειν</span> <span class='ocrx_word' id='word_1_92' title='bbox 3510 959 3672 1027; x_wconf 77' lang='grc' dir='ltr'>ἔτεμε</span> <span class='ocrx_word' id='word_1_93' title='bbox 3711 957 3815 1008; x_wconf 69' lang='grc' dir='ltr'><strong>τον</strong></span> 
     </span>
    </p>
   </div>
   <div class='ocr_carea' id='block_1_15' title="bbox 525 1049 2129 1150">
    <p class='ocr_par' dir='ltr' id='par_1_15' title="bbox 525 1071 2084 1150">
     <span class='ocr_line' id='line_1_15' title="bbox 525 1071 2084 1150; baseline -0.008 -13"><span class='ocrx_word' id='word_1_94' title='bbox 525 1093 674 1138; x_wconf 84' lang='lat' dir='ltr'><strong>cunt.</strong></span> <span class='ocrx_word' id='word_1_95' title='bbox 705 1080 1130 1150; x_wconf 84' lang='lat' dir='ltr'><strong>Pharmacopola</strong></span> <span class='ocrx_word' id='word_1_96' title='bbox 1169 1089 1282 1133; x_wconf 91' lang='lat' dir='ltr'><strong>tum</strong></span> <span class='ocrx_word' id='word_1_97' title='bbox 1312 1076 1536 1145; x_wconf 86' lang='lat' dir='ltr'><strong>reliquis</strong></span> <span class='ocrx_word' id='word_1_98' title='bbox 1559 1073 1810 1145; x_wconf 90' lang='lat' dir='ltr'><strong>partibus</strong></span> <span class='ocrx_word' id='word_1_99' title='bbox 1835 1071 1978 1126; x_wconf 67' lang='lat' dir='ltr'><strong>laesis</strong></span> <span class='ocrx_word' id='word_1_100' title='bbox 1999 1086 2084 1124; x_wconf 88' lang='lat' dir='ltr'><strong>me</strong></span> 
     </span>
    </p>
   </div>
   <div class='ocr_carea' id='block_1_16' title="bbox 2233 1049 3809 1150">
    <p class='ocr_par' dir='ltr' id='par_1_16' title="bbox 2241 1049 3809 1138">
     <span class='ocr_line' id='line_1_16' title="bbox 2241 1049 3809 1138; baseline -0.014 -17"><span class='ocrx_word' id='word_1_101' title='bbox 2241 1067 2518 1138; x_wconf 80' lang='grc' dir='ltr'>πηρμένον</span> <span class='ocrx_word' id='word_1_102' title='bbox 2548 1066 2714 1116; x_wconf 86' lang='grc' dir='ltr'>τόπον</span> <span class='ocrx_word' id='word_1_103' title='bbox 2734 1101 2749 1124; x_wconf 88' lang='grc'><strong>,</strong></span> <span class='ocrx_word' id='word_1_104' title='bbox 2781 1059 2841 1124; x_wconf 75' lang='grc' dir='ltr'><strong>ἐξ</strong></span> <span class='ocrx_word' id='word_1_105' title='bbox 2871 1052 3044 1128; x_wconf 77' lang='grc' dir='ltr'>οῦπερ</span> <span class='ocrx_word' id='word_1_106' title='bbox 3074 1056 3328 1120; x_wconf 80' lang='grc' dir='ltr'>ἐξέπεσεν</span> <span class='ocrx_word' id='word_1_107' title='bbox 3361 1051 3551 1120; x_wconf 75' lang='grc' dir='ltr'>ἀνδρὸς</span> <span class='ocrx_word' id='word_1_108' title='bbox 3595 1049 3809 1110; x_wconf 71' lang='grc' dir='ltr'>αἰδοῖα,</span> 
     </span>
    </p>
   </div>
   <div class='ocr_carea' id='block_1_17' title="bbox 524 1140 2129 1242">
    <p class='ocr_par' dir='ltr' id='par_1_17' title="bbox 524 1140 2106 1242">
     <span class='ocr_line' id='line_1_17' title="bbox 524 1140 2106 1242; baseline -0.011 -10"><span class='ocrx_word' id='word_1_109' title='bbox 524 1179 737 1232; x_wconf 88' lang='lat' dir='ltr'><strong>dicatus</strong></span> <span class='ocrx_word' id='word_1_110' title='bbox 765 1184 868 1231; x_wconf 87' lang='lat' dir='ltr'><strong>est.</strong></span> <span class='ocrx_word' id='word_1_111' title='bbox 893 1175 1074 1242; x_wconf 85' lang='lat' dir='ltr'><strong>Primo</strong></span> <span class='ocrx_word' id='word_1_112' title='bbox 1092 1173 1310 1242; x_wconf 82' lang='lat' dir='ltr'><strong>quidem</strong></span> <span class='ocrx_word' id='word_1_113' title='bbox 1343 1140 1710 1224; x_wconf 39' lang='lat' dir='ltr'><strong>sutumit—atem</strong></span> <span class='ocrx_word' id='word_1_114' title='bbox 1733 1164 2106 1236; x_wconf 89' lang='lat' dir='ltr'><strong>pudendorum</strong></span> 
     </span>
    </p>
   </div>
   <div class='ocr_carea' id='block_1_18' title="bbox 2233 1140 3813 1242">
    <p class='ocr_par' dir='ltr' id='par_1_18' title="bbox 2233 1140 3813 1228">
     <span class='ocr_line' id='line_1_18' title="bbox 2233 1140 3813 1228; baseline -0.014 -17"><span class='ocrx_word' id='word_1_115' title='bbox 2233 1158 2417 1228; x_wconf 81' lang='grc' dir='ltr'>ῖίδυμοι</span> <span class='ocrx_word' id='word_1_116' title='bbox 2451 1156 2546 1220; x_wconf 79' lang='grc' dir='ltr'><strong>καὶ</strong></span> <span class='ocrx_word' id='word_1_117' title='bbox 2575 1153 2767 1216; x_wconf 74' lang='grc' dir='ltr'>καυλὸς</span> <span class='ocrx_word' id='word_1_118' title='bbox 2795 1152 3049 1220; x_wconf 81' lang='grc' dir='ltr'>ἀτρητος.</span> <span class='ocrx_word' id='word_1_119' title='bbox 3083 1146 3304 1200; x_wconf 82' lang='grc' dir='ltr'><strong>Πάντων</strong></span> <span class='ocrx_word' id='word_1_120' title='bbox 3327 1144 3384 1196; x_wconf 82' lang='grc' dir='ltr'><strong>δὲ</strong></span> <span class='ocrx_word' id='word_1_121' title='bbox 3406 1143 3467 1196; x_wconf 78' lang='grc' dir='ltr'><strong>τὸ</strong></span> <span class='ocrx_word' id='word_1_122' title='bbox 3489 1140 3813 1210; x_wconf 74' lang='grc' dir='ltr'>παράδοξον</span> 
     </span>
    </p>
   </div>
   <div class='ocr_carea' id='block_1_19' title="bbox 526 1232 2129 1341">
    <p class='ocr_par' dir='ltr' id='par_1_19' title="bbox 526 1253 2104 1341">
     <span class='ocr_line' id='line_1_19' title="bbox 526 1253 2104 1341; baseline -0.01 -19"><span class='ocrx_word' id='word_1_123' title='bbox 526 1283 718 1337; x_wconf 86' lang='lat' dir='ltr'><strong>parum</strong></span> <span class='ocrx_word' id='word_1_124' title='bbox 761 1280 976 1341; x_wconf 58' lang='lat' dir='ltr'><strong>secans,</strong></span> <span class='ocrx_word' id='word_1_125' title='bbox 1008 1262 1260 1332; x_wconf 80' lang='lat' dir='ltr'><strong>perduxit</strong></span> <span class='ocrx_word' id='word_1_126' title='bbox 1309 1275 1482 1328; x_wconf 80' lang='lat' dir='ltr'><strong>usque</strong></span> <span class='ocrx_word' id='word_1_127' title='bbox 1515 1259 1582 1312; x_wconf 91' lang='lat' dir='ltr'><strong>ad</strong></span> <span class='ocrx_word' id='word_1_128' title='bbox 1635 1257 1851 1320; x_wconf 87' lang='lat' dir='ltr'><strong>initium</strong></span> <span class='ocrx_word' id='word_1_129' title='bbox 1885 1253 2104 1318; x_wconf 68' lang='lat' dir='ltr'><strong>vesicas,</strong></span> 
     </span>
    </p>
   </div>
   <div class='ocr_carea' id='block_1_20' title="bbox 2233 1232 3814 1341">
    <p class='ocr_par' dir='ltr' id='par_1_20' title="bbox 2233 1232 3814 1316">
     <span class='ocr_line' id='line_1_20' title="bbox 2233 1232 3814 1316; baseline -0.014 -12"><span class='ocrx_word' id='word_1_130' title='bbox 2233 1248 2693 1316; x_wconf 83' lang='grc' dir='ltr'>ιαταπλαγέντων,</span> <span class='ocrx_word' id='word_1_131' title='bbox 2717 1248 2744 1298; x_wconf 92' lang='grc' dir='ltr'>ὁ</span> <span class='ocrx_word' id='word_1_132' title='bbox 2778 1235 3456 1314; x_wconf 77' lang='grc' dir='ltr'>φαρμακοπώλης”ὲ6οήθει</span> <span class='ocrx_word' id='word_1_133' title='bbox 3483 1236 3592 1296; x_wconf 83' lang='grc' dir='ltr'>τοῖς</span> <span class='ocrx_word' id='word_1_134' title='bbox 3622 1232 3814 1284; x_wconf 83' lang='grc' dir='ltr'>λειπο-</span> 
     </span>
    </p>
   </div>
   <div class='ocr_carea' id='block_1_21' title="bbox 527 1322 2129 1420">
    <p class='ocr_par' dir='ltr' id='par_1_21' title="bbox 527 1335 2106 1420">
     <span class='ocr_line' id='line_1_21' title="bbox 527 1335 2106 1420; baseline -0.011 -7"><span class='ocrx_word' id='word_1_135' title='bbox 527 1370 583 1415; x_wconf 88' lang='lat' dir='ltr'><strong>ct</strong></span> <span class='ocrx_word' id='word_1_136' title='bbox 631 1358 867 1412; x_wconf 85' lang='lat' dir='ltr'><strong>fistulam</strong></span> <span class='ocrx_word' id='word_1_137' title='bbox 918 1335 1148 1409; x_wconf 73' lang='lat' dir='ltr'><strong>inseruit</strong></span> <span class='ocrx_word' id='word_1_138' title='bbox 1205 1362 1549 1420; x_wconf 77' lang='lat' dir='ltr'><strong>argenteam,</strong></span> <span class='ocrx_word' id='word_1_139' title='bbox 1597 1363 1701 1418; x_wconf 89' lang='lat' dir='ltr'><strong>qua</strong></span> <span class='ocrx_word' id='word_1_140' title='bbox 1753 1353 2106 1402; x_wconf 79' lang='lat' dir='ltr'><strong>excrementa</strong></span> 
     </span>
    </p>
   </div>
   <div class='ocr_carea' id='block_1_22' title="bbox 2233 1322 3811 1420">
    <p class='ocr_par' dir='ltr' id='par_1_22' title="bbox 2233 1322 3811 1413">
     <span class='ocr_line' id='line_1_22' title="bbox 2233 1322 3811 1413; baseline -0.014 -16"><span class='ocrx_word' id='word_1_141' title='bbox 2233 1344 2394 1406; x_wconf 86' lang='grc' dir='ltr'>ιένοις</span> <span class='ocrx_word' id='word_1_142' title='bbox 2427 1343 2614 1413; x_wconf 83' lang='grc' dir='ltr'><strong>μέρεσι</strong></span> <span class='ocrx_word' id='word_1_143' title='bbox 2643 1340 2742 1410; x_wconf 83' lang='grc' dir='ltr'>τῆς</span> <span class='ocrx_word' id='word_1_144' title='bbox 2773 1335 3099 1407; x_wconf 83' lang='grc' dir='ltr'>πηρώσεως.</span> <span class='ocrx_word' id='word_1_145' title='bbox 3135 1332 3210 1383; x_wconf 87' lang='grc' dir='ltr'>Τὸ</span> <span class='ocrx_word' id='word_1_146' title='bbox 3243 1330 3342 1400; x_wconf 83' lang='grc' dir='ltr'>μὲν</span> <span class='ocrx_word' id='word_1_147' title='bbox 3370 1322 3461 1380; x_wconf 76' lang='grc' dir='ltr'><strong>οὖν</strong></span> <span class='ocrx_word' id='word_1_148' title='bbox 3494 1327 3717 1398; x_wconf 81' lang='grc' dir='ltr'>πρῶτον</span> <span class='ocrx_word' id='word_1_149' title='bbox 3744 1324 3811 1376; x_wconf 77' lang='grc' dir='ltr'>τὸ</span> 
     </span>
    </p>
   </div>
   <div class='ocr_carea' id='block_1_23' title="bbox 526 1418 2129 1523">
    <p class='ocr_par' dir='ltr' id='par_1_23' title="bbox 526 1435 2105 1523">
     <span class='ocr_line' id='line_1_23' title="bbox 526 1435 2105 1523; baseline -0.013 -16"><span class='ocrx_word' id='word_1_150' title='bbox 526 1452 946 1523; x_wconf 85' lang='lat' dir='ltr'><strong>pertransireut,</strong></span> <span class='ocrx_word' id='word_1_151' title='bbox 1005 1447 1180 1502; x_wconf 89' lang='lat' dir='ltr'><strong>locum</strong></span> <span class='ocrx_word' id='word_1_152' title='bbox 1224 1460 1355 1500; x_wconf 90' lang='lat' dir='ltr'><strong>vero</strong></span> <span class='ocrx_word' id='word_1_153' title='bbox 1383 1451 1511 1497; x_wconf 89' lang='lat' dir='ltr'><strong>ante</strong></span> <span class='ocrx_word' id='word_1_154' title='bbox 1549 1448 1828 1512; x_wconf 86' lang='lat' dir='ltr'><strong>patentem</strong></span> <span class='ocrx_word' id='word_1_155' title='bbox 1871 1435 2105 1500; x_wconf 83' lang='lat' dir='ltr'><strong>sanavit,</strong></span> 
     </span>
    </p>
   </div>
   <div class='ocr_carea' id='block_1_24' title="bbox 2233 1418 3810 1523">
    <p class='ocr_par' dir='ltr' id='par_1_24' title="bbox 2233 1418 3810 1504">
     <span class='ocr_line' id='line_1_24' title="bbox 2233 1418 3810 1504; baseline -0.015 -15"><span class='ocrx_word' id='word_1_156' title='bbox 2233 1439 2409 1491; x_wconf 83' lang='grc' dir='ltr'>ιίδοῖον</span> <span class='ocrx_word' id='word_1_157' title='bbox 2432 1435 2599 1504; x_wconf 81' lang='grc' dir='ltr'>ἀκρον</span> <span class='ocrx_word' id='word_1_158' title='bbox 2623 1429 2902 1500; x_wconf 76' lang='grc' dir='ltr'>ἐπιτεμὼν</span> <span class='ocrx_word' id='word_1_159' title='bbox 2923 1427 3254 1496; x_wconf 87' lang='grc' dir='ltr'>συνέτρησεν</span> <span class='ocrx_word' id='word_1_160' title='bbox 3277 1423 3355 1484; x_wconf 77' lang='grc' dir='ltr'><strong>εἰς</strong></span> <span class='ocrx_word' id='word_1_161' title='bbox 3378 1421 3467 1473; x_wconf 76' lang='grc' dir='ltr'><strong>τὸν</strong></span> <span class='ocrx_word' id='word_1_162' title='bbox 3492 1418 3810 1488; x_wconf 69' lang='grc' dir='ltr'>οὐρητῆρα,</span> 
     </span>
    </p>
   </div>
   <div class='ocr_carea' id='block_1_25' title="bbox 527 1531 2106 1610">
    <p class='ocr_par' dir='ltr' id='par_1_25' title="bbox 527 1531 2106 1610">
     <span class='ocr_line' id='line_1_25' title="bbox 527 1531 2106 1610; baseline -0.011 -12"><span class='ocrx_word' id='word_1_163' title='bbox 527 1555 582 1599; x_wconf 79' lang='lat' dir='ltr'><strong>et</strong></span> <span class='ocrx_word' id='word_1_164' title='bbox 602 1545 797 1600; x_wconf 81' lang='lat' dir='ltr'><strong>clausit</strong></span> <span class='ocrx_word' id='word_1_165' title='bbox 820 1560 834 1608; x_wconf 88' lang='lat'><strong>;</strong></span> <span class='ocrx_word' id='word_1_166' title='bbox 861 1555 1032 1610; x_wconf 87' lang='lat' dir='ltr'><strong>quare</strong></span> <span class='ocrx_word' id='word_1_167' title='bbox 1066 1538 1169 1592; x_wconf 89' lang='lat' dir='ltr'><strong>hoc</strong></span> <span class='ocrx_word' id='word_1_168' title='bbox 1208 1537 1328 1590; x_wconf 89' lang='lat' dir='ltr'><strong>loco</strong></span> <span class='ocrx_word' id='word_1_169' title='bbox 1353 1543 1564 1596; x_wconf 86' lang='lat' dir='ltr'><strong>sanato,</strong></span> <span class='ocrx_word' id='word_1_170' title='bbox 1589 1531 1858 1601; x_wconf 87' lang='lat' dir='ltr'><strong>duplicem</strong></span> <span class='ocrx_word' id='word_1_171' title='bbox 1899 1542 2106 1581; x_wconf 87' lang='lat' dir='ltr'><strong>merce-</strong></span> 
     </span>
    </p>
   </div>
   <div class='ocr_carea' id='block_1_26' title="bbox 529 1622 2110 1706">
    <p class='ocr_par' dir='ltr' id='par_1_26' title="bbox 529 1622 2110 1706">
     <span class='ocr_line' id='line_1_26' title="bbox 529 1622 2110 1706; baseline -0.012 -16"><span class='ocrx_word' id='word_1_172' title='bbox 529 1643 649 1691; x_wconf 88' lang='lat' dir='ltr'><strong>dem</strong></span> <span class='ocrx_word' id='word_1_173' title='bbox 689 1635 974 1706; x_wconf 84' lang='lat' dir='ltr'><strong>poposcit,</strong></span> <span class='ocrx_word' id='word_1_174' title='bbox 1023 1631 1200 1699; x_wconf 90' lang='lat' dir='ltr'><strong>primo</strong></span> <span class='ocrx_word' id='word_1_175' title='bbox 1240 1629 1368 1697; x_wconf 82' lang='lat' dir='ltr'><strong>quia</strong></span> <span class='ocrx_word' id='word_1_176' title='bbox 1422 1626 1708 1680; x_wconf 87' lang='lat' dir='ltr'><strong>mulierem</strong></span> <span class='ocrx_word' id='word_1_177' title='bbox 1755 1622 2041 1676; x_wconf 85' lang='lat' dir='ltr'><strong>liberasset</strong></span> <span class='ocrx_word' id='word_1_178' title='bbox 2080 1633 2110 1671; x_wconf 89' lang='lat' dir='ltr'><strong>a</strong></span> 
     </span>
    </p>
   </div>
   <div class='ocr_carea' id='block_1_27' title="bbox 535 1712 2112 1793">
    <p class='ocr_par' dir='ltr' id='par_1_27' title="bbox 535 1712 2112 1793">
     <span class='ocr_line' id='line_1_27' title="bbox 535 1712 2112 1793; baseline -0.011 -9"><span class='ocrx_word' id='word_1_179' title='bbox 535 1733 750 1793; x_wconf 86' lang='lat' dir='ltr'><strong>morbo,</strong></span> <span class='ocrx_word' id='word_1_180' title='bbox 771 1739 826 1784; x_wconf 88' lang='lat' dir='ltr'><strong>et</strong></span> <span class='ocrx_word' id='word_1_181' title='bbox 856 1729 1036 1782; x_wconf 89' lang='lat' dir='ltr'><strong>virum</strong></span> <span class='ocrx_word' id='word_1_182' title='bbox 1068 1739 1136 1779; x_wconf 82' lang='lat' dir='ltr'><strong>ex</strong></span> <span class='ocrx_word' id='word_1_183' title='bbox 1165 1738 1227 1778; x_wconf 88' lang='lat' dir='ltr'><strong>ea</strong></span> <span class='ocrx_word' id='word_1_184' title='bbox 1254 1719 1550 1791; x_wconf 89' lang='lat' dir='ltr'><strong>perfectum</strong></span> <span class='ocrx_word' id='word_1_185' title='bbox 1581 1715 1918 1788; x_wconf 84' lang='lat' dir='ltr'><strong>perfecisset.</strong></span> <span class='ocrx_word' id='word_1_186' title='bbox 1952 1712 2112 1766; x_wconf 81' lang='lat' dir='ltr'><strong>Kallo</strong></span> 
     </span>
    </p>
   </div>
   <div class='ocr_carea' id='block_1_28' title="bbox 527 1803 2114 1884">
    <p class='ocr_par' dir='ltr' id='par_1_28' title="bbox 527 1803 2114 1884">
     <span class='ocr_line' id='line_1_28' title="bbox 527 1803 2114 1884; baseline -0.012 -8"><span class='ocrx_word' id='word_1_187' title='bbox 527 1838 659 1878; x_wconf 85' lang='lat' dir='ltr'><strong>vero</strong></span> <span class='ocrx_word' id='word_1_188' title='bbox 710 1820 852 1875; x_wconf 87' lang='lat' dir='ltr'><strong>virili</strong></span> <span class='ocrx_word' id='word_1_189' title='bbox 891 1829 1043 1874; x_wconf 88' lang='lat' dir='ltr'><strong>veste</strong></span> <span class='ocrx_word' id='word_1_190' title='bbox 1106 1824 1344 1884; x_wconf 87' lang='lat' dir='ltr'><strong>sumpta,</strong></span> <span class='ocrx_word' id='word_1_191' title='bbox 1401 1805 1590 1867; x_wconf 66' lang='lat' dir='ltr'><strong>et‘viri</strong></span> <span class='ocrx_word' id='word_1_192' title='bbox 1621 1807 1864 1863; x_wconf 89' lang='lat' dir='ltr'><strong>moribus</strong></span> <span class='ocrx_word' id='word_1_193' title='bbox 1897 1803 2114 1873; x_wconf 85' lang='lat' dir='ltr'><strong>rejectis</strong></span> 
     </span>
    </p>
   </div>
   <div class='ocr_carea' id='block_1_29' title="bbox 2214 1506 3811 1597">
    <p class='ocr_par' dir='ltr' id='par_1_29' title="bbox 2214 1506 3811 1597">
     <span class='ocr_line' id='line_1_29' title="bbox 2214 1506 3811 1597; baseline -0.016 -13"><span class='ocrx_word' id='word_1_194' title='bbox 2214 1530 2308 1584; x_wconf 74' lang='lat' dir='ltr'><strong>ml</strong></span> <span class='ocrx_word' id='word_1_195' title='bbox 2343 1529 2531 1590; x_wconf 77' lang='grc' dir='ltr'>καθείς</span> <span class='ocrx_word' id='word_1_196' title='bbox 2562 1525 2838 1597; x_wconf 79' lang='grc' dir='ltr'><strong>ἀργυροῦν</strong></span> <span class='ocrx_word' id='word_1_197' title='bbox 2866 1519 3158 1574; x_wconf 86' lang='grc' dir='ltr'>καυλίσκον</span> <span class='ocrx_word' id='word_1_198' title='bbox 3189 1514 3362 1585; x_wconf 80' lang='grc' dir='ltr'>ταύτῃ</span> <span class='ocrx_word' id='word_1_199' title='bbox 3409 1513 3478 1564; x_wconf 76' lang='grc' dir='ltr'>τὰ</span> <span class='ocrx_word' id='word_1_200' title='bbox 3525 1506 3811 1578; x_wconf 81' lang='grc' dir='ltr'>περιττώ-</span> 
     </span>
    </p>
   </div>
   <div class='ocr_carea' id='block_1_30' title="bbox 2216 1601 3812 1692">
    <p class='ocr_par' dir='ltr' id='par_1_30' title="bbox 2216 1601 3812 1692">
     <span class='ocr_line' id='line_1_30' title="bbox 2216 1601 3812 1692; baseline -0.017 -15"><span class='ocrx_word' id='word_1_201' title='bbox 2216 1638 2365 1692; x_wconf 84' lang='grc' dir='ltr'>ματα</span> <span class='ocrx_word' id='word_1_202' title='bbox 2401 1619 2510 1671; x_wconf 84' lang='grc' dir='ltr'><strong>τῶν</strong></span> <span class='ocrx_word' id='word_1_203' title='bbox 2543 1617 2725 1687; x_wconf 82' lang='grc' dir='ltr'>ὑγρῶν</span> <span class='ocrx_word' id='word_1_204' title='bbox 2765 1611 3083 1682; x_wconf 79' lang='grc' dir='ltr'>ὲξεκόμιζε,</span> <span class='ocrx_word' id='word_1_205' title='bbox 3120 1608 3210 1662; x_wconf 65' lang='grc' dir='ltr'>τὸν</span> <span class='ocrx_word' id='word_1_206' title='bbox 3240 1606 3296 1659; x_wconf 80' lang='grc' dir='ltr'><strong>δὲ</strong></span> <span class='ocrx_word' id='word_1_207' title='bbox 3328 1601 3812 1674; x_wconf 79' lang='grc' dir='ltr'>σεσυριγγωμένον</span> 
     </span>
    </p>
   </div>
   <div class='ocr_carea' id='block_1_31' title="bbox 2212 1694 3814 1776">
    <p class='ocr_par' dir='ltr' id='par_1_31' title="bbox 2212 1694 3814 1776">
     <span class='ocr_line' id='line_1_31' title="bbox 2212 1694 3814 1776; baseline -0.014 -10"><span class='ocrx_word' id='word_1_208' title='bbox 2212 1714 2379 1766; x_wconf 81' lang='grc' dir='ltr'>τόπον</span> <span class='ocrx_word' id='word_1_209' title='bbox 2413 1710 2658 1772; x_wconf 83' lang='grc' dir='ltr'>έλκώσας</span> <span class='ocrx_word' id='word_1_210' title='bbox 2683 1704 3062 1776; x_wconf 74' lang='grc' dir='ltr'>ὲνέφυσε.Καὶ</span> <span class='ocrx_word' id='word_1_211' title='bbox 3091 1701 3279 1754; x_wconf 86' lang='grc' dir='ltr'>τοῦτον</span> <span class='ocrx_word' id='word_1_212' title='bbox 3307 1699 3399 1752; x_wconf 77' lang='grc' dir='ltr'><strong>τὸν</strong></span> <span class='ocrx_word' id='word_1_213' title='bbox 3431 1696 3635 1767; x_wconf 82' lang='grc' dir='ltr'>τρόπον</span> <span class='ocrx_word' id='word_1_214' title='bbox 3661 1694 3814 1759; x_wconf 75' lang='grc' dir='ltr'>ὑγιο-</span> 
     </span>
    </p>
   </div>
   <div class='ocr_carea' id='block_1_32' title="bbox 2217 1785 3815 1875">
    <p class='ocr_par' dir='ltr' id='par_1_32' title="bbox 2217 1785 3815 1875">
     <span class='ocr_line' id='line_1_32' title="bbox 2217 1785 3815 1875; baseline -0.015 -18"><span class='ocrx_word' id='word_1_215' title='bbox 2217 1806 2450 1875; x_wconf 84' lang='grc' dir='ltr'>ποιήσας</span> <span class='ocrx_word' id='word_1_216' title='bbox 2479 1794 2699 1858; x_wconf 76' lang='grc' dir='ltr'><strong>διπλοῦν</strong></span> <span class='ocrx_word' id='word_1_217' title='bbox 2735 1799 2936 1870; x_wconf 73' lang='grc' dir='ltr'>ἀπῄτει</span> <span class='ocrx_word' id='word_1_218' title='bbox 2976 1797 3066 1848; x_wconf 77' lang='grc' dir='ltr'>τὸν</span> <span class='ocrx_word' id='word_1_219' title='bbox 3112 1791 3335 1864; x_wconf 70' lang='grc' dir='ltr'>μισθόψ</span> <span class='ocrx_word' id='word_1_220' title='bbox 3367 1788 3469 1857; x_wconf 77' lang='grc' dir='ltr'>ἔφη</span> <span class='ocrx_word' id='word_1_221' title='bbox 3502 1787 3612 1856; x_wconf 78' lang='grc' dir='ltr'><strong>γὰρ</strong></span> <span class='ocrx_word' id='word_1_222' title='bbox 3643 1785 3815 1837; x_wconf 64' lang='grc' dir='ltr'>αὐτὴν</span> 
     </span>
    </p>
   </div>
   <div class='ocr_carea' id='block_1_33' title="bbox 531 1870 2129 1975">
    <p class='ocr_par' dir='ltr' id='par_1_33' title="bbox 531 1899 2108 1975">
     <span class='ocr_line' id='line_1_33' title="bbox 531 1899 2108 1975; baseline -0.014 -5"><span class='ocrx_word' id='word_1_223' title='bbox 531 1916 684 1970; x_wconf 85' lang='lat' dir='ltr'><strong>radio</strong></span> <span class='ocrx_word' id='word_1_224' title='bbox 714 1914 968 1975; x_wconf 83' lang='lat' dir='ltr'><strong>textorio,</strong></span> <span class='ocrx_word' id='word_1_225' title='bbox 998 1919 1053 1963; x_wconf 84' lang='lat' dir='ltr'><strong>et</strong></span> <span class='ocrx_word' id='word_1_226' title='bbox 1081 1907 1368 1962; x_wconf 89' lang='lat' dir='ltr'><strong>mulierum</strong></span> <span class='ocrx_word' id='word_1_227' title='bbox 1399 1902 1638 1973; x_wconf 84' lang='lat' dir='ltr'><strong>Opillcio,</strong></span> <span class='ocrx_word' id='word_1_228' title='bbox 1669 1914 1774 1953; x_wconf 92' lang='lat' dir='ltr'><strong>una</strong></span> <span class='ocrx_word' id='word_1_229' title='bbox 1800 1899 1978 1952; x_wconf 84' lang='lat' dir='ltr'><strong>littera</strong></span> <span class='ocrx_word' id='word_1_230' title='bbox 2011 1911 2108 1949; x_wconf 78' lang='lat' dir='ltr'><strong>uo-</strong></span> 
     </span>
    </p>
   </div>
   <div class='ocr_carea' id='block_1_34' title="bbox 2233 1870 3816 1975">
    <p class='ocr_par' dir='ltr' id='par_1_34' title="bbox 2233 1870 3816 1962">
     <span class='ocr_line' id='line_1_34' title="bbox 2233 1870 3816 1962; baseline -0.013 -20"><span class='ocrx_word' id='word_1_231' title='bbox 2233 1891 2616 1962; x_wconf 72' lang='grc' dir='ltr'>ταρειληῳέναι</span> <span class='ocrx_word' id='word_1_232' title='bbox 2667 1889 2904 1956; x_wconf 88' lang='grc' dir='ltr'>γυναῖκα</span> <span class='ocrx_word' id='word_1_233' title='bbox 2957 1881 3256 1945; x_wconf 89' lang='grc' dir='ltr'>νοσοῦσαν,</span> <span class='ocrx_word' id='word_1_234' title='bbox 3288 1876 3686 1932; x_wconf 80' lang='grc' dir='ltr'>καθεστακέναι</span> <span class='ocrx_word' id='word_1_235' title='bbox 3753 1870 3816 1922; x_wconf 81' lang='grc' dir='ltr'><strong>δὲ</strong></span> 
     </span>
    </p>
   </div>
   <div class='ocr_carea' id='block_1_35' title="bbox 531 1986 2109 2068">
    <p class='ocr_par' dir='ltr' id='par_1_35' title="bbox 531 1986 2109 2068">
     <span class='ocr_line' id='line_1_35' title="bbox 531 1986 2109 2068; baseline -0.011 -12"><span class='ocrx_word' id='word_1_236' title='bbox 531 2004 661 2058; x_wconf 83' lang='grc' dir='ltr'>ιιιίιιί</span> <span class='ocrx_word' id='word_1_237' title='bbox 730 2003 1020 2068; x_wconf 85' lang='lat' dir='ltr'><strong>adjuncta;</strong></span> <span class='ocrx_word' id='word_1_238' title='bbox 1081 1997 1292 2052; x_wconf 89' lang='lat' dir='ltr'><strong>scilicet</strong></span> <span class='ocrx_word' id='word_1_239' title='bbox 1352 2010 1419 2058; x_wconf 83' lang='grc' dir='ltr'>η,</span> <span class='ocrx_word' id='word_1_240' title='bbox 1477 1989 1674 2046; x_wconf 70' lang='grc' dir='ltr'>Καέιοη</span> <span class='ocrx_word' id='word_1_241' title='bbox 1735 1986 1971 2042; x_wconf 76' lang='lat' dir='ltr'><strong>vocitata</strong></span> <span class='ocrx_word' id='word_1_242' title='bbox 2007 1993 2109 2039; x_wconf 88' lang='lat' dir='ltr'><strong>est.</strong></span> 
     </span>
    </p>
   </div>
   <div class='ocr_carea' id='block_1_36' title="bbox 529 2076 2112 2162">
    <p class='ocr_par' dir='ltr' id='par_1_36' title="bbox 529 2076 2112 2162">
     <span class='ocr_line' id='line_1_36' title="bbox 529 2076 2112 2162; baseline -0.012 -14"><span class='ocrx_word' id='word_1_243' title='bbox 529 2095 770 2148; x_wconf 79' lang='lat' dir='ltr'><strong>Narrant</strong></span> <span class='ocrx_word' id='word_1_244' title='bbox 796 2093 1018 2162; x_wconf 84' lang='lat' dir='ltr'><strong>quidam</strong></span> <span class='ocrx_word' id='word_1_245' title='bbox 1052 2090 1202 2144; x_wconf 89' lang='lat' dir='ltr'><strong>illam</strong></span> <span class='ocrx_word' id='word_1_246' title='bbox 1237 2096 1530 2153; x_wconf 86' lang='lat' dir='ltr'><strong>antequam</strong></span> <span class='ocrx_word' id='word_1_247' title='bbox 1563 2082 1616 2134; x_wconf 90' lang='lat' dir='ltr'><strong>in</strong></span> <span class='ocrx_word' id='word_1_248' title='bbox 1644 2080 1854 2134; x_wconf 85' lang='lat' dir='ltr'><strong>virilem</strong></span> <span class='ocrx_word' id='word_1_249' title='bbox 1883 2076 2112 2132; x_wconf 85' lang='lat' dir='ltr'><strong>formam</strong></span> 
     </span>
    </p>
   </div>
   <div class='ocr_carea' id='block_1_37' title="bbox 532 2169 2113 2250">
    <p class='ocr_par' dir='ltr' id='par_1_37' title="bbox 532 2169 2113 2250">
     <span class='ocr_line' id='line_1_37' title="bbox 532 2169 2113 2250; baseline -0.011 -10"><span class='ocrx_word' id='word_1_250' title='bbox 532 2195 859 2250; x_wconf 80' lang='lat' dir='ltr'><strong>nintaretur,</strong></span> <span class='ocrx_word' id='word_1_251' title='bbox 891 2184 1111 2238; x_wconf 87' lang='lat' dir='ltr'><strong>Cereris</strong></span> <span class='ocrx_word' id='word_1_252' title='bbox 1165 2194 1322 2235; x_wconf 83' lang='lat' dir='ltr'><strong>sacra</strong></span> <span class='ocrx_word' id='word_1_253' title='bbox 1347 2175 1478 2230; x_wconf 81' lang='lat' dir='ltr'><strong>viris</strong></span> <span class='ocrx_word' id='word_1_254' title='bbox 1518 2173 1650 2243; x_wconf 90' lang='lat' dir='ltr'><strong>ipsis</strong></span> <span class='ocrx_word' id='word_1_255' title='bbox 1673 2187 1780 2226; x_wconf 89' lang='lat' dir='ltr'><strong>non</strong></span> <span class='ocrx_word' id='word_1_256' title='bbox 1839 2169 2113 2233; x_wconf 83' lang='lat' dir='ltr'><strong>adeunda,</strong></span> 
     </span>
    </p>
   </div>
   <div class='ocr_carea' id='block_1_38' title="bbox 531 2263 1898 2344">
    <p class='ocr_par' dir='ltr' id='par_1_38' title="bbox 531 2263 1898 2344">
     <span class='ocr_line' id='line_1_38' title="bbox 531 2263 1898 2344; baseline -0.012 -10"><span class='ocrx_word' id='word_1_257' title='bbox 531 2281 756 2344; x_wconf 77' lang='lat' dir='ltr'><strong>vidisse,</strong></span> <span class='ocrx_word' id='word_1_258' title='bbox 789 2291 845 2332; x_wconf 85' lang='lat' dir='ltr'><strong>et</strong></span> <span class='ocrx_word' id='word_1_259' title='bbox 873 2277 998 2332; x_wconf 91' lang='lat' dir='ltr'><strong>ideo</strong></span> <span class='ocrx_word' id='word_1_260' title='bbox 1027 2273 1329 2343; x_wconf 84' lang='lat' dir='ltr'><strong>impietatis</strong></span> <span class='ocrx_word' id='word_1_261' title='bbox 1363 2277 1675 2323; x_wconf 88' lang='lat' dir='ltr'><strong>accusatam</strong></span> <span class='ocrx_word' id='word_1_262' title='bbox 1707 2263 1898 2318; x_wconf 86' lang='lat' dir='ltr'><strong>fuisse.</strong></span> 
     </span>
    </p>
   </div>
   <div class='ocr_carea' id='block_1_39' title="bbox 2217 1965 3816 2050">
    <p class='ocr_par' dir='ltr' id='par_1_39' title="bbox 2217 1965 3816 2050">
     <span class='ocr_line' id='line_1_39' title="bbox 2217 1965 3816 2050; baseline -0.014 -12"><span class='ocrx_word' id='word_1_263' title='bbox 2217 1983 2498 2038; x_wconf 78' lang='grc' dir='ltr'>νεανίσκον</span> <span class='ocrx_word' id='word_1_264' title='bbox 2544 1979 2874 2050; x_wconf 83' lang='grc' dir='ltr'>ὑγιαίνοντα.</span> <span class='ocrx_word' id='word_1_265' title='bbox 2891 1977 2955 2030; x_wconf 86' lang='grc' dir='ltr'><strong><em>Ἦ</em></strong></span> <span class='ocrx_word' id='word_1_266' title='bbox 2981 1977 3039 2030; x_wconf 79' lang='grc' dir='ltr'><strong>δὲ</strong></span> <span class='ocrx_word' id='word_1_267' title='bbox 3070 1973 3270 2028; x_wconf 82' lang='grc' dir='ltr'>Καλλὼ</span> <span class='ocrx_word' id='word_1_268' title='bbox 3296 1971 3396 2034; x_wconf 81' lang='grc' dir='ltr'>τὰς</span> <span class='ocrx_word' id='word_1_269' title='bbox 3441 1970 3537 2040; x_wconf 81' lang='grc' dir='ltr'>μὲν</span> <span class='ocrx_word' id='word_1_270' title='bbox 3586 1970 3654 2021; x_wconf 73' lang='grc' dir='ltr'>ἐκ</span> <span class='ocrx_word' id='word_1_271' title='bbox 3696 1965 3816 2018; x_wconf 76' lang='grc' dir='ltr'>τῶν</span> 
     </span>
    </p>
   </div>
   <div class='ocr_carea' id='block_1_40' title="bbox 2221 2057 3815 2145">
    <p class='ocr_par' dir='ltr' id='par_1_40' title="bbox 2221 2057 3815 2145">
     <span class='ocr_line' id='line_1_40' title="bbox 2221 2057 3815 2145; baseline -0.014 -17"><span class='ocrx_word' id='word_1_272' title='bbox 2221 2075 2383 2130; x_wconf 78' lang='grc' dir='ltr'>ἱστῶν</span> <span class='ocrx_word' id='word_1_273' title='bbox 2418 2073 2675 2145; x_wconf 81' lang='grc' dir='ltr'>κερκίδας</span> <span class='ocrx_word' id='word_1_274' title='bbox 2726 2071 2821 2126; x_wconf 78' lang='grc' dir='ltr'>καὶ</span> <span class='ocrx_word' id='word_1_275' title='bbox 2859 2072 2959 2141; x_wconf 84' lang='grc' dir='ltr'>τὴν</span> <span class='ocrx_word' id='word_1_276' title='bbox 3003 2067 3170 2138; x_wconf 83' lang='grc' dir='ltr'>ἄλλην</span> <span class='ocrx_word' id='word_1_277' title='bbox 3197 2066 3304 2118; x_wconf 85' lang='grc' dir='ltr'><strong>τῶν</strong></span> <span class='ocrx_word' id='word_1_278' title='bbox 3337 2061 3612 2132; x_wconf 83' lang='grc' dir='ltr'>γυναικῶν</span> <span class='ocrx_word' id='word_1_279' title='bbox 3642 2057 3815 2110; x_wconf 81' lang='grc' dir='ltr'>ταλα-</span> 
     </span>
    </p>
   </div>
   <div class='ocr_carea' id='block_1_41' title="bbox 2221 2147 3817 2238">
    <p class='ocr_par' dir='ltr' id='par_1_41' title="bbox 2221 2147 3817 2238">
     <span class='ocr_line' id='line_1_41' title="bbox 2221 2147 3817 2238; baseline -0.014 -20"><span class='ocrx_word' id='word_1_280' title='bbox 2221 2166 2502 2238; x_wconf 82' lang='grc' dir='ltr'>σιουργίαν</span> <span class='ocrx_word' id='word_1_281' title='bbox 2549 2163 2806 2224; x_wconf 86' lang='grc' dir='ltr'>ἀπέθετο,</span> <span class='ocrx_word' id='word_1_282' title='bbox 2841 2157 3219 2231; x_wconf 79' lang='grc' dir='ltr'>μεταλαϐοῦσα</span> <span class='ocrx_word' id='word_1_283' title='bbox 3269 2155 3324 2206; x_wconf 72' lang='grc' dir='ltr'><strong>δὲ</strong></span> <span class='ocrx_word' id='word_1_284' title='bbox 3385 2151 3574 2221; x_wconf 77' lang='grc' dir='ltr'>ἀνδρὸς</span> <span class='ocrx_word' id='word_1_285' title='bbox 3608 2147 3817 2213; x_wconf 72' lang='grc' dir='ltr'>ἐσθῆτα</span> 
     </span>
    </p>
   </div>
   <div class='ocr_carea' id='block_1_42' title="bbox 2223 2236 3817 2328">
    <p class='ocr_par' dir='ltr' id='par_1_42' title="bbox 2223 2236 3817 2328">
     <span class='ocr_line' id='line_1_42' title="bbox 2223 2236 3817 2328; baseline -0.016 -16"><span class='ocrx_word' id='word_1_286' title='bbox 2223 2259 2318 2312; x_wconf 69' lang='grc' dir='ltr'><strong>καὶ</strong></span> <span class='ocrx_word' id='word_1_287' title='bbox 2344 2236 2451 2328; x_wconf 75' lang='grc' dir='ltr'><strong>τὴν</strong></span> <span class='ocrx_word' id='word_1_288' title='bbox 2497 2255 2664 2325; x_wconf 82' lang='grc' dir='ltr'>ἄλλην</span> <span class='ocrx_word' id='word_1_289' title='bbox 2709 2251 2950 2306; x_wconf 87' lang='grc' dir='ltr'>διάθεσιν</span> <span class='ocrx_word' id='word_1_290' title='bbox 2982 2243 3376 2319; x_wconf 78' lang='grc' dir='ltr'>μετωνομάσθη</span> <span class='ocrx_word' id='word_1_291' title='bbox 3408 2239 3652 2302; x_wconf 78' lang='grc' dir='ltr'>Κάλλων,</span> <span class='ocrx_word' id='word_1_292' title='bbox 3690 2236 3817 2298; x_wconf 73' lang='grc' dir='ltr'>ἐνὸς</span> 
     </span>
    </p>
   </div>
   <div class='ocr_carea' id='block_1_43' title="bbox 532 2330 3820 2442">
    <p class='ocr_par' dir='ltr' id='par_1_43' title="bbox 532 2330 3820 2442">
     <span class='ocr_line' id='line_1_43' title="bbox 532 2330 3820 2442; baseline -0.015 -15"><span class='ocrx_word' id='word_1_293' title='bbox 532 2330 798 2442; x_wconf 72' lang='grc' dir='ltr'>στοιχείου</span> <span class='ocrx_word' id='word_1_294' title='bbox 834 2370 927 2424; x_wconf 75' lang='grc' dir='ltr'>επὶ</span> <span class='ocrx_word' id='word_1_295' title='bbox 949 2368 1030 2436; x_wconf 80' lang='grc' dir='ltr'>τῷ</span> <span class='ocrx_word' id='word_1_296' title='bbox 1055 2330 1198 2420; x_wconf 80' lang='grc' dir='ltr'>τέλει</span> <span class='ocrx_word' id='word_1_297' title='bbox 1242 2363 1335 2418; x_wconf 89' lang='grc' dir='ltr'><strong>τοῦ</strong></span> <span class='ocrx_word' id='word_1_298' title='bbox 1379 2375 1411 2417; x_wconf 59' lang='grc' dir='ltr'>τ’</span> <span class='ocrx_word' id='word_1_299' title='bbox 1446 2357 1858 2434; x_wconf 85' lang='grc' dir='ltr'>προστεθέντος.</span> <span class='ocrx_word' id='word_1_300' title='bbox 1891 2354 2122 2424; x_wconf 83' lang='grc' dir='ltr'>Λέγεται</span> <span class='ocrx_word' id='word_1_301' title='bbox 2157 2351 2202 2404; x_wconf 82' lang='grc' dir='ltr'><strong>δ’</strong></span> <span class='ocrx_word' id='word_1_302' title='bbox 2232 2351 2338 2404; x_wconf 82' lang='grc' dir='ltr'><strong>ὑπό</strong></span> <span class='ocrx_word' id='word_1_303' title='bbox 2365 2368 2526 2404; x_wconf 89' lang='grc' dir='ltr'>τινων</span> <span class='ocrx_word' id='word_1_304' title='bbox 2554 2351 2636 2404; x_wconf 80' lang='grc' dir='ltr'>ὅτι</span> <span class='ocrx_word' id='word_1_305' title='bbox 2667 2345 2772 2417; x_wconf 78' lang='grc' dir='ltr'><strong>πρὸ</strong></span> <span class='ocrx_word' id='word_1_306' title='bbox 2795 2341 2890 2398; x_wconf 88' lang='grc' dir='ltr'><strong>τοῦ</strong></span> <span class='ocrx_word' id='word_1_307' title='bbox 2915 2338 3235 2414; x_wconf 76' lang='grc' dir='ltr'>μεταλαϐεῖν</span> <span class='ocrx_word' id='word_1_308' title='bbox 3270 2331 3511 2407; x_wconf 81' lang='grc' dir='ltr'><strong>[618Η.]</strong></span> <span class='ocrx_word' id='word_1_309' title='bbox 3576 2330 3677 2401; x_wconf 77' lang='grc' dir='ltr'>τὴν</span> <span class='ocrx_word' id='word_1_310' title='bbox 3733 2330 3820 2392; x_wconf 81' lang='grc' dir='ltr'><strong>είς</strong></span> 
     </span>
    </p>
   </div>
   <div class='ocr_carea' id='block_1_44' title="bbox 531 2423 3822 2536">
    <p class='ocr_par' dir='ltr' id='par_1_44' title="bbox 531 2423 3822 2536">
     <span class='ocr_line' id='line_1_44' title="bbox 531 2423 3822 2536; baseline -0.015 -14"><span class='ocrx_word' id='word_1_311' title='bbox 531 2423 701 2536; x_wconf 64' lang='grc' dir='ltr'>ἄνδρα</span> <span class='ocrx_word' id='word_1_312' title='bbox 738 2462 951 2536; x_wconf 81' lang='grc' dir='ltr'>μορφὴν</span> <span class='ocrx_word' id='word_1_313' title='bbox 983 2423 1158 2529; x_wconf 69' lang='grc' dir='ltr'>ἱέρεια</span> <span class='ocrx_word' id='word_1_314' title='bbox 1193 2461 1292 2528; x_wconf 79' lang='grc' dir='ltr'><strong>τῆς</strong></span> <span class='ocrx_word' id='word_1_315' title='bbox 1339 2423 1626 2526; x_wconf 74' lang='grc' dir='ltr'>Δήμητρος</span> <span class='ocrx_word' id='word_1_316' title='bbox 1680 2449 1994 2519; x_wconf 80' lang='grc' dir='ltr'>ἐγεγένητο,</span> <span class='ocrx_word' id='word_1_317' title='bbox 2063 2443 2262 2500; x_wconf 76' lang='grc' dir='ltr'>καὶτὰ</span> <span class='ocrx_word' id='word_1_318' title='bbox 2308 2445 2420 2506; x_wconf 81' lang='grc' dir='ltr'>τοῖς</span> <span class='ocrx_word' id='word_1_319' title='bbox 2471 2442 2698 2514; x_wconf 74' lang='grc' dir='ltr'>ἄρρεσιν</span> <span class='ocrx_word' id='word_1_320' title='bbox 2750 2439 2958 2509; x_wconf 83' lang='grc' dir='ltr'>ἀόρατα</span> <span class='ocrx_word' id='word_1_321' title='bbox 3009 2431 3195 2488; x_wconf 78' lang='grc' dir='ltr'>ἰδοῦσα</span> <span class='ocrx_word' id='word_1_322' title='bbox 3233 2429 3414 2500; x_wconf 84' lang='grc' dir='ltr'>κρίσιν</span> <span class='ocrx_word' id='word_1_323' title='bbox 3452 2426 3612 2496; x_wconf 64' lang='grc' dir='ltr'>ἔσχεν</span> <span class='ocrx_word' id='word_1_324' title='bbox 3686 2423 3822 2475; x_wconf 83' lang='grc' dir='ltr'>ἀσε.</span> 
     </span>
    </p>
   </div>
   <div class='ocr_carea' id='block_1_45' title="bbox 438 2564 707 2626">
    <p class='ocr_par' dir='ltr' id='par_1_45' title="bbox 438 2564 707 2626">
     <span class='ocr_line' id='line_1_45' title="bbox 438 2564 707 2626; baseline -0.004 -8"><span class='ocrx_word' id='word_1_325' title='bbox 438 2579 444 2584; x_wconf 76' lang='lat'><strong>‘</strong></span> <span class='ocrx_word' id='word_1_326' title='bbox 533 2564 707 2626; x_wconf 86' lang='grc' dir='ltr'>6είας.</span> 
     </span>
    </p>
   </div>
   <div class='ocr_carea' id='block_1_46' title="bbox 606 2632 2120 2719">
    <p class='ocr_par' dir='ltr' id='par_1_46' title="bbox 606 2632 2120 2719">
     <span class='ocr_line' id='line_1_46' title="bbox 606 2632 2120 2719; baseline -0.017 -9"><span class='ocrx_word' id='word_1_327' title='bbox 606 2654 818 2710; x_wconf 86' lang='lat' dir='ltr'><strong>Similia</strong></span> <span class='ocrx_word' id='word_1_328' title='bbox 864 2647 1121 2719; x_wconf 79' lang='lat' dir='ltr'><strong>Neapoli,</strong></span> <span class='ocrx_word' id='word_1_329' title='bbox 1171 2654 1223 2700; x_wconf 87' lang='lat' dir='ltr'><strong>et</strong></span> <span class='ocrx_word' id='word_1_330' title='bbox 1261 2642 1388 2698; x_wconf 88' lang='lat' dir='ltr'><strong>aliis</strong></span> <span class='ocrx_word' id='word_1_331' title='bbox 1429 2640 1482 2696; x_wconf 92' lang='lat' dir='ltr'><strong>in</strong></span> <span class='ocrx_word' id='word_1_332' title='bbox 1526 2639 1662 2694; x_wconf 89' lang='lat' dir='ltr'><strong>locis</strong></span> <span class='ocrx_word' id='word_1_333' title='bbox 1701 2636 1932 2705; x_wconf 88' lang='lat' dir='ltr'><strong>plurima</strong></span> <span class='ocrx_word' id='word_1_334' title='bbox 1980 2632 2120 2687; x_wconf 88' lang='lat' dir='ltr'><strong>facta</strong></span> 
     </span>
    </p>
   </div>
   <div class='ocr_carea' id='block_1_47' title="bbox 539 2727 2119 2814">
    <p class='ocr_par' dir='ltr' id='par_1_47' title="bbox 539 2727 2119 2814">
     <span class='ocr_line' id='line_1_47' title="bbox 539 2727 2119 2814; baseline -0.016 -11"><span class='ocrx_word' id='word_1_335' title='bbox 539 2752 796 2804; x_wconf 90' lang='lat' dir='ltr'><strong>dicuntur</strong></span> <span class='ocrx_word' id='word_1_336' title='bbox 825 2741 1095 2814; x_wconf 79' lang='lat' dir='ltr'><strong>prodigia,</strong></span> <span class='ocrx_word' id='word_1_337' title='bbox 1135 2753 1240 2792; x_wconf 89' lang='lat' dir='ltr'><strong>non</strong></span> <span class='ocrx_word' id='word_1_338' title='bbox 1281 2737 1428 2805; x_wconf 82' lang='lat' dir='ltr'><strong>quod</strong></span> <span class='ocrx_word' id='word_1_339' title='bbox 1459 2731 1796 2786; x_wconf 86' lang='lat' dir='ltr'><strong>masculinus</strong></span> <span class='ocrx_word' id='word_1_340' title='bbox 1824 2738 1878 2781; x_wconf 89' lang='lat' dir='ltr'><strong>et</strong></span> <span class='ocrx_word' id='word_1_341' title='bbox 1908 2727 2119 2781; x_wconf 85' lang='lat' dir='ltr'><strong>femini-</strong></span> 
     </span>
    </p>
   </div>
   <div class='ocr_carea' id='block_1_48' title="bbox 538 2817 2117 2905">
    <p class='ocr_par' dir='ltr' id='par_1_48' title="bbox 538 2817 2117 2905">
     <span class='ocr_line' id='line_1_48' title="bbox 538 2817 2117 2905; baseline -0.019 -9"><span class='ocrx_word' id='word_1_342' title='bbox 538 2859 640 2896; x_wconf 79' lang='lat' dir='ltr'><strong>nus</strong></span> <span class='ocrx_word' id='word_1_343' title='bbox 668 2854 829 2894; x_wconf 81' lang='lat' dir='ltr'><strong>sexus</strong></span> <span class='ocrx_word' id='word_1_344' title='bbox 849 2833 1050 2905; x_wconf 78' lang='lat' dir='ltr'><strong>379a</strong></span> <span class='ocrx_word' id='word_1_345' title='bbox 1102 2831 1155 2884; x_wconf 94' lang='lat' dir='ltr'><strong>in</strong></span> <span class='ocrx_word' id='word_1_346' title='bbox 1187 2829 1466 2899; x_wconf 81' lang='lat' dir='ltr'><strong>geminum</strong></span> <span class='ocrx_word' id='word_1_347' title='bbox 1497 2823 1675 2878; x_wconf 89' lang='lat' dir='ltr'><strong>locum</strong></span> <span class='ocrx_word' id='word_1_348' title='bbox 1701 2819 2001 2875; x_wconf 86' lang='lat' dir='ltr'><strong>collocatus</strong></span> <span class='ocrx_word' id='word_1_349' title='bbox 2027 2817 2117 2880; x_wconf 88' lang='lat' dir='ltr'><strong>sit,</strong></span> 
     </span>
    </p>
   </div>
   <div class='ocr_carea' id='block_1_49' title="bbox 538 2907 2110 3002">
    <p class='ocr_par' dir='ltr' id='par_1_49' title="bbox 538 2907 2110 3002">
     <span class='ocr_line' id='line_1_49' title="bbox 538 2907 2110 3002; baseline -0.018 -16"><span class='ocrx_word' id='word_1_350' title='bbox 538 2932 682 3002; x_wconf 83' lang='lat' dir='ltr'><strong>quod</strong></span> <span class='ocrx_word' id='word_1_351' title='bbox 741 2928 854 2982; x_wconf 78' lang='lat' dir='ltr'><strong>fieri</strong></span> <span class='ocrx_word' id='word_1_352' title='bbox 906 2939 1013 2978; x_wconf 89' lang='lat' dir='ltr'><strong>non</strong></span> <span class='ocrx_word' id='word_1_353' title='bbox 1045 2929 1245 2990; x_wconf 83' lang='lat' dir='ltr'><strong>potest,</strong></span> <span class='ocrx_word' id='word_1_354' title='bbox 1292 2930 1478 2970; x_wconf 90' lang='lat' dir='ltr'><strong>verum</strong></span> <span class='ocrx_word' id='word_1_355' title='bbox 1525 2913 1653 2983; x_wconf 87' lang='lat' dir='ltr'><strong>quia</strong></span> <span class='ocrx_word' id='word_1_356' title='bbox 1705 2920 1896 2964; x_wconf 88' lang='lat' dir='ltr'><strong>natura</strong></span> <span class='ocrx_word' id='word_1_357' title='bbox 1932 2907 2110 2974; x_wconf 82' lang='lat' dir='ltr'><strong>aliqua</strong></span> 
     </span>
    </p>
   </div>
   <div class='ocr_carea' id='block_1_50' title="bbox 537 2998 2116 3087">
    <p class='ocr_par' dir='ltr' id='par_1_50' title="bbox 537 2998 2116 3087">
     <span class='ocr_line' id='line_1_50' title="bbox 537 2998 2116 3087; baseline -0.018 -9"><span class='ocrx_word' id='word_1_358' title='bbox 537 3025 781 3079; x_wconf 85' lang='lat' dir='ltr'><strong>membra</strong></span> <span class='ocrx_word' id='word_1_359' title='bbox 818 3016 1087 3087; x_wconf 85' lang='lat' dir='ltr'><strong>corporis,</strong></span> <span class='ocrx_word' id='word_1_360' title='bbox 1119 3013 1174 3068; x_wconf 88' lang='lat' dir='ltr'><strong>in</strong></span> <span class='ocrx_word' id='word_1_361' title='bbox 1225 3010 1504 3065; x_wconf 86' lang='lat' dir='ltr'><strong>hominum</strong></span> <span class='ocrx_word' id='word_1_362' title='bbox 1535 3015 1841 3074; x_wconf 83' lang='lat' dir='ltr'><strong>stuporem,</strong></span> <span class='ocrx_word' id='word_1_363' title='bbox 1867 3009 1922 3056; x_wconf 87' lang='lat' dir='ltr'><strong>et</strong></span> <span class='ocrx_word' id='word_1_364' title='bbox 1966 2998 2116 3053; x_wconf 81' lang='lat' dir='ltr'><strong>frau-</strong></span> 
     </span>
    </p>
   </div>
   <div class='ocr_carea' id='block_1_51' title="bbox 540 3090 2120 3172">
    <p class='ocr_par' dir='ltr' id='par_1_51' title="bbox 540 3090 2120 3172">
     <span class='ocr_line' id='line_1_51' title="bbox 540 3090 2120 3172; baseline -0.018 0"><span class='ocrx_word' id='word_1_365' title='bbox 540 3121 660 3172; x_wconf 79' lang='lat' dir='ltr'><strong>dem</strong></span> <span class='ocrx_word' id='word_1_366' title='bbox 691 3113 830 3168; x_wconf 80' lang='lat' dir='ltr'><strong>falso</strong></span> <span class='ocrx_word' id='word_1_367' title='bbox 875 3107 1171 3165; x_wconf 88' lang='lat' dir='ltr'><strong>describat.</strong></span> <span class='ocrx_word' id='word_1_368' title='bbox 1201 3103 1386 3169; x_wconf 81' lang='lat' dir='ltr'><strong>Quare</strong></span> <span class='ocrx_word' id='word_1_369' title='bbox 1415 3114 1515 3154; x_wconf 89' lang='lat' dir='ltr'><strong>nos</strong></span> <span class='ocrx_word' id='word_1_370' title='bbox 1541 3100 1657 3153; x_wconf 62' lang='lat' dir='ltr'><strong>base</strong></span> <span class='ocrx_word' id='word_1_371' title='bbox 1692 3095 1854 3163; x_wconf 78' lang='lat' dir='ltr'><strong>digna</strong></span> <span class='ocrx_word' id='word_1_372' title='bbox 1901 3090 2120 3146; x_wconf 87' lang='lat' dir='ltr'><strong>censui-</strong></span> 
     </span>
    </p>
   </div>
   <div class='ocr_carea' id='block_1_52' title="bbox 542 3184 2118 3277">
    <p class='ocr_par' dir='ltr' id='par_1_52' title="bbox 542 3184 2118 3277">
     <span class='ocr_line' id='line_1_52' title="bbox 542 3184 2118 3277; baseline -0.018 -13"><span class='ocrx_word' id='word_1_373' title='bbox 542 3224 663 3264; x_wconf 88' lang='lat' dir='ltr'><strong>mus</strong></span> <span class='ocrx_word' id='word_1_374' title='bbox 701 3221 820 3277; x_wconf 71' lang='lat' dir='ltr'><strong>quaa</strong></span> <span class='ocrx_word' id='word_1_375' title='bbox 851 3201 1047 3257; x_wconf 88' lang='lat' dir='ltr'><strong>litteris</strong></span> <span class='ocrx_word' id='word_1_376' title='bbox 1081 3213 1185 3254; x_wconf 89' lang='lat' dir='ltr'><strong>non</strong></span> <span class='ocrx_word' id='word_1_377' title='bbox 1219 3191 1600 3252; x_wconf 83' lang='lat' dir='ltr'><strong>oblectationis</strong></span> <span class='ocrx_word' id='word_1_378' title='bbox 1615 3202 1780 3243; x_wconf 87' lang='lat' dir='ltr'><strong>causa</strong></span> <span class='ocrx_word' id='word_1_379' title='bbox 1800 3184 2118 3255; x_wconf 86' lang='lat' dir='ltr'><strong>legentium,</strong></span> 
     </span>
    </p>
   </div>
   <div class='ocr_carea' id='block_1_53' title="bbox 542 3276 2121 3360">
    <p class='ocr_par' dir='ltr' id='par_1_53' title="bbox 542 3276 2121 3360">
     <span class='ocr_line' id='line_1_53' title="bbox 542 3276 2121 3360; baseline -0.021 0"><span class='ocrx_word' id='word_1_380' title='bbox 542 3304 636 3360; x_wconf 90' lang='lat' dir='ltr'><strong>sed</strong></span> <span class='ocrx_word' id='word_1_381' title='bbox 667 3276 921 3355; x_wconf 87' lang='lat' dir='ltr'><strong>utilitatis</strong></span> <span class='ocrx_word' id='word_1_382' title='bbox 951 3294 1368 3349; x_wconf 87' lang='lat' dir='ltr'><strong>mandarentur.</strong></span> <span class='ocrx_word' id='word_1_383' title='bbox 1390 3283 1542 3340; x_wconf 76' lang='lat' dir='ltr'><strong>Multi</strong></span> <span class='ocrx_word' id='word_1_384' title='bbox 1565 3283 1710 3336; x_wconf 90' lang='lat' dir='ltr'><strong>enim</strong></span> <span class='ocrx_word' id='word_1_385' title='bbox 1739 3276 2121 3348; x_wconf 85' lang='lat' dir='ltr'><strong>superstitiose</strong></span> 
     </span>
    </p>
   </div>
   <div class='ocr_carea' id='block_1_54' title="bbox 545 3393 890 3465">
    <p class='ocr_par' dir='ltr' id='par_1_54' title="bbox 545 3393 890 3465">
     <span class='ocr_line' id='line_1_54' title="bbox 545 3393 890 3465; baseline -0.009 -18"><span class='ocrx_word' id='word_1_386' title='bbox 545 3402 738 3465; x_wconf 80' lang='lat' dir='ltr'><strong>putant</strong></span> <span class='ocrx_word' id='word_1_387' title='bbox 775 3393 890 3446; x_wconf 71' lang='lat' dir='ltr'><strong>haec</strong></span> 
     </span>
    </p>
   </div>
   <div class='ocr_carea' id='block_1_55' title="bbox 545 3459 2129 3550">
    <p class='ocr_par' dir='ltr' id='par_1_55' title="bbox 545 3459 2129 3550">
     <span class='ocr_line' id='line_1_55' title="bbox 545 3459 2129 3550; baseline -0.018 -10"><span class='ocrx_word' id='word_1_388' title='bbox 545 3489 706 3541; x_wconf 70' lang='lat' dir='ltr'><strong>etiam</strong></span> <span class='ocrx_word' id='word_1_389' title='bbox 741 3484 969 3550; x_wconf 80' lang='lat' dir='ltr'><strong>integrae</strong></span> <span class='ocrx_word' id='word_1_390' title='bbox 1001 3487 1189 3548; x_wconf 75' lang='lat' dir='ltr'><strong>gentes</strong></span> <span class='ocrx_word' id='word_1_391' title='bbox 1210 3483 1264 3528; x_wconf 89' lang='lat' dir='ltr'><strong>et</strong></span> <span class='ocrx_word' id='word_1_392' title='bbox 1292 3471 1477 3526; x_wconf 88' lang='lat' dir='ltr'><strong>urbes.</strong></span> <span class='ocrx_word' id='word_1_393' title='bbox 1510 3467 1676 3522; x_wconf 86' lang='lat' dir='ltr'><strong>Fama</strong></span> <span class='ocrx_word' id='word_1_394' title='bbox 1709 3473 1791 3522; x_wconf 87' lang='lat' dir='ltr'><strong>est</strong></span> <span class='ocrx_word' id='word_1_395' title='bbox 1826 3461 1980 3517; x_wconf 89' lang='lat' dir='ltr'><strong>initio</strong></span> <span class='ocrx_word' id='word_1_396' title='bbox 2002 3459 2129 3515; x_wconf 84' lang='lat' dir='ltr'><strong>belli</strong></span> 
     </span>
    </p>
   </div>
   <div class='ocr_carea' id='block_1_56' title="bbox 545 3555 2130 3642">
    <p class='ocr_par' dir='ltr' id='par_1_56' title="bbox 545 3555 2130 3642">
     <span class='ocr_line' id='line_1_56' title="bbox 545 3555 2130 3642; baseline -0.018 -10"><span class='ocrx_word' id='word_1_397' title='bbox 545 3577 784 3640; x_wconf 83' lang='lat' dir='ltr'><strong>Marsici,</strong></span> <span class='ocrx_word' id='word_1_398' title='bbox 806 3573 958 3642; x_wconf 78' lang='lat' dir='ltr'><strong>juxta</strong></span> <span class='ocrx_word' id='word_1_399' title='bbox 974 3571 1201 3625; x_wconf 83' lang='lat' dir='ltr'><strong>Romam</strong></span> <span class='ocrx_word' id='word_1_400' title='bbox 1218 3565 1414 3621; x_wconf 85' lang='lat' dir='ltr'><strong>italum</strong></span> <span class='ocrx_word' id='word_1_401' title='bbox 1434 3560 1724 3632; x_wconf 88' lang='lat' dir='ltr'><strong>quemdam</strong></span> <span class='ocrx_word' id='word_1_402' title='bbox 1739 3555 2130 3624; x_wconf 73' lang='lat' dir='ltr'><strong>Androgynum</strong></span> 
     </span>
    </p>
   </div>
   <div class='ocr_carea' id='block_1_57' title="bbox 549 3645 2128 3734">
    <p class='ocr_par' dir='ltr' id='par_1_57' title="bbox 549 3645 2128 3734">
     <span class='ocr_line' id='line_1_57' title="bbox 549 3645 2128 3734; baseline -0.021 -6"><span class='ocrx_word' id='word_1_403' title='bbox 549 3687 719 3729; x_wconf 82' lang='lat' dir='ltr'><strong>uxore</strong></span> <span class='ocrx_word' id='word_1_404' title='bbox 749 3671 906 3724; x_wconf 88' lang='lat' dir='ltr'><strong>ducta</strong></span> <span class='ocrx_word' id='word_1_405' title='bbox 931 3663 1207 3734; x_wconf 87' lang='lat' dir='ltr'><strong>prioribus</strong></span> <span class='ocrx_word' id='word_1_406' title='bbox 1241 3674 1348 3714; x_wconf 92' lang='lat' dir='ltr'><strong>non</strong></span> <span class='ocrx_word' id='word_1_407' title='bbox 1379 3653 1706 3716; x_wconf 86' lang='lat' dir='ltr'><strong>absimilem,</strong></span> <span class='ocrx_word' id='word_1_408' title='bbox 1742 3663 1896 3704; x_wconf 89' lang='lat' dir='ltr'><strong>reum</strong></span> <span class='ocrx_word' id='word_1_409' title='bbox 1925 3645 2128 3702; x_wconf 88' lang='lat' dir='ltr'><strong>factum</strong></span> 
     </span>
    </p>
   </div>
   <div class='ocr_carea' id='block_1_58' title="bbox 550 3740 2132 3836">
    <p class='ocr_par' dir='ltr' id='par_1_58' title="bbox 550 3740 2132 3836">
     <span class='ocr_line' id='line_1_58' title="bbox 550 3740 2132 3836; baseline -0.02 -16"><span class='ocrx_word' id='word_1_410' title='bbox 550 3766 692 3836; x_wconf 82' lang='lat' dir='ltr'><strong>apud</strong></span> <span class='ocrx_word' id='word_1_411' title='bbox 719 3771 964 3818; x_wconf 83' lang='lat' dir='ltr'><strong>senatum</strong></span> <span class='ocrx_word' id='word_1_412' title='bbox 991 3756 1182 3822; x_wconf 85' lang='lat' dir='ltr'><strong>fuisse,</strong></span> <span class='ocrx_word' id='word_1_413' title='bbox 1225 3751 1318 3822; x_wconf 91' lang='lat' dir='ltr'><strong>qui</strong></span> <span class='ocrx_word' id='word_1_414' title='bbox 1345 3745 1760 3819; x_wconf 85' lang='lat' dir='ltr'><strong>superstitiosus</strong></span> <span class='ocrx_word' id='word_1_415' title='bbox 1787 3740 2042 3802; x_wconf 91' lang='lat' dir='ltr'><strong>nimium,</strong></span> <span class='ocrx_word' id='word_1_416' title='bbox 2074 3743 2132 3790; x_wconf 90' lang='lat' dir='ltr'><strong>et</strong></span> 
     </span>
    </p>
   </div>
   <div class='ocr_carea' id='block_1_59' title="bbox 549 3832 2129 3930">
    <p class='ocr_par' dir='ltr' id='par_1_59' title="bbox 549 3832 2129 3930">
     <span class='ocr_line' id='line_1_59' title="bbox 549 3832 2129 3930; baseline -0.02 -14"><span class='ocrx_word' id='word_1_417' title='bbox 549 3880 578 3916; x_wconf 79' lang='grc' dir='ltr'><strong>ιι</strong></span> <span class='ocrx_word' id='word_1_418' title='bbox 603 3856 906 3930; x_wconf 82' lang='lat' dir='ltr'><strong>Tyrrhenis</strong></span> <span class='ocrx_word' id='word_1_419' title='bbox 939 3849 1283 3919; x_wconf 89' lang='lat' dir='ltr'><strong>aruspicibus</strong></span> <span class='ocrx_word' id='word_1_420' title='bbox 1312 3855 1632 3915; x_wconf 88' lang='lat' dir='ltr'><strong>persuasus,</strong></span> <span class='ocrx_word' id='word_1_421' title='bbox 1659 3835 1934 3893; x_wconf 84' lang='lat' dir='ltr'><strong>hominem</strong></span> <span class='ocrx_word' id='word_1_422' title='bbox 1949 3832 2129 3885; x_wconf 89' lang='lat' dir='ltr'><strong>vivum</strong></span> 
     </span>
    </p>
   </div>
   <div class='ocr_carea' id='block_1_60' title="bbox 546 3923 2132 4020">
    <p class='ocr_par' dir='ltr' id='par_1_60' title="bbox 546 3923 2132 4020">
     <span class='ocr_line' id='line_1_60' title="bbox 546 3923 2132 4020; baseline -0.021 -13"><span class='ocrx_word' id='word_1_423' title='bbox 546 3951 711 4020; x_wconf 86' lang='lat' dir='ltr'><strong>jussit</strong></span> <span class='ocrx_word' id='word_1_424' title='bbox 735 3945 889 4002; x_wconf 79' lang='lat' dir='ltr'><strong>exuri</strong></span> <span class='ocrx_word' id='word_1_425' title='bbox 951 3941 1148 3998; x_wconf 85' lang='lat' dir='ltr'><strong>Verum</strong></span> <span class='ocrx_word' id='word_1_426' title='bbox 1183 3945 1408 3994; x_wconf 84' lang='lat' dir='ltr'><strong>senatus</strong></span> <span class='ocrx_word' id='word_1_427' title='bbox 1438 3934 1697 4004; x_wconf 80' lang='lat' dir='ltr'><strong>ignorans</strong></span> <span class='ocrx_word' id='word_1_428' title='bbox 1733 3927 2004 3990; x_wconf 81' lang='lat' dir='ltr'><strong>morbum,</strong></span> <span class='ocrx_word' id='word_1_429' title='bbox 2049 3923 2132 3976; x_wconf 85' lang='lat' dir='ltr'><strong>in-</strong></span> 
     </span>
    </p>
   </div>
   <div class='ocr_carea' id='block_1_61' title="bbox 547 4019 2131 4112">
    <p class='ocr_par' dir='ltr' id='par_1_61' title="bbox 547 4019 2131 4112">
     <span class='ocr_line' id='line_1_61' title="bbox 547 4019 2131 4112; baseline -0.021 -15"><span class='ocrx_word' id='word_1_430' title='bbox 547 4019 693 4112; x_wconf 67' lang='lat' dir='ltr'><strong>iuste</strong></span> <span class='ocrx_word' id='word_1_431' title='bbox 735 4042 880 4095; x_wconf 88' lang='lat' dir='ltr'><strong>hunc</strong></span> <span class='ocrx_word' id='word_1_432' title='bbox 924 4033 1120 4090; x_wconf 78' lang='lat' dir='ltr'><strong>similis</strong></span> <span class='ocrx_word' id='word_1_433' title='bbox 1173 4029 1594 4103; x_wconf 77' lang='lat' dir='ltr'><strong>participantem</strong></span> <span class='ocrx_word' id='word_1_434' title='bbox 1631 4019 1850 4090; x_wconf 86' lang='lat' dir='ltr'><strong>quidem</strong></span> <span class='ocrx_word' id='word_1_435' title='bbox 1901 4026 2131 4079; x_wconf 61' lang='lat' dir='ltr'><strong>naturae,</strong></span> 
     </span>
    </p>
   </div>
   <div class='ocr_carea' id='block_1_62' title="bbox 554 4106 2134 4192">
    <p class='ocr_par' dir='ltr' id='par_1_62' title="bbox 554 4106 2134 4192">
     <span class='ocr_line' id='line_1_62' title="bbox 554 4106 2134 4192; baseline -0.022 0"><span class='ocrx_word' id='word_1_436' title='bbox 554 4156 660 4192; x_wconf 90' lang='lat' dir='ltr'><strong>non</strong></span> <span class='ocrx_word' id='word_1_437' title='bbox 694 4148 878 4188; x_wconf 80' lang='lat' dir='ltr'><strong>revera</strong></span> <span class='ocrx_word' id='word_1_438' title='bbox 915 4139 1098 4183; x_wconf 90' lang='lat' dir='ltr'><strong>autem</strong></span> <span class='ocrx_word' id='word_1_439' title='bbox 1132 4132 1460 4186; x_wconf 88' lang='lat' dir='ltr'><strong>monstrum,</strong></span> <span class='ocrx_word' id='word_1_440' title='bbox 1491 4113 1795 4172; x_wconf 88' lang='lat' dir='ltr'><strong>damnavit.</strong></span> <span class='ocrx_word' id='word_1_441' title='bbox 1823 4110 1941 4165; x_wconf 77' lang='lat' dir='ltr'><strong>Non</strong></span> <span class='ocrx_word' id='word_1_442' title='bbox 1967 4106 2134 4160; x_wconf 87' lang='lat' dir='ltr'><strong>multo</strong></span> 
     </span>
    </p>
   </div>
   <div class='ocr_carea' id='block_1_63' title="bbox 555 4204 2138 4302">
    <p class='ocr_par' dir='ltr' id='par_1_63' title="bbox 555 4204 2138 4302">
     <span class='ocr_line' id='line_1_63' title="bbox 555 4204 2138 4302; baseline -0.021 -19"><span class='ocrx_word' id='word_1_443' title='bbox 555 4239 676 4302; x_wconf 89' lang='lat' dir='ltr'><strong>post</strong></span> <span class='ocrx_word' id='word_1_444' title='bbox 712 4226 1075 4281; x_wconf 84' lang='lat' dir='ltr'><strong>Athenienses</strong></span> <span class='ocrx_word' id='word_1_445' title='bbox 1107 4218 1297 4274; x_wconf 89' lang='lat' dir='ltr'><strong>eadem</strong></span> <span class='ocrx_word' id='word_1_446' title='bbox 1325 4215 1392 4269; x_wconf 91' lang='lat' dir='ltr'><strong>de</strong></span> <span class='ocrx_word' id='word_1_447' title='bbox 1417 4225 1582 4266; x_wconf 87' lang='lat' dir='ltr'><strong>causa</strong></span> <span class='ocrx_word' id='word_1_448' title='bbox 1611 4205 1860 4261; x_wconf 89' lang='lat' dir='ltr'><strong>morbum</strong></span> <span class='ocrx_word' id='word_1_449' title='bbox 1879 4204 2138 4272; x_wconf 82' lang='lat' dir='ltr'><strong>ignoran—</strong></span> 
     </span>
    </p>
   </div>
   <div class='ocr_carea' id='block_1_64' title="bbox 555 4293 2135 4390">
    <p class='ocr_par' dir='ltr' id='par_1_64' title="bbox 555 4293 2135 4390">
     <span class='ocr_line' id='line_1_64' title="bbox 555 4293 2135 4390; baseline -0.022 -11"><span class='ocrx_word' id='word_1_450' title='bbox 555 4335 661 4385; x_wconf 85' lang='lat' dir='ltr'><strong>tes,</strong></span> <span class='ocrx_word' id='word_1_451' title='bbox 689 4318 978 4390; x_wconf 89' lang='lat' dir='ltr'><strong>quemdam</strong></span> <span class='ocrx_word' id='word_1_452' title='bbox 1001 4315 1180 4369; x_wconf 86' lang='lat' dir='ltr'><strong>vivum</strong></span> <span class='ocrx_word' id='word_1_453' title='bbox 1218 4309 1291 4363; x_wconf 90' lang='lat' dir='ltr'><strong>ait</strong></span> <span class='ocrx_word' id='word_1_454' title='bbox 1327 4303 1624 4360; x_wconf 79' lang='lat' dir='ltr'><strong>cxussisse.</strong></span> <span class='ocrx_word' id='word_1_455' title='bbox 1660 4297 1943 4366; x_wconf 78' lang='lat' dir='ltr'><strong>Nugautur</strong></span> <span class='ocrx_word' id='word_1_456' title='bbox 1970 4293 2135 4347; x_wconf 90' lang='lat' dir='ltr'><strong>etiam</strong></span> 
     </span>
    </p>
   </div>
   <div class='ocr_carea' id='block_1_65' title="bbox 555 4387 2136 4484">
    <p class='ocr_par' dir='ltr' id='par_1_65' title="bbox 555 4387 2136 4484">
     <span class='ocr_line' id='line_1_65' title="bbox 555 4387 2136 4484; baseline -0.02 -18"><span class='ocrx_word' id='word_1_457' title='bbox 555 4387 779 4484; x_wconf 74' lang='lat' dir='ltr'><strong>quidam</strong></span> <span class='ocrx_word' id='word_1_458' title='bbox 806 4413 1026 4481; x_wconf 65' lang='lat' dir='ltr'><strong>Ity-uenas</strong></span> <span class='ocrx_word' id='word_1_459' title='bbox 1058 4404 1344 4470; x_wconf 88' lang='lat' dir='ltr'><strong>utriusque</strong></span> <span class='ocrx_word' id='word_1_460' title='bbox 1366 4405 1576 4453; x_wconf 70' lang='lat' dir='ltr'><strong>naturae</strong></span> <span class='ocrx_word' id='word_1_461' title='bbox 1597 4405 1721 4446; x_wconf 85' lang='lat' dir='ltr'><strong>esse</strong></span> <span class='ocrx_word' id='word_1_462' title='bbox 1748 4387 1884 4455; x_wconf 72' lang='lat'><strong>(56),</strong></span> <span class='ocrx_word' id='word_1_463' title='bbox 1915 4394 1970 4439; x_wconf 89' lang='lat' dir='ltr'><strong>et</strong></span> <span class='ocrx_word' id='word_1_464' title='bbox 1994 4387 2136 4438; x_wconf 86' lang='lat' dir='ltr'><strong>intra</strong></span> 
     </span>
    </p>
   </div>
   <div class='ocr_carea' id='block_1_66' title="bbox 557 4475 2136 4562">
    <p class='ocr_par' dir='ltr' id='par_1_66' title="bbox 557 4475 2136 4562">
     <span class='ocr_line' id='line_1_66' title="bbox 557 4475 2136 4562; baseline -0.023 0"><span class='ocrx_word' id='word_1_465' title='bbox 557 4522 758 4562; x_wconf 88' lang='lat' dir='ltr'><strong>annum</strong></span> <span class='ocrx_word' id='word_1_466' title='bbox 796 4503 896 4558; x_wconf 89' lang='lat' dir='ltr'><strong>sibi</strong></span> <span class='ocrx_word' id='word_1_467' title='bbox 924 4499 1156 4554; x_wconf 84' lang='lat' dir='ltr'><strong>invicem</strong></span> <span class='ocrx_word' id='word_1_468' title='bbox 1199 4494 1382 4555; x_wconf 89' lang='lat' dir='ltr'><strong>coire;</strong></span> <span class='ocrx_word' id='word_1_469' title='bbox 1413 4486 1507 4542; x_wconf 90' lang='lat' dir='ltr'><strong>sed</strong></span> <span class='ocrx_word' id='word_1_470' title='bbox 1541 4499 1628 4537; x_wconf 91' lang='lat' dir='ltr'><strong>res</strong></span> <span class='ocrx_word' id='word_1_471' title='bbox 1664 4488 1776 4535; x_wconf 82' lang='lat' dir='ltr'><strong>tota</strong></span> <span class='ocrx_word' id='word_1_472' title='bbox 1811 4478 1966 4532; x_wconf 78' lang='lat' dir='ltr'><strong>falsa.</strong></span> <span class='ocrx_word' id='word_1_473' title='bbox 1999 4475 2136 4529; x_wconf 87' lang='lat' dir='ltr'><strong>Nam</strong></span> 
     </span>
    </p>
   </div>
   <div class='ocr_carea' id='block_1_67' title="bbox 559 4570 2138 4666">
    <p class='ocr_par' dir='ltr' id='par_1_67' title="bbox 559 4570 2138 4666">
     <span class='ocr_line' id='line_1_67' title="bbox 559 4570 2138 4666; baseline -0.025 -9"><span class='ocrx_word' id='word_1_474' title='bbox 559 4611 851 4666; x_wconf 87' lang='lat' dir='ltr'><strong>utramque</strong></span> <span class='ocrx_word' id='word_1_475' title='bbox 891 4604 1142 4652; x_wconf 85' lang='lat' dir='ltr'><strong>naturam</strong></span> <span class='ocrx_word' id='word_1_476' title='bbox 1190 4583 1522 4653; x_wconf 87' lang='lat' dir='ltr'><strong>simplicem.</strong></span> <span class='ocrx_word' id='word_1_477' title='bbox 1571 4587 1626 4630; x_wconf 88' lang='lat' dir='ltr'><strong>et</strong></span> <span class='ocrx_word' id='word_1_478' title='bbox 1667 4590 1774 4630; x_wconf 91' lang='lat' dir='ltr'><strong>non</strong></span> <span class='ocrx_word' id='word_1_479' title='bbox 1823 4570 2138 4641; x_wconf 87' lang='lat' dir='ltr'><strong>perrnistam</strong></span> 
     </span>
    </p>
   </div>
   <div class='ocr_carea' id='block_1_68' title="bbox 557 4663 2223 4757">
    <p class='ocr_par' dir='ltr' id='par_1_68' title="bbox 557 4663 2223 4757">
     <span class='ocr_line' id='line_1_68' title="bbox 557 4663 2223 4757; baseline -0.025 -7"><span class='ocrx_word' id='word_1_480' title='bbox 557 4663 781 4757; x_wconf 76' lang='lat' dir='ltr'><strong>habent,</strong></span> <span class='ocrx_word' id='word_1_481' title='bbox 823 4697 879 4742; x_wconf 88' lang='lat' dir='ltr'><strong>et</strong></span> <span class='ocrx_word' id='word_1_482' title='bbox 911 4685 1051 4740; x_wconf 90' lang='lat' dir='ltr'><strong>male</strong></span> <span class='ocrx_word' id='word_1_483' title='bbox 1087 4678 1430 4736; x_wconf 85' lang='lat' dir='ltr'><strong>tradiderunt</strong></span> <span class='ocrx_word' id='word_1_484' title='bbox 1469 4672 1530 4735; x_wconf 89' lang='lat' dir='ltr'><strong>ii,</strong></span> <span class='ocrx_word' id='word_1_485' title='bbox 1582 4669 1673 4739; x_wconf 88' lang='lat' dir='ltr'><strong>qui</strong></span> <span class='ocrx_word' id='word_1_486' title='bbox 1709 4676 1915 4720; x_wconf 86' lang='lat' dir='ltr'><strong>temere</strong></span> <span class='ocrx_word' id='word_1_487' title='bbox 1949 4663 2137 4716; x_wconf 88' lang='lat' dir='ltr'><strong>obser-</strong></span> <span class='ocrx_word' id='word_1_488' title='bbox 2170 4694 2223 4753; x_wconf 82' lang='lat' dir='ltr'><strong>D</strong></span> 
     </span>
    </p>
   </div>
   <div class='ocr_carea' id='block_1_69' title="bbox 561 4753 2140 4841">
    <p class='ocr_par' dir='ltr' id='par_1_69' title="bbox 561 4753 2140 4841">
     <span class='ocr_line' id='line_1_69' title="bbox 561 4753 2140 4841; baseline -0.022 -3"><span class='ocrx_word' id='word_1_489' title='bbox 561 4753 777 4841; x_wconf 79' lang='lat' dir='ltr'><strong>varuut.</strong></span> <span class='ocrx_word' id='word_1_490' title='bbox 825 4776 1074 4836; x_wconf 81' lang='lat' dir='ltr'><strong>Muliebri</strong></span> <span class='ocrx_word' id='word_1_491' title='bbox 1114 4770 1268 4829; x_wconf 78' lang='lat' dir='ltr'><strong>sexui</strong></span> <span class='ocrx_word' id='word_1_492' title='bbox 1301 4765 1514 4834; x_wconf 74' lang='lat' dir='ltr'><strong>adiacet</strong></span> <span class='ocrx_word' id='word_1_493' title='bbox 1557 4761 1815 4831; x_wconf 85' lang='lat' dir='ltr'><strong>quiddam</strong></span> <span class='ocrx_word' id='word_1_494' title='bbox 1848 4753 2027 4810; x_wconf 84' lang='lat' dir='ltr'><strong>simile</strong></span> <span class='ocrx_word' id='word_1_495' title='bbox 2053 4767 2140 4806; x_wconf 90' lang='lat' dir='ltr'><strong>se-</strong></span> 
     </span>
    </p>
   </div>
   <div class='ocr_carea' id='block_1_70' title="bbox 559 4841 2141 4935">
    <p class='ocr_par' dir='ltr' id='par_1_70' title="bbox 559 4841 2141 4935">
     <span class='ocr_line' id='line_1_70' title="bbox 559 4841 2141 4935; baseline -0.027 0"><span class='ocrx_word' id='word_1_496' title='bbox 559 4878 800 4935; x_wconf 89' lang='lat' dir='ltr'><strong>cundum</strong></span> <span class='ocrx_word' id='word_1_497' title='bbox 843 4879 1096 4926; x_wconf 84' lang='lat' dir='ltr'><strong>naturam</strong></span> <span class='ocrx_word' id='word_1_498' title='bbox 1140 4859 1281 4932; x_wconf 84' lang='lat' dir='ltr'><strong>parti</strong></span> <span class='ocrx_word' id='word_1_499' title='bbox 1326 4855 1510 4917; x_wconf 83' lang='lat' dir='ltr'><strong>virili,</strong></span> <span class='ocrx_word' id='word_1_500' title='bbox 1568 4861 1623 4906; x_wconf 88' lang='lat' dir='ltr'><strong>et</strong></span> <span class='ocrx_word' id='word_1_501' title='bbox 1669 4848 1813 4902; x_wconf 87' lang='lat' dir='ltr'><strong>virili</strong></span> <span class='ocrx_word' id='word_1_502' title='bbox 1862 4841 2141 4900; x_wconf 82' lang='lat' dir='ltr'><strong>contrario</strong></span> 
     </span>
    </p>
   </div>
   <div class='ocr_carea' id='block_1_71' title="bbox 562 4938 2140 5035">
    <p class='ocr_par' dir='ltr' id='par_1_71' title="bbox 562 4938 2140 5035">
     <span class='ocr_line' id='line_1_71' title="bbox 562 4938 2140 5035; baseline -0.025 -9"><span class='ocrx_word' id='word_1_503' title='bbox 562 4971 724 5026; x_wconf 89' lang='lat' dir='ltr'><strong>modo</strong></span> <span class='ocrx_word' id='word_1_504' title='bbox 749 4965 892 5035; x_wconf 87' lang='lat' dir='ltr'><strong>quod</strong></span> <span class='ocrx_word' id='word_1_505' title='bbox 930 4959 1133 5016; x_wconf 87' lang='lat' dir='ltr'><strong>referat</strong></span> <span class='ocrx_word' id='word_1_506' title='bbox 1153 4954 1389 5021; x_wconf 89' lang='lat' dir='ltr'><strong>speciem</strong></span> <span class='ocrx_word' id='word_1_507' title='bbox 1415 4945 1717 5002; x_wconf 81' lang='lat' dir='ltr'><strong>muliebris.</strong></span> <span class='ocrx_word' id='word_1_508' title='bbox 1746 4941 1873 4996; x_wconf 68' lang='lat' dir='ltr'><strong>llscc</strong></span> <span class='ocrx_word' id='word_1_509' title='bbox 1921 4938 2140 5007; x_wconf 87' lang='lat' dir='ltr'><strong>quidem</strong></span> 
     </span>
    </p>
   </div>
   <div class='ocr_carea' id='block_1_72' title="bbox 563 5031 2144 5119">
    <p class='ocr_par' dir='ltr' id='par_1_72' title="bbox 563 5031 2144 5119">
     <span class='ocr_line' id='line_1_72' title="bbox 563 5031 2144 5119; baseline -0.025 0"><span class='ocrx_word' id='word_1_510' title='bbox 563 5065 630 5119; x_wconf 90' lang='lat' dir='ltr'><strong>de</strong></span> <span class='ocrx_word' id='word_1_511' title='bbox 659 5059 912 5116; x_wconf 86' lang='lat' dir='ltr'><strong>omnibus</strong></span> <span class='ocrx_word' id='word_1_512' title='bbox 942 5049 1268 5107; x_wconf 85' lang='lat' dir='ltr'><strong>animalibus</strong></span> <span class='ocrx_word' id='word_1_513' title='bbox 1297 5060 1401 5100; x_wconf 91' lang='lat' dir='ltr'><strong>non</strong></span> <span class='ocrx_word' id='word_1_514' title='bbox 1431 5036 1828 5097; x_wconf 87' lang='lat' dir='ltr'><strong>crescentibus,</strong></span> <span class='ocrx_word' id='word_1_515' title='bbox 1852 5041 1903 5087; x_wconf 89' lang='lat' dir='ltr'><strong>ct</strong></span> <span class='ocrx_word' id='word_1_516' title='bbox 1932 5031 1997 5083; x_wconf 91' lang='lat' dir='ltr'><strong>ad</strong></span> <span class='ocrx_word' id='word_1_517' title='bbox 2022 5043 2144 5098; x_wconf 89' lang='lat' dir='ltr'><strong>per-</strong></span> 
     </span>
    </p>
   </div>
   <div class='ocr_carea' id='block_1_73' title="bbox 564 5125 2141 5211">
    <p class='ocr_par' dir='ltr' id='par_1_73' title="bbox 564 5125 2141 5211">
     <span class='ocr_line' id='line_1_73' title="bbox 564 5125 2141 5211; baseline -0.023 0"><span class='ocrx_word' id='word_1_518' title='bbox 564 5157 765 5211; x_wconf 89' lang='lat' dir='ltr'><strong>fectum</strong></span> <span class='ocrx_word' id='word_1_519' title='bbox 821 5152 1216 5205; x_wconf 85' lang='lat' dir='ltr'><strong>incrementum</strong></span> <span class='ocrx_word' id='word_1_520' title='bbox 1270 5138 1578 5208; x_wconf 78' lang='lat' dir='ltr'><strong>pertingere</strong></span> <span class='ocrx_word' id='word_1_521' title='bbox 1631 5146 1735 5184; x_wconf 90' lang='lat' dir='ltr'><strong>non</strong></span> <span class='ocrx_word' id='word_1_522' title='bbox 1805 5125 2141 5186; x_wconf 88' lang='lat' dir='ltr'><strong>valentibus,</strong></span> 
     </span>
    </p>
   </div>
   <div class='ocr_carea' id='block_1_74' title="bbox 565 5216 2142 5318">
    <p class='ocr_par' dir='ltr' id='par_1_74' title="bbox 565 5216 2142 5318">
     <span class='ocr_line' id='line_1_74' title="bbox 565 5216 2142 5318; baseline -0.023 -17"><span class='ocrx_word' id='word_1_523' title='bbox 565 5247 814 5318; x_wconf 83' lang='lat' dir='ltr'><strong>quamvis</strong></span> <span class='ocrx_word' id='word_1_524' title='bbox 854 5243 1022 5296; x_wconf 79' lang='lat' dir='ltr'><strong>multa</strong></span> <span class='ocrx_word' id='word_1_525' title='bbox 1079 5249 1131 5291; x_wconf 88' lang='lat' dir='ltr'><strong>et</strong></span> <span class='ocrx_word' id='word_1_526' title='bbox 1157 5235 1306 5287; x_wconf 85' lang='lat' dir='ltr'><strong>varia</strong></span> <span class='ocrx_word' id='word_1_527' title='bbox 1346 5242 1532 5284; x_wconf 86' lang='lat' dir='ltr'><strong>revera</strong></span> <span class='ocrx_word' id='word_1_528' title='bbox 1590 5219 1842 5278; x_wconf 82' lang='lat' dir='ltr'><strong>accidant</strong></span> <span class='ocrx_word' id='word_1_529' title='bbox 1873 5216 2142 5287; x_wconf 69' lang='lat' dir='ltr'><strong>prodigia,</strong></span> 
     </span>
    </p>
   </div>
   <div class='ocr_carea' id='block_1_75' title="bbox 566 5315 1793 5410">
    <p class='ocr_par' dir='ltr' id='par_1_75' title="bbox 566 5315 1793 5410">
     <span class='ocr_line' id='line_1_75' title="bbox 566 5315 1793 5410; baseline -0.027 -14"><span class='ocrx_word' id='word_1_530' title='bbox 566 5342 711 5396; x_wconf 85' lang='lat' dir='ltr'><strong>dicta</strong></span> <span class='ocrx_word' id='word_1_531' title='bbox 747 5346 874 5410; x_wconf 80' lang='lat' dir='ltr'><strong>sunt</strong></span> <span class='ocrx_word' id='word_1_532' title='bbox 907 5336 971 5387; x_wconf 86' lang='lat' dir='ltr'><strong>ad</strong></span> <span class='ocrx_word' id='word_1_533' title='bbox 999 5326 1442 5397; x_wconf 83' lang='lat' dir='ltr'><strong>superstitionem</strong></span> <span class='ocrx_word' id='word_1_534' title='bbox 1481 5315 1793 5370; x_wconf 85' lang='lat' dir='ltr'><strong>tollendam.</strong></span> 
     </span>
    </p>
   </div>
   <div class='ocr_carea' id='block_1_76' title="bbox 566 5433 802 5504">
    <p class='ocr_par' dir='ltr' id='par_1_76' title="bbox 566 5433 802 5504">
     <span class='ocr_line' id='line_1_76' title="bbox 566 5433 802 5504; baseline -0.021 -16"><span class='ocrx_word' id='word_1_535' title='bbox 566 5433 802 5504; x_wconf 73' lang='grc' dir='ltr'>φύσεως.</span> 
     </span>
    </p>
   </div>
   <div class='ocr_carea' id='block_1_77' title="bbox 2309 2602 3822 2699">
    <p class='ocr_par' dir='ltr' id='par_1_77' title="bbox 2309 2602 3822 2699">
     <span class='ocr_line' id='line_1_77' title="bbox 2309 2602 3822 2699; baseline -0.02 -17"><span class='ocrx_word' id='word_1_536' title='bbox 2309 2627 2541 2699; x_wconf 78' lang='grc' dir='ltr'>Ὁμοίως</span> <span class='ocrx_word' id='word_1_537' title='bbox 2569 2623 2613 2676; x_wconf 80' lang='grc' dir='ltr'>δ’</span> <span class='ocrx_word' id='word_1_538' title='bbox 2647 2623 2702 2675; x_wconf 82' lang='grc' dir='ltr'>ὲν</span> <span class='ocrx_word' id='word_1_539' title='bbox 2729 2622 2795 2690; x_wconf 81' lang='grc' dir='ltr'>τῇ</span> <span class='ocrx_word' id='word_1_540' title='bbox 2829 2614 3104 2670; x_wconf 86' lang='grc' dir='ltr'>Νεαπόλει</span> <span class='ocrx_word' id='word_1_541' title='bbox 3160 2610 3256 2664; x_wconf 73' lang='grc' dir='ltr'><strong>καὶ</strong></span> <span class='ocrx_word' id='word_1_542' title='bbox 3311 2607 3430 2660; x_wconf 85' lang='grc' dir='ltr'>κατ’</span> <span class='ocrx_word' id='word_1_543' title='bbox 3484 2604 3679 2666; x_wconf 83' lang='grc' dir='ltr'>ἄλλους</span> <span class='ocrx_word' id='word_1_544' title='bbox 3724 2602 3822 2656; x_wconf 82' lang='grc' dir='ltr'>τό·</span> 
     </span>
    </p>
   </div>
   <div class='ocr_carea' id='block_1_78' title="bbox 2225 2698 3822 2784">
    <p class='ocr_par' dir='ltr' id='par_1_78' title="bbox 2225 2698 3822 2784">
     <span class='ocr_line' id='line_1_78' title="bbox 2225 2698 3822 2784; baseline -0.019 -7"><span class='ocrx_word' id='word_1_545' title='bbox 2225 2739 2360 2784; x_wconf 86' lang='grc' dir='ltr'>πους</span> <span class='ocrx_word' id='word_1_546' title='bbox 2381 2717 2686 2778; x_wconf 61' lang='grc' dir='ltr'>πλείοναςπ</span> <span class='ocrx_word' id='word_1_547' title='bbox 2709 2709 3049 2780; x_wconf 79' lang='grc' dir='ltr'>ἱστοροῦνται</span> <span class='ocrx_word' id='word_1_548' title='bbox 3077 2702 3358 2774; x_wconf 85' lang='grc' dir='ltr'>γεγονέναι</span> <span class='ocrx_word' id='word_1_549' title='bbox 3377 2698 3626 2752; x_wconf 81' lang='grc' dir='ltr'>τοιαῦται</span> <span class='ocrx_word' id='word_1_550' title='bbox 3662 2713 3822 2766; x_wconf 86' lang='grc' dir='ltr'>περι-</span> 
     </span>
    </p>
   </div>
   <div class='ocr_carea' id='block_1_79' title="bbox 2223 2790 3815 2878">
    <p class='ocr_par' dir='ltr' id='par_1_79' title="bbox 2223 2790 3815 2878">
     <span class='ocr_line' id='line_1_79' title="bbox 2223 2790 3815 2878; baseline -0.019 -9"><span class='ocrx_word' id='word_1_551' title='bbox 2223 2815 2458 2877; x_wconf 87' lang='grc' dir='ltr'>πέτειαι,</span> <span class='ocrx_word' id='word_1_552' title='bbox 2481 2810 2580 2864; x_wconf 83' lang='grc' dir='ltr'><strong>οὐκ</strong></span> <span class='ocrx_word' id='word_1_553' title='bbox 2609 2807 2836 2878; x_wconf 75' lang='grc' dir='ltr'>ἄρρενος</span> <span class='ocrx_word' id='word_1_554' title='bbox 2861 2802 2956 2856; x_wconf 72' lang='grc' dir='ltr'><strong>καὶ</strong></span> <span class='ocrx_word' id='word_1_555' title='bbox 2991 2797 3210 2870; x_wconf 72' lang='grc' dir='ltr'>θηλείας</span> <span class='ocrx_word' id='word_1_556' title='bbox 3250 2792 3466 2861; x_wconf 74' lang='grc' dir='ltr'>φύσεως</span> <span class='ocrx_word' id='word_1_557' title='bbox 3493 2793 3570 2852; x_wconf 80' lang='grc' dir='ltr'>εἰς</span> <span class='ocrx_word' id='word_1_558' title='bbox 3616 2790 3815 2858; x_wconf 81' lang='grc' dir='ltr'>δίμορ-</span> 
     </span>
    </p>
   </div>
   <div class='ocr_carea' id='block_1_80' title="bbox 2227 2881 3823 2974">
    <p class='ocr_par' dir='ltr' id='par_1_80' title="bbox 2227 2881 3823 2974">
     <span class='ocr_line' id='line_1_80' title="bbox 2227 2881 3823 2974; baseline -0.018 -16"><span class='ocrx_word' id='word_1_559' title='bbox 2227 2922 2326 2974; x_wconf 84' lang='grc' dir='ltr'>φον</span> <span class='ocrx_word' id='word_1_560' title='bbox 2361 2902 2533 2955; x_wconf 86' lang='grc' dir='ltr'>τύπον</span> <span class='ocrx_word' id='word_1_561' title='bbox 2557 2899 2602 2930; x_wconf 75' lang='grc'><strong>⁷⁸</strong></span> <span class='ocrx_word' id='word_1_562' title='bbox 2629 2891 3130 2966; x_wconf 79' lang='grc' dir='ltr'>δημιουργηθείσης</span> <span class='ocrx_word' id='word_1_563' title='bbox 3165 2888 3449 2954; x_wconf 76' lang='grc' dir='ltr'>(ἀδύνατον</span> <span class='ocrx_word' id='word_1_564' title='bbox 3476 2882 3584 2951; x_wconf 74' lang='grc' dir='ltr'><strong>γὰρ</strong></span> <span class='ocrx_word' id='word_1_565' title='bbox 3613 2881 3823 2944; x_wconf 80' lang='grc' dir='ltr'>τοῦτο),</span> 
     </span>
     <span class='ocr_line' id='line_1_81' title="bbox 3572 2951 3823 2974; baseline -0.016 4"><span class='ocrx_word' id='word_1_566' title='bbox 3572 2973 3580 2974; x_wconf 42' lang='grc' dir='ltr'><em>κ</em></span> <span class='ocrx_word' id='word_1_567' title='bbox 3645 2973 3648 2974; x_wconf 47' lang='grc' dir='ltr'><em>ν</em></span> <span class='ocrx_word' id='word_1_568' title='bbox 3684 2973 3690 2974; x_wconf 37' lang='grc' dir='ltr'><em>κ</em></span> <span class='ocrx_word' id='word_1_569' title='bbox 3711 2972 3726 2974; x_wconf 86' lang='grc'><strong>-</strong></span> <span class='ocrx_word' id='word_1_570' title='bbox 3759 2973 3767 2974; x_wconf 35' lang='grc' dir='ltr'><em>κ</em></span> <span class='ocrx_word' id='word_1_571' title='bbox 3807 2951 3823 2974; x_wconf 84' lang='grc' dir='ltr'><strong>⁴Ι</strong></span> 
     </span>
    </p>
   </div>
   <div class='ocr_carea' id='block_1_81' title="bbox 2225 2951 3826 3061">
    <p class='ocr_par' dir='ltr' id='par_1_81' title="bbox 2225 2951 3826 3061">
     <span class='ocr_line' id='line_1_82' title="bbox 2225 2951 3826 3061; baseline -0.017 -13"><span class='ocrx_word' id='word_1_572' title='bbox 2508 2951 2720 3058; x_wconf 62' lang='grc' dir='ltr'>φύσεως</span> <span class='ocrx_word' id='word_1_573' title='bbox 2745 2951 2842 3038; x_wconf 48' lang='grc' dir='ltr'><strong>διὰ,</strong></span> <span class='ocrx_word' id='word_1_574' title='bbox 2980 2980 3074 3034; x_wconf 89' lang='grc' dir='ltr'><strong>τοῦ</strong></span> <span class='ocrx_word' id='word_1_575' title='bbox 3088 2951 3346 3049; x_wconf 43' lang='grc' dir='ltr'>’σώματος</span> <span class='ocrx_word' id='word_1_576' title='bbox 3365 2975 3548 3045; x_wconf 81' lang='grc' dir='ltr'>μερῶν</span> <span class='ocrx_word' id='word_1_577' title='bbox 3570 2972 3739 3045; x_wconf 74' lang='grc'><strong>[1149</strong></span> <span class='ocrx_word' id='word_1_578' title='bbox 3756 2951 3826 3025; x_wconf 71' lang='lat' dir='ltr'><strong>lii</strong></span> 
     </span>
    </p>
   </div>
   <div class='ocr_carea' id='block_1_82' title="bbox 2229 3064 3830 3157">
    <p class='ocr_par' dir='ltr' id='par_1_82' title="bbox 2229 3064 3830 3157">
     <span class='ocr_line' id='line_1_83' title="bbox 2229 3064 3830 3157; baseline -0.017 -17"><span class='ocrx_word' id='word_1_579' title='bbox 2229 3081 2722 3157; x_wconf 79' lang='grc' dir='ltr'>ψευδογραφούσης</span> <span class='ocrx_word' id='word_1_580' title='bbox 2770 3080 2849 3140; x_wconf 89' lang='grc' dir='ltr'><strong>είς</strong></span> <span class='ocrx_word' id='word_1_581' title='bbox 2896 3071 3160 3144; x_wconf 77' lang='grc' dir='ltr'>ἔκπληξιν</span> <span class='ocrx_word' id='word_1_582' title='bbox 3205 3072 3296 3125; x_wconf 72' lang='grc' dir='ltr'><strong>καὶ</strong></span> <span class='ocrx_word' id='word_1_583' title='bbox 3338 3072 3556 3137; x_wconf 71' lang='grc' dir='ltr'>ἀπάτην</span> <span class='ocrx_word' id='word_1_584' title='bbox 3584 3066 3695 3117; x_wconf 78' lang='grc' dir='ltr'><strong>τῶν</strong></span> <span class='ocrx_word' id='word_1_585' title='bbox 3725 3064 3830 3116; x_wconf 88' lang='grc' dir='ltr'>ἀν-</span> 
     </span>
    </p>
   </div>
   <div class='ocr_carea' id='block_1_83' title="bbox 2227 3155 3827 3250">
    <p class='ocr_par' dir='ltr' id='par_1_83' title="bbox 2227 3155 3827 3250">
     <span class='ocr_line' id='line_1_84' title="bbox 2227 3155 3827 3250; baseline -0.017 -17"><span class='ocrx_word' id='word_1_586' title='bbox 2227 3176 2484 3250; x_wconf 82' lang='grc' dir='ltr'>θρώπων.</span> <span class='ocrx_word' id='word_1_587' title='bbox 2515 3174 2716 3242; x_wconf 87' lang='grc' dir='ltr'>Διόπερ</span> <span class='ocrx_word' id='word_1_588' title='bbox 2749 3169 2843 3222; x_wconf 75' lang='grc' dir='ltr'><strong>καὶ</strong></span> <span class='ocrx_word' id='word_1_589' title='bbox 2864 3169 2909 3200; x_wconf 80' lang='grc'><strong>⁷⁸</strong></span> <span class='ocrx_word' id='word_1_590' title='bbox 2935 3167 3095 3238; x_wconf 81' lang='grc' dir='ltr'>ἡμεῖς</span> <span class='ocrx_word' id='word_1_591' title='bbox 3131 3163 3228 3226; x_wconf 86' lang='grc' dir='ltr'><strong>τάς</strong></span> <span class='ocrx_word' id='word_1_592' title='bbox 3278 3159 3636 3231; x_wconf 80' lang='grc' dir='ltr'>περιπετείας</span> <span class='ocrx_word' id='word_1_593' title='bbox 3689 3155 3827 3208; x_wconf 73' lang='grc' dir='ltr'>ταύ-</span> 
     </span>
    </p>
   </div>
   <div class='ocr_carea' id='block_1_84' title="bbox 2226 3250 3828 3338">
    <p class='ocr_par' dir='ltr' id='par_1_84' title="bbox 2226 3250 3828 3338">
     <span class='ocr_line' id='line_1_85' title="bbox 2226 3250 3828 3338; baseline -0.012 -15"><span class='ocrx_word' id='word_1_594' title='bbox 2226 3289 2324 3334; x_wconf 88' lang='grc' dir='ltr'><strong>τας</strong></span> <span class='ocrx_word' id='word_1_595' title='bbox 2350 3265 2674 3338; x_wconf 81' lang='grc' dir='ltr'>ἀναγραφῆς</span> <span class='ocrx_word' id='word_1_596' title='bbox 2704 3259 3040 3334; x_wconf 76' lang='grc' dir='ltr'>ἠξιώσαμεν,</span> <span class='ocrx_word' id='word_1_597' title='bbox 3061 3258 3120 3310; x_wconf 78' lang='grc' dir='ltr'><strong>οὐ</strong></span> <span class='ocrx_word' id='word_1_598' title='bbox 3151 3253 3515 3326; x_wconf 73' lang='grc' dir='ltr'>ψυχαγωγίας</span> <span class='ocrx_word' id='word_1_599' title='bbox 3535 3251 3652 3304; x_wconf 75' lang='grc' dir='ltr'>ἀλλ’</span> <span class='ocrx_word' id='word_1_600' title='bbox 3678 3250 3828 3318; x_wconf 58' lang='grc' dir='ltr'><strong>ὡφε-</strong></span> 
     </span>
    </p>
   </div>
   <div class='ocr_carea' id='block_1_85' title="bbox 950 3340 2129 3457">
    <p class='ocr_par' dir='ltr' id='par_1_85' title="bbox 950 3366 2122 3457">
     <span class='ocr_line' id='line_1_86' title="bbox 950 3366 2122 3457; baseline -0.019 -16"><span class='ocrx_word' id='word_1_601' title='bbox 950 3385 1196 3457; x_wconf 81' lang='lat' dir='ltr'><strong>prodigia</strong></span> <span class='ocrx_word' id='word_1_602' title='bbox 1239 3395 1382 3442; x_wconf 88' lang='lat' dir='ltr'><strong>esse,</strong></span> <span class='ocrx_word' id='word_1_603' title='bbox 1429 3391 1530 3432; x_wconf 89' lang='lat' dir='ltr'><strong>nec</strong></span> <span class='ocrx_word' id='word_1_604' title='bbox 1568 3375 1745 3430; x_wconf 88' lang='lat' dir='ltr'><strong>solum</strong></span> <span class='ocrx_word' id='word_1_605' title='bbox 1787 3370 1985 3434; x_wconf 87' lang='lat' dir='ltr'><strong>rudes,</strong></span> <span class='ocrx_word' id='word_1_606' title='bbox 2028 3366 2122 3422; x_wconf 88' lang='lat' dir='ltr'><strong>sed</strong></span> 
     </span>
    </p>
   </div>
   <div class='ocr_carea' id='block_1_86' title="bbox 2233 3340 3829 3457">
    <p class='ocr_par' dir='ltr' id='par_1_86' title="bbox 2233 3340 3829 3457">
     <span class='ocr_line' id='line_1_87' title="bbox 2233 3340 3829 3426; baseline -0.016 -8"><span class='ocrx_word' id='word_1_607' title='bbox 2233 3363 2375 3426; x_wconf 89' lang='grc' dir='ltr'>λείας</span> <span class='ocrx_word' id='word_1_608' title='bbox 2405 3362 2567 3415; x_wconf 69' lang='grc' dir='ltr'>ἕνεκα</span> <span class='ocrx_word' id='word_1_609' title='bbox 2597 3357 2706 3412; x_wconf 85' lang='grc' dir='ltr'>τῶν</span> <span class='ocrx_word' id='word_1_610' title='bbox 2732 3350 3241 3422; x_wconf 73' lang='grc' dir='ltr'>ἀναγινωσκόντων.</span> <span class='ocrx_word' id='word_1_611' title='bbox 3302 3344 3500 3397; x_wconf 78' lang='grc' dir='ltr'>Πολλοὶ</span> <span class='ocrx_word' id='word_1_612' title='bbox 3523 3345 3635 3411; x_wconf 73' lang='grc' dir='ltr'><strong>γὰρ</strong></span> <span class='ocrx_word' id='word_1_613' title='bbox 3661 3340 3829 3410; x_wconf 85' lang='grc' dir='ltr'>τέρα-</span> 
     </span>
     <span class='ocr_line' id='line_1_88' title="bbox 2378 3435 3807 3457; baseline 0 0"><span class='ocrx_word' id='word_1_614' title='bbox 2378 3456 2382 3457; x_wconf 64' lang='lat'><strong><em>,</em></strong></span> <span class='ocrx_word' id='word_1_615' title='bbox 2583 3451 2605 3457; x_wconf 50' lang='grc' dir='ltr'><strong>Α</strong></span> <span class='ocrx_word' id='word_1_616' title='bbox 2851 3447 2898 3457; x_wconf 72' lang='grc'><strong>..-</strong></span> <span class='ocrx_word' id='word_1_617' title='bbox 3147 3439 3167 3457; x_wconf 70' lang='grc' dir='ltr'><strong>ο</strong></span> <span class='ocrx_word' id='word_1_618' title='bbox 3317 3440 3339 3457; x_wconf 59' lang='grc' dir='ltr'>δ</span> <span class='ocrx_word' id='word_1_619' title='bbox 3413 3456 3420 3457; x_wconf 59' lang='lat'><strong><em>,</em></strong></span> <span class='ocrx_word' id='word_1_620' title='bbox 3458 3435 3807 3457; x_wconf 55' lang='lat' dir='ltr'><strong>ﬁ--_,_,___._--.</strong></span> 
     </span>
    </p>
   </div>
   <div class='ocr_carea' id='block_1_87' title="bbox 2229 3435 3830 3519">
    <p class='ocr_par' dir='ltr' id='par_1_87' title="bbox 2229 3435 3830 3519">
     <span class='ocr_line' id='line_1_89' title="bbox 2229 3435 3830 3519; baseline -0.017 -7"><span class='ocrx_word' id='word_1_621' title='bbox 2229 3474 2298 3512; x_wconf 86' lang='grc' dir='ltr'><strong>τα</strong></span> <span class='ocrx_word' id='word_1_622' title='bbox 2333 3456 2401 3510; x_wconf 83' lang='grc' dir='ltr'>τὰ</span> <span class='ocrx_word' id='word_1_623' title='bbox 2457 3451 2683 3508; x_wconf 87' lang='grc' dir='ltr'>τοιαῦτα</span> <span class='ocrx_word' id='word_1_624' title='bbox 2739 3447 3052 3519; x_wconf 73' lang='grc' dir='ltr'>νομίζοντες</span> <span class='ocrx_word' id='word_1_625' title='bbox 3119 3439 3258 3496; x_wconf 86' lang='grc' dir='ltr'>εἶναι</span> <span class='ocrx_word' id='word_1_626' title='bbox 3311 3435 3830 3506; x_wconf 85' lang='grc' dir='ltr'>δεισιδαιμονοῦσιν,</span> 
     </span>
    </p>
   </div>
   <div class='ocr_carea' id='block_1_88' title="bbox 2231 3527 3829 3614">
    <p class='ocr_par' dir='ltr' id='par_1_88' title="bbox 2231 3527 3829 3614">
     <span class='ocr_line' id='line_1_90' title="bbox 2231 3527 3829 3614; baseline -0.017 -9"><span class='ocrx_word' id='word_1_627' title='bbox 2231 3551 2333 3605; x_wconf 78' lang='grc' dir='ltr'><strong>οὐκ</strong></span> <span class='ocrx_word' id='word_1_628' title='bbox 2385 3546 2594 3601; x_wconf 76' lang='grc' dir='ltr'>ἰδιῶται</span> <span class='ocrx_word' id='word_1_629' title='bbox 2647 3546 2806 3614; x_wconf 89' lang='grc' dir='ltr'>μόνον</span> <span class='ocrx_word' id='word_1_630' title='bbox 2851 3538 2990 3593; x_wconf 90' lang='grc' dir='ltr'><strong>ἀλλά</strong></span> <span class='ocrx_word' id='word_1_631' title='bbox 3031 3536 3124 3589; x_wconf 79' lang='grc' dir='ltr'><strong>καὶ</strong></span> <span class='ocrx_word' id='word_1_632' title='bbox 3158 3533 3284 3602; x_wconf 77' lang='grc' dir='ltr'>ἔθνη</span> <span class='ocrx_word' id='word_1_633' title='bbox 3311 3531 3407 3585; x_wconf 71' lang='grc' dir='ltr'><strong>καὶ</strong></span> <span class='ocrx_word' id='word_1_634' title='bbox 3428 3529 3639 3591; x_wconf 77' lang='grc' dir='ltr'>πόλεις.</span> <span class='ocrx_word' id='word_1_635' title='bbox 3691 3527 3829 3581; x_wconf 80' lang='grc' dir='ltr'>Κατ’</span> 
     </span>
    </p>
   </div>
   <div class='ocr_carea' id='block_1_89' title="bbox 2231 3618 3832 3712">
    <p class='ocr_par' dir='ltr' id='par_1_89' title="bbox 2231 3618 3832 3712">
     <span class='ocr_line' id='line_1_91' title="bbox 2231 3618 3832 3712; baseline -0.016 -16"><span class='ocrx_word' id='word_1_636' title='bbox 2231 3642 2405 3712; x_wconf 82' lang='grc' dir='ltr'>ἀρχὰς</span> <span class='ocrx_word' id='word_1_637' title='bbox 2441 3638 2568 3708; x_wconf 91' lang='grc' dir='ltr'>γοῦν</span> <span class='ocrx_word' id='word_1_638' title='bbox 2594 3634 2687 3690; x_wconf 89' lang='grc' dir='ltr'><strong>τοῦ</strong></span> <span class='ocrx_word' id='word_1_639' title='bbox 2709 3628 2996 3705; x_wconf 86' lang='grc' dir='ltr'>Μαρσικοῦ</span> <span class='ocrx_word' id='word_1_640' title='bbox 3025 3626 3262 3695; x_wconf 82' lang='grc' dir='ltr'>πολέμου</span> <span class='ocrx_word' id='word_1_641' title='bbox 3293 3623 3526 3692; x_wconf 85' lang='grc' dir='ltr'>πλησίον</span> <span class='ocrx_word' id='word_1_642' title='bbox 3559 3620 3661 3689; x_wconf 80' lang='grc' dir='ltr'>τῆς</span> <span class='ocrx_word' id='word_1_643' title='bbox 3697 3618 3832 3672; x_wconf 79' lang='grc' dir='ltr'><strong>Ῥώ-</strong></span> 
     </span>
    </p>
   </div>
   <div class='ocr_carea' id='block_1_90' title="bbox 2239 3714 3833 3806">
    <p class='ocr_par' dir='ltr' id='par_1_90' title="bbox 2239 3714 3833 3806">
     <span class='ocr_line' id='line_1_92' title="bbox 2239 3714 3833 3806; baseline -0.029 2"><span class='ocrx_word' id='word_1_644' title='bbox 2239 3751 2348 3806; x_wconf 82' lang='grc' dir='ltr'><strong>μης</strong></span> <span class='ocrx_word' id='word_1_645' title='bbox 2406 3729 2659 3785; x_wconf 84' lang='grc' dir='ltr'>οἰκοῦντά</span> <span class='ocrx_word' id='word_1_646' title='bbox 2711 3743 2874 3796; x_wconf 83' lang='grc' dir='ltr'>φασιν</span> <span class='ocrx_word' id='word_1_647' title='bbox 2925 3720 3212 3784; x_wconf 73' lang='grc' dir='ltr'>Ἰταλικὸν,</span> <span class='ocrx_word' id='word_1_648' title='bbox 3264 3714 3630 3786; x_wconf 77' lang='grc' dir='ltr'>γεγαμηκότα</span> <span class='ocrx_word' id='word_1_649' title='bbox 3657 3729 3833 3782; x_wconf 79' lang='grc' dir='ltr'>παρα-</span> 
     </span>
    </p>
   </div>
   <div class='ocr_carea' id='block_1_91' title="bbox 2234 3803 3829 3896">
    <p class='ocr_par' dir='ltr' id='par_1_91' title="bbox 2234 3803 3829 3896">
     <span class='ocr_line' id='line_1_93' title="bbox 2234 3803 3829 3896; baseline -0.016 -16"><span class='ocrx_word' id='word_1_650' title='bbox 2234 3827 2464 3896; x_wconf 83' lang='grc' dir='ltr'>πλήσιον</span> <span class='ocrx_word' id='word_1_651' title='bbox 2499 3825 2608 3877; x_wconf 77' lang='grc' dir='ltr'>τοῖς</span> <span class='ocrx_word' id='word_1_652' title='bbox 2647 3817 2958 3890; x_wconf 79' lang='grc' dir='ltr'>εἰρημένοις</span> <span class='ocrx_word' id='word_1_653' title='bbox 3013 3813 3361 3883; x_wconf 84' lang='grc' dir='ltr'>ἀνδρόγυνον,</span> <span class='ocrx_word' id='word_1_654' title='bbox 3423 3803 3829 3876; x_wconf 81' lang='grc' dir='ltr'>προσαγγεῖλαι</span> 
     </span>
    </p>
   </div>
   <div class='ocr_carea' id='block_1_92' title="bbox 2233 3896 3835 3988">
    <p class='ocr_par' dir='ltr' id='par_1_92' title="bbox 2233 3896 3835 3988">
     <span class='ocr_line' id='line_1_94' title="bbox 2233 3896 3835 3988; baseline -0.017 -18"><span class='ocrx_word' id='word_1_655' title='bbox 2233 3919 2300 3988; x_wconf 80' lang='grc' dir='ltr'>τῇ</span> <span class='ocrx_word' id='word_1_656' title='bbox 2359 3913 2668 3984; x_wconf 76' lang='grc' dir='ltr'>συγκλήτῳ,</span> <span class='ocrx_word' id='word_1_657' title='bbox 2731 3910 2828 3978; x_wconf 80' lang='grc' dir='ltr'><strong>τὴν</strong></span> <span class='ocrx_word' id='word_1_658' title='bbox 2885 3906 2941 3959; x_wconf 86' lang='grc' dir='ltr'>δὲ</span> <span class='ocrx_word' id='word_1_659' title='bbox 2989 3903 3541 3969; x_wconf 72' lang='grc' dir='ltr'>δεισιδαιμονήσασαν</span> <span class='ocrx_word' id='word_1_660' title='bbox 3584 3896 3679 3947; x_wconf 71' lang='grc' dir='ltr'>καὶ</span> <span class='ocrx_word' id='word_1_661' title='bbox 3718 3896 3835 3954; x_wconf 84' lang='grc' dir='ltr'>τοῖς</span> 
     </span>
    </p>
   </div>
   <div class='ocr_carea' id='block_1_93' title="bbox 2235 3983 3831 4078">
    <p class='ocr_par' dir='ltr' id='par_1_93' title="bbox 2235 3983 3831 4078">
     <span class='ocr_line' id='line_1_95' title="bbox 2235 3983 3831 4078; baseline -0.018 -16"><span class='ocrx_word' id='word_1_662' title='bbox 2235 3983 2344 4064; x_wconf 63' lang='grc' dir='ltr'><strong>ἀπὸ</strong></span> <span class='ocrx_word' id='word_1_663' title='bbox 2364 3983 2673 4078; x_wconf 75' lang='grc' dir='ltr'>Τυρρηνίας</span> <span class='ocrx_word' id='word_1_664' title='bbox 2707 3983 3043 4070; x_wconf 75' lang='grc' dir='ltr'>ἱεροσκόποις</span> <span class='ocrx_word' id='word_1_665' title='bbox 3073 3993 3387 4046; x_wconf 85' lang='grc' dir='ltr'>πεισθεῖσαν</span> <span class='ocrx_word' id='word_1_666' title='bbox 3442 3988 3629 4053; x_wconf 80' lang='grc' dir='ltr'>ζῶντα</span> <span class='ocrx_word' id='word_1_667' title='bbox 3657 4001 3831 4054; x_wconf 81' lang='grc' dir='ltr'>προσ-</span> 
     </span>
    </p>
   </div>
   <div class='ocr_carea' id='block_1_94' title="bbox 2237 4082 3809 4165">
    <p class='ocr_par' dir='ltr' id='par_1_94' title="bbox 2237 4082 3809 4165">
     <span class='ocr_line' id='line_1_96' title="bbox 2237 4082 3809 4165; baseline -0.017 -10"><span class='ocrx_word' id='word_1_668' title='bbox 2237 4099 2396 4165; x_wconf 80' lang='grc' dir='ltr'>τάξαι</span> <span class='ocrx_word' id='word_1_669' title='bbox 2456 4097 2677 4150; x_wconf 85' lang='grc' dir='ltr'>καῦσαι.</span> <span class='ocrx_word' id='word_1_670' title='bbox 2713 4091 2915 4144; x_wconf 78' lang='grc' dir='ltr'>Τοῦτον</span> <span class='ocrx_word' id='word_1_671' title='bbox 2964 4089 3064 4158; x_wconf 83' lang='grc' dir='ltr'><strong>μὲν</strong></span> <span class='ocrx_word' id='word_1_672' title='bbox 3117 4086 3210 4138; x_wconf 85' lang='grc' dir='ltr'><strong>οῦν</strong></span> <span class='ocrx_word' id='word_1_673' title='bbox 3259 4082 3452 4153; x_wconf 73' lang='grc' dir='ltr'>ὁμοίας</span> <span class='ocrx_word' id='word_1_674' title='bbox 3503 4094 3809 4143; x_wconf 83' lang='grc' dir='ltr'>κεκοινωνη</span> 
     </span>
    </p>
   </div>
   <div class='ocr_carea' id='block_1_95' title="bbox 2239 4171 3836 4256">
    <p class='ocr_par' dir='ltr' id='par_1_95' title="bbox 2239 4171 3836 4256">
     <span class='ocr_line' id='line_1_97' title="bbox 2239 4171 3836 4256; baseline -0.018 -10"><span class='ocrx_word' id='word_1_675' title='bbox 2239 4192 2374 4246; x_wconf 87' lang='grc' dir='ltr'>κότα</span> <span class='ocrx_word' id='word_1_676' title='bbox 2417 4186 2654 4256; x_wconf 77' lang='grc' dir='ltr'>φύσεως,</span> <span class='ocrx_word' id='word_1_677' title='bbox 2691 4182 2804 4236; x_wconf 88' lang='grc' dir='ltr'>ἀλλ’</span> <span class='ocrx_word' id='word_1_678' title='bbox 2832 4181 2891 4232; x_wconf 82' lang='grc' dir='ltr'><strong>οῦ</strong></span> <span class='ocrx_word' id='word_1_679' title='bbox 2946 4178 3081 4248; x_wconf 78' lang='grc' dir='ltr'>πρὸς</span> <span class='ocrx_word' id='word_1_680' title='bbox 3119 4175 3379 4244; x_wconf 79' lang='grc' dir='ltr'>ἀλήθειαν</span> <span class='ocrx_word' id='word_1_681' title='bbox 3414 4171 3581 4239; x_wconf 81' lang='grc' dir='ltr'>τέρας</span> <span class='ocrx_word' id='word_1_682' title='bbox 3603 4185 3836 4236; x_wconf 80' lang='grc' dir='ltr'>γεγενη-</span> 
     </span>
    </p>
   </div>
   <div class='ocr_carea' id='block_1_96' title="bbox 2243 4262 3838 4358">
    <p class='ocr_par' dir='ltr' id='par_1_96' title="bbox 2243 4262 3838 4358">
     <span class='ocr_line' id='line_1_98' title="bbox 2243 4262 3838 4358; baseline -0.018 -19"><span class='ocrx_word' id='word_1_683' title='bbox 2243 4286 2424 4358; x_wconf 85' lang='grc' dir='ltr'>μένον,</span> <span class='ocrx_word' id='word_1_684' title='bbox 2456 4282 2618 4351; x_wconf 76' lang='grc' dir='ltr'>φασὶν</span> <span class='ocrx_word' id='word_1_685' title='bbox 2653 4277 2846 4344; x_wconf 67' lang='grc' dir='ltr'>ἀγνοίᾳ.</span> <span class='ocrx_word' id='word_1_686' title='bbox 2876 4273 2976 4342; x_wconf 79' lang='grc' dir='ltr'>τῆς</span> <span class='ocrx_word' id='word_1_687' title='bbox 3025 4269 3182 4322; x_wconf 83' lang='grc' dir='ltr'>νόσου</span> <span class='ocrx_word' id='word_1_688' title='bbox 3223 4265 3372 4334; x_wconf 75' lang='grc' dir='ltr'>παρὰ</span> <span class='ocrx_word' id='word_1_689' title='bbox 3436 4264 3497 4316; x_wconf 77' lang='grc' dir='ltr'>τὸ</span> <span class='ocrx_word' id='word_1_690' title='bbox 3553 4262 3838 4331; x_wconf 72' lang='grc' dir='ltr'>προσῆκον</span> 
     </span>
    </p>
   </div>
   <div class='ocr_carea' id='block_1_97' title="bbox 2243 4350 3838 4434">
    <p class='ocr_par' dir='ltr' id='par_1_97' title="bbox 2243 4350 3838 4434">
     <span class='ocr_line' id='line_1_99' title="bbox 2243 4350 3838 4434; baseline -0.02 0"><span class='ocrx_word' id='word_1_691' title='bbox 2243 4377 2603 4434; x_wconf 86' lang='grc' dir='ltr'>ἀπολωλέναι.</span> <span class='ocrx_word' id='word_1_692' title='bbox 2635 4370 2767 4424; x_wconf 83' lang='grc' dir='ltr'>Μετ’</span> <span class='ocrx_word' id='word_1_693' title='bbox 2793 4368 2974 4433; x_wconf 77' lang='grc' dir='ltr'>ὀλίγον</span> <span class='ocrx_word' id='word_1_694' title='bbox 3007 4363 3062 4415; x_wconf 78' lang='grc' dir='ltr'>δὲ</span> <span class='ocrx_word' id='word_1_695' title='bbox 3095 4362 3189 4414; x_wconf 78' lang='grc' dir='ltr'><strong>καὶ</strong></span> <span class='ocrx_word' id='word_1_696' title='bbox 3233 4360 3363 4426; x_wconf 83' lang='grc' dir='ltr'>παρ’</span> <span class='ocrx_word' id='word_1_697' title='bbox 3396 4355 3707 4425; x_wconf 78' lang='grc' dir='ltr'>Ἀθηναίοις</span> <span class='ocrx_word' id='word_1_698' title='bbox 3737 4350 3838 4403; x_wconf 79' lang='grc' dir='ltr'><strong>τοῦ</strong></span> 
     </span>
    </p>
   </div>
   <div class='ocr_carea' id='block_1_98' title="bbox 2240 4443 3839 4534">
    <p class='ocr_par' dir='ltr' id='par_1_98' title="bbox 2240 4443 3839 4534">
     <span class='ocr_line' id='line_1_100' title="bbox 2240 4443 3839 4534; baseline -0.019 -9"><span class='ocrx_word' id='word_1_699' title='bbox 2240 4469 2482 4524; x_wconf 87' lang='grc' dir='ltr'>τοιούτου</span> <span class='ocrx_word' id='word_1_700' title='bbox 2505 4463 2799 4534; x_wconf 78' lang='grc' dir='ltr'>γενομένου</span> <span class='ocrx_word' id='word_1_701' title='bbox 2821 4460 2906 4511; x_wconf 75' lang='grc' dir='ltr'><strong>διὰ</strong></span> <span class='ocrx_word' id='word_1_702' title='bbox 2930 4457 3028 4527; x_wconf 79' lang='grc' dir='ltr'>τὴν</span> <span class='ocrx_word' id='word_1_703' title='bbox 3046 4454 3268 4522; x_wconf 82' lang='grc' dir='ltr'>ἄγνοιαν</span> <span class='ocrx_word' id='word_1_704' title='bbox 3296 4447 3388 4501; x_wconf 93' lang='grc' dir='ltr'><strong>τοῦ</strong></span> <span class='ocrx_word' id='word_1_705' title='bbox 3422 4446 3632 4508; x_wconf 84' lang='grc' dir='ltr'>πάθους</span> <span class='ocrx_word' id='word_1_706' title='bbox 3656 4443 3839 4507; x_wconf 74' lang='grc' dir='ltr'>ζῶντά</span> 
     </span>
    </p>
   </div>
   <div class='ocr_carea' id='block_1_99' title="bbox 2244 4537 3832 4633">
    <p class='ocr_par' dir='ltr' id='par_1_99' title="bbox 2244 4537 3832 4633">
     <span class='ocr_line' id='line_1_101' title="bbox 2244 4537 3832 4633; baseline -0.02 -16"><span class='ocrx_word' id='word_1_707' title='bbox 2244 4579 2376 4633; x_wconf 70' lang='grc' dir='ltr'>φασι</span> <span class='ocrx_word' id='word_1_708' title='bbox 2403 4561 2450 4592; x_wconf 80' lang='grc'><strong>⁷⁸</strong></span> <span class='ocrx_word' id='word_1_709' title='bbox 2476 4555 2842 4623; x_wconf 80' lang='grc' dir='ltr'>κατακαῆναι.</span> <span class='ocrx_word' id='word_1_710' title='bbox 2863 4549 2971 4603; x_wconf 76' lang='grc' dir='ltr'>Καὶ</span> <span class='ocrx_word' id='word_1_711' title='bbox 2996 4547 3104 4616; x_wconf 64' lang='grc' dir='ltr'><strong>γὰρ</strong></span> <span class='ocrx_word' id='word_1_712' title='bbox 3137 4545 3233 4606; x_wconf 69' lang='grc' dir='ltr'>τὰς</span> <span class='ocrx_word' id='word_1_713' title='bbox 3257 4541 3300 4572; x_wconf 85' lang='grc'><strong>⁷⁷</strong></span> <span class='ocrx_word' id='word_1_714' title='bbox 3345 4538 3652 4608; x_wconf 76' lang='grc' dir='ltr'>λεγομένας</span> <span class='ocrx_word' id='word_1_715' title='bbox 3705 4537 3832 4588; x_wconf 76' lang='grc' dir='ltr'>ὑαί-</span> 
     </span>
    </p>
   </div>
   <div class='ocr_carea' id='block_1_100' title="bbox 2249 4628 3842 4720">
    <p class='ocr_par' dir='ltr' id='par_1_100' title="bbox 2249 4628 3842 4720">
     <span class='ocr_line' id='line_1_102' title="bbox 2249 4628 3842 4720; baseline -0.022 -8"><span class='ocrx_word' id='word_1_716' title='bbox 2249 4628 2343 4720; x_wconf 80' lang='grc' dir='ltr'><strong>νας</strong></span> <span class='ocrx_word' id='word_1_717' title='bbox 2398 4653 2538 4714; x_wconf 70' lang='grc' dir='ltr'>τινες</span> <span class='ocrx_word' id='word_1_718' title='bbox 2595 4646 2987 4720; x_wconf 87' lang='grc' dir='ltr'>μυθολογοῦσιν</span> <span class='ocrx_word' id='word_1_719' title='bbox 3045 4638 3283 4708; x_wconf 75' lang='grc' dir='ltr'>ἄρρενας</span> <span class='ocrx_word' id='word_1_720' title='bbox 3345 4633 3460 4701; x_wconf 75' lang='grc' dir='ltr'><strong>ἅμα</strong></span> <span class='ocrx_word' id='word_1_721' title='bbox 3487 4632 3582 4682; x_wconf 70' lang='grc' dir='ltr'><strong>καὶ</strong></span> <span class='ocrx_word' id='word_1_722' title='bbox 3611 4628 3842 4696; x_wconf 76' lang='grc' dir='ltr'>θηλείας</span> 
     </span>
    </p>
   </div>
   <div class='ocr_carea' id='block_1_101' title="bbox 2251 4722 3844 4819">
    <p class='ocr_par' dir='ltr' id='par_1_101' title="bbox 2251 4722 3844 4819">
     <span class='ocr_line' id='line_1_103' title="bbox 2251 4722 3844 4819; baseline -0.021 -15"><span class='ocrx_word' id='word_1_723' title='bbox 2251 4749 2540 4819; x_wconf 81' lang='grc' dir='ltr'>ὑπάρχειν,</span> <span class='ocrx_word' id='word_1_724' title='bbox 2578 4743 2672 4796; x_wconf 63' lang='grc' dir='ltr'><strong>καί⁸</strong></span> <span class='ocrx_word' id='word_1_725' title='bbox 2716 4737 2847 4806; x_wconf 79' lang='grc' dir='ltr'>παρ’</span> <span class='ocrx_word' id='word_1_726' title='bbox 2889 4733 3135 4788; x_wconf 75' lang='grc' dir='ltr'>ἐνιαυτὸν</span> <span class='ocrx_word' id='word_1_727' title='bbox 3173 4729 3411 4799; x_wconf 81' lang='grc' dir='ltr'>ἀλλήλας</span> <span class='ocrx_word' id='word_1_728' title='bbox 3465 4723 3704 4793; x_wconf 76' lang='grc' dir='ltr'>ὀχεύειν,</span> <span class='ocrx_word' id='word_1_729' title='bbox 3739 4722 3844 4791; x_wconf 77' lang='grc' dir='ltr'>τῆς</span> 
     </span>
    </p>
   </div>
   <div class='ocr_carea' id='block_1_102' title="bbox 2249 4811 3846 4910">
    <p class='ocr_par' dir='ltr' id='par_1_102' title="bbox 2249 4811 3846 4910">
     <span class='ocr_line' id='line_1_104' title="bbox 2249 4811 3846 4910; baseline -0.022 -15"><span class='ocrx_word' id='word_1_730' title='bbox 2249 4836 2616 4910; x_wconf 73' lang='grc' dir='ltr'>ἀληθείαςοῦχ</span> <span class='ocrx_word' id='word_1_731' title='bbox 2646 4830 2820 4890; x_wconf 71' lang='grc' dir='ltr'>οὕτως</span> <span class='ocrx_word' id='word_1_732' title='bbox 2857 4824 3106 4896; x_wconf 73' lang='grc' dir='ltr'>ἐχούσης.</span> <span class='ocrx_word' id='word_1_733' title='bbox 3137 4817 3432 4888; x_wconf 81' lang='grc' dir='ltr'>Ἑκατέρου</span> <span class='ocrx_word' id='word_1_734' title='bbox 3460 4815 3570 4883; x_wconf 75' lang='grc' dir='ltr'><strong>γὰρ</strong></span> <span class='ocrx_word' id='word_1_735' title='bbox 3602 4811 3700 4866; x_wconf 87' lang='grc' dir='ltr'><strong>τοῦ</strong></span> <span class='ocrx_word' id='word_1_736' title='bbox 3748 4812 3846 4878; x_wconf 76' lang='grc' dir='ltr'>γέ-</span> 
     </span>
    </p>
   </div>
   <div class='ocr_carea' id='block_1_103' title="bbox 2249 4903 3840 4996">
    <p class='ocr_par' dir='ltr' id='par_1_103' title="bbox 2249 4903 3840 4996">
     <span class='ocr_line' id='line_1_105' title="bbox 2249 4903 3840 4996; baseline -0.023 -9"><span class='ocrx_word' id='word_1_737' title='bbox 2249 4949 2372 4995; x_wconf 87' lang='grc' dir='ltr'>νους</span> <span class='ocrx_word' id='word_1_738' title='bbox 2419 4927 2598 4996; x_wconf 79' lang='grc' dir='ltr'>ἁπλῆν</span> <span class='ocrx_word' id='word_1_739' title='bbox 2648 4925 2861 4994; x_wconf 79' lang='grc' dir='ltr'>ἔχοντος</span> <span class='ocrx_word' id='word_1_740' title='bbox 2923 4917 3016 4970; x_wconf 68' lang='grc' dir='ltr'>καὶ</span> <span class='ocrx_word' id='word_1_741' title='bbox 3072 4911 3430 4980; x_wconf 85' lang='grc' dir='ltr'>ἀνεπίμικτον</span> <span class='ocrx_word' id='word_1_742' title='bbox 3485 4908 3583 4977; x_wconf 79' lang='grc' dir='ltr'>τὴν</span> <span class='ocrx_word' id='word_1_743' title='bbox 3648 4903 3840 4972; x_wconf 70' lang='grc' dir='ltr'>φύσιν,</span> 
     </span>
    </p>
   </div>
   <div class='ocr_carea' id='block_1_104' title="bbox 2252 4998 3846 5095">
    <p class='ocr_par' dir='ltr' id='par_1_104' title="bbox 2252 4998 3846 5095">
     <span class='ocr_line' id='line_1_106' title="bbox 2252 4998 3846 5095; baseline -0.021 -17"><span class='ocrx_word' id='word_1_744' title='bbox 2252 5021 2624 5095; x_wconf 83' lang='grc' dir='ltr'>προσώρισται</span> <span class='ocrx_word' id='word_1_745' title='bbox 2658 5015 2720 5066; x_wconf 82' lang='grc' dir='ltr'><strong>τὸ</strong></span> <span class='ocrx_word' id='word_1_746' title='bbox 2749 5005 3162 5082; x_wconf 69' lang='grc' dir='ltr'>ψευδογραιξοῦν</span> <span class='ocrx_word' id='word_1_747' title='bbox 3206 5004 3296 5056; x_wconf 67' lang='grc' dir='ltr'><strong>καί</strong></span> <span class='ocrx_word' id='word_1_748' title='bbox 3349 4998 3846 5069; x_wconf 60' lang='grc' dir='ltr'>παρακρουόμενοι</span> 
     </span>
    </p>
   </div>
   <div class='ocr_carea' id='block_1_105' title="bbox 2252 5088 3849 5183">
    <p class='ocr_par' dir='ltr' id='par_1_105' title="bbox 2252 5088 3849 5183">
     <span class='ocr_line' id='line_1_107' title="bbox 2252 5088 3849 5183; baseline -0.022 -12"><span class='ocrx_word' id='word_1_749' title='bbox 2252 5119 2380 5180; x_wconf 81' lang='grc' dir='ltr'>τοὺς</span> <span class='ocrx_word' id='word_1_750' title='bbox 2413 5115 2533 5183; x_wconf 79' lang='grc' dir='ltr'>εἰκῇ</span> <span class='ocrx_word' id='word_1_751' title='bbox 2571 5105 2912 5178; x_wconf 87' lang='grc' dir='ltr'>θεωροῦντας</span> <span class='ocrx_word' id='word_1_752' title='bbox 2942 5119 2954 5131; x_wconf 73' lang='grc' dir='ltr'><strong>ο</strong></span> <span class='ocrx_word' id='word_1_753' title='bbox 2987 5103 3052 5170; x_wconf 79' lang='grc' dir='ltr'>τῇ</span> <span class='ocrx_word' id='word_1_754' title='bbox 3087 5097 3184 5168; x_wconf 78' lang='grc' dir='ltr'><strong>μὲν</strong></span> <span class='ocrx_word' id='word_1_755' title='bbox 3226 5095 3335 5164; x_wconf 76' lang='grc' dir='ltr'><strong>γὰρ</strong></span> <span class='ocrx_word' id='word_1_756' title='bbox 3355 5093 3399 5124; x_wconf 80' lang='grc'><strong>⁷⁸</strong></span> <span class='ocrx_word' id='word_1_757' title='bbox 3445 5091 3635 5161; x_wconf 72' lang='grc' dir='ltr'>θηλείᾳ</span> <span class='ocrx_word' id='word_1_758' title='bbox 3674 5088 3849 5157; x_wconf 73' lang='grc' dir='ltr'>πρόσ-</span> 
     </span>
    </p>
   </div>
   <div class='ocr_carea' id='block_1_106' title="bbox 2257 5179 3845 5266">
    <p class='ocr_par' dir='ltr' id='par_1_106' title="bbox 2257 5179 3845 5266">
     <span class='ocr_line' id='line_1_108' title="bbox 2257 5179 3845 5266; baseline -0.02 -6"><span class='ocrx_word' id='word_1_759' title='bbox 2257 5205 2437 5260; x_wconf 79' lang='grc' dir='ltr'>κειταί</span> <span class='ocrx_word' id='word_1_760' title='bbox 2463 5220 2514 5254; x_wconf 84' lang='grc' dir='ltr'><strong>τι</strong></span> <span class='ocrx_word' id='word_1_761' title='bbox 2541 5199 2684 5252; x_wconf 86' lang='grc' dir='ltr'><strong>κατά</strong></span> <span class='ocrx_word' id='word_1_762' title='bbox 2715 5196 2813 5266; x_wconf 77' lang='grc' dir='ltr'><strong>τὴν</strong></span> <span class='ocrx_word' id='word_1_763' title='bbox 2839 5192 3001 5261; x_wconf 74' lang='grc' dir='ltr'>φύσιν</span> <span class='ocrx_word' id='word_1_764' title='bbox 3038 5185 3394 5259; x_wconf 81' lang='grc' dir='ltr'>παρεμφερὲς</span> <span class='ocrx_word' id='word_1_765' title='bbox 3426 5183 3614 5253; x_wconf 66' lang='grc' dir='ltr'>ἀξερενι</span> <span class='ocrx_word' id='word_1_766' title='bbox 3643 5179 3845 5248; x_wconf 75' lang='grc' dir='ltr'>μορίῳ,</span> 
     </span>
    </p>
   </div>
   <div class='ocr_carea' id='block_1_107' title="bbox 2253 5272 3850 5368">
    <p class='ocr_par' dir='ltr' id='par_1_107' title="bbox 2253 5272 3850 5368">
     <span class='ocr_line' id='line_1_109' title="bbox 2253 5272 3850 5368; baseline -0.019 -16"><span class='ocrx_word' id='word_1_767' title='bbox 2253 5299 2331 5368; x_wconf 83' lang='grc' dir='ltr'>τῷ</span> <span class='ocrx_word' id='word_1_768' title='bbox 2359 5298 2414 5350; x_wconf 82' lang='grc' dir='ltr'><strong>δὲ</strong></span> <span class='ocrx_word' id='word_1_769' title='bbox 2455 5295 2645 5366; x_wconf 73' lang='grc' dir='ltr'>ἄρρενι</span> <span class='ocrx_word' id='word_1_770' title='bbox 2686 5288 2827 5342; x_wconf 75' lang='grc' dir='ltr'>κατὰ</span> <span class='ocrx_word' id='word_1_771' title='bbox 2884 5285 2945 5338; x_wconf 83' lang='grc' dir='ltr'>τὸ</span> <span class='ocrx_word' id='word_1_772' title='bbox 2993 5279 3232 5335; x_wconf 76' lang='grc' dir='ltr'>ἐναντίον</span> <span class='ocrx_word' id='word_1_773' title='bbox 3278 5277 3581 5345; x_wconf 62' lang='grc' dir='ltr'>ἔμφασιςη</span> <span class='ocrx_word' id='word_1_774' title='bbox 3617 5272 3850 5342; x_wconf 73' lang='grc' dir='ltr'>θηλείας</span> 
     </span>
    </p>
   </div>
   <div class='ocr_carea' id='block_1_108' title="bbox 867 5367 3852 5482">
    <p class='ocr_par' dir='ltr' id='par_1_108' title="bbox 867 5367 3852 5482">
     <span class='ocr_line' id='line_1_110' title="bbox 867 5367 2311 5397; baseline -0.03 -7"><span class='ocrx_word' id='word_1_775' title='bbox 867 5371 874 5389; x_wconf 62' lang='grc' dir='ltr'>ὑ</span> <span class='ocrx_word' id='word_1_776' title='bbox 907 5367 971 5387; x_wconf 62' lang='lat' dir='ltr'><strong>tul</strong></span> <span class='ocrx_word' id='word_1_777' title='bbox 999 5367 1442 5397; x_wconf 55' lang='lat' dir='ltr'><strong>BU.IVIvUIo-vuv-v-</strong></span> <span class='ocrx_word' id='word_1_778' title='bbox 1484 5367 1600 5370; x_wconf 41' lang='lat'><strong>-.,,.-</strong></span> <span class='ocrx_word' id='word_1_779' title='bbox 2303 5367 2311 5368; x_wconf 21' lang='grc' dir='ltr'><strong><em>ὲ</em></strong></span> 
     </span>
     <span class='ocr_line' id='line_1_111' title="bbox 867 5367 3852 5482; baseline -0.02 -4"><span class='ocrx_word' id='word_1_780' title='bbox 867 5427 924 5479; x_wconf 83' lang='grc' dir='ltr'>Ὀ</span> <span class='ocrx_word' id='word_1_781' title='bbox 964 5425 1007 5476; x_wconf 83' lang='grc' dir='ltr'><strong>δ’</strong></span> <span class='ocrx_word' id='word_1_782' title='bbox 1055 5419 1217 5480; x_wconf 79' lang='grc' dir='ltr'>αὐτὸς</span> <span class='ocrx_word' id='word_1_783' title='bbox 1285 5416 1441 5482; x_wconf 85' lang='grc' dir='ltr'>λόγος</span> <span class='ocrx_word' id='word_1_784' title='bbox 1494 5409 1589 5463; x_wconf 76' lang='grc' dir='ltr'>καὶ</span> <span class='ocrx_word' id='word_1_785' title='bbox 1645 5406 1737 5458; x_wconf 71' lang='grc' dir='ltr'>ἐπὶ</span> <span class='ocrx_word' id='word_1_786' title='bbox 1789 5417 2004 5456; x_wconf 89' lang='grc' dir='ltr'>παντων</span> <span class='ocrx_word' id='word_1_787' title='bbox 2043 5397 2151 5449; x_wconf 84' lang='grc' dir='ltr'><strong>τῶν</strong></span> <span class='ocrx_word' id='word_1_788' title='bbox 2193 5394 2370 5458; x_wconf 79' lang='grc' dir='ltr'>ζώων,</span> <span class='ocrx_word' id='word_1_789' title='bbox 2402 5386 2713 5459; x_wconf 78' lang='grc' dir='ltr'>γενομένων</span> <span class='ocrx_word' id='word_1_790' title='bbox 2744 5383 2790 5413; x_wconf 70' lang='grc' dir='ltr'><strong>⁸ο</strong></span> <span class='ocrx_word' id='word_1_791' title='bbox 2827 5382 2926 5452; x_wconf 71' lang='grc' dir='ltr'><strong>μἐν</strong></span> <span class='ocrx_word' id='word_1_792' title='bbox 2991 5377 3126 5452; x_wconf 75' lang='grc' dir='ltr'>πρὸς</span> <span class='ocrx_word' id='word_1_793' title='bbox 3183 5371 3448 5443; x_wconf 70' lang='grc' dir='ltr'>ἀλήθειαν</span> <span class='ocrx_word' id='word_1_794' title='bbox 3483 5367 3693 5422; x_wconf 82' lang='grc' dir='ltr'>πολλῶν</span> <span class='ocrx_word' id='word_1_795' title='bbox 3746 5367 3852 5420; x_wconf 77' lang='grc' dir='ltr'>καὶ</span> 
     </span>
    </p>
   </div>
   <div class='ocr_carea' id='block_1_109' title="bbox 1862 5478 2580 5566">
    <p class='ocr_par' dir='ltr' id='par_1_109' title="bbox 1862 5478 2580 5566">
     <span class='ocr_line' id='line_1_112' title="bbox 1862 5478 2580 5566; baseline -0.018 0"><span class='ocrx_word' id='word_1_796' title='bbox 1862 5508 2096 5566; x_wconf 66' lang='lat' dir='ltr'><strong>VARI/1:&quot;.</strong></span> <span class='ocrx_word' id='word_1_797' title='bbox 2138 5478 2580 5562; x_wconf 62' lang='lat' dir='ltr'><strong>LECTIONES.’</strong></span> 
     </span>
    </p>
   </div>
   <div class='ocr_carea' id='block_1_110' title="bbox 672 5615 1769 5700">
    <p class='ocr_par' dir='ltr' id='par_1_110' title="bbox 672 5615 1769 5700">
     <span class='ocr_line' id='line_1_113' title="bbox 672 5615 1769 5700; baseline -0.031 -3"><span class='ocrx_word' id='word_1_798' title='bbox 672 5642 716 5676; x_wconf 82' lang='grc'>⁷³</span> <span class='ocrx_word' id='word_1_799' title='bbox 736 5640 975 5700; x_wconf 85' lang='grc' dir='ltr'>πλείονες</span> <span class='ocrx_word' id='word_1_800' title='bbox 999 5634 1063 5688; x_wconf 85' lang='grc' dir='ltr'>Β.</span> <span class='ocrx_word' id='word_1_801' title='bbox 1139 5630 1185 5660; x_wconf 68' lang='grc'><strong>⁷⁸</strong></span> <span class='ocrx_word' id='word_1_802' title='bbox 1205 5626 1373 5680; x_wconf 84' lang='grc' dir='ltr'>τύπον</span> <span class='ocrx_word' id='word_1_803' title='bbox 1405 5619 1444 5672; x_wconf 84' lang='grc' dir='ltr'><strong>Β</strong></span> <span class='ocrx_word' id='word_1_804' title='bbox 1476 5615 1680 5700; x_wconf 43' lang='grc' dir='ltr'>ε’τόπον</span> <span class='ocrx_word' id='word_1_805' title='bbox 1709 5630 1769 5677; x_wconf 79' lang='grc' dir='ltr'><strong>ς.</strong></span> 
     </span>
    </p>
   </div>
   <div class='ocr_carea' id='block_1_111' title="bbox 569 5689 1717 5786">
    <p class='ocr_par' dir='ltr' id='par_1_111' title="bbox 569 5689 1717 5786">
     <span class='ocr_line' id='line_1_114' title="bbox 569 5689 1717 5786; baseline -0.017 -17"><span class='ocrx_word' id='word_1_806' title='bbox 569 5717 613 5749; x_wconf 70' lang='grc' dir='ltr'><strong>τ’</strong></span> <span class='ocrx_word' id='word_1_807' title='bbox 654 5689 975 5786; x_wconf 61' lang='grc' dir='ltr'>ἔμῲἀάίξὶί</span> <span class='ocrx_word' id='word_1_808' title='bbox 1000 5716 1054 5760; x_wconf 88' lang='lat' dir='ltr'><strong>et</strong></span> <span class='ocrx_word' id='word_1_809' title='bbox 1084 5715 1226 5758; x_wconf 89' lang='lat' dir='ltr'><strong>corr.</strong></span> <span class='ocrx_word' id='word_1_810' title='bbox 1259 5697 1304 5748; x_wconf 82' lang='grc' dir='ltr'><strong>Α</strong></span> <span class='ocrx_word' id='word_1_811' title='bbox 1336 5711 1348 5746; x_wconf 89' lang='lat'><strong>:</strong></span> <span class='ocrx_word' id='word_1_812' title='bbox 1375 5689 1643 5761; x_wconf 74' lang='grc' dir='ltr'>ἐμφάσεις</span> <span class='ocrx_word' id='word_1_813' title='bbox 1657 5703 1717 5749; x_wconf 75' lang='grc' dir='ltr'><strong>ς·</strong></span> 
     </span>
    </p>
   </div>
   <div class='ocr_carea' id='block_1_112' title="bbox 1848 5601 2260 5663">
    <p class='ocr_par' dir='ltr' id='par_1_112' title="bbox 1848 5601 2260 5663">
     <span class='ocr_line' id='line_1_115' title="bbox 1848 5601 2260 5663; baseline -0.022 1"><span class='ocrx_word' id='word_1_814' title='bbox 1848 5610 1895 5643; x_wconf 76' lang='grc'><strong>⁷⁸</strong></span> <span class='ocrx_word' id='word_1_815' title='bbox 1911 5608 2004 5663; x_wconf 69' lang='grc' dir='ltr'>καὶ</span> <span class='ocrx_word' id='word_1_816' title='bbox 2037 5606 2160 5659; x_wconf 87' lang='lat' dir='ltr'><strong>add.</strong></span> <span class='ocrx_word' id='word_1_817' title='bbox 2201 5601 2260 5656; x_wconf 87' lang='grc' dir='ltr'><strong>Β.</strong></span> 
     </span>
    </p>
   </div>
   <div class='ocr_carea' id='block_1_113' title="bbox 1794 5673 2411 5745">
    <p class='ocr_par' dir='ltr' id='par_1_113' title="bbox 1794 5673 2411 5745">
     <span class='ocr_line' id='line_1_116' title="bbox 1794 5673 2411 5745; baseline -0.023 -7"><span class='ocrx_word' id='word_1_818' title='bbox 1794 5682 1839 5715; x_wconf 78' lang='grc'><strong>⁸⁸</strong></span> <span class='ocrx_word' id='word_1_819' title='bbox 1877 5679 2060 5736; x_wconf 87' lang='lat' dir='ltr'><strong>tnalim</strong></span> <span class='ocrx_word' id='word_1_820' title='bbox 2090 5673 2411 5745; x_wconf 77' lang='grc' dir='ltr'>γινομένων.</span> 
     </span>
    </p>
   </div>
   <div class='ocr_carea' id='block_1_114' title="bbox 2337 5576 3848 5668">
    <p class='ocr_par' dir='ltr' id='par_1_114' title="bbox 2337 5576 3848 5668">
     <span class='ocr_line' id='line_1_117' title="bbox 2337 5576 3848 5668; baseline -0.024 -13"><span class='ocrx_word' id='word_1_821' title='bbox 2337 5600 2384 5632; x_wconf 77' lang='grc'>⁷⁸</span> <span class='ocrx_word' id='word_1_822' title='bbox 2414 5615 2546 5668; x_wconf 81' lang='grc' dir='ltr'>φησι</span> <span class='ocrx_word' id='word_1_823' title='bbox 2576 5614 2636 5660; x_wconf 74' lang='grc' dir='ltr'>ς’.</span> <span class='ocrx_word' id='word_1_824' title='bbox 2743 5595 2787 5625; x_wconf 82' lang='grc'><strong>⁷⁷</strong></span> <span class='ocrx_word' id='word_1_825' title='bbox 2815 5592 2908 5644; x_wconf 67' lang='grc' dir='ltr'>καὶ</span> <span class='ocrx_word' id='word_1_826' title='bbox 2934 5589 3042 5660; x_wconf 77' lang='grc' dir='ltr'><strong>γὰρ</strong></span> <span class='ocrx_word' id='word_1_827' title='bbox 3076 5587 3170 5641; x_wconf 73' lang='grc' dir='ltr'><strong>καὶ</strong></span> <span class='ocrx_word' id='word_1_828' title='bbox 3193 5603 3243 5639; x_wconf 90' lang='grc' dir='ltr'><strong>τ.</strong></span> <span class='ocrx_word' id='word_1_829' title='bbox 3269 5603 3330 5649; x_wconf 85' lang='grc' dir='ltr'><strong>ς.</strong></span> <span class='ocrx_word' id='word_1_830' title='bbox 3407 5585 3454 5617; x_wconf 77' lang='grc'><strong>⁷⁸</strong></span> <span class='ocrx_word' id='word_1_831' title='bbox 3487 5583 3592 5650; x_wconf 76' lang='grc' dir='ltr'><strong>γὰρ</strong></span> <span class='ocrx_word' id='word_1_832' title='bbox 3621 5576 3746 5658; x_wconf 74' lang='lat' dir='ltr'><strong>add.</strong></span> <span class='ocrx_word' id='word_1_833' title='bbox 3787 5579 3848 5632; x_wconf 72' lang='grc' dir='ltr'><strong>Β,</strong></span> 
     </span>
    </p>
   </div>
   <div class='ocr_carea' id='block_1_115' title="bbox 2084 5765 2318 5823">
    <p class='ocr_par' dir='ltr' id='par_1_115' title="bbox 2084 5765 2318 5823">
     <span class='ocr_line' id='line_1_118' title="bbox 2084 5765 2318 5823; baseline -0.009 -1"><span class='ocrx_word' id='word_1_834' title='bbox 2084 5765 2318 5823; x_wconf 62' lang='lat' dir='ltr'><strong>NOTAE.</strong></span> 
     </span>
    </p>
   </div>
   <div class='ocr_carea' id='block_1_116' title="bbox 643 5840 3340 5972">
    <p class='ocr_par' dir='ltr' id='par_1_116' title="bbox 643 5840 3340 5972">
     <span class='ocr_line' id='line_1_119' title="bbox 643 5840 3340 5972; baseline -0.023 -16"><span class='ocrx_word' id='word_1_835' title='bbox 643 5901 754 5972; x_wconf 73' lang='lat'><strong>(336)</strong></span> <span class='ocrx_word' id='word_1_836' title='bbox 781 5895 1049 5954; x_wconf 54' lang='lat' dir='ltr'><strong>Palladius</strong></span> <span class='ocrx_word' id='word_1_837' title='bbox 1087 5889 1150 5945; x_wconf 87' lang='lat' dir='ltr'><strong>de</strong></span> <span class='ocrx_word' id='word_1_838' title='bbox 1175 5883 1377 5958; x_wconf 71' lang='lat' dir='ltr'><strong>hymnis</strong></span> <span class='ocrx_word' id='word_1_839' title='bbox 1408 5880 1461 5935; x_wconf 91' lang='lat' dir='ltr'><strong>in</strong></span> <span class='ocrx_word' id='word_1_840' title='bbox 1496 5874 1616 5931; x_wconf 73' lang='lat' dir='ltr'><strong>Vita</strong></span> <span class='ocrx_word' id='word_1_841' title='bbox 1649 5869 1892 5939; x_wconf 81' lang='lat' dir='ltr'><strong>Macarii,</strong></span> <span class='ocrx_word' id='word_1_842' title='bbox 1921 5876 1972 5924; x_wconf 89' lang='lat' dir='ltr'><strong>et</strong></span> <span class='ocrx_word' id='word_1_843' title='bbox 2006 5865 2235 5921; x_wconf 82' lang='lat' dir='ltr'><strong>fortasse</strong></span> <span class='ocrx_word' id='word_1_844' title='bbox 2271 5851 2605 5923; x_wconf 67' lang='lat' dir='ltr'><strong>Bttsbeunius</strong></span> <span class='ocrx_word' id='word_1_845' title='bbox 2637 5851 2688 5905; x_wconf 87' lang='lat' dir='ltr'><strong>in</strong></span> <span class='ocrx_word' id='word_1_846' title='bbox 2721 5845 2999 5917; x_wconf 67' lang='lat' dir='ltr'><strong>Legatione</strong></span> <span class='ocrx_word' id='word_1_847' title='bbox 3022 5840 3340 5912; x_wconf 70' lang='lat' dir='ltr'><strong>Byzantina.</strong></span> 
     </span>
    </p>
   </div>
   <div class='ocr_carea' id='block_1_117' title="bbox 2412 5963 2638 6059">
    <p class='ocr_par' dir='ltr' id='par_1_117' title="bbox 2412 5963 2638 6059">
     <span class='ocr_line' id='line_1_120' title="bbox 2412 5963 2638 6059; baseline -0.018 2"><span class='ocrx_word' id='word_1_848' title='bbox 2412 5963 2638 6059; x_wconf 57' lang='grc' dir='ltr'><strong>’κ</strong></span> 
     </span>
    </p>
   </div>
  </div>
