  <div class='ocr_page' id='page_1' title='image "/cluster/home/n/w/nwhite01/storage/ocr_20150623/103/hvd.32044018872861/700.png"; bbox 0 0 4104 6406; ppageno 0'>
   <div class='ocr_carea' id='block_1_1' title="bbox 281 428 418 492">
    <p class='ocr_par' dir='ltr' id='par_1_1' title="bbox 281 428 418 492">
     <span class='ocr_line' id='line_1_1' title="bbox 281 428 418 492; baseline 0 -1"><span class='ocrx_word' id='word_1_1' title='bbox 281 428 418 492; x_wconf 81' lang='lat'>1389</span> 
     </span>
    </p>
   </div>
   <div class='ocr_carea' id='block_1_2' title="bbox 1322 414 2469 484">
    <p class='ocr_par' dir='ltr' id='par_1_2' title="bbox 1322 414 2469 484">
     <span class='ocr_line' id='line_1_2' title="bbox 1322 414 2469 484; baseline -0.008 -2"><span class='ocrx_word' id='word_1_2' title='bbox 1322 418 1841 484; x_wconf 82' lang='lat' dir='ltr'>BIBLIOTHECA.</span> <span class='ocrx_word' id='word_1_3' title='bbox 1886 442 1952 453; x_wconf 89' lang='grc'><strong>-</strong></span> <span class='ocrx_word' id='word_1_4' title='bbox 1980 414 2141 475; x_wconf 91' lang='lat' dir='ltr'>COD.</span> <span class='ocrx_word' id='word_1_5' title='bbox 2182 414 2469 475; x_wconf 78' lang='lat' dir='ltr'><strong>CCXLIV.</strong></span> 
     </span>
    </p>
   </div>
   <div class='ocr_carea' id='block_1_3' title="bbox 3408 412 3540 481">
    <p class='ocr_par' dir='ltr' id='par_1_3' title="bbox 3408 412 3540 481">
     <span class='ocr_line' id='line_1_3' title="bbox 3408 412 3540 481; baseline 0.015 -1"><span class='ocrx_word' id='word_1_6' title='bbox 3408 412 3540 481; x_wconf 79' lang='lat' dir='ltr'>i390</span> 
     </span>
    </p>
   </div>
   <div class='ocr_carea' id='block_1_4' title="bbox 278 529 3585 615">
    <p class='ocr_par' dir='ltr' id='par_1_4' title="bbox 278 529 3585 615">
     <span class='ocr_line' id='line_1_4' title="bbox 278 529 3585 615; baseline -0.005 -16"><span class='ocrx_word' id='word_1_7' title='bbox 278 543 639 599; x_wconf 77' lang='grc' dir='ltr'>παντοδαπῶν</span> <span class='ocrx_word' id='word_1_8' title='bbox 667 541 932 615; x_wconf 78' lang='grc' dir='ltr'>τεράτων,</span> <span class='ocrx_word' id='word_1_9' title='bbox 972 540 1046 611; x_wconf 81' lang='grc' dir='ltr'>μὴ</span> <span class='ocrx_word' id='word_1_10' title='bbox 1098 540 1452 611; x_wconf 80' lang='grc' dir='ltr'>τρεφομένων</span> <span class='ocrx_word' id='word_1_11' title='bbox 1512 539 1568 592; x_wconf 76' lang='grc' dir='ltr'>δὲ</span> <span class='ocrx_word' id='word_1_12' title='bbox 1652 536 1749 591; x_wconf 70' lang='grc' dir='ltr'>καὶ</span> <span class='ocrx_word' id='word_1_13' title='bbox 1801 534 1878 597; x_wconf 84' lang='grc' dir='ltr'>είς</span> <span class='ocrx_word' id='word_1_14' title='bbox 1948 534 2162 587; x_wconf 87' lang='grc' dir='ltr'>τελείαν</span> <span class='ocrx_word' id='word_1_15' title='bbox 2209 533 2435 603; x_wconf 82' lang='grc' dir='ltr'>αῦξησιν</span> <span class='ocrx_word' id='word_1_16' title='bbox 2484 530 2659 583; x_wconf 79' lang='grc' dir='ltr'>ἐλθεῖν</span> <span class='ocrx_word' id='word_1_17' title='bbox 2701 529 2758 581; x_wconf 82' lang='grc' dir='ltr'>οὐ</span> <span class='ocrx_word' id='word_1_18' title='bbox 2810 530 3143 599; x_wconf 74' lang='grc' dir='ltr'>δυναμένων.</span> <span class='ocrx_word' id='word_1_19' title='bbox 3196 529 3382 584; x_wconf 90' lang='grc' dir='ltr'>Ταῦτα</span> <span class='ocrx_word' id='word_1_20' title='bbox 3440 533 3541 603; x_wconf 88' lang='grc' dir='ltr'>μέν</span> <span class='ocrx_word' id='word_1_21' title='bbox 3584 566 3585 569; x_wconf 60' lang='grc' dir='ltr'><strong>η</strong></span> 
     </span>
    </p>
   </div>
   <div class='ocr_carea' id='block_1_5' title="bbox 278 632 1448 707">
    <p class='ocr_par' dir='ltr' id='par_1_5' title="bbox 278 632 1448 707">
     <span class='ocr_line' id='line_1_5' title="bbox 278 632 1448 707; baseline -0.005 -17"><span class='ocrx_word' id='word_1_22' title='bbox 278 636 518 707; x_wconf 79' lang='grc' dir='ltr'>εἰρήσθω</span> <span class='ocrx_word' id='word_1_23' title='bbox 542 635 675 706; x_wconf 84' lang='grc' dir='ltr'>πρὸς</span> <span class='ocrx_word' id='word_1_24' title='bbox 699 634 983 703; x_wconf 76' lang='grc' dir='ltr'>διόρθωσιν</span> <span class='ocrx_word' id='word_1_25' title='bbox 1010 632 1448 702; x_wconf 79' lang='grc' dir='ltr'>δεισιδαιμονίας.</span> 
     </span>
    </p>
   </div>
   <div class='ocr_carea' id='block_1_6' title="bbox 362 694 1861 799">
    <p class='ocr_par' dir='ltr' id='par_1_6' title="bbox 362 694 1858 799">
     <span class='ocr_line' id='line_1_6' title="bbox 362 694 1858 799; baseline -0.008 -14"><span class='ocrx_word' id='word_1_26' title='bbox 362 694 421 785; x_wconf 68' lang='grc' dir='ltr'>Ἰ)</span> <span class='ocrx_word' id='word_1_27' title='bbox 452 731 549 799; x_wconf 83' lang='grc' dir='ltr'>μὲν</span> <span class='ocrx_word' id='word_1_28' title='bbox 572 694 671 782; x_wconf 76' lang='grc' dir='ltr'>οὖν</span> <span class='ocrx_word' id='word_1_29' title='bbox 694 694 955 799; x_wconf 84' lang='grc' dir='ltr'>Διόδωρος</span> <span class='ocrx_word' id='word_1_30' title='bbox 995 728 1131 799; x_wconf 86' lang='grc' dir='ltr'>πρὸς</span> <span class='ocrx_word' id='word_1_31' title='bbox 1161 694 1256 796; x_wconf 44' lang='grc' dir='ltr'>τῴ.</span> <span class='ocrx_word' id='word_1_32' title='bbox 1271 726 1417 779; x_wconf 86' lang='grc' dir='ltr'>τέλει</span> <span class='ocrx_word' id='word_1_33' title='bbox 1454 723 1549 778; x_wconf 90' lang='grc' dir='ltr'>τοῦ</span> <span class='ocrx_word' id='word_1_34' title='bbox 1584 723 1661 793; x_wconf 80' lang='grc' dir='ltr'>λβ¹</span> <span class='ocrx_word' id='word_1_35' title='bbox 1698 724 1858 791; x_wconf 84' lang='grc' dir='ltr'>λόγου</span> 
     </span>
    </p>
   </div>
   <div class='ocr_carea' id='block_1_7' title="bbox 1963 694 3538 799">
    <p class='ocr_par' dir='ltr' id='par_1_7' title="bbox 2036 694 3538 785">
     <span class='ocr_line' id='line_1_7' title="bbox 2036 694 3538 785; baseline 0 -15"><span class='ocrx_word' id='word_1_36' title='bbox 2036 717 2155 771; x_wconf 70' lang='lat' dir='ltr'><strong>llaec</strong></span> <span class='ocrx_word' id='word_1_37' title='bbox 2200 715 2463 770; x_wconf 89' lang='lat' dir='ltr'><strong>Diodorus</strong></span> <span class='ocrx_word' id='word_1_38' title='bbox 2488 715 2635 769; x_wconf 85' lang='lat' dir='ltr'><strong>circa</strong></span> <span class='ocrx_word' id='word_1_39' title='bbox 2667 714 2825 769; x_wconf 89' lang='lat' dir='ltr'><strong>linetn</strong></span> <span class='ocrx_word' id='word_1_40' title='bbox 2858 714 2978 770; x_wconf 88' lang='lat' dir='ltr'>libri</span> <span class='ocrx_word' id='word_1_41' title='bbox 3014 694 3270 773; x_wconf 83' lang='lat' dir='ltr'><strong>tricesimi</strong></span> <span class='ocrx_word' id='word_1_42' title='bbox 3304 714 3538 785; x_wconf 80' lang='lat' dir='ltr'><strong>secundi</strong></span> 
     </span>
    </p>
   </div>
   <div class='ocr_carea' id='block_1_8' title="bbox 278 814 1858 891">
    <p class='ocr_par' dir='ltr' id='par_1_8' title="bbox 278 814 1858 891">
     <span class='ocr_line' id='line_1_8' title="bbox 278 814 1858 891; baseline -0.006 -15"><span class='ocrx_word' id='word_1_43' title='bbox 278 822 378 891; x_wconf 81' lang='grc' dir='ltr'>τῆς</span> <span class='ocrx_word' id='word_1_44' title='bbox 440 819 783 888; x_wconf 80' lang='grc' dir='ltr'>Ἰστορικῆς</span> <span class='ocrx_word' id='word_1_45' title='bbox 834 819 998 873; x_wconf 89' lang='grc' dir='ltr'>αύτοῦ</span> <span class='ocrx_word' id='word_1_46' title='bbox 1049 821 1448 888; x_wconf 76' lang='grc' dir='ltr'>πραγματείας</span> <span class='ocrx_word' id='word_1_47' title='bbox 1506 814 1745 869; x_wconf 89' lang='grc' dir='ltr'>τοσαῦτα</span> <span class='ocrx_word' id='word_1_48' title='bbox 1780 814 1858 866; x_wconf 88' lang='grc' dir='ltr'>δι-</span> 
     </span>
    </p>
   </div>
   <div class='ocr_carea' id='block_1_9' title="bbox 281 906 1857 980">
    <p class='ocr_par' dir='ltr' id='par_1_9' title="bbox 281 906 1857 980">
     <span class='ocr_line' id='line_1_9' title="bbox 281 906 1857 980; baseline -0.004 -15"><span class='ocrx_word' id='word_1_49' title='bbox 281 914 449 980; x_wconf 81' lang='grc' dir='ltr'>έξεισι</span> <span class='ocrx_word' id='word_1_50' title='bbox 473 927 487 942; x_wconf 80' lang='grc'><strong><em>⁸</em></strong></span> <span class='ocrx_word' id='word_1_51' title='bbox 530 912 627 964; x_wconf 74' lang='grc' dir='ltr'>καὶ</span> <span class='ocrx_word' id='word_1_52' title='bbox 664 910 893 965; x_wconf 76' lang='grc' dir='ltr'>ἄλλοιδέ</span> <span class='ocrx_word' id='word_1_53' title='bbox 937 911 1177 963; x_wconf 87' lang='grc' dir='ltr'>πλεῖστοι</span> <span class='ocrx_word' id='word_1_54' title='bbox 1216 909 1470 971; x_wconf 85' lang='grc' dir='ltr'>τοιαύτας</span> <span class='ocrx_word' id='word_1_55' title='bbox 1505 906 1857 979; x_wconf 83' lang='grc' dir='ltr'>περιπετείας</span> 
     </span>
    </p>
   </div>
   <div class='ocr_carea' id='block_1_10' title="bbox 282 1002 652 1073">
    <p class='ocr_par' dir='ltr' id='par_1_10' title="bbox 282 1002 652 1073">
     <span class='ocr_line' id='line_1_10' title="bbox 282 1002 652 1073; baseline 0 -18"><span class='ocrx_word' id='word_1_56' title='bbox 282 1002 652 1073; x_wconf 76' lang='grc' dir='ltr'>ἱστορήκασιν.</span> 
     </span>
    </p>
   </div>
   <div class='ocr_carea' id='block_1_11' title="bbox 886 1088 1266 1145">
    <p class='ocr_par' dir='ltr' id='par_1_11' title="bbox 886 1088 1266 1145">
     <span class='ocr_line' id='line_1_11' title="bbox 886 1088 1266 1145; baseline 0 -2"><span class='ocrx_word' id='word_1_57' title='bbox 886 1092 984 1145; x_wconf 84' lang='grc' dir='ltr'>Ἐκ</span> <span class='ocrx_word' id='word_1_58' title='bbox 1014 1088 1123 1145; x_wconf 85' lang='grc' dir='ltr'>τοῦ</span> <span class='ocrx_word' id='word_1_59' title='bbox 1155 1090 1266 1145; x_wconf 79' lang='grc' dir='ltr'>λδ’.</span> 
     </span>
    </p>
   </div>
   <div class='ocr_carea' id='block_1_12' title="bbox 365 1180 1859 1252">
    <p class='ocr_par' dir='ltr' id='par_1_12' title="bbox 365 1180 1859 1252">
     <span class='ocr_line' id='line_1_12' title="bbox 365 1180 1859 1252; baseline -0.003 -15"><span class='ocrx_word' id='word_1_60' title='bbox 365 1183 450 1245; x_wconf 86' lang='grc' dir='ltr'>Ὠς</span> <span class='ocrx_word' id='word_1_61' title='bbox 493 1182 766 1252; x_wconf 83' lang='grc' dir='ltr'>Ἀντίοχος</span> <span class='ocrx_word' id='word_1_62' title='bbox 788 1183 816 1235; x_wconf 92' lang='grc' dir='ltr'>ό</span> <span class='ocrx_word' id='word_1_63' title='bbox 850 1181 1126 1251; x_wconf 79' lang='grc' dir='ltr'>βασιλεὺς,</span> <span class='ocrx_word' id='word_1_64' title='bbox 1159 1181 1325 1251; x_wconf 74' lang='grc' dir='ltr'>φησὶν</span> <span class='ocrx_word' id='word_1_65' title='bbox 1354 1181 1423 1245; x_wconf 75' lang='grc'>⁸⁸,</span> <span class='ocrx_word' id='word_1_66' title='bbox 1454 1180 1761 1251; x_wconf 74' lang='grc' dir='ltr'>ἐπολιόρκει</span> <span class='ocrx_word' id='word_1_67' title='bbox 1789 1180 1859 1233; x_wconf 78' lang='grc' dir='ltr'>τὰ</span> 
     </span>
    </p>
   </div>
   <div class='ocr_carea' id='block_1_13' title="bbox 299 1271 1859 1343">
    <p class='ocr_par' dir='ltr' id='par_1_13' title="bbox 299 1271 1859 1343">
     <span class='ocr_line' id='line_1_13' title="bbox 299 1271 1859 1343; baseline -0.003 -15"><span class='ocrx_word' id='word_1_68' title='bbox 299 1274 672 1343; x_wconf 84' lang='grc' dir='ltr'>Ἰεροσόλυμα,</span> <span class='ocrx_word' id='word_1_69' title='bbox 717 1275 769 1325; x_wconf 73' lang='grc' dir='ltr'>οἱ</span> <span class='ocrx_word' id='word_1_70' title='bbox 800 1273 857 1325; x_wconf 82' lang='grc' dir='ltr'>δὲ</span> <span class='ocrx_word' id='word_1_71' title='bbox 899 1273 1143 1325; x_wconf 70' lang='grc' dir='ltr'>Ἰουδαῖοι</span> <span class='ocrx_word' id='word_1_72' title='bbox 1203 1273 1365 1342; x_wconf 87' lang='grc' dir='ltr'>μέχρι</span> <span class='ocrx_word' id='word_1_73' title='bbox 1409 1271 1509 1341; x_wconf 86' lang='grc' dir='ltr'>μέν</span> <span class='ocrx_word' id='word_1_74' title='bbox 1549 1289 1695 1334; x_wconf 91' lang='grc' dir='ltr'>τινος</span> <span class='ocrx_word' id='word_1_75' title='bbox 1732 1272 1859 1325; x_wconf 88' lang='grc' dir='ltr'>ἀντ-</span> 
     </span>
    </p>
   </div>
   <div class='ocr_carea' id='block_1_14' title="bbox 283 1363 1859 1436">
    <p class='ocr_par' dir='ltr' id='par_1_14' title="bbox 283 1363 1859 1436">
     <span class='ocr_line' id='line_1_14' title="bbox 283 1363 1859 1436; baseline -0.003 -17"><span class='ocrx_word' id='word_1_76' title='bbox 283 1366 463 1436; x_wconf 77' lang='grc' dir='ltr'>έσχον,</span> <span class='ocrx_word' id='word_1_77' title='bbox 514 1364 960 1429; x_wconf 71' lang='grc' dir='ltr'>ἐξαναλωθέντων</span> <span class='ocrx_word' id='word_1_78' title='bbox 1007 1363 1063 1415; x_wconf 79' lang='grc' dir='ltr'>δὲ</span> <span class='ocrx_word' id='word_1_79' title='bbox 1108 1363 1219 1416; x_wconf 85' lang='grc' dir='ltr'>τῶν</span> <span class='ocrx_word' id='word_1_80' title='bbox 1257 1363 1575 1432; x_wconf 76' lang='grc' dir='ltr'>ἐπιτηδείων</span> <span class='ocrx_word' id='word_1_81' title='bbox 1605 1364 1859 1417; x_wconf 77' lang='grc' dir='ltr'>ἁπάντων</span> 
     </span>
    </p>
   </div>
   <div class='ocr_carea' id='block_1_15' title="bbox 282 1451 1857 1527">
    <p class='ocr_par' dir='ltr' id='par_1_15' title="bbox 282 1451 1857 1527">
     <span class='ocr_line' id='line_1_15' title="bbox 282 1451 1857 1527; baseline 0 -20"><span class='ocrx_word' id='word_1_82' title='bbox 282 1456 707 1527; x_wconf 75' lang='grc' dir='ltr'>ἠναγκάσθησαν</span> <span class='ocrx_word' id='word_1_83' title='bbox 731 1455 858 1525; x_wconf 74' lang='grc' dir='ltr'>περὶ</span> <span class='ocrx_word' id='word_1_84' title='bbox 882 1451 1180 1516; x_wconf 84' lang='grc' dir='ltr'>διαλύσεως</span> <span class='ocrx_word' id='word_1_85' title='bbox 1205 1452 1757 1525; x_wconf 89' lang='grc' dir='ltr'>διαπρεσϐεύσασθαι.</span> <span class='ocrx_word' id='word_1_86' title='bbox 1790 1452 1857 1509; x_wconf 82' lang='grc' dir='ltr'>Οί</span> 
     </span>
    </p>
   </div>
   <div class='ocr_carea' id='block_1_16' title="bbox 285 1546 1859 1618">
    <p class='ocr_par' dir='ltr' id='par_1_16' title="bbox 285 1546 1859 1618">
     <span class='ocr_line' id='line_1_16' title="bbox 285 1546 1859 1618; baseline -0.001 -15"><span class='ocrx_word' id='word_1_87' title='bbox 285 1550 343 1603; x_wconf 82' lang='grc' dir='ltr'>δὲ</span> <span class='ocrx_word' id='word_1_88' title='bbox 371 1549 590 1612; x_wconf 90' lang='grc' dir='ltr'>πλείους</span> <span class='ocrx_word' id='word_1_89' title='bbox 627 1546 777 1617; x_wconf 84' lang='grc' dir='ltr'>αύτῷ</span> <span class='ocrx_word' id='word_1_90' title='bbox 805 1547 911 1599; x_wconf 90' lang='grc' dir='ltr'>τῶν</span> <span class='ocrx_word' id='word_1_91' title='bbox 939 1548 1108 1617; x_wconf 84' lang='grc' dir='ltr'>φίλων</span> <span class='ocrx_word' id='word_1_92' title='bbox 1140 1547 1523 1600; x_wconf 88' lang='grc' dir='ltr'>συνεϐούλευον</span> <span class='ocrx_word' id='word_1_93' title='bbox 1553 1548 1692 1601; x_wconf 89' lang='grc' dir='ltr'>κατά</span> <span class='ocrx_word' id='word_1_94' title='bbox 1731 1547 1859 1618; x_wconf 83' lang='grc' dir='ltr'>κρά-</span> 
     </span>
    </p>
   </div>
   <div class='ocr_carea' id='block_1_17' title="bbox 285 1636 1859 1709">
    <p class='ocr_par' dir='ltr' id='par_1_17' title="bbox 285 1636 1859 1709">
     <span class='ocr_line' id='line_1_17' title="bbox 285 1636 1859 1709; baseline -0.002 -16"><span class='ocrx_word' id='word_1_95' title='bbox 285 1657 375 1703; x_wconf 89' lang='grc' dir='ltr'>τος</span> <span class='ocrx_word' id='word_1_96' title='bbox 408 1640 660 1709; x_wconf 80' lang='grc' dir='ltr'>αἱρήσειν</span> <span class='ocrx_word' id='word_1_97' title='bbox 696 1637 795 1708; x_wconf 85' lang='grc' dir='ltr'>τὴν</span> <span class='ocrx_word' id='word_1_98' title='bbox 833 1637 988 1690; x_wconf 88' lang='grc' dir='ltr'>πόλιν</span> <span class='ocrx_word' id='word_1_99' title='bbox 1022 1637 1118 1691; x_wconf 72' lang='grc' dir='ltr'>καὶ</span> <span class='ocrx_word' id='word_1_100' title='bbox 1156 1636 1217 1689; x_wconf 81' lang='grc' dir='ltr'>τὸ</span> <span class='ocrx_word' id='word_1_101' title='bbox 1257 1636 1411 1703; x_wconf 83' lang='grc' dir='ltr'>γένος</span> <span class='ocrx_word' id='word_1_102' title='bbox 1448 1637 1615 1707; x_wconf 80' lang='grc' dir='ltr'>ἄρδην</span> <span class='ocrx_word' id='word_1_103' title='bbox 1646 1638 1859 1691; x_wconf 82' lang='grc' dir='ltr'>ἀνελεῖν</span> 
     </span>
    </p>
   </div>
   <div class='ocr_carea' id='block_1_18' title="bbox 284 1728 1857 1799">
    <p class='ocr_par' dir='ltr' id='par_1_18' title="bbox 284 1728 1857 1799">
     <span class='ocr_line' id='line_1_18' title="bbox 284 1728 1857 1799; baseline -0.003 -14"><span class='ocrx_word' id='word_1_104' title='bbox 284 1731 393 1785; x_wconf 89' lang='grc' dir='ltr'>τῶν</span> <span class='ocrx_word' id='word_1_105' title='bbox 434 1730 700 1783; x_wconf 84' lang='grc' dir='ltr'>Ἰουδαίων</span> <span class='ocrx_word' id='word_1_106' title='bbox 722 1746 737 1760; x_wconf 75' lang='grc' dir='ltr'><strong><em>ο</em></strong></span> <span class='ocrx_word' id='word_1_107' title='bbox 779 1729 971 1799; x_wconf 83' lang='grc' dir='ltr'>μόνους</span> <span class='ocrx_word' id='word_1_108' title='bbox 1000 1730 1109 1799; x_wconf 85' lang='grc' dir='ltr'>γὰρ</span> <span class='ocrx_word' id='word_1_109' title='bbox 1137 1729 1391 1783; x_wconf 81' lang='grc' dir='ltr'>ἁπάντων</span> <span class='ocrx_word' id='word_1_110' title='bbox 1423 1728 1591 1781; x_wconf 90' lang='grc' dir='ltr'>ἐθνῶν</span> <span class='ocrx_word' id='word_1_111' title='bbox 1625 1730 1857 1782; x_wconf 76' lang='grc' dir='ltr'>ἀκοινω-</span> 
     </span>
    </p>
   </div>
   <div class='ocr_carea' id='block_1_19' title="bbox 284 1818 1861 1892">
    <p class='ocr_par' dir='ltr' id='par_1_19' title="bbox 284 1818 1861 1892">
     <span class='ocr_line' id='line_1_19' title="bbox 284 1818 1861 1892; baseline -0.003 -16"><span class='ocrx_word' id='word_1_112' title='bbox 284 1823 480 1892; x_wconf 85' lang='grc' dir='ltr'>νήτους</span> <span class='ocrx_word' id='word_1_113' title='bbox 516 1818 655 1873; x_wconf 75' lang='grc' dir='ltr'>εἶναι</span> <span class='ocrx_word' id='word_1_114' title='bbox 686 1821 784 1889; x_wconf 79' lang='grc' dir='ltr'>τῆς</span> <span class='ocrx_word' id='word_1_115' title='bbox 812 1820 948 1889; x_wconf 79' lang='grc' dir='ltr'>πρὸς</span> <span class='ocrx_word' id='word_1_116' title='bbox 977 1819 1104 1873; x_wconf 77' lang='grc' dir='ltr'>ἄλλο</span> <span class='ocrx_word' id='word_1_117' title='bbox 1130 1820 1280 1880; x_wconf 79' lang='grc' dir='ltr'>ἔθνος</span> <span class='ocrx_word' id='word_1_118' title='bbox 1316 1819 1593 1888; x_wconf 75' lang='grc' dir='ltr'>ἐπιμιξίας</span> <span class='ocrx_word' id='word_1_119' title='bbox 1626 1819 1719 1872; x_wconf 77' lang='grc' dir='ltr'>καὶ</span> <span class='ocrx_word' id='word_1_120' title='bbox 1764 1836 1861 1872; x_wconf 81' lang='grc' dir='ltr'>πο·</span> 
     </span>
    </p>
   </div>
   <div class='ocr_carea' id='block_1_20' title="bbox 284 1906 1861 1978">
    <p class='ocr_par' dir='ltr' id='par_1_20' title="bbox 284 1906 1861 1978">
     <span class='ocr_line' id='line_1_20' title="bbox 284 1906 1861 1978; baseline -0.002 -16"><span class='ocrx_word' id='word_1_121' title='bbox 284 1909 507 1977; x_wconf 87' lang='grc' dir='ltr'>λεμίους</span> <span class='ocrx_word' id='word_1_122' title='bbox 540 1906 941 1978; x_wconf 82' lang='grc' dir='ltr'>ὑπολαμϐάνειν</span> <span class='ocrx_word' id='word_1_123' title='bbox 973 1909 1201 1970; x_wconf 81' lang='grc' dir='ltr'>πάντας.</span> <span class='ocrx_word' id='word_1_124' title='bbox 1253 1908 1629 1961; x_wconf 83' lang='grc' dir='ltr'>Ἀπεδείκνυον</span> <span class='ocrx_word' id='word_1_125' title='bbox 1665 1906 1722 1959; x_wconf 80' lang='grc' dir='ltr'>δὲ</span> <span class='ocrx_word' id='word_1_126' title='bbox 1766 1907 1861 1960; x_wconf 73' lang='grc' dir='ltr'>καὶ</span> 
     </span>
    </p>
   </div>
   <div class='ocr_carea' id='block_1_21' title="bbox 284 1997 1860 2069">
    <p class='ocr_par' dir='ltr' id='par_1_21' title="bbox 284 1997 1860 2069">
     <span class='ocr_line' id='line_1_21' title="bbox 284 1997 1860 2069; baseline -0.001 -17"><span class='ocrx_word' id='word_1_127' title='bbox 284 2000 412 2061; x_wconf 81' lang='grc' dir='ltr'>τοὺς</span> <span class='ocrx_word' id='word_1_128' title='bbox 446 1999 742 2069; x_wconf 80' lang='grc' dir='ltr'>προγόνους</span> <span class='ocrx_word' id='word_1_129' title='bbox 772 1997 951 2051; x_wconf 83' lang='grc' dir='ltr'>αὐτῶν</span> <span class='ocrx_word' id='word_1_130' title='bbox 998 1998 1073 2061; x_wconf 87' lang='grc' dir='ltr'>ὼς</span> <span class='ocrx_word' id='word_1_131' title='bbox 1120 1999 1337 2061; x_wconf 87' lang='grc' dir='ltr'>ἀσεϐεῖς</span> <span class='ocrx_word' id='word_1_132' title='bbox 1372 1999 1467 2052; x_wconf 77' lang='grc' dir='ltr'>καὶ</span> <span class='ocrx_word' id='word_1_133' title='bbox 1502 1999 1860 2068; x_wconf 87' lang='grc' dir='ltr'>μισουμένους</span> 
     </span>
    </p>
   </div>
   <div class='ocr_carea' id='block_1_22' title="bbox 286 2088 1859 2160">
    <p class='ocr_par' dir='ltr' id='par_1_22' title="bbox 286 2088 1859 2160">
     <span class='ocr_line' id='line_1_22' title="bbox 286 2088 1859 2160; baseline 0.001 -18"><span class='ocrx_word' id='word_1_134' title='bbox 286 2089 393 2142; x_wconf 72' lang='grc' dir='ltr'>ὑπὸ</span> <span class='ocrx_word' id='word_1_135' title='bbox 419 2089 528 2142; x_wconf 90' lang='grc' dir='ltr'>τῶν</span> <span class='ocrx_word' id='word_1_136' title='bbox 561 2090 607 2122; x_wconf 83' lang='grc'>⁸¹</span> <span class='ocrx_word' id='word_1_137' title='bbox 641 2088 780 2141; x_wconf 88' lang='grc' dir='ltr'>θεῶν</span> <span class='ocrx_word' id='word_1_138' title='bbox 813 2088 871 2154; x_wconf 80' lang='grc' dir='ltr'>ἐξ</span> <span class='ocrx_word' id='word_1_139' title='bbox 905 2088 1124 2158; x_wconf 85' lang='grc' dir='ltr'>ἀπάσης</span> <span class='ocrx_word' id='word_1_140' title='bbox 1163 2090 1262 2159; x_wconf 79' lang='grc' dir='ltr'>τῆς</span> <span class='ocrx_word' id='word_1_141' title='bbox 1302 2090 1579 2158; x_wconf 79' lang='grc' dir='ltr'>Αἰγύπτου</span> <span class='ocrx_word' id='word_1_142' title='bbox 1610 2107 1859 2160; x_wconf 84' lang='grc' dir='ltr'>πεφυγα-</span> 
     </span>
    </p>
   </div>
   <div class='ocr_carea' id='block_1_23' title="bbox 283 2180 1859 2253">
    <p class='ocr_par' dir='ltr' id='par_1_23' title="bbox 283 2180 1859 2253">
     <span class='ocr_line' id='line_1_23' title="bbox 283 2180 1859 2253; baseline 0.001 -18"><span class='ocrx_word' id='word_1_143' title='bbox 283 2181 595 2252; x_wconf 85' lang='grc' dir='ltr'>δευμένους.</span> <span class='ocrx_word' id='word_1_144' title='bbox 637 2182 776 2243; x_wconf 75' lang='grc' dir='ltr'>Τοὺς</span> <span class='ocrx_word' id='word_1_145' title='bbox 806 2182 915 2252; x_wconf 83' lang='grc' dir='ltr'>γὰρ</span> <span class='ocrx_word' id='word_1_146' title='bbox 956 2180 1162 2250; x_wconf 80' lang='grc' dir='ltr'>ἀλφοὺς</span> <span class='ocrx_word' id='word_1_147' title='bbox 1206 2181 1238 2252; x_wconf 84' lang='grc' dir='ltr'>ἢ</span> <span class='ocrx_word' id='word_1_148' title='bbox 1285 2181 1494 2253; x_wconf 86' lang='grc' dir='ltr'>λέπρας</span> <span class='ocrx_word' id='word_1_149' title='bbox 1532 2182 1752 2252; x_wconf 77' lang='grc' dir='ltr'>ἔχοντας</span> <span class='ocrx_word' id='word_1_150' title='bbox 1802 2184 1859 2236; x_wconf 90' lang='grc' dir='ltr'>ἐν</span> 
     </span>
    </p>
   </div>
   <div class='ocr_carea' id='block_1_24' title="bbox 283 2272 1861 2347">
    <p class='ocr_par' dir='ltr' id='par_1_24' title="bbox 283 2272 1861 2347">
     <span class='ocr_line' id='line_1_24' title="bbox 283 2272 1861 2347; baseline 0.001 -20"><span class='ocrx_word' id='word_1_151' title='bbox 283 2277 397 2337; x_wconf 91' lang='grc' dir='ltr'>τοῖς</span> <span class='ocrx_word' id='word_1_152' title='bbox 431 2272 664 2343; x_wconf 86' lang='grc' dir='ltr'>σώμασι,</span> <span class='ocrx_word' id='word_1_153' title='bbox 695 2272 983 2342; x_wconf 78' lang='grc' dir='ltr'>καθαρμοῦ</span> <span class='ocrx_word' id='word_1_154' title='bbox 1017 2274 1178 2343; x_wconf 83' lang='grc' dir='ltr'>χάριν</span> <span class='ocrx_word' id='word_1_155' title='bbox 1209 2273 1286 2338; x_wconf 87' lang='grc' dir='ltr'>ὡς</span> <span class='ocrx_word' id='word_1_156' title='bbox 1322 2276 1537 2343; x_wconf 76' lang='grc' dir='ltr'>ἐναγεῖς</span> <span class='ocrx_word' id='word_1_157' title='bbox 1573 2276 1861 2347; x_wconf 82' lang='grc' dir='ltr'>συναθροι-</span> 
     </span>
    </p>
   </div>
   <div class='ocr_carea' id='block_1_25' title="bbox 287 2361 1861 2435">
    <p class='ocr_par' dir='ltr' id='par_1_25' title="bbox 287 2361 1861 2435">
     <span class='ocr_line' id='line_1_25' title="bbox 287 2361 1861 2435; baseline 0.001 -19"><span class='ocrx_word' id='word_1_158' title='bbox 287 2362 536 2427; x_wconf 78' lang='grc' dir='ltr'>σθὲντας,</span> <span class='ocrx_word' id='word_1_159' title='bbox 581 2361 706 2434; x_wconf 84' lang='grc'>[619</span> <span class='ocrx_word' id='word_1_160' title='bbox 750 2361 843 2435; x_wconf 80' lang='lat' dir='ltr'>H.]</span> <span class='ocrx_word' id='word_1_161' title='bbox 885 2363 1214 2434; x_wconf 82' lang='grc' dir='ltr'>ὑπερορίους</span> <span class='ocrx_word' id='word_1_162' title='bbox 1262 2364 1624 2435; x_wconf 81' lang='grc' dir='ltr'>ἐκϐεϐλῆσθαι</span> <span class='ocrx_word' id='word_1_163' title='bbox 1664 2384 1677 2397; x_wconf 68' lang='grc' dir='ltr'><strong>ν</strong></span> <span class='ocrx_word' id='word_1_164' title='bbox 1735 2366 1861 2429; x_wconf 78' lang='grc' dir='ltr'>τοὺς</span> 
     </span>
    </p>
   </div>
   <div class='ocr_carea' id='block_1_26' title="bbox 284 2454 1863 2529">
    <p class='ocr_par' dir='ltr' id='par_1_26' title="bbox 284 2454 1863 2529">
     <span class='ocr_line' id='line_1_26' title="bbox 284 2454 1863 2529; baseline 0.001 -20"><span class='ocrx_word' id='word_1_165' title='bbox 284 2455 345 2509; x_wconf 69' lang='grc' dir='ltr'>δὲ</span> <span class='ocrx_word' id='word_1_166' title='bbox 400 2454 780 2526; x_wconf 81' lang='grc' dir='ltr'>ἐξορισθέντας</span> <span class='ocrx_word' id='word_1_167' title='bbox 838 2455 1244 2509; x_wconf 85' lang='grc' dir='ltr'>καταλαϐέσθαι</span> <span class='ocrx_word' id='word_1_168' title='bbox 1303 2458 1402 2528; x_wconf 83' lang='grc' dir='ltr'>μὲν</span> <span class='ocrx_word' id='word_1_169' title='bbox 1450 2457 1575 2520; x_wconf 75' lang='grc' dir='ltr'>τοὺς</span> <span class='ocrx_word' id='word_1_170' title='bbox 1627 2459 1755 2529; x_wconf 81' lang='grc' dir='ltr'>περὶ</span> <span class='ocrx_word' id='word_1_171' title='bbox 1794 2456 1863 2510; x_wconf 84' lang='grc' dir='ltr'>τὰ</span> 
     </span>
    </p>
   </div>
   <div class='ocr_carea' id='block_1_27' title="bbox 300 2546 1864 2617">
    <p class='ocr_par' dir='ltr' id='par_1_27' title="bbox 300 2546 1864 2617">
     <span class='ocr_line' id='line_1_27' title="bbox 300 2546 1864 2617; baseline 0.001 -18"><span class='ocrx_word' id='word_1_172' title='bbox 300 2546 646 2617; x_wconf 83' lang='grc' dir='ltr'>Ἰεροσόλυμα</span> <span class='ocrx_word' id='word_1_173' title='bbox 670 2548 886 2611; x_wconf 80' lang='grc' dir='ltr'>τόπους,</span> <span class='ocrx_word' id='word_1_174' title='bbox 922 2547 1366 2617; x_wconf 79' lang='grc' dir='ltr'>συστησαμένους</span> <span class='ocrx_word' id='word_1_175' title='bbox 1402 2547 1458 2601; x_wconf 86' lang='grc' dir='ltr'>δὲ</span> <span class='ocrx_word' id='word_1_176' title='bbox 1491 2548 1552 2600; x_wconf 78' lang='grc' dir='ltr'>τὸ</span> <span class='ocrx_word' id='word_1_177' title='bbox 1581 2548 1691 2601; x_wconf 87' lang='grc' dir='ltr'>τῶν</span> <span class='ocrx_word' id='word_1_178' title='bbox 1732 2551 1864 2601; x_wconf 74' lang='grc' dir='ltr'>Ἰου·</span> 
     </span>
    </p>
   </div>
   <div class='ocr_carea' id='block_1_28' title="bbox 284 2637 1863 2709">
    <p class='ocr_par' dir='ltr' id='par_1_28' title="bbox 284 2637 1863 2709">
     <span class='ocr_line' id='line_1_28' title="bbox 284 2637 1863 2709; baseline -0.002 -16"><span class='ocrx_word' id='word_1_179' title='bbox 284 2639 454 2693; x_wconf 83' lang='grc' dir='ltr'>δαίων</span> <span class='ocrx_word' id='word_1_180' title='bbox 493 2638 644 2701; x_wconf 82' lang='grc' dir='ltr'>ἐθνος</span> <span class='ocrx_word' id='word_1_181' title='bbox 689 2638 1065 2709; x_wconf 84' lang='grc' dir='ltr'>παραδόσιμον</span> <span class='ocrx_word' id='word_1_182' title='bbox 1101 2639 1322 2709; x_wconf 86' lang='grc' dir='ltr'>ποιῆσαι</span> <span class='ocrx_word' id='word_1_183' title='bbox 1360 2637 1421 2691; x_wconf 76' lang='grc' dir='ltr'>τὸ</span> <span class='ocrx_word' id='word_1_184' title='bbox 1454 2641 1611 2709; x_wconf 85' lang='grc' dir='ltr'>μῖσος</span> <span class='ocrx_word' id='word_1_185' title='bbox 1638 2639 1697 2692; x_wconf 81' lang='grc' dir='ltr'>τὸ</span> <span class='ocrx_word' id='word_1_186' title='bbox 1728 2640 1863 2708; x_wconf 77' lang='grc' dir='ltr'>πρὸς</span> 
     </span>
    </p>
   </div>
   <div class='ocr_carea' id='block_1_29' title="bbox 284 2729 1864 2800">
    <p class='ocr_par' dir='ltr' id='par_1_29' title="bbox 284 2729 1864 2800">
     <span class='ocr_line' id='line_1_29' title="bbox 284 2729 1864 2800; baseline -0.001 -16"><span class='ocrx_word' id='word_1_187' title='bbox 284 2732 412 2793; x_wconf 60' lang='grc' dir='ltr'>τοὺς</span> <span class='ocrx_word' id='word_1_188' title='bbox 467 2730 792 2800; x_wconf 80' lang='grc' dir='ltr'>ἀνθρώπους</span> <span class='ocrx_word' id='word_1_189' title='bbox 840 2730 923 2761; x_wconf 84' lang='grc'>⁸³·</span> <span class='ocrx_word' id='word_1_190' title='bbox 965 2729 1053 2783; x_wconf 84' lang='grc' dir='ltr'>διὰ</span> <span class='ocrx_word' id='word_1_191' title='bbox 1100 2729 1257 2782; x_wconf 91' lang='grc' dir='ltr'>τοῦτο</span> <span class='ocrx_word' id='word_1_192' title='bbox 1312 2730 1368 2783; x_wconf 84' lang='grc' dir='ltr'>δὲ</span> <span class='ocrx_word' id='word_1_193' title='bbox 1417 2731 1464 2763; x_wconf 73' lang='grc'>⁸⁵</span> <span class='ocrx_word' id='word_1_194' title='bbox 1511 2731 1606 2782; x_wconf 74' lang='grc' dir='ltr'>καὶ</span> <span class='ocrx_word' id='word_1_195' title='bbox 1655 2729 1864 2799; x_wconf 86' lang='grc' dir='ltr'>νόμιμα</span> 
     </span>
    </p>
   </div>
   <div class='ocr_carea' id='block_1_30' title="bbox 288 2820 1864 2892">
    <p class='ocr_par' dir='ltr' id='par_1_30' title="bbox 288 2820 1864 2892">
     <span class='ocr_line' id='line_1_30' title="bbox 288 2820 1864 2892; baseline -0.003 -17"><span class='ocrx_word' id='word_1_196' title='bbox 288 2822 568 2884; x_wconf 83' lang='grc' dir='ltr'>παντελῶς</span> <span class='ocrx_word' id='word_1_197' title='bbox 600 2821 985 2892; x_wconf 77' lang='grc' dir='ltr'>ἐξηλλαγμένα</span> <span class='ocrx_word' id='word_1_198' title='bbox 1015 2821 1354 2887; x_wconf 81' lang='grc' dir='ltr'>καταδεῖξαι,</span> <span class='ocrx_word' id='word_1_199' title='bbox 1382 2822 1444 2874; x_wconf 84' lang='grc' dir='ltr'>τὸ</span> <span class='ocrx_word' id='word_1_200' title='bbox 1491 2822 1677 2891; x_wconf 76' lang='grc' dir='ltr'>μηδενὶ</span> <span class='ocrx_word' id='word_1_201' title='bbox 1720 2820 1864 2890; x_wconf 81' lang='grc' dir='ltr'>ἄλλῳ</span> 
     </span>
    </p>
   </div>
   <div class='ocr_carea' id='block_1_31' title="bbox 286 2911 1861 2984">
    <p class='ocr_par' dir='ltr' id='par_1_31' title="bbox 286 2911 1861 2984">
     <span class='ocr_line' id='line_1_31' title="bbox 286 2911 1861 2984; baseline 0.001 -19"><span class='ocrx_word' id='word_1_202' title='bbox 286 2912 425 2967; x_wconf 73' lang='grc' dir='ltr'>ἔθνει</span> <span class='ocrx_word' id='word_1_203' title='bbox 454 2912 731 2984; x_wconf 76' lang='grc' dir='ltr'>τραπέζης</span> <span class='ocrx_word' id='word_1_204' title='bbox 755 2914 1030 2966; x_wconf 84' lang='grc' dir='ltr'>κοινωνεῖν</span> <span class='ocrx_word' id='word_1_205' title='bbox 1056 2912 1179 2983; x_wconf 77' lang='grc' dir='ltr'>μηδ’</span> <span class='ocrx_word' id='word_1_206' title='bbox 1208 2912 1411 2967; x_wconf 83' lang='grc' dir='ltr'>εὐνοεῖν</span> <span class='ocrx_word' id='word_1_207' title='bbox 1432 2913 1493 2965; x_wconf 87' lang='grc' dir='ltr'>τὸ</span> <span class='ocrx_word' id='word_1_208' title='bbox 1517 2913 1772 2983; x_wconf 83' lang='grc' dir='ltr'>παράπαν</span> <span class='ocrx_word' id='word_1_209' title='bbox 1794 2911 1861 2967; x_wconf 82' lang='grc'>⁸⁸.</span> 
     </span>
    </p>
   </div>
   <div class='ocr_carea' id='block_1_32' title="bbox 300 3002 1863 3076">
    <p class='ocr_par' dir='ltr' id='par_1_32' title="bbox 300 3002 1863 3076">
     <span class='ocr_line' id='line_1_32' title="bbox 300 3002 1863 3076; baseline -0.001 -19"><span class='ocrx_word' id='word_1_210' title='bbox 300 3004 652 3076; x_wconf 83' lang='grc' dir='ltr'>’Υπέμνησαν</span> <span class='ocrx_word' id='word_1_211' title='bbox 684 3004 742 3058; x_wconf 74' lang='grc' dir='ltr'>δὲ</span> <span class='ocrx_word' id='word_1_212' title='bbox 767 3004 930 3057; x_wconf 79' lang='grc' dir='ltr'>αὑτὸν</span> <span class='ocrx_word' id='word_1_213' title='bbox 966 3005 1061 3057; x_wconf 72' lang='grc' dir='ltr'>καλ⁵</span> <span class='ocrx_word' id='word_1_214' title='bbox 1092 3002 1343 3074; x_wconf 73' lang='grc' dir='ltr'>περὶτοῦ</span> <span class='ocrx_word' id='word_1_215' title='bbox 1380 3004 1778 3074; x_wconf 84' lang='grc' dir='ltr'>προγενομένου</span> <span class='ocrx_word' id='word_1_216' title='bbox 1816 3002 1863 3035; x_wconf 79' lang='grc'>⁸⁸</span> 
     </span>
    </p>
   </div>
   <div class='ocr_carea' id='block_1_33' title="bbox 291 3093 1865 3169">
    <p class='ocr_par' dir='ltr' id='par_1_33' title="bbox 291 3093 1865 3169">
     <span class='ocr_line' id='line_1_33' title="bbox 291 3093 1865 3169; baseline -0.003 -18"><span class='ocrx_word' id='word_1_217' title='bbox 291 3097 486 3169; x_wconf 87' lang='grc' dir='ltr'>μίσους</span> <span class='ocrx_word' id='word_1_218' title='bbox 510 3099 624 3160; x_wconf 85' lang='grc' dir='ltr'>τοῖς</span> <span class='ocrx_word' id='word_1_219' title='bbox 659 3096 952 3168; x_wconf 84' lang='grc' dir='ltr'>προγόνοις</span> <span class='ocrx_word' id='word_1_220' title='bbox 983 3095 1120 3166; x_wconf 77' lang='grc' dir='ltr'>πρὸς</span> <span class='ocrx_word' id='word_1_221' title='bbox 1147 3093 1307 3148; x_wconf 85' lang='grc' dir='ltr'>τοῦτο</span> <span class='ocrx_word' id='word_1_222' title='bbox 1335 3094 1396 3147; x_wconf 82' lang='grc' dir='ltr'>τὸ</span> <span class='ocrx_word' id='word_1_223' title='bbox 1442 3094 1611 3158; x_wconf 75' lang='grc' dir='ltr'>ἔθνος.</span> <span class='ocrx_word' id='word_1_224' title='bbox 1665 3094 1865 3147; x_wconf 81' lang='grc' dir='ltr'>’Δντίο-</span> 
     </span>
    </p>
   </div>
   <div class='ocr_carea' id='block_1_34' title="bbox 285 3186 1866 3260">
    <p class='ocr_par' dir='ltr' id='par_1_34' title="bbox 285 3186 1866 3260">
     <span class='ocr_line' id='line_1_34' title="bbox 285 3186 1866 3260; baseline -0.004 -17"><span class='ocrx_word' id='word_1_225' title='bbox 285 3206 383 3260; x_wconf 85' lang='grc' dir='ltr'>χος</span> <span class='ocrx_word' id='word_1_226' title='bbox 407 3190 515 3259; x_wconf 81' lang='grc' dir='ltr'>γὰρ</span> <span class='ocrx_word' id='word_1_227' title='bbox 555 3191 583 3241; x_wconf 84' lang='grc' dir='ltr'>ὁ</span> <span class='ocrx_word' id='word_1_228' title='bbox 614 3186 1076 3259; x_wconf 76' lang='grc' dir='ltr'>προσαγορευθεὶς</span> <span class='ocrx_word' id='word_1_229' title='bbox 1114 3186 1441 3256; x_wconf 85' lang='grc' dir='ltr'>Ἐπιφανὴς,</span> <span class='ocrx_word' id='word_1_230' title='bbox 1479 3186 1866 3256; x_wconf 85' lang='grc' dir='ltr'>καταπολεμή-</span> 
     </span>
    </p>
   </div>
   <div class='ocr_carea' id='block_1_35' title="bbox 288 3278 1862 3347">
    <p class='ocr_par' dir='ltr' id='par_1_35' title="bbox 288 3278 1862 3347">
     <span class='ocr_line' id='line_1_35' title="bbox 288 3278 1862 3347; baseline -0.001 -14"><span class='ocrx_word' id='word_1_231' title='bbox 288 3296 392 3343; x_wconf 90' lang='grc' dir='ltr'>σας</span> <span class='ocrx_word' id='word_1_232' title='bbox 405 3282 531 3343; x_wconf 72' lang='grc' dir='ltr'>τοὺς</span> <span class='ocrx_word' id='word_1_233' title='bbox 564 3280 871 3343; x_wconf 83' lang='grc' dir='ltr'>Ἰουδαίους,</span> <span class='ocrx_word' id='word_1_234' title='bbox 895 3278 1141 3347; x_wconf 79' lang='grc' dir='ltr'>εἰσῆλθεν</span> <span class='ocrx_word' id='word_1_235' title='bbox 1161 3282 1241 3341; x_wconf 77' lang='grc' dir='ltr'>εἰς</span> <span class='ocrx_word' id='word_1_236' title='bbox 1266 3279 1358 3332; x_wconf 84' lang='grc' dir='ltr'>τὸν</span> <span class='ocrx_word' id='word_1_237' title='bbox 1382 3279 1573 3331; x_wconf 80' lang='grc' dir='ltr'>ἄδυτον</span> <span class='ocrx_word' id='word_1_238' title='bbox 1603 3279 1697 3331; x_wconf 88' lang='grc' dir='ltr'>τοῦ</span> <span class='ocrx_word' id='word_1_239' title='bbox 1727 3278 1862 3332; x_wconf 87' lang='grc' dir='ltr'>Θεοῦ</span> 
     </span>
    </p>
   </div>
   <div class='ocr_carea' id='block_1_36' title="bbox 1961 807 3541 881">
    <p class='ocr_par' dir='ltr' id='par_1_36' title="bbox 1961 807 3541 881">
     <span class='ocr_line' id='line_1_36' title="bbox 1961 807 3541 881; baseline 0.003 -17"><span class='ocrx_word' id='word_1_240' title='bbox 1961 810 2321 864; x_wconf 74' lang='lat' dir='ltr'>Historiarum</span> <span class='ocrx_word' id='word_1_241' title='bbox 2354 808 2711 878; x_wconf 77' lang='lat' dir='ltr'>prosequitur,</span> <span class='ocrx_word' id='word_1_242' title='bbox 2752 807 2876 864; x_wconf 85' lang='lat' dir='ltr'><strong>licet</strong></span> <span class='ocrx_word' id='word_1_243' title='bbox 2902 808 3067 862; x_wconf 89' lang='lat' dir='ltr'><strong>etiam</strong></span> <span class='ocrx_word' id='word_1_244' title='bbox 3093 808 3209 873; x_wconf 88' lang='lat' dir='ltr'><strong>alii.</strong></span> <span class='ocrx_word' id='word_1_245' title='bbox 3244 820 3299 866; x_wconf 91' lang='lat' dir='ltr'>et</span> <span class='ocrx_word' id='word_1_246' title='bbox 3322 810 3541 881; x_wconf 85' lang='lat' dir='ltr'><strong>plurimi</strong></span> 
     </span>
    </p>
   </div>
   <div class='ocr_carea' id='block_1_37' title="bbox 1959 898 2822 969">
    <p class='ocr_par' dir='ltr' id='par_1_37' title="bbox 1959 898 2822 969">
     <span class='ocr_line' id='line_1_37' title="bbox 1959 898 2822 969; baseline -0.002 -14"><span class='ocrx_word' id='word_1_247' title='bbox 1959 900 2023 955; x_wconf 88' lang='lat' dir='ltr'>de</span> <span class='ocrx_word' id='word_1_248' title='bbox 2053 900 2311 969; x_wconf 78' lang='lat' dir='ltr'><strong>prodigiis</strong></span> <span class='ocrx_word' id='word_1_249' title='bbox 2342 898 2661 967; x_wconf 89' lang='lat' dir='ltr'><strong>scripserint</strong></span> <span class='ocrx_word' id='word_1_250' title='bbox 2690 898 2822 968; x_wconf 79' lang='lat'>(57).</span> 
     </span>
    </p>
   </div>
   <div class='ocr_carea' id='block_1_38' title="bbox 2346 1081 3144 1152">
    <p class='ocr_par' dir='ltr' id='par_1_38' title="bbox 2346 1081 3144 1152">
     <span class='ocr_line' id='line_1_38' title="bbox 2346 1081 3144 1152; baseline 0.006 -17"><span class='ocrx_word' id='word_1_251' title='bbox 2346 1081 2431 1135; x_wconf 75' lang='lat' dir='ltr'>Ex</span> <span class='ocrx_word' id='word_1_252' title='bbox 2460 1083 2594 1137; x_wconf 82' lang='lat' dir='ltr'><strong>libro</strong></span> <span class='ocrx_word' id='word_1_253' title='bbox 2633 1082 2896 1137; x_wconf 68' lang='lat' dir='ltr'><strong>tricesimo</strong></span> <span class='ocrx_word' id='word_1_254' title='bbox 2937 1095 3144 1152; x_wconf 86' lang='lat' dir='ltr'><strong>quarto.</strong></span> 
     </span>
    </p>
   </div>
   <div class='ocr_carea' id='block_1_39' title="bbox 2029 1174 3538 1248">
    <p class='ocr_par' dir='ltr' id='par_1_39' title="bbox 2029 1174 3538 1248">
     <span class='ocr_line' id='line_1_39' title="bbox 2029 1174 3538 1248; baseline 0.002 -16"><span class='ocrx_word' id='word_1_255' title='bbox 2029 1176 2327 1241; x_wconf 88' lang='lat' dir='ltr'><strong>Obsidenti,</strong></span> <span class='ocrx_word' id='word_1_256' title='bbox 2366 1176 2566 1245; x_wconf 89' lang='lat' dir='ltr'><strong>inquit,</strong></span> <span class='ocrx_word' id='word_1_257' title='bbox 2598 1174 2864 1229; x_wconf 78' lang='lat' dir='ltr'>Antiocho</span> <span class='ocrx_word' id='word_1_258' title='bbox 2890 1176 3003 1245; x_wconf 84' lang='lat' dir='ltr'><strong>regi</strong></span> <span class='ocrx_word' id='word_1_259' title='bbox 3040 1176 3435 1248; x_wconf 83' lang='lat' dir='ltr'><strong>Hierosolyma,</strong></span> <span class='ocrx_word' id='word_1_260' title='bbox 3470 1194 3538 1235; x_wconf 85' lang='lat' dir='ltr'>eo</span> 
     </span>
    </p>
   </div>
   <div class='ocr_carea' id='block_1_40' title="bbox 1960 1266 3539 1337">
    <p class='ocr_par' dir='ltr' id='par_1_40' title="bbox 1960 1266 3539 1337">
     <span class='ocr_line' id='line_1_40' title="bbox 1960 1266 3539 1337; baseline 0.001 -15"><span class='ocrx_word' id='word_1_261' title='bbox 1960 1284 2131 1337; x_wconf 90' lang='lat' dir='ltr'><strong>usque</strong></span> <span class='ocrx_word' id='word_1_262' title='bbox 2159 1266 2329 1322; x_wconf 83' lang='lat' dir='ltr'><strong>Judaei</strong></span> <span class='ocrx_word' id='word_1_263' title='bbox 2365 1269 2704 1330; x_wconf 86' lang='lat' dir='ltr'><strong>restiterunt,</strong></span> <span class='ocrx_word' id='word_1_264' title='bbox 2736 1267 2909 1322; x_wconf 89' lang='lat' dir='ltr'><strong>donec</strong></span> <span class='ocrx_word' id='word_1_265' title='bbox 2926 1269 3230 1323; x_wconf 89' lang='lat' dir='ltr'><strong>necessaria</strong></span> <span class='ocrx_word' id='word_1_266' title='bbox 3249 1270 3428 1324; x_wconf 87' lang='lat' dir='ltr'><strong>omnia</strong></span> <span class='ocrx_word' id='word_1_267' title='bbox 3453 1270 3539 1324; x_wconf 81' lang='lat' dir='ltr'><strong>dc-</strong></span> 
     </span>
    </p>
   </div>
   <div class='ocr_carea' id='block_1_41' title="bbox 1960 1358 3536 1429">
    <p class='ocr_par' dir='ltr' id='par_1_41' title="bbox 1960 1358 3536 1429">
     <span class='ocr_line' id='line_1_41' title="bbox 1960 1358 3536 1429; baseline 0.001 -15"><span class='ocrx_word' id='word_1_268' title='bbox 1960 1359 2235 1414; x_wconf 87' lang='lat' dir='ltr'><strong>fecissent.</strong></span> <span class='ocrx_word' id='word_1_269' title='bbox 2272 1358 2423 1414; x_wconf 87' lang='lat' dir='ltr'><strong>Tunc</strong></span> <span class='ocrx_word' id='word_1_270' title='bbox 2453 1359 2519 1414; x_wconf 88' lang='lat' dir='ltr'>de</span> <span class='ocrx_word' id='word_1_271' title='bbox 2544 1359 2915 1426; x_wconf 88' lang='lat' dir='ltr'><strong>componenda</strong></span> <span class='ocrx_word' id='word_1_272' title='bbox 2940 1374 2998 1412; x_wconf 93' lang='lat' dir='ltr'>re</span> <span class='ocrx_word' id='word_1_273' title='bbox 3018 1359 3219 1429; x_wconf 78' lang='lat' dir='ltr'>legatos</span> <span class='ocrx_word' id='word_1_274' title='bbox 3247 1360 3536 1424; x_wconf 88' lang='lat' dir='ltr'><strong>miserunt.</strong></span> 
     </span>
    </p>
   </div>
   <div class='ocr_carea' id='block_1_42' title="bbox 1959 1450 3537 1524">
    <p class='ocr_par' dir='ltr' id='par_1_42' title="bbox 1959 1450 3537 1524">
     <span class='ocr_line' id='line_1_42' title="bbox 1959 1450 3537 1524; baseline 0 -17"><span class='ocrx_word' id='word_1_275' title='bbox 1959 1462 2013 1507; x_wconf 90' lang='lat' dir='ltr'>et</span> <span class='ocrx_word' id='word_1_276' title='bbox 2045 1466 2140 1505; x_wconf 89' lang='lat' dir='ltr'>eos</span> <span class='ocrx_word' id='word_1_277' title='bbox 2168 1450 2454 1519; x_wconf 91' lang='lat' dir='ltr'><strong>plerosque</strong></span> <span class='ocrx_word' id='word_1_278' title='bbox 2481 1452 2661 1522; x_wconf 89' lang='lat' dir='ltr'><strong>regios</strong></span> <span class='ocrx_word' id='word_1_279' title='bbox 2680 1452 2902 1507; x_wconf 89' lang='lat' dir='ltr'><strong>amicos.</strong></span> <span class='ocrx_word' id='word_1_280' title='bbox 2944 1452 3129 1521; x_wconf 90' lang='lat' dir='ltr'><strong>Itaque</strong></span> <span class='ocrx_word' id='word_1_281' title='bbox 3153 1468 3374 1508; x_wconf 86' lang='lat' dir='ltr'>suasere</span> <span class='ocrx_word' id='word_1_282' title='bbox 3402 1456 3537 1524; x_wconf 87' lang='lat' dir='ltr'><strong>regi,</strong></span> 
     </span>
    </p>
   </div>
   <div class='ocr_carea' id='block_1_43' title="bbox 1961 1541 3537 1613">
    <p class='ocr_par' dir='ltr' id='par_1_43' title="bbox 1961 1541 3537 1613">
     <span class='ocr_line' id='line_1_43' title="bbox 1961 1541 3537 1613; baseline 0.001 -17"><span class='ocrx_word' id='word_1_283' title='bbox 1961 1550 2017 1596; x_wconf 92' lang='lat' dir='ltr'>ut</span> <span class='ocrx_word' id='word_1_284' title='bbox 2051 1542 2315 1596; x_wconf 80' lang='lat' dir='ltr'><strong>violenter</strong></span> <span class='ocrx_word' id='word_1_285' title='bbox 2351 1543 2537 1595; x_wconf 86' lang='lat' dir='ltr'><strong>urbem</strong></span> <span class='ocrx_word' id='word_1_286' title='bbox 2577 1541 2835 1607; x_wconf 90' lang='lat' dir='ltr'><strong>dirueret,</strong></span> <span class='ocrx_word' id='word_1_287' title='bbox 2876 1549 2930 1597; x_wconf 89' lang='lat' dir='ltr'>et</span> <span class='ocrx_word' id='word_1_288' title='bbox 2965 1553 3177 1613; x_wconf 89' lang='lat' dir='ltr'><strong>gentem</strong></span> <span class='ocrx_word' id='word_1_289' title='bbox 3227 1542 3537 1599; x_wconf 82' lang='lat' dir='ltr'><strong>Judaeorum</strong></span> 
     </span>
    </p>
   </div>
   <div class='ocr_carea' id='block_1_44' title="bbox 1961 1632 3536 1705">
    <p class='ocr_par' dir='ltr' id='par_1_44' title="bbox 1961 1632 3536 1705">
     <span class='ocr_line' id='line_1_44' title="bbox 1961 1632 3536 1705; baseline 0.001 -18"><span class='ocrx_word' id='word_1_290' title='bbox 1961 1633 2200 1687; x_wconf 88' lang='lat' dir='ltr'><strong>funditus</strong></span> <span class='ocrx_word' id='word_1_291' title='bbox 2233 1640 2522 1688; x_wconf 86' lang='lat' dir='ltr'><strong>everteret.</strong></span> <span class='ocrx_word' id='word_1_292' title='bbox 2556 1632 2710 1688; x_wconf 85' lang='lat' dir='ltr'><strong>Solos</strong></span> <span class='ocrx_word' id='word_1_293' title='bbox 2740 1635 2883 1688; x_wconf 92' lang='lat' dir='ltr'><strong>enim</strong></span> <span class='ocrx_word' id='word_1_294' title='bbox 2920 1650 3016 1689; x_wconf 91' lang='lat' dir='ltr'>eos</span> <span class='ocrx_word' id='word_1_295' title='bbox 3068 1650 3190 1690; x_wconf 89' lang='lat' dir='ltr'><strong>esse</strong></span> <span class='ocrx_word' id='word_1_296' title='bbox 3220 1636 3309 1705; x_wconf 86' lang='lat' dir='ltr'>qui</span> <span class='ocrx_word' id='word_1_297' title='bbox 3340 1635 3536 1705; x_wconf 83' lang='lat' dir='ltr'>379b</span> 
     </span>
    </p>
   </div>
   <div class='ocr_carea' id='block_1_45' title="bbox 1961 1723 3539 1795">
    <p class='ocr_par' dir='ltr' id='par_1_45' title="bbox 1961 1723 3539 1795">
     <span class='ocr_line' id='line_1_45' title="bbox 1961 1723 3539 1795; baseline 0 -15"><span class='ocrx_word' id='word_1_298' title='bbox 1961 1740 2082 1780; x_wconf 93' lang='lat' dir='ltr'>cum</span> <span class='ocrx_word' id='word_1_299' title='bbox 2116 1724 2236 1779; x_wconf 87' lang='lat' dir='ltr'><strong>aliis</strong></span> <span class='ocrx_word' id='word_1_300' title='bbox 2265 1724 2513 1795; x_wconf 77' lang='lat' dir='ltr'><strong>gentibus</strong></span> <span class='ocrx_word' id='word_1_301' title='bbox 2551 1723 2685 1778; x_wconf 83' lang='lat' dir='ltr'><strong>nihil</strong></span> <span class='ocrx_word' id='word_1_302' title='bbox 2722 1726 2961 1781; x_wconf 86' lang='lat' dir='ltr'><strong>habeant</strong></span> <span class='ocrx_word' id='word_1_303' title='bbox 3000 1741 3307 1791; x_wconf 90' lang='lat' dir='ltr'><strong>commune,</strong></span> <span class='ocrx_word' id='word_1_304' title='bbox 3338 1734 3392 1780; x_wconf 87' lang='lat' dir='ltr'>et</span> <span class='ocrx_word' id='word_1_305' title='bbox 3421 1742 3539 1780; x_wconf 86' lang='lat' dir='ltr'><strong>om-</strong></span> 
     </span>
    </p>
   </div>
   <div class='ocr_carea' id='block_1_46' title="bbox 1961 1816 3541 1889">
    <p class='ocr_par' dir='ltr' id='par_1_46' title="bbox 1961 1816 3541 1889">
     <span class='ocr_line' id='line_1_46' title="bbox 1961 1816 3541 1889; baseline 0.003 -20"><span class='ocrx_word' id='word_1_306' title='bbox 1961 1830 2058 1870; x_wconf 88' lang='lat' dir='ltr'><strong>nes</strong></span> <span class='ocrx_word' id='word_1_307' title='bbox 2080 1816 2132 1869; x_wconf 91' lang='lat' dir='ltr'>in</span> <span class='ocrx_word' id='word_1_308' title='bbox 2162 1816 2395 1870; x_wconf 90' lang='lat' dir='ltr'><strong>hostium</strong></span> <span class='ocrx_word' id='word_1_309' title='bbox 2416 1831 2643 1871; x_wconf 91' lang='lat' dir='ltr'><strong>numero</strong></span> <span class='ocrx_word' id='word_1_310' title='bbox 2677 1827 2905 1885; x_wconf 89' lang='lat' dir='ltr'><strong>ponant,</strong></span> <span class='ocrx_word' id='word_1_311' title='bbox 2928 1824 2981 1873; x_wconf 88' lang='lat' dir='ltr'>et</span> <span class='ocrx_word' id='word_1_312' title='bbox 3020 1819 3224 1873; x_wconf 91' lang='lat' dir='ltr'><strong>clarum</strong></span> <span class='ocrx_word' id='word_1_313' title='bbox 3255 1835 3375 1875; x_wconf 91' lang='lat' dir='ltr'><strong>esse</strong></span> <span class='ocrx_word' id='word_1_314' title='bbox 3406 1834 3541 1889; x_wconf 75' lang='lat' dir='ltr'><strong>quo~</strong></span> 
     </span>
    </p>
   </div>
   <div class='ocr_carea' id='block_1_47' title="bbox 1962 1906 3537 1979">
    <p class='ocr_par' dir='ltr' id='par_1_47' title="bbox 1962 1906 3537 1979">
     <span class='ocr_line' id='line_1_47' title="bbox 1962 1906 3537 1979; baseline 0.002 -18"><span class='ocrx_word' id='word_1_315' title='bbox 1962 1908 2120 1961; x_wconf 92' lang='lat' dir='ltr'><strong>modo</strong></span> <span class='ocrx_word' id='word_1_316' title='bbox 2163 1906 2392 1974; x_wconf 83' lang='lat' dir='ltr'><strong>majores</strong></span> <span class='ocrx_word' id='word_1_317' title='bbox 2433 1922 2620 1961; x_wconf 91' lang='lat' dir='ltr'><strong>eorum</strong></span> <span class='ocrx_word' id='word_1_318' title='bbox 2658 1950 2672 1973; x_wconf 90' lang='lat'>,</span> <span class='ocrx_word' id='word_1_319' title='bbox 2708 1918 2765 1963; x_wconf 91' lang='lat' dir='ltr'>ut</span> <span class='ocrx_word' id='word_1_320' title='bbox 2805 1909 2955 1979; x_wconf 89' lang='lat' dir='ltr'><strong>impii</strong></span> <span class='ocrx_word' id='word_1_321' title='bbox 2995 1919 3049 1965; x_wconf 94' lang='lat' dir='ltr'>et</span> <span class='ocrx_word' id='word_1_322' title='bbox 3098 1912 3465 1966; x_wconf 84' lang='lat' dir='ltr'><strong>exsccrabiles</strong></span> <span class='ocrx_word' id='word_1_323' title='bbox 3506 1928 3537 1964; x_wconf 84' lang='lat' dir='ltr'>a</span> 
     </span>
    </p>
   </div>
   <div class='ocr_carea' id='block_1_48' title="bbox 1963 1998 3536 2071">
    <p class='ocr_par' dir='ltr' id='par_1_48' title="bbox 1963 1998 3536 2071">
     <span class='ocr_line' id='line_1_48' title="bbox 1963 1998 3536 2071; baseline 0.004 -20"><span class='ocrx_word' id='word_1_324' title='bbox 1963 1998 2065 2052; x_wconf 90' lang='lat' dir='ltr'><strong>diis</strong></span> <span class='ocrx_word' id='word_1_325' title='bbox 2116 2012 2182 2051; x_wconf 84' lang='lat' dir='ltr'><strong>ex</strong></span> <span class='ocrx_word' id='word_1_326' title='bbox 2219 1998 2364 2052; x_wconf 90' lang='lat' dir='ltr'><strong>omni</strong></span> <span class='ocrx_word' id='word_1_327' title='bbox 2406 1998 2635 2070; x_wconf 64' lang='lat' dir='ltr'><strong>Egypto</strong></span> <span class='ocrx_word' id='word_1_328' title='bbox 2670 2001 2902 2067; x_wconf 82' lang='lat' dir='ltr'><strong>expulsi,</strong></span> <span class='ocrx_word' id='word_1_329' title='bbox 2944 2009 2996 2056; x_wconf 91' lang='lat' dir='ltr'>et</span> <span class='ocrx_word' id='word_1_330' title='bbox 3027 2004 3298 2069; x_wconf 89' lang='lat' dir='ltr'><strong>quomodo</strong></span> <span class='ocrx_word' id='word_1_331' title='bbox 3338 2004 3536 2071; x_wconf 83' lang='lat' dir='ltr'><strong>leprosi</strong></span> 
     </span>
    </p>
   </div>
   <div class='ocr_carea' id='block_1_49' title="bbox 1962 2086 3537 2162">
    <p class='ocr_par' dir='ltr' id='par_1_49' title="bbox 1962 2086 3537 2162">
     <span class='ocr_line' id='line_1_49' title="bbox 1962 2086 3537 2162; baseline 0.003 -19"><span class='ocrx_word' id='word_1_332' title='bbox 1962 2086 2246 2143; x_wconf 89' lang='lat' dir='ltr'><strong>confertim</strong></span> <span class='ocrx_word' id='word_1_333' title='bbox 2278 2088 2394 2142; x_wconf 92' lang='lat' dir='ltr'><strong>loco</strong></span> <span class='ocrx_word' id='word_1_334' title='bbox 2421 2091 2789 2145; x_wconf 88' lang='lat' dir='ltr'><strong>mundationis</strong></span> <span class='ocrx_word' id='word_1_335' title='bbox 2813 2092 2957 2145; x_wconf 90' lang='lat' dir='ltr'><strong>velut</strong></span> <span class='ocrx_word' id='word_1_336' title='bbox 2984 2092 3284 2147; x_wconf 88' lang='lat' dir='ltr'><strong>detestandi</strong></span> <span class='ocrx_word' id='word_1_337' title='bbox 3326 2093 3537 2162; x_wconf 79' lang='lat' dir='ltr'><strong>profugi</strong></span> 
     </span>
    </p>
   </div>
   <div class='ocr_carea' id='block_1_50' title="bbox 1960 2179 3538 2251">
    <p class='ocr_par' dir='ltr' id='par_1_50' title="bbox 1960 2179 3538 2251">
     <span class='ocr_line' id='line_1_50' title="bbox 1960 2179 3538 2251; baseline 0.004 -17"><span class='ocrx_word' id='word_1_338' title='bbox 1960 2179 2113 2249; x_wconf 87' lang='lat' dir='ltr'><strong>ejeeti</strong></span> <span class='ocrx_word' id='word_1_339' title='bbox 2167 2179 2295 2245; x_wconf 86' lang='lat' dir='ltr'><strong>sint,</strong></span> <span class='ocrx_word' id='word_1_340' title='bbox 2343 2188 2398 2233; x_wconf 89' lang='lat' dir='ltr'>et</span> <span class='ocrx_word' id='word_1_341' title='bbox 2442 2196 2569 2234; x_wconf 79' lang='lat' dir='ltr'>mox</span> <span class='ocrx_word' id='word_1_342' title='bbox 2603 2180 2993 2251; x_wconf 85' lang='lat' dir='ltr'><strong>Hierosolymis</strong></span> <span class='ocrx_word' id='word_1_343' title='bbox 3036 2183 3152 2237; x_wconf 89' lang='lat' dir='ltr'><strong>loca</strong></span> <span class='ocrx_word' id='word_1_344' title='bbox 3199 2188 3538 2240; x_wconf 87' lang='lat' dir='ltr'><strong>contermina</strong></span> 
     </span>
    </p>
   </div>
   <div class='ocr_carea' id='block_1_51' title="bbox 1960 2270 3540 2346">
    <p class='ocr_par' dir='ltr' id='par_1_51' title="bbox 1960 2270 3540 2346">
     <span class='ocr_line' id='line_1_51' title="bbox 1960 2270 3540 2346; baseline 0.003 -22"><span class='ocrx_word' id='word_1_345' title='bbox 1960 2270 2289 2339; x_wconf 88' lang='lat' dir='ltr'><strong>abripientes</strong></span> <span class='ocrx_word' id='word_1_346' title='bbox 2308 2270 2447 2325; x_wconf 89' lang='lat' dir='ltr'><strong>hane</strong></span> <span class='ocrx_word' id='word_1_347' title='bbox 2470 2280 2681 2341; x_wconf 81' lang='lat' dir='ltr'><strong>gentem</strong></span> <span class='ocrx_word' id='word_1_348' title='bbox 2704 2272 3090 2341; x_wconf 89' lang='lat' dir='ltr'><strong>ordinaverint,</strong></span> <span class='ocrx_word' id='word_1_349' title='bbox 3119 2286 3171 2328; x_wconf 92' lang='lat' dir='ltr'>et</span> <span class='ocrx_word' id='word_1_350' title='bbox 3196 2277 3378 2330; x_wconf 91' lang='lat' dir='ltr'><strong>odium</strong></span> <span class='ocrx_word' id='word_1_351' title='bbox 3410 2290 3540 2346; x_wconf 87' lang='lat' dir='ltr'><strong>erga</strong></span> 
     </span>
    </p>
   </div>
   <div class='ocr_carea' id='block_1_52' title="bbox 1960 2363 3539 2430">
    <p class='ocr_par' dir='ltr' id='par_1_52' title="bbox 1960 2363 3539 2430">
     <span class='ocr_line' id='line_1_52' title="bbox 1960 2363 3539 2430; baseline 0.003 -14"><span class='ocrx_word' id='word_1_352' title='bbox 1960 2377 2149 2416; x_wconf 88' lang='lat' dir='ltr'><strong>onmes</strong></span> <span class='ocrx_word' id='word_1_353' title='bbox 2185 2363 2430 2417; x_wconf 88' lang='lat' dir='ltr'><strong>homines</strong></span> <span class='ocrx_word' id='word_1_354' title='bbox 2461 2363 2790 2418; x_wconf 84' lang='lat' dir='ltr'><strong>induxerint.</strong></span> <span class='ocrx_word' id='word_1_355' title='bbox 2833 2363 3012 2430; x_wconf 84' lang='lat' dir='ltr'><strong>Quare</strong></span> <span class='ocrx_word' id='word_1_356' title='bbox 3039 2375 3095 2420; x_wconf 86' lang='lat' dir='ltr'>et</span> <span class='ocrx_word' id='word_1_357' title='bbox 3125 2365 3284 2419; x_wconf 86' lang='lat' dir='ltr'><strong>aliam</strong></span> <span class='ocrx_word' id='word_1_358' title='bbox 3315 2368 3539 2420; x_wconf 81' lang='lat' dir='ltr'><strong>omnino</strong></span> 
     </span>
    </p>
   </div>
   <div class='ocr_carea' id='block_1_53' title="bbox 1959 2451 3538 2522">
    <p class='ocr_par' dir='ltr' id='par_1_53' title="bbox 1959 2451 3538 2522">
     <span class='ocr_line' id='line_1_53' title="bbox 1959 2451 3538 2522; baseline 0.003 -19"><span class='ocrx_word' id='word_1_359' title='bbox 1959 2451 2084 2505; x_wconf 86' lang='lat' dir='ltr'><strong>vitae</strong></span> <span class='ocrx_word' id='word_1_360' title='bbox 2136 2452 2534 2505; x_wconf 87' lang='lat' dir='ltr'><strong>institutionem</strong></span> <span class='ocrx_word' id='word_1_361' title='bbox 2578 2454 2883 2520; x_wconf 85' lang='lat' dir='ltr'><strong>complecti,</strong></span> <span class='ocrx_word' id='word_1_362' title='bbox 2927 2469 3028 2510; x_wconf 91' lang='lat' dir='ltr'>nec</span> <span class='ocrx_word' id='word_1_363' title='bbox 3060 2470 3186 2510; x_wconf 92' lang='lat' dir='ltr'>cum</span> <span class='ocrx_word' id='word_1_364' title='bbox 3227 2456 3331 2509; x_wconf 89' lang='lat' dir='ltr'><strong>alia</strong></span> <span class='ocrx_word' id='word_1_365' title='bbox 3379 2463 3538 2522; x_wconf 81' lang='lat' dir='ltr'><strong>gente</strong></span> 
     </span>
    </p>
   </div>
   <div class='ocr_carea' id='block_1_54' title="bbox 1961 2542 3535 2607">
    <p class='ocr_par' dir='ltr' id='par_1_54' title="bbox 1961 2542 3535 2607">
     <span class='ocr_line' id='line_1_54' title="bbox 1961 2542 3535 2607; baseline 0.002 -11"><span class='ocrx_word' id='word_1_366' title='bbox 1961 2542 2182 2597; x_wconf 88' lang='lat' dir='ltr'><strong>omnino</strong></span> <span class='ocrx_word' id='word_1_367' title='bbox 2213 2542 2349 2597; x_wconf 85' lang='lat' dir='ltr'><strong>velle</strong></span> <span class='ocrx_word' id='word_1_368' title='bbox 2376 2544 2682 2607; x_wconf 88' lang='lat' dir='ltr'><strong>comedere,</strong></span> <span class='ocrx_word' id='word_1_369' title='bbox 2714 2561 2812 2600; x_wconf 90' lang='lat' dir='ltr'>nec</span> <span class='ocrx_word' id='word_1_370' title='bbox 2827 2548 2990 2599; x_wconf 90' lang='lat' dir='ltr'><strong>etiam</strong></span> <span class='ocrx_word' id='word_1_371' title='bbox 3021 2546 3153 2601; x_wconf 87' lang='lat' dir='ltr'><strong>velle</strong></span> <span class='ocrx_word' id='word_1_372' title='bbox 3194 2546 3535 2601; x_wconf 79' lang='lat' dir='ltr'><strong>benefacere.</strong></span> 
     </span>
    </p>
   </div>
   <div class='ocr_carea' id='block_1_55' title="bbox 1962 2633 3538 2707">
    <p class='ocr_par' dir='ltr' id='par_1_55' title="bbox 1962 2633 3538 2707">
     <span class='ocr_line' id='line_1_55' title="bbox 1962 2633 3538 2707; baseline 0.003 -20"><span class='ocrx_word' id='word_1_373' title='bbox 1962 2633 2041 2688; x_wconf 88' lang='lat' dir='ltr'>Ad</span> <span class='ocrx_word' id='word_1_374' title='bbox 2079 2637 2190 2689; x_wconf 64' lang='lat' dir='ltr'><strong>haec</strong></span> <span class='ocrx_word' id='word_1_375' title='bbox 2224 2636 2273 2688; x_wconf 85' lang='lat' dir='ltr'>ei</span> <span class='ocrx_word' id='word_1_376' title='bbox 2309 2634 2571 2701; x_wconf 88' lang='lat' dir='ltr'><strong>majorum</strong></span> <span class='ocrx_word' id='word_1_377' title='bbox 2602 2636 2783 2689; x_wconf 88' lang='lat' dir='ltr'><strong>odium</strong></span> <span class='ocrx_word' id='word_1_378' title='bbox 2831 2651 3052 2691; x_wconf 91' lang='lat' dir='ltr'><strong>suorum</strong></span> <span class='ocrx_word' id='word_1_379' title='bbox 3097 2654 3223 2705; x_wconf 86' lang='lat' dir='ltr'><strong>erga</strong></span> <span class='ocrx_word' id='word_1_380' title='bbox 3262 2640 3405 2692; x_wconf 87' lang='lat' dir='ltr'><strong>hunc</strong></span> <span class='ocrx_word' id='word_1_381' title='bbox 3438 2653 3538 2707; x_wconf 89' lang='lat' dir='ltr'><strong>po-</strong></span> 
     </span>
    </p>
   </div>
   <div class='ocr_carea' id='block_1_56' title="bbox 1964 2724 3535 2793">
    <p class='ocr_par' dir='ltr' id='par_1_56' title="bbox 1964 2724 3535 2793">
     <span class='ocr_line' id='line_1_56' title="bbox 1964 2724 3535 2793; baseline 0.003 -16"><span class='ocrx_word' id='word_1_382' title='bbox 1964 2724 2143 2793; x_wconf 90' lang='lat' dir='ltr'><strong>pulum</strong></span> <span class='ocrx_word' id='word_1_383' title='bbox 2205 2725 2257 2778; x_wconf 91' lang='lat' dir='ltr'>in</span> <span class='ocrx_word' id='word_1_384' title='bbox 2290 2727 2603 2779; x_wconf 90' lang='lat' dir='ltr'><strong>memoriam</strong></span> <span class='ocrx_word' id='word_1_385' title='bbox 2651 2736 2995 2783; x_wconf 86' lang='lat' dir='ltr'><strong>revocarunt.</strong></span> <span class='ocrx_word' id='word_1_386' title='bbox 3046 2730 3345 2784; x_wconf 83' lang='lat' dir='ltr'><strong>Antiochus</strong></span> <span class='ocrx_word' id='word_1_387' title='bbox 3390 2730 3535 2784; x_wconf 78' lang='lat' dir='ltr'><strong>enim</strong></span> 
     </span>
    </p>
   </div>
   <div class='ocr_carea' id='block_1_57' title="bbox 1962 2815 3539 2886">
    <p class='ocr_par' dir='ltr' id='par_1_57' title="bbox 1962 2815 3539 2886">
     <span class='ocr_line' id='line_1_57' title="bbox 1962 2815 3539 2886; baseline 0.003 -17"><span class='ocrx_word' id='word_1_388' title='bbox 1962 2817 2137 2870; x_wconf 90' lang='lat' dir='ltr'><strong>dictus</strong></span> <span class='ocrx_word' id='word_1_389' title='bbox 2186 2815 2494 2886; x_wconf 83' lang='lat' dir='ltr'><strong>Epiphanes</strong></span> <span class='ocrx_word' id='word_1_390' title='bbox 2539 2817 2765 2873; x_wconf 85' lang='lat' dir='ltr'><strong>devictis</strong></span> <span class='ocrx_word' id='word_1_391' title='bbox 2813 2816 3012 2883; x_wconf 64' lang='lat' dir='ltr'><strong>Judmis</strong></span> <span class='ocrx_word' id='word_1_392' title='bbox 3054 2820 3278 2875; x_wconf 89' lang='lat' dir='ltr'><strong>intravit</strong></span> <span class='ocrx_word' id='word_1_393' title='bbox 3334 2820 3539 2875; x_wconf 84' lang='lat' dir='ltr'><strong>Sancta</strong></span> 
     </span>
    </p>
   </div>
   <div class='ocr_carea' id='block_1_58' title="bbox 1962 2908 3540 2979">
    <p class='ocr_par' dir='ltr' id='par_1_58' title="bbox 1962 2908 3540 2979">
     <span class='ocr_line' id='line_1_58' title="bbox 1962 2908 3540 2979; baseline 0.006 -20"><span class='ocrx_word' id='word_1_394' title='bbox 1962 2914 2293 2973; x_wconf 89' lang='lat' dir='ltr'><strong>sanctorum,</strong></span> <span class='ocrx_word' id='word_1_395' title='bbox 2335 2908 2467 2962; x_wconf 90' lang='lat' dir='ltr'><strong>adiit</strong></span> <span class='ocrx_word' id='word_1_396' title='bbox 2502 2908 2631 2964; x_wconf 88' lang='lat' dir='ltr'><strong>solis</strong></span> <span class='ocrx_word' id='word_1_397' title='bbox 2659 2911 3031 2966; x_wconf 86' lang='lat' dir='ltr'><strong>sacerdotibus</strong></span> <span class='ocrx_word' id='word_1_398' title='bbox 3075 2912 3339 2979; x_wconf 88' lang='lat' dir='ltr'><strong>adeunda,</strong></span> <span class='ocrx_word' id='word_1_399' title='bbox 3374 2924 3431 2968; x_wconf 91' lang='lat' dir='ltr'>et</span> <span class='ocrx_word' id='word_1_400' title='bbox 3456 2915 3540 2968; x_wconf 87' lang='lat' dir='ltr'><strong>in-</strong></span> 
     </span>
    </p>
   </div>
   <div class='ocr_carea' id='block_1_59' title="bbox 1964 2998 3535 3074">
    <p class='ocr_par' dir='ltr' id='par_1_59' title="bbox 1964 2998 3535 3074">
     <span class='ocr_line' id='line_1_59' title="bbox 1964 2998 3535 3074; baseline 0.006 -23"><span class='ocrx_word' id='word_1_401' title='bbox 1964 2998 2108 3053; x_wconf 84' lang='lat' dir='ltr'><strong>venit</strong></span> <span class='ocrx_word' id='word_1_402' title='bbox 2133 2998 2328 3054; x_wconf 87' lang='lat' dir='ltr'><strong>ibidem</strong></span> <span class='ocrx_word' id='word_1_403' title='bbox 2349 2998 2614 3069; x_wconf 84' lang='lat' dir='ltr'><strong>lapideam</strong></span> <span class='ocrx_word' id='word_1_404' title='bbox 2645 3009 2881 3056; x_wconf 86' lang='lat' dir='ltr'><strong>statuam</strong></span> <span class='ocrx_word' id='word_1_405' title='bbox 2924 3001 3023 3057; x_wconf 89' lang='lat' dir='ltr'><strong>viri</strong></span> <span class='ocrx_word' id='word_1_406' title='bbox 3056 3004 3221 3059; x_wconf 87' lang='lat' dir='ltr'><strong>barba</strong></span> <span class='ocrx_word' id='word_1_407' title='bbox 3248 3007 3535 3074; x_wconf 89' lang='lat' dir='ltr'><strong>promissa,</strong></span> 
     </span>
    </p>
   </div>
   <div class='ocr_carea' id='block_1_60' title="bbox 1963 3090 3537 3165">
    <p class='ocr_par' dir='ltr' id='par_1_60' title="bbox 1963 3090 3537 3165">
     <span class='ocr_line' id='line_1_60' title="bbox 1963 3090 3537 3165; baseline 0.004 -23"><span class='ocrx_word' id='word_1_408' title='bbox 1963 3090 2196 3143; x_wconf 87' lang='lat' dir='ltr'><strong>tenentis</strong></span> <span class='ocrx_word' id='word_1_409' title='bbox 2226 3090 2474 3145; x_wconf 87' lang='lat' dir='ltr'><strong>manibus</strong></span> <span class='ocrx_word' id='word_1_410' title='bbox 2502 3091 2699 3145; x_wconf 89' lang='lat' dir='ltr'><strong>librum</strong></span> <span class='ocrx_word' id='word_1_411' title='bbox 2742 3092 3132 3163; x_wconf 85' lang='lat' dir='ltr'><strong>insidentisque</strong></span> <span class='ocrx_word' id='word_1_412' title='bbox 3170 3096 3343 3161; x_wconf 89' lang='lat' dir='ltr'><strong>asino,</strong></span> <span class='ocrx_word' id='word_1_413' title='bbox 3376 3111 3537 3165; x_wconf 87' lang='lat' dir='ltr'><strong>quam</strong></span> 
     </span>
    </p>
   </div>
   <div class='ocr_carea' id='block_1_61' title="bbox 1960 3177 3542 3252">
    <p class='ocr_par' dir='ltr' id='par_1_61' title="bbox 1960 3177 3542 3252">
     <span class='ocr_line' id='line_1_61' title="bbox 1960 3177 3542 3252; baseline 0.006 -20"><span class='ocrx_word' id='word_1_414' title='bbox 1960 3180 2189 3249; x_wconf 78' lang='lat' dir='ltr'><strong>putabat</strong></span> <span class='ocrx_word' id='word_1_415' title='bbox 2232 3177 2397 3236; x_wconf 74' lang='lat' dir='ltr'><strong>Mosis</strong></span> <span class='ocrx_word' id='word_1_416' title='bbox 2431 3195 2573 3246; x_wconf 89' lang='lat' dir='ltr'><strong>esse,</strong></span> <span class='ocrx_word' id='word_1_417' title='bbox 2633 3184 2724 3252; x_wconf 88' lang='lat' dir='ltr'>qui</span> <span class='ocrx_word' id='word_1_418' title='bbox 2769 3184 2956 3238; x_wconf 89' lang='lat' dir='ltr'><strong>urbem</strong></span> <span class='ocrx_word' id='word_1_419' title='bbox 3005 3195 3060 3240; x_wconf 92' lang='lat' dir='ltr'>et</span> <span class='ocrx_word' id='word_1_420' title='bbox 3102 3187 3433 3252; x_wconf 89' lang='lat' dir='ltr'><strong>condiderit,</strong></span> <span class='ocrx_word' id='word_1_421' title='bbox 3484 3201 3542 3243; x_wconf 87' lang='lat' dir='ltr'>et</span> 
     </span>
    </p>
   </div>
   <div class='ocr_carea' id='block_1_62' title="bbox 1962 3272 3541 3348">
    <p class='ocr_par' dir='ltr' id='par_1_62' title="bbox 1962 3272 3541 3348">
     <span class='ocr_line' id='line_1_62' title="bbox 1962 3272 3541 3348; baseline 0.006 -24"><span class='ocrx_word' id='word_1_422' title='bbox 1962 3282 2175 3340; x_wconf 77' lang='lat' dir='ltr'><strong>gentem</strong></span> <span class='ocrx_word' id='word_1_423' title='bbox 2217 3272 2477 3337; x_wconf 82' lang='lat' dir='ltr'><strong>fundarit,</strong></span> <span class='ocrx_word' id='word_1_424' title='bbox 2509 3285 2562 3329; x_wconf 91' lang='lat' dir='ltr'>et</span> <span class='ocrx_word' id='word_1_425' title='bbox 2599 3275 2821 3331; x_wconf 86' lang='lat' dir='ltr'><strong>odiosas</strong></span> <span class='ocrx_word' id='word_1_426' title='bbox 2857 3277 2978 3332; x_wconf 91' lang='lat' dir='ltr'><strong>illas</strong></span> <span class='ocrx_word' id='word_1_427' title='bbox 3006 3280 3257 3334; x_wconf 88' lang='lat' dir='ltr'><strong>omnibus</strong></span> <span class='ocrx_word' id='word_1_428' title='bbox 3288 3281 3541 3348; x_wconf 82' lang='lat' dir='ltr'><strong>gentibus</strong></span> 
     </span>
    </p>
   </div>
   <div class='ocr_carea' id='block_1_63' title="bbox 291 3363 1861 3456">
    <p class='ocr_par' dir='ltr' id='par_1_63' title="bbox 291 3364 1861 3443">
     <span class='ocr_line' id='line_1_63' title="bbox 291 3364 1861 3443; baseline -0.002 -17"><span class='ocrx_word' id='word_1_429' title='bbox 291 3375 479 3443; x_wconf 77' lang='grc' dir='ltr'>σηκὸν,</span> <span class='ocrx_word' id='word_1_430' title='bbox 500 3364 561 3425; x_wconf 75' lang='grc' dir='ltr'>οῦ</span> <span class='ocrx_word' id='word_1_431' title='bbox 575 3370 619 3402; x_wconf 85' lang='grc'>⁸⁷</span> <span class='ocrx_word' id='word_1_432' title='bbox 639 3372 799 3443; x_wconf 78' lang='grc'>[1150</span> <span class='ocrx_word' id='word_1_433' title='bbox 816 3370 904 3437; x_wconf 64' lang='grc'>3.]</span> <span class='ocrx_word' id='word_1_434' title='bbox 919 3372 1147 3440; x_wconf 89' lang='grc' dir='ltr'>νόμιμον</span> <span class='ocrx_word' id='word_1_435' title='bbox 1168 3370 1391 3423; x_wconf 88' lang='grc' dir='ltr'>είσιέναι</span> <span class='ocrx_word' id='word_1_436' title='bbox 1414 3371 1570 3439; x_wconf 88' lang='grc' dir='ltr'>μόνον</span> <span class='ocrx_word' id='word_1_437' title='bbox 1583 3370 1672 3422; x_wconf 78' lang='grc' dir='ltr'>τὸν</span> <span class='ocrx_word' id='word_1_438' title='bbox 1691 3371 1861 3440; x_wconf 70' lang='grc' dir='ltr'>ἱερέα*</span> 
     </span>
    </p>
   </div>
   <div class='ocr_carea' id='block_1_64' title="bbox 1963 3363 3540 3456">
    <p class='ocr_par' dir='ltr' id='par_1_64' title="bbox 1966 3363 3540 3433">
     <span class='ocr_line' id='line_1_64' title="bbox 1966 3363 3540 3433; baseline 0.005 -20"><span class='ocrx_word' id='word_1_439' title='bbox 1966 3364 2110 3431; x_wconf 84' lang='lat' dir='ltr'><strong>leges</strong></span> <span class='ocrx_word' id='word_1_440' title='bbox 2135 3363 2334 3418; x_wconf 80' lang='lat' dir='ltr'><strong>tulerit.</strong></span> <span class='ocrx_word' id='word_1_441' title='bbox 2368 3364 2485 3432; x_wconf 83' lang='lat' dir='ltr'><strong>lpse</strong></span> <span class='ocrx_word' id='word_1_442' title='bbox 2510 3380 2634 3419; x_wconf 90' lang='lat' dir='ltr'><strong>vero</strong></span> <span class='ocrx_word' id='word_1_443' title='bbox 2664 3367 2884 3433; x_wconf 90' lang='lat' dir='ltr'><strong>cupiens</strong></span> <span class='ocrx_word' id='word_1_444' title='bbox 2907 3369 3175 3422; x_wconf 88' lang='lat' dir='ltr'><strong>obducere</strong></span> <span class='ocrx_word' id='word_1_445' title='bbox 3212 3368 3393 3423; x_wconf 89' lang='lat' dir='ltr'><strong>odium</strong></span> <span class='ocrx_word' id='word_1_446' title='bbox 3416 3384 3540 3422; x_wconf 89' lang='lat' dir='ltr'><strong>om-</strong></span> 
     </span>
    </p>
   </div>
   <div class='ocr_carea' id='block_1_65' title="bbox 290 3462 1859 3534">
    <p class='ocr_par' dir='ltr' id='par_1_65' title="bbox 290 3462 1859 3534">
     <span class='ocr_line' id='line_1_65' title="bbox 290 3462 1859 3534; baseline 0.001 -18"><span class='ocrx_word' id='word_1_447' title='bbox 290 3463 464 3533; x_wconf 84' lang='grc' dir='ltr'>εὑρὼν</span> <span class='ocrx_word' id='word_1_448' title='bbox 507 3464 564 3516; x_wconf 84' lang='grc' dir='ltr'>δὲ</span> <span class='ocrx_word' id='word_1_449' title='bbox 604 3465 661 3515; x_wconf 87' lang='grc' dir='ltr'>ἐν</span> <span class='ocrx_word' id='word_1_450' title='bbox 693 3462 839 3533; x_wconf 83' lang='grc' dir='ltr'>αύτῷ</span> <span class='ocrx_word' id='word_1_451' title='bbox 868 3462 1066 3516; x_wconf 85' lang='grc' dir='ltr'>λίθινον</span> <span class='ocrx_word' id='word_1_452' title='bbox 1104 3463 1326 3533; x_wconf 75' lang='grc' dir='ltr'>ἄγαλμα</span> <span class='ocrx_word' id='word_1_453' title='bbox 1366 3464 1559 3534; x_wconf 73' lang='grc' dir='ltr'>ἀνδρὸς</span> <span class='ocrx_word' id='word_1_454' title='bbox 1606 3463 1859 3534; x_wconf 84' lang='grc' dir='ltr'>βαθυπώ-</span> 
     </span>
    </p>
   </div>
   <div class='ocr_carea' id='block_1_66' title="bbox 288 3554 1861 3627">
    <p class='ocr_par' dir='ltr' id='par_1_66' title="bbox 288 3554 1861 3627">
     <span class='ocr_line' id='line_1_66' title="bbox 288 3554 1861 3627; baseline -0.006 -19"><span class='ocrx_word' id='word_1_455' title='bbox 288 3572 484 3623; x_wconf 84' lang='grc' dir='ltr'>γωνος,</span> <span class='ocrx_word' id='word_1_456' title='bbox 532 3554 839 3625; x_wconf 82' lang='grc' dir='ltr'>καθήμενον</span> <span class='ocrx_word' id='word_1_457' title='bbox 874 3556 960 3606; x_wconf 81' lang='grc' dir='ltr'>ἐπ’</span> <span class='ocrx_word' id='word_1_458' title='bbox 1000 3554 1145 3617; x_wconf 75' lang='grc' dir='ltr'>ὄνου,</span> <span class='ocrx_word' id='word_1_459' title='bbox 1190 3557 1326 3625; x_wconf 87' lang='grc' dir='ltr'>μετά</span> <span class='ocrx_word' id='word_1_460' title='bbox 1358 3558 1547 3625; x_wconf 85' lang='grc' dir='ltr'>χεῖρας</span> <span class='ocrx_word' id='word_1_461' title='bbox 1591 3556 1730 3626; x_wconf 81' lang='grc' dir='ltr'>ἔχων</span> <span class='ocrx_word' id='word_1_462' title='bbox 1777 3557 1861 3627; x_wconf 84' lang='grc' dir='ltr'>βι-</span> 
     </span>
    </p>
   </div>
   <div class='ocr_carea' id='block_1_67' title="bbox 290 3644 1864 3717">
    <p class='ocr_par' dir='ltr' id='par_1_67' title="bbox 290 3644 1864 3717">
     <span class='ocr_line' id='line_1_67' title="bbox 290 3644 1864 3717; baseline 0.003 -18"><span class='ocrx_word' id='word_1_463' title='bbox 290 3646 459 3710; x_wconf 87' lang='grc' dir='ltr'>ϐλίον,</span> <span class='ocrx_word' id='word_1_464' title='bbox 481 3645 637 3699; x_wconf 87' lang='grc' dir='ltr'>τοῦτο</span> <span class='ocrx_word' id='word_1_465' title='bbox 669 3647 767 3717; x_wconf 90' lang='grc' dir='ltr'>μέν</span> <span class='ocrx_word' id='word_1_466' title='bbox 795 3646 1031 3699; x_wconf 82' lang='grc' dir='ltr'>ὑπέλαϐε</span> <span class='ocrx_word' id='word_1_467' title='bbox 1064 3648 1341 3710; x_wconf 83' lang='grc' dir='ltr'>Μωῦσέως</span> <span class='ocrx_word' id='word_1_468' title='bbox 1378 3647 1423 3680; x_wconf 80' lang='grc'>⁸⁸</span> <span class='ocrx_word' id='word_1_469' title='bbox 1453 3644 1592 3701; x_wconf 80' lang='grc' dir='ltr'>εἶναι</span> <span class='ocrx_word' id='word_1_470' title='bbox 1617 3650 1713 3703; x_wconf 88' lang='grc' dir='ltr'>τοῦ</span> <span class='ocrx_word' id='word_1_471' title='bbox 1748 3653 1864 3704; x_wconf 86' lang='grc' dir='ltr'>κτί-</span> 
     </span>
    </p>
   </div>
   <div class='ocr_carea' id='block_1_68' title="bbox 293 3736 1859 3807">
    <p class='ocr_par' dir='ltr' id='par_1_68' title="bbox 293 3736 1859 3807">
     <span class='ocr_line' id='line_1_68' title="bbox 293 3736 1859 3807; baseline 0.003 -19"><span class='ocrx_word' id='word_1_472' title='bbox 293 3753 485 3799; x_wconf 88' lang='grc' dir='ltr'>σαντος</span> <span class='ocrx_word' id='word_1_473' title='bbox 517 3736 586 3790; x_wconf 85' lang='grc' dir='ltr'>τὰ</span> <span class='ocrx_word' id='word_1_474' title='bbox 625 3736 969 3806; x_wconf 84' lang='grc' dir='ltr'>Ἰεροσόλυμα</span> <span class='ocrx_word' id='word_1_475' title='bbox 997 3738 1089 3789; x_wconf 71' lang='grc' dir='ltr'>καὶ</span> <span class='ocrx_word' id='word_1_476' title='bbox 1132 3738 1541 3807; x_wconf 87' lang='grc' dir='ltr'>συστησαμένου</span> <span class='ocrx_word' id='word_1_477' title='bbox 1584 3740 1645 3791; x_wconf 79' lang='grc' dir='ltr'>τὸ</span> <span class='ocrx_word' id='word_1_478' title='bbox 1689 3740 1859 3805; x_wconf 77' lang='grc' dir='ltr'>ἔθνος,</span> 
     </span>
    </p>
   </div>
   <div class='ocr_carea' id='block_1_69' title="bbox 292 3826 1863 3898">
    <p class='ocr_par' dir='ltr' id='par_1_69' title="bbox 292 3826 1863 3898">
     <span class='ocr_line' id='line_1_69' title="bbox 292 3826 1863 3898; baseline 0.004 -20"><span class='ocrx_word' id='word_1_479' title='bbox 292 3828 427 3895; x_wconf 84' lang='grc' dir='ltr'>πρὸς</span> <span class='ocrx_word' id='word_1_480' title='bbox 444 3828 501 3880; x_wconf 83' lang='grc' dir='ltr'>δὲ</span> <span class='ocrx_word' id='word_1_481' title='bbox 521 3826 727 3891; x_wconf 84' lang='grc' dir='ltr'>τούτοις</span> <span class='ocrx_word' id='word_1_482' title='bbox 745 3829 1209 3897; x_wconf 80' lang='grc' dir='ltr'>νομοθετήσαντος</span> <span class='ocrx_word' id='word_1_483' title='bbox 1227 3826 1294 3879; x_wconf 84' lang='grc' dir='ltr'>τὰ</span> <span class='ocrx_word' id='word_1_484' title='bbox 1317 3828 1510 3897; x_wconf 84' lang='grc' dir='ltr'>μισάνθ</span> <span class='ocrx_word' id='word_1_485' title='bbox 1518 3846 1675 3898; x_wconf 88' lang='grc' dir='ltr'>ρωπα</span> <span class='ocrx_word' id='word_1_486' title='bbox 1693 3833 1788 3884; x_wconf 72' lang='grc' dir='ltr'>καὶ</span> <span class='ocrx_word' id='word_1_487' title='bbox 1818 3833 1863 3862; x_wconf 75' lang='grc'>³⁹</span> 
     </span>
    </p>
   </div>
   <div class='ocr_carea' id='block_1_70' title="bbox 292 3904 1863 3992">
    <p class='ocr_par' dir='ltr' id='par_1_70' title="bbox 292 3904 1863 3992">
     <span class='ocr_line' id='line_1_70' title="bbox 292 3904 1863 3992; baseline 0.001 -19"><span class='ocrx_word' id='word_1_488' title='bbox 292 3922 585 3991; x_wconf 83' lang='grc' dir='ltr'>παράνομα</span> <span class='ocrx_word' id='word_1_489' title='bbox 628 3919 723 3992; x_wconf 77' lang='grc' dir='ltr'>ἔθη</span> <span class='ocrx_word' id='word_1_490' title='bbox 756 3922 867 3982; x_wconf 88' lang='grc' dir='ltr'>τοῖς</span> <span class='ocrx_word' id='word_1_491' title='bbox 910 3904 1208 3981; x_wconf 79' lang='grc' dir='ltr'>Ἰουδαίοις,</span> <span class='ocrx_word' id='word_1_492' title='bbox 1237 3918 1397 3980; x_wconf 80' lang='grc' dir='ltr'>αὐτὸς</span> <span class='ocrx_word' id='word_1_493' title='bbox 1427 3918 1483 3971; x_wconf 75' lang='grc' dir='ltr'>δὲ</span> <span class='ocrx_word' id='word_1_494' title='bbox 1516 3922 1788 3991; x_wconf 87' lang='grc' dir='ltr'>στυγήσας</span> <span class='ocrx_word' id='word_1_495' title='bbox 1816 3923 1863 3954; x_wconf 80' lang='grc'>⁹⁰</span> 
     </span>
    </p>
   </div>
   <div class='ocr_carea' id='block_1_71' title="bbox 291 4008 1864 4085">
    <p class='ocr_par' dir='ltr' id='par_1_71' title="bbox 291 4008 1864 4085">
     <span class='ocr_line' id='line_1_71' title="bbox 291 4008 1864 4085; baseline 0.002 -20"><span class='ocrx_word' id='word_1_496' title='bbox 291 4014 391 4083; x_wconf 82' lang='grc' dir='ltr'>τὴν</span> <span class='ocrx_word' id='word_1_497' title='bbox 421 4014 838 4084; x_wconf 82' lang='grc' dir='ltr'>μισανθρωπίαν</span> <span class='ocrx_word' id='word_1_498' title='bbox 869 4015 1085 4069; x_wconf 81' lang='grc' dir='ltr'>πάντων</span> <span class='ocrx_word' id='word_1_499' title='bbox 1112 4008 1280 4067; x_wconf 82' lang='grc' dir='ltr'>ἐθνῶν</span> <span class='ocrx_word' id='word_1_500' title='bbox 1308 4015 1663 4085; x_wconf 74' lang='grc' dir='ltr'>ἐφιλοτιμήθη</span> <span class='ocrx_word' id='word_1_501' title='bbox 1693 4033 1864 4068; x_wconf 82' lang='grc' dir='ltr'>κατα-</span> 
     </span>
    </p>
   </div>
   <div class='ocr_carea' id='block_1_72' title="bbox 292 4105 1865 4177">
    <p class='ocr_par' dir='ltr' id='par_1_72' title="bbox 292 4105 1865 4177">
     <span class='ocr_line' id='line_1_72' title="bbox 292 4105 1865 4177; baseline 0.002 -20"><span class='ocrx_word' id='word_1_502' title='bbox 292 4105 452 4159; x_wconf 90' lang='grc' dir='ltr'>λῦσαι</span> <span class='ocrx_word' id='word_1_503' title='bbox 484 4111 552 4160; x_wconf 88' lang='grc' dir='ltr'>τά</span> <span class='ocrx_word' id='word_1_504' title='bbox 584 4107 791 4176; x_wconf 91' lang='grc' dir='ltr'>νόμιμα</span> <span class='ocrx_word' id='word_1_505' title='bbox 814 4124 828 4138; x_wconf 95' lang='grc'><strong>·</strong></span> <span class='ocrx_word' id='word_1_506' title='bbox 868 4108 946 4160; x_wconf 84' lang='grc' dir='ltr'>διὸ</span> <span class='ocrx_word' id='word_1_507' title='bbox 974 4106 1052 4177; x_wconf 84' lang='grc' dir='ltr'>τῷ</span> <span class='ocrx_word' id='word_1_508' title='bbox 1083 4106 1356 4176; x_wconf 77' lang='grc' dir='ltr'>ἀγάλματι</span> <span class='ocrx_word' id='word_1_509' title='bbox 1390 4106 1486 4160; x_wconf 88' lang='grc' dir='ltr'>τοῦ</span> <span class='ocrx_word' id='word_1_510' title='bbox 1518 4109 1736 4160; x_wconf 83' lang='grc' dir='ltr'>κτίστου</span> <span class='ocrx_word' id='word_1_511' title='bbox 1772 4110 1865 4160; x_wconf 70' lang='grc' dir='ltr'>καὶ</span> 
     </span>
    </p>
   </div>
   <div class='ocr_carea' id='block_1_73' title="bbox 289 4195 1863 4270">
    <p class='ocr_par' dir='ltr' id='par_1_73' title="bbox 289 4195 1863 4270">
     <span class='ocr_line' id='line_1_73' title="bbox 289 4195 1863 4270; baseline 0.002 -22"><span class='ocrx_word' id='word_1_512' title='bbox 289 4196 370 4265; x_wconf 86' lang='grc' dir='ltr'>τῷ</span> <span class='ocrx_word' id='word_1_513' title='bbox 403 4196 653 4267; x_wconf 81' lang='grc' dir='ltr'>ὑπαίθρῳ</span> <span class='ocrx_word' id='word_1_514' title='bbox 685 4199 852 4268; x_wconf 82' lang='grc' dir='ltr'>βωμῷ</span> <span class='ocrx_word' id='word_1_515' title='bbox 877 4198 971 4252; x_wconf 90' lang='grc' dir='ltr'>τοῦ</span> <span class='ocrx_word' id='word_1_516' title='bbox 1002 4200 1136 4251; x_wconf 82' lang='grc' dir='ltr'>Θεοῦ</span> <span class='ocrx_word' id='word_1_517' title='bbox 1174 4202 1414 4270; x_wconf 84' lang='grc' dir='ltr'>μεγάλην</span> <span class='ocrx_word' id='word_1_518' title='bbox 1439 4195 1502 4251; x_wconf 77' lang='grc' dir='ltr'>ὗν</span> <span class='ocrx_word' id='word_1_519' title='bbox 1525 4199 1691 4262; x_wconf 85' lang='grc' dir='ltr'>θύσας</span> <span class='ocrx_word' id='word_1_520' title='bbox 1722 4200 1783 4251; x_wconf 83' lang='grc' dir='ltr'>τό</span> <span class='ocrx_word' id='word_1_521' title='bbox 1806 4218 1863 4251; x_wconf 86' lang='grc' dir='ltr'>τε</span> 
     </span>
    </p>
   </div>
   <div class='ocr_carea' id='block_1_74' title="bbox 292 4282 1866 4360">
    <p class='ocr_par' dir='ltr' id='par_1_74' title="bbox 292 4282 1866 4360">
     <span class='ocr_line' id='line_1_74' title="bbox 292 4282 1866 4360; baseline 0.003 -23"><span class='ocrx_word' id='word_1_522' title='bbox 292 4282 435 4355; x_wconf 74' lang='grc' dir='ltr'>αἷμα</span> <span class='ocrx_word' id='word_1_523' title='bbox 454 4289 746 4355; x_wconf 84' lang='grc' dir='ltr'>προσέχεεν</span> <span class='ocrx_word' id='word_1_524' title='bbox 773 4290 974 4351; x_wconf 79' lang='grc' dir='ltr'>αὐτοῖς,</span> <span class='ocrx_word' id='word_1_525' title='bbox 1006 4291 1099 4343; x_wconf 77' lang='grc' dir='ltr'>καὶ</span> <span class='ocrx_word' id='word_1_526' title='bbox 1121 4293 1185 4342; x_wconf 65' lang='grc' dir='ltr'>τὰ</span> <span class='ocrx_word' id='word_1_527' title='bbox 1211 4292 1349 4360; x_wconf 81' lang='grc' dir='ltr'>κρέα</span> <span class='ocrx_word' id='word_1_528' title='bbox 1375 4291 1646 4352; x_wconf 80' lang='grc' dir='ltr'>σκευάσας</span> <span class='ocrx_word' id='word_1_529' title='bbox 1698 4306 1866 4359; x_wconf 85' lang='grc' dir='ltr'>προσ-</span> 
     </span>
    </p>
   </div>
   <div class='ocr_carea' id='block_1_75' title="bbox 292 4376 1863 4453">
    <p class='ocr_par' dir='ltr' id='par_1_75' title="bbox 292 4376 1863 4453">
     <span class='ocr_line' id='line_1_75' title="bbox 292 4376 1863 4453; baseline 0.004 -25"><span class='ocrx_word' id='word_1_530' title='bbox 292 4376 449 4442; x_wconf 78' lang='grc' dir='ltr'>έταξε</span> <span class='ocrx_word' id='word_1_531' title='bbox 467 4377 543 4445; x_wconf 82' lang='grc' dir='ltr'>τῷ</span> <span class='ocrx_word' id='word_1_532' title='bbox 566 4377 713 4449; x_wconf 80' lang='grc' dir='ltr'>[μὲν]</span> <span class='ocrx_word' id='word_1_533' title='bbox 739 4380 846 4431; x_wconf 85' lang='grc' dir='ltr'>ἀπὸ</span> <span class='ocrx_word' id='word_1_534' title='bbox 872 4381 1076 4432; x_wconf 88' lang='grc' dir='ltr'>τούτων</span> <span class='ocrx_word' id='word_1_535' title='bbox 1108 4381 1273 4451; x_wconf 76' lang='grc' dir='ltr'>ζωμῷ</span> <span class='ocrx_word' id='word_1_536' title='bbox 1303 4384 1400 4445; x_wconf 75' lang='grc' dir='ltr'>τὰς</span> <span class='ocrx_word' id='word_1_537' title='bbox 1431 4384 1582 4453; x_wconf 68' lang='grc' dir='ltr'>ἱερὰς</span> <span class='ocrx_word' id='word_1_538' title='bbox 1612 4383 1790 4434; x_wconf 79' lang='grc' dir='ltr'>αὐτῶν</span> <span class='ocrx_word' id='word_1_539' title='bbox 1818 4383 1863 4415; x_wconf 80' lang='grc'>⁹¹</span> 
     </span>
    </p>
   </div>
   <div class='ocr_carea' id='block_1_76' title="bbox 294 4468 1867 4547">
    <p class='ocr_par' dir='ltr' id='par_1_76' title="bbox 294 4468 1867 4547">
     <span class='ocr_line' id='line_1_76' title="bbox 294 4468 1867 4547; baseline 0.004 -28"><span class='ocrx_word' id='word_1_540' title='bbox 294 4468 507 4536; x_wconf 85' lang='grc' dir='ltr'>βίϐλους</span> <span class='ocrx_word' id='word_1_541' title='bbox 531 4472 621 4523; x_wconf 79' lang='grc' dir='ltr'>καὶ</span> <span class='ocrx_word' id='word_1_542' title='bbox 655 4472 1012 4541; x_wconf 87' lang='grc' dir='ltr'>περιεχούσας</span> <span class='ocrx_word' id='word_1_543' title='bbox 1041 4474 1109 4524; x_wconf 88' lang='grc' dir='ltr'>τά</span> <span class='ocrx_word' id='word_1_544' title='bbox 1136 4474 1391 4540; x_wconf 81' lang='grc' dir='ltr'>μισόξενα</span> <span class='ocrx_word' id='word_1_545' title='bbox 1425 4477 1629 4544; x_wconf 86' lang='grc' dir='ltr'>νόμιμα</span> <span class='ocrx_word' id='word_1_546' title='bbox 1663 4478 1867 4547; x_wconf 75' lang='grc' dir='ltr'>καταρ-</span> 
     </span>
    </p>
   </div>
   <div class='ocr_carea' id='block_1_77' title="bbox 294 4560 1866 4636">
    <p class='ocr_par' dir='ltr' id='par_1_77' title="bbox 294 4560 1866 4636">
     <span class='ocr_line' id='line_1_77' title="bbox 294 4560 1866 4636; baseline 0.006 -26"><span class='ocrx_word' id='word_1_547' title='bbox 294 4560 474 4629; x_wconf 77' lang='grc' dir='ltr'>ρᾶναι,</span> <span class='ocrx_word' id='word_1_548' title='bbox 516 4562 606 4613; x_wconf 65' lang='grc' dir='ltr'>τὸν</span> <span class='ocrx_word' id='word_1_549' title='bbox 649 4562 704 4614; x_wconf 82' lang='grc' dir='ltr'>δὲ</span> <span class='ocrx_word' id='word_1_550' title='bbox 745 4563 1014 4615; x_wconf 79' lang='grc' dir='ltr'>ἀθάνατον</span> <span class='ocrx_word' id='word_1_551' title='bbox 1044 4562 1332 4632; x_wconf 84' lang='grc' dir='ltr'>λεγόμενον</span> <span class='ocrx_word' id='word_1_552' title='bbox 1376 4567 1505 4636; x_wconf 90' lang='grc' dir='ltr'>παρ’</span> <span class='ocrx_word' id='word_1_553' title='bbox 1544 4569 1727 4630; x_wconf 78' lang='grc' dir='ltr'>αὐτοῖς</span> <span class='ocrx_word' id='word_1_554' title='bbox 1772 4569 1866 4620; x_wconf 89' lang='grc' dir='ltr'>λύ-</span> 
     </span>
    </p>
   </div>
   <div class='ocr_carea' id='block_1_78' title="bbox 292 4656 1865 4729">
    <p class='ocr_par' dir='ltr' id='par_1_78' title="bbox 292 4656 1865 4729">
     <span class='ocr_line' id='line_1_78' title="bbox 292 4656 1865 4729; baseline 0.007 -28"><span class='ocrx_word' id='word_1_555' title='bbox 292 4668 417 4719; x_wconf 88' lang='grc' dir='ltr'>χνον</span> <span class='ocrx_word' id='word_1_556' title='bbox 448 4656 540 4705; x_wconf 68' lang='grc' dir='ltr'>καὶ</span> <span class='ocrx_word' id='word_1_557' title='bbox 573 4656 860 4723; x_wconf 86' lang='grc' dir='ltr'>καιόμενον</span> <span class='ocrx_word' id='word_1_558' title='bbox 890 4658 934 4687; x_wconf 78' lang='grc'>⁹¹</span> <span class='ocrx_word' id='word_1_559' title='bbox 966 4658 1326 4721; x_wconf 75' lang='grc' dir='ltr'>ἀδιαλείπτως</span> <span class='ocrx_word' id='word_1_560' title='bbox 1362 4660 1418 4709; x_wconf 90' lang='grc' dir='ltr'>ἐν</span> <span class='ocrx_word' id='word_1_561' title='bbox 1455 4660 1530 4729; x_wconf 79' lang='grc' dir='ltr'>τῷ</span> <span class='ocrx_word' id='word_1_562' title='bbox 1557 4660 1670 4729; x_wconf 80' lang='grc' dir='ltr'>ναῷ</span> <span class='ocrx_word' id='word_1_563' title='bbox 1697 4678 1865 4713; x_wconf 83' lang='grc' dir='ltr'>κατα-</span> 
     </span>
    </p>
   </div>
   <div class='ocr_carea' id='block_1_79' title="bbox 1966 3452 3541 3523">
    <p class='ocr_par' dir='ltr' id='par_1_79' title="bbox 1966 3452 3541 3523">
     <span class='ocr_line' id='line_1_79' title="bbox 1966 3452 3541 3523; baseline 0.004 -18"><span class='ocrx_word' id='word_1_564' title='bbox 1966 3452 2113 3507; x_wconf 87' lang='lat' dir='ltr'><strong>nium</strong></span> <span class='ocrx_word' id='word_1_565' title='bbox 2154 3454 2414 3522; x_wconf 89' lang='lat' dir='ltr'><strong>gentium,</strong></span> <span class='ocrx_word' id='word_1_566' title='bbox 2448 3452 2592 3523; x_wconf 85' lang='lat' dir='ltr'><strong>leges</strong></span> <span class='ocrx_word' id='word_1_567' title='bbox 2637 3455 2935 3510; x_wconf 84' lang='lat' dir='ltr'><strong>dissolvere</strong></span> <span class='ocrx_word' id='word_1_568' title='bbox 2963 3466 3191 3510; x_wconf 84' lang='lat' dir='ltr'><strong>conatus</strong></span> <span class='ocrx_word' id='word_1_569' title='bbox 3228 3467 3331 3511; x_wconf 84' lang='lat' dir='ltr'><strong>est.</strong></span> <span class='ocrx_word' id='word_1_570' title='bbox 3362 3458 3541 3522; x_wconf 86' lang='lat' dir='ltr'><strong>Quare</strong></span> 
     </span>
    </p>
   </div>
   <div class='ocr_carea' id='block_1_80' title="bbox 1963 3545 3542 3617">
    <p class='ocr_par' dir='ltr' id='par_1_80' title="bbox 1963 3545 3542 3617">
     <span class='ocr_line' id='line_1_80' title="bbox 1963 3545 3542 3617; baseline 0.001 -18"><span class='ocrx_word' id='word_1_571' title='bbox 1963 3555 2155 3599; x_wconf 74' lang='lat' dir='ltr'><strong>statth</strong></span> <span class='ocrx_word' id='word_1_572' title='bbox 2180 3545 2499 3611; x_wconf 84' lang='lat' dir='ltr'><strong>conditoris,</strong></span> <span class='ocrx_word' id='word_1_573' title='bbox 2530 3554 2584 3598; x_wconf 88' lang='lat' dir='ltr'>et</span> <span class='ocrx_word' id='word_1_574' title='bbox 2620 3546 2775 3600; x_wconf 89' lang='lat' dir='ltr'><strong>altari</strong></span> <span class='ocrx_word' id='word_1_575' title='bbox 2804 3546 2897 3601; x_wconf 85' lang='lat' dir='ltr'><strong>Dei</strong></span> <span class='ocrx_word' id='word_1_576' title='bbox 2931 3546 3163 3601; x_wconf 87' lang='lat' dir='ltr'><strong>subdiali</strong></span> <span class='ocrx_word' id='word_1_577' title='bbox 3204 3561 3421 3617; x_wconf 88' lang='lat' dir='ltr'><strong>porcam</strong></span> <span class='ocrx_word' id='word_1_578' title='bbox 3462 3547 3542 3600; x_wconf 61' lang='lat' dir='ltr'>ilo</span> 
     </span>
    </p>
   </div>
   <div class='ocr_carea' id='block_1_81' title="bbox 1963 3638 3541 3710">
    <p class='ocr_par' dir='ltr' id='par_1_81' title="bbox 1963 3638 3541 3710">
     <span class='ocr_line' id='line_1_81' title="bbox 1963 3638 3541 3710; baseline 0.001 -20"><span class='ocrx_word' id='word_1_579' title='bbox 1963 3650 2176 3705; x_wconf 84' lang='lat' dir='ltr'><strong>gentem</strong></span> <span class='ocrx_word' id='word_1_580' title='bbox 2237 3638 2597 3702; x_wconf 82' lang='lat' dir='ltr'><strong>sacrificavit,</strong></span> <span class='ocrx_word' id='word_1_581' title='bbox 2634 3648 2688 3692; x_wconf 91' lang='lat' dir='ltr'>et</span> <span class='ocrx_word' id='word_1_582' title='bbox 2736 3639 2995 3710; x_wconf 82' lang='lat' dir='ltr'><strong>sanguine</strong></span> <span class='ocrx_word' id='word_1_583' title='bbox 3032 3639 3153 3692; x_wconf 90' lang='lat' dir='ltr'><strong>illos</strong></span> <span class='ocrx_word' id='word_1_584' title='bbox 3200 3638 3456 3708; x_wconf 91' lang='lat' dir='ltr'><strong>perfudit,</strong></span> <span class='ocrx_word' id='word_1_585' title='bbox 3487 3647 3541 3692; x_wconf 88' lang='lat' dir='ltr'>et</span> 
     </span>
    </p>
   </div>
   <div class='ocr_carea' id='block_1_82' title="bbox 1966 3733 3540 3803">
    <p class='ocr_par' dir='ltr' id='par_1_82' title="bbox 1966 3733 3540 3803">
     <span class='ocr_line' id='line_1_82' title="bbox 1966 3733 3540 3803; baseline 0.002 -18"><span class='ocrx_word' id='word_1_586' title='bbox 1966 3748 2183 3787; x_wconf 85' lang='lat' dir='ltr'><strong>carnem</strong></span> <span class='ocrx_word' id='word_1_587' title='bbox 2235 3747 2496 3801; x_wconf 86' lang='lat' dir='ltr'><strong>coquens,</strong></span> <span class='ocrx_word' id='word_1_588' title='bbox 2538 3733 2703 3803; x_wconf 86' lang='lat' dir='ltr'><strong>jussit</strong></span> <span class='ocrx_word' id='word_1_589' title='bbox 2743 3748 2929 3788; x_wconf 89' lang='lat' dir='ltr'><strong>sacros</strong></span> <span class='ocrx_word' id='word_1_590' title='bbox 2978 3749 3164 3789; x_wconf 91' lang='lat' dir='ltr'><strong>eorum</strong></span> <span class='ocrx_word' id='word_1_591' title='bbox 3198 3736 3364 3791; x_wconf 89' lang='lat' dir='ltr'><strong>libros</strong></span> <span class='ocrx_word' id='word_1_592' title='bbox 3393 3778 3407 3801; x_wconf 91' lang='lat'>,</span> <span class='ocrx_word' id='word_1_593' title='bbox 3449 3735 3540 3803; x_wconf 85' lang='lat' dir='ltr'>qui</span> 
     </span>
    </p>
   </div>
   <div class='ocr_carea' id='block_1_83' title="bbox 1966 3825 3537 3896">
    <p class='ocr_par' dir='ltr' id='par_1_83' title="bbox 1966 3825 3537 3896">
     <span class='ocr_line' id='line_1_83' title="bbox 1966 3825 3537 3896; baseline 0.003 -19"><span class='ocrx_word' id='word_1_594' title='bbox 1966 3825 2114 3892; x_wconf 83' lang='lat' dir='ltr'><strong>leges</strong></span> <span class='ocrx_word' id='word_1_595' title='bbox 2144 3826 2511 3891; x_wconf 87' lang='lat' dir='ltr'><strong>continerent,</strong></span> <span class='ocrx_word' id='word_1_596' title='bbox 2531 3826 2653 3892; x_wconf 89' lang='lat' dir='ltr'><strong>jure</strong></span> <span class='ocrx_word' id='word_1_597' title='bbox 2680 3826 2770 3879; x_wconf 86' lang='lat' dir='ltr'><strong>illo</strong></span> <span class='ocrx_word' id='word_1_598' title='bbox 2788 3828 3085 3896; x_wconf 87' lang='lat' dir='ltr'><strong>corrumpi,</strong></span> <span class='ocrx_word' id='word_1_599' title='bbox 3110 3839 3162 3881; x_wconf 87' lang='lat' dir='ltr'>et</span> <span class='ocrx_word' id='word_1_600' title='bbox 3182 3828 3492 3883; x_wconf 75' lang='lat' dir='ltr'><strong>&#39;oblitterari</strong></span> <span class='ocrx_word' id='word_1_601' title='bbox 3522 3845 3537 3882; x_wconf 86' lang='lat'><strong>:</strong></span> 
     </span>
    </p>
   </div>
   <div class='ocr_carea' id='block_1_84' title="bbox 1968 3920 3539 3990">
    <p class='ocr_par' dir='ltr' id='par_1_84' title="bbox 1968 3920 3539 3990">
     <span class='ocr_line' id='line_1_84' title="bbox 1968 3920 3539 3990; baseline 0.003 -19"><span class='ocrx_word' id='word_1_602' title='bbox 1968 3920 2140 3985; x_wconf 73' lang='lat' dir='ltr'><strong>ignem</strong></span> <span class='ocrx_word' id='word_1_603' title='bbox 2192 3936 2463 3990; x_wconf 86' lang='lat' dir='ltr'><strong>nunquam</strong></span> <span class='ocrx_word' id='word_1_604' title='bbox 2502 3921 2859 3986; x_wconf 88' lang='lat' dir='ltr'><strong>deficientem,</strong></span> <span class='ocrx_word' id='word_1_605' title='bbox 2891 3931 2945 3974; x_wconf 88' lang='lat' dir='ltr'>et</span> <span class='ocrx_word' id='word_1_606' title='bbox 2997 3936 3231 3988; x_wconf 89' lang='lat' dir='ltr'><strong>semper,</strong></span> <span class='ocrx_word' id='word_1_607' title='bbox 3270 3930 3329 3975; x_wconf 89' lang='lat' dir='ltr'>ut</span> <span class='ocrx_word' id='word_1_608' title='bbox 3365 3922 3539 3987; x_wconf 85' lang='lat' dir='ltr'><strong>aiunt,</strong></span> 
     </span>
    </p>
   </div>
   <div class='ocr_carea' id='block_1_85' title="bbox 1968 4013 3537 4082">
    <p class='ocr_par' dir='ltr' id='par_1_85' title="bbox 1968 4013 3537 4082">
     <span class='ocr_line' id='line_1_85' title="bbox 1968 4013 3537 4082; baseline 0.004 -22"><span class='ocrx_word' id='word_1_609' title='bbox 1968 4014 2271 4074; x_wconf 88' lang='lat' dir='ltr'><strong>ardentem,</strong></span> <span class='ocrx_word' id='word_1_610' title='bbox 2305 4014 2357 4065; x_wconf 91' lang='lat' dir='ltr'>in</span> <span class='ocrx_word' id='word_1_611' title='bbox 2406 4013 2605 4081; x_wconf 91' lang='lat' dir='ltr'><strong>templo</strong></span> <span class='ocrx_word' id='word_1_612' title='bbox 2646 4014 2937 4082; x_wconf 81' lang='lat' dir='ltr'><strong>exstingui,</strong></span> <span class='ocrx_word' id='word_1_613' title='bbox 2972 4023 3025 4065; x_wconf 90' lang='lat' dir='ltr'>et</span> <span class='ocrx_word' id='word_1_614' title='bbox 3067 4029 3284 4068; x_wconf 91' lang='lat' dir='ltr'><strong>carnem</strong></span> <span class='ocrx_word' id='word_1_615' title='bbox 3326 4014 3537 4068; x_wconf 83' lang='lat' dir='ltr'><strong>suillam</strong></span> 
     </span>
    </p>
   </div>
   <div class='ocr_carea' id='block_1_86' title="bbox 1967 4102 3542 4173">
    <p class='ocr_par' dir='ltr' id='par_1_86' title="bbox 1967 4102 3542 4173">
     <span class='ocr_line' id='line_1_86' title="bbox 1967 4102 3542 4173; baseline 0.003 -19"><span class='ocrx_word' id='word_1_616' title='bbox 1967 4119 2234 4155; x_wconf 86' lang='lat' dir='ltr'><strong>summum</strong></span> <span class='ocrx_word' id='word_1_617' title='bbox 2289 4105 2659 4168; x_wconf 84' lang='lat' dir='ltr'><strong>sacerdotem,</strong></span> <span class='ocrx_word' id='word_1_618' title='bbox 2708 4105 2947 4173; x_wconf 86' lang='lat' dir='ltr'><strong>aliosque</strong></span> <span class='ocrx_word' id='word_1_619' title='bbox 2990 4102 3203 4159; x_wconf 63' lang='lat' dir='ltr'><strong>Iudaeos</strong></span> <span class='ocrx_word' id='word_1_620' title='bbox 3256 4106 3542 4160; x_wconf 83' lang='lat' dir='ltr'><strong>comedere</strong></span> 
     </span>
    </p>
   </div>
   <div class='ocr_carea' id='block_1_87' title="bbox 1968 4195 3541 4263">
    <p class='ocr_par' dir='ltr' id='par_1_87' title="bbox 1968 4195 3541 4263">
     <span class='ocr_line' id='line_1_87' title="bbox 1968 4195 3541 4263; baseline 0.004 -18"><span class='ocrx_word' id='word_1_621' title='bbox 1968 4197 2162 4263; x_wconf 74' lang='lat' dir='ltr'><strong>coegit.</strong></span> <span class='ocrx_word' id='word_1_622' title='bbox 2195 4196 2318 4249; x_wconf 66' lang='lat' dir='ltr'><strong>llzec</strong></span> <span class='ocrx_word' id='word_1_623' title='bbox 2361 4206 2644 4249; x_wconf 86' lang='lat' dir='ltr'><strong>narrantes</strong></span> <span class='ocrx_word' id='word_1_624' title='bbox 2688 4195 2759 4248; x_wconf 95' lang='lat' dir='ltr'><strong>illi</strong></span> <span class='ocrx_word' id='word_1_625' title='bbox 2804 4198 2996 4262; x_wconf 59' lang='lat' dir='ltr'><strong>amici,</strong></span> <span class='ocrx_word' id='word_1_626' title='bbox 3030 4196 3353 4251; x_wconf 81' lang='lat' dir='ltr'><strong>Antiochum</strong></span> <span class='ocrx_word' id='word_1_627' title='bbox 3384 4199 3541 4251; x_wconf 87' lang='lat' dir='ltr'><strong>vehe-</strong></span> 
     </span>
    </p>
   </div>
   <div class='ocr_carea' id='block_1_88' title="bbox 1969 4284 3543 4353">
    <p class='ocr_par' dir='ltr' id='par_1_88' title="bbox 1969 4284 3543 4353">
     <span class='ocr_line' id='line_1_88' title="bbox 1969 4284 3543 4353; baseline 0 -15"><span class='ocrx_word' id='word_1_628' title='bbox 1969 4296 2177 4339; x_wconf 87' lang='lat' dir='ltr'><strong>menter</strong></span> <span class='ocrx_word' id='word_1_629' title='bbox 2210 4287 2274 4338; x_wconf 89' lang='lat' dir='ltr'>ad</span> <span class='ocrx_word' id='word_1_630' title='bbox 2313 4296 2476 4338; x_wconf 89' lang='lat' dir='ltr'><strong>totam</strong></span> <span class='ocrx_word' id='word_1_631' title='bbox 2517 4293 2728 4353; x_wconf 84' lang='lat' dir='ltr'><strong>gentem</strong></span> <span class='ocrx_word' id='word_1_632' title='bbox 2762 4284 3112 4353; x_wconf 84' lang='lat' dir='ltr'><strong>perdendam,</strong></span> <span class='ocrx_word' id='word_1_633' title='bbox 3134 4295 3226 4338; x_wconf 90' lang='lat' dir='ltr'>aut</span> <span class='ocrx_word' id='word_1_634' title='bbox 3256 4284 3447 4339; x_wconf 89' lang='lat' dir='ltr'><strong>saltem</strong></span> <span class='ocrx_word' id='word_1_635' title='bbox 3473 4284 3543 4338; x_wconf 83' lang='lat' dir='ltr'>ad</span> 
     </span>
    </p>
   </div>
   <div class='ocr_carea' id='block_1_89' title="bbox 1967 4376 3541 4446">
    <p class='ocr_par' dir='ltr' id='par_1_89' title="bbox 1967 4376 3541 4446">
     <span class='ocr_line' id='line_1_89' title="bbox 1967 4376 3541 4446; baseline 0.001 -15"><span class='ocrx_word' id='word_1_636' title='bbox 1967 4380 2287 4432; x_wconf 67' lang='lat' dir='ltr'><strong>evertendas</strong></span> <span class='ocrx_word' id='word_1_637' title='bbox 2320 4378 2484 4446; x_wconf 84' lang='lat' dir='ltr'><strong>leges,</strong></span> <span class='ocrx_word' id='word_1_638' title='bbox 2522 4387 2576 4429; x_wconf 90' lang='lat' dir='ltr'>et</span> <span class='ocrx_word' id='word_1_639' title='bbox 2611 4376 2733 4429; x_wconf 84' lang='lat' dir='ltr'><strong>vitae</strong></span> <span class='ocrx_word' id='word_1_640' title='bbox 2788 4377 3173 4431; x_wconf 88' lang='lat' dir='ltr'><strong>institutionem</strong></span> <span class='ocrx_word' id='word_1_641' title='bbox 3210 4386 3419 4431; x_wconf 85' lang='lat' dir='ltr'><strong>mutare</strong></span> <span class='ocrx_word' id='word_1_642' title='bbox 3448 4392 3541 4431; x_wconf 86' lang='lat' dir='ltr'><strong>co-</strong></span> 
     </span>
    </p>
   </div>
   <div class='ocr_carea' id='block_1_90' title="bbox 1968 4468 3541 4541">
    <p class='ocr_par' dir='ltr' id='par_1_90' title="bbox 1968 4468 3541 4541">
     <span class='ocr_line' id='line_1_90' title="bbox 1968 4468 3541 4541; baseline -0.002 -15"><span class='ocrx_word' id='word_1_643' title='bbox 1968 4474 2197 4541; x_wconf 83' lang='lat' dir='ltr'><strong>gendum</strong></span> <span class='ocrx_word' id='word_1_644' title='bbox 2235 4472 2547 4524; x_wconf 73' lang='lat' dir='ltr'><strong>incitarunt.</strong></span> <span class='ocrx_word' id='word_1_645' title='bbox 2576 4468 2773 4523; x_wconf 81' lang='lat' dir='ltr'><strong>Verum</strong></span> <span class='ocrx_word' id='word_1_646' title='bbox 2811 4485 2902 4524; x_wconf 85' lang='lat' dir='ltr'>rex</span> <span class='ocrx_word' id='word_1_647' title='bbox 2936 4473 3331 4540; x_wconf 86' lang='lat' dir='ltr'><strong>magnanimus,</strong></span> <span class='ocrx_word' id='word_1_648' title='bbox 3374 4470 3541 4525; x_wconf 90' lang='lat' dir='ltr'><strong>mori-</strong></span> 
     </span>
    </p>
   </div>
   <div class='ocr_carea' id='block_1_91' title="bbox 1970 4563 3537 4634">
    <p class='ocr_par' dir='ltr' id='par_1_91' title="bbox 1970 4563 3537 4634">
     <span class='ocr_line' id='line_1_91' title="bbox 1970 4563 3537 4634; baseline -0.001 -15"><span class='ocrx_word' id='word_1_649' title='bbox 1970 4565 2174 4634; x_wconf 83' lang='lat' dir='ltr'><strong>busque</strong></span> <span class='ocrx_word' id='word_1_650' title='bbox 2208 4571 2545 4627; x_wconf 85' lang='lat' dir='ltr'><strong>mansuetus,</strong></span> <span class='ocrx_word' id='word_1_651' title='bbox 2575 4563 2949 4630; x_wconf 89' lang='lat' dir='ltr'><strong>impositisque</strong></span> <span class='ocrx_word' id='word_1_652' title='bbox 2978 4563 3271 4616; x_wconf 89' lang='lat' dir='ltr'><strong>tolerandis</strong></span> <span class='ocrx_word' id='word_1_653' title='bbox 3300 4564 3537 4625; x_wconf 84' lang='lat' dir='ltr'><strong>tributis,</strong></span> 
     </span>
    </p>
   </div>
   <div class='ocr_carea' id='block_1_92' title="bbox 1970 4651 3539 4723">
    <p class='ocr_par' dir='ltr' id='par_1_92' title="bbox 1970 4651 3539 4723">
     <span class='ocr_line' id='line_1_92' title="bbox 1970 4651 3539 4723; baseline -0.001 -14"><span class='ocrx_word' id='word_1_654' title='bbox 1970 4668 2022 4709; x_wconf 90' lang='lat' dir='ltr'>ct</span> <span class='ocrx_word' id='word_1_655' title='bbox 2054 4671 2207 4707; x_wconf 83' lang='lat' dir='ltr'>mum</span> <span class='ocrx_word' id='word_1_656' title='bbox 2229 4656 2446 4723; x_wconf 87' lang='lat' dir='ltr'><strong>privans</strong></span> <span class='ocrx_word' id='word_1_657' title='bbox 2466 4653 2739 4705; x_wconf 89' lang='lat' dir='ltr'><strong>civitatem</strong></span> <span class='ocrx_word' id='word_1_658' title='bbox 2764 4651 3281 4722; x_wconf 83' lang='lat' dir='ltr'><strong>Hierosolymorum,</strong></span> <span class='ocrx_word' id='word_1_659' title='bbox 3302 4652 3539 4722; x_wconf 87' lang='lat' dir='ltr'><strong>acceptis</strong></span> 
     </span>
    </p>
   </div>
   <div class='ocr_carea' id='block_1_93' title="bbox 293 4741 1861 4818">
    <p class='ocr_par' dir='ltr' id='par_1_93' title="bbox 293 4741 1861 4818">
     <span class='ocr_line' id='line_1_93' title="bbox 293 4741 1861 4818; baseline 0.007 -27"><span class='ocrx_word' id='word_1_660' title='bbox 293 4741 482 4793; x_wconf 84' lang='grc' dir='ltr'>σϐέσαι</span> <span class='ocrx_word' id='word_1_661' title='bbox 516 4743 621 4795; x_wconf 84' lang='grc' dir='ltr'>τῶν</span> <span class='ocrx_word' id='word_1_662' title='bbox 652 4762 708 4795; x_wconf 83' lang='grc' dir='ltr'>τε</span> <span class='ocrx_word' id='word_1_663' title='bbox 749 4746 925 4815; x_wconf 84' lang='grc' dir='ltr'>κρεῶν</span> <span class='ocrx_word' id='word_1_664' title='bbox 972 4748 1288 4814; x_wconf 78' lang='grc' dir='ltr'>ἀναγκάσας</span> <span class='ocrx_word' id='word_1_665' title='bbox 1322 4749 1367 4779; x_wconf 78' lang='grc'>’³</span> <span class='ocrx_word' id='word_1_666' title='bbox 1404 4749 1861 4818; x_wconf 84' lang='grc' dir='ltr'>προσενέγκασθαι</span> 
     </span>
    </p>
   </div>
   <div class='ocr_carea' id='block_1_94' title="bbox 1963 4741 3077 4818">
    <p class='ocr_par' dir='ltr' id='par_1_94' title="bbox 1974 4744 3077 4807">
     <span class='ocr_line' id='line_1_94' title="bbox 1974 4744 3077 4807; baseline -0.003 -8"><span class='ocrx_word' id='word_1_667' title='bbox 1974 4748 2278 4807; x_wconf 65' lang='lat' dir='ltr'><strong>obsidibus,</strong></span> <span class='ocrx_word' id='word_1_668' title='bbox 2314 4744 2528 4797; x_wconf 83' lang='lat' dir='ltr'><strong>Judaeos</strong></span> <span class='ocrx_word' id='word_1_669' title='bbox 2560 4744 2788 4797; x_wconf 90' lang='lat' dir='ltr'><strong>crimine</strong></span> <span class='ocrx_word' id='word_1_670' title='bbox 2816 4744 3077 4797; x_wconf 76' lang='lat' dir='ltr'><strong>liberavit.</strong></span> 
     </span>
    </p>
   </div>
   <div class='ocr_carea' id='block_1_95' title="bbox 290 4833 3543 4911">
    <p class='ocr_par' dir='ltr' id='par_1_95' title="bbox 290 4833 3543 4911">
     <span class='ocr_line' id='line_1_95' title="bbox 290 4833 3543 4911; baseline 0.001 -28"><span class='ocrx_word' id='word_1_671' title='bbox 290 4833 382 4885; x_wconf 84' lang='grc' dir='ltr'>τὸν</span> <span class='ocrx_word' id='word_1_672' title='bbox 411 4836 671 4903; x_wconf 84' lang='grc' dir='ltr'>ἀρχιερέα</span> <span class='ocrx_word' id='word_1_673' title='bbox 710 4836 801 4887; x_wconf 62' lang='grc' dir='ltr'>καὶ</span> <span class='ocrx_word' id='word_1_674' title='bbox 830 4837 955 4899; x_wconf 85' lang='grc' dir='ltr'>τοὺς</span> <span class='ocrx_word' id='word_1_675' title='bbox 980 4838 1169 4899; x_wconf 80' lang='grc' dir='ltr'>ἄλλους</span> <span class='ocrx_word' id='word_1_676' title='bbox 1218 4839 1524 4901; x_wconf 68' lang='grc' dir='ltr'>Ἰουδαίους.</span> <span class='ocrx_word' id='word_1_677' title='bbox 1579 4839 1764 4892; x_wconf 84' lang='grc' dir='ltr'>Ταῦτα</span> <span class='ocrx_word' id='word_1_678' title='bbox 1795 4840 1858 4911; x_wconf 84' lang='grc' dir='ltr'>δὴ</span> <span class='ocrx_word' id='word_1_679' title='bbox 1898 4840 2186 4905; x_wconf 80' lang='grc' dir='ltr'>διεξιόντες</span> <span class='ocrx_word' id='word_1_680' title='bbox 2215 4838 2261 4888; x_wconf 89' lang='grc' dir='ltr'>οί</span> <span class='ocrx_word' id='word_1_681' title='bbox 2297 4835 2438 4904; x_wconf 77' lang='grc' dir='ltr'>φίλοι</span> <span class='ocrx_word' id='word_1_682' title='bbox 2461 4835 2549 4887; x_wconf 63' lang='grc' dir='ltr'>τόν</span> <span class='ocrx_word' id='word_1_683' title='bbox 2577 4834 2850 4903; x_wconf 80' lang='grc' dir='ltr'>Ἀντίοχον</span> <span class='ocrx_word' id='word_1_684' title='bbox 2908 4834 3249 4902; x_wconf 74' lang='grc' dir='ltr'>παρεκάλουν</span> <span class='ocrx_word' id='word_1_685' title='bbox 3309 4835 3543 4904; x_wconf 74' lang='grc' dir='ltr'>μάλιστα.</span> 
     </span>
    </p>
   </div>
   <div class='ocr_carea' id='block_1_96' title="bbox 295 4922 3539 4997">
    <p class='ocr_par' dir='ltr' id='par_1_96' title="bbox 295 4922 3539 4997">
     <span class='ocr_line' id='line_1_96' title="bbox 295 4922 3539 4997; baseline 0.001 -23"><span class='ocrx_word' id='word_1_686' title='bbox 295 4926 393 4993; x_wconf 80' lang='grc' dir='ltr'>μὲν</span> <span class='ocrx_word' id='word_1_687' title='bbox 426 4926 591 4994; x_wconf 81' lang='grc' dir='ltr'>ἄρδην</span> <span class='ocrx_word' id='word_1_688' title='bbox 618 4926 823 4979; x_wconf 82' lang='grc' dir='ltr'>ἀνελεῖν</span> <span class='ocrx_word' id='word_1_689' title='bbox 852 4928 912 4978; x_wconf 83' lang='grc' dir='ltr'>τὸ</span> <span class='ocrx_word' id='word_1_690' title='bbox 936 4927 1105 4991; x_wconf 80' lang='grc' dir='ltr'>ἔθνος,</span> <span class='ocrx_word' id='word_1_691' title='bbox 1132 4928 1180 4979; x_wconf 77' lang='grc' dir='ltr'>εί</span> <span class='ocrx_word' id='word_1_692' title='bbox 1218 4928 1274 4980; x_wconf 79' lang='grc' dir='ltr'>δὲ</span> <span class='ocrx_word' id='word_1_693' title='bbox 1320 4930 1415 4997; x_wconf 86' lang='grc' dir='ltr'>μὴ,</span> <span class='ocrx_word' id='word_1_694' title='bbox 1464 4930 1763 4981; x_wconf 87' lang='grc' dir='ltr'>καταλῦσαι</span> <span class='ocrx_word' id='word_1_695' title='bbox 1837 4931 1906 4983; x_wconf 77' lang='grc' dir='ltr'>τὰ</span> <span class='ocrx_word' id='word_1_696' title='bbox 1944 4933 2144 4997; x_wconf 75' lang='grc' dir='ltr'>νόμιμα</span> <span class='ocrx_word' id='word_1_697' title='bbox 2206 4928 2301 4977; x_wconf 71' lang='grc' dir='ltr'>καὶ</span> <span class='ocrx_word' id='word_1_698' title='bbox 2346 4923 2751 4990; x_wconf 76' lang='grc' dir='ltr'>συναναγκάσαι</span> <span class='ocrx_word' id='word_1_699' title='bbox 2790 4926 2888 4985; x_wconf 68' lang='grc' dir='ltr'>τὰς</span> <span class='ocrx_word' id='word_1_700' title='bbox 2926 4922 3145 4990; x_wconf 82' lang='grc' dir='ltr'>ἀγωγὰς</span> <span class='ocrx_word' id='word_1_701' title='bbox 3192 4923 3539 4991; x_wconf 77' lang='grc' dir='ltr'>μεταθέσθαι.</span> 
     </span>
    </p>
   </div>
   <div class='ocr_carea' id='block_1_97' title="bbox 278 5014 3543 5098">
    <p class='ocr_par' dir='ltr' id='par_1_97' title="bbox 278 5014 3543 5098">
     <span class='ocr_line' id='line_1_97' title="bbox 278 5014 3543 5098; baseline 0.001 -29"><span class='ocrx_word' id='word_1_702' title='bbox 278 5014 362 5098; x_wconf 55' lang='grc' dir='ltr'>ξύ</span> <span class='ocrx_word' id='word_1_703' title='bbox 400 5019 454 5069; x_wconf 70' lang='grc' dir='ltr'>δὲ</span> <span class='ocrx_word' id='word_1_704' title='bbox 480 5019 729 5087; x_wconf 77' lang='grc' dir='ltr'>βασιλεὺς</span> <span class='ocrx_word' id='word_1_705' title='bbox 764 5022 1138 5091; x_wconf 76' lang='grc' dir='ltr'>μεγαλόψυχος</span> <span class='ocrx_word' id='word_1_706' title='bbox 1173 5022 1248 5075; x_wconf 84' lang='grc' dir='ltr'>ὢν</span> <span class='ocrx_word' id='word_1_707' title='bbox 1282 5026 1376 5075; x_wconf 72' lang='grc' dir='ltr'>καὶ</span> <span class='ocrx_word' id='word_1_708' title='bbox 1403 5026 1463 5075; x_wconf 78' lang='grc' dir='ltr'>τὸ</span> <span class='ocrx_word' id='word_1_709' title='bbox 1491 5020 1621 5093; x_wconf 79' lang='grc' dir='ltr'>ἦθος</span> <span class='ocrx_word' id='word_1_710' title='bbox 1684 5026 1907 5094; x_wconf 74' lang='grc' dir='ltr'>ἥμερος,</span> <span class='ocrx_word' id='word_1_711' title='bbox 1984 5024 2163 5077; x_wconf 76' lang='grc' dir='ltr'>λαϐὼν</span> <span class='ocrx_word' id='word_1_712' title='bbox 2194 5024 2434 5091; x_wconf 75' lang='grc' dir='ltr'>ὁμήρους</span> <span class='ocrx_word' id='word_1_713' title='bbox 2457 5020 2694 5072; x_wconf 80' lang='grc' dir='ltr'>ἀπέλυσε</span> <span class='ocrx_word' id='word_1_714' title='bbox 2728 5020 2836 5072; x_wconf 88' lang='grc' dir='ltr'>τῶν</span> <span class='ocrx_word' id='word_1_715' title='bbox 2871 5021 3377 5090; x_wconf 72' lang='grc' dir='ltr'>ἐγκλημάτων-τοῦς</span> <span class='ocrx_word' id='word_1_716' title='bbox 3411 5021 3543 5072; x_wconf 90' lang='grc' dir='ltr'>Ἰου-</span> 
     </span>
    </p>
   </div>
   <div class='ocr_carea' id='block_1_98' title="bbox 290 5110 3159 5186">
    <p class='ocr_par' dir='ltr' id='par_1_98' title="bbox 290 5110 3159 5186">
     <span class='ocr_line' id='line_1_98' title="bbox 290 5110 3159 5186; baseline 0.002 -25"><span class='ocrx_word' id='word_1_717' title='bbox 290 5110 495 5174; x_wconf 82' lang='grc' dir='ltr'>δαίους,</span> <span class='ocrx_word' id='word_1_718' title='bbox 550 5112 747 5179; x_wconf 71' lang='grc' dir='ltr'>φόρους</span> <span class='ocrx_word' id='word_1_719' title='bbox 795 5130 854 5164; x_wconf 79' lang='grc' dir='ltr'>τε</span> <span class='ocrx_word' id='word_1_720' title='bbox 903 5116 1029 5177; x_wconf 78' lang='grc' dir='ltr'>τοὺς</span> <span class='ocrx_word' id='word_1_721' title='bbox 1075 5116 1456 5183; x_wconf 75' lang='grc' dir='ltr'>ὀφειλομένους</span> <span class='ocrx_word' id='word_1_722' title='bbox 1502 5116 1869 5186; x_wconf 76' lang='grc' dir='ltr'>πραξάμενος,</span> <span class='ocrx_word' id='word_1_723' title='bbox 1907 5119 1999 5171; x_wconf 78' lang='grc' dir='ltr'>καὶ</span> <span class='ocrx_word' id='word_1_724' title='bbox 2036 5119 2103 5169; x_wconf 71' lang='grc' dir='ltr'>τὰ</span> <span class='ocrx_word' id='word_1_725' title='bbox 2134 5116 2287 5185; x_wconf 75' lang='grc' dir='ltr'>τείχη</span> <span class='ocrx_word' id='word_1_726' title='bbox 2316 5114 2580 5185; x_wconf 80' lang='grc' dir='ltr'>περιελὼν</span> <span class='ocrx_word' id='word_1_727' title='bbox 2614 5114 2721 5166; x_wconf 89' lang='grc' dir='ltr'>τῶν</span> <span class='ocrx_word' id='word_1_728' title='bbox 2759 5114 3159 5186; x_wconf 81' lang='grc' dir='ltr'>Ἱεροσολύμων.</span> 
     </span>
    </p>
   </div>
   <div class='ocr_carea' id='block_1_99' title="bbox 368 5204 1871 5277">
    <p class='ocr_par' dir='ltr' id='par_1_99' title="bbox 368 5204 1871 5277">
     <span class='ocr_line' id='line_1_99' title="bbox 368 5204 1871 5277; baseline 0.005 -21"><span class='ocrx_word' id='word_1_729' title='bbox 368 5204 552 5257; x_wconf 80' lang='grc' dir='ltr'>Ταῦτα</span> <span class='ocrx_word' id='word_1_730' title='bbox 604 5205 863 5277; x_wconf 64' lang='grc' dir='ltr'>Διόδωρος·⁸</span> <span class='ocrx_word' id='word_1_731' title='bbox 907 5208 1037 5277; x_wconf 78' lang='grc' dir='ltr'>περὶ</span> <span class='ocrx_word' id='word_1_732' title='bbox 1083 5208 1189 5260; x_wconf 88' lang='grc' dir='ltr'>τῶν</span> <span class='ocrx_word' id='word_1_733' title='bbox 1227 5210 1539 5263; x_wconf 85' lang='grc' dir='ltr'>Μωσαῖκῶν</span> <span class='ocrx_word' id='word_1_734' title='bbox 1594 5211 1732 5263; x_wconf 87' lang='grc' dir='ltr'>ἐθῶν</span> <span class='ocrx_word' id='word_1_735' title='bbox 1780 5212 1871 5264; x_wconf 71' lang='grc' dir='ltr'>καὶ</span> 
     </span>
    </p>
   </div>
   <div class='ocr_carea' id='block_1_100' title="bbox 2052 5210 3542 5281">
    <p class='ocr_par' dir='ltr' id='par_1_100' title="bbox 2052 5210 3542 5281">
     <span class='ocr_line' id='line_1_100' title="bbox 2052 5210 3542 5281; baseline 0.002 -17"><span class='ocrx_word' id='word_1_736' title='bbox 2052 5210 2173 5264; x_wconf 56' lang='lat' dir='ltr'><strong>Haec</strong></span> <span class='ocrx_word' id='word_1_737' title='bbox 2211 5210 2469 5263; x_wconf 76' lang='lat' dir='ltr'><strong>Diodorus</strong></span> <span class='ocrx_word' id='word_1_738' title='bbox 2520 5214 2584 5264; x_wconf 85' lang='lat' dir='ltr'><strong>(le</strong></span> <span class='ocrx_word' id='word_1_739' title='bbox 2618 5210 2867 5264; x_wconf 83' lang='lat' dir='ltr'><strong>Mosaicis</strong></span> <span class='ocrx_word' id='word_1_740' title='bbox 2912 5211 3171 5265; x_wconf 85' lang='lat' dir='ltr'><strong>institutis</strong></span> <span class='ocrx_word' id='word_1_741' title='bbox 3224 5222 3277 5266; x_wconf 91' lang='lat' dir='ltr'>et</span> <span class='ocrx_word' id='word_1_742' title='bbox 3312 5212 3542 5281; x_wconf 83' lang='lat' dir='ltr'><strong>legibus,</strong></span> 
     </span>
    </p>
   </div>
   <div class='ocr_carea' id='block_1_101' title="bbox 1566 5350 2250 5406">
    <p class='ocr_par' dir='ltr' id='par_1_101' title="bbox 1566 5350 2250 5406">
     <span class='ocr_line' id='line_1_101' title="bbox 1566 5350 2250 5406; baseline -0.003 -3"><span class='ocrx_word' id='word_1_743' title='bbox 1566 5350 1801 5405; x_wconf 71' lang='lat' dir='ltr'>VAle</span> <span class='ocrx_word' id='word_1_744' title='bbox 1844 5350 2250 5406; x_wconf 74' lang='lat' dir='ltr'>LECTIONES.</span> 
     </span>
    </p>
   </div>
   <div class='ocr_carea' id='block_1_102' title="bbox 365 5443 1595 5515">
    <p class='ocr_par' dir='ltr' id='par_1_102' title="bbox 365 5443 1595 5515">
     <span class='ocr_line' id='line_1_102' title="bbox 365 5443 1595 5515; baseline 0.02 -40"><span class='ocrx_word' id='word_1_745' title='bbox 365 5444 409 5476; x_wconf 78' lang='grc' dir='ltr'>ιι</span> <span class='ocrx_word' id='word_1_746' title='bbox 430 5443 595 5515; x_wconf 47' lang='grc' dir='ltr'>φησιν</span> <span class='ocrx_word' id='word_1_747' title='bbox 624 5458 733 5498; x_wconf 86' lang='lat' dir='ltr'>om.</span> <span class='ocrx_word' id='word_1_748' title='bbox 759 5444 818 5497; x_wconf 87' lang='grc' dir='ltr'>Β.</span> <span class='ocrx_word' id='word_1_749' title='bbox 906 5443 947 5475; x_wconf 78' lang='grc'>⁸³</span> <span class='ocrx_word' id='word_1_750' title='bbox 977 5444 1080 5515; x_wconf 77' lang='grc' dir='ltr'>ὑπὸ</span> <span class='ocrx_word' id='word_1_751' title='bbox 1110 5443 1218 5495; x_wconf 91' lang='grc' dir='ltr'>τῶν</span> <span class='ocrx_word' id='word_1_752' title='bbox 1246 5445 1327 5497; x_wconf 86' lang='lat' dir='ltr'><strong>A:</strong></span> <span class='ocrx_word' id='word_1_753' title='bbox 1361 5446 1510 5515; x_wconf 87' lang='grc' dir='ltr'>παρά</span> <span class='ocrx_word' id='word_1_754' title='bbox 1537 5465 1595 5511; x_wconf 86' lang='grc' dir='ltr'>ς.</span> 
     </span>
    </p>
   </div>
   <div class='ocr_carea' id='block_1_103' title="bbox 278 5514 919 5584">
    <p class='ocr_par' dir='ltr' id='par_1_103' title="bbox 278 5514 919 5584">
     <span class='ocr_line' id='line_1_103' title="bbox 278 5514 919 5584; baseline 0.003 -17"><span class='ocrx_word' id='word_1_755' title='bbox 278 5516 439 5567; x_wconf 84' lang='grc' dir='ltr'>’ἁπαν</span> <span class='ocrx_word' id='word_1_756' title='bbox 477 5514 598 5584; x_wconf 84' lang='grc' dir='ltr'>μηδ’</span> <span class='ocrx_word' id='word_1_757' title='bbox 622 5515 825 5566; x_wconf 83' lang='grc' dir='ltr'>εὐνοεῖν</span> <span class='ocrx_word' id='word_1_758' title='bbox 858 5533 919 5577; x_wconf 79' lang='grc' dir='ltr'>ς.</span> 
     </span>
    </p>
   </div>
   <div class='ocr_carea' id='block_1_104' title="bbox 294 5585 737 5649">
    <p class='ocr_par' dir='ltr' id='par_1_104' title="bbox 294 5585 737 5649">
     <span class='ocr_line' id='line_1_104' title="bbox 294 5585 737 5649; baseline -0.005 -12"><span class='ocrx_word' id='word_1_759' title='bbox 294 5585 333 5637; x_wconf 86' lang='grc' dir='ltr'>Β</span> <span class='ocrx_word' id='word_1_760' title='bbox 364 5602 377 5637; x_wconf 92' lang='lat'>:</span> <span class='ocrx_word' id='word_1_761' title='bbox 408 5586 648 5647; x_wconf 76' lang='grc' dir='ltr'>Μωσέως</span> <span class='ocrx_word' id='word_1_762' title='bbox 677 5602 737 5649; x_wconf 84' lang='grc' dir='ltr'>ς.</span> 
     </span>
    </p>
   </div>
   <div class='ocr_carea' id='block_1_105' title="bbox 293 5653 545 5708">
    <p class='ocr_par' dir='ltr' id='par_1_105' title="bbox 293 5653 545 5708">
     <span class='ocr_line' id='line_1_105' title="bbox 293 5653 545 5708; baseline -0.004 0"><span class='ocrx_word' id='word_1_763' title='bbox 293 5656 455 5708; x_wconf 74' lang='grc' dir='ltr'>κάσαι</span> <span class='ocrx_word' id='word_1_764' title='bbox 483 5653 545 5707; x_wconf 86' lang='grc' dir='ltr'>Β.</span> 
     </span>
    </p>
   </div>
   <div class='ocr_carea' id='block_1_106' title="bbox 826 5585 1232 5638">
    <p class='ocr_par' dir='ltr' id='par_1_106' title="bbox 826 5585 1232 5638">
     <span class='ocr_line' id='line_1_106' title="bbox 826 5585 1232 5638; baseline 0.002 -1"><span class='ocrx_word' id='word_1_765' title='bbox 826 5586 870 5615; x_wconf 72' lang='grc'>⁸³</span> <span class='ocrx_word' id='word_1_766' title='bbox 909 5585 1000 5637; x_wconf 74' lang='grc' dir='ltr'>καὶ</span> <span class='ocrx_word' id='word_1_767' title='bbox 1019 5586 1139 5638; x_wconf 86' lang='lat' dir='ltr'><strong>add.</strong></span> <span class='ocrx_word' id='word_1_768' title='bbox 1167 5586 1232 5638; x_wconf 78' lang='grc' dir='ltr'>Α.</span> 
     </span>
    </p>
   </div>
   <div class='ocr_carea' id='block_1_107' title="bbox 1682 5445 3553 5559">
    <p class='ocr_par' dir='ltr' id='par_1_107' title="bbox 1682 5445 3553 5559">
     <span class='ocr_line' id='line_1_107' title="bbox 1682 5445 3553 5559; baseline -0.003 -58"><span class='ocrx_word' id='word_1_769' title='bbox 1682 5450 1731 5480; x_wconf 81' lang='grc'>⁸³</span> <span class='ocrx_word' id='word_1_770' title='bbox 1750 5450 1810 5501; x_wconf 77' lang='grc' dir='ltr'>τὸ</span> <span class='ocrx_word' id='word_1_771' title='bbox 1834 5450 1968 5520; x_wconf 77' lang='grc' dir='ltr'>πρὸς</span> <span class='ocrx_word' id='word_1_772' title='bbox 1994 5450 2115 5511; x_wconf 79' lang='grc' dir='ltr'>τοὺς</span> <span class='ocrx_word' id='word_1_773' title='bbox 2148 5445 2469 5559; x_wconf 73' lang='grc' dir='ltr'>ἀνθρώπους</span> <span class='ocrx_word' id='word_1_774' title='bbox 2502 5448 2653 5514; x_wconf 86' lang='grc' dir='ltr'>μῖσος</span> <span class='ocrx_word' id='word_1_775' title='bbox 2684 5449 2744 5499; x_wconf 88' lang='grc' dir='ltr'>Β.</span> <span class='ocrx_word' id='word_1_776' title='bbox 2819 5446 2865 5477; x_wconf 66' lang='grc'>⁸⁸</span> <span class='ocrx_word' id='word_1_777' title='bbox 2892 5446 2949 5498; x_wconf 88' lang='grc' dir='ltr'>δέ</span> <span class='ocrx_word' id='word_1_778' title='bbox 2977 5460 3082 5498; x_wconf 91' lang='lat' dir='ltr'>om.</span> <span class='ocrx_word' id='word_1_779' title='bbox 3108 5445 3167 5498; x_wconf 85' lang='grc' dir='ltr'>Β.</span> <span class='ocrx_word' id='word_1_780' title='bbox 3242 5446 3287 5476; x_wconf 81' lang='grc'>⁸⁸</span> <span class='ocrx_word' id='word_1_781' title='bbox 3314 5445 3370 5496; x_wconf 80' lang='grc' dir='ltr'>τὸ</span> <span class='ocrx_word' id='word_1_782' title='bbox 3396 5450 3553 5513; x_wconf 54' lang='grc' dir='ltr'>παρέ</span> 
     </span>
     <span class='ocr_line' id='line_1_108' title="bbox 1682 5510 3537 5559; baseline 0 0"><span class='ocrx_word' id='word_1_783' title='bbox 1682 5520 1942 5559; x_wconf 67' lang='grc' dir='ltr'>’βυῆηένῆη</span> <span class='ocrx_word' id='word_1_784' title='bbox 1981 5537 2020 5559; x_wconf 71' lang='grc' dir='ltr'>τ-</span> <span class='ocrx_word' id='word_1_785' title='bbox 2116 5520 2159 5550; x_wconf 73' lang='grc'><strong>87</strong></span> <span class='ocrx_word' id='word_1_786' title='bbox 2190 5512 2250 5559; x_wconf 56' lang='grc' dir='ltr'>οὗ</span> <span class='ocrx_word' id='word_1_787' title='bbox 2301 5510 2333 5559; x_wconf 59' lang='grc' dir='ltr'>ἦ</span> <span class='ocrx_word' id='word_1_788' title='bbox 2380 5518 2413 5559; x_wconf 78' lang='grc' dir='ltr'><strong>Δ</strong></span> <span class='ocrx_word' id='word_1_789' title='bbox 2461 5517 2641 5559; x_wconf 75' lang='lat' dir='ltr'><strong>malim</strong></span> <span class='ocrx_word' id='word_1_790' title='bbox 2669 5513 2725 5559; x_wconf 71' lang='grc' dir='ltr'>οἷ</span> <span class='ocrx_word' id='word_1_791' title='bbox 2817 5515 2865 5548; x_wconf 77' lang='grc'><strong>⁸⁸</strong></span> <span class='ocrx_word' id='word_1_792' title='bbox 2896 5516 3157 5559; x_wconf 68' lang='grc' dir='ltr'>ιυιιῦσέως</span> <span class='ocrx_word' id='word_1_793' title='bbox 3188 5514 3245 5559; x_wconf 75' lang='grc' dir='ltr'>Δ-</span> <span class='ocrx_word' id='word_1_794' title='bbox 3294 5515 3537 5559; x_wconf 68' lang='grc' dir='ltr'>αιιιῦσέος</span> 
     </span>
    </p>
   </div>
   <div class='ocr_carea' id='block_1_108' title="bbox 1021 5510 2550 5596">
    <p class='ocr_par' dir='ltr' id='par_1_108' title="bbox 1021 5510 2550 5596">
     <span class='ocr_line' id='line_1_109' title="bbox 1021 5510 2550 5596; baseline -0.01 -24"><span class='ocrx_word' id='word_1_795' title='bbox 1021 5510 1497 5596; x_wconf 40' lang='grc' dir='ltr'>⁸⁶ιῖτρογενομένὸυ</span> <span class='ocrx_word' id='word_1_796' title='bbox 1530 5510 1616 5596; x_wconf 45' lang='grc' dir='ltr'>Α)</span> <span class='ocrx_word' id='word_1_797' title='bbox 1650 5510 1961 5596; x_wconf 66' lang='grc' dir='ltr'>γενομένου</span> <span class='ocrx_word' id='word_1_798' title='bbox 1981 5537 2039 5582; x_wconf 79' lang='grc' dir='ltr'>ς.</span> <span class='ocrx_word' id='word_1_799' title='bbox 2066 5590 2076 5596; x_wconf 75' lang='lat'><strong>_</strong></span> <span class='ocrx_word' id='word_1_800' title='bbox 2104 5510 2159 5550; x_wconf 23' lang='grc' dir='ltr'>ί⁸⁷</span> <span class='ocrx_word' id='word_1_801' title='bbox 2190 5510 2275 5589; x_wconf 71' lang='grc' dir='ltr'>οὗ]</span> <span class='ocrx_word' id='word_1_802' title='bbox 2375 5518 2419 5569; x_wconf 81' lang='grc' dir='ltr'>Α</span> <span class='ocrx_word' id='word_1_803' title='bbox 2439 5510 2550 5596; x_wconf 39' lang='lat' dir='ltr'><strong>qua.</strong></span> 
     </span>
    </p>
   </div>
   <div class='ocr_carea' id='block_1_109' title="bbox 1339 5575 2649 5659">
    <p class='ocr_par' dir='ltr' id='par_1_109' title="bbox 1339 5575 2649 5659">
     <span class='ocr_line' id='line_1_110' title="bbox 1339 5575 2649 5659; baseline 0.001 -19"><span class='ocrx_word' id='word_1_804' title='bbox 1339 5575 1384 5619; x_wconf 69' lang='grc' dir='ltr'>δ’</span> <span class='ocrx_word' id='word_1_805' title='bbox 1427 5575 1725 5659; x_wconf 70' lang='grc' dir='ltr'>στυγήσας]</span> <span class='ocrx_word' id='word_1_806' title='bbox 1764 5575 1886 5643; x_wconf 71' lang='lat' dir='ltr'><strong>libri</strong></span> <span class='ocrx_word' id='word_1_807' title='bbox 1919 5575 2209 5658; x_wconf 76' lang='grc' dir='ltr'>συστήσας.</span> <span class='ocrx_word' id='word_1_808' title='bbox 2256 5575 2275 5589; x_wconf 64' lang='grc'><em>⁴</em></span> <span class='ocrx_word' id='word_1_809' title='bbox 2304 5575 2349 5620; x_wconf 56' lang='grc' dir='ltr'>τί</span> <span class='ocrx_word' id='word_1_810' title='bbox 2392 5586 2556 5639; x_wconf 81' lang='grc' dir='ltr'>αὑτοῦ</span> <span class='ocrx_word' id='word_1_811' title='bbox 2586 5588 2649 5641; x_wconf 87' lang='lat' dir='ltr'>A.</span> 
     </span>
    </p>
   </div>
   <div class='ocr_carea' id='block_1_110' title="bbox 2375 5513 3537 5583">
    <p class='ocr_par' dir='ltr' id='par_1_110' title="bbox 2375 5513 3537 5583">
     <span class='ocr_line' id='line_1_111' title="bbox 2375 5513 3537 5583; baseline -0.003 -14"><span class='ocrx_word' id='word_1_812' title='bbox 2375 5518 2419 5569; x_wconf 83' lang='grc' dir='ltr'>Α</span> <span class='ocrx_word' id='word_1_813' title='bbox 2461 5513 2641 5571; x_wconf 81' lang='lat' dir='ltr'><strong>malim</strong></span> <span class='ocrx_word' id='word_1_814' title='bbox 2669 5513 2725 5571; x_wconf 74' lang='grc' dir='ltr'>οἶ</span> <span class='ocrx_word' id='word_1_815' title='bbox 2817 5515 2865 5548; x_wconf 80' lang='grc'>⁸⁸</span> <span class='ocrx_word' id='word_1_816' title='bbox 2894 5516 3157 5583; x_wconf 87' lang='grc' dir='ltr'>μωῦσέως</span> <span class='ocrx_word' id='word_1_817' title='bbox 3183 5514 3247 5582; x_wconf 82' lang='grc' dir='ltr'>Α,</span> <span class='ocrx_word' id='word_1_818' title='bbox 3293 5515 3537 5583; x_wconf 81' lang='grc' dir='ltr'>μωῦσέος</span> 
     </span>
    </p>
   </div>
   <div class='ocr_carea' id='block_1_111' title="bbox 2755 5584 3554 5664">
    <p class='ocr_par' dir='ltr' id='par_1_111' title="bbox 2755 5584 3554 5664">
     <span class='ocr_line' id='line_1_112' title="bbox 2755 5584 3554 5664; baseline -0.006 -24"><span class='ocrx_word' id='word_1_819' title='bbox 2755 5589 2800 5619; x_wconf 74' lang='grc'><em>’³</em></span> <span class='ocrx_word' id='word_1_820' title='bbox 2821 5587 3085 5657; x_wconf 82' lang='grc' dir='ltr'>καόμενον</span> <span class='ocrx_word' id='word_1_821' title='bbox 3127 5586 3182 5637; x_wconf 86' lang='grc' dir='ltr'>Β.</span> <span class='ocrx_word' id='word_1_822' title='bbox 3297 5584 3343 5615; x_wconf 73' lang='grc'>⁸³</span> <span class='ocrx_word' id='word_1_823' title='bbox 3367 5585 3554 5664; x_wconf 57' lang='grc' dir='ltr'>ἀναγη</span> 
     </span>
    </p>
   </div>
   <div class='ocr_carea' id='block_1_112' title="bbox 1745 5748 1977 5805">
    <p class='ocr_par' dir='ltr' id='par_1_112' title="bbox 1745 5748 1977 5805">
     <span class='ocr_line' id='line_1_113' title="bbox 1745 5748 1977 5805; baseline 0.013 -3"><span class='ocrx_word' id='word_1_824' title='bbox 1745 5748 1977 5805; x_wconf 62' lang='lat' dir='ltr'>NOTAE.</span> 
     </span>
    </p>
   </div>
   <div class='ocr_carea' id='block_1_113' title="bbox 374 5840 2131 5914">
    <p class='ocr_par' dir='ltr' id='par_1_113' title="bbox 374 5840 2131 5914">
     <span class='ocr_line' id='line_1_114' title="bbox 374 5840 2131 5914; baseline -0.001 -15"><span class='ocrx_word' id='word_1_825' title='bbox 374 5840 475 5914; x_wconf 70' lang='lat'>157)</span> <span class='ocrx_word' id='word_1_826' title='bbox 506 5841 677 5900; x_wconf 79' lang='lat' dir='ltr'><strong>Julius</strong></span> <span class='ocrx_word' id='word_1_827' title='bbox 700 5842 1033 5913; x_wconf 64' lang='lat' dir='ltr'><strong>Obsrqueus,</strong></span> <span class='ocrx_word' id='word_1_828' title='bbox 1062 5842 1124 5898; x_wconf 88' lang='lat' dir='ltr'>T.</span> <span class='ocrx_word' id='word_1_829' title='bbox 1164 5842 1366 5913; x_wconf 88' lang='lat' dir='ltr'><strong>Livius,</strong></span> <span class='ocrx_word' id='word_1_830' title='bbox 1389 5843 1732 5912; x_wconf 77' lang='lat' dir='ltr'><strong>Plutarchus,</strong></span> <span class='ocrx_word' id='word_1_831' title='bbox 1765 5843 1898 5901; x_wconf 90' lang='lat' dir='ltr'><strong>Dion</strong></span> <span class='ocrx_word' id='word_1_832' title='bbox 1939 5856 1993 5902; x_wconf 89' lang='lat' dir='ltr'>et</span> <span class='ocrx_word' id='word_1_833' title='bbox 2020 5844 2131 5899; x_wconf 83' lang='lat' dir='ltr'><strong>alii.</strong></span> 
     </span>
    </p>
   </div>
   <div class='ocr_carea' id='block_1_114' title="bbox 274 5916 309 5938">
    <p class='ocr_par' dir='ltr' id='par_1_114' title="bbox 274 5916 309 5938">
     <span class='ocr_line' id='line_1_115' title="bbox 274 5916 309 5938; baseline 0 0"><span class='ocrx_word' id='word_1_834' title='bbox 274 5916 309 5938; x_wconf 61' lang='grc' dir='ltr'><strong>ι</strong></span> 
     </span>
    </p>
   </div>
  </div>
