4104 6460
551 438 676 504 1391

1644 426 1904 489 PHOTII
1945 427 2446 488 PATRIARClI/E
2476 425 2579 485 (ΣΡ.

3674 418 3803 484 1m

549 557 615 607 de
640 547 918 604 conditore
954 542 1473 614 Hierosolymorum,
1506 540 1571 593 de
1614 541 1759 594 exitu
1791 556 1855 596 ex
1894 538 2126 609 JEgypto

2238 539 2492 608 νομίμων,
2538 534 2673 589 ἀλλὰ
2714 535 2808 588 καὶ
2857 535 2951 588 τοῦ
2985 534 3094 586 τῶν
3153 531 3544 603 Ἱεροσολύμων
3593 533 3807 585 κτίστου

549 641 827 697 mentitur.
860 638 923 690 Et
954 638 1005 690 in
1035 636 1459 705 reprehensione
1490 629 1795 685 Judmortnu
1829 630 1995 700 380
2015 631 2120 683 ain

548 731 831 787 mendacio
856 732 1233 798 perseverans,
1266 740 1333 779 ne
1362 723 1463 777 sibi
1498 723 1596 792 ipsi
1635 724 2013 776 contradicere
2045 723 2124 775 vi-

548 826 772 884 deatur,
826 831 1080 889 tanquam
1138 819 1274 873 alios
1328 826 1609 869 narrantes
1657 813 1881 877 inducit,
1928 813 2126 882 quibus

548 913 804 969 Antiochi
826 911 1117 965 amicitiam
1148 907 1415 977 adjnngit.
1444 905 1571 961 llaec
1598 920 1812 975 quoque
1842 906 1907 960 de
1926 904 2125 961 ludatis

549 1004 687 1061 libro
712 1022 779 1060 ιιι.
814 1002 1155 1057 Bibliothecre
1198 999 1377 1052 habet.

835 1273 917 1325 Ex
958 1269 1363 1342 quadragesimo
1414 1268 1554 1322 circa
1598 1266 1843 1319 medium.

623 1364 933 1434 Scripturus
983 1361 1183 1415 bellutu
1216 1369 1402 1413 contra
1439 1356 1654 1412 Iudaeos
1684 1372 1781 1425 par
1796 1371 1916 1411 esse
1941 1356 2129 1411 existi-

548 1457 693 1513 mavi
746 1453 1069 1525 principium
1126 1452 1275 1519 prius
1322 1462 1376 1503 et
1424 1461 1603 1503 ortum
1649 1449 1809 1519 hujus
1852 1450 2029 1517 gentis
2078 1458 2133 1503 et

550 1550 795 1605 instituta
815 1559 1121 1600 recensere.
1146 1542 1293 1595 Multi
1314 1542 1453 1611 apud
1468 1540 1752 1612 [Egyptios
1777 1540 1906 1593 olim
1943 1540 2128 1609 perni-

548 1642 711 1696 ciosae
754 1638 914 1705 hujus
951 1634 1277 1691 calamitatis
1318 1649 1537 1688 causam
1571 1634 1636 1687 ad
1680 1633 1845 1687 Deum
1868 1631 2130 1686 referunt.

548 1734 680 1789 Cum
719 1731 872 1786 multi
910 1739 966 1782 et
1004 1728 1139 1781 varii
1182 1726 1450 1795 peregrini
1484 1723 1778 1795 {Egyptum
1809 1724 2130 1788 incolerent,

549 1823 782 1877 diversis
821 1819 1166 1875 sacriﬁcandi
1202 1827 1419 1872 utentes
1464 1817 1677 1883 ritibus,
1706 1816 1911 1869 factum
1967 1824 2136 1868 estut

551 1918 710 1988 patrii
756 1932 885 1984 erga
948 1919 1079 1969 deos
1128 1912 1305 1965 cultus
1360 1909 1673 1976 deficerent,
1728 1909 1872 1977 quod
1925 1908 2135 1973 incolae,

552 2010 653 2065 nisi
684 2008 1014 2077 alienigenas
1040 2005 1400 2062 dimitterent.
1430 2002 1695 2055 malorum
1723 2000 1980 2053 indicium
2018 1999 2136 2053 fore

550 2099 808 2167 suspicati
870 2106 1019 2151 sunt.
1079 2093 1270 2147 Statim
1322 2092 1506 2160 itaque
1542 2107 1608 2145 ex
1651 2092 1839 2160 ejectis
1895 2090 2136 2160 profugis

550 2189 985 2262 prmstantissimi
1011 2185 1479 2253 ellicacissituique
1500 2186 1579 2253 (nt
1596 2184 1815 2253 quidam
1843 2184 2134 2252 nugantur)

553 2286 605 2336 in
635 2282 921 2345 Graeciam,
959 2280 1184 2345 locaque
1218 2277 1391 2329 vicina
1428 2276 1595 2344 illapsi
1636 2284 1782 2340 sunt,
1818 2285 2135 2342 praestantes

551 2376 814 2428 habentes
875 2372 1147 2438 ductores,
1195 2383 1424 2436 quorum
1484 2368 1757 2437 principes
1817 2366 2031 2421 Danaus
2083 2378 2138 2422 et

549 2467 790 2521 Cadmus
817 2463 1162 2517 exstiterunt.
1208 2459 1434 2529 Reliqua
1468 2474 1593 2513 vero
1620 2459 1773 2513 turba
1796 2475 1914 2513 eam
1956 2461 2137 2530 regio-

552 2573 698 2621 nem,
739 2572 857 2625 qua:
879 2569 1021 2608 nunc
1044 2552 1225 2607 Iudaea
1263 2554 1480 2616 dicitur,
1513 2567 1618 2606 non
1648 2553 1831 2619 procul
1860 2553 1927 2606 ab
1964 2552 2136 2622 Egy-

554 2661 646 2718 pto
678 2649 993 2710 distantem,
1026 2655 1082 2699 et
1120 2644 1174 2699 in
1204 2644 1291 2697 illa
1326 2659 1497 2713 usque
1532 2654 1773 2710 tempora
1803 2645 2021 2712 penitus
2045 2648 2137 2698 de-

553 2752 755 2796 sertam
786 2737 1088 2806 occupavit.
1121 2735 1274 2792 Hanc
1305 2751 1466 2806 porro
1487 2735 1758 2790 coloniam
1792 2736 1969 2791 Moses
2010 2752 2137 2806 pru-

552 2832 731 2887 dentia
763 2843 816 2885 et
845 2834 1039 2885 robore
1069 2840 1299 2885 caeteros
1338 2827 1606 2883 excellens
1641 2826 1861 2882 deduxit
1884 2827 2016 2897 (58),
2045 2828 2135 2895 qui

554 2925 693 2978 hanc
724 2904 997 2993 regionem
1036 2924 1322 2984 invadens,
1358 2920 1555 2975 multas
1600 2921 1764 2975 urbes
1794 2920 2055 2981 condidit,
2085 2930 2141 2972 et

554 3032 743 3081 unam,
770 3032 887 3085 qua:
913 3030 1053 3069 nunc
1082 3015 1435 3069 celeberrima
1459 3022 1565 3077 est,
1595 3012 1918 3082 appellatam
1947 3010 2139 3066 Iliero-

554 3108 806 3178 solyma;
862 3106 1095 3160 maxime
1126 3116 1306 3159 autem
1350 3104 1667 3174 religionem
1712 3114 1768 3158 et
1813 3104 2016 3157 cultum
2060 3104 2141 3158 eis

2227 629 2711 698 καταψευσάμενος
2755 629 2849 681 καὶ
2917 627 3090 695 αὐτῆς
3122 625 3224 694 τῆς
3257 624 3315 690 ἐξ
3371 624 3656 693 Αίγύπτου
3707 626 3810 677 τῶν

2239 721 2507 774 Ἰουδαίων
2531 719 2736 785 ἐξόδου,
2773 719 2869 773 καὶ
2904 717 3038 788 πρὸς
3063 718 3153 768 τὸν
3191 716 3414 785 ἔλεγχον
3451 716 3548 768 τοῦ
3586 714 3810 782 ψεύδους

2226 814 2414 882 ῶσπερ
2448 810 2625 880 ἑαυτῷ
2650 812 2711 864 τὸ
2747 810 2821 881 μὴ
2856 810 3018 871 αὐτὸς
3043 807 3248 862 ἁλῶναι
3283 808 3808 875 διοικονομούμενος,

2226 904 2440 974 ἑτέροις
2477 903 2790 972 περιτίθησι
2822 900 3136 971 προσώποις
3172 899 3272 969 τὴν
3305 901 3433 968 περὶ
3471 898 3582 950 τῶν
3607 898 3810 964 διεψευ-

2231 998 2442 1065 σμένων
2463 996 2761 1064 ἀφήγησιν,
2778 992 2879 1063 τὴν
2908 992 3181 1061 Ἀντιόχου
3202 990 3385 1059 φιλίαν
3408 988 3621 1050 τούτοις
3646 1005 3813 1055 προσ-

2230 1084 2634 1137 επισυνάπτων.
2674 1082 2881 1153 Γράφει
2934 1082 2987 1135 δέ
3029 1083 3123 1135 καὶ
3166 1083 3224 1134 ἐν
3249 1083 3297 1114 ’⁸
3325 1080 3403 1151 τῷ
3447 1078 3499 1150 μ’
3536 1080 3679 1148 λόγῳ
3718 1078 3813 1146 τῆς

2231 1176 2402 1244 αὐτῆς
2432 1174 2827 1241 Βιϐλιοθήκης
2861 1177 2990 1245 περὶ
3037 1174 3306 1227 Ἰουδαίων
3338 1174 3531 1228 ταῦτα.

2495 1269 2596 1321 Ἐκ
2626 1268 2731 1320 τοῦ
2766 1266 2823 1336 μ’
2850 1269 3059 1335 λόγου,
3093 1266 3227 1334 περὶ
3256 1267 3324 1319 τὸ
3348 1266 3566 1336 μέσον.

2316 1360 2508 1429 Ἡμεῖς
2546 1360 2603 1413 δὲ
2659 1359 2948 1429 μέλλοντες
2991 1359 3332 1428 ἀναγράφειν
3364 1360 3456 1411 τὸν
3506 1358 3643 1428 πρὸς
3697 1361 3819 1412 Ἰουσ

2233 1454 2411 1517 δαίους
2436 1454 2693 1523 πόλεμον,
2713 1455 2914 1506 οἰκεῖον
2942 1450 3078 1506 εἶναι
3104 1452 3550 1521 διαλαμϐάνομεν
3575 1453 3818 1521 προδιελ-

2236 1542 2348 1595 θεῖν
2379 1544 2436 1595 ἐν
2465 1543 2785 1611 κεφαλαίοις
2817 1544 2916 1612 τήν
2938 1561 2996 1595 τε
3022 1545 3067 1573 ³⁸
3092 1543 3185 1595 τοῦ
3212 1542 3397 1604 ἔθνους
3425 1542 3619 1596 τούτου
3649 1543 3707 1606 ἐξ
3732 1545 3820 1613 ἀρα

2235 1637 2337 1705 χῆς
2378 1637 2555 1689 κτίσιν
2603 1636 2696 1688 καὶ
2726 1636 2794 1689 τὰ
2838 1636 2967 1703 παρ’
3013 1637 3197 1697 αὐτοῖς
3244 1636 3471 1705 νόμιμα.
3524 1636 3683 1688 Κατὰ
3724 1637 3817 1703 τὴν

2236 1727 2514 1795 Αἴγυπτον
2542 1728 2603 1781 τὸ
2634 1727 2864 1782 παλαιὸν
2897 1727 3023 1799 [620
3048 1726 3141 1800 ιι]
3165 1727 3422 1797 λοιμικῆς
3448 1727 3819 1798 περιστάσεως

2238 1821 2541 1890 γενομένης
2583 1820 2902 1890 ἀνέπεμπον
2932 1823 2981 1873 οἱ
3015 1820 3200 1873 πολλοὶ
3232 1821 3332 1889 τὴν
3371 1821 3553 1872 αἰτίαν
3584 1820 3695 1871 τῶν
3726 1838 3819 1871 κα-

2172 1895 2212 1947 B
2249 1912 2360 1966 κῶν
2393 1914 2484 1965 ἐπὶ
2511 1912 2573 1965 τὸ
2607 1913 2881 1981 δαιμόνιον
2905 1929 2919 1944 ο
2952 1912 3161 1964 πολλῶν
3197 1915 3302 1983 γὰρ
3331 1914 3425 1965 καὶ
3462 1913 3817 1967 παντοδαπῶν

2250 2003 2648 2057 κατοικούντων
2680 2003 2869 2068 ξένων,
2916 2005 3011 2057 καὶ
3046 2004 3458 2074 διηλλαγμένοις
3500 2004 3650 2057 ἔθεσι
3681 2023 3817 2074 χρωο

2239 2094 2413 2163 μένων
2456 2096 2584 2165 περὶ
2632 2096 2693 2149 τὸ
2729 2095 2873 2165 ἱερὸν
2902 2096 2995 2148 καὶ
3026 2095 3123 2158 τὰς
3156 2096 3367 2161 θυσίας,
3425 2094 3816 2149 καταλελύσθαι

2238 2185 2517 2239 συνέϐαινε
2560 2186 2687 2256 παρ’
2722 2186 2906 2249 αὐτοῖς
2954 2188 3053 2250 τὰς
3098 2188 3359 2257 πατρίους
3396 2186 3506 2239 τῶν
3550 2187 3692 2239 θεῶν
3730 2204 3817 2238 τι-

2240 2275 2368 2345 μάς.
2405 2277 2583 2347 Ὅπερ
2610 2276 2660 2328 oi
2694 2279 2793 2344 τῆς
2823 2274 3010 2347 χώρας
3046 2277 3292 2344 ἐγγενεῖς
3321 2276 3368 2307 ³⁸
3398 2276 3693 2341 ὑπέλαϐον,
3731 2278 3817 2329 ἐὰν

2241 2366 2313 2437 μὴ
2365 2368 2491 2430 τοὺς
2560 2367 2894 2435 ἀλλοφύλους
2949 2368 3438 2439 μεταστήσωνται,
3488 2369 3673 2437 κρίσιν
3724 2368 3816 2421 οὐκ

2238 2460 2455 2513 ἔσεσθαι
2485 2460 2595 2514 τῶν
2619 2461 2825 2513 κακῶν.
2866 2460 3041 2521 Εὐθὺς
3079 2458 3173 2512 οὖν
3198 2460 3681 2530 ξενηλατουμένων
3716 2460 3816 2512 τῶν

2237 2553 2539 2606 ἀλλοεθνῶν
2586 2556 2635 2607 οἱ
2668 2552 2766 2623 μὲν
2800 2553 3223 2621 ἐπιφανέστατοι
3265 2553 3358 2605 καὶ
3395 2552 3815 2621 δραστικώτατοι

2241 2643 2641 2711 συστραφέντες
2678 2642 3046 2713 ἐξερῤίφησαν
3095 2642 3190 2708 (ὥς
3223 2643 3368 2704 τινές
3402 2646 3591 2712 φασιν)
3627 2646 3707 2706 είς
3729 2645 3818 2712 τὴν

2251 2732 2477 2785 Ἐλλάδα
2500 2734 2593 2785 καί
2621 2750 2776 2793 τινας
2810 2734 3030 2802 ἐτέρους
3057 2734 3278 2797 τόπους,
3307 2734 3522 2803 ἔχοντες
3546 2736 3590 2766 ⁹¹¹
3614 2735 3817 2799 ἀξιολό·

2240 2843 2367 2892 γους
2404 2826 2697 2895 ἡγεμόνας,
2724 2819 2800 2880 ὧν
2831 2825 3061 2894 ἡγοῦντο
3092 2826 3299 2889 Δαναὸς
3333 2829 3429 2880 καὶ
3464 2827 3687 2895 Κάδμος
3720 2826 3818 2879 τῶν

2240 2915 2415 2969 ἄλλων
2448 2918 2886 2985 ἐπιφανέστατοι.
2932 2919 2989 2971 '0
3019 2919 3075 2971 δὲ
3098 2919 3265 2983 πολὺς
3297 2920 3434 2984 λεὼς
3465 2919 3721 2985 ἐξέπεσεν
3748 2923 3820 2983 είς

2242 3010 2341 3079 τὴν
2373 3008 2468 3064 νῦν
2490 3010 2836 3079 καλουμένην
2884 3011 3161 3073 Ἰουδαίαν,
3198 3014 3256 3065 οὗ
3284 3014 3474 3083 πόρρω
3502 3018 3602 3084 μὲν
3642 3015 3821 3082 κειμέ-

2244 3117 2341 3170 νην
2369 3101 2468 3171 τῆς
2500 3102 2801 3169 Αἰγύπτου,
2849 3102 3132 3165 παντελῶς
3163 3103 3219 3155 δὲ
3259 3104 3465 3173 ἔρημον
3508 3104 3673 3157 οὖσαν
3707 3105 3820 3157 κατ’

555 3200 839 3253 colendum
879 3197 1048 3261 dedit,
1086 3198 1462 3251 veneratioues
1492 3206 1550 3249 et
1599 3197 1865 3251 sacriﬁcia
1900 3197 2135 3260 edocuit,

2243 3166 2485 3257 ἐκείνους
2528 3166 2655 3256 τοὺς
2695 3195 2941 3263 χρόνους.
3004 3193 3219 3262 Ἠγεῖτο
3262 3166 3319 3247 δέ
3510 3195 3769 3257 ἀποικίας
3796 3195 3823 3245 ό

553 3301 609 3343 et
641 3294 707 3344 de
751 3292 830 3342 eis
861 3305 964 3357 qua
1001 3288 1067 3341 ad
1112 3287 1496 3354 rempublicam
1532 3286 1803 3353 pertineant
1843 3287 1986 3356 leges
2021 3288 2141 3342 tulit

554 3392 610 3433 et
651 3382 891 3435 decreta.
945 3380 1002 3433 ιιι
1048 3379 1333 3434 duodecim
1396 3380 1568 3433 tribus
1614 3379 1865 3448 populum
1914 3380 2138 3444 divisit,

556 3471 878 3524 existimans
911 3470 1053 3523 hunc
1102 3484 1382 3523 numerum
1415 3484 1535 3523 esse
1556 3468 2046 3538 perfectissimum,
2087 3480 2143 3523 et

557 3579 701 3616 anno
753 3562 1037 3615 duodecim
1113 3561 1389 3615 mensibus
1446 3561 1713 3628 completo
1773 3562 2133 3630 persimilem.

555 3652 825 3721 Imagines
849 3653 1074 3706 deorum
1105 3652 1328 3705 omnino
1357 3666 1459 3704 non
1484 3650 1728 3720 sculpsit,
1753 3653 1896 3721 quod
1928 3664 2138 3719 putaret

557 3745 796 3800 humana
831 3744 995 3797 Deum
1031 3758 1137 3795 non
1171 3742 1337 3795 videri
1370 3742 1566 3805 forma,
1592 3743 1683 3796 sed
1706 3745 1901 3796 ccelum
1937 3754 2135 3797 terram

557 3835 804 3889 ambiens
848 3846 969 3888 esse
1004 3833 1193 3897 Deum,
1230 3844 1280 3888 et
1319 3836 1501 3887 omnia
1555 3849 1655 3889 suo
1691 3834 1918 3905 imperio
1947 3839 2141 3905 guber-

559 3941 711 3981 nare.
762 3925 1039 3979 Sarrilicia
1090 3926 1321 3993 vitaeque
1370 3924 1564 3995 330D
1610 3927 1845 3982 rationes
1895 3929 2139 3982 diversas

557 4032 781 4088 prorsus
812 4021 879 4071 ab
905 4016 1023 4070 aliis
1051 4017 1300 4085 gentibus
1321 4017 1614 4070 ordinavit.
1639 4016 1773 4070 Nam
1803 4019 1928 4088 quia
1963 4029 2141 4073 exter-

556 4124 658 4163 nos
696 4111 828 4163 urbe
857 4123 954 4163 sua
991 4108 1401 4172 interdicerent,
1434 4110 1675 4162 odiosam
1711 4124 1841 4164 sane
1875 4112 2063 4173 vitam,
2087 4123 2140 4164 et

555 4202 679 4257 aliis
719 4203 949 4255 invisam
1004 4202 1235 4256 induxit.
1278 4198 1447 4255 Jussit
1500 4203 1723 4270 insuper
1768 4213 1824 4256 ιιι
1854 4206 1944 4273 qui
1994 4206 2135 4273 genti

552 4301 875 4362 prmessent,
910 4290 1048 4359 grati
1095 4300 1279 4342 essent
1335 4289 1553 4358 populo,
1588 4301 1643 4343 et
1676 4290 1911 4344 maxime
1953 4304 2139 4345 aucto-

552 4386 717 4438 ritate
769 4384 1126 4452 potentiores,
1164 4397 1301 4449 quos
1348 4382 1661 4437 Sacerdotes
1694 4398 1816 4437 esse
1858 4384 2044 4450 voluit,
2085 4396 2139 4438 et

2244 3286 2787 3357 προσαγορευόμενος
2821 3285 3050 3355 Μωσῆς,
3107 3286 3367 3355 φρονήσει
3410 3302 3470 3337 τε
3516 3285 3563 3316 ⁸⁸
3605 3286 3698 3338 καὶ
3738 3287 3827 3338 ἁν-

2243 3377 2398 3449 δρείᾳ
2451 3377 2584 3430 πολὺ
2630 3378 2674 3409 ⁹⁹
2734 3377 3030 3448 διαφέρων.
3073 3374 3241 3441 Οὗτος
3284 3378 3341 3431 δὲ
3386 3378 3825 3446 καταλαϐόμενος

2243 3470 2341 3540 τὴν
2374 3470 2558 3541 χώραν
2592 3469 2756 3533 ἄλλας
2792 3488 2852 3523 τε
2876 3471 3061 3532 πόλεις
3083 3470 3265 3523 ἔκτισε
3291 3472 3385 3523 καὶ
3415 3471 3513 3540 τὴν
3541 3470 3641 3524 νῦν
3665 3466 3824 3523 οὖσαν

2244 3563 2685 3632 ἐπιφανεστάτην
2714 3564 2755 3626 ¹,
2789 3562 3201 3632 ὀνομαζομένην
3246 3562 3613 3632 Ἱεροσόλυμα.
3658 3562 3823 3633 ’ἱδρύ-

2246 3670 2374 3706 σατο
2401 3653 2457 3705 δὲ
2490 3654 2581 3706 καί
2603 3653 2665 3705 τὸ
2696 3653 2933 3721 μάλιστα
2964 3653 3093 3723 παρ’
3115 3655 3298 3716 αὐτοῖς
3319 3654 3631 3722 τιμώμενον
3664 3654 3822 3723 ἱερὸν,

2244 3745 2337 3796 καὶ
2368 3744 2465 3806 τὰς
2495 3743 2661 3813 τιμὰς
2698 3745 2794 3796 καὶ
2825 3744 3108 3811 ἁγιστείας
3153 3746 3173 3775 ³
3214 3744 3310 3797 τοῦ
3342 3743 3488 3797 θείου
3524 3745 3820 3812 κατέδειξε,

2245 3835 2337 3887 καὶ
2371 3834 2441 3888 τὰ
2483 3834 2623 3887 κατὰ
2660 3834 2756 3905 τὴν
2796 3835 3073 3889 πολιτείαν
3110 3836 3468 3908 ἐνομοθέτησὲ
3505 3856 3565 3889 τε
3604 3840 3698 3890 καὶ
3755 3839 3824 3890 δι-

2246 3927 2427 3993 έταξε.
2450 3928 2623 3980 Διεῐλε
2651 3928 2705 3980 δὲ
2737 3928 2798 3980 τὸ
2832 3928 3038 3998 πλῆθος
3067 3931 3148 3991 είς
3177 3929 3383 3982 δώδεκα
3415 3929 3611 3997 φυλὰς,
3646 3929 3736 3982 διὰ
3770 3929 3824 3980 τὸ

2241 4024 2333 4075 τὸν
2389 4021 2622 4091 ἀριθμὸν
2673 4022 2864 4077 τοῦτον
2910 4020 3247 4073 τελειότατον
3294 4021 3316 4051 ³
3358 4020 3681 4089 νομίζεσθαι
3739 4026 3824 4072 καὶ

2246 4111 2537 4182 σύμφωνον
2564 4109 2805 4183 εἶναιτῷ
2833 4112 3032 4182 πλήθει
3072 4112 3179 4164 τῶν
3222 4111 3406 4182 μηνῶν
3444 4112 3551 4164 τῶν
3582 4112 3675 4163 τὸν
3723 4114 3824 4163 ἐνι-

2242 4206 2404 4259 αυτὸν
2436 4205 2920 4276 συμπληρούντων.
2952 4204 3207 4274 ’Λγαλμα
3240 4205 3295 4257 δὲ
3343 4204 3479 4256 θεῶν
3514 4204 3574 4256 τὸ
3612 4205 3825 4257 σύνολον

2240 4300 2300 4351 ού
2334 4300 2728 4362 κατεσκεύασε,
2765 4299 2852 4351 διὰ
2889 4300 2949 4352 τὸ
2983 4300 3056 4369 μὴ
3088 4300 3329 4368 νομίζειν
3361 4298 3823 4368 ἁνθρωπόμορςον

2241 4387 2379 4446 εἶναι
2407 4393 2498 4445 τὸν
2525 4392 2680 4455 Θεὸν,
2710 4392 2847 4446 ἀλλὰ
2871 4392 2962 4444 τὸν
2990 4391 3319 4460 περιέχοντα
3347 4392 3443 4460 τὴν
3470 4392 3573 4459 γῆν
3596 4391 3821 4460 οὐρανὶν

550 4488 647 4528 eos
672 4472 931 4542 prieccpit
960 4473 1103 4525 circa
1128 4471 1318 4525 altaria
1353 4471 1558 4541 Deique
1595 4473 1799 4527 cultum
1832 4486 1887 4528 et
1921 4477 2134 4529 sacrifi-

2245 4486 2408 4555 μόνον
2435 4480 2575 4537 εἶναι
2600 4483 2722 4536 θεὸν
2748 4483 2843 4535 καὶ
2874 4483 2979 4535 τῶν
3006 4482 3145 4535 ὅλων
3178 4482 3383 4552 κύριον.
3417 4482 3528 4545 Τὰς
3548 4482 3606 4533 δὲ
3636 4482 3821 4542 (issi);

550 4566 639 4618 cia
670 4564 934 4627 exerceri,
959 4572 1014 4618 et
1041 4578 1106 4617 ex
1152 4564 1232 4618 his
1264 4565 1497 4633 optimos
1525 4564 1730 4635 judicio
1763 4565 2136 4633 rirosjutlices

554 4658 856 4721 constituit,
909 4657 1105 4726 quibus
1142 4668 1198 4710 et
1228 4658 1398 4723 legum
1447 4658 1788 4727 institutique
1831 4662 2133 4714 custodiant

554 4750 826 4804 attribuit.
854 4748 966 4803 Non
994 4750 1261 4803 ordinavit
1282 4748 1480 4804 Jndzeis
1511 4766 1712 4820 regem,
1731 4752 1825 4805 sed
1846 4753 2133 4819 imperitnn

552 4842 733 4910 populi
763 4842 813 4894 ei
866 4842 1077 4895 censuit
1116 4844 1587 4907 connnittendum,
1627 4843 1719 4911 qui
1767 4845 2049 4911 prudentia
2081 4854 2136 4899 et

551 4933 757 4989 virtute
816 4935 953 4988 inter
995 4934 1307 4987 sacerdotes
1344 4934 1466 4986 aliis
1500 4945 1759 5003 praestare
1801 4936 2078 4989 videretur
2115 4953 2128 5001 ;

551 5025 696 5080 hunc
744 5039 1013 5080 summum
1068 5025 1374 5090 pontificem
1424 5024 1720 5093 appellant,
1785 5042 1944 5095 quem
1995 5028 2139 5081 velut

554 5118 801 5173 nuntium
838 5118 936 5171 sibi
987 5118 1288 5171 divinorum
1321 5125 1714 5185 praeceptorum
1755 5132 1876 5173 esse
1907 5118 2133 5186 ducunt,

556 5213 701 5263 hunc
734 5211 907 5260 edicta
944 5209 993 5258 in
1032 5208 1207 5276 populi
1242 5206 1754 5276 congregationibus
1774 5218 1826 5261 et
1866 5211 2133 5276 conciliis,

553 5300 631 5354 ait
677 5297 941 5368 proferre,
985 5301 1067 5352 cui
1104 5298 1269 5352 Judaei
1322 5300 1393 5351 ita
1431 5300 1828 5369 ubtemperant,
1869 5314 1927 5355 ut
1954 5306 2136 5356 statim

2241 4576 2471 4647 ἐξηλλαγ
2483 4576 2649 4646 μένας
2685 4578 3052 4643 συνεστήσατο
3080 4574 3188 4627 τῶν
3215 4573 3364 4643 παρὰ
3384 4577 3500 4634 τοῖς
3529 4573 3713 4635 ἄλλοις
3737 4573 3820 4623 ἔθ-

2240 4685 2376 4732 νεσι,
2407 4668 2624 4729 καὶτὰς
2656 4666 2795 4719 κατὰ
2838 4666 2926 4719 τὸν
2957 4666 3069 4735 βίον
3092 4667 3317 4734 ἀγωγάς
3345 4683 3358 4695 ·
3396 4665 3561 4737 [1155
3602 4664 3692 4731 IL]
3738 4665 3816 4715 διὰ

2238 4760 2349 4830 γὰρ
2373 4758 2472 4829 τὴν
2512 4759 2645 4811 ίδίαν
2678 4758 2999 4829 ξενηλασίαν
3034 4758 3399 4827 ἀπάνθρωπον
3427 4774 3546 4808 τινα
3582 4758 3678 4808 καὶ⁸
3731 4774 3819 4824 μι-

2241 4849 2456 4914 σόξενον
2494 4849 2606 4919 βίον
2636 4849 2991 4917 εἰσηγήσατο.
3043 4845 3330 4909 Ἐπιλέξας
3374 4844 3431 4897 δὲ
3474 4843 3584 4896 τῶν
3612 4844 3817 4913 ἀνδρῶν

2239 4944 2368 5004 τοὺς
2418 4942 2815 5011 χαριεστάτους
2867 4942 2961 4993 καθ⁸
3016 4939 3249 5006 μάλιστα
3282 4937 3689 5006 ,δυνησομένους
3727 4935 3815 4987 τοῦ

2242 5034 2558 5104 σύμπαντος
2593 5038 2613 5063 ⁸
2645 5032 2831 5094 ἔθνους
2869 5031 3252 5101 προΐστασθαι,
3284 5029 3506 5089 τούτους
3526 5029 3699 5098 ἱερεῖς
3720 5029 3816 5080 ἀπ-

2239 5123 2411 5187 έδειξε
2439 5140 2451 5153 ·
2508 5122 2605 5193 τὴν
2656 5122 2711 5174 δὲ
2757 5121 3040 5191 διατριϐὴν
3068 5123 3088 5153 ⁸
3125 5119 3313 5184 ἔταξεν
3353 5119 3537 5172 αὐτῶν
3578 5117 3817 5186 γίνεσθαι

2243 5216 2373 5281 περὶ
2398 5215 2459 5266 τὸ
2490 5214 2630 5282 ἱερὸν
2660 5215 2752 5265 καὶ
2780 5212 2877 5275 τὰς
2911 5211 3003 5265 τοῦ
3032 5212 3166 5264 Θεοῦ
3190 5211 3355 5279 τιμάς
3386 5229 3445 5262 τε
3485 5211 3582 5262 καὶ
3613 5210 3816 5273 θυσίας.

2244 5306 2384 5369 Τοὺς
2408 5307 2605 5369 αὐτοὺς
2637 5305 2693 5357 δὲ
2733 5305 2824 5357 καὶ
2845 5304 3103 5367 δικαστὰς
3134 5303 3384 5367 ἀπέδειξε
3416 5302 3524 5355 τῶν
3556 5301 3820 5371 μεγίστων

1872 5437 2101 5495 VARle
2145 5441 2548 5501 LECTIONES.

626 5528 677 5563 “
714 5530 774 5583 ὲν
807 5528 933 5600 add.
966 5528 1050 5600 Δ.
1130 5529 1264 5600 θδᾉτε
1298 5528 1422 5600 add.
1454 5531 1519 5582 A.
1638 5530 1941 5600 01⁵εὐγενεῖς
1970 5534 2039 5587 Α.

551 5601 711 5655 muisi
745 5614 866 5653 cum
897 5599 963 5653 A.
1040 5599 1085 5629 9°
1112 5598 1245 5651 πολὺ
1278 5598 1324 5649 Α
1350 5614 1368 5651 :
1399 5603 1649 5653 πλεῖστον
1669 5619 1729 5665 ς.

552 5674 575 5705 ⁸
604 5685 916 5738 συμπαντος
942 5668 982 5721 Β
1011 5688 1023 5722 :
1055 5670 1435 5739 συμπαρόντος
1461 5689 1521 5734 ς,

2115 5537 2158 5568 θ’
2194 5536 2417 5606 ἔχοντας
2449 5555 2509 5601 ς.

1813 5602 2018 5678 ίήοὒσαν
2066 5602 2505 5678 ἐπιφανεστάτην
2538 5621 2649 5663 om.
2678 5605 2741 5661 Β.

1596 5672 1616 5702 ⁸
1644 5672 1927 5745 διατρ.6ὴν
1964 5676 2009 5730 Α
2042 5692 2056 5729 :
2092 5678 2285 5746 τριϐὴν
2315 5694 2375 5740 ς.

2606 5536 2652 5568 ⁸⁸
2676 5553 2738 5589 τε
2764 5552 2870 5603 mg.
2902 5535 3022 5590 libri
3044 5535 3099 5588 δὲ
3124 5536 3264 5604 quod
3293 5531 3600 5604 addebatur
3632 5531 3817 5602 πολλῇ.

2818 5602 2838 5637 ⁵
2868 5602 3190 5677 ἁγιαστείας
3222 5623 3283 5671 ς.
3360 5605 3381 5637 ³
3402 5602 3731 5659 τελεώτατον
3760 5618 3815 5671 ς’.

2065 5783 2300 5840 ΝΟΤΛ..

619 5874 738 5949 (58)
774 5874 907 5935 Vide
958 5876 1140 5932 Strab.
1184 5884 1236 5933 ct
1274 5873 1470 5930 Justiti.
