4104 6440
322 439 458 507 1393

1357 455 1874 519 BIBIJOTHECA.
1909 485 1979 493 —
2016 461 2179 522 COD.
2221 460 2502 523 CCXLIV.

3420 463 3557 528 1394

306 552 567 621 κρίσεων,
601 554 695 608 καὶ
730 555 827 626 τὴν
859 557 966 612 τῶν
995 557 1175 629 νόμων
1201 559 1296 615 καὶ
1330 560 1437 615 τῶν
1467 563 1604 616 ἐθῶν
1633 564 1878 636 φυλακὴν

1985 568 2234 635 pontiﬁce
2264 570 2518 638 loquente
2552 570 2805 628 cadentes
2841 573 2894 628 in
2937 580 3138 628 terram
3172 574 3418 628 adorent.
3448 577 3556 627 Ad-

302 644 517 709 τούτοις
536 647 802 718 ἐπέτρεψε
826 667 840 682 ο
865 650 946 702 διδ
973 651 1067 705 καὶ
1097 651 1324 720 βασιλέα
1353 653 1451 723 μὲν
1475 656 1739 724 μηδέποτε
1768 658 1879 710 τῶν

319 737 612 802 Ἰουδαίων,
644 740 739 809 τὴν
768 741 825 793 δὲ
867 741 961 794 τοῦ
990 742 1227 811 πλήθους
1274 746 1609 814 προστασίαν
1643 746 1879 801 δίδοσθαι

303 828 397 881 διάῆ
440 831 638 893 παντὸς
670 831 748 900 τῷ
800 832 1045 886 δοκοῦντι
1081 834 1187 886 τῶν
1236 837 1432 907 ἱερέων
1485 839 1741 907 φρονήσει
1784 840 1879 891 καὶ

302 918 471 987 ἀρετῇ
507 920 780 988 προέχειν.
829 922 1029 975 Τοῦτον
1070 924 1126 976 δὲ
1174 924 1194 954 ⁶
1236 926 1733 995 προσαγορεύουσιν
1774 929 1876 998 ἀρ-

306 1009 516 1076 χιερέα,
562 1013 653 1063 καὶ
688 1012 1001 1081 νομίζουσιν
1032 1016 1212 1076 αὐτοῖς
1240 1015 1468 1081 ἄγγελον
1498 1017 1745 1085 γίνεσθαι
1771 1019 1878 1073 τῶν

304 1098 397 1149 τοῦ
434 1100 569 1151 Θεοῦ
604 1104 1059 1169 προσταγμάτων.
1100 1104 1302 1155 Τοῦτον
1343 1105 1400 1157 δὲ
1443 1108 1582 1160 κατά
1621 1110 1718 1171 τὰς
1757 1109 1880 1162 Ἐκ-

305 1191 536 1259 κλησίας
567 1195 661 1250 καὶ
694 1195 792 1259 τάς
835 1196 1002 1258 ἄλλας
1043 1197 1293 1261 συνόδους
1326 1199 1490 1268 φησὶν
1526 1201 1777 1271 ἐκφέρειν
1810 1203 1878 1255 τὰ

304 1286 829 1355 παραγγελλόμεναο
874 1291 970 1341 καὶ
1013 1289 1150 1358 πρὸς
1186 1290 1346 1342 τοῦτο
1390 1289 1450 1342 τὸ
1492 1291 1654 1362 μέρος
1705 1291 1878 1355 οὕτως

304 1374 549 1439 εύπιθεῖς
567 1378 585 1407 ⁷
615 1378 860 1444 γίνεσθαι
888 1380 1016 1443 τοὺς
1054 1380 1340 1444 Ἰουδαίους
1367 1380 1508 1434 ὥστε
1537 1384 1879 1453 παραχρῆμα

306 1465 605 1529 πίπτοντας
638 1468 732 1519 ἐπὶ
761 1469 861 1539 τὴν
899 1474 1002 1538 γῆν
1035 1472 1362 1539 προσκυνεῖν
1401 1471 1492 1523 τὸν
1537 1472 1745 1535 τούτοις
1783 1474 1878 1543 έρ-

310 1559 610 1627 μηνεύοντα
632 1562 910 1631 ἀρχιερέα.
942 1563 1398 1631 Προσγέγραπται
1427 1560 1544 1633 [621
1579 1561 1671 1633 Η.]
1702 1563 1757 1614 δὲ
1784 1565 1879 1617 καὶ

305 1653 418 1713 τοῖς
450 1652 632 1719 νόμοις
662 1654 753 1705 ἐπὶ
776 1654 873 1723 τῆς
903 1654 924 1684 ⁸
952 1654 1212 1723 τελευτῆς
1244 1656 1325 1706 ὅτι
1349 1653 1575 1718 Μωσῆς
1608 1655 1879 1721 ἀκούσας

302 1745 408 1798 τοῦ
441 1745 587 1799 Θεοῦ
630 1747 767 1801 τάδε
794 1751 954 1818 λέγει
991 1749 1117 1813 τοῖς
1164 1749 1487 1815 Ἰουδαίοις.
1554 1751 1879 1820 Ἐποιήσατο

300 1834 346 1886 δ’
374 1838 401 1887 ὀ
435 1838 730 1908 νομοθέτης
758 1840 866 1892 τῶν
894 1858 952 1893 τε
977 1842 1290 1911 πολεμικῶν
1313 1842 1491 1912 ἔργων
1522 1843 1722 1914 πολλὴν
1747 1846 1880 1915 πρό-

300 1942 471 1988 νοιαν,
510 1930 602 1981 καὶ
648 1933 771 1994 τοὺς
805 1932 960 1995 νέους
986 1933 1297 2003 ἠνάγκαζεν
1331 1935 1518 1988 ἀσκεῖν
1540 1935 1794 2006 ἀνδρείαν
1815 1952 1875 1987 τε

299 2019 394 2069 καὶ
433 2022 729 2088 καρτερίαν
759 2023 779 2054 ⁹
811 2026 904 2075 καὶ
934 2024 993 2075 τὸ
1017 2023 1235 2076 σύνολον
1261 2026 1541 2099 ὑπομονὴν
1569 2028 1750 2097 πάσης
1778 2046 1875 2081 κα-

297 2109 616 2174 κοπαθείας.
669 2113 937 2166 Ἑποιεῖτο
982 2114 1037 2167 δὲ
1073 2114 1168 2167 καὶ
1196 2118 1484 2184 στρατείας
1523 2121 1602 2180 εἰς
1634 2120 1703 2171 τὰ
1735 2119 1875 2189 πλη-

298 2202 537 2271 σιθχωρει
580 2204 688 2255 τῶν
739 2205 940 2269 ἐθνῶν.
998 2211 1089 2260 καὶ
1145 2209 1346 2278 πολλὴν
1386 2211 1873 2278 κατακτησάμενος

294 2289 481 2359 χώραν
505 2296 1002 2367 κατεκληρούχησε,
1024 2303 1137 2363 τοῖς
1162 2302 1262 2370 μὲν
1288 2301 1522 2364 ἰδιώταις
1543 2302 1691 2363 ἴσους
1716 2303 1873 2371 ποιή-

296 2398 395 2445 σας
440 2385 698 2454 κλήρους,
730 2392 841 2452 τοῖς
874 2391 930 2442 δὲ
970 2392 1176 2462 ἱερεῦσι
1216 2394 1489 2462 μείζονας,
1531 2393 1617 2445 ἵνα
1659 2393 1871 2462 λαμϐά-

1905 1900 1952 1959 Β

1979 657 2145 711 ditnm
2177 669 2261 713 est
2283 660 2333 711 in
2359 659 2462 712 ﬁne
2493 658 2628 730 legis
2654 677 2669 713 :
2706 659 2833 715 Ilwc
2868 659 3038 715 Moses
3059 660 3292 732 loquitur
3321 661 3552 724 Judwis,

1978 750 2217 802 obedieus
2265 749 2394 805 Deo.
2431 751 2679 821 Magnam
2711 753 2875 806 etiam
2921 752 3231 806 bellicarum
3260 752 3555 807 institutio-

1980 855 2104 892 num
2135 855 2319 894 curam
2358 842 2626 906 adhibuit,
2666 842 2997 910 iuvenesque
3030 844 3095 895 ad
3127 843 3466 898 tolerantiam
3499 851 3555 896 et

1978 926 2366 997 fortitudinem,
2407 940 2462 987 et
2511 934 2576 988 ad
2628 948 2845 988 omnem
2900 935 3162 988 malorum
3235 935 3549 1004 patientiam

1980 1021 2219 1074 exerceri
2253 1021 2441 1076 voluit.
2476 1022 2638 1077 Multa
2663 1040 2878 1094 quoque
2904 1036 3092 1079 contra
3122 1027 3301 1080 varios
3328 1026 3549 1094 populos

1978 1108 2116 1162 bella
2147 1110 2340 1177 gessit,
2384 1128 2742 1184 magnamque
2774 1116 3027 1183 subigens
3064 1124 3212 1168 sorte
3260 1130 3378 1169 eam
3410 1117 3550 1169 divi-

1979 1200 2051 1254 sit
2077 1218 2091 1267 ;
2123 1202 2356 1270 mquales
2380 1204 2572 1272 papulo
2598 1206 2891 1274 portiones,
2918 1208 3292 1260 sacerdotibus
3318 1207 3552 1272 majores

1979 1293 2312 1361 assignavit:
2346 1305 2404 1347 ut
2436 1296 2649 1350 latiores
2688 1297 2944 1351 terminos
2980 1299 3338 1366 possidentes,
3375 1298 3553 1350 conti—

1981 1393 2171 1437 nenter
2195 1386 2312 1439 sine
2353 1386 2460 1439 ulla
2498 1387 2741 1441 molestia
2777 1388 2869 1441 Dei
2905 1388 3190 1442 sacriﬁciis
3218 1402 3555 1455 ochparen-

1981 1484 2087 1529 tur.
2138 1474 2250 1531 Nec
2296 1478 2457 1531 etiam
2494 1478 2698 1533 licitum
2736 1490 2852 1534 erat
2899 1479 3227 1550 pauperibus
3275 1479 3557 1547 portiones

1981 1569 2227 1636 proprias
2258 1569 2564 1635 (liveudere,
2592 1585 2656 1625 ne
2680 1571 2845 1640 aliqui
2874 1587 2968 1638 per
2994 1572 3276 1624 avaritiam
3299 1585 3554 1624 coemen-

1983 1670 2062 1714 tes
2098 1661 2283 1729 inopes
2329 1662 2648 1725 excludant,
2690 1673 2745 1716 et
2787 1663 2837 1715 in
2870 1678 3037 1715 causa
3084 1664 3276 1716 sintut
3323 1662 3552 1730 populus

1980 1750 2277 1802 minuatur.
2313 1747 2371 1801 In
2413 1750 2630 1815 regione
2671 1764 2867 1816 pueros
2912 1750 2979 1801 ali
3018 1750 3204 1812 voluit,
3238 1751 3326 1818 qni
3359 1750 3554 1817 exiguo

1981 1847 2195 1905 sumptu
2227 1838 2527 1899 alebantur,
2563 1848 2616 1891 et
2664 1838 2782 1891 ideo
2812 1840 3028 1906 copiosa
3070 1848 3123 1893 et
3149 1838 3375 1892 fecunda
3406 1853 3553 1892 sem-

1983 1944 2077 1995 per
2113 1926 2418 1982 .ludzeorum
2474 1929 2619 1981 natio
2668 1929 2893 1981 exstitit.
2961 1927 3163 1981 Diversi
3214 1942 3431 1997 quoque
3484 1928 3554 1981 ab

1982 2021 2101 2074 aliis
2140 2022 2191 2074 in
2232 2020 2437 2089 nuptiis
2480 2029 2535 2073 et
2586 2019 2878 2087 sepulturis
2918 2018 3155 2073 fuerunt.
3199 2018 3302 2073 Sed
3333 2025 3557 2088 propter

1982 2113 2323 2168 accessiones
2347 2125 2465 2181 quae
2486 2121 2672 2180 postea
2700 2124 2730 2163 e
2752 2110 2933 2164 multis
2954 2110 3196 2165 victoriis
3218 2110 3552 2172 acciderunt.

1983 2203 2302 2258 monarcbia
2332 2211 2524 2270 quarta
2560 2200 2773 2256 scilicet
2805 2199 3118 2265 Persarum,
3142 2210 3196 2255 et
3224 2199 3416 2254 deinde
3438 2200 3556 2252 Ma.

1982 2298 2270 2360 cedonnm,
2309 2294 2474 2349 multa
2517 2292 2709 2363 patriis
2736 2290 3042 2347 Judzeorum
3077 2291 3338 2347 institutis
3373 2292 3557 2346 deces-

1982 2401 2187 2447 serum.

296 2494 475 2538 νοντες
528 2478 957 2549 ἀξιολογωτέρας
992 2484 1285 2553 προσόδους
1351 2484 1754 2556 ἀπερίσπαστοι
1826 2486 2062 2556 συνεχῶς
2109 2480 2510 2554 προσεδρεύωσι
2558 2480 2602 2511 ¹⁰
2650 2480 2772 2541 ταῖς
2837 2475 2932 2529 τοῦ
2983 2475 3118 2529 Θεοῦ
3196 2476 3401 2546 τιμαῖς.
3446 2475 3559 2527 Οὐκ

295 2566 422 2635 ἐξῆν
452 2567 507 2619 δὲ
541 2570 580 2600 ίί
607 2572 713 2633 τοῖς
740 2570 976 2636 ἰδιώταις
1005 2575 1132 2636 τοὺς
1174 2574 1333 2638 ἰδίους
1378 2576 1611 2645 κλήρους
1637 2576 1860 2641 πωλεῖν,
1899 2578 2046 2638 ὅπως
2082 2575 2155 2643 μή
2180 2589 2325 2634 τινες
2354 2570 2446 2623 διὰ
2494 2567 2806 2633 πλεονεξίαν
2829 2567 3189 2637 ἀγοράζοντες
3243 2566 3371 2628 τοὺς
3428 2566 3560 2637 κλή-

297 2677 424 2729 ρους
473 2661 761 2715 ἑκθλίϐωσι
809 2667 935 2728 τοὺς
969 2667 1357 2737 ἀπορωτέρους
1413 2667 1508 2720 καὶ
1583 2668 2067 2732 κατασκευάζωσιν
2109 2664 2470 2733 ὀλιγανδρίαν.
2521 2662 2912 2731 Τεκνοτροφεῖν
2969 2677 3029 2712 τε
3093 2659 3368 2729 ἠνάγκαζε
3435 2660 3561 2722 τοὺς

293 2756 388 2809 ἐπὶ
442 2758 539 2826 τῆς
601 2756 821 2828 χώρας’
884 2762 979 2813 καὶ
1044 2763 1112 2814 δι’
1181 2763 1365 2833 ὀλίγης
1437 2764 1685 2833 δαπάνης
1755 2763 2174 2833 ὲκτρεφομένων
2222 2761 2333 2815 τῶν
2397 2759 2609 2830 βρεφῶν
2668 2758 2757 2810 ἀεὶ
2800 2758 2862 2811 τὸ
2913 2756 3067 2825 γένος
3137 2756 3248 2808 τῶν
3289 2755 3561 2809 Ἰουδαίων

293 2848 509 2919 ὑπῆρχε
554 2849 997 2921 πολυάνθρωπον.
1047 2854 1157 2906 Καὶ
1195 2855 1261 2907 τὰ
1303 2854 1435 2924 περὶ
1473 2856 1601 2918 τοὺς
1655 2855 1864 2924 γάμους
1903 2854 1960 2907 δὲ
1988 2854 2082 2907 καὶ
2117 2853 2214 2916 τὰς
2247 2851 2357 2905 τῶν
2404 2849 2782 2904 τελευτώντων
2811 2848 2987 2917 ταφὰς
3052 2846 3189 2899 πολὺ
3251 2845 3313 2898 τὸ
3352 2847 3563 2917 παρηλ-

292 2942 562 3012 λαγμένον
602 2944 747 3014 ἔχειν
789 2948 830 2977 ³³
863 2946 1084 3016 ἐποίησε
1122 2947 1329 3017 νόμιμα
1368 2949 1504 3018 πρὸς
1536 2950 1604 3002 τὰ
1658 2950 1767 3001 τῶν
1797 2948 1972 3001 ἄλλων
2015 2947 2335 3017 ἀνθρώπων.
2401 2945 2558 2999 Κατὰ
2622 2943 2680 2996 δὲ
2719 2943 2818 3007 τὰς
2882 2943 3107 3014 ὕστερον
3183 2939 3481 3010 γενομένας
3517 2943 3561 2974 ¹³

294 3037 651 3105 ἐπικρατείας
697 3039 760 3089 ὲκ
796 3037 895 3105 τῆς
937 3038 1045 3089 τῶν
1075 3039 1387 3106 ἀλλοφύλων
1431 3040 1737 3110 ἐπιμιξίας,
1783 3042 1875 3093 ἐπὶ
1914 3041 2182 3110 τετάρτης
2212 3039 2255 3071 ¹⁸
2282 3038 2392 3092 τῶν
2417 3036 2643 3108 Περσῶν
2679 3036 2979 3106 ἡγεμονίας
3014 3034 3113 3089 καὶ
3178 3035 3286 3089 τῶν
3353 3034 3560 3105 ταύτην

294 3129 716 3181 καταλυσάντων
746 3130 1090 3197 Μακεδόνων,
1124 3131 1295 3185 πολλὰ
1342 3133 1450 3186 τῶν
1490 3135 1733 3204 πατρίων
1759 3137 1872 3194 τοῖς
1921 3132 2195 3196 Ἰουδαίοις
2221 3132 2468 3202 νομίμων
2495 3130 2742 3202 ἐκινήθη.

365 3218 521 3271 Οὖτω
578 3220 677 3288 μὲν
731 3221 1011 3275 κάνταῦθά
1065 3240 1197 3292 φησι
1250 3226 1378 3294 περὶ
1410 3225 1517 3277 τῶν
1544 3227 1696 3295 παρὰ
1738 3224 1871 3278 Ἰου-

2051 3224 2209 3293 381,
2249 3240 2281 3277 a
2328 3223 2402 3277 lta
2440 3224 2527 3276 hic
2551 3221 2617 3275 de
2652 3218 2893 3274 moribus
2932 3228 2987 3273 et
3021 3219 3229 3288 legibus
3265 3219 3558 3288 majorum,

296 3310 465 3374 δαίοις
516 3314 713 3365 ἑθῶν¹⁸
740 3332 798 3367 τε
832 3316 925 3367 καῖ⁸
955 3317 1223 3386 νομίμων.
1255 3320 1349 3371 καὶ
1372 3319 1548 3371 αὐτῶν
1572 3320 1613 3349 ¹⁶
1647 3320 1873 3371 ἐκείνων

1985 3326 2032 3370 et
2076 3317 2317 3369 discessu
2363 3329 2552 3368 eorum
2588 3328 2655 3367 ex
2686 3310 2943 3382 A‘ngpto,
2987 3313 3160 3380 deque
3196 3326 3354 3364 sacro
3382 3310 3548 3375 Moss,

296 3403 395 3471 τῆς
419 3403 477 3467 ἐξ
504 3403 781 3470 Αἰγύπτου
835 3406 1179 3477 ἀπαλλαγῆς,
1232 3408 1325 3458 καὶ
1380 3408 1474 3460 τοῦ
1529 3407 1678 3460 θείου
1713 3408 1879 3461 Μωῦ-

300 3494 459 3557 σέως,
488 3494 826 3564 ψευδολογῶν
855 3498 922 3550 τὰ
956 3498 1206 3561 πλεῖστα,
1237 3499 1333 3551 καὶ
1360 3499 1706 3569 διερχόμενος
1743 3500 1879 3569 πρὸς

298 3586 424 3646 τοὺς
472 3586 726 3656 ἐλέγχους
792 3588 954 3641 πάλιν
978 3582 1052 3642 ὧν
1075 3589 1450 3658 κατεψεύσατο
1477 3591 1574 3659 τῆς
1600 3590 1879 3660 ἀληθείας,

301 3676 648 3748 ἀναχώρησιν
698 3678 877 3749 ἑαυτῷ
923 3680 1407 3753 μεθοδευσάμενος,
1440 3681 1520 3745 είς
1570 3682 1757 3751 ἕτερον
1786 3681 1881 3733 καὶ

304 3767 400 3821 νῦν
421 3769 681 3840 ἀναφέρει
710 3770 820 3822 τῶν
859 3773 1167 3843 εἰρημένων
1213 3774 1314 3845 τὴν
1366 3773 1725 3844 παριστορίαν
1753 3788 1766 3800 ⁶
1796 3774 1885 3825 ἐπ-

306 3852 429 3924 άγει
462 3858 571 3929 γὰρ
596 3876 610 3890 ο
633 3861 770 3927 Περὶ
814 3861 933 3930 μὲν
985 3861 1103 3916 τῶν
1150 3864 1454 3919 Ἰουδαίων
1514 3864 1820 3928 Ἑκαταῖος
1850 3866 1884 3916 ό

308 3948 607 4019 Μιλήσιος
644 3953 831 4007 ταῦτα
856 3957 1195 4024 ίστόρηκεν.

887 4047 987 4099 Ἐκ
1017 4047 1124 4100 τοῦ
1153 4046 1251 4116 μη¹
1266 4049 1328 4100 ¹⁷.

378 4132 501 4185 ’Ὀτι
539 4133 806 4201 ὃλέγεται
841 4136 1224 4205 συνενεχθῆναι
1255 4137 1425 4190 αἴτιον
1456 4137 1686 4191 θανάτου
1736 4140 1891 4208 παρά

305 4239 465 4275 τινων
507 4223 746 4295 Ἰοὸιανῷ
795 4225 873 4295 τῷ
926 4224 1170 4293 βασιλεῖ,
1219 4226 1280 4278 τὸ
1330 4226 1803 4297 κατακοιμηθῆναι
1831 4227 1889 4278 ὲν

305 4311 441 4376 οῖκῳ
479 4316 673 4368 νεωστὶ
699 4316 1095 4387 κεκονιαμένῳ,
1162 4318 1299 4387 πυρὶ
1331 4317 1386 4369 δὲ
1419 4318 1508 4370 διὰ
1538 4319 1659 4389 τὴν
1729 4317 1889 4386 ψύξιν

308 4402 831 4477 ὑποθερμαινομένῳ
870 4409 962 4462 καὶ
1012 4409 1219 4479 ἀτμοὺς
1275 4410 1491 4477 ἀφιέντι
1531 4410 1659 4473 τοὺς
1695 4412 1758 4462 ὲκ
1791 4411 1892 4480 τῆς

309 4498 693 4568 νενοτισμένης
723 4502 926 4566 κονίας,
961 4500 1122 4553 τοῦτο
1185 4502 1377 4554 ἑκόντα
1410 4502 1661 4556 ὑπελθεῖν
1689 4505 1894 4573 ἱστορεῖ

309 4587 571 4658 Διόδωρος
620 4590 829 4642 Κάτλον
854 4592 895 4623 ¹⁸
926 4591 1066 4644 κατὰ
1117 4592 1241 4653 τοὺς
1298 4590 1475 4660 πολλῷ
1504 4592 1893 4661 παλαιοτέρους

1986 3409 2037 3459 in
2076 3407 2256 3460 multis
2305 3407 2595 3470 mentitur,
2634 3405 2865 3474 plurima
2912 3404 3077 3458 etiam
3117 3419 3220 3456 non
3260 3405 3557 3469 attingens.

1985 3499 2040 3552 In
2093 3497 2533 3563 accusationibus
2590 3511 2725 3564 quas
2766 3505 2956 3550 contra
2998 3495 3281 3548 veritatem
3334 3493 3562 3562 profert,

1985 3591 2236 3654 deﬂectit,
2271 3590 2336 3643 ad
2369 3590 2536 3643 alium
2580 3589 2849 3645 dictorum
2884 3588 3252 3642 narrationem
3296 3586 3562 3641 referens.

1988 3677 2182 3734 Subdit
2212 3678 2355 3731 enim
2385 3680 2568 3732 statim
2599 3696 2615 3733 :
2657 3676 2785 3733 Han:
2810 3677 2874 3731 de
2902 3676 3109 3731 Juda't's
3143 3675 3422 3731 Hecataeus
3452 3673 3563 3730 Mi-

1989 3772 2144 3825 lesius
2173 3770 2394 3824 tradidit
2418 3768 2547 3841 (59).

2336 4033 2380 4087 E
2412 4033 2545 4088 libro
2583 4032 2987 4102 quadragesimo
3027 4042 3227 4084 octavo.

2064 4128 2193 4193 Quae
2210 4124 2438 4180 Joviano
2463 4124 2773 4192 imperatori
2800 4122 2868 4177 ab
2890 4122 3162 4191 aliquibus
3190 4120 3381 4176 mortis
3402 4135 3564 4176 causa

1994 4219 2163 4274 fuisse
2200 4204 2458 4282 traditur,
2497 4224 2555 4270 ut
2610 4215 2815 4270 scilicet
2871 4213 3148 4268 dormiens
3185 4214 3235 4266 in
3289 4213 3449 4267 domo
3480 4228 3564 4267 re-

1993 4329 2120 4369 cens
2159 4314 2418 4378 inalbata,
2464 4321 2520 4366 et
2562 4312 2684 4380 igne
2730 4317 2948 4379 propter
2990 4310 3270 4361 humorem
3305 4307 3561 4368 excitato,

1995 4406 2285 4476 vaporibus
2329 4420 2361 4458 e
2396 4402 2609 4458 madida
2643 4400 2790 4456 calce
2837 4397 3232 4469 prodeuntibus
3268 4395 3568 4451 exstinctus

1995 4497 2067 4551 sit
2091 4496 2225 4567 (60),
2268 4497 2411 4550 hanc
2451 4506 2644 4563 sponte
2687 4494 2938 4549 Catulum
2982 4494 3215 4548 subiisse
3256 4490 3416 4560 longo
3445 4498 3571 4543 ante

1997 4598 2239 4658 tempore
2274 4597 2462 4641 narrat
2498 4587 2800 4650 Diodorus;
2846 4601 2971 4639 nam
3012 4587 3063 4639 in
3103 4585 3241 4639 libro
3268 4583 3571 4652 quadrage-

312 4680 555 4748 χρόνους.
596 4682 736 4748 Φησὶ
780 4682 887 4751 γὰρ
918 4684 975 4735 ἐν
1002 4688 1090 4752 μη⁰
1134 4682 1280 4751 λόγῳ
1304 4681 1439 4750 πρὸς
1468 4684 1533 4751 τῇ
1565 4684 1706 4751 ἀρχῇ
1731 4683 1814 4734 ὅτι
1837 4681 1881 4733 oi

1994 4682 2131 4734 simo
2167 4688 2380 4742 octavo,
2415 4679 2592 4741 initio,
2632 4678 2744 4731 haec
2777 4677 2959 4730 habet.
2994 4674 3223 4728 Cinnani
3251 4682 3307 4728 et
3342 4671 3566 4726 Mariani

314 4771 440 4838 περὶ
473 4772 564 4822 τὸν
611 4774 809 4825 Κίνναν
865 4774 959 4826 καὶ
1002 4773 1210 4842 Μάριον
1269 4771 1722 4842 συνεδρεύσαντες
1755 4771 1893 4841 μετά

310 4861 419 4913 τῶν
472 4864 916 4931 ἐπιφανεστάτων
982 4866 1261 4935 ἡγεμόνων
1333 4863 1681 4916 ἐϐουλεύοντο
1742 4863 1889 4927 ὅπως

315 4952 548 5023 βεϐαίως
617 4960 999 5027 καταστήσωσι
1046 4958 1145 5029 τὴν
1204 4957 1463 5026 εἰρήνηνο
1520 4956 1674 5018 τέλος
1712 4954 1889 5021 ἔδοξεν

314 5044 500 5110 αὐτοῖς
544 5048 669 5111 τοὺς
714 5049 1180 5116 ἐπιφανεστάτους
1236 5048 1346 5101 τῶν
1372 5046 1584 5116 ἐχθρῶν
1609 5046 1705 5099 καὶ
1729 5045 1888 5099 δυνα-

2002 4770 2283 4824 consilium
2313 4769 2550 4823 inierunt
2577 4783 2699 4822 cum
2734 4766 3200 4837 praestantissimis
3240 4763 3486 4829 ducibus,
3514 4773 3571 4816 ut

2002 4862 2153 4915 ﬁrma
2187 4862 2236 4913 in
2265 4875 2396 4928 pace
2421 4842 2684 4923 viverent,
2715 4868 2771 4911 et
2807 4858 3021 4912 tandem
3055 4856 3127 4909 ita
3152 4856 3556 4916 coneluserunt,

2000 4961 2058 5005 ut
2092 4951 2431 5004 inimicorum
2468 4950 2800 5004 clarissimos
2842 4962 3117 5018 quosque,
3146 4956 3201 5002 et
3240 4948 3306 5001 de
3341 4946 3570 5013 imperio

1996 5040 2323 5094 contendere
2368 5038 2607 5093 valentes
2641 5037 3042 5103 interﬁcerent,
3090 5044 3149 5090 ut
3184 5035 3392 5091 scilicet
3434 5049 3568 5104 pura

1592 5180 1827 5237 VARIIE
1867 5179 2276 5237 LECTIONES.

402 5317 488 5374 ’δὲ
522 5323 645 5379 add.
677 5326 739 5378 A.
817 5324 1120 5386 τεύπειθεῖς
1160 5343 1219 5388 ς.
1321 5324 1343 5352 ⁸
1374 5324 1471 5392 τῆς
1501 5338 1609 5377 om.
1645 5323 1711 5377 A.
1787 5324 1807 5355 ’
1836 5319 2133 5391 καρτερίαν
2157 5338 2218 5373 τε
2235 5321 2595 5392 καὶάνδρείαν
2635 5321 2826 5375 ἀσκεῖν
2848 5340 2909 5386 ς.
2987 5324 3169 5390 πάσης
3196 5322 3476 5392 ὑπομονὴν
3504 5341 3568 5386 ς.

321 5392 367 5464 μ’
394 5393 796 5463 προσεδρεύωσι
824 5393 864 5445 Β
891 5412 901 5445 :
931 5393 1367 5464 προσεδρεύσωσι
1400 5390 1479 5464 g.
1542 5394 1582 5464 ’f
1604 5392 1662 5464 δὲ
1695 5390 2025 5464 οῐη-ηριιέΑζ
2149 5392 2192 5424 ¹¹
2230 5391 2373 5464 έχειν
2403 5390 2511 5464 om.
2545 5390 2602 5445 Β.
2688 5392 2757 5464 _'§
2779 5392 3103 5464 γενομένας]
3138 5390 3483 5464 ἐγνωσμένοις
3513 5392 3576 5464 Β.

321 5460 682 5535 ίξτετάρτης]
709 5465 893 5535 malim
914 5460 1117 5535 τετῇς.
1138 5460 1164 5535 '_
1196 5464 1420 5535 ξξ-παρᾲ
1445 5462 1718 5525 Ἰουδαίοις
1917 5461 1958 5514 Β
1978 5471 2032 5514 et
2058 5475 2200 5515 corr.
2232 5461 2300 5526 A,
2329 5462 2538 5535 (μιῇ-μγ.
2561 5460 2713 5531 παρὰ
2742 5460 2928 5535 ὲθῶνῃξ
2960 5460 3214 5535 παρεθῶν
3246 5460 3330 5527 ς(
3388 5462 3434 5494 ⁸⁸
3473 5462 3578 5516 αὐ-

322 5530 453 5602 τῶνΙ
479 5530 568 5590 an.
600 5530 816 5603 αὐτῆςῖ
870 5534 911 5565 ¹⁷
946 5530 1062 5606 μη’]
1086 5532 1165 5603 λη’
1195 5530 1590 5603 Wesselingius
1626 5541 1747 5601 post
1777 5531 2256 5585 thodomannum.
2335 5531 2379 5565 ³⁸
2405 5531 2615 5585 Κάτλον
2644 5530 2765 5599 post
2792 5531 3016 5601 χρόνους
3042 5530 3190 5601 ponit
3221 5549 3284 5596 ς.

1841 5642 2073 5697 NOTAE.

397 5765 509 5834 (59)
541 5764 678 5819 Vide
696 5762 993 5832 Josephum
1020 5762 1118 5834 lib.
1151 5763 1407 5834 Adversus
1429 5761 1741 5834 Appiouetn.

425 5827 516 5903 60⁷)
542 5835 598 5889 1η
633 5827 878 5905 Epitouia
904 5834 1049 5887 Sexti
1074 5833 1276 5905 Aurelii
1308 5827 1557 5905 Victoris.
1588 5848 1607 5881 t
1647 5829 1747 5905 llic
1771 5827 1899 5905 dum

2010 5838 2265 5899 gravatus
2302 5840 2471 5895 esset,
2506 5838 2727 5899 repente
2754 5829 2980 5883 interiit.
3018 5846 3037 5877 ι

332 5919 365 5961 a
393 5897 613 5961 Perside
637 5897 813 5961 hieme
862 5918 1052 5974 aspera
1079 5904 1363 5973 mediaque
1378 5897 1902 5969 Constantinopolim

2012 5761 2309 5825 accelerat,
2353 5759 2622 5814 cruditate
2658 5758 2922 5813 stomachi
2968 5758 3193 5812 tectorio
3230 5756 3354 5812 novi
3396 5750 3587 5825 oper!)
3668 5774 3671 5777 ‘
