4050 6400
567 393 703 458 1395

1694 399 1953 465 ΡΗΟΤΙΙ
1994 398 2501 459 ΡΑΤΒΙΑΒΕΗᾹΞ
2547 400 2657 458 CP.

3698 392 3834 457 1396

567 509 804 565 factione
832 522 1019 563 eorum
1046 508 1274 579 reddita,
1305 508 1518 580 reliquo
1544 518 1807 579 tempore,
1835 519 1893 563 ut
1918 509 2127 575 vellem,

2248 507 2446 578 μένους
2504 506 2920 577 ἀμφισϐητῆσαι
2969 509 3312 578 πραγμάτων
3351 511 3395 543 ’⁸
3430 510 3641 572 πάντας
3695 510 3831 563 ἀπο-

565 602 685 657 sine
722 601 919 656 timore
944 615 1067 656 cum
1103 601 1296 657 amicis
1332 603 1444 657 suis
1485 603 1870 672 rempublicam
1908 602 2140 655 admini-

564 699 823 748 strarent.
859 691 1037 760 Quare
1076 696 1264 747 statim
1290 703 1477 764 pactas
1515 694 1859 749 conditiones
1888 702 1941 747 et
1983 693 2139 747 ﬁdem

567 782 952 849 neglexerunt,
1003 791 1056 836 et
1097 785 1272 838 caules
1314 784 1795 839 condcmnatorum
1829 785 2047 850 impune
2086 793 2142 835 et

565 872 767 942 ubique
799 874 952 928 factae
988 890 1135 931 Sttltt.
1175 875 1406 942 Quintus
1445 892 1575 931 vero
1607 876 1853 931 Lutatius
1893 875 2137 940 Catulus,

564 965 657 1035 qui
680 966 1043 1023 clarissimum
1072 969 1138 1024 de
1165 969 1405 1025 Cimbris
1435 969 1768 1039 triumphum
1800 980 2005 1039 egerat,
2050 984 2141 1037 p0-

564 1058 692 1125 pulo
740 1060 892 1129 prius
946 1061 1301 1116 charissimus
1348 1078 1375 1115 a
1420 1062 1653 1130 quodam
1706 1063 1923 1115 tribuno
1972 1060 2140 1129 plebis

563 1150 707 1217 apud
752 1151 1008 1220 populum
1055 1168 1180 1208 reus
1211 1157 1402 1207 mortis
1448 1154 1622 1208 factus
1665 1165 1787 1209 est:
1820 1169 1989 1220 quare
2025 1167 2138 1205 me-

564 1245 726 1294 tuens
761 1241 1053 1309 pcriculum
1094 1258 1159 1297 ex
1202 1244 1571 1307 accusatione,
1613 1257 1954 1311 speransque
1992 1243 2141 1295 anxi-

561 1327 691 1383 lium
735 1332 949 1398 aliquod
995 1333 1059 1387 ad
1102 1333 1327 1388 Marium
1376 1350 1434 1389 se
1486 1335 1749 1389 contulit:
1798 1335 1915 1402 ipse
1958 1342 2136 1386 autem

561 1431 721 1477 antea
773 1426 981 1480 amicus
1033 1426 1180 1495 ejus,
1229 1440 1353 1482 tune
1405 1434 1581 1482 elatus
1618 1428 1905 1494 superbia,
1958 1426 2139 1479 secius

560 1527 685 1581 erga
727 1529 847 1567 eum
881 1515 1104 1571 allectus
1138 1530 1240 1580 est,
1285 1520 1597 1588 nullumque
1626 1518 1769 1570 aliud
1819 1533 2134 1585 responsum

558 1601 705 1655 dedit
746 1604 877 1667 nisi,
922 1604 1256 1660 Moriendum
1295 1620 1392 1663 est.
1438 1609 1655 1661 Catulus
1700 1623 1824 1660 vero
1858 1608 2133 1672 desperata

556 1692 730 1747 salute
752 1710 1048 1764 properans
1078 1701 1196 1752 sine
1228 1700 1420 1769 injuria
1449 1701 1611 1751 vitam
1679 1700 1991 1757 terminare,
2050 1710 2135 1747 se-

556 1780 734 1848 ipsum
775 1784 883 1837 vita
928 1787 1178 1853 privavit,
1213 1788 1373 1857 idque
1422 1804 1559 1841 novo
1589 1798 1640 1841 et
1672 1787 1930 1840 inusitato
1959 1800 2129 1848 more,

2240 599 2466 663 κτεῖναι,
2487 596 2651 668 [1156
2671 594 2767 667 [1.]
2790 597 2938 661 ὅπως
2960 597 3208 668 καθαρᾶς
3228 598 3529 668 γενομένης
3557 598 3663 668 τῆς
3696 599 3834 662 ἰδίας

2241 688 2507 756 αἱρέσεως
2557 687 2654 741 καὶ
2711 688 2929 757 μερίδος
2984 689 3158 751 ἀδεῶς
3189 688 3250 740 τὸ
3276 688 3486 754 λοιπὸν,
3515 690 3617 743 καὶ
3645 688 3725 751 ὡς
3766 690 3830 742 ἂν

2252 777 2573 847 βούλωνται,
2598 779 2737 848 μετὰ
2760 779 2867 832 τῶν
2897 780 3066 848 φίλων
3106 779 3352 832 διοικῶσι
3384 781 3430 812 ²⁰
3453 781 3523 834 τά
3548 780 3697 834 κατὰ
3734 781 3830 851 τὴν

2241 871 2562 941 ἡγεμονίαν.
2621 870 2795 933 Εὐθὺς
2826 866 2919 923 οῦν
2970 871 3080 924 τῶν
3109 873 3205 941 μὲν
3228 872 3618 942 γεγενημένων
3646 871 3831 924 συνθέ.

2243 979 2382 1016 σεων
2418 964 2513 1015 καὶ
2563 963 2797 1015 πίστεων
2860 963 3166 1031 ἠμέλησαν,
3220 964 3636 1033 σφαγαὶδὲτῶν
3658 981 3828 1017 κατα-

2240 1054 2623 1128 ψηφισθέντων
2653 1054 2837 1117 αὐτοῖς
2869 1055 3086 1124 ἄκριτοι
3108 1056 3205 1109 καὶ
3234 1056 3515 1125 πανταχοῦ
3562 1055 3825 1122 ἐγίνοντο.

2240 1150 2468 1211 Κόϊντος
2523 1145 2649 1216 [622
2681 1146 2774 1215 H.|
2818 1146 2875 1199 δὲ
2908 1147 3202 1211 Λουτάτιος
3222 1150 3251 1201 ὁ
3278 1148 3515 1212 Κάτλος,
3558 1148 3827 1217 τεθριαμ-

2241 1239 2452 1301 ϐευκὼς
2513 1238 2609 1307 μὲν
2649 1239 2937 1306 ἐπισήμως
2975 1238 3082 1292 ἀπὸ
3126 1238 3415 1309 Κίμϐρων,
3454 1237 3827 1307 ἀγαπώμενος

2238 1331 2294 1384 δὲ
2313 1330 2417 1383 ὑπὸ
2438 1329 2546 1382 τῶν
2595 1328 2831 1381 πολιτῶν
2857 1330 3258 1400 περιττότερον,
3293 1330 3399 1383 ὑπό
3428 1346 3581 1392 τινος
3608 1329 3823 1399 δημάρ-

2238 1440 2335 1493 χου
2392 1421 2726 1491 κατηγορίας
2774 1422 3074 1491 ἐτύγχανεν
3131 1422 3190 1476 ἐν
3239 1421 3316 1491 τῷ
3361 1423 3523 1493 δήμῳ
3571 1421 3821 1475 θανάτου.

2237 1514 2573 1584 Φοϐούμενος
2609 1513 2665 1566 δὲ
2692 1514 2781 1566 τὸν
2810 1514 2873 1565 ὲκ
2892 1514 2991 1581 τῆς
3018 1513 3391 1582 συκοφαντίας
3414 1514 3671 1566 κίνδυνον
3698 1507 3829 1582 ἧκεν

2238 1610 2317 1670 είς
2365 1606 2456 1658 τὸν
2483 1605 2716 1675 Μάριον,
2774 1605 3028 1672 δεόμενος
3061 1610 3244 1675 τυχεῖν
3272 1605 3552 1675 βοηθείας.
3603 1606 3666 1657 Ὀ
3686 1604 3744 1658 δὲ
3769 1605 3824 1657 τὸ

2241 1698 2339 1767 μὲν
2386 1696 2695 1767 ἔμπροσθεν
2722 1696 2963 1762 ἐγεγόνει
2998 1695 3172 1761 φίλος,
3198 1695 3317 1747 τότε
3350 1694 3395 1746 δ’
3425 1694 3489 1747 ἐκ
3514 1710 3669 1755 τινος
3699 1693 3825 1745 ὁποι

2236 1785 2366 1854 ψίας
2389 1784 2685 1854 ἀλλοτρίως
2709 1784 2847 1854 ἔχων
2878 1785 3009 1854 πρὸς
3039 1784 3202 1839 αὑτὸν
3218 1783 3379 1837 τοῦτο
3398 1785 3569 1854 μόνον
3590 1784 3823 1854 ἀπεκρί-

553 1885 676 1925 nam
704 1873 987 1931 includens
1019 1879 1254 1947 seipsnnt
1282 1879 1332 1931 in
1358 1881 1515 1933 domo
1550 1894 1737 1932 recens
1767 1878 2033 1940 dealbata,
2073 1884 2127 1929 et

2235 1879 2296 1947 θη
2326 1916 2340 1942 ,
2378 1876 2592 1931 Θανεῖν
2643 1875 2750 1929 δεῖ.
2803 1875 2912 1927 Ka‘t
2938 1874 3200 1938 όΚάτλος
3257 1876 3536 1945 ἀπογνοὺς
3589 1875 3691 1945 μὲν
3732 1876 3825 1939 τὰς

551 1978 803 2033 Vaporem
840 1983 870 2021 e
901 1969 1046 2023 calce
1089 1971 1210 2037 igne
1247 1980 1302 2025 et
1335 1972 1479 2025 fnum
1511 1972 1785 2033 enitans,
1824 1969 2124 2038 reSpirandi

552 2057 807 2114 facultate
840 2061 1127 2130 impeditus
1164 2065 1465 2117 exstinctus
1496 2074 1602 2117 e~t.

2233 1968 2331 2036 τῆς
2358 1967 2401 1998 ’ί
2429 1966 2703 2034 σωτηρίας
2740 1964 2982 2028 ἐλπίδας.
3038 1964 3284 2018 σπεύδων
3315 1966 3372 2019 δὲ
3396 1966 3573 2037 χωρὶς
3617 1964 3823 2037 ὕϐρεως

2237 2057 2612 2128 καταστρέψαι
2655 2058 2749 2109 τὸν
2784 2056 2922 2125 βίον,
2965 2058 3157 2110 ἑαυτὸν
3207 2056 3301 2110 τοῦ
3335 2057 3437 2128 ζῇν
3489 2059 3822 2128 μετέστησεν

553 2150 669 2221 ἰδίῳ
717 2155 827 2206 τινὶ
886 2156 980 2208 καί
1030 2156 1472 2229 παρηλλαγμένῳ
1534 2160 1743 2229 τρόπῳ.
1798 2162 2130 2231 Συγκλείσας
2169 2166 2363 2217 ἑαυτὸν
2407 2164 2484 2224 είς
2542 2157 2688 2214 οἷκον
2717 2160 3054 2229 νεόχριστον,
3100 2160 3195 2213 καὶ
3220 2160 3318 2230 τὴν
3345 2160 3409 2212 ὲκ
3468 2160 3575 2228 τῆς
3645 2161 3821 2221 κονίας

546 2242 827 2314 ἀναφορὰν
863 2248 998 2316 πυρὶ
1033 2249 1129 2300 καὶ
1162 2250 1353 2319 καπνῷ
1394 2251 1755 2323 συναυξήσας,
1782 2258 1847 2325 τῇ
1882 2256 1979 2323 τῆς
2007 2256 2282 2325 ἀναπνοῆς
2309 2254 2486 2323 φθορᾷ
2512 2252 2841 2321 περιπνιγὴς
2860 2254 2905 2283 ’³
2937 2250 3229 2319 γενόμενος
3264 2250 3605 2321 ἀπήλλαξεν.

1034 2336 1117 2390 Ea:
1149 2340 1411 2393 tricesimo
1443 2344 1631 2409 primo.

617 2425 746 2481 Haec
770 2427 893 2480 dum
926 2437 1204 2496 geruntur,
1238 2429 1464 2485 Romam
1508 2432 1705 2503 331!)
1736 2450 1933 2492 venere
1963 2437 2122 2509 legati

546 2517 920 2585 Rhodiorum,
961 2522 1029 2575 ad
1068 2520 1319 2577 diluenda
1378 2525 1572 2594 quibus
1618 2528 1863 2595 impediti
1912 2529 2127 2586 fuerant

544 2609 802 2665 crimina.
837 2608 1169 2666 Videbantur
1200 2614 1343 2668 enim
1391 2616 1441 2669 in
1485 2616 1647 2681 bello,
1691 2621 1834 2688 quod
1863 2622 2126 2678 adversus

542 2700 803 2757 Perseum
827 2712 1039 2773 gestum
1064 2715 1168 2771 est,
1196 2706 1395 2763 animis
1415 2709 1481 2762 ad
1518 2725 1698 2780 regem
1733 2712 2045 2780 inclinasse,
2070 2725 2126 2770 et

544 2808 707 2861 quam
738 2809 860 2848 eum
884 2796 1145 2853 Romanis
1176 2798 1451 2854 habebant
1477 2803 1798 2870 amicitiam,
1836 2806 2119 2874 prodiisse.

544 2885 789 2955 Cumque
827 2888 959 2941 nihil
995 2889 1265 2956 legatione
1299 2905 1396 2944 sua
1435 2893 1778 2962 proﬁcerent,
1814 2896 2115 2965 desponsa-

545 2978 677 3033 hant
702 2980 911 3032 animos
938 3019 952 3043 ,
985 2990 1038 3034 et
1068 2996 1188 3033 cum
1230 2982 1483 3055 lacrymis
1521 2985 1789 3055 colloquia
1830 2989 2123 3047 habebant.

544 3069 678 3122 tium
715 3079 894 3123 autem
928 3085 1020 3124 eos
1051 3072 1102 3125 in
1140 3084 1387 3129 senatum
1424 3077 1809 3133 introduxisset
1849 3096 1989 3135 unus
2028 3083 2125 3134 tri-

544 3160 845 3226 bunorum,
893 3164 1109 3218 neruine
1147 3164 1447 3236 Antonius,
1481 3172 1689 3238 primus
1728 3174 2031 3227 orationem
2062 3174 2126 3227 de

546 3254 813 3323 legatione
842 3256 1032 3311 habuit
1060 3255 1417 3327 Philophron,
1438 3270 1493 3315 et
1516 3263 1811 3316 secundum
1839 3274 2123 3331 posteum,

2829 2344 2929 2397 Ἐκ
2961 2359 3068 2395 του
3096 2341 3211 2397 λα’.

2302 2436 2454 2505 ’Ἅμα
2488 2435 2546 2489 δὲ
2568 2432 2778 2497 τούτοις
2828 2432 3232 2503 πραττομένοις
3276 2435 3359 2495 είς
3401 2433 3631 2504 Ῥώμην
3683 2450 3821 2504 παρ-

2232 2528 2480 2597 εγένοντο
2532 2526 2868 2599 πρεσϐευταί¹
2906 2524 3265 2591 Ῥοδίων,τάς
3304 2527 3686 2597 γεγενημένας
3708 2527 3821 2579 tita-

2232 2620 2397 2683 ϐολὰς
2447 2621 2571 2673 κατ’
2599 2617 2781 2673 αὐτῶν
2805 2616 3184 2671 ἀπολύσασθαι
3208 2633 3223 2649 ο
3260 2618 3479 2671 ἐδόκουν
3518 2616 3629 2686 γὰρ
3655 2618 3709 2668 ὲν
3742 2615 3819 2683 τῷ

2234 2710 2371 2780 πρὸς
2427 2712 2644 2781 Περσέα
2688 2709 2908 2779 πολέμῳ
2957 2711 3074 2770 ταῖς
3121 2707 3357 2770 εὐνοίαις
3397 2706 3820 2761 ἀποκεκλικέναι

2228 2804 2367 2875 πρὸς
2388 2804 2478 2856 τὸν
2510 2800 2733 2870 βασιλέα
2755 2801 2851 2855 καὶ
2900 2799 3302 2871 προδεδωκέναι
3338 2800 3439 2868 τὴν
3506 2798 3647 2867 πρὸς
3688 2796 3819 2850 Ῥω-

2228 2896 2425 2965 μαίους
2470 2894 2675 2963 φιλίαν.
2733 2892 2916 2963 Μηδὲν
2963 2892 3021 2944 δὲ
3054 2890 3316 2955 ἀνύοντες
3364 2882 3442 2943 ὧν
3478 2889 3813 2958 ἐπρέσϐευον

2227 2987 2307 3046 εἰς
2337 2986 2579 3055 ἀθυμίαν
2602 2984 2915 3045 ἐνέπιπτον,
2950 2984 3043 3035 καὶ
3093 2985 3233 3052 μετά
3253 2981 3509 3053 δακρύων
3536 2982 3818 3035 ἐποιοῦντο

2226 3078 2325 3141 τὰς
2350 3077 2643 3144 ἐντεύξεις.
2687 3076 3093 3145 Είσαγαγόντος
3122 3076 3179 3129 δὲ
3207 3076 3409 3137 αὐτοὺς
3446 3077 3527 3137 εἰς
3554 3074 3656 3144 τὴν
3688 3074 3818 3138 σύγ-

2227 3170 2424 3240 κλητον
2468 3169 2588 3232 ἑνὸς
2619 3168 2729 3221 τῶν
2775 3167 3075 3237 δημάρχων
3124 3165 3410 3219 Ἀντωνίου
3466 3164 3690 3234 πρῶτος
3723 3165 3819 3233 μὲν

2226 3262 2461 3314 ἐποιεῖτο
2514 3261 2603 3312 τὸν
2646 3258 2787 3329 ὑπὲρ
2818 3258 2919 3326 τῆς
2969 3256 3271 3327 πρεσϐείας
3322 3256 3484 3323 λόγον
3509 3254 3812 3325 Φιλόφρων,

542 3346 887 3415 Astymedes.
930 3347 994 3401 lli
1056 3362 1179 3401 cum
1220 3350 1387 3405 multa
1420 3353 1734 3419 suppliciter
1762 3362 1814 3407 et
1859 3355 2123 3423 depreca-

2235 3354 2369 3422 μετὰ
2389 3352 2445 3404 δὲ
2473 3352 2662 3405 τοῦτον
2729 3348 3091 3420 Ἀστυμήδης.
3156 3349 3336 3402 Πολλά
3360 3348 3417 3402 δὲ
3461 3347 3606 3419 πρὸς
3628 3349 3810 3416 δέησιν

548 3436 683 3489 torie
708 3436 993 3504 dixissent,
1025 3448 1079 3492 et
1106 3440 1173 3493 ad
1205 3450 1506 3495 extremum
1536 3444 1616 3512 (ut
1638 3453 1720 3498 est
1747 3445 1797 3498 iu
1821 3447 2127 3518 proverbio)

544 3539 802 3595 cygneam
832 3528 1141 3582 cantionem
1165 3531 1523 3597 cecinissent,
1573 3549 1717 3602 aegre
1752 3549 2008 3602 responsa
2038 3550 2129 3591 ac-

546 3624 825 3681 ceperunt,
853 3630 947 3684 per
974 3632 1093 3686 qua:
1143 3620 1211 3674 ab
1231 3631 1475 3676 extremo
1504 3624 1723 3692 quidem
1746 3638 1890 3678 metu
1914 3626 2124 3681 liberati

544 3713 673 3756 sunt
704 3706 816 3759 .sed
854 3708 919 3761 de
941 3709 1262 3767 criminibus
1293 3716 1486 3768 acerbe
1518 3715 1809 3787 objurgati.

619 3872 798 3939 Quare
825 3875 951 3931 licet
970 3880 1107 3945 apud
1135 3878 1406 3938 Romanos
1432 3885 1613 3941 videre
1636 3890 2120 3955 prmstantissimos

545 3979 790 4035 quosque
835 3968 901 4023 de
938 3969 1105 4039 gloria
1154 3976 1576 4041 contendentes,
1629 3994 1725 4043 per
1764 3996 1900 4048 quos
1938 3983 2123 4037 omnia

543 4058 682 4123 pe‘ne
719 4059 955 4112 maxima
990 4075 1020 4113 a
1054 4063 1245 4130 populo
1272 4066 1645 4133 perﬁciuntur.
1676 4069 1781 4123 Sed
1809 4071 1859 4123 in
1886 4072 2007 4125 aliis
2033 4088 2121 4125 ur-

540 4148 703 4203 bibus
731 4149 830 4204 sibi
862 4150 994 4220 ipsis
1026 4167 1216 4208 omnes
1247 4155 1516 4220 invident,
1557 4158 1782 4213 Romani
1824 4176 1950 4215 vero
1983 4163 2119 4217 invi—

542 4255 662 4294 cem
696 4239 938 4309 laudant,
970 4246 1111 4299 unde
1138 4248 1317 4300 evenit
1354 4249 1558 4317 optime
1586 4260 1642 4304 et
1668 4250 1963 4307 fortissime
2007 4270 2119 4309 retu

544 4340 603 4385 ut
646 4343 872 4401 gerant,
916 4335 1301 4404 rempublicam
1349 4340 1685 4407 ampliﬁcare
1732 4344 2013 4401 studentes
2068 4356 2123 4400 et

540 4423 634 4477 alii
666 4424 867 4493 injuste
906 4430 1229 4496 sentientes,
1278 4439 1335 4485 et
1376 4432 1585 4501 seipsos
1626 4436 2122 4494 circumvenientes

544 4516 775 4581 patriam
813 4520 1058 4585 perdant.

610 4697 871 4757 Perseum
908 4704 1154 4759 ultimum
1185 4721 1363 4777 regem
1386 4709 1736 4780 Macedoniae,
1768 4724 2052 4785 postquam
2078 4718 2122 4772 is

540 4804 682 4860 saepe
719 4806 842 4846 eum
877 4793 1135 4851 Romanis
1172 4800 1466 4854 amicitiam
1504 4803 1645 4867 iniit,
1676 4820 1817 4876 saepe
1852 4808 1979 4861 item
2015 4826 2118 4863 non

532 4886 937 4939 contemnendo
964 4889 1205 4942 exercitu
1242 4892 1439 4946 bellum
1470 4896 1657 4963 gessit,
1694 4900 1909 4955 tandem
1941 4901 2120 4955 Emi-

537 4972 641 5028 lius
666 4976 993 5033 debellatum
1034 4983 1206 5051 cepit,
1241 4995 1295 5037 et
1331 4989 1650 5052 praeclarum
1681 4992 1750 5045 ob
1780 5009 1899 5047 eam
1942 4996 2114 5049 victo-

534 5065 673 5119 riam
716 5069 1043 5139 triuntphnm
1081 5077 1210 5144 egit.
1252 5077 1483 5133 Perseus
1525 5096 1653 5136 vero
1690 5086 1854 5139 tantis
1883 5088 2117 5157 agitatus

537 5157 940 5217 calamitatibus
976 5176 1032 5219 ut
1076 5168 1280 5223 similes
1324 5185 1446 5225 esse
1486 5173 1769 5229 videantur
1809 5177 1927 5245 ejus
1962 5194 2119 5234 casus

537 5245 737 5301 fabulis
776 5263 956 5305 rerum
1011 5270 1287 5322 nunquam
1356 5270 1661 5329 gestarum,
1729 5279 1797 5318 ne
1845 5266 2125 5322 discedere

538 5337 757 5403 quidem
794 5356 823 5394 e
859 5343 963 5397 vita
1014 5347 1241 5402 volebat.
1282 5349 1601 5420 Priusquam
1637 5356 1779 5408 enim
1812 5369 2034 5410 senatus
2058 5360 2122 5411 de

535 5447 599 5485 eo
646 5438 1087 5501 pronuntiasset,
1140 5441 1265 5506 quid
1328 5443 1634 5499 faciendum
1688 5457 1833 5500 esset
1901 5448 2107 5503 urbano

2152 4754 2204 4811 D

2231 3447 2326 3499 καὶ
2369 3446 2702 3516 παραίτησιν
2742 3443 3015 3506 εἰπόντες.
3067 3443 3163 3496 καὶ
3209 3444 3271 3496 τὸ
3324 3444 3645 3495 τελευταῖον
3678 3441 3813 3495 κατὰ

2230 3539 2329 3609 τὴν
2375 3539 2678 3609 παροιμίαν
2704 3538 2766 3590 τὸ
2787 3536 3039 3589 κύκνειον
3094 3535 3349 3606 ᾄσαντες,
3406 3535 3571 3605 μόλις
3633 3533 3813 3586 ἔλαϐον

2228 3630 2569 3700 ἀποκρίσεις,
2625 3631 2691 3681 δι’
2735 3620 2810 3682 ὧν
2842 3626 2935 3679 τοῦ
2971 3625 3068 3696 μὲν
3097 3625 3423 3696 ὁλοσχεροῦς
3472 3625 3646 3695 φόϐου
3682 3642 3814 3694 παρ·

2230 3719 2522 3790 ελύθησαν,
2551 3720 2683 3788 περὶ
2710 3718 2767 3770 δὲ
2799 3716 2907 3771 τῶν
2959 3715 3324 3787 ἐγκλημάτων
3362 3716 3586 3787 πικρῶς
3615 3715 3814 3771 ὠνειδί-

2230 3812 2329 3882 σθη
2338 3828 2457 3865 σαν.

2296 3904 2494 3974 Διόπερ
2524 3904 2652 3957 ἰδεῖν
2684 3905 2797 3958 ἔστι
2853 3906 3002 3974 παρὰ
3046 3902 3341 3974 Ῥωμαίοις
3387 3902 3521 3964 τοὺς
3546 3902 3809 3966 ἐπιφανε-

2228 3994 2455 4057 στάτους
2510 3994 2707 4065 ἄνδρας
2759 3997 2901 4066 ὑπὲρ
2948 3996 3105 4067 δόξης
3156 3994 3597 4064 ἁμιλλωμένους,
3639 3992 3706 4045 δι’
3737 3988 3803 4044 ὧν

2227 4086 2445 4140 ἅπαντα
2506 4086 2693 4157 σχεδὸν
2716 4087 2785 4139 τὰ
2834 4090 3067 4158 μέγιστα
3090 4087 3169 4157 τῷ
3205 4089 3363 4157 δήμῳ
3394 4084 3803 4154 κατορθοῦνται.

2240 4181 2328 4232 Ἐν
2366 4180 2464 4248 μὲν
2499 4180 2607 4249 γὰρ
2644 4184 2757 4243 τοῖς
2802 4180 2981 4243 ἄλλοις
3030 4179 3390 4249 πολιτεύμασι
3421 4176 3808 4246 ζηλοτυποῦσιν

2226 4270 2507 4339 ἀλλήλους,
2557 4270 2816 4340 Ῥωμαῖοι
2849 4271 2904 4324 δὲ
2935 4271 3269 4325 ἐπαινοῦσιν.
3316 4269 3408 4333 Ἐξ
3435 4262 3497 4321 οὗ
3529 4267 3809 4337 συμϐαίνει

2232 4362 2468 4431 μάλιστα
2512 4365 2639 4425 τοὺς
2673 4363 2769 4433 μὲν
2794 4363 3060 4433 πράσσειν
3082 4363 3149 4415 τὰ
3183 4363 3447 4417 κάλλιστα
3479 4362 3588 4414 τῶν
3614 4360 3806 4430 ἔργων,

2228 4453 2640 4525 ἁμιλλωμένους
2701 4452 2885 4518 αὔξειν
2918 4456 2977 4508 τὸ
3006 4457 3157 4524 κοινῇ
3180 4455 3226 4486 ’³
3257 4452 3560 4524 συμφέρον,
3606 4454 3734 4513 τοὺς
3766 4450 3806 4501 δ’

2227 4541 2419 4605 ἄλλους
2440 4540 2880 4606 ἀδικοδοξοῦντας
2901 4542 2994 4594 καὶ
3027 4542 3124 4605 τὰς
3148 4543 3393 4611 ἀλλήλων
3412 4544 3459 4573 ³⁸⁵
3494 4540 3750 4604 ἐπιϐολὰς
3766 4540 3805 4571 ⁸⁸

2228 4634 2656 4704 λυμαινομένους
2687 4634 2944 4705 βλάπτειν
2974 4635 3074 4704 τὴν
3108 4634 3364 4704 πατρίδα.

2303 4727 2427 4778 Ὅτι
2488 4727 2699 4794 Περσέα
2734 4727 2795 4780 τὸ
2841 4728 3150 4780 τελευταῖον
3187 4725 3529 4789 Μακεδονίας
3564 4724 3801 4795 βασιλέα,

2232 4816 2487 4879 πολλάκις
2502 4816 2793 4886 Ῥωμαίοις
2817 4818 2904 4870 διὰ
2930 4816 3109 4885 φιλίας
3143 4816 3311 4881 ἰόντα,
3348 4816 3608 4878 πολλάκις
3638 4816 3695 4869 δὲ
3715 4818 3802 4869 καὶ

2234 4908 2461 4977 στρατιᾷ
2485 4907 2583 4959 οὐκ
2622 4907 2954 4978 ἀναξιολόγῳ
2979 4908 3364 4977 πολεμήσαντα
3384 4907 3537 4970 τέλος
3562 4908 3802 4972 Αἰμίλιος

2233 4998 2698 5067 καταπολεμήσας
2722 4995 2856 5063 εἷλε,
2899 5000 2993 5051 καὶ
3044 4999 3297 5069 λαμπρὸν
3340 5000 3609 5068 θρίαμϐον
3628 5000 3715 5051 ἐπὶ
3745 5000 3798 5068 τῇ

2236 5085 2359 5155 νίκῃ
2388 5087 2693 5156 κατήγαγε.
2724 5088 2967 5157 Περσεὺς
2996 5087 3051 5139 δὲ
3081 5088 3432 5157 τηλικαύταις
3493 5087 3798 5159 περιπεσὼν

2233 5180 2538 5246 συμφοραῖς
2560 5177 2698 5230 ὥστε
2713 5178 2886 5231 δοκεῖν
2899 5179 3059 5247 ὃμοια
3082 5178 3271 5247 μύθοις
3282 5180 3569 5248 ἀγενήτοις
3586 5178 3719 5233 εἶναι
3734 5180 3796 5233 τά

2231 5267 2379 5336 πάθη
2403 5270 2469 5320 τὰ
2498 5268 2625 5335 περὶ
2657 5269 2839 5334 αὐτὸν,
2867 5270 2975 5321 οὐδ’
3006 5269 3453 5339 ἀπολυθῆναιτοῦ
3486 5270 3586 5341 ζῇν
3620 5271 3792 5341 ήθελε.

2230 5360 2364 5429 Πρὶν
2382 5360 2488 5430 γὰρ
2518 5359 2549 5429 ἢ
2587 5360 2683 5429 τὴν
2701 5359 3003 5430 σύγκλητον
3017 5361 3156 5430 ὑπὲρ
3183 5361 3345 5413 αὐτοῦ
3364 5361 3640 5415 διαλαϐεῖν
3656 5360 3791 5431 ὅχρὴ

2222 5449 2432 5514 παθεῖν,
2483 5449 2590 5502 τῶν
2622 5450 2762 5504 κατά
2793 5451 2946 5503 πόλιν
2972 5451 3292 5522 στρατηγῶν
3311 5453 3357 5484 ¹⁶
3382 5446 3463 5516 εἷς
3492 5453 3790 5505 ὲνέϐαλεν”

1852 5580 2085 5635 VARUE
2138 5582 2542 5638 LECTIONES.

612 5661 654 5693 ²⁹
679 5662 827 5750 ἀμφ.
854 5666 1325 5750 περιπραγμιάτων
1350 5667 1390 5720 Β
1414 5686 1474 5750 Ξ.
1506 5670 1860 5750 Νξοδοικο-ῦσι
1896 5690 1956 5735 ς.
2034 5676 2076 5704 ³³
2106 5674 2202 5750 τῆς
2226 5675 2364 5750 add.
2385 5678 2447 5727 A.
2529 5677 2574 5708 ³¹
2609 5677 2942 5750 περιπνιγὴς
2972 5678 3011 5750 Β
3041 5688 3095 5732 et
3130 5693 3272 5750 corr.
3303 5677 3346 5730 ll
3385 5697 3399 5732 :
3446 5679 3779 5750 περιπνιγεῖς

541 5746 600 5791 ς.
679 5733 724 5763 ’³
748 5737 896 5801 κοινῇ
926 5733 967 5786 Β
1009 5733 1229 5787 tmtth
1258 5754 1320 5798 ς.

542 5803 844 5872 στρατηγὸν
874 5794 938 5857 l3.
1064 5806 1106 5836 ²⁷
1152 5808 1435 5875 εἰσέϐαλον
1476 5810 1533 5873 Β,
1565 5794 1847 5864 εᾶεωλλω
1906 5831 1960 5876 ς.

1419 5738 1739 5816 ’θ-ᾁλλήλων
1759 5743 1808 5816 ΑΒ
1833 5753 1884 5795 et
1911 5758 2053 5797 (θη.
2094 5746 2135 5797 Λ
2161 5738 2177 5797 ξ
2214 5744 2473 5816 ἀλλήλους
2507 5764 2567 5815 ς,

2666 5748 2709 5779 ’³
2738 5746 3030 5812 ἐπιϐουλὰς
3061 5779 3129 5789 -
3154 5748 3377 5819 βλάπτει
3402 5769 3463 5817 ς.
3521 5746 3587 5781 ⁷³⁸
3619 5748 3788 5801 τὸν-
