4050 6442
224 444 368 506 1397

1250 442 1774 503 BIBLIOTHECA.
1809 467 1878 476 —
1907 443 2068 502 COD.
2099 441 2396 504 CCXLIV.

3351 445 3484 509 1398

216 553 382 607 αὐτὸν
437 552 518 614 είς
555 549 647 605 τὸν
669 553 726 602 ἐν
759 549 984 612 Ἀλϐαις
1030 550 1309 620 κάρκαρον
1369 549 1497 620 [625
1530 548 1622 620 Η.]
1669 549 1806 620 μετὰ

1923 551 2162 617 praetori,
2207 552 2439 621 coniecit
2467 567 2590 608 eum
2624 553 2675 606 in
2709 568 2982 610 carcerem
3007 595 3022 619 ,
3055 557 3146 625 qui
3185 567 3271 612 est
3315 559 3484 613 Albae.

215 645 331 698 τῶν
359 643 586 697 τέκνων.
624 642 780 694 Ἔστι
807 641 867 694 δέ
890 642 920 694 ὁ
952 641 1232 713 κάρχαρος
1265 643 1482 712 ὄρυγμα
1507 641 1802 708 κατάγειον

218 734 379 804 βαθὺ,
401 733 464 786 τὸ
501 732 602 802 μὲν
636 730 865 800 μέγεθος
889 730 1013 800 ἔχον
1035 730 1082 762 ’⁸
1113 731 1261 784 οίκου
1297 730 1531 800 μάλιστά
1568 747 1683 793 πως
1713 731 1801 782 ἐν-

219 826 506 879 νεακλίνου
521 825 591 890 ³³,
665 824 859 878 σκότου
881 823 924 856 ³ο
953 822 1010 876 δέ
1037 823 1239 892 πλῆρες
1262 823 1305 853 ³¹
1351 823 1446 875 καὶ
1507 821 1802 889 δνσοσμίας

220 921 310 973 διὰ
337 920 398 972 τὸ
431 919 637 989 πλῆθος
681 918 790 971 τῶν
842 915 1292 986 παραδεδομένων
1343 915 1421 974 είς
1475 911 1663 964 τοῦτον
1713 911 1803 964 τὸν

221 1012 388 1063 τόπον
418 1010 648 1080 ἀνδρῶν,
682 1008 792 1061 τῶν
825 1009 919 1061 ἐπὶ
954 1008 1262 1069 θανατικυῖς
1293 1007 1600 1076 ἐγκλήμασι
1632 1021 1803 1057 κατα-

220 1102 594 1170 δικαζομένων
626 1100 787 1172 [1157
817 1100 906 1170 8.]
956 1094 1029 1153 ὧν
1057 1103 1113 1153 ἐν
1149 1099 1378 1162 ἐκείνοις
1435 1100 1548 1161 τοῖς
1592 1097 1805 1167 χρόνοις

220 1197 273 1247 οἱ
320 1196 540 1258 πλείους
602 1195 834 1249 ἐνταῦθα
889 1194 1320 1263 καθείργνυντο·
1382 1194 1439 1244 ἐν
1492 1191 1638 1245 οὕτω
1695 1191 1806 1262 γὰρ

224 1288 488 1357 στενωπῷ
524 1287 1028 1357 συγκεκλεισμένων
1077 1286 1289 1339 πολλῶν
1347 1285 1558 1356 ἀνδρῶν
1597 1284 1809 1353 ἀπεθησ-

225 1377 409 1444 ριοῦτο
430 1379 497 1430 τὰ
520 1379 630 1431 τῶν
660 1378 874 1447 ἀτυχῶν
906 1378 1155 1447 σώματα,
1188 1376 1298 1431 τῶν
1333 1394 1393 1429 τε
1423 1377 1560 1447 πρὸς
1599 1375 1808 1446 τροφὴν

224 1471 319 1522 καὶ
382 1472 481 1538 τὴν
513 1471 677 1540 ἄλλην
723 1472 904 1524 πᾶσαν
949 1470 1135 1540 χρείαν
1163 1469 1477 1538 ἀνηκόντων
1507 1471 1725 1522 πάντων
1752 1471 1808 1520 ἐν

224 1560 410 1629 ταύτῷ
441 1561 805 1631 πεφυρμένων
836 1563 1104 1630 τοσαύτην
1136 1560 1508 1630 προσπίπτειν
1541 1559 1810 1611 δυσωδίαν

226 1654 566 1716 συνέϐαινεν,
618 1653 757 1705 ὥστε
813 1653 1016 1723 μηδένα
1075 1652 1183 1704 τῶν
1237 1652 1571 1720 προσιόντων
1617 1652 1812 1722 ῥᾳδίως

222 1745 489 1798 δύνασθαι
549 1745 912 1815 καρτερῆσαι.
950 1744 1306 1816 Ἐφ’ήμέρας
1375 1743 1473 1814 μὲν
1532 1738 1626 1796 οὖν
1674 1741 1813 1795 ἐπτὰ

224 1836 526 1890 διετέλεσεν
587 1837 821 1890 ἐνταῦθα
852 1836 1314 1906 κακουχούμενος,
1356 1834 1496 1889 ὥστε
1527 1836 1620 1887 καὶ
1659 1832 1812 1904 παρὰ

1912 656 2033 694 eum
2063 645 2226 700 uatis.
2261 643 2356 699 Est
2385 653 2562 700 autem
2599 660 2787 700 carcer
2816 646 2925 712 ille,
2959 657 3172 702 antrum
3208 651 3485 703 subterra-

1911 748 2074 787 neum
2107 734 2431 803 profundum
2455 774 2469 800 ,
2509 737 2881 805 magnitudine
2931 740 3185 802 maxime,
3223 751 3483 808 quantum

1909 832 1992 876 est
2023 824 2360 878 caenaculum
2400 839 2588 880 novem
2630 826 3125 893 lectorum.Estque
3145 829 3486 882 tenebrarum

1912 912 2125 982 plenum
2155 930 2220 971 ac
2261 916 2483 982 fetoris,
2526 928 2743 986 promer
2774 917 3174 973 multitudtnem
3209 921 3485 974 hominum

1912 1006 1988 1059 rei
2019 1007 2266 1073 capitalis
2287 1008 2684 1074 damnatorum,
2711 1011 2802 1080 qtti
2829 1011 2882 1064 in
2915 1025 3036 1065 eum
3064 1011 3237 1064 locum
3266 1012 3487 1064 tradun-

1915 1107 2021 1160 tur,
2053 1113 2282 1165 quorum
2320 1101 2550 1154 maxima
2583 1116 2706 1170 pars
2739 1102 2846 1158 illis
2876 1103 3210 1171 temporibus
3233 1103 3320 1156 hic
3347 1104 3491 1156 clan:

1914 1191 2162 1246 debatur.
2202 1189 2484 1246 Conclusis
2527 1193 2670 1248 enim
2720 1194 2772 1247 in
2829 1204 2934 1247 tam
2975 1203 3206 1265 angusto
3253 1198 3370 1248 loco
3416 1205 3492 1248 tot

1915 1281 2246 1349 hominibus,
2268 1281 2627 1339 efferebantur
2653 1286 2972 1340 miserorum
2999 1301 3254 1354 corpora,
3281 1297 3334 1340 et
3359 1302 3490 1340 cou-

1916 1371 2050 1426 fusis
2073 1372 2212 1427 inter
2242 1387 2360 1428 sese
2393 1377 2666 1438 omnibus,
2693 1392 2811 1446 qua:
2848 1379 2928 1431 vel
2959 1380 3024 1433 ad
3062 1379 3289 1442 victum,
3317 1380 3402 1434 vel
3426 1380 3492 1433 ad

1917 1463 2053 1518 alios
2105 1479 2236 1517 usus
2257 1465 2525 1533 pertinent
2552 1465 2776 1535 382a,
2805 1477 2984 1521 tantus
3017 1468 3152 1522 letor
3173 1469 3492 1532 exsistebat,

1918 1563 1975 1606 ut
2014 1554 2193 1607 nullus
2239 1557 2608 1610 accedentimu
2654 1557 2813 1612 facile
2850 1562 3046 1613 durare
3084 1570 3287 1628 posset.
3333 1560 3497 1628 igitur

1920 1644 2009 1698 ille
2037 1661 2130 1713 per
2155 1645 2270 1699 dies
2299 1655 2505 1712 septem
2549 1646 2666 1699 loco
2703 1647 2805 1700 hoc
2835 1649 3108 1702 miseriam
3145 1650 3397 1716 pertulit,
3440 1661 3498 1702 ut

1919 1737 2083 1790 etiam
2109 1745 2366 1791 extremae
2395 1737 2723 1792 conditionis
2756 1741 3033 1794 hominum
3057 1751 3111 1794 et
3153 1749 3389 1794 statumn
3417 1739 3498 1797 ci-

1920 1825 2048 1879 bum
2099 1827 2479 1897 accipientium
2534 1843 2636 1897 ope
2693 1829 2979 1899 indigeret.
3032 1831 3134 1886 llic
3190 1833 3330 1887 enim
3383 1831 3500 1900 ejus

224 1929 334 1981 τῶν
391 1930 634 1998 ἐσχάτων
679 1929 774 1981 καὶ
801 1928 979 1980 τακτὰ
1002 1929 1045 1960 ³’
1100 1927 1435 1996 σιτουμένων
1488 1925 1812 1996 ἐπικουρίας

1923 1918 2087 1971 vicem
2125 1927 2345 1985 propter
2377 1918 2795 1974 inl‘ortuniorum
2853 1922 3275 1990 magnitudinem
3312 1920 3500 1975 dolen-

225 2019 482 2089 δεηθῆναι
507 2035 522 2050 ⁸
547 2012 554 2016 ’
585 2020 890 2088 συμπαθεῖς
938 2020 1044 2088 γὰρ
1094 2012 1240 2070 οὗτοι
1289 2016 1618 2082 γινόμενοι³³
1644 2016 1730 2068 διὰ
1755 2015 1816 2067 τὸ

230 2110 464 2180 μέγεθος
521 2111 630 2162 τῶν
677 2109 1123 2180 ἀκληρωμάτων,
1180 2101 1256 2161 ὧν
1317 2105 1730 2175 μεταλάμϐανον
1749 2107 1812 2168 ³⁸,

228 2202 630 2273 φιλαιθρώπως
683 2203 887 2255 τούτων
943 2202 1137 2270 ἐκείνῳ
1170 2199 1512 2270 μετεδίδοσαν
1552 2197 1815 2265 δακρύον-

227 2313 340 2358 τες.
377 2296 646 2366 Ἐῤῥιπτο
665 2295 708 2328 ³⁵
733 2293 942 2365 δἀὐτῷ
971 2293 1064 2346 καὶ
1094 2294 1244 2360 ξίφος
1269 2291 1404 2360 πρὸς
1429 2289 1709 2360 ἀναίρεσιν
1727 2290 1818 2342 καὶ

229 2388 413 2448 κάλως
472 2386 608 2456 πρὸς
671 2387 928 2455 ἀγχόνην,
973 2384 1224 2451 ἐξουσίας
1269 2380 1552 2450 διδομένης
1583 2380 1656 2443 ὡς
1699 2379 1819 2449 βού-

227 2477 376 2530 λοιτο
398 2477 446 2509 ³⁸
472 2477 802 2547 χρήσασθαι.
851 2476 991 2529 Ἀλλ’
1017 2476 1168 2529 οὐδὲν
1197 2474 1340 2528 οὕτω
1368 2474 1537 2540 γλυκὺ
1571 2473 1820 2541 φαίνεται

225 2572 342 2630 τοῖς
389 2569 723 2639 ἠτυχηκόσιν
763 2569 838 2630 ὡς
865 2567 927 2619 τὸ
953 2566 1074 2636 ζῇν,
1127 2565 1326 2634 καίπερ
1388 2563 1565 2616 αὐτῶν
1587 2563 1628 2593 ³⁷
1693 2560 1820 2625 ἄξια

229 2661 468 2714 θανάτου
533 2661 868 2730 πασχόντων.
924 2659 1034 2712 Καὶ
1070 2659 1243 2729 πέρας
1268 2660 1325 2710 ἐν
1354 2655 1581 2718 ταύταις
1609 2653 1676 2707 ἂν
1701 2656 1823 2718 ταῖς

228 2752 503 2821 ἀνάγκαις
536 2751 873 2822 κατέστρεψε
913 2750 1006 2804 τὸν
1039 2749 1173 2820 βίον,
1202 2751 1250 2802 εί
1287 2748 1360 2818 μὴ
1386 2747 1612 2818 Μάρκος
1662 2745 1823 2815 Αἰμί-

228 2843 344 2905 λιος
387 2843 804 2914 προκαθήμενος
847 2840 940 2896 τοῦ
1003 2840 1409 2910 βουλευτηρίου,
1467 2838 1652 2909 τηρῶν
1679 2837 1740 2891 τό
1761 2853 1820 2889 τε

231 2934 362 3004 περὶ
405 2934 567 2986 αὐτὸν
614 2935 831 3003 ἀξίωμα
891 2935 986 2987 καὶ
1021 2933 1083 2985 τὸ
1109 2931 1209 3000 τῆς
1241 2930 1497 3001 πατρίδος
1557 2927 1820 2990 ἐπιεικὲς,

231 3023 511 3092 παρῄνεσε
539 3024 605 3092 τῇ
630 3022 919 3091 συγκλήτῳ
974 3019 1330 3090 σχετλιάζων,
1359 3021 1406 3072 εί
1453 3018 1528 3090 μὴ
1580 3017 1670 3071 τὸν
1726 3018 1823 3070 ἀν-

231 3115 506 3185 θρώπινον
581 3115 745 3183 φόϐον
803 3113 1181 3176 εὐλαϐοῦνται,
1212 3113 1316 3182 τήν
1370 3129 1434 3179 γε
1481 3111 1605 3173 τοὺς
1653 3111 1824 3179 ὑπερ-

231 3209 462 3278 ηφάνως
483 3211 603 3270 ταῖς
633 3207 902 3270 ἐξουσίαις
956 3206 1275 3278 χρωμένους
1301 3204 1708 3274 μετερχομένην
1737 3202 1824 3255 νέ-

233 3316 393 3370 μεσιν
459 3299 746 3353 αἰδεῖσθαι.
809 3299 1012 3368 Διόπερ
1071 3299 1152 3360 είς
1185 3297 1602 3365 ἐπιεικεστέραν
1643 3295 1824 3358 δοθεὶς

231 3392 503 3462 φυλακὴν,
561 3392 655 3444 καὶ
685 3393 871 3452 κεναῖς
890 3391 935 3422 ⁸⁸
974 3389 1157 3443 ἐλπίσι
1209 3387 1585 3458 προσανέχων,
1629 3387 1825 3456 ὁμοίαν

152 3548 157 3553 _
227 3488 344 3547 τοῖς
376 3483 999 3554 προητυχημένοις-ἒσχε
1025 3483 1118 3536 τοῦ
1151 3482 1263 3552 βίου
1294 3483 1392 3552 τὴν
1420 3483 1826 3552 καταστροφήν.

229 3579 392 3642 Διετῆ
433 3575 544 3647 γὰρ
579 3575 772 3646 χρόνον
805 3574 1200 3646 φιλοψυχήσας,
1234 3574 1327 3627 καὶ
1370 3574 1686 3644 προσκόψας
1714 3574 1829 3636 τοῖς

229 3667 622 3739 φ’)λὰττουσιδθ
666 3668 994 3738 βαρϐάροις,
1044 3666 1394 3736 κωλυόμενος
1451 3666 1544 3719 ὑπ’
1605 3667 1828 3720 ἐκείνων

231 3763 404 3816 ὕπνου
447 3763 630 3831 τυχεῖν
650 3759 1017 3830 ἐτελεύτησεν.

306 3855 434 3907 Ὀτι
479 3853 730 3922 λέγουσιν
745 3853 792 3884 ⁴⁰
829 3853 1060 3915 ἑαυτοὺς
1108 3852 1158 3904 οί
1181 3851 1280 3920 τῆς
1315 3850 1713 3912 Καππαδοκίας
1737 3849 1832 3920 βα-

235 3947 405 4009 σιλεῖς
432 3946 512 4007 εἰς
547 3945 728 4014 Κῦρον
755 3944 1046 4014 ἀναφέρειν
1070 3944 1130 3996 τὸ
1156 3943 1313 4012 γένος
1345 3943 1436 3996 τὸν
1476 3944 1534 3995 ἐν
1569 3943 1829 4014 Πέρσαις,

231 4033 671 4089 διαϐεϐαιοῦνται
697 4035 754 4087 δὲ
786 4034 879 4086 καὶ
929 4034 1039 4086 τῶν
1101 4035 1242 4087 ἑπτὰ
1303 4033 1531 4102 Περσῶν
1577 4032 1687 4084 τῶν
1739 4030 1831 4084 τὸν

235 4129 414 4198 μάγον
475 4126 885 4194 ἐπανελομένων
925 4125 1045 4188 ἐνὸς
1093 4125 1369 4194 ὑπάρχειν
1399 4124 1681 4191 ἀπόγονοι.
1720 4121 1833 4176 Καὶ

229 4217 334 4287 τὴν
381 4217 480 4285 μὲν
514 4216 623 4269 ἀπὸ
655 4215 838 4286 Κύρου
884 4216 1207 4284 συγγένειαν
1237 4214 1381 4268 οὕτω
1418 4213 1830 4285 καταριθμοῦν-

228 4325 347 4381 ται..
374 4308 674 4376 Καμϐύσου
705 4309 798 4360 τοῦ
829 4309 1011 4381 Κύρου
1041 4311 1248 4378 πατρὸς
1292 4307 1529 4377 ἀδελφὴν
1583 4306 1830 4376 ὑπάρξαι

232 4401 463 4470 γνησίαν
485 4401 525 4433 ’⁸³
560 4403 827 4454 ’Λτοσσαν
847 4401 914 4433 θ’·
971 4401 1176 4470 ταύτης
1212 4400 1268 4452 δὲ
1290 4400 1384 4452 καὶ
1406 4399 1696 4468 Φαρόινκου
1720 4397 1815 4451 τοῦ

233 4493 635 4554 Καππαδοκίας
659 4491 925 4561 βασιλέως
960 4493 1216 4558 γενέσθαι
1250 4490 1418 4543 παῖδα
1477 4489 1698 4549 Γάλλον,
1734 4491 1829 4544 καὶ

1923 2016 2036 2069 tes,
2055 2021 2174 2075 qum
2200 2007 2300 2076 ipsi
2329 2010 2691 2075 accipiebant,
2725 2013 2840 2067 haec
2866 2013 2914 2066 ei
2943 2013 3170 2082 benigne
3196 2013 3501 2080 laeryman-

1920 2107 2000 2151 tes
2034 2098 2414 2165 impertiebant
2481 2099 2650 2165 igitur
2687 2102 2736 2156 ei
2787 2103 2994 2170 gladius
3029 2103 3095 2157 ad
3150 2103 3500 2168 occisionem,

1917 2201 1974 2244 et
2020 2193 2180 2245 restis
2232 2192 2299 2246 ad
2347 2195 2834 2262 strangulationem
2890 2197 3162 2266 proiectus
3211 2205 3329 2257 est.
3377 2197 3501 2249 data

1921 2281 2186 2334 utriusvis
2231 2282 2471 2351 optione.
2515 2284 2718 2339 Verum
2760 2284 2893 2339 nihil
2941 2296 3048 2340 tam
3094 2287 3251 2342 dulce
3291 2287 3504 2341 miseris

1922 2371 2137 2426 videtur
2171 2389 2331 2441 quant
2363 2375 2564 2439 vivere,
2611 2379 2824 2432 etiamsi
2876 2388 3048 2432 morte
3082 2380 3296 2448 dignam
3338 2385 3504 2434 mise-

1923 2463 2058 2517 riam
2111 2465 2403 2534 patiantur.
2453 2467 2530 2522 Ac
2579 2469 2797 2523 tandem
2843 2471 2896 2524 in
2956 2471 3039 2526 his
3090 2471 3507 2526 necessitatibus

1921 2555 2090 2608 vitam
2124 2554 2412 2623 tiuivisset,
2445 2559 2548 2613 nisi
2587 2559 2799 2616 Marcus
2835 2561 3092 2618 Emilius
3126 2565 3290 2618 curia:
3321 2566 3506 2633 pra'si-

1922 2645 2076 2712 deus,
2098 2655 2154 2701 et
2189 2663 2342 2702 suam
2377 2649 2698 2719 dignitatem
2727 2662 2781 2705 et
2814 2653 3006 2721 patria:
3032 2655 3340 2723 aequitatem
3379 2655 3507 2710 reti-

1925 2751 2080 2801 nens,
2107 2749 2355 2792 senatum
2390 2754 2514 2793 cum
2555 2741 2704 2809 gravi
2745 2743 3165 2812 reprehensione
3196 2761 3508 2800 commoue-

1924 2827 2160 2895 fecisset,
2193 2841 2251 2883 ut
2285 2831 2326 2883 si
2361 2830 2603 2884 humano
2635 2842 2776 2888 metu
2811 2849 2917 2889 non
2959 2845 3274 2901 terreretur,
3307 2847 3362 2891 at
3387 2835 3467 2892 Ne
3488 2868 3501 2879 -

1924 2919 2113 2972 tnesim
2143 2919 2394 2974 ultricem
2437 2931 2589 2976 certe
2629 2933 2971 2991 vererentur,
3017 2941 3139 2996 qua:
3170 2928 3224 2981 in
3267 2943 3360 2982 eos
3386 2929 3509 2982 ani-

1926 3013 2266 3068 madvertere
2302 3016 2461 3080 solet,
2507 3018 2598 3086 qui
2629 3019 2989 3088 potestatibus
3010 3014 3240 3090 superbe
3264 3035 3506 3076 utttntur.

1926 3099 2112 3171 Itaque
2148 3103 2237 3158 ille
2275 3104 2328 3158 iu
2365 3106 2636 3160 mitiorem
2674 3110 2829 3162 datus
2857 3110 3197 3175 custodiam,
3235 3119 3292 3163 et
3342 3126 3510 3162 vanas

1927 3209 2052 3264 spes
2082 3194 2303 3262 fovens,
2348 3196 2580 3252 similem
2623 3201 3000 3268 superioribus
3041 3199 3260 3256 casibus
3303 3201 3508 3254 exitum

1930 3283 2053 3338 vita:
2103 3289 2328 3340 sortitus
2364 3296 2468 3344 est.
2514 3287 2809 3358 Postquam
2859 3293 3005 3346 enim
3057 3291 3333 3346 biennium
3392 3292 3514 3345 vita:

1928 3378 2157 3447 cupidus
2181 3379 2420 3444 duravit,
2446 3398 2569 3437 cunt
2599 3383 2854 3439 custodes
2888 3385 3150 3440 barbaros
3173 3385 3510 3449 oﬂ‘endisset,

1929 3472 2234 3540 prohibitus
2277 3484 2358 3528 est
2405 3477 2473 3530 ab
2512 3475 2620 3531 illis
2647 3491 2840 3532 somno
2866 3477 2991 3543 frui,
3039 3486 3204 3548 atque
3236 3479 3309 3533 ita
3343 3479 3509 3533 vitam

1931 3562 2124 3618 ﬁnivit.

2005 3846 2197 3900 Dicunt
2223 3863 2341 3903 sese
2367 3848 2584 3920 (inquit)
2633 3849 2990 3920 Cappadocia:
3038 3867 3193 3922 reges
3225 3854 3290 3908 ad
3315 3853 3512 3926 Cyrum

1932 3937 2155 3991 Persam
2203 3939 2409 3994 referre
2455 3938 2642 4009 genus
2671 3957 2852 4007 suum,
2904 3945 3347 4014 contenduntque
3392 3962 3518 4014 pro-

1931 4039 2122 4097 gnatos
2161 4044 2278 4084 esse
2322 4045 2380 4084 se
2421 4047 2528 4085 uno
2576 4042 2781 4101 septem
2820 4032 3133 4100 Persarum,
3180 4037 3270 4104 qui
3301 4052 3514 4107 magum

1931 4121 2269 4187 occiderunt,
2303 4133 2356 4176 et
2391 4124 2607 4176 ductam
2644 4125 2860 4194 quidem
2895 4143 2922 4179 τι
2957 4127 3099 4196 Cyro
3133 4115 3513 4197 cognationem

1933 4213 2010 4266 sic
2047 4222 2394 4267 enumerant.
2426 4213 2690 4284 Cambysc
2719 4213 2844 4285 Cyri
2877 4220 3048 4286 patris
3073 4234 3317 4272 sororem
3351 4220 3515 4273 Γιιὶοδιι

1930 4319 2241 4373 germanam
2284 4306 2558 4364 Atossam.
2605 4305 2682 4360 Ex
2714 4308 2816 4363 hac
2838 4321 2892 4364 et
2920 4309 3202 4366 Pharnace
3229 4313 3511 4380 Cappado-

1931 4400 2028 4455 ciae
2067 4416 2192 4472 rege
2245 4411 2432 4456 natum
2480 4401 2649 4458 fuisse
2691 4401 3052 4474 Ped’agamum
3082 4404 3216 4476 (61),
3262 4414 3319 4460 et
3361 4404 3518 4472 hujus

1935 4493 2099 4546 lilium
2141 4494 2310 4549 fuisse
2344 4495 2616 4549 Smerdim
2652 4512 2666 4550 :
2704 4498 2860 4568 cujus
2897 4513 3058 4566 porro
3092 4499 3433 4563 Artamnam,
3465 4511 3519 4553 et

232 4582 430 4636 τούτου
473 4583 726 4650 γενέσθαι
781 4585 1014 4654 Σμέρδιν
1034 4585 1099 4648 ⁸³,
1157 4578 1217 4637 οὗ
1266 4584 1568 4652 Ἀρτάμην’
1632 4582 1728 4634 τοῦ
1771 4583 1819 4636 δὲ

1937 4587 2096 4653 hujus
2145 4589 2441 4655 Anaphan,
2493 4589 2581 4657 qui
2617 4588 2934 4644 fortitudine
2979 4601 3033 4645 et
3083 4591 3307 4646 audacia
3338 4591 3519 4646 excel-

248 4679 514 4745 ‘Avacpa'tv,
546 4677 604 4729 ὃν
631 4678 723 4730 καὶ
781 4677 1080 4745 διενεγκεῖν
1115 4677 1215 4746 μὲν
1259 4676 1482 4746 ἀνδρεία
1513 4676 1604 4728 καὶ
1631 4674 1826 4748 τόλμῃ,

233 4770 494 4836 γενέσθαι
523 4769 567 4821 δ’
607 4771 702 4822 ’ἐνα
734 4769 842 4822 τῶν
890 4769 1031 4822 ἑπτὰ
1060 4769 1304 4839 Περσῶν.
1337 4767 1447 4837 Τὴν
1491 4767 1588 4835 μέν
1624 4765 1719 4818 οὖν
1747 4766 1828 4830 είς

235 4862 482 4931 Κῦρονθδ
507 4863 830 4931 συγγένειαν
870 4861 1012 4915 οὕτω
1066 4859 1454 4930 γενεαλογοῦσι
1486 4859 1581 4912 καὶ
1614 4858 1716 4928 τὴν
1747 4859 1826 4921 εἰς

246 4955 512 5022 Ἀναφίῖν,
558 4955 616 5008 ὃν
656 4972 788 5024 φασι
829 4954 894 5007 δι’
933 4954 1187 5024 ἀνδρείαν
1246 4951 1670 5023 συγχωρηθῆναι
1727 4950 1828 5018 τὴν

234 5046 648 5108 Καππαδοκίας
699 5046 1026 5100 δυναστείαν
1075 5045 1214 5099 ὥστε
1293 5044 1366 5115 μὴ
1409 5043 1586 5096 τελεῖν
1633 5041 1831 5111 φόρους

237 5136 504 5204 Πέρσαις.
563 5130 636 5191 Οἵ)
668 5138 1098 5210 τελευτήσαντος
1147 5137 1436 5208 ὁμώνυμος
1481 5136 1595 5199 υἱὸς
1648 5135 1829 5206 ἄρχει.

1938 4680 2115 4743 luerit,
2145 4689 2198 4734 et
2225 4696 2363 4735 unus
2386 4692 2592 4750 septem
2634 4683 2916 4738 Persarum
2949 4683 3130 4739 fixerit.
3164 4685 3330 4755 Igitur
3359 4701 3516 4740 su:im

1934 4771 1998 4823 ad
2038 4769 2237 4840 Cyrum
2279 4775 2651 4842 c0gnalioneui
2687 4777 2765 4830 sic
2809 4789 3161 4841 enumerant,
3199 4787 3254 4832 et
3277 4779 3341 4833 ad
3371 4778 3516 4832 Ana-

1932 4862 2074 4931 phan
2104 4904 2118 4926 ,
2150 4864 2233 4916 cui
2259 4865 2545 4933 perhibent
2568 4880 2786 4937 propter
2816 4871 3066 4924 virtutem
3093 4873 3168 4924 sic
3197 4886 3513 4924 concessum

1935 4952 2100 5006 fuisse
2123 4952 2473 5023 Cappadociae
2496 4958 2882 5026 principatum,
2903 4968 2957 5012 ut
2982 4959 3162 5014 Persis
3183 4961 3384 5014 tributa
3412 4975 3514 5013 non

1933 5043 2213 5112 pettchet.
2258 5049 2333 5100 Eo
2378 5048 2486 5101 vita
2530 5050 2783 5105 defuncto
2825 5053 3110 5120 imperavit
3145 5055 3386 5121 ejusdem
3418 5072 3516 5107 no-

1935 5137 2095 5191 minis
2125 5138 2287 5192 lilius.
2327 5139 2455 5193 Post
2478 5144 2632 5211 enjus
2658 5144 2864 5198 obitum
2891 5146 3278 5213 superstitibus
3308 5147 3517 5201 duobus

1479 5273 1717 5327 VARle
1753 5273 2158 5332 LECTIONES.

341 5394 387 5425 ³⁸
420 5393 542 5462 ἔχον
575 5393 614 5446 Β
643 5403 696 5447 et
726 5408 868 5446 corr.
900 5397 964 5446 A.

240 5534 333 5587 Ali
365 5553 381 5588 '.
413 5535 702 5606 ἐρρίπτουν
744 5553 802 5599 ς.
881 5535 924 5565 ³⁸
950 5534 1024 5606 ὡς
1057 5535 1121 5586 ἂν

241 5607 366 5665 ναῖς
396 5604 454 5668 ςῤ
554 5605 599 5635 ³³
637 5606 969 5673 φυλάσσουσι
1003 5604 1064 5657 Β.

244 5675 506 5728 Ἀττόςαν
537 5693 576 5739 ς·

1159 5533 1402 5602 βούλοιτο
1428 5550 1486 5594 ς’.

675 5674 720 5707 ⁸³
748 5675 986 5746 σμὲρδην
1020 5674 1078 5729 Β.
1157 5673 1200 5704 ’⁸⁵
1229 5673 1392 5742 κῦρον
1425 5672 1496 5724 A:
1531 5672 1713 5736 Κύρου
1751 5686 1807 5731 ς.

1065 5395 1108 5426 ³³
1147 5391 1488 5446 ἐννεακλίνου
1520 5404 1666 5442 corr.
1694 5389 1736 5441 A
1773 5404 1786 5440 :
1816 5392 2180 5445 ἐννεακλιτίου
2215 5411 2274 5457 ς,

236 5466 286 5520 Α
324 5483 336 5518 :
374 5458 584 5532 πλῆρης
616 5483 677 5528 ς.
754 5465 796 5494 ³⁷⁸
821 5462 1017 5532 τακτὰ]
1045 5463 1116 5516 τὰ
1149 5464 1288 5516 κατὰ
1319 5464 1383 5524 Λ,
1413 5462 1481 5514 τὰ
1507 5460 1714 5528 ἐγκανα
1759 5458 1818 5512 Β.
1895 5462 1938 5492 ³³
1970 5464 2268 5530 γινόμενοι.
2347 5464 2394 5495 ³⁸
2419 5465 2828 5535 μετελάμϐανον
2889 5467 3020 5520 add.
3053 5458 3114 5516 A'.
3141 5534 3146 5538 _

240 5534 333 5587 Ali
365 5553 381 5588 ι
413 5535 702 5604 ἐρρίπτουν
744 5553 802 5599 ς.
881 5535 924 5565 ³⁸
950 5534 1024 5595 ὡς
1057 5535 1121 5586 ἂν
1159 5533 1402 5604 βούλοιτο
1428 5550 1486 5604 ς.
1522 5599 1529 5604 Δ
1565 5531 1606 5560 ³⁷
1639 5529 1840 5604 καίπερ
1860 5531 2064 5604 αύτῶν]
2090 5536 2182 5604 καὶ
2204 5533 2335 5604 παρέ
2362 5534 2540 5587 αὐτῶν
2571 5536 2636 5599 Δ,
2665 5537 2759 5589 καὶ
2792 5536 2946 5604 παρὰ
2983 5535 3092 5589 τῶν
3135 5535 3176 5586 ιι

1160 5547 1402 5602 ρουλοιτο
1428 5550 1486 5594 ς’.
1565 5547 1603 5560 τ’
1639 5547 1840 5598 καιπερ
1860 5547 2064 5604 αυτων]
2090 5547 2182 5586 και
2204 5547 2335 5602 παρ’
2362 5547 2540 5587 αυτων
2571 5547 2636 5599 Α,
2665 5547 2759 5589 καὶ
2792 5547 2946 5606 παρα
2983 5554 3092 5589 των
3135 5547 3195 5586 ts.

1236 5602 1486 5681 λέγουσίν
1514 5598 1722 5681 (δρησιν)
1746 5600 1971 5665 ἑαυτοὺς
2003 5620 2064 5666 ς.
2145 5603 2189 5635 ’⁸⁸
2220 5603 2463 5675 ὑπάρξαι
2491 5606 2600 5676 γὰρ
2639 5607 2868 5676 γνησίαν
2901 5623 2959 5670 ς.
3055 5607 3099 5637 ⁸³
3124 5607 3195 5659 ἅτ

2940 5317 2996 5365 κ

2871 5397 2912 5427 ³³
2973 5395 3181 5464 πλῆρες
3210 5396 3251 5445 Β
3280 5405 3334 5448 et
3365 5411 3510 5449 corr.

3222 5465 3518 5570 ε’ξιριπξο

3393 5553 3515 5587 κα.-

3055 5607 3099 5637 "
3124 5607 3358 5659 ἅτοσσαν
3386 5603 3472 5657 AB
3496 5618 3512 5656 :

2375 5400 2419 5425 δυ
2445 5403 2667 5457 σκότους
2715 5397 2772 5448 Β.

1768 5783 1993 5841 ΝΟΤΙΕ.

324 5877 434 5948 (61)
476 5879 557 5933 Al.
585 5880 746 5934 παῖδα
768 5847 992 5947 reum,
1033 5881 1201 5948 ﬁlium
1239 5877 1467 5934 Gallum.
