4104 6452
590 399 723 463 1399

1753 411 2018 474 ΡΗΟΤΙΙ
2056 409 2557 475 ΡΑΤΒΙΑΒΟΗΕ
2594 415 2705 476 CP.

3711 408 3845 475 ιιοο

584 515 737 581 ﬁliis,
776 514 1022 579 Datama,
1060 512 1256 587 3820
1278 524 1330 572 et
1367 518 1660 586 Arimnaco,
1693 524 2023 580 successisse
2058 524 2156 578 im-

2260 522 2404 576 Μετά
2451 523 2506 576 δὲ
2543 523 2644 593 τὴν
2686 520 2875 575 τούτου
2922 518 3181 591 τελευτὴν
3228 518 3678 587 ἀπολειφθέντων
3698 519 3843 572 δυεῖν

582 608 731 674 perio
766 607 1065 674 Datamam,
1108 611 1283 665 virum
1334 621 1387 667 et
1430 612 1570 669 bello
1614 624 1669 669 et
1699 616 1818 670 aliis
1863 617 2011 684 regni
2036 632 2156 685 par-

582 699 728 753 tibus
761 699 1055 766 laudatum,
1077 704 1167 771 qui
1193 717 1313 758 cum
1338 703 1521 759 Persis
1557 707 1741 775 praelia
1762 722 2083 776 congressus
2102 718 2159 762 et

580 800 802 844 Strenue
837 792 1130 859 praeliatus,
1172 795 1225 847 in
1267 810 1331 849 eo
1360 795 1697 851 occubuerit.
1727 797 1969 867 Regnum
2002 812 2158 851 acce-

580 882 660 949 pit
694 882 836 935 ﬁlius
880 885 1193 953 Ariamnes,
1224 888 1376 955 cujus
1421 890 1566 944 fuere
1609 889 1682 942 ﬁli
1724 888 2041 945 Ariarathes
2103 901 2159 945 et

581 971 935 1038 Olcphernes.
985 974 1032 1028 Is
1076 977 1363 1033 Ariamnes
1406 994 1526 1034 cum
1560 997 1735 1037 annos
1763 983 2154 1052 quinquaginta

583 1064 924 1132 imperasset,
954 1084 1049 1122 nec
1092 1069 1253 1124 ullum
1283 1086 1416 1139 Opus
1443 1072 1661 1141 dignum
1704 1075 1963 1128 memoria
1997 1075 2156 1129 fecis-

580 1167 685 1222 set,
718 1160 871 1213 ohiit.
904 1160 1031 1229 Ejus
1066 1160 1121 1213 in
1148 1162 1430 1229 imperium
1459 1164 1722 1218 successit
1749 1174 1875 1218 natu
1903 1167 2157 1233 grandior

581 1246 727 1301 ﬁlius
761 1250 1096 1315 Ariarathes,
1119 1252 1207 1319 qui
1242 1267 1400 1321 supra
1433 1254 1647 1307 modum
1682 1269 1898 1309 amasse
1926 1254 2153 1310 fratrem

582 1340 808 1405 dicitur,
841 1351 893 1396 et
940 1346 1005 1396 ad
1055 1344 1383 1400 clarissimus
1423 1347 1643 1399 ordines
1677 1348 1957 1409 erexisse,
1992 1358 2156 1415 utque

583 1430 722 1485 idem
763 1446 881 1485 cum
926 1433 1103 1487 Persis
1146 1435 1405 1490 adversus
1446 1436 1728 1506 IEgyptios
1775 1437 1997 1501 missus,
2029 1438 2154 1493 belli

580 1523 759 1575 socius
792 1524 988 1587 fuisse,
1025 1533 1079 1577 ct
1117 1540 1240 1579 cum
1281 1527 1490 1594 magnis
1526 1528 1825 1582 honoribus
1861 1530 2150 1593 revenisse,

580 1626 717 1681 quos
739 1613 1023 1667 Persarum
1059 1631 1152 1668 rex
1180 1615 1359 1671 Ochus
1392 1629 1613 1686 propter
1641 1621 1899 1674 virtutem
1938 1622 1988 1674 in
2030 1638 2152 1675 eum

580 1703 911 1769 conferebat,
947 1705 1217 1775 vitamque
1258 1707 1308 1761 in
1351 1709 1521 1776 patria
1561 1710 1865 1779 reliquisse,
1899 1715 2142 1781 supersti-

580 1794 722 1848 tibus
745 1796 870 1850 liliis
900 1797 1187 1851 Ariaratha
1214 1810 1268 1852 et
1298 1802 1504 1870 Arysa;
1536 1802 1704 1856 frater
1730 1814 1907 1855 autem
1936 1814 1989 1857 et
2013 1805 2154 1871 Cap-

2259 616 2415 677 υίοῖν,
2472 614 2725 684 Δατάμου
2777 614 2871 666 καὶ
2928 612 3245 682 Ἀριμναίου
3277 652 3292 675 ,
3336 609 3689 676 διαδέξασθαι
3743 608 3842 680 τὴν

2258 705 2435 777 ἀρχὴν
2468 706 2746 775 Δατάμην,
2777 704 2947 774 ἀνδρα
2974 704 3068 756 καὶ
3086 704 3131 735 ⁸³
3162 702 3306 756 κατά
3330 702 3573 771 πόλεμον
3596 702 3695 754 καὶ
3722 701 3839 752 κατ’

2257 796 2394 850 ἄλλα
2428 801 2567 867 μέρη
2607 796 2705 865 τῆς
2736 796 3009 865 βασιλείας
3048 794 3176 867 [624
3208 794 3300 865 Η.]
3330 793 3752 863 ἐπαινούμενον,
3779 791 3837 854 ὃς

2258 888 2495 958 Πέρσαις
2530 889 2617 941 διὰ
2664 889 2844 957 μάχης
2883 886 3055 939 ἐλθὼν
3116 887 3213 940 καὶ
3255 886 3524 955 λαμπρῶς
3563 885 3713 937 κατὰ
3740 883 3835 952 τὴν

2261 980 2439 1049 μάχην
2502 979 2911 1049 ἀγωνισάμενος
2940 981 2999 1031 ὲν
3039 980 3174 1049 αὐτῇ
3240 978 3489 1048 τελευτᾷ.
3553 976 3837 1039 Διεδέξατο

2255 1072 2312 1125 δὲ
2340 1073 2438 1141 τὴν
2470 1070 2746 1140 βασιλείαν
2774 1074 2802 1124 6
2830 1072 2943 1134 υἱὸς
2984 1071 3304 1140 Ἀριάμνης,
3337 1065 3398 1122 οὗ
3428 1069 3677 1135 γίνονται
3712 1067 3829 1117 παῖ-

2255 1163 2345 1225 δες
2417 1161 2749 1231 Ἀριαράθης
2811 1161 2906 1213 καὶ
2973 1160 3339 1229 ὐλοιρέρνης-
3400 1154 3560 1218 οὗτος
3614 1154 3675 1207 δὲ
3739 1153 3826 1221 ἐτη

2255 1254 2593 1322 πεντήκοντα
2614 1253 2979 1315 δυναστεύσας
3008 1253 3102 1304 καὶ
3133 1251 3295 1318 μηδὲν
3323 1250 3483 1320 ἔργον
3516 1249 3674 1313 άξιον
3694 1246 3827 1317 μνή-

2259 1367 2366 1419 μης
2386 1346 2596 1419 πράξας
2615 1346 2864 1416 τελευτᾷ.
2891 1345 3003 1415 Τὴν
3030 1346 3086 1398 δὲ
3100 1344 3274 1415 ἀρχὴν
3295 1341 3571 1404 διεδέξατο
3613 1341 3644 1391 ό
3666 1356 3794 1408 πρεσ
3808 1368 3824 1379 -

2255 1442 2481 1512 ϐύτερος
2532 1440 2641 1493 τῶν
2697 1439 2829 1492 υἱῶν
2902 1437 3254 1508 Ἀριαράθης,
3312 1436 3370 1498 ὃς
3403 1432 3830 1502 φιλοποργῆσαι

2253 1532 2618 1602 διαφερόντως
2646 1530 2863 1599 λέγεται
2901 1528 2993 1582 τὸν
3023 1527 3277 1594 ἀδελφὸν,
3302 1525 3400 1578 καὶ
3428 1524 3703 1593 προάγειν
3742 1521 3828 1572 αὖ·

2252 1626 2343 1679 τὸν
2396 1627 2473 1688 είς
2499 1624 2597 1687 τὰς
2651 1621 3092 1692 ἐπιφανεστάτας
3120 1618 3336 1683 τάξεις·
3374 1617 3435 1669 ὃν
3474 1615 3574 1667 καὶ
3604 1612 3827 1683 Πέρσαις

2253 1717 2374 1774 κατ’
2436 1716 2749 1784 Αἰγυπτίων
2810 1712 3185 1768 ἀποσταλέντα
3236 1707 3609 1779 συμμαχῆσαι
3641 1702 3827 1773 pati“

2259 1810 2512 1880 μεγάλων
2570 1808 2744 1877 τιμῶν
2771 1806 3107 1866 ἐπανελθεῖν,
3142 1803 3208 1866 ἃς
3228 1799 3395 1871 Ὦχος
3425 1802 3454 1852 6
3483 1795 3714 1867 Περσῶν
3739 1794 3829 1864 βα-

579 1886 815 1950 padociaa
836 1888 1120 1955 imperium
1151 1890 1355 1943 habens
1379 1894 1500 1960 (nec
1522 1892 1667 1946 enim
1697 1909 2007 1961 germanam
2035 1911 2153 1964 pro-

2260 1874 2436 1964 σιλεὺς
2470 1900 2608 1970 ὑπὲρ
2628 1874 2878 1969 άνδρείας
2909 1897 3103 1956 ἐδίδου,
3135 1894 3227 1947 καὶ
3262 1893 3352 1945 τὸν
3379 1891 3493 1961 βίον
3529 1890 3591 1940 ὲν
3612 1890 3679 1957 τῇ
3730 1903 3831 1937 πα-

578 1975 682 2032 lem
712 1977 987 2045 habebat),
1018 1977 1361 2046 grandiorem
1397 1978 1579 2031 fratris
1609 1979 1774 2031 ﬁlium
1813 1982 2150 2034 Ariarathem

579 2069 875 2135 adoptavit.
910 2069 1009 2122 Per
1031 2084 1092 2123 ea
1120 2080 1357 2137 tempora
1388 2070 1693 2124 Alexander
1719 2071 1939 2127 Macedo
1963 2071 2153 2128 Persas

581 2161 885 2223 debellavit,
910 2162 1103 2214 deinde
1131 2162 1283 2215 ohiit.
1325 2164 1391 2217 At
1430 2164 1713 2218 Perdiccas
1748 2167 1987 2218 omnium
2025 2174 2153 2221 tunc

580 2269 761 2305 rerum
802 2254 1149 2321 gubernator.
1198 2255 1489 2308 Eumenem
1538 2258 1683 2310 misit
1716 2258 1903 2312 ducem
1945 2258 2155 2327 Cappa-

578 2345 776 2410 docia),
816 2361 879 2400 ac
918 2346 1184 2400 debellato
1221 2348 1507 2401 Ariaratha
1553 2359 1606 2402 et
1652 2349 1704 2402 in
1749 2364 1927 2416 pugna
1970 2350 2152 2404 inter-

578 2435 740 2497 fecto.
768 2445 875 2490 tam
901 2438 1014 2507 ipsa
1047 2439 1385 2507 Cappadocia
1409 2456 1568 2509 quam
1606 2440 1844 2495 ﬁnitimaa
1882 2442 2152 2512 regiones.

580 2526 636 2581 in
698 2528 1048 2583 Macedonum
1115 2539 1437 2599 potestatem
1493 2542 1778 2587 venerunt.
1836 2532 2156 2588 Ariarathes

580 2633 711 2673 vero
752 2620 1005 2687 postremi
1055 2622 1195 2689 regis
1232 2620 1373 2675 ﬁlius
1414 2621 1464 2673 in
1507 2622 1790 2690 praesentia
1834 2624 2151 2691 desperans,

581 2714 852 2767 concessit
900 2729 1020 2767 cum
1073 2714 1259 2781 paucis
1300 2715 1352 2768 in
1399 2713 1735 2769 Armeniam.
1787 2713 1942 2769 Haud
1989 2716 2155 2769 multo

581 2814 702 2873 post
732 2814 993 2874 tempore,
1030 2806 1266 2861 Eumene
1295 2817 1346 2861 et
1383 2807 1636 2863 Perdicca
1672 2809 1921 2873 mortuis,
1957 2818 2011 2863 et
2039 2811 2154 2863 An-

582 2898 764 2967 tigono
784 2912 849 2951 ac
879 2897 1106 2952 Seleuco
1131 2901 1461 2963 subsecutis,
1490 2901 1577 2955 ille
1602 2904 1839 2970 acceptis
1868 2904 1935 2957 ab
1967 2904 2158 2956 Arme—

582 2988 792 3043 niorum
824 3004 949 3059 rege
980 2992 1217 3044 Ardoata
1251 2992 1452 3059 cupiis,
1496 3002 1550 3045 et
1580 2991 1931 3047 Macedonum
1963 2995 2154 3047 ducem

581 3082 872 3151 Amyntam
919 3082 1211 3145 interfecit,
1258 3092 1313 3137 et
1340 3082 1660 3138 Macedones
1687 3085 1935 3139 celeriter
1964 3100 1993 3139 e
2034 3085 2156 3139 ﬁni-

582 3175 681 3227 bus
711 3173 899 3239 cjecit,
949 3175 1415 3244 domesticumque
1463 3176 1749 3245 imperium
1799 3180 2153 3247 recuperavit.

580 3263 779 3319 llabuit
807 3264 896 3319 hic
928 3276 1037 3319 tres
1057 3265 1217 3331 ﬁlios,
1238 3282 1463 3333 quorum
1498 3277 1625 3321 natu
1651 3268 1919 3322 maximus
1939 3269 2157 3323 Ariam-

583 3370 683 3409 nes
714 3372 936 3425 regnum
971 3358 1204 3424 accepit.
1238 3359 1327 3426 qui
1374 3357 1689 3414 aﬁinitalem
1732 3361 2002 3415 contraxit
2034 3376 2155 3415 cum

583 3449 848 3503 Antiocho
890 3452 1211 3520 cognomine
1248 3451 1387 3515 Deo,
1426 3451 1543 3520 ejus
1582 3452 1746 3505 ﬁliam
1795 3452 2157 3507 Stratonicam

584 3540 887 3593 Ariarathze
914 3541 1147 3595 ﬁliorum
1179 3557 1398 3597 suorum
1427 3552 1553 3597 natu
1588 3546 1823 3598 maxime
1852 3545 2155 3599 collocavit.

584 3616 828 3695 Cumque
866 3638 1009 3683 esset
1038 3630 1267 3685 ﬁliorum
1301 3647 1460 3701 supra
1503 3633 1716 3686 modum
1750 3649 1959 3697 amans,
1994 3650 2161 3703 puero

585 3718 832 3772 diadema
881 3720 1176 3789 imposuit,
1227 3736 1350 3775 eum
1412 3723 1578 3777 totius
1632 3725 1683 3777 in
1733 3738 1898 3793 regno
1952 3725 2161 3792 imperii

588 3821 754 3879 atque
792 3811 931 3879 juris
982 3827 1049 3866 ex
1080 3828 1235 3882 :equo
1280 3829 1465 3868 secum
1518 3816 1722 3869 socium
1768 3814 1913 3868 fecit.
1954 3814 2165 3869 Mortuo

590 3915 745 3974 patre
776 3905 1092 3960 Ariarathes
1121 3906 1266 3959 solus
1299 3908 1567 3976 regnavit,
1602 3918 1654 3961 et
1685 3924 1715 3961 e
1743 3909 1851 3961 vita
1883 3909 2165 3963 discedens

591 4011 816 4063 regnum
847 3996 955 4049 ﬁlio
977 4012 1074 4049 suo
1096 3998 1384 4050 admodum
1413 4012 1580 4064 puero
1614 3996 1853 4066 reliquit.
1890 3996 1988 4051 Hic
2015 3997 2168 4051 duxit

590 4089 646 4142 in
680 4104 900 4142 uxorem
927 4088 1090 4141 ﬁliam
1123 4089 1375 4142 Antiochi
1406 4089 1605 4154 Magni,
1637 4092 1851 4144 nomine
1880 4091 2168 4144 Antiochi-

590 4182 753 4243 dem,
804 4191 1072 4234 versutum
1136 4180 1446 4234 admodum.
1483 4179 1681 4249 383a
1711 4179 1894 4243 Hanc,
1939 4197 2063 4234 cum
2110 4182 2170 4233 li-

590 4273 751 4327 beros
796 4288 898 4324 non
942 4273 1221 4340 gigneret,
1269 4274 1618 4340 supposuisse
1663 4271 1841 4326 ferunt
1887 4272 1989 4330 sibi
2034 4271 2170 4325 duos

592 4366 736 4421 ﬁlios
771 4366 1051 4435 ignorante
1085 4366 1231 4428 viro,
1280 4365 1531 4419 videlicet
1574 4364 1916 4418 Ariarathen]
1958 4375 2011 4419 et
2040 4364 2170 4418 Olo-

2254 1992 2393 2064 τρίδι
2426 1992 2625 2054 λιπεῖν,
2688 1989 2837 2051 υἱοὺς
2863 1986 3295 2055 ἐγκαταλιπόντα
3341 1978 3680 2052 Ἀριαράθην
3742 1976 3826 2028 καί

2267 2085 2522 2155 Ἀρύσην.
2573 2084 2632 2137 '0
2653 2082 2706 2134 δὲ
2737 2081 2963 2148 ἀδελφὸς
2992 2081 3087 2132 καὶ
3120 2076 3221 2145 τῆς
3246 2071 3646 2131 Καππαδοκίας
3697 2068 3827 2135 ἔχων

2253 2176 2351 2246 τὴν
2379 2176 2551 2245 ἀρχὴν
2575 2174 2656 2243 (οὐ
2682 2172 2791 2241 γὰρ
2813 2167 2879 2241 ἧν
2904 2168 3053 2239 αὐτῷ
3076 2166 3211 2236 γυνὴ
3232 2166 3274 2197 ⁸⁷
3297 2162 3521 2233 γνησία)
3548 2158 3711 2232 [1160
3736 2156 3825 2226 IL]

2254 2268 2345 2319 τὸν
2372 2264 2739 2335 πρεσϐύτερον
2784 2262 2891 2315 τῶν
2946 2259 3149 2312 παίδων
3174 2254 3438 2324 τάδελφοῦ
3486 2250 3820 2323 Ἀριαράθην

2254 2357 2594 2410 υίοποιεῖται.
2627 2352 2785 2405 Κατὰ
2816 2351 2873 2404 δὲ
2892 2351 3113 2411 τούτους
3152 2348 3279 2409 τοὺς
3309 2345 3541 2416 χρόνους
3587 2340 3828 2402 Ἀλέξανο

2253 2448 2377 2517 δρος
2400 2449 2426 2499 6
2449 2444 2715 2499 Μακεδὼν
2764 2443 3132 2510 καταπολεμεῖ
3173 2441 3266 2509 μὲν
3298 2437 3537 2507 Πέρσας,
3587 2430 3703 2485 εἶτα
3733 2431 3825 2483 καὶ

2254 2540 2499 2609 τελευτᾷ,
2537 2539 2632 2589 καὶ
2662 2533 2965 2605 Περδίκκας
2986 2534 3031 2564 ⁵⁸
3064 2534 3093 2585 ό
3122 2531 3230 2584 τῶν
3258 2531 3394 2583 δλων
3422 2529 3551 2580 τότε
3595 2524 3826 2595 ἡγούμε-

2256 2650 2343 2695 νος
2384 2632 2600 2701 Εὐμένη
2640 2630 2849 2698 πέμπει
2905 2624 3301 2686 Καππαδοκίας
3360 2619 3690 2692 στρατηγόν.
3724 2617 3827 2670 Καὶ

2256 2720 2798 2792 καταπολεμηθέντος
2840 2718 3195 2789 Ἀριαράθου,
3220 2718 3479 2775 πεσόντος
3502 2728 3564 2764 τε
3588 2711 3631 2742 ⁸³
3672 2712 3728 2762 ἐν
3755 2711 3819 2776 τῇ

2259 2820 2427 2888 μάχῃ,
2494 2817 2631 2881 αύτὴ
2662 2832 2720 2867 τε
2752 2816 2783 2884 ἡ
2825 2810 3193 2865 Καππαδοκία
3246 2809 3341 2861 καὶ
3372 2810 3441 2859 τὰ
3476 2806 3824 2873 πλησιόχωρα

2256 2910 2424 2978 αὐτῆς
2454 2909 2645 2960 ἔπεσεν
2692 2906 2797 2959 ὑπὸ
2852 2904 3189 2965 Μακεδόνας.
3232 2900 3567 2972 Ἀριαράθης
3604 2897 3662 2950 δὲ
3687 2899 3713 2947 6
3740 2893 3828 2946 τοῦ

2255 3000 2812 3072 προϐεϐασιλευκότος
2845 2998 2979 3060 υίὸς,
3026 2995 3331 3056 ἀπελπίσα,
3366 2993 3510 3045 κατά
3540 2991 3605 3043 τὸ
3639 2986 3824 3054 παρὸν,

2255 3094 2533 3162 ἀποχωρεῖ
2596 3091 2712 3161 μετ’
2764 3090 2961 3159 ὀλίγων
3001 3088 3138 3157 πρὸς
3201 3086 3299 3157 τὴν
3343 3083 3665 3154 Ἀρμενίαν.
3698 3082 3825 3135 Μετ’

2185 3218 2227 3274 c
2260 3187 2320 3239 οὐ
2356 3184 2521 3237 πολὺν
2546 3185 2602 3237 δὲ
2629 3184 2818 3255 χρόνον
2860 3183 2968 3235 τῶν
3021 3183 3145 3251 περὶ
3197 3179 3289 3232 τὸν
3316 3177 3539 3274 Εύμένη
3699 3176 3832 3274 lli-:9—

2258 3277 2452 3331 δίκκαν
2504 3276 2963 3345 τελευτησάντων,
3010 3271 3313 3338 Ἀντιγόνου
3346 3269 3401 3320 δὲ
3440 3266 3537 3319 καὶ
3576 3264 3832 3316 Σελεύκου

2263 3368 2719 3439 περισπωμένων,
2748 3364 2930 3417 λαϐὼν
2957 3363 3189 3431 δύναμιν
3241 3360 3392 3430 παρὰ
3427 3357 3525 3411 τοῦ
3570 3356 3828 3425 βασιλέως

2261 3466 2368 3518 τῶν
2418 3460 2718 3531 Ἀρμενίων
2755 3456 3041 3527 Ἀρδοάτου
3090 3452 3180 3504 τὸν
3235 3452 3331 3521 μὲν
3356 3451 3465 3502 τῶν
3516 3447 3833 3502 Μακεδόνων

2265 3550 2571 3623 στρατηγὸν
2650 3544 2920 3616 Ἀμύνταν
2974 3542 3318 3602 ἀπέκτεινεν,
3371 3538 3595 3604 ἐξέϐαλε
3653 3536 3835 3588 δὲκαὶ

2264 3642 2580 3702 Μακεδόνας
2597 3639 2643 3670 ⁵⁰
2705 3636 2914 3705 ταχέως
2960 3633 3058 3701 τῆς
3110 3630 3314 3701 χώρας,
3382 3630 3479 3681 καὶ
3517 3627 3615 3695 τὴν
3642 3625 3835 3678 οἰκείαν

2265 3732 2439 3801 ἀρχὴν
2496 3729 2849 3795 ἀνεκτήσατο.
2886 3721 3131 3791 Τούτῳδί
3163 3721 3219 3772 δὲ
3241 3718 3407 3789 τριῶν
3440 3717 3647 3771 παίδων
3691 3733 3835 3783 γενι-

2271 3826 2444 3893 μένων
2464 3817 2734 3887 παρέλαϐε
2761 3818 2859 3886 τὴν
2890 3813 3164 3884 βασιλείαν
3188 3814 3213 3864 6
3236 3808 3837 3879 πρεσϐύτατοςἈριάμ-

2267 3932 2363 3984 νης
2384 3932 2395 3945 ’
2430 3914 2486 3975 ὃς
2523 3910 2823 3979 ἐπιγαμίαν
2883 3907 3018 3976 πρὸς
3060 3904 3331 3972 Ἀντίοχον
3360 3902 3730 3971 ποιησάμενος
3755 3902 3837 3951 τὸν

2269 4002 2707 4073 ἐπονομασθέντα
2764 4000 2917 4063 Θεὸν,
2950 3998 3048 4066 τὴν
3080 3995 3269 4048 τούτου
3297 3994 3574 4063 θυγατέρα
3617 3993 3838 4060 Στρατο-

2270 4099 2427 4163 νίκην
2455 4093 2720 4163 συνῴκισε
2738 4091 2817 4162 τῷ
2842 4087 3200 4159 πρεσϐυτέρῳ
3230 4085 3337 4137 τῶν
3366 4085 3500 4137 υἱῶν
3525 4080 3833 4153 Ἀριαράθῃ.

2285 4188 2576 4256 ’Υπάρχων
2607 4186 2664 4237 δὲ
2694 4184 3002 4252 φιλότεκνος
3049 4180 3415 4250 διαφερόντως
3464 4175 3743 4245 περιέθετο
3765 4170 3837 4241 τῷ

2275 4280 2426 4332 παιδὶ
2456 4277 2710 4344 διάδημα,
2740 4275 3151 4343 καὶμσυνάρχειν
3193 4270 3410 4322 πάντων
3430 4267 3541 4319 τῶν
3575 4265 3726 4335 sic"
3756 4263 3838 4331 βα·

2276 4370 2538 4431 σιλείαςδι
2582 4364 3014 4437 προτερημάτων
3071 4362 3157 4414 ἐπ’
3199 4364 3317 4431 ἴσης
3355 4358 3697 4430 μεταδίδωσι.
3736 4346 3833 4406 Τοῦ

503 5295 513 5301 ’
601 5289 713 5342 ﬁlio
752 5288 922 5356 patris
966 5286 1168 5341 amanti
1209 5286 1459 5341 studebat
1512 5299 1570 5337 se
1617 5282 1855 5336 vicissim
1905 5292 2179 5335 amantem

592 4461 881 4527 pherncm.
921 4459 1216 4527 Aliquanto
1260 4469 1379 4528 post
1412 4469 1655 4527 tempore
1700 4473 1820 4511 eum
1844 4473 2026 4511 semen
2051 4474 2158 4512 sus-

2275 4464 2331 4515 δὲ
2365 4460 2569 4529 πατρὸς
2590 4458 3013 4527 τελευτήσαντος
3050 4453 3381 4523 Ἀριαράθης
3426 4448 3695 4520 βασιλεύει
3721 4445 3834 4498 καθ’

594 4550 863 4619 cepisset,
918 4550 1085 4617 ipsam
1125 4560 1320 4616 praeter
1353 4563 1501 4617 spem
1535 4548 1808 4616 peperisse
1838 4548 1974 4601 duas
2008 4549 2158 4612 ﬁlias,

2277 4555 2469 4608 ἑαυτὸν
2490 4553 2583 4605 καὶ
2608 4549 2990 4621 μεταλλάσσων
3021 4549 3109 4600 τὸν
3133 4547 3245 4616 βίον
3294 4544 3555 4597 κατέλιπε
3575 4543 3619 4573 ⁸⁸
3644 4542 3735 4609 τὴν
3757 4538 3841 4607 βα-

595 4654 650 4697 et
675 4658 836 4696 unmn
867 4642 1053 4709 ﬁlium,
1088 4642 1303 4695 nomine
1328 4640 1713 4694 Mithridatem.
1743 4641 1814 4694 At
1849 4651 1974 4694 tunc
2000 4642 2153 4695 virun

2273 4645 2476 4698 σιλείαν
2515 4640 2815 4712 Ἀριαράθῃ
2839 4639 2913 4707 τῷ
2938 4639 3058 4707 υἱῷ,
3090 4637 3268 4706 νηπίῳ
3299 4633 3580 4695 παντελῶς
3608 4632 3716 4684 δντι
3746 4629 3839 4698 τὴν

597 4738 665 4789 de
692 4734 920 4788 subditis
954 4733 1325 4798 consuluisse,
1360 4741 1418 4786 et
1452 4732 1644 4786 fecisse
1677 4742 1735 4785 ut
1766 4733 2022 4802 grandior
2050 4749 2153 4785 cun

2273 4738 2510 4809 ἡλικίαν.
2563 4728 2734 4796 Οὗτος
2771 4733 2829 4784 δέ
2889 4732 3063 4801 ἔγημε
3124 4729 3402 4797 θυγατέρα
3460 4726 3553 4779 τοῦ
3617 4723 3837 4795 μεγάλου

598 4827 966 4881 mediocribus
999 4825 1342 4879 facultatibus
1374 4824 1601 4878 Romam
1634 4824 1974 4885 mitteretur,
2011 4836 2064 4878 et
2091 4827 2149 4893 ju

2276 4830 2568 4900 κληθέντος
2642 4827 2916 4895 Ἀντιόχου
2949 4865 2965 4889 ,
3034 4821 3442 4890 ὀνομαζομένην
3511 4816 3794 4884 Ἀντιοχίδα
3822 4853 3837 4873 ,

598 4920 720 4973 nior
747 4920 797 4971 in
836 4916 1062 4981 Ioniam,
1095 4932 1162 4971 ne
1198 4916 1263 4970 de
1290 4932 1454 4986 regno
1484 4933 1604 4971 cum
1632 4931 1889 4987 germano
1914 4916 2025 4969 ﬁlio
2048 4931 2158 4969 cont

2278 4920 2585 4988 πανοῦργον
2649 4917 2904 4986 μάλιστα.
2966 4911 3183 4982 Ταύτην
3234 4910 3291 4962 δὲ
3345 4910 3420 4979 μὴ
3472 4902 3838 5002 γινομένωνῗ

602 5010 906 5064 tenderent.
951 5008 1103 5063 llunc
1134 5009 1374 5062 adultum
1406 5009 1749 5063 Ariarathem
1787 5008 1940 5060 aiunt
1972 5021 2144 5076 regno

2278 5012 2485 5063 τέκνων
2545 5007 2908 5061 ὑποϐαλέσθαι
2931 5006 2979 5036 ⁸⁶
3033 5004 3127 5056 δύο
3155 5002 3350 5063 παῖδας
3391 4998 3707 5066 ἀγνοοῦντος
3750 4998 3837 5045 τοῦ

600 5103 896 5165 minatum,
948 5112 1002 5155 et
1054 5102 1247 5157 litteris
1300 5100 1503 5156 Graecis
1556 5101 1861 5164 imbutum,
1906 5110 2071 5168 atque
2110 5099 2158 5152 οι

2283 5102 2494 5173 ἀνδρὸς,
2550 5099 2881 5170 Ἀριαράθην
2932 5096 3026 5149 καὶ
3076 5093 3432 5162 Ὀλυφέρνην.
3463 5089 3619 5143 Μετά
3649 5089 3701 5140 δέ
3728 5102 3840 5137 τινα

599 5206 832 5248 czctcras
866 5195 1094 5249 virtutes
1138 5193 1414 5247 laudatum
1464 5192 1649 5246 fuisse.
1691 5191 1755 5244 Et
1784 5201 1939 5260 pater
1964 5191 2158 5260 quiden

2285 5195 2473 5266 χρόνον
2506 5195 2602 5262 τῆς
2625 5190 2837 5260 φύσεως
2871 5187 3261 5255 ἐπιδεξαμένης
3296 5182 3631 5243 ἀνελπίστως
3669 5182 3833 5231 τεκεῖν

2286 5285 2462 5355 αὐτὴν
2482 5284 2573 5336 δύο
2608 5284 2702 5353 μὲν
2733 5280 3061 5348 θυγατέρας,
3086 5276 3201 5328 υἱὸν
3231 5275 3286 5327 δὲ
3302 5275 3398 5327 ἕνα
3413 5274 3506 5326 τὸν
3537 5270 3843 5342 ὀνομασθέν-

2289 5394 2357 5429 τα
2388 5374 2721 5444 Μιθριδάτην
2742 5372 2808 5423 ⁸⁷.
2846 5367 2936 5433 Ἐξ
2980 5361 3041 5420 οὗ
3080 5367 3207 5429 τοὺς
3265 5363 3685 5432 ὑποϐολιμαίους
3723 5360 3842 5410 ἀναν

2291 5467 2647 5538 διδαξαμένην
2721 5462 2908 5530 τάνδρὶ
2964 5460 3056 5514 τὸν
3115 5459 3215 5529 μὲν
3290 5454 3659 5527 πρεσϐύτερον
3720 5450 3845 5522 μετά

603 5380 695 5432 lilii
728 5379 988 5433 exhibere
1016 5396 1029 5430 :
1064 5386 1225 5444 atque
1259 5388 1498 5443 eousque
1530 5374 1796 5442 processit
1831 5387 2019 5426 eorum
2056 5388 2177 5426 mu-

604 5485 689 5530 tua
726 5475 1122 5539 benevolentia,
1166 5481 1225 5525 ut
1263 5479 1415 5525 nater
1444 5479 1555 5525 toto
1587 5470 1814 5540 imperio
1848 5470 2044 5523 cedere
2072 5468 2181 5523 ﬁlio

1885 5601 2117 5659 VARIIE
2156 5602 2553 5659 LECTIONES.

1668 5702 1713 5735 “
1746 5691 1919 5773 μετάῙ
1962 5703 2055 5773 καὶ
2092 5701 2230 5771 μετά
2275 5701 2334 5755 B-
2438 5700 2480 5731 ³⁷
2510 5699 2645 5771 γυνὴ
2676 5699 2754 5773 ίηο
2797 5695 2901 5773 -.⁸⁵⁸
2931 5697 3191 5773 ﬁscales:
3221 5693 3327 5773 8ο..
3415 5687 3459 5719 ⁵⁹
3496 5682 3839 5773 τὶετδῖξίξὲῘῗῖ

2438 5700 2480 5731 δῖ
2510 5717 2575 5736 ν.ι
2619 5699 2629 5715 ⁸

2583 5719 2629 5736 ιη

2510 5699 2645 5771 γυνὴ
2698 5699 2754 5754 Β.
2856 5699 2901 5729 ⁵⁸
2931 5699 3191 5767 περδίκας
3221 5699 3279 5747 Β,
3415 5699 3459 5719 "
3496 5699 3750 5741 πετοντυς
3769 5699 3839 5745 τες

2510 5814 2511 5817 η
2590 5773 2634 5802 ⁵³
2669 5770 2930 5823 ϐασιλέως
2963 5770 3022 5821 Β.
3101 5769 3143 5799 ⁵³
3176 5762 3465 5819 κατέλειπε
3500 5760 3563 5809 Λ.
3640 5753 3684 5786 ⁵³
3708 5769 3847 5823 γενος

710 5716 751 5746 ⁵⁵
788 5712 881 5766 καὶ
940 5720 1062 5781 post
1117 5709 1287 5777 ἄνδρα
1333 5706 1455 5759 add.
1499 5704 1562 5758 A.
1668 5704 1713 5735 ”
1746 5704 1905 5773 μετὰ]
1962 5704 2055 5753 καὶ
2092 5704 2230 5771 μετὰ
2275 5704 2334 5755 Β.
2438 5704 2480 5731 ³7
2510 5704 2645 5771 γυνὴ
2698 5704 2754 5754 li.
2856 5704 2901 5729 ⁵⁸
2931 5714 2995 5750 πε

732 5784 988 5841 πεσόντος
1020 5782 1078 5833 Β.
1160 5780 1206 5809 ⁸⁰
1238 5778 1585 5841 μακεδόνας.
1665 5776 1705 5805 ⁵³
1739 5772 1928 5825 τούτου
1964 5772 2020 5823 Β.
2101 5775 2145 5803 δ’
2173 5774 2269 5833 τῆς
2310 5787 2397 5825 om
2448 5774 2511 5824 A.
2590 5773 2634 5802 ⁵³
2669 5770 2930 5841 βασιλέως
2963 5770 3001 5820 Β

2618 5788 2634 5802 ’³
2669 5788 2930 5834 βασιλέως
2963 5788 3022 5821 ιι.

606 5787 700 5838 καὶ
732 5772 988 5845 πεσόντος
1020 5782 1078 5833 Β.
1160 5772 1585 5848 ’θ’μακεδόνας.
1665 5776 1705 5805 δ’
1739 5772 1928 5848 τούτου
1964 5772 2020 5823 Β.
2101 5775 2145 5803 δ’
2173 5774 2269 5833 τῆς
2310 5787 2397 5825 0m
2448 5774 2511 5824 A.

610 5860 785 5925 μένων
818 5872 876 5919 ς.
968 5843 1012 5885 ⁸⁸
1045 5851 1165 5907 libri
1206 5843 1619 5901 ὑποϐαλλεσθαι.
1697 5846 1740 5877 ⁵⁷
1762 5843 2096 5915 Μιθριδάτης
2126 5861 2185 5908 ς.
