4104 6466
3554 302 3573 329 ς

316 444 451 512 1101
1377 457 1892 521 ΒΙΒΙΑΙΟΤΗΕΟΛ

1994 485 2015 495 -
2051 460 2215 523 COD.
2243 461 2533 524 CCXLIV.
3424 453 3563 519 1402

307 564 627 633 συμμέτρου
687 578 875 635 χρείας
925 566 1004 629 εἰς
1039 564 1259 638 Ῥώμην
1293 570 1664 639 ἀποσταλῆναι
1698 589 1879 642 παρα-

1994 581 2241 634 certaret.
2287 572 2377 627 ille
2418 580 2608 627 contra
2643 574 3044 629 demonstraret
3076 570 3189 627 ﬁeri
3238 558 3347 626 non
3381 583 3562 640 posse,

309 656 594 717 σκευάσαι,
638 657 730 709 τὸν
777 657 836 710 δὲ
890 658 1153 730 νεώτερον
1196 662 1276 723 εἰς
1328 661 1429 730 τὴν
1470 660 1674 714 Ἰωνίαν
1724 664 1887 733 χάριν

1994 672 2047 717 ut
2084 677 2112 715 a
2146 663 2459 730 parentibus
2498 661 2675 719 adhuc
2712 663 3017 719 viventibus
3050 662 3312 732 ejusmodi
3357 658 3564 714 beneﬂ-

306 746 399 797 τοῦ
431 746 507 815 μὴ
557 747 985 817 διαμφισϐητεῖν
1035 750 1169 819 ὑπὲρ
1205 750 1303 818 τῆς
1334 750 1609 819 βασιλείας
1642 751 1721 821 τῷ
1752 770 1888 822 γνη-

1994 755 2131 807 rium
2157 754 2485 809 admitteret.
2514 753 2631 821 ilic,
2654 764 2941 827 postquam
2966 764 3243 823 parentem
3270 753 3377 806 fata
3401 764 3563 806 voca-

313 836 432 906 σίῳ.
474 838 674 892 Τοῦτον
710 840 767 893 δὲ
814 842 1152 911 ἀνδρωθέντα
1210 842 1305 894 καὶ
1352 842 1683 912 Ἀριαράθην
1728 844 1891 910 φασὶν

1994 856 2137 908 runt,
2165 860 2388 913 regnum
2421 848 2650 916 accepit,
2682 859 2791 904 tum
2826 850 2877 904 in
2916 848 3138 917 reliquis
3168 847 3292 900 vitae
3322 843 3564 897 moribus

314 931 804 1001 μετονομασθῆναι,
873 933 1125 995 παιδείας
1147 950 1205 985 τε
1247 932 1567 1003 Ἑλληνικῆς
1633 932 1758 1004 [625’
1793 931 1890 1004 [1.]

1994 937 2247 991 eximium
2311 952 2370 993 se
2415 941 2696 1005 przebens,
2754 950 2865 993 tum
2928 937 3281 1008 philosophiae
3342 946 3561 1001 operam

316 1026 625 1092 μετασχεῖν,
661 1026 755 1077 καὶ
794 1026 931 1078 κατά
954 1026 1050 1096 τὴν
1096 1027 1263 1095 ἄλλην
1290 1025 1631 1079 ἐπαινεῖσθαι
1664 1026 1887 1095 ἀρετήν.

312 1112 423 1163 Καὶ
445 1115 473 1165 ὁ
506 1114 604 1182 μὲν
634 1115 813 1186 πατὴρ
864 1116 1184 1187 φιλοπάτορι
1233 1117 1345 1169 ὄντι
1382 1117 1458 1186 τῷ
1484 1116 1585 1187 υίῷ
1630 1116 1889 1169 ἔσπευδεν

312 1203 602 1258 ἀποδοῦναι
631 1207 727 1276 τὴν
745 1209 837 1260 τοῦ
861 1209 1171 1276 φιλοτέκνου
1199 1208 1455 1277 σπουδὴν,
1479 1209 1571 1262 καὶ
1595 1208 1687 1261 ἐπὶ
1705 1209 1891 1262 τοσοῦ-

311 1309 404 1347 τον
436 1296 621 1359 αὐτοῖς
681 1300 886 1369 προέϐη
918 1299 988 1353 τὰ
1011 1300 1111 1369 τῆς
1156 1299 1291 1369 πρὸς
1341 1299 1605 1369 ἀλλήλους
1650 1299 1883 1361 εὐνοίας,

310 1385 451 1438 ὥστε
474 1390 501 1440 ὁ
533 1389 631 1456 μὲν
654 1391 832 1461 πατὴρ
860 1391 1174 1456 ἐξίστασθαι
1207 1392 1305 1461 τῆς
1331 1390 1456 1462 ὅλης
1478 1390 1652 1460 ἀρχῆς
1685 1389 1888 1459 ἠγωνί-

1994 1042 2222 1081 navans.
2252 1028 2369 1093 Quo
2400 1026 2605 1081 factum
2641 1037 2725 1082 est
2751 1035 2814 1080 ut
2840 1025 3180 1095 Cappadocia
3210 1024 3338 1077 olim
3360 1020 3565 1076 Graecis

1993 1119 2194 1186 ignota,
2225 1129 2349 1172 tunc
2379 1120 2604 1173 eruditis
2631 1117 2799 1174 fuerit
2820 1115 3240 1185 receptaculum.
3267 1112 3413 1166 Idem
3440 1122 3565 1163 cum

1993 1210 2255 1264 Romanis
2291 1210 2584 1265 amicitiam
2619 1211 3046 1277 societatemque
3074 1201 3378 1259 renovavit.
3416 1198 3565 1251 Alia-

1990 1317 2096 1371 que
2134 1302 2365 1371 plurima
2410 1304 2477 1357 de
2522 1303 2779 1356 relatione
2812 1314 2998 1369 regum
3041 1291 3393 1366 Cappadocia:
3424 1302 3565 1360 prae-

1992 1394 2226 1447 sentium
2260 1408 2431 1462 usque
2460 1393 2523 1446 ad
2544 1392 2743 1463 Cyrum
2775 1390 2910 1460 (6‘2).

310 1477 435 1541 ζετο
489 1481 567 1551 τῷ
616 1483 790 1547 παιδὶ,
824 1485 851 1537 ὁ
883 1483 939 1536 δὲ
976 1484 1238 1537 ἀδύνατον
1293 1483 1501 1535 ἐδείκνυ
1522 1481 1569 1513 ⁵⁸
1627 1482 1881 1546 δέξασθαι
1922 1484 2085 1538 αὑτὸν
2142 1486 2296 1558 παρὰ
2347 1485 2549 1555 γονέων
2600 1485 2678 1538 ἔτι
2740 1484 2956 1548 ζώντων
3024 1479 3280 1546 τοιαύτην
3342 1475 3560 1558 χάριτατ

310 1562 481 1635 Οὗτος
533 1573 624 1625 τὸν
680 1575 890 1645 πατέρα
941 1574 1036 1628 τοῦ
1097 1576 1459 1644 πεπρωμένου
1522 1576 1916 1640 καταλαϐόντος
1955 1557 2235 1645 διεδέξατο
2272 1579 2370 1649 τὴν
2425 1576 2718 1643 βασιλείαν,
2764 1579 2863 1647 τήν
2894 1593 2953 1627 τε
2986 1573 3150 1641 ἄλλην
3187 1568 3409 1638 ἀγωγὴν
3466 1557 3561 1618 τοῦ

310 1659 428 1729 βίου
479 1661 909 1734 ἀξιολογωτάτην
977 1666 1386 1735 ἐνδεικνύμενος
1447 1667 1540 1719 καὶ
1589 1668 1875 1739 φιλοσοφίᾳ
1914 1672 2284 1741 προσανέχων,
2316 1671 2374 1735 ἐξ
2406 1666 2465 1725 οὗ
2499 1670 2592 1723 καὶ
2624 1669 2657 1738 ή
2684 1668 2830 1737 παρὰ
2847 1670 2961 1729 τοῖς
3018 1665 3277 1732 Ἕλλησιν
3339 1661 3565 1725 ἀγνοου-

312 1754 447 1823 μένη
491 1754 656 1808 πάλαι
713 1757 1078 1810 Καππαδοκία
1124 1758 1245 1810 τότε
1280 1759 1391 1821 τοῖς
1427 1758 1879 1827 πεπαιδευμένοις
1918 1755 2602 1831 ἐμϐιὼτερονδνὺπῆρχεν.
2644 1757 3005 1812 ’Λνενεώσατο
3026 1756 3071 1808 δ’
3100 1748 3259 1816 ὀὗτος
3314 1751 3409 1804 καὶ
3465 1748 3565 1816 τὴν

308 1848 447 1916 πρὸς
514 1846 812 1916 Ῥωμαίους
882 1848 1062 1915 φιλίαν
1096 1864 1154 1901 τε
1185 1850 1280 1902 καὶ⁵
1336 1849 1673 1918 συμμαχίαν.
1718 1849 1877 1902 Ἀλλὰ
1915 1849 1984 1903 τὰ
2037 1851 2137 1921 μὲν
2212 1852 2341 1925 περὶ
2401 1852 2499 1920 τῆς
2544 1850 2624 1911 εἰς
2679 1847 2863 1918 Κῦρον
2911 1845 3196 1914 ἀναφορᾶς
3243 1840 3353 1893 τῶν
3401 1836 3565 1908 μέχρι

306 1937 461 1992 τοῦδε
521 1940 623 2009 τῆς
686 1940 1080 2003 Καππαδοκίας
1148 1940 1580 2009 βασιλευσάντων
1639 1940 1697 1992 ἐν
1750 1941 1982 2004 τούτοις.

770 2066 771 2069 η
869 2031 965 2083 Ἐκ
994 2030 1099 2083 τοῦ
1129 2030 1335 2084 αὐτοῦ.

385 2121 510 2174 Ὀτι
543 2121 671 2189 περὶ
701 2122 931 2175 Λευκίου
987 2121 1260 2190 Αἰμιλίου,
1307 2119 1402 2173 τοῦ
1447 2121 1662 2190 Περσέα
1718 2138 1890 2173 κατα-

314 2212 745 2283 πολεμήσαντος,
782 2212 882 2281 τῆς
911 2212 1087 2281 ταφῆς
1108 2210 1474 2280 διερχόμενος,
1504 2210 1599 2263 καὶ
1630 2210 1891 2281 λαμπράν

312 2304 484 2376 αὐτὴν
512 2305 570 2368 ἐς
606 2305 676 2358 τά
720 2305 957 2375 μάλιστα
988 2304 1245 2371 γενέσθαι
1269 2301 1464 2370 λέγων,
1500 2303 1696 2369 ἐπάγει
1719 2319 1732 2332 ⁸
1771 2303 1891 2355 Τῶν

311 2400 425 2469 γάρ
445 2398 743 2468 Ῥωμαίων
767 2399 816 2450 οί
853 2398 974 2458 ταῖς
1004 2395 1304 2463 εὐγενείαις
1337 2395 1431 2447 καὶ
1459 2397 1739 2466 προγόνων
1767 2395 1890 2466 δόξῃ

312 2490 667 2561 διαφέροντες
733 2488 869 2559 μετὰ
941 2489 1040 2557 τὴν
1117 2487 1373 2558 τελευτὴν
1428 2487 1892 2540 είδωλοποιοῦνται

314 2583 460 2636 κατά
491 2598 549 2636 τε
572 2583 670 2654 τὴν
695 2580 787 2634 τοῦ
807 2580 1153 2650 χαρακτῆρος
1187 2579 1477 2650 ὁμοιότητα
1499 2576 1652 2649 [1161
1677 2575 1766 2648 8.]
1800 2578 1893 2630 καὶ

312 2673 460 2728 κατὰ
494 2672 590 2743 τὴν
629 2671 757 2740 ὃλην
803 2672 896 2724 τοῦ
930 2670 1182 2740 σώματος
1243 2670 1615 2740 περιγραφὴν,
1650 2670 1892 2740 μιμητάς

314 2768 529 2836 ἔχοντες
562 2767 626 2817 ὲκ
654 2764 856 2826 παντὸς
881 2762 976 2816 τοῦ
1010 2762 1123 2833 βίου
1161 2762 1685 2833 παρατετηρηκότας
1712 2760 1756 2793 ⁸ο
1791 2761 1893 2831 τήν

314 2875 374 2910 τε
409 2855 636 2928 πορείαν
674 2856 767 2909 καὶ
796 2856 893 2918 τὰς
926 2856 1067 2907 κατὰ
1096 2854 1262 2923 μέρος
1293 2853 1557 2922 ἰδιότητας
1586 2853 1683 2921 τῆς
1712 2853 1892 2921 ἐμφά-

316 2966 473 3011 σεως.
508 2946 913 3019 Παραπλησίως
954 2946 1011 2998 δὲ
1049 2947 1143 2998 καὶ
1189 2944 1297 2998 τῶν
1344 2945 1626 3014 προγόνων
1662 2943 1892 3007 ἕκαστος

317 3043 642 3110 προηγεῖται
699 3036 960 3106 τοιαύτην
995 3036 1134 3106 ἔχων
1194 3036 1487 3105 διασκευὴν
1538 3039 1630 3088 καὶ
1668 3035 1891 3105 κόσμον,

317 3132 458 3184 ὣστε
496 3133 621 3194 τοὺς
661 3130 968 3200 Οεωμένους
1007 3129 1093 3181 διὰ
1122 3128 1222 3196 τῆς
1262 3131 1327 3181 ἐκ
1367 3128 1570 3181 τούτων
1606 3128 1894 3197 ἐμφάσεως

315 3226 605 3295 γινώσκειν
640 3227 725 3294 ἐφ’
750 3227 874 3278 ὅσον
905 3225 1128 3278 ἕκαστοι
1149 3226 1191 3257 ⁶¹
1224 3224 1391 3293 τιμῆς
1420 3223 1769 3293 προήχθησαν
1800 3223 1894 3276 καὶ

322 3324 586 3393 μετέσχον
615 3321 724 3373 τῶν
763 3320 821 3371 ὲν
854 3322 918 3390 τῇ
946 3318 1189 3388 πολιτεία
1217 3317 1413 3370 καλῶν.

2610 2031 2694 2088 Ea:
2732 2033 2935 2087 eodem.

2065 2125 2137 2181 De
2171 2126 2317 2180 Lucii
2366 2125 2570 2181 JEmilii
2610 2167 2625 2192 ,
2658 2128 2748 2197 qui
2779 2126 2994 2181 Persem
3032 2124 3353 2189 debellavit,
3388 2125 3569 2193 sepul-

1994 2227 2111 2271 tura
2158 2220 2271 2272 ha-c
2312 2218 2506 2283 habet,
2554 2233 2714 2287 quam
2763 2228 2983 2287 propter
3027 2218 3126 2269 ista
3172 2217 3407 2269 maxime
3436 2216 3569 2271 dicit

1993 2310 2277 2365 illustrem.
2345 2309 2528 2364 Solent
2577 2311 2721 2363 enim
2774 2309 3001 2362 Romani
3054 2309 3143 2378 qui
3189 2309 3468 2362 nobilitate
3515 2319 3570 2363 et

1994 2401 2254 2469 majorum
2310 2419 2532 2456 suorum
2590 2402 2756 2471 gloria
2821 2410 3182 2471 praestarent,
3232 2411 3568 2455 mortuorum

1996 2493 2253 2560 imagines
2278 2494 2343 2547 ad
2377 2492 2786 2547 similitudinem
2840 2492 2985 2556 vitm,
3021 2492 3292 2559 totiusque
3326 2490 3571 2559 corporis

1995 2582 2406 2637 delineationcm
2450 2583 2732 2652 cllingere,
2775 2592 2833 2636 ut
2882 2584 3003 2637 vitae
3031 2584 3226 2639 seriem
3270 2592 3568 2646 servantes,
3652 2646 3669 2655 _

1992 2685 2045 2728 et
2074 2676 2223 2743 juxta
2275 2677 2525 2746 imaginis
2567 2676 2829 2743 cujusque
2869 2676 3141 2743 propriam
3178 2675 3431 2728 virtutem
3472 2674 3568 2727 Ita-

1993 2766 2183 2821 berent
2228 2783 2364 2835 qum
2415 2767 2761 2821 imitarentur
2796 2766 2928 2837 (63).
2958 2766 3160 2820 Eodem
3206 2766 3365 2819 modo
3399 2779 3569 2819 unus-

1995 2860 2226 2930 quisque
2271 2874 2300 2913 e
2350 2848 2667 2928 parentibus
2715 2856 2979 2925 ejusmodi
3028 2868 3268 2919 statuas,
3317 2865 3372 2909 et
3408 2870 3571 2909 orna-

1996 2958 2172 3003 menta
2209 2951 2395 3004 habuit
2438 2960 2490 3004 et
2539 2950 2845 3017 prmcessit,
2895 2958 2952 3000 ut
2998 2964 3061 3001 cx
3108 2962 3297 3001 eorum
3344 2945 3571 3015 picturis

1994 3042 2220 3111 quisque
2247 3041 2525 3109 intelligat,
2558 3051 2786 3110 quantas
2802 3041 2996 3113 383b
3032 3041 3083 3095 iu
3109 3040 3378 3108 republica
3403 3038 3574 3108 digni-

1998 3144 2134 3189 tates
2163 3136 2353 3207 singnli
2382 3146 2435 3189 el
2476 3136 2708 3191 honores
2741 3135 3029 3206 gesserint.

386 3380 525 3465 Ὄτῖ
546 3413 671 3475 τοὺς
704 3380 928 3483 Ἴϐηρας
965 3410 1058 3462 καὶ
1084 3380 1413 3471 Λυσιτανοὺς
1445 3406 1724 3477 ὀνομάζει.
1751 3408 1886 3476 Φησὶ

2060 3398 2313 3453 Nominat
2342 3400 2601 3468 Hispanos
2619 3409 2673 3453 et
2700 3398 3005 3452 Lusitanos.
3068 3395 3223 3449 Addit
3252 3393 3393 3448 enim
3442 3406 3576 3460 quo-

315 3505 423 3574 γάρ
450 3504 525 3565 ὡς
567 3502 823 3572 Μέμμιος
872 3501 1205 3566 ὲξαπέλεκυς
1236 3500 1281 3530 ⁶¹
1329 3500 1632 3570 στρατηγὸς
1670 3500 1748 3561 εἰς
1790 3499 1889 3569 τὴν

330 3594 572 3663 Ἰϐηρίαν
622 3591 993 3655 ὲξαπέσταλτο
1028 3591 1165 3660 μετὰ
1200 3589 1503 3659 δυνάμεως,
1543 3590 1592 3641 οἱ
1628 3589 1684 3641 δὲ
1722 3591 1891 3642 Λυσι-

315 3687 469 3740 τανοὶ
509 3684 912 3754 συστραφέντες
942 3683 1078 3755 πρὸς
1118 3684 1301 3747 αὑτὸν,
1331 3684 1427 3735 καὶ
1456 3681 1709 3746 λαϐόντες
1746 3683 1890 3736 ἀπα-

321 3779 586 3849 ράσκευον
611 3780 656 3810 ⁸³
694 3780 758 3832 ὲκ
787 3777 1086 3839 κατάπλου,
1127 3776 1276 3846 μάχῃ
1307 3791 1366 3826 τε
1406 3774 1663 3843 ἐνίκησαν
1694 3775 1787 3826 καὶ
1830 3774 1890 3826 τὸ

318 3873 568 3924 πλεῖστον
632 3869 727 3922 τοῦ
800 3868 1028 3939 στρατοῦ
1086 3867 1417 3936 διέφθειραν.
1458 3866 1787 3937 Περιϐοήτου
1833 3867 1888 3919 δὲ

315 3963 616 4033 γενομένης
632 3964 731 4032 τῆς
758 3961 867 4014 τῶν
896 3959 1121 4029 Ἰϐήρων
1146 3958 1445 4028 εὐημερίας
1474 3959 1519 4008 οἱ
1548 3958 1644 4025 μὲν
1673 3959 1890 4026 Ἀρουα-

316 4058 421 4117 κοὶ,
452 4056 771 4125 νομίσαντες
813 4052 946 4107 πολὺ
986 4050 1267 4120 κρείττους
1318 4044 1455 4101 εἶναι
1487 4048 1596 4101 τῶν
1644 4048 1887 4120 Ἰϐήρων,

317 4148 731 4217 κατεφρόνησαν
764 4145 871 4197 τῶν
901 4142 1196 4212 πολεμίων,
1229 4140 1322 4193 καὶ
1351 4140 1410 4191 τὸ
1440 4139 1642 4209 πλῆθος
1664 4139 1722 4191 τὸ
1749 4142 1890 4193 κατὰ

315 4241 413 4309 τὴν
442 4238 738 4306 ἐκκλησίαν
771 4237 859 4289 δια
889 4235 1091 4303 ταύτην
1134 4232 1368 4303 μάλιστα
1416 4231 1618 4299 ταύτην
1656 4232 1888 4301 μάλιστα

313 4330 413 4401 τὴν
441 4329 619 4384 αἰτίαν
651 4328 827 4380 εἵλετο
863 4326 953 4380 τὸν
979 4324 1115 4396 πρὸς
1159 4322 1464 4393 Ῥωμαίους
1489 4321 1745 4391 πόλεμον.

922 4417 1017 4469 Ἐκ
1044 4414 1149 4470 τοῦ
1170 4416 1289 4478 λβ.

389 4511 510 4565 Ὅτι
542 4510 602 4563 τὸ
639 4511 818 4579 τεῖχος
844 4509 952 4561 τῶν
988 4506 1372 4577 Καρχηδονίων
1410 4510 1509 4576 τῆς
1542 4505 1751 4569 πόλεώς
1782 4524 1887 4576 φη-

314 4619 399 4655 σιν
430 4600 563 4674 ὓςκος
607 4601 703 4670 μὲν
750 4596 889 4651 εἶναι
917 4596 1108 4666 πηχῶν
1149 4595 1577 4661 τεσσαράκοντα,
1607 4594 1807 4654 πλάτος
1833 4594 1888 4645 δὲ

1996 3492 2153 3544 modo
2188 3490 2469 3543 Memmius
2495 3500 2692 3558 prmtor
2727 3490 2791 3540 ad
2814 3489 3000 3539 urbem
3035 3485 3086 3537 in
3122 3484 3259 3538 bello
3290 3482 3342 3535 in
3383 3480 3575 3548 Hispa-

1994 3584 2136 3636 niam
2182 3597 2305 3635 cum
2341 3581 2509 3649 copiis
2538 3582 2607 3634 sit
2646 3581 2866 3641 missus,
2907 3588 2961 3630 et
2995 3587 3049 3629 Ill
3082 3574 3325 3629 Lusitani
3355 3587 3476 3625 cum
3508 3586 3575 3624 eo

1991 3672 2422 3742 congredientes,
2460 3671 2873 3724 exscendeutcm
2930 3669 3247 3736 imparatum
3287 3670 3572 3730 occupant,

1993 3780 2277 3834 pugnaque
2308 3779 2429 3817 eum
2453 3770 2730 3831 superant,
2761 3774 3114 3829 magnamque
3155 3756 3426 3810 exercitus
3451 3768 3576 3823 par-

1995 3873 2098 3917 tem
2144 3857 2378 3922 (ιωάηηι,
2417 3856 2553 3909 facta
2582 3864 2759 3907 autem
2796 3852 3148 3918 Hispanorum
3207 3847 3428 3901 victoria
3464 3844 3575 3912 jam

1991 3944 2210 4009 celi-bri,
2269 3945 2493 3999 Arevaci
2551 3945 2924 3997 existimantes
2976 3956 3034 3995 se
3096 3939 3258 3992 lberis
3328 3937 3578 3990 fortiores

1992 4038 2167 4089 adhuc
2214 4051 2367 4102 esse,
2396 4037 2602 4088 hostem
2657 4039 3111 4098 contempserunt,
3146 4038 3201 4082 et
3244 4028 3580 4082 inconcione

1992 4130 2235 4197 populus,
2267 4130 2366 4182 hac
2401 4126 2694 4195 praesertim
2731 4126 2795 4179 de
2839 4137 3024 4187 causa,
3071 4132 3259 4177 contra
3306 4120 3580 4175 Romanos

1993 4239 2183 4293 bellum
2227 4242 2389 4293 movit
2417 4238 2547 4310 (64).

2448 4414 2534 4467 Ex
2564 4415 2828 4468 tricesimo
2858 4414 3113 4467 secundo.

2066 4510 2215 4564 Licet
2245 4508 2732 4576 Carthaginensutn
2782 4506 2977 4561 moenia
3032 4502 3384 4574 quadraginta
3424 4497 3580 4551 rubi»

1996 4616 2075 4657 tos
2100 4602 2402 4665 altitudine,
2429 4612 2481 4653 et
2506 4600 2784 4653 latitudine
2857 4599 3044 4668 viginti
3073 4598 3205 4648 duos
3235 4594 3577 4655 excederent,

311 4693 610 4746 εἰκοσιδύο·
643 4695 793 4761 ὅμως
826 4690 921 4742 καὶ
944 4691 989 4722 ⁸⁵
1017 4687 1273 4740 τοιούτων
1308 4686 1476 4739 ὄντων
1517 4687 1573 4739 αἱ
1605 4686 1888 4754 Ῥωμαίων

1998 4699 2360 4750 Itomanorutn
2389 4704 2563 4747 tamen
2598 4694 2880 4755 machinae,
2904 4701 2957 4745 et
2987 4691 3157 4743 virtus
3180 4686 3366 4739 fortior
3415 4698 3577 4754 quam

315 4786 556 4856 μηχαναὶ
575 4784 669 4837 καὶ⁹
702 4784 770 4835 τὰ
792 4782 933 4835 κατὰ
953 4780 1188 4850 πόλεμον
1209 4778 1521 4848 ἀνδραγαυή
1530 4794 1678 4846 ματα
1707 4776 1891 4847 κρείτ-

310 4889 435 4933 τους
475 4870 735 4941 ὥφθησαν
772 4870 871 4939 τῆς
902 4868 1127 4921 ἐκείνων
1178 4867 1516 4935 ἁσφαλείας,ζ
1536 4866 1631 4919 καὶ
1676 4867 1817 4920 ἑάλω
1854 4867 1886 4935 ἡ

310 4965 468 5026 πόλις
497 4962 591 5015 καὶ
615 4959 995 5032 κατερειπώθη
1023 4960 1088 5011 ⁸³.

386 5057 509 5107 Ὅτι
550 5055 920 5122 Μασανάσσης
945 5052 990 5083 ⁸⁸
1019 5054 1045 5105 ὀ
1079 5050 1293 5104 Λιϐύων
1348 5049 1749 5119 βεϐασιλευκὼς
1794 5054 1889 5106 καὶ

309 5150 410 5221 τὴν
445 5149 580 5220 πρὸς
615 5146 919 5217 Ῥωμαίους
944 5145 1123 5214 φιλίαν
1153 5141 1474 5214 τετηρηκὼς
1505 5143 1824 5213 ἐνενήκοντα
1843 5144 1887 5174 ⁸⁷

2001 4801 2186 4841 murus
2221 4785 2340 4848 fuit,
2376 4786 2455 4839 sic
2483 4793 2543 4838 ut
2574 4785 2759 4838 urbem
2802 4784 3063 4852 ceperint,
3092 4789 3144 4834 et
3177 4777 3293 4832 solo
3332 4789 3581 4845 :equave-

2001 4880 2109 4933 rint
2133 4878 2268 4948 (65).
3128 4892 3131 4893 ⁷

2070 5052 2347 5106 Masinissa
2394 5065 2485 5102 rex
2521 5045 3061 5113 Africanorum,squi
3111 5044 3402 5100 amicitiam
3452 5058 3576 5097 cum

1997 5142 2256 5197 Romanis
2285 5141 2469 5207 tenuit,
2496 5156 2667 5195 annos
2712 5138 2998 5208 nonaginta
3055 5137 3109 5191 in
3150 5137 3333 5204 vigore
3387 5134 3520 5190 vixit
3555 5174 3571 5189 .

1625 5300 1852 5355 (Altle
1907 5299 2310 5356 LECTIONES.

402 5422 449 5453 ⁸⁸
474 5420 712 5474 ἐδείκνυε
737 5420 798 5473 Β.

313 5493 358 5524 ⁶¹¹
383 5490 735 5561 έξαπέλεκυς]
760 5491 815 5556 ἐξ
854 5484 913 5543 οὗ
945 5484 1180 5545 πέλεκυς

312 5562 360 5592 ⁸⁵
390 5561 505 5633 καὶ]
542 5557 798 5614 καίτοιἈ.
875 5562 919 5593 ⁸³
952 5557 1303 5628 κατεριπώθη
1331 5560 1396 5615 A.

898 5421 943 5489 ιθ
979 5416 1343 5487 ἐμϐιωτήριον
1408 5419 1740 5489 Stephanus.

1836 5421 1879 5452 ⁶⁰
1914 5419 2027 5488 βίον
2091 5420 2217 5481 τοὺς
2248 5432 2587 5486 παρατετηρ.
2625 5414 2685 5465 Β.

1380 5492 1425 5522 ⁸³
1452 5482 1836 5559 ἀπαράσκευον
1894 5482 2340 5551 ltltudnntaunus,
2390 5490 2454 5559 ὲκ
2516 5482 2884 5559 παρασκευῶν
2936 5486 3004 5551 Α,
3071 5482 3485 5551 ὲκπαράσκευον
3516 5490 3580 5538 ς.

1501 5562 1546 5592 ⁸⁸
1565 5556 1815 5632 μανασῆς
1840 5560 1905 5626 Α,
1930 5560 2213 5630 μανασσῇς
2241 5558 2301 5611 Β.
2383 5558 2428 5589 ⁶⁷
2454 5556 2811 5625 ἐννενήκοντα
2840 5570 2904 5617 ς.

2786 5412 3072 5467 θιὲκαστοι
3112 5410 3165 5463 Ἀ
3208 5428 3222 5464 :
3263 5410 3491 5467 ἕκαστος
3517 5422 3580 5469 ς.

1856 5700 2086 5758 NOTAE.

388 5822 502 5893 (62)
546 5821 681 5877 Vide
712 5820 995 5877 Ciceronis
1030 5822 1316 5893 Epistolas.

388 5892 501 5967 (63)
532 5895 663 5952 Vide
700 5893 944 5950 Tacitum
972 5902 1026 5947 et
1052 5892 1385 5949 Iuvenalem.

2066 5814 2121 5883 (6
2135 5816 2180 5885 ί)
2211 5811 2647 5885 Επιτορίυινηίίρ.Δ
2668 5827 2769 5866 ιν..

2064 5875 2174 5955 (6ὅῖ
2208 5885 2336 5941 Vide
2366 5875 2553 5939 Ortciii
2584 5881 2869 5936 Theatrum
2903 5878 2957 5934 in
2994 5875 3243 5945 Parcrgo.
