4104 6458
571 407 706 472 1403
1001 435 1052 446 -η
1697 410 1963 470 ΡΗΟΤΙΙ
2004 410 2508 472 ΡΑΤΒΙΑΒΟΗᾹΞ
2540 412 2646 473 CP.
3699 400 3837 462 1404

568 519 710 576 ﬁlius
741 517 930 575 decem
949 530 1194 575 moriens
1227 517 1462 589 reliquit,
1489 536 1624 590 quos
1651 521 1910 578 Romanis
1931 538 1982 576 tu
2011 531 2153 578 tute-

2278 524 2356 576 ιὲν
2395 524 2527 577 ἐϐίω
2558 522 2653 592 ἔτη
2683 521 2742 574 ὲν
2785 519 3032 590 δυνάμει,
3064 518 3260 581 παῖδας
3288 517 3423 571 δέκα
3458 517 3520 569 ὲν
3550 515 3631 584 τῷ
3657 515 3836 566 ἀπαλ-

566 606 672 662 lam
698 607 991 662 commisit.
1025 607 1155 661 Erat
1180 620 1230 662 et
1270 609 1511 677 corporis
1546 610 1800 665 ﬁrmitate
1855 621 2136 679 praestans,

2280 613 2539 667 ἀττεσθαι
2586 609 2940 674 καταλιπὼν,
2980 609 3074 673 οὓς
3125 610 3220 664 καὶ
3265 608 3566 679 Ῥωμαιοις
3615 609 3837 674 ἐπιτροο

565 706 623 753 et
652 697 862 752 duritiei
890 711 954 750 ac
994 697 1265 751 laboribus
1298 712 1326 750 a
1370 699 1887 766 pueritia‘assuetns.
1929 700 2140 754 Etenim

2278 705 2509 758 τεύεσθαι
2561 702 2968 772 παρεκατέθετο
2993 701 3038 733 ⁵⁸
3082 701 3210 773 [626
3238 699 3352 772 11.],
3383 697 3452 771 ἧν
3480 701 3539 754 δὲ
3567 699 3666 753 καὶ
3700 698 3841 751 κατὰ

567 799 718 844 alatis
766 789 817 842 in
849 789 1088 857 vestigiis
1119 797 1286 841 totum
1317 789 1457 842 diem
1493 791 1742 845 manebat
1768 791 2039 855 immotus,
2087 800 2143 845 et

2283 798 2346 867 ὴν
2419 796 2513 850 τοῦ
2586 794 2838 864 σώματος
2899 793 3145 846 εὐτονίαν
3211 793 3486 862 διαφέρων
3556 791 3656 844 καὶ
3702 807 3838 859 καρ-

569 878 761 934 sedens
784 893 887 931 non
921 878 1172 947 surgebat
1221 895 1392 948 usque
1425 882 1490 934 ad
1523 889 1754 946 noctem,
1807 891 1919 935 toto
1951 882 2036 934 die
2067 883 2145 933 la-

2287 887 2408 956 ερίῖι
2447 887 2542 938 καὶ
2593 885 2782 945 πόνοις
2835 882 3070 952 συνήθης
3128 885 3191 934 ὲκ
3219 883 3438 943 παιδός·
3491 882 3553 944 ἃς
3589 897 3657 948 γε
3712 878 3840 940 στάς

568 968 726 1022 bores
758 968 1044 1031 meditans,
1094 976 1148 1020 et
1203 969 1254 1022 in
1319 984 1458 1037 equo
1507 971 1848 1025 continenter
1897 979 2010 1024 toto
2065 971 2152 1024 die

2278 995 2304 1027 ν
2338 978 2449 1037 τοῖς
2500 976 2704 1044 ῐχνεσιν
2741 974 2870 1043 ὅλην
2919 973 3016 1043 τὴν
3073 975 3286 1042 ἡμέραν
3336 975 3594 1040 ἀκίνητος
3653 971 3834 1039 ἔμενε,

567 1067 624 1110 et
644 1067 798 1112 nocte
825 1059 1038 1124 sedens,
1063 1068 1115 1112 et
1137 1061 1563 1128 equitationibus
1602 1072 1758 1116 utens
1797 1079 1899 1119 non
1949 1064 2150 1120 defati-

2278 1066 2620 1135 ιαθεζόμενος
2657 1065 2715 1116 δὲ
2769 1068 2870 1116 οὐκ
2911 1066 3166 1134 ἠγείρετο
3205 1065 3368 1133 μέχρι
3410 1063 3607 1124 νυκτὸς
3640 1063 3837 1129 ὲνημε-

569 1148 822 1217 gabatur.
859 1149 950 1204 Est
979 1150 1096 1217 ejus
1121 1152 1443 1208 valetudinis
1473 1154 1778 1224 vigorisque
1806 1159 2019 1224 signum
2045 1159 2147 1212 hoc

2278 1157 2434 1209 οεύων
2473 1157 2595 1218 ταῖς
2642 1154 2752 1207 τῶν
2799 1153 2977 1206 πόνων
3011 1154 3287 1223 μελέταις,
3319 1153 3412 1204 ἐπὶ
3444 1152 3500 1203 δὲ
3539 1152 3632 1203 τὸν
3680 1151 3838 1200 ἵππον

572 1241 890 1307 maximum,
932 1243 1071 1308 quod
1106 1243 1216 1296 fere
1247 1242 1356 1310 jam
1383 1247 1798 1313 nonagenarius,
1833 1249 1999 1302 lilium
2057 1250 2153 1302 ha-

2278 1248 2549 1301 ηπιόαίνων
2589 1247 2632 1278 ⁶⁹
2683 1245 2925 1314 συνεχῶς
2961 1243 3174 1314 ἡμέραν
3237 1245 3332 1295 καὶ
3391 1243 3567 1295 νύκτα
3594 1242 3695 1292 καὶ
3726 1243 3838 1302 ταῖς

572 1330 725 1382 heret
779 1331 1203 1398 quadrimulum,
1243 1333 1483 1403 corporis
1532 1337 1724 1390 robore
1783 1348 2151 1407 praestantem.

2278 1338 2552 1398 ,ππασίαις
2592 1337 2873 1405 χρώμενος
2900 1335 3000 1389 οὐκ
3029 1333 3273 1398 ἐξελύετο
3299 1334 3363 1386 ⁷⁰.
3400 1333 3641 1400 Σημεῖον
3671 1330 3728 1381 δὲ
3749 1330 3840 1397 τῆς

573 1419 628 1474 In
650 1435 900 1490 agrorum
929 1423 1138 1476 cultura
1199 1441 1369 1494 usque
1401 1427 1536 1482 adeo
1564 1429 1835 1494 excellnit,
1867 1440 1922 1483 ut
1942 1430 2166 1499 singulis

2278 1431 2398 1500 περὶ
2426 1429 2586 1482 αὺτὸν
2617 1427 2830 1492 εὐεξίας
2859 1445 2917 1479 τε
2956 1429 3050 1479 καὶ
3088 1425 3369 1494 δυνάμεως
3398 1426 3661 1492 μέγιστον
3682 1439 3696 1450 ·
3731 1423 3841 1471 ὲνε-

574 1511 700 1565 ftliis
726 1511 1004 1582 reliquerit
1029 1529 1215 1584 agrum
1247 1517 1432 1570 decem
1468 1519 1688 1572 millium
1714 1521 1964 1590 jugerum
1995 1523 2144 1574 omni

573 1605 930 1659 instrumento
961 1615 1228 1660 ornatum.
1265 1607 1526 1678 Regnavit
1545 1611 1800 1680 praclare
1825 1627 1994 1666 annos
2017 1627 2169 1667 sexa-

574 1697 744 1765 ginta.

2269 1521 2505 1589 νήκοντα
2538 1519 2647 1588 γὰρ
2680 1517 2864 1586 σχεδὸν
2909 1516 3048 1586 ἔχων
3097 1516 3189 1584 ἐτη
3235 1517 3349 1566 υίὸν
3395 1511 3510 1581 εἶχε
3557 1511 3839 1579 τετραετῆ,

2269 1611 2590 1678 διαφέροντα
2617 1613 2682 1679 τῇ
2710 1609 2804 1661 τοῦ
2834 1609 3084 1676 σώματος
3127 1607 3306 1676 ῥώμῃ.
3350 1607 3440 1658 Ἐν
3469 1606 3528 1658 δὲ
3573 1606 3698 1665 ταῖς
3741 1604 3844 1656 τῶν

2271 1701 2456 1772 ἀγρῶν
2501 1701 2842 1769 ἐπιμελείαις
2891 1699 3144 1751 τοσοῦτον
3173 1699 3476 1767 διήνεγκεν,
3527 1697 3606 1758 ὡς
3636 1697 3844 1763 ἑκάστῳ

571 1790 680 1840 τῶν
723 1790 852 1842 υἱῶν
888 1790 1170 1843 ἀπολιπεῖν
1199 1792 1366 1861 ἀγρὸν
1403 1795 1817 1865 μυριόπλεθρον,
1865 1794 2281 1866 κεκοσμημένον
2311 1795 2513 1855 πάσαις
2545 1795 2666 1855 ταῖς
2745 1793 3134 1852 κατασκευαῖς.
3201 1789 3548 1842 Ἑϐασίλευσε
3620 1786 3667 1839 δ’
3727 1789 3843 1837 ἐπι.

574 1879 757 1949 φανῶς
791 1880 881 1948 ἔτη
917 1882 1195 1952 ἐξήκοντα.
1725 1905 1730 1909 ·

645 1969 963 2024 Nicomedes
997 1983 1200 2040 patrem
1236 1972 1480 2028 Prusiam
1535 1990 1884 2045 persequens,
1911 1979 1977 2033 ad
2006 1995 2154 2034 aram
2192 1982 2232 2039 Β

575 2059 725 2114 Jovis
788 2061 1188 2130 conlugientem
1256 2065 1548 2131 interiecit,
1601 2079 1656 2122 et
1718 2069 1948 2124 nefanda
2010 2073 2154 2127 caede

577 2154 862 2220 imperium
917 2154 1219 2223 invadens,
1280 2158 1548 2226 Bithyniae
1627 2175 1853 2230 regnum
1927 2162 2155 2233 adeptus

576 2254 680 2298 εει.

651 2335 892 2390 Lusitani
919 2339 1092 2406 primo
1121 2356 1302 2408 parem
1325 2343 1512 2397 ducem
1553 2360 1656 2399 non
1691 2348 1968 2411 habentes,
2004 2347 2160 2402 facile

580 2427 996 2493 superabantur,
1028 2430 1220 2486 bellum
1246 2450 1371 2504 cum
1390 2434 1642 2490 Romanis
1665 2450 1935 2508 gerentes.
1971 2439 2159 2492 Postea

582 2515 883 2572 Viriathum
938 2521 1114 2589 adepti
1181 2525 1405 2577 ntnltum
1469 2525 1728 2580 Rotnanis
1793 2529 2157 2583 incommoda-

585 2619 730 2664 rnnt.
794 2610 924 2666 Erat
967 2611 1014 2666 is
1069 2629 1130 2666 ea
1179 2625 1335 2683 gente
1358 2617 1558 2688 385a
1621 2617 2020 2685 Lusitanorum,
2071 2622 2160 2690 qui

583 2701 857 2756 Oceanum
885 2705 1148 2761 accolunt.
1213 2705 1404 2761 Pastor
1456 2709 1609 2764 [uita
1643 2713 1840 2766 teneris
1898 2721 2164 2767 montanae

583 2793 706 2847 vita:
753 2804 1020 2861 assuetus,
1083 2796 1371 2863 adjuvante
1416 2798 1578 2852 etiam
1651 2804 1893 2870 corporis
1947 2813 2161 2857 natura.

583 2883 717 2939 Nam
753 2897 804 2939 et
842 2887 1034 2943 robore
1069 2901 1123 2943 et
1147 2891 1422 2946 celeritate
1455 2892 1889 2964 reliquarumque
1929 2897 2163 2966 partium

582 2977 820 3046 agilitate
881 2977 1146 3044 Hispanos
1197 2981 1356 3050 longe
1423 2984 1798 3052 antecellebat,
1863 3001 1984 3042 cum
2041 2987 2164 3040 cibo

583 3070 801 3136 exiguo,
831 3079 885 3124 et
913 3069 1101 3124 multis
1151 3073 1636 3127 exercitationibus
1690 3076 1764 3129 uti
1796 3074 2164 3130 consuefecis-

584 3170 684 3221 set,
717 3169 769 3212 et
801 3176 990 3216 somno
1036 3164 1293 3220 duntaxat
1319 3177 1575 3235 quantum
1626 3174 1770 3221 esset
1819 3183 2061 3222 necesse.
2111 3168 2164 3221 In

585 3265 792 3303 summa
824 3250 1024 3306 ferrum
1053 3257 1391 3311 continenter
1421 3271 1660 3325 gestans,
1701 3269 1754 3312 et
1805 3274 1926 3313 cum
1979 3258 2170 3314 bellnis

2332 1973 2455 2026 ’Ότι
2516 1970 2836 2040 Νικομήδης
2895 1967 3174 2039 Προυσίαν
3225 1964 3314 2018 τὸν
3373 1963 3574 2019 ἑαυτοῦ
3639 1966 3843 2032 πατέρα

2265 2063 2754 2132 καταπολεμήσας,
2802 2060 2897 2113 καὶ
2951 2057 3336 2126 καταφυγόντα
3382 2059 3464 2116 είς
3493 2057 3559 2108 τὸ
3598 2055 3693 2107 τοῦ
3726 2055 3842 2116 Διὸς

2267 2155 2410 2222 ἱερὸν
2450 2149 2676 2213 ἀνελὼν,
2712 2147 2989 2219 παρέλαϐε
3021 2147 3120 2216 τὴν
3146 2145 3426 2214 βασιλείαν
3455 2144 3557 2214 τῆς
3579 2144 3840 2207 Βιθυνίας,

2265 2243 2611 2312 ἀσεϐεστάτῳ
2638 2236 2784 2310 φόνῳ
2808 2240 3153 2310 κτησάμενος
3177 2237 3277 2308 τὴν
3303 2237 3502 2305 ἀρχήν.

2338 2339 2460 2389 Ὅτι
2497 2334 2810 2396 Λυσιτανοὶ,
2843 2335 3002 2401 φησὶ,
3028 2332 3089 2383 τὸ
3121 2331 3219 2400 μὲν
3254 2329 3472 2401 πρῶτον
3507 2328 3612 2381 οὐκ
3636 2328 3842 2396 ἔχοντες

2266 2428 2561 2497 ἀξιόχρεων
2582 2424 2826 2496 ἡγεμόνα
2847 2423 3111 2476 εὐάλωτοι
3135 2423 3177 2452 ⁷³
3206 2420 3534 2474 καθίσταντο
3559 2419 3841 2487 Ῥωμαιοις

2267 2517 2654 2586 πολεμοῦντες,
2694 2515 2919 2585 ὕστερον
2951 2514 3009 2567 δὲ
3044 2512 3331 2583 ’Υριάτθου
3375 2511 3716 2582 κυρήσαντες
3753 2528 3842 2579 με.

2268 2613 2409 2682 γάλα
2450 2612 2754 2682 Ῥωμαίους
2815 2605 3207 2677 Εὸλαψαν.Ἶίν
3259 2605 3356 2676 μὲν
3407 2604 3501 2658 οὖν
3559 2599 3712 2666 οὗτος
3739 2605 3840 2657 τῶν

2269 2706 2419 2777 παρὰ
2447 2705 2538 2756 τὸν
2565 2704 2804 2757 ὠκεανὸν
2826 2701 3118 2755 οἰκούντων
3154 2698 3494 2761 Λυσιτανῶν,
3535 2697 3836 2768 ποιμαίνων

2267 2799 2334 2850 ὲκ
2367 2795 2556 2858 παιδὺς
2577 2836 2591 2857 ,
2615 2795 2779 2865 ὀρείῳ
2803 2793 2904 2864 βίῳ
2932 2792 3218 2864 [κατέστη]
3241 2794 3284 2824 ⁷¹
3306 2790 3571 2860 συνήθης,
3595 2789 3842 2856 συνεργὺν

2271 2891 2410 2960 ἔχων
2435 2889 2479 2919 ⁷³
2511 2889 2606 2940 καὶ
2657 2888 2755 2956 τὴν
2786 2885 2881 2940 τοῦ
2925 2884 3179 2956 σώματος
3209 2883 3399 2953 φύσιν·
3429 2883 3523 2935 καὶ
3556 2882 3665 2949 γὰρ
3693 2882 3841 2950 ῥώμῃ

2272 2983 2364 3033 καὶ
2399 2981 2555 3049 τάχει
2587 2980 2682 3034 καὶ
2708 2982 2772 3049 τῇ
2804 2979 2915 3032 τῶν
2949 2978 3154 3031 λοιπῶν
3181 2975 3364 3046 μερῶν
3392 2974 3681 3043 εὐκινησία
3717 2973 3841 3024 πολὺ

2272 3073 2526 3142 διήνεγκε
2576 3073 2683 3125 τῶν
2726 3071 2968 3141 Ἰϐήρων.
3008 3068 3301 3129 Συνεθίσας
3345 3068 3391 3102 ⁷⁸
3431 3065 3490 3118 δὲ
3533 3065 3581 3096 ⁷⁸
3621 3065 3775 3116 αὑτὸν
3799 3065 3842 3094 ⁷⁸

2273 3169 2448 3236 τροφῇ
2488 3167 2586 3234 μὲν
2611 3165 2770 3236 ὀλίγῃ
2800 3162 3118 3230 γυμνασίοις
3147 3161 3204 3214 δὲ
3231 3161 3447 3223 πολλοῖς
3480 3161 3736 3232 χρῆσθαι,
3759 3158 3844 3210 καὶ

2278 3257 2432 3326 ὕπνῳ
2482 3258 2525 3288 ⁷⁷
2565 3257 2726 3325 μέχρι
2778 3256 2938 3322 μόνου
2981 3253 3076 3306 τοῦ
3128 3254 3469 3321 ἀναγκαίου,
3525 3252 3752 3305 καθόλου
3793 3251 3844 3303 δὲ

582 3350 641 3393 .et
675 3341 973 3396 latronibus
1026 3359 1219 3397 manus
1250 3346 1560 3410 conferens.
1597 3350 1751 3418 vulgo
1781 3350 2014 3404 celebris
2042 3365 2172 3404 eva-

2282 3345 2655 3414 σιδηροφορῶν
2686 3341 2926 3412 συνεχῶς
2965 3343 3059 3394 καὶ
3101 3341 3312 3410 Θηρίοις
3365 3342 3458 3394 καὶ
3507 3342 3729 3410 λῃσταῖς
3772 3341 3844 3401 εἰς

584 3432 680 3495 sit,
714 3443 767 3486 et
795 3433 990 3488 abillis
1021 3436 1126 3489 dux
1153 3437 1380 3502 electus,
1431 3441 1576 3494 brevi
1645 3441 1917 3496 latronum
1981 3451 2166 3496 cater-

589 3539 707 3574 vam
749 3538 807 3576 se
839 3525 1038 3578 circmn
1071 3533 1437 3599 congregavit.
1466 3535 1642 3603 Atque
1706 3534 1757 3587 in
1793 3534 1947 3588 bellis
2001 3535 2168 3604 proii-

590 3614 762 3677 ciens,
793 3632 896 3669 non
943 3617 1116 3671 solum
1165 3621 1509 3677 admirationi
1564 3625 1658 3678 fuit
1721 3637 1942 3695 propter
2007 3627 2173 3680 robur

594 3708 861 3774 corporis,
887 3724 1070 3762 verum
1100 3712 1265 3765 etiam
1296 3714 1399 3768 dux
1427 3717 1696 3771 excellens
1723 3718 1872 3772 visus
1900 3726 2006 3772 est.
2043 3719 2173 3772 Erat

593 3803 774 3847 autem
830 3797 880 3849 in
929 3797 1293 3866 dispertienda
1361 3806 1540 3871 prada
1589 3806 1792 3874 justus,
1841 3819 1894 3861 et
1949 3823 2043 3863 eos
2081 3808 2172 3875 qui

591 3884 808 3952 egregie
838 3899 1224 3954 pugnaverant,
1281 3905 1380 3960 pro
1437 3893 1697 3962 dignitate
1746 3895 1901 3949 donis
1941 3895 2174 3950 extolle-

593 3969 683 4024 bat
715 3971 951 4043 (66-67).
998 3974 1236 4033 Tandem
1281 3996 1402 4035 cum
1428 3980 1540 4050 jam
1600 4000 1702 4037 non
1755 3984 2018 4038 latronem
2081 3986 2175 4040 sed

597 4062 892 4132 principem
917 4081 1034 4120 sese
1050 4070 1404 4138 exhibuisset,
1425 4072 1619 4128 bellum
1640 4076 1802 4145 gessit
1827 4093 1945 4132 cum
1976 4077 2176 4130 Roma-

597 4153 702 4218 nis,
735 4157 1031 4226 multisque
1056 4161 1259 4228 praeliis
1292 4165 1542 4232 superior
1565 4169 1758 4232 evasit,
1781 4169 1915 4222 adeo
1935 4180 1988 4222 ut
2011 4168 2173 4223 etiam

598 4245 788 4298 ducem
857 4247 1223 4305 Romanorum
1268 4251 1534 4309 Vitellium
1583 4273 1703 4310 cum
1764 4259 1879 4326 ipso
1932 4261 2174 4313 exercitu

598 4334 978 4406 proﬂigaverit,
1009 4342 1388 4413 captivumque
1421 4349 1646 4415 ceperit,
1694 4357 1749 4401 et
1789 4349 1967 4416 gladio
2011 4366 2178 4403 neca-

598 4427 759 4490 verit,
790 4437 845 4483 et
882 4430 982 4483 alia
1022 4433 1185 4486 multa
1220 4435 1270 4488 in
1303 4435 1444 4490 bello
1481 4437 1706 4493 feliciter
1732 4441 1982 4508 gesserit,
2012 4443 2179 4497 donec

601 4517 797 4575 Fabius
827 4523 948 4576 belli
978 4527 1233 4581 adversus
1281 4529 1426 4582 illum
1477 4532 1581 4584 dux
1619 4545 1829 4587 creatus
1883 4546 1983 4588 est.
2043 4535 2178 4589 Inde

604 4627 710 4666 non
745 4615 903 4682 paulo
937 4615 1160 4671 inferior
1187 4634 1308 4674 esse
1337 4623 1522 4690 coepit.
1576 4623 1774 4678 Deinde
1836 4636 2068 4690 creatus,
2121 4637 2174 4679 et

604 4702 767 4757 Fabio
797 4709 1044 4774 superior
1069 4709 1265 4776 factus,
1299 4729 1420 4766 eum
1458 4716 1506 4766 in
1537 4726 1693 4784 pacta
1730 4718 2056 4772 descendere
2084 4721 2165 4772 in-

603 4794 760 4864 digna
821 4797 1078 4854 [ieiunantis
1109 4803 1300 4870 coegit.
1338 4801 1530 4858 Verum
1581 4807 1762 4876 Scipio
1795 4809 2056 4864 adversus
2095 4809 2185 4864 Vi-

608 4886 841 4940 riathum
871 4890 974 4942 dux
1008 4892 1184 4946 electu
1204 4909 1254 4956 s,
1282 4910 1403 4962 qua:
1441 4907 1557 4951 acta
1585 4897 1709 4953 fecit
1741 4901 1912 4965 irrita,
1945 4913 1996 4954 et
2025 4916 2186 4970 snpe-

615 4985 791 5029 ratum
821 4995 964 5048 sa‘pe
998 4980 1320 5050 Viriathum,
1347 4989 1412 5040 ad
1443 4996 1738 5044 extremam
1763 4992 1954 5045 deinde
1983 4993 2185 5046 cladem

608 5069 964 5135 eumpnlsum,
996 5073 1130 5127 adeo
1156 5083 1212 5127 ut
1240 5091 1420 5145 pacem
1459 5089 1750 5147 spectaret,
1795 5098 1890 5150 per
1927 5082 2188 5136 domesti-

609 5172 704 5211 cos
735 5159 859 5212 dolo
909 5163 1197 5230 interfecit,
1269 5179 1323 5221 et
1376 5169 1492 5237 ejus
1551 5171 1761 5238 imperii
1815 5188 2183 5228 successorem

614 5248 932 5307 Taulamum
987 5257 1211 5326 eiusque
1236 5262 1413 5318 socios
1444 5264 1688 5318 oercnlit.
1730 5273 1870 5319 etut
1905 5283 2003 5331 pas
2039 5266 2188 5318 arbi-

2273 3435 2491 3503 ἀγῶνας
2549 3433 2968 3501 καθιστάμενος,
3013 3432 3334 3502 περιϐόητος
3372 3431 3594 3498 ἐγένετο
3619 3430 3666 3461 ⁷⁸
3707 3427 3843 3494 παρὰ

2276 3531 2389 3589 τοῖς
2425 3525 2679 3595 πλήθεσι,
2726 3525 2821 3578 καὶ
2862 3520 3086 3591 ἡγεμὼν
3135 3522 3316 3584 αὐτοῖς
3353 3521 3551 3590 ᾑρέθη,
3593 3521 3687 3572 καὶ
3721 3519 3842 3587 ταχὺ

2281 3617 2536 3686 σύστημα
2561 3615 2690 3685 περὶ
2715 3615 2903 3667 ἑαυτὸν
2927 3611 3139 3684 λῃστῶν
3163 3612 3405 3682 ήθροισε.
3438 3610 3607 3682 [1164
3642 3610 3729 3681 ll]
3748 3609 3844 3661 Kal.

2275 3711 2602 3783 προκόπτων
2630 3708 2688 3759 ὲν
2719 3707 2832 3768 τοῖς
2873 3703 3213 3773 πολέμοιςοὺ
3252 3703 3410 3772 μόνον
3457 3699 3840 3772 ἐθαυμαστώθη

2275 3804 2343 3857 δι’
2377 3801 2568 3872 ἀλκὴν,
2599 3797 2737 3850 ἀλλὰ
2773 3797 2866 3850 καὶ
2921 3794 3247 3864 στρατηγεῖν
3281 3792 3425 3858 ἔδοξε
3474 3792 3842 3860 διαφερόντως.

2278 3891 2390 3950 Ἦν
2427 3894 2484 3947 δὲ
2513 3893 2607 3946 καὶ
2633 3891 2841 3952 δίκαιος
2868 3889 2927 3942 ὲν
2973 3889 3094 3946 ταῖς
3127 3886 3412 3955 διανομαῖς
3440 3884 3554 3937 τῶν
3583 3883 3842 3954 λαφύρων,

2279 3985 2374 4037 καὶ
2411 3984 2530 4036 κατ’
2580 3980 2739 4047 ἀξίαν
2789 3979 2916 4042 τοὺς
2974 3976 3495 4046 ἀνδραγαθήσαντας
3533 3973 3697 4043 ἐξῆρε
3747 3973 3845 4033 τοῖς

2276 4075 2490 4146 δώροις.
2541 4070 2754 4143 Προϊὼν
2816 4069 2872 4122 δὲ
2959 4068 3141 4121 οὐκέτι
3231 4066 3432 4137 λῃστὴν
3494 4065 3635 4118 ἀλλὰ
3703 4062 3844 4116 am.

2281 4183 2415 4238 στην
2457 4163 2619 4219 αὑτὸν
2669 4164 2714 4193 ⁷⁸
2800 4158 3083 4224 ἀναδείξας
3153 4156 3460 4226 ἐπολέμησε
3533 4152 3841 4222 Ῥωμαίοις,

2282 4259 2380 4312 καλ⁸
2433 4256 2655 4317 πολλαῖς
2695 4251 2965 4321 ἐκράτησε
3027 4248 3251 4318 μάχαις,
3290 4245 3366 4310 ὡς
3416 4245 3511 4299 καὶ
3564 4241 3845 4314 στρατηγὸν

2294 4350 2582 4420 Ῥωμαίων
2605 4346 2914 4400 Οὐϊτέλλιον
2936 4343 2980 4374 ⁸ο
3005 4341 3152 4410 αὐτῷ
3178 4339 3628 4408 καταπολεμῆσαι
3651 4332 3846 4405 στρατῷ

2287 4443 2382 4496 καὶ
2417 4440 2762 4510 αἰχμάλωτον
2789 4436 2974 4490 λαϐεῖν
3008 4435 3105 4487 καὶ
3133 4433 3276 4500 ξίφει
3306 4431 3537 4490 ἀνελεῖν,
3569 4430 3665 4482 καὶ
3697 4425 3847 4479 πολλὰ

2283 4534 2446 4601 ἕτερα
2475 4529 2814 4599 εὐημερῆσαι
2855 4526 2998 4579 κατὰ
3042 4525 3302 4594 πόλεμον,
3333 4523 3436 4584 ἓως
3483 4521 3678 4582 Φάϐιος
3703 4536 3849 4587 στρα-

2284 4624 2453 4692 τηγὸς
2475 4619 2570 4673 τοῦ
2603 4621 2735 4690 πρὸς
2762 4619 2924 4671 αὐτὸν
2952 4617 3191 4685 πολέμου
3223 4615 3654 4685 κεχειροτόνητο.
3688 4612 3847 4662 Ἐκεῖ-

2293 4714 2383 4766 θεν
2406 4714 2448 4764 δ’
2481 4710 2838 4762 ἐλαττοῦσθαι
2862 4707 3064 4777 ἤρξατο
3083 4705 3170 4758 ἐπ’
3201 4708 3301 4758 οὐκ
3330 4704 3532 4771 ὀλίγον.
3571 4699 3699 4754 Εἶτα
3730 4702 3848 4752 ἀνα-

2288 4803 2468 4858 λαϐὼν
2503 4801 2595 4854 καὶ
2624 4800 3096 4869 κατευδοκιμήσας
3127 4799 3328 4850 Φαϐίου
3361 4799 3440 4856 είς
3465 4795 3734 4864 συνθήκας
3760 4792 3848 4844 αὖ·

2293 4897 2384 4948 τὸν
2413 4894 2587 4948 ἐλθεῖν
2613 4892 2865 4957 ἀναξίους
2904 4890 3187 4959 Ῥωμαίων
3210 4889 3544 4956 ἠνάγκασεν.
3586 4886 3720 4938 Ἀλλ’
3745 4884 3770 4935 ὃ
3792 4898 3846 4949 γε

2293 4984 2554 5056 Σκηπίων
2597 4982 2920 5050 στρατηγεῖν
2952 4979 3071 5032 καθ’
3105 4977 3396 5048 ’Υριάτθου
3425 4977 3467 5007 ⁸⁷
3507 4974 3742 5046 αἱρεθεὶς
3764 4973 3848 5033 τάς

2294 5095 2352 5130 τε
2383 5077 2656 5144 συνθήκας
2683 5071 2787 5141 ὴκύ
2799 5088 2960 5141 ρωσε,
2994 5070 3088 5123 καὶ
3117 5070 3375 5132 πολλάκις
3409 5068 3690 5138 ’Υρίατθον
3713 5064 3850 5117 ὲλατ·

2295 5169 2500 5230 τώσας,
2543 5161 2660 5217 εἷτα
2701 5165 2779 5226 εἰς
2828 5164 3051 5232 ἔσχατον
3078 5164 3249 5233 ἥττης
3281 5161 3580 5221 συνελάσας
3609 5158 3743 5210 ὥστε
3767 5153 3849 5208 καὶ

2298 5259 2433 5329 πρὸς
2484 5254 2714 5316 σπονδὰς
2764 5255 2918 5323 ὁρᾷν,
2951 5253 3039 5306 διὰ
3083 5254 3192 5306 τῶν
3227 5252 3444 5307 οἰκείων
3495 5249 3846 5316 ἐδολοφόνησε.

1890 5353 2123 5407 νΑΙῖΙᾸΞ
2157 5344 2557 5407 LEC'l‘lONES.

694 5428 739 5461 ⁸⁸
761 5437 1168 5499 παρακατέθετο
1195 5456 1254 5501 ς.
1331 5441 1375 5473 ⁸⁸
1408 5441 1499 5493 τὸν
1524 5443 1688 5496 ἵππον
1715 5445 2005 5497 ἐπιϐαίνων
2034 5446 2073 5496 Β
2101 5455 2153 5498 et
2177 5458 2321 5497 corr.
2356 5440 2394 5490 Α
2423 5457 2436 5491 :
2471 5435 2576 5487 τῶν
2627 5433 2813 5485 ἵππων
2859 5430 3135 5499 ἐπιμένων
3161 5447 3220 5492 ς’.

1751 5516 1795 5545 ⁷³
1823 5513 1958 5582 ἔχων
1988 5531 2098 5569 out.
2131 5531 2172 5580 ιιι

2278 5535 2314 5566 ι.
2393 5509 2440 5538 ⁷⁸
2471 5503 2780 5582 summa;
2811 5497 3143 5582 Βνῇςνγῄθης
3167 5501 3211 5552 Α
3247 5519 3259 5552 :
3295 5497 3565 5582 συνείθισε
3598 5497 3772 5582 eum"
3797 5497 3847 5582 et

1742 5586 1784 5615 ⁷³
1814 5585 2029 5652 ἐγένετο
2061 5585 2186 5638 atld.
2216 5585 2278 5635 Δ.

615 5501 662 5532 ⁷⁸
695 5501 1054 5579 εὐαλωτον-ς.
1101 5509 1431 5579 ’τί-κατέστη
1454 5526 1564 5564 on].
1600 5512 1659 5567 Β.

617 5585 724 5622 oin.
752 5573 818 5622 A.
894 5574 937 5604 ⁷⁸
967 5575 1155 5628 ἑαυτὸν
1180 5577 1237 5630 Β.
1315 5581 1358 5610 ⁷⁷
1379 5573 1546 5634 ὕπνου
1575 5583 1637 5636 Α.

623 5639 755 5709 θρου
791 5655 848 5701 ς.

3298 5430 3344 5460 το
3380 5429 3600 5492 ἐξελυτο
3622 5441 3756 5482 corr.
3786 5428 3843 5481 Α.

2389 5577 2432 5609 ⁷⁹
2469 5573 2661 5627 ἑαυτὸν
2719 5571 2779 5626 Β.
2883 5572 2928 5604 ⁸⁰
2964 5567 3236 5624 Ούῐτέλιον
3267 5585 3327 5633 ς.
3426 5569 3469 5600 ⁸⁸
3501 5574 3618 5623 κατ’
3666 5567 3849 5636 Οὐριά-

2070 5713 2293 5768 NOTAE.

692 5803 900 5875 ((56-67)
928 5805 1104 5862 Cicer.
1129 5806 1220 5862 lib.
1249 5823 1264 5862 ι
1294 5808 1363 5864 De
1386 5811 1580 5878 ofﬁciis.
