4104 6402
286 394 425 460 1405

1359 394 1882 459 ΒΙΒΠΟΤΗΕΟΑ.
1908 420 1973 430 -
2012 394 2176 457 COD.
2204 397 2493 461 CCXLIV.

3398 404 3533 470 1406

284 510 394 563 Καὶ
428 511 523 565 τὸν
560 513 945 585 διαδεξάμενον
985 512 1149 567 αὐτοῦ
1197 514 1295 584 τὴν
1340 513 1674 583 στρατηγίαν
1727 508 1852 561 Γαύι

1970 510 2073 563 trio
2100 520 2197 564 suo
2238 514 2411 576 fieret,
2447 512 2646 582 effecit,
2680 526 2842 586 atque
2873 520 2978 576 illis
3024 537 3215 594 agrum
3244 529 3296 576 et
3346 523 3532 577 urbem

278 618 454 672 ταμον
500 606 753 668 καὶτοὺς
803 607 921 677 μετ’
959 605 1125 660 αὑτοῦ
1185 604 1698 672 καταπληξάμενος,
1763 600 1858 653 καὶ

1966 599 2113 655 dedit
2144 604 2208 655 ad
2243 604 2611 660 habitandum.

279 696 514 760 σπονδὰς
548 695 797 768 [6271ιά
858 696 976 759 οἵας
1046 694 1298 747 ἐϐούλετο
1365 694 1553 748 θέσθαι
1609 688 2206 760 παρασκευασάμενος,
2264 694 2429 748 ἔδωκε
2481 695 2667 768 χώραν
2750 698 2845 752 καὶ
2905 701 3060 757 πόλιν
3126 705 3208 768 είς
3275 704 3540 777 κατοίκη-

281 799 367 837 σιν
392 785 464 840 ⁸³.

894 878 988 930 Ἐκ
1017 877 1123 930 τοῦ
1149 876 1261 930 λδν.

353 966 478 1019 Ὀτι
506 966 643 1036 μετὰ
670 966 769 1035 τὴν
787 967 1174 1036 Καρχηδονίων
1204 965 1495 1019 κατάλυσιν
1529 966 1621 1018 ἐπὶ
1652 965 1692 1029 ξ’
1715 965 1859 1018 ἔτεσι

277 1056 391 1110 τῶν
418 1058 655 1110 Σικελῶν
686 1058 1021 1127 εύροούντων
1047 1058 1092 1089 ⁸³
1118 1060 1175 1109 ἐν
1220 1058 1405 1123 πᾶσιν,
1433 1060 1460 1109 ὁ
1492 1057 1734 1119 δουλικὸς
1763 1059 1861 1111 αύ-

278 1153 395 1214 τοῖς
419 1151 694 1220 ἐπανέστη
723 1152 958 1220 πόλεμος
979 1153 1035 1215 ἐξ
1064 1151 1239 1212 αἰτίας
1263 1151 1536 1215 τοιαύτης.
1574 1150 1694 1201 Ἐπὶ
1722 1149 1854 1202 πολὺ

278 1245 393 1305 τοῖς
422 1242 557 1311 βίοις
580 1242 983 1311 ἀναδραμόντες
1016 1244 1109 1294 καὶ
1137 1242 1402 1311 μεγάλους
1428 1241 1859 1310 περιποιησάμε-

278 1350 362 1388 νοι
386 1334 649 1396 πλούτους
671 1333 1033 1403 συνηγόραζον
1058 1334 1284 1386 οίκετῶν
1320 1332 1543 1402 πλῆθος·
1563 1328 1641 1395 οἷς
1662 1334 1725 1384 ἐκ
1750 1332 1856 1383 τῶν

280 1426 776 1496 σωματοτροφείων
820 1425 1083 1495 ἀγεληδὸν
1121 1425 1447 1495 ἁπαχθεῖσιν
1491 1424 1652 1487 εὐθὺς
1690 1442 1859 1494 χαρα-

277 1520 458 1585 κτῆρα
478 1516 776 1569 ἐπέϐαλλον
794 1518 889 1568 καὶ
923 1517 1157 1586 στιγμὰς
1173 1519 1285 1580 τοῖς
1309 1517 1573 1586 σώμασιν.
1592 1516 1860 1586 Ἐχρῶντο

276 1606 337 1659 δὲ
352 1606 531 1681 αὐτῶν
559 1611 671 1668 τοῖς
697 1608 795 1676 μὲν
830 1608 967 1669 νέοις
994 1606 1239 1675 νομεῦσι,
1260 1611 1369 1669 τοῖς
1393 1607 1435 1659 δ’
1458 1607 1657 1669 ἄλλοις,
1681 1607 1748 1668 ὥς
1780 1624 1857 1676 πῃ

277 1698 493 1767 ἑκάστῳ
521 1702 551 1767 ἠ
593 1701 751 1769 χρεία
788 1699 1077 1751 ἐπέϐαλλε.
1111 1699 1328 1767 Βαρέως
1346 1699 1389 1750 δ’
1419 1700 1599 1761 αὐτοῖς
1635 1699 1773 1751 κατά
1798 1715 1857 1749 τε

2352 872 2437 928 Ea:
2468 874 2603 929 libro
2647 870 2907 933 tricesimo
2936 890 3143 940 quarto.

2031 958 2167 1015 Cum
2199 971 2319 1030 post
2357 965 2558 1019 deletos
2595 966 3073 1037 Carthaginenses,
3110 970 3413 1027 Siculorum
3447 989 3534 1029 res

1960 1052 2117 1106 annis
2146 1055 2425 1124 sexaginta
2455 1058 2506 1110 in
2540 1058 2922 1114 florentissima
2949 1061 3161 1116 fortuna
3198 1068 3533 1132 permansis-

1960 1154 2101 1208 sent,
2139 1150 2351 1201 tandem
2387 1150 2586 1205 servile
2636 1152 2828 1206 bellum
2859 1155 2998 1223 apud
3023 1169 3114 1209 eos
3155 1156 3253 1209 hac
3283 1158 3347 1209 de
3374 1172 3534 1212 causa

1959 1246 2207 1291 exortum
2241 1248 2343 1293 est.
2384 1239 2521 1294 Vita:
2560 1243 3031 1299 commoditatibus
3061 1261 3384 1315 magnopere
3433 1264 3532 1300 au-

1961 1331 2054 1394 cti,
2096 1346 2160 1385 ac
2196 1332 2411 1388 divitias
2440 1333 2686 1402 ingentes
2725 1336 2923 1405 adepti,
2960 1352 3207 1408 magnam
3251 1354 3529 1393 servorum

1962 1421 2357 1476 multitudinem
2416 1437 2597 1477 emere
2645 1426 2786 1478 soliti
2835 1436 2989 1479 erant
3025 1444 3039 1480 :
3075 1442 3305 1496 quorum
3369 1430 3532 1484 veluti

1962 1527 2152 1581 greges
2184 1515 2466 1578 quosdam,
2500 1515 2825 1583 simulatque
2850 1532 2880 1570 e
2916 1518 3047 1572 locis
3095 1518 3148 1570 in
3187 1519 3383 1587 quibus
3430 1537 3531 1574 nu-

1966 1602 2268 1655 triebantur
2293 1603 2610 1668 eduxeram,
2646 1605 2808 1658 certis
2851 1605 2969 1659 illos
3023 1605 3165 1660 notis
3207 1622 3534 1678 compunge-

1964 1692 2095 1745 bant
2132 1710 2143 1743 :
2176 1702 2232 1745 et
2254 1708 2348 1746 eos
2376 1696 2591 1762 quidem
2626 1697 2716 1763 qui
2770 1696 3013 1763 juniores
3051 1708 3229 1763 erant,
3286 1710 3530 1766 pastores

274 1788 377 1849 τάς
410 1788 716 1855 ὑπηρεσίας
768 1786 1041 1856 ἐχρῶντο,
1083 1786 1177 1838 καὶ
1211 1785 1529 1853 ἐπιμελείας
1579 1783 1852 1846 παντελῶς

1962 1785 2359 1838 constituebant
2394 1804 2407 1838 :
2450 1787 2675 1839 aliorum
2718 1799 2897 1841 autem
2928 1804 3088 1855 Opera
3124 1792 3189 1843 ad
3220 1791 3322 1843 alia
3372 1793 3531 1846 mitti-

274 1879 465 1949 ὀλίγης
485 1880 687 1949 ἠξίουν,
706 1880 804 1931 ὅσα
824 1895 883 1930 τε
902 1877 1260 1949 ἐντρέφεσθαι
1282 1879 1373 1930 καὶ
1391 1878 1491 1930 ὅσα
1514 1876 1855 1929 ἐνδύσασθαι.

286 1973 380 2038 Ἐξ
411 1967 486 2025 ὦν
522 1973 571 2023 oi
608 1972 825 2031 πλείους
853 1972 961 2025 ἀπὸ
1011 1971 1265 2043 λῃστείας
1293 1969 1351 2021 τὸ
1394 1969 1494 2039 ζῇν
1520 1969 1855 2038 ἐπορίζοντο,

274 2067 375 2119 καὶ
404 2062 578 2135 μεσεὰ
598 2063 644 2094 ⁸⁸
667 2065 843 2132 φόνων
883 2060 951 2134 ἦν
1011 2065 1249 2125 ἅπαντα,
1286 2062 1537 2131 καθάπερ
1592 2079 1855 2132 στρατευ-

282 2154 472 2224 μάτων
501 2154 917 2223 διεσπαρμένων
947 2153 1054 2205 τῶν
1088 2152 1318 2223 λῃστῶν.
1362 2154 1424 2204 Oi
1468 2153 1523 2205 δέ
1560 2154 1858 2223 στρατηγοῖ⁹

275 2245 510 2298 κωλύειν
540 2245 636 2313 μὲν
685 2245 1025 2314 ἐπεχείρουν,
1058 2245 1304 2308 κολάζειν
1341 2243 1397 2296 δὲ
1437 2243 1499 2295 ού
1547 2244 1857 2310 τολμῶντες

273 2338 364 2391 διὰ
396 2336 496 2405 τὴν
533 2337 684 2404 ἰσχὺν
712 2338 803 2387 καὶ
846 2336 906 2387 τὸ
943 2336 1105 2405 βάρος
1139 2335 1247 2386 τῶν
1288 2336 1513 2403 κυρίων.
1549 2336 1599 2387 οἳ
1634 2335 1857 2387 ἐδέσπο-

275 2429 372 2492 ζον
408 2428 517 2481 τῶν
542 2428 588 2460 ⁸⁸
617 2427 851 2497 λῃστῶν,
882 2427 1258 2496 ἠναγκάζοντο
1299 2428 1560 2499 περιορᾷν
1595 2428 1855 2499 λῃστευοο

279 2520 451 2591 μένην
478 2518 575 2589 τὴν
607 2520 882 2589 ἐπαρχίαν
908 2535 922 2550 ο
959 2520 1009 2570 οἱ
1036 2519 1281 2572 πλεῖστοι
1311 2518 1418 2589 γὰρ
1446 2519 1553 2571 τῶν
1575 2518 1855 2588 κτητόρων

276 2615 467 2678 ἱππεῖς
491 2614 643 2677 ὅντες
664 2613 772 2664 τῶν
803 2611 1114 2681 Ῥωμαίων,
1139 2610 1237 2664 καὶ
1268 2612 1454 2681 κριταὶ
1484 2613 1595 2673 τοῖς
1618 2610 1724 2662 ἀπὸ
1747 2609 1855 2662 τῶν
1876 2648 1877 2651 η

272 2706 557 2777 ἐπαρχιῶν
595 2704 1094 2774 κατηγορουμένοις
1126 2704 1452 2773 στρατηγοῖς
1479 2702 1525 2732 ⁸⁸
1555 2701 1853 2771 γινόμενοι,

273 2799 500 2870 φοϐεροὶ
528 2800 638 2861 τοῖς
667 2796 928 2868 ἄρχουσιν
953 2797 1215 2864 ὑπῆρχον.
1238 2794 1555 2864 ΙΙιεζόμενοι
1577 2792 1634 2845 δὲ
1661 2793 1709 2845 oi
1738 2791 1856 2845 δοῦ-

272 2892 359 2945 λοι
383 2894 503 2955 ταῖς
535 2888 958 2960 ταλαιπωρίαις,
979 2888 1076 2940 καὶ
1107 2887 1342 2958 πληγαῖς
1367 2886 1435 2939 τά
1460 2884 1632 2938 πολλὰ
1668 2902 1853 2956 παρα-

273 2984 450 3053 λόγως
479 2983 525 3014 ⁸⁷
551 2981 920 3055 ὑϐριζόμενοι,
953 2980 1050 3049 ούχ
1094 2980 1385 3049 ὑπέμενον.
1434 2978 1711 3040 Συνιόντες
1761 2975 1853 3029 οὖν

272 3076 529 3145 ἀλλήλοις
570 3075 711 3127 κατὰ
740 3074 837 3135 τὰς
864 3072 1152 3140 εὐκαιρίας
1186 3068 1510 3122 συνελάλουν
1546 3070 1673 3138 περ)⁵
1717 3070 1852 3123 ἀπο-

1957 1877 2123 1929 steria
2157 1889 2315 1943 prout
2350 1878 2612 1948 cujusque
2667 1896 2796 1935 usus
2837 1883 3163 1948 postulabat,
3218 1885 3526 1939 utebantur.

1960 1967 2153 2021 Verum
2189 1980 2543 2038 praeterquam
2584 1973 2726 2040 quod
2781 1988 2908 2041 erga
2947 1988 3038 2027 eos
3073 1989 3294 2041 asperos
3330 1991 3392 2029 ac
3443 1977 3531 2029 ri—

1956 2051 2111 2119 gidos
2139 2051 2191 2104 in
2234 2052 2567 2120 imperandis
2612 2055 2930 2108 ministeriis
2960 2055 3305 2123 exhibebant,
3330 2057 3527 2130 3846

1957 2142 2120 2195 etiam
2146 2158 2331 2196 eorum
2387 2144 2559 2198 victus
2590 2160 2653 2198 ac
2712 2146 2937 2199 vestitus
2993 2162 3082 2199 vrx
3139 2147 3300 2201 ullam
3340 2165 3553 2216 gerere-

1957 2249 2142 2287 curam
2176 2235 2555 2304 dignabantur.
2614 2235 2763 2290 Unde
2810 2234 2993 2301 ﬁebat,
3032 2248 3089 2291 ut
3145 2252 3337 2293 eorum
3386 2243 3524 2296 bona

1953 2339 2079 2393 pars
2108 2328 2269 2379 vitam
2319 2337 2471 2396 rapto
2514 2335 2864 2391 sustentaret,
2918 2329 3208 2398 omniaque
3264 2333 3527 2401 sanguine

1955 2417 2323 2470 redundarent
2349 2433 2362 2469 :
2404 2425 2585 2485 utpote
2609 2416 2975 2483 praedonibus,
3006 2429 3258 2486 tanquam
3290 2420 3521 2474 militum

1952 2505 2304 2571 exercitibus,
2345 2506 2501 2575 longe
2528 2507 2744 2578 lateque
2771 2510 3167 2579 grassantibus.
3210 2509 3527 2566 Provincia-

1953 2610 2072 2648 rum
2108 2606 2282 2650 autem
2319 2596 2555 2665 praefecti
2605 2601 2891 2667 prohibere
2916 2603 3132 2669 quidem
3167 2609 3523 2668 conabantur,

1953 2688 2048 2741 sed
2076 2703 2198 2741 cum
2244 2689 2563 2757 supplicium
2591 2690 2657 2743 de
2704 2691 2770 2745 iis
2826 2708 3042 2747 sumere
3098 2710 3205 2748 non
3267 2696 3527 2752 auderent

1952 2790 2171 2848 propter
2203 2795 2450 2850 magnam
2484 2783 2824 2838 dominorum
2882 2786 3176 2852 potentiam
3229 2795 3391 2857 atque
3420 2804 3524 2842 au-

1952 2873 2283 2935 ctoritatem,
2309 2889 2460 2928 suam
2491 2876 2720 2945 quisque
2738 2876 3073 2945 provinciam
3094 2880 3277 2934 sinere
3307 2880 3525 2949 impune

1952 2962 2110 3031 diripi
2150 2965 2462 3031 cogebatur.
2493 2961 2626 3018 Nam
2650 2980 2772 3019 cum
2799 2964 3036 3034 plerique
3057 2981 3087 3019 e
3111 2967 3344 3023 dominis
3372 2970 3526 3039 equi-

1956 3059 2033 3105 tes
2066 3050 2294 3105 Romani
2325 3062 2531 3118 essent,
2558 3054 2838 3121 etjudices
2869 3056 3326 3111 constituerentur
3358 3072 3523 3114 accu-

274 3140 544 3231 στάσεως,
577 3167 681 3229 ἕως
708 3167 787 3227 είς
824 3164 982 3235 ἔργον
1014 3164 1113 3229 τὴν
1159 3161 1350 3230 βουλὴν
1397 3161 1623 3230 ἤγαγον.
1656 3156 1764 3213 Ἦν
1794 3160 1850 3212 δέ

1956 3144 2224 3197 sationum
2260 3160 2378 3213 quae
2410 3148 2670 3202 adversus
2709 3148 2990 3217 przel‘ectos
3019 3164 3050 3204 e
3074 3151 3368 3219 provinciis
3395 3153 3528 3209 aﬂ‘e-

272 3277 362 3322 τις
392 3260 609 3327 οίκέτης
672 3258 841 3327 Σύρος
894 3256 1233 3322 Ἀντιγένους
1281 3253 1524 3306 Ἐνναίου
1558 3252 1617 3305 τὸ
1672 3253 1850 3320 γένος,

274 3352 343 3404 ἐκ
368 3349 470 3419 τῆς
498 3346 828 3418 Ἀπαμείας,
863 3346 1146 3416 ἄνθρωπος
1178 3345 1349 3414 μάγος
1377 3344 1472 3395 καὶ
1492 3342 1854 3412 τερατουργὸς

271 3442 366 3494 τὸν
398 3440 623 3510 τρόπον.
662 3433 832 3501 υῦτος
856 3438 901 3469 ⁸⁸
934 3437 1318 3506 προσεποιεῖτο
1353 3434 1489 3488 θεῶν
1517 3435 1854 3503 ἐπιτάγμασι

274 3528 402 3582 καθ’
436 3527 603 3580 ὕπνον
634 3528 921 3598 προλέγειν
946 3528 1015 3578 τά
1056 3524 1337 3595 μέλλοντα,
1370 3523 1463 3576 καὶ
1507 3522 1733 3586 πολλοὺς
1766 3522 1853 3575 διὰ

272 3620 374 3691 τὴν
398 3622 478 3683 είς
497 3620 656 3672 τοῦτο
680 3619 742 3673 τὸ
772 3619 937 3689 μέρος
954 3616 999 3649 ⁸⁸
1025 3618 1251 3685 εύφυῒαν
1278 3616 1542 3685 ἐξηπάτα.
1574 3613 1854 3669 Ἐντεῦθεν

272 3712 483 3784 προῖὼν
515 3713 575 3765 οὐ
610 3713 767 3782 μόνον
816 3712 872 3775 ἐξ
906 3708 1131 3779 ὀνείρων
1174 3707 1499 3776 ἐμαντεύετο
1539 3705 1701 3777 [1165
1734 3705 1850 3778 IL],

271 3804 415 3856 ἀλλὰ
453 3805 546 3856 καὶ
601 3801 981 3873 ἐγρηγορότως
1019 3798 1176 3861 θεοὺς
1215 3799 1345 3867 ὁρᾷν
1392 3797 1718 3867 ὑπεκρίνετο
1759 3798 1853 3848 καὶ

272 3900 337 3964 ἐξ
374 3898 552 3952 αὐτῶν
578 3897 797 3949 ἀκούειν
825 3893 893 3945 τὰ
922 3891 1203 3962 μέλλοντα.
1240 3889 1458 3943 Πολλῶν
1493 3890 1536 3942 δ’
1566 3889 1657 3941 ὑπ’
1688 3888 1851 3941 αὑτοῦ

274 3987 733 4061 σχεδιαζομένων,
766 3984 872 4038 ἀπὸ
918 3983 1090 4053 τύχης
1138 3981 1252 4034 ἔνια
1287 3983 1423 4051 πρὸς
1475 3980 1730 4050 ἀλήθειαν
1754 3980 1851 4045 ἑξ-

274 4084 497 4137 έόαινε·
553 4080 649 4133 καὶ
702 4079 809 4131 τῶν
858 4079 955 4147 μὲν
1014 4077 1089 4147 μὴ
1140 4076 1438 4146 γινομένων
1487 4076 1577 4127 ὑπ’
1637 4075 1851 4135 οὐδενὸς

273 4172 674 4242 ἐλεγχομένων,
710 4169 820 4222 τῶν
874 4169 930 4220 δέ
981 4167 1423 4237 συντελουμένων
1476 4165 1852 4236 ἐπισημασίας

272 4264 673 4333 τυγχανόντων,
708 4259 991 4329 προκοπὴν
1024 4258 1332 4328 ἐλάμϐανεν
1370 4258 1402 4326 ή
1436 4259 1563 4327 περὶ
1614 4256 1777 4309 αὑτὸν
1804 4256 1851 4287 ιο

272 4356 424 4420 δόξα.
462 4353 787 4405 Τελευταῖον
816 4352 903 4403 διά
936 4368 1080 4412 τινος
1117 4351 1365 4420 μηχανῆς
1397 4349 1507 4419 πῦρ
1540 4350 1677 4419 μετά
1708 4366 1852 4411 τινος

271 4444 670 4513 ἐνθουσιασμοῦ
702 4443 793 4495 καὶ
822 4443 993 4512 φλόγα
1021 4444 1109 4495 διὰ
1130 4442 1224 4494 τοῦ
1256 4443 1521 4511 στόματος
1554 4441 1725 4510 ἠφίει,
1756 4441 1848 4493 καὶ

271 4540 419 4594 οὕτω
447 4538 515 4591 τὰ
563 4538 824 4608 μέλλοντα
854 4536 1243 4603 ἁπεφοίόαζεν.
1291 4537 1383 4598 Εἰς
1421 4538 1529 4605 γὰρ
1574 4536 1775 4603 κάρυον
1800 4535 1844 4565 ’ί

273 4634 311 4705 ἡ
340 4650 393 4685 τι
414 4631 626 4685 τοιοῦτο
649 4631 979 4701 τετρημένον
1006 4628 1064 4692 ἐξ
1094 4627 1355 4696 ἐκατέρου
1392 4626 1455 4697 μέ
1468 4643 1591 4696 ρους
1623 4624 1847 4678 ἐνετίθει

274 4724 373 4778 καὶ
401 4724 499 4794 τὴν
529 4723 774 4792 συνέχειν
803 4723 933 4774 αὐτὸ
956 4721 1259 4791 δυναμένην
1285 4720 1415 4789 ὕλην
1434 4736 1445 4748 ·
1480 4714 1597 4770 εἶτα
1623 4716 1849 4779 ἐντιθεὶς

271 4817 355 4885 τῷ
380 4805 607 4884 στόματι
637 4816 730 4866 καὶ
757 4814 1080 4883 προσπνέων
1108 4812 1236 4864 ποτὲ
1265 4811 1364 4882 μὲν
1391 4810 1689 4879 σπινθῆρας
1718 4807 1848 4859 ποτὲ

270 4910 330 4962 δὲ
361 4908 535 4977 φλόγα
566 4910 807 4974 ἐξέκαεν.
851 4899 1019 4969 Οῦτος
1050 4904 1157 4974 πρὸ
1184 4905 1279 4973 τῆς
1313 4903 1666 4963 ἀποστάσεως
1694 4900 1845 4966 ἔλεγε

269 5000 371 5070 τὴν
402 5000 601 5067 Συρίαν
625 5000 745 5051 θεὸν
773 4997 1203 5066 ἐπιφαινομένην
1240 4994 1388 5065 αύτῷ
1417 4993 1595 5061 λέγειν
1624 4994 1704 5044 ὅτι
1747 4991 1844 5061 βα·-

276 5092 516 5143 σιλεύσει
537 5105 551 5120 ’
581 5091 676 5142 καὶ
704 5089 863 5141 τοῦτο
892 5090 953 5141 ού
981 5087 1114 5155 πρὸς
1152 5085 1345 5145 ἄλλους
1381 5084 1537 5154 μόνον
1573 5083 1708 5135 ἀλλὰ
1751 5082 1843 5135 καὶ

272 5184 412 5254 πρὸς
436 5182 598 5235 αὑτὸν
630 5181 721 5234 τὸν
750 5181 939 5251 κύριον
966 5179 1129 5232 αὑτοῦ
1164 5178 1387 5231 διετέλει
1428 5176 1620 5243 λέγων.
1666 5176 1757 5237 Εἰς
1788 5174 1844 5227 δὲ

269 5274 494 5343 γέλωτα
535 5273 873 5344 τρεπομένου
904 5271 995 5322 τοῦ
1031 5269 1374 5337 πράγματος,
1409 5267 1436 5318 ὁ
1478 5267 1573 5335 μέν
1595 5266 1639 5296 ⁹²
1669 5265 1844 5316 Ἀντι-

270 5373 437 5440 γένης
481 5365 980 5436 ψυχαγωγούμενος
1028 5362 1120 5415 ἐπὶ
1179 5364 1244 5431 τῇ
1290 5360 1546 5429 τερατείᾳ
1572 5357 1697 5429 [69.8
1753 5355 1841 5426 IL]

1956 3235 2236 3299 rebantur,
2288 3235 2619 3290 formidolosi
2673 3237 2804 3306 ipsis
2854 3239 3119 3307 praefectis
3173 3252 3348 3296 erant.
3404 3241 3527 3297 Jam

1954 3343 2081 3382 vero
2121 3345 2242 3383 cum
2284 3332 2543 3383 aerumnis
2572 3342 2947 3399 premerentur
2974 3334 3141 3397 servi,
3175 3346 3228 3387 et
3256 3341 3376 3389 cuin
3405 3337 3527 3393 aliis

1955 3417 2128 3472 modis
2158 3418 2392 3487 pessime
2418 3419 2813 3487 acciperentur,
2850 3431 2959 3473 tum
3016 3436 3144 3476 vero
3180 3422 3351 3492 plagis
3401 3428 3530 3480 sub-

1955 3508 2078 3561 inde
2109 3518 2307 3578 prmtcr
2340 3509 2604 3563 rationem
2633 3519 2687 3564 et
2741 3510 2998 3579 injuriose
3024 3518 3527 3579 \contunderentur,

1954 3600 2265 3667 patientiam
2306 3601 2631 3670 abrumpere
2659 3614 2960 3670 cmperunt.
3017 3603 3207 3673 Itaque
3270 3616 3527 3675 opportu-

1954 3707 2082 3744 num
2158 3702 2370 3761 tempus
2427 3694 2593 3756 nacti,
2649 3695 2703 3747 in
2762 3708 2929 3746 unum
2991 3695 3395 3761 convenientes,
3462 3698 3531 3752 de

1954 3781 2257 3835 defectione
2302 3796 2583 3837 sermones
2634 3782 2777 3836 inter
2857 3797 2916 3837 se
2966 3785 3212 3837 conferre
3262 3784 3527 3851 solebant,

1952 3877 2124 3930 donec
2148 3876 2362 3929 tandem
2390 3876 2553 3928 verba
2588 3877 2654 3927 ad
2686 3890 2797 3927 rem
2830 3878 3199 3929 contulerunt.
3233 3875 3359 3930 Erat
3382 3877 3527 3930 enim

1953 3982 2141 4021 servus
2172 3967 2389 4036 quidam
2443 3966 2614 4037 Syrus
2663 3968 2795 4021 urbe
2850 3970 3088 4035 Apamea
3133 3978 3291 4021 natus
3343 3968 3533 4037 (cujus

1954 4058 2201 4111 dominus
2232 4058 2525 4127 Antigenes
2556 4057 2866 4123 vocabatur,
2894 4066 3118 4126 eratque
3154 4057 3303 4111 Enna
3332 4059 3527 4128 ortus)

1954 4150 2038 4202 vir
2068 4148 2295 4219 magicis
2319 4148 2779 4203 incantationibus
2808 4158 2863 4202 et
2904 4149 3267 4203 circulatoriis
3314 4151 3526 4219 captio-

1954 4244 2109 4297 nibus
2130 4256 2194 4296 ac
2228 4244 2512 4312 praestigiis
2537 4242 2772 4297 deditus.
2815 4242 2949 4296 llinc
2982 4257 3042 4297 se
3092 4241 3270 4295 futura
3330 4244 3528 4311 prtedi-

1953 4348 2075 4387 cere
2111 4334 2367 4387 instinctu
2399 4333 2688 4402 atllatuque
2721 4334 2903 4387 divino
2948 4334 3045 4403 ipsi
3085 4335 3136 4387 in
3192 4338 3396 4389 somnis
3428 4351 3525 4404 ap-

1951 4429 2250 4497 parentium
2281 4426 2570 4483 simulabat
2599 4443 2613 4480 :
2650 4426 2938 4495 multisque
2967 4443 3061 4496 per
3085 4441 3203 4481 eam
3254 4442 3359 4497 qua
3399 4436 3521 4482 ute-

1952 4522 2107 4573 batur
2144 4518 2247 4573 hac
2276 4519 2329 4571 in
2362 4528 2511 4586 parte
2536 4518 2811 4571 solertiam
2870 4518 2933 4570 ad
2983 4519 3357 4572 dexteritatem
3420 4520 3521 4572 im-

1947 4610 2196 4679 ponebat.
2216 4609 2297 4662 Ab
2316 4610 2399 4663 his
2422 4619 2601 4663 autem
2622 4608 2927 4676 primordiis
2952 4609 3156 4678 longius
3181 4625 3520 4679 progressus,

1948 4714 2053 4753 non
2088 4699 2259 4753 solum
2289 4713 2357 4752 ex
2386 4699 2714 4752 somniorum
2741 4698 2872 4751 visis
2902 4696 3080 4749 futura
3114 4700 3517 4767 pronuntiabat,

1948 4792 2039 4847 sed
2071 4800 2125 4845 et
2148 4790 2273 4859 vigil
2304 4803 2529 4843 cernere
2561 4805 2620 4843 se
2652 4791 2807 4853 deos,
2835 4798 2890 4843 et
2924 4802 2985 4842 et
3047 4788 3115 4843 iis
3174 4804 3259 4843 res
3308 4788 3518 4844 futuras

1950 4884 2136 4937 audire
2168 4882 2421 4951 tingebat.
2478 4880 2611 4934 Cum
2641 4891 2819 4933 autem
2877 4880 2929 4933 in
2968 4880 3147 4935 multis
3181 4882 3518 4937 vaticinatio-

1951 4977 2108 5031 nibus
2134 4976 2358 5027 mendax
2413 4974 2820 5039 comperiretur,
2881 4971 3094 5026 interim
3165 4982 3341 5027 tamen
3390 4988 3517 5028 casu

1950 5078 2177 5123 eventus
2236 5066 2587 5134 quarumdam
2648 5080 2825 5117 rerum
2878 5078 3006 5118 vere
3075 5063 3517 5133 przedictionibus

1950 5163 2064 5229 ejus
2098 5158 2503 5229 responderent,
2533 5166 2588 5211 et
2643 5155 2777 5210 falsa
2812 5157 3025 5226 quidem
3088 5156 3206 5226 ejus
3263 5157 3519 5210 vaticinia

1951 5269 2110 5310 nemo
2149 5259 2487 5319 coargueret,
2523 5264 2649 5303 vera
2698 5258 2875 5302 autem
2917 5265 3037 5303 cum
3083 5251 3338 5319 applausu
3394 5251 3517 5303 dili-

1951 5355 2137 5418 ευηιοτ
2173 5353 2510 5407 notarentur,
2561 5341 2837 5395 hominum
2894 5341 3073 5409 opinio
3104 5342 3168 5396 de
3222 5356 3286 5397 eo
3319 5344 3369 5395 in
3405 5343 3519 5398 dies

1543 5535 1773 5589 VARLE
1816 5531 2101 5589 LECTIUN
2114 5532 2213 5585 ES.

346 5663 392 5693 δ’
423 5661 722 5712 κατοίκισιν
745 5658 804 5710 Β.

279 5798 430 5875 pinv]
460 5801 694 5869 κάρανον
715 5800 771 5853 Β.
851 5799 894 5829 ⁹²
939 5799 1034 5867 μὲν
1064 5802 1135 5852 Λ;
1184 5798 1279 5866 μὲν
1308 5798 1397 5851 οὖν
1431 5814 1489 5860 ς’.

904 5655 950 5688 ⁸³
976 5656 1346 5727 εύρροούντων
1379 5658 1437 5709 Β.
1516 5658 1561 5727 6'5
1587 5654 1755 5727 μεστὰ
1902 5652 2041 5727 μετα
2062 5669 2122 5714 ς’.

274 5738 363 5800 τοι
396 5750 455 5811 ςς.
511 5730 573 5811 ⁸⁸⁷
600 5729 922 5811 παραλόγως
1020 5722 1473 5811 ε’παρὰιλόγους.
1550 5722 1595 5758 ⁸⁸
1618 5722 1770 5788 οὗτος
1794 5724 1834 5775 Β
1874 5738 1891 5777 :
1926 5722 2086 5783 αὐτὸς
2118 5738 2176 5784 ς.

2212 5649 2258 5681 ⁸⁸
2282 5648 2390 5701 τῶν
2430 5647 2549 5701 add.
2574 5646 2638 5702 Α.
2713 5646 2759 5677 ⁸⁸
2786 5644 3121 5714 στρατηγοῖς
3148 5641 3186 5693 Β
3226 5659 3237 5694 :
3284 5657 3517 5714 στρατη-

2253 5718 2297 5751 ⁸⁰
2328 5718 2492 5789 μέρος
2520 5718 2560 5768 Α
2586 5733 2597 5769 :
2619 5714 2771 5784 γένος
2798 5734 2837 5779 ς
2861 5712 2867 5714 Ἴ
2928 5716 2972 5748 ⁹⁰
2996 5713 3173 5766 αὐτῶν
3212 5714 3277 5766 Λ.
3355 5712 3394 5741 ⁹¹
3418 5712 3517 5764 κά-
