4124 6430
589 391 724 459 1407

1745 394 2002 456 ΡΗΟΤΙΙ
2035 396 2539 458 ΡΛΤΒΙΑΒΟΙΙᾹΞ
2575 397 2681 457 CP.

3723 393 3853 459 110$

587 503 905 572 augebatur.
957 499 1242 558 Postremo
1301 503 1590 558 artiﬁcium
1657 507 2002 576 excogitavit,
2060 524 2168 578 quo

2276 514 2496 581 παρῆγε
2533 509 2626 563 τὸν
2669 506 2874 561 Εὔνουν
2920 508 3000 569 εἰς
3047 508 3112 561 τὰ
3141 506 3431 561 σύνδειπνα
3495 504 3705 577 (τοῦτο
3750 509 3856 577 γὰρ

588 593 855 646 ﬂammam
887 607 952 648 ex
981 609 1076 649 ore
1107 610 1228 649 cum
1265 597 1495 662 quodam
1529 595 1763 652 fanatico
1799 598 1980 654 furore
2001 599 2162 655 cmit-

592 683 755 748 tebat,
785 691 838 738 et
873 701 992 739 cum
1028 685 1238 738 ﬂamma
1260 687 1420 740 simul
1461 689 1696 743 vaticina
1727 691 1885 744 verba
1940 692 2172 747 Pltmba-

585 774 710 826 dum
766 776 816 828 in
865 793 1066 830 norem
1113 778 1398 832 fundebat.
1435 782 1615 848 ignem
1670 783 1810 835 enim
1880 784 1931 836 in
1979 800 2168 840 nucem

587 873 683 917 aut
740 867 946 934 aliquid
1004 867 1307 936 bujusmodi
1363 871 1613 937 utrinque
1665 871 1995 940 perforatum
2033 875 2167 945 (68),

594 958 870 1025 simulque
907 962 1185 1015 materiam
1218 979 1336 1029 quze
1373 964 1516 1015 illum
1555 963 1696 1017 alere
1727 977 1932 1034 posset,
1995 967 2170 1033 impo-

589 1047 770 1108 nebat,
807 1049 999 1102 deinde
1033 1052 1112 1104 ori
1155 1053 1345 1107 indens
1391 1065 1442 1108 et
1471 1055 1677 1120 aﬂlans,
1704 1058 1862 1109 modo
1895 1059 2172 1119 scintillas,

589 1137 1038 1193 modoﬂammam
1065 1144 1413 1198 accendebat.
1477 1144 1572 1200 llic
1629 1158 1755 1200 ante
1816 1147 2172 1203 defectionem

583 1224 790 1295 jactare
816 1243 1188 1296 consueverat,
1233 1247 1576 1302 apparentem
1610 1239 1710 1291 sibi
1745 1238 1793 1290 itt
1835 1241 2041 1294 somnis
2076 1242 2178 1304 Sy-

590 1321 724 1374 riam
747 1321 896 1376 deam
920 1324 1230 1392 dignitawm
1253 1330 1450 1396 regiam
1470 1331 1704 1399 polliceri
1725 1332 1930 1403 (69).Et
1957 1335 2058 1388 hoc
2079 1351 2178 1388 non

585 1411 706 1463 aliis
738 1415 932 1477 so'um,
965 1417 1058 1469 sed
1091 1428 1143 1471 et
1170 1435 1269 1473 suo
1318 1420 1485 1489 ipsius
1516 1423 1734 1476 domino
1757 1426 1972 1478 assidue
2022 1426 2180 1478 dicti-

588 1501 760 1558 tabat.
791 1504 924 1559 Cum
953 1518 1132 1562 autem
1169 1512 1275 1564 risu
1314 1528 1398 1567 res
1423 1514 1535 1569 haec
1563 1518 1926 1585 exciperetur,
1953 1518 2174 1585 Antige-

587 1607 681 1646 nes
711 1609 776 1648 ex
809 1598 954 1654 hisce
981 1603 1301 1671 prodigiosis
1355 1606 1657 1661 mendaciis
1707 1607 2031 1676 voluptatem
2083 1625 2176 1661 ca-

2274 602 2445 670 δνομα
2470 599 2549 671 τῷ
2583 597 2830 668 τερατίᾳ)
2874 596 2968 648 καὶ
2994 593 3235 666 διηρώτα
3268 597 3396 667 περὶ
3423 597 3521 665 τῆς
3556 593 3852 665 βασιλείας,

2276 695 2369 747 καὶ
2410 693 2528 754 πῶς
2561 693 2777 760 ἑκάστῳ
2825 690 3089 759 χρήσεται
3137 687 3244 740 τῶν
3297 687 3619 756 παρόντων·
3667 686 3764 738 τοῦ
3801 686 3854 738 δὲ

2277 786 2568 855 ἀτρέπτως
2624 784 2804 836 πάντα
2853 783 2900 815 ⁸³
2945 780 3326 849 διηγουμένου,
3368 777 3464 831 καὶ
3507 778 3584 840 ὡς
3622 776 3856 847 μετρίως

2280 878 2544 947 χρήσεται
2576 877 2689 935 τοῖς
2714 873 2947 943 κυρίοις,
2967 871 3062 923 καὶ
3086 870 3149 923 τδ
3177 869 3396 922 σύνολον
3418 867 3680 929 ποικίλως
3701 883 3857 934 τερα-

2278 967 2594 1036 τευομένου,
2631 965 2867 1033 γέλωτες
2899 962 3142 1030 ἐγίνοντο
3180 962 3293 1021 τοῖς
3323 957 3853 1026 παρακεκλημένοις,

2279 1060 2374 1113 καί
2403 1075 2547 1120 τινες
2584 1057 2764 1111 αὐτῶν
2794 1055 2902 1109 ἀπὸ
2933 1058 3035 1126 τῆς
3063 1052 3344 1125 τραπέζης
3365 1050 3678 1116 ἀξιολόγους
3702 1048 3854 1118 μερί-

2280 1154 2376 1212 δας
2425 1151 2672 1220 αἴροντες
2723 1149 3052 1219 ἐδωροῦντο,
3103 1147 3450 1213 ἐπιλέγοντες
3494 1146 3679 1205 ὅπως,
3731 1142 3856 1194 ὅταν

2282 1244 2508 1312 γένηται
2535 1243 2808 1312 βασιλεὺς,
2843 1242 2941 1309 τῆς
2986 1241 3210 1311 χάριτος
3245 1234 3594 1307 μνημονεύοι.
3640 1233 3714 1286 Οὐ
3752 1234 3856 1301 μὴν

2291 1334 2407 1388 ἀλλ’
2433 1335 2466 1402 ἡ
2499 1334 2757 1404 τερατεία
2796 1331 3066 1402 προῆλθεν
3097 1331 3174 1391 εἰς
3229 1327 3479 1397 ἀληθινὸν
3508 1325 3855 1390 ἀποτέλεσμα

2286 1423 2586 1493 βασιλείας,
2654 1423 2747 1474 καί
2796 1421 2893 1489 τὴν
2948 1419 3299 1473 ἀνταπόδοσιν
3348 1418 3459 1476 τοῖς
3515 1412 3670 1482 παρὰ
3703 1411 3749 1442 ’⁸
3790 1410 3856 1463 τὰ

2280 1518 2472 1570 δεῖπνα
2519 1513 2944 1583 δεξιωσαμένοις
2993 1513 3050 1564 ὲν
3083 1507 3368 1578 γέλωτιοῦ
3410 1508 3582 1576 χωρὶς
3625 1503 3855 1571 σπουδῆς

2280 1609 2574 1677 ἐποιήσατο
2601 1607 2700 1674 τῆς
2731 1605 2967 1675 χάριτος.

583 1682 759 1750 piens,
791 1687 843 1740 in
877 1691 1140 1748 conviviis
1217 1696 1284 1751 ad
1327 1711 1446 1766 quae
1532 1699 1791 1752 invitatus
1848 1708 1985 1765 eral,
2037 1698 2248 1753 Eunum
2289 1700 2399 1766 (ita
2449 1697 2593 1753 enim
2655 1697 2744 1751 hic
2795 1694 3156 1764 praestigiator
3202 1688 3535 1757 vocabatur)
3596 1683 3854 1739 asseclam

586 1777 838 1848 habebat,
868 1798 1098 1855 eumque
1122 1806 1283 1858 super
1315 1809 1478 1863 regno
1511 1795 1908 1864 interrogabat,
1976 1806 2031 1850 et
2085 1795 2352 1865 quomodo
2386 1810 2513 1863 erga
2567 1803 3004 1859 unumquemque
3073 1802 3284 1846 eorum,
3344 1785 3434 1853 qui
3481 1784 3536 1836 in
3571 1791 3714 1834 cmtu
3770 1780 3855 1834 ilio

583 1881 758 1938 erant.
783 1889 970 1941 Serere
1001 1895 1058 1933 se
1092 1883 1442 1940 decrevisset.
1479 1887 1609 1942 Cum
1640 1900 1816 1943 autem
1845 1889 1934 1943 ille
1967 1890 2036 1942 ita
2087 1890 2151 1942 iis
2174 1887 2546 1957 responderet,
2577 1894 2635 1938 ut
2667 1885 2718 1936 in
2782 1881 2896 1935 suis
2959 1879 3302 1933 sermonibus
3363 1874 3586 1928 niiuime
3631 1872 3852 1925 vacilla-

583 1976 685 2033 νει,
725 1970 1174 2045 POHiCereturque
1219 1980 1353 2043 fore,
1407 1991 1465 2035 ut
1496 1983 1745 2039 dominos
1795 1999 1922 2039 suos
1972 1985 2165 2038 leniter
2202 1983 2608 2049 clementerque
2644 1978 2933 2046 acciperet,
2966 1988 3110 2026 mera
3135 1971 3366 2038 denique
3439 1976 3680 2020 monstra
3748 1965 3852 2017 illis

583 2074 748 2129 ευΡεΓ
777 2063 894 2119 aliis
923 2069 1086 2123 variis
1114 2073 1274 2128 rebus
1302 2092 1524 2132 narrare
1554 2093 1779 2145 pergere
1803 2079 1998 2150 385a
2045 2080 2297 2133 omnibus
2361 2076 2607 2130 convivis
2654 2073 2822 2127 rismn
2862 2071 3132 2124 movebat.
3170 2067 3244 2120 Es
3313 2064 3506 2133 quibus

551 2148 916 2215 _ferculorum
977 2175 1080 2213 non
1128 2164 1467 2229 pwnitendas
1537 2169 1809 2238 portiones
1861 2148 2066 2224 ablatas
2115 2185 2146 2223 e
2223 2183 2409 2222 mensa
2476 2166 2526 2220 ei
2580 2162 2946 2233 porrigebat".

3611 2056 3846 2113 nonnnﬂi

3037 2169 3199 2226 atque
3269 2159 3410 2209 inter
3470 2150 3853 2221 porrigendqu

585 2241 960 2311 hortabantur,
999 2262 1055 2304 ut
1080 2269 1298 2311 regnum
1322 2256 1546 2324 adeptus
1570 2261 1777 2328 accepti
1809 2263 1875 2313 ab
1902 2261 2032 2328 ipsis
2057 2259 2299 2313 benelicii
2339 2271 2546 2310 memor
2571 2263 2734 2309 esset.
2809 2251 2913 2305 Sed
2981 2250 3124 2302 enim
3191 2262 3311 2316 qua:
3359 2243 3668 2315 prodigiosa
3733 2256 3854 2298 esse

589 2337 876 2406 vidvbatur
911 2343 1332 2411 vaniloquentia,
1375 2349 1595 2403 minime
1636 2366 1834 2404 vanum
1887 2363 2039 2405 nacta
2077 2361 2161 2405 est
2198 2350 2413 2405 tandem
2443 2349 2668 2410 exitum,
2693 2343 2840 2411 regni
2875 2342 3241 2410 adoptionem.

659 2429 994 2500 Principium
1052 2449 1230 2491 autem
1283 2441 1444 2495 totius
1483 2441 1801 2498 defectionis
1838 2444 1934 2497 lttit
1981 2445 2169 2512 bujus-
2196 2447 2242 2504 B

588 2523 755 2579 modi.
807 2525 1072 2580 Enneusis
1120 2531 1336 2596 quidam
1390 2533 1610 2588 nomine
1667 2535 2033 2604 Damopbilus,
2085 2538 2168 2590 vir

588 2615 732 2670 elato
772 2617 988 2686 ingenio
1021 2622 1296 2688 przeditus,
1328 2624 1563 2694 indignis
1595 2627 1769 2680 modis
1812 2644 1973 2695 supra
2004 2644 2164 2696 quam

589 2707 740 2760 credi
783 2710 954 2776 possit
994 2727 1181 2767 servos
1205 2728 1332 2768 suos
1371 2728 1657 2785 acceperat
1692 2736 1705 2772 :
1740 2719 1968 2788 ejusque
2001 2735 2168 2774 uxore

590 2795 870 2866 Megallide
907 2803 1154 2856 certatim
1194 2819 1296 2868 eos.
1342 2807 1622 2874 suppliciis
1673 2810 1839 2863 variis
1884 2809 2167 2874 adiciente,

589 2897 644 2942 et
671 2903 885 2943 onmem
929 2905 1056 2962 erga
1105 2909 1200 2948 eos
1246 2909 1462 2951 sensum
1513 2900 1864 2953 humanitatis
1914 2911 2166 2963 exuente,

589 2984 932 3037 exactionem
968 2995 1023 3039 et
1063 2987 1408 3042 dominormu
1460 2993 1660 3046 cmdem
1698 2993 1840 3046 inter
1882 3008 1941 3047 se
1980 2994 2171 3061 cooju-

592 3085 736 3138 rant,
788 3075 1108 3145 Eunnmqne
1164 3081 1426 3136 adeuntes
1479 3082 1840 3152 interrogant,
1893 3099 1959 3136 an
2015 3099 2167 3136 suum

594 3165 835 3234 ipsorum
865 3181 1183 3236 conceptum
1218 3187 1248 3225 a
1279 3171 1382 3226 diis
1409 3175 1824 3228 concederetur.
1863 3174 1960 3228 llic
1989 3185 2168 3227 autem

595 3260 699 3312 illis
728 3261 1036 3314 assentiens
1061 3277 1089 3314 a
1117 3262 1221 3315 diis
1248 3265 1470 3318 concedi
1505 3267 1815 3333 respondet,
1849 3266 2012 3319 verba
2043 3282 2166 3320 eum

593 3352 769 3405 Solitis
801 3354 1092 3422 praestigiis
1125 3353 1352 3411 fittidens
1381 3375 1394 3411 :
1437 3357 1709 3427 simulque
1742 3358 1870 3422 illis,
1902 3368 1956 3413 ut
1993 3360 2169 3427 primo

594 3458 810 3510 quoque
889 3455 1132 3513 tempore
1193 3447 1322 3501 illud
1395 3449 1800 3518 aggrediantur,
1859 3451 2168 3518 persuadet.

595 3535 790 3588 Statim
823 3537 986 3604 igitur
1017 3547 1202 3592 coacta
1232 3539 1752 3609 quadringentorum
1783 3556 2168 3595 conservorum

596 3641 783 3690 manu,
817 3635 872 3680 et
919 3627 970 3680 in
993 3642 1120 3680 eum
1175 3645 1332 3697 quem
1389 3646 1485 3696 pro
1532 3637 1774 3699 tempore
1809 3642 2057 3698 poterant
2085 3647 2173 3684 ar-

597 3719 727 3771 mati
763 3719 1004 3781 modum,
1039 3719 1091 3772 in
1141 3723 1331 3773 urbem
1369 3721 1572 3774 Eunam
1615 3721 1943 3789 irrumpunt,
1977 3722 2168 3776 ducem

598 3809 860 3862 habentes
893 3809 1123 3872 Euuum,
1173 3811 1285 3864 suis
1315 3813 1366 3864 in
1406 3813 1704 3866 emittenda
1737 3827 1802 3866 ex
1830 3827 1924 3866 ore
1954 3812 2170 3867 ﬂamma
2199 3790 2242 3846 ο

597 3899 885 3967 praestigiis
915 3910 1177 3955 utentem.
1211 3901 1407 3958 Domos
1435 3912 1616 3957 autem
1655 3904 1906 3973 ingressi,
1939 3914 2173 3972 stragem

601 4005 850 4060 magnam
903 3996 1090 4058 edunt,
1136 4009 1202 4049 ne
1238 3995 1562 4050 lactentibus
1605 3997 1820 4066 quidem
1879 3997 2177 4053 infantibus

599 4094 937 4152 parcentes:
991 4086 1083 4140 sed
1129 4103 1224 4142 eos
1267 4088 1334 4141 ab
1376 4089 1540 4144 ubere
1589 4091 1779 4144 matris
1834 4101 2018 4159 raptos
2058 4091 2176 4146 solo

601 4173 920 4244 allligeutes.
960 4177 1016 4231 ln
1049 4178 1303 4234 mulieres
1347 4190 1526 4235 :mtem
1571 4196 1691 4250 quae
1733 4183 2075 4237 contumelia:
2123 4193 2178 4238 et

601 4266 909 4335 petulantiae
962 4282 1159 4336 genera
1205 4272 1551 4324 exercuerim
1590 4271 1790 4342 (idque
1837 4274 1888 4326 in
1937 4275 2174 4343 ipsorum

602 4359 920 4412 maritorum
971 4361 1323 4430 conspectu),
1381 4364 1563 4418 verbis
1603 4365 1832 4433 exprimi
1870 4367 2030 4421 nullis
2079 4384 2177 4437 pro

602 4452 866 4519 dignitate
896 4463 1089 4520 potest.
1140 4454 1248 4510 Illis
1275 4457 1419 4510 enim
1462 4472 1521 4512 se
1549 4472 1742 4527 magna
1777 4472 2057 4513 servorum
2091 4476 2179 4514 ur-

601 4543 686 4599 bis
723 4545 1007 4600 multitudo
1051 4548 1386 4615 adiunxerat.
1406 4548 1672 4604 Caeterum
1697 4565 1817 4604 cum
1845 4552 1895 4604 in
1927 4550 2177 4606 dominos

602 4637 782 4690 omnia
813 4641 1057 4707 exempla
1101 4640 1486 4711 cruciatusque
1511 4644 1830 4706 edidissent,
1868 4643 1934 4697 ad
1969 4645 2176 4698 caedem

601 4727 825 4781 aliormn
859 4744 915 4783 se
962 4742 1371 4787 converterunt.
1405 4733 1588 4789 Eunus
1618 4745 1797 4789 autem
1831 4752 1951 4790 eum
1983 4735 2179 4791 Damo-

601 4819 806 4884 pbilnm
839 4821 891 4873 in
927 4823 1254 4876 suburbanis
1301 4824 1477 4878 bortis
1524 4840 1626 4878 una
1659 4841 1781 4880 cum
1814 4841 1981 4880 uxore
2015 4826 2180 4880 rusti-

601 4909 712 4962 cari
745 4911 1006 4976 audisset,
1055 4913 1181 4968 illnc
1219 4915 1482 4983 quosdam
1511 4931 1542 4971 e
1575 4918 1691 4971 suis
1733 4918 1900 4980 misit,
1934 4919 2024 4986 qui
2065 4935 2180 4972 am-

603 5003 699 5054 bos
731 5001 855 5055 inde
905 5004 956 5056 in
993 5005 1181 5058 urbem
1229 5009 1440 5060 vinctos
1486 5018 1893 5076 protraxerunt,
1930 5010 2096 5063 variis
2126 5009 2178 5063 in

2355 2439 2522 2513 Ἀρχὴ
2554 2439 2612 2492 δὲ
2641 2438 2740 2507 τῆς
2768 2435 2897 2503 ὅλης
2949 2431 3302 2491 ἀποστάσεως
3340 2427 3557 2496 ἐγένετο
3601 2426 3847 2493 τοιαύτη.

2270 2532 2576 2605 Δαμόφιλός
2606 2546 2688 2591 τις
2717 2523 2786 2597 ἦν
2816 2527 3078 2588 Ἐνναῖος,
3107 2523 3205 2591 τὴν
3235 2522 3280 2574 δ’
3320 2521 3509 2574 οὐσίαν
3543 2517 3849 2590 μεγαλόψυ-

2269 2647 2362 2700 χος
2393 2629 2460 2691 ³⁵,
2490 2624 2839 2693 ὑπερήφανος
2867 2619 2923 2672 δὲ
2979 2617 3070 2670 τὸν
3099 2615 3320 2685 τρόπον.
3367 2607 3538 2676 Οὗτος
3566 2611 3751 2672 κακῶς
3771 2611 3849 2672 εἰς

2269 2717 2575 2791 ὑπερϐολὴν
2607 2713 2874 2784 ἐκέχρητο
2902 2711 3014 2771 τοῖς
3042 2707 3270 2768 δούλοις,
3304 2706 3398 2758 καί⁸
3419 2707 3455 2774 ἡ
3481 2703 3618 2773 γυνὴ
3650 2703 3708 2755 δὲ
3731 2702 3848 2755 Με-

2269 2813 2460 2882 γαλλὶς
2489 2805 2920 2876 ἀντεφιλονείκει
2943 2801 3130 2871 τάνδρὶ
3162 2800 3299 2870 πρὸς
3324 2797 3423 2868 τὴν
3452 2795 3729 2866 τιμωρίαν
3757 2793 3849 2882 καὶ

2267 2877 2366 2977 τὴν
2388 2905 2552 2973 ἀλλην
2569 2895 2966 2968 ἀπανθρωπίαν
2988 2894 3084 2960 τὴν
3097 2893 3221 2961 περί
3241 2891 3368 2951 τοὺς
3395 2888 3636 2948 δούλους.
3655 2884 3743 2946 Ἐξ
3767 2877 3843 2935 ὧν

2269 2976 2743 3066 ἀποθηριωθέντες
2767 2991 2815 3043 οἰ
2849 2984 3382 3057 προπηλακιζόμενοι
3411 2980 3694 3034 συνέθεντο
3716 2976 3849 3048 πρὸς

2271 3087 2534 3157 ἀλλήλους
2561 3081 2702 3152 ὑπὲρ
2736 3078 3089 3139 ἀποστάσεως
3133 3075 3232 3128 καί⁵
3287 3074 3452 3140 φόνου
3481 3070 3592 3122 τῶν
3623 3066 3846 3138 κυρίων.

2271 3182 2382 3234 Καὶ
2410 3179 2546 3250 πρὸς
2579 3177 2670 3230 τὸν
2700 3173 2906 3227 Εὔνουν
2931 3169 3178 3230 ἐλθόντες
3207 3165 3435 3235 ἠρώτων
3466 3163 3513 3195 ’⁸
3552 3162 3603 3214 εἰ
3638 3176 3849 3228 συγχω-

2274 3275 2445 3343 ρεῖται
2474 3268 2622 3337 παρὰ
2653 3265 2761 3318 τῶν
2807 3262 2947 3317 θεῶν
2989 3261 3172 3321 αὐτοῖς
3203 3258 3263 3308 τδ
3301 3250 3748 3343 βεϐουλευμένον.
3794 3250 3848 3301 ’0

2270 3341 2327 3418 δὲ
2358 3361 2495 3432 μετὰ
2545 3355 2853 3427 τερατείας,
2883 3355 2958 3416 ὠς
3010 3348 3214 3408 εἰώθει,
3261 3343 3588 3412 συνθέμενος
3619 3341 3704 3394 ὅτι
3727 3355 3849 3405 συγ-

2271 3429 2530 3519 χωροῦσι,
2545 3442 2890 3512 παραχρῆμα
2909 3437 3084 3491 πείθει
3097 3433 3315 3504 ἔχεσθαι
3333 3432 3431 3502 τῆς
3461 3429 3846 3499 ἐγχειρήσεως.

2275 3539 2449 3599 Εὐθὺς
2485 3532 2577 3589 οὖν
2607 3531 2994 3604 τετρακοσίους
3013 3527 3124 3579 τῶν
3151 3522 3456 3594 ὁμοδούλων
3471 3520 3845 3589 συνήθροισαν,

2272 3631 2366 3682 καὶ
2392 3629 2466 3690 ὡς
2497 3626 2562 3679 ἂν
2588 3628 2615 3679 ὁ
2635 3623 2825 3693 καιρὸς
2878 3613 3102 3682 έδίδου,“
3136 3612 3596 3673 καθοπλισθέντες
3647 3611 3733 3671 εἰς
3760 3609 3848 3678 τὴν

2277 3724 2474 3774 Ἔνναν
2497 3719 2596 3789 τὴν
2625 3715 2781 3769 πόλιν
2809 3711 3208 3772 εἰσπίπτουσιν,
3257 3703 3646 3774 ἀφηγουμένου
3679 3699 3849 3753 αὐτῶν

2278 3815 2372 3869 καὶ
2418 3812 2515 3865 τοῦ
2566 3809 2735 3878 πυρὸς
2784 3807 2883 3868 τὰς
2937 3805 3140 3872 φλόγας
3191 3797 3622 3871 τερατευομένου
3650 3794 3851 3854 τούτοις

2276 3907 2369 3959 τοῦ
2395 3904 2588 3956 Εὗνου.
2617 3903 2750 3963 Ταῖς
2779 3899 2823 3952 δ’
2857 3897 3052 3959 οἰκίαις
3099 3891 3510 3950 ἐπεισελθόντες
3535 3888 3582 3920 ⁸⁷
3611 3886 3850 3939 πλεῖστον

2278 3996 2438 4066 φόνον
2467 3992 2808 4063 εἰργάζοντο,
2847 3988 2969 4058 μηδ’
2998 3983 3178 4039 αὐτῶν
3207 3981 3316 4036 τῶν
3339 3977 3660 4048 ὑπομαζίων
3683 3973 3849 4045 afterw-

2283 4104 2454 4160 μενοι.
2523 4083 2682 4137 Ἀλλά
2758 4079 2931 4134 ταῦτα
2992 4077 3089 4147 μὲν
3141 4075 3241 4143 τῆς
3288 4071 3458 4140 θηλῆς
3505 4067 3850 4160 ἀποσπῶντες

2280 4159 2664 4251 προσήρασσον
2695 4177 2761 4243 τῇ
2792 4174 2864 4241 γῇ
2892 4189 2904 4200 ·
2937 4172 3016 4232 εἰς
3044 4168 3103 4221 δὲ
3147 4165 3245 4230 τὰς
3289 4165 3556 4233 γυναῖκας
3579 4159 3691 4212 οὐδ’
3715 4160 3850 4251 ἔστιν

2278 4250 2451 4325 εἰπεῖν
2506 4268 2624 4339 (καὶ
2671 4265 2792 4318 τότε
2850 4262 2896 4295 ³⁸
2960 4258 3264 4330 βλεπόντων
3316 4255 3424 4307 τῶν
3466 4251 3703 4322 ἀνδρῶν)
3757 4250 3850 4301 ὅσα

2279 4361 2558 4434 ἐνύϐριζόν
2584 4377 2643 4412 τε
2692 4359 2786 4411 καὶ
2833 4355 3241 4422 ἐνησέλγαινον,
3276 4345 3472 4402 πολλοῦ
3503 4346 3691 4406 αὐτοῖς
3722 4341 3850 4410 πλήο

2280 4458 2405 4522 θους
2445 4456 2554 4508 τῶν
2581 4451 2692 4506 ἀπὸ
2732 4452 2831 4518 τῆς
2881 4448 3088 4508 πόλεως
3122 4444 3324 4497 δούλων
3363 4437 3752 4508 προστεθέντος
3783 4435 3846 4495 ’⁸,

2278 4550 2328 4602 οἳ
2357 4547 2453 4602 καὶ
2485 4543 2625 4598 κατά
2670 4541 2780 4594 τῶν
2830 4539 3035 4607 κυρίων
3069 4534 3335 4606 πρότερον
3360 4530 3430 4584 τὰ
3461 4528 3667 4596 ἔσχατα
3697 4523 3851 4578 ἔνδει-

2280 4639 2538 4707 κνύμενοι
2559 4633 2700 4687 οὕτω
2728 4631 2863 4701 πρδς
2909 4627 2999 4680 τὸν
3021 4626 3127 4678 τῶν
3156 4624 3330 4676 ἄλλων
3356 4621 3515 4690 φόνον
3545 4618 3848 4688 ἐτρέποντο.

2281 4731 2346 4783 Oi.
2370 4729 2426 4782 δὲ
2452 4725 2582 4796 περὶ
2613 4724 2703 4775 τὸν
2738 4719 2939 4772 Εὔνουν
2984 4715 3283 4783 πυθόμενοι
3323 4711 3416 4765 τὸν
3447 4708 3756 4779 Δαμόφιλον
3777 4707 3852 4758 ὅτι

2280 4821 2423 4877 κατὰ
2459 4819 2550 4872 τὸν
2608 4815 2834 4886 πλησίον
2879 4811 2980 4880 τῆς
3010 4808 3218 4869 πόλεως
3258 4804 3569 4872 περίκηπον
3591 4797 3853 4869 διατρίϐει

2286 4917 2423 4988 μετά
2479 4912 2577 4980 τῆς
2622 4905 2898 4977 γυναικὸς,
2929 4902 3093 4976 [1168
3128 4899 3224 4970 [1.]
3281 4892 3463 4950 εἷλκον
3519 4891 3733 4946 ἐκεῖθεν
3768 4888 3854 4988 διά

2282 4985 2445 5061 τινων
2477 5004 2534 5070 ἐξ
2557 4999 2747 5056 αὐτῶν
2789 4997 3087 5050 σταλέντων
3109 4992 3270 5046 αὐτόν
3285 5007 3344 5042 τε
3375 4987 3470 5041 καὶ
3497 4987 3599 5056 τὴν
3631 4985 3855 5052 γυναῖκα

601 5093 689 5146 via
721 5096 1063 5150 contumeliis
1098 5096 1342 5152 aﬂ‘ectos.
1381 5099 1488 5152 Soli
1515 5110 1691 5155 autem
1719 5101 1835 5167 ejus
1876 5101 1997 5154 lilia:
2031 5099 2173 5154 servi

2283 5099 2603 5170 δεδεμένους
2654 5088 3139 5160 ἑξαγκωνίσαντες,
3188 5081 3411 5186 πολλὰς.
3439 5078 3582 5132 κατά
3603 5073 3854 5186 ὶτὴνξδδν

601 5200 825 5256 prorsus
876 5199 1231 5256 pepercerunt
1307 5201 1364 5245 et
1409 5207 1476 5246 ne
1517 5193 1736 5246 minima
1785 5194 2001 5248 cuidem
2053 5207 2171 5247 eam

2283 5167 2471 5263 ὓὸρεις
2495 5188 2852 5258 ὑποσχόντας.
2913 5181 3098 5249 Μάνης
3149 5178 3206 5231 δὲ
3257 5177 3356 5245 τῆς
3387 5172 3660 5242 θυγατρός
3687 5167 3854 5222 αὐτῶν

1889 5334 2121 5391 νΑιιιΑε
2156 5326 2568 5387 LECTIONES.

671 5467 952 5543 ⁹⁸ξιτὲαῖ¹τα
983 5485 1042 5526 ττι
1101 5441 1331 5543 "ﬁeri
1362 5471 1442 5528 Αε
1477 5471 1608 5543 περὶ
1634 5489 1696 5543 τε
1759 5473 1811 5543 ,⁹⁸
1843 5467 2251 5543 μεγαλόψυχοςΙ
2276 5457 2644 5543 amitis-.390“
2678 5452 3015 5543 “$91536?
3045 5449 3512 5543 ⁵⁷ιέἳὲβῖίζῗ⁹ε
3536 5447 3776 5543 ἓξὲξ]
3800 5445 3854 5543 3'

605 5536 1060 5642 μεγαλόπλουτος.

630 5612 650 5642 ο
684 5622 878 5642 ιιι-Αλουσα
887 5609 911 5642 Α
919 5609 1001 5642 ἑυφ
1009 5627 1060 5642 ..υ

630 5612 650 5642 ⁹
683 5607 1084 5682 προστεθέντων
1118 5607 1179 5663 Β.

1155 5538 1204 5570 ’⁸
1231 5536 1460 5614 ἧρώτων
1508 5536 1626 5613 post
1678 5536 2098 5613 βεϐουλευμένον
2130 5536 2279 5610 ponit
2313 5536 2373 5591 Β.

2460 5519 2935 5587 δτῖὓπεισελθόντες
2963 5541 3023 5587 ς.
3127 5523 3170 5555 ⁸⁸
3204 5523 3295 5574 καὶ
3319 5521 3440 5573 τότε
3475 5523 3554 5572 A:
3589 5519 3763 5572 καίτοι
3797 5533 3854 5580 ς.

2109 5719 2336 5777 ΝΟΪᾸΕ.

682 5820 794 5892 (68)
837 5818 969 5876 Vide
992 5818 1138 5875 Flori
1170 5817 1464 5876 Evitomen.

2351 5812 2463 5885 (69)
2500 5810 2626 5867 Vide
2651 5808 2948 5864 Lucranum
2973 5813 3028 5862 et
3055 5805 3457 5874 Atuenagorum
3485 5819 3541 5859 ιιι
3587 5801 3856 5873 Apologia.
