4104 6414
235 422 372 486 1ιο9

1318 409 1844 473 BIBLIOTHECA.
1883 432 1951 443 ·-
1980 406 2144 467 COD.
2186 401 2478 464 CCXLIV.

3361 397 3497 466 ιιιο

230 533 283 582 οἱ
323 526 502 581 δοῦλοι
545 525 807 596 ὤφθησαν
875 525 954 586 εἰς
999 539 1176 578 παντα
1227 523 1570 590 φεισάμενοι,
1624 518 1712 572 διὰ
1756 515 1817 568 τὸ

1929 515 2116 582 injuria
2143 512 2229 567 vel
2264 509 2590 565 contumelia
2626 507 2941 574 aﬂ‘ecerunt,
2974 510 3044 565 ob
3074 509 3340 566 humanos
3379 510 3495 581 ejus

233 618 619 688 φιλάνθρωπον
653 617 824 686 αὑτῆς
850 610 982 687 ἦθος
1008 614 1104 667 καὶ
1136 615 1264 680 περὶ
1285 615 1406 675 τοὺς
1435 611 1650 672 δούλους
1680 626 1817 679 συμ-

234 711 412 772 παθὲς
426 710 518 762 καὶ
545 708 870 779 βοηθητικὸν
901 706 1041 760 κατά
1061 706 1310 776 δύναμιν.
1328 705 1418 768 Ἐξ
1439 699 1513 756 ὧν
1545 700 1820 754 ἐδείκνυτο

235 802 346 855 τῶν
375 801 580 853 δούλων
601 800 723 870 οὐχὶ
757 801 772 830 ί
795 798 1016 868 ὠμότης
1045 795 1186 850 εἶναι
1213 797 1428 865 φύσεως
1462 793 1530 847 τά
1561 793 1819 862 γινόμενα

236 895 318 955 εἱς
345 894 472 953 τοὺς
494 891 710 952 ἄλλους,
744 889 879 942 ἀλλὰ
895 889 1002 941 τῶν
1026 888 1506 958 προϋπηργμένων
1529 886 1608 949 είς
1624 884 1820 946 αὑτοὺς

236 983 590 1052 ἀδικημάτων
641 981 1016 1044 άνταπόδοσις.
1047 981 1149 1033 Τὸν
1176 981 1232 1034 δὲ
1262 979 1567 1049 Δαμόφιλον
1586 979 1682 1030 καὶ
1713 977 1811 1045 τὴν

237 1071 555 1138 Μεγαλλίδα
578 1073 657 1132 εἰς
681 1069 778 1140 τὴν
808 1072 962 1123 πόλιν
983 1072 1031 1123 οἱ
1051 1069 1452 1138 ἀπεσταλμένοι
1473 1065 1816 1124 ἑλκύσαντες,

237 1164 428 1234 ὥσπερ
454 1163 685 1232 ἔφημεν,
721 1165 800 1225 εἰς
835 1163 896 1214 τὸ
917 1163 1144 1232 θέατρον
1182 1163 1499 1232 εἰσήγαγον,
1526 1158 1818 1228 συνεληλυ-

239 1257 392 1318 θότος
423 1259 444 1287 ⁸
477 1254 712 1307 ἐνταῦθα
765 1254 860 1306 τοῦ
919 1253 1159 1324 πλήθους
1185 1254 1292 1306 τῶν
1337 1253 1678 1306 ἀποστατῶν.
1709 1251 1820 1305 Καὶ

237 1345 334 1399 τοῦ
383 1345 694 1414 Δαμοφίλου
753 1345 1116 1414 τεχνάσασοαί
1169 1344 1295 1416 [6‘29
1322 1343 1412 1416 IL]
1453 1363 1504 1396 τι
1548 1345 1683 1408 πρὸς
1723 1343 1822 1413 τὴν

242 1436 520 1506 σωτηρίαν
574 1437 1016 1505 ὲγχειρήσαντος,
1067 1438 1161 1488 καὶ
1193 1435 1418 1498 πολλοὺς
1463 1435 1556 1487 τοῦ
1586 1434 1823 1504 πλήθους

238 1529 353 1588 τοῖς
369 1525 546 1593 λόγοις
575 1526 939 1595 ἐπαγομένου,
982 1527 1238 1595 Ἑρμείας
1268 1526 1360 1580 καὶ
1391 1526 1579 1592 Ζεῦξις
1611 1524 1825 1595 πικρῶς

241 1619 380 1688 πρὸς
404 1618 567 1670 αὑτὸν
595 1619 616 1650 ³
646 1619 980 1686 διακείμενοι
1029 1617 1228 1670 πλάνον
1265 1635 1323 1670 τε
1350 1617 1680 1677 ἀπεκάλουν,
1731 1616 1825 1668 καὶ

239 1712 342 1765 οὑκ
369 1711 759 1778 ἀναμείναντες
807 1711 903 1780 τὴν
955 1710 1153 1780 ἀκριϐῆ
1211 1711 1306 1763 τοῦ
1355 1710 1528 1779 δήμου
1576 1709 1758 1780 κρίσιν
1799 1709 1826 1759 ό

245 1802 345 1872 μὲν
375 1801 462 1853 διὰ
494 1801 602 1853 τῶν
635 1801 884 1870 πλευρῶν
945 1802 1006 1853 τὸ
1049 1801 1201 1868 ξίφος
1228 1800 1382 1864 ὠθεῖ,
1434 1803 1462 1853 ὁ
1518 1801 1572 1852 δὲ
1605 1799 1824 1851 πελέκει

238 1894 333 1945 τὸν
369 1892 643 1962 τράχηλον
715 1893 928 1960 ἔκοψεν.
965 1893 1204 1944 Ἐκεῖθεν
1236 1894 1469 1962 αἱρεῖται
1510 1891 1765 1961 βασιλεὺς
1795 1894 1823 1942 ὁ

245 1983 467 2046 Εὔνους,
530 1983 653 2036 οὔτε
701 1985 769 2037 δι’
801 1984 1052 2055 ἀνδρείαν
1084 1983 1206 2036 οὔτε
1237 1984 1322 2036 διὰ
1353 1983 1704 2054 στρατηγίαν,
1734 1981 1824 2035 διὰ

242 2075 299 2127 δὲ
337 2075 506 2143 μόνην
537 2075 823 2144 τερατείαν
869 2074 965 2128 καὶ
996 2075 1057 2127 τὸ
1103 2075 1202 2144 τῆς
1251 2075 1604 2136 ἀποστάσεως
1642 2074 1820 2144 ἄρξαι,

242 2166 360 2235 ἅμα
405 2167 464 2219 δὲ
520 2169 615 2220 καὶ
682 2167 782 2236 τῆς
829 2170 850 2198 ’⁸
891 2168 1264 2238 προσηγορίας
1310 2167 1470 2220 οίονεί
1511 2184 1631 2218 τινα
1661 2165 1823 2218 καλὸν

241 2258 430 2311 οἰωνὸν
459 2257 689 2327 ἐχούσης
711 2259 846 2328 πρὸς
864 2257 962 2329 τὴν
988 2258 1096 2311 τῶν
1115 2257 1560 2327 ὑποταττομένων
1590 2255 1822 2310 εὔνοιαν.

242 2349 364 2402 Τῶν
388 2351 527 2403 ὅλων
558 2351 614 2403 δὲ
645 2353 756 2412 τοῖς
787 2351 1123 2413 ἀποστάταις
1155 2351 1428 2413 καταστὰς
1463 2349 1684 2420 Κύριος,
1731 2350 1825 2402 καὶ

245 2440 571 2509 συναγαγὼν
592 2442 908 2512 ἐκκλησίαν,
934 2444 1110 2496 ἀνεῖλε
1151 2443 1248 2512 μὲν
1281 2445 1300 2474 ³
1344 2443 1472 2505 τοῦς
1505 2443 1825 2512 ἐζωγρημέ-

244 2550 369 2595 νους
397 2533 506 2585 τῶν
523 2533 954 2597 Ἑνναίων,ὃσοις
983 2535 1082 2586 οὑκ
1105 2529 1171 2604 ἦν
1196 2533 1407 2603 ἡτέχνη
1427 2534 1565 2585 ὅπλα
1592 2532 1823 2603 ἐργάζε-

247 2623 397 2685 σθαι,
418 2625 660 2686 ἐκείνους
687 2623 741 2676 δὲ
760 2625 779 2654 ⁵
803 2624 1115 2692 δεδεμένους
1145 2627 1256 2686 τοῖς
1282 2624 1462 2694 ἔργοις
1496 2623 1761 2675 ὑπέϐαλεν
1782 2625 1821 2674 ⁷.

245 2714 462 2767 Ἔδωκε
492 2714 546 2766 δὲ
580 2714 672 2766 καὶ
695 2716 811 2774 ταῖς
843 2712 1197 2782 θεραπαίναις
1225 2713 1324 2781 τὴν
1348 2712 1663 2779 Μεγαλλίδα
1688 2713 1826 2780 χρή·

249 2805 446 2856 σασθαι
473 2804 548 2866 ὡς
579 2801 645 2856 ἂν
679 2803 948 2871 βούλοιντο
977 2820 991 2834 ·
1049 2803 1144 2855 καὶ
1192 2797 1350 2856 αὗται
1381 2804 1825 2874 κατεκρήμνισαν

245 2896 619 2964 αἰκισάμεναι.
651 2896 758 2949 Καὶ
788 2897 950 2958 αὐτὸς
979 2897 1034 2949 δὲ
1061 2898 1186 2958 τοὺς
1212 2897 1376 2958 ἰδίους
1405 2897 1580 2950 ἀνεῖλε
1603 2898 1826 2968 κυρίους

263 2987 542 3056 Ἀντιγένη
565 2988 658 3038 καὶ
686 2988 932 3040 Πύθωνα.
992 2988 1356 3058 Περιθέμενος
1379 2989 1437 3041 δὲ
1460 2989 1701 3059 διάδημα
1731 2990 1826 3042 καὶ

248 3081 429 3132 πάντα
451 3081 520 3131 τὰ
541 3080 754 3132 ἀλλατά
778 3080 906 3149 περὶ
931 3080 1091 3132 αὑτὸν
1112 3079 1404 3149 βασιλικῶς
1425 3081 1820 3152 διακοσμήσας,

246 3173 348 3241 τήν
381 3189 438 3224 τε
475 3171 806 3240 συμϐιοῦσαν
835 3171 1002 3240 αὑτῷ,
1051 3171 1229 3237 Σύραν
1261 3173 1354 3224 καὶ
1381 3172 1701 3242 συμπολῖτιν
1729 3172 1822 3224 οὖν
1853 3204 1896 3262 C

251 3281 370 3325 σαν,
405 3263 722 3332 βασίλισσαν
754 3262 1061 3328 ἀποδείξας,
1133 3263 1420 3332 συνέδρους
1458 3281 1516 3316 τε
1557 3265 1686 3326 τοὺς
1711 3281 1828 3316 συν-

250 3355 360 3407 έσει
379 3354 667 3416 δοκοῦντας
679 3355 956 3424 διαφέρειν
972 3355 1361 3424 ποιησάμενος,
1383 3349 1457 3408 ὧν
1481 3351 1550 3426 ἦν
1573 3356 1824 3425 Ἀχαιὸς⁸

251 3450 344 3500 καὶ
381 3447 620 3516 τοῦνομα
649 3449 740 3500 καὶ
771 3449 832 3499 τὸ
861 3449 1036 3515 γένος,
1063 3449 1203 3517 ἀνὴρ
1238 3448 1332 3501 καὶ
1364 3447 1527 3518 βουλῇ
1564 3448 1658 3502 καὶ
1684 3449 1828 3517 χειρὶ

248 3539 541 3608 διαφέρων,
592 3538 686 3590 καὶ
738 3541 795 3591 έν
840 3541 1016 3609 τρισὶν
1065 3538 1297 3608 ἡμέραις
1336 3539 1553 3602 πλείους
1589 3539 1696 3592 τῶν
1738 3539 1828 3602 ἐξ·

250 3631 568 3699 ακισχιλίων
593 3632 685 3683 τὸν
713 3631 936 3684 δυνατὸν
973 3630 1311 3692 καθοπλίσας
1333 3631 1553 3701 τρόπον,
1585 3630 1679 3683 καὶ
1715 3630 1832 3682 ἑτέ-

248 3737 378 3791 ρους
405 3721 845 3791 συνεπαγόμενος
875 3720 1085 3784 ἀξίναις
1105 3720 1198 3772 καὶ
1232 3718 1488 3771 πελέκεσι
1517 3718 1832 3788 χρωμένους

250 3813 283 3882 ἦ
322 3812 633 3880 σφενδόναις
657 3815 687 3880 ἧ
707 3814 992 3883 δρεπάνοις
1021 3811 1053 3882 ἦ
1089 3811 1267 3876 ξύλοις
1302 3810 1830 3880 πεπυρακτωμένοις

246 3906 282 3974 ἢ
323 3906 416 3956 καὶ
445 3906 719 3976 μαγείρων
747 3906 972 3970 ὀϐελοῖς,
1005 3905 1162 3975 ἐπῄει
1213 3905 1392 3956 πᾶσαν
1439 3901 1714 3971 λεηλατῶν
1737 3903 1836 3970 τὴν

250 3997 458 4068 χώραν,
506 3998 598 4050 καὶ
665 3997 869 4066 πλῆθος
913 3998 1139 4066 ἄπειρον
1200 3995 1432 4050 οἰκετῶν
1476 3993 1832 4065 προσλαμϐά-

249 4105 357 4140 νων
390 4089 661 4160 ἐθάρρησε
696 4092 791 4141 καὶ
825 4093 1148 4160 στρατηγοῖς
1175 4087 1470 4155 Ῥωμαίων
1501 4083 1831 4153 πολεμῆσαι,

250 4182 348 4233 καὶ
415 4181 757 4249 συμπλακεὶς
805 4182 882 4251 τῷ
945 4180 1141 4248 πλήθει
1209 4179 1467 4240 πολλάκις
1507 4177 1830 4247 ἐκράτησεν,

248 4273 394 4341 ἔχων
428 4273 527 4342 ἤδη
563 4273 896 4340 στρατιώτας
924 4273 1063 4342 ὑπὲρ
1091 4272 1214 4332 τοὺς
1252 4270 1498 4340 μυρίους.

249 4369 558 4431 securibus,
601 4379 694 4420 aut
750 4367 953 4432 fundis,

1921 621 2120 669 mores,
2151 614 2206 658 et
2235 603 2476 657 animum
2500 600 2565 654 ad
2589 600 3114 656 commiserationem
3139 616 3270 672 erga
3303 617 3497 657 servos

1919 715 2270 772 propensum,
2326 707 2486 767 atque
2539 698 2676 751 adeo
2738 697 2806 750 iis
2865 697 3162 752 auxiliandi
3216 701 3492 768 cupidmn.

1921 795 2073 862 Quod
2103 794 2317 862 quidem
2348 799 2666 860 argumento
2690 797 2807 844 erat
2828 804 3017 844 servos
3044 806 3146 844 non
3177 792 3498 845 crudelitate

1924 897 2131 940 natura:
2177 885 2303 939 talia
2353 891 2663 953 perpetrare
2719 883 2771 936 in
2824 881 2979 947 alios,
3023 883 3116 937 sed
3166 883 3340 937 illatas
3395 883 3496 936 sibi

1922 979 2148 1049 injurias
2183 977 2526 1032 ulciscentes.
2556 973 2757 1046 28512
2801 976 3072 1031 Caeterum
3123 975 3496 1044 DamOphilum

1923 1086 2042 1126 cum
2068 1085 2164 1124 sua
2201 1067 2482 1138 Megallide
2519 1083 2642 1121 cum
2685 1069 2737 1121 in
2769 1067 2956 1121 urbem
2983 1067 3388 1136 protraaissettt
3436 1065 3497 1128 ii,

1923 1165 2119 1234 quibus
2155 1163 2338 1216 datum
2381 1172 2499 1216 erat
2529 1162 2824 1231 negotium,
2863 1172 2921 1215 ut
2955 1161 3215 1227 diximus,
3251 1159 3302 1212 in
3346 1160 3499 1213 thea—

1926 1267 2065 1312 trum
2117 1272 2210 1311 eos
2264 1258 2653 1325 produxerunt,
2725 1256 2815 1309 ubi
2861 1254 3192 1309 defectorum
3245 1252 3499 1306 universa

1924 1360 2248 1420 congregata
2301 1359 2417 1402 erat
2471 1347 2777 1401 multitudo.
2853 1347 3095 1413 Cumque
3151 1343 3542 1413 Damopltilns,

1925 1454 2039 1500 arte
2076 1445 2254 1512 aliqua
2287 1441 2442 1497 saluti
2494 1455 2604 1494 sua:
2637 1439 2923 1494 consulere
2953 1455 3176 1502 eonans,
3211 1437 3500 1490 multorum

1924 1553 1988 1590 ex
2040 1536 2145 1589 illis
2181 1535 2489 1587 voluntates
2537 1533 2601 1586 ad
2639 1547 2702 1586 se
2743 1532 2989 1585 oratione
3044 1545 3140 1582 sua
3196 1530 3498 1591 inclinaret,

1925 1625 2185 1679 Hertneas
2221 1635 2275 1678 et
2310 1624 2507 1677 Zeuxis
2543 1622 2740 1688 acerbo
2774 1637 2894 1674 eum
2929 1622 3054 1675 odio
3085 1629 3499 1691 prosequentes,

1927 1719 2276 1786 impostorent
2328 1715 2690 1769 vocitabant:
2738 1713 3069 1783 minimeque
3126 1721 3504 1781 exspectantes

1929 1809 2054 1860 dum
2089 1806 2315 1876 pepulus
2342 1815 2547 1860 certmn
2581 1804 2647 1856 de
2689 1817 2754 1856 eo
2779 1802 3039 1870 judicium
3073 1802 3500 1871 pronuntiasset,

1927 1894 2065 1948 alter
2121 1908 2304 1948 ensem
2362 1909 2458 1962 per
2515 1892 2680 1946 latera
2723 1892 2841 1960 ejus
2896 1892 3080 1960 adigit,
3133 1891 3269 1947 alter
3327 1890 3502 1944 securi

1927 1986 2195 2040 cervicem
2233 1985 2348 2053 ejus
2389 1985 2676 2037 abscindit.
2710 1981 2811 2037 ilic
2832 1998 2965 2037 vero
2999 1983 3180 2037 Eunus
3211 1998 3303 2036 rex
3348 1999 3502 2036 crea-

1928 2091 2015 2135 tnr
2049 2098 2061 2134 :
2097 2096 2201 2133 non
2232 2078 2373 2145 quod
2401 2077 2485 2130 vlr
2525 2078 2678 2130 fortis
2719 2089 2864 2130 esset
2897 2077 2986 2129 ille
3016 2077 3252 2144 quidetn,
3295 2078 3376 2129 vel
3413 2077 3502 2130 bo-

1927 2189 2027 2227 ntts
2053 2173 2362 2241 imperator,
2398 2170 2490 2223 sed
2518 2170 2587 2222 ob
2617 2185 2767 2222 suam
2795 2168 3266 2237 prtestigiatoriam
3304 2176 3500 2232 artem,

1925 2265 2179 2334 quodque
2233 2261 2556 2315 defectionis
2618 2274 2808 2313 auctor
2869 2261 3080 2314 fuisset.
3139 2261 3277 2328 Quin
3337 2264 3501 2314 etiam

1927 2357 2160 2410 nominis
2200 2355 2315 2423 ejus
2352 2355 2451 2408 fuit
2494 2355 2702 2414 habita,
2743 2354 2918 2421 aliqua
2958 2353 3118 2418 ratio,
3150 2363 3332 2421 utpote
3357 2353 3503 2422 qttod

1926 2449 2073 2501 velut
2125 2446 2408 2515 augurium
2460 2455 2606 2499 esset
2646 2446 2842 2498 futurae
2888 2445 3028 2498 illius
3074 2459 3203 2514 erga
3257 2445 3502 2497 subditos

1928 2540 2335 2594 benevolentiae.
2383 2539 2565 2607 Itaque
2610 2536 2918 2590 defectores
2966 2552 3086 2590 cum
3143 2551 3322 2590 rerum
3360 2553 3506 2590 sum-

1927 2644 2067 2680 mam
2106 2629 2172 2681 ad
2216 2643 2338 2680 eum
2397 2625 2741 2689 detulissent,
2794 2625 3057 2678 advocata
3101 2623 3384 2688 concione,
3438 2639 3504 2676 ex

1940 2719 2277 2782 linncnsibtts
2317 2719 2404 2784 qui
2452 2718 2558 2769 vivi
2596 2717 2736 2783 capti
2788 2725 2964 2780 erant,
2997 2731 3184 2769 omnes
3211 2730 3303 2769 eos
3337 2716 3504 2768 inter-

1928 2808 2075 2873 fecit,
2105 2808 2195 2875 qui
2219 2807 2588 2860 fabricationis
2619 2821 2891 2858 armorutn
2916 2805 3148 2875 imperiti
3181 2817 3336 2858 erant
3365 2821 3378 2858 :
3414 2819 3508 2873 pt-

1929 2901 2061 2953 ritos
2093 2911 2273 2952 autem
2323 2900 2530 2952 vinctos
2575 2898 2726 2965 operi
2770 2897 3016 2950 faciendo
3053 2897 3279 2950 addixit.
3314 2896 3508 2966 Megal-

1927 2991 2084 3044 lidem
2142 3001 2400 3060 praeterea
2438 2991 2487 3043 in
2539 3005 2815 3044 servarunt
2871 2999 3199 3057 potestatem
3261 2989 3507 3054 tradidit,

1927 3094 1983 3136 ut
2017 3098 2114 3151 pro
2156 3098 2255 3136 suo
2302 3081 2528 3134 arbitrio
2566 3080 2616 3133 in
2663 3096 2780 3134 eam
2826 3080 3342 3134 animadverterent.
3399 3078 3508 3132 lll:e

1929 3187 2107 3228 autem
2139 3190 2257 3229 eam
2310 3175 2542 3242 primum
2591 3172 2922 3228 cruciatibus
2962 3171 3282 3237 affecerunt,
3315 3172 3510 3226 deinde

1933 3269 2261 3336 praecipitem
2311 3268 2594 3320 dederunt.
2629 3265 2746 3335 lpse
2776 3281 2994 3335 quoque
3029 3267 3278 3335 pr0prios
3310 3266 3510 3319 occidit

1935 3359 2202 3420 dominos,
2257 3359 2580 3428 Antigenem
2628 3367 2681 3410 et
2719 3355 3042 3424 Pythonem.
3081 3357 3319 3411 Tandem
3381 3370 3509 3409 vero

1937 3451 2186 3518 imposito
2226 3451 2387 3517 capiti
2437 3451 2762 3514 diademate,
2799 3449 3070 3516 rebusque
3115 3448 3226 3502 suis
3258 3449 3510 3501 omnibus

1937 3542 2100 3609 regali
2157 3541 2441 3608 splendore
2489 3541 2788 3605 adornatis,
2837 3556 2936 3596 sua
2981 3541 3105 3593 item
3155 3540 3512 3608 nxore(qu:e

1933 3644 1988 3686 et
2035 3634 2144 3700 ipsa
2189 3633 2323 3704 Syra
2371 3643 2494 3687 erat
2533 3633 2757 3702 ejusque
2787 3630 2955 3706 civis)
2992 3629 3262 3684 declarata
3302 3629 3506 3699 regina,

1931 3741 1995 3779 ex
2029 3742 2215 3778 eorum
2247 3741 2474 3779 numero
2503 3727 2593 3794 qtti
2628 3725 2911 3794 prudentia
2939 3723 3150 3777 caeteris
3183 3721 3509 3776 antecellere

1934 3817 2275 3881 videbantur,
2331 3815 2534 3882 aliquot
2589 3815 2690 3868 sibi
2763 3813 3103 3868 consiliarios
3152 3812 3371 3881 delegit.
3432 3810 3513 3865 Ex

1935 3906 2129 3975 quibus
2175 3915 2294 3958 erat
2338 3907 2589 3970 Achaeus,
2643 3921 2748 3958 non
2808 3914 3017 3957 tantum
3057 3906 3298 3970 nomine,
3332 3905 3424 3958 sed
3457 3915 3512 3958 et

1936 3998 2154 4050 natione
2203 3999 2452 4061 Achaeus,
2501 3997 2580 4048 vir
2621 4007 2674 4049 et
2704 3995 2935 4050 consilio
2966 4007 3232 4063 praestans
3262 4005 3319 4050 et
3350 4012 3510 4050 manu

1936 4088 2128 4140 mirum
2189 4088 2241 4140 in
2294 4089 2508 4140 modum
2557 4099 2858 4154 promptus.
2929 4085 3028 4140 Hic
3081 4088 3244 4139 trium
3303 4087 3511 4141 dierum

1933 4181 2108 4248 spatio
2133 4195 2254 4231 cum
2287 4195 2377 4232 sex
2432 4179 2710 4232 hominum
2761 4189 3028 4233 armasset
3066 4179 3254 4243 tnillia,
3289 4189 3344 4230 ut
3374 4189 3513 4230 tem--

1942 4287 2040 4337 pus
2081 4271 2264 4334 dabat,
2300 4286 2421 4324 cum
2464 4272 2550 4324 bis
2581 4286 2709 4324 vero
2744 4281 2798 4326 et
2837 4271 2974 4326 alios
3002 4273 3230 4326 haberet
3258 4274 3422 4327 asciis
3450 4285 3504 4326 et

1044 4376 1138 4420 aut
1198 4366 1448 4429 falcibus,
1506 4377 1598 4418 aut
1649 4365 1874 4418 sudibus
1944 4368 2215 4436 praeustis,
2269 4379 2363 4422 aut
2410 4383 2705 4436 coquorum
2750 4370 2986 4422 verubus
3037 4371 3350 4432 instructos,
3401 4377 3510 4423 tota

252 4465 477 4532 regione
510 4467 718 4530 praedas
754 4478 918 4533 agens
987 4462 1330 4531 peragrabat.
1377 4460 1549 4514 Simul
1613 4476 1741 4514 vero
1801 4461 2194 4516 multitudinem
2243 4463 2508 4517 inﬁnitam
2561 4479 2840 4518 servorum
2887 4463 3161 4516 asciscens
3245 4464 3512 4517 Romanos

249 4562 413 4616 etiam
458 4562 813 4628 imperatores
854 4560 991 4613 bello
1031 4574 1195 4613 ausus
1231 4568 1317 4611 est
1371 4557 1661 4619 lacessere,
1735 4558 2109 4626 consertisque
2159 4560 2407 4613 manibus
2483 4575 2605 4613 cum
2692 4560 2793 4623 eis,
2875 4548 3124 4612 militum'
3154 4574 3380 4612 numero
3420 4576 3514 4628 pe-

251 4654 472 4715 tentior,
510 4655 733 4705 victoria
787 4668 926 4720 smpe
961 4652 1164 4719 potitus
1195 4660 1298 4715 est,
1331 4660 1517 4718 utpote
1547 4651 1829 4718 plusquam
1870 4653 2057 4706 decem
2089 4653 2365 4706 hominum
2400 4652 2564 4706 millia
2600 4654 2823 4707 ducens.

336 4743 425 4793 Ἑν
451 4743 622 4812 τούτῳ
647 4743 699 4794 δὲ
737 4743 922 4796 Κλέων
946 4762 1028 4805 τις
1053 4743 1211 4806 Κίλιξ
1240 4743 1414 4797 ἄλλων
1454 4743 1656 4796 δούλων
1691 4745 1825 4797 ἀπο-

2007 4747 2141 4800 Dum
2193 4749 2304 4802 ltzec
2347 4758 2600 4816 aguntur,
2651 4747 2792 4801 Cilix
2840 4748 3058 4816 quidam
3092 4747 3177 4800 cui
3219 4747 3383 4802 Cleon
3415 4764 3512 4800 n0-

250 4835 495 4896 στάσεως
537 4831 839 4906 ἦρξε.έ1(ἱαὶ
888 4836 1105 4888 πάντων
1155 4839 1274 4898 ταῖς
1335 4836 1518 4888 ἐλπίσι
1563 4853 1826 4907 μετεωρι-

251 4926 509 4991 σθέντων,
539 4926 613 4989 ὡς
668 4928 1088 4998 άντιπολεμήσει
1138 4930 1209 4980 τὰ
1259 4929 1633 4980 στασιάσαντα
1689 4928 1825 4997 πρὸς

245 5022 512 5093 ἀλλήλους
552 5025 643 5075 καὶ
674 5025 831 5076 αὑτοὶ
889 5025 1117 5087 έαυτοῦς
1152 5025 1199 5075 οἱ
1241 5023 1544 5075 ἀποστάται
1579 5021 1824 5090 διαφθεί-

249 5132 438 5188 ροντες
479 5115 903 5185 ὲλευθερώσουσι
927 5115 1024 5186 τὴν
1078 5114 1328 5167 Σικελίαν
1379 5117 1477 5183 τῆς
1512 5114 1749 5173 στάσεως
1782 5115 1826 5180 ⁸,

246 5210 402 5278 παρὰ
432 5208 590 5272 δόξαν
622 5208 872 5278 ἀλλήλοις
899 5207 1223 5276 συνέϐησαν,
1255 5205 1348 5259 τοῦ
1405 5205 1654 5268 Κλέωνος
1688 5206 1820 5259 ὑπο·

241 5300 505 5366 ταγέντος
535 5299 674 5368 ψιλῷ
705 5298 797 5351 τοῦ
839 5298 1006 5351 Εὑνου
1061 5298 1446 5369 προστάγματι
1471 5299 1564 5350 καὶ
1599 5298 1696 5367 τὴν
1726 5297 1820 5350 τοῦ

244 5391 557 5462 στρατηγοῦ
588 5385 696 5461 (οἷα
728 5392 791 5460 δὴ
818 5391 858 5423 ¹⁰
883 5390 1109 5461 βασιλεῖ)
1143 5389 1330 5461 χρείαν
1353 5387 1820 5459 ἀποπληροῦντος,

242 5482 467 5552 ἔχοντος
501 5483 702 5537 οἰκεῖον
731 5482 935 5554 πλῆθος
957 5481 1306 5552 στρατιωτῶν
1331 5480 1784 5551 πεντακισχιλίων
1807 5497 1820 5511 ·

1931 4859 2053 4895 mcn
2111 4852 2252 4906 erat,
2311 4853 2502 4896 auctor
2569 4839 2893 4895 defectionis
2945 4840 3173 4895 aliorum
3225 4855 3508 4895 servomm

1933 4936 2050 5001 fuit,
2101 4944 2160 4990 et
2212 4950 2336 4987 eutn
2385 4933 2450 4986 ad
2483 4949 2602 4987 eam
2639 4949 2789 5001 spem
2835 4935 3003 4987 erecti
3054 4934 3297 4988 omnium
3345 4936 3508 4988 animi

1931 5038 2133 5093 essent,
2189 5025 2307 5080 fore
2359 5036 2417 5080 ut
2471 5037 2588 5079 orta
2645 5027 2910 5080 seditione
2970 5027 3020 5080 lii
3071 5026 3332 5080 adversus
3391 5027 3512 5082 illos

1933 5134 2078 5172 arma
2105 5127 2382 5185 caperent,
2411 5127 2573 5187 atque
2601 5118 2674 5171 ita
2712 5118 2814 5173 sibi
2841 5127 3086 5171 mutuum
3119 5119 3343 5172 exitium
3377 5119 3509 5171 ail‘e-

1932 5222 2138 5275 rentes,
2171 5211 2408 5264 Siciliam
2440 5211 2672 5264 tumultu
2701 5210 3016 5277 liberarent,
3049 5221 3245 5279 praeter
3271 5211 3508 5263 omnium

1935 5301 2391 5367 exspectationem
2423 5299 2714 5352 coitionem
2745 5301 2888 5352 inter
2927 5314 2986 5353 se
3012 5299 3288 5363 fecerunt;
3318 5299 3513 5367 quippe

1935 5405 2055 5441 cum
2088 5388 2250 5440 Cleon
2286 5388 2428 5440 nudo
2462 5385 2598 5440 Enni
2643 5389 2898 5450 nttuttlato
2945 5402 3004 5442 se
3040 5388 3406 5450 submitteret,
3457 5398 3513 5440 ut

1931 5480 2033 5535 sub
2058 5478 2169 5544 illo,
2203 5486 2260 5532 ut
2293 5493 2437 5548 rege,
2467 5479 2808 5548 imperatoris
2842 5482 3025 5535 munia
3059 5479 3259 5551 386a
3313 5479 3508 5543 obiret,

1559 5633 1790 5690 VARIAE
1839 5631 2244 5688 LECTIOM‘IS.

357 5751 375 5782 ¹
403 5752 503 5805 οὐκ
535 5751 594 5808 Β.
663 5755 684 5786 ²
720 5752 1152 5822 συνεληλυθότων
1176 5751 1236 5804 Β.

243 5822 266 5858 ’
301 5821 426 5878 libri
455 5823 752 5879 ὑπέϐαλλεν
844 5827 865 5856 ⁸
897 5820 1131 5895 Ἂχαιὸς]
1165 5823 1388 5893 ἀρχαῖος
1413 5820 1473 5872 Β.

1310 5748 1331 5780 ³
1353 5748 1539 5814 αὑτὸν]
1566 5747 1726 5801 αὑτὸν
1757 5747 1910 5798 αὑτοὶ
1934 5745 1992 5801 Β.

1551 5820 1571 5852 ³
1598 5818 1838 5881 στάσεως
1867 5820 1945 5870 A:
1979 5817 2330 5878 ἀποστάσεως
2362 5833 2420 5880 ς.

2067 5747 2089 5776 ⁵
2118 5743 2238 5816 τῆς]
2279 5745 2340 5798 τὸ
2370 5745 2472 5815 τῆς
2499 5746 2563 5799 Α.
2639 5748 2662 5779 ⁸
2700 5747 2796 5816 μὲν
2823 5747 2944 5800 add.
2977 5745 3042 5802 A.
3143 5747 3166 5780 ⁸
3196 5745 3252 5799 δὲ
3293 5744 3411 5799 add.
3445 5742 3505 5800 Β.

2500 5818 2542 5850 ¹⁰
2589 5816 2654 5887 δὴ
2692 5819 2771 5872 A:
2805 5816 2886 5870 δεῖ
2929 5833 2990 5880 ς.

1876 5958 1882 5961 ς
1897 5955 1930 5963 ,ο
1939 5953 1986 5961 ...-
1994 5950 2105 5960 -ν-α-δ-
