4104 6470
561 416 690 482 Ῑ-ίὶὶ

1730 413 1987 474 ΡΗΟΤΙΙ
2013 407 2515 472 ΡΑΤΒΙΑΒΟΗᾸΞ.
2553 409 2660 469 CP.

3658 392 3800 457 1412

561 529 789 584 militum
843 527 1152 596 propiorem
1207 524 1450 595 quinque
1501 523 1665 578 millia
1691 525 1948 582 .liabens.
2009 521 2148 576 Hoc.

2250 519 2430 589 ιμέραι
2481 517 2526 570 δ’
2569 517 2736 584 ἐγγὺς
2791 509 2933 585 ἦσαν
2975 509 3082 565 ἀπὸ
3118 510 3216 579 τῆς
3250 507 3607 569 ἀποστάσεως
3635 505 3800 574 τριά-

561 627 740 672 autem
773 616 876 668 fuit
920 614 1139 685 triginta
1190 615 1300 669 fere
1353 632 1382 666 a
1418 611 1722 666 defectione
1763 613 1971 667 diebus.
2005 610 2122 666 Non

562 707 730 762 multo
758 715 872 776 post
902 705 1191 760 commissa
1228 718 1398 773 pugna
1423 717 1542 756 cum
1578 702 1901 772 imperatore
1930 700 1993 755 L.
2016 700 2127 771 Hy-

564 813 747 868 posmo
803 795 970 851 Roma
1025 797 1275 851 veniente
1315 810 1434 848 cum
1466 803 1588 848 octo
1632 793 1866 848 millibus
1915 793 2126 847 Siculoc

566 905 683 944 rum
721 890 974 952 militum,
1025 888 1250 941 victoria
1298 887 1446 954 potiti
1501 893 1646 948 sunt,
1685 894 1869 953 utpote
1913 885 2002 953 qui
2051 885 2128 938 vi-

567 980 697 1048 ginti
734 979 898 1032 tuillia
955 989 1158 1033 essent.
1199 978 1502 1046 Aliquando
1545 986 1670 1046 post
1724 987 1900 1032 autem
1937 992 2127 1032 eorum

569 1084 829 1122 numerus
872 1084 1040 1138 usque
1084 1070 1150 1122 ad
1193 1079 1406 1122 centum
1442 1068 1605 1122 millia
1649 1069 1840 1123 crevit.
1890 1068 2131 1137 Cumque

571 1155 830 1208 adversus
868 1154 1139 1210 Romanos
1192 1156 1373 1223 praelia
1421 1154 1650 1209 subinde
1685 1167 1956 1224 gererent,
1990 1171 2133 1226 saepe

569 1259 637 1298 ex
693 1246 757 1298 iis
793 1245 1015 1315 gloriam
1062 1249 1425 1315 reportabant,
1478 1261 1602 1300 raro
1639 1257 1816 1300 autem
1851 1246 2002 1301 clade
2038 1262 2130 1299 ac-

571 1344 723 1402 cepta
765 1335 1030 1389 redibant.
1059 1335 1225 1405 Cujus
1264 1337 1340 1388 rei
1381 1351 1502 1389 cum
1536 1336 1830 1404 dissipatus
1860 1346 2010 1390 esset
2042 1351 2132 1388 ru-

574 1441 710 1487 mor,
752 1425 860 1494 jam
913 1427 1054 1480 servi
1101 1437 1317 1480 centum
1367 1427 1755 1496 quinquaginta
1804 1427 1986 1480 Romae
2012 1442 2137 1480 con-

575 1517 869 1583 Spiratinne
915 1517 1055 1570 inter
1096 1532 1154 1570 se
1204 1517 1344 1570 facta
1396 1519 1461 1570 ad
1529 1517 1886 1572 defectionem
1931 1518 2132 1572 incensi

574 1617 748 1672 erant,
805 1609 854 1661 in
910 1609 1089 1663 Attica
1139 1621 1316 1663 autem
1366 1610 1649 1678 plusquam
1713 1610 1892 1668 mille;
1951 1610 2134 1663 itidem

577 1715 703 1754 vero
732 1701 864 1765 Deli,
897 1701 1184 1770 multisque
1234 1702 1353 1755 aliis
1384 1703 1434 1755 in
1473 1702 1626 1756 locis.
1671 1702 1778 1754 Sed
1815 1716 2137 1769 unoquoque

577 1791 628 1845 in
656 1791 770 1845 loco
801 1793 834 1846 ii
864 1808 1093 1860 quorum
1126 1808 1268 1848 cura:
1313 1794 1523 1863 negotia
1565 1793 1772 1863 publica
1819 1795 2134 1848 demandata

575 1890 752 1943 erant,
782 1879 959 1934 subito
987 1883 1144 1934 rebus
1172 1881 1225 1935 in
1264 1883 1551 1936 discrimen
1583 1883 1829 1937 adductis
1863 1884 2136 1952 epitnlati,

576 1983 700 2023 cum
733 1971 912 2038 gravia
956 1972 1022 2026 de
1069 1972 1174 2026 illis
1199 1973 1458 2042 supplicia
1496 1976 1880 2043 sumpsissent,
1911 1985 2138 2030 caeteros

577 2062 773 2128 quibus
805 2061 914 2128 jam
963 2073 1016 2117 et
1051 2065 1178 2132 ipsis
1205 2080 1328 2133 spes
1374 2081 1600 2120 accensa
1645 2067 1963 2122 defectionis
2002 2077 2140 2133 erat,

580 2163 724 2206 metu
759 2165 1155 2223 represserunt,
1204 2168 1256 2209 et
1300 2157 1365 2210 ad
1410 2159 1676 2211 saniorem
1715 2168 1949 2212 mentem
1989 2175 2142 2213 revo-

577 2252 792 2298 carunt.
843 2244 911 2297 At
941 2261 1067 2298 vero
1096 2245 1145 2298 iu
1197 2246 1378 2300 Sicilia
1411 2249 1606 2300 malum
1645 2249 1696 2301 in
1739 2251 1851 2304 dies
1901 2251 2146 2320 ingrave-

479 2343 485 2348 '
578 2335 786 2397 scebat,
815 2349 935 2388 cum
967 2346 1023 2389 et
1065 2335 1226 2390 urbes
1278 2353 1379 2389 una
1412 2353 1532 2391 cum
1569 2339 1699 2406 ipsis
1737 2340 1948 2394 civibus
1988 2356 2147 2410 cape-

581 2434 792 2488 rentur,
840 2437 894 2478 et
933 2426 1082 2480 multi
1119 2429 1391 2482 exercitus
1446 2444 1473 2481 a
1523 2431 1888 2486 defectoribus
1933 2433 2148 2486 desere—

583 2523 792 2572 rentur.
847 2514 950 2570 Sed
993 2519 1204 2571 tandem
1257 2518 1486 2572 llutilius
1545 2537 1799 2575 romanus
1852 2523 2148 2593 imperator

582 2603 997 2659 Tauromenium
1046 2607 1176 2676 ipsis
1223 2611 1580 2676 recuperavit,
1642 2623 1922 2681 postquam
1982 2617 2146 2670 velte-

584 2694 917 2748 mentissime
949 2696 1076 2748 illml
1105 2707 1469 2766 Oppugnasset
1502 2739 1517 2764 ,
1547 2710 1600 2751 et
1632 2699 1930 2757 defectores
1965 2705 2052 2772 qui
2094 2705 2145 2759 in

582 2797 647 2837 eo
671 2793 826 2838 erant
851 2787 916 2838 ad
947 2800 1185 2839 summas
1215 2789 1490 2856 angustias
1537 2791 1856 2858 redegisset,
1895 2801 2053 2861 atque
2080 2795 2146 2846 ad

588 2884 694 2928 tam
755 2891 934 2929 acrem
991 2877 1186 2932 famem
1239 2881 1609 2948 compulisset,
1645 2893 1701 2935 ut
1730 2898 1848 2935 cum
1881 2885 2053 2953 primo
2085 2886 2149 2938 li-

584 2967 834 3021 berorum
865 2983 1084 3023 suorum
1120 2973 1439 3038 corporibus
1472 2974 1613 3028 vesci
1651 2976 1964 3042 ett-pissent,
2001 2992 2146 3041 mox,

583 3057 652 3111 ad
687 3073 918 3112 uxorum
974 3075 1201 3128 corpora
1232 3076 1293 3116 se
1327 3066 1742 3129 convertissent,
1777 3077 2050 3136 postremo
2084 3082 2149 3121 ue

2226 631 2410 668 κοντα.
2448 611 2611 683 [1169
2638 609 2730 681 IL]
2768 607 2880 662 Καὶ
2899 608 3034 677 μετὰ
3069 605 3239 676 βραχὺ
3267 606 3330 655 ὲκ
3359 601 3584 669 Ῥώμης
3611 598 3804 667 ἦκοντι

2229 703 2515 775 στρατηγῷ
2570 701 2784 768 Λευκίῳ
2833 700 3060 769 ’Υψαίῳ,
3120 697 3296 764 ἔχοντι
3353 690 3698 762 στρατιώτας
3735 689 3804 740 ἐκ

2227 795 2472 858 Σικελίας
2497 792 2954 862 ὀκτακισχιλίους,
3005 792 3083 850 εἰς
3135 787 3369 855 πόλεμον
3419 783 3804 842 καταστάντες

2227 891 2276 942 οἱ
2328 887 2630 942 ἀποστάται
2696 885 2983 952 ἐνίκησαν,
3042 879 3244 948 πλῆθος
3297 877 3446 939 ὄντες
3496 872 3800 942 δισμύριοι.

2214 981 2361 1037 ,Μετ’
2389 981 2448 1032 οὐ
2473 979 2605 1031 πολὺ
2638 977 2694 1030 δὲ
2728 975 3043 1046 ἀθροίζεται
3092 972 3154 1024 τὸ
3200 970 3454 1038 σύστημα
3501 966 3682 1019 αὐτῶν
3716 967 3800 1027 είς

2234 1071 2498 1142 μυριάδας
2546 1067 2740 1129 εἴκοσι,
2789 1065 2884 1117 καὶ
2908 1064 3122 1124 πολλοῖς
3160 1063 3270 1122 τοῖς
3310 1059 3449 1128 πρὸς
3493 1056 3802 1125 Ῥωμαίους

2233 1163 2490 1231 πολέμοις
2511 1157 3025 1226 ὲνευδοκιμήσαντος
3083 1154 3301 1206 ἔλαττον
3345 1152 3501 1205 αὐτοὶ
3560 1148 3801 1200 ἐπταιον.

2233 1248 2308 1306 Οὗ
2336 1251 2711 1320 διαϐοηθέντος
2742 1247 2881 1300 κατά
2911 1263 2970 1298 τε
3015 1243 3230 1312 Ῥώμην
3269 1240 3468 1294 δούλων
3500 1239 3804 1297 ἀπόστασις

2234 1342 2426 1395 ἑκατὸν
2482 1341 2818 1408 πεντήκοντα
2883 1334 3292 1404 συνομοσάντων
3339 1332 3618 1398 ἀνήπτετο
3645 1367 3662 1390 ,
3715 1327 3806 1380 καὶ

2235 1435 2375 1487 κατά
2391 1433 2486 1502 τὴν
2526 1431 2778 1497 Ἀττικὴν
2829 1428 2968 1496 ὑπὲρ
2995 1427 3201 1495 χιλίων,
3259 1425 3314 1475 ἐν
3349 1440 3410 1475 τε
3445 1424 3487 1452 ¹¹
3522 1421 3685 1489 Δήλῳ
3701 1418 3806 1471 Qui.

2237 1527 2356 1578 κατ’
2394 1523 2585 1584 ἄλλους
2623 1521 2848 1582 πολλοὺς
2872 1520 3102 1579 τόπους*
3137 1516 3230 1577 οὓς
3259 1517 3412 1583 τάχει
3443 1531 3504 1566 τε
3543 1514 3646 1580 τῆς
3681 1512 3806 1580 βοη-

2239 1616 2385 1679 θείας
2411 1617 2504 1668 καὶ
2535 1613 2660 1686 [650
2692 1612 2780 1682 ΙΙ.]
2811 1614 2877 1680 τῇ
2907 1610 3112 1679 σφοδρᾷ
3161 1608 3377 1661 κολάσει
3407 1606 3506 1672 τῆς
3537 1604 3806 1672 τιμωρίας

2237 1712 2285 1763 oi
2327 1709 2446 1763 καθ’
2470 1710 2695 1761 ’ἑκαστον
2724 1703 3050 1774 ἐπιμεληταὶ
3068 1701 3174 1754 τῶν
3202 1699 3396 1752 κοινῶν
3440 1698 3640 1750 θᾶττον
3668 1697 3808 1764 ﬁas-1'-

2239 1819 2414 1865 νισαν,
2448 1799 2877 1869 σωφρονίσαντες
2904 1795 3001 1848 καὶ
3021 1794 3084 1845 τὸ
3108 1791 3256 1852 ἄλλο,
3289 1792 3413 1843 ὅσον
3445 1785 3518 1858 ἦν
3554 1789 3646 1840 ἐπὶ
3675 1788 3807 1840 ἀπο-

2245 1893 2430 1946 στάσει
2458 1891 2748 1961 μετεωρον.
2778 1887 2932 1940 Κατὰ
2949 1885 3004 1939 δὲ
3027 1885 3274 1937 Σικελίαν
3304 1882 3500 1952 ηὕξετο
3529 1881 3587 1932 τὸ
3618 1881 3806 1944 κακὸν,

2242 1969 2554 2045 καίπόλεις
2591 1981 2871 2050 ἡλίσκοντο
2901 1975 3208 2044 αὔτανδροι,
3247 1976 3340 2027 καὶ
3377 1973 3553 2026 πολλὰ
3587 1970 3812 2039 στρατό-

2243 2075 2379 2127 πεδα
2416 2073 2520 2126 ὑπὸ
2544 2072 2651 2124 τῶν
2677 2067 3004 2140 ἀποστατῶν.
3046 2066 3450 2128 κατεκόπησαν,
3508 2063 3616 2124 ἕως
3662 2061 3812 2114 Ῥου-

2243 2166 2408 2227 τίλιος
2447 2164 2544 2215 ¹³ὀ
2569 2165 2610 2194 ¹⁵
2650 2162 2932 2231 Ῥωμαίων
2985 2157 3284 2228 στρατηγὸς
3337 2156 3398 2208 τὸ
3442 2151 3811 2222 Ταυρομένιον

2244 2253 2555 2310 ἀνεσώσατο
2586 2253 2874 2322 Ῥωμαίοις
2901 2251 2966 2315 ιδ,
2993 2249 3273 2320 καρτερῶς
3307 2249 3402 2317 μὲν
3433 2245 3568 2298 αὐτὸ
3602 2244 3813 2314 πολιορ-

2245 2350 2440 2418 κήσας,
2466 2349 2559 2400 καὶ
2589 2348 2667 2408 εἰς
2696 2347 2902 2415 ἄφατον
2951 2345 3196 2409 ἀνάγκην
3234 2342 3326 2393 καὶ
3352 2339 3510 2407 λιμὸν
3534 2339 3659 2398 τοὺς
3682 2337 3816 2388 ἁπο-

2249 2441 2444 2500 στάτας
2467 2437 2813 2506 συγκλείσας,
2843 2436 2979 2488 ὥστε
3026 2432 3364 2503 ἀρξαμένους
3397 2433 3463 2482 ὲκ
3493 2429 3701 2482 παίδων
3726 2427 3815 2496 βο-

2249 2533 2346 2602 ρᾶς
2411 2531 2506 2584 καὶ
2553 2530 2860 2590 διελθόντας
2910 2527 2998 2580 διὰ
3026 2523 3300 2593 γυναικῶν
3333 2523 3468 2591 μηδὲ
3509 2523 3612 2588 τῆς
3637 2517 3814 2571 αὐτῶν

2248 2622 2640 2691 ἀλληλοφαγίας
2672 2620 2792 2690 μηδ’
2841 2619 2975 2678 ὅλως
3023 2615 3346 2684 φείσασθαι⁶
3391 2615 3481 2665 ὅτε
3521 2613 3566 2644 ³⁸
3597 2612 3686 2664 καὶ
3713 2613 3817 2662 Κο-

2251 2712 2417 2784 μανδν
2450 2713 2492 2744 ¹⁸
2520 2713 2610 2764 τον
2643 2711 2870 2778 ἀδελφὸν
2907 2708 3152 2768 Κλέωνος
3185 2705 3452 2774 φεύγοντα
3479 2704 3582 2770 τῆς
3606 2703 3819 2770 πολιορ-

2248 2805 2518 2874 κουμένης
2549 2803 2754 2864 πόλεως
2774 2797 2907 2855 εἷλε.
2945 2801 3052 2852 Καὶ
3090 2800 3150 2851 τὸ
3171 2799 3495 2859 τελευταῖον,
3531 2793 3820 2864 Σαραπίω-

2248 2912 2334 2957 νος
2357 2895 2530 2965 Σύρου
2589 2895 2687 2962 τὴν
2712 2895 2888 2962 ἄκραν
2920 2891 3230 2961 προδόντος,
3264 2887 3595 2956 συμπάντων
3627 2883 3735 2934 τῶν
3761 2885 3819 2934 ὲν

2247 2989 2314 3056 τῇ
2343 2987 2493 3038 πόλει
2513 2983 2801 3054 δραπετῶν
2826 2984 2854 3035 ὀ
2899 2981 3205 3050 στρατηγὸς
3229 2977 3546 3046 ἐκυρίευσεν
3571 2991 3585 3005 °
3617 2971 3710 3034 οὓς
3730 2972 3822 3025 καὶ

2257 3077 2490 3145 αίκισάμ
2505 3092 2620 3137 ενος
2653 3073 3110 3142 κατεκρήμνισεν.
3128 3069 3366 3122 Ἐκεῖθεν
3390 3066 3484 3119 ἐπὶ
3509 3066 3612 3136 τὴν
3629 3065 3824 3118 Ἔνναν

585 3147 688 3203 sibi
715 3151 929 3218 quidem
959 3152 1188 3207 invicem
1241 3164 1544 3222 parcerent,
1578 3158 1672 3210 sed
1707 3157 1795 3209 alii
1824 3159 1956 3212 alios
1987 3173 2146 3212 vora-

2250 3166 2417 3220 ἐλθὼν
2443 3163 2835 3236 παραπλησίως
2855 3161 3186 3232 ἐπολιόρκει,
3217 3159 3294 3220 εἰς
3310 3156 3549 3225 ἐσχάτην
3582 3155 3824 3222 ἀνάγκην

587 3251 726 3294 rent.
785 3241 983 3295 Eodem
1041 3254 1280 3311 tempore
1329 3247 1623 3301 Comannm
1663 3249 1876 3303 Cleonis
1930 3251 2148 3306 fratrem

587 3348 651 3386 ex
684 3335 814 3388 urbe
847 3339 970 3388 dum
1023 3337 1386 3404 obsideretur,
1446 3339 1736 3409 fugientem
1775 3344 1934 3411 cepit,
1988 3355 2040 3397 et
2087 3345 2152 3399 ad

587 3433 888 3480 extremum
925 3442 1050 3481 arce
1098 3444 1126 3482 a
1173 3429 1472 3500 Sarapione
1513 3432 1650 3502 Syro
1695 3434 1932 3502 prodita,
1990 3447 2150 3504 quot-

589 3529 722 3588 quot
748 3519 800 3573 in
847 3521 982 3575 urbe
1010 3521 1222 3591 fugitivi
1259 3534 1435 3588 erant,
1482 3525 1534 3578 in
1568 3536 1887 3594 potestatem
1925 3528 2157 3597 impera-

594 3611 728 3664 toris
796 3622 1088 3676 venerunt,
1127 3629 1263 3682 quos
1322 3617 1486 3669 etiam
1545 3617 1880 3672 cruciatibus
1931 3619 2156 3673 allectos

591 3704 967 3772 praecipitavit.
1019 3705 1146 3759 Inde
1203 3709 1407 3761 Ennam
1446 3710 1715 3777 profectus
1765 3713 1994 3764 similem
2041 3713 2156 3782 ejus

592 3795 924 3849 obsidionem
1000 3797 1329 3866 aggreditur,
1397 3799 1701 3853 defectores
1762 3803 1826 3854 ad
1886 3818 2151 3856 summam

596 3887 1027 3954 desperationem
1087 3891 1326 3958 adigens.
1372 3889 1615 3958 Cumque
1640 3890 1894 3947 Cleonem
1930 3893 2161 3962 impera-

599 3986 767 4032 torem
815 3979 946 4033 urbe
995 3996 1294 4050 egressum,
1360 3996 1423 4036 ac
1469 3982 1684 4036 beroica
1746 3984 1973 4051 quadam
2010 3984 2162 4037 forti-

598 4071 779 4124 tudinc
801 4072 1101 4138 praeliatum
1131 4074 1442 4130 vulneribus
1485 4089 1610 4128 mox
1640 4075 1988 4139 confodisset,
2024 4077 2161 4129 banc

598 4176 809 4231 quoque
864 4165 1049 4218 urbem
1099 4166 1260 4234 cepit,
1327 4165 1484 4234 idque
1532 4167 1856 4236 proditione.
1916 4167 1987 4220 Ita
2020 4168 2161 4220 enim

599 4266 718 4304 eam
759 4253 892 4306 situs
923 4254 1038 4321 ipse
1088 4256 1347 4307 munitam
1384 4257 1660 4317 reddebat,
1691 4266 1746 4308 ut
1777 4258 1824 4308 vi
1869 4257 2163 4328 expugnari

601 4343 747 4396 nullo
775 4343 933 4397 modo
967 4353 1164 4412 posset.
1199 4345 1380 4398 Eunus
1407 4358 1584 4398 autem
1611 4348 1902 4414 assnmptis
1941 4364 2164 4401 sexcen-

601 4433 691 4496 tis,
740 4433 804 4486 ad
844 4434 958 4487 loca
1011 4436 1254 4502 quaedam
1308 4450 1598 4506 praerupta,
1655 4449 1709 4491 ut
1744 4449 1859 4492 erat
1915 4441 2160 4508 ignavus,

2255 3257 2552 3324 συγκλείων
2586 3257 2683 3317 τὰς
2712 3253 2818 3306 τῶν
2848 3248 3171 3305 ἀποστατῶν
3201 3245 3444 3307 ἐλπίδας.
3475 3245 3589 3296 Καὶ
3602 3243 3826 3295 Κλέωνα

2253 3350 2341 3402 τὸν
2367 3348 2690 3418 στρατηγὸν,
2747 3345 3029 3412 ἐξελθόντα
3064 3343 3163 3410 τῆς
3193 3340 3397 3400 πόλεως
3429 3335 3527 3388 καὶ
3576 3334 3828 3405 ἡρωϊκῶς

2255 3442 2666 3509 ἀγωνισάμενον
2727 3436 2840 3506 μετ’
2885 3434 3078 3502 ὀλίγων
3113 3431 3157 3462 ³⁷
3187 3431 3290 3484 ὑπὸ
3338 3431 3445 3482 τῶν
3497 3426 3828 3498 τραυμάτων

2254 3532 2432 3597 δείξας
2459 3530 2670 3601 νεκρὸν,
2709 3523 2821 3580 εἷλε
2858 3527 2952 3579 καὶ
2996 3523 3202 3592 ταύτην
3230 3519 3491 3592 προδοσίᾳ
3518 3519 3620 3588 τὴν
3651 3517 3823 3576 πάλιν,

2256 3625 2378 3676 ἐπεὶ
2414 3623 2521 3675 οὐδ’
2570 3623 2612 3652 ¹⁸
2658 3616 2725 3689 ἢν
2773 3617 3047 3687 ἁλώσιμος
3106 3615 3194 3668 διὰ
3253 3613 3351 3682 τὴν
3399 3613 3708 3680 ὀχυρότητα
3743 3606 3830 3676 βίᾳ

2258 3714 2460 3785 χειρός.
2511 3715 2568 3765 '0
2593 3713 2648 3764 δὲ
2684 3714 2725 3744 ιν
2763 3709 2968 3770 Εὔνους
3012 3705 3294 3760 ἀναλαϐὼν
3349 3704 3474 3764 τοὺς
3510 3697 3832 3769 σωματοφύ-

2258 3805 2450 3866 λακας,
2471 3803 2630 3865 ὅντας
2668 3800 2871 3870 χιλίους
2894 3800 2964 3862 ²⁰,
2993 3797 3188 3866 ἔφυγεν
3215 3798 3257 3825 ’³
3278 3793 3554 3862 ἀνάνδρως
3585 3790 3666 3850 είς
3687 3804 3831 3849 τινας

2263 3893 2696 3964 παρακρήμνους
2744 3891 2964 3952 τόπους.
3008 3887 3145 3940 Ἀλλ’
3178 3887 3227 3938 οί
3262 3887 3358 3954 μὲν
3392 3886 3488 3935 σὺν
3519 3879 3672 3948 αὐτῷ
3696 3879 3832 3945 ἄφυ-

2263 4001 2388 4037 κτον
2415 3983 2474 4035 τὸ
2495 3985 2623 4052 περί
2654 3982 2848 4043 αὐτοὺς
2873 3979 3042 4032 δεινὸν
3071 3978 3420 4044 ἐπιστάμενοι
3449 3973 3574 4042 (ἠδη
3602 3973 3713 4040 γάρ
3741 3971 3834 4022 καὶ

2261 4076 2290 4126 ὀ
2325 4074 2625 4144 στρατηγὸς
2662 4071 2952 4133 Ῥουτίλιος
3012 4069 3097 4122 ἐπ’
3144 4067 3341 4128 αὐτοὺς
3372 4062 3628 4134 ἤλαυνεν)
3671 4061 3834 4129 sua-

2263 4165 2386 4228 λους
2409 4168 2520 4227 τοῖς
2565 4165 2772 4231 ξίφεσιν
2808 4161 3036 4230 ἔσφαζον
3066 4161 3108 4192 "
3132 4159 3600 4226 ἀπαυχενίσαντας
3625 4153 3672 4184 ⁸³
3692 4169 3704 4181 ⁸
3735 4155 3763 4203 ὀ
3780 4153 3834 4203 δὲ

2264 4256 2516 4326 τερατίας
2550 4254 2751 4316 Εὔνους
2773 4257 2867 4306 καὶ
2895 4252 3170 4321 βασιλεὺς,
3226 4246 3559 4316 καταφυγὼν
3589 4244 3678 4296 διὰ
3726 4244 3836 4294 δει-

2265 4347 2386 4399 λίαν
2444 4345 2498 4398 ἕν
2555 4362 2663 4397 τισι
2720 4345 2987 4402 κοιλάσιν,
3041 4340 3359 4407 ὲξειλκύσθη
3403 4339 3518 4406 ἅμα
3538 4338 3835 4406 τεττάρων,

2272 4437 2536 4508 μαγείρου
2574 4437 2669 4489 καὶ
2695 4434 2985 4505 ἀρτοποιοῦ
3018 4435 3110 4486 καὶ
3138 4431 3231 4485 τοῦ
3277 4429 3556 4500 τρίϐοντος
3591 4427 3752 4479 αὑτὸν
3781 4428 3838 4477 ἐν

602 4519 723 4589 fuga
777 4535 834 4574 se
884 4524 1108 4591 recepit.
1161 4523 1264 4578 Sed
1313 4526 1404 4593 qui
1461 4541 1578 4578 curn
1622 4542 1686 4580 eo
1729 4538 1906 4593 erant,
1938 4530 2148 4582 exitium

2265 4532 2342 4601 τῷ
2371 4530 2580 4599 λουτρῷ
2628 4530 2674 4560 ⁸⁸
2728 4530 2820 4582 καὶ
2872 4529 3130 4592 τετάρτου
3174 4524 3267 4576 τοῦ
3311 4522 3458 4592 παρὰ
3489 4520 3614 4581 τοὺς
3643 4519 3841 4580 πότους

603 4612 703 4666 sibi
748 4613 1060 4668 inevitabile
1105 4615 1410 4684 impendere
1453 4618 1685 4671 scientes
1717 4618 1843 4689 (jam
1884 4621 2026 4674 cuitu
2056 4620 2167 4674 Ru-

606 4703 752 4755 tilius
789 4703 1083 4772 imperator
1109 4706 1171 4756 ad
1204 4721 1298 4759 eos
1329 4719 1492 4760 cursu
1527 4709 1932 4776 contendebat),
1967 4718 2023 4762 ut
2057 4725 2170 4761 ina.

603 4809 704 4847 nus
742 4797 972 4849 hostium
1025 4799 1403 4864 praevenirent,
1439 4800 1538 4852 sibi
1587 4810 1772 4852 mutuo
1801 4802 2042 4854 cervices
2074 4801 2168 4853 ab-

604 4887 937 4941 scindebant.
994 4890 1062 4942 At
1088 4890 1287 4951 Eunus,
1332 4891 1688 4960 prmstigiator
1722 4893 1924 4959 pariter
1967 4901 2020 4944 et
2053 4905 2193 4958 rex,‘

606 4994 725 5030 cum
757 4994 866 5047 prre
899 4981 1184 5034 timiditate
1220 4983 1270 5035 in
1297 4984 1554 5049 quasdam
1582 4983 1864 5050 speluncas
1893 4985 2169 5053 confugis-

605 5078 708 5131 set,
751 5083 853 5120 uua
898 5084 1018 5122 cum
1055 5081 1286 5138 quatuor
1325 5086 1389 5124 ex
1442 5073 1553 5125 suis
1588 5071 1709 5124 inde
1756 5081 2028 5127 extractus
2065 5083 2167 5138 est,

607 5172 805 5223 coquo,
841 5158 1065 5226 pistore,
1122 5160 1316 5230 3861:
1350 5169 1404 5214 et
1436 5177 1500 5214 eo
1529 5161 1682 5229 cujus
1713 5177 1868 5212 manu
1897 5163 1946 5214 in
1982 5162 2170 5214 balneo

607 5247 928 5313 fricabatur,
962 5263 1153 5319 quarto
1189 5261 1365 5304 autem
1403 5266 1486 5311 eo,
1513 5252 1601 5319 qui
1633 5253 1772 5304 inter
1808 5254 1994 5320 epulas
2018 5252 2166 5306 oble-

608 5348 880 5392 ctamenta
914 5341 962 5394 ei
1003 5342 1278 5397 afferebat.
1319 5341 1368 5394 ls
1397 5351 1671 5395 extractus
1699 5342 1844 5402 inde,
1865 5351 1920 5394 et
1954 5343 2006 5395 in
2038 5358 2160 5394 car—

2267 4622 2518 4684 εἱωθότος
2562 4621 2914 4689 ψυχαγωγεῖν
2970 4617 3151 4669 αὐτόν.
3207 4613 3316 4666 Καὶ
3372 4610 3703 4679 παραδοθεὶς
3761 4610 3839 4669 εἰς

2268 4712 2534 4782 φυλακὴν,
2576 4712 2671 4764 καὶ
2721 4709 2813 4763 τοῦ
2883 4709 3131 4776 σώματος
3186 4703 3349 4757 αὐτοῦ
3389 4700 3729 4754 διαλυθέντος
3761 4700 3841 4759 εἰς

2268 4804 2503 4872 φθειρῶν
2541 4802 2762 4871 πλῆθος,
2789 4799 3004 4860 οἰκείως
3021 4799 3117 4865 τῆς
3142 4798 3267 4866 περὶ
3297 4794 3456 4846 αὐτὸν
3490 4790 3842 4861 ῥᾳδιουργίας

2272 4895 2600 4963 κατέστρεψε
2655 4894 2746 4946 τὸν
2797 4893 2910 4962 βίον
2949 4893 3006 4942 ὲν
3039 4894 3102 4958 τῇ
3141 4885 3507 4957 Μοργαντίνῃ.
3561 4881 3842 4934 Ἐντεῦθεν

2285 4985 2573 5047 Ῥουτίλιος
2604 4986 2908 5053 ἐπιτρέχων
2930 4981 3054 5050 ὅλην
3079 4980 3174 5049 τὴν
3206 4977 3451 5029 Σικελίαν
3480 4976 3596 5044 ἅμα
3621 4973 3845 5037 λογάσιν

2270 5076 2488 5142 ὀλίγοις,
2526 5075 2718 5126 θᾶττον
2741 5075 2883 5144 ἥπερ
2913 5089 2997 5134 τις
3034 5071 3227 5122 ’ἤλπισε
3262 5068 3462 5128 παντὺς
3488 5065 3658 5132 αὐτὴν
3682 5063 3846 5130 ἠλευ-

2275 5168 2479 5238 θέρωσε
2546 5165 2864 5236 λῃστηρίου.
2908 5164 3034 5216 ’Ότι
3096 5164 3124 5214 ὁ
3171 5161 3278 5212 τῶν
3336 5155 3658 5211 ἀποστατῶν
3687 5153 3850 5222 βασι-

2273 5257 2394 5318 λεῠς
2420 5256 2620 5318 Εὔνους
2673 5254 2862 5306 ἑαυτὸν
2898 5252 2996 5322 μὲν
3050 5251 3338 5318 Ἀντίοχον,
3367 5247 3570 5316 Σύρους
3620 5244 3675 5295 δὲ
3736 5241 3851 5295 τῶν

2268 5345 2586 5400 ἀποστατῶν
2611 5346 2670 5398 τὸ
2701 5345 2903 5414 πλῆθος
2924 5343 3290 5412 ἐπωνόμασεν.

606 5445 784 5487 cerem
859 5430 1148 5500 coniectus,
1201 5431 1254 5484 in
1299 5445 1543 5500 magnam
1596 5430 1961 5500 pediculornm
2035 5435 2141 5487 vim
2205 5436 2435 5490 resoluto
2480 5449 2752 5504 corpore,
2795 5435 2936 5502 apud
2988 5431 3384 5500 Morgantinam
3437 5425 3656 5494 dignum
3732 5421 3850 5478 suis

1880 5549 2113 5606 VARIAZ
2149 5552 2546 5609 LECTIONES.

679 5672 719 5704 ¹¹
751 5689 808 5742 τε
855 5673 972 5726 add.
1014 5673 1080 5730 A.
1154 5673 1196 5704 ¹²
1227 5670 1455 5742 ροτίλιος
1480 5673 1546 5733 Α,
1577 5667 2000 5742 Βὶιοόοιηιιιιηιιε
2043 5670 2366 5733 Ῥουπίλιος.

1148 5743 1193 5774 ¹⁶
1231 5743 1481 5810 κωμανὸν
1524 5743 1588 5795 Α.
1664 5741 1704 5772 ¹⁷
1733 5741 1929 5807 ὀλίγων
1955 5742 2032 5792 A:
2065 5742 2240 5806 ὀλίγον
2265 5758 2324 5805 ς.

613 5741 857 5798 Amstel.:
889 5744 972 5795 ὅτι
1008 5760 1068 5808 ς,

614 5812 926 5878 ἑξακοσίους
983 5830 1046 5877 ς.
1153 5813 1197 5845 ²¹
1229 5811 1455 5882 ἔφευγεν
1505 5813 1570 5867 Δ.

1670 5812 1714 5842 ³³
1745 5811 2004 5879 ἔσφαζον]
2032 5810 2262 5880 ίφθαζον
2283 5827 2374 5882 γρ.
2415 5810 2477 5866 Β.

2445 5671 2490 5701 ¹³
2518 5669 2545 5720 ὀ
2574 5683 2682 5722 om.
2716 5670 2780 5721 Α.
2853 5668 2897 5700 ⁸⁵
2933 5667 3193 5735 ρωμαίοις
3226 5661 3537 5718 ἀνεσώσατο
3566 5664 3624 5717 Β.
3687 5667 3730 5696 ¹³
3761 5665 3851 5715 ὅτε

2404 5741 2445 5771 ¹⁸
2471 5738 2600 5807 οὐδ’]
2632 5738 2753 5806 μήδ’
2779 5738 2842 5791 Α.
2922 5739 2964 5768 ¹⁹
2993 5737 3049 5788 δὲ.
3079 5735 3203 5807 add.
3239 5736 3304 5787 A.
3411 5735 3457 5764 ²⁰
3489 5735 3691 5807 χιλίους
3720 5735 3848 5807 ῥίζα

2565 5802 2644 5872 ξπ
2668 5802 2849 5865 titalitn
2879 5805 3363 5876 ἀπαυχενίσαντες.
3459 5807 3511 5890 ξι
3552 5802 3756 5874 λοετρῷ
3787 5803 3852 5855 Β.
