4124 6386
279 362 420 429 1413

279 472 580 542 temerariis
627 472 772 528 ansis
854 479 1038 527 nactus
1085 481 1164 525 est
1217 467 1339 522 vitze
1387 467 1612 521 exitum.

1350 355 1870 417 BIBLIOTHECA.
1893 381 1959 391 —
1991 356 2151 433 con.
2175 357 2456 416 ccxuv.

3391 355 3529 425 1414

1699 467 1885 521 l’ostea
1943 483 2070 520 vero
2134 466 2384 530 Rutilius,
2425 475 2532 519 tota
2567 465 2747 522 Sicilia
2787 483 2906 522 cum
2937 484 3099 539 parva
3129 484 3298 538 eaque
3330 473 3527 528 selecta

278 584 438 623 manu
469 566 695 621 celerius
721 565 957 618 omnium
983 579 1076 632 spe
1104 572 1403 632 peragrata,
1469 577 1496 612 a
1560 559 1898 629 praedonibus
1928 574 2047 614 eam
2070 559 2290 613 omnino
2326 557 2589 612 liberavit.

883 659 984 711 Ἐκ
1010 656 1114 708 τοῦ
1153 657 1270 717 λς’.
1876 657 1924 713 Α

352 756 474 807 Ὅτι
508 751 612 806 ὑπὸ
632 753 756 815 τοὺς
783 752 978 813 αὐτοὺς
1009 750 1233 820 χρόνους
1284 749 1340 800 ἐν
1379 745 1584 818 Ῥώμῃ,
1615 745 1739 801 καθ’
1759 745 1854 810 οὓς

278 847 495 916 Μριριος
525 843 625 914 μὲν
651 843 776 905 τοὺς
803 842 945 896 κατὰ
981 841 1188 909 Λιϐύην
1236 839 1473 908 βασιλεῖς
1530 838 1733 908 Βόκχον
1761 838 1855 891 καὶ

292 932 631 1004 Ἰουγούρθαν
680 931 1092 1000 κατεπολέμησε
1144 929 1356 999 μεγάλῃ
1407 929 1730 997 παρατάξει,
1757 927 1853 980 καὶ

280 1022 484 1084 πολλὰς
556 1021 654 1091 μὲν
701 1020 809 1072 τῶν
868 1017 1081 1071 Λιϐύων
1129 1017 1392 1088 μυριάδας
1437 1017 1668 1080 ἀνεῖλεν,
1703 1013 1858 1088 ὔστε-

283 1131 375 1184 ρον
415 1113 469 1166 δὲ
535 1114 697 1166 αὐτὸν
733 1111 1042 1181 Ἰογούρθαν
1072 1113 1116 1145 ’³
1160 1107 1533 1178 συλληφθέντα
1565 1107 1730 1180 [1172
1762 1105 1854 1176 IL]

283 1203 388 1257 ὑπὸ
418 1203 644 1272 Βόκχου,
673 1201 812 1254 ὥστε
836 1203 1018 1271 τυχεῖν
1041 1199 1365 1270 συγγνώμης
1391 1199 1541 1270 παρὰ
1567 1197 1856 1268 Ῥωμαίων

285 1294 423 1363 ὑπὲρ
453 1288 528 1347 ὧν
559 1295 738 1356 αὐτοῖς
773 1293 1006 1363 κατέστη
1043 1292 1178 1362 πρὸς
1213 1292 1470 1360 πόλεμον,
1501 1290 1679 1343 λαϐὼν
1711 1292 1852 1342 ἐκεῖ·

285 1386 744 1456 θειαίχμάλωτον
793 1380 928 1455 εἶχε,
989 1385 1265 1453 μεγίστοις
1298 1383 1354 1436 δὲ
1406 1383 1708 1452 πταίσμασι
1749 1383 1858 1443 τοῖς

285 1480 429 1532 κατά
484 1477 750 1531 Γαλατίαν
797 1479 906 1529 τῶν
959 1477 1224 1544 Κίμϐρων
1293 1474 1674 1544 πολεμούντων
1725 1473 1860 1526 Ῥω·

290 1573 438 1640 μαῖοι
503 1570 620 1641 1651
679 1569 768 1639 IL]
818 1569 1202 1639 περιπεσόντες
1261 1565 1698 1636 ὴθύμουν,κατά
1731 1565 1860 1626 τοὺς

287 1663 480 1724 αὐτοὺς
504 1661 726 1731 χρόνους
787 1657 920 1731 ἧκόν
943 1677 1087 1721 τινες
1119 1659 1225 1711 ἀπὸ
1257 1657 1504 1719 Σικελίας
1545 1656 1842 1709 ἀπόστασιν

289 1752 646 1819 ἀγγέλλοντες
697 1750 924 1804 οἰκετῶν
980 1752 1058 1811 εἰς
1093 1748 1292 1810 πολλὰς
1323 1745 1739 1816 ἀριθμουμένων
1769 1760 1864 1812 μυ-

289 1843 498 1910 ριάδας.
540 1837 616 1895 Ob
646 1839 1143 1912 προσαγγελθέντος
1168 1839 1226 1891 ἐν
1259 1837 1424 1907 πολλῇ
1450 1835 1769 1906 περιστάσει
1801 1832 1860 1886 τὸ

298 1935 603 2003 Ῥωμαϊκὸν
635 1935 777 1987 ἆπαν
811 1931 1162 1998 συνεχόμενον
1220 1929 1468 1993 διετέλει,
1497 1927 1572 1990 ὡς
1617 1926 1682 1979 ἂν
1709 1941 1863 1994 στρα-

2481 648 2567 704 Ea:
2609 649 2744 703 libro
2778 665 2988 706 xxxvn.

2029 745 2228 800 Eodem
2284 752 2528 812 tempore
2573 759 2682 815 quo
2718 744 2918 800 Marius
2972 746 3169 802 Africae
3204 763 3358 817 rcges
3389 748 3526 802 Boc-

1960 835 2119 894 chum
2147 847 2202 892 et
2237 836 2550 908 Jugurtham
2583 853 2779 908 magno
2818 835 3002 907 praelio
3051 841 3435 901 debellaverat,
3477 849 3531 893 ct

1959 929 2213 984 Afrorum
2281 928 2492 981 inﬁnita
2548 943 2714 997 prope
2771 930 2936 983 millia
2999 930 3292 993 occiderat,
3353 932 3526 998 ipsum

1961 1019 2156 1075 deinde
2192 1018 2507 1088 Jugurtliam
2547 1019 2615 1088 (a
2645 1019 2855 1079 Boccho
2902 1022 3373 1088 comprehensum,
3423 1022 3528 1076 sibi

1963 1121 2273 1179 susceptmn
2337 1112 2595 1166 adversus
2639 1113 2831 1166 bellum
2885 1113 3182 1168 c0nd0uari
3239 1115 3527 1183 cupiente)

1963 1202 2234 1271 Captivum
2259 1203 2578 1267 abduxerat,
2610 1219 2716 1272 qun
2745 1205 2870 1257 item
2909 1203 3133 1258 Romani
3160 1219 3354 1274 graves
3388 1205 3528 1271 apud

1964 1293 2188 1348 Galliam
2229 1293 2279 1346 in
2323 1293 2596 1348 Cimbrico
2633 1295 2772 1347 bello
2811 1295 2993 1348 clades
3041 1311 3145 1348 non
3192 1297 3308 1349 sine
3337 1310 3531 1364 magno

1966 1383 2152 1438 dolore
2183 1397 2504 1452 acceperant
2549 1402 2562 1439 :
2607 1389 2819 1450 eodem,
2865 1389 3107 1456 inquam,
3142 1398 3381 1453 tempore
3415 1385 3525 1440 Ro-

1967 1487 2108 1527 mam
2157 1473 2490 1527 advenerunt
2521 1475 2736 1543 quidam
2786 1489 2817 1527 e
2847 1475 3051 1536 Sicilia,
3089 1473 3316 1542 plurima
3358 1485 3536 1527 servo-

1969 1581 2086 1620 rum
2133 1566 2297 1620 millia
2327 1567 2596 1621 defecisse
2630 1569 2955 1642 nuntiantes.
3001 1568 3117 1634 Quo
3145 1575 3365 1634 accepto
3393 1579 3534 1619 nun-

1967 1658 2064 1720 tio,
2113 1658 2336 1712 summis
2377 1659 2430 1711 in
2488 1658 2752 1728 angustiis
2798 1669 2940 1714 totus
2985 1659 3213 1725 papulas
3259 1658 3532 1710 Romanus

1969 1750 2174 1801 versari
2195 1750 2378 1818 etrapit,
2413 1757 2603 1817 utpote
2630 1750 2714 1802 cui
2741 1751 2966 1803 militum
2989 1749 3315 1802 delectorum
3335 1745 3534 1811 60,000

1971 1838 2023 1891 in
2054 1838 2194 1892 bello
2224 1841 2486 1894 adversus
2513 1840 2761 1896 Cimbros
2805 1841 2942 1910 apud
2974 1839 3202 1895 Galliam
3231 1837 3536 1892 occubuis--

1971 1937 2112 1992 sent,
2149 1942 2246 1981 nec
2291 1929 2358 1982 de
2402 1932 2612 1997 integro
2650 1943 2833 1999 parem
2877 1928 3175 1984 exercitum
3223 1929 3278 1982 in
3318 1925 3536 1994 expedi-

288 2028 497 2080 τιωτῶν
527 2026 827 2080 ἐπιλέκτων
865 2025 1049 2093 σχεδὸν
1080 2021 1486 2091 ἑξακισμυρίων
1519 2021 1576 2070 ἐν
1613 2017 1694 2086 τῷ
1726 2016 1861 2086 πρὸς

1979 2017 2166 2070 lienem
2198 2018 2426 2072 educere
2453 2029 2658 2087 posset.

289 2118 571 2188 Κίμϐρους
646 2117 786 2170 κατά
865 2113 1128 2169 Γαλατίαν
1199 2113 1417 2182 πολέμῳ
1491 2108 1816 2162 διολωλότων
1841 2147 1856 2173 ,
1898 2108 1991 2161 καὶ
2016 2108 2239 2178 ἀπόρων
2279 2109 2448 2162 ὄντων
2512 2112 2591 2173 είς
2667 2110 2973 2181 ἀποστολὴν
3033 2107 3381 2181 στρατιωτῶν
3446 2105 3535 2160 λο-

289 2214 490 2283 γάδων.

366 2333 479 2401 Πρὸ
502 2330 557 2382 δέ
605 2327 701 2398 τῆς
756 2325 902 2380 κατά
924 2323 1021 2395 τὴν
1054 2323 1101 2354 ’⁸
1135 2320 1384 2374 Σικελίαν
1411 2317 1518 2371 τῶν
1538 2314 1740 2370 δούλων
1763 2315 1861 2367 ἐπ-

290 2422 642 2482 αναστάσεως
687 2419 938 2484 ἐγένοντο
988 2412 1130 2468 κατὰ
1205 2413 1308 2479 τὴν
1372 2408 1598 2462 Ἰταλίαν
1649 2406 1865 2469 πλείους

293 2493 623 2572 ἀποστάσεις
672 2507 1028 2578 ὀλιγοχρόνιοι
1080 2503 1176 2558 καὶ
1218 2501 1429 2571 μικραὶ,
1474 2499 1727 2567 καθάπερ
1774 2495 1867 2549 τοῦ

292 2604 569 2672 δαιμονίου
631 2599 1095 2672 προσημαίνοντος
1142 2593 1204 2646 τὸ
1255 2591 1480 2662 μέγεθος
1532 2587 1629 2658 τ’ἧς
1675 2586 1869 2656 ἐσομέ-

291 2716 390 2765 νης
421 2697 467 2728 ’⁷
494 2694 635 2748 κατὰ
667 2693 765 2764 τὴν
788 2690 1039 2745 Σικελίαν
1074 2684 1516 2748 ἐπαναστάσεως,
1551 2681 1742 2752 πρώτη
1777 2679 1876 2748 μὲν

294 2791 330 2859 ή
390 2789 519 2858 περὶ
574 2785 900 2853 Νουκερίαν,
950 2780 1240 2852 τριάκοντα
1273 2775 1499 2830 οἰκετῶν
1533 2772 1874 2840 συνωμοσίαν
1909 2838 1914 2845 ἢ

299 2879 686 2948 ποιησαμένων
721 2878 814 2928 καὶ
842 2874 978 2943 ταχὺ
996 2869 1388 2930 κολασθέντων,
1421 2864 1649 2932 δευτέρα
1682 2864 1714 2929 ἠ
1747 2860 1875 2930 περὶ

2035 2312 2302 2368 Czeterum
2345 2322 2466 2366 ante
2519 2313 2662 2366 hunc
2709 2312 2760 2363 in
2792 2311 2977 2365 Sicilia
3017 2307 3392 2364 rebellantium
3421 2313 3540 2361 ser-

1967 2417 2157 2459 vorum
2205 2405 2490 2457 tumnltmn
2523 2403 2657 2457 tales
2699 2404 2828 2456 etin
2861 2402 3012 2455 Italia
3055 2399 3276 2455 excitati
3302 2399 3534 2463 fuerant,

1970 2499 2060 2549 sed
2091 2497 2238 2563 parvi
2265 2511 2327 2549 ac
2358 2496 2574 2548 minime
2603 2494 2841 2548 dittturui
2869 2509 2884 2547 :
2916 2493 3053 2546 velut
3088 2492 3339 2555 numine,
3375 2504 3538 2559 quam

1974 2597 2126 2640 atrox
2171 2586 2348 2639 futura
2398 2596 2543 2639 esset
2593 2585 2646 2637 in
2692 2585 2875 2637 Sicilia
2920 2584 3164 2648 rebellio,
3219 2579 3542 2651 przesignili—

1967 2687 2145 2730 caute.
2196 2676 2408 2730 Primus
2464 2684 2642 2728 autem
2695 2676 2834 2743 apud
2884 2673 3168 2727 Nuceriam
3227 2673 3537 2732 exstiterat,

1963 2785 2087 2825 cum
2154 2768 2373 2838 triginta
2426 2767 2567 2820 servi
2641 2765 3072 2835 eonjnrationem
3141 2763 3423 2823 fecissent,
3487 2771 3540 2813 et

1963 2864 2358 2932 quamprimum
2397 2875 2586 2928 pinnas
2639 2861 2937 2914 dedissent.
2990 2855 3270 2909 Secundus
3316 2850 3535 2919 Capuae,

298 2972 397 3041 τὴν
430 2969 684 3037 Καπύην,
717 2966 1002 3019 διακοσίων
1036 2961 1262 3017 οἰκετῶν
1313 2958 1729 3012 ἐπαναστάντων
1776 2956 1872 3006 καὶ

1979 2967 2080 3005 tum
2114 2951 2326 3005 ducenti
2359 2952 2499 3004 servi
2538 2950 2910 3013 rebellassent,
2938 2963 3000 3002 ac
3034 2945 3150 3000 sine
3205 2958 3352 2998 mora
3385 2941 3542 2999 deleti

297 3065 436 3130 ταχὺ
473 3058 902 3113 καταλυθέντων.
931 3055 1100 3126 Τρίτη
1128 3054 1185 3107 δέ
1215 3050 1519 3122 παράδοξος
1556 3047 1743 3116 γέγονέ
1765 3062 1869 3108 τις.

298 3149 411 3207 Ἶιν
437 3153 593 3213 Τίτος
629 3148 964 3210 Μενουῒτιος,
994 3147 1188 3208 ἱππεὺς
1230 3144 1326 3212 μὲν
1365 3140 1670 3210 Ῥωμαίων,
1706 3153 1872 3208 μεγα-

302 3245 602 3300 λοπλούτου
641 3242 698 3295 δέ
736 3241 944 3311 πατρὸς
967 3243 1116 3302 παῖς.
1169 3233 1336 3298 Οὗτος
1369 3234 1580 3305 ὴράσθη
1613 3233 1872 3301 θεραπαι-

1975 3041 2224 3095 fuissent.
2283 3038 2499 3093 Tertius
2537 3048 2720 3093 autem
2763 3041 2900 3091 miro
2929 3037 3174 3105 tquodam
3213 3042 3437 3087 exortus
3465 3037 3547 3086 est

1973 3131 2155 3184 modo.
2199 3128 2326 3182 Erat
2352 3129 2568 3197 quidam
2600 3127 2754 3183 Titus
2784 3127 3039 3182 Minntius
3068 3139 3233 3194 eques
3253 3125 3544 3186 Romanus,

1975 3232 2029 3276 ct
2061 3222 2339 3290 praedivite
2384 3231 2542 3276 natus
2588 3232 2766 3292 patre,
2799 3221 2888 3288 qtti
2939 3221 3126 3273 aliena:
3173 3216 3382 3268 famulae
3433 3212 3547 3266 for-

305 3335 452 3396 νίδος
503 3330 811 3399 ἀλλοτρίας,
853 3300 1046 3382 ’κάλλει
1083 3300 1471 3396 διαφερούσης.
1532 3300 1875 3391 Συμπλακεὶς

1985 3311 2304 3365 mosissimzc
2329 3327 2515 3366 amore
2535 3320 2744 3380 captus,
2775 3320 2833 3364 ιιι
2862 3310 2914 3362 in
2937 3308 3052 3376 ejus
3070 3305 3369 3374 amplexum
3392 3300 3546 3370 veni;-

306 3427 350 3480 δ’
380 3427 518 3495 αὐτῇ
550 3423 644 3477 καὶ
673 3423 718 3454 ’⁸
741 3423 817 3480 είς
864 3421 1040 3491 ἔρωτα
1095 3414 1395 3488 παράδοξον
1427 3415 1598 3483 αὐτῆς
1624 3409 1879 3483 ἐμπεσὼν

307 3516 640 3586 ἐξηγόρασεν
663 3511 853 3582 αὐτὴν,
885 3512 1028 3563 οὕτω
1052 3509 1144 3562 τοῦ
1173 3511 1216 3541 ²⁹
1249 3525 1306 3561 τε
1337 3505 1639 3577 μανιώδους
1678 3503 1880 3572 ἔρωτος

313 3607 631 3678 βιαζομένου
711 3603 804 3656 καὶ
851 3601 944 3654 τοῦ
994 3600 1186 3670 κυρίου
1218 3598 1316 3667 τῆς
1356 3598 1523 3668 κόρης
1544 3595 1643 3666 τὴν
1679 3595 1880 3664 πρᾶσιν

315 3700 469 3768 μόλις
505 3695 962 3764 κατανεύσαντος,
989 3692 1266 3744 ταλάντων
1304 3687 1570 3740 Ἀττικῶν
1604 3686 1764 3751 emat,
1788 3683 1883 3736 καὶ

313 3789 502 3860 χρόνον
529 3787 698 3855 ὥρισε
722 3784 842 3838 καθ’
863 3784 920 3835 ὃν
960 3781 1208 3834 ἀποτίσει
1255 3777 1315 3829 τὸ
1349 3776 1506 3845 χρέος
1529 3790 1542 3804 °
1569 3771 1882 3826 ἐπιστεύετο

313 3859 370 3930 δὲ
409 3877 498 3929 διά
543 3875 642 3946 τὴν
669 3871 929 3942 πατρῴαν
988 3867 1326 3938 περιουσίαν.
1367 3865 1678 3923 Ἐνστάντος
1701 3861 1758 3914 δέ
1789 3859 1883 3913 τοῦ

312 3970 652 4042 ὁρισθέντος,
681 3967 774 4020 καὶ
824 3966 897 4034 μὴ
928 3963 1064 4034 έχων
1111 3959 1420 4021 ἀποδοῦναι,
1452 3957 1611 4009 πάλιν
1656 3953 1810 4018 ἔταξε
1843 3953 1882 4004 λ’

313 4065 423 4131 ήμε
436 4061 542 4130 ρῶν
564 4056 921 4127 προθεσμίαν.
959 4053 1046 4114 Ὠς
1073 4052 1129 4103 δέ
1161 4052 1254 4103 καὶ
1275 4047 1478 4116 ταύτης
1512 4045 1811 4111 ἐπιστάσης
1835 4043 1885 4093 οί

319 4130 417 4220 μὲν
441 4148 700 4217 ἀπῄτουν,
725 4147 751 4196 ὁ
772 4143 827 4195 δέ
849 4142 998 4195 οὐδὲν
1031 4141 1190 4191 πλέον
1217 4133 1360 4207 εἶχεν
1397 4136 1601 4196 ἀνύειν,
1629 4135 1655 4184 ὁ
1685 4132 1727 4184 δ’
1747 4130 1887 4200 έρως

313 4239 586 4311 ἢκμαζεν,
631 4235 954 4303 ἐπεχείρησε
1020 4229 1216 4300 πράξει
1261 4225 1714 4296 παραλογωτάτῃ.
1743 4221 1890 4272 Ἐπι-

319 4328 562 4382 6ουλεύει
603 4325 698 4394 μὲν
722 4325 830 4392 γάρ
887 4322 1012 4382 τοὺς
1057 4318 1437 4380 ἀπαιτοῦντας,
1471 4313 1646 4382 ἐαυτῷ
1675 4313 1730 4364 δὲ
1759 4327 1884 4378 μον-

318 4418 550 4491 αρχικὴν
605 4414 850 4478 ἐξουσίαν
917 4410 1232 4481 περιέθηκε.
1301 4407 1683 4473 Συναγορὰσας
1781 4401 1890 4470 γὰρ

318 4506 680 4567 πεντακοσίας
723 4502 1044 4562 πανοπλίας,
1082 4500 1174 4550 καὶ
1216 4497 1404 4566 χρόνον
1428 4496 1522 4562 τῆς
1557 4493 1722 4561 τιμῆς
1751 4507 1884 4542 συν-

317 4603 506 4666 τάξας,
539 4599 630 4650 καὶ
661 4592 992 4654 πιστευθεὶς,
1025 4589 1206 4657 λάθρα
1230 4587 1360 4656 πρὸς
1387 4585 1551 4652 ἀγρόν
1569 4599 1687 4634 τινα
1718 4597 1891 4648 παρα-

1981 3411 2062 3456 ret
2109 3401 2306 3457 effecit.
2360 3403 2598 3457 Tandem
2638 3417 2765 3454 vero
2795 3402 2863 3453 ita
2913 3413 3032 3452 eam
3078 3395 3324 3464 deperire
3359 3392 3546 3460 coepit.

1981 3507 2087 3548 uta
2120 3495 2338 3547 domino
2383 3494 2525 3548 illius
2572 3503 2775 3559 septem
2823 3491 3039 3545 talentis
3074 3487 3270 3540 Atticis
3318 3492 3545 3547 emeret,

1980 3601 2101 3639 cum
2136 3587 2199 3638 ad
2229 3587 2369 3639 hanc
2409 3585 2738 3652 emptionem
2773 3598 2894 3636 cum
2922 3581 3125 3634 amoris
3154 3577 3363 3632 insania
3395 3590 3550 3628 com-

1983 3677 2224 3744 pelleret,
2250 3691 2410 3744 quam
2453 3690 2595 3745 aegre
2621 3675 2822 3744 alioqui
2854 3689 2881 3725 a
2915 3673 3134 3725 domino
3177 3667 3373 3738 387a
3409 3666 3551 3730 illius

1987 3768 2323 3834 impetrabat.
2375 3767 2481 3820 Sed
2537 3768 2626 3820 illa
2677 3769 2764 3819 ubi
2821 3763 3058 3825 advenit,
3097 3765 3249 3828 isque
3298 3757 3554 3812 solvendo

1985 3871 2090 3908 non
2124 3865 2285 3918 esset,
2315 3865 2374 3907 ut
2400 3856 2500 3909 sibi
2545 3856 2660 3908 dies
2696 3854 2913 3921 triginta
2955 3858 3376 3919 prorogarentur
3406 3846 3554 3899 obti-

1987 3947 2119 3998 nuit.
2155 3945 2386 3998 Rursum
2421 3954 2473 3997 et
2499 3947 2598 3998 hoc
2626 3944 2800 4010 spatio
2828 3953 3037 4003 exacto,
3072 3955 3194 3992 eum
3233 3938 3319 3990 ille
3341 3946 3554 4003 paetum

1987 4036 2216 4103 pretium
2262 4037 2525 4102 exigeret,
2569 4034 2655 4087 hic
2699 4032 2898 4085 nullam
2931 4029 3169 4084 solvendi
3200 4028 3432 4080 nominis
3462 4041 3554 4078 ra-

1990 4127 2188 4178 tionem
2225 4125 2362 4177 inire
2399 4133 2602 4193 posset,
2635 4124 2838 4175 interea
2887 4135 3022 4204 overo
3061 4133 3217 4173 amor
3257 4118 3558 4170 invalesce-

1988 4227 2092 4282 ret,
2130 4232 2326 4270 novum
2365 4227 2420 4271 et
2454 4215 2751 4273 inauditum
2787 4214 2998 4267 fat-inus
3035 4225 3320 4280 aggressus
3351 4217 3453 4261 est.
3489 4207 3556 4260 lis

1987 4311 2131 4362 enim
2184 4308 2276 4377 qui
2326 4308 2565 4361 debitum
2605 4307 2908 4374 exigebant,
2956 4303 3178 4358 insidias
3222 4312 3456 4360 sti-nere,
3497 4306 3560 4349 et

1991 4399 2390 4453 monarcbicam
2441 4398 2727 4465 quamdam
2785 4395 3078 4463 potentiam
3127 4392 3228 4445 sibi
3282 4401 3557 4443 assumere

1993 4490 2246 4542 instituit.
2288 4486 2423 4540 Nam
2453 4487 2716 4554 coemptis
2737 4484 3050 4554 quingentis
3090 4481 3380 4549 panoiiliis,
3420 4489 3555 4532 tem-

1993 4592 2092 4644 pus
2141 4578 2295 4644 pretii
2334 4576 2683 4645 persolutioni
2725 4575 2970 4643 praeﬁxiL
3008 4573 3216 4639 ﬁdeque
3245 4572 3552 4635 impetrata,

319 4690 552 4760 κομίσας
580 4688 704 4747 τοὺς
740 4683 901 4743 ἰδίους
931 4681 1178 4733 ἀνέσεισε
1208 4678 1252 4708 ³ο
1293 4676 1429 4744 πρὸς
1477 4675 1776 4726 ἀπόστασιν
1811 4671 1875 4722 ol-

1993 4681 2085 4718 cos
2119 4667 2417 4719 clanculum
2460 4669 2512 4719 iit
2562 4681 2750 4734 agrum
2797 4667 3084 4734 quemdam
3118 4661 3434 4715 defeieudas
3465 4674 3559 4711 (ιιιο

320 4786 509 4843 κέτας,
547 4775 925 4848 τετρακοσίους
957 4772 1136 4832 ὄντας.
1170 4763 1302 4820 Εἶτα
1341 4763 1621 4818 ἀναλαϐὼν
1655 4763 1888 4830 διάδημα

321 4877 416 4928 καὶ
451 4871 792 4941 περιϐόλαιον
844 4862 1157 4934 πορφυροῦν
1202 4859 1296 4912 καὶ
1339 4855 1667 4928 ῥαϐδούχους
1696 4850 1888 4904 καὶτὰ

322 4964 459 5018 ἄλλα
500 4959 712 5029 εύσημα
744 4958 786 4989 ³¹
823 4957 920 5024 τῆς
968 4954 1164 5023 ἀρχῆς,
1212 4951 1305 5002 καὶ
1359 4947 1581 5018 βασιλέα
1626 4943 1817 4996 ἑαυτὸν
1844 4942 1887 4973 ³⁸

326 5055 618 5126 συνεργεία
645 5054 753 5104 τῶν
781 5048 982 5103 δούλων
1011 5043 1312 5107 ἀναδείξας,
1337 5040 1458 5100 τοὺς
1491 5038 1584 5107 μὲν
1609 5033 1896 5087 ἀπαιτοῦν-

325 5121 547 5215 τας
581 5121 747 5212 τιμὴν
774 5140 874 5206 τῆς
916 5136 1084 5204 κόρης
1125 5133 1381 5203 ῥαϐδίσας
1435 5125 1774 5185 ἐπελέκισεν,
1811 5121 1895 5184 ἐξ-

326 5237 553 5296 οπλίσας
598 5233 653 5285 δὲ
712 5231 834 5292 τοὺς
860 5227 1075 5286 οἰκέτας
1106 5221 1262 5291 ἐπῄει
1297 5218 1396 5280 τὰς
1427 5216 1689 5282 σύνεγγυς
1728 5212 1896 5263 ἐπαύ-

327 5332 480 5392 λεις,
534 5325 632 5378 καὶ
697 5321 823 5382 τοὺς
883 5319 978 5388 μὲν
1044 5313 1338 5384 προθύμως
1397 5302 1898 5373 συναφισταμένους

331 5414 665 5479 καθώπλιζε,
697 5412 824 5474 τοὺς
872 5408 916 5462 δ’
966 5403 1427 5475 ἀντιπράττοντας
1475 5395 1687 5468 ἀνῄρει.
1746 5393 1895 5463 Ταχὺ

2003 4758 2160 4810 ravil.
2195 4755 2394 4809 Deinde
2427 4772 2543 4808 cum
2592 4770 2716 4808 suos
2756 4770 2942 4808 servus
2976 4755 3040 4807 ad
3071 4751 3422 4806 defectionem
3451 4748 3560 4801 sol-

1995 4847 2276 4910 licitas-set,
2336 4862 2560 4899 numero
2587 4848 3028 4914 quadringentos,
3078 4844 3288 4910 sibique
3316 4843 3556 4893 diadema

1999 4939 2372 5007 imposuisset,
2403 4953 2692 5004 purpuram
2725 4953 2830 5005 quo
2852 4951 2940 5002 lue
2962 4951 3082 4989 cum
3115 4934 3234 4985 aliis
3264 4930 3560 4998 insignibus

2003 5028 2162 5096 regiis
2213 5028 2618 5095 assumpsisset,
2661 5027 2981 5094 tandemque
3034 5037 3310 5076 servorum
3361 5020 3562 5072 auxilio

2001 5133 2180 5187 regem
2235 5133 2292 5170 se
2336 5117 2725 5180 constituisset,
2786 5115 3017 5183 primum
3066 5112 3280 5180 quidem
3322 5123 3416 5162 eos
3471 5105 3561 5174 qui

2001 5220 2212 5278 paetum
2273 5208 2503 5276 pretium
2565 5206 2872 5274 exigebant,
2945 5205 3110 5271 virgis
3166 5216 3334 5255 caesos
3385 5196 3563 5252 securi

2005 5310 2268 5371 percussit
2305 5319 2317 5353 :
2369 5309 2558 5368 postea
2597 5312 2726 5350 vero
2779 5312 2899 5350 cum
2931 5308 3026 5348 sua
3078 5294 3162 5346 illa
3217 5291 3432 5344 servitia
3474 5303 3567 5339 ar—

2003 5401 2223 5458 masset,
2274 5390 2481 5444 vicinas
2526 5388 2682 5443 villas
2715 5399 3006 5457 peragrare
3034 5382 3252 5453 placuit,
3293 5381 3344 5434 in
3371 5377 3566 5447 quibus

1596 5527 1833 5584 VARIA‘I
1881 5525 2288 5582 LECTIONES.

407 5668 452 5699 ’⁸
501 5661 867 5761 Ἰουγούρθαρ]
894 5653 1116 5761 longi”
1143 5653 1206 5761 Αμἶ

350 5740 384 5761 '—-
413 5739 597 5761 -'-----
632 5752 667 5761 -
859 5741 924 5761 on
1017 5739 1030 5761 ι
1074 5741 1102 5761 η
1151 5739 1179 5761 τ

339 5717 726 5806 ἀνέστησε’ς.’
787 5717 926 5780 "ard:
975 5717 1107 5780 ἄλλα
1151 5722 1218 5776 τὰ
1248 5718 1362 5774 cbo.
1406 5717 1472 5772 A.

1285 5650 1330 5682 ’θ
1359 5647 1457 5717 τὴν
1485 5645 1607 5700 add.
1638 5645 1702 5697 Α.
1774 5643 1819 5672 ⁸⁷
1850 5638 2119 5710 ἑπομένης
2145 5641 2204 5696 Β.
2281 5640 2328 5675 ’⁸
2357 5657 2430 5696 κα
2483 5647 2540 5696 et
2607 5639 2656 5673 ”
2687 5634 2782 5692 τοῦ
2812 5635 2930 5693 add.
2966 5634 3032 5690 A.

1285 5718 1362 5768 ὒσ.
1406 5717 1472 5768 Α.
1581 5715 1623 5746 ³⁸
1673 5712 1834 5768 αὑτὸν
1891 5708 1945 5762 Β.
2629 5723 2634 5725 ·

3134 5629 3182 5665 ³ο
3208 5626 3449 5683 ἀνέσεισε
3480 5619 3525 5674 Α
3547 5635 3563 5674 :

2608 5838 2634 5848 .-
