4124 6432
553 383 690 449 1415

1718 388 1979 451 ΡΙΙΟΤΙΙ
2029 389 2531 452 ΡΑΤΒΙΛΒΕΙΙᾸΞ
2572 392 2677 453 CP.

3684 394 3817 461 1416

546 514 643 555 eos
668 496 763 568 qui
793 512 852 552 se
882 506 1131 569 prompto
1158 507 1213 555 et
1235 498 1399 554 alacri
1446 500 1627 555 animo
1652 502 1830 557 socios
1861 503 2120 558 defectio-

2232 504 2279 556 δὲ
2313 506 2635 573 συναγαγὼν
2674 507 3017 575 στρατιώτας
3070 509 3289 574 πλείους
3305 510 3415 564 τῶν
3439 513 3814 576 ἑπτακοσίων,

546 593 634 646 nis
682 590 1065 661 adiungebant,
1114 592 1361 645 armabat
1411 608 1425 645 :
1459 603 1725 662 quotquot
1760 605 1939 648 autem
1968 610 2125 665 repu-

546 684 804 754 gnabant,
844 698 935 738 eos
978 683 1359 739 interliciebal.
1406 684 1540 737 Cum
1602 686 1764 754 igitur
1804 685 1985 753 plures
2036 702 2124 741 sc-

547 776 845 845 ptingentis
907 776 1106 830 milites
1161 776 1445 845 coegisset,
1494 793 1694 845 eosque
1743 779 1794 832 in
1851 781 2125 835 centurias

545 869 939 932 diStribuisset,
972 884 1037 922 ac
1082 869 1255 923 locum
1289 869 1343 922 in
1377 886 1483 939 quo
1508 879 1629 925 erat
1658 870 1799 923 vallo
1830 873 2123 940 circumje-

546 970 635 1013 cto
688 960 998 1024 clausisset,
1045 960 1108 1013 ad
1152 976 1211 1014 se
1257 975 1351 1015 eos
1388 962 1478 1030 qui
1520 962 1863 1025 deficiebant,
1895 964 2127 1032 recipie-

546 1053 661 1107 bat.
703 1051 817 1118 Qua
866 1052 1167 1107 defectione
1211 1054 1437 1107 Romam
1487 1055 1751 1118 nuntiata,
1796 1068 2016 1109 senatus
2059 1056 2126 1111 de

546 1160 609 1197 ea
652 1144 939 1198 consilium
970 1149 1204 1213 prudens
1242 1148 1380 1211 iniit,
1418 1145 1738 1215 felicemque
1771 1147 1890 1213 ejus
1919 1148 2125 1201 exitum

547 1236 757 1290 habuit.
787 1236 1062 1305 Siquidem
1095 1254 1157 1291 ex
1195 1239 1261 1293 iis
1286 1241 1377 1307 qui
1413 1240 1464 1292 in
1509 1238 1654 1294 Urbe
1710 1250 1863 1293 erant
1904 1240 2127 1308 impera-

551 1328 760 1382 toribus
803 1330 890 1383 uni
927 1330 988 1383 L.
1036 1330 1257 1384 Lucullo
1302 1332 1724 1401 subigendorum
1770 1332 2124 1403 fugitivorum

549 1422 822 1490 negotium
859 1422 1028 1474 dedit.
1065 1422 1161 1475 ll;c
1201 1433 1381 1476 autem
1412 1438 1478 1477 eo
1506 1424 1623 1492 ipso
1652 1425 1740 1479 die
1769 1440 1891 1478 eum
1940 1424 2126 1479 Romae

548 1523 832 1566 sexcentos
895 1514 1091 1568 milites
1151 1514 1319 1569 lectos
1375 1516 1825 1585 conscripsisset,
1886 1517 2124 1587 Capuam

549 1605 845 1667 contendit,
883 1606 1119 1674 peditum
1158 1609 1320 1661 millia
1345 1618 1595 1676 quatuor,
1616 1610 1827 1677 equites
1868 1610 2129 1677 quadrin-

551 1707 753 1764 gentos
782 1696 1123 1752 collecturus.
1186 1698 1443 1752 Minutius
1474 1700 1563 1753 ubi
1613 1698 1890 1753 Lucullum
1939 1702 2123 1753 conci-

555 1797 666 1841 tato
693 1802 851 1842 cursu
902 1784 1195 1843 adventare
1232 1790 1520 1854 intellexit,
1555 1790 1749 1844 collem
1787 1802 1978 1845 natura
2024 1792 2123 1846 loci

2227 597 2319 649 καὶ
2348 596 2571 659 τούτους
2618 600 2699 660 εἰς
2754 600 3188 671 ἑκατονταρχίας
3242 603 3566 669 καταλέξας,
3626 606 3815 658 ἐνεϐα-

2224 687 2346 740 λετο
2408 688 2452 719 ⁸³
2502 690 2719 760 χάρακα
2762 690 2857 743 καὶ
2892 693 3017 755 τοὺς
3054 695 3462 763 ἀφισταμένους
3492 696 3811 765 ὑπεδέχετο.

2225 780 2337 849 Τῆς
2392 781 2438 833 δ’
2482 782 2840 846 ἀποστάσεως
2898 787 2976 847 είς
3014 784 3233 855 Ῥώμην
3281 788 3748 858 ἀπαγγελθείσης,
3780 792 3814 860 ἡ

2228 872 2530 942 σύγκλητος
2587 876 2875 945 ἐμφρόνως
2923 879 3051 947 περὶ
3097 879 3271 947 αὐτῆς
3317 880 3683 933 ἐϐουλεύσατο
3722 881 3815 933 καὶ

2227 965 2575 1036 κατώρθωσε.
2620 965 2741 1021 Τῶν
2761 970 2868 1039 γὰρ
2897 970 3034 1023 κατά
3055 970 3213 1023 πόλιν
3244 973 3571 1043 στρατηγῶν
3593 975 3816 1028 ἀπέδει-

2226 1056 2313 1120 ξεν
2338 1058 2433 1109 ἕνα
2471 1059 2606 1126 πρὸς
2646 1062 2743 1129 τὴν
2773 1061 2882 1114 τῶν
2935 1061 3222 1132 δραπετῶν
3258 1061 3542 1133 σύλληψιν,
3577 1065 3813 1117 Λεύκιον

2226 1150 2580 1204 Λούκουλλον.
2643 1144 2809 1215 Οὗτος
2863 1153 2919 1203 δὲ
2984 1154 3301 1223 αὐθημερὸν
3342 1156 3408 1208 ἐκ
3450 1155 3552 1225 τῆς
3594 1156 3814 1227 Ῥώμης

2227 1242 2478 1306 ἐπιλέξας
2539 1245 2877 1313 στρατιώτας
2926 1240 3270 1311 ἑξακοσίους,
3325 1248 3405 1309 είς
3443 1247 3547 1315 τὴν
3578 1249 3815 1317 Καπύην

2225 1330 2353 1405 ἦλθε
2406 1337 2768 1407 συναθροίσας
2799 1338 2997 1401 πεζοὺς
3048 1340 3148 1409 μὲν
3194 1340 3694 1410 τετρακισχιλίους,
3726 1344 3813 1392 ir:-

2226 1428 2349 1487 πεῖς
2380 1426 2435 1477 δὲ
2474 1426 2884 1497 τετρακοσίους.
2923 1427 2982 1479 ’0
3037 1427 3097 1479 δὲ
3156 1428 3410 1491 Οὐέττιος
3479 1429 3577 1498 τὴν
3638 1432 3812 1499 ὁρμὴν

2228 1517 2357 1588 [652
2381 1516 2473 1588 8.]
2497 1518 2588 1571 τοῦ
2618 1518 2952 1571 Λουκούλλου
2990 1517 3294 1587 πυθόμενος
3340 1519 3677 1572 κατελάϐετο
3732 1520 3814 1572 λο-

2228 1627 2327 1677 φον
2383 1611 2672 1680 καρτερὸν,
2706 1611 2844 1680 ἔχων
2874 1612 3002 1673 τοὺς
3048 1611 3255 1673 πάντας
3288 1612 3449 1665 πλέον
3486 1614 3595 1664 τῶν
3622 1619 3696 1679 γ’,
3724 1615 3813 1666 καί

2230 1692 2305 1760 φ’.
2343 1690 2623 1765 [H751L]
2656 1694 2764 1747 Kal.
2792 1694 2852 1746 τὸ
2881 1695 2978 1763 μὲν
3029 1696 3245 1765 πρῶτον
3292 1696 3564 1765 συμϐολῆς
3600 1698 3646 1728 ³⁵
3670 1715 3817 1766 γενο-

2237 1783 2402 1852 μένης
2427 1783 2860 1853 ἐπλεονέκτησαν
2914 1786 2963 1836 οἱ
3019 1784 3305 1854 δραπέται,
3333 1785 3398 1836 ἐκ
3422 1786 3606 1836 τόπων
3642 1786 3813 1853 ὑπερ-

552 1880 819 1933 munitum
856 1883 1144 1951 occupavit
1173 1898 1294 1937 cum
1336 1883 1607 1937 universis
1646 1884 1758 1937 suis
1789 1885 1979 1951 copiis,
2011 1900 2128 1953 qtae

2232 1875 2420 1939 δεξίων
2458 1876 2754 1945 μαχόμενοι
2774 1892 2787 1905 °
2826 1875 3035 1945 μετάδέ
3059 1853 3237 1929 ταῦτα
3262 1876 3353 1928 τὸν
3383 1877 3481 1945 μὲν
3510 1877 3817 1947 στρατηγὸν

551 1969 658 2022 tria
694 1971 969 2023 hominum
1005 1972 1170 2024 millia
1198 1982 1252 2025 et
1304 1973 1630 2041 quingentos
1676 1971 2002 2034 eﬂiciebant,
2041 1982 2127 2025 at-

549 2074 655 2128 que
682 2063 932 2129 amplius.
983 2060 1047 2113 Et.
1100 2063 1277 2132 primo
1307 2063 1523 2130 quidem
1584 2061 1838 2115 conﬂictu
1888 2063 2041 2115 stetit
2098 2079 2127 2115 a

549 2151 791 2220 fugitivis
825 2153 1045 2207 victoria
1067 2154 1263 2223 quippe
1279 2154 1371 2223 qui
1393 2171 1422 2207 e
1442 2155 1719 2221 superiore
1740 2154 1859 2207 loco
1888 2154 2129 2221 pra'lium

549 2244 783 2312 inirent;
814 2258 995 2314 postea
1014 2263 1134 2301 eum
1158 2247 1495 2315 Apollonium
1517 2246 1901 2314 imperatorem
1925 2248 2135 2301 exerci-

552 2344 639 2390 tus
660 2337 817 2391 Vettii
839 2336 1095 2411 [Miuutii]
1112 2336 1366 2390 Lucullus
1381 2338 1757 2406 largitionibus
1772 2340 2126 2406 corrupisset,

553 2426 824 2496 fidemque
865 2429 1133 2496 publicam
1170 2430 1409 2483 dedisset
1441 2446 1654 2499 poenam
1707 2431 1783 2484 illi
1836 2432 2127 2486 remissum

550 2517 640 2581 iri,
689 2533 811 2572 eum
858 2522 924 2573 ad
978 2521 1285 2589 prodendos
1329 2523 1507 2575 socios
1548 2523 1782 2593 impulit.
1826 2523 2006 2589 Quare
2036 2523 2127 2578 illo

551 2608 809 2667 Romanis
852 2628 1070 2679 operam
1121 2629 1272 2667 suam
1336 2625 1585 2678 navante,
1643 2628 1806 2685 atque
1854 2618 1991 2669 adeo
2026 2617 2125 2684 ipsi

553 2698 736 2754 Vettio
783 2702 1049 2773 [Minutio]
1091 2720 1283 2758 manus
1333 2705 1617 2769 inferente,
1668 2706 1752 2759 hic
1800 2706 2125 2774 supplicium

555 2792 658 2845 sibi
695 2806 854 2859 capto
876 2794 1195 2861 impendens
1230 2798 1453 2861 vetitus,
1477 2807 1703 2851 mortem
1722 2797 1821 2850 sibi
1841 2796 2123 2852 conscivit.

554 2883 726 2937 Situul
784 2899 911 2938 vero
976 2884 1293 2940 defectionis
1364 2890 1653 2957 participes
1713 2890 1837 2945 caesi
1886 2888 2128 2953 fuerunt,

2230 1969 2324 2022 τοῦ
2359 1970 2615 2022 Οὐεττίου
2646 1968 3002 2023 Ἀπολλώνιον
3051 1968 3371 2039 διαφθείρας
3398 1971 3425 2021 ὁ
3454 1969 3813 2034 Λούκουλλος,

2233 2063 2325 2114 καὶ
2347 2065 2410 2132 τῇ
2434 2061 2670 2132 δημοσία
2699 2061 2879 2113 πίστει
2923 2060 3020 2131 τὴν
3058 2061 3254 2129 ἄφεσιν
3299 2061 3399 2130 τῆς
3428 2062 3700 2131 τιμωρίας
3731 2066 3819 2130 βε-

2236 2152 2497 2217 ϐαιώσας,
2564 2152 2784 2205 ἔπεισεν
2846 2153 3010 2205 αὑτὸν
3078 2153 3345 2224 προδότην
3399 2155 3661 2221 γενέσθαι
3711 2152 3819 2205 τῶν

2239 2244 2684 2298 συναποστατῶν.
2738 2244 2830 2297 Διὸ
2876 2244 2973 2297 καὶ
3023 2245 3217 2297 τούτου
3275 2245 3673 2315 συνεργοῦντος
3706 2248 3820 2308 τοῖς

2247 2338 2541 2406 Ῥωμαίοις
2563 2338 2659 2389 καλ⁵
2681 2338 2781 2398 τὰς
2804 2338 2991 2406 χεῖρας
3018 2336 3420 2406 προσφέροντος
3454 2334 3530 2403 τῷ
3558 2335 3817 2404 υύεττίῳ,

2237 2430 2497 2500 φοϐηθεὶς
2526 2431 2626 2498 τὴν
2661 2431 2725 2482 ἐκ
2747 2428 2847 2497 τῆς
2887 2427 3146 2489 ἁλώσεως
3178 2430 3455 2497 τιμωρίαν
3486 2427 3686 2480 ἐαυτὸν
3715 2428 3821 2480 ἀπο

2236 2520 2493 2589 έσφαξεν,
2524 2522 2725 2573 αὐτίκα
2763 2520 3223 2573 συναπολωλότων
3279 2523 3375 2573 καὶ
3424 2520 3535 2572 τῶν
3562 2520 3665 2587 τῆς
3689 2522 3821 2572 ἀπο-

2236 2615 2477 2675 στάσεως
2503 2611 2998 2681 κεκοινωνηκότων,
3032 2611 3173 2682 πλὴν
3191 2612 3283 2665 τοῦ
3315 2611 3603 2680 προδὸντος
3624 2611 3819 2663 Ἀπολ-

2233 2702 2449 2756 λωνίου.
2474 2702 2580 2754 Καὶ
2618 2701 2792 2754 ταῦτα
2814 2700 2913 2770 μὲν
2933 2702 3038 2772 πρὸ
3056 2702 3153 2770 τῆς
3176 2701 3317 2754 κατά
3336 2700 3610 2762 Σικελίαν,
3633 2700 3821 2768 ῶσπερ

2234 2795 2707 2867 προοιμιαζόμενα
2766 2793 2944 2865 ταύτῃ
2974 2794 3043 2858 ³³,
3111 2793 3376 2863 μεγίστης
3415 2792 3775 2855 ἀποστάσεως
3801 2808 3815 2820 ·

2238 2890 2361 2959 ἥτις
2393 2888 2567 2959 ἀρχὴν
2596 2886 2758 2941 ἔλαϐε
2786 2885 3065 2955 τοιαύτην.

550 2987 748 3045 praeter
787 2991 906 3029 eum
944 2977 1031 3043 qui
1057 2977 1173 3031 illos
1206 2979 1514 3046 prodiderat
1540 2980 1902 3048 Apollonium.
1950 2979 2014 3034 Et
2042 2980 2154 3034 haec
2182 2982 2397 3049 quidem
2429 2989 2835 3034 anteverterunt
2862 2980 3152 3033 maximam
3181 2978 3268 3045 qui
3298 2979 3349 3030 in
3375 2977 3561 3030 Sicilia
3589 2975 3812 3046 toutigit

550 3067 907 3123 defectionem
940 3068 1134 3137 387!)
1161 3072 1314 3138 quasi
1352 3087 1470 3139 qua:
1502 3072 1619 3139 ejus
1648 3072 1916 3139 quoddam
1950 3071 2263 3140 prteludium
2293 3082 2493 3127 essent.
2528 3071 2602 3123 Ea
2628 3082 2807 3125 autem
2835 3071 2960 3123 hinc
2986 3080 3106 3122 orta
3131 3078 3232 3120 est.

621 3160 677 3213 lu
716 3160 865 3216 Marii
916 3163 1177 3218 adversus
1222 3164 1468 3218 Cimbros
1524 3164 1870 3234 expeditione
1913 3175 2130 3219 senatus

2307 3162 2463 3215 Κατά
2493 3163 2592 3232 τὴν
2616 3163 2713 3215 ἐπὶ
2732 3164 2860 3224 τοὺς
2899 3160 3182 3230 Κίμϐρους
3242 3157 3335 3210 τοῦ
3386 3158 3600 3229 Μαρίου
3654 3175 3821 3227 στρα-

552 3252 753 3305 auxilia
784 3269 848 3305 ex
900 3253 1281 3308 transmarinis
1329 3256 1641 3310 nationibus
1682 3256 1994 3311 accersendi
2032 3272 2130 3322 po-

555 3349 806 3395 testatem
831 3342 1003 3396 Mario
1028 3346 1268 3398 dederat.
1288 3344 1485 3398 Marius
1517 3346 1680 3414 igitur
1696 3347 1762 3400 ad
1783 3345 2130 3401 Nicomedem

552 3430 818 3503 Bithynia:
852 3450 1028 3503 regem
1057 3434 1125 3489 de
1154 3435 1434 3489 mittendis
1469 3438 1536 3488 ad
1568 3454 1627 3491 se
1657 3437 2016 3491 auxiliaribus
2044 3450 2134 3489 co-

554 3525 662 3594 piis
704 3526 914 3580 scribit.
965 3527 1011 3580 Is
1042 3542 1363 3596 responsum
1393 3529 1502 3593 dat,
1542 3530 1732 3582 bOnam
1775 3529 2137 3599 Bithynorum

553 3629 765 3690 partem
817 3638 846 3672 a
899 3622 1244 3691 veCIigalium
1305 3623 1642 3689 publicorum
1696 3622 2133 3692 redemptoribus

556 3713 822 3779 direptam
858 3713 1066 3765 servire
1106 3713 1427 3765 sertitutem
1478 3730 1575 3782 per
1627 3714 1959 3783 provincias.
1998 3714 2131 3768 Cum

556 3815 739 3858 autem
760 3814 979 3857 senatus
1002 3803 1307 3858 consultum
1326 3820 1485 3869 esset,
1505 3821 1571 3857 ne
1596 3807 1719 3874 quis
1742 3822 1804 3859 ex
1822 3807 2004 3876 populi
2026 3805 2134 3859 Ro-

560 3897 702 3948 mani
736 3896 921 3959 sociis,
939 3899 1031 3965 qui
1057 3896 1275 3965 quidem
1297 3897 1432 3950 liber
1457 3906 1621 3959 esset,
1642 3897 1695 3950 in
1722 3898 2002 3967 provincia
2026 3898 2132 3950 ulla

554 3988 807 4050 serviret,
836 3996 891 4042 et
924 3995 983 4041 ut
1012 3990 1373 4058 imperatores
1401 4004 1585 4043 caram
1617 4004 1805 4042 eorunt
1841 3988 2133 4042 manumit-

560 4080 845 4133 teudorum
898 4094 1173 4151 gererent,
1214 4083 1413 4137 accidit
1458 4093 1514 4135 ut
1554 4084 1849 4150 imperator
1890 4081 2134 4135 Licinius

557 4170 754 4235 Nerva,
788 4174 880 4243 qui
910 4185 1019 4227 tum
1041 4176 1182 4228 forte
1208 4176 1259 4229 iu
1293 4175 1476 4229 Sicilia
1502 4186 1641 4240 erat,
1668 4179 1939 4231 decretum
1973 4192 2132 4229 sena-

557 4276 645 4319 tus
671 4267 990 4328 observans,
1040 4266 1239 4320 mnltos
1266 4283 1333 4320 ex
1372 4268 1542 4321 servis
1567 4269 1783 4336 judiciis
1824 4270 2134 4323 constitutis

559 4354 988 4418 manumitteret,
1034 4359 1170 4408 adeo
1231 4365 1288 4408 ul
1339 4358 1476 4408 intra
1529 4370 1731 4425 paucos
1776 4357 1893 4411 dies
1955 4358 2134 4424 plures

557 4446 882 4513 octingentis
906 4445 959 4497 in
984 4446 1286 4499 libertatem
1317 4458 1710 4500 assererentur.
1732 4446 1961 4514 Jamque
1980 4457 2134 4501 erant

2230 3258 2379 3310 τείαν
2405 3257 2604 3310 ἔδωκεν
2635 3260 2666 3326 ἡ
2694 3255 2993 3324 σύγκλητος
3020 3252 3266 3317 ἐξουσίαν
3291 3250 3368 3319 τῷ
3389 3253 3585 3322 Μαρίῳ
3615 3254 3679 3304 ἐκ
3711 3252 3818 3303 τῶν

2234 3350 2409 3423 πέραν
2427 3349 2697 3418 θαλάττης
2722 3349 2765 3381 ³⁸
2779 3347 2949 3401 ἐθνῶν
2984 3344 3442 3416 μεταπέμπεσθαι
3468 3344 3812 3414 συμμαχίαν,

2230 3443 2258 3494 6
2289 3442 2385 3509 μὲν
2408 3440 2501 3493 οὖν
2525 3441 2568 3471 ³⁷
2595 3440 2806 3511 Μάριος
2824 3438 3096 3507 ἐξέπεμψε
3125 3437 3259 3507 πρὸς
3287 3435 3703 3507 Νικομήδηντὺν
3718 3440 3815 3505 τῆς

2235 3531 2489 3594 Βιθυνίας
2513 3530 2768 3599 .βασιλέα
2836 3528 2965 3596 περὶ
3015 3527 3286 3597 βοηθείαςο
3333 3528 3361 3578 6
3414 3526 3468 3578 δὲ
3523 3526 3815 3595 ἀπόκρισιν

2232 3623 2401 3676 ἔδωκε
2422 3623 2550 3685 τοὺς
2578 3623 2798 3686 πλείους
2830 3621 2942 3674 τῶν
2965 3618 3205 3672 Βιθυνῶν
3259 3617 3363 3670 ὑπὸ
3407 3616 3517 3669 τῶν
3543 3616 3815 3687 δημοσιω-

2233 3716 2339 3769 νῶν
2357 3715 2815 3783 ³⁸«διαρπαγέντας
2839 3712 3107 3765 δουλεύειν
3138 3712 3194 3762 ἐν
3232 3712 3353 3771 ταῖς
3370 3709 3685 3778 ἐπαρχίαις,
3715 3709 3813 3777 τῆς

2190 3792 2197 3797 ’
2232 3806 2289 3858 δὲ
2316 3805 2619 3875 συγκλήτου
2652 3804 3041 3873 ψηφισαμένης
3090 3804 3237 3862 ὅπως
3291 3800 3479 3870 μηδεὶς
3532 3799 3813 3868 σύμμαχος

2234 3895 2519 3965 ἐλεύθερος
2577 3897 2636 3947 ἐν
2670 3896 2909 3966 ἐπαρχία
2941 3894 3165 3965 δουλεύη
3208 3896 3252 3927 ³³
3307 3896 3401 3948 καὶ
3449 3895 3548 3964 τῆς
3611 3894 3815 3947 τούτων

2234 3987 2647 4057 ἐλευθερώσεως
2681 3990 2729 4040 οἱ
2768 3988 3066 4056 στρατηγοὶ
3117 3988 3372 4057 πρόνοιαν
3404 3988 3813 4049 ποιῶνται,τὸτε

2236 4081 2375 4134 κατά
2416 4080 2513 4151 τὴν
2536 4080 2783 4132 Σικελίαν
2820 4078 2895 4130 ὢν
2937 4080 3244 4149 στρατηγὸς
3285 4079 3527 4142 Λικίνιος
3564 4080 3812 4149 Νερούας

2236 4172 2545 4232 ἀκολούθως
2568 4170 2645 4240 τῷ
2676 4171 2904 4240 δόγματι
2936 4172 3163 4239 συχνοὺς
3209 4170 3317 4223 τῶν
3349 4170 3551 4224 δούλων
3589 4170 3812 4239 ἠλευθέ-

2241 4281 2401 4335 ρωσε,
2429 4262 2633 4332 κρίσεις
2654 4261 2897 4333 προθεὶς,
2919 4263 2992 4324 ὠς
3014 4265 3071 4315 ἐν
3098 4262 3304 4330 ὀλίγαις
3330 4263 3567 4333 ἡμέραις
3594 4263 3813 4326 πλείους

2236 4358 2345 4408 τῶν
2370 4356 2705 4408 ὀκτακοσίων
2740 4358 2922 4424 τυχεῖν
2977 4356 3076 4424 τῆς
3121 4356 3453 4426 ἐλευθερίας.
3520 4357 3630 4407 Καὶ
3677 4350 3813 4425 ἦσαν

2240 4448 2442 4511 πάντες
2488 4448 2537 4500 οἱ
2599 4448 2738 4500 κατὰ
2793 4447 2892 4517 τὴν
2943 4444 3102 4517 νῆσον
3146 4447 3483 4509 δουλεύοντες
3553 4448 3815 4516 μετέωροι

556 4537 725 4590 animi
756 4537 996 4589 omnium
1032 4536 1175 4590 illius
1200 4538 1389 4592 iusqu
1411 4554 1689 4594 servorum
1714 4542 1767 4594 in
1797 4558 1946 4611 spem
1973 4542 2130 4595 liber-

2241 4541 2375 4609 πρὸς
2400 4542 2497 4610 τὴν
2530 4541 2864 4612 ἐλευθερίαν.
2899 4541 2961 4592 Οἱ
3014 4539 3059 4591 δ’
3091 4540 3149 4591 ἐν
3191 4539 3468 4609 ἀξιώμασι
3512 4541 3559 4571 ⁸⁸
3592 4540 3815 4608 συνδραο

556 4628 688 4683 tatis
722 4627 918 4690 erecti,
950 4644 1072 4681 cum
1109 4645 1301 4696 graves
1335 4631 1657 4684 auctoritate
1693 4632 1792 4685 viri
1832 4633 2003 4700 ipsum
2036 4635 2138 4687 itit-

555 4724 867 4786 pcraloretn
900 4715 1255 4781 conVetiittnt,
1296 4731 1530 4786 eumque
1557 4734 1663 4772 uno
1710 4736 1899 4775 omnes
1925 4737 2040 4786 ore,
2078 4733 2139 4776 ut

555 4813 622 4862 ab
649 4812 859 4876 incepto
907 4808 1157 4872 desistat,
1194 4819 1409 4877 rOgant.
1445 4812 1621 4881 Atque
1673 4815 1763 4869 hic
1809 4816 1923 4870 sive
1975 4833 2140 4886 pecu-

556 4900 665 4973 niis
693 4909 1053 4969 expugnatus,
1089 4900 1200 4952 sive
1229 4903 1457 4969 gratiam
1495 4915 1816 4972 aucupatus,
1862 4908 2128 4977 judicium

556 4994 661 5046 hac
688 4994 754 5046 de
790 5007 847 5045 re
884 4991 1195 5044 accuratius
1239 5006 1495 5045 exercere
1534 4995 1693 5047 desiit
1722 5013 1735 5051 :
1766 5006 1819 5050 et
1848 5001 1912 5051 ad
1945 5016 2002 5054 se
2033 5017 2128 5055 ve-

554 5086 833 5139 nientibus
862 5092 924 5136 ut
953 5083 1207 5136 libertate
1233 5081 1590 5149 donarentur,
1623 5097 1679 5139 ut
1705 5089 1769 5139 ad
1800 5105 1955 5144 suum
1984 5094 2134 5160 quis-

555 5190 661 5242 qtte
690 5172 964 5225 dominum
1015 5183 1439 5236 reverterentur,
1479 5174 1742 5242 imperare
1770 5181 1953 5247 cmpit.
2000 5183 2136 5237 Tum

554 5280 683 5320 vero
711 5263 855 5317 servi
912 5263 1147 5317 coitione
1203 5263 1342 5316 facta
1390 5260 1688 5333 Syracusas
1720 5268 2041 5338 relinquere,
2086 5284 2141 5327 et

556 5360 622 5412 ad
663 5356 966 5412 Palicorum
1018 5354 1298 5409 delubrum
1330 5356 1641 5422 cmifugere,
1680 5360 1865 5426 ibique
1910 5364 2049 5418 inter
2082 5380 2140 5418 se

556 5449 621 5503 de
650 5444 955 5501 defectione
985 5458 1263 5499 sermones
1308 5443 1578 5500 conferre.
1627 5446 1791 5502 Fama
1824 5461 2001 5504 autem
2036 5452 2139 5506 hu-

2241 4632 2434 4702 μόντες
2466 4632 2810 4702 παρεκάλουν
2834 4632 2924 4683 τὸν
2944 4631 3248 4700 στρατηγὸν
3277 4632 3580 4700 ἀποστῆναι
3614 4630 3815 4697 tab-:13;

2234 4726 2335 4794 τῆς
2359 4725 2641 4792 ἐπιϐολῆς.
2683 4725 2742 4778 Ὀ
2780 4726 2952 4778 δἐῖτε
2990 4726 3235 4795 χρήμασι
3276 4722 3522 4783 πεισθεὶς
3578 4723 3687 4775 εἴτε
3720 4722 3817 4790 χά·

2240 4834 2351 4887 ρισι
2381 4816 2676 4879 δουλεύσας
2702 4818 2800 4887 τῆς
2822 4818 2921 4887 μὲν
2954 4817 3061 4869 τῶν
3085 4814 3386 4886 κριτηρίων
3412 4814 3621 4867 τούτων
3653 4830 3809 4865 σπουο

2237 4910 2332 4979 δῆς
2353 4910 2587 4977 ἀπέστη.
2611 4911 2703 4962 καί
2728 4910 2853 4972 τοὺς
2883 4908 3209 4979 προσιόντας
3231 4909 3324 4960 ἐπὶ
3340 4907 3416 4977 τῷ
3440 4909 3481 4938 ’δί
3509 4911 3696 4976 τυχεῖν
3722 4908 3817 4975 τῆς

2236 5000 2544 5068 ἐλευθερίας
2576 5000 2921 5070 ἐπιπλήττων
2943 5001 3021 5062 είς
3043 4999 3168 5061 τοὺς
3206 4998 3368 5060 ἰδίους
3397 4997 3619 5067 κυρίους
3649 5015 3819 5066 πωσ-

2236 5091 2455 5143 ἐταττεν
2506 5092 2958 5161 ἐπαναστρέφειν.
2993 5093 3054 5144 Οἱ
3096 5091 3154 5143 δὲ
3187 5090 3363 5143 δοῦλοι
3391 5079 3817 5159 συστραφέντες,

2237 5185 2479 5237 καὶτῶν
2525 5184 2890 5255 Συρακουσῶν
2951 5184 3377 5250 ἀπαλλαγέντες,
3432 5184 3525 5234 καὶ
3574 5200 3818 5251 καταφυ-

2241 5278 2427 5343 γόντες
2458 5278 2536 5339 εἰς
2562 5278 2621 5329 τὸ
2654 5276 2762 5328 τῶν
2802 5278 3051 5329 Παλίκων
3077 5276 3321 5343 τέμενος.
3356 5273 3637 5327 διελάλουν
3684 5276 3820 5343 πρὸς

2242 5364 2504 5433 ἀλλήλους
2532 5364 2672 5433 ὑπὲρ
2698 5365 3072 5425 ἀποστάσεως.
3114 5363 3354 5415 Ἐκεῖθεν
3379 5364 3436 5415 ἐν
3472 5362 3689 5425 πολλοῖς
3730 5366 3817 5414 τό·

2250 5473 2372 5519 ποις
2404 5455 2502 5525 τῆς
2533 5457 2644 5509 τῶν
2667 5456 2892 5510 οἰκετῶν
2930 5456 3134 5527 τόλμης
3171 5455 3395 5525 ἐκδήλου
3445 5454 3747 5523 γινομένης
3776 5456 3821 5486 ⁵⁸

1837 5584 2072 5641 VARIAZ
2104 5586 2510 5645 LECTIONES.

658 5674 702 5707 ³³
746 5672 1028 5728 ἐνεϐάλετο
1062 5671 1137 5724 B:
1194 5672 1512 5729 ἐνεϐἀλλετο
1542 5694 1601 5741 ς.
1635 5677 1876 5747 Scaliger
1902 5680 2177 5733 ἐϐάλλετο.

662 5761 757 5804 την
785 5763 845 5804 ς.
927 5745 972 5778 ³⁸
995 5742 1263 5804 θαλάττης
1293 5744 1569 5804 Scaliger:
1607 5749 1727 5803 libri
1765 5749 2063 5804 θαλαττῶν.
2168 5754 2210 5783 ⁸⁷
2243 5754 2270 5804 6

556 5748 757 5817 ταύτην
785 5763 845 5808 ς.
927 5745 972 5778 ³⁸
995 5742 1263 5817 θαλάττης
1293 5744 1569 5817 Scaliger:
1607 5749 1727 5803 libri
1765 5742 2063 5805 θαλαττῶν.

2292 5684 2337 5713 ³⁵
2364 5683 2670 5751 συμϐουλῆς
2704 5701 2761 5747 ς.
2868 5684 2912 5719 ⁸⁵
2964 5684 3135 5755 ταύτῃ
3166 5699 3307 5755 mg.“
3330 5681 3485 5755 ταυτὶ
3516 5695 3658 5755 corr.
3704 5684 3739 5732 Λ
3802 5700 3819 5738 :

2304 5752 2401 5820 μὲν
2432 5752 2523 5824 οὖν
2558 5750 2635 5824 Βί
2658 5756 2686 5805 ὁ
2722 5757 2820 5824 μὲν
2847 5757 2889 5807 Λ
2917 5775 2930 5810 :
2958 5755 3077 5808 ὅθεν
3227 5750 3240 5753 ⁷
3262 5752 3312 5824 ,³⁸
3341 5750 3693 5819 δημοσιωνῶν
3716 5755 3764 5809 Α
3804 5770 3819 5809 ζ

557 5812 924 5889 δημοάίωνς-
1002 5812 1395 5873 ³⁹δουλεύοιΑο
1443 5812 2319 5893 ὲνάξιώμασιιιεάξιώματῐ
2353 5839 2412 5887 ς.
2483 5812 2921 5894 ⁴⁵¹τῷΒ’;τὸς--
3008 5828 3053 5857 η
3076 5812 3372 5895 γενομένης
3394 5812 3457 5886 ξ.

962 5931 1079 5951 ινφ-θα
1146 5945 1163 5951 γε
1186 5934 1329 5953 ..-μσς

1458 5954 1504 5966 α·-
