4104 6416
305 355 441 419 1417

1406 360 1933 429 BIBLIOTHECA.
1970 388 2036 400 —
2069 361 2233 425 COD.
2266 362 2557 425 CCXLIV.

3407 366 3545 433 li18

297 472 511 542 πρῶτοι
567 471 667 544 τῆς
728 473 1044 546 ἐλευθερίας
1107 475 1531 545 ἀντεποιήσαντο
1575 472 1719 528 κατά
1770 473 1870 545 τὴν

1971 474 2122 545 jusee
2156 481 2265 529 tam
2296 472 2520 530 audacis
2553 485 2839 531 servorum
2872 475 3131 533 facinoris
3162 488 3261 547 per
3283 476 3544 548 Ancyiio-

311 561 613 631 Ἀγκυλίων
669 562 853 635 χώραν
910 566 1157 636 ἀδελφῶν
1208 567 1353 620 δυεῖν
1416 562 1871 634 μεγαλοπλούτων

297 652 506 706 οἰκέται
527 654 845 724 τριάκοντα,
864 645 940 708 ὧν
964 657 1152 725 ἡγεῖτο
1178 654 1393 725 Ὀάριος
1429 653 1622 724 ὄνομα·
1646 651 1696 706 οἲ
1720 651 1873 723 πρῶ-

295 758 386 793 τον
412 741 511 812 μὲν
563 742 760 808 νυκτὸς
794 742 1174 815 κοιμωμένους
1221 744 1345 807 τοὺς
1397 741 1559 806 ἰδίους
1607 742 1871 806 δεσπότας

293 833 638 903 ἀπέσφαξαν,
661 830 781 889 εἶτα
810 837 903 888 ἐπὶ
940 836 1040 899 τάς
1080 834 1402 904 γειτνιώσας
1428 833 1686 898 ἐπαύλεις
1720 850 1871 903 παρ-

294 925 541 991 ελθόντες
600 927 945 998 παρεκάλουν
997 928 1090 981 ἐπὶ
1120 927 1219 999 τὴν
1253 926 1565 998 ἐλευθερίαν
1590 927 1717 988 τοὺς
1760 924 1872 977 δού-

291 1017 441 1083 λουςο
476 1020 572 1073 καὶ
598 1020 657 1073 ἐν
678 1021 816 1091 αὐτῇ
851 1022 917 1091 τῇ
943 1020 1102 1075 νυκτὶ
1128 1021 1466 1092 συνέδραμον
1519 1019 1739 1082 πλείους
1760 1019 1870 1072 τῶν

295 1118 402 1183 ρκ’.
434 1112 544 1166 Kal.
572 1112 1004 1183 καταλαϐόμενοι
1048 1113 1246 1185 χωρίον
1277 1113 1440 1182 φύσει
1465 1111 1681 1182 ὀχυρὸν,
1712 1110 1872 1164 τοῦτο

296 1203 496 1271 μᾶλλον
552 1202 951 1273 ἐπωχύρωσαν,
978 1202 1404 1273 προσδεξάμενοι
1483 1202 1578 1257 καὶ
1651 1200 1870 1272 ἐτέρους

291 1297 513 1360 δούλους
540 1297 919 1367 ὡπλισμένους
943 1303 1020 1352 π’.
1065 1297 1124 1352 '0
1150 1298 1207 1350 δὲ
1239 1296 1543 1369 στρατηγὸς
1564 1295 1665 1364 τῆς
1695 1279 1871 1367 ἐπαρ-

292 1387 419 1457 χίας
444 1386 684 1451 Λικίνιος
712 1385 759 1418 ⁸³
785 1386 1032 1458 Νερούας
1067 1387 1209 1442 κατά
1251 1387 1415 1458 τάχος
1473 1385 1656 1448 αὐτοῖς
1704 1384 1871 1438 ἐπελ-

292 1478 405 1532 θὼν
438 1479 531 1532 καὶ
590 1479 896 1550 πολιορκῶν
942 1480 1224 1553 ἄπρακτον
1267 1478 1395 1549 ἔσχε
1450 1479 1551 1549 τὴν
1601 1475 1868 1545 σπουδήν.

306 1570 460 1623 Ἐπεὶ
486 1569 543 1622 δὲ
570 1568 661 1642 βίᾳ
696 1570 968 1624 ἀνάλωτον
989 1570 1047 1623 τὸ
1074 1569 1117 1601 ⁸⁸
1140 1569 1401 1641 φρούριον
1438 1568 1607 1640 ἐώρα,
1662 1567 1755 1623 ἐπὶ
1769 1567 1870 1637 τὴν

293 1658 582 1729 προδοσίαν
605 1660 728 1730 ὁρᾷ,
766 1660 858 1713 καὶ
893 1660 1168 1730 σωτηρίας
1222 1660 1551 1730 ὑποσχέσεσι
1580 1659 1740 1712 Γάῖον
1769 1660 1868 1712 Τι-

293 1750 461 1803 τίνιον
488 1749 616 1822 [655
655 1749 747 1822 11.]
778 1750 1205 1820 ἐπικαλούμενον
1237 1751 1467 1804 Γαδαῖον
1488 1751 1533 1782 ⁸⁸
1564 1748 1868 1813 ἀναπείσας

1977 584 2091 623 rum
2113 568 2228 625 loca
2250 567 2363 638 jam
2393 568 2633 640 vulgata,
2666 569 2827 641 primi
2862 584 2923 625 se
2948 569 3000 625 in
3024 568 3332 625 libertatem
3361 566 3546 622 vindi-

1972 670 2167 716 carunt
2195 661 2417 733 triginta
2440 660 2668 717 duorum
2694 660 3083 716 ditissimorum
3108 659 3335 714 fratrum
3361 658 3502 713 servi
3527 672 3543 710 :

1972 767 2201 822 quorum
2233 754 2339 808 dux
2376 761 2493 808 erat
2526 751 2745 823 quidam
2787 752 3003 806 nomine
3054 751 3271 806 (larius.
3320 749 3386 804 Hi
3440 752 3549 819 pri-

1972 857 2120 896 mum
2178 856 2310 898 suos
2374 842 2538 897 heros
2591 848 2755 895 noctu
2820 838 3158 894 dormientes
3210 837 3547 909 jugularunt,

1971 932 2169 988 deinde
2203 932 2268 988 ad
2300 934 2509 989 vicinas
2557 933 2727 988 etiam
2757 930 3027 1000 progressi
3065 928 3219 985 villas
3265 944 3547 990 servorum

1973 1024 2187 1080 animos
2220 1025 2284 1079 ad
2324 1025 2590 1081 libertatis
2629 1024 2865 1079 studium
2898 1022 3287 1087 accenderunt,
3318 1021 3455 1078 adeo
3488 1029 3550 1076 ut

1972 1115 2061 1174 illa
2095 1117 2210 1186 ipsa
2242 1126 2401 1171 nocte
2440 1130 2738 1173 concursus
2781 1114 2848 1169 ad
2890 1128 2985 1170 eos
3016 1112 3191 1169 factus
3218 1113 3292 1168 sit
3321 1112 3552 1167 aliorum

1973 1220 2192 1266 centum
2222 1218 2276 1265 et
2304 1210 2494 1281 viginti
2544 1219 2707 1279 atque
2747 1206 3000 1278 amplius.
3035 1205 3100 1261 lli
3130 1213 3395 1275 occupato
3428 1204 3547 1260 loco

1974 1312 2165 1360 natura
2203 1303 2433 1366 munito,
2467 1311 2584 1357 arte
2619 1301 2757 1354 haud
2805 1299 2966 1368 paulo
2993 1297 3340 1352 munitiorem
3372 1295 3552 1351 reddi-

1972 1393 2187 1460 derunt,
2220 1393 2513 1462 assumptis
2543 1402 2598 1447 et
2628 1391 2749 1447 aliis
2778 1392 3049 1460 octoginta
3078 1388 3284 1456 servis,
3333 1386 3425 1455 qui
3459 1400 3552 1439 ar-

1973 1485 2102 1541 mati
2156 1493 2358 1540 essent.
2406 1483 2712 1540 Provinciae
2734 1494 2915 1539 autem
2972 1483 3267 1552 imperator
3310 1476 3553 1541 Licinius

1970 1575 2171 1642 Nerva,
2203 1589 2326 1632 cum
2356 1586 2588 1655 repente
2621 1574 3010 1643 superveniens
3034 1587 3130 1628 eos
3160 1568 3410 1626 obsidere
3436 1581 3550 1625 cte-

1971 1668 2165 1736 pisset,
2215 1666 2350 1722 nihil
2410 1666 2534 1723 ullis
2593 1668 2881 1721 conatibus
2937 1676 3263 1735 promovere
3313 1669 3549 1733 poterat.
3657 1730 3663 1736 _

1977 1759 2339 1827 Quamobrem
2364 1760 2526 1814 nullis
2553 1758 2763 1814 viribus
2818 1756 3189 1827 expugnabile
3240 1753 3551 1824 praesidium

294 1840 387 1915 (ἦν
414 1845 459 1899 δ’
482 1839 634 1909 οὗτος
668 1844 777 1916 πρὸ
823 1845 967 1899 δυεῖν
1007 1845 1145 1900 ἐτῶν
1191 1842 1612 1906 καταδικασθεὶς
1645 1842 1744 1912 μὲν
1778 1841 1870 1894 θα-

1978 1852 2106 1907 illud
2129 1867 2251 1908 esse
2288 1866 2538 1918 cernens,
2573 1850 2639 1906 ad
2667 1849 3027 1920 proditionem
3057 1846 3295 1902 animum
3320 1857 3552 1899 conver-

291 1937 461 2006 νάτῳ,
499 1937 598 2006 τὴν
628 1937 901 2008 τιμωρίαν
953 1936 998 1989 δ’
1026 1936 1284 2005 ἐκφυγὼν
1331 1936 1426 1989 καὶ
1477 1934 1708 1997 πολλοὺς
1761 1933 1871 1986 τῶν

292 2027 434 2082 κατά
460 2028 558 2099 τὴν
588 2027 773 2099 χώραν
804 2027 1106 2101 ἐλευθέρων
1154 2027 1300 2081 κατά
1319 2027 1578 2098 λῃστείαν
1603 2024 1867 2093 ἀναιρῶν,

289 2119 481 2173 οὐδένα
520 2119 576 2174 δὲ
605 2120 715 2175 τῶν
740 2120 965 2175 οἰκετῶν
995 2119 1376 2192 παραλυπῶν),
1407 2113 1555 2188 εἶχεν
1589 2118 1870 2189 ὑπηρέτην

288 2212 382 2265 τοῦ
423 2212 649 2268 σκοποῦ.
680 2213 843 2287 [1176
866 2212 958 2287 IL]
990 2206 1158 2278 Οὗτος
1212 2214 1352 2285 έχων
1384 2212 1535 2283 αὑτῷ
1566 2212 1612 2244 ⁸⁸
1642 2215 1868 2278 πιστοὺς

288 2304 509 2369 οἰκέτας
527 2299 770 2371 ἱκανοὺς,
796 2308 1046 2376 πρόσεισι
1064 2306 1145 2378 τῷ
1163 2306 1406 2377 φρουρίῳ
1429 2304 1537 2361 τῶν
1551 2304 1594 2336 ⁸⁷
1624 2305 1866 2360 ἀποστα-

285 2394 417 2459 τῶν,
466 2394 540 2458 ὡς
601 2395 666 2468 δὴ
706 2397 752 2429 ⁸⁵
809 2394 1168 2467 συμμεθέξων
1205 2394 1301 2449 τοῦ
1367 2395 1511 2448 κατά
1572 2393 1866 2464 Ῥωμαίων

289 2487 552 2558 πολέμου·
581 2487 829 2560 εὐμενῶς
862 2489 917 2544 δὲ
968 2488 1062 2541 καὶ
1115 2487 1453 2559 φιλοφρόνως
1509 2487 1868 2559 προσδεχθεὶς

289 2580 462 2652 ᾑρέθη
480 2580 566 2634 διά
594 2581 694 2652 τὴν
723 2581 974 2653 ἀνδρείαν
1002 2580 1095 2634 καὶ
1112 2579 1441 2650 στρατηγὸς,
1470 2580 1563 2633 καὶ
1583 2578 1866 2652 προύδωκε

287 2669 351 2723 “re
378 2670 657 2742 φρούριον,
700 2669 824 2724 Τῶν
879 2669 923 2723 δ’
942 2669 1262 2724 ἀποστατῶν
1293 2670 1336 2702 ⁸⁸
1369 2670 1419 2723 οἱ
1478 2662 1577 2740 μὲν
1628 2670 1869 2741 μαχόμε-

286 2777 370 2813 νοι
403 2760 446 2792 ⁸ο
478 2762 884 2831 κατεκόπησαν,
918 2761 966 2815 οἱ
998 2761 1054 2815 δὲ
1087 2762 1186 2831 τὴν
1216 2760 1325 2815 ἀπὸ
1350 2761 1447 2833 τῆς
1484 2760 1741 2824 ἁλώσεως
1778 2761 1867 2813 δε-

286 2856 460 2921 δ;ότες
491 2861 762 2930 τιμωρίαν
783 2859 1008 2922 ἑαυτοὺς
1050 2860 1520 2931 κατεκρήμνισαν.
1554 2862 1621 2915 Ἦ
1651 2860 1751 2931 μὲν
1776 2855 1870 2914 οὖν

286 2950 479 3021 πρώτη
504 2951 613 3006 τῶν
628 2951 915 3025 δραπετῶν
950 2952 1140 3018 στάσις
1166 2951 1441 3025 κατελύθη
1462 2952 1553 3008 τὸν
1578 2952 1869 3025 εἰρημένον

287 3044 511 3112 τρόπον.

1972 1942 2055 1997 tit.
2088 1942 2215 2013 Ejus
2238 1951 2418 1998 autem
2442 1942 2747 1997 ministrum
2770 1939 2957 1994 habuit
2980 1937 3266 2009 quemdam
3290 1934 3552 1992 Titinium

1971 2044 2332 2106 cognomento
2356 2034 2634 2100 Gadazum,
2666 2048 2761 2103 spe
2795 2032 2987 2087 salutis
3016 2030 3344 2085 adductum:
3377 2028 3554 2083 fuerat

1970 2127 2114 2180 enim
2151 2125 2241 2181 bic
2290 2125 2526 2181 Titinius
2556 2134 2685 2179 ante
2711 2124 2848 2178 duos
2896 2136 3067 2176 annos
3096 2117 3327 2193 [Romae]
3358 2117 3553 2187 capitis

1922 2208 1929 2213 ’
1970 2217 2384 2283 condemnatus,
2420 2218 2513 2271 sed
2551 2231 2766 2287 ptenatn
2808 2212 3090 2283 effugerat,
3139 2211 3443 2281 multosque
3483 2224 3555 2265 ex

1975 2308 2285 2364 hominibus
2328 2308 2530 2379 388a
2557 2308 2744 2363 liberis
2767 2304 2884 2375 ejus
2900 2303 3137 2376 regionis
3155 2300 3553 2374 praedabundus

1974 2399 2282 2456 interficere
2320 2401 2550 2464 solebat,
2581 2399 2753 2454 servis
2787 2408 2977 2453 contra
3022 2412 3087 2451 ne
3120 2395 3402 2448 minimum
3433 2394 3555 2462 qui-

1973 2492 2094 2548 dem
2126 2492 2324 2562 negozii
2360 2492 2657 2553 fa0665608.
2688 2488 2838 2546 Unde
2867 2505 2990 2543 cum
3024 2486 3225 2541 multos
3262 2484 3333 2539 ibi
3363 2498 3554 2540 servos

1972 2584 2076 2640 sibi
2111 2583 2247 2641 fidos
2293 2583 2541 2647 haberet,
2580 2577 2999 2647 ad,castellutn,
3037 2588 3292 2648 tanquam
3339 2585 3395 2629 et
3440 2575 3556 2644 ipso

1974 2691 2074 2746 pro
2106 2676 2246 2730 virili
2279 2684 2431 2745 parte
2466 2675 2730 2729 adversus
2771 2673 3044 2728 Romanos
3067 2671 3430 2740 prarliaturus,
3456 2682 3553 2722 ac-

1974 2768 2140 2824 cedit.
2168 2767 2433 2823 Benevola
2455 2777 2635 2822 autem
2678 2766 3016 2833 comiterque
3058 2770 3331 2830 receptus,
3387 2759 3553 2813 etiam

1978 2858 2271 2928 imperator
2329 2856 2669 2912 fortitudinis
2730 2870 2860 2926 ergo
2919 2864 3135 2910 creatus
3192 2853 3315 2907 fuit.
3376 2850 3553 2916 Quam

1976 2950 2294 3023 dignitatem
2329 2951 2579 3020 adeptus.
2611 2948 2889 3004 castellum
2938 2946 3195 3017 prodidit.
3238 2943 3374 2999 Tum
3421 2957 3556 2998 vero

1971 3057 2041 3099 ex
2069 3042 2436 3100 defectoribus
2469 3042 2562 3097 alii
2599 3040 2825 3112 quidem
2872 3041 2929 3095 in
2969 3038 3156 3109 praelio
3184 3036 3390 3093 concisi
3429 3035 3554 3090 fue-

288 3144 435 3200 runt,
466 3136 555 3190 alii
585 3150 714 3190 vero
741 3150 916 3204 paenae
942 3145 1110 3202 metu,
1150 3151 1312 3206 quam
1337 3149 1396 3191 se
1421 3143 1609 3203 captos
1648 3150 1871 3193 manere
1907 3136 2175 3204 sciebant,
2198 3149 2260 3192 se
2285 3134 2591 3206 praecipites
2619 3134 2905 3191 dederunt.
2937 3132 3120 3190 Prima
3186 3132 3353 3205 igitur
3412 3134 3556 3207 fugi-

287 3227 521 3281 tivorum
553 3225 749 3282 seditio
791 3240 1039 3295 repressa
1071 3226 1174 3281 hoc
1205 3228 1365 3283 modo
1394 3227 1515 3282 fuit.

356 3317 480 3373 Τῶν
509 3318 563 3372 δὲ
591 3316 939 3390 στρατιωτῶν
984 3316 1124 3389 πρὸς
1165 3316 1235 3372 τά
1281 3319 1459 3375 οίκεῖα
1494 3316 1604 3389 ἤθη
1660 3318 1868 3372 suam-

2046 3316 2534 3374 Verumenimvero
2597 3315 2861 3372 militibus
2896 3315 2963 3370 ad
3010 3314 3168 3373 sedes
3205 3328 3334 3372 suas
3364 3316 3557 3372 dimis-
3662 3318 3671 3323 ’

287 3410 511 3476 θέντων,
544 3404 681 3481 ἦκόν
712 3426 858 3471 τινες
881 3407 1322 3477 ἀπαγγέλλοντες
1343 3402 1425 3462 ὅτι
1457 3410 1689 3463 Πόπλιον
1727 3409 1871 3463 10.6-

287 3521 423 3568 νιον,
461 3502 754 3572 γενόμενον
808 3499 982 3554 ἱππέα
1027 3500 1341 3571 Ῥωμαίων,
1371 3502 1778 3568 ἐπαναστάντες
1820 3501 1872 3555 oi

286 3594 465 3649 δοῦλοι
503 3592 853 3663 κατέσφαξαν
876 3591 1209 3663 ὁγδοήκοντα
1233 3592 1411 3658 ὅντες,
1436 3594 1531 3647 καὶ
1555 3595 1635 3647 ὅτι
1666 3592 1871 3665 πλῆθος

288 3687 593 3757 ἀγείρουσι.
681 3684 793 3737 Καὶ
820 3685 847 3737 ό
886 3683 985 3755 μὲν
1028 3686 1336 3755 στρατηγὸς
1387 3684 1591 3754 ἐτέρων
1651 3684 1871 3756 βουλαῖς

288 3776 750 3849 παρακρουσθεὶς,
782 3776 882 3847 ἤδη
944 3776 1038 3830 καὶ
1077 3775 1186 3829 τῶν
1215 3776 1488 3829 πλείστων
1518 3777 1870 3847 στρατιωτῶν

288 3868 712 3938 ἀπολελυμένων
743 3867 814 3934 ⁸¹,
843 3867 1036 3937 καιρὸν
1060 3868 1287 3938 παρεῖχε
1324 3866 1413 3920 διά
1457 3867 1554 3935 τῆς
1602 3867 1872 3937 ἀναϐολῆς

286 3965 400 4025 τοῖς
418 3961 750 4023 ἀποστάταις
769 3958 975 4030 βέλτιον
993 3959 1189 4021 αὐτοὺς
1208 3958 1634 4027 ἀσφαλίσασθαι.
1658 3959 1871 4030 ῐΙροῆγε

289 4056 347 4109 δὲ
384 4054 523 4125 μετά
582 4052 692 4106 τῶν
741 4051 972 4105 ἐνόντων
1020 4050 1389 4122 στρατιωτῶν,
1426 4050 1523 4104 καλ⁸
1556 4050 1745 4113 διαϐὰς
1782 4051 1873 4103 τὸν

294 4147 502 4201 ’Ἄλϐαν
524 4145 788 4214 ποταμὸν,
807 4141 1053 4215 παρῆλθε
1078 4144 1203 4207 τοὺς
1236 4143 1547 4207 ἀποστάτας
1571 4140 1873 4213 διατρίϐον-

290 4255 391 4302 τας
424 4238 483 4291 ὲν
509 4236 625 4307 δρει
674 4233 995 4304 καλουμένῳ
1032 4232 1362 4304 Καπριανῷ,
1398 4235 1493 4287 καὶ
1537 4233 1874 4302 κατήντησεν

292 4330 374 4393 εἰς
404 4329 561 4382 πόλιν
601 4325 956 4398 Ἡράκλειαν.
1001 4324 1096 4378 Ἐκ
1121 4324 1230 4395 γὰρ
1250 4325 1296 4357 ⁸³
1322 4323 1417 4377 τοῦ
1449 4324 1523 4395 μὴ
1548 4322 1874 4394 προσϐαλεῖν

292 4422 481 4485 αὐτοῖς
523 4419 615 4473 τὸν
670 4417 979 4490 στρατηγὸν
1012 4416 1272 4488 ἀτολμίαν
1304 4416 1471 4471 αὑτοῦ
1505 4414 1874 4486 διαφημίσαν-

289 4530 402 4577 τες,
438 4510 666 4583 συχνοὺς
685 4509 931 4563 ἀνέσειον
958 4508 1068 4562 τῶν
1097 4508 1344 4563 οἰκετῶν.
1373 4507 1482 4563 Καὶ
1502 4506 1713 4560 πολλῶν
1739 4508 1874 4578 συρ-

292 4606 527 4676 ρεόντων
555 4602 649 4656 καὶ
667 4602 761 4655 τὸν
798 4600 1025 4655 δυνατὸν
1068 4599 1270 4670 τρόπον
1321 4599 1400 4662 είς
1464 4599 1645 4669 μάχην
1694 4614 1873 4667 παρα-

290 4695 733 4765 σκευαζομένων,
813 4693 872 4745 ἐν

288 4784 755 4854 καθωπλίσθησαν
811 4780 1032 4845 πλείους
1090 4779 1198 4833 τῶν
1265 4776 1617 4844 ὀκτακοσίων,
1671 4779 1869 4849 ἐφεξῆς

286 4878 335 4930 δ’
358 4877 607 4946 ἐγένοντο
638 4875 747 4929 τῶν
784 4873 1062 4945 δισχιλίων
1099 4873 1200 4926 οὐκ
1230 4871 1507 4934 ἐλάττους.
1559 4870 1867 4942 Πυθόμενος

286 4972 335 5024 δ’
365 4971 423 5023 ἐν
467 4968 766 5039 Ἡρακλείᾳ.
826 4968 926 5037 τὴν
971 4965 1201 5036 αῠξησιν
1244 4964 1421 5018 αὐτῶν
1485 4966 1513 5018 ὁ
1571 4964 1873 5034 στρατηγὸς

288 5062 537 5133 ἡγεμόνα
566 5060 983 5131 προεχειρίσατο
1007 5058 1235 5127 Μάρκον
1275 5056 1529 5121 Τιτίνιον,
1562 5056 1686 5119 δοὺς
1724 5054 1871 5125 αύτῷ

289 5153 633 5226 στρατιώτας
660 5155 788 5216 τοὺς
805 5155 870 5207 ἐκ
890 5151 986 5221 τῆς
1010 5151 1208 5220 Ἔννης
1238 5136 1510 5219 φρουροὺς
1533 5147 1867 5211 ἑξακοσίους.

290 5242 462 5311 Οὗτος
486 5248 539 5301 δέ
579 5246 727 5318 μάχῃ
783 5242 1104 5317 προσϐαλὼν
1156 5243 1269 5304 τοῖς
1332 5240 1687 5303 ἀποστάταις,
1747 5239 1870 5291 ἐπεὶ

290 5339 488 5411 καὶτῷ
536 5340 732 5411 πλήθει
765 5339 860 5392 καὶ
910 5339 1029 5400 ταῖς
1046 5333 1377 5405 δυσχωρίαις
1405 5331 1452 5366 ⁵³
1482 5330 1869 5383 ἐπλεονέκτουν

291 5436 516 5498 ἐκεῖνοι,
540 5432 752 5503 ἐτράπη
787 5431 883 5483 σὺν
925 5431 1035 5492 τοῖς
1094 5426 1226 5497 περὶ
1277 5425 1462 5489 αὐτὸν,
1490 5421 1700 5476 πολλῶν
1761 5421 1860 5492 μὲν

1974 3407 2071 3472 sis,
2100 3405 2329 3462 atiertur
2357 3422 2388 3460 a
2411 3404 2735 3476 quibusdam
2773 3404 3017 3469 nuntius,
3050 3420 3236 3462 servos
3260 3406 3329 3463 80
3354 3408 3554 3477 conju~

1978 3500 2188 3555 ratione
2217 3497 2359 3554 facta
2391 3496 2455 3552 P.
2484 3497 2732 3554 Cionium
2764 3498 2851 3566 qui
2877 3497 3151 3566 equestris
3181 3499 3391 3554 ordinis
3420 3499 3549 3565 fuit,

1978 3589 2334 3655 interfecisse,
2393 3603 2755 3658 magnamque
2806 3588 2907 3644 sibi
2954 3604 3176 3644 manum
3236 3591 3549 3663 adiungere.

1974 3682 2282 3749 Quinetiam
2347 3682 2467 3752 ipse
2510 3681 2809 3751 imperator
2844 3682 3090 3738 consiliis
3118 3682 3352 3738 aliorum
3388 3682 3553 3739 dece-

1912 3763 1934 3808 ὲ
1974 3788 2123 3843 plus,
2147 3774 2260 3841 jam
2287 3773 2426 3829 bona
2452 3788 2672 3829 suorum
2699 3773 2935 3829 militum
2959 3783 3111 3843 parte
3130 3774 3352 3831 dimissa
3369 3814 3385 3839 ,
3413 3774 3556 3830 defe-

1972 3865 2216 3921 c'oribus
2243 3865 2311 3920 ad
2339 3880 2399 3920 se
2423 3866 2616 3920 melius
2637 3864 2962 3920 muniendas
2985 3875 3198 3933 tempus
3219 3865 3557 3922 dabat.'l‘au-

1972 3958 2098 4014 dem
2154 3969 2482 4013 tamencum
2521 3956 2885 4026 qualicunque
2933 3958 3107 4024 potuit
3156 3972 3320 4013 manu
3353 3960 3420 4014 ad
3455 3974 3557 4017 eos

1974 4047 2279 4108 contendit.
2334 4046 2667 4117 trajectoque
2721 4043 2886 4099 ﬂuvio
2939 4044 3098 4109 Alba,
3150 4046 3453 4102 defectores
3500 4049 3553 4103 iu

1975 4152 2158 4195 monte
2205 4138 2479 4209 Capriano
2529 4137 2818 4193 stationem
2868 4146 3094 4205 agentes
3136 4145 3556 4205 praetergressus

1973 4241 2080 4298 est,
2107 4241 2163 4287 et
2184 4234 2249 4287 ad
2283 4231 2474 4287 urbem
2505 4229 2819 4283 Heracleam
2844 4230 3106 4300 perrexit.
3134 4229 3271 4284 Cum
3301 4230 3463 4300 igitur
3486 4230 3554 4287 de

1974 4325 2192 4399 ignavia
2211 4324 2554 4395 imperatoris
2574 4336 2848 4378 rumorem
2864 4321 3209 4391 sparsissent,
3232 4331 3416 4391 utpote
3431 4322 3555 4379 illos

1975 4419 2164 4488 praelia
2201 4418 2469 4473 lacessere
2494 4428 2602 4471 ttOtt
2633 4415 2776 4478 ausi,
2806 4412 3009 4467 multos
3045 4428 3112 4467 ex
3148 4414 3323 4469 servis
3352 4414 3420 4467 ad
3454 4414 3552 4470 de-

1976 4509 2265 4566 fectionem
2288 4506 2628 4570 animabant,
2662 4504 2798 4561 adeo
2826 4502 3012 4560 multis
3052 4503 3290 4573 undique
3316 4504 3555 4560 circum-

1974 4598 2287 4664 fluentibus,
2334 4579 2502 4666 seque
2550 4596 2637 4660 iis,
2692 4609 2922 4665 quorum
2978 4592 3292 4648 facultatem
3343 4603 3555 4664 tempus

953 4690 1097 4745 ἐπτά
1157 4692 1281 4754 ταῖς
1342 4689 1585 4760 πρώταις
1638 4689 1870 4760 ἡμέραις

1979 4691 2240 4759 locusque
2278 4687 2502 4753 dabant,
2540 4684 2707 4740 armis
2743 4683 3154 4749 instruentibus,
3183 4694 3238 4738 ut
3269 4681 3409 4738 intra
3441 4685 3555 4752 pri-

1977 4793 2096 4833 mos
2131 4785 2337 4847 septem
2367 4775 2485 4830 dies
2514 4774 2842 4843 octingentis
2871 4773 3054 4844 plures
3090 4773 3287 4827 armati
3328 4771 3553 4842 fuerint,

1977 4886 2163 4942 posrea
2212 4882 2339 4921 vero
2388 4882 2561 4936 usque
2593 4868 2660 4920 ad
2706 4867 2935 4920 duorum
2988 4865 3217 4920 millium
3266 4880 3555 4920 numerum

1976 4968 2269 5023 creverint.
2313 4963 2608 5033 Postquam
2650 4970 2832 5017 autem
2874 4960 3169 5030 imperator
3198 4961 3339 5032 apud
3383 4960 3556 5016 Hera-

1973 5060 2147 5114 cleam
2178 5057 2245 5112 de
2277 5057 2451 5110 auctis
2493 5069 2681 5110 eorum
2718 5054 2925 5108 viribus
2956 5052 3155 5107 certior
3201 5052 3402 5111 factus‘
3429 5051 3552 5118 fuit,

1973 5151 2169 5206 ducem
2228 5148 2488 5204 adversus
2548 5163 2644 5202 eos
2698 5144 2938 5201 Marcum
3002 5142 3261 5199 Titinium
3319 5143 3552 5208 creavit,

1974 5257 2208 5313 eumque
2234 5257 2357 5298 cum
2396 5240 2671 5297 sexcentis
2698 5254 2765 5295 ex
2794 5238 2950 5296 Enna
2983 5237 3336 5308 praasidiariis
3366 5235 3553 5292 militi-

1977 5337 2076 5390 bus
2095 5335 2266 5390 misit.
2296 5333 2394 5388 Hic
2428 5347 2559 5387 vero
2586 5331 2889 5387 defectores
2919 5328 3143 5385 adortus
3186 5330 3371 5401 praelio
3406 5328 3549 5398 (cum

1972 5425 2042 5477 illi
2089 5434 2145 5479 et
2180 5437 2406 5479 numero
2449 5422 2754 5492 superiores
2793 5428 2999 5485 essent,
3023 5428 3078 5475 et
3120 5418 3173 5474 in
3216 5433 3284 5474 eo
3338 5433 3553 5489 quoque

1586 5564 1820 5621 VARIAS
1862 5562 2261 5619 LECTIONES.

368 5667 733 5728 ⁸³Λικκίννιος
752 5664 816 5721 Α.
892 5666 937 5697 δ”
952 5665 1011 5718 τὸ
1040 5680 1152 5720 om.
1186 5666 1248 5719 A.
1327 5666 1371 5698 "
1402 5663 1650 5717 Γαδδαῖον
1679 5661 1738 5716 Β.
1810 5660 1855 5692 ⁸⁸
1876 5657 2042 5732 αὐτού
2076 5657 2155 5732 l3.~
2175 5657 2218 5689 "
2235 5658 2366 5732 τῶν]
2393 5657 2613 5732 καὶτῶν
2770 5657 2814 5732 f‘
2834 5656 2910 5732 ᾡς
2934 5655 3091 5732 δῂ--Δ
3146 5654 3192 5687 δ’
3228 5651 3553 5732 ἀποστατῶχ

296 5738 467 5795 om.B
492 5747 545 5792 et
571 5753 651 5806 pr.
684 5738 749 5792 Α.
800 5738 846 5769 ⁵ο
874 5734 1206 5805 μαχούμενοι
1230 5753 1290 5802 ς.

296 5807 411 5866 οὖν.
503 5810 547 5842 ⁵³
589 5807 925 5878 δυσχερείαις
955 5824 1015 5869 ς.

542 5901 811 5961 Parnm.
843 5900 959 5960 (in.
997 5896 1155 5961 CIII.

1392 5737 1437 5769 "
1466 5733 1810 5806 στρατιωτῶν
1848 5730 2269 5799 ἀπολελυμένων
2317 5730 2426 5786 om.
2466 5730 2530 5783 Α.

2636 5730 2681 5761 ﬂ
2728 5726 2861 5801 γάρ]
2889 5721 3017 5796 γοῦν
3063 5725 3131 5789 Α,
3163 5721 3473 5793 praestiterit
3502 5721 3551 5775 δ’

3096 5882 3173 5944 [ιὸ
