4124 6452
499 395 635 461 1419

1614 382 1617 385 ἀ
1666 389 1927 455 PHOTlI
1967 385 2471 450 PATRIARCH/E
2498 382 2610 446 CP.

3650 377 3793 447 1190

498 511 709 567 meliori
741 509 1052 566 conditione
1081 507 1277 576 forent,
1307 508 1450 579 quod
1482 509 1613 565 lacis
1644 508 1919 565 diilicilem
1964 505 2081 560 adi-

2209 502 2605 574 ιναιρεθέντων,
2634 499 2743 554 τῶν
2767 497 2825 554 δὲ
2848 498 3055 554 λοιπῶν
3088 497 3367 573 ῥιψάντων
3394 496 3465 551 τά
3490 496 3639 551 ὅπλα
3691 498 3793 551 καὶ

498 610 611 655 tum
643 598 1012 669 praebentibus
1057 597 1504 668 defenderentur)
1537 637 1552 664 ,
1590 613 1693 652 una
1725 611 1847 651 cum
1894 594 1961 650 iis
1987 591 2079 661 qui

2209 596 2330 665 ιυγῇ
2360 592 2514 664 μόλις
2560 591 2966 647 διασωθέντων.
3023 590 3133 644 Καὶ
3161 592 3209 644 οἱ
3254 588 3559 643 ἀποστάται
3598 585 3794 640 ὅπλων

499 692 576 745 illi
602 691 852 744 astabant
879 699 1026 759 terga
1053 688 1221 756 dedit,
1262 689 1554 760 multisque
1585 685 1904 750 interfectis,
1953 683 2083 740 reli-

497 780 589 849 qui
613 778 838 847 abjectis
861 777 1029 832 armis
1050 778 1135 832 vix
1164 778 1268 833 sibi
1296 776 1419 848 fuga
1445 776 1674 833 salutem
1698 774 2083 846 quaesiverunt.

2184 701 2245 738 τε
2270 683 2673 756 εὐπορήσαντες
2687 682 2958 736 τοσούτων
2981 679 3176 751 ἀθρόον
3205 680 3300 733 καὶ
3326 680 3506 750 νίκης,
3528 677 3797 749 θρασύτε-

2189 792 2283 846 ρον
2313 775 2526 846 εῐχοντο
2554 773 2665 829 τῶν
2696 773 2896 846 ἔργων,
2928 774 3023 826 καὶ
3054 772 3258 836 πάντες
3273 772 3381 826 τῶν
3417 770 3625 824 δούλων
3659 774 3797 841 ἐμε-

501 875 812 931 Defectores
841 875 1007 947 igitur
1036 882 1116 930 tot
1138 874 1455 941 armaturis,
1481 873 1641 931 simul
1669 873 1834 929 etiam
1857 870 2085 927 victoria

2209 868 2515 939 τεωρίζοντο
2544 868 2682 938 πρὸς
2707 867 3030 921 ἀπόστασιν.
3063 865 3176 921 Καὶ
3194 864 3405 917 πολλῶν
3424 864 3549 918 καθ’
3571 864 3798 935 ἡμέραν

500 969 682 1023 subito
706 967 886 1038 potiti,
926 968 979 1022 in
1009 982 1107 1022 suo
1137 968 1352 1037 incepto
1389 966 1648 1023 audacius
1673 964 1994 1035 pergebant,
2032 970 2088 1017 et

501 1057 742 1110 omnium
773 1070 1056 1111 servorum
1088 1055 1256 1110 animi
1305 1056 1370 1110 ad
1412 1071 1560 1125 spem
1615 1053 1881 1111 libertatis
1910 1052 2086 1122 erige-

506 1150 727 1204 bantur.
757 1148 1001 1218 Cumque
1031 1148 1182 1202 tnulti
1210 1149 1260 1203 in
1282 1149 1398 1203 dies
1421 1148 1737 1213 deﬁcerent,
1767 1148 1921 1204 brevi
1950 1155 2091 1203 tem-

500 1255 636 1313 pore
674 1254 834 1310 supra
864 1254 1025 1310 quam
1058 1238 1203 1295 credi
1231 1239 1396 1309 possit
1443 1251 1632 1295 auctus
1661 1255 1847 1295 eorum
1903 1254 2094 1295 nume-

504 1349 597 1387 rus
644 1332 762 1386 fuit.
814 1330 1095 1399 Siquidem
1170 1332 1310 1386 intra
1358 1347 1562 1401 paucos
1606 1333 1723 1388 dies
1773 1332 1953 1402 plures
2000 1347 2095 1387 sex

505 1422 745 1478 millibus
772 1422 1040 1477 numerati
1076 1421 1311 1477 fuerunt.
1358 1421 1495 1476 Tum
1526 1437 1658 1480 vero
1689 1433 1880 1478 coacto
1908 1422 2097 1478 conci-

507 1512 602 1576 lio,
643 1520 697 1565 et
748 1510 1141 1568 deliberatione
1195 1514 1263 1567 de
1312 1528 1525 1569 summa
1574 1529 1758 1570 rerum
1800 1515 2096 1585 proposita,

509 1614 636 1658 ante
688 1606 870 1658 omnia
937 1612 1195 1659 crearunt
1247 1620 1430 1676 regem
1491 1605 1731 1662 Salvium
1786 1608 2098 1678 quemdam,

506 1691 705 1763 3881:
740 1693 830 1762 qui
879 1693 1205 1763 aruspicinae
1236 1696 1439 1763 peritus
1466 1698 1786 1764 habebatur,
1818 1706 1871 1754 et
1902 1698 1954 1752 in
1986 1714 2103 1753 mu-

510 1785 695 1839 lierem
743 1800 944 1840 corona
989 1796 1153 1842 cantu
1182 1787 1460 1854 tibiarum,
1512 1788 1582 1845 ad
1631 1789 1894 1846 insaniam
1936 1805 2105 1861 usque

510 1884 850 1945 perstrepere
873 1878 1065 1933 solitus
1094 1886 1230 1933 erat.
1276 1877 1371 1935 Hic
1405 1895 1628 1952 regnum
1682 1883 1932 1951 adeptus,
1977 1896 2101 1936 cum

517 1967 681 2021 nrbes
718 1967 925 2021 desidia
963 1968 1242 2025 mollitiem
1279 1968 1461 2026 fovere
1490 1970 1850 2036 existimaret,
1880 1986 1975 2028 eas
2000 1972 2102 2028 sibi

507 2062 758 2118 vitandas
782 2063 1066 2134 judicavit.
1094 2064 1271 2132 Quare
1303 2065 1663 2122 defectoribus
1690 2074 1801 2123 tres
1839 2068 1892 2122 in
1922 2076 2105 2138 partes

508 2155 717 2221 divisis,
738 2156 1071 2227 totidemque
1091 2158 1318 2214 ducibus
1347 2158 1635 2227 unicuique
1650 2161 1787 2227 parti
1808 2161 2104 2217 attributiso

509 2246 700 2303 effusis
733 2246 1170 2317 populationibus
1194 2262 1479 2318 peragrare
1501 2249 1772 2320 regionem
1796 2259 2108 2318 totam,om-

509 2351 607 2393 nes
621 2352 726 2408 que
760 2347 969 2392 certum
1003 2338 1068 2392 ad
1104 2339 1579 2409 locum,certoque
1602 2350 1842 2410 tempore
1861 2358 2106 2399 remeare

509 2424 817 2495 imperavit.
836 2424 914 2479 Illi
931 2440 1053 2481 cum
1069 2425 1295 2481 aliorum
1311 2427 1650 2492 animalium,
1664 2438 1775 2483 tum
1795 2444 1923 2485 vero
1938 2444 2107 2501 equo-

512 2528 629 2566 rum
657 2513 868 2582 copiam
889 2512 1001 2568 suis
1029 2515 1441 2570 excursionibus
1462 2516 1662 2585 adepti,
1687 2518 1837 2573 brevi
1864 2518 2100 2588 peditum

512 2600 701 2666 viginti
746 2599 934 2666 millia,
969 2601 1211 2669 equitum
1251 2602 1358 2656 duo
1402 2601 1699 2659 eﬂecerunt
1732 2622 1745 2659 :
1781 2605 1942 2675 idque
1993 2606 2099 2660 bo-

511 2686 717 2741 mittnm
754 2688 842 2758 qui
874 2688 987 2757 jam
1040 2689 1352 2745 tirocinium
1382 2705 1487 2745 non
1524 2692 1645 2748 sine
1688 2707 1900 2749 summa
1946 2694 2105 2750 laude

510 2786 824 2844 posuerant.
858 2776 1101 2846 Repente
1126 2778 1290 2847 igitur
1322 2777 1389 2833 ad
1424 2778 1611 2835 urbem
1664 2782 1926 2837 munitam
1960 2782 2102 2837 Mor-

511 2866 787 2937 gantinam
815 2884 1009 2937 magno
1043 2869 1247 2938 impetu
1297 2870 1632 2925 contendunt
1686 2888 1700 2925 :
1730 2886 1959 2942 eamque
1990 2882 2099 2927 tum

512 2958 723 3023 validis,
749 2968 860 3011 tum
896 2958 1129 3013 assiduis
1166 2958 1618 3028 impressionibus
1663 2976 1977 3032 oppugnare
2007 2977 2101 3019 0c-

511 3052 739 3121 cipiunt.
768 3049 1069 3121 Imperator
1102 3061 1281 3106 autem
1311 3066 1435 3105 cum
1464 3052 1655 3108 eodem
1702 3056 1982 3109 nocturnis
2008 3055 2101 3110 iti-

514 3148 737 3203 neribus
799 3148 1163 3217 pervenisset,
1225 3158 1482 3219 tanquam
1540 3148 1608 3205 ad
1664 3148 1918 3205 ferendas
1981 3150 2098 3205 urbi

512 3240 813 3310 suppetias,
850 3240 1054 3297 ducens
1108 3241 1337 3295 militum
1386 3242 1607 3298 circiter
1658 3243 1847 3297 decem
1907 3242 2099 3307 millia,
2132 3233 2175 3292 C

514 3337 711 3407 partim
776 3334 1117 3400 Italicorum,
1169 3338 1368 3407 partim
1430 3352 1496 3393 ex
1556 3338 1770 3401 Sicilia,
1803 3337 2109 3397 defectores

514 3431 659 3485 circa
701 3429 1040 3485 obsidionem
1091 3440 1382 3501 occupatos
1426 3433 1656 3487 invenit.
1704 3432 1839 3487 Cum
1892 3448 2025 3506 ergo
2055 3434 2107 3489 in

515 3533 703 3575 eorum
733 3525 911 3573 castra
948 3518 1305 3587 irruptionem
1346 3520 1588 3585 fecisset,
1624 3530 1679 3575 et
1717 3522 1970 3590 exiguum
2002 3521 2110 3577 illic

518 3614 825 3684 praesidium
874 3614 1190 3683 reperisset,
1242 3629 1495 3686 magnam
1549 3623 1734 3671 autem
1771 3615 2106 3684 captivarum

519 3704 942 3769 multitudinem,
981 3720 1229 3776 magnam
1256 3706 1384 3760 item
1415 3705 1553 3762 alius
1586 3705 1781 3778 praedae
1802 3707 1983 3761 omnis
2014 3723 2108 3776 ge-

518 3797 689 3860 neris,
722 3795 867 3851 nullo
896 3796 1112 3866 negotio
1144 3805 1322 3852 castra
1355 3796 1568 3852 illorum
1602 3798 1901 3865 submovit,
1928 3799 2110 3870 iisque

518 3890 746 3958 direptis
776 3890 844 3946 ad
875 3889 1063 3945 urbem
1116 3889 1510 3962 Morgantinant
1559 3893 1664 3948 iter
1705 3894 1996 3951 convertit.
2040 3895 2109 3952 At

520 3986 825 4041 defectores
850 3997 1072 4059 repente
1100 3986 1154 4041 itt
1197 3985 1350 4043 illum
1387 3989 1659 4045 irruentes
1684 3990 1950 4056 vicissim,
1983 4006 2106 4046 cum

522 4081 689 4134 eloco
704 4078 985 4149 superiore
1006 4094 1178 4150 pugna
1189 4089 1330 4146 rent,
1355 4080 1585 4136 violenta
1609 4081 1910 4153 irruptione
1940 4082 2107 4149 facta,

521 4175 813 4231 secundam
869 4175 1140 4230 fortunam
1187 4176 1443 4246 experiri,
1487 4174 1715 4232 Romani
1770 4179 2111 4248 imperatoris

522 4268 691 4337 copiae
722 4276 873 4339 terga
917 4276 1129 4322 vertere
1169 4278 1472 4339 coeperunt.
1518 4268 1787 4324 Caeterum
1841 4271 1967 4339 quia
2006 4286 2099 4325 rex

522 4357 861 4412 defectorum
892 4356 1256 4426 imperaverat
1299 4358 1499 4423 edicto,
1548 4366 1607 4412 ut
1649 4357 1906 4413 omnibus
1955 4374 2108 4415 arma

522 4448 903 4517 abjicientibns
958 4462 1291 4518 parceretur,
1334 4452 1470 4506 bona
1526 4465 1657 4521 pars
1687 4451 1754 4506 iis
1782 4452 2008 4520 abiectis
2056 4455 2109 4509 in

2197 960 2589 1029 ἀφισταμένων
2648 958 2915 1027 σύντομον
2968 956 3064 1010 καὶ
3120 954 3421 1025 παράδοξον
3477 951 3797 1023 ἐλάμϐανον

2205 1050 2458 1121 αὔξησιν,
2491 1051 2566 1114 ὼς
2595 1052 2655 1103 ἐν
2705 1049 2917 1118 ὀλίγαις
2968 1048 3205 1120 ἡμέραις
3256 1046 3473 1109 πλείους
3536 1044 3797 1114 γενέσθαι

2193 1138 2303 1193 τῶν
2342 1137 2748 1209 ἑξακισχιλίων,
2783 1139 2873 1192 ὅτε
2894 1137 2959 1208 δὴ
3000 1138 3098 1191 καὶ
3148 1138 3228 1199 είς
3246 1135 3571 1207 “ὲκκλησίαν
3598 1135 3797 1189 συνελ-

2198 1234 2382 1297 θόντες
2416 1232 2513 1287 καὶ
2540 1231 2737 1304 βουλῆς
2764 1230 3122 1303 προτεθείσης
3143 1229 3361 1301 πρῶτον
3381 1228 3482 1300 μὲν
3504 1229 3728 1281 εἵλαντο
3749 1228 3798 1258 ⁸⁵

2200 1322 2429 1394 βασιλέα
2458 1324 2552 1378 τὸν
2608 1323 3009 1395 ὀνομαζόμενον
3065 1320 3343 1386 Σαλούῖον,
3373 1320 3645 1376 δοκοῦντα
3698 1322 3799 1389 τῆς

2202 1417 2556 1487 ἱεροσκοπίας
2605 1416 2869 1487 ἔμπειρον
2914 1409 3057 1468 εἶναι
3114 1415 3209 1468 καὶ
3234 1416 3353 1477 ταῖς
3372 1415 3417 1448 ⁵⁸
3451 1413 3801 1483 γυναικείαις

2202 1507 2353 1571 Θέαις
2402 1505 2836 1577 αὐλομανοῦντα.
2893 1499 3064 1570 Οὗτος
3135 1504 3461 1575 βασιλεύσας
3538 1503 3639 1565 τάς
3699 1502 3802 1574 μὲν

2203 1599 2391 1664 πόλεις
2433 1598 2637 1672 ἀργίας
2692 1601 2787 1654 καὶ
2826 1600 3038 1670 τρυφῆς
3072 1596 3308 1669 νομίζων
3357 1596 3661 1664 ἐξέκλινεν,
3721 1596 3802 1659 είς

2203 1694 2331 1765 τρία
2358 1692 2415 1747 δὲ
2448 1692 2677 1764 μερίσας
2696 1693 2823 1757 τοὺς
2856 1691 3193 1756 ἀποστάτας,
3235 1691 3329 1744 καὶ
3380 1690 3530 1755 ίσους
3581 1689 3801 1761 ἡγεμό-

2208 1803 2305 1850 νας
2333 1785 2749 1856 ἐγκαταστήσας
2779 1785 2897 1848 ταῖς
2941 1783 3149 1855 μερίσι,
3187 1782 3523 1855 προσέταξεν
3568 1783 3799 1835 ἐπιέναι

2205 1878 2305 1949 τὴν
2334 1876 2520 1949 χώραν
2549 1876 2805 1947 καὶπρὸς
2838 1877 2937 1931 ἕνα
2967 1877 3133 1931 τόπον
3170 1877 3263 1932 καὶ
3308 1876 3501 1949 καιρὸν
3546 1876 3801 1939 ἅπαντας

2208 1970 2475 2033 ἀπαντᾶν.
2529 1968 2622 2022 Διὸ
2672 1968 2884 2022 πολλῶν
2936 1969 3001 2022 ἐκ
3044 1969 3146 2039 τῆς
3180 1968 3476 2031 ἐπελασίας
3509 1968 3692 2023 ἄλλων
3742 1985 3801 2021 τε

2208 2059 2365 2127 ζώων
2409 2062 2505 2115 καὶ
2563 2060 2752 2114 ἵππων
2794 2061 3224 2133 εὐπορήσαντες,
3273 2062 3337 2114 ἐν
3386 2061 3557 2132 ὀλίγῳ
3615 2060 3802 2131 χρόνῳ

2207 2153 2730 2226 κατεσκευάσθησαν
2786 2154 2974 2217 ἱππεῖς
3005 2154 3104 2223 μὲν
3132 2153 3262 2227 [654
3295 2153 3393 2226 3.]
3431 2154 3659 2217 πλείους
3684 2153 3797 2206 τῶν

2206 2244 2503 2316 δισχιλίων,
2534 2247 2691 2311 πεζοὶ
2713 2247 2770 2300 δέ
2825 2246 2928 2301 οὐκ
2989 2246 3249 2311 ἐλάττους
3300 2248 3408 2302 τῶν
3470 2247 3800 2317 δισμυρίων,

2208 2338 2309 2410 ήδη
2366 2339 2460 2392 καὶ
2520 2340 2854 2409 γυμνασίαις
2927 2339 3255 2410 πολεμικαῖς
3311 2341 3797 2413 ἐνδιαπρέποντες.

2210 2431 2618 2501 Προσπεσόντες
2656 2429 2751 2487 οὗν
2796 2431 2949 2502 ἀφνω
2985 2432 3140 2488 πόλει
3202 2435 3375 2505 ὀχυρᾷ
3403 2433 3759 2505 Μοργαντίνῃ
3780 2472 3800 2500 ,

2208 2521 2518 2591 προσϐολὰς
2553 2523 2799 2592 ἐνεργείς
2854 2524 2949 2577 καὶ
3009 2528 3254 2596 συνεχεῖς
3305 2525 3608 2580 ἐποιοῦντο.
3654 2526 3715 2579 '0
3742 2525 3801 2579 δέ

2209 2615 2515 2685 στρατηγὸς
2546 2615 2622 2680 ὠς
2651 2615 2933 2687 βοηθήσων
2960 2616 3005 2649 ⁸⁸
3024 2618 3089 2688 τῇ
3121 2616 3274 2671 πόλει
3311 2618 3578 2679 ἐπελθὼν,
3606 2637 3805 2672 νυκτο-

2207 2707 2374 2778 πορίᾳ
2406 2708 2450 2740 ⁸⁷
2486 2709 2855 2781 χρησάμενος,
2925 2708 3064 2781 ἔχων
3123 2710 3241 2781 μεθ’
3270 2710 3468 2764 ἑαυτοῦ
3516 2711 3683 2784 [1177
3711 2710 3805 2784 IL]

2226 2798 2535 2864 Ἰταλιώτας
2562 2818 2623 2853 τε
2661 2802 2757 2855 καὶ
2806 2801 2872 2854 ἐκ
2917 2801 3167 2866 Σικελίας
3224 2803 3412 2874 σχεδδν
3458 2803 3805 2876 στρατιώτας

2212 2892 2461 2963 μυρίους,
2496 2894 2764 2948 κατέλαϐε
2796 2894 2843 2925 ⁵⁸
2870 2896 2997 2960 τοὺς
3025 2895 3333 2961 ἀποστάτας
3364 2898 3805 2969 ἀσχολουμένους

2208 2983 2338 3055 περὶ
2371 2985 2471 3056 τὴν
2507 2986 2826 3055 πολιορκίαν
2866 2987 2936 3053 ⁸⁸,
2990 2989 3084 3043 καὶ
3136 2988 3459 3059 ἐπιθέμενος
3495 2989 3678 3044 αὐτῶν
3734 2994 3803 3060 τῇ

2206 3075 2551 3149 παρεμϐολῇ,
2581 3078 2674 3131 καὶ
2695 3079 2874 3150 εὑρὼν
2888 3066 3103 3149 όλίγους
3131 3082 3229 3152 μὲν
3254 3082 3383 3146 τοὺς
3406 3082 3803 3151 φυλάττοντας,

2209 3167 2411 3238 πλῆθος
2440 3169 2497 3222 δὲ
2546 3171 2824 3237 γυναικῶν
2856 3171 3222 3243 αἰχμαλώτων
3278 3174 3374 3227 καὶ
3437 3172 3591 3237 λείας
3636 3174 3806 3245 ἄλλης

2212 3262 2586 3328 παντοδαποῖς
2621 3264 2690 3331 ⁸⁸,
2727 3265 2925 3336 ῥᾳδίως
2980 3265 3148 3331 ἐξεῖλε
3200 3267 3301 3338 τὴν
3354 3266 3802 3338 στρατοπεδείαν.

2212 3361 2321 3414 Καὶ
2356 3358 2562 3428 ταύτην
2593 3356 2693 3429 μὲν
2716 3358 3041 3430 διήρπασεν,
3072 3359 3167 3413 ἐπὶ
3196 3358 3253 3413 δὲ
3289 3359 3388 3431 τὴν
3416 3361 3807 3433 Μοργαντίνην

2210 3451 2366 3527 ἦγεν.
2420 3456 2481 3509 Ol
2515 3453 2558 3507 δ’
2583 3454 2895 3509 ἀποστάται
2922 3453 3183 3525 ἐξαίφνης
3232 3454 3683 3525 ἀντεπιθέμενοι,
3714 3458 3808 3508 καὶ

2215 3545 2530 3619 ὑπερδέξιον
2578 3544 2676 3617 τὴν
2698 3545 2854 3611 τάξιν
2890 3546 2933 3577 ⁶¹
2962 3544 3194 3616 ἔχοντες,
3228 3546 3419 3616 βιαίως
3472 3564 3533 3601 τε
3573 3549 3808 3621 ἐπιρρά-

2212 3638 2401 3705 ξαντες
2432 3639 2502 3701 ⁸⁸,
2526 3637 2688 3702 εὐθὺς
2721 3638 2812 3692 ἐπὶ
2838 3638 2883 3669 ⁸³
2915 3639 3331 3710 προτερήματος
3360 3634 3519 3711 ἦσαν.
3544 3641 3611 3695 Ol
3633 3641 3693 3694 δὲ
3710 3640 3805 3696 τοῦ

2214 3728 2522 3799 στρατηγοῦ
2549 3727 2873 3799 ἐτράπησαν
2907 3727 3044 3801 πρὸς
3070 3730 3273 3800 φυγήν.
3304 3731 3346 3782 Τ
3349 3732 3410 3784 οὖ
3444 3732 3503 3784 δέ
3538 3732 3806 3802 βασιλέως

2217 3819 2329 3873 τῶν
2390 3818 2719 3874 ἀποστατῶν
2797 3820 3062 3892 κήρυγμα
3149 3824 3523 3894 ποιησαμένου
3601 3827 3806 3900 μηδένα

2216 3911 2455 3966 κτείνειν
2482 3911 2590 3965 τῶν
2629 3911 2700 3966 τά
2742 3911 2883 3967 ὅπλα
2915 3913 3281 3986 ῥιπτούντων,
3313 3920 3360 3970 οἱ
3408 3918 3657 3974 πλεῖστοι
3722 3924 3806 3993 ῥιο

2214 4002 2477 4067 πτοῦντες
2507 4004 2553 4036 ⁸⁵
2582 4003 2953 4075 ἐφευγον.Καὶ
2981 4006 3157 4079 τούτῳ
3176 4009 3253 4079 τῷ
3276 4009 3469 4082 τρόπῳ
3499 4031 3811 4087 καταστρα-

2214 4096 2464 4165 τηγήσας
2492 4095 2619 4160 τοὺς
2648 4095 2945 4168 πολεμίους
2973 4100 3002 4151 ὁ
3031 4099 3286 4164 Σαλούῖος
3307 4103 3409 4173 τήν
3431 4121 3491 4157 τε
3516 4107 3805 4177 παρεμϐο-

2216 4188 2313 4261 λὴν
2338 4189 2697 4261 ἀνεκτήσατο,
2720 4192 2813 4244 καὶ
2831 4192 3160 4264 περιϐόητον
3179 4195 3339 4269 νίκην
3357 4198 3807 4273 ἀπενεγκάμενος

2215 4278 2430 4333 πολλῶν
2466 4279 2649 4334 ὃπλων
2679 4280 3019 4351 ἐκυρίευσεν.
3067 4283 3367 4339 Ἀπέθανον
3395 4287 3452 4340 δέ
3480 4290 3539 4341 ἐν
3564 4292 3631 4361 τῇ
3660 4292 3807 4364 μάχῃ

2216 4370 2325 4424 τῶν
2354 4370 2673 4425 Ἰταλιωτῶν
2707 4388 2767 4425 τε
2793 4373 2885 4427 καὶ
2916 4374 3155 4429 Σικελῶν
3171 4376 3232 4431 ού
3258 4379 3477 4445 πλείους
3502 4382 3803 4448 ἑξακοσίων

2215 4462 2304 4516 διὰ
2332 4462 2429 4534 τὴν
2455 4462 2552 4517 τοῦ
2602 4466 2961 4537 κηρύγματος
2991 4466 3428 4541 φιλανθρωπίαν,
3471 4473 3721 4529 ἑάλωσαν
3750 4477 3806 4531 δὲ

521 4542 702 4612 fugam
731 4556 790 4598 se
820 4542 1003 4597 dabat.
1047 4541 1166 4609 Quo
1198 4543 1418 4612 quidem
1463 4552 1853 4613 stratagemate
1887 4544 2104 4605 Salvius

2219 4556 2348 4627 περὶ
2393 4558 2891 4629 τετρακισχιλίους.
2940 4560 3001 4613 ὐ
3029 4561 3086 4615 δὲ
3116 4562 3396 4626 Σαλούῖος,
3424 4566 3640 4621 πολλῶν
3669 4570 3805 4639 πρὸς

525 4640 788 4696 adversus
818 4640 1004 4695 hostes
1034 4656 1188 4705 usus,
1216 4650 1396 4696 castra
1421 4657 1518 4698 sua
1550 4644 1910 4714 recuperavit,
1940 4647 2115 4704 victo.

531 4732 718 4802 riaque
738 4731 897 4787 simul
922 4742 975 4787 et
1004 4748 1199 4802 magna
1229 4732 1573 4790 multitudine
1605 4749 1880 4790 armorum
1913 4739 2117 4806 potitus

523 4835 627 4879 est.
661 4824 796 4881 Caesi
825 4834 1001 4880 autem
1039 4826 1093 4880 in
1143 4826 1246 4884 hoc
1270 4829 1453 4897 praelio
1503 4827 1719 4886 fuerunt
1762 4846 1826 4885 ex
1884 4828 2035 4887 italis
2063 4844 2117 4889 et

527 4914 725 4971 Siculis
768 4930 872 4971 non
914 4915 1096 4987 plures
1118 4920 1416 4982 sexcentis,
1474 4930 1699 4990 propter
1744 4923 1905 4978 edicti
1963 4922 2109 4980 illius

526 5004 908 5071 clementiam,
973 5006 1068 5063 sed
1093 5017 1248 5078 capta
1307 5008 1522 5065 fuerunt
1586 5011 1807 5067 circiter
1877 5023 2110 5081 quatuor

529 5096 715 5153 millia.
752 5095 924 5153 Porro
963 5113 1087 5155 cum
1112 5100 1177 5154 ad
1220 5099 1484 5165 Salvium,
1518 5102 1699 5176 .rebus
1745 5104 1813 5158 ab
1850 5103 1941 5158 illo
1975 5103 2111 5159 bene

528 5187 719 5256 gestis,
750 5188 907 5243 ntulti
947 5188 1304 5257 conﬂuerent,
1330 5192 1600 5261 duplicato
1634 5194 1902 5259 exercitu,
1922 5252 1928 5257 _
1949 5205 2112 5264 atque

528 5289 714 5350 aperto
737 5278 914 5348 potius
939 5294 1150 5349 campo,
1175 5280 1528 5353 Morgantinze
1557 5283 1899 5339 obsidionem
1932 5288 2113 5339 redin-

2218 4648 2383 4702 αὐτὸν
2415 4649 2531 4703 ἀπὸ
2568 4648 2664 4703 τοῦ
2696 4651 3122 4723 κατορθώματος
3148 4654 3196 4686 ⁸⁵
3217 4657 3583 4728 συρρεόντων,
3612 4660 3807 4716 διπλα-

2217 4742 2413 4805 σιάσας
2441 4741 2538 4813 τὴν
2564 4743 2703 4798 ἰδίαν
2743 4743 2995 4816 δύναμιν,
3054 4746 3282 4819 ἐκράτει
3337 4750 3447 4805 τῶν
3499 4753 3805 4826 ὑπαίθρων,

2217 4833 2311 4887 καὶ
2360 4832 2676 4903 πολιορκεῖν
2723 4834 2888 4888 πάλιν
2931 4836 3206 4909 ἐπεχείρει
3269 4838 3367 4911 τὴν
3396 4842 3803 4913 Μοργαντῖναν,

2218 4926 2482 4997 κήρυγμα
2507 4924 2629 4990 δοὺς
2654 4929 2766 4990 τοῖς
2794 4928 2854 4981 ἐν
2879 4928 3017 5000 αὐτῇ
3049 4930 3257 4996 δούλοις
3318 4933 3417 5004 τὴν
3464 4935 3807 5009 ἐλευθερίαν.

2220 5016 2343 5069 Τῶν
2375 5017 2434 5071 δὲ
2493 5019 2700 5088 κυρίων
2747 5022 3270 5094 ἀντιπροτεινόντων
3296 5026 3341 5057 ⁶⁶
3362 5027 3549 5092 αὐτοῖς
3577 5032 3806 5102 ταύτην,

2219 5110 2270 5163 εί
2325 5110 2479 5180 σφίσι
2532 5113 3017 5179 συναγωνίσαιντο,
3069 5117 3278 5173 εἴλοντο
3320 5120 3524 5190 μᾶλλον
3562 5125 3661 5194 τὴν
3698 5128 3809 5180 ἀπὸ

2220 5200 2328 5254 τῶν
2354 5200 2583 5271 κυρίων,
2617 5204 2713 5256 καὶ
2769 5202 3069 5273 προθύμως
3121 5207 3526 5278 ἀγωνισάμενοι
3578 5212 3810 5284 ἀπετρί-

2217 5291 2393 5361 ψαντο
2416 5290 2515 5362 τὴν
2548 5292 2887 5363 πολιορκίαν.
2936 5295 2994 5348 '0
3026 5297 3084 5350 δὲ
3132 5302 3437 5371 στρατηγὸς
3467 5305 3606 5373 μετά
3635 5304 3808 5359 ταῦτα

1830 5508 2059 5567 νΑιιιίΕ
2090 5511 2494 5572 LECTIONES.

574 5694 643 5731 ἰδ
667 5696 871 5774 εἴλοντο
906 5714 966 5774 ςς.
1040 5768 1055 5774 _
1077 5700 1124 5731 "
1147 5702 1268 5765 ταῖς
1298 5710 1351 5756 ct
1378 5702 1412 5757 5
1443 5702 1570 5774 τὰς,
1608 5705 1707 5774 μὲν
1735 5703 1852 5757 add.
1884 5705 1949 5759 Α.
2056 5707 2103 5738 ⁸⁸

2137 5705 2348 5777 βοηθῶν
2382 5724 2442 5772 ς.

2544 5709 2609 5781 ⁸⁷-
2635 5710 3001 5781 νυκτοπορείᾳ
3060 5710 3119 5764 Α.
3223 5711 3269 5744 ⁸⁸
3301 5709 3565 5766 κατέλαϐε
3588 5724 3698 5781 om.
3734 5712 3803 5765 Α.

604 5768 943 5853 πελιορκίαγ]
961 5768 1284 5853 ⁹τηεολιορκίαν
1307 5768 1626 5853 καταλαϐὼν
1648 5775 1708 5827 Β.
1747 5775 1831 5853 __‘°
1854 5768 2201 5853 παντοδαπῆς
2366 5768 2409 5811 ⁶ῖ
2422 5778 2611 5853 τάξιν]
2630 5783 2821 5853 στάσιν
2857 5768 2923 5835 Ᾱ;
2974 5768 3475 5853 ὐλὲπαρράξαντες
3509 5782 3568 5837 Β.
3639 5780 3684 5814 ⁸³
3709 5782 3811 5840 ἐπὶ

537 5839 776 5907 Scaliger
803 5858 815 5892 :
852 5840 973 5894 libri
1001 5839 1138 5898 ὑπό.’
1165 5908 1179 5915 ,
1219 5846 1263 5876 ⁶δ
1294 5845 1574 5918 ῥίπτοντες
1599 5847 1662 5900 Δ.
1741 5848 1786 5881 ⁸⁸
1812 5848 1917 5903 τῶν
1948 5839 2390 5920 κατορθωμάτων
2422 5850 2483 5905 Β.
2514 5839 2529 5844 ⁷
2562 5839 2609 5881 ⁸³
2638 5839 3291 5907 ἁντιπαοατεινόντωνἙ.
