4124 6396
325 389 457 458 “‘21
1426 375 1947 441 BlBLlOTHECA.
1966 398 2033 408 -
2060 374 2224 435 COD.
2258 371 2547 434 CCXL’lV.
3444 359 3578 425 M22

323 509 424 577 τὴν
454 502 767 575 ἐλευθερίαν
802 498 1132 571 ἀνατρέψας,
1163 493 1537 565 αὐτομολῆσαι
1566 491 1691 554 τοὺς
1742 488 1897 542 πλεί-

2021 486 2256 556 .egravit,
2278 484 2547 555 iussitque
2579 480 2901 552 proclamari
2936 494 2995 535 se
3021 478 3090 534 iis
3118 476 3445 541 libertatem,
3476 481 3574 544 qui

331 614 492 661 στους
519 593 906 665 παρεσκεύασε
933 594 1047 654 τοῖς
1069 588 1427 650 ἀποστάταις.

2021 580 2082 634 ιιιί
2111 588 2313 642 essent,
2346 578 2520 634 servis
2555 576 2903 631 donaturum.
2933 572 3039 628 Sed
3073 572 3218 627 enim
3246 582 3434 625 eorum
3478 568 3577 622 do-

325 658 489 743 minis
533 658 769 742 vicissim
824 700 943 740 eam
996 683 1099 737 illis
1128 677 1574 749 proponentibus,
1607 672 1900 729 dummodo
1938 682 2127 725 secum
2169 670 2430 726 adversus
2473 669 2657 725 hostes
2703 665 3050 731 dimicarent,
3101 677 3222 717 eam
3300 658 3369 714 ab
3444 658 3578 749 ipsis

333 782 583 848 accipere
629 779 963 840 ttialuerunt,
1007 748 1267 841 tantaque
1313 770 1481 825 animi
1536 770 1914 838 pugnaverunt
1950 761 2250 827 alacritate,
2276 769 2339 818 ut
2391 759 2728 817 obsidionem
2781 748 3574 848 submoverent.-Verumenitn

328 838 468 926 νει-ο.
492 873 785 941 imperator
813 838 997 939 postea
1032 838 1231 937 339a
1263 864 1535 931 denegans
1573 853 1896 927 promissam
1934 850 2041 907 illis
2064 849 2394 918 libertatem,
2421 849 2478 906 in
2512 863 2673 906 causa
2697 846 2799 904 fuit
2823 861 2923 904 cur
2955 848 3023 901 ad
3081 844 3382 900 defectores
3449 838 3578 910 pluo

326 968 447 1025 rimi
485 964 885 1033 transfugerent
919 959 1058 1030 (70).

396 1073 531 1150 Περὶ
562 1078 620 1131 δὲ
649 1075 745 1146 τὴν
776 1071 1110 1142 Αἰγεσταίων
1144 1069 1240 1124 καὶ
1297 1065 1637 1124 Λιλυϐαῖτῶν
1687 1062 1895 1135 χώραν,

326 1173 482 1227 ἔτιδὲ
539 1169 648 1224 τῶν
695 1167 870 1221 ἄλλων
918 1164 1027 1218 τῶν
1066 1159 1492 1232 πλησιοχῶρων,
1547 1155 1724 1210 ἐνόσει
1764 1153 1902 1223 πρὸς

327 1264 629 1321 ἀπόστασιν
662 1259 732 1312 τά
762 1256 942 1328 πλήθη
990 1254 1095 1309 τῶν
1132 1252 1375 1307 οίκετῶν.
1417 1247 1629 1302 Γίνεται
1667 1245 1724 1299 δὲ
1776 1242 1905 1296 τού-

328 1374 437 1411 των
465 1354 708 1426 ἀρχηγὸς
740 1348 1005 1418 Ἀθηνίων
1030 1347 1224 1416 ὄνομα,
1255 1344 1394 1413 ἀνὴρ
1443 1337 1666 1411 ἀνδρείᾳ
1715 1334 1906 1404 διαφέ-

332 1467 460 1521 ρων,
512 1445 670 1510 Κίλιξ
724 1442 785 1498 τδ
834 1441 1007 1511 γένος.
1054 1432 1220 1499 Οὗτος
1250 1433 1529 1505 οἰκονόμος
1573 1430 1650 1485 ὢν
1685 1430 1833 1485 δυοῖν
1861 1427 1905 1460 ⁸⁷

331 1540 579 1609 ἀδελφῶν
633 1532 1104 1608 μεγαλοπλούτων,
1169 1531 1263 1585 καὶ
1318 1528 1416 1598 τῆς
1466 1521 1908 1596 ἀστρομαντικῆς

333 1634 534 1704 πολλὴν
564 1631 702 1702 ἔχων
738 1625 1054 1700 ἐμπειρίαν,
1086 1623 1269 1677 ἔπεισε
1296 1620 1406 1675 τῶν
1432 1617 1659 1673 οίκετῶν
1688 1614 1905 1686 πρῶτον

338 1727 434 1796 μὲν
462 1725 588 1786 τοὺς
618 1721 707 1791 ὑφ’
740 1720 928 1775 ἐαυτὸν
952 1715 1341 1785 τεταγμένους,
1368 1712 1496 1782 περὶ
1527 1710 1571 1743 ⁸⁸
1600 1706 1906 1766 διακοσίους

332 1819 513 1882 ὄντας,
549 1816 738 1869 ἔπειτα
769 1813 894 1878 τοὺς
921 1808 1291 1881 γειτνιῶντας,
1319 1804 1460 1877 ὥστε
1480 1803 1539 1856 ἐν
1564 1800 1726 1854 πέντε
1771 1797 1910 1888 ήμέ-
1944 1831 1985 1888 Β

336 1926 460 1980 ραις
495 1906 825 1976 συναχθῆναι
854 1902 1072 1962 πλείους
1098 1900 1208 1952 τῶν
1239 1895 1444 1967 χιλίων.
1493 1889 1629 1945 Ὑπὸ
1688 1888 1746 1942 δὲ
1783 1886 1909 1941 τού-

334 2020 444 2055 των
477 1998 718 2069 αἱρεθεὶς
752 1996 1003 2067 βασιλεὺς
1035 1993 1129 2047 καὶ
1154 1991 1391 2061 διάδημα
1418 1986 1794 2058 περιθέμενος,
1821 1984 1909 2036 ἐνο

335 2093 523 2147 αντίαν
548 2096 662 2153 τοῖς
687 2090 865 2151 ἄλλοις
901 2087 1105 2142 ἅπασιν
1136 2081 1474 2143 ἀποστάταις
1519 2079 1621 2145 τὴν
1672 2074 1914 2130 διάθεσιν

337 2187 598 2239 ἐποιεῖτο.
622 2184 695 2237 Οὐ
720 2164 829 2253 γὰρ
860 2178 1219 2253 προσεδέχετο
1252 2176 1462 2237 πάντας
1502 2172 1628 2234 τοὺς
1675 2172 1913 2237 ἀφιστα-

342 2279 558 2350 μένους,
584 2276 719 2331 ἀλλά
746 2275 872 2338 τοὺς
915 2272 1170 2344 ἀρίστους
1199 2268 1520 2339 ποιούμενος
1548 2260 1911 2334 στρατιώτας,

337 2372 463 2433 τοὺς
490 2368 682 2430 ἀλλους
732 2366 1010 2435 ἠνάγκαζε
1030 2363 1289 2433 μένοντας
1313 2359 1406 2414 ἐπὶ
1430 2358 1541 2411 τῶν
1583 2370 1917 2428 προγεγενη-

344 2462 523 2532 μένων
553 2457 827 2530 ἐργασιῶν
862 2454 1240 2525 ἐπιμελεῖσθαι
1265 2451 1365 2521 τῆς
1410 2449 1548 2522 ιδίας
1575 2448 1807 2502 ἕκαστον
1837 2447 1915 2499 oi-

341 2551 601 2622 κονομίας
655 2551 746 2604 καὶ
796 2548 1021 2614 τάξεως,
1077 2546 1134 2613 ἐξ
1174 2540 1248 2599 ὧν
1295 2543 1393 2597 καὶ
1423 2541 1633 2613 τροφὰς
1653 2538 1918 2608 ἀφθόνους

340 2645 451 2698 τῶν
483 2641 831 2715 στρατιωτῶν
859 2641 1191 2711 ἐχορηγεῖτο.
1246 2637 1634 2707 Προσεποιεῖτο
1687 2632 1745 2685 δὲ
1794 2631 1919 2691 τοὺς

344 2736 501 2800 θεοὺς
530 2735 680 2806 αύτῷ
704 2735 791 2788 διὰ
843 2733 949 2785 τῶν
980 2732 1195 2802 ἄστρων
1226 2729 1620 2799 προσημαίνειν
1640 2725 1715 2788 ὡς
1742 2724 1919 2778 ἔσοιτο

342 2830 441 2899 τῆς
490 2828 621 2898 [635
653 2825 748 2899 H.]
794 2825 1043 2887 Σικελίας
1073 2823 1122 2855 ⁸³
1155 2821 1451 2891 συμπάσης
1481 2816 1733 2889 βασιλεύς
1763 2832 1781 2848 ο
1839 2816 1921 2869 διο

344 2922 453 2975 δεῖν
484 2922 654 2991 αὐτῆς
682 2937 740 2972 τε
770 2920 867 2988 τῆς
898 2916 1079 2988 χώρας
1112 2917 1204 2970 καὶ
1233 2914 1341 2967 τῶν
1378 2915 1435 2966 ἐν
1484 2913 1621 2982 αὐτῇ
1664 2909 1822 2974 ζώων
1860 2925 1920 2960 τε

347 3014 444 3066 καὶ
498 3011 728 3083 καρπῶν
762 3010 837 3075 ὡς
884 3011 1029 3063 ίδῖων
1072 3007 1373 3077 φείδεσθαι.
1434 3004 1599 3067 Τέλος
1660 3000 1921 3072 ἀθροίσας

347 3105 489 3177 ὑπὲρ
540 3105 669 3166 τοὺς
728 3102 954 3173 μυρίους
997 3100 1281 3170 ἐτόλμησε
1312 3098 1468 3151 πόλιν
1519 3095 1831 3166 ἀπόρθητον
1861 3092 1923 3146 τὸ

347 3195 640 3250 Λιλυόαῖον
654 3193 983 3265 πολιορκεῖν.
1009 3190 1191 3263 Μηδὲν
1207 3191 1265 3244 δὲ
1290 3188 1469 3244 ἀνύων
1503 3187 1861 3257 μετανίστατο
1876 3185 1923 3217 ⁷⁸

349 3289 545 3358 αὐτῆς,
594 3286 763 3339 εἰπὼν
806 3284 956 3354 αὐτῷ
1004 3282 1132 3346 τοὺς
1158 3282 1331 3346 ,θεοὺς
1384 3280 1542 3333 τοῦτο
1571 3281 1879 3333 ἐπιτάττειν
1906 3295 1922 3310 ι

349 3383 707 3452 ἐπιμένοντας
740 3380 849 3450 γὰρ
873 3382 941 3450 τῇ
972 3377 1259 3449 πολιορκίᾳ
1295 3376 1706 3447 δυστυχήματος
1738 3390 1925 3445 πειρα-

351 3470 1112 3547 θῆναι.Παρασκευαζομένου
1141 3471 1186 3503 τι
1222 3469 1279 3523 δέ
1302 3466 1468 3522 αὑτοῦ
1524 3468 1624 3538 τὴν
1673 3464 1781 3519 ἀπὸ
1827 3466 1928 3535 τῆς

352 3570 557 3631 πόλεως
584 3566 949 3639 ἀναχώρησιν,
983 3564 1358 3619 κατέπλευσαν
1377 3579 1521 3624 τινες
1554 3563 1611 3614 ἐν
1626 3562 1746 3623 ταῖς
1772 3558 1929 3611 ναυσὶ

355 3663 671 3733 κομίζοντες
698 3660 1013 3722 ἐπιλέκτους
1040 3654 1441 3730 Μαυρουσίους,
1482 3654 1531 3709 οἳ
1554 3656 1646 3709 ἐπὶ
1674 3653 1927 3725 βοήθειαν

354 3751 494 3827 ἦσαν
524 3751 925 3822 ἀπεσταλμένοι
948 3748 999 3822 [1
1013 3749 1113 3804 180
1130 3747 1356 3821 R.]1:oic
1378 3747 1751 3810 Λιλυδαῖταις,
1777 3744 1898 3815 ἕχον
1914 3774 1927 3784 -

355 3866 445 3913 τες
468 3847 773 3919 ἡγούμενον
800 3845 859 3908 ὃς
881 3843 1193 3914 ὠνομάζετο
1221 3843 1431 3912 Γόμων.
1497 3834 1667 3903 Οὗτος
1694 3840 1791 3892 σὺν
1818 3841 1931 3901 τοῖς

358 3941 452 4012 ἀμ’
502 3939 651 4011 αύτῷ
703 3939 845 3993 κατὰ
895 3937 1068 3991 νύκτα
1116 3938 1209 3990 καὶ
1236 3934 1573 3999 ἀνελπίστως
1611 3935 1932 4005 ἐπιθέμενος

356 4036 482 4097 τοὺς
511 4033 643 4104 περὶ
665 4032 964 4103 Ἀθηνίωνα
1020 4030 1455 4101 ὁδοιποροῦντας,
1492 4028 1719 4092 πολλοὺς
1764 4044 1933 4081 κατα·

359 4125 634 4188 ϐαλόντες,
672 4124 773 4176 οὐκ
799 4122 1015 4191 ὀλίγους
1035 4122 1080 4154 τ’
1112 4120 1170 4175 δὲ
1201 4120 1693 4191 τραυματίσαντες,
1720 4109 1798 4182 ε’ίς
1834 4119 1932 4189 τὴν

362 4216 513 4270 τήλιν
538 4214 860 4285 ἐπανῆλθον.
888 4215 1086 4285 Διόπερ
1108 4213 1158 4266 οί
1183 4212 1486 4267 ἀποστάται
1521 4212 1617 4283 τὴν
1668 4214 1733 4265 ἐκ
1757 4211 1804 4243 ⁷³
1834 4210 1935 4280 τῆς

361 4305 789 4377 ἀστρομαντείας
818 4304 1125 4377 πρόρρησιν
1146 4302 1476 4376 ἐθαύμαζον.

436 4595 561 4669 Εἶχε
588 4597 645 4651 δὲ
675 4595 775 4668 τὴν
804 4593 1083 4649 Σικελείαν
1114 4595 1294 4646 πᾶσαν
1339 4591 1383 4624 ⁷⁸
1414 4591 1675 4661 σύγχυσις
1715 4593 1811 4644 καὶ
1839 4609 1939 4646 κα-

366 4693 477 4747 κῶν
531 4691 714 4755 Ἶλιάς.
756 4689 830 4744 Οὐ
879 4688 987 4759 γάρ
1014 4688 1063 4740 οἱ
1096 4684 1269 4740 δοῦλοι
1305 4686 1485 4756 μόνον,
1520 4683 1656 4738 ἀλλά
1693 4686 1787 4738 καὶ¹
1834 4684 1941 4737 τῶν

366 4786 671 4855 ἐλευθέρων
696 4784 744 4837 οί
768 4783 967 4853 ἄποροι
991 4782 1172 4835 πᾶσαν
1199 4779 1456 4851 ἁρπαγὴν
1480 4778 1575 4831 καὶ
1598 4777 1943 4849 παρανομίαν

2072 1050 2190 1104 iam
2248 1061 2380 1102 vero
2438 1054 2493 1101 et
2521 1045 2664 1116 apud
2721 1043 3047 1115 Egestaeos,
3090 1042 3400 1110 pariterque
3451 1040 3578 1094 Lilio

2005 1144 2269 1202 bteenses,
2313 1150 2375 1192 ac
2400 1136 2661 1192 finitimos
2691 1134 2797 1190 illis
2821 1133 3069 1203 populos,
3106 1131 3296 1188 eadem
3330 1129 3583 1184 defectio-

2008 1234 2092 1290 nis
2136 1229 2423 1300 cupiditas,
2474 1241 2570 1283 ceu
2623 1220 2844 1281 morbus
2901 1223 3120 1293 quidam
3162 1236 3261 1291 per
3295 1234 3581 1276 servorum

2008 1338 2199 1396 greges
2248 1320 2522 1390 serpebat.
2571 1317 2770 1373 Eorqu
2854 1327 3036 1370 autem
3083 1311 3586 1369 dux‘constituitur

2013 1419 2245 1477 Athenio
2274 1417 2492 1486 quidam
2518 1416 2602 1470 vir
2637 1414 2954 1470 fortitudine
2986 1422 3270 1483 prastans,
3303 1420 3456 1466 ortus
3484 1424 3585 1467 au-

2016 1522 2123 1568 tem
2151 1524 2182 1565 e
2207 1507 2417 1566 Cilicia.
2447 1507 2546 1563 [lic
2572 1521 2697 1564 cum
2721 1519 2812 1561 res
2830 1504 3159 1561 domesticas
3191 1503 3417 1560 duorum
3451 1514 3586 1566 opu-

2015 1601 2435 1657 lentissimorum
2472 1598 2703 1654 fratrum
2744 1596 3107 1667 dispensaret,
3143 1608 3198 1652 et
3227 1594 3345 1665 ejus
3377 1609 3500 1664 quae
3528 1592 3590 1646 fit

2014 1707 2079 1748 ex
2105 1690 2268 1747 astris
2290 1689 2529 1745 scientia:
2555 1688 2921 1758 peritissimus
2947 1696 3114 1753 esset,
3141 1701 3328 1743 servos
3357 1686 3411 1741 in
3435 1699 3588 1741 suam

2015 1784 2336 1839 sententiam
2360 1780 2628 1852 pertraxit
2653 1796 2666 1834 :
2692 1780 2926 1851 primum
2946 1779 3163 1849 quidem
3182 1793 3299 1843 eos,
3325 1791 3461 1847 quos
3487 1775 3590 1831 sub

2012 1882 2284 1945 potestate
2312 1873 2568 1936 habebat,
2587 1884 2816 1926 numero
2841 1870 3062 1927 circiter
3081 1868 3379 1932 ducentos;
3405 1875 3592 1937 postea

2014 1977 2146 2019 vero
2170 1974 2228 2019 et
2251 1962 2480 2025 vicinos,
2498 1961 2635 2016 adeo
2660 1970 2719 2017 ut
2745 1963 2986 2032 quinque
3008 1962 3217 2017 dierum
3244 1961 3422 2030 spatio
3449 1959 3595 2014 mille

2014 2061 2069 2110 et
2106 2053 2342 2122 amplius
2362 2062 2846 2124 congregarentur.
2868 2050 2952 2107 Ab
2976 2051 3063 2107 his
3095 2061 3276 2107 autem
3306 2067 3401 2108 rex
3434 2066 3593 2108 crea-

2018 2155 2123 2209 tus,
2163 2145 2523 2214 impositaque
2547 2143 2711 2212 capiti
2749 2142 3084 2209 diademate,
3117 2158 3275 2198 secus
3300 2157 3463 2211 quam
3486 2159 3594 2199 caa-

2018 2235 2117 2290 teri
2176 2233 2480 2291 defectores
2533 2248 2662 2289 suas
2714 2233 2959 2289 rationes
3016 2232 3357 2288 instituebat.
3412 2229 3600 2299 Neque

2018 2326 2160 2381 enim
2187 2337 2375 2380 omnes
2398 2330 2666 2395 quotquot
2686 2323 3035 2389 deficiebant,
3063 2322 3383 2392 recipiebat,
3411 2324 3508 2377 sed
3532 2336 3601 2376 ex

2020 2416 2085 2471 iis
2110 2415 2522 2472 strenuissimos
2553 2429 2795 2487 quosque
2821 2415 2875 2470 in
2901 2430 3123 2471 suorum
3148 2415 3378 2469 militum
3410 2428 3602 2468 nume-

2022 2522 2139 2561 rum
2166 2507 2425 2577 allegens,
2461 2506 2700 2576 reliquos
2755 2507 3013 2578 cogebat,
3065 2507 3312 2576 repetitis
3356 2505 3604 2577 pristinis

2019 2599 2272 2670 opificiis,
2301 2610 2745 2681 unumquemque
2770 2600 3018 2655 eumdem
3049 2615 3209 2670 quem
3236 2610 3393 2654 antea
3424 2598 3601 2654 locum

2023 2696 2232 2749 tenere,
2270 2690 2325 2739 et
2356 2699 2586 2753 quarum
2618 2698 2799 2740 rerum
2821 2684 3151 2753 dispensatio
3183 2693 3333 2740 esset
3351 2684 3466 2751 ejus
3492 2684 3607 2738 om-

2023 2774 2135 2837 cii,.
2167 2784 2286 2828 eam
2345 2773 2587 2829 studiose
2642 2773 2938 2843 suscipere.
2995 2771 3112 2839 Qua
3165 2789 3232 2829 ex
3282 2788 3340 2827 re
3391 2773 3600 2842 largum

2022 2865 2188 2923 etiam
2219 2865 2571 2933 comparabat
2597 2865 2714 2919 suis
2748 2873 3130 2921 commeatum.
3174 2864 3344 2919 Porro
3372 2862 3606 2933 fingebat

2023 2955 2153 3010 deos
2193 2970 2288 3024 per
2323 2962 2469 3011 astra
2502 2953 2740 3008 futurqu
2782 2970 2842 3011 se
2870 2954 3142 3010 universa;
3182 2952 3384 3009 Siciliae
3417 2968 3601 3023 regem

2025 3038 2473 3109 praesignificare,
2518 3039 2746 3106 ideoque
2775 3049 3027 3107 Oporlere
3072 3048 3179 3094 tam
3222 3039 3322 3110 ipsi
3372 3038 3605 3109 regioni.

1948 3174 1993 3238 Ο
2026 3145 2186 3200 quam
2212 3128 2538 3184 animalibus
2560 3137 2616 3184 et
2648 3129 2935 3238 fructibus,
2970 3130 3059 3199 qui
3101 3129 3155 3184 in
3187 3143 3249 3184 ea
3282 3139 3465 3184 essent
3492 3141 3612 3184 tan-

2028 3237 2185 3293 quam
2224 3221 2455 3292 propriis
2476 3235 2726 3291 parccre.
2756 3219 2993 3276 Tandem
3023 3236 3151 3275 vero
3174 3235 3295 3275 cum
3325 3235 3487 3290 supra
3516 3219 3612 3276 tie-

2025 3329 2144 3369 cem
2173 3313 2337 3368 millia
2362 3312 2639 3368 hominum
2665 3311 3255 3384 coegisset,l.i|yb;eum
3281 3312 3614 3381 inexpugna-

2032 3408 2191 3464 bilem
2251 3408 2439 3462 urbem
2493 3406 2747 3461 obsidere
2792 3413 2877 3461 est
2913 3421 3106 3473 ausus;
3145 3405 3242 3463 sed
3286 3421 3346 3462 se
3393 3422 3611 3476 operam

2035 3503 2261 3572 perdere
2298 3500 2761 3566 animadverleus,
2801 3499 3141 3555 obsidionem
3181 3509 3437 3570 tanquam
3470 3501 3611 3554 deo-

2035 3610 2153 3649 rum
2204 3592 2435 3663 imperio
2483 3590 2663 3657 solvit,
2721 3600 2905 3660 utpote
2970 3590 3146 3658 aliqua
3195 3607 3300 3646 non
3358 3590 3616 3646 mediocri

2029 3684 2369 3754 impendente
2399 3682 2709 3738 calamitate
2739 3681 3023 3737 obsidione
3048 3697 3153 3738 non
3196 3682 3617 3737 abstinentibus.

2028 3777 2163 3834 Cum
2210 3777 2374 3847 igitur
2424 3776 2493 3831 ab
2540 3773 2673 3829 urbe
2717 3775 2972 3829 recedere
3017 3782 3255 3843 pararet,
3300 3772 3619 3843 appulerunt

2032 3882 2226 3936 navesq
2269 3868 2517 3937 quaedam
2573 3864 2837 3919 delectam
2919 3863 3231 3919 Maurorum
3291 3863 3622 3919 adveltentes

2033 3973 2272 4023 manum,
2331 3956 2534 4012 auxilio
2568 3955 2994 4025 Lylibazensibus
3040 3955 3259 4010 missam
3297 3972 3313 4009 :
3354 3955 3439 4011 cui
3475 3971 3621 4025 prte-

2031 4058 2146 4103 erat
2173 4049 2390 4116 quidam
2420 4045 2639 4101 nomine
2680 4043 2911 4109 Gomon.
2936 4043 3039 4102 Hic
3069 4061 3194 4102 cum
3224 4048 3340 4104 suis
3368 4061 3532 4103 noctu
3566 4060 3623 4105 et

2034 4139 2328 4208 improviso
2358 4136 2721 4191 Atbeuionem
2779 4149 2907 4191 suas
2939 4138 3123 4206 copias
3148 4138 3434 4193 ducentem
3460 4138 3623 4193 ador-

2036 4244 2142 4297 tus,
2166 4246 2292 4285 cum
2323 4230 2520 4286 multos
2546 4229 2647 4285 iter
2667 4227 2931 4285 facientes
2954 4239 3308 4299 prostrasset,
3340 4246 3447 4286 non
3488 4246 3624 4300 pau-

2035 4340 2129 4380 cos
2170 4332 2351 4381 autem
2416 4321 2776 4386 vulnerasset,
2829 4320 2899 4377 ad
2950 4322 3139 4378 urbem
3186 4323 3373 4392 pcdem
3422 4322 3621 4377 retulit.

2038 4421 2217 4488 Quare
2237 4418 2325 4476 illa
2350 4418 2672 4475 Athenionis
2690 4432 2758 4473 ex
2785 4417 2980 4473 caStris
3013 4416 3326 4475 vaticinatio
3350 4418 3403 4472 iu
3455 4420 3626 4487 pretio

1974 4545 2019 4600 ι)
2045 4521 2098 4568 et
2130 4511 2490 4567 admiratione
2518 4520 2656 4565 erat.

2111 4621 2257 4677 Inter
2306 4635 2369 4677 ea
2418 4630 2600 4675 autem
2656 4618 2812 4675 valde
2855 4618 3117 4674 confusus
3169 4620 3625 4691 perturbatusque

2038 4723 2359 4768 eratrerum
2412 4708 2614 4767 Sicilia:
2648 4720 2845 4774 status,
2895 4722 3129 4778 vereque
3184 4708 3448 4764 malorum
3502 4708 3627 4764 Ilias

2040 4820 2158 4858 eam
2202 4812 2584 4871 occupaverat.
2622 4802 2806 4871 Neque
2848 4800 2995 4857 enim
3042 4801 3185 4856 servi
3216 4801 3500 4866 duntaxat,
3529 4802 3626 4858 st-d

366 4878 749 4952 ἐργαζόμενοι,
785 4874 885 4929 καὶ
928 4875 1054 4940 τοὺς
1092 4872 1585 4944 περιτυγχάνοντας
1622 4872 1841 4934 δούλους
1884 4892 1921 4927 τε

2042 4896 2203 4950 etiam
2230 4910 2298 4949 ex
2340 4892 2525 4950 liberis
2565 4893 2878 4949 hominibus
2925 4893 2960 4947 ii
2984 4894 3076 4962 qui
3121 4902 3366 4963 egestate
3410 4909 3627 4964 preme-

366 4974 461 5027 xal
490 4972 826 5042 ἐλευθέρους,
858 4970 1008 5033 ὅπως
1045 4969 1235 5040 μηδεὶς
1262 4966 1567 5037 ἁπαγγέλοι
1593 4967 1637 4998 ⁷⁵
1676 4967 1774 5039 τὴν
1813 4984 1918 5038 περ

2050 4989 2268 5052 bantur,
2320 5000 2481 5041 omne
2531 4986 2804 5041 latrocinii
2853 4985 3151 5055 flagitiique
3185 5000 3356 5054 genus
3402 5000 3629 5042 exerce.

370 5066 563 5127 αὐτοὺς
602 5063 882 5127 ἀπόνοιαν,
919 5062 1171 5131 ἐφόνευον
1203 5060 1453 5124 ἀναιδῶς.
1491 5060 1582 5114 Διὸ
1612 5062 1705 5114 καὶ
1744 5061 1921 5116 πάντε.

2051 5078 2205 5134 baut.
2231 5081 2301 5134 At
2334 5093 2401 5134 ne
2430 5079 2550 5147 quis
2584 5080 2722 5133 hanc
2752 5079 3018 5148 perditam
3048 5077 3348 5149 nequitiam
3381 5080 3629 5134 nuntiare

364 5160 413 5210 οί
442 5155 583 5210 κατά
608 5155 707 5218 τὰς
736 5156 918 5217 πόλεις
944 5152 1325 5224 ὑπελάμϐανον
1348 5152 1418 5205 τά
1453 5152 1552 5223 μὲν
1582 5152 1728 5215 ἐντὸς
1750 5152 1921 5222 τειχῶε

2053 5180 2256 5238 posset,
2287 5171 2504 5225 obvium
2529 5170 2844 5240 quemlibet,
2881 5185 3100 5226 servum
3132 5171 3339 5240 pariter
3381 5180 3437 5225 et
3478 5172 3627 5239 iugc-

371 5251 523 5335 μόλις
561 5243 698 5304 εἶναι
734 5247 859 5313 ίδια,
885 5246 952 5301 τὰ
972 5246 1020 5301 δ’
1046 5245 1204 5311 ἐκτὸς
1245 5242 1499 5317 ἀλλότρια
1526 5246 1620 5301 καὶ
1648 5244 1809 5300 δοῦλα
1841 5248 1921 5318 τῆς

2051 5278 2187 5318 uuos
2242 5263 2602 5320 trucidabant.
2664 5261 2819 5319 Unde
2876 5263 3058 5329 ﬁebat,
3086 5272 3143 5319 ut
3190 5264 3282 5336 qui
3330 5264 3385 5320 in
3422 5263 3631 5334 oppidis

1668 5413 1903 5471 VARUE
1938 5417 2342 5478 LECTlONES.

511 5529 653 5612 δυεῖν
677 5529 739 5586 Β,
800 5526 1013 5612 ξ’·περῖ
1036 5527 1234 5612 niuali.
1312 5526 1628 5612 θ’·σικελίας
1658 5527 1698 5580 Β
1720 5536 1775 5583 et
1806 5532 2030 5612 δοιῇ-..Α
2059 5550 2081 5612 Ξ
2111 5532 2384 5612 βασιλείας
2415 5553 2475 5600 ς·.
2546 5536 2875 5612 ’Δίς-ἀνίστατο
2901 5539 2962 5595 ιι,
3033 5540 3075 5572 τί
3122 5537 3523 5610 σκευαζομένου
3561 5550 3628 5600 ς.

366 5602 409 5633 ⁷³
441 5601 627 5669 ὀλίγας
662 5618 723 5665 ς.
800 5601 844 5631 ⁷³
870 5603 933 5652 ἐκ
967 5606 1039 5653 Δς
1073 5600 1177 5652 ἀπὸ
1205 5616 1265 5662 ς.
1371 5599 1417 5631 τ*
1453 5600 1628 5651 πᾶσαν
1660 5615 1769 5669 ing.
1803 5618 1815 5653 :
1855 5601 1973 5654 ltln‘i
2006 5599 2177 5660 πᾶσα,
2284 5606 2327 5636 ⁷³
2356 5599 2692 5676 ἀπαγγέλλοι
2730 5615 2793 5666 Α,

1806 5715 2037 5786 netia

390 5834 393 5837 ’
446 5838 559 5911 (70)
586 5837 776 5893 Ciceto
812 5834 876 5891 1η
925 5834 1155 5890 Verrem.
