4124 6408
520 372 659 440 1423

1656 369 1916 430 ΡΗΟΤΙῘ
1952 370 2472 433 ΡΑΤΒῙΑΒΟΙΙῈ
2506 374 2614 435 CP.

3644 379 3784 447 142!

515 486 719 560 3390
778 492 956 548 erant,
989 497 1049 536 ea
1078 493 1198 551 qua:
1229 479 1370 533 intra
1411 491 1594 532 muros
1629 489 1833 547 essent,
1866 481 1951 534 vix
1987 497 2090 551 pro

2214 485 2532 556 παρανόμου
2559 484 2969 557 χειροκρασίας.
2997 485 3106 540 Καὶ
3130 486 3266 542 ἄλλα
3291 488 3348 544 δὲ
3371 489 3542 547 πολλά
3571 493 3788 560 πολλοῖς

515 582 632 650 pria
655 577 1062 632 existimarent:
1086 586 1205 642 quae
1226 579 1402 625 autem
1417 581 1592 636 extra,
1614 571 1787 626 aliena
1807 582 1862 627 et
1877 573 2099 628 domino

2204 577 2381 631 ἄτοπα
2413 579 2554 633 κατὰ
2579 578 2678 649 τὴν
2705 578 2955 633 Σικελίαν
2983 581 3268 651 ἐτολμᾶτο.

515 673 687 741 exlegi
717 671 1074 738 violentaque
1104 667 1357 738 potentiae
1390 666 1624 721 subdita.
1647 667 1811 723 Multa
1836 667 2071 738 denique
2101 670 2203 726 alia
2231 683 2418 728 contra
2454 673 2538 730 fas
2559 684 2610 729 et
2631 689 2844 745 (equum
2872 687 3185 746 perpetrare
3207 679 3481 736 audebant
3507 681 3558 736 in
3578 683 3785 740 Sicilia.

587 765 802 820 Salvius
823 772 1004 817 autem
1034 763 1125 830 qui
1169 759 1562 830 Morgantinam
1593 761 1901 825 obsidebat,
1943 761 2104 818 factis

487 860 568 928 ~in
603 869 769 914 totam
815 855 959 910 illam
1002 852 1277 923 regionem
1314 851 1736 915 incursionibus,
1773 852 1840 906 ad
1881 851 2106 906 Leonti-

2293 767 2352 821 ου
2401 767 2459 821 δὲ
2505 768 2606 840 τὴν
2649 769 3040 839 Μαργαντίνην
3089 771 3458 845 πολιορκήσας
3509 778 3784 849 Σαλούῖος.

2208 859 2525 930 ἐπιδραμὼν
2557 861 2657 930 τὴν
2700 861 2889 932 χώραν
2921 863 3081 933 μέχρι
3112 863 3207 917 τοῦ
3252 867 3537 922 Λεοντίνου
3577 871 3782 938 πεδίου,

516 968 642 1006 num
675 963 842 1017 usque
871 959 1143 1014 campum,
1177 953 1344 997 totmn
1393 941 1691 998 exercitum
1729 942 1798 996 ibi
1835 942 2080 1012 recollegi

2207 945 2459 1017 ἤθροισεν
2483 947 2649 1000 αὑτοῦ
2672 948 2731 1000 τὸ
2753 947 2976 1018 σύμπαν
3006 949 3338 1021 στράτευμα,
3359 953 3674 1021 ἐπιλέκτους
3691 960 3786 1012 ἇν-

512 1044 567 1097 in
600 1058 707 1113 quo
729 1039 1086 1095 numerabant
1103 1036 1323 1105 triginta
1347 1034 1608 1099 millia,et
1639 1033 1856 1102 quidem
1875 1034 2105 1116 selecto-

514 1150 653 1190 rum.
688 1134 824 1188 Tum
847 1146 976 1187 vero
1005 1129 1151 1186 Italis
1180 1128 1436 1184 heroibus
1457 1142 1612 1184 sacra
1641 1125 1792 1194 fecit,
1822 1142 2098 1198 unamque

510 1245 541 1282 e
562 1227 846 1297 purpureis
864 1225 1105 1280 vestibus
1129 1221 1348 1288 dicavit,
1364 1229 1549 1290 gratus
1569 1234 1635 1276 ac
1665 1235 1872 1277 memor
1895 1222 2101 1278 beneﬁ-

510 1321 601 1384 cii,
631 1319 687 1371 in
719 1332 826 1386 quo
857 1316 1006 1370 illum
1041 1313 1324 1368 victoriam
1354 1311 1550 1366 dantes
1593 1310 1907 1367 affecerant.
1943 1312 2092 1368 Tan-

509 1410 630 1465 dem
680 1423 809 1463 vero
856 1422 978 1462 cum
1027 1406 1168 1473 regis
1216 1419 1411 1459 nomen
1475 1402 1579 1458 sibi
1630 1404 1939 1471 ascivisset,
1999 1420 2096 1473 pro

511 1501 692 1555 Salvio
725 1500 981 1571 Tryphon
1007 1513 1034 1551 a
1083 1496 1453 1552 defectoribus
1477 1495 1735 1565 appellari
1769 1497 1954 1566 cmpit.
1982 1496 2094 1552 lla-

509 1597 644 1650 bens
677 1603 855 1648 autem
907 1594 960 1646 in
1013 1591 1195 1645 animo
1251 1587 1507 1643 Triocala
1565 1602 1856 1658 occupare,
1907 1589 2094 1659 ibique

507 1688 712 1758 regiam
740 1700 890 1741 suam
919 1690 1182 1746 statuere,
1217 1689 1409 1736 evocat
1433 1679 1598 1734 etiam
1630 1679 2016 1746 Athenionem,
2039 1692 2093 1737 et

2205 1032 2339 1102 δρας
2377 1036 2476 1087 οὑκ
2516 1033 2774 1098 ἐλάττους
2800 1036 2910 1089 τῶν
2943 1038 3304 1108 τρισμυρίων,
3347 1043 3443 1094 καὶ
3475 1042 3645 1108 θύσας
3677 1048 3788 1106 τοῖς

2217 1119 2495 1186 Ἰταλικοῖς
2543 1124 2588 1154 ⁷⁸
2630 1123 2809 1194 ἥρωσι
2845 1123 3058 1187 τούτοις
3087 1125 3188 1194 μὲν
3221 1126 3455 1197 ἀνέθηκε
3500 1131 3630 1200 μίαν
3677 1133 3787 1185 τῶν

2199 1213 2484 1284 ἁλουργῶν
2543 1215 2972 1289 περιπορφύρων
3039 1219 3233 1290 στολὴν
3293 1223 3626 1292 χαριστήρια
3686 1227 3786 1296 τῆς

2201 1307 2378 1377 νίκης,
2435 1309 2597 1373 αὐτὸς
2629 1310 2674 1364 δ’
2718 1310 3094 1382 ἀναγορεύσας
3131 1312 3328 1368 ἐαυτὸν
3365 1313 3595 1384 βασιλέα
3638 1318 3785 1387 Τρύ-

2199 1415 2315 1467 φων
2347 1400 2388 1431 ⁷⁷
2421 1398 2522 1470 μὲν
2553 1401 2659 1455 ὑπὸ
2682 1404 2791 1455 τῶν
2815 1402 3138 1458 ἀποστατῶν
3164 1407 3624 1477 προσηγορεύετο.
3659 1389 3789 1461 dra.-

2198 1490 2489 1560 νοούμενος
2543 1492 2700 1548 δὲτά
2722 1494 3000 1566 Τριόκαλα
3037 1497 3084 1530 ⁷⁸
3122 1498 3526 1553 καταλαϐέσθαι
3565 1502 3660 1554 καὶ
3691 1519 3788 1556 κα-

2196 1585 2534 1640 τασκευάσαι
2575 1585 2824 1657 βασίλεια
2861 1589 3074 1660 πέμπει
3120 1591 3216 1644 καὶ
3277 1592 3413 1662 πρὸς
3455 1593 3785 1663 ’Δθηνίωνα,

2201 1679 2698 1750 μεταπεμπόμενος
2776 1681 2937 1735 αὑτὸν
2991 1681 3068 1746 ὡς
3138 1684 3444 1755 στρατηγὸν
3495 1685 3782 1755 Ιβασιλεύς.

509 1782 726 1853 quidem
748 1796 873 1838 eum
903 1790 960 1834 ut
982 1795 1073 1834 rex
1105 1779 1485 1848 imperatorem
1515 1791 1822 1831 accersens.
1847 1775 1946 1830 Hic
1967 1792 2090 1833 vero

2202 1771 2408 1835 Πάντες
2468 1772 2569 1842 μέν
2619 1771 2714 1827 οὖν
2767 1774 3155 1844 ὑπελάμϐανον
3213 1777 3304 1829 τὸν
3351 1777 3654 1848 ’Δθηνίωνα
3676 1779 3786 1834 τῶν

508 1891 632 1931 cum
666 1888 857 1929 omnes
898 1872 1303 1927 arbitrarentur
1332 1868 1450 1924 fore
1501 1877 1563 1924 ut
1587 1868 1825 1923 Athenio
1856 1869 2089 1939 primum

506 1978 562 2021 et
594 1965 915 2020 altissimum
975 1962 1255 2033 dignitatis
1310 1961 1538 2030 gradum
1591 1960 1850 2015 obtinere
1907 1960 2090 2028 vellet,

505 2068 667 2129 atque
689 2058 816 2113 hinc
837 2065 958 2112 orto
988 2057 1134 2111 inter
1164 2053 1498 2110 defectorum
1531 2053 1808 2123 principes
1841 2053 2088 2121 dissidio,

506 2151 666 2207 facile
709 2151 838 2206 huic
868 2149 1014 2205 bello
1044 2149 1204 2203 linem
1241 2146 1554 2215 impositum
1585 2145 1678 2212 iri,
1725 2144 1939 2200 fortuna
1969 2154 2091 2200 tan-

504 2258 664 2312 quam
697 2242 762 2296 de
789 2239 1055 2295 industria
1087 2238 1270 2307 copias
1300 2235 1646 2305 fugitivorum
1675 2249 1900 2302 augens,
1923 2234 2092 2290 duces

503 2349 690 2388 eorum
719 2333 770 2387 in
807 2331 1152 2387 concordiam
1186 2327 1432 2383 adduxit.
1459 2325 1681 2398 Trypho
1706 2328 1852 2383 enim
1882 2329 2092 2398 magnis

504 2424 790 2479 itineribus
809 2423 876 2477 ad
900 2422 1087 2477 urbem
1111 2419 1361 2475 Triocala
1383 2435 1506 2474 cum
1533 2419 1788 2475 universo
1811 2433 1909 2474 suo
1937 2433 2092 2475 exer-

503 2517 612 2571 citu
651 2514 914 2582 pervenit.
962 2513 1166 2568 Eodem
1212 2520 1268 2566 et
1301 2511 1536 2567 Athenio
1579 2524 1776 2582 magna
1809 2510 2091 2567 celeritate

502 2607 800 2671 contendit,
853 2620 919 2661 ex
950 2607 1063 2662 suis
1096 2605 1198 2659 tria
1262 2603 1532 2658 duntaxat
1579 2603 1856 2659 adducens
1878 2603 2044 2658 millia
2073 2644 2088 2668 ,

502 2707 560 2754 et
591 2697 869 2769 Tryphoni
921 2705 978 2750 ut
1008 2695 1308 2764 imperator
1351 2695 1462 2765 regi
1517 2694 1660 2750 dicto
1705 2694 1954 2751 audiens.
1997 2694 2093 2749 Re-

501 2791 705 2859 liquum
755 2799 935 2844 autem
992 2787 1295 2842 exercitum
1348 2786 1414 2841 ad
1473 2785 1880 2856 depopulandos
1934 2784 2092 2854 longe

500 2885 721 2954 lateque
772 2897 953 2953 agros,
990 2880 1323 2948 servitiaque
1371 2878 1439 2932 ad
1487 2878 1849 2933 defectionem
1885 2877 2086 2934 solliei-

501 2979 664 3034 tanda
719 2976 964 3031 miserat.
1004 2973 1206 3030 Verum
1253 2981 1446 3042 postea
1503 2970 1726 3043 Trypho
1781 2972 2090 3043 suspicatus

500 3069 617 3123 fore
640 3077 699 3121 ut
726 3065 960 3121 Athenio
998 3066 1170 3134 prima
1207 3077 1425 3134 quoque
1469 3063 1783 3127 occasione,
1829 3063 2088 3118 adversus

2197 1862 2485 1932 πρωτείων
2533 1864 2982 1935 ἀντιποιήσεσθαι
3011 1868 3084 1933 ⁷⁵,
3140 1867 3237 1920 καὶ
3289 1868 3380 1921 διά
3437 1868 3534 1940 τὴν
3595 1871 3790 1925 στάσιν

2197 1953 2308 2008 τῶν
2355 1956 2684 2011 ἀποστατῶν
2728 1957 2927 2030 ῥᾳδίως
2973 1959 3448 2031 καταλυθήσεσθαι
3496 1964 3590 2015 τὸν
3629 1964 3784 2018 πόλε·

2196 2063 2297 2117 μον
2323 2065 2338 2079 ο
2378 2049 2410 2116 ἡ
2446 2047 2502 2100 δὲ
2528 2049 2666 2118 τύχη
2696 2050 2947 2121 καθάπερ
2977 2051 3232 2123 ἐπίτηδες
3261 2052 3504 2118 αὔξουσα
3541 2056 3642 2118 τὰς
3673 2057 3784 2110 τῶν

2191 2138 2477 2209 δραπετῶν
2507 2140 2788 2212 δυνάμεις,
2835 2144 3134 2213 ὁμονοῆσαι
3171 2147 3294 2208 τοὺς
3335 2145 3540 2200 τούτων
3573 2150 3782 2219 ἡγεμό-

2193 2247 2290 2295 νας
2347 2233 2623 2300 ἐποίησεν.
2666 2229 2808 2288 Ἦκε
2862 2235 2961 2305 μὲν
3011 2237 3122 2308 γὰρ
3159 2237 3439 2309 συντόμως
3494 2240 3634 2309 μετά
3683 2242 3780 2310 τῆς

2191 2322 2476 2394 δυνάμεως
2520 2326 2614 2378 ἐπὶ
2646 2325 2715 2378 τά
2752 2326 3030 2394 Τριόκαλα
3072 2332 3100 2381 ὁ
3124 2328 3398 2398 Τρύφων,
3437 2326 3543 2402 ἦκε
3595 2331 3655 2385 δὲ
3689 2334 3781 2385 καὶ

2204 2416 2466 2486 Ἀθηνίων
2494 2418 2633 2487 μετὰ
2664 2419 3004 2490 τρισχιλίων,
3042 2421 3336 2475 ὑπακούων
3370 2423 3447 2487 ὡς
3475 2426 3780 2495 στρατηγὸς

2195 2505 2406 2576 βασιλεί
2442 2507 2520 2578 τῷ
2554 2508 2833 2580 Τρύφωνι,
2871 2511 2970 2581 τὴν
3015 2510 3184 2582 ἀλλην
3209 2513 3373 2566 αὑτοῦ
3406 2513 3639 2584 δύναμιν
3680 2534 3780 2570 κα-

2191 2602 2479 2670 τατρέχειν
2506 2599 2605 2671 τὴν
2642 2600 2828 2672 χώραν
2877 2602 2974 2654 καὶ
3009 2602 3260 2657 άνασείεν
3302 2605 3440 2675 πρὸς
3478 2607 3784 2663 ἀπόστασιν

2191 2689 2319 2752 τοὺς
2342 2690 2561 2754 οίκέτας
2589 2691 2972 2758 ἀπεσταλκώς.
2997 2693 3154 2748 Μετά
3182 2695 3242 2748 δέ
3267 2695 3442 2751 ταῦτα
3473 2698 3781 2770 ὑπονοήσας

2191 2781 2220 2833 ὁ
2277 2780 2512 2851 Τρύφων
2563 2783 2656 2835 τὸν
2728 2783 3031 2853 Ἀθηνίωνα
3077 2786 3439 2857 ἐπιθήσεσθαι
3488 2791 3546 2842 ἐν
3603 2792 3781 2862 καιρῷ

2193 2873 2512 2946 παρέδωκεν
2541 2875 2622 2939 είς
2661 2877 2930 2948 φυλακήν.
2973 2878 3046 2932 Τὸ
3084 2877 3141 2932 δὲ
3175 2878 3436 2951 φρούριον
3469 2880 3780 2952 ὀχουρώτα-

2193 2983 2285 3020 τον
2335 2966 2395 3020 δν
2452 2967 2825 3033 κατεσκεύαζε
2891 2969 3212 3023 πολυτελέσι
3269 2973 3639 3036 κατασκευαῖς
3689 2976 3781 3028 καὶ

2194 3061 2287 3112 ἐπὶ
2326 3061 2530 3131 μᾶλλον
2553 3061 2801 3133 ὠχύρου.
2827 3063 3107 3131 Τριόκαλα
3142 3063 3199 3116 δὲ
3233 3064 3365 3116 αὑτό
3389 3081 3553 3132 φασιν
3580 3066 3627 3096 ⁸ο
3652 3066 3784 3119 ὠνο-

500 3160 673 3227 ipsum
727 3172 877 3212 arma
932 3165 1176 3226 caperet,
1221 3170 1344 3210 eum
1397 3155 1451 3210 in
1509 3169 1790 3210 carcerem
1833 3155 2087 3226 conjecit.

2196 3154 2404 3224 μάσθαι
2437 3154 2526 3208 διὰ
2560 3156 2622 3209 τὸ
2662 3155 2793 3228 τρία
2825 3156 2968 3210 καλά
3005 3157 3174 3228 ἐχειν,
3224 3156 3440 3227 πρῶτον
3469 3159 3569 3228 μὲν
3603 3177 3782 3230 ναμα-

501 3249 768 3305 Βωιοτυιη
814 3249 1126 3319 praesidium
1165 3247 1296 3302 illud
1331 3247 1531 3316 alioqui
1572 3248 1997 3303 munitissimum
2039 3249 2090 3303 in

499 3345 615 3399 dies
653 3343 822 3412 magis
859 3357 921 3397 ac
958 3342 1129 3412 magis
1177 3340 1500 3404 muniebat,
1532 3349 1586 3394 et
1625 3339 1896 3411 magniﬁci
1949 3350 2094 3396 stru-

497 3436 671 3490 cturis
733 3432 1050 3489 adornabat.
1112 3434 1279 3487 Aiunt
1359 3442 1541 3488 autem
1614 3431 1862 3487 Triocala
1926 3433 2092 3489 fuisse

497 3527 833 3581 nominatam
877 3524 1021 3594 quod
1063 3524 1190 3594 τρία
1246 3521 1389 3576 καλά
1440 3521 1517 3593 (id
1569 3531 1650 3577 est
1702 3525 1805 3578 tria
1842 3523 2088 3594 pulchra)

497 3617 548 3672 ei
591 3617 855 3672 inessent.
912 3613 1155 3669 Primum
1209 3611 1356 3684 quod
1416 3613 1783 3682 scaturigines
1839 3614 2086 3682 plurimae

496 3723 760 3777 aquarum
789 3707 842 3761 in
875 3722 939 3761 ea
963 3716 1263 3770 exStarent,
1293 3720 1414 3775 quae
1437 3704 1726 3759 dulcedine
1761 3718 2088 3775 magnopere

496 3799 1030 3856 commendarentur.
1076 3796 1282 3852 Deinde
1327 3798 1468 3867 quod
1511 3797 1823 3866 adjacentes
1855 3795 1969 3865 agri
2010 3797 2090 3849 vi-

496 3899 620 3943 neta
641 3885 798 3941 simul
821 3895 875 3940 et
899 3886 1097 3942 oliveta
1123 3885 1408 3946 haberent,
1431 3894 1613 3940 essent
1635 3899 1761 3939 vero
1789 3895 1844 3938 et
1863 3883 2088 3939 cultura:

423 3975 429 3980 ’
495 3978 691 4031 mirum
729 3978 781 4030 in
837 3979 1052 4031 modum
1104 3976 1306 4030 idonei.
1355 3974 1658 4041 Postremo,
1701 3978 1842 4045 quod
1890 3987 2084 4029 natura

495 4070 647 4124 locus
703 4069 777 4123 ita
835 4070 1075 4123 munitus
1137 4066 1299 4133 foret,
1359 4077 1422 4122 ut
1475 4067 1608 4122 nihil
1669 4082 1837 4137 supra
1876 4079 2078 4137 posset,

492 4163 692 4232 quippe
731 4161 824 4231 qui
862 4176 1113 4232 magnam
1158 4163 1452 4230 quamdam
1503 4170 1558 4215 et
1605 4159 2081 4230 inexpugnabilem

493 4255 726 4308 haberet
757 4267 947 4321 rupem
981 4269 996 4306 :
1028 4266 1191 4322 quam
1221 4254 1374 4307 urbis
1401 4252 1628 4314 ambitu,
1661 4253 1752 4319 qui
1785 4250 1930 4305 mille
1960 4266 2087 4321 pas-

491 4361 584 4402 sus
617 4346 986 4417 amplectitur,
1033 4360 1163 4400 cum
1208 4345 1492 4407 cinxisset,
1541 4342 1802 4412 fossaque
1845 4344 1899 4400 in
1936 4359 2085 4401 sum-

2196 3247 2387 3300 τιαίων
2439 3247 2650 3302 ὑδάτων
2701 3248 2935 3321 πλῆθος,
3003 3250 3280 3322 διαφόρων
3331 3235 3398 3321 τῇ
3458 3250 3780 3322 γλυκύτητι,

2192 3340 2446 3413 δεύτερον
2465 3341 2884 3412 παρακειμένην
2905 3341 3092 3414 χώραν
3116 3342 3503 3413 ἀμπελόφυτον
3534 3342 3663 3416 [636
3689 3344 3786 3416 11.}

2190 3449 2250 3485 τε
2290 3431 2387 3486 καὶ
2423 3432 2741 3503 ἐλαιόφυτον
2780 3435 2876 3488 καὶ
2904 3434 3274 3506 γεωργεῖσθαι
3309 3437 3620 3507 δυναμένην
3652 3438 3783 3491 θαυο

2195 3526 2417 3597 μαστῶς
2459 3526 2530 3591 ⁸⁸,
2582 3527 2768 3599 τρίτον
2824 3527 3273 3598 ὑπερϐάλλουσαν
3331 3527 3660 3598 ὀχυρότητα,
3709 3529 3783 3594 ὡς

2192 3617 2259 3672 ἂν
2296 3618 2465 3689 οὑσης
2508 3620 2750 3692 μεγάλης
2785 3620 2994 3690 πέτρας
3024 3619 3306 3674 ἀναλώτου
3338 3636 3352 3650 ·
3383 3620 3451 3692 ἢν
3485 3620 3582 3674 καὶ
3629 3638 3783 3693 περι-

2190 3710 2335 3782 ϐόλῳ
2363 3712 2572 3776 πόλεως
2603 3711 2835 3766 σταδίων
2859 3711 3004 3766 ὀκτὼ
3042 3712 3531 3785 προσπεριϐαλὼν,
3569 3713 3669 3766 καὶ
3686 3731 3784 3767 τα-

2191 3803 2434 3874 φρεύσας
2487 3803 2682 3876 βαθείᾳ
2733 3805 2950 3876 τάφρῳ,
3010 3805 3301 3876 βασιλείοις
3353 3806 3577 3876 ἐχρῆτο,
3635 3808 3789 3878 πάσῃ,

2188 3895 2428 3968 ἀφθονίᾳ.
2458 3895 2567 3948 τῶν
2596 3895 2740 3951 κατὰ
2775 3897 2866 3950 τὸν
2899 3898 3014 3967 βίον
3050 3898 3307 3952 ἁπάντων
3327 3898 3373 3930 ⁸³
3412 3900 3782 3971 πεπληρωμέ-

2188 4005 2305 4058 νην.
2338 3989 2728 4043 Κατεσκεύασε
2764 3989 2821 4044 δὲ
2856 3992 2952 4044 καὶ
2989 3990 3274 4060 βασιλικὴν
3324 3992 3501 4045 οὶκίαν
3531 3994 3626 4044 καὶ
3657 3995 3784 4059 ἀγομ-

2189 4078 2289 4150 ράν
2312 4077 2623 4149 δυναμένην
2652 4079 2906 4144 δέξασθαι
2932 4081 2978 4112 ⁸³
3002 4081 3205 4151 πλῆθος
3225 4082 3556 4151 ἀνθρώπων.
3572 4083 3783 4149 Ἐξελέ-

2189 4168 2318 4232 ξατο
2367 4167 2426 4221 δὲ
2450 4170 2544 4222 καὶ
2570 4169 2678 4224 τῶν
2715 4172 2978 4242 φρονήσει
3014 4172 3382 4244 διαφερόντων
3407 4173 3621 4244 ἀνδρῶν
3656 4176 3781 4236 τοὺς

2194 4262 2439 4328 ἱκανοὺς,
2465 4261 2558 4326 οὓς
2588 4263 2881 4328 ἀποδείξας
2908 4265 3249 4336 συμϐούλους
3284 4269 3481 4337 ἐχρῆτο
3500 4267 3781 4338 συνέδροις

2186 4353 2389 4415 αὑτοῖς·
2406 4354 2671 4423 τήϐεννάν
2696 4371 2755 4408 τε
2782 4357 3191 4428 περιπόρφυρον
3210 4357 3670 4430 περιεϐάλλετο⁸⁸,
3686 4361 3778 4412 καὶ

491 4450 634 4490 mam
704 4435 1049 4491 altitudinem
1115 4435 1389 4505 producta
1445 4434 1930 4503 circumdedisset,
1987 4451 2084 4504 pro

2195 4444 2543 4515 πλατύσημον
2585 4445 2674 4499 ἔδυ
2717 4447 2921 4516 χιτῶνα
2973 4448 3282 4515 κατά,τοὺς
3332 4452 3772 4520 χρηματισμοὺς.

489 4530 636 4601 regia
664 4543 762 4586 sua
803 4529 1018 4594 habuit,
1046 4530 1290 4585 omnium
1331 4543 1452 4598 quae
1507 4531 1757 4582 humanae
1789 4529 1914 4584 vitae
1949 4545 2083 4585 usus

2195 4534 2286 4587 καὶ
2336 4507 2498 4605 [ίίέί
2534 4534 2627 4607 R.]
2661 4507 2993 4606 ῥαϐδούχους
3031 4507 3149 4608 εῖχε
3178 4507 3318 4609 μετά
3333 4507 3633 4594 ’πελέκεων
3655 4507 3779 4605 τούς

489 4622 728 4694 postulat
783 4622 1122 4677 abundantia
1176 4619 1459 4675 refertum.
1527 4619 1806 4676 Construit
1863 4622 2086 4693 insuper

2195 4626 2668 4697 προηγουμένους,
2703 4630 2798 4681 καὶ
2823 4625 2993 4681 τᾶλλα
3029 4631 3209 4684 πάντα
3249 4633 3349 4684 ὅσα
3389 4633 3606 4686 ποιοῦσί
3650 4651 3709 4686 τε
3734 4635 3778 4666 ⁸⁵

488 4716 771 4773 basilicam
811 4734 826 4770 :
865 4715 1042 4772 forum
1084 4716 1214 4769 item
1270 4726 1572 4769 numerosa
1600 4714 1882 4769 hominum
1913 4715 2084 4772 turbae

2196 4719 2292 4774 καὶ
2325 4721 2722 4793 ἐπικοσμοῦσιν
2752 4723 3046 4793 ἐπετήδευε
3083 4724 3382 4795 βασιλείαν.

489 4827 685 4882 capax.
748 4811 1017 4868 Praeterea
1041 4826 1107 4868 ex
1138 4809 1407 4880 praedictis
1441 4808 1636 4878 insigni
1689 4813 1973 4880 prudentia
2026 4818 2161 4875 viris
2198 4817 2396 4886 delegit
2443 4826 2574 4887 quot
2632 4819 2766 4874 satis
2810 4831 2984 4889 erant,
3024 4835 3226 4892 eosque
3279 4825 3381 4880 sibi
3437 4827 3780 4887 consiliarios

489 4921 702 4976 statuit,
757 4920 920 4980 atque
979 4922 1286 4964 assessores
1353 4907 1404 4961 in
1477 4907 1615 4977 juris
1669 4907 2150 4979 disceptationibus
2192 4915 2396 4970 habere
2460 4914 2714 4968 instituit.
2744 4913 2862 4970 Jam
2899 4933 3026 4973 vero
3058 4929 3113 4974 et
3169 4929 3288 4992 toga
3331 4930 3591 4991 praetexta
3641 4927 3782 4986 tuni,

489 5015 661 5069 caque
688 5000 780 5056 lati
841 5000 1010 5055 clavis
1047 4999 1279 5054 amictus
1345 4998 1436 5066 jus
1475 4997 1754 5065 reddebat,
1801 5000 2000 5072 390a
2039 5004 2369 5077 lictoresque
2415 5004 2488 5058 illi
2521 5021 2642 5060 cum
2710 5009 2994 5064 securibus
3038 5011 3303 5080 praeibam
3335 5029 3350 5066 :
3382 5027 3502 5082 qua:
3549 5013 3781 5085 denique

490 5095 696 5162 regiam
737 5093 1054 5164 dignitatem
1088 5090 1350 5158 eﬁiciunt,
1383 5099 1438 5145 et
1465 5105 1586 5159 quae
1627 5103 1847 5158 ornant,
1914 5110 1978 5149 ea
2044 5097 2222 5151 omnia
2258 5107 2664 5152 consectantur.

557 5193 824 5248 Craterum
853 5193 1231 5261 imperatorem
1251 5191 1514 5244 adversus
1537 5188 1840 5244 defectores
1862 5200 2084 5247 senatus

488 5287 764 5340 Romanus
793 5281 994 5352 delegit
1018 5281 1080 5336 L.
1125 5281 1393 5335 Licinium
1423 5278 1700 5334 Lucullum
1723 5322 1741 5348 ,
1789 5282 2080 5338 habentem

491 5379 856 5432 Romanorum
882 5372 1100 5443 quidem
1123 5382 1174 5426 et
1207 5372 1464 5426 Italorum
1495 5372 1724 5428 militum
1749 5376 2084 5443 quatuorde-

487 5471 589 5523 cim
612 5466 1067 5534 millia,Bithynos
1083 5460 1583 5529 autem,Tbessalos
1619 5465 1938 5521 Acarnanes
1956 5466 2084 5521 80ον

2267 5194 2680 5266 Προχειρίζεται
2709 5196 2766 5250 δὲ
2803 5197 2944 5251 κατά
2967 5198 3077 5252 τῶν
3110 5201 3433 5254 ἀποστατῶν
3466 5202 3500 5272 ή
3543 5203 3779 5273 σύγκλη-

2191 5304 2282 5350 τος
2337 5288 2448 5342 τῶν
2494 5289 2781 5360 Ῥωμαίων
2821 5293 3050 5347 Λεύκιον
3086 5296 3328 5349 Λικίνιον
3355 5297 3693 5352 Λούκουλλον
3710 5301 3775 5366 ⁸⁸,

2192 5381 2385 5450 ἔχοντα
2424 5383 2766 5453 στρατιώτας
2794 5386 3025 5458 μυρίους
3050 5388 3150 5457 μὲν
3180 5390 3274 5442 καὶ
3305 5394 3774 5463 τετρακισχιλίους

2206 5471 2512 5544 Ῥωμαίους
2537 5478 2630 5529 καὶ
2683 5475 2942 5542 Ἰταλοὺς,
2976 5478 3238 5545 Βιθυνοὺς
3265 5481 3322 5534 δὲ
3351 5484 3445 5535 καὶ
3479 5483 3774 5550 Θετταλοὺς

1791 5577 1876 5633 VA
1888 5580 2026 5636 BHE
2063 5583 2465 5644 LICCTIONES.

581 5676 628 5707 ⁷⁸
653 5675 907 5737 ὶῙαλικοῖς
934 5671 1347 5743 Wesselingius.

490 5749 542 5818 (ιι
570 5751 606 5801 ti
637 5747 896 5816 τρύφωνα
929 5745 1112 5818 habet)
1284 5745 1328 5774 ⁷⁸
1354 5742 1618 5818 Τριόκελα
1645 5750 1709 5818 AA.

485 5815 540 5850 εί
567 5815 778 5874 ἅπαντα
808 5833 867 5879 ς.
943 5816 987 5847 ³³
1011 5815 1260 5884 δέχεσθαι
1289 5832 1347 5879 ς’.

2169 5767 2267 5802 σασ

1447 5674 1491 5759 ’ξι
1521 5672 1756 5756 Ἰξρύφων
1781 5705 1851 5715 -
1882 5677 1986 5730 ὑπὸ
2014 5708 2082 5718 -—-
2110 5684 2573 5802 προσγέγορεύετο]
2604 5685 2860 5754 τρόφωνα
2891 5713 2961 5724 -
2990 5686 3130 5757 μετὰ
3150 5718 3222 5727 -
3270 5690 3622 5772 προηγάγετο
3645 5693 3690 5746 Α
3721 5703 3774 5747 et

1447 5761 1618 5796 :oxem
1645 5750 1709 5798 A.
1813 5746 1858 5777 ’θ
1908 5748 2267 5802 ἀντιποιήσασ
2307 5770 2361 5802 αι
2424 5755 2488 5802 Α.
2596 5756 2640 5786 ⁸ο
2703 5756 2867 5802 ωτισὶν
2904 5753 2962 5802 Β-
3062 5757 3106 5788 ⁸⁸
3158 5758 3487 5802 θαυιιαστωμ
3542 5779 3629 5802 nm
3714 5765 3750 5802 ιι

1425 5752 1618 5796 ειόκελα
1645 5752 1709 5798 Α.
1813 5752 1858 5777 ⁷⁹
1908 5752 2361 5820 άντιποιήσασθαι

1425 5816 1475 5846 ⁸*
1500 5816 1853 5886 περιεϐάλετο
1874 5817 1929 5871 Β.
2009 5820 2053 5853 ⁸⁸
2080 5837 2139 5873 τε
2166 5824 2211 5874 Α
2236 5836 2248 5873 :
2277 5839 2339 5890 γε
2365 5840 2424 5885 ς.

2307 5770 2361 5803 αι
2424 5755 2488 5808 Α.
2551 5753 2649 5786 ’⁸⁸³⁷
2703 5756 2867 5824 φησὶν
2903 5753 2962 5808 Β.

3062 5757 3106 5788 ⁸⁸
3158 5757 3516 5831 θαυμαστῶς⁷
3542 5779 3654 5817 om.
3711 5765 3772 5820 Β.

2521 5825 2566 5858 ⁸⁸
2595 5825 2930 5880 Λεύκουλλον
2953 5843 3013 5890 ς.
