4124 6408
346 398 489 474 1‘25
1367 404 1897 469 BIBLIOTHECA.
1927 433 1995 446 —
2032 409 2196 471 COD.
2257 410 2551 474 CCXLIV.
3470 407 3608 472 1426

333 521 430 572 καὶ
481 515 819 587 ’Δκαρνάνας
835 513 880 548 ’τ
911 514 1288 582 ὀκτακοσίους,
1316 516 1382 571 ἑκ
1401 516 1458 571 δέ
1480 518 1581 589 τῆς
1605 520 1912 583 Λευκανίας
1940 569 1945 581 ,

2049 538 2079 576 x
2098 520 2335 578 Lucania
2351 537 2485 579 vero
2498 522 2621 587 600,
2640 522 2836 592 quibus
2863 519 3349 592 praeeratCleptius
3364 519 3602 594 impera-

333 606 677 674 ἑξακοσίους,
726 600 802 663 ὧν
825 608 1015 680 ἠγεῖτο
1040 608 1332 674 Κλέπτιος,
1373 608 1516 680 ἀνὴρ
1546 612 1917 681 στρατηγικὸς

2046 626 2128 681 or,
2152 614 2230 669 rei
2253 614 2420 668 milita
2431 614 2503 668 ris
2527 611 2757 669 scientia
2780 620 2835 667 et
2851 610 3170 667 fortitudine
3190 609 3606 667 celeberrimus.

334 697 432 753 καὶ
458 699 549 752 ἐπ’
573 698 798 771 ἀνδρείᾳ
827 699 1174 771 περιϐόητος,
1210 697 1293 751 ἔτι
1320 697 1378 752 δὲ
1404 701 1501 753 καὶ
1535 699 1759 772 ἐτέρους
1791 701 1920 768 ἐξα-

2046 703 2172 758 tlios
2208 709 2471 772 pmterea
2494 701 2622 768 600,
2659 702 2794 758 adeo
2818 709 2879 756 ut
2901 700 3142 757 universi
3173 715 3462 757 numerum
3528 716 3610 755 se-
3675 702 3681 709 ’

334 791 585 857 κοσίους,
642 790 719 855 ὡς
778 791 1033 859 γενέσθαι
1084 790 1407 859 σύμπαντας
1480 792 1922 863 ἑπτακισχιλίους

2046 790 2345 852 ιιοιιιάθεὶιη
2395 795 2621 850 millium
2654 793 2949 851 edicerent.
2977 792 3110 848 Cum
3138 794 3234 861 .his
3275 794 3446 863 copiis
3474 791 3613 848 Sici-

232 960 235 963 ἱ
336 884 432 937 καὶ
468 882 719 954 μυρίους,
745 882 839 946 οὓς
866 881 1006 954 ἔχων
1028 882 1295 936 κατέλαϐε
1326 883 1425 954 τὴν
1456 884 1726 941 Σικελίαν.
1777 886 1836 939 '0
1864 885 1924 939 δὲ

2049 890 2152 945 iam
2202 899 2453 960 occupat.
2516 888 2777 961 Tryphon
2832 887 2997 959 igitur
3048 885 3265 955 culpam
3312 885 3607 941 Athenioni

340 972 576 1044 Τρύφων
606 973 888 1038 ἀπολύσας
937 975 1240 1046 Ἀθηνίωνα
1262 975 1362 1047 τῆς
1392 976 1572 1041 αἰτίας
1611 977 1928 1032 ἐϐουλεύετο

344 1065 603 1135 περὶτοῦ
656 1067 795 1138 πρὸς
859 1066 1169 1138 Ῥωμαίους
1226 1068 1487 1139 πολέμου.
1548 1070 1661 1123 Καὶ
1695 1069 1773 1141 τῷ
1828 1070 1930 1141 μὲν

342 1158 579 1229 ἤρεσκεν
607 1159 669 1213 ἐν
698 1162 811 1222 τοῖς
840 1159 1162 1231 Τριοκάλοις
1176 1159 1562 1229 ἀγωνίζεσθαι,
1590 1159 1854 1232 Ἀθηνίων
1872 1162 1930 1215 δέ

344 1249 701 1305 συνεϐούλευε
735 1251 812 1322 μὴ
847 1252 1158 1320 συγκλείειν
1196 1253 1428 1316 ἑαυτοὺς
1471 1254 1551 1316 είς
1589 1253 1929 1324 πολιορκίαν,

344 1342 462 1397 ἀλλ’
519 1344 578 1396 ἐν
628 1344 881 1416 ὑπαίθρῳ
945 1345 1386 1415 διαγωνίζεσθαι.
1443 1346 1817 1417 Κρατησάσης
1873 1347 1932 1401 δέ

342 1432 551 1506 ταύτης
581 1435 629 1468 ⁸⁸
668 1435 772 1499 τῆς
822 1435 1019 1507 βουλῆς
1066 1438 1670 1510 κατεστρατοπέδευσαν
1708 1437 1935 1508 πλησίον

344 1526 646 1597 Σκιρθαίας
698 1527 771 1593 ⁸⁹,
811 1528 965 1591 ὄντες
989 1530 1090 1583 οὐκ
1117 1529 1378 1593 ἐλάττους
1410 1529 1521 1584 τῶν
1559 1546 1934 1602 τετρακισμυ-

349 1623 485 1690 ρίων
516 1635 531 1649 ·
589 1620 785 1690 ἀπεῖχε
838 1620 883 1673 δ’
928 1622 1112 1676 αὐτῶν
1162 1623 1195 1695 ή
1264 1622 1557 1692 Ῥωμαίων
1608 1622 1933 1696 παρεμϐολὴ

347 1711 540 1765 στάδια
568 1711 915 1768 δυοκαίδεκα.
946 1714 1019 1766 Τὸ
1044 1716 1143 1784 μὲν
1170 1709 1265 1768 οὖν
1292 1713 1510 1787 πρῶτον
1533 1713 1774 1784 ἐγίνοντο
1812 1731 1939 1768 συν-

347 1809 497 1878 exet;
517 1806 909 1879 ἀκροϐολισμοί
933 1824 948 1840 ⁸
984 1803 1106 1875 εἷτα
1137 1808 1609 1880 παραταξαμένων
1632 1809 1936 1879 ἑκατέρων,

2028 980 2366 1046 condonaus,
2404 981 2469 1036 ad
2501 980 2949 1037 deliberationem
2976 979 3044 1033 de
3075 977 3218 1033 bello
3251 978 3304 1031 in
3335 978 3613 1032 Romanos

2028 1071 2267 1141 gerendo
2289 1085 2414 1128 eum
2449 1072 2718 1128 adhibuit.
2746 1070 2815 1127 Et
2850 1068 3163 1142 Tryphonis
3187 1068 3405 1139 quidem
3435 1068 3615 1123 censio

2031 1165 2165 1221 lium
2216 1171 2359 1231 erat,
2421 1172 2479 1219 ut
2521 1162 2789 1219 Triocalis
2838 1171 3143 1227 manentes,
3197 1162 3325 1216 inde
3381 1175 3613 1231 pugnam

2031 1257 2433 1313 committerent
2464 1274 2478 1311 :
2516 1256 2749 1311 Athenio
2778 1262 2956 1309 autem
2987 1264 3185 1309 auctor
3207 1261 3349 1319 erat,
3380 1267 3449 1307 ne
3473 1253 3615 1323 seip-

2032 1363 2122 1406 sos
2155 1348 2440 1405 obsidione
2490 1347 2780 1404 intercludi
2824 1354 3162 1418 paterentur,
3202 1345 3299 1401 sed
3337 1345 3522 1414 potius
3557 1344 3611 1397 in

2033 1448 2222 1510 aperto
2265 1453 2462 1509 campo
2502 1437 2843 1493 dimicarent.
2886 1437 3024 1492 Cum
3073 1437 3241 1506 igitur
3284 1434 3466 1506 potior
3499 1435 3615 1489 visa

2038 1531 2328 1587 essethaec
2372 1528 2685 1596 sententia,
2744 1527 2899 1597 iuxta
2949 1526 3270 1583 Sclrthaaam
3324 1535 3618 1582 castrame-

2037 1623 2135 1678 tati
2167 1631 2315 1689 sunt,
2355 1620 2712 1692 quadraginta
2742 1619 2978 1676 millibus
3003 1633 3109 1675 non
3161 1617 3463 1689 pauciores.
3509 1616 3620 1671 Ab-

2036 1724 2195 1770 erant
2220 1728 2351 1770 vero
2383 1714 2453 1769 ab
2489 1712 2558 1768 iis
2586 1711 2952 1769 Romanorum
2982 1722 3160 1768 castra
3183 1711 3434 1780 passibus
3457 1711 3617 1765 1250.

2038 1812 2227 1866 Primo
2279 1809 2444 1880 igitur
2510 1807 2766 1863 velitares
2816 1820 3008 1877 pugnae
3052 1806 3279 1861 subinde
3314 1804 3623 1860 committe-

349 1900 447 1953 καὶ
484 1900 585 1971 τῆς
620 1902 798 1975 μάχης
831 1896 933 1958 ὦδε
976 1902 1198 1955 κάκεῖσε
1240 1902 1543 1975 ῥεπούσης,
1594 1901 1690 1954 καὶ
1727 1901 1939 1955 πολλῶν

2046 1906 2241 1959 bantur
2282 1921 2298 1958 :
2343 1901 2439 1957 sed
2495 1915 2617 1956 cum
2649 1898 2866 1955 tandem
2908 1899 3163 1969 utrinque
3201 1896 3376 1953 aciem
3419 1896 3623 1952 instru-

351 1994 699 2066 ἑκατέρωθεν
730 1996 1060 2059 πιπτόντων,
1092 1997 1121 2049 6
1154 1994 1255 2062 μὲν
1293 1993 1557 2064 Ἀθηνίων
1578 1992 1717 2065 ἔχων
1739 1993 1784 2025 ⁸⁸
1816 2011 1941 2047 συν·

351 2086 788 2156 αγωνιζομένους
832 2087 1140 2151 διακοσίους
1180 2086 1367 2150 ίππεῖς
1413 2085 1733 2151 ἐπιλέκτων,
1760 2085 1942 2140 πάντα

350 2176 443 2232 τὸν
492 2179 621 2251 περὶ
668 2178 834 2233 αὐτὸν
889 2180 1055 2234 τόπον
1093 2179 1307 2251 νεκρῶν
1354 2179 1664 2251 ἐπλήρωσε,
1707 2179 1942 2251 τρωθεὶς

351 2270 397 2325 δ’
425 2273 505 2336 είς
530 2273 819 2345 ἀμφότερα
842 2275 911 2327 τὰ
947 2274 1152 2343 γόνατα
1185 2275 1282 2327 καὶ
1316 2272 1508 2345 τρίτην
1548 2272 1749 2339 λαϐὼν,
1772 2273 1944 2344 ἀχρη-

355 2377 482 2425 στος
512 2361 735 2431 ἐγένετο
756 2362 893 2433 πρὸς
920 2362 1019 2433 τὴν
1049 2362 1249 2434 μάχην,
1276 2356 1335 2429 ἐξ
1358 2354 1421 2416 οὗ
1452 2363 1501 2415 οί
1529 2361 1795 2433 δραπέται
1823 2364 1943 2425 ταῖς

348 2451 556 2523 ψυχαῖς
595 2454 853 2517 πεσόντες
874 2456 1011 2527 πρὸς
1035 2456 1215 2527 φυγὴν
1234 2455 1572 2527 ἐτράπησαν.
1625 2456 1686 2508 '0
1710 2454 1768 2508 δέ
1790 2454 1946 2527 Ἀθη-

355 2544 485 2599 νίων
507 2546 583 2611 ὡς
621 2547 817 2619 νεκρὸς
845 2546 920 2601 ὢν
948 2548 1130 2615 ἔλαθε,
1163 2549 1257 2603 καὶ
1279 2548 1669 2620 προσποιηθεὶς
1697 2548 1941 2602 τετελευ-

357 2637 589 2710 τηκέναι
620 2639 722 2711 τῆς
751 2640 945 2704 νυκτὸς
977 2639 1344 2711 ἐπιλαϐούσης
1370 2638 1627 2711 διεσώθη.
1672 2639 1943 2710 Ἐπεκρά-

354 2748 529 2798 τησαν
557 2731 613 2785 δὲ
636 2731 907 2804 λαμπρῶς
941 2733 991 2785 oi
1033 2730 1315 2803 Ῥωμαῖοι,
1361 2730 1641 2803 φυγόντων
1685 2730 1782 2785 καὶ
1831 2732 1942 2784 τῶν

362 2820 503 2892 μετὰ
524 2821 823 2893 Τρύφωνος
858 2822 952 2877 καὶ
976 2821 1140 2875 αὐτοῦ
1165 2821 1372 2878 ἐκείνου
1401 2838 1417 2854 σ
1446 2821 1541 2876 καὶ
1564 2821 1774 2875 πολλῶν
1805 2818 1949 2875 κατὰ

359 2914 460 2983 τὴν
492 2914 673 2984 φυγὴν
702 2913 981 2968 κοπέντων
1007 2914 1161 2976 τέλος
1190 2913 1291 2967 οὐκ
1320 2912 1575 2976 ἐλάττους
1607 2910 1719 2967 τῶν
1747 2911 1947 2983 δισμυ-
1976 2944 1987 2957 ι

360 3008 495 3079 ρίων
524 3005 891 3079 ἀνῃρέθησαν.
924 3007 987 3060 Oi
1009 3006 1065 3060 δέ
1091 3006 1270 3060 λοιποὶ
1298 3004 1396 3077 τῆς
1430 3004 1626 3068 νυκτὸς
1650 3002 1949 3074 συνεργούσ-

2040 1997 2327 2063 χίεεειιι,
2380 1993 2582 2063 diuque
2643 1990 2864 2062 ancipiti
2931 1988 3104 2045 Marte
3177 2000 3476 2059 pugnatum
3535 2000 3622 2044 es-

2041 2100 2144 2155 set,
2177 2103 2240 2144 ac
2270 2089 2421 2145 multi
2464 2089 2532 2144 ab
2555 2097 2787 2156 utraque
2817 2094 2971 2155 parte
3007 2083 3359 2148 cecidissent,
3387 2084 3625 2138 Athenio

2042 2179 2396 2253 stipatu3200
2422 2179 2641 2236 selectis
2665 2178 2961 2247 equitibus,
2986 2186 3167 2247 strage
3189 2177 3371 2231 omnia
3391 2177 3625 2231 circum-

2042 2282 2259 2339 quaque
2288 2267 2575 2337 implevit:
2627 2280 2815 2321 verum
2853 2279 2993 2334 genu
3028 2273 3260 2334 utroque
3286 2264 3625 2331 vulneratus,

2044 2376 2230 2433 postea
2270 2371 2325 2417 et
2363 2363 2527 2418 tertio
2570 2361 2794 2417 vulnere
2832 2362 2885 2417 in
2929 2361 3032 2415 alia
3061 2362 3304 2431 corporis
3337 2369 3489 2432 parte
3531 2374 3626 2416 ac-

2045 2464 2222 2525 cepto,
2254 2470 2447 2526 pugna:
2471 2453 2618 2510 utilis
2669 2468 2793 2510 esse
2822 2454 3001 2510 desiit.
3026 2453 3389 2522 Quamobrem
3418 2453 3628 2525 fugitivi

2046 2549 2288 2601 animum
2315 2545 2740 2617 despondentes,
2779 2544 2922 2614 fugae
2955 2559 3014 2601 se
3047 2547 3336 2602 dederunt.
3396 2544 3629 2601 Athenio

2047 2647 2225 2695 autem
2248 2654 2369 2693 cum
2389 2646 2634 2694 mortuus
2660 2637 2998 2705 crederetur,
3024 2638 3278 2704 latitavit,
3301 2646 3356 2693 et
3375 2637 3628 2694 simulata

2048 2730 2439 2801 aliquantisper
2461 2739 2656 2798 morte,
2679 2745 2804 2786 cum
2840 2729 3075 2800 primum
3096 2744 3200 2785 nox
3235 2731 3475 2795 advenit,
3503 2727 3627 2800 fuga

2048 2823 2149 2879 sibi
2185 2823 2413 2878 salutem
2466 2823 2692 2894 peperit.
2738 2821 3066 2878 Praeclaram
3116 2837 3245 2878 vero
3280 2823 3459 2891 adepti
3507 2832 3635 2877 sunt

2050 2914 2282 2970 Romani
2314 2914 2618 2982 victoriam,
2646 2913 2954 2985 Trypliunis
2983 2913 3273 2970 comitibus
3304 2920 3359 2967 et
3395 2911 3489 2968 illo
3516 2914 3635 2980 ipso

2052 3009 2104 3063 in
2146 3005 2329 3077 fugam
2374 3007 2678 3073 conversis,
2720 3007 3008 3077 multisque
3049 3005 3104 3060 in
3146 3003 3270 3077 fuga
3308 3005 3483 3070 caesis,
3512 3012 3634 3059 tan-

360 3116 463 3170 σης
512 3098 766 3168 διέφυγον
810 3099 891 3162 είς
933 3099 1003 3152 τὰ
1052 3097 1330 3167 Τριόκαλα
1360 3112 1375 3127 ·
1411 3096 1590 3150 καίτοι
1632 3097 1762 3167 ῥᾷον
1795 3096 1842 3127 θ’
1882 3090 1945 3166 ἦν

2053 3100 2173 3156 dem
2205 3099 2393 3170 viginti
2427 3099 2594 3155 millia
2638 3113 2904 3155 caesorum
2949 3107 3333 3168 compererunt
3374 3111 3516 3152 esse.
3567 3097 3638 3152 At

358 3186 710 3255 ἐπιδιώξαντι
752 3187 833 3258 τῷ
868 3186 1160 3265 στρατηγῷ
1185 3188 1281 3241 καὶ
1303 3186 1527 3250 τούτους
1551 3186 1781 3240 ἀνελεῖν.
1828 3186 1945 3240 Ἐπὶ

2057 3191 2252 3262 reliqui
2289 3190 2680 3247 commoditate
2712 3190 2887 3245 noctis
2926 3188 3030 3253 usi,
3061 3188 3127 3243 ad
3160 3186 3408 3243 Triocala
3440 3185 3637 3243 confu-

358 3278 615 3332 τοσοῦτον
646 3278 702 3333 δέ
729 3280 1099 3333 τεταπείνωτο
1123 3279 1183 3332 τὸ
1202 3277 1495 3342 οἰκετικὸν,
1519 3276 1662 3331 ὥστε
1683 3274 1777 3329 καὶ
1800 3276 1945 3329 ἐϐου-

2055 3291 2266 3353 gerant,
2304 3297 2614 3354 quanquam
2649 3290 2704 3337 et
2732 3282 2832 3337 bos
2861 3281 3168 3337 interficere
3202 3279 3363 3335 facile
3383 3288 3502 3335 erat
3533 3279 3639 3334 im-

362 3369 631 3423 λεύσαντο
683 3369 777 3423 ἐπὶ
818 3368 949 3432 τοὺς
976 3368 1203 3440 κυρίους
1232 3368 1633 3439 ἐπαναδραμεῖν
1676 3366 1773 3420 καὶ
1813 3367 1945 3436 σφᾶς

2054 3376 2317 3446 peratori,
2343 3376 2390 3432 si
2427 3386 2748 3447 persecutus
2781 3388 2876 3430 eos
2903 3372 3120 3429 fuisset.
3154 3372 3311 3428 Adeo
3338 3379 3518 3427 autem
3543 3370 3640 3425 ab-

358 3462 548 3526 αύτοῖς
589 3460 896 3533 ἐγχειρίσαι
926 3479 941 3494 ο
986 3460 1125 3532 πλὴν
1152 3461 1531 3532 ἐπεκράτησεν
1555 3462 1589 3531 ὴ
1621 3457 1817 3530 γνώμη
1846 3458 1945 3511 τῶν

2046 3468 2296 3538 jecerant
2343 3469 2556 3523 animos
2603 3466 2769 3531 servi,
2821 3476 2882 3520 ut
2931 3465 3095 3519 etiam
3148 3464 3216 3519 de
3264 3463 3539 3518 redeundo
3572 3460 3641 3516 ad

368 3551 533 3623 μέχρι
580 3551 841 3620 τελευτῆς
896 3550 1251 3622 ὑποθεμένων
1302 3547 1677 3619 ἀγωνίσασθαι
1728 3547 1824 3601 καὶ
1877 3545 1945 3617 μὴ

2054 3560 2322 3625 dominos,
2347 3574 2715 3629 sequeeorum
2741 3556 2995 3630 potestati
3008 3554 3640 3619 eommittendo,delibe-

361 3646 474 3708 τοῖς
486 3643 701 3715 ἐχθροῖς
721 3642 952 3707 ἐαυτοὺς
972 3641 1429 3712 καταπροδοῦναι.
1454 3640 1610 3696 Μετὰ
1630 3641 1677 3695 δ’
1694 3640 1892 3711 ἐνάτην
1908 3639 1945 3671 ’³

2057 3652 2196 3707 ratio
2243 3651 2309 3706 ab
2357 3650 2425 3705 iis
2476 3649 2750 3720 proposita
2806 3648 2992 3703 fuerit.
3051 3646 3251 3701 Eorum
3299 3656 3482 3701 tamen
3514 3646 3646 3700 vicit

364 3739 580 3810 ἡμέραν
612 3741 640 3793 6
688 3740 992 3810 στρατηγὸς
1032 3732 1136 3811 ἧκε
1176 3738 1553 3811 πολιορκήσων
1586 3738 1655 3791 τὰ
1703 3736 1832 3810 [657
1862 3734 1945 3790 H.‘

2063 3744 2350 3809 sententia,
2376 3743 2465 3813 qui
2494 3750 2745 3797 auctores
2774 3748 2932 3796 erant
2956 3748 3013 3794 ut
3043 3739 3110 3792 ad
3133 3748 3437 3793 extremum
3470 3752 3644 3806 usque

364 3830 660 3901 Τριόκαλα.
681 3832 789 3885 Καὶ
811 3830 879 3884 τά
909 3832 1009 3902 μὲν
1037 3830 1296 3903 ἀναιρῶν,
1311 3829 1380 3883 τά
1393 3829 1451 3884 δὲ
1473 3830 1519 3862 ’⁸
1541 3828 1945 3900 ἀναιρούμενος,

2064 3836 2313 3907 spiritum
2362 3834 2707 3902 dimicarent,
2743 3849 2843 3889 nec
2892 3832 2994 3904 ipsi
3027 3832 3234 3901 seipsos
3264 3831 3555 3901 prodentes
3590 3830 3645 3884 in

365 3921 586 3976 ἔλαττον
641 3922 781 3994 ἔχων
831 3923 1148 3994 ἀπηλλάγη,
1199 3923 1294 3977 καὶ
1349 3923 1399 3976 oi
1451 3921 1757 3976 ἀποστάται
1803 3917 1945 3982 αὖθις

2066 3942 2260 3982 manus
2294 3926 2530 3980 hostium
2566 3940 2625 3980 se
2657 3926 2957 3980 traderent.
3003 3922 3168 3978 Sexto
3208 3932 3329 3991 post
3357 3921 3445 3976 die
3479 3923 3649 3991 impe-
3714 3992 3717 3995 Α

366 4014 884 4086 ἐφρονηματίξοντο.
917 4016 1088 4069 Ἤνυε
1111 4014 1167 4069 δὲ
1188 4014 1298 4068 τῶν
1324 4014 1551 4068 δεόντων
1574 4014 1603 4067 6
1628 4010 1945 4083 στρατηγὸς·¹

2068 4027 2218 4074 rator
2251 4016 2320 4072 ad
2352 4015 2650 4071 obsidenda
2682 4014 2933 4069 Triocala
2975 4013 3140 4079 venit,
3184 4012 3275 4081 qui
3315 4027 3436 4067 cum
3462 4011 3651 4067 hostes

366 4108 478 4160 εἴτε
515 4106 605 4161 διὰ
636 4105 918 4179 ῥᾳστώνην
957 4107 1067 4160 εἴτε
1104 4106 1192 4160 διὰ
1222 4105 1572 4177 δωροδοκίαν,
1606 4105 1759 4158 οὐδέν
1788 4120 1804 4136 ο
1837 4100 1945 4158 ἀνθ¹

2063 4112 2319 4177 caederet,
2364 4108 2715 4179 vieissimque
2755 4109 2824 4164 ab
2881 4106 2989 4163 illis
3052 4107 3378 4172 caederetur,
3430 4106 3648 4162 tandem

364 4190 442 4253 ὧν
465 4199 561 4253 καὶ
587 4198 744 4269 δίκην
769 4196 995 4270 ὕστερον
1027 4197 1240 4269 κριθεὶς
1280 4196 1573 4267 Ῥωμαίοις
1602 4195 1795 4250 ἐδωκε.

2065 4201 2292 4258 inferior
2343 4199 2614 4255 discessit.
2665 4199 2781 4266 Qua
2831 4213 2900 4254 ex
2950 4211 3009 4253 re
3059 4197 3289 4252 multum
3330 4196 3541 4251 ﬁduciae
3588 4214 3653 4251 ac

369 4310 595 4380 spiritus
627 4310 992 4367 defectoribus
1044 4311 1225 4366 rediit.
1264 4310 1459 4382 3906
1506 4308 1619 4365 Nec
1643 4324 1771 4364 vero
1803 4309 1920 4377 ipse
1957 4304 2257 4372 imperatur
2313 4296 2421 4352 ulla
2455 4295 2509 4350 in
2553 4304 2709 4366 parte
2743 4294 2881 4364 (sive
2914 4308 3025 4363 prae
3065 4291 3295 4360 desidia,
3323 4291 3439 4369 sive
3502 4292 3649 4360 quod

370 4404 689 4459 muneribus
716 4413 1005 4473 corruptus
1031 4403 1196 4474 esset)
1266 4400 1442 4459 cilicio
1481 4417 1580 4459 suo
1624 4399 2018 4459 satisfaciebat.
2067 4390 2217 4450 Unde
2252 4389 2417 4446 etiam
2453 4398 2644 4460 postea
2677 4388 2731 4443 in
2752 4386 3017 4458 judicium
3054 4401 3085 4440 a
3116 4385 3376 4441 Romanis
3405 4396 3649 4461 vocatus,

373 4495 740 4566 multatusque
771 4494 890 4550 fuit.

445 4590 602 4651 Γάϊος
626 4561 685 4643 δέ
708 4582 1016 4661 Σερουίλιος
1046 4585 1467 4658 καταπεμφθεὶς
1505 4584 1814 4656 στρατηγὸς
1842 4582 1945 4637 διά-

2134 4575 2204 4629 Δι
2230 4572 2398 4628 Caius
2427 4566 2693 4625 Servilius
2711 4565 2910 4621 missus
2937 4564 3249 4634 imperatori
3278 4561 3507 4618 Lucullo
3528 4577 3655 4617 suc-

374 4684 529 4753 δοχος
543 4681 902 4747 Λουκούλλου,
927 4681 1039 4735 ούδ⁹
1060 4679 1222 4745 αὑτός
1244 4696 1297 4732 τι
1317 4678 1467 4747 ἀξιον
1487 4676 1707 4748 μνήμης
1726 4672 1952 4746 ἔπραξε·

375 4776 456 4829 διὸ
489 4775 582 4829 καὶ
613 4774 814 4844 ὁμοίοις
843 4772 1164 4844 Λουκούλλῳ
1213 4772 1441 4842 ὕστερον
1477 4771 1625 4840 φυγῇ
1666 4766 1959 4822 κατεδικά-

379 4864 506 4934 σθη.
561 4864 997 4934 Τελευτήσαντος
1025 4863 1082 4916 δὲ
1116 4861 1412 4934 Τρύφωνος
1443 4860 1689 4930 διάδοχος
1720 4858 1821 4929 τῆς
1865 4860 1959 4925 ἀρ-

378 4955 482 5024 χῆς
515 4955 544 5007 ὁ
592 4952 859 5024 Ἀθηνίων
901 4952 1249 5016 καθίσταται,
1290 4949 1385 5004 καὶ
1432 4949 1589 5003 τοῦτο
1636 4948 1736 5019 μὲν
1774 4948 1957 5011 πόλεις

380 5043 715 5115 ἐπολιόρκει,
745 5041 903 5096 τοῦτο
931 5042 987 5095 δέ
1022 5042 1203 5095 πᾶσαν
1235 5040 1337 5112 τὴν
1386 5038 1571 5111 χώραν
1607 5037 1779 5101 ἀδεῶς
1824 5054 1964 5091 κατ-

383 5136 597 5207 έτρεχε,
612 5136 706 5189 καὶ
735 5133 945 5189 πολλῶν
965 5133 1273 5206 ἐκυρίευσε,
1295 5130 1390 5185 τοῦ
1407 5129 1711 5203 Σερουϊλίου
1738 5128 1965 5200 μηδὲν,Μ

383 5228 870 5297 ἀντιπράττοντος.

457 5292 568 5372 Teii
598 5317 643 5370 δ’
667 5316 934 5371 ἐνιαυσίου
960 5316 1151 5387 χρόνου
1182 5315 1482 5377 διελθόντος
1505 5314 1711 5379 ὕπατος
1741 5316 1798 5369 ἐν
1833 5292 1980 5367 Ῥώί

274 5478 277 5481 _
390 5425 469 5482 μη
492 5410 649 5474 Γάϊος
673 5409 883 5481 Μάριος
911 5408 1081 5480 ᾑρέθη
1101 5408 1162 5462 τὸ
1183 5407 1432 5478 πέμπτον
1462 5407 1553 5459 καὶ
1586 5407 1746 5469 Γάϊος
1769 5406 1965 5459 Ἀκύλ-

386 5502 502 5567 λιος
525 5518 539 5532 ⁶
583 5498 658 5558 ὧν
704 5504 733 5556 6
757 5502 1038 5566 Ἀκύλλιος
1073 5500 1378 5574 στρατηγὸς
1407 5499 1550 5554 κατά
1575 5499 1686 5553 τῶν
1720 5500 1960 5553 ἀποστα-

2062 4682 2270 4735 cessor,
2324 4667 2437 4735 ipse
2485 4676 2701 4734 quoque
2768 4658 2901 4713 nihil
2943 4657 3243 4727 quidquam
3303 4654 3657 4711 memorabile

2062 4763 2229 4833 gessit
2267 4778 2282 4812 :
2318 4771 2485 4825 quare
2533 4753 2723 4809 eodem
2753 4766 2860 4822 quo
2902 4748 3154 4803 Lucullus
3198 4748 3357 4802 modo
3399 4748 3657 4801 multatus

2063 4850 2254 4907 exsilio
2283 4848 2404 4902 luit.
2449 4845 2586 4900 Dum
2627 4844 2743 4899 haec
2771 4850 3056 4912 geruntur,
3100 4841 3333 4894 moritur
3372 4855 3467 4894 rex
3519 4839 3657 4907 Try-

2064 4945 2195 5016 pho.
2228 4942 2415 5012 Regno
2444 4937 2688 4995 succedit
2721 4935 2977 4991 Athenio.
3011 4931 3111 4987 llic
3135 4932 3297 4988 urbes
3327 4930 3653 4997 obsidendo,

2063 5047 2339 5104 totamque
2373 5034 2649 5104 regionem
2694 5027 3107 5085 incursionibus
3155 5040 3254 5096 pro
3301 5026 3526 5082 libidine
3575 5026 3662 5082 in-

2062 5128 2332 5193 festando,
2387 5126 2568 5196 prazda
2628 5124 2855 5195 ingenti,
2912 5138 3020 5178 non
3065 5120 3365 5177 obsistente
3431 5119 3663 5176 Servilio

2066 5220 2271 5293 potitus
2300 5227 2405 5274 est.

2137 5311 2309 5366 Porro
2345 5320 2538 5366 exacto
2584 5323 2765 5363 annuo
2814 5309 2992 5379 spatio
3024 5307 3210 5363 Roma:
3251 5306 3499 5377 quintum
3527 5320 3662 5360 cun-

2072 5404 2157 5457 sul
2189 5418 2312 5458 cum
2329 5402 2463 5457 Caio
2498 5401 2672 5457 Acilio
2698 5398 2797 5473 [αι.
2828 5398 3079 5472 Ἀηυίὼο]
3112 5408 3330 5467 creatus
3362 5396 3464 5450 fuit
3494 5396 3657 5450 Caius

2070 5496 2291 5551 Marius.
2341 5494 2539 5552 Missus
2585 5505 2763 5550 autem
2805 5493 3010 5549 Acilius
3057 5492 3321 5548 adversus
3353 5488 3657 5545 defectores

1618 5608 1625 5615 ’
1717 5633 1948 5691 VARIA‘J
1987 5630 2396 5690 LECTIONES.

464 5769 509 5804 ⁸⁷
543 5772 815 5846 καρνᾷνας
981 5773 1038 5846 ff
1057 5773 1281 5846 ταύτης]
1314 5775 1483 5845 αὐτῆς
1505 5776 1569 5829 Α.

1680 5774 1725 5807 δ’
1755 5773 2051 5843 Σκριθαίας
2079 5774 2144 5828 Α.

395 5850 455 5901 et
481 5841 629 5900 corr.
662 5843 709 5901 Δ
780 5845 825 5878 ⁸³
853 5841 1003 5916 ῥᾷον]
1032 5844 1140 5901 imo
1176 5841 1372 5917 ῥᾴδιον.
1442 5841 1514 5878 ’⁹³
1540 5845 1770 5917 ἐνάτην]
1802 5841 1964 5916 ’ἕκτην
1996 5844 2055 5900 Β.

2241 5772 2287 5803 ⁹⁰
2318 5771 2458 5840 ἔχων
2488 5785 2601 5826 om.
2637 5772 2701 5826 A.
2843 5768 2888 5840 ν
2920 5766 3245 5840 ἐπιλέκτων]
3280 5759 3599 5840 ἐπικρατῶν
3627 5760 3667 5814 Β

2156 5843 2202 5877 9‘
2233 5840 2313 5907 δὲ]
2345 5834 2403 5897 δὲ
2424 5842 2516 5897 καί
2548 5840 2609 5897 Β.
2686 5841 2731 5874 ⁸³
2768 5839 2936 5912 μηδὲν
2968 5841 3009 5892 Α
3056 5856 3067 5892 :
3110 5838 3166 5890 δὲ
3198 5834 3363 5906 μηδὲν
3392 5850 3452 5898 ς’.
