4104 6402
581 368 717 432 1ί27

1743 371 2001 435 ΡΗΟΤΙΙ
2026 368 2529 432 PATRIARCHIE
2560 369 2671 429 ΟΡ.

3698 362 3833 427 1428

571 482 887 550 imperator,
924 480 999 537 ita
1031 494 1090 537 se
1120 478 1333 542 fortiter
1360 482 1549 553 gessit,
1595 490 1653 539 ut
1687 482 1988 539 defectores
2024 480 2129 535 illu-

2248 479 2357 534 τῶν
2381 480 2596 543 σταλεὶς
2624 477 2788 551 [ιιει
2812 475 2906 549 R.)
2923 477 3010 531 διὰ
3036 478 3133 547 τῆς
3151 476 3290 541 ἰδίας
3307 476 3560 550 ἀνδρείας
3577 477 3831 547 ἐπιφανεῖ

568 572 668 627 stri
689 572 875 641 praelio
896 572 1571 641 superaverit.Quinetiam
1601 588 1722 630 cum
1756 574 1994 644 ipsorum
2017 587 2147 643 rege

567 664 874 718 Athenione
923 671 1172 719 conserta
1218 678 1384 719 manu
1415 665 1691 721 heroicum
1715 664 1961 735 praelium
1994 678 2145 719 com-

567 756 744 820 misit;
773 756 1097 825 tandemque
1112 771 1235 814 eum
1256 756 1546 824 interfecit,
1562 766 1782 829 accepto
1796 756 1912 813 solo
1922 757 2147 812 vulnere

568 847 618 899 in
653 848 849 915 capite,
878 863 943 902 ex
979 864 1087 918 quo
1114 859 1333 905 sanatus
1378 850 1656 920 aliquanto
1688 859 1809 920 post
1829 850 1949 905 fuit.
1991 848 2146 905 Mox-

564 952 670 1003 que
690 938 1023 993 defectorum
1062 940 1316 1009 reliquias
1334 940 1471 996 bello
1487 949 1802 1011 persecutus
1830 952 1913 997 est
1957 940 2143 996 decem

566 1027 733 1081 millia
765 1028 1067 1083 hominum.
1104 1030 1303 1085 Verum
1338 1031 1394 1087 hi
1416 1046 1540 1087 cum
1594 1032 1853 1101 impetum
1895 1030 2013 1101 ejus
2036 1045 2141 1084 non

566 1117 972 1183 sustinuissent,
1002 1119 1096 1173 sed
1130 1121 1196 1174 ad
1223 1119 1338 1175 loca
1366 1120 1569 1175 munita
1597 1118 1965 1192 confugissent
1994 1138 2008 1186 ;
2036 1134 2140 1174 non

567 1213 747 1261 tamen
785 1205 1008 1276 Acylius
1046 1208 1227 1262 omnia
1282 1218 1492 1266 tentare
1548 1212 1699 1278 prius
1746 1211 1928 1275 desiit,
1976 1225 2140 1280 quam

565 1310 660 1351 eos
688 1309 1023 1367 expugnatos
1051 1299 1103 1353 in
1148 1310 1469 1370 potestatem
1514 1303 1739 1373 redegit.
1792 1302 1925 1357 Cum
1956 1312 2138 1357 autem

566 1397 917 1453 superessent
947 1386 1124 1441 adhuc
1151 1388 1314 1454 mille,
1339 1404 1571 1457 quorum
1600 1389 1707 1444 dux
1740 1397 1857 1444 erat
1887 1389 2139 1459 Satyrus,

564 1477 798 1544 prinmm
852 1477 1071 1545 quidem
1115 1487 1343 1533 conatus
1387 1489 1472 1535 est
1520 1480 1689 1535 armis
1724 1494 1818 1534 eos
1864 1480 2137 1549 subigere,

563 1577 749 1635 postea
785 1581 914 1622 vero
941 1582 1060 1621 cum
1088 1566 1277 1638 legatis
1306 1570 1487 1626 missis
1504 1585 1564 1626 se
1591 1570 1889 1637 dedissent,
1921 1570 1974 1625 in
2002 1585 2139 1640 prae-

562 1674 689 1714 sens
718 1661 933 1729 quidem
974 1674 1186 1731 poenam
1228 1664 1455 1730 remisit,
1489 1664 1581 1719 sed
1621 1664 1848 1719 Romam
1879 1664 2140 1720 abductos

562 1764 685 1805 cum
738 1750 930 1807 bestiis
965 1754 1261 1819 commisit,
1306 1756 1395 1808 ubi
1437 1755 1707 1825 proditum
1731 1764 1814 1812 est
1851 1770 1881 1811 ε
1917 1756 2135 1827 quibus-

2250 569 2401 641 μάχῃ
2438 570 2564 633 τοὺς
2599 568 2914 633 ἀποστάτας
2954 569 3194 638 ἐνίκησε.
3238 570 3349 623 Καὶ
3386 569 3520 639 πρὸς
3566 569 3732 623 αὑτὸν
3772 569 3826 621 δέ

2245 660 2338 714 τὸν
2390 659 2614 731 βασιλέα
2655 658 2766 714 τῶν
2813 659 3138 713 ἀποστατῶν
3180 660 3487 729 Ἀθηνίωνα
3532 659 3826 729 συμϐαλὼν

2244 750 2485 825 ἡρωϊκὸν
2512 749 2699 819 ἀγῶνα
2725 752 3111 821 συνεστήσατο.
3138 752 3249 804 Καὶ
3262 750 3447 805 τοῦτον
3468 752 3569 822 μὲν
3595 752 3824 818 ἀνεῖλεν,

2246 842 2407 905 αὑτὸς
2435 841 2481 895 δ’
2509 844 2590 905 είς
2634 841 2734 911 τὴν
2769 842 3009 912 κεφαλὴν
3041 842 3272 914 τρωθεὶς
3309 842 3677 913 ἐθεραπεύθη.
3719 843 3823 896 Καὶ

2247 931 2532 1002 στρατεύει
2566 931 2661 985 ἐπὶ
2697 933 2824 995 τοὺς
2854 932 3311 1002 ὑπολειπομένους
3336 933 3445 986 τῶν
3475 932 3819 995 ἀποστατῶν,

2242 1022 2403 1086 ὄντας
2429 1023 2673 1094 μυρίους.
2692 1025 2805 1094 Οὐχ
2826 1022 3235 1093 ὑπομεινάντων
3254 1024 3312 1077 δὲ
3337 1023 3434 1095 τὴν
3466 1023 3677 1093 ἔφοδον,
3710 1022 3819 1076 ἀλλ’

2244 1118 2323 1178 εἰς
2365 1115 2440 1169 τὰ
2485 1116 2817 1186 ὀχυρώματα
2856 1117 3303 1185 καταφυγόντων,
3348 1116 3499 1187 ὅμως
3544 1116 3820 1177 Ἀκύλλιος

2241 1206 2343 1260 οὑκ
2367 1206 2597 1260 ἐνεδίδου
2627 1207 2808 1261 πάντα
2852 1208 3127 1277 πράττων,
3164 1208 3269 1272 ἕως
3305 1208 3504 1272 αὑτοὺς
3533 1207 3816 1278 ἐκπολιορ-

2242 1299 2418 1369 κήσας
2439 1299 2486 1332 ⁸⁸
2508 1299 2865 1370 ἐχειρώσατο.
2905 1301 3026 1354 Ἔτι
3057 1300 3104 1354 δ’
3142 1300 3586 1370 ὑπολειπομένων
3612 1300 3817 1370 χιλίων,

2241 1392 2340 1445 καὶ
2369 1391 2673 1461 στρατηγὸν
2696 1390 2929 1461 ἐχόντων
2964 1390 3057 1445 τὸν
3080 1391 3339 1461 Σάτυρον,
3370 1392 3431 1445 τὸ
3471 1392 3574 1463 μὲν
3605 1391 3821 1462 πρῶτον

2240 1481 2539 1536 ἐπεδάλετο
2579 1482 2625 1513 ’τ
2660 1480 2749 1535 διά
2794 1481 2903 1535 τῶν
2950 1481 3132 1535 ὅπλων
3171 1481 3373 1545 αὐτοὺς
3424 1480 3818 1552 χειρώσασθαι,

2241 1572 2381 1644 μετά
2434 1572 2492 1625 δέ
2540 1570 2713 1626 ταῦτα
2762 1571 3261 1641 διαπρεσὸευόντων
3320 1575 3416 1627 καὶ
3462 1571 3818 1643 παραδόντων

2239 1662 2464 1726 ἑαυτοὺς
2516 1662 2620 1734 τῆς
2674 1662 2777 1733 μέν
2834 1663 3149 1732 παραυτίκα
3199 1662 3469 1733 τιμωρίας
3520 1663 3813 1727 ἀπέλυσεν,

2238 1753 2543 1824 ἀπαγαγὼν
2571 1755 2629 1809 δέ
2668 1756 2749 1818 είς
2776 1752 2877 1826 τὴν
2923 1753 3141 1825 Ῥώμην
3172 1752 3514 1825 θηριομάχας
3544 1754 3593 1785 ³⁸
3619 1754 3816 1816 αὐτοὺς

562 1840 711 1905 dam,
745 1857 841 1898 eos
875 1844 1109 1899 maxima
1143 1858 1264 1899 cum
1306 1844 1463 1901 laude
1504 1848 1672 1903 vitam
1708 1847 1968 1905 llnivisse.
1999 1849 2129 1928 Nam

2240 1822 2484 1914 ἐποίησε.
2510 1845 2649 1911 Τοὺς
2674 1845 2732 1899 δέ
2761 1822 2895 1915 φασί
2920 1822 3066 1908 τινες
3095 1822 3541 1917 ἐπιφανεστάτην
3582 1845 3816 1914 ποιήσα-

564 1941 838 1987 certamen
878 1949 1000 1987 cum
1049 1936 1235 1990 bestiis
1273 1936 1625 2003 detrectasse,
1676 1947 1733 1994 et
1775 1939 1843 1993 ad
1895 1939 2139 2009 publicas

559 2036 684 2077 aras
733 2025 934 2079 mutuis
986 2024 1301 2081 vulneribus
1347 2028 1694 2095 occubuisse,
1740 2044 1974 2100 cumque
2022 2030 2140 2083 ubi-

557 2128 705 2166 nium
737 2127 804 2168 ex
837 2115 902 2169 iis
944 2116 1058 2184 ipse
1088 2116 1315 2187 Satyrus
1348 2118 1727 2185 interfecisset,
1755 2135 1877 2174 eum
1906 2127 2025 2190 post
2055 2136 2137 2175 re-

555 2203 733 2272 liqttos
760 2221 973 2272 omnes,
1018 2223 1141 2262 cum
1179 2223 1372 2277 magno
1400 2223 1463 2263 ac
1502 2209 1662 2279 plane
1709 2211 1928 2266 heroico
1965 2210 2132 2265 animi

556 2297 775 2359 robore.
807 2299 909 2353 sibi
956 2314 1147 2355 manus
1194 2302 1459 2358 intulisse.
1511 2301 1715 2358 Bellum
1751 2304 1914 2373 igitur
1937 2304 2135 2361 servile

556 2388 611 2442 in
645 2389 851 2455 Sicilia,
895 2407 1020 2446 cum
1063 2407 1238 2449 annos
1276 2393 1527 2449 durasset
1570 2397 1954 2466 propemodum
2000 2411 2131 2466 qua-

558 2492 705 2547 tuor,
737 2483 879 2538 hunc
912 2482 1029 2539 fere
1054 2485 1311 2555 tragicum
1338 2487 1542 2542 exitum
1572 2488 1780 2543 habuit.

628 2657 810 2723 Venit,
864 2658 1078 2727 inquit.
1129 2675 1160 2717 e
1205 2660 1523 2718 Pessinunte
1580 2664 1825 2736 Phrygiae
1874 2665 2128 2721 sacerdos

553 2750 770 2821 quidam
824 2766 1027 2822 magna:
1070 2752 1294 2808 deorum
1358 2755 1548 2811 matris
1600 2757 1814 2811 nomine
1847 2757 2117 2821 Battaces,

549 2844 641 2913 qui
677 2858 735 2897 se
757 2844 924 2912 jussu:
953 2844 1067 2899 deae
1102 2859 1354 2900 asserens
1390 2847 1602 2911 adesse.
1634 2847 1685 2901 in
1724 2856 1913 2901 senatu
1940 2861 2123 2901 coram

549 2934 957 3002 magistratibus
994 2934 1130 2987 dixit
1173 2948 1330 2989 sacra
1369 2934 1480 2989 deae
1525 2935 1723 3005 polluta
1776 2949 1918 2997 esse,
1960 2944 2122 3005 atque

548 3022 669 3077 ideo
710 3022 895 3077 Romae
945 3022 1159 3093 publice
1205 3024 1412 3093 expiari
1459 3023 1673 3078 debere.
1718 3022 1949 3077 Ferebat
1975 3022 2043 3077 ad
2070 3021 2120 3076 id

547 3122 776 3179 vestem,
804 3112 1017 3182 aliaque
1049 3114 1291 3183 corporis
1321 3122 1640 3169 ornamenta
1673 3112 1872 3185 391a
1904 3128 2039 3169 nova
2065 3123 2120 3168 et
2147 3154 2190 3212 ο

548 3218 822 3272 nunquam
872 3202 1133 3259 Romanis
1178 3204 1316 3271 visa,
1359 3218 1721 3274 coronamque
1758 3220 1979 3260 auream
2013 3221 2120 3259 ma-

547 3293 830 3373 gnitudine
875 3294 1155 3360 inusitata,
1207 3305 1263 3348 et
1302 3294 1496 3349 stolam
1540 3293 1764 3349 ﬂoribus
1816 3294 2039 3349 intextis
2070 3307 2125 3349 et

543 3387 869 3449 inauratam,
919 3388 1070 3456 regio
1113 3401 1244 3442 sane
1291 3388 1596 3457 splendore.
1654 3386 1842 3458 Itaque
1872 3405 1903 3443 ο
1934 3388 2125 3442 rostris

543 3478 609 3529 ad
655 3478 907 3547 populum
938 3480 1101 3534 verba
1150 3478 1373 3544 faciens,
1418 3480 1483 3533 ad
1533 3478 1970 3548 superstitiosum
2006 3481 2122 3533 cul-

544 3578 656 3621 tum
688 3585 781 3625 eos
811 3570 1076 3635 incitavit,
1100 3578 1154 3624 et
1186 3569 1439 3639 hospitiis
1471 3569 1700 3639 publicis
1723 3580 1777 3625 et
1806 3572 2122 3628 diversoriis

545 3672 805 3731 exceptus
832 3676 861 3714 a
893 3662 1110 3715 tribuno
1134 3661 1305 3729 plebis
1328 3662 1391 3717 A.
1418 3660 1677 3732 Pompeio
1700 3678 1953 3719 coronam
1979 3664 2123 3720 ferre

548 3752 855 3820 probibitus
881 3760 985 3806 est.
1010 3750 1093 3805 Ab
1126 3752 1296 3806 altero
1330 3762 1508 3807 autem
1539 3754 1755 3808 tribuno
1778 3754 2039 3810 deductus
2067 3756 2120 3809 in

544 3852 743 3906 rostra,
764 3852 815 3897 et
853 3843 920 3897 de
958 3843 1139 3911 templi
1181 3843 1487 3912 expiatione
1514 3845 1879 3916 interrogatus
1924 3863 2116 3918 super~

542 3932 812 3986 stitiosum
876 3946 1009 3985 sane
1057 3947 1376 4001 responsum
1406 3934 1657 3990 reddidit.
1689 3934 1873 4005 Itaque
1904 3952 1933 3991 a
1968 3936 2123 3993 Pom-

543 4024 665 4091 peio
704 4024 958 4078 seditiose
982 4031 1264 4087 tractatus.
1288 4034 1483 4079 etcum
1504 4026 1699 4095 injuria
1732 4027 1797 4081 ad
1823 4027 2116 4099 hospitium

543 4116 823 4179 deductus,
856 4130 959 4169 non
994 4116 1224 4185 amplius
1255 4118 1472 4186 prodiit,
1504 4133 1609 4172 non
1638 4134 1696 4173 se
1724 4120 1904 4187 modo,
1929 4135 2119 4175 verum

544 4207 707 4261 etiam
741 4206 899 4259 deam
946 4206 1205 4277 iniuriose
1254 4209 1491 4263 habitam
1541 4225 1661 4265 esse
1707 4210 1915 4267 dicens.
1963 4212 2122 4268 Pom-

541 4298 694 4365 peius
712 4312 838 4353 vero
856 4313 920 4352 ex
952 4308 1193 4367 tempore
1216 4298 1350 4354 febri
1384 4301 1686 4357 vehementi
1705 4304 1905 4373 corripi
1928 4305 2119 4375 coepit,

544 4390 685 4444 unde
714 4388 873 4458 paulo
907 4400 1026 4459 post
1057 4399 1237 4444 mutus
1268 4389 1443 4446 factus
1469 4401 1574 4459 est,
1619 4394 1939 4464 anginaeque
1969 4394 2120 4450 dolo-

2242 1934 2366 1987 σθαι
2392 1933 2486 1988 τοῦ
2518 1934 2636 2006 βίου
2672 1936 3064 2007 καταστροφήν
3091 1952 3106 1969 ο
3132 1935 3232 2006 τῆς
3268 1936 3366 2007 μὲν
3387 1937 3433 1968 ”
3455 1936 3567 2007 γάρ
3592 1936 3730 2006 πρὸς
3748 1938 3815 1991 τά

2238 2028 2405 2101 θηρία
2446 2030 2627 2100 μάχης
2657 2030 2986 2100 ἀποστῆναι,
3014 2029 3274 2100 ἀλλήλους
3295 2031 3352 2083 δὲ
3382 2032 3475 2083 ἐπὶ
3505 2030 3617 2083 τῶν
3647 2029 3813 2100 δημο-

2238 2114 2366 2167 σίων
2414 2113 2614 2185 βωμῶν
2658 2115 3025 2184 κατασφάξαι,
3066 2118 3159 2169 καὶ
3194 2116 3285 2169 τὸν
3316 2116 3627 2170 τελευταῖον
3656 2117 3813 2169 αὑτὸν

2234 2206 2474 2277 Σάτυρον
2523 2207 2807 2277 ἀνελόντα,
2850 2210 3039 2263 τοῦτον
3078 2210 3124 2263 δ’
3164 2210 3258 2263 ἐπὶ
3299 2211 3465 2264 πᾶσιν
3495 2210 3812 2279 αὐτοχειρία

2234 2298 2484 2369 ήρωῖκῶς
2536 2300 2929 2371 καταστρέψαι.
2984 2300 3042 2355 '0
3080 2300 3179 2371 μὲν
3226 2299 3319 2354 οὖν
3371 2300 3513 2354 κατά
3565 2300 3811 2353 Σικελίαν

2230 2390 2339 2443 τῶν
2362 2390 2593 2444 οἰκετῶν
2622 2390 2878 2463 πόλεμος,
2913 2392 3197 2463 διαμείνας
3226 2394 3321 2463 ἐτη
3352 2393 3542 2464 σχεδόν
3564 2410 3669 2445 που
3697 2394 3810 2444 τέτ-

2231 2494 2394 2549 ταρα,
2420 2479 2691 2551 τραγικὴν
2722 2478 2849 2551 ἔσχε
2880 2481 2979 2552 τὴν
3015 2482 3418 2553 καταστροφήν.

2300 2650 2422 2706 Ὅτι
2456 2652 2742 2725 Βαττάκης
2763 2673 2847 2720 τις
2874 2656 3045 2728 ὄνομα
3064 2653 3189 2731 ἧκε,
3222 2661 3409 2731 φησὶν,
3441 2665 3505 2715 ἐκ
3533 2661 3808 2715 Πισινοῦν-

2226 2758 2316 2804 τος
2374 2742 2391 2773 ⁸
2441 2742 2541 2814 τῆς
2595 2744 2859 2817 Φρυγίας,
2902 2747 3081 2820 ἱερεὺς
3117 2750 3376 2821 ὑπάρχων
3413 2751 3514 2822 τῆς
3567 2753 3807 2822 μεγάλης

2224 2833 2334 2885 τῶν
2374 2832 2515 2889 θεῶν
2546 2836 2779 2906 μητρός.
2820 2833 2989 2901 Οὗτος
3021 2840 3163 2893 κατά
3192 2842 3520 2913 πρόσταγμα
3553 2844 3651 2914 τῆς
3687 2843 3805 2897 θεοῦ

2224 2928 2481 2997 παρεῖναι
2510 2928 2711 2998 φήσας,
2757 2932 2872 2994 τοῖς
2901 2932 3160 3003 ἄρχουσιν
3193 2935 3412 3006 ἐνέτυχε
3450 2937 3543 2989 καὶ
3571 2941 3637 3008 τῇ
3690 2954 3808 3005 συγ·

2222 3018 2423 3091 κλήτῳ,
2464 3019 2637 3090 λέγων
2663 3022 2722 3075 τὸ
2753 3023 2895 3093 ἱερὸν
2920 3025 3020 3095 τῆς
3053 3026 3175 3081 θεοῦ
3206 3030 3534 3098 μεμιάνθαι,
3572 3033 3668 3084 καὶ
3698 3032 3806 3084 δεῖν

2223 3110 2418 3173 αὑτοὺς
2446 3110 2467 3141 ⁸
2504 3111 2741 3184 δημοσίᾳ
2762 3112 3082 3186 καθαρμοὺς
3106 3118 3204 3193 ἐπὶ
3232 3122 3333 3190 τῇς
3374 3120 3594 3193 Ῥώμης
3621 3140 3808 3177 συντε-

2225 3200 2502 3273 λεσθῆναι.
2539 3202 2758 3274 Ἐφόρει
2785 3206 2840 3259 δὲ
2870 3208 3075 3279 ἐσθῆτα
3104 3212 3198 3263 καὶ
3239 3212 3339 3282 τὴν
3378 3216 3510 3283 περὶ
3553 3214 3613 3267 τὸ
3649 3217 3807 3283 σῶμα

2225 3291 2392 3363 ἄλλην
2426 3296 2771 3368 κατασκευὴν
2804 3297 3214 3373 ἐξηλλαγμένην
3256 3304 3350 3358 καὶ
3383 3306 3487 3358 ὑπὸ
3518 3307 3629 3359 τῶν
3674 3309 3807 3361 Ῥωο

2230 3386 2403 3456 μαίων
2446 3387 2585 3442 ἐθῶν
2608 3390 2629 3421 ³
2661 3389 2762 3443 οὑκ
2791 3392 3240 3466 ἐπιχωρουμὲνην
3262 3396 3313 3427 δ’
3347 3398 3586 3468 χρυσοῦν
3615 3418 3674 3453 τε
3702 3403 3805 3470 γάρ

2228 3477 2492 3547 στέφανον
2525 3476 2671 3551 εἶχεν
2702 3483 3053 3557 ὑπερμεγέθη
3088 3488 3181 3541 καὶ
3205 3490 3395 3560 στολὴν
3439 3492 3666 3563 ἀνθίνην
3697 3495 3805 3548 διά-

2225 3585 2447 3640 χρυσον,
2480 3568 2763 3642 βασιλικὴν
2795 3574 2951 3641 ἀξίαν
2989 3577 3399 3645 ἐπιφαίνουσαν.
3431 3583 3804 3652 Ποιησάμενος

2224 3660 2282 3713 δὲ
2312 3660 2503 3730 λόγους
2529 3663 2622 3717 ἐπὶ
2649 3665 2759 3719 τῶν
2793 3667 3038 3735 ἐμσόλων
3062 3671 3120 3721 ὲν
3149 3670 3227 3741 τῷ
3258 3673 3435 3744 δήμῳ,
3471 3675 3649 3728 καὶτὸ
3667 3677 3802 3744 πλῆ-

2226 3752 2317 3817 θος
2350 3755 2431 3818 είς
2486 3756 2911 3829 δεισιδαιμονίαν
2952 3762 3225 3832 ἐμϐαλὼν,
3279 3766 3661 3838 καταλύματος
3708 3771 3800 3839 μὲν

2223 3842 2479 3915 δημοσίου
2523 3848 2616 3900 καὶ
2660 3846 2849 3913 ξενίων
2893 3851 3123 3925 ἠξιώθη,
3149 3856 3241 3908 τὸν
3266 3857 3324 3911 δὲ
3362 3860 3626 3927 στέφανον
3670 3863 3802 3914 ἐκω-

2223 3932 2359 4004 λύθη
2380 3938 2566 4006 φορεῖν
2587 3938 2677 4008 ὑφ’
2701 3940 2819 4005 ἐνὸς
2841 3941 2948 3995 τῶν
2968 3944 3265 4017 δημάρχων
3286 3946 3459 4001 Δύλου
3491 3952 3798 4020 Πομπηΐου.

2222 4027 2323 4080 Διά
2356 4046 2497 4093 τινος
2518 4029 2563 4083 δ’
2593 4030 2779 4103 ἑτέρου
2808 4033 3092 4106 δημάρχου
3120 4039 3411 4109 προαχθεὶς
3432 4042 3526 4095 ἐπὶ
3553 4040 3683 4114 [638
3712 4041 3796 4115 IL]

2222 4121 2288 4172 τὰ
2319 4119 2542 4190 ἔμϐολα,
2575 4124 2667 4176 καὶ
2702 4126 2830 4195 περὶ
2868 4128 2964 4197 τῆς
2993 4130 3071 4193 είς
3100 4129 3121 4161 ⁵
3152 4131 3211 4183 τὸ
3242 4133 3385 4202 ἱερὸν
3417 4135 3644 4203 ἁγνείας
3704 4139 3798 4190 ἐπ·-

2222 4211 2599 4282 ερωτώμενος,
2630 4216 2950 4287 ἀποκρίσεις
2986 4221 3219 4275 ἐποιεῖτο
3247 4223 3670 4295 δεισιδαιμονίαν
3704 4245 3798 4281 πε-

2224 4303 2533 4374 ριεχούσας.
2565 4306 3070 4376 Καταστασιασθεὶς
3106 4312 3163 4367 δὲ
3194 4314 3299 4368 ὑπὸ
3325 4317 3416 4369 τοῦ
3443 4317 3463 4348 ⁸
3490 4318 3794 4390 Πομπηΐου,

2225 4399 2318 4453 καὶ
2342 4400 2462 4471 μεθ’
2497 4400 2707 4473 ὕϐρεως
2737 4405 3070 4475 ἀπαλλαγεὶς
3104 4410 3195 4463 ἐπὶ
3231 4410 3328 4482 τὴν
3355 4414 3673 4481 κατάλυσιν,
3708 4418 3797 4469 ού-

540 4483 693 4536 ribus
750 4496 916 4551 supra
980 4484 1199 4537 modum
1259 4493 1485 4539 vexatus
1527 4494 1649 4554 post
1694 4486 1836 4541 diem
1893 4487 2113 4542 tertium

2230 4495 2342 4551 κέτι
2370 4498 2790 4570 προεπορεύετο,
2830 4502 3006 4569 λέγων
3044 4505 3118 4576 μὴ
3154 4507 3311 4576 μόνον
3358 4508 3547 4562 ἑαυτὸν
3592 4512 3799 4575 ἀσεϐῶς

543 4574 864 4643 exspiravit,
891 4573 1153 4644 multique
1174 4589 1237 4629 eo
1266 4576 1409 4645 quod
1447 4578 2114 4649 sacerdotemripsamque

2230 4587 2761 4658 προπεπηλακίσθαι,
2785 4592 3029 4647 ἀλλὰκαὶ
3049 4573 3319 4667 τῆνήθεόν.
3347 4597 3405 4654 Ὀ
3437 4599 3491 4652 δὲ
3517 4573 3795 4673 Πομπήϊος

540 4666 694 4718 deam
748 4665 1085 4732 olfendisset,
1128 4668 1308 4721 divina
1353 4667 1585 4738 quadam
1636 4671 1974 4738 providentia
2022 4687 2119 4726 ex-

539 4756 797 4810 stinctum
840 4758 1278 4827 suspicabantur.
1325 4758 1817 4827 Superstitionibus
1845 4762 1988 4815 enim
2020 4764 2118 4815 mi-

539 4864 656 4900 rum
687 4846 740 4902 in
781 4849 997 4902 modum
1034 4848 1195 4903 dediti
1238 4850 1465 4903 Romani
1492 4860 1634 4905 sunt.
1660 4851 1839 4917 Quare
1870 4851 2116 4908 Batlaces

537 4953 707 4992 sacrm
736 4939 891 4993 stolae
948 4939 1166 4994 indutus
1205 4950 1548 5005 ornamento,
1583 4940 1939 5010 amplioribus
1966 4944 2112 4997 arvi-

540 5031 614 5083 ris
659 5030 844 5084 multis
894 5038 950 5085 et
986 5029 1204 5085 feminis
1254 5031 1504 5098 hospitiis
1562 5043 1857 5101 exceptus,
1912 5032 2114 5087 Roma-

539 5132 645 5183 que
700 5117 981 5172 discedens
1032 5134 1153 5170 cum
1206 5132 1419 5188 pompa,
1462 5120 1717 5181 dimissus
1773 5131 1879 5175 est.
1925 5122 2115 5177 Solent

544 5206 774 5261 Romani
827 5208 1023 5262 milites
1077 5210 1310 5272 ducent,
1360 5209 1574 5277 quando
1627 5210 1886 5265 adversus
1930 5210 2114 5267 hostes

538 5313 661 5352 Cum
701 5300 803 5354 illis
848 5315 1023 5370 pugna
1064 5302 1440 5368 contendens,
1490 5316 1651 5372 supra
1686 5318 1779 5356 scx
1821 5304 1964 5358 mille
2012 5306 2111 5359 bo-

2217 4681 2562 4750 παραχρῆμα
2624 4684 2724 4752 μὲν
2776 4684 2961 4755 λά6ρῳ
2990 4687 3013 4717 τ
3044 4690 3265 4761 πυρετῷ
3298 4692 3621 4763 συνεσχέθη.
3661 4697 3797 4763 μετά

2213 4767 2271 4821 δὲ
2329 4770 2500 4823 ταῦτα
2541 4771 2753 4840 ἄφωνος
2801 4776 3091 4846 γενόμενος
3136 4779 3230 4831 καὶ
3268 4781 3638 4849 καταληφθεὶς
3681 4802 3801 4835 κυν-

2218 4861 2432 4931 αγχικῴ
2496 4863 2660 4916 πάθει
2696 4868 2936 4935 τριταῖος
2973 4869 3307 4941 κατέστρεψε
3348 4870 3438 4925 τὸν
3470 4873 3607 4943 βίον,
3648 4876 3800 4945 παρά

2215 4955 2328 5014 τοῖς
2355 4952 2567 5016 πολλοῖς
2616 4955 2949 5027 ὑποληφθεὶς
2989 4958 3107 5028 θεία
3136 4963 3243 5015 τινὶ
3286 4964 3531 5035 προνοίᾳ,
3571 4965 3688 5017 ἀνθ’
3721 4958 3798 5017 ὧν

2220 5042 2299 5102 εἰς
2330 5042 2421 5093 τὸν
2458 5044 2606 5112 ἱερέα
2636 5045 2731 5097 καὶ
2770 5046 2870 5117 τὴν
2910 5046 3032 5101 θεὸν
3071 5049 3520 5122 ἐπλημμέλησεν,
3566 5054 3659 5107 τοῦ
3694 5056 3796 5125 ζῇν

2222 5132 2549 5202 ἐστερῆσθαι
2581 5151 2594 5164 ·
2649 5137 2854 5209 σφόδρα
2884 5140 2992 5211 γὰρ
3030 5140 3287 5210 Ῥωμαῖοι
3316 5144 3793 5217 δεισιδαιμονοῦσι.

2220 5225 2418 5295 Διόπερ
2447 5226 2475 5278 ό
2502 5227 2785 5300 Βαττάκης
2809 5230 2989 5285 λαϐὼν
3019 5232 3119 5302 τὴν
3146 5236 3490 5308 συγχώρησιν
3519 5240 3620 5310 τῆς
3655 5244 3799 5295 κατά

2222 5316 2320 5383 τὴν
2348 5319 2497 5390 ἱερὰν
2539 5320 2728 5391 στολὴν
2775 5325 3136 5395 κατασκευῆς,
3168 5328 3260 5380 καὶ
3304 5330 3559 5403 τιμηθεὶς
3590 5333 3791 5397 ἀξιολό-

1824 5488 2054 5547 VARUE
2099 5491 2500 5555 [.ECTIONI‘IS.

614 5651 656 5730 _’“
683 5653 1138 5730 ἐκπολιορκήσας]
1246 5675 1258 5709 :
1286 5660 1665 5730 ἐκπολεμῆσας
1695 5682 1752 5727 ς.

542 5793 731 5861 μένην.
844 5797 863 5826 ⁸
896 5796 974 5858 εἰς
1004 5812 1114 5851 om.
1149 5793 1192 5850 Α
1297 5793 1435 5854 (τοῦ
1461 5803 1582 5857 add.
1609 5793 1684 5858 ΑΪ
1750 5807 1767 5837 ⁷
1799 5804 1983 5876 λαύρῳ
2012 5825 2069 5871 ς.

604 5664 656 5732 f"
683 5664 1138 5745 exuatzoexﬁ'nf]
1166 5664 1207 5745 ii
1246 5675 1266 5745 ε.
1286 5664 1665 5745 ἐκπολεμήσας
1695 5682 1752 5727 ς.
1856 5664 1899 5745 9:
1927 5666 2254 5745 ἐπεϐάλλετο
2287 5688 2346 5735 ςι,
2422 5673 2468 5711 οι
2499 5672 2865 5745 θηριομάχους
2900 5678 2958 5735 Β,

536 5725 751 5808 νούντος
785 5725 862 5808 Β..
921 5726 1180 5808 tauro-3g]
1209 5730 1343 5808 αὐτῇ
1382 5725 1812 5808 κγσιέξὸιίιιει-υς.⁸
1874 5736 1895 5808 ’_
1930 5737 2067 5790 ἐθῶν
2094 5740 2129 5791 S

2230 5743 2333 5808 igct'
2361 5762 2371 5795 :
2403 5744 2523 5797 liln'i
2554 5725 2769 5800 ’έονίῖινί⁵

3058 5682 3103 5717 θ’
3134 5683 3231 5751 μὲν
3256 5685 3379 5738 add.
3415 5685 3475 5737 B.
3556 5688 3571 5719 ¹
3602 5686 3796 5739 Πισσι-

2824 5756 2841 5780 ·
2873 5752 3336 5825 ὲπιχωμυμένην]
3360 5755 3479 5810 libri
3512 5757 3799 5827 ἐπιχωρη-
