4104 6458
314 396 461 477 1429‘
1352 419 1880 481 BIBLIOTHECA.
1914 443 1973 455 —
1996 422 2162 484 con.
2195 421 2486 484 ccxuv.
3439 425 3574 491 H30

309 549 430 602 γοις
475 530 689 597 ξενίοις,
739 531 844 587 ὁπδ
879 532 1086 588 πολλῶν
1117 534 1326 607 ἀνδρῶν
1373 553 1432 588 τε
1476 537 1568 590 καὶ
1619 536 1891 604 γυναικῶν

1999 538 2162 591 stium
2224 537 2601 609 proﬂigasset,
2649 541 3048 610 imperatorem,
3092 544 3194 599 hoc
3257 554 3338 597 est
3398 560 3578 614 regem

309 622 678 696 προεπέμφθη
699 624 798 697 τὴν
820 626 884 679 ὲκ
903 627 1001 697 τῆς
1034 626 1253 698 Ῥώμης
1271 627 1530 682 ἐπάνοδον
1552 628 1891 698 ποιούμενος.

2006 628 2319 684 renuntiare
2347 630 2478 700 (7i).

310 720 436 773 Ὀτι
465 721 587 784 ἔθος
628 717 695 795 ἦν
738 726 854 786 τοῖς
905 725 1195 796 Ῥωμαίων
1234 725 1619 795 στρατιώταις,
1671 726 1835 795 ἡνίκα
1868 724 1897 777 ὁ
1931 726 2240 795 στρατηγδς
2280 728 2604 794 αὐτῶν,σὺν
2647 729 2831 795 αὐτοῖς
2867 730 3017 805 μάχῃ
3045 732 3184 803 πρός
3244 749 3399 795 τινας
3474 731 3583 784 τῶν

311 814 587 885 πολεμίων
621 819 995 888 συμπλακεὶς,
1032 820 1170 893 ὑπὲρ
1202 824 1329 886 τοὺς
1360 822 1761 895 ἑξακισχιλίους
1792 819 1919 894 [156
1954 818 2043 892 IL]
2083 823 2191 875 τῶν
2228 825 2439 895 ἐχθρῶν
2471 826 2720 897 ἐφαίνετο
2747 826 2974 895 ἀνελὼν,
3004 830 3346 900 ίμπεράτορα
3374 828 3396 861 ⁸
3418 827 3583 881 αὐτὸν

309 912 664 980 ἀναγορεύειν
700 913 794 965 καὶ
828 914 1144 985 ἀποκαλεῖν,
1182 918 1210 971 ὃ
1250 919 1365 972 ἐστι
1389 919 1634 990 βασιλέα.

525 1006 628 1059 Ἐκ
664 1005 770 1060 τοῦ
807 1004 894 1067 λζθ
930 1009 1029 1064 καί
1066 1017 1119 1079 η’
1155 1013 1253 1067 καὶ
1295 1013 1414 1067 τῶν
1451 1015 1694 1086 ἑφεξῆς.

385 1096 508 1150 Ὅτι
545 1097 635 1151 τὸν
664 1099 949 1172 Μαρσικὸν
978 1103 1347 1175 ὀνομασθέντα
1395 1108 1632 1180 πόλεμον
1676 1113 1767 1166 ἐπὶ
1804 1114 1903 1185 τῆς

309 1189 544 1242 αὑτοῦ¹⁰
578 1192 794 1263 ἡλικίας
845 1196 1110 1270 Διόδωρος
1174 1200 1396 1270 μείζονα
1461 1204 1741 1260 πάντων¹¹
1793 1209 1902 1260 τῶν

309 1283 720 1351 προγεγονότων
772 1287 1155 1359 ἀποφαίνεται.
1188 1294 1513 1365 Ὠνομάσθαι
1574 1298 1634 1352 δέ
1696 1318 1827 1369 φησι
1858 1302 1900 1334 ¹²

306 1374 596 1446 Μαρσικὲν
643 1381 707 1434 ἐκ
751 1380 858 1434 τῶν
905 1384 1187 1455 ἀρξάντων
1226 1391 1325 1461 τῆς
1371 1392 1745 1461 ἀποστάσεως,
1777 1399 1900 1450 ἐπεὶ

309 1468 628 1537 σύμπαντες
657 1490 718 1540 γε
746 1474 939 1529 Ἰταλοὶ
966 1477 1108 1531 κατὰ
1140 1479 1430 1553 Ῥωμαίων
1454 1483 1643 1540 τοῦτον
1670 1488 1898 1559 ἐξήνεγ-

308 1578 413 1614 καν
436 1564 527 1616 τὸν
558 1565 815 1632 πόλεμον.
844 1570 1034 1624 Αίτίαν
1063 1572 1120 1625 δὲ
1149 1573 1373 1645 πρώτην
1402 1577 1657 1646 γενέσθαι
1681 1581 1775 1635 τοῦ
1804 1600 1901 1636 πο-

306 1652 475 1723 λέμου
507 1656 569 1708 τὸ
603 1664 931 1728 μεταπεσεῖν
958 1664 1084 1727 τοὺς
1118 1665 1423 1738 Ῥωμαίους
1455 1672 1562 1724 ἀπὸ
1604 1673 1702 1742 τῆς
1750 1674 1900 1728 εὐτά-

306 1760 440 1798 κτου
473 1748 568 1801 καὶ
612 1749 763 1822 λιτῆς
793 1754 1019 1827 ἀγωγῆς
1062 1758 1158 1812 καὶ
1183 1760 1508 1833 ἐγκρατοῦς,
1537 1763 1604 1817 δι’
1632 1760 1700 1837 ἧς
1738 1767 1832 1819 ἐπὶ
1854 1767 1898 1799 ¹³

2135 1006 2219 1061 Ea:
2251 1009 2385 1063 libro
2418 1026 2601 1066 xxxv"
2635 1021 2683 1066 et
2721 1026 2817 1067 vm
2853 1021 2902 1065 et
2933 1010 3054 1065 aliis
3091 1011 3443 1081 sequentibus.

2072 1101 2163 1155 Ait
2194 1101 2459 1158 Diodorus
2489 1102 2687 1159 bellum
2723 1103 2864 1175 quod
2900 1103 3099 1158 dicitur
3139 1102 3448 1169 Marsicum,
3483 1117 3580 1157 sua

1998 1205 2161 1253 {etate
2201 1196 2415 1252 caeteris
2459 1197 2902 1251 antecedentibus
2931 1196 3110 1267 majus
3150 1210 3273 1251 esse
3310 1214 3323 1251 :
3373 1204 3428 1251 et
3458 1195 3580 1250 ideo

1998 1289 2066 1342 ab
2116 1286 2431 1343 auctoribus
2468 1285 2782 1343 rebellionis
2830 1286 3123 1344 Marsicum
3157 1288 3578 1357 ldenominatum

1998 1393 2139 1435 esse.
2199 1376 2475 1449 Siquidem
2525 1376 2644 1432 Itali
2695 1393 2885 1434 omnes
2932 1377 3195 1433 Romanis
3237 1378 3433 1433 bellum
3480 1378 3583 1433 hoc

1999 1470 2316 1525 intulerunt.
2376 1469 2511 1525 Belli
2559 1484 2721 1525 causa
2765 1470 2937 1539 prima
2990 1469 3110 1535 fuit,
3168 1471 3293 1543 quia
3352 1468 3583 1526 Romani

1996 1561 2313 1632 compositis
2373 1561 2682 1633 sobriisque
2732 1571 2787 1617 et
2847 1560 3254 1617 continentibus
3313 1561 3579 1626 moribus,

1995 1669 2093 1724 per
2125 1669 2262 1725 quos
2292 1661 2578 1725 tantopere
2610 1663 2929 1721 creverant,
2950 1653 3017 1709 ad
3050 1654 3416 1724 perniciosum
3448 1654 3583 1709 deli-

1997 1747 2202 1804 ciarum
2233 1756 2288 1803 et
2320 1748 2752 1817 intemperantiae
2779 1748 3012 1803 studium
3044 1749 3407 1804 desciverunt.
3445 1747 3577 1802 Nam

306 1840 562 1895 τοσοῦτον
592 1813 942 1918 ηὐξήθησαν,
1084 1813 1327 1925 ὀλέθριόν
1366 1813 1891 1929 ’έρξῷῆξᾩαι

2001 1840 2069 1894 ob
2090 1839 2229 1896 hanc
2258 1813 2621 1911 corruptelam
2651 1849 2768 1895 orta
2814 1840 2987 1907 plebis
3032 1840 3291 1895 adversus
3331 1850 3577 1895 senatum

307 1934 624 2002 ἀκολασίας.
660 1940 754 1993 Ἐκ
808 1941 918 2014 γὰρ
968 1943 1068 2015 τῆς
1118 1945 1420 2019 διαφθορᾶς
1443 1948 1487 1981 ⁸⁸
1525 1949 1731 2023 ταύτης
1771 1970 1899 2007 στα-

310 2027 600 2094 σιάσαντος
650 2032 742 2085 τοῦ
788 2034 1083 2105 δημοτικοῦ
1120 2038 1256 2109 πρὸς
1284 2039 1382 2112 τὴν
1415 2040 1741 2112 σύγκλητον,
1778 2039 1899 2100 εἷτα

306 2119 528 2191 ἐκείνης
562 2124 1038 2200 ἐπικαλεσαμένης
1066 2130 1193 2195 τοὺς
1218 2134 1283 2186 ὲκ
1301 2133 1403 2203 τῆς
1429 2134 1661 2199 Ἰταλίας
1682 2137 1898 2193 ἐπικου-

309 2215 494 2284 ρῆσαι,
517 2216 614 2270 καὶ
640 2218 1020 2294 ὑποσχομένης
1050 2223 1151 2293 τῆς
1176 2227 1551 2300 πολυεράστου
1580 2230 1897 2306 Ῥωμαῖκῆς

304 2306 582 2373 πολιτείας
619 2311 942 2379 μεταδοῦναι
974 2315 1067 2369 καὶ
1109 2317 1257 2389 νόμῳ
1285 2320 1562 2389 κυρῶσαι,
1594 2322 1719 2378 ἐπεὶ
1745 2325 1898 2380 οὐδὲν

302 2397 417 2451 τῶν
446 2399 842 2472 ὑπεσχημένων
877 2408 990 2467 τοῖς
1019 2407 1349 2475 Ἰταλιώταις
1378 2412 1614 2482 ἐγένετο,
1646 2417 1676 2469 ό
1702 2416 1763 2483 ἐξ
1794 2419 1897 2472 αὐ-

301 2492 414 2545 τῶν
448 2494 684 2563 πόλεμος
709 2498 846 2569 πρὸς
872 2499 1175 2571 Ῥωμαίους
1196 2503 1492 2577 ἐξεκαύθη,
1511 2508 1897 2567 ὑπατευόντων

302 2577 364 2630 ἐν
415 2581 480 2650 τῇ
516 2581 703 2656 Ῥώμῃ
751 2586 983 2641 Λευκίου
1015 2590 1306 2661 Μάρκου¹⁸
1341 2596 1611 2653 Φιλίππου
1644 2600 1743 2653 καὶ
1770 2600 1896 2667 Σέξ-

302 2686 399 2722 του
419 2671 458 2701 ¹⁶
479 2671 697 2726 Ἰουλίου
716 2690 732 2706 ο
767 2674 1075 2746 Ὀλυμπιάς
1106 2680 1151 2735 δ’
1175 2680 1367 2752 ῆχθηίτ
1392 2684 1529 2756 πρὸς
1557 2690 1679 2753 ταῖς
1703 2688 1895 2744 ἑκατὸν

303 2758 807 2845 έδδομήκοντα.⁹Εν
840 2767 1016 2840 τούτῳ
1056 2769 1133 2842 τῷ
1165 2771 1391 2845 πολέμῳ
1419 2777 1643 2832 ποικίλα
1672 2779 1768 2833 καὶ
1800 2797 1896 2833 πο-

302 2844 549 2942 λότροπα
587 2852 735 2942 πάθη
785 2857 881 2910 καὶ
922 2858 1132 2913 πόλεων
1184 2844 1415 2928 ἁλώσεις
1444 2868 1691 2939 ἐκατέρῳ
1738 2870 1894 2942 μέρει

301 2936 415 3033 τῶν
430 2938 946 3033 διαπολεμησάντων
967 2950 1193 3023 συνέϐη,
1220 2936 1688 3031 ταλαντευομένης
1704 2936 1855 3013 ῶσπε
1862 2978 1893 3033 ρ

302 3027 553 3120 επίτηδες
603 3033 753 3103 παρὰ
801 3036 967 3108 μέρος
1012 3039 1114 3111 τῆς
1156 3043 1314 3113 νίκης
1358 3046 1452 3099 καὶ
1486 3027 1803 3120 μηδετέροις
1833 3027 1893 3106 ὲν

2000 1932 2289 2003 seditione,
2333 1948 2456 1990 cum
2502 1934 2696 1990 deinde
2731 1943 2951 1990 senatus
2998 1933 3254 1989 Italorum
3291 1948 3445 2001 opem
3474 1933 3581 1986 im-

1999 2024 2283 2095 plorasset,
2319 2034 2374 2081 et
2406 2028 2485 2083 eis
2532 2035 2777 2091 optatum
2808 2026 2937 2082 illud
2968 2025 3227 2081 Romana:
3278 2025 3473 2096 391b
3501 2027 3582 2080 ci-

1998 2116 2183 2173 vitatis
2216 2117 2306 2188 jus
2338 2117 2614 2188 pollicitus
2645 2117 2859 2181 fuisset,
2889 2119 3049 2190 idque
3088 2133 3147 2174 se
3179 2117 3297 2188 lege
3336 2117 3579 2172 sancitu-

1998 2222 2117 2263 rum
2172 2210 2561 2279 promississet,
2614 2226 2738 2265 cum
2795 2212 3188 2282 promissorum
3243 2211 3377 2266 nihil
3432 2209 3579 2266 Italis

1998 2308 2366 2367 praestaretur,
2402 2300 2608 2356 exarsit
2630 2316 2695 2356 ex
2734 2301 2839 2357 illis
2876 2301 3071 2357 Iiellum
3096 2302 3352 2357 adversus
3380 2301 3580 2355 Roma-

1999 2407 2115 2457 nos,
2168 2389 2355 2447 Romae
2413 2393 2756 2449 consulatum
2805 2394 3116 2462 gerentibus
3158 2393 3327 2450 Lucio
3376 2392 3581 2448 Marcio

1998 2482 2268 2553 Philippo,
2298 2493 2352 2538 et
2384 2482 2549 2540 Sexto
2587 2483 2751 2551 Julio,
2790 2485 3111 2558 Olympiade
3148 2501 3310 2554 supra
3346 2486 3575 2539 centesi-

1997 2590 2138 2630 mam
2192 2578 2589 2649 septuagesima
2638 2581 2899 2635 secunda.
2940 2578 2997 2634 In
3045 2579 3148 2634 boc
3190 2578 3335 2633 bello
3378 2577 3582 2634 diversi

1999 2669 2243 2739 variique
2281 2684 2440 2726 casus
2502 2681 2557 2727 et
2611 2672 2828 2727 urbium
2884 2672 3310 2743 expugnationes
3364 2672 3581 2741 utrique

1999 2760 2312 2815 bellantium
2364 2762 2508 2832 parti
2568 2763 2938 2835 contigerunt,
2989 2771 3213 2818 nutante
3260 2762 3417 2833 quasi
3451 2763 3577 2816 data

1996 2870 2159 2923 opera
2196 2855 2247 2909 in
2285 2863 2574 2927 utramque
2610 2863 2816 2926 partem
2865 2856 3117 2920 victoria,
3146 2865 3201 2910 et
3232 2854 3437 2910 neutris
3470 2863 3582 2909 sta-

1997 2947 2088 3002 bili
2123 2957 2498 3018 permanente.
2542 2947 2745 3003 Tamen
2778 2958 3066 3019 postquam
3100 2949 3355 3019 utrinque
3384 2950 3581 3007 cecidit
3638 2982 3641 2985 ν

1999 3040 2262 3095 immensa
2309 3041 2588 3097 hominum
2650 3041 2960 3109 multitudo,
3011 3057 3137 3099 sero
3183 3051 3237 3098 et
3287 3057 3429 3113 aegre
3471 3040 3580 3098 [{0-

304 3118 510 3223 βεςαίῳ
554 3124 943 3223 δια-μενούσης⁸
977 3132 1127 3202 ὅμως
1170 3134 1401 3208 ἀπείρου
1432 3138 1672 3211 πλήθους
1692 3118 1891 3197 -ὲκατέ-

2000 3132 2141 3186 mani
2180 3132 2464 3188 victoriam
2506 3134 2708 3203 adepti,
2756 3135 2941 3191 ﬁrmas
2984 3136 3129 3191 vires
3198 3134 3575 3191 obtinuerunt.

304 3213 483 3304 ρωθεν
517 3217 794 3284 πεσόντος,
826 3221 924 3291 ὀψὲ
972 3223 1068 3277 καὶ
1101 3224 1257 3296 μόλις
1289 3225 1585 3300 Ῥωμαίοις
1609 3232 1889 3304 ἐξενίκησε

1997 3222 2391 3294 Oppugnabant
2424 3234 2607 3281 autem
2644 3225 2921 3283 Romanos
2966 3226 3262 3296 Samnites,
3295 3228 3575 3293 Asculani,

305 3302 675 3395 EeGathﬁvat
726 3310 786 3363 τὸ
840 3313 1060 3383 κράτος.
1104 3317 1439 3391 Ἑπολέμουν
1491 3322 1550 3376 δὲ
1597 3302 1891 3395 Ῥωμαίοις

1994 3313 2218 3381 Lucani,
2249 3316 2540 3387 Picentini,
2569 3318 2790 3387 Nolani,
2814 3328 2869 3375 et
2905 3320 3023 3376 alia:
3050 3321 3211 3376 urbes
3241 3328 3402 3389 atque
3431 3335 3576 3391 geu-

304 3393 579 3463 Σσιυνῖται,
599 3399 992 3470 ’Δσκολανοὶη,
1022 3406 1309 3477 Λευκανοὶ,
1342 3412 1665 3482 Πικεντηνοὶ
1685 3393 1747 3479 ιδ,
1771 3415 1893 3468 Νω-

303 3487 458 3542 λανοὶ
486 3493 580 3544 καὶ
609 3492 793 3565 ἕτεραι
817 3496 1000 3562 πόλεις
1022 3499 1117 3553 καὶ
1139 3500 1266 3573 ἔθνη
1284 3519 1297 3532 ο
1327 3503 1386 3556 ὲν
1406 3498 1484 3567 οἷς
1507 3507 1887 3579 ὲπισημοτάτη

300 3583 397 3636 καὶ
436 3586 670 3657 μεγίστη
719 3589 814 3641 καὶ
862 3590 1013 3663 κοινὴ
1056 3593 1211 3657 πόλις
1253 3597 1378 3666 ἄρτι
1425 3599 1888 3671 συντετελεσμένη

252 3725 256 3728 .
300 3679 418 3741 τοῖς
450 3679 783 3745 Ἰταλιώταις
813 3682 871 3735 τὸ
905 3684 1198 3756 Κορφίνιον
1242 3683 1309 3759 ἦν
1332 3730 1346 3749 .
1384 3691 1441 3743 ὲν
1475 3684 1509 3764 ᾗ
1540 3692 1607 3746 τά
1638 3709 1698 3745 τε
1731 3692 1886 3760 ἄλλα,

302 3768 405 3821 ὅσα
446 3770 690 3842 μεγάλην
720 3773 875 3827 πόλιν
908 3777 1003 3829 καὶ
1033 3777 1206 3850 ἀρχὴν
1243 3780 1593 3850 κρατύνουσι,
1626 3784 1887 3853 συνεστή-

305 3879 470 3917 σαντο
498 3867 589 3918 καὶ
620 3866 827 3937 ἀγορὰν
857 3869 1130 3940 εὐμεγέθη
1160 3872 1254 3925 καὶ
1297 3872 1426 3945 [659
1456 3873 1551 3946 Η.]
1596 3874 1887 3948 βουλευτή-

303 3973 441 4027 ριον,
473 3958 569 4011 καὶ
594 3958 661 4012 τὰ
690 3960 823 4014 ἄλλα
845 3961 912 4015 τὰ
948 3963 1082 4033 πρὸς
1107 3963 1345 4036 πόλεμον
1365 3965 1615 4035 ἀφθόνως
1645 3966 1884 4034 ἅπαντα,

301 4051 399 4104 καὶ
452 4052 753 4123 χρημάτων
805 4054 1043 4125 πλῆθος,
1085 4058 1179 4110 καὶ⁷
1216 4056 1421 4129 τροφῆς
1480 4058 1676 4130 δαψιλῆ
1717 4078 1884 4133 χορη-

302 4146 447 4211 γίαν.

375 4240 783 4311 Συνεστήσαντο
810 4243 865 4295 δὲ
894 4242 988 4296 καὶ
1022 4242 1325 4315 σύγκλητον
1348 4245 1531 4318 κοινὴν
1548 4247 1593 4279 ²⁰
1620 4264 1886 4302 πεντακο-

304 4333 437 4387 σίων
468 4334 697 4405 ἀνδρῶν,
724 4334 782 4402 ἐξ
810 4329 884 4390 ὧν
911 4336 964 4389 οἴ
999 4354 1056 4390 τε
1084 4338 1181 4408 τῆς
1225 4340 1486 4411 πατρίδος
1522 4342 1711 4412 ἄρχειν
1744 4341 1885 4408 ἄξιοι

302 4426 749 4498 προαχθήσεσθαι
781 4428 1004 4497 ἔμελλον
1031 4429 1124 4483 καὶ
1155 4431 1206 4483 οἱ
1234 4431 1755 4504 προϐουλεύεσθαι²¹
1801 4434 1884 4487 δυ-

1998 3417 2099 3473 tes,
2142 3410 2193 3463 iu
2222 3409 2420 3479 quibus
2450 3419 2569 3464 erat
2603 3410 2968 3466 illustrissima
2996 3421 3049 3467 et
3086 3413 3316 3467 maxima
3348 3422 3404 3467 et
3427 3427 3579 3467 eom-

1994 3499 2172 3553 munis
2217 3500 2346 3555 urbs
2386 3514 2559 3569 nuper
2605 3500 2673 3554 ab
2715 3500 2864 3557 Italis
2896 3500 3131 3571 perfecta
3163 3501 3483 3568 Corﬁnium,
3523 3500 3575 3554 iu

1990 3604 2095 3658 qua
2133 3604 2257 3643 cum
2293 3598 2491 3644 caatera
2525 3603 2645 3659 quae
2692 3605 2943 3661 magnam
2974 3589 3163 3646 urbem
3205 3600 3258 3646 et
3290 3590 3572 3661 imperium

1992 3678 2334 3743 conﬁrmant,
2381 3679 2808 3746 constituerunt,
2845 3689 2955 3735 tum
2987 3681 3163 3735 forum
3198 3698 3573 3752 permagnum,

1991 3780 2045 3825 et
2078 3772 2311 3837 curiam,
2355 3780 2414 3826 et
2459 3780 2655 3826 caetera
2702 3771 2883 3826 omnia
2918 3772 2985 3826 ad
3037 3772 3235 3828 bellum
3268 3774 3571 3829 necessaria

1990 3860 2227 3931 copiose,
2258 3868 2312 3914 et
2356 3860 2598 3931 pecuniae
2651 3860 3078 3928 multitudinem,
3130 3871 3185 3916 et
3237 3862 3571 3917 cibariorum

1991 3951 2200 4024 largum
2224 3961 2609 4008 commeatum.

2056 4249 2472 4308 Constituerunt
2509 4263 2563 4307 et
2612 4260 2860 4307 senatum
2916 4266 3115 4307 novum
3151 4250 3569 4322 quingentorum

1988 4344 2249 4409 virorum,
2268 4359 2336 4401 ex
2374 4344 2574 4417 quibus
2595 4345 2688 4414 qui
2715 4342 2904 4414 patria:
2926 4343 3152 4415 imperio
3170 4345 3313 4415 digni
3362 4356 3567 4412 essent,

1989 4435 2439 4508 producerentur,
2485 4445 2540 4492 et
2571 4436 2661 4506 qui
2706 4436 2773 4491 de
2824 4437 3099 4492 communi
3142 4438 3315 4492 salute
3355 4440 3571 4494 cousul~

302 4518 525 4588 νάμενοι
558 4520 689 4590 περὶ
717 4521 814 4592 τῆς
844 4522 1029 4593 κοινῆς
1061 4523 1355 4594 σωτηρίας.
1386 4526 1496 4579 Καὶ
1537 4525 1749 4589 τούτοις
1782 4527 1881 4579 ὲπ-

1994 4535 2107 4582 lare
2129 4535 2375 4597 possent,
2394 4527 2571 4597 iisque
2602 4526 2723 4581 belli
2759 4541 2949 4582 curam
2981 4528 3330 4594 mandarunt,
3360 4544 3573 4583 summa

299 4611 537 4682 έτρεψαν
556 4614 599 4643 ²²
631 4611 699 4665 τὰ
722 4613 862 4666 κατὰ
884 4613 975 4666 τὸν
1010 4615 1246 4686 πόλεμον
1267 4616 1509 4682 διοικεῖν,
1546 4616 1881 4687 αὐτοκράτο-

301 4720 402 4773 ρας
432 4705 756 4776 ποιήσαντες
786 4708 911 4769 τοὺς
942 4706 1250 4777 συνέδρους.
1282 4702 1441 4761 Οὗτοι
1474 4709 1518 4761 δ’
1556 4709 1881 4780 ἐνομοθέτη-

300 4814 402 4851 σαν
426 4798 519 4851 δύο
547 4799 644 4868 μὲν
678 4800 916 4861 ὑπάτους
939 4800 1056 4853 κατ’
1089 4799 1334 4852 ἐνιαυτὸν
1363 4800 1884 4871 αἱρεῖσθαι,δώδεκα

297 4895 356 4948 δὲ
391 4896 752 4967 στρατηγούς.
782 4897 894 4949 Καὶ
920 4896 1336 4967 κατεστάθησαν
1370 4895 1563 4950 ὕπατοι
1597 4897 1697 4967 μὲν
1723 4898 1883 4952 Κόϊν-

296 5004 389 5051 τος
433 4989 767 5058 Πομπαίδιος
803 4989 997 5053 Σίλων,
1032 4988 1255 5059 Μάρσος
1291 4988 1389 5058 μὲν
1424 4990 1482 5041 τὸ
1511 4991 1666 5058 γένος
1687 5035 1701 5058 ,
1731 5010 1884 5063 πρω-

299 5079 473 5133 τεύων
498 5081 554 5133 δὲ
570 5082 678 5135 τῶν
698 5080 994 5152 ὁμοεθνῶν,
1017 5082 1105 5134 καὶ
1128 5080 1377 5151 δεύτερος
1400 5083 1464 5135 ἐκ
1486 5081 1580 5135 τοῦ
1609 5083 1884 5137 Σαυνιτῶν

300 5172 489 5240 γένους
520 5172 557 5223 Γ
563 5174 677 5234 dio;
700 5171 965 5236 Ἀπώνιος
996 5172 1241 5234 Μότυλος
1261 5211 1277 5235 ,
1310 5173 1405 5225 καὶ
1435 5174 1596 5238 αὐτὸς
1634 5175 1761 5247 δόξῃ
1791 5178 1885 5230 καὶ

302 5260 534 5333 πράξεσι
563 5260 659 5315 τοῦ
688 5262 873 5327 ἔθνους
904 5263 1301 5334 προέχων.Τὴν
1330 5264 1375 5317 δ’
1394 5263 1521 5335 ὃλην
1545 5264 1777 5319 Ἰταλίαν
1802 5267 1883 5330 εἰς

1987 4628 2251 4688 potestate
2289 4618 2701 4673 cunsessoribus
2738 4618 3026 4685 permissa.
3061 4617 3128 4672 lli
3164 4620 3309 4689 leges
3336 4619 3574 4676 tulerunt

1989 4712 2047 4757 ut
2077 4704 2181 4758 duo
2211 4702 2465 4757 consules
2499 4702 2791 4772 quotannis
2825 4713 3166 4767 crearentur,
3200 4714 3254 4758 et
3288 4705 3569 4759 duodecim

1987 4795 2171 4852 duces.
2194 4793 2456 4850 Consules
2482 4794 2652 4849 creati
2676 4794 3046 4862 suthuintus
3070 4795 3410 4866 Pompaadius
3432 4796 3569 4863 Silo,

1990 4889 2207 4943 natione
2234 4885 2468 4953 Marsus,
2502 4894 2558 4942 et
2585 4901 2697 4941 suae
2742 4886 2919 4953 gentis
2956 4887 3277 4957 primarius.
3326 4890 3477 4943 Alter
3503 4904 3568 4943 ex

1989 4981 2294 5036 Samnitum
2349 4993 2549 5049 genere
2610 4977 2775 5035 Caius
2826 4978 3077 5049 Aponius
3130 4978 3388 5045 Motulus,
3454 4980 3571 5049 ipse

1985 5089 2206 5144 quoque
2238 5073 2407 5144 gloria
2428 5073 2718 5142 jrebusque
2781 5073 2948 5141 gestis
2977 5089 3087 5128 suae
3119 5074 3296 5144 gentis
3330 5074 3573 5130 clarissi-

1992 5183 2132 5221 mus.
2167 5166 2230 5221 Et
2272 5173 2381 5219 tota
2415 5164 2565 5219 Italia
2608 5165 2661 5218 in
2708 5174 2893 5234 partes
2920 5164 3055 5222 duas
3083 5167 3279 5232 divisa,
3314 5182 3408 5223 eas
3438 5182 3572 5222 cou—

1991 5260 2201 5314 sulares
2245 5255 2601 5328 praefecturas
2629 5267 2793 5327 atque
2837 5266 3020 5327 partes
3053 5259 3474 5315 constituerunt.
3508 5258 3576 5311 Et

1602 5398 1837 5454 VARIIE
1882 5395 2284 5455 LECTlUNES.

373 5487 396 5519 ⁸
448 5490 564 5541 ίνπε
573 5487 699 5557 ράτο
707 5505 772 5558 ρα
804 5505 838 5551 ς
849 5527 864 5541 .

300 5559 339 5589 ¹¹
372 5560 588 5613 πάντων
652 5558 727 5611 ll:
758 5560 1012 5612 ἁπάντων
1039 5578 1098 5623 ς.
1176 5560 1217 5591 ¹²

297 5645 414 5697 ger.
492 5629 534 5660 ¹⁶
555 5629 783 5694 Σέξστου
816 5648 878 5695 ς.

297 5702 379 5755 bri
412 5704 622 5773 καινήν.
700 5704 740 5759 *ί
773 5700 1278 5772 παραόουλεύεσθαι
1314 5701 1374 5755 Β.

1250 5578 1379 5628 φασι
1444 5579 1502 5624 ς.
1612 5561 1653 5593 ¹³
1682 5561 1749 5628 ἧς

961 5489 982 5520 ⁹
1012 5488 1234 5558 βασιλέα
1263 5504 1373 5543 om.
1401 5504 1484 5559 pr.
1521 5490 1597 5543 A:
1631 5492 1683 5543 in
1713 5508 1820 5563 quo
1852 5510 1891 5564 pl

961 5578 1012 5634 ργ
1176 5560 1396 5634 νηφᾳσιί
1444 5579 1502 5634 ς·
1525 5631 1549 5634 _
1612 5561 1653 5634 ‘_’_
1682 5556 1749 5634 ἦς
1805 5565 1891 5634 μὲκ

1996 5506 2115 5547 eam
2138 5504 2324 5544 vocem
2353 5487 2507 5543 vacui
2541 5498 2670 5544 sunt
2698 5504 2887 5544 versus
2914 5488 2947 5543 '5
2982 5486 3102 5541 ΗΞ.

1994 5564 2036 5614 τί
2089 5579 2150 5634 ς.
2228 5559 2570 5634 Ιξ¹ᾼδιειιιςρορᾷς
2601 5578 2659 5624 ς.
2741 5557 3067 5634 "‘lljla'tpgeou]
3098 5561 3102 5610 l

956 5631 996 5661 ⁸⁷
1028 5629 1190 5702 ἤχθη]
1217 5626 1410 5702 ἦχθηή
1445 5633 1486 5699 β’
1518 5626 1778 5699 Scaliger.
1806 5626 1818 5634 ⁷
1860 5635 1901 5666 ’⁸
1937 5630 2334 5687 ἈσκαλανοίΑ.
2415 5626 2801 5698 ¹⁹Πικεντηνοί
2837 5631 2874 5682 Β
2899 5626 3242 5682 ίΙΙικεντινοί
3277 5644 3337 5690 ς.
3415 5626 3461 5657 ²⁰
3501 5628 3566 5678 liv

1475 5704 1518 5733 “
1546 5704 1877 5774 ἐπέτρεψαν]
1910 5703 2297 5772 ἐπιτρέψαντες
2323 5701 2387 5757 Α.

3205 5488 3248 5519 ²⁰
3277 5485 3448 5554 αὐτῆς
3480 5486 3568 5539 At.

2741 5561 2783 5592 "
2814 5557 3067 5628 Μάρκου]
3098 5558 3343 5627 Μαρτίου
3393 5557 3568 5628 Scali-

1847 5797 2081 5853 NOTAE.

1847 5828 1865 5853 ι
1992 5797 2081 5851 AS.

371 5889 484 5957 (7|)
527 5886 657 5944 Vide
690 5886 749 5941 Ρ.
782 5886 1103 5955 Valtriuum,
1137 5886 1292 5941 initio
1319 5887 1411 5943 lib.
1449 5887 1542 5942 ull.
1582 5888 1651 5943 De
1689 5797 2295 5946 militijol'l‘omanorum.
