4104 6438
558 366 686 432 ιιτιι

1686 372 1941 435 ΡΗΟΤῙΙ
1977 366 2487 433 PATRIARCHIE
2513 371 2625 435 (ΖΡ.

3664 355 3805 421 1432

554 479 858 547 Ρυιιιρςράίο
884 479 1101 548 quidem
1137 480 1410 552 regionem
1443 482 1788 553 assignarunt
1825 484 1893 539 ab
1917 497 1983 538 eo
2008 482 2126 537 loco

2237 480 2319 537 560
2352 482 2494 553 μέρη
2525 480 2790 541 διελόντες
2836 474 3107 540 ὑπατικὰς
3153 472 3425 545 ἐπαρχίας
3464 468 3684 535 εταύτας
3723 471 3816 523 καὶ

554 570 646 640 qui
674 567 897 625 Cercola
929 571 1253 641 appellatur,
1288 588 1460 643 usque
1496 574 1564 627 ad
1592 573 1927 629 Adriaticum
1956 586 2128 637 mare,

553 676 649 718 eos
678 670 884 721 tractus
917 665 1011 735 qui
1057 666 1127 721 ad
1174 680 1428 722 occasum
1475 678 1532 724 et
1578 668 1978 738 septentriones
2008 682 2131 721 ver-

552 763 708 823 gum,
745 764 800 811 et
827 755 993 813 duces
1017 757 1067 813 ei
1096 771 1192 814 sex
1217 760 1604 821 attribuerunt.
1630 760 1916 830 Reliquum
1942 756 2128 823 Italiae,

550 846 804 901 videlicet
849 863 971 905 eam
1010 860 1241 920 partem,
1274 865 1395 920 quae
1437 860 1646 922 spectat
1688 851 1756 908 ad
1785 851 2051 907 orientem
2079 861 2135 905 et

555 938 860 1007 meridiem,
905 943 1255 1015 assignarunt
1305 946 1438 1002 Caio
1484 944 1707 1009 Motnlo,
1761 943 2037 1015 adjunctis
2082 946 2131 998 ei

550 1026 739 1083 itidem
788 1045 885 1086 sex
935 1032 1184 1091 ducibus.
1218 1036 1406 1107 Itaque
1440 1046 1725 1106 postquam
1771 1050 1929 1091 suum
1957 1035 2133 1106 impe-

553 1118 693 1171 rium
744 1130 800 1175 et
855 1125 1035 1179 omnia
1068 1126 1227 1191 scite,
1273 1138 1350 1194 et,
1388 1136 1447 1181 ut
1474 1128 1785 1183 summatim
1822 1128 2021 1193 dicam,
2064 1127 2133 1182 ad

552 1208 913 1269 imitationem
959 1214 1186 1273 Romani
1229 1228 1285 1274 et
1317 1220 1526 1290 antiqui
1573 1220 1781 1276 ordinis
1812 1233 2134 1291 composue-

552 1310 705 1366 runt,
743 1302 1004 1376 deinceps
1040 1308 1420 1365 vehementius
1476 1308 1661 1365 futuro
1711 1309 1853 1365 bello
1916 1311 2133 1365 incum-

550 1391 774 1461 bebant,
831 1412 955 1453 eum
1012 1400 1228 1469 quidem
1284 1401 1494 1457 italiam
1558 1416 1903 1459 communem
1942 1402 2129 1459 urbem

551 1480 751 1555 392a
809 1502 1216 1561 nuncupassent
1243 1534 1261 1561 ,
1295 1503 1349 1550 et
1397 1495 1469 1551 ita
1518 1495 1716 1552 bellum
1756 1509 1976 1566 gessere
2007 1510 2131 1552 cum

553 1571 836 1645 Romanis,
880 1590 941 1637 ut
975 1584 1209 1639 maxima
1235 1600 1304 1641 ex
1345 1599 1502 1655 parte
1548 1586 1753 1644 fuerint
1801 1588 2131 1659 superiores,

552 1662 723 1719 donec
747 1665 943 1724 Cueius
984 1669 1273 1743 Pompeius
1305 1676 1493 1732 consul
1521 1686 1575 1732 et
1604 1676 1730 1732 belli
1769 1676 1877 1732 dux
1903 1675 2127 1741 electus,

549 1761 604 1810 et
634 1754 778 1811 Sulla
811 1760 916 1814 dux
942 1762 1043 1818 sub
1075 1764 1245 1820 altero
1269 1767 1491 1823 consule
1514 1767 1740 1834 Catone,
1770 1768 2132 1825 nobilissimis

548 1847 750 1913 praeliis
777 1849 936 1907 Italos
967 1870 1074 1909 non
1108 1858 1298 1923 semel,
1330 1859 1424 1915 sed
1457 1862 1656 1931 saepius
1686 1862 1976 1925 vincendo,
2012 1861 2131 1915 illu-

546 1952 669 1994 rum
705 1956 789 1999 res
818 1959 884 1999 eo
913 1949 1260 2018 redegerunt,
1297 1960 1355 2005 ut
1380 1950 1675 2023 proﬂigatae
1715 1952 1935 2009 iuerint.
1963 1950 2132 2022 Igitur

448 2060 456 2069 -
546 2048 655 2087 non
698 2036 931 2107 amplius
977 2041 1271 2110 bellarunt,
1303 2045 1400 2100 sed
1444 2044 1580 2103 Caio
1620 2046 1876 2103 Coscinio
1902 2045 2132 2118 inlapy-

545 2124 691 2193 giam
717 2127 854 2185 duce
877 2130 1066 2197 misso,
1096 2149 1240 2206 saepe
1263 2137 1387 2193 victi
1412 2149 1559 2206 sunt,
1586 2150 1749 2211 atque
1766 2142 1837 2195 ita
1867 2140 2129 2210 superati,

545 2225 601 2271 et
653 2233 719 2274 ex
756 2221 939 2279 multis
966 2226 1125 2294 pauci
1158 2227 1369 2293 relicti,
1405 2231 1679 2285 communi
1734 2231 2002 2288 sententia
2032 2246 2130 2286 no-

545 2324 668 2365 vam
698 2315 957 2370 deserunt
992 2319 1181 2374 urbem
1228 2320 1549 2389 Corﬁnium,
1583 2324 1838 2391 quoniam
1878 2322 2040 2379 Marsi
2076 2334 2131 2379 et

545 2418 737 2461 omnes
789 2406 1032 2465 ﬁnitima
1086 2421 1279 2480 gentes
1321 2413 1665 2469 desciverant
1714 2415 1781 2470 ad
1828 2414 2126 2470 Romanos.

544 2492 929 2553 Consederunt
972 2508 1153 2555 autem
1199 2501 1254 2557 in
1286 2500 1540 2559 Esernia
1570 2502 1902 2573 Samnitum,
1931 2506 2133 2561 creatis

544 2587 650 2642 sibi
677 2590 913 2660 quinque
946 2593 1195 2660 ducibus,
1244 2611 1475 2665 quorum
1507 2597 1597 2653 uni
1653 2597 1889 2653 maxime
1929 2598 2130 2666 Quinto

542 2677 857 2752 Pompazdio
890 2682 1059 2740 Siloni
1093 2688 1337 2743 omnium
1389 2677 1677 2759 imperium
1738 2691 2126 2756 crediderunt,

542 2780 767 2840 propter
794 2772 911 2841 ejus
940 2775 1241 2845 imperandi
1287 2781 1541 2836 virtutem
1586 2790 1753 2851 atque
1797 2780 2049 2852 gloriam.
2082 2781 2132 2837 Is

545 2863 615 2919 de
653 2867 928 2921 communi
970 2870 1167 2925 ducum
1218 2873 1489 2927 sententia
1528 2888 1783 2945 magnum
1831 2874 2129 2929 exercitum

543 2956 906 3025 comparavit,
932 2959 1068 3015 adeo
1100 2969 1157 3015 ut
1193 2959 1245 3016 in
1280 2962 1616 3031 universum,
1643 2979 1767 3020 cum
1806 2963 1871 3020 iis
1904 2964 1993 3034 qui
2014 2963 2130 3034 jam

546 3055 727 3115 erant,
769 3046 936 3105 fuerit
984 3052 1204 3108 circiter
1259 3055 1480 3124 triginta
1522 3055 1709 3112 millia.
1766 3054 1974 3112 Praeter
2031 3057 2131 3114 hos

548 3142 899 3213 congregavit
940 3144 1101 3199 etiam
1134 3161 1342 3214 servos,
1364 3164 1395 3203 a
1428 3163 1487 3205 se
1510 3149 1763 3206 libertate
1789 3150 2041 3215 donatos,
2074 3158 2130 3205 et

550 3238 609 3285 ut
641 3242 849 3302 tempus
881 3232 1089 3289 ferebat
1114 3248 1353 3293 armatos
1389 3253 1494 3293 non
1520 3220 1691 3294 multo
1721 3240 2009 3309 pauciores
2032 3240 2130 3295 de-

549 3338 668 3379 cem
709 3325 968 3392 millibus,
1001 3337 1056 3382 et
1089 3329 1297 3399 equites
1325 3330 1495 3386 mille.
1546 3332 1623 3387 Ac
1657 3332 1841 3402 praelia
1867 3348 1990 3387 cum
2022 3332 2136 3387 Ro-

553 3414 730 3469 manis
782 3429 1135 3485 congressus,
1196 3434 1429 3489 quorum
1484 3420 1590 3475 dux
1641 3430 1760 3475 erat
1806 3419 2131 3484 Mamercus,

552 3504 830 3562 Romanos
878 3523 1079 3577 paucos
1126 3509 1403 3576 interﬁcit,
1455 3519 1510 3565 ct
1563 3525 1783 3566 suorum
1832 3526 1993 3580 supra
2039 3524 2133 3564 sex

553 3593 724 3647 millia
753 3595 975 3653 amittit.
1008 3595 1110 3650 Per
1144 3597 1284 3651 idem
1324 3606 1541 3667 tempus
1569 3596 1817 3653 Metellus
1858 3599 1909 3651 iu
1942 3595 2133 3665 Apulia

552 3684 871 3753 Venusiam,
914 3688 1103 3743 urbem
1132 3690 1266 3744 satis
1306 3705 1576 3760 magnam,
1604 3699 1659 3745 et
1705 3690 1906 3744 milites
1938 3689 2137 3746 multos

554 3777 867 3841 habentem,
899 3780 1251 3849 espngnavit,
1277 3789 1333 3834 et
1364 3780 1649 3850 plusquam
1681 3780 1784 3833 tria
1844 3779 2010 3835 millia
2043 3794 2137 3835 ca-~

553 3870 823 3940 ptivorum
848 3869 1008 3939 cepit.
1044 3869 1272 3942 Jamque
1317 3873 1699 3941 'superantibus
1727 3872 1779 3926 in
1821 3873 1937 3927 dies
1966 3872 2138 3944 magis

554 3961 840 4030 magisque
893 3960 1180 4026 Romanis,
1236 3962 1458 4017 mittunt
1493 3962 1611 4018 Itali
1658 3965 1723 4018 ad
1768 3962 2136 4018 Mithridatem

557 4068 741 4122 regem
783 4052 967 4119 Ponti,
1024 4054 1314 4124 pollentem
1370 4064 1501 4110 tunc
1540 4054 1732 4111 bellica
1780 4070 1945 4110 manu
1977 4066 2140 4124 atque

555 4156 838 4216 apparatu,
871 4156 1115 4216 petentes
1143 4158 1201 4202 ut
1246 4149 1297 4203 iu
1332 4146 1544 4204 Italiam
1574 4150 1837 4205 adversus
1863 4147 2139 4204 Romanos

556 4240 849 4294 adduceret
880 4239 1089 4307 copias,
1121 4240 1196 4295 ita
1251 4241 1396 4297 enim
1436 4240 1596 4296 facile
1629 4241 1939 4311 conjunctis
1967 4242 2140 4311 copiis

555 4345 718 4401 posse
772 4331 1141 4386 Romanorum
1215 4332 1363 4387 vires
1428 4332 1733 4387 deturbari.
1797 4331 2139 4388 Mithridates

555 4435 878 4491 responsum
924 4421 1058 4490 dat,
1111 4424 1401 4478 ducturum
1446 4437 1507 4479 se
1562 4425 1747 4493 copias
1790 4424 1843 4477 in
1892 4421 2140 4491 Italiam,

2236 574 2459 646 μερίδας
2489 572 2799 637 ἀπέδειξαν,
2836 571 2933 625 καὶ
2958 569 3038 639 τῷ
3067 566 3167 638 μὲν
3191 564 3517 636 Πομπαιδίῳ
3546 559 3817 632 προσώρι-

2234 683 2333 719 σαν
2354 665 2539 737 χώραν
2561 664 2670 719 άπὸ
2693 664 2801 718 τῶν
2823 660 3133 733 Κερκώλων
3155 657 3506 728 καλουμένων
3534 655 3700 726 μέχρι
3720 658 3816 723 τῆς

2245 754 2588 825 Ἀδριατικῆς
2618 752 2915 821 θαλάσσης,
2946 749 3017 803 τὰ
3046 748 3182 820 πρὸς
3212 745 3424 815 δυσμὰς
3452 745 3550 799 καὶ
3589 743 3692 813 τὴν
3718 744 3814 813 ἄρα

2232 865 2360 903 κτον
2387 846 2613 901 νεύοντα
2639 845 2806 917 μέρη,
2830 843 2925 897 καὶ
2947 840 3289 914 στρατηγοὺς
3320 836 3516 902 ἔταξαν
3545 834 3697 903 αὐτῷ
3719 835 3778 900 ἒξ
3797 851 3812 866 ·

2232 940 2294 993 τὸ
2333 940 2390 994 δὲ
2424 938 2606 992 λοιπὸν
2651 935 2752 1005 τῆς
2773 932 3027 997 Ἰταλίας,
3054 932 3154 1003 τὴν
3187 930 3324 1002 πρὸς
3363 928 3439 982 ἕω
3466 928 3565 981 καὶ
3597 942 3812 996 μεσημ-

2235 1032 2393 1105 ϐρίαν
2421 1030 2699 1093 νεύουσαν,
2742 1023 3095 1099 προσώρισαν
3119 1023 3264 1093 Γαΐῳ
3292 1019 3547 1090 Μοτύλῳ,
3578 1035 3814 1089 στρατη-

2234 1127 2365 1196 γοὺς
2391 1121 2591 1193 ὁμοίως
2625 1117 2980 1186 συζεύξαντες
3003 1116 3083 1184 ἐξ.
3123 1112 3279 1169 Οὕτω
3304 1113 3479 1166 πάντα
3508 1110 3701 1177 δεξιῶς
3720 1108 3813 1163 καὶ

2232 1217 2375 1273 κατὰ
2406 1215 2655 1287 μίμησιν,
2688 1213 2750 1265 τδ
2791 1210 3009 1264 σύνολον
3037 1208 3223 1278 φάναι,
3252 1206 3352 1275 τῆς
3380 1202 3701 1273 Ῥωμαῖκῆς
3723 1201 3812 1253 καὶ

2232 1319 2299 1371 ἐκ
2345 1312 2575 1368 παλαιοῦ
2619 1310 2825 1376 τάξεως
2872 1306 2972 1379 τὴν
3022 1304 3233 1359 ἑαυτῶν
3279 1301 3455 1377 ἀρχὴν
3480 1298 3813 1368 διαθέμεειοι,

2232 1408 2376 1464 κατὰ
2401 1406 2463 1461 τὸ
2496 1404 2858 1475 σφοδρότερον
2889 1399 3077 1454 λοιπὸν
3113 1396 3322 1467 εἴχοντο
3349 1394 3445 1448 καλ⁸
3486 1388 3585 1445 τοῦ
3616 1389 3815 1458 ἐφεξῆς

2233 1502 2493 1572 πολέμου,
2522 1498 2619 1568 τὴν
2652 1496 2839 1566 κοινὴν
2869 1494 3021 1548 πόλιν
3041 1488 3271 1544 Ἰταλίαν
3294 1484 3734 1555 ἐπονομάσαντες
3750 1481 3813 1533 ’³.

2233 1595 2342 1651 Καὶ
2392 1590 2790 1661 διεπολέμησαν
2834 1584 3127 1656 Ῥωμαίοις
3173 1582 3244 1635 τὰ
3286 1580 3515 1635 πλεῖστα
3564 1576 3712 1630 κατὰ
3756 1575 3814 1629 τὸ

2233 1684 2689 1756 ἐπικρατέστερον
2708 1722 2723 1741 ,
2749 1680 2856 1741 ἕως
2883 1678 3072 1740 Γναῖος
3104 1674 3387 1745 Πομπήϊος
3422 1669 3633 1729 ὕπατος
3665 1669 3814 1738 αίρε-

2234 1782 2348 1844 θεὶς
2372 1780 2466 1834 καὶ
2493 1774 2797 1849 στρατηγὸς
2822 1771 2917 1825 τοῦ
2950 1770 3212 1835 πολέμου,
3229 1767 3323 1821 καὶ
3352 1764 3561 1826 Σύλλας
3578 1762 3625 1794 ’⁸
3653 1778 3811 1832 στρα-

2233 1874 2399 1946 τηγὸς
2418 1871 2523 1925 ὑπὸ
2538 1869 2616 1939 τῷ
2636 1867 2808 1938 ἑτέρῳ
2826 1865 3021 1935 ὑπάτῳ
3035 1862 3274 1921 Κάτωνι,
3295 1857 3752 1928 ἐπιφανεστάταις
3768 1854 3811 1886 ’⁵

2235 1945 2434 2038 μάχαις
2460 1964 2586 2027 τοὺς
2605 1958 2916 2019 Ἰταλιώτας
2952 1955 3052 2025 οὐχ
3084 1951 3253 2020 ἅπαξ,
3271 1948 3405 2004 ἀλλὰ
3432 1949 3529 2004 καὶ
3558 1945 3811 2038 πολλάκις

2231 2037 2578 2128 νικήσαντες.
2626 2050 2793 2125 [H88
2822 2048 2915 2121 IL]
2967 2048 3037 2101 τὰ
3066 2045 3376 2117 πράγματα
3409 2039 3604 2128 αὐτῶν
3643 2039 3723 2101 είς

2234 2123 3027 2216 συντρίϐεσθαι-περιέστησαν.
3053 2134 3437 2203 Ἐπολέμησαν
3466 2129 3513 2183 δ’
3544 2123 3638 2182 οὖν
3668 2126 3809 2179 mi"

2232 2240 2312 2293 ἔτι
2329 2256 2341 2269 ·
2378 2236 2514 2291 ἀλλὰ
2540 2235 2702 2288 Γαΐου
2725 2229 3021 2285 Κοσκονίου
3038 2230 3082 2261 ⁸⁷
3120 2226 3405 2289 σταλέντος
3437 2226 3515 2286 είς
3538 2222 3811 2289 Ἰαπυγίαν

2233 2326 2540 2402 στρατηγοῦ
2584 2324 2845 2386 πολλάκις
2888 2320 3221 2393 ἡττήθησαν.
3250 2312 3385 2371 Εἶτα
3422 2314 3809 2376 ἐλαττωθέντες

2230 2423 2327 2477 καὶ
2340 2422 2387 2454 ’⁸
2413 2422 2478 2474 ἐκ
2502 2417 2715 2472 πολλῶν
2743 2414 2915 2483 ὀλίγοι
2944 2409 3592 2479 καταλειφθέντες,κοινῇ
3624 2404 3809 2477 γνώμῃ

2228 2516 2329 2586 τὴν
2361 2510 2548 2581 κοινὴν
2568 2510 2614 2542 ’³
2645 2506 2957 2561 ἐκλείπουσι
2987 2504 3174 2568 πόλιν,
3204 2502 3265 2556 τὸ
3293 2500 3613 2572 Κορφίνιον,
3642 2498 3729 2551 διὸ.
3757 2496 3813 2550 τὸ

2230 2605 2358 2665 τοὺς
2404 2601 2663 2672 Μάρσους
2710 2596 2807 2651 καὶ
2846 2594 3024 2649 πάντα
3053 2593 3124 2648 τά
3151 2590 3471 2662 γειτνιῶντα
3504 2588 3621 2643 τῶν
3652 2586 3815 2640 ἐθνῶν

2231 2686 2756 2765 προσκεχωρηκέναι
2776 2687 2890 2750 τοῖς
2919 2684 3233 2756 Ῥωμαίοις.
3254 2683 3349 2746 Εἰς
3374 2681 3431 2734 δὲ
3460 2681 3563 2750 τὴν
3595 2682 3654 2732 ἐν
3680 2679 3814 2730 Σαυ-

2230 2785 2407 2848 νίταις
2441 2781 2733 2854 Αἰσερνίαν
2761 2776 3245 2849 καθιδρύθησαν³⁶,
3276 2774 3440 2827 πέντε
3475 2768 3815 2841 στρατηγοὺς

2232 2876 2415 2938 αὐτοῖς
2460 2873 2873 2945 ἐπιστήσαντες,
2909 2861 2986 2923 ὧν
3034 2868 3114 2921 ἐνὶ
3160 2864 3395 2936 μάλιστα
3426 2864 3643 2932 Κοΐντῳ
3676 2862 3817 2929 Πομ.

2231 2968 2433 3039 παιδίῳ
2460 2968 2654 3022 Σίλωνι
2683 2965 2783 3036 τὴν
2815 2964 3035 3018 πάντων
3061 2959 3359 3033 ἡγεμονίαν
3380 2958 3713 3011 ἐπίστευσαν
3734 2955 3817 3008 διὰ

2230 3061 2331 3133 τὴν
2363 3059 2492 3130 περὶ
2522 3057 2685 3111 αὐτὸν
2728 3058 2785 3108 ἐν
2817 3054 2896 3124 τῷ
2931 3053 3253 3124 στρατηγεῖν
3284 3048 3487 3118 ἀρετήν
3514 3063 3576 3098 τε
3609 3045 3703 3096 καὶ
3734 3044 3816 3095 δό-

2235 3153 2350 3221 ξαν.
2382 3146 2548 3213 Οὗτος
2580 3148 2637 3202 δέ
2688 3146 2828 3218 μετὰ
2852 3145 2953 3213 τῆς
2982 3142 3170 3212 κοινῆς
3198 3142 3307 3193 τῶν
3338 3136 3665 3209 στρατηγῶν
3691 3134 3820 3201 γνὼ-

2237 3259 2347 3315 μης
2376 3238 2744 3295 κατεσκεύασε
2775 3235 3017 3307 μεγάλην
3040 3233 3290 3302 δύναμιν,
3315 3228 3389 3291 ὡς
3416 3229 3543 3289 τοὺς
3572 3226 3819 3295 σύμπαν-

2233 3351 2332 3397 τας
2365 3332 2501 3401 μετὰ
2532 3329 2642 3384 τῶν
2688 3326 3151 3399 προϋπαρχόντων
3179 3322 3308 3394 περὶ
3336 3317 3701 3390 τρισμυρίους
3729 3334 3819 3384 γε-

2234 3423 2441 3477 νέσθαι.
2477 3422 2662 3493 Χωρὶς
2686 3420 2743 3474 δέ
2769 3420 2974 3473 τούτων
3018 3417 3142 3480 τοὺς
3185 3413 3405 3475 δούλους
3449 3408 3820 3477 ἐλευθερώσας

2236 3515 2331 3566 καὶ
2363 3512 2459 3581 (ὡς
2482 3511 2511 3564 ὁ
2535 3509 2724 3581 καιρὸς
2753 3506 2947 3577 ἐδίδου)
2979 3503 3318 3567 καθοπλίσας
3342 3501 3576 3573 συνῆγεν
3601 3500 3665 3552 ού
3690 3497 3821 3550 πολὺ

2235 3604 2526 3665 λείποντας
2554 3601 2662 3654 τῶν
2685 3597 2989 3669 δισμυρίων
3005 3598 3075 3663 ’⁸,
3111 3597 3294 3658 ίππείς
3321 3593 3380 3647 δέ
3419 3592 3649 3663 χιλίους.
3682 3591 3821 3659 Συμ-

2236 3694 2416 3750 ϐαλὼν
2438 3693 2493 3746 δὲ
2522 3690 2815 3763 Ῥωμαίοις
2835 3690 3143 3760 Μαμέρκου
3167 3685 3603 3759 στρατηγοῦντος
3622 3682 3819 3745 αὐτῶν,

2249 3786 2555 3856 Ῥωμαίους
2594 3783 2692 3855 μὲν
2721 3783 2938 3851 ἀναιρεῖ
2968 3780 3202 3849 ὀλίγους,
3230 3779 3338 3833 τῶν
3369 3778 3414 3831 δ’
3444 3775 3667 3829 οἰκείων
3688 3772 3820 3844 ὑπὲρ

2238 3876 2637 3948 ἑξακισχιλίους
2688 3873 3005 3929 ἀποϐάλλει.
3046 3873 3159 3927 Καὶ
3210 3870 3485 3933 Μέτελλος
3529 3869 3675 3921 κατὰ
3730 3865 3822 3933 τὴν

2250 3970 2540 4026 Ἀπουλίαν
2574 3967 2704 4041 [640
2730 3966 2824 4040 [1.]
2855 3966 2955 4038 τὴν
2982 3964 3313 4019 Οὐενουσίαν
3351 3962 3509 4017 πόλιν
3548 3960 3822 4027 ἀξιόλογον

2238 4058 2406 4117 οὖσαν
2424 4061 2469 4093 ³⁸
2512 4062 2607 4114 καὶ
2653 4057 2994 4130 στρατιώτας
3042 4056 3269 4120 πολλοὺς
3315 4054 3545 4126 ἔχουσαν
3562 4053 3611 4085 ⁸⁸
3642 4053 3825 4118 ἐξεπο-

2239 4154 2499 4225 λιόρκησε
2551 4150 2695 4205 κατὰ
2741 4150 2935 4220 καιρὸν
2966 4149 3060 4203 τὸν
3098 4149 3283 4213 αὐτὸν,
3327 4148 3424 4200 καὶ
3456 4144 3677 4206 πλείους
3723 4141 3824 4194 τῶν

2240 4244 2557 4317 τρισχιλίων
2600 4242 2980 4314 αίχμαλώτους
3023 4236 3165 4307 εἶλεν
3186 4240 3251 4294 ⁸³.
3270 4235 3749 4306 Ἐπικρατούντων
3773 4232 3826 4286 δ’

2242 4339 2335 4393 ἐπὶ
2370 4336 2570 4408 μᾶλλον
2616 4336 2711 4389 καὶ
2744 4334 2944 4406 μᾶλλον
2970 4333 3079 4387 τῶν
3115 4332 3402 4403 Ῥωμαίων
3437 4330 3752 4398 πέμπουσιν
3780 4325 3825 4377 oi

2254 4427 2449 4481 Ἰταλοὶ
2484 4425 2619 4495 πρὸς
2648 4423 2985 4495 Μιθριδάτην
3012 4423 3104 4476 τὸν
3136 4421 3361 4493 βασιλέα
3394 4420 3624 4482 Πόντου,
3651 4414 3827 4485 ἀκμά-

560 4522 851 4582 postquam
886 4513 1071 4568 Asiam
1120 4515 1417 4583 subegerit,
1463 4514 1517 4568 id
1563 4514 1709 4569 enim
1740 4514 1955 4584 agebat.
1984 4512 2133 4569 Hauc

2245 4518 2406 4584 ζοντα
2430 4518 2548 4572 τότε
2574 4518 2848 4588 πολεμικῇ
2873 4517 3020 4587 χειρὶ
3045 4515 3140 4569 καὶ
3174 4514 3522 4583 παρασκευῇ,
3550 4509 3828 4575 ἀξιοῦντες

558 4605 629 4659 ob
672 4620 786 4660 retu
822 4620 1047 4675 prorsus
1096 4607 1282 4675 rejecti
1330 4606 1682 4662 rebellatores
1730 4606 2139 4678 despondebant

558 4698 793 4753 animos.
842 4696 1013 4752 Erant
1063 4699 1206 4754 enim
1258 4698 1451 4768 reliqui
1510 4700 1817 4753 Samnitum
1865 4699 2046 4768 pauci,
2084 4709 2140 4754 et

560 4790 761 4846 Sabelli
793 4786 941 4846 Nolae
969 4792 1247 4860 degentes.
1282 4802 1338 4846 et
1362 4800 1558 4859 praeter
1586 4791 1689 4847 hos
1721 4792 2056 4862 Lamponius
2086 4797 2143 4847 et

557 4880 840 4952 Cleptius,
904 4881 1167 4937 habentes
1216 4880 1560 4937 Lucanorum
1614 4883 1892 4952 reliquias.
1954 4884 2139 4952 Itaque

558 4973 789 5030 Marsico
832 4973 975 5030 bello
1008 4974 1119 5042 jam
1164 4973 1280 5030 fere
1318 4975 1689 5041 exolescente,
1746 4975 1943 5047 392i)
1974 4990 2139 5046 supe-

560 5063 724 5119 rioris
760 5065 1021 5134 temporis
1050 5066 1347 5120 seditiones
1372 5066 1557 5121 civiles
1588 5064 1775 5121 Roma:
1815 5081 1983 5121 novos
2029 5082 2144 5121 mo-

560 5162 648 5211 tus
668 5154 963 5224 faciebant,
1004 5156 1187 5212 multis
1216 5157 1515 5213 illustribus
1547 5158 1677 5213 viris
1705 5158 1828 5213 belli
1856 5158 2139 5225 imperium

562 5248 821 5302 adversus
869 5246 1239 5303 Mithridatem
1300 5249 1686 5315 ambientibus,
1736 5257 1955 5319 propter
2007 5265 2138 5319 prae-

566 5337 800 5392 miorum
863 5341 1314 5411 magnitudinem.
1368 5340 1501 5395 Nam
1536 5350 1591 5395 et
1630 5341 1794 5395 Caius
1832 5340 2025 5408 Julius,
2080 5353 2137 5397 et

560 5427 723 5487 Caius
744 5430 967 5502 Marius,
996 5434 1041 5491 is
1056 5434 1148 5504 qui
1172 5434 1351 5490 sexies
1383 5433 1722 5491 consulatum
1756 5446 2020 5502 gesserat,
2049 5435 2137 5489 iu-

2248 4613 2341 4666 ἐπὶ
2372 4612 2471 4682 τὴν
2499 4610 2732 4664 Ἰταλίαν
2759 4610 2900 4663 κατὰ
2924 4608 3212 4680 Ῥωμαίων
3232 4607 3387 4674 ἄγειν
3407 4605 3509 4667 τὰς
3530 4603 3788 4672 δυνάμεις
3808 4613 3826 4629 ⁸

2247 4703 2392 4759 οὕτω
2432 4703 2540 4773 γὰρ
2585 4701 2780 4774 ῥᾳδίως
2796 4700 2841 4733 ⁸⁸
2887 4701 2954 4755 ἂν
3000 4699 3383 4766 συναφθέντων
3429 4696 3492 4749 τὸ
3522 4692 3830 4763 Ῥωμαϊκὸν

2248 4791 2764 4864 καταδληθήσεσθαι
2810 4793 3037 4862 κράτος.
3056 4791 3115 4844 '0
3140 4790 3197 4843 δὲ
3223 4788 3566 4859 Μιθριδάτης
3599 4787 3831 4854 ἀπόκρι-

2248 4903 2334 4940 σιν
2380 4884 2597 4937 δίδωσιν
2641 4880 2847 4947 άξειν³⁷
2889 4881 2989 4945 τὰς
3036 4880 3291 4950 δυνάμεις
3334 4880 3415 4941 είς
3447 4878 3549 4947 τὴν
3574 4875 3829 4936 Ἰταλίαν,

2246 4975 2465 5030 ἐπειδάν
2493 4974 2645 5045 αύτῷ
2678 4973 2998 5045 καταστήσῃ
3025 4972 3125 5043 τὴν
3146 4970 3366 5024 Ἀσίαν*
3396 4968 3557 5023 τοῦτο
3590 4967 3703 5037 γὰρ
3742 4966 3830 5018 καὶ

2242 5070 2503 5141 ἔπραττε.
2536 5068 2626 5122 Διὸ
2658 5068 2938 5131 παντελῶς
2962 5069 3011 5120 oi
3041 5066 3346 5120 ἀποστάται
3371 5060 3831 5130 τεταπεινωμένοι

2243 5160 2657 5229 ἀπεγίνωσκον*
2687 5159 2868 5212 λοιποὶ
2899 5158 3008 5229 γὰρ
3052 5157 3299 5227 ὑπῆρχον
3341 5152 3618 5207 Σαυνιτῶν
3658 5151 3829 5219 ὀλίγοι

2245 5257 2342 5306 καὶ
2371 5250 2628 5306 Σάδελλοι
2658 5250 3025 5321 διατρίϐοντες
3073 5250 3132 5301 ἐν
3172 5251 3235 5319 τῇ
3276 5245 3443 5316 Νώλα
3474 5245 3570 5298 καὶ
3602 5245 3744 5315 πρός
3771 5258 3831 5311 γε

2243 5343 2455 5408 τούτοις
2500 5343 2551 5396 οἱ
2595 5344 2725 5414 περὶ
2776 5341 3108 5413 Λαμπώνιον
3138 5343 3234 5394 καὶ
3264 5338 3577 5403 Κλεπίτιον,
3609 5338 3824 5406 ἔχοντες

2248 5436 2479 5507 λείψανα
2504 5437 2610 5489 τῶν
2636 5435 2949 5490 Λευκανῶν.
2981 5435 3072 5488 Διὸ
3100 5436 3192 5488 καὶ
3214 5435 3257 5466 ³⁸
3286 5433 3379 5486 τοῦ
3403 5429 3700 5503 Μαρσικοῦ
3738 5446 3833 5483 πο-

1854 5578 2087 5636 νΑιιιΑς
2114 5580 2517 5636 [ΕΟΤΙϋΝΙιΞ.

631 5688 679 5724 ³,
701 5690 1075 5769 ὀνομάσαντες
1082 5707 1159 5769 Δς.
1201 5690 1247 5769 ξ’
1260 5689 1453 5769 ΔΣύλας
1482 5691 1629 5769 Af"
1662 5694 1814 5769 ἐπιᾼιρΣ
1844 5697 1963 5757 ταῖς
1992 5694 2195 5765 μάχαις
2222 5712 2281 5769 ς.
2306 5695 2369 5769 _"
2400 5692 2525 5769 καὶ]
2548 5710 2647 5746 ουκ
2676 5707 2741 5749 Α.
2800 5696 2845 5726 ’⁷
2872 5693 3144 5769 κοσκινίου
3177 5711 3235 5769 ς.
3289 5691 3542 5769 ’λ-ὲὲλαττ.
3575 5691 3623 5744 εί
3651 5689 3749 5744 καί
3772 5705 3831 5769 ς.

638 5764 837 5837 καινήν
867 5780 927 5837 ς..
1004 5833 1015 5837 _
1058 5760 1102 5837 ’_°
1126 5762 1528 5837 καθιδρύθησαν
1557 5762 1635 5837 B__:
1670 5760 2003 5837 καθίδρυσαν
2025 5760 2084 5829 ς.

566 5829 613 5871 ⁸⁸
635 5829 867 5903 ιχουααν
891 5832 933 5889 Α
956 5849 968 5886 :
993 5829 1299 5902 ἀνέχουσαν
1316 5852 1379 5899 ς’.

2221 5768 2260 5806 ³⁸
2297 5767 2651 5833 ὑπαρχόντων
2681 5782 2740 5829 ς.

1488 5836 1531 5869 ⁸³
1564 5830 1709 5891 εἷλον
1742 5853 1799 5899 ς.
1830 5830 1839 5837 ⁷
1877 5834 1922 5868 ⁸⁵
1950 5836 2129 5906 ῥᾴδιον
2161 5854 2218 5901 ς.

2864 5768 2909 5803 ³⁸
2945 5766 3153 5837 μυρίων
3182 5768 3245 5818 Α.
3323 5762 3595 5837 κυοῦσαν
3624 5778 3743 5819 om.
3768 5764 3833 5815 Α.

2330 5838 2370 5869 ³⁷
2395 5837 2543 5902 ἄξειν
2578 5836 2656 5890 A:
2694 5837 2835 5903 ἕξειν
2861 5835 2954 5902 ς(
3018 5835 3063 5870 ³³
3098 5838 3192 5893 καὶ
3233 5836 3355 5890 add.
3391 5835 3435 5887 A
