4104 6438
310 375 448 445 14713

1357 386 1877 451 BBiLIOTHECA.
1907 414 1972 426 -
2003 391 2166 452 COD.
2202 390 2470 451 CCXLIV

3436 392 3575 462 1434

305 498 475 589 λέμου
504 496 692 589 σχεδὸν
733 497 834 570 ἤδη
883 497 1235 589 διαλυομένου
1269 503 1430 558 πάλιν
1454 508 1511 560 αἱ
1544 514 1881 589 προγεγενητ

1987 518 2066 563 ter
2115 523 2175 563 se
2227 505 2626 563 eontenilebant
2672 516 2727 564 et
2786 508 2962 579 plebis
2998 524 3123 581 pars
3179 508 3353 567 altera
3412 513 3570 571 alteri

309 588 469 659 μιναι
521 588 739 653 στάσεις
788 587 1047 660 ἐμφύλιοι
1086 593 1229 646 κατὰ
1254 594 1355 665 τὴν
1391 595 1614 667 Ῥώμην
1641 587 1888 669 κινήσεις

304 678 632 750 ἐλάμϐανον,
658 681 1123 752 ἀντιποιουμένων
1144 685 1355 740 πολλῶν
1377 687 1602 754 ἐνδόξων
1622 690 1683 743 τὸ
1704 692 1889 761 τυχεῖν

303 768 403 837 τῆς
433 768 574 823 κατὰ
599 769 934 842 Μιθριδάτου
968 775 1301 844 στρατηγίας
1321 777 1409 831 διὰ
1434 779 1495 831 τὸ
1527 779 1757 849 μέγεθος
1774 780 1889 835 τῶν

304 864 556 920 ἐπάθλων
575 882 590 898 ·
622 867 782 932 Γάῖός
803 885 862 922 τε
892 868 999 939 γὰρ
1023 869 1241 933 Ἰούλιος
1288 872 1379 925 καὶ
1420 872 1582 937 Γάϊος
1605 873 1836 945 ΙΜὰριος
1860 875 1890 929 ὀ

305 956 492 1022 ἑξάκις
524 958 834 1024 ὑπατεύσας
867 961 1353 1029 άντεφιλοκείνουν,
1385 965 1479 1018 καὶ
1508 964 1570 1017 τὸ
1594 965 1796 1036 πλῆθος
1818 961 1887 1036 ἦν

304 1048 590 1119 ἑκατέροις
622 1050 1098 1122 συμμεριζόμενον
1127 1055 1247 1116 ταῖς
1274 1052 1542 1125 γνώμαις.
1570 1056 1889 1127 Συνέϐησαν

303 1138 361 1191 δέ
391 1141 488 1192 καὶ
521 1139 708 1210 ἕτεραι
737 1140 993 1212 ταραχαί.
1012 1142 1073 1195 '0
1104 1143 1289 1213 μέντοι
1319 1144 1525 1209 Σύλλας
1560 1144 1764 1209 ὕπατος
1789 1145 1887 1215 ὣν,

302 1233 593 1302 χωρισθεὶς
620 1234 721 1305 τῆς
751 1234 995 1305 Ῥώμης,
1025 1237 1164 1306 πρὸς
1190 1237 1289 1300 τὰς
1316 1236 1447 1309 περὶ
1476 1236 1673 1292 Νῶλαν
1698 1239 1887 1309 ηθροιο

302 1326 507 1395 σμένας
535 1327 869 1397 παρεγένετο
902 1327 1166 1400 δυνάμεις
1185 1366 1204 1396 ,
1232 1330 1328 1384 καὶ
1356 1330 1587 1394 πολλοὺς
1613 1331 1721 1386 τῶν
1748 1332 1888 1402 πλη-

300 1417 580 1488 σιοχώρων
594 1420 639 1453 ³⁸
689 1421 1182 1494 καταπληξάμενος
1229 1422 1511 1493 ἠνάγκασε
1549 1424 1889 1494 παραδοῦναι

300 1511 441 1579 σφᾶς
466 1511 665 1577 αὐτοὺς
695 1514 790 1567 καὶ
818 1514 919 1580 τὰς
960 1516 1166 1579 πόλεις.
1203 1515 1310 1570 Τοῦ
1335 1516 1392 1570 δὲ
1418 1514 1593 1570 Σύλλα
1620 1518 1886 1585 στρατεύ-

300 1616 495 1665 σαντος
542 1602 642 1673 μὲν
675 1603 767 1656 ἐπ)⁵
797 1604 897 1675 τὴν
918 1605 1107 1661 Ἀσίαν
1136 1607 1279 1661 κατὰ
1305 1606 1668 1678 Μιθριδάτου.
1697 1609 1796 1676 τῆς
1830 1607 1887 1660 δὲ

311 1690 531 1764 Ῥώμης
559 1696 825 1766 μεγάλαις
854 1700 1120 1769 ταραχαῖς
1152 1698 1246 1753 καὶ
1270 1700 1452 1769 φόνοις
1481 1698 1765 1769 ἐμφυλίοις
1789 1717 1889 1753 πε-

301 1787 655 1857 ρισπωμένης
677 1828 692 1854 ,
722 1789 950 1860 Μάρκος
972 1790 1238 1854 Ἀπώνιος
1267 1793 1361 1845 καὶ
1389 1790 1640 1861 Τιϐέριος
1678 1790 1886 1845 Κλεπί-

1989 599 2407 671 sull‘ragabatur.
2444 599 2785 656 Exstiterunt
2812 611 2869 656 et
2904 602 3026 658 aliae
3057 606 3250 660 turbae.
3275 603 3393 660 Jam
3425 605 3572 678 Sylla

1989 689 2177 745 consul
2216 692 2385 746 Roma
2417 689 2713 760 profectus,
2738 692 2805 745 ad
2830 703 3190 766 congregatas
3214 697 3355 766 apud
3383 695 3572 754 Nolam

1991 782 2174 850 copias
2224 785 2410 846 venit,
2479 790 2535 836 et
2584 782 2785 843 multos
2838 784 3191 840 ﬁnitimorum
3248 791 3573 857 perterritos

1990 875 2187 944 coegit,
2207 884 2261 928 et
2281 876 2490 944 seipsos
2520 885 2576 930 et
2598 876 2763 931 urbes
2791 876 3008 931 dedere.
3044 877 3178 932 Cum
3210 891 3390 936 autem
3423 881 3571 952 Sylla

1990 965 2044 1020 in
2073 966 2255 1018 Asiam
2283 967 2542 1021 adversus
2583 966 2995 1022 Mithriditatem
3045 967 3323 1036 profectus
3355 971 3571 1035 fuisset,

1990 1065 2044 1110 et
2094 1056 2260 1110 Roma
2313 1058 2520 1126 magnis
2573 1058 2894 1113 tumultibus
2952 1068 3007 1113 et
3053 1060 3305 1115 civilibus
3338 1064 3571 1116 caedibus

1990 1146 2379 1214 destinaretur,
2412 1147 2627 1202 Marcus
2663 1148 2909 1218 Aponius
2937 1158 2992 1203 et
3023 1151 3275 1205 Tiberius
3306 1149 3573 1221 Cleptius,

1991 1245 2247 1304 praeterea
2276 1234 2586 1306 Pompeius,
2622 1238 2951 1307 reliquorum
2985 1238 3236 1293 Italorum
3293 1241 3457 1295 duces
3519 1245 3572 1296 in

1989 1324 2169 1383 Bretia
2207 1324 2441 1398 [Brutia]
2478 1326 2761 1398 degentes,
2793 1328 2936 1383 Asize
2964 1330 3149 1384 urbem
3188 1330 3423 1384 validam
3447 1345 3572 1385 cunt

1990 1417 2082 1471 diu
2108 1416 2484 1484 obsedissent,
2528 1432 2635 1472 non
2673 1428 2967 1489 potuerunt
2997 1434 3215 1490 capere,
3249 1422 3345 1476 sed
3383 1421 3571 1476 relicta

1990 1509 2045 1564 in
2077 1508 2358 1564 obsidione
2383 1518 2536 1580 parte
2562 1511 2857 1575 exercitus,
2880 1512 3087 1581 reliqua
3122 1522 3277 1580 parte
3307 1512 3569 1585 Rhegium

1989 1602 2191 1657 acriter
2227 1602 2559 1671 obsidentes,
2593 1614 2900 1672 sperantes.
2933 1604 2981 1657 si
3020 1604 3121 1660 hac
3150 1606 3304 1672 potiti
3349 1602 3571 1672 fuerint,

1990 1692 2150 1749 facile
2179 1694 2235 1749 in
2286 1693 2533 1749 Siciliam
2568 1703 3035 1765 transportaturos
3064 1698 3268 1766 copias,
3305 1708 3361 1753 et
3396 1697 3571 1752 insula

1992 1786 2259 1852 pmituros
2291 1787 2532 1842 omnium
2572 1801 2693 1857 qua:
2721 1789 2821 1842 sub
2867 1788 2982 1843 sole
3009 1799 3192 1844 essent
3233 1790 3569 1845 beatissima.

294 1892 412 1939 τιος
428 1877 498 1943 δθ,
515 1877 596 1931 ἔτι
623 1879 682 1932 δὲ
703 1880 989 1951 Πομπήϊος
1005 1880 1075 1944 δ’,
1106 1881 1155 1935 oi
1180 1881 1293 1935 τῶν
1320 1880 1630 1935 ὑπολοίπων
1650 1880 1882 1935 Ἰταλιω-

1992 1879 2192 1935 Verum
2231 1879 2348 1949 eius
2376 1882 2483 1936 dux
2517 1880 2683 1937 Caius
2727 1881 2984 1939 Orbanus
3017 1899 3214 1955 magno
3245 1886 3491 1940 exercitu
3521 1893 3576 1939 et

293 1969 405 2021 τῶν
435 1972 764 2041 στρατηγοὶ,
798 1971 1168 2044 διατρίϐοντες
1196 1973 1254 2026 ἐν
1284 1973 1351 2043 τῇ
1385 1971 1637 2044 Βρεττίᾳ,
1656 1972 1819 2036 Ἰσίας
1839 1973 1883 2004 ⁸⁸

297 2060 398 2130 μὲν
442 2060 595 2114 πόλιν
634 2062 838 2135 ὀχυρὰν
870 2064 965 2118 ἐπὶ
987 2063 1154 2119 πολὺν
1184 2063 1373 2135 χρόνον
1398 2062 1883 2134 πολιορκήσαντες,

293 2152 395 2204 οὑκ
411 2151 455 2184 ⁸³
489 2154 717 2224 ἴσχυσαν
747 2156 909 2219 ἑλεῖν,
938 2157 1105 2227 μέρος
1130 2155 1176 2210 δ’
1199 2157 1293 2209 ἐπὶ
1314 2156 1416 2227 τῆς
1448 2154 1769 2227 πολιορκίας
1790 2154 1884 2209 τοῦ

295 2245 707 2316 στρατεύματος
755 2247 1145 2312 καταλιπόντες
1161 2248 1208 2280 ⁵⁸
1246 2250 1316 2321 τῇ
1360 2248 1521 2320 λοιπῇ
1571 2248 1635 2303 τὺ
1668 2246 1887 2318 Ῥήγιον

296 2334 537 2407 ἰσχυρῶς
580 2338 954 2409 ἐπολιόρκουν,
983 2337 1318 2407 ἐλπίζοντες,
1346 2341 1395 2394 εί
1439 2339 1648 2409 ταύτης
1674 2340 1884 2411 κρατή-

293 2443 467 2493 σαιεν,
500 2428 697 2500 ῥᾳδίως
723 2433 803 2496 είς
824 2432 924 2502 τὴν
954 2431 1208 2488 Σικελίαν
1234 2432 1573 2488 διαϐιϐάσειν
1594 2431 1694 2496 τὰς
1720 2432 1884 2487 δυνά-

1984 1978 2245 2038 apparatu
2295 1978 2352 2025 et
2394 1970 2678 2028 alacritate
2712 1988 2866 2037 usus,
2915 1976 3152 2042 percutit
3200 1974 3359 2030 ltalos
3405 1990 3574 2046 appa-

1985 2072 2135 2119 ratus
2176 2065 2567 2135 magnitudine,
2615 2075 2780 2137 atque
2827 2066 3166 2137 Rhegienses
3216 2085 3281 2123 ex
3329 2069 3574 2139 periculo

1983 2155 2201 2224 eripuit.
2234 2155 2433 2211 Deinde
2455 2172 2580 2211 cum
2605 2160 2905 2214 exarsisset
2934 2159 3070 2227 apud
3110 2160 3384 2216 Romanos
3414 2159 3577 2232 Syllae

1984 2254 2039 2302 et
2068 2246 2225 2301 Marii
2252 2246 2429 2302 civilis
2457 2246 2676 2313 seditio,
2724 2248 2815 2302 alii
2860 2246 3050 2320 Syllae,
3079 2249 3169 2303 alii
3211 2248 3363 2304 Marii
3391 2258 3573 2320 partes

1987 2338 2159 2392 secuti
2191 2346 2338 2403 sunt,
2380 2348 2435 2392 et
2473 2352 2658 2393 eorum
2688 2353 2817 2408 pars
2848 2340 3020 2409 major
3048 2340 3201 2396 bellis
3242 2341 3463 2407 cecidit,
3489 2354 3577 2395 re-

1988 2429 2134 2499 liqua
2165 2432 2232 2485 ad
2265 2432 2525 2488 victorem
2573 2429 2777 2502 Syllam
2814 2432 3043 2488 descivit
3084 2450 3100 2487 :
3155 2444 3318 2504 atque
3350 2436 3422 2489 ita
3458 2444 3577 2488 tan-

296 2533 420 2587 μεις
448 2519 544 2572 καὶ
572 2521 867 2590 κρατήσειν
892 2522 991 2591 τῆς
1016 2522 1511 2595 εὑδαιμονεστάτης
1531 2523 1642 2576 τῶν
1669 2523 1775 2576 ὑπὸ
1795 2522 1882 2577 τὸν

1992 2525 2111 2580 dem
2156 2539 2263 2579 una
2308 2539 2429 2578 cum
2478 2524 2753 2581 seditione
2780 2526 2926 2580 civili
2974 2526 3305 2581 exstinctum
3349 2533 3435 2579 est
3464 2523 3581 2578 bel-

296 2608 452 2679 ἥλιον
481 2612 682 2681 νήσων.
700 2612 839 2667 Ἀλλ’
871 2616 901 2668 ὁ
926 2614 1129 2687 ταύτης,
1162 2616 1468 2688 στρατηγὸς
1506 2616 1667 2681 Γάϊος
1691 2615 1882 2687 Ὀρϐα.

1993 2615 2101 2670 lum
2136 2614 2263 2669 illud
2298 2614 2591 2671 Marsicum
2637 2617 2991 2688 appellatum,
3020 2632 3142 2673 cum
3171 2616 3366 2672 fuisset
3404 2613 3581 2669 maxi-

288 2698 403 2762 νὸς.
435 2699 605 2771 πολλῇ
658 2702 889 2773 δυνάμει
946 2705 1043 2760 καὶ
1094 2710 1417 2779 παρασκευῇ
1470 2707 1566 2763 καὶ
1606 2707 1893 2780 ,προθυμίᾳ
1998 2723 2168 2763 ηιυιη.

289 2792 656 2862 χρησάμενος,
718 2794 878 2867 [1189
908 2796 1001 2870 8.]
1055 2798 1149 2852 καὶ
1203 2800 1691 2871 καταπληξάμενος
1744 2801 1875 2866 τοὺς
1924 2799 2231 2866 Ἰταλιώτας
2278 2802 2358 2874 τῷ
2407 2803 2631 2872 μεγέθει
2709 2806 2808 2874 τῆς
2853 2804 3230 2873 παρασκευῆς,
3299 2802 3579 2872 ἐξήρπασε

288 2888 417 2949 τοὺς
450 2888 811 2959 Ῥηγίνουςδδ.
856 2890 988 2947 Εἶτα
1012 2893 1113 2963 τῆς
1142 2896 1269 2963 περὶ
1295 2894 1501 2948 Σύλλαν
1534 2897 1629 2950 καὶ
1696 2897 1910 2969 Μάριον
1982 2899 2250 2969 ἐμφυλίου
2320 2900 2566 2963 στάσεως
2621 2899 3110 2970 ἀναρριπισθείσης
3178 2899 3472 2969 Ῥωμαίοις
3528 2897 3579 2949 oi

292 2980 395 3046 μὲν
442 2980 639 3053 Σύλλᾳ,
660 2984 710 3036 οί
750 2984 810 3037 δέ
857 2984 1055 3055 Μαρίῳ
1097 2985 1503 3058 συνεμάχησαν.
1537 2987 1650 3042 Καὶ
1676 2988 1738 3041 τὸ
1774 2988 1873 3059 μὲν
1916 2989 2080 3046 πλέον
2128 2991 2308 3045 αὑτῶν
2357 2990 2521 3044 ἔπεσε
2565 2992 2677 3059 τοῖς
2729 2990 3010 3059 πολέμοις,
3074 2989 3137 3041 τὸ
3181 2987 3228 3041 δ’
3287 2988 3578 3041 ὑπόλοιπον

289 3071 722 3147 ἐπικρατήσαντι
748 3076 924 3149 Σύλλᾳ
942 3076 1352 3147 προσεχώρησε.
1382 3080 1490 3132 Καὶ
1520 3078 1663 3134 οῦτω
1685 3078 1870 3133 τέλεον
1907 3084 1972 3153 τῇ
2006 3082 2255 3154 ἐμφυλίῳ
2288 3083 2602 3153 συναπέσϐη
2633 3082 2822 3135 στάσει
2857 3082 3113 3151 μέγιστος
3172 3079 3417 3150 γεγονὼς
3482 3082 3578 3134 καὶ

287 3166 318 3218 ὁ
353 3166 639 3238 Μαρσικὸς
674 3167 991 3237 ἐπικληθεὶς
1028 3168 1279 3239 πόλεμος.

363 3260 488 3313 Ὅτι
519 3260 732 3331 μεγάλη
763 3260 953 3323 στάσις
982 3261 1242 3330 ἐμφύλιος
1278 3262 1379 3332 ἤδη
1413 3261 1766 3333 διαλυομένου
1785 3264 1881 3318 τοῦ

2058 3262 2285 3317 Exstitit
2338 3271 2542 3328 autem,
2577 3260 2919 3317 exolescente
2966 3260 3078 3332 jam
3132 3262 3272 3317 bello
3322 3262 3575 3317 Marsico-

289 3350 584 3421 Μαρσικοῦ
629 3352 820 3420 γέγονε
868 3351 1129 3421 πολέμου,
1161 3346 1231 3423 ἦς
1278 3352 1511 3422 ἡγοῦντο
1544 3355 1748 3419 Σύλλας
1790 3358 1882 3409 καὶ

1998 3353 2189 3422 ingens
2218 3351 2412 3407 seditio
2442 3352 2637 3412 civilis,
2672 3352 2827 3418 cujus
2883 3352 3048 3407 duces
3084 3361 3240 3405 erant
3304 3350 3451 3422 Sylla
3521 3363 3577 3404 et

288 3443 452 3507 Γάῖος
495 3443 729 3515 Μάριος,
762 3443 880 3507 νέος
903 3444 1000 3511 ὣν,
1031 3447 1059 3499 ό
1088 3446 1302 3518 Μαρίου
1330 3447 1424 3501 τοῦ
1452 3448 1711 3513 πολλάκις
1742 3449 1882 3502 ὑπα-

1992 3443 2158 3499 Cains
2198 3443 2419 3507 Marius,
2454 3442 2671 3511 juvenis
2705 3444 2882 3498 adhuc
2921 3442 3037 3498 Caii
3074 3442 3228 3498 Marii
3269 3444 3428 3508 ﬁlius,
3460 3443 3578 3513 ejus

289 3535 547 3598 τευκότος
595 3537 865 3603 (ἑπτάκις
911 3536 1019 3608 γὰρ
1070 3537 1380 3609 ὑπάτευσε)
1420 3541 1571 3604 παῖς.
1613 3540 1699 3593 Ἐν
1729 3539 1786 3593 δὲ
1814 3543 1881 3613 τῇ

1994 3536 2085 3606 qui
2120 3536 2283 3588 toties
2327 3534 2551 3604 (septies
2607 3533 2775 3603 enim)
2817 3535 3154 3588 consulatum
3203 3535 3387 3604 gessit.
3422 3532 3478 3588 ln
3510 3548 3576 3589 ea

294 3626 486 3681 στάσει
526 3625 646 3699 [641
685 3626 778 3699 Η.]
816 3628 1010 3682 πολλαὶ
1043 3630 1303 3701 μυριάδες
1345 3630 1649 3701 ἀνθρώπων
1681 3632 1882 3705 ἀνῃρέ-

1990 3626 2256 3684 seditione
2310 3624 2606 3681 interfecta
2654 3637 2779 3680 sunt
2833 3625 3110 3680 hominum
3165 3626 3333 3679 multa
3386 3625 3572 3705 millia.

293 3718 488 3787 θησαν.
506 3720 808 3792 Ἐκράτησε
832 3720 876 3775 δ’
895 3723 923 3773 ὁ
947 3721 1172 3785 Σύλλας,
1197 3720 1294 3775 καὶ
1318 3723 1590 3791 δικτάτωρ
1620 3722 1880 3791 γεγονὼς,

290 3809 683 3882 Ἐπαφρόδιτόν
704 3829 765 3865 τε
812 3812 1087 3881 ὀνομάσας
1140 3812 1352 3879 ἐαυτὸν,
1387 3814 1485 3866 οὑκ
1510 3812 1750 3884 ἐψεύσθη
1780 3814 1883 3884 τῆς

290 3902 647 3968 ἀλαζονείας·
696 3904 918 3975 κρατῶν
944 3905 1051 3976 γὰρ
1076 3907 1189 3968 τοῖς
1230 3906 1489 3975 πολέμοις
1522 3905 1636 3975 ἰδίῳ
1669 3906 1884 3961 άπεϐίω

292 3994 531 4064 θανάτῳ.
552 3993 608 4048 ’0
628 3994 684 4048 δέ
704 3996 916 4067 Μάριος
949 3996 1098 4067 μάχῃ
1124 3998 1192 4067 τῇ
1220 3996 1358 4066 πρὸς
1379 3994 1584 4051 Σύλλαν
1614 3996 1881 4065 γενναίως

289 4087 723 4158 ἀγωνισάμενος,
756 4088 906 4158 ὅμως
937 4087 1193 4159 ἡττηθεὶς
1226 4087 1535 4157 κατέφυγεν
1584 4089 1665 4151 είς
1711 4088 1883 4160 Πραί-

290 4195 481 4233 νεστον
507 4178 624 4250 ἃμα
653 4179 871 4251 μυρίοις
898 4177 1383 4250 πεντακισχιλίοις.
1412 4179 1799 4248 Συγκλεισθεὶς
1824 4178 1882 4233 δ’

288 4270 351 4323 ἐν
379 4270 517 4340 αὐτῇ
543 4271 639 4324 καὶ
667 4270 860 4340 χρόνον
885 4270 987 4323 οὑκ
1014 4269 1196 4338 ὀλίγον
1228 4269 1613 4341 πολιορκηθεὶς
1642 4269 1882 4340 ἠναγκά-

291 4362 421 4433 σθη,
454 4362 670 4418 πάντων
696 4361 859 4415 αὑτὸν
886 4360 1362 4429 ἐγκαταλιπόντων
1379 4359 1567 4428 ⁸⁸,εκαὶ
1606 4359 1878 4431 μηδεμίαν

291 4453 565 4524 σωτηρίας
589 4451 1007 4529 ὁδδνκαθορῶν,
1030 4452 1129 4523 τὴν
1155 4453 1273 4516 ἐνὸς
1295 4451 1507 4506 οἰκέτου
1530 4451 1638 4505 τῶν
1664 4451 1877 4505 πιστῶν

287 4549 450 4618 χεῖρα
483 4548 561 4611 εἰς
606 4545 761 4600 λύσιν
801 4546 909 4599 τῶν
946 4545 1135 4599 δεινῶν
1180 4544 1578 4615 παρακαλέσαι.
1612 4545 1725 4598 Καὶ
1752 4544 1780 4598 ὅ
1812 4561 1876 4613 γε

1990 3730 2055 3772 ac
2098 3718 2347 3788 superior
2394 3719 2570 3773 factus
2612 3716 2780 3788 Sylla,
2815 3727 2872 3772 et
2904 3719 3139 3772 dictator
3176 3726 3395 3772 creatus
3434 3698 3577 3771 Feli-

1989 3821 2108 3862 cem
2155 3809 2393 3876 seipsum
2426 3807 2749 3874 nominavit,
2800 3824 2921 3876 quae
2959 3822 3083 3862 eum
3121 3808 3431 3879 arrogantia
3471 3822 3575 3861 non

1989 3898 2204 3955 fefellit.
2246 3900 2429 3955 Armis
2463 3900 2606 3953 enim
2654 3902 2903 3969 superior
2945 3902 3163 3970 propria
3204 3913 3378 3956 morte
3412 3915 3578 3955 occu-

1990 3993 2126 4046 buit.
2179 3991 2383 4046 Marius
2439 4005 2568 4046 vero
2616 3992 2814 4061 prmlio
2858 4008 2982 4047 cum
3032 3993 3180 4063 Sylla
3228 4006 3573 4061 congressus,

1989 4087 2237 4154 quamvis
2282 4100 2548 4155 generose
2593 4087 2896 4154 proeliatus.
2930 4087 3130 4158 393a
3166 4097 3349 4141 tamen
3399 4089 3576 4140 victus

1988 4175 2260 4232 Praeneste
2313 4176 2583 4249 confugit,
2619 4194 2723 4232 una
2762 4194 2886 4233 cum
2935 4179 3080 4233 mille
3123 4178 3433 4248 quingentis
3472 4176 3578 4231 ini-

1988 4270 2195 4336 litibus,
2241 4281 2296 4325 et
2342 4271 2395 4326 in
2449 4286 2513 4325 ea
2568 4273 2702 4326 urbe
2750 4271 3060 4337 conclusus,
3106 4285 3205 4326 nec
3251 4285 3439 4339 parum
3483 4270 3581 4323 dits

1987 4364 2264 4423 obsessus.
2300 4374 2519 4417 coactus
2557 4372 2640 4417 est
2678 4361 2768 4433 (ab
2808 4364 3062 4415 omnibus
3124 4363 3444 4424 derelictus,
3475 4374 3583 4415 nec

1987 4449 2152 4504 ullam
2184 4450 2377 4507 salutis
2408 4451 2548 4506 viam
2582 4451 2793 4520 videns)
2823 4453 2982 4507 unius
3032 4452 3207 4507 fidelis
3238 4451 3421 4506 famuli
3454 4466 3575 4505 ma-

1988 4557 2118 4596 num
2164 4541 2417 4598 ﬁniendis
2454 4543 2694 4599 miseriis
2728 4543 3004 4600 invocare.
3036 4544 3102 4598 Et
3139 4544 3228 4597 ille
3256 4544 3580 4603 obsecutus.

287 4638 560 4703 πεισθεὶς,
584 4640 678 4693 καὶ
703 4640 801 4709 μιᾷ
823 4639 1007 4709 πληγῇ
1035 4636 1130 4690 τοῦ
1158 4637 1274 4707 βίου
1292 4636 1383 4689 τὸν
1411 4636 1679 4705 δεσπότην
1702 4636 1879 4690 ἀπαλ-

1989 4647 2095 4687 uno
2128 4631 2242 4687 ictu
2284 4634 2473 4688 herum
2524 4633 2629 4688 vita
2676 4634 2928 4704 privavit,
2975 4642 3031 4687 et
3073 4633 3310 4702 seipsum
3356 4632 3576 4700 insuper

286 4731 477 4796 λάξας,
509 4731 701 4785 ἐαυτὸν
732 4730 1161 4799 ἐπικατέσφαξε.
1194 4729 1307 4784 Καὶ
1340 4728 1574 4783 παύεται
1612 4730 1710 4800 μὲν
1737 4729 1878 4800 αῦτη

287 4826 323 4895 ἡ
358 4825 569 4887 στάσις,
602 4823 829 4893 λείψανα
859 4824 1044 4893 μέντοι
1073 4821 1168 4876 τοῦ
1197 4822 1437 4891 πολέμου
1481 4821 1878 4891 ὑπολειφθέντα

284 4915 391 4985 τῆς
418 4916 633 4986 Μαρίου
668 4916 864 4988 μοίρας
896 4915 990 4970 ἐπὶ
1029 4915 1222 4987 χρόνον
1257 4914 1431 4987 Σύλλᾳ
1456 4914 1874 4985 διεμαχέσαντο,

284 5007 395 5070 ἕως
422 5006 515 5060 καὶ
558 5008 699 5062 αὑτὰ
741 5007 1091 5079 συνδιέφθορε
1125 5009 1238 5071 τοῖς
1271 5006 1475 5070 ἄλλοις.
1508 5006 1663 5062 Μετὰ
1696 5005 1882 5076 μέντοι

284 5103 390 5171 τὴν
439 5101 647 5156 τούτων
703 5102 1026 5174 ἀπαλλαγὴν
1077 5101 1348 5172 Πομπηΐῳ
1397 5100 1477 5171 τῷ
1525 5099 1876 5170 ἐπικληθέντι

283 5194 497 5264 Μάγνῳ
530 5195 621 5250 διὰ
662 5196 761 5260 τὰς
806 5197 1032 5268 πράξεις
1083 5194 1149 5258 ἂς
1207 5193 1537 5266 κατώρθωσε
1584 5193 1761 5264 Σύλλᾳ
1814 5210 1874 5246 τε

286 5288 549 5356 πράττων
597 5289 693 5342 καὶ
735 5288 857 5343 καθ’
882 5289 1074 5341 ἐαυτὸν
1107 5287 1419 5357 Ῥωμαίοις,
1459 5285 1634 5357 τούτῳ
1669 5285 1734 5356 δὴ
1778 5286 1874 5340 καὶ

298 5376 509 5448 Ἰουλίῳ
536 5378 774 5450 Καίσαρι
800 5377 915 5449 ἐρις
938 5379 1201 5432 ἐκκαεῖσα
1222 5378 1303 5442 είς
1326 5376 1626 5447 ἐμφυλίους
1654 5379 1870 5444 σφαγὰς

287 5469 417 5534 τοὺς
449 5469 748 5541 Ῥωμαίους
776 5468 939 5523 πάλιν
970 5469 1252 5540 ἠνάγκασε
1290 5470 1688 5541 συστραφῆναι.
1720 5468 1872 5539 Πομ-

1983 4721 2274 4791 jugulavit.
2331 4722 2396 4776 Et
2449 4725 2639 4778 sedata
2691 4732 2776 4779 est
2824 4722 3039 4793 quidem
3093 4720 3285 4776 seditio
3327 4759 3343 4784 ,
3383 4736 3571 4773 verum

1988 4813 2213 4883 reliquae
2256 4813 2378 4868 belli
2423 4815 2665 4885 reliquiae
2705 4814 2956 4869 factionis
2995 4810 3251 4867 Mariana:
3284 4809 3441 4880 Syllze
3470 4809 3573 4862 ali-

1987 4900 2224 4971 quandiu
2263 4912 2648 4971 repugnarunt,
2681 4902 2855 4958 donec
2889 4903 3263 4973 ipsae,quoque
3292 4914 3414 4953 cum
3447 4899 3570 4952 aliis

1990 4992 2289 5065 proﬂigatae
2342 5005 2490 5049 sunt.
2545 4996 2927 5051 Verumtamen
2972 5002 3093 5066 post
3144 4993 3335 5048 horum
3383 4990 3568 5053 tinent,

1989 5086 2135 5143 inter
2178 5085 2496 5156 Pompeium
2531 5088 2639 5159 (cui
2680 5097 2898 5157 propter
2931 5102 3108 5142 rerum
3140 5095 3416 5156 gestarum
3448 5097 3571 5135 ma-

1986 5177 2352 5247 gnitudinem,
2376 5194 2515 5249 quas
2548 5179 2806 5233 Romanis
2836 5180 3032 5247 partim
3065 5178 3269 5248 Syllam
3303 5175 3567 5247 juvando.

1983 5271 2179 5342 partim
2232 5272 2344 5341 ipse
2394 5288 2497 5328 suo
2543 5272 2715 5327 Marte
2761 5274 2967 5342 gessit,
3015 5269 3208 5342 Magno
3257 5283 3567 5339 cognomen

1981 5362 2129 5436 fuit),
2156 5365 2296 5419 inter
2344 5366 2509 5430 hunc,
2557 5367 2797 5433 inquam,
2841 5376 2896 5421 et
2937 5364 3135 5419 Julium
3166 5363 3436 5419 Caesarem
3472 5375 3562 5413 ae-

1982 5473 2145 5518 censa
2180 5458 2448 5516 discordia
2488 5461 2556 5517 ad
2598 5461 2785 5517 civiles
2828 5462 3001 5518 caedes
3046 5457 3323 5514 Romanos
3360 5449 3565 5511 iterum

1534 5621 1769 5681 VARUE
1816 5622 2223 5683 LECTIONES.

364 5765 415 5840 ”_
446 5763 1113 5840 nlqctoztbpwglnlnqiov
1138 5722 1335 5840 χώρων
1498 5761 1545 5794 ⁸ο
1560 5762 1915 5840 ΚλέπτιοςαΒ.
1947 5832 1957 5840 _
2011 5762 2054 5795 ⁸¹
2088 5762 2397 5840 Πομπήϊος]
2414 5762 2653 5840 *Πόντιος
2695 5758 3117 5840 Wessrlingius.
3162 5825 3179 5840 ς
3213 5755 3258 5787 δ’
3299 5753 3459 5837 Ἰσίας
3486 5753 3556 5840 1},

288 5835 484 5903 Ἀσίας
505 5835 563 5906 ς’.
599 5835 789 5902 Τισίας
816 5835 1230 5907 Wesselingtus.

1324 5834 1368 5867 ⁸³
1387 5834 1560 5888 οὑκ-
1621 5832 1667 5870 ιδ
1695 5832 2083 5899 καταλιπόντες
2108 5832 2216 5891 om.
2250 5832 2313 5901 ς.
2388 5832 2432 5869 ⁸⁸
2472 5832 2724 5902 Ῥηγίους
2747 5850 2808 5900 ς.

2884 5828 2930 5865 ⁵⁸
2954 5824 3455 5899 ἐγκοιταλειπόντωι⁸
3487 5824 3551 5880 Α.
