4104 6422
526 394 660 460 17ιῖἶῦ

1671 380 1935 442 PIIOTII
1970 378 2480 441 PATllIARCllAﬂ
2521 377 2631 437 ΕΡ.

3670 371 3811 436 1436

520 517 645 558 sese
695 507 1013 555 convertere
1065 496 1263 566 coegit.
1317 491 1575 563 Pompeio
1638 492 1835 548 deinde
1891 490 2108 561 egregie

2229 489 2375 559 τηῖου
2397 487 2452 540 δὲ
2471 485 2741 558 λαμπρῶς
2766 486 2877 549 τοῖς
2903 484 3042 550 ὅλοις
3066 483 3390 557 ἡττηθέντος
3421 484 3519 539 καὶ
3548 485 3695 538 κατὰ
3714 485 3813 553 τὴν

521 593 672 649 onmi
704 608 767 648 ex
805 600 957 661 parte
998 599 1281 660 superato,
1312 596 1368 644 et
1406 587 1473 641 ad
1508 585 1893 640 Alexandriam
1939 584 2114 639 inter-

524 685 705 749 fecto,
760 683 1045 738 imminuta
1096 691 1179 737 est
1232 681 1515 737 consulum
1573 683 1847 748 potestas,
1897 684 1952 729 et
2015 676 2117 731 sub

528 776 692 828 unius
739 772 868 828 Julii
912 773 1143 828 Caesaris
1192 771 1525 824 dominatum
1573 765 1815 829 redacta,
1867 765 2116 819 tandem-

528 883 631 936 que
665 867 865 922 seditio
896 867 1105 920 sedata.
1138 863 1237 918 lllo
1278 860 1474 917 deinde
1511 856 1823 923 interfecto,
1857 857 2120 910 adversus

530 960 754 1014 Brutum
797 969 851 1013 et
890 958 1138 1013 Cassium
1167 955 1282 1024 ejus
1324 953 1701 1007 interfectores
1728 948 1888 1004 civile
1918 948 2117 1003 bellum

530 1063 738 1107 motum
772 1061 879 1117 est,
909 1050 1224 1105 auctoribus
1265 1046 1469 1115 Lepido
1498 1053 1553 1099 et
1583 1043 1821 1098 Antonio
1877 1049 1930 1096 et
1958 1040 2120 1095 Octa-

532 1145 696 1198 viano
739 1144 1003 1209 Augusto,
1043 1140 1385 1196 consulatum
1432 1136 1769 1209 gerentibus.
1807 1133 1960 1201 Quod
2002 1132 2119 1187 bel-

535 1237 645 1289 lum
702 1251 823 1288 cum
880 1228 1039 1288 linem
1092 1230 1260 1285 armis
1315 1248 1419 1285 non
1473 1229 1625 1283 tarde
1677 1229 2013 1296 accepisset,
2066 1230 2123 1279 et

536 1324 759 1379 Cassius
796 1335 958 1393 atque
991 1320 1190 1375 Brutus
1236 1322 1364 1375 victi
1410 1318 1684 1389 occisique
1712 1318 1961 1381 fuissent,
2009 1330 2113 1370 non

538 1418 706 1471 multo
759 1426 879 1486 post
923 1415 1101 1485 erupit
1154 1414 1208 1467 in
1258 1422 1502 1483 apertum
1550 1411 1760 1467 occulta
1804 1408 2024 1464 Antonii
2069 1416 2124 1462 et

535 1508 763 1579 Augusti
796 1509 862 1561 de
893 1507 1127 1576 primatu
1156 1505 1451 1570 contentio,
1483 1519 1546 1559 ac
1576 1512 1700 1574 post
1729 1503 1913 1558 fusum
1946 1502 2122 1556 utrin-

539 1612 646 1665 que
682 1596 907 1649 multum
950 1594 1165 1664 cognati
1210 1594 1512 1664 sanguinis,
1540 1593 1795 1649 stabilita:
1827 1601 1952 1646 sunt
1980 1591 2125 1647 vires

538 1688 793 1758 Augusti,
824 1696 880 1741 et
919 1686 968 1741 ei
1018 1701 1231 1741 summa
1281 1693 1521 1756 potestas
1563 1700 1659 1755 per
1692 1698 1910 1740 omnem
1954 1685 2123 1738 vitam

538 1784 876 1854 permansit,
932 1791 1219 1853 postquam
1269 1781 1554 1837 consulare
1604 1782 1927 1852 imperium,
1978 1780 2122 1836 ordio

540 1891 687 1942 nem,
719 1877 1127 1947 potentiamque
1160 1890 1312 1931 suam
1348 1876 1398 1929 in
1431 1884 1708 1945 posterum
1738 1874 1943 1929 amisit.

612 2057 910 2112 lllustrium
948 2059 1023 2112 ait
1048 2058 1362 2129 dignitatem
1391 2057 1611 2113 tertium
1643 2074 1672 2112 a
1704 2058 2129 2129 patriciisfordi-

539 2164 663 2204 nem
692 2150 982 2206 sustinere.

613 2244 753 2298 Ante
800 2242 1028 2313 Augusti
1073 2242 1469 2308 monarchiam,
1517 2244 1631 2298 haec
1715 2243 2127 2315 magistratuum

540 2334 756 2389 nomina
813 2334 1087 2392 habebant
1154 2333 1386 2389 Romani
1423 2353 1437 2390 :
1470 2334 1766 2401 Patricios,
1812 2336 1902 2405 qui
1953 2337 2127 2389 consi-

541 2426 671 2479 lium
725 2434 777 2480 et
826 2434 1042 2480 senatus
1087 2427 1423 2482 vocabantur
1461 2444 1477 2492 ;
1528 2427 1778 2483 tribunos
1818 2429 2009 2498 plebis,
2038 2430 2127 2498 qui

536 2518 741 2588 popqu
795 2527 1067 2588 praesunt;
1120 2532 1393 2585 censores,
1439 2518 1706 2586 consules,
1744 2535 1985 2590 quorum
2036 2536 2130 2591 po-

545 2619 715 2663 testas
739 2624 928 2663 omnes
955 2611 1285 2678 excedebat;
1319 2612 1664 2678 dictatorem,
1692 2613 1784 2682 qui
1811 2622 1865 2668 et
1893 2624 2131 2684 potesta—

546 2708 676 2763 tem,
696 2699 889 2770 393i:
917 2700 1011 2755 sed
1042 2701 1322 2769 maiorem,
1353 2717 1580 2773 quaeque
1608 2705 1871 2760 rationem
1906 2705 2131 2761 reddere

547 2806 651 2847 non
684 2804 996 2863 cogeretur,
1042 2795 1276 2849 habebat
1303 2794 1450 2866 (7'5);
1489 2796 1676 2862 duces,
1710 2798 1977 2863 tribunos,
2024 2799 2131 2854 im-

546 2894 826 2952 peratores
877 2887 1180 2955 militares,
1230 2888 1605 2959 proconsules,
1649 2890 1863 2961 aliaque
1908 2892 2128 2948 similia.

544 2975 898 3032 Proconsulis
947 2975 1109 3050 [forte
1153 2980 1414 3052 consulis]
1468 2982 1687 3050 quidem
1738 2982 1966 3054 insignia
2018 2986 2131 3040 haec

544 3074 692 3131 situt,
738 3081 958 3123 secures
996 3068 1305 3133 duodecim,
1349 3080 1471 3140 toga
1520 3083 1801 3141 praetexta.
1843 3072 2135 3132 Dictatoris

547 3159 760 3228 quidem
794 3174 1034 3226 secures,
1064 3170 1119 3216 et
1147 3171 1365 3217 cattera.

1206 3344 1456 3403 CCXLV.

858 3433 906 3489 E
936 3433 1209 3491 Plutarchi
1244 3437 1529 3495 Parallelis
1559 3453 1824 3509 excerpta.

624 3523 876 3593 Legimus
921 3539 952 3579 e
997 3525 1274 3584 Plutarchi
1326 3530 1609 3587 Parallelis
1654 3536 1897 3590 diversos
1944 3538 2132 3602 libros,

551 3630 781 3683 quorum
834 3619 1219 3687 compendiosa
1267 3622 1561 3690 descriptio
1611 3625 1727 3681 haec
1774 3626 1970 3682 selecta
2020 3644 2135 3682 ma-

551 3723 712 3777 gnam
745 3707 1032 3764 utilitatem
1074 3712 1407 3769 discentibus
1440 3718 1699 3773 continet.

1071 3799 1121 3853 E
1159 3801 1341 3857 Dionis
1385 3803 1525 3859 Vita.

625 3889 863 3947 Tintzeus
891 3892 1101 3948 Philisti
1129 3895 1179 3949 in
1210 3904 1471 3967 tyrannos
1495 3898 1734 3953 studium
1764 3909 1927 3971 atque
1951 3898 2136 3964 ﬁdem,

558 3985 898 4039 occasionem
928 4001 1061 4041 sane
1093 3988 1523 4055 reprehendendi
1566 4006 1670 4046 non
1703 3992 1958 4062 injustam
1996 3995 2137 4047 arri-

556 4078 746 4146 piens,
810 4079 877 4133 ad
941 4080 1247 4135 satietatem
1313 4097 1485 4152 usque
1538 4084 1802 4139 conviciis
1863 4086 2137 4141 hominem

558 4170 882 4240 proscindit.
933 4170 1076 4227 Sane
1123 4173 1216 4242 qui
1266 4182 1379 4227 tum
1436 4172 1504 4229 ab
1555 4190 1622 4230 eo
1677 4175 1889 4232 vivente
1942 4178 2139 4246 injuria

557 4259 739 4317 allecti
770 4262 1021 4329 fuissent,
1054 4264 1255 4334 ignosci
1290 4265 1355 4320 iis
1389 4276 1622 4335 poterat,
1652 4269 1798 4338 quod
1831 4269 1925 4323 ine
1953 4270 2140 4339 impo—

558 4355 724 4409 tentis
765 4361 966 4408 essent.
1008 4354 1115 4411 Eos
1164 4365 1344 4411 autem
1388 4357 1477 4425 qui
1522 4357 1855 4425 posteriores
1899 4369 2142 4428 tempore

558 4446 814 4502 historias
865 4447 1219 4518 scripserunt,
1255 4448 1387 4503 nihil
1435 4449 1551 4518 ejus
1594 4448 1753 4505 lactis
1805 4448 1982 4517 laesos,
2014 4466 2140 4506 ora-

2228 578 2635 649 ’Δλεξάνδρειαν
2664 574 3065 647 ἀναιρεθέντος,
3100 574 3451 629 συστέλλεται
3482 574 3588 646 μὲν
3628 576 3663 643 ἡ
3706 574 3816 627 τῶν

2217 674 2440 728 ὐπάτων
2494 674 2639 744 ἀρχὴ
2687 674 2768 733 είς
2817 673 3114 743 μοναρχίαν
3167 670 3408 742 Καίσαρι
3458 668 3540 740 τῷ
3578 668 3811 738 Ἰουλίῳ,

2218 765 2384 819 παύει
2404 767 2449 798 δ’
2479 766 2535 819 δὲ
2560 766 2742 819 τέλεον
2772 765 2867 818 καὶ
2897 766 2930 834 ἡ
2958 765 3169 826 στάσις.
3188 762 3429 815 Ἐκείνου
3450 761 3506 814 δὲ
3537 761 3817 833 ἀνῃρημέ-

2219 875 2335 925 νου,
2362 857 2504 912 κατὰ
2530 856 2767 930 Βρούτου
2800 857 2895 910 καὶ
2912 854 3154 910 Κασσίου
3180 854 3290 907 τῶν
3318 854 3621 907 ἀνελόντων
3651 852 3812 904 πόλε-

2223 967 2325 1021 μος
2370 948 2636 1020 ἐμφύλιος
2670 951 2936 1011 κινεῖται,
2986 947 3377 1018 χειριζομένων
3398 946 3443 978 ⁸⁸
3475 944 3714 998 Λεπίδου
3751 959 3811 994 τε

2220 1045 2311 1097 καὶ
2340 1042 2632 1097 Ἀντωνίου
2652 1041 2699 1074 ⁶⁹
2726 1042 2821 1095 καὶ
2848 1039 3207 1095 ὐκτασιανοῦ
3243 1038 3338 1093 τοῦ
3364 1037 3678 1106 Αὐγούστου
3714 1037 3811 1105 τὴν

2222 1134 2430 1189 ὕπατον
2472 1134 2648 1206 ἀρχὴν
2681 1133 2935 1203 ἐχόντων.
2969 1132 3045 1187 Οὐ
3080 1132 3322 1205 βραδέως
3351 1132 3407 1185 δὲ
3440 1130 3538 1183 τοῦ
3569 1129 3808 1197 πολέμου

2223 1227 2405 1298 κρίσιν
2428 1228 2540 1290 τοῖς
2567 1225 2755 1289 ὅπλοις
2788 1225 3068 1293 λαϐόντος,
3099 1225 3193 1277 καὶ
3218 1223 3555 1293 νικηθέντων
3587 1221 3684 1273 καὶ
3718 1221 3810 1273 ἀν-

2223 1318 2554 1391 αιρεθέντων
2582 1318 2692 1371 τῶν
2733 1318 2863 1389 περὶ
2903 1318 3145 1371 Κάσσιον
3173 1317 3271 1370 καὶ
3302 1314 3564 1386 Βροῦτον,
3599 1316 3720 1383 μετ’
3749 1312 3807 1365 οὐ

2223 1412 2360 1466 πολύ
2392 1412 2663 1483 ῥήγνυται
2701 1411 2784 1474 είς
2828 1410 2889 1464 τὸ
2935 1409 3173 1481 φανερὸν
3219 1410 3254 1479 ἡ
3304 1405 3678 1478 ἐνδομυχοῦσα
3709 1405 3814 1468 Αὐο

2223 1504 2453 1574 γούστου
2478 1504 2574 1558 καὶ
2595 1502 2882 1557 Ἀντωνίου
2907 1502 3049 1573 ὑπὲρ
3066 1502 3169 1571 τῆς
3192 1498 3563 1570 φιλοπρωτίας
3584 1496 3810 1567 ἅμιλλα.

2226 1601 2337 1655 Καὶ
2366 1597 2578 1653 πολλῶν
2604 1596 2882 1667 συγγενῶν
2923 1596 3175 1667 αἱμάτων
3204 1592 3545 1662 ἑκατέρωθεν
3572 1591 3815 1662 ῥυέντων

2224 1691 2287 1745 τδ
2336 1692 2539 1763 κράτος
2588 1689 2885 1760 Αὐγούστῳ
2917 1687 3251 1759 βεϐαιοῦται,
3284 1688 3377 1740 καὶ
3431 1684 3541 1738 τῶν
3587 1686 3733 1738 ὅλων
3780 1685 3814 1753 ἠ

2228 1784 2446 1851 ἐξουσία
2484 1782 2633 1854 αὐτῷ
2676 1782 2982 1852 παραμένει
3006 1779 3099 1834 διὰ
3134 1779 3276 1851 βίου,
3321 1777 3424 1848 τῆς
3453 1777 3562 1831 τῶν
3590 1777 3817 1830 ὑπάτων

2154 1846 2200 1908 Β
2228 1846 2415 1930 λοιπὸν
2448 1846 2625 1947 ἀρχῆς
2652 1846 2919 1946 τὴνίδίαν
2952 1872 3109 1941 τάξιν
3135 1846 3232 1926 καὶ
3265 1846 3586 1925 δυναστείαν
3617 1867 3819 1922 ἀποδει-

2227 1969 2514 2040 ὀληκυίας.

2298 2064 2423 2117 Ὀτι
2473 2063 2537 2115 τὸ
2565 2061 2674 2117 τῶν
2716 2058 3064 2130 ίλλουστρίων
3084 2058 3131 2091 ⁸⁸
3179 2056 3398 2125 ἀξίωμα
3453 2055 3647 2125 τρίτην
3706 2052 3815 2105 ἀπὸ

2225 2154 2335 2209 τῶν
2364 2154 2673 2225 πατρικίων
2700 2151 2857 2217 τάξιν
2887 2152 3105 2221 ἐπέχειν
3127 2151 3173 2183 ⁸¹
3202 2144 3358 2213 οὗτός
3386 2166 3569 2219 φησιν.

2298 2246 2424 2300 Ὅτι
2470 2247 2578 2318 πρὸ
2606 2244 2706 2315 τῆς
2732 2242 2827 2297 τοῦ
2848 2243 2895 2275 ⁸¹
2922 2241 3233 2312 Αὐγούστου
3288 2239 3588 2312 μοναρχίας
3636 2237 3818 2291 ταῦτα

2228 2337 2525 2410 ἐγίνωσκον
2558 2336 2820 2408 Ῥωμαῖοι
2843 2334 3071 2407 ἀρχικοῦ
3106 2334 3345 2405 κράτους
3396 2333 3661 2401 ὀνόματα,
3703 2347 3817 2382 παι

2227 2432 2496 2503 τρικίους,
2524 2428 2574 2483 οἳ
2597 2428 2691 2483 καὶ
2723 2425 2932 2494 ,βουλὴ
2960 2424 3056 2479 καί⁸
3094 2425 3439 2493 σύγκλητος
3494 2419 3817 2481 ἐκαλοῦντο,

2228 2525 2547 2597 δημάρχους
2598 2522 2725 2584 τοὺς
2760 2517 3111 2590 προεστῶτας
3148 2515 3243 2569 τοῦ
3303 2515 3500 2584 δήμου,
3550 2513 3821 2582 ἀγορανό-

2234 2634 2388 2691 μους,
2423 2615 2666 2678 ὑπάτους
2696 2612 2826 2675 τούς
2869 2611 3093 2683 ἔχοντας
3146 2608 3450 2663 ὑπεύθυνον
3471 2606 3520 2639 ⁸³
3558 2605 3620 2658 τὸ
3676 2604 3823 2657 κατὰ

2231 2710 2449 2764 πάντων
2470 2708 2693 2779 κράτος,
2749 2704 3041 2774 δικτάτορα
3070 2702 3261 2773 ἔχοντα
3310 2700 3404 2755 καὶ
3440 2698 3599 2751 αὐτὸν
3622 2736 3639 2761 ,
3702 2694 3823 2751 ἀλλ’

2230 2799 2603 2857 ἀνυπεύθυνον
2640 2798 2739 2853 καὶ
2788 2794 2974 2868 μεῖζον
3022 2794 3084 2848 τὸ
3114 2792 3278 2847 -κατὰ
3331 2791 3548 2846 πάντων
3590 2788 3822 2861 κράτος,

2233 2892 2601 2963 στρατηγοὺς,
2650 2888 2953 2959 ὑπάρχους,
3012 2884 3423 2956 αὐτοκράτορας
3456 2879 3823 2952 στρατηγοὺς,

2231 2986 2595 3048 ἀνθυπάτους,
2631 2980 2728 3036 καὶ
2784 2980 2948 3050 ἕτερα
2976 2975 3223 3032 τοιαῦτα.
3249 2975 3412 3049 [1192
3434 2974 3525 3046 R.]
3564 2971 3829 3043 Σύμϐολα

2237 3076 2336 3147 μὲν
2365 3070 2459 3130 οὖν
2492 3076 2591 3145 τῆς
2617 3072 2712 3127 τοῦ
2760 3071 3071 3126 ἀνθυπάτου
3116 3070 3289 3141 ἀρχῆς
3314 3068 3562 3130 πελέκεις
3603 3064 3827 3117 δώδεκα

2236 3166 2331 3219 καὶ
2358 3163 2591 3235 τήϐεννα
2626 3162 3060 3232 περιπόρφυρος,
3094 3161 3189 3212 τού
3236 3157 3294 3210 δέ
3350 3155 3690 3224 δικτάτωρος
3725 3169 3832 3205 πε-

2232 3258 2411 3321 λέκεις
2435 3256 2535 3328 μὲν
2559 3256 2701 3310 ⁸⁸η..

2938 3340 3113 3396 ΣΜΕ’.

2277 3446 2397 3501 Τῶν
2438 3445 2829 3514 Πλουτάρχου
2858 3439 3273 3510 [lapathum
3299 3436 3568 3507 διάφοροι
3593 3435 3793 3503 λόγοι.

2310 3537 2459 3610 1642
2512 3535 2607 3608 IL]
2670 3533 3115 3604 ’Δνεγνώσθησαν
3169 3532 3255 3583 ἐκ.
3302 3529 3413 3582 τῶν
3478 3528 3829 3598 Πλουτάρχου

2237 3629 2602 3702 Παραλλήλων
2655 3627 2902 3699 διάφοροι
2964 3626 3135 3693 λόγοι,
3199 3617 3275 3677 ὧν
3332 3625 3366 3693 ἡ
3412 3621 3623 3684 ἔκδοσις
3685 3620 3833 3673 κατὰ

2245 3721 2466 3793 σύνοψιν
2493 3720 2775 3790 ἐκλέγεται
2790 3720 3045 3789 διάφορον
3073 3715 3482 3789 χρηστομαθίαν
3505 3714 3574 3766 ⁵⁸.

2742 3813 2844 3865 Ἐκ
2872 3811 2979 3865 τοῦ
3018 3812 3239 3875 Δίωνος
3259 3809 3328 3861 ⁸⁸.

2320 3902 2482 3957 Ἀλλά
2506 3904 2551 3936 ⁸⁷
2591 3902 2826 3970 Τίμαιος
2850 3900 2951 3953 οὐκ
2984 3898 3168 3953 ἄδικον
3198 3895 3381 3950 λαϐὼν
3412 3894 3703 3968 πρόφασιν
3732 3891 3834 3961 τὴν

2239 3996 2381 4067 ὐπέρ
2397 3980 2825 4067 τῆςτυραννίδος
2838 3990 2932 4045 τού
2954 3991 3200 4044 Φιλίστου
3228 3988 3463 4059 σπουδὴν
3485 3988 3582 4041 καὶ
3608 3986 3827 4048 πίστιν,

2239 4086 2582 4158 ἐμπίπλαται
2610 4084 2719 4139 τῶν
2741 4083 2787 4117 ’⁸
2818 4082 2940 4137 κατ’
2980 4082 3145 4136 αὐτοῦ
3181 4081 3561 4154 βλασφημιῶν.
3592 4080 3663 4133 Ὃ
3702 4079 3834 4138 τοὺς

2245 4179 2343 4249 μὲν
2370 4177 2730 4248 ἀδικηθέντας
2766 4176 3113 4245 σύγγνωστόν
3156 4177 3307 4229 ἐστιν
3363 4176 3496 4237 ἴσως
3546 4173 3677 4243 ἄχρι
3727 4170 3834 4239 τῆς

2241 4268 2323 4331 είς
2352 4266 2677 4337 ἀναίσθητον
2702 4267 2747 4297 ⁸*
2792 4264 2965 4335 ὀργῆς
3022 4265 3298 4336 χαλεποὺς
3348 4262 3643 4333 γενέσθαι·
3700 4263 3835 4327 τοὺς

2241 4358 2287 4413 δ’
2336 4358 2561 4429 ὕστερον
2608 4358 3028 4428 συγγράφοντας
3057 4357 3127 4410 τὰ
3167 4358 3555 4427 πεπραγμένα,
3601 4358 3704 4410 καὶ
3749 4356 3836 4426 τῷ

2249 4450 2348 4523 μέν
2382 4449 2587 4522 βίῳίμὴ
2616 4449 2959 4521 λυπηθέντας
2997 4448 3186 4513 αὐτοῦ,
3213 4449 3293 4519 τῷ
3321 4448 3378 4502 δὲ
3416 4448 3562 4517 λόγῳ
3601 4448 3836 4519 χρωμέ-

560 4540 707 4595 tione
732 4548 910 4595 autem
944 4541 1108 4595 etiam
1153 4541 1387 4610 adjutos,
1425 4556 1711 4597 commune
1753 4543 2029 4598 hominum
2057 4545 2129 4617 ju‘

2249 4560 2395 4608 νους,
2427 4544 2461 4613 ἡ
2482 4540 2608 4608 δόξα
2641 4543 2987 4612 παραιτεῖται
3020 4540 3095 4613 μὴ
3130 4540 3250 4612 μεθ’
3280 4540 3495 4612 ὐὸρεως
3522 4540 3657 4612 μηδέ
3690 4540 3839 4609 μετὰ

560 4631 761 4685 dicium
796 4631 1071 4686 dehortari
1110 4632 1313 4700 debuit,
1339 4648 1406 4689 ne
1440 4634 1828 4691 contumeliose
1860 4646 1955 4691 aut
1988 4650 2144 4691 scur-

2246 4634 2583 4707 βωμολοχίας
2607 4633 2888 4698 ὀνειδίζειν
2924 4634 3024 4698 τὰς
3056 4634 3345 4705 συμφοράς
3371 4674 3387 4701 ,
3433 4628 3508 4688 ὧν
3552 4633 3706 4686 οὐδὲν
3732 4633 3841 4684 ἐπ-

563 4724 738 4780 riliter
770 4724 1111 4780 calamitates
1143 4726 1223 4781 eis
1253 4727 1738 4797 exprobrarentur,
1770 4731 1968 4800 quibus
2010 4746 2129 4799 quo-

2246 4729 2361 4799 έχει
2397 4730 2489 4781 καὶ
2514 4728 2604 4780 τὸν
2633 4727 2853 4798 ἄριστον
2880 4726 3091 4797 ἀνδρῶν
3120 4728 3185 4779 ἐκ
3209 4727 3379 4797 τύχης
3406 4728 3723 4797 μετασχεῖν.
3756 4727 3839 4779 Οὐ

563 4816 743 4873 minus
791 4817 985 4887 injuria
1032 4816 1265 4872 fortuna;
1307 4819 1473 4874 etiam
1519 4821 1758 4889 Optimus
1792 4821 2021 4891 quisque
2061 4822 2145 4878 fe-

562 4909 753 4974 riatur,
774 4909 904 4963 nihil
940 4910 1140 4964 obstat.
1181 4910 1362 4980 Neque
1397 4926 1524 4966 vero
1559 4927 1726 4966 sanus
1757 4912 2025 4982 Ephorus,
2054 4912 2146 4983 qui

560 4999 848 5057 Philistum
887 5003 1208 5073 praedicans,
1241 5005 1491 5073 quamvis
1524 5003 1706 5060 fuerat
1737 5005 2139 5071 callidissimus,

2249 4822 2353 4892 μὴν
2373 4821 2482 4874 οὐδ’
2508 4820 2745 4891 Ἔφορος
2772 4819 3005 4888 ὑγιαίνει
3029 4819 3122 4873 τὸν
3143 4820 3396 4873 Φίλιστον
3418 4819 3795 4890 ἐγκωμιάζων
3823 4836 3838 4849 ο

2246 4914 2305 4977 ὃς
2335 4912 2539 4983 καίπερ
2565 4911 2641 4966 ὣν
2677 4913 2983 4977 δεινότατος
3003 4912 3209 4976 ἀδίκοις
3240 4916 3531 4986 πράγμασι
3599 4914 3700 4967 καὶ
3730 4931 3836 4965 πο-

2228 5008 2430 5077 νηροῖς
2462 5006 2649 5077 ἤθεσιν
2704 5005 3048 5075 εὐσχήμονας
3102 5005 3285 5068 αίτίας
3338 5004 3692 5076 περιὸάλλειν
3740 5006 3842 5058 καὶ

1844 5139 2076 5197 νΑΒΙᾹΞ
2115 5139 2517 5197 LECTlONES.
2631 5195 2636 5201 ν

636 5255 679 5336 :7
705 5253 868 5339 παύει
890 5252 1115 5339 παύεται
1138 5254 1888 5339 apograplrunt__Stephani.f3
1906 5256 2129 5330 χειριζοι

2229 5258 2375 5339 nev-ll,
2389 5257 2763 5339 xst_pt§opévou
2780 5259 2848 5339 A,
2865 5274 2945 5327 χει
2954 5256 3261 5339 μαζομένου
3286 5276 3346 5325 ς.
3377 5258 3423 5299 δ’
3444 5256 3753 5339 Ἀντωνίνου
3767 5260 3838 5315 Δ.

562 5326 612 5359 ⁸⁸
632 5324 718 5399 ότι
744 5326 822 5399 Δτὸ
894 5326 1001 5376 τῶν
1050 5324 1423 5399 ίλλουστρίων]

1478 5326 1835 5385 Illustrissimi
1908 5326 2141 5399 dignitas
2170 5330 2254 5399 vel
2291 5326 2752 5384 illus‘tri'ssimatus
2775 5326 3252 5396 estposteriurum
3288 5343 3610 5399 tempormu,
3648 5329 3842 5397 itaque

566 5395 850 5476 ridiculum
884 5402 1075 5476 putare
1108 5395 1541 5476 hoe_a'Dio_doru_
1579 5416 1813 5476 umquam
1866 5395 2146 5476 proditum
2176 5398 2344 5476 fuisse
2377 5401 2603 5476 ;_itaqt_re
2630 5395 3095 5476 sirie__tlubjo_lizcc
3130 5411 3188 5476 et
3211 5417 3332 5468 qua:
3366 5395 3675 5476 sequuntur
3705 5395 3841 5476 sunt

566 5466 836 5558 sequioris
865 5467 1259 5558 cf‘posteritgris
1294 5472 1600 5553 scriptoris.
1624 5466 1912 5558 scabrosa.-
1948 5471 2027 5558 ﬂ“
2051 5473 2129 5550 ἐπι

2229 5473 2363 5558 ιᾼεη
2402 5472 2451 5503 ⁸⁸
2478 5466 2570 5523 τού
2602 5486 2712 5558 oni.
2749 5469 2805 5522 Β.
2883 5469 2931 5501 ⁸³
2955 5466 3324 5558 ἀνυπεύθυνον
3371 5466 3565 5558 λξζούκ
3591 5471 3840 5558 ἀνυπεύί

568 5533 725 5619 θυνον
757 5534 816 5615 ll.
964 5547 1080 5619 poSt
1109 5535 1209 5602 μὲν
1233 5533 1419 5619 versus
1451 5543 1602 5619 vacui
1638 5544 1691 5595 in
1722 5541 1762 5593 Β
1798 5541 2101 5619 Μηίίέξηῂι

2448 5539 3191 5619 -ξδδιαςοόρωχρηστομαθία
3356 5539 3410 5619 ξ’
3449 5541 3655 5619 Δίωνος
3680 5555 3756 5619 re.
3794 5540 3842 5619 ᾼ

567 5607 673 5674 (pr.
702 5606 845 5679 enim
877 5604 1088 5679 titulum
1115 5610 1269 5678 om.):
1303 5609 1421 5679 βζου
1449 5612 1648 5677 Δίωνος
1679 5630 1739 5678 ς.

570 5673 631 5740 ς.
706 5674 751 5706 ⁵⁸
777 5673 1103 5746 ἁναισθὴτου
1136 5692 1196 5740 ς’.

1844 5613 1887 5644 ετ
1912 5609 2072 5675 ἀλλὰ]
2112 5628 2229 5683 cap.
2255 5609 2343 5667 εδ.

2446 5614 2491 5645 ⁸⁸
2517 5605 2862 5684 ἐμπίπλαται
2885 5605 2993 5664 τῶν
3016 5605 3061 5663 Ᾱ
3087 5628 3099 5665 :
3130 5609 3513 5681 ἐμπίμπλαται
3536 5627 3597 5675 ς.
3628 5612 3656 5665 ὅ
3679 5613 3721 5664 Α
3744 5629 3753 5662 :
3792 5605 3842 5678 ᾧ

2088 5746 2320 5804 NOTAE.

642 5834 756 5905 (73)
795 5834 920 5891 Haec
972 5838 1225 5908 quoniun
1272 5839 1587 5908 posterioris
1635 5849 1763 5897 sunt
1804 5838 1981 5895 artatis
2008 5878 2023 5905 ,
2069 5840 2309 5896 [laurea
2344 5841 2468 5896 dicti
2502 5840 2717 5896 Diodori
2752 5858 2871 5898 esse
2906 5857 3011 5897 non
3044 5841 3309 5899 videntur.
3633 5863 3669 5885 ο
