4104 6448
296 400 429 477 1431‘

1376 410 1895 473 BlBLIOl‘HECA.
1919 434 1986 446 ·-
2019 412 2183 473 COD.
2218 412 2475 475 CCXLV.

3417 407 3553 475 1438

290 525 480 593 λόγους
507 522 728 592 ἔχοντας
758 522 962 593 κόσμον
980 521 1026 555 ⁸⁸
1052 522 1313 594 ἐξευρεῖν,
1344 521 1507 584 αὐτὸς
1563 520 1757 574 ἑαυτὸν
1794 520 1854 574 οὐ

1967 521 2135 578 malos
2173 535 2352 576 mores
2396 529 2452 576 et
2496 519 2697 592 iniusta
2744 522 2889 579 facta
2928 520 3175 579 honestis
3217 522 3270 580 in
3315 527 3550 594 speciem

289 615 513 670 δύναται
540 615 717 668 πάντα
751 614 1142 685 μηχανώμενος
1169 612 1447 680 ἐξελέσθαι
1471 612 1572 683 τῆς
1617 612 1862 683 γραφῆς,

288 708 366 772 ὡς
399 707 463 761 ού
493 707 1010 780 φιλοτυραννότατος
1039 707 1339 777 ἀνθρώπων
1361 707 1572 776 γένοιτο
1610 708 1707 761 καὶ
1760 706 1861 777 μά-

288 798 447 851 λιστα
481 798 702 852 πάντων
735 798 821 851 ἀεὶ
849 796 1100 867 ζηλώσας
1150 798 1245 850 καὶ
1292 796 1585 865 θαυμάσας
1646 794 1860 865 τρυφὴν

290 892 385 944 καὶ
421 891 654 959 δύναμιν
673 889 769 941 καὶ
797 888 1024 942 πλοῦτον
1049 888 1091 919 θί
1116 888 1211 940 καὶ¹
1238 887 1453 957 γάμους
1481 886 1608 949 τοὺς
1626 885 1734 938 τῶν
1763 902 1863 938 τυ-

294 983 521 1051 ράννων.
568 981 729 1037 Ἀλλὰ
759 981 867 1052 γάρ
883 980 1130 1033 Φιλίστου
1164 980 1261 1050 μὲν
1308 981 1336 1032 ὁ
1392 979 1531 1049 μήτε
1580 977 1681 1042 τὰς
1726 976 1868 1049 πρά-

289 1076 404 1142 ξεις
442 1075 684 1131 ἐπαινῶν
743 1076 879 1146 μήτε
930 1074 1031 1137 τὰς
1077 1072 1246 1143 τύχας
1285 1069 1561 1134 ὀνειδίζων
1619 1070 1856 1141 ἐμμελέ-

290 1183 508 1230 στατος.

796 1343 899 1398 Ἐκ
935 1341 1044 1397 τοῦ
1082 1343 1373 1410 Βρούτου.

369 1439 461 1492 Ἐν
487 1437 586 1508 μὲν
608 1438 653 1470 ⁴¹
679 1436 772 1492 οὖν
799 1439 921 1499 ταῖς
950 1432 1193 1506 πρώταις
1216 1433 1528 1498 ἐπιστολαῖς
1573 1432 1814 1497 τοιοῦτος
1834 1433 1865 1487 ὁ

290 1526 529 1598 Βροῦτος
552 1543 565 1557 ·
593 1526 693 1598 ήδη
724 1526 782 1580 δὲ
815 1524 925 1579 τῶν
976 1525 1075 1596 μὲν
1099 1524 1203 1587 ὠςο
1234 1524 1490 1594 Καίσαρα
1531 1523 1645 1577 τῶν
1697 1523 1756 1576 δέ
1782 1522 1865 1588 ὡς

301 1617 582 1673 ’Λντώνιον
608 1617 986 1688 διισταμένων,
1015 1615 1189 1670 ὠνίων
1205 1615 1251 1647 ⁸³
1302 1615 1359 1669 δὲ
1407 1616 1520 1669 τῶν
1563 1614 1866 1688 στρατοπέ-

287 1709 394 1762 δων
418 1708 608 1779 ῶσπερ
659 1708 765 1761 ὑπὸ
801 1708 1002 1778 κήρυκι
1056 1706 1498 1778 προστιθεμένων
1547 1705 1628 1778 τῷ
1677 1706 1863 1762 πλεῖον

285 1800 505 1866 διδόντι,
538 1800 886 1855 παντάπασιν
906 1801 1173 1868 ἀπογνοὺς
1194 1800 1302 1852 τῶν
1327 1799 1669 1869 πραγμάτων
1720 1799 1863 1866 ἔγνω

287 1891 611 1944 καταλιπεῖν
673 1890 924 1954 Ἰταλίαν,
964 1890 1061 1944 καὶ
1097 1890 1236 1959 πεζῇ
1290 1888 1379 1942 διὰ
1425 1888 1733 1952 Λευκανίας
1781 1891 1861 1953 είς

299 1982 519 2036 Ἐλαίαν
538 1984 631 2036 ἐπὶ
682 1982 955 2036 θάλασσαν
989 1977 1127 2053 ἧκεν
1148 1982 1213 2037 ⁸⁸.
1280 1981 1445 2035 Ὅθεν
1498 1983 1532 2053 ἡ
1585 1984 1796 2054 Πορκία
1814 1983 1859 2015 ⁸⁸

290 2074 562 2144 μέλλουσα
601 2074 763 2128 πάλιν
821 2075 901 2139 είς
938 2073 1158 2145 Ῥώμην
1203 2073 1629 2144 ἀποτρέπεσθαι,
1666 2074 1867 2130 λανθά-

284 2184 400 2221 νειν
429 2168 527 2239 μὲν
549 2169 806 2239 ἐπειρᾶτο
829 2166 1148 2239 περιπαθῶς
1190 2165 1410 2237 ἔχουσα,
1454 2167 1644 2237 γραφὴ
1672 2168 1729 2221 δέ
1779 2186 1866 2233 τις

284 2257 459 2328 αὐτὴν
481 2256 784 2328 προῦδωκε,
821 2253 994 2311 τᾶλλα
1026 2256 1278 2326 γενναίαν
1304 2255 1491 2312 οὖσαν.
1520 2251 1629 2310 Ἦν
1656 2258 1765 2328 γὰρ
1799 2260 1864 2312 ἐκ

283 2349 397 2403 τῶν
438 2348 766 2421 Ἑλληνικῶν
782 2349 1022 2414 διάθεσις
1069 2350 1288 2420 Ἕκτωρ
1310 2350 1355 2382 ⁸⁸
1389 2348 1497 2402 ὑπὸ
1564 2349 1867 2421 Ἀνδρομά-

287 2461 391 2515 χης
420 2445 901 2515 προπεμπόμενος.
948 2443 1317 2514 κομιζομένης
1342 2444 1386 2477 ιτ
1448 2442 1581 2515 παρ’
1605 2442 1771 2498 αὐτοῦ
1804 2444 1864 2497 τὸ

288 2537 525 2600 παιδίον,
553 2536 746 2607 ἐκείνῳ
771 2535 831 2589 δὲ
861 2534 1330 2606 προσϐλεπούσης.
1374 2535 1561 2590 Ταῦτα
1584 2535 1865 2605 θεωμένην

284 2626 387 2697 τὴν
406 2626 645 2697 Πορκίαν
659 2627 691 2697 η
707 2625 803 2679 τοῦ
828 2624 1035 2689 πάθους
1056 2624 1223 2680 είκὼν
1244 2626 1498 2697 ἐξέτηξεν
1527 2628 1607 2691 είς
1627 2626 1862 2699 δάκρυα,

286 2719 384 2773 καὶ
406 2717 667 2782 πολλάκις
697 2717 939 2787 φοιτῶσα
960 2718 1063 2789 τῆς
1094 2718 1307 2790 ἡμέρας
1331 2717 1574 2778 ἔκλαιεν.

759 2901 863 2955 Ἕκ
900 2901 1008 2953 τοῦ
1044 2900 1317 2969 Αἰμιλίου
1336 2899 1403 2954 ⁸⁸.

369 2992 460 3045 Ἐν
493 2982 539 3060 ᾧ
562 2992 607 3026 ⁸⁸
639 2989 830 3045 παθῶν
862 3008 923 3044 τε
977 2989 1337 3045 παντοδαπῶν
1385 2989 1482 3044 καὶ
1540 2991 1863 3063 νοσημάτων

286 3085 517 3139 ἐνόντων
544 3084 855 3156 ἐπρώτευεν
876 3083 923 3116 ⁷⁸
950 3085 983 3156 ἡ
1006 3082 1364 3155 φιλαργυρία.
1400 3083 1560 3155 (Περὶ
1616 3085 1674 3138 δὲ
1698 3084 1741 3117 ⁷¹
1768 3085 1862 3140 τοῦ

286 3178 547 3249 Περσέως
573 3176 683 3232 τῶν
712 3175 1041 3232 Μακεδόνων
1080 3174 1345 3246 βασιλέως
1372 3175 1416 3207 ⁷³
1442 3177 1472 3229 ό
1511 3175 1860 3249 Πλούταρχος

284 3268 482 3340 λέγει.)

720 3361 816 3415 Ἐκ
844 3359 952 3415 τοῦ
977 3359 1422 3428 Δημοσθένους.

355 3455 479 3508 Ὀτι
502 3454 550 3488 ⁷³
576 3453 685 3507 τῶν
714 3452 993 3523 πρέσϐεων
1017 3452 1078 3518 ἐξ
1144 3450 1385 3520 ’Δθηνῶν
1424 3451 1561 3521 πρδς
1589 3450 1857 3505 Φίλιππον

282 3545 742 3615 παραγεγονότων
771 3544 971 3616 ἢκουσε
998 3543 1097 3614 μέν
1121 3542 1167 3580 ⁷⁸
1211 3543 1467 3597 ἁπάντων
1514 3543 1543 3594 ό
1572 3541 1859 3607 Φίλιππος,

282 3639 505 3693 ἀντεῖπε
534 3639 591 3692 δὲ
622 3638 761 3708 μετὰ
790 3636 1050 3707 πλείστης
1099 3636 1419 3707 ἐπιμελείας
1473 3634 1609 3707 πρὸς
1640 3634 1731 3688 τὸν
1755 3637 1862 3705 Δη-

287 3730 579 3801 μοσθένους
606 3730 782 3799 λόγον.
812 3731 887 3783 Οὐ
909 3731 1014 3800 μὴν
1048 3731 1167 3790 ταῖς
1197 3729 1389 3792 ἄλλαις
1424 3730 1613 3799 τιμαῖς
1640 3730 1730 3782 καὶ
1773 3744 1863 3797 φι-

281 3825 641 3896 λοφροσύναις
679 3824 863 3893 ὅμοιον
884 3823 1048 3877 αὐτὸν
1090 3819 1169 3891 τῷ
1200 3819 1533 3890 Δημοσθένει
1566 3822 1849 3890 παρεῖχεν,

280 3919 420 3972 ἀλλά
448 3918 540 3972 καὶ
557 3918 865 3988 προσήγετο
886 3917 1013 3978 τοὺς
1042 3916 1169 3985 περὶ
1203 3912 1331 3985 [645
1362 3911 1455 3984 IL]
1483 3911 1742 3982 Αἰσχίνην
1766 3912 1862 3965 καὶ

280 4011 619 4082 Φιλοκράτην
664 4009 885 4081 μᾶλλον.
948 4007 1111 4080 [H95
1140 4004 1234 4079 IL]
1267 4006 1430 4059 Ὅθεν
1489 4003 1861 4058 ἐπαινούντων

282 4104 513 4159 ἐκείνων
541 4103 633 4157 τὸν
684 4103 949 4155 Φίλιππον
978 4100 1055 4162 ὡς
1104 4098 1287 4167 λέγειν
1331 4096 1703 4151 δυνατώτατον
1765 4095 1860 4149 καὶ

282 4196 570 4250 κάλλιστον
601 4194 831 4265 ὀφθῆναι
852 4193 947 4247 καὶ
968 4192 1035 4263 νὴ
1061 4190 1162 4243 Δία
1187 4191 1445 4261 συμπιεῖν
1497 4186 1856 4251 ἱκανώτατον,

282 4287 625 4358 ἠναγκάζετο
650 4285 954 4358 βασκαίνων
979 4283 1349 4338 ἐπισκώπτειν
1377 4280 1455 4345 ὡς
1476 4282 1539 4335 τὸ
1571 4281 1671 4352 μὲν
1700 4298 1858 4351 σοφι-

286 4378 438 4440 στοῦ,
468 4384 525 4431 τὸ
554 4378 607 4431 δὲ
628 4377 903 4451 γυναικρς,
936 4377 996 4429 τὸ
1009 4376 1065 4430 δὲ
1093 4375 1361 4444 σπογγιᾶς
1390 4374 1497 4443 εἴη,
1525 4372 1791 4444 βασιλέως
1809 4372 1855 4405 ⁷⁸

282 4469 342 4524 δὲ
370 4469 521 4522 οὐδὲν
548 4468 857 4538 ἐγκώμιονῖ

356 4561 478 4613 Ὀτι
500 4560 546 4590 ⁷⁸
573 4560 672 4628 τῆς
703 4556 973 4643 θυγατρρς
1013 4556 1109 4610 τοῦ
1137 4558 1180 4589 ⁷⁷
1212 4555 1588 4626 Δημοσθένους
1635 4556 1851 4611 ἀποθα⁸
1886 4580 1936 4641 ι)

277 4648 498 4718 νούσης,
528 4650 690 4717 γνοὺς
713 4648 873 4712 αὐτὸς
903 4647 1086 4720 κρύφα
1110 4648 1208 4719 τὴν
1234 4646 1329 4699 τοῦ
1358 4646 1631 4701 Φιλίππου
1662 4648 1850 4701 τελευο

274 4742 400 4811 τὴν,
433 4740 671 4811 προῆλθε
693 4742 740 4774 ⁷⁸
773 4742 998 4811 φαιδρὸς
1025 4742 1105 4803 είς
1142 4738 1240 4810 τὴν
1265 4738 1384 4809 βου)
1397 4739 1485 4809 ὴν,
1534 4738 1838 4811 ἐπιθαῤῥύο

274 4851 391 4886 νων
415 4833 537 4896 τοὺς
578 4832 895 4902 Ἀθηναίους
946 4832 1081 4898 πρὸς
1112 4830 1183 4883 τὰ
1236 4830 1523 4899 μέλλοντα,
1564 4832 1657 4885 καὶ
1708 4832 1843 4903 ὄναρ

275 4925 583 4991 ἑωρακέναι
614 4924 798 4992 ἔλεγεν
823 4923 915 4991 ἀφ’
938 4916 999 4976 οὗ
1029 4940 1082 4975 τι
1130 4922 1273 4992 μέγα
1323 4922 1629 4993 προσδοκᾷν
1687 4923 1849 4994 Ἀθη-

274 5018 450 5080 ναίοις
466 5019 511 5049 ⁷⁸
546 5015 769 5084 ἀγαθόν.
797 5016 908 5068 Καὶ
942 5013 1057 5085 μετ’
1082 5013 1144 5066 οὐ
1177 5013 1312 5067 πολὺ
1341 5014 1595 5084 παρῆσαν
1618 5014 1664 5045 ⁸⁸
1694 5016 1740 5066 οἱ
1761 5015 1854 5066 τὸν

273 5109 545 5161 Φιλίππου
581 5107 812 5161 θάνατον
842 5103 1300 5173 ἀπαγγέλλοντες,
1350 5105 1446 5157 καὶ
1501 5104 1841 5176 παρῆλθενδί

276 5206 302 5256 ὁ
345 5201 695 5272 Δημοσθένης
748 5198 1211 5269 ἐστεφανωμένος,
1263 5197 1404 5268 έχων
1459 5198 1556 5251 γει).
1600 5198 1852 5268 λαμπρὸν

1970 612 2467 683 praescriptionibus
2515 622 2722 683 tegere,
2770 623 2933 685 atque
2983 631 3249 673 excusare
3297 618 3549 673 credere-

1971 714 2078 770 tur,
2109 705 2163 760 id
2206 717 2387 761 tamen
2417 706 2563 761 omni
2598 716 2793 761 conatu
2830 716 2993 777 atque
3023 724 3186 779 opera
3226 710 3432 765 crimen
3467 710 3557 775 (ιι-τ

1969 795 2122 851 luere
2150 812 2256 851 non
2302 799 2500 867 potuit,
2532 799 2804 855 hominem
2838 798 3008 855 fuisse
3036 816 3158 856 eum
3193 808 3545 873 tyrannorum

1969 888 2444 955 studiosissimum,
2493 901 2547 946 et
2599 893 2691 961 qui
2758 893 2996 948 maxime
3073 895 3313 948 omnium
3341 896 3545 960 luxum,

1970 981 2289 1050 potentiam,
2334 983 2548 1039 divitias
2597 984 2919 1054 nuptiasque
2969 994 3322 1055 tyrannorum
3371 986 3550 1053 suspi-

1967 1083 2118 1129 ceret
2162 1082 2326 1145 atque
2377 1077 2763 1133 admiraretur.
2817 1076 3170 1132 Tutissimum
3239 1088 3323 1133 est
3376 1093 3549 1148 neque

1969 1163 2192 1222 laudare
2252 1163 2466 1222 Philisti
2532 1167 2713 1232 facta,
2798 1182 2975 1237 neque
3041 1166 3288 1223 fortunas
3353 1181 3549 1236 expro-

1968 1256 2149 1313 brare.

2470 1351 2673 1425 395a
2718 1352 2802 1407 Ea:
2836 1352 3028 1406 Bruto.

2038 1443 2359 1514 Huiusmodi
2404 1446 2461 1501 in
2516 1447 2707 1516 primis
2737 1444 2984 1514 epistolis
3025 1443 3127 1498 fuit
3166 1443 3388 1499 Brutus.
3427 1442 3547 1500 Jam
3610 1466 3619 1473 ο

1968 1554 2098 1595 vero
2126 1540 2248 1595 aliis
2273 1540 2342 1595 ad
2376 1539 2668 1605 Caesarem,
2697 1540 2821 1595 aliis
2842 1540 2911 1594 ad
2939 1540 3233 1594 Antonium
3268 1539 3551 1595 disceden-

1970 1630 2135 1697 tibus,
2164 1641 2221 1686 et
2269 1632 2604 1686 exercitibus
2652 1631 2799 1686 velut
2852 1633 2956 1688 sub
2999 1647 3251 1702 pmcoue
3299 1641 3549 1702 prostan-i

1969 1723 2135 1789 tibus,
2167 1731 2330 1792 atque
2379 1724 2427 1778 ei
2468 1722 2559 1791 qui
2594 1722 2711 1792 plus
2740 1722 2977 1779 dedisset
3007 1738 3065 1779 se
3104 1724 3549 1793 adjungentibus,

1973 1815 2276 1884 desperatis
2316 1815 2477 1884 plane
2522 1815 2685 1871 rebus
2727 1815 2876 1869 Italia
2916 1817 3183 1872 excedere
3216 1818 3426 1879 statuit,
3452 1831 3545 1883 pe-

1975 1906 2250 1975 destrique
2306 1907 2503 1963 itinere
2554 1921 2650 1977 per
2701 1907 2996 1962 Lucaniam
3051 1908 3117 1962 ad
3173 1924 3321 1963 mare
3362 1909 3546 1963 Eleam

1968 1997 2138 2052 venit.
2184 1998 2316 2072 inde
2363 1998 2590 2054 Romam
2645 1999 2836 2054 Porcia
2887 2000 3000 2070 (74)
3055 2015 3373 2067 reversura,
3422 2016 3545 2055 cum

1966 2100 2260 2145 conaretur
2294 2089 2572 2145 occultare
2626 2090 2866 2146 dolorem
2916 2105 3080 2160 quem
3130 2090 3312 2145 animo
3353 2091 3422 2145 ob
3465 2092 3549 2145 di-

1966 2199 2211 2253 gressum
2255 2182 2439 2238 mariti
2476 2198 2749 2238 summum
2797 2182 3066 2251 capiebat,
3101 2185 3241 2237 victa
3281 2192 3367 2237 est
3412 2199 3547 2237 con-

1968 2275 2317 2345 templatione
2345 2276 2566 2347 pictura:
2594 2274 2898 2345 cujusdam,
2931 2290 3195 2346 generosa
3239 2275 3377 2329 alias
3437 2275 3549 2328 ior-

1968 2369 2148 2440 lisque
2186 2369 2402 2425 mulier.
2446 2367 2578 2423 Erat
2608 2378 2798 2425 autem
2844 2370 3068 2436 pictura:
3102 2366 3348 2422 Graecum
3388 2383 3550 2436 argu-

1967 2469 2231 2522 mentum,
2262 2458 2643 2513 Andromacha
2676 2457 2967 2513 Hectorem
2997 2458 3288 2520 comitans,
3322 2471 3545 2526 puerum

1964 2550 2035 2607 ab
2083 2565 2148 2607 eo
2197 2551 2465 2604 redditum
2510 2550 2821 2620 accipiens,
2864 2551 3028 2620 inque
3074 2551 3329 2605 maritum
3380 2550 3552 2618 rcSpi-

1964 2644 2136 2699 ciens.
2185 2641 2336 2697 Hanc
2380 2642 2651 2712 picturam
2702 2643 2930 2697 intuenti
2981 2642 3208 2708 Porciae,
3254 2643 3543 2698 aliectuum

1963 2750 2189 2792 suorum
2240 2735 2450 2804 objecta
2500 2733 2704 2802 elligies
2750 2734 3020 2805 lacrymas
3060 2735 3321 2800 excussit,
3372 2734 3545 2789 inter-

1963 2826 2164 2897 diuque
2193 2841 2335 2895 saepe
2363 2841 2429 2880 eo
2463 2826 2729 2881 accedens
2760 2825 3017 2895 ploravit.

2459 2917 2546 2972 Ea:
2590 2918 2758 2972 Paulo
2794 2917 3043 2972 lEmt’lio.

2032 3010 2091 3065 In
2119 3026 2226 3080 quo
2253 3011 2561 3080 passionum
2601 3012 2876 3064 variarum
2918 3008 3343 3078 morborumque
3370 3009 3545 3062 inter-

1968 3118 2158 3158 norum
2179 3103 2542 3173 principatum
2590 3102 2744 3156 duxit
2766 3100 3023 3157 avaritia.
3053 3100 3126 3154 De
3151 3098 3352 3155 Perseo
3373 3099 3546 3154 Mare—

1888 3230 1931 3290 c
1966 3196 2165 3250 donum
2197 3210 2323 3264 rege
2353 3195 2427 3248 ait
2460 3193 2805 3249 Plutarchus.

2409 3370 2496 3426 Ea:
2534 3372 2899 3428 Demosthenis
2938 3370 3084 3426 Vita.

2035 3464 2304 3521 Omnibus
2351 3464 2552 3520 auditis
2608 3465 2802 3535 legatis
2845 3465 3260 3520 Atheniensium
3311 3466 3405 3534 qui
3478 3468 3544 3519 ad

1964 3572 2024 3614 se
2066 3568 2346 3624 venerant,
2376 3557 2651 3628 Philippus
2719 3557 3144 3613 accuratissime
3194 3558 3545 3614 Demostheni

1966 3650 2266 3718 respondit.
2301 3649 2521 3705 Honore
2564 3659 2745 3704 autem
2785 3659 2841 3705 et
2886 3648 3226 3704 humanitate
3259 3665 3407 3715 eum,
3440 3666 3545 3718 qua

1963 3750 2207 3808 caeteros,
2237 3757 2345 3796 non
2374 3743 2564 3797 eadem
2616 3750 2702 3795 est
2749 3751 3092 3811 prosecutus,
3136 3741 3451 3797 IEschinem
3495 3752 3548 3796 ct

1964 3830 2328 3885 Philocratem
2366 3832 2540 3900 magis
2572 3830 2878 3900 amplexus.
2925 3829 3289 3896 Quamobrem
3322 3829 3388 3884 iis
3422 3828 3549 3883 Phi-

1962 3921 2165 3990 lippum
2215 3922 2583 3988 laudantibus,
2632 3923 2775 3991 quod
2827 3930 2882 3976 et
2929 3921 3356 3976 facundissimus
3400 3930 3546 3974 esset

1962 4021 2017 4063 et
2048 4009 2497 4075 formosissimus,
2529 4021 2585 4062 et
2612 4010 2850 4078 optimus
2893 4018 3129 4079 potator,
3166 4009 3381 4063 invidia:
3422 4024 3547 4063 suc-

1962 4100 2222 4154 cumbens
2280 4100 2347 4153 ad
2401 4100 2705 4154 irridendas
2761 4115 2853 4155 eas
2916 4100 3106 4156 laudes
3170 4115 3230 4155 se
3293 4102 3543 4163 contulit,

1962 4187 2161 4243 nullam
2211 4191 2414 4259 regiam
2445 4190 2658 4246 laudem
2682 4190 2770 4245 hic
2795 4205 2916 4246 esse
2946 4191 3155 4257 dicens,
3184 4191 3278 4246 sed
3309 4191 3539 4261 primum

1963 4280 2191 4349 rhetori,
2223 4281 2454 4337 alterum
2507 4282 2742 4351 mulieri,
2785 4283 3006 4338 tertium
3056 4283 3294 4353 spongiae
3345 4297 3545 4338 conve-

1962 4387 2104 4428 mre.

2030 4549 2237 4605 Mortua
2285 4550 2393 4605 lilia
2429 4550 2843 4617 Demosthenes,
2891 4564 3015 4604 cum
3050 4550 3115 4603 de
3143 4550 3291 4604 obitu
3334 4549 3545 4604 occulte

1964 4643 2194 4711 Philippi
2224 4643 2592 4711 cognovisset,
2625 4650 2683 4697 ut
2712 4642 2921 4695 animos
2951 4640 3364 4695 Atheniensium
3401 4639 3542 4693 bona

1959 4735 2267 4789 futurorum
2311 4748 2405 4802 spe
2449 4734 2644 4801 injecta
2678 4744 3109 4803 praeoccuparet,
3145 4732 3265 4787 Iacto
3295 4732 3447 4786 vultu
3487 4733 3539 4785 in

1955 4838 2206 4885 senatum
2240 4826 2485 4897 prodiit,
2513 4826 2785 4881 somnium
2821 4840 2879 4879 se
2912 4823 3117 4879 vidisse
3154 4822 3362 4891 ferens,
3396 4824 3540 4893 quod

1962 4935 2213 4989 magnam
2268 4918 2502 4987 aliquam
2553 4916 2750 4988 populo
2804 4917 3118 4972 felicitatem
3171 4917 3539 4987 protenderet.

1958 5012 2126 5068 Paulo
2158 5018 2280 5081 post
2314 5009 2558 5072 adfuere,
2594 5010 2685 5077 qui
2722 5009 3031 5078 Philippum
3081 5010 3194 5064 vita
3239 5011 3541 5064 excessisse

1956 5106 2326 5162 enuntiarent.
2357 5103 2689 5174 Progressus
2722 5112 2805 5159 est
2847 5105 3014 5158 etiam
3049 5103 3104 5158 in
3132 5105 3404 5173 publicum
3439 5103 3542 5159 De-

1962 5200 2277 5253 mosthenes
2313 5197 2591 5266 splendide
2609 5199 2838 5251 vesulus
2866 5210 2930 5251 ac
2961 5207 3279 5261 coronatus,
3309 5197 3540 5266 septimo

1549 5317 1783 5378 VARI/1‘.
1823 5320 2234 5384 “ECTIONES.

351 5410 397 5441 ⁸ο
426 5409 628 5479 κόσμου
659 5426 720 5473 ς.
796 5409 837 5448 σί
862 5407 1124 5479 πλούτους
1152 5426 1211 5473 ς.
1290 5410 1334 5479 f’
1368 5409 1427 5462 ἐν
1454 5410 1575 5476 μέν]
1604 5426 1655 5466 c.
1688 5413 1778 5469 25.
1873 5416 2115 5479 ⁸⁸κένίων·
2140 5432 2199 5478 ς.

308 5468 592 5552 πολιορκῖα
610 5468 686 5542 ς’(
747 5480 791 5515 ⁸⁸
816 5478 1055 5549 Ἕκτωρ]
1076 5468 1138 5531 ἐκ
1157 5468 1266 5531 τῶν
1291 5478 1347 5534 Β.
1426 5468 1827 5553 ⁸⁵.κομιζομένη
1858 5468 1976 5541 Br"
1992 5468 2040 5517 ³⁸
2063 5468 2337 5578 Αἰμιλίου]

336 5548 346 5578 1
387 5567 412 5578 Α
469 5551 499 5578 0
598 5551 642 5578 το
667 5550 1007 5578 ι-Αιῖι-ριιριιι.
1032 5567 1069 5578 ι-
1167 5550 1210 5578 71
1243 5550 1296 5578 RL
1333 5565 1418 5578 nm
1480 5553 1503 5578 Δ
1610 5554 1656 5578 ἸΙ
1690 5553 1831 5578 ο..-λ
1855 5558 1871 5578 1
1939 5575 1952 5578 _
2000 5556 2098 5578 -JJ
2156 5553 2190 5578 Ι)
2290 5554 2309 5573 ’ν

275 5548 347 5623 ᾆιι
384 5548 549 5623 c.
598 5550 1007 5623 "feriato-ceuceu
1030 5548 1090 5613 ς.
1148 5548 1573 5623 ξ’ἷδὲέηηκᾼᾏ
1610 5554 1656 5584 ⁷³
1688 5548 1862 5623 βασιλέ

1998 5548 2214 5609 οάιΙίΒ.
2290 5554 2309 5573 "

1644 5626 1687 5658 '”
1714 5625 1808 5678 τοῦ
1839 5644 1948 5681 om.
1985 5628 2041 5680 Β.
2122 5624 2170 5657 ⁷⁸
2195 5625 2469 5695 προσῆλθε
2497 5639 2579 5690 pr.
2608 5627 2673 5679 Α.

278 5691 454 5762 βῆσαν
495 5704 613 5761 post
670 5690 1101 5761 ἀπαγγέλλοντες
1150 5690 1299 5761 ponit
1346 5695 1408 5745 A.
1461 5692 1502 5723 ³⁵
1538 5694 1841 5765 προσῆλθεν
1872 5716 1931 5762 ς.

282 5543 313 5567 τ

276 5600 608 5684 ἴέὲυξδὲἈτ
644 5600 1088 5689 assumas;
1146 5621 1195 5656 τι
1225 5600 1539 5684 aqua:

2291 5412 2339 5445 ⁸⁸
2365 5409 2498 5479 ἧκεν
2534 5412 2576 5465 Α
2614 5434 2628 5466 :
2675 5411 2947 5479 ἐπανῆκεν
2987 5428 3046 5474 ς.
3125 5409 3171 5441 ⁸⁵
3215 5407 3421 5479 Πορκία
3454 5405 3534 5458 Ατ

2409 5483 2595 5554 pou-sou
2626 5484 2701 5539 A:
2729 5479 2772 5534 B
2793 5478 2936 5554 enim
2967 5480 3194 5554 titulum
3223 5495 3356 5554 oan_._
3387 5479 3457 5554 _”
3479 5478 3537 5528 ἐν

2360 5548 2548 5616 515th.
2594 5554 2677 5607 16.
2773 5550 2819 5584 ⁷⁸
2852 5552 2949 5620 μὲν
2986 5552 3113 5604 add.
3170 5551 3236 5620 Α.
3312 5548 3535 5620 "ﬁas:-

2771 5626 2813 5657 τ’
2840 5618 3165 5692 Ἀθηναίους
3217 5618 3276 5674 D.
3354 5618 3398 5650 ⁸⁸
3424 5634 3535 5671 πα-

534 5836 543 5845 .
1830 5787 2059 5844 ΝΟΤιΕ.

367 5881 478 5947 (τί)
513 5880 595 5934 Sic
628 5878 1039 5934 emendandum.
1075 5877 1208 5934 Male
1240 5878 1380 5932 enim
1403 5878 1486 5933 hic
1528 5878 1839 5945 πολιορκίαν

1969 5880 2094 5942 itur,
2124 5894 2217 5943 pro
2251 5876 2504 5946 Πορκίαν.
2546 5875 2754 5941 Porcia,
2789 5876 2933 5931 Biuti
2970 5889 3124 5930 uxor.
