4124 6392
609 353 748 419 1439

1791 361 2048 422 ΡΙῙΟἩΙ
2081 362 2589 424 PATRIARCILE
2624 367 2731 426 (ΖΡ.

3748 367 3878 438 1440

602 485 630 525 a
670 478 842 525 morte
875 471 997 527 tiliae
1035 488 1146 529 suae
1175 476 1279 541 die,
1306 476 1447 545 quod
1487 474 1779 534 Aischiues
1817 479 2180 548 exprobrandi

2294 482 2529 552 ἱμάτιον,
2575 483 2814 555 ἑϐδόμην
2845 485 3060 556 ἡμέραν
3105 485 3206 555 τῆς
3241 485 3513 559 θυγατρὸς
3571 486 3746 542 αὐτοῦ
3793 507 3875 542 τε-

601 577 763 618 causa
798 564 979 628 refert,
1022 567 1470 624 inhumanitatem
1517 569 1565 622 ei
1630 584 1756 640 erga
1805 569 2008 626 liberos
2051 572 2188 641 obji-

601 655 750 708 ciens
789 674 802 708 :
840 656 1018 710 mollis
1055 658 1167 725 ipse
1199 669 1251 712 et
1283 659 1568 728 degeneris
1599 659 1789 726 animi,
1822 661 1866 714 si
1902 659 2103 715 luctum
2134 670 2189 717 et

603 745 863 809 eiulatum
898 750 1168 803 mansueti
1213 751 1376 804 animi
1417 761 1468 806 et
1509 766 1730 807 suorum
1771 753 2006 809 amantis
2035 755 2187 825 signa

601 841 827 902 censuit,
860 840 978 894 sine
1013 843 1215 896 doloris
1246 853 1426 898 autem
1475 859 1642 900 sensu
1677 857 1731 900 et
1767 845 2002 900 molliter
2028 861 2189 902 casus

601 929 911 994 huiusmodi
964 933 1130 997 ferre,
1167 935 1218 987 in
1271 935 1405 989 vitio
1451 938 1651 1004 posuit.
1710 937 1974 1006 Equidem
2016 939 2187 994 Athe-

598 1023 884 1077 niensilms
938 1025 1194 1079 decorum
1249 1027 1438 1092 fuisse,
1489 1032 1557 1084 ob
1610 1041 1841 1086 mortem
1899 1031 2063 1102 regis,
2096 1032 2186 1101 qui

603 1123 708 1164 tam
767 1115 1091 1170 clementem
1138 1119 1299 1174 victis
1354 1136 1410 1176 se
1463 1121 1544 1176 eis
1597 1125 1902 1191 praebuerat
1953 1139 2187 1178 coronas

598 1202 766 1268 ferre,
797 1216 957 1272 atque
989 1209 1152 1261 etiam
1185 1212 1517 1276 sacrificare,
1555 1227 1896 1283 nequaquam
1922 1212 2134 1267 alIirmo
2170 1232 2185 1270 :

599 1311 724 1349 nam
769 1309 1125 1368 praeterquam
1174 1303 1318 1372 quod
1374 1304 1703 1362 invidiosum
1753 1305 1855 1358 hoc
1899 1316 2005 1369 est,
2045 1305 2186 1360 indi-

606 1406 772 1458 gnum
806 1392 969 1446 etiam
1016 1394 1264 1460 ingenuis
1307 1396 1617 1452 hominibus
1646 1407 1784 1462 erat,
1813 1412 1972 1466 quem
2003 1401 2190 1450 viven-

602 1491 708 1535 tem
762 1484 1057 1540 honoribus
1107 1485 1439 1555 aﬂecissent,
1495 1503 1560 1543 ac
1607 1489 1832 1544 civitate
1871 1490 2188 1552 donassem,
2229 1554 2234 1559 η

599 1573 794 1645 θεων
831 1575 901 1629 ob
931 1577 1049 1646 ejus
1083 1589 1312 1632 mortem
1343 1580 1617 1635 exsultare
1645 1582 1865 1650 gaudio,
1895 1581 2186 1636 defuncto-

599 1681 705 1734 que
743 1667 1020 1722 insultare.
1066 1668 1221 1735 Quod
1271 1682 1450 1726 autem
1501 1673 1856 1727 domesticam
1903 1673 2189 1728 calamita-

600 1767 707 1812 tem
766 1759 1068 1816 dellendam
1125 1763 1450 1820 mulieribus
1499 1765 1720 1835 reliquit
1769 1764 2185 1830 Demosthenes,

2289 573 2569 644 θνηκυίας,
2604 575 2681 638 ὡς
2743 576 3004 646 Αἰσχίνης
3060 577 3194 648 φησί¹
3248 577 3506 648 λοιδορῶν
3551 578 3723 631 αὐτὸν
3792 580 3878 631 ἐπὶ

2293 668 2472 738 τούτῳ
2501 669 2598 722 καὶ
2619 669 2941 740 κατηγορῶν
2977 670 3144 724 αὐτοῦ
3183 671 3556 740 μισοτεκνίαν,
3593 671 3764 733 αὐτὸς
3807 671 3878 724 ῶν

2287 760 2519 828 ἀγεννὴς
2549 761 2640 814 καὶ
2675 762 2938 831 μαλακὸς,
2978 763 3026 814 εί
3061 764 3120 815 τὸ
3147 763 3406 816 ταπεινὸν
3427 765 3524 816 καὶ
3552 764 3684 827 τοὺς
3724 765 3878 834 ὀδυρ-

2293 853 2427 922 μοὺς
2463 853 2672 924 ἡμέρου
2718 855 2812 906 καὶ
2851 855 3213 924 φιλοστόργου
3265 855 3446 928 ψυχῆς
3474 859 3718 910 ποιεῖται
3777 875 3874 926 ση-

2293 947 2442 1015 μεῖα,
2474 947 2535 998 τὸ
2565 945 2622 998 δὲ
2655 945 2874 1009 ἀλύπως
2907 948 3004 1000 καὶ
3033 947 3226 1018 πράως
3260 949 3435 1002 ταῦτα
3459 949 3651 1018 φέρειν
3677 951 3876 1002 ἀπεδοο

2290 1036 2548 1106 κίμαζεν.
2625 1036 2768 1105 Ἐγὼ
2822 1037 2880 1091 δέ
2931 1038 3010 1102 ὡς
3053 1040 3151 1110 μὲν
3197 1040 3292 1092 ἐπὶ
3353 1039 3571 1109 θανάτῳ
3609 1039 3876 1109 βασιλέως

2292 1128 2514 1198 ἡμέρως
2535 1129 2579 1160 ⁸⁸
2605 1129 2748 1181 οὐτω
2774 1130 2870 1182 καὶ
2887 1129 3311 1201 φιλανθρώπως,
3336 1130 3396 1181 ἐν
3413 1125 3492 1192 οἷς
3505 1129 3786 1199 ηὐτύχησε
3807 1129 3872 1192 ⁸³,

2291 1219 2638 1292 χρησαμένου
2689 1219 2982 1274 πταίσασιν
3003 1221 3051 1252 ⁸⁵
3096 1221 3280 1282 αὐτοῖς
3326 1221 3763 1289 στεφανηφορεῖν
3786 1236 3876 1272 κα-

2299 1306 2403 1368 λῶς
2461 1301 2574 1376 εἶχε
2635 1307 2731 1360 καὶ
2771 1307 2942 1371 θύειν,
2969 1309 3068 1361 οὐκ
3107 1309 3174 1362 ἂν
3206 1309 3418 1379 εἴποιμι
3445 1325 3461 1339 ·
3492 1309 3630 1379 πρὸς
3668 1311 3779 1377 γὰρ
3801 1307 3875 1377 τῷ

2291 1397 2578 1468 νεμεσητῷ
2599 1400 2696 1453 καὶ
2728 1397 2953 1466 ἀγεννὲς
2991 1400 3170 1464 ζῶντα
3205 1400 3306 1469 μέν
3339 1402 3509 1472 τιμᾷν
3539 1401 3662 1470 ,καὶ
3703 1401 3874 1452 ποιεῖ-

2293 1487 2417 1542 σθαι
2441 1488 2688 1559 πολίτην,
2721 1491 2982 1554 πεσόντος
3011 1490 3068 1543 δὲ
3099 1491 3189 1560 ὐφ’
3213 1492 3400 1562 ἐτέρου
3448 1492 3523 1562 μὴ
3552 1491 3746 1560 φέρειν
3775 1491 3867 1562 τὴν

2291 1583 2466 1651 χαράν
2509 1581 2768 1652 μετρίως,
2827 1581 2942 1635 ἀλλ’
2992 1583 3316 1655 ἐπισκιρτᾷν
3346 1582 3424 1654 τῷ
3486 1584 3692 1655 νεκρῷ.
3750 1585 3868 1637 Ὀτι

2295 1673 2481 1744 μέντοι
2509 1673 2609 1735 τάς
2637 1672 2778 1725 οἶκοι
2813 1671 2984 1742 τύχας
3041 1674 3140 1726 καὶ
3196 1675 3409 1745 δάκρυα
3442 1675 3540 1727 καὶ
3609 1675 3877 1744 ὀδυρμοὺς

2292 1761 2581 1817 ἀπολιπὼν
2605 1764 2650 1797 ⁸⁵
2673 1766 2792 1826 ταῖς
2813 1765 3064 1832 γυναιξὶν
3092 1767 3121 1820 ὁ
3152 1767 3523 1838 Δημοσθένης,
3571 1769 3607 1820 ἃ
3633 1769 3700 1836 τῇ
3728 1765 3875 1818 πόλει

594 1851 714 1916 ipse
756 1867 854 1920 ea,
904 1870 1024 1923 quae
1074 1870 1105 1910 e
1153 1857 1429 1928 republica
1489 1873 1622 1914 esse
1673 1861 1924 1915 crederet
1981 1861 2188 1931 agenda

2297 1853 2600 1923 συμφέρειν
2628 1851 2790 1923 ᾤετο,
2813 1852 2990 1907 ταῦτα
3017 1836 3307 1924 ἔπραττεν,
3347 1836 3576 1918 ἐπαινῶ,
3607 1855 3710 1928 καὶ,
3734 1853 3877 1906 τίθει

603 1945 927 2013 suscipicns.
967 1946 1016 2000 id
1057 1947 1241 2012 laudo,
1298 1949 1710 2022 profectumque
1755 1967 1785 2006 a
1833 1952 1957 2007 forti
2002 1953 2184 2007 animo

605 2038 860 2106 civilique
893 2039 1101 2105 judico,
1144 2041 1296 2108 cujus
1338 2042 1570 2098 oﬂicium
1617 2054 1702 2100 est
1745 2059 1966 2114 semper
2011 2047 2192 2116 reipu-

594 2130 756 2185 blicae
778 2132 1042 2188 intentum
1075 2149 1216 2197 esse,
1249 2134 1408 2204 eique
1443 2151 1530 2191 res
1557 2152 1824 2209 casusque
1856 2140 2188 2195 domesticos

601 2233 962 2291 postponere,
1013 2241 1340 2298 semperque
1401 2228 1724 2297 dignitatem
1789 2245 1945 2285 suam
2009 2231 2188 2297 tueri,

600 2315 774 2368 multo
821 2317 993 2386 magis
1022 2333 1183 2388 quam
1220 2320 1273 2373 in
1305 2321 1486 2376 scenis
1527 2321 1821 2377 histriones
1864 2321 2071 2378 faciunt
2103 2339 2191 2379 re-

599 2405 682 2474 gis
715 2416 807 2461 aut
839 2410 1057 2476 tyranni
1106 2425 1398 2478 personam
1447 2422 1674 2484 agentes
1709 2432 1724 2469 :
1759 2429 1898 2484 quos
1931 2416 2074 2486 ipsos
2099 2417 2187 2472 vi-

599 2494 792 2549 demus
827 2510 932 2550 non
978 2507 1037 2552 ut
1078 2499 1210 2567 ipsis
1253 2500 1461 2555 libitum
1501 2510 1585 2556 est
1618 2502 1701 2558 vel
1747 2504 1929 2560 ridere
1966 2505 2048 2560 vel
2073 2505 2190 2576 plo-

596 2599 742 2650 rare,
768 2587 864 2642 sed
895 2599 952 2643 ut
987 2591 1124 2645 ratio
1157 2592 1414 2661 propositi
1455 2594 1522 2647 ad
1553 2596 1822 2664 agendum
1867 2598 2180 2666 argumenti

599 2679 849 2746 requirit.
885 2679 1002 2735 Jam
1034 2683 1080 2736 si
1111 2694 1304 2738 contra
1336 2684 1574 2739 ollicium
1611 2695 1715 2750 est,
1749 2687 1911 2742 ictum
1945 2690 2180 2759 aliquem

599 2770 898 2826 infortunio
952 2774 1246 2843 negligere,
1292 2778 1510 2846 patique
1565 2786 1624 2832 ut
1675 2777 1722 2832 is
1774 2780 1953 2835 omnis
1991 2795 2190 2850 expers

600 2863 993 2919 consolationis
1041 2880 1277 2922 maerore
1323 2883 1385 2922 se
1433 2884 1533 2923 suo
1571 2869 1848 2937 conﬁciat,
1885 2872 1979 2926 sed
2024 2880 2080 2926 et
2113 2872 2193 2928 le-

599 2955 814 3010 vandus
858 2958 1040 3012 verbis
1089 2959 1208 3026 ejus
1259 2962 1412 3015 dolor
1447 2970 1564 3027 est,
1617 2975 1672 3019 et
1721 2964 2073 3019 abducendus
2123 2963 2191 3018 ad

598 3059 784 3100 rerum
851 3049 1118 3103 ltetiorum
1178 3051 1558 3120 cogitationem
1611 3056 1862 3120 animus,
1917 3055 2192 3125 quomodo

599 3151 668 3189 ex
711 3138 885 3192 oculis
930 3139 1244 3196 laborantes
1280 3158 1307 3196 a
1345 3146 1592 3198 cnntuitu
1643 3160 1826 3200 rerum
1869 3146 2194 3215 Splendida-

599 3243 719 3281 rum
808 3245 1014 3299 suoque
1076 3233 1284 3304 fulgore
1339 3249 1434 3290 eos
1495 3236 1843 3302 ferientium,
1897 3236 2188 3292 dellectere

598 3332 877 3388 aspectum
929 3325 983 3380 in
1033 3329 1235 3384 virides
1284 3338 1339 3386 et
1387 3331 1574 3386 molles
1624 3331 1840 3387 colores
1905 3331 2182 3402 juhemus,

597 3415 744 3482 quod
807 3419 1020 3472 tandem
1085 3422 1275 3490 patriae
1338 3422 1541 3490 lugenti
1612 3424 1802 3478 melius
1867 3423 2182 3478 consolandi

599 3523 770 3578 genus
807 3513 1060 3569 adhibeat
1111 3517 1324 3587 aliquis,
1357 3533 1520 3588 quam
1567 3519 1614 3574 si
1673 3519 2002 3575 domesticas
2076 3517 2416 3575 calamitates
2465 3533 2589 3573 cum
2636 3517 2868 3589 publicis
2957 3517 3304 3588 temperarit,

601 3601 799 3655 teriora
840 3604 1134 3659 obscuret?

674 3691 866 3748 Victus
921 3711 1178 3762 munere,
1233 3697 1439 3767 inquit,
1496 3699 1714 3770 llarpali
1772 3701 2188 3764 Demosthenes,

599 3786 991 3855 perculsusque
1037 3789 1259 3856 perinde
1311 3805 1375 3844 ac
1428 3791 1472 3844 si
1537 3792 1848 3858 praesidium
1898 3794 1996 3848 sibi
2046 3805 2191 3849 esset

602 3876 932 3945 impositum,
969 3878 1084 3946 ejus
1126 3880 1366 3949 partibus
1391 3897 1450 3936 se
1492 3883 1757 3950 adjunxit.
1796 3885 1861 3938 Et
1893 3894 2186 3939 convocata

603 3968 978 4035 multitudine,
1004 3985 1122 4040 qua:
1151 3972 1216 4026 de
1251 3970 1470 4041 Harpali
1519 3975 1680 4029 rebus
1719 3977 2186 4039 animadversum,

605 4063 1011 4117 contradixerat
1068 4065 1212 4118 enim
1271 4064 1340 4120 iis
1388 4067 1479 4135 qui
1539 4081 1762 4121 servare
1821 4077 2082 4134 cuperent
2136 4076 2192 4122 et

602 4167 725 4205 eum
759 4153 1060 4222 suscipere,
1093 4165 1380 4225 antequam
1421 4171 1553 4209 auro
1590 4170 1809 4208 manum
1856 4156 2137 4225 implesset
2171 4172 2187 4211 :

604 4251 752 4298 recte
799 4251 855 4298 et
898 4245 1034 4299 bene
1077 4246 1214 4300 collo
1260 4246 1382 4300 lana
1431 4257 1486 4302 et
1524 4245 1709 4301 fasciis
1740 4256 1997 4302 accurate
2042 4248 2193 4302 invo-

608 4333 724 4387 luto
759 4334 814 4387 in
853 4338 1170 4390 concionem
1219 4337 1436 4406 prodiit,
1473 4336 1771 4406 iussusque
1803 4341 1871 4390 ad
1909 4337 2192 4391 dicendum

602 4439 846 4494 surgere,
883 4441 1070 4482 vocem
1100 4429 1200 4484 sibi
1240 4429 1577 4483 intercidisse
1624 4429 1820 4482 innuit.
1859 4427 2191 4483 Urbaniores

602 4529 782 4571 autem
828 4518 1078 4575 homines
1118 4521 1536 4586 cavillabantur,
1577 4537 1682 4576 non
1715 4522 1934 4591 angina,
1968 4523 2062 4574 sed
2094 4535 2184 4575 ar-

599 4611 927 4679 gentangina
959 4621 1116 4667 nocte
1159 4623 1465 4682 correptum
1495 4622 1766 4668 oratorem
1793 4613 2061 4668 dicentes.

669 4783 964 4854 Postquam
1011 4784 1065 4839 in
1120 4785 1372 4840 exsilium
1415 4795 1636 4858 propter
1678 4798 1900 4856 accepta
1949 4785 2020 4841 ab
2058 4785 2196 4840 Har-

596 4873 720 4944 palo
755 4874 867 4946 (75)
903 4891 1126 4930 munera
1175 4877 1363 4944 pulsus
1406 4885 1552 4932 esset
1599 4877 2012 4940 Demosthenes,
2056 4879 2191 4931 ado-

597 4968 866 5022 lescentes
907 4969 996 5036 qui
1033 4967 1100 5022 ad
1141 4982 1198 5022 se
1237 4968 1658 5033 conveniebant,
1689 4977 1745 5023 et
1787 4969 2187 5024 consuetudine

598 5057 770 5126 ipsius
802 5059 1112 5125 utebantur,
1149 5073 1177 5112 a
1215 5059 1489 5128 republica
1557 5059 1948 5115 dehortabatur
1987 5059 2194 5125 dicens,

2298 1961 2397 2013 μαι
2425 1944 2713 2014 πολιτικῆς
2756 1945 2851 1999 καὶ
2886 1945 3190 2017 ἀνδρώδους
3226 1945 3430 2016 ψυχῆς,
3480 1946 3570 1998 ἀεὶ
3633 1944 3773 2015 πρὸς
3819 1945 3876 1996 τὸ

2292 2033 2472 2088 κοινὸν
2523 2035 2876 2103 ἐνιστάμενον
2907 2038 3003 2090 καὶ
3051 2035 3123 2089 τά
3179 2037 3356 2090 οἰκεῖα
3421 2037 3732 2106 πράγματα
3786 2037 3872 2088 καί

2293 2125 2439 2198 πάθη
2461 2129 2574 2191 τοῖς
2611 2127 2894 2199 δημοσίοις
2920 2128 3278 2198 ἐπανέχοντα,
3329 2131 3516 2200 τηρεῖν
3553 2129 3618 2180 τὸ
3657 2128 3873 2198 ἀξίωμα

2293 2220 2428 2272 πολὺ
2466 2219 2728 2290 μᾶλλονῆ
2761 2219 2888 2284 τοὺς
2933 2219 3236 2291 ὑποκριτὰς
3294 2220 3403 2275 τῶν
3431 2220 3734 2289 βασιλικῶν
3785 2220 3872 2272 καὶ

2292 2311 2639 2383 τυραννικῶν
2662 2311 2709 2343 ⁸⁸
2739 2311 3073 2383 προσώπων,
3101 2312 3197 2376 οὒς
3230 2313 3446 2384 ὁρῶμεν
3496 2312 3624 2366 οὐτε
3656 2312 3869 2364 κλαίον-

2291 2420 2390 2466 τας
2416 2401 2540 2455 οὐτε
2573 2401 2850 2471 γελῶντας
2880 2404 2939 2456 ἐν
2969 2405 3082 2463 τοῖς
3115 2402 3364 2474 θεάτροις
3389 2402 3466 2466 ώς
3507 2403 3668 2454 αὐτοὶ
3695 2401 3873 2454 θέλου-

2293 2513 2400 2562 σιν,
2433 2497 2549 2550 ἀλλ⁹
2578 2496 2652 2559 ὼς
2675 2499 2703 2550 ὁ
2735 2494 2886 2565 ἀγὼν
2911 2497 3136 2550 ἀπαιτεῖ
3160 2498 3296 2566 πρὸς
3323 2498 3423 2565 τὴν
3447 2495 3732 2549 ὑπόθεσιν.
3760 2495 3874 2546 Χω-

2295 2591 2378 2659 ρὶς
2401 2589 2459 2642 δέ
2481 2588 2687 2642 τούτων
2711 2589 2818 2644 ἔδει
2832 2588 2925 2642 τὸν
2946 2589 3296 2660 ἀτυχήσαντα
3316 2588 3391 2659 μὴ
3417 2589 3681 2659 περιορᾷν
3699 2589 3874 2656 ἀπαρ-

2291 2682 2564 2752 ηγόρητον
2611 2682 2670 2734 ἐν
2710 2682 2789 2752 τῷ
2837 2682 3070 2751 πάσχειν
3107 2681 3380 2750 κείμενον,
3415 2680 3552 2733 ἀλλά
3574 2681 3672 2733 καὶ
3707 2678 3879 2744 λόγοις

2293 2774 2531 2846 χρῆσθαι
2553 2774 2869 2844 κουφίζουσι
2893 2775 2987 2828 καὶ
3017 2773 3155 2844 πρὸς
3211 2771 3345 2843 ἡδίω
3399 2772 3709 2842 πράγματα
3751 2771 3872 2841 τρέ-

2293 2883 2418 2919 πειν
2437 2865 2484 2898 ⁸⁷
2541 2867 2640 2937 τὴν
2669 2866 2929 2929 διάνοιαν,
2988 2865 3179 2937 ὥσπερ
3221 2867 3348 2929 τοὺς
3396 2864 3812 2934 ὀφθαλμιῶντας
3830 2862 3874 2894 ⁸⁸

2293 2956 2402 3010 ἀπὸ
2429 2957 2538 3010 τῶν
2557 2957 2828 3029 λαμπρῶν
2848 2959 2941 3012 καὶ
2966 2958 3284 3013 ἀντιτύπων
3307 2958 3402 3011 ἐπὶ
3417 2958 3485 3011 τά
3517 2957 3738 3026 μαλακὰ
3784 2957 3874 3008 καί

2294 3050 2480 3121 χλωρά
2500 3051 2764 3122 χρώματα
2793 3052 2894 3122 τὴν
2917 3052 3042 3122 ὄψιν
3065 3051 3304 3120 ἀπάγειν
3330 3051 3669 3114 κελεύοντες.
3705 3049 3874 3102 Πόθεν

2296 3143 2362 3197 ἄν
2404 3144 2452 3176 ⁸³
2479 3161 2565 3208 τις
2595 3145 2858 3214 ἐπάγοιτο
2884 3143 3079 3216 βελτίω
3105 3145 3475 3217 παρηγορίαν,
3537 3142 3571 3213 ἢ
3616 3142 3874 3212 πατρίδος

2295 3236 2633 3308 εὐτυχούσης
2687 3239 2752 3290 ἐκ
2801 3237 2911 3290 τῶν
2960 3237 3166 3291 κοινῶν
3201 3236 3390 3289 παθῶν
3454 3235 3548 3288 ἐπὶ¹
3607 3235 3677 3287 τὰ
3701 3235 3874 3286 οἰκεῖα

2295 3331 2621 3402 σύγκρασιν,
2655 3329 3052 3400 ποριζόμενος,
3107 3328 3250 3402 [καὶ]
3304 3331 3418 3394 τοῖς
3471 3328 3735 3399 βελτίοσιν
3791 3329 3874 3379 iw-

2293 3421 2666 3490 αφανιζουσαν
2683 3423 2730 3454 ⁹⁰
2762 3422 2830 3474 τὰ
2865 3421 3067 3493 χείρως

3393 3515 3713 3571 melioribus
3785 3512 3876 3567 de-

2370 3693 2555 3746 Ὀτι⁹¹
2591 3670 2963 3762 Δημοσθένης,
2992 3693 3147 3762 φησὶ,
3179 3692 3410 3762 πληγεὶς
3469 3689 3576 3745 ὑπὸ
3621 3691 3720 3761 τῆς
3771 3691 3872 3744 δω-

2300 3784 2546 3856 ροδοκίας
2584 3782 2860 3854 Ἀρπάλου
2885 3784 2957 3847 ⁹²,
2985 3782 3174 3853 ῶσπερ
3196 3783 3243 3815 ’³
3293 3782 3614 3852 δεδεγμένος
3633 3784 3676 3813 ’⁵
3707 3799 3870 3853 φρου-

2298 3877 2420 3948 ρὰν,
2479 3874 3044 3945 προσεκεχωρήκει⁹⁸
3091 3874 3262 3944 αὐτῷ.
3316 3874 3427 3927 Καὶ
3491 3873 3866 3944 ἀθροισθείσης

2296 3967 2594 4036 ἐκκλησίας
2624 3966 2659 4036 ἢ
2688 3967 2877 4036 ἔμελλε
2899 3969 2968 4022 τά
2989 3969 3117 4039 περὶ
3146 3968 3424 4039 ’Ἅρπαλον
3463 3967 3855 4036 ἐπισκέψασθαι

2296 4060 2573 4128 (ἀντέλεγε
2595 4061 2644 4092 ’⁸
2683 4058 2810 4131 [644
2839 4059 2934 4131 Η.]
2958 4061 3066 4130 γὰρ
3116 4063 3228 4125 τοῖς
3278 4060 3625 4131 βουλομένοις
3681 4059 3864 4122 σώζειν

2297 4150 2461 4204 αὐτὸν
2500 4149 2596 4202 καὶ
2617 4149 2870 4220 δέχεσθαι
2900 4151 3007 4222 πρὸ
3039 4153 3134 4205 τοῦ
3187 4153 3289 4223 τὴν
3345 4155 3507 4223 χεῖρα
3557 4151 3638 4222 τῷ
3667 4151 3864 4221 χρυσίῳ

2299 4241 2605 4310 ὑποσχεῖν),
2637 4237 2698 4294 εὖ
2736 4242 2831 4295 καὶ
2862 4242 3044 4306 καλῶς
3090 4243 3258 4314 ἐρίοις
3304 4245 3400 4298 καὶ
3445 4244 3677 4305 ταινίαις
3735 4243 3864 4330 xuii

2298 4332 2392 4386 τοῦ
2441 4332 2716 4403 τραχήλου
2778 4333 3203 4405 κατελιξάμενος
3269 4337 3348 4399 είς
3415 4337 3518 4406 τὴν
3580 4336 3862 4406 ἐκκλησίαν

2297 4425 2557 4497 προῆλθε,
2585 4427 2681 4479 καὶ
2709 4427 3041 4480 κελευόντων
3070 4428 3397 4482 ἀνίστασθαι
3449 4430 3544 4482 καὶ
3591 4430 3762 4497 λέγειν
3784 4428 3859 4480 δι-

2294 4517 2478 4570 ένευεν
2511 4517 2587 4580 ὼς
2612 4517 3078 4589 ἀποκεκομμένης
3129 4519 3404 4591 αὐτῷλτῆς
3451 4523 3660 4590 φωνῆς.
3707 4521 3766 4574 Ol
3804 4519 3858 4572 δὲ

2293 4611 2514 4677 εὐφυεῖς
2540 4607 2893 4678 χλευάζοντες
2925 4610 3023 4681 οὐχ
3049 4611 3155 4663 ὐπὸ
3185 4612 3461 4681 συνάγχης
3483 4611 3739 4682 ἔφραζον,
3757 4610 3862 4662 ἀλλ’

2295 4700 2657 4770 ἀργυράγχης
2679 4701 2937 4770 εἰλῆφθαι
2967 4701 3184 4774 νύκτωρ
3210 4703 3302 4756 τὸν
3333 4703 3684 4774 δημαγωγόν.

2369 4791 2534 4863 [1196
2567 4791 2659 4865 Π.]
2694 4794 2880 4847 Ὀτι⁹⁷
2921 4795 3062 4863 μετὰ
3094 4794 3157 4846 τὸ
3183 4795 3589 4865 φυγαδευθῆναι
3631 4796 3716 4846 διὰ
3736 4793 3778 4826 ’⁸
3799 4792 3864 4844 τὰ

2311 4879 2616 4952 Ἀρπάλεια
2645 4885 2906 4956 χρήματα
2943 4885 3297 4954 Δημοσθένης
3314 4885 3358 4916 ⁹⁹
3391 4885 3518 4946 τοὺς
3555 4885 3865 4954 προσιόντας

2301 4972 2451 5044 αὐτῴ
2485 4976 2580 5027 καὶ
2602 4975 3081 5046 συνδιατρίὸοντας
3106 4976 3426 5038 νεανίσκους
3463 4976 3741 5046 ἀπέτρεπε
3773 4973 3865 5040 τῆς

2305 5067 2603 5134 πολιτείας,
2635 5069 2810 5138 λέγων
2838 5069 2913 5134 ὡς
2957 5071 3005 5122 εί
3057 5071 3243 5124 δυείν¹
3296 5068 3446 5139 αὐτῷ
3497 5066 3868 5140 προκειμένων

1944 5147 2176 5203 νΑιιιΑΞ
2216 5152 2619 5214 LECTIONES.

669 5221 718 5253 "
739 5222 946 5291 ἡμέρου
975 5223 1038 5277 Α.
1113 5222 1162 5255 ⁸³
1192 5221 1457 5292 εὐτύχησε
1517 5219 1577 5275 Β.

1679 5221 1726 5254 ⁸⁸
1761 5219 2098 5289 πταίσμασιν
2169 5239 2230 5284 ς.

2331 5227 2376 5258 ⁸⁵
2409 5229 2692 5283 ἀπολιπών
2747 5232 2840 5284 A:
2886 5230 3173 5285 ἀποϐαλών
3234 5247 3294 5296 ς.
3327 5227 3373 5261 ⁸⁸
3395 5229 3731 5299 τυραννικῶν
3780 5228 3871 5282 καὶ

599 5292 892 5370 βασιλικῶν
921 5293 981 5348 Β.
1124 5293 1596 5370 Αὴδίηπράγ-ματα
1621 5291 1867 5370 τρέπειν]
1913 5291 2042 5370 ζδιον
2079 5293 2312 5364 πρᾶγμα
2346 5301 2706 5370 μετατρέπειν
2736 5303 2800 5366 A,
2829 5301 2957 5355 ἴδιον
2978 5317 3084 5368 pr.,
3118 5291 3320 5369 reliqua
3358 5291 3500 5354 corr.
3580 5300 3627 5330 ⁸³
3674 5300 3869 5367 ὀφθαλο-

600 5359 860 5434 μιοῦντας
885 5382 944 5426 ς.
1050 5364 1095 5393 ⁸⁸
1117 5359 1204 5426 ἄν]
1230 5359 1321 5415 οὖν
1340 5359 1424 5434 ’ἀν
1444 5359 1500 5414 Β.

599 5431 881 5504 ἰνΑρπιιινος
921 5437 984 5494 Α,
1030 5437 1058 5487 ό
1098 5435 1205 5504 γάρ
1227 5433 1505 5503 Ἅρπαλος
1530 5431 1588 5484 Β.
1665 5434 1712 5465 ’⁸
1737 5432 1930 5504 ῶσπερ
1951 5448 2060 5504 om.
2127 5433 2184 5486 Β.

596 5509 648 5539 ὀ
675 5503 928 5573 ἀντέλεγε
958 5505 1027 5558 li:
1082 5503 1366 5571 ἀντέλεγον
1397 5523 1455 5568 ς.

598 5579 623 5612 ⁸
640 5573 786 5630 δυοῖν
815 5593 875 5640 ς.

1622 5364 1668 5400 εο
1711 5361 2137 5428 ὲναφκνίζουσαν
2183 5361 2248 5416 Α’
2285 5383 2296 5416 :
2334 5361 2737 5466 ἐμφανίζούσας

1665 5434 1712 5465 η
1742 5432 1930 5466 {fur-mn
1951 5448 2036 5466 nm
2127 5433 2163 5466 Π
2280 5435 2324 5466 ει
2361 5437 2412 5466 1:-
2452 5443 2675 5466 -....λ-.--
2709 5443 2726 5466 ι
2777 5462 2786 5466 -

2961 5373 3003 5403 ⁹¹
3037 5372 3143 5438 ὅτι]
3186 5388 3234 5426 c.
3289 5371 3378 5424 25.
3481 5371 3527 5402 ⁹¹
3583 5370 3872 5438 Ἅρπαλον]

2360 5439 2675 5526 δεδεγμένος
2689 5443 2743 5526 λλ,
2775 5462 2788 5496 :
2829 5443 3217 5526 δεδεμένοςῆς.Δ
3258 5442 3306 5474 ’⁸
3335 5444 3781 5526 προσκεχωρήκει

1575 5505 1619 5537 ⁸⁷
1653 5502 1756 5567 ὅτι]
1787 5520 1835 5558 c.
1870 5504 1958 5556 ‘26.
2036 5502 2084 5533 ⁸⁸
2109 5504 2196 5558 διὰ
2220 5505 2344 5563 add.
2371 5513 2413 5563 Α
2451 5527 2464 5563 :
2490 5502 2846 5584 ’Ᾱημοσθένην
2885 5502 2973 5567 διᾶ
3002 5513 3062 5568 Β.
3091 5502 3164 5545 ’⁸⁵
3191 5502 3643 5584 Δημοσθένηνᾉ,
3668 5502 3776 5565 om.
3815 5511 3872 5561 Β.

2137 5667 2367 5724 NOTAE.

672 5766 788 5836 ('75)
831 5767 965 5823 Vide
995 5786 1059 5822 an
1097 5769 1209 5826 haec
1233 5785 1338 5828 non
1372 5767 1665 5827 confundat
1700 5765 1979 5824 Plutarch.
2009 5764 2181 5821 Aliter
2221 5767 2364 5821 enim
2392 5765 2632 5837 Agellius
2659 5765 2755 5824 lib.
2783 5781 2843 5834 ll,
2880 5779 3000 5836 cap.
3030 5764 3086 5830 9,
3119 5763 3184 5821 de
3249 5761 3597 5821 Malesiorum
3664 5758 3875 5831 legatis,

607 5853 716 5892 non
751 5838 816 5893 de
857 5839 1109 5911 llarpalo.
