4124 6404
257 393 388 460 1441

1309 389 1834 450 BIBLIOTHECA.
1859 413 1923 424 -
1956 387 2124 448 COD.
2178 385 2440 447 CCXLV.

3376 379 3516 446 1442

255 503 348 559 ἀπ’
378 501 550 572 ἀρχῆς
575 495 731 562 ὁδῶν,
757 496 858 567 τῆς
893 495 992 567 μὲν
1026 495 1122 550 ἐπὶ
1179 495 1242 550 τὸ
1276 495 1430 567 βῆμα
1468 499 1562 552 και
1603 499 1704 571 τὴν
1739 499 1834 551 ἐκ-

1942 510 2018 560 se,
2047 496 2093 550 si
2126 494 2196 548 ab
2236 492 2392 548 initio
2423 491 2543 546 dua:
2585 489 2877 558 proposita
2917 488 3148 545 fuissent
3187 487 3307 550 vim.
3343 489 3516 544 altera

254 593 510 662 κλησίαν,
551 589 649 658 τῆς
675 588 732 641 δὲ
757 588 1017 658 ἄντικρυς
1041 588 1124 650 είς
1145 586 1238 640 τὸν
1260 586 1504 658 ὄλεθρον,
1541 588 1834 660 ἐτύγχανεν

255 682 508 746 εἰδὼςτά
563 682 708 736 κατὰ
765 681 864 750 τὴν
929 679 1207 734 πολιτείαν
1257 680 1422 744 κακὰ,
1485 681 1684 749 φόϐους
1732 681 1831 734 καὶ

255 776 486 846 φθόνους
513 775 608 828 καὶ
641 772 894 835 διαϐολὰς
925 772 1018 825 καὶ
1068 771 1330 840 ἀγωνίας,
1363 773 1457 826 ἐπὶ
1505 772 1716 844 ταύτην
1765 772 1833 827 ἂν

255 870 496 941 ὁρμῆσαι
525 868 626 938 τὴν
647 867 778 920 εὐθὺ
804 865 896 920 τοῦ
925 865 1156 920 θανάτου
1185 864 1489 921 τείνουσαν.

739 1044 838 1096 Ἐκ
865 1043 972 1098 τοῦ
1003 1045 1358 1112 Κικέρωνος.

330 1136 454 1189 Ὅτι
496 1136 518 1167 ⁸
560 1135 621 1188 οὐ
679 1135 872 1205 μικρὰ,
926 1136 1112 1204 φησιν,
1145 1137 1210 1189 ἐκ
1260 1136 1357 1189 τοῦ
1409 1136 1838 1207 ὑποκρίνεσθαι³

259 1227 402 1298 ῥοπὴ
430 1227 639 1298 προσῆν
667 1228 748 1290 είς
775 1227 836 1280 τὺ
871 1226 1078 1280 πείθειν
1105 1227 1184 1299 τῷ
1223 1227 1501 1298 Κικέρωνι
1527 1245 1540 1258 ·
1573 1229 1670 1281 καὶ
1710 1228 1838 1292 τοὺς

259 1318 338 1389 τῷ
390 1318 602 1387 μεγάλα
641 1317 769 1389 βοᾷν
813 1318 1130 1389 χρωμένους
1189 1321 1426 1389 ῥήτορας
1471 1318 1839 1374 ἐπισκώπτων

260 1413 414 1481 ἔλεγε
441 1412 507 1465 δι’
556 1412 841 1465 ἀσθένειαν
873 1411 965 1464 ἐπὶ
1012 1411 1111 1480 τὴν
1141 1412 1391 1483 κραυγὴν
1427 1413 1449 1444 δ
1495 1411 1684 1483 ὥσπερ
1711 1414 1839 1477 τοὺς

260 1505 473 1576 χωλοὺς
499 1504 584 1573 ἐφ’
612 1503 778 1557 ἵππον
798 1505 818 1536 ⁵
851 1504 1043 1574 πηδᾷν.
1067 1504 1192 1557 Ὀτι
1209 1504 1228 1534 ⁸
1252 1503 1311 1558 τὸ
1336 1505 1433 1573 μὲν
1454 1505 1589 1575 πρὸς
1611 1505 1838 1575 ἐχθροὺς

261 1599 296 1667 ἢ
331 1597 470 1667 πρὸς
499 1595 807 1659 ἀντιδίκους
851 1596 1150 1665 σκώμμασι
1207 1595 1445 1666 χρῆσθαι
1496 1597 1840 1667 πικροτέροις

258 1689 409 1742 δοκεῖ
438 1687 726 1759 ῥητορικὸν
759 1683 931 1739 εἶναι·
967 1685 1030 1739 τὸ
1065 1685 1121 1739 δὲ
1165 1681 1249 1750 οἷς
1278 1686 1438 1758 ἔτυχε
1476 1688 1839 1760 προσκρούειν

260 1781 428 1835 ἕνεκα
457 1779 552 1832 τοῦ
599 1779 814 1846 γελοίου
857 1777 991 1831 πολὺ
1041 1779 1318 1849 συνήγαγε
1359 1782 1515 1850 μῖσος
1562 1779 1640 1850 τῷ
1668 1781 1838 1834 Κικέ-

1941 589 2008 642 ad
2039 595 2350 657 suggestum
2380 593 2435 638 et
2461 584 2799 648 concionem,
2831 583 2999 637 altera
3043 583 3110 636 ad
3147 591 3356 637 certum
3391 580 3513 635 exi.

1945 676 2077 730 tium
2103 669 2328 740 ditcens,
2365 689 2430 728 ac
2460 674 2505 729 si
2546 673 2908 742 praescivisset
2943 672 3080 726 mala
3115 687 3234 741 quae
3269 673 3320 726 in
3357 686 3520 740 repu-

1942 767 2082 824 blica
2143 768 2490 824 versantibus
2546 765 2887 828 incumbunt,
2943 773 3200 829 terrores,
3262 765 3516 827 invidias,

1943 860 2265 925 calumnias,
2310 859 2709 924 contentiones,
2755 860 2942 928 utique
2981 873 3101 912 eam
3145 857 3515 927 ingressurum

1944 953 2112 1009 fuisse
2143 968 2250 1023 qua
2280 963 2424 1008 recta
2457 953 2524 1007 ad
2561 951 2838 1006 interitum
2873 951 3024 1006 isset.

2432 1043 2626 1114 395a
2670 1041 2717 1095 E
2751 1043 3021 1098 Cicerone.

2017 1133 2163 1190 Sane
2197 1134 2362 1200 actio,
2401 1135 2595 1203 inquit,
2630 1134 2880 1189 Ciceroni
2925 1133 3067 1187 haud
3114 1133 3230 1188 leve
3274 1149 3520 1190 momen-

1947 1236 2058 1281 tum
2111 1227 2182 1282 ad
2232 1227 2666 1297 persuadendum
2705 1225 2935 1281 contulit
2977 1244 2992 1280 :
3029 1226 3276 1295 idemque
3330 1242 3521 1294 magna

1945 1320 2334 1376 vociferatione
2358 1329 2572 1375 utentes
2587 1328 2836 1374 oratores
2866 1319 3118 1378 irridens,
3145 1319 3216 1373 ob
3243 1317 3525 1372 imbecilli-

1950 1421 2112 1466 tatem
2161 1411 2226 1465 ad
2265 1411 2579 1475 clamorem,
2626 1410 2793 1465 veluti
2837 1410 3062 1465 claudos
3090 1410 3155 1463 ad
3187 1424 3358 1478 equos
3391 1425 3529 1464 cnn-
3602 1443 3616 1456 .

1947 1505 2132 1573 fugere
2165 1503 2398 1558 dicebat.
2436 1503 2708 1558 Conviciis
2748 1502 3118 1558 acerbioribus
3160 1502 3406 1558 inimicus
3436 1504 3522 1558 vel

1946 1593 2294 1648 adversarios
2338 1592 2583 1647 dicteriis
2632 1592 2887 1647 insectari
2939 1592 3153 1647 videtur
3199 1593 3519 1656 oratorium,

1949 1686 2257 1756 proximum
2291 1700 2421 1740 vero
2447 1685 2586 1741 risus
2614 1686 2861 1754 captandi
2887 1700 3051 1740 causa
3079 1683 3359 1740 offendens
3387 1685 3526 1739 mul-

1950 1785 2126 1832 torum
2172 1777 2226 1831 in
2267 1791 2328 1832 se
2375 1778 2498 1833 odia
2548 1778 2860 1832 concitavit.
2909 1777 2976 1832 Et
3047 1793 3113 1832 ex
3184 1779 3286 1833 hac
3328 1778 3526 1833 dicaci-

263 1890 420 1946 ρωνι,
449 1872 543 1926 καὶ
571 1873 635 1924 ἐκ
663 1870 852 1923 τούτου
880 1871 1096 1934 πολλοῖς
1121 1871 1342 1937 γέγονεν
1374 1871 1646 1941 ἐπαχθὴς,
1664 1873 1759 1924 καὶ
1789 1873 1838 1925 οί

1942 1877 2056 1924 tate
2115 1870 2315 1925 multos
2384 1870 2600 1940 paravit
2658 1870 2907 1924 inimicos
2941 1911 2955 1935 ,
3017 1869 3342 1940 Clodiusqne
3397 1885 3526 1926 cum

263 1966 407 2034 μετά
431 1964 674 2018 Κλωδίου
704 1963 1040 2032 συνέστησαν
1075 1965 1160 2015 ἐπ’
1190 1963 1352 2017 αὑτὸν
1378 1964 1551 2033 ἀρχὴν
1582 1964 1840 2035 τοιαύτην

261 2057 538 2120 λαϐόντες.
573 2057 698 2110 Ὅτι
721 2058 740 2088 ⁷
760 2057 820 2108 τὸ
854 2056 1180 2108 λεπτότατον
1227 2056 1322 2110 τοῦ
1354 2056 1558 2126 χαλκοῦ
1597 2057 1841 2128 νόμισμα

265 2148 639 2220 κουαδράντην
691 2146 948 2216 Ῥωμαῖοι
1009 2145 1285 2200 καλοῦσιν.
1339 2147 1461 2198 Ὅτι
1503 2147 1522 2178 ⁹
1587 2146 1830 2213 λέγεται,

263 2241 417 2310 φησι,
453 2241 550 2302 τὰς
585 2237 806 2309 πρώτας
840 2237 1057 2307 ἡμέρας
1091 2237 1546 2306 διαγωνισάμενος
1579 2236 1718 2306 ὑπὲρ
1747 2236 1840 2290 τοῦ

263 2330 576 2400 Κικέρωνος
606 2332 634 2381 ὁ
661 2329 878 2398 Καῖσαρ
907 2325 1150 2380 ἐνδοῦναι
1183 2330 1249 2398 τῇ
1275 2327 1433 2399 τρίτῃ
1461 2328 1555 2381 καὶ
1578 2327 1840 2398 προέσθαι

261 2421 353 2475 τὸν
381 2420 555 2490 φίλον.
582 2418 664 2472 Τὰ
713 2418 768 2470 δὲ
816 2418 915 2487 τῆς
944 2416 1266 2480 ἀντιδόσεως
1317 2415 1489 2482 οὕτως
1521 2412 1698 2487 εἶχενο
1734 2417 1841 2471 ἔδει

263 2514 577 2582 Κικέρωνος
607 2511 708 2581 μὲν
731 2509 992 2579 ἐκστῆναι
1018 2507 1295 2580 Καίσαρα,
1327 2509 1540 2563 Παύλου
1570 2510 1627 2564 δὲ
1655 2510 1843 2564 τάδελ-

263 2606 365 2675 φοῦ
395 2606 645 2666 Λέπιδον,
676 2603 906 2658 Λευκίω
949 2602 1008 2657 δὲ
1040 2602 1316 2674 Καίσαρος
1339 2601 1644 2666 Ἀντώνιον,
1687 2601 1744 2664 ὃς
1774 2598 1841 2671 ἦν

263 2699 406 2763 θεῖος
440 2697 589 2768 αύτῷ
619 2699 756 2767 πρὸς
779 2696 1006 2766 μητρός.
1040 2694 1223 2758 Οὕτως
1249 2695 1507 2761 ἐξέπεσον
1539 2695 1643 2748 ὑπὸ
1667 2693 1839 2763 θυμοῦ

263 2789 358 2842 καὶ
387 2787 588 2858 λύσσης
626 2786 733 2840 τῶν
758 2787 799 2817 ¹⁷
831 2784 1188 2854 ἀνθρωπίνων
1222 2784 1520 2852 λογισμῶν,
1548 2783 1750 2854 μᾶλλον
1785 2783 1841 2835 δὲ

261 2880 550 2944 ἀπέδειξαν
580 2879 656 2942 ὼς
706 2878 858 2932 οὐδὲν
895 2877 1084 2948 θηρίον
1105 2874 1394 2946 ἀνθρώπου
1442 2876 1590 2929 ἐστὶν
1634 2874 1841 2946 ἀγριώ-

260 2989 443 3043 τερον,
473 2969 722 3035 ἐξουσίαν
757 2967 920 3024 πάθει
953 2967 1376 3038 προσλαϐόντος.

756 3060 853 3116 Ἐκ
885 3061 992 3114 τοῦ
1029 3061 1346 3126 Φωκίωνος.

335 3154 461 3207 Ὅτι
489 3153 554 3218 ¹¹,
585 3151 773 3224 φησὶν,
805 3153 834 3204 ό
860 3149 1088 3203 Φωκίων
1117 3149 1321 3219 τραχὺς
1341 3145 1410 3218 ἦν
1439 3147 1533 3200 καὶ
1551 3148 1800 3219 κατηφής
1820 3164 1836 3178 °

260 3245 342 3298 διὸ
388 3244 485 3298 καὶ
514 3243 972 3313 Ἀριστογείτονος
1018 3240 1112 3294 τοῦ
1163 3241 1499 3309 συκοφάντου
1539 3239 1836 3309 πολεμικοῦ

261 3338 412 3398 ὄντος
444 3339 500 3390 ἐν
559 3336 681 3397 ταῖς
710 3333 1027 3403 ἐκκλησίαις
1069 3332 1162 3384 καὶ
1189 3331 1586 3401 παροξύνοντος
1616 3331 1709 3383 ἐπὶ
1741 3332 1840 3394 τὰς

261 3426 495 3497 πράξεις
518 3425 609 3479 τὸν
635 3425 825 3495 δῆμον,
853 3425 910 3476 ἐν
943 3423 999 3476 δὲ
1029 3423 1108 3493 τῷ
1136 3423 1425 3493 καταλόγῳ
1453 3423 1840 3492 προσελθόντος

261 3514 358 3567 ἐπὶ
387 3513 662 3585 βακτηρίᾳ
693 3512 774 3566 τὼ
801 3512 967 3581 σκέλη
1005 3513 1047 3543 ¹¹
1079 3512 1516 3584 καταδεδεμένω,
1556 3513 1840 3587 πόρρωθεν

260 3607 423 3659 αὑτὸν
455 3605 564 3659 ἀπὸ
597 3603 688 3658 τοῦ
743 3604 984 3674 βήματος
1030 3605 1155 3660 tam
1188 3610 1216 3658 ὁ
1261 3607 1485 3660 Φωκίων
1523 3609 1798 3677 ἀνέκραγε
1821 3622 1834 3636 ⁸

261 3698 466 3768 Γράφε
499 3698 598 3751 καί
640 3696 1118 3768 Ἀριστογείτονα
1159 3699 1361 3768 χωλὸν
1406 3699 1504 3752 καί
1545 3699 1837 3767 πονηρόν.

265 3792 430 3846 Ὥστε
463 3790 767 3864 θαυμάζειν
819 3793 967 3854 ὅπως
1015 3793 1113 3845 καὶ
1159 3792 1356 3844 ὁπόθεν
1411 3793 1615 3862 τραχὺς
1667 3791 1839 3854 οὕτως

259 3889 400 3960 ἀνὴρ
468 3890 562 3942 καὶ
603 3887 924 3956 σκυθρωπὸς
973 3889 1242 3955 ἐκτήσατο
1290 3886 1390 3957 τὴν
1452 3886 1546 3937 τοῦ
1599 3883 1838 3957 χρηστοῦ

261 3981 661 4052 προσηγορίαν.
695 3979 852 4031 Ἐστι
886 3978 964 4040 δὲ,
995 3972 1176 4046 οἶμαι,
1198 3975 1454 4046 χαλεπὸν,
1479 3975 1541 4029 οὐ
1575 3977 1682 4046 μὴν
1707 3976 1838 4029 ἀδύ-

261 4090 442 4133 νατον,
476 4070 602 4144 [645
630 4067 723 4141 ΙΙ.]
753 4069 942 4138 ὥσπερ
983 4064 1144 4129 οἶνον,
1171 4067 1268 4120 καὶ
1300 4066 1587 4137 ἄνθρωπον
1616 4068 1704 4120 τὸν
1738 4066 1839 4118 αὑ-

260 4165 352 4217 τὸν
391 4163 521 4233 ἡδὺν
568 4161 685 4231 ἅμα
722 4161 816 4213 καὶ
860 4157 1132 4229 αὐστηρὸν
1175 4153 1335 4220 εἷναι,
1372 4156 1628 4226 καθάπερ
1660 4156 1838 4226 ἕτεροι

261 4257 426 4310 πάλιν
460 4255 772 4325 φαινόμενοι
798 4251 1017 4320 γλυκεῖς
1043 4249 1364 4320 ἀηδέστατοι
1392 4251 1504 4312 τοῖς
1535 4248 1838 4318 χρωμένοις

260 4351 370 4401 εἰσὶ
419 4346 514 4400 καὶ
569 4342 990 4414 βλαϐερώτατοι.
1050 4341 1158 4394 Καί
1205 4341 1284 4392 τοί
1333 4356 1495 4408 φασιν
1547 4338 1839 4410 Ὑπερίδην

261 4440 393 4492 ποτέ
426 4439 601 4492 εἰπεῖν
625 4435 759 4506 πρὸς
792 4435 880 4487 τὸν
903 4434 1072 4504 δῆμον
1092 4453 1104 4465 ·
1138 4432 1385 4500 Ἄνδρες
1410 4431 1721 4498 Ἀθηναῖοι,
1749 4431 1835 4499 μὴ

261 4530 547 4588 σκοπεῖτε
599 4530 792 4598 μόνον
831 4529 882 4580 ει
939 4527 1151 4594 πικρός
1195 4527 1333 4593 εἰμι,
1361 4523 1498 4579 ἀλλ’
1527 4526 1578 4577 εί
1622 4522 1838 4591 προῖκά

259 4629 378 4694 εἰμι
405 4622 634 4692 πικρός.
670 4619 893 4673 Φωκίων
928 4619 1104 4670 τοίνυν
1134 4617 1302 4687 ἔχθρᾳ
1333 4615 1432 4685 μὲν
1462 4616 1570 4668 τῶν
1607 4616 1838 4667 πολιτῶν

260 4717 450 4780 κακῶς
480 4714 672 4768 οὐδένα
701 4711 976 4782 ἐποίησεν,
1007 4709 1125 4762 οὐδὲ
1156 4707 1402 4778 ἐνόμιζεν
1439 4706 1634 4778 ἐχθρόν
1660 4723 1672 4736 ·
1721 4707 1836 4761 ἀλλ’

259 4810 386 4862 ὅσον
414 4807 520 4859 ἔδει
547 4806 693 4876 μόνῳ
718 4804 793 4873 τῷ
819 4803 1157 4872 ἐνισταμένῳ
1183 4798 1262 4864 οἷς
1290 4799 1555 4870 ἔπραττεν
1577 4801 1716 4870 ὑπὲρ
1740 4801 1838 4870 τῆς

261 4900 522 4971 πατρίδος
553 4896 1039 4965 κατεξαναστῆναι,
1073 4894 1278 4965 τραχύς
1319 4911 1378 4945 τε
1405 4893 1448 4923 ¹³
1473 4893 1547 4946 ὢν
1582 4893 1677 4945 καὶ
1709 4892 1838 4945 δυσ-

266 4993 558 5050 εκϐίαστος
618 4990 713 5041 καὶ
781 4987 1176 5057 ἀπαραίτητος,
1242 4987 1323 5048 είς
1369 4986 1459 5039 τὸν
1515 4984 1672 5038 ἄλλον
1726 4983 1839 5054 βίον

262 5083 472 5154 εὐμενῆ
524 5083 662 5134 πᾶσι
700 5081 793 5134 καὶ
843 5078 1020 5132 κοινὸν
1074 5078 1170 5131 καὶ
1209 5078 1590 5149 φιλάνθρωπον
1649 5075 1839 5129 ἑαυτὸν

263 5178 550 5246 παρεῖχεν,
585 5172 726 5225 ὥστε
761 5171 855 5224 καὶ
893 5170 1152 5223 πταίσασι
1182 5169 1394 5240 βοηθεῖν
1436 5169 1530 5222 καὶ
1560 5169 1836 5224 κινδυνεύ-

263 5287 388 5322 ουσι
424 5263 876 5332 συνεξετάζεσθαι
907 5263 949 5294 ³⁵
980 5266 1091 5326 τοῖς
1116 5262 1414 5334 διαφόροις.

341 5359 466 5412 Ὅτι
513 5357 556 5387 ¹⁵
608 5354 962 5424 Ἀντίπατρον
1011 5355 1100 5406 τὸν
1146 5355 1484 5416 Μακεδονίας
1534 5353 1840 5424 στρατηγὸν

266 5451 487 5520 λέγεται
521 5451 694 5502 εἰπεῖν
736 5448 810 5510 ὡς
858 5448 1005 5501 δυοῖν
1036 5446 1184 5517 αύτῴ
1230 5447 1400 5516 φίλων
1429 5446 1721 5517 Ἀθήνῃσιν
1753 5446 1838 5497 ὃν-

1945 1964 2066 2018 aliis
2123 1964 2266 2017 hanc
2323 1962 2662 2018 occasionem
2729 1973 2916 2016 nactus
2979 1964 3326 2032 conspiravit.
3388 1962 3522 2018 0m-

1948 2053 2096 2108 nium
2145 2053 2427 2107 minimtnn
2479 2055 2618 2122 apud
2650 2053 2926 2108 Romanos
3002 2054 3268 2107 numisma
3321 2068 3522 2108 areum

1943 2153 2030 2198 est
2073 2142 2367 2212 quadrans.
2415 2143 2631 2209 Fertur,
2686 2144 2880 2210 inquit,
2932 2141 3113 2198 Caesar
3159 2158 3282 2196 cum
3330 2144 3524 2213 primis

1945 2234 2134 2291 diebus
2189 2252 2287 2308 pro
2333 2236 2612 2291 Ciceronis
2668 2236 2843 2292 salute
2895 2245 3179 2300 certasset,
3227 2237 3388 2290 tertia
3436 2235 3533 2290 die

1944 2325 2306 2390 concessisse,
2345 2336 2406 2379 ut
2443 2325 2656 2380 amicus
2689 2325 3142 2394 proscriberetur.
3180 2325 3302 2378 Fuit
3337 2336 3529 2381 autem

1945 2418 2273 2489 permutatio
2312 2417 2386 2471 ita
2428 2418 2702 2482 instituta,
2741 2425 2799 2470 nt
2832 2418 3010 2470 Ctesar
3045 2416 3384 2482 Ciceronem,
3419 2416 3521 2472 Le-

1945 2511 2102 2580 pidus
2155 2510 2378 2564 Paulum
2429 2511 2676 2573 fratrem,
2733 2508 2956 2564 Lucium
3021 2510 3292 2566 Cursarem
3351 2525 3524 2564 avun-

1943 2602 2126 2657 culum
2172 2604 2441 2656 Antonius
2495 2603 2760 2671 proscribi
2810 2602 3203 2670 permitterent.
3249 2604 3398 2658 Adeo
3442 2605 3526 2658 ira

1943 2696 2023 2750 eis
2053 2705 2106 2749 et
2139 2696 2317 2749 rabies
2346 2709 2536 2749 omnes
2571 2695 2840 2776 humanas
2873 2696 3234 2763 cogitationes
3261 2710 3525 2754 excusse-

1947 2796 2065 2840 rant
2102 2805 2115 2840 :
2154 2786 2263 2840 imo
2292 2795 2474 2839 autem
2515 2785 2588 2839 illi
2642 2788 3107 2850 demonstrarunt,
3153 2785 3352 2840 nullam
3403 2801 3535 2842 esse

1944 2877 2176 2932 belluam
2213 2877 2450 2943 hotniue,
2487 2887 2760 2948 potestate
2806 2881 2874 2931 ad
2920 2879 3349 2945 exsequendum,
3379 2880 3524 2947 quod

1943 2969 2258 3039 perturbato
2291 2970 2474 3026 animo
2505 2971 2766 3032 decrevit,
2801 2978 3032 3033 armato,
3067 2968 3412 3025 ferociorem.

2501 3059 2586 3114 Ea:
2622 3059 2912 3115 Phocione.

2013 3152 2140 3208 Fuit
2178 3152 2421 3208 Phocion
2459 3168 2680 3208 severus
2707 3163 2760 3208 et
2792 3154 3038 3209 tetricus.
3079 3153 3212 3208 Cum
3252 3155 3530 3210 exercitus

1943 3246 2323 3300 conscribendi
2371 3260 2536 3300 causa
2586 3262 2683 3314 pro
2731 3246 2984 3300 tribunali
3025 3246 3218 3305 sedens
3253 3247 3525 3317 Aristogi-

1945 3346 2124 3391 tonem
2161 3339 2572 3408 syc0phantam,
2603 3340 2696 3405 qui
2743 3344 2794 3392 in
2838 3341 3194 3396 concionibns
3224 3342 3290 3394 ad
3325 3342 3522 3396 bellum

1943 3431 2184 3484 excitare
2215 3432 2471 3498 populum
2502 3431 2694 3486 solitus
2727 3430 2927 3497 fuerat,
2956 3433 3140 3502 procul
3179 3448 3300 3487 cum
3334 3433 3534 3488 baculo

1942 3534 1997 3578 et
2034 3537 2192 3577 crure
2223 3522 2463 3592 obligato
2500 3524 2650 3578 adire
2681 3524 2905 3586 videret,
2940 3523 3264 3577 exclamavit
3297 3541 3310 3578 :
3344 3522 3524 3578 Scribe

1941 3615 2352 3684 Aristogitonem
2381 3615 2540 3667 etiam
2582 3613 2832 3667 claudunt
2869 3626 2919 3667 et
2953 3631 3198 3684 nequam.
3229 3616 3306 3669 Ac
3334 3614 3524 3668 mirari

1942 3707 2157 3774 quidem
2192 3707 2364 3775 possit
2404 3722 2509 3759 non
2560 3720 2741 3770 nemo,
2788 3707 3059 3774 quomodo
3111 3708 3180 3760 ita
3217 3721 3440 3762 severus
3471 3715 3526 3761 et

1943 3799 2107 3852 durus
2135 3813 2333 3852 nomen
2367 3798 2498 3852 Boni
2535 3799 2822 3852 invenerit.
2867 3798 2976 3852 Sed
3021 3797 3258 3852 arbitror
3298 3805 3356 3851 nt
3387 3797 3524 3851 difli-

1941 3891 2043 3945 cile
2088 3906 2230 3955 esse,
2263 3892 2336 3944 ita
2386 3901 2563 3944 tamen
2617 3889 2731 3944 fieri
2788 3905 2970 3959 posse,
3008 3891 3085 3944 uti
3142 3891 3285 3944 idem
3337 3890 3529 3955 homo,

1940 3984 2079 4038 sicut
2109 3991 2164 4036 et
2194 3983 2398 4046 vinum,
2430 3983 2602 4036 dulcis
2630 3982 2794 4037 simul
2825 3993 2879 4036 et
2911 3993 3163 4038 austerus
3193 3985 3265 4039 sit
3293 4001 3306 4037 :
3334 4000 3530 4053 quem-

1940 4073 2228 4128 admodum
2278 4083 2470 4128 contra
2519 4074 2761 4128 nonnulli
2809 4089 2930 4128 cum
2977 4089 3173 4129 suaves
3211 4077 3525 4140 videantur,

1942 4165 2279 4221 acerbissimi
2340 4174 2464 4219 sunt
2521 4166 2803 4220 utentibus
2859 4175 2914 4220 et
2962 4167 3253 4236 plurimum
3302 4176 3517 4222 nocent.
3583 4169 3595 4176 ’

1940 4256 2143 4312 Ferunt
2181 4272 2314 4312 sane
2361 4256 2688 4328 Hyperidem
2733 4260 2898 4313 etiam
2940 4260 3229 4330 aliquando
3259 4260 3323 4314 ad
3350 4273 3526 4327 popu-

1941 4350 2048 4404 lum
2081 4350 2155 4404 ita
2185 4349 2422 4404 locutum
2461 4367 2474 4403 :
2511 4349 2773 4420 Cogitate,
2809 4351 3173 4416 Athenienses,
3222 4366 3326 4404 non
3363 4347 3527 4402 modo

1941 4457 2010 4493 an
2039 4442 2140 4493 sim
2170 4442 2412 4505 acerbus,
2435 4440 2525 4494 sed
2557 4442 2716 4492 etiam
2764 4457 2944 4494 annon
2972 4442 3204 4510 oﬂ'emus
3233 4441 3355 4494 talis
3396 4443 3526 4496 sim.

1869 4567 1917 4624 Β
1945 4529 2202 4598 Equidem
2246 4529 2484 4584 Phocion
2537 4531 2830 4584 inimicitia:
2870 4546 3046 4586 causa:
3090 4531 3288 4586 nemini
3324 4529 3525 4584 civium

1950 4621 2247 4687 tnalefecit,
2277 4637 2340 4676 ac
2388 4637 2456 4675 ne
2497 4621 2771 4675 inimicum
2804 4622 3022 4690 quidem
3064 4622 3227 4674 ullum
3261 4621 3469 4690 putavit
3500 4637 3524 4675 ;

1946 4721 2207 4782 quantum
2258 4729 2345 4767 res
2394 4714 2506 4782 ipsa
2560 4717 2886 4780 postuiabat,
2921 4724 2979 4766 ut
3028 4715 3351 4767 adversariis
3395 4728 3528 4768 suo-

1948 4817 2090 4867 rum,
2133 4817 2252 4871 quae
2298 4803 2366 4856 ob
2421 4802 2714 4857 utilitatem
2767 4803 2954 4872 patria:
2993 4805 3226 4867 miisset,
3266 4805 3520 4859 consilio-

1947 4907 2067 4945 rum
2115 4892 2434 4958 resisteret,
2481 4906 2729 4961 asperum
2780 4907 2839 4946 se
2888 4892 3336 4961 pervicacemque
3377 4907 3525 4960 prae-

1946 4986 2083 5040 buit.
2117 4983 2310 5056 395i:
2347 4984 2602 5038 Privatim
2648 4999 2987 5039 communem
3023 4985 3380 5052 omnibusque
3425 4983 3522 5036 be-

1947 5081 2169 5148 nignnm
2224 5093 2279 5135 et
2327 5078 2514 5132 mitem
2563 5091 2682 5131 sese
2734 5077 2998 5140 exhibuit,
3049 5076 3123 5129 ita
3174 5084 3234 5128 ut
3285 5075 3529 5128 inimicis

1947 5185 2160 5240 quoque
2209 5170 2564 5224 infortunium
2616 5172 2789 5238 passis
2833 5169 3094 5222 auxilium
3134 5169 3336 5234 tulerit,
3371 5176 3426 5222 et
3462 5167 3526 5222 its

1942 5260 2144 5330 judicio
2175 5259 2596 5329 periclitantium
2626 5260 2852 5312 salutem
2879 5258 3200 5314 defenderit.

2019 5352 2198 5420 Ipsum
2262 5350 2604 5420 Antipatrum
2662 5348 3008 5404 Macedonum
3067 5351 3255 5404 ducem
3312 5348 3523 5403 dixisse

1947 5443 2257 5514 perhibent,
2288 5458 2347 5498 se
2377 5443 2442 5497 de
2473 5442 2681 5497 duobus
2723 5445 2934 5508 amicis,
2969 5457 3104 5512 quos
3137 5442 3368 5497 Athenis
3411 5439 3521 5494 ha-

1552 5590 1798 5660 ,VARL/E
1843 5589 2248 5646 LECTIONES.

374 5721 395 5750 ²
437 5718 620 5786 61t]c.
657 5715 710 5770 5.

265 5806 318 5847 c.
349 5789 438 5843 27.

264 5875 378 5918 om.
408 5859 473 5913 Α.

815 5714 838 5744 ³
855 5708 1242 5781 ἀποκρίνεσθαι
1278 5726 1338 5772 ς.

575 5859 618 5896 ’δ
654 5848 1037 5915 ἀνετάζεσθαι
1061 5848 1128 5905 ΑΪ.
1205 5852 1246 5885 ¹⁸
1277 5851 1380 5914 ὅτι]
1413 5863 1462 5903 c.
1494 5849 1588 5902 ὅθ.

1447 5713 1470 5745 δ
1489 5707 1586 5779 ἐπὶ
1613 5708 1709 5779 τὴν
1753 5705 2005 5779 κραυγὴν
2050 5704 2117 5779 δι’
2144 5703 2428 5779 ἀσθένειαν
2460 5721 2520 5779 ς.

541 5766 694 5851 Γότί]
716 5799 764 5836 c.
797 5781 886 5834 ἓξ).
962 5766 1119 5851 δ’ὂτι]
1149 5795 1198 5832 c.
1230 5766 1319 5832 όιῖ.
1393 5785 1414 5815 9
1445 5777 1553 5851 τῷν
1577 5766 1701 5835 add.
1734 5766 1809 5835 Δί
1877 5766 1926 5810 ¹⁰’
1946 5766 2340 5845 προσλαϐόντες
2367 5790 2427 5836 ς.
2472 5766 2484 5768 “
2507 5773 2546 5804 ¹¹
2573 5773 2756 5844 51t]c.
2788 5773 2877 5830 to.
2957 5775 2999 5805 "
3030 5770 3210 5824 σκέλει
3238 5770 3304 5823 Δ.
3384 5766 3434 5803 ⁸³
3448 5783 3519 5820 τε

3357 5703 3380 5734 ο
3402 5696 3515 5766 δτιῖ

2625 5706 2646 5737 ⁵
2673 5705 2838 5756 ἵππον
2868 5702 2910 5754 Β
2933 5719 2945 5754 :
2983 5702 3165 5755 ἵππων
3190 5716 3250 5762 ς·.
