4104 6400
586 346 753 425 ’ttta

1757 363 2018 423 PllOTll
2058 361 2566 425 PATRIARCHIE
2584 366 2693 425 (ΞΡ.

3735 366 3896 432 tut

616 479 792 541 heret,
823 475 1095 532 fltocione
1123 486 1177 529 et
1210 476 1466 539 Demade,
1500 476 1654 531 alteri
1694 487 1751 531 ut
1780 477 2048 546 acciperet
2077 492 2189 547 per-

2299 492 2432 539 των,
2471 476 2762 539 Φωκίωνος
2813 476 2908 529 καὶ
2958 477 3244 547 Δημάδου,
3286 477 3379 531 τὸν
3432 478 3534 549 μὲν
3582 479 3768 533 λαϐεἰν
3830 484 3895 535 οὐ

612 569 866 636 suadere,
901 568 1134 623 alterum
1172 568 1351 623 dando
1385 579 1634 623 saturare
1665 571 1991 639 nequivisse.

1246 660 1295 713 E
1320 660 1540 717 Catone.

686 754 817 810 Cum
857 770 917 809 se
959 755 1027 809 ad
1075 755 1390 811 discendum
1429 754 1568 809 Cato
1621 754 1963 821 contulisset,
2008 755 2194 810 tardus

615 848 715 900 fuit
758 848 823 901 ad
870 848 1314 919 percipiendum;
1350 862 1469 917 quae
1500 858 1680 902 autem
1706 849 2087 921 [percepisset,
2129 865 2191 904 ea

615 938 843 991 lirmiter
884 941 1142 994 memoria
1190 938 1477 993 retinebat.
1514 938 1798 1005 Quomodo
1826 941 2073 994 videmus
2100 940 2193 1009 qui

612 1031 757 1085 bono
780 1040 906 1084 sunt
950 1032 1169 1101 ingenio
1200 1031 1433 1101 praediti,
1466 1032 1574 1088 cito
1602 1046 1699 1087 eos
1730 1034 2004 1088 memoria:
2038 1048 2193 1087 man-

612 1127 771 1177 dare:
795 1123 885 1192 qui
924 1130 1102 1177 autem
1140 1125 1353 1178 nonnisi
1376 1138 1499 1178 cum
1528 1139 1724 1195 magno
1748 1125 1933 1180 labore
1955 1126 2191 1193 discunt,

611 1229 708 1270 eos
734 1215 1045 1270 memoriter
1073 1230 1191 1284 quae
1214 1216 1694 1283 appreltenderunt
1722 1226 1931 1280 tenere,
1956 1232 2022 1271 eo
2047 1220 2190 1287 quod

610 1309 817 1378 singula
873 1324 994 1379 qua:
1042 1308 1383 1371 didicerunt,
1445 1308 1601 1377 quasi
1652 1309 1951 1363 inuruntur
2000 1324 2190 1364 eorum

610 1404 824 1456 animis.

1177 1493 1262 1547 Ex
1295 1494 1622 1548 Alexandro.

678 1586 871 1641 Album
918 1587 993 1641 ait
1043 1586 1410 1641 Alexandrum
1462 1589 1663 1653 fuisse,
1715 1588 2080 1659 ruboremque
2136 1590 2189 1643 in

608 1688 829 1748 pectore
871 1681 1173 1747 praesertim
1220 1689 1274 1733 et
1307 1678 1445 1733 facie
1489 1679 1723 1734 alliedini
1763 1680 2056 1734 admistum
2101 1682 2194 1735 ha-

512 1771 521 1778 ”
609 1769 807 1821 buisse.
838 1768 1231 1821 Suavissimum
1261 1769 1483 1823 odorem
1516 1770 1582 1823 ab
1604 1784 1698 1823 ore
1720 1781 1775 1823 et
1799 1772 2047 1826 universa
2076 1772 2190 1841 ejus

606 1875 769 1915 carne
800 1862 1102 1926 exhalasse,
1135 1863 1205 1916 ita
1241 1873 1299 1915 ut
1323 1871 1377 1916 et
1400 1863 1594 1917 tunicae
1636 1862 1933 1931 fragrantia
1967 1865 2186 1933 repletae

605 1955 730 2009 inde
760 1956 869 2010 sint
892 1994 907 2019 ,
942 1966 997 2009 ut
1028 1954 1181 2010 multi
1219 1956 1577 2011 tradiderunt.
1613 1956 1786 2012 Causa
1821 1957 2053 2013 fortasse
2088 1959 2188 2014 fuit

603 2047 835 2102 calidum
861 2056 915 2101 et
939 2048 1153 2116 igneum
1184 2048 1434 2116 corporis
1461 2057 1974 2117 temperamentum.
2008 2049 2189 2103 Bonus

604 2143 748 2195 enim
779 2143 934 2205 odor,
976 2138 1359 2210 Theophrasto
1390 2140 1435 2194 si
1470 2139 1770 2207 credimus,
1816 2141 2033 2196 exsistit
2064 2156 2185 2195 cum

604 2237 858 2289 humores
886 2249 915 2287 a
946 2234 1127 2289 calore
1160 2242 1472 2303 coquuntur
1500 2247 1513 2285 :
1563 2233 1750 2303 itaque
1786 2236 1947 2289 sicca
1990 2244 2044 2289 et
2072 2243 2187 2289 tor-

606 2331 734 2381 rLdzc
776 2328 925 2382 orbis
967 2338 1237 2381 terrarum
1281 2336 1462 2395 partes
1508 2324 1740 2395 plurima
1783 2339 1837 2381 et
1879 2328 2083 2396 optima
2111 2329 2190 2399 gi-

604 2428 774 2487 gnunt
806 2430 1047 2473 aromata
1073 2460 1087 2483 ,
1124 2419 1266 2488 quod
1300 2417 1378 2472 sol
1406 2418 1717 2483 humorem,
1749 2420 1838 2486 qui
1872 2420 1924 2474 in
1961 2422 2191 2477 summis

608 2513 926 2580 corporibus
950 2510 1110 2563 veluti
1133 2511 1357 2565 materia
1384 2510 1687 2578 putredinis
1719 2510 1949 2574 innatat,
1972 2512 2190 2567 attollit.

612 2602 673 2655 Et
704 2611 1125 2656 consentaneum
1165 2609 1247 2655 est
1291 2601 1660 2655 Alexandrum
1694 2602 1763 2656 ob
1797 2600 2033 2658 calorem
2064 2619 2189 2659 cor-

604 2696 750 2766 poris
776 2695 1018 2749 bibacem
1055 2696 1481 2764 iracundumque
1510 2694 1697 2750 fuisse.

672 2870 807 2927 Cum
846 2870 1215 2939 Bucephalam
1250 2871 1507 2925 tredecim
1554 2873 1772 2929 talentis
1807 2877 2073 2942 venalem,
2101 2880 2191 2933 ad-

604 2966 819 3019 ductum
858 2979 885 3016 a
919 2965 1196 3019 Philonico
1242 2963 1504 3019 Thessalo
1543 2964 1826 3037 Philippus
1870 2968 2186 3036 dimitteret,

604 3059 744 3128 quod
772 3073 945 3127 neque
975 3073 1245 3112 sessorem
1271 3058 1608 3124 admitteret,
1627 3074 1801 3129 neque
1820 3076 2006 3115 vocem
2031 3064 2189 3118 ullius

605 3164 792 3204 eorum
823 3151 911 3216 qui
953 3165 1075 3204 cum
1114 3149 1362 3219 Philippo
1399 3160 1557 3205 erant
1586 3151 1937 3219 auscultaret,
1972 3153 2021 3208 id
2047 3169 2188 3223 aegre

606 3244 784 3298 ferens
808 3243 1131 3307 Alexander,
1158 3244 1310 3312 petiit
1332 3258 1361 3296 a
1388 3251 1541 3312 patre
1566 3253 1624 3298 ut
1660 3258 1860 3311 equum
1890 3248 2183 3316 acciperet,

603 3344 657 3388 et
684 3334 955 3402 accipiens
986 3332 1054 3387 ab
1078 3334 1331 3389 omnibus
1358 3350 1455 3403 pro
1482 3334 1651 3389 elfero
1683 3347 1738 3391 et
1767 3338 2190 3410 indomitojudi-

604 3436 816 3493 catum,
866 3427 1021 3481 lreno
1068 3437 1383 3498 correptum
1435 3430 1697 3485 adversus
1731 3430 1897 3485 solem
1934 3431 2188 3499 obvertit,

604 3522 857 3575 nimirum
882 3518 1319 3575 animadverteris
1350 3535 1553 3589 equum
1584 3522 1813 3589 umbrae,
1840 3537 1960 3593 qua}
1988 3524 2191 3591 agitata

604 3624 659 3666 et
689 3623 930 3667 tremens
950 3613 999 3666 ei
1032 3612 1497 3681 appropinquaret
1538 3613 1695 3679 alias,
1734 3627 2025 3686 conspectu
2059 3632 2189 3688 per-

605 3706 839 3769 turbari;
878 3703 1072 3759 deinde
1106 3718 1231 3758 cum
1263 3704 1539 3773 paululum
1577 3704 1876 3776 palpasset,
1917 3723 2190 3778 manuque

606 3797 794 3850 leviter
843 3798 1000 3850 ducta
1046 3795 1426 3861 demulsisset,
1481 3807 1540 3851 ut
1592 3800 1670 3853 lra
1718 3800 1981 3871 repletum
2030 3802 2186 3870 vidit,

603 3890 806 3943 sensim
833 3888 1043 3959 abjecta
1065 3889 1357 3961 chlamyde
1379 3904 1502 3945 sese
1524 3890 1579 3945 in
1604 3906 1726 3946 eum
1749 3892 1963 3959 extulit,
1990 3893 2190 3967 396a

605 3990 826 4052 tutoque
872 3982 1148 4047 consedit,
1197 3992 1264 4049 et,
1301 3982 1570 4037 violenter
1611 3999 1808 4054 equum
1850 3986 2091 4056 impulit,
2135 3997 2191 4042 et

604 4072 765 4143 aliqui
795 4088 862 4126 ex
914 4073 979 4127 iis
1019 4073 1111 4141 qui
1147 4074 1408 4139 aderant,
1455 4076 1614 4130 anxie
1671 4078 1940 4147 taciteque
1972 4090 2190 4149 specta-

603 4166 753 4229 bant,
797 4179 863 4219 ne
898 4167 1040 4234 quod
1090 4166 1492 4221 incommodum
1531 4168 1861 4223 adolescenti
1891 4171 2186 4236 accideret,

603 4258 767 4327 aliqui
830 4258 1080 4313 manibus
1128 4258 1444 4327 plaudentes
1483 4258 1749 4327 jucunde,
1822 4275 2015 4317 omnes
2062 4276 2189 4319 vero

606 4348 861 4403 similiter
898 4352 1322 4419 stupescehant,
1366 4360 1651 4421 postquam
1685 4351 1965 4407 exsultans
1994 4355 2191 4425 gaudio

602 4441 781 4494 salvus
805 4449 952 4495 retro
982 4450 1107 4494 acto
1137 4456 1278 4511 equo
1306 4443 1487 4507 rediit,
1524 4442 1765 4496 omnium
1800 4443 2191 4501 acclamatione

601 4532 848 4585 sublata:
886 4530 1169 4601 Philippus
1208 4547 1319 4601 pra:
1375 4532 1558 4586 ltetitia
1600 4533 1763 4587 etiam
1820 4534 2191 4606 illacrymasse

2302 567 2557 635 πέπεικε,
2588 570 2679 623 τὸν
2716 569 2771 623 δὲ
2793 568 2969 631 διδοὺς
2995 571 3094 623 οὐκ
3126 571 3502 641 ἐμπέπληκεν.

2649 660 2811 734 [H97
2834 661 2931 733 ﬂ.)
2960 664 3055 715 Ἐκ
3082 662 3190 717 τοῦ
3227 662 3524 729 Κάτωνος.

2381 753 2471 817 Ὠς
2494 754 2537 786 ¹⁶
2571 753 2665 807 οὖν
2695 756 2773 817 εἰς
2808 754 2867 807 τὸ
2895 755 3191 824 μανθάνειν
3215 750 3349 826 ἧκεν
3376 757 3405 809 6
3433 756 3647 819 Κάτων,
3674 756 3894 825 νωθρδς

2294 841 2363 917 ἦν
2395 847 2686 900 ἀναλαϐεῖν
2717 852 2812 900 καὶ
2854 846 3077 917 βραδὺς,
3113 848 3399 900 ἀναλαϐὼν
3428 849 3485 901 δέ
3521 849 3753 917 κάτοχος
3793 850 3894 901 καὶ

2299 941 2657 1009 μνημονικός.
2701 942 2766 992 Ὀ
2794 939 2857 1009 δὴ
2898 940 2993 993 καὶ
3024 940 3268 1007 πέφυκεν
3296 940 3472 1003 άλλως
3505 941 3629 1005 τοὺς
3665 943 3766 1013 μὲν
3796 944 3892 994 εὖ·

2298 1031 2637 1099 φυεστάτους
2682 1031 3130 1099 ἀναμνηστικοὺς
3162 1028 3364 1099 μᾶλλον
3407 1027 3571 1096 εἶναι,
3613 1049 3890 1101 μνημονι-

2299 1124 2429 1186 κοὺς
2455 1123 2511 1177 δέ
2532 1124 2658 1185 τοὺς
2692 1123 2828 1193 μετά
2862 1123 3027 1176 πόνου
3051 1122 3149 1175 καὶ
3170 1124 3550 1194 πραγματείας
3574 1125 3887 1195 παραδεχο-

2300 1216 2529 1283 μένουςο
2561 1214 2771 1281 γίνεται
2804 1214 2912 1285 γάρ
2944 1209 3057 1268 οἷον
3084 1215 3340 1284 ἐκκαυμα
3361 1220 3461 1285 τῆς
3499 1218 3538 1248 ‘7
3561 1216 3740 1286 ψυχῆς
3770 1218 3887 1269 τῶν

2295 1308 2639 1378 παθημάτων
2667 1308 2920 1362 ἕκαστον.

2743 1492 2847 1545 Ἐκ
2878 1490 2984 1545 τοῦ
3016 1490 3429 1559 Ἀλεξάνδρου.

2375 1584 2498 1637 Ὀτι
2532 1585 2595 1650 ³⁸,
2630 1587 2785 1654 φησὶ,
2828 1584 3019 1647 λευκὸς
3049 1580 3119 1655 ἦν
3144 1586 3173 1637 6
3208 1584 3631 1654 Ἀλέξανδρος,ἠ
3666 1584 3727 1636 δὲ
3756 1584 3883 1635 λευ-

2293 1678 2463 1746 κότης
2488 1677 2865 1745 ἐπεφοίνισσεν
2888 1675 3054 1729 αὑτοῦ
3090 1677 3327 1746 μάλιστα
3350 1678 3482 1747 περὶ
3514 1679 3557 1708 ¹⁹
3586 1678 3646 1729 τὺ
3678 1676 3882 1744 στῆθος

2294 1772 2385 1823 καὶ
2415 1769 2473 1822 τὺ
2499 1770 2815 1839 πρόσωπον.
2837 1770 2957 1821 Ὀτι
2975 1768 3031 1820 δὲ
3056 1768 3151 1820 τοῦ
3176 1769 3383 1838 χρωτὸς
3406 1769 3621 1836 ἥδιστον
3640 1770 3881 1822 ἀπέπνει

2292 1864 2385 1916 καὶ
2415 1864 2477 1915 τὸ
2503 1862 2679 1932 στόμα
2707 1865 2961 1933 κατεῖχεν
2991 1862 3187 1915 εὐωδία
3211 1863 3305 1915 καὶ
3326 1864 3427 1931 τὴν
3462 1863 3639 1933 σάρκα
3670 1865 3878 1929 πᾶσαν,

2292 1954 2435 2007 ὥστε
2465 1953 2810 2025 πληροῦσθαι
2839 1955 2885 1984 ³ο
2919 1955 3046 2016 τοὺς
3072 1954 3449 2023 χιτωνίσκους,
3474 1955 3655 2008 πολλοὶ
3675 1958 3880 2027 γεγρά-

2293 2062 2484 2116 φασιν.
2515 2046 2675 2101 Αίτία
2698 2046 2770 2106 δὲ¹
2814 2046 2945 2109 ἴσως
2975 2047 3009 2115 ἡ
3051 2045 3146 2099 τοῦ
3184 2046 3434 2117 σώματος
3462 2049 3681 2118 κρᾶσις,
3710 2048 3876 2101 πολύ-

2290 2139 2494 2211 θερμος
2525 2134 2658 2192 οὖσα
2719 2139 2814 2191 καὶ
2844 2128 3137 2208 πυρώδηςο
3178 2138 3210 2207 ἡ
3267 2138 3377 2208 γάρ
3408 2139 3610 2192 εὐωδία
3666 2140 3876 2206 γίνεται

2290 2232 2455 2301 πέψει
2484 2232 2530 2262 ’ί
2562 2230 2673 2284 τῶν
2704 2230 2889 2301 ὑγρῶν
2917 2229 3024 2282 ὑπὸ
3054 2229 3411 2300 θερμότητος,
3438 2231 3516 2293 ὡς
3548 2232 3722 2283 οἴεται
3750 2231 3877 2285 θεόο

2292 2341 2555 2397 φραστος.
2605 2323 2772 2378 Ὅθεν
2820 2324 2871 2375 οἱ
2926 2322 3076 2393 ξηροὶ
3132 2323 3224 2375 καὶ
3264 2323 3519 2393 διάπυροι
3572 2324 3730 2376 τόποι
3778 2325 3878 2393 τῆς

2293 2416 2620 2486 οἰκουμένης
2644 2415 2712 2468 τὰ
2748 2414 2977 2467 πλεῖστα
3011 2414 3105 2466 καὶ
3135 2414 3397 2467 κάλλιστα
3427 2415 3536 2466 τῶν
3570 2415 3876 2485 ἀρωμάτων

2294 2509 2553 2580 φέρουσιν
2576 2524 2589 2535 '
2619 2506 2826 2575 ἐξαίρει
2859 2508 2966 2577 γάρ
3006 2507 3033 2559 6
3056 2506 3207 2577 ἥλιος
3228 2507 3289 2559 τὸ
3321 2507 3490 2577 ὑγρδν
3523 2507 3714 2579 ῶσπερ
3743 2507 3877 2577 ὕλην

2295 2599 2589 2669 σηπεδόνος
2647 2596 2978 2660 ἐπιπολάζον
3033 2602 3145 2662 τοῖς
3202 2597 3477 2667 σώμασιν.
3528 2599 3880 2669 Ἀλέξανδρον

2292 2690 2381 2754 δέ,
2420 2689 2495 2752 ὡς
2553 2689 2763 2752 ἔοικεν,
2811 2689 2844 2757 ἠ
2880 2687 3152 2759 θερμότης
3191 2690 3238 2720 ⁸³
3278 2691 3369 2741 καὶ
3408 2691 3631 2742 ποτικὸν
3664 2692 3757 2742 καὶ
3787 2689 3880 2741 θυ-

2296 2782 2483 2853 μοειδῆ
2513 2783 2795 2852 παρεῖχεν.

2366 2877 2488 2929 Ὅτι
2518 2874 2564 2906 ’³
2592 2874 2684 2926 τὸν
2717 2872 3061 2943 Βουκέφαλον
3091 2873 3473 2944 προσαχθέντα
3503 2873 3664 2927 ὢνιον
3687 2876 3882 2931 ταλάν-

2290 2983 2399 3019 των
2432 2964 2565 3018 δέκα
2594 2964 2689 3016 καὶ
2713 2962 2884 3033 τριῶν
2912 2964 3063 3033 παρὰ
3096 2963 3379 3016 Φιλονίκου
3411 2964 3505 3017 τοῦ
3535 2962 3809 3019 Θετταλοῦ
3837 2968 3883 2997 ’⁸

2291 3060 2321 3112 6
2357 3058 2455 3128 μὲν
2481 3056 2749 3119 Φίλιππος
2791 3056 3157 3126 ἀπεπέμπετο
3187 3056 3261 3119 ὡς
3292 3059 3338 3090 ³⁵
3381 3059 3471 3111 τὸν
3503 3059 3783 3129 ἀναϐάτην
3823 3062 3883 3113 οὐ

2291 3148 2582 3219 δεχόμενον
2614 3148 2738 3201 οὐδέ
2774 3148 2960 3219 φωνήν
2995 3165 3139 3211 τινος
3186 3148 3294 3201 τῶν
3321 3149 3451 3220 περὶ
3498 3149 3592 3202 τὸν
3620 3150 3886 3204 Φίλιππον

2296 3240 2637 3310 ὑπομένοντα.
2657 3254 2669 3268 ⁸
2703 3239 2731 3291 6
2765 3240 2820 3293 δὲ
2857 3239 3206 3310 Ἀλέξανδρος
3240 3240 3599 3312 μεμψάμενος
3621 3241 3723 3314 τὴν
3748 3246 3884 3297 ἁπο-

2296 3332 2527 3404 πομπὴν
2556 3331 2650 3385 τοῦ
2687 3331 2858 3385 ἵππου
2885 3334 3128 3403 ᾐτήσατο
3161 3332 3310 3404 παρά
3331 3333 3424 3386 τοῦ
3463 3336 3673 3405 πατρὸς
3704 3336 3884 3388 λαϐεῖν

2300 3425 2483 3489 αὑτὸν,
2510 3427 2606 3478 καὶ
2642 3424 2823 3479 λαϐὼν
2884 3425 2979 3477 τὸν
3022 3424 3281 3478 δοκοῦντα
3322 3426 3489 3479 ἵππον
3520 3427 3717 3498 ἄγριον
3747 3426 3882 3482 εἶναι

2294 3517 2428 3590 πρὸς
2461 3518 2692 3583 πάντας,
2734 3518 2784 3570 οἳ
2846 3518 3156 3590 προσῄεσαν
3202 3518 3371 3589 αὐτῷ,
3422 3520 3518 3573 καὶ
3556 3521 3879 3587 ἀκόλαστον,

2294 3609 2668 3681 προσδραμὼν
2700 3609 2777 3681 τῷ
2809 3612 2964 3681 ἵππῳ
3015 3612 3109 3663 καὶ
3159 3610 3496 3679 παραλαϐὼν
3541 3612 3642 3682 τὴν
3676 3614 3831 3683 ἡνίαν
3858 3619 3881 3667 6

2304 3702 2656 3773 Ἀλέξανδρος
2707 3702 3011 3776 ἐπέστρεψε
3059 3705 3197 3774 πρὸς
3230 3705 3321 3758 τὸν
3363 3706 3539 3777 ἥλιον.
3577 3706 3657 3770 ὡς
3686 3707 3877 3773 ἔοικεν,

2292 3795 2557 3866 ἐννοήσας
2588 3796 2669 3848 ὅτι
2700 3796 2800 3866 τὴν
2838 3796 2996 3849 σκιὰν
3031 3797 3485 3866 προσπίπτουσαν
3526 3800 3623 3853 καὶ
3658 3801 3879 3853 σαλευο-

2296 3887 2467 3959 μένην
2511 3889 2654 3958 ὀρῶν
2702 3888 2809 3961 πρὸ
2843 3890 2888 3920 ’⁸
2941 3889 3106 3943 αὑτοῦ
3148 3888 3277 3963 [646
3306 3890 3397 3965 Η.]
3447 3894 3874 3963 διαταράττοιτο.

2291 3980 2484 4051 Μικρά
2527 3980 2584 4034 δὲ
2639 3980 2780 4033 οὕτω
2810 3982 3255 4051 παρακαλπάσας
3298 3985 3395 4036 καὶ
3444 3985 3770 4056 καταψήσας
3807 3988 3877 4048 ὡς

2291 4072 2439 4143 ἐώρα
2462 4072 2636 4143 θυμοῦ
2669 4074 3052 4143 πληρούμενον
3073 4075 3209 4143 όμοῦ
3234 4076 3327 4127 καὶ
3358 4076 3693 4146 πνεύματος,
3714 4080 3879 4149 ἀπορ-

2294 4166 2458 4236 ρίψας
2486 4168 2661 4237 ησυχῇ
2705 4169 2806 4236 τὴν
2861 4166 3113 4236 χλαμύδα
3152 4168 3245 4219 καὶ
3301 4172 3645 4237 μετεωρίσας
3689 4171 3877 4222 ἑαυτὸν

2290 4258 2548 4329 ἀσφαλῶς
2574 4260 2829 4329 περιέϐη,
2851 4254 2944 4311 καί
2964 4260 3199 4330 ἤλαυνεν
3224 4260 3329 4313 ἀνὰ
3350 4262 3552 4329 κράτος
3578 4263 3671 4315 τὸν
3690 4264 3872 4317 ἵππον.

2292 4353 2402 4405 Καὶ
2431 4353 2544 4414 τοῖς
2577 4351 2673 4421 μὲν
2700 4350 2817 4414 δέος
2847 4351 2943 4404 καλ⁵
2974 4350 3122 4420 ἀγὼν
3146 4352 3421 4412 ἐνέπιπτε,
3461 4354 3535 4424 μή
3570 4372 3622 4406 τι
3665 4355 3727 4407 τὸ
3753 4372 3876 4424 μει-

2294 4444 2485 4515 ράκιον
2518 4443 2687 4517 πάθῃ,
2715 4444 2826 4506 τοῖς
2851 4444 2906 4496 δὲ
2934 4444 3128 4514 κρότος
3177 4439 3247 4514 ἦν
3278 4445 3476 4515 χειρῶν
3516 4450 3611 4501 καὶ
3643 4452 3874 4519 τερπνὶν

2292 4538 2511 4606 θέαμα·
2570 4537 2783 4600 πάντας
2824 4536 2871 4589 δ’
2928 4536 3129 4607 ὁμοίως
3162 4533 3308 4606 εῖχεν
3367 4537 3655 4610 ἔκπληξις.
3696 4542 3782 4608 Ὦς
3818 4544 3873 4596 δὲ

599 4630 1079 4687 commemoratur,
1099 4634 1373 4692 caputque
1405 4623 1522 4688 lilii,
1549 4638 1672 4678 cum
1700 4625 1767 4678 ab
1793 4640 1935 4695 equo
1965 4628 2187 4681 descen-

2293 4630 2519 4702 κάμψας
2548 4632 2895 4705 ὑπέστρεψεν
2939 4632 3115 4702 ὀρθῶς
3144 4633 3371 4703 σοϐαρὸς
3417 4635 3541 4667 ’Μ’
3584 4638 3677 4689 καὶ
3706 4655 3873 4710 γεγηο

602 4715 800 4779 disset,
842 4714 1118 4768 osculatus
1152 4712 1354 4768 dixisse
1394 4728 1409 4766 :
1447 4711 1492 4768 0
1528 4726 1665 4780 nate,
1713 4731 1931 4785 regnum
1960 4716 2054 4770 tibi
2092 4736 2189 4786 par

2296 4724 2425 4787 θὼς,
2457 4725 2699 4786 ἅπαντες
2734 4725 2832 4794 μὲν
2858 4724 3139 4797 χαίροντες
3167 4726 3533 4796 ἀνηλάλαξαν,
3561 4730 3589 4781 6
3613 4730 3670 4783 δὲ
3697 4734 3874 4802 πατὴρ

600 4819 796 4874 ᾳιιωνε,
844 4803 1159 4859 Macedonia
1204 4806 1344 4857 enim
1399 4814 1448 4859 te
1490 4821 1594 4859 non
1640 4807 1804 4877 capit.
1857 4808 2184 4879 Alexander,

2294 4818 2388 4869 καὶ
2416 4817 2684 4888 δακρῦσαι
2720 4816 2941 4886 λέγεται
2978 4818 3114 4889 πρὸς
3165 4819 3264 4891 τὴν
3298 4821 3495 4890 χαρὰν,
3542 4824 3878 4887 καταϐάντκ

599 4899 800 4967 inquit,
837 4901 1074 4968 seipsum
1102 4897 1323 4952 vincere
1354 4912 1517 4968 quam
1547 4900 1729 4955 hostes
1765 4902 1937 4969 magis
1972 4901 2183 4971 regium

2293 4906 2345 4960 δὲ
2368 4907 2532 4960 αὐτοῦ
2555 4911 2654 4979 τὴν
2672 4908 2923 4978 κεφαλὴν
2949 4910 3185 4981 φιλήσας
3211 4950 3226 4975 ,
3264 4906 3332 4964 Ὦ
3358 4912 3487 4979 παῖ,
3512 4916 3699 4981 φάναι,
3726 4914 3876 4982 ζήτει

600 4993 925 5051 eststimans
967 5006 1123 5058 esse,
1173 5006 1273 5047 nec
1320 4991 1481 5045 ullam
1525 4991 1758 5046 liliarmn
1794 4992 1938 5046 Darii
1979 4992 2180 5063 alioqui

2293 5000 2524 5067 σεαυτῷ
2571 5003 2904 5067 ,ϐασιλείαν
2954 5002 3128 5070 ἴσην·
3164 5003 3507 5058 Μακεδονία
3544 5006 3655 5076 γάρ
3692 5024 3765 5061 σε
3809 5009 3876 5062 οὐ

600 5084 1121 5157 pulcherrimarum,
1169 5100 1344 5153 neque
1387 5084 1555 5139 ullam
1598 5082 1757 5137 aliam
1804 5092 1929 5138 ante
1974 5087 2189 5154 nuptias

2293 5094 2485 5164 χωρεῖ.
2535 5095 2658 5148 Ὀτι
2691 5095 2735 5127 ³⁵
2786 5094 3167 5167 Ἀλέξανδρος,
3214 5098 3401 5168 φησὶ,ξ
3421 5098 3517 5151 τοῦ
3568 5102 3724 5171 νικᾷν
3756 5103 3874 5163 τοῖς

600 5175 775 5246 attigit
806 5173 1089 5230 mulierem
1109 5213 1125 5238 ,
1161 5172 1389 5228 Barsina
1419 5182 1674 5241 excepta,
1717 5187 1839 5242 quae
1870 5173 2029 5228 vidua
2064 5177 2187 5228 luit.

2293 5184 2587 5253 πολεμίους
2621 5186 2684 5237 τὸ
2742 5189 2962 5257 κρατεῖν
3008 5187 3201 5240 ἑαυτοῦ
3238 5186 3666 5261 βασιλικώτερον
3719 5192 3873 5262 ἡγοῦ·

598 5266 733 5321 Cum
778 5277 958 5323 autem
1007 5266 1133 5323 ovis
1171 5280 1367 5335 agnum
1420 5266 1750 5335 peperisset,
1792 5267 1884 5334 qui
1922 5266 1975 5320 in
2016 5268 2189 5336 capite

2296 5293 2475 5346 μενος,
2509 5275 2634 5330 οὔτε
2681 5278 2828 5342 τινὸς
2882 5282 2991 5332 τῶν
3028 5280 3255 5351 Δαρείου
3304 5280 3647 5352 θυγατέρων,
3697 5286 3872 5337 κάλλει

604 5361 828 5430 liguram
865 5369 921 5417 et
948 5363 1191 5418 colorem
1227 5358 1401 5423 tiaras,
1432 5365 1485 5409 et
1514 5371 1581 5411 ex
1622 5362 1853 5426 utraque
1888 5356 2002 5423 cjus
2035 5368 2188 5427 parte

2293 5364 2781 5435 διαπρεπεστάτων
2812 5368 3015 5432 οὐσῶν,
3048 5369 3306 5440 οὐδεμιᾶς
3333 5369 3537 5439 ἔθιγεν,
3565 5372 3689 5425 οὔτε
3716 5373 3871 5443 ἀλλην

1886 5494 2124 5551 VARIIE
2155 5497 2564 5557 LECTlONES.

672 5609 716 5641 ¹⁶
744 5606 989 5693 difﬂ‘Cat.
1030 5606 1157 5693 Min.
1183 5622 1237 5687 c1
1266 5606 1318 5693 in.
1404 5603 1573 5693 "3715
1601 5620 1713 5693 0m_._
1743 5606 1846 5693 Α..
1886 5606 1934 5693 ἐξ
1962 5608 2069 5693 ὅτι]
2099 5608 2160 5693 c._
2311 5615 2359 5693 ξ’
2390 5614 2517 5693 περί
2552 5615 2594 5667 Α
2622 5630 2633 5666 :
2666 5633 2769 5693 περ
2799 5633 2891 5693 ς.⁸
2938 5615 2983 5647 ¹⁰
3013 5616 3108 5668 καὶ
3140 5616 3321 5693 τὴνσ-
3347 5618 3490 5673 ὥστε
3521 5618 3869 5693 πληροῦσθαι]

598 5670 916 5763 manilii]:
945 5676 1373 5763 —_3rkﬂpoﬁoliat
1414 5670 1596 5763 nulla“.
1675 5678 1934 5759 "‘Réqaet]
1970 5670 2067 5763 καί
2090 5684 2255 5763 πέψει
2296 5682 2361 5738 Α.
2446 5670 2519 5763 ,³³
2552 5697 2671 5763 post
2720 5670 2993 5763 θερμότης
3023 5704 3145 5763 cum
3184 5670 3224 5740 Ᾱ

596 5758 650 5797 νει
674 5747 781 5813 ὅτι]
803 5763 852 5804 c.
880 5747 935 5804 6.
957 5820 975 5837 Δ
1010 5751 1057 5783 ³⁸
1088 5749 1398 5837 Φιλονξίκου
1425 5747 1931 5837 ινξρεσσαλούχςζ
2004 5754 2045 5783 ³³
2073 5753 2148 5818 ὡς
2180 5747 2319 5825 ing”
2356 5754 2489 5826 πρός
2593 5775 2607 5811 z
2650 5758 2688 5810 Β
2721 5747 2837 5811 om:
2940 5747 2985 5791 ί*
3020 5755 3146 5829 πρὸ]
3200 5761 3335 5831 πρός
3366 5767 3429 5817 Α.
3509 5765 3623 5803 ⁸⁷-¹⁹

600 5825 641 5875 ll
670 5830 723 5876 et
768 5834 911 5877 corr.
944 5820 1024 5873 Α·
1068 5820 1313 5893 σοϐαρῶς
1352 5840 1405 5877 -.
1510 5820 1559 5857 ἕο
1609 5820 1714 5882 ὅτι]
1747 5838 1794 5873 c.
1828 5821 1915 5873 2t.
