4104 6408
241 349 379 415 1445

1333 352 1857 415 BIBLIOTHECA.
1891 380 1957 392 --
1980 357 2144 417 COD.
2201 358 2455 424 CCXLV.
2492 352 2497 355 δ

3355 361 3493 429 1446

236 465 377 533 ἔγνω
406 462 641 531 γυναῖκα
689 459 797 533 πρὸ
851 459 1033 530 γάμου
1080 458 1221 530 πλὴν
1275 459 1571 533 Βαρσίνης,
1620 461 1812 533 ἀνδρὸς

1920 464 2198 522 testiculos
2225 465 2482 530 haberet,
2510 466 2854 525 abominatus
2882 469 2935 525 id
2966 471 3293 545 prodigium,
3324 488 3354 527 a
3386 474 3492 530 Ba-

236 555 405 624 οῠσης
432 552 830 624 κεχηρωμένης
859 552 926 606 ³³.
956 551 1080 604 Ὅτι
1113 550 1157 583 ³³
1190 551 1487 623 προϐάτου,
1519 553 1678 622 φησὶ,
1720 570 1815 606 τε·

1917 556 2172 627 byloniis,
2190 572 2326 626 quos
2346 556 2463 625 ejus
2486 557 2564 613 rei
2591 573 2755 615 causa
2771 576 2839 615 ex
2866 577 3016 618 more
3045 566 3277 633 quodam
3306 580 3490 621 secum

236 649 426 710 κόντος
476 647 616 717 ἄρνα
642 645 772 716 περὶ
811 644 910 715 τὴν
957 642 1201 714 κεφαλὴν
1242 643 1428 713 σχῆμα
1470 644 1567 697 καὶ
1602 644 1816 716 ’χρῶμα

1920 648 2182 713 ducebat,
2227 649 2508 719 expiatus,
2549 650 2616 705 ad
2647 651 2851 707 amicos
2883 654 3048 708 etiam
3090 657 3247 723 dixit,
3290 672 3349 713 se
3386 675 3493 713 nun

236 740 427 810 ἔχοντα
454 739 647 809 τιάρας
682 737 777 791 καὶ
814 735 1069 806 διδύμους
1098 732 1442 805 ἑκατέρωθεν
1470 732 1664 797 αὐτοῦ,
1697 732 1816 802 βδε-

1917 740 2038 802 sui,
2080 753 2268 795 verum
2318 740 2559 810 ipsorum
2614 756 2777 796 causa
2824 744 3199 811 perturbatum
3230 762 3383 814 esse,
3426 764 3495 803 ne

234 827 454 897 λυχθεὶς
481 826 542 881 τδ
573 828 798 896 σημεῖον
834 824 1116 896 ἐκαθάρθη
1150 824 1251 893 μὲν
1281 824 1387 877 ὑπὸ
1423 823 1533 877 τῶν
1562 823 1817 878 Βαϐυλω-

1920 828 2034 898 ipso
2067 827 2323 886 defuncto
2360 844 2624 885 summam
2660 846 2839 887 rerum
2874 835 2942 888 ad
2974 835 3262 903 ignobilem
3301 848 3357 895 et
3390 841 3495 894 im-

234 922 363 975 νίων
402 924 432 975 ὁ
469 920 845 991 Ἀλέξανδρος,
873 920 963 985 οὓς
1002 921 1063 986 ἐξ
1096 921 1253 984 ἐθους
1293 921 1534 991 ἐπήγετο
1566 921 1705 992 πρὸς
1744 921 1821 975 τά

234 1014 479 1077 τοιαῦτα,
498 1014 768 1085 διειλέχθη
798 1015 855 1068 δὲ
883 1014 1019 1086 πρὸς
1058 1015 1184 1077 τοὺς
1213 1014 1402 1083 φίλους
1428 1013 1505 1077 ὡς
1531 1014 1592 1068 ού
1618 1013 1687 1069 δι’
1716 1014 1818 1068 αὑ-

233 1107 346 1172 τὸν,
378 1106 516 1160 ἀλλὰ
543 1106 612 1160 δι’
633 1107 876 1170 ἐκείνους
920 1106 1265 1175 ταράττοιτο,
1294 1105 1369 1178 μὴ
1402 1105 1461 1159 τὸ
1488 1105 1689 1176 κράτος
1738 1108 1816 1170 είς

233 1201 435 1270 ἀγεννῆ
465 1200 561 1255 καὶ
581 1200 806 1255 ἄναλκιν
827 1200 1116 1270 ἄνθρωπον
1133 1199 1447 1262 ἐκλιπόντος
1474 1198 1639 1253 αὑτοῦ
1661 1217 1817 1270 περι-

234 1296 409 1363 στήσῃ
433 1293 478 1324 ³³
507 1292 567 1346 τὸ
600 1292 897 1362 δαιμόνιον.
933 1292 1009 1344 Οὐ
1049 1292 1155 1362 μὴν
1198 1292 1335 1345 ἀλλὰ
1364 1291 1574 1361 βέλτιόν
1621 1309 1675 1344 τι
1719 1308 1818 1360 ση-

235 1385 388 1453 μεῖον
416 1383 708 1453 γενόμενον
731 1382 833 1450 τὴν
862 1382 1099 1452 ἀθυμίαν
1124 1381 1313 1435 ἔλυσεν
1336 1382 1403 1435 ³⁸.
1431 1380 1594 1453 [ηοο
1626 1379 1719 1452 R.]
1759 1380 1820 1434 '0

232 1478 341 1547 γὰρ
372 1477 417 1508 ³⁸
467 1477 559 1528 ἐπὶ
607 1474 718 1530 τῶν
749 1475 1019 1547 σωμάτων
1054 1476 1385 1545 τεταγμένος
1418 1473 1592 1545 ὄνομα
1620 1473 1821 1543 Πρόξε-

232 1585 347 1632 νος,
381 1565 568 1638 χώραν
600 1566 846 1637 ὀρύττων
879 1570 946 1639 τῇ
982 1566 1234 1638 βασιλικῇ
1265 1568 1439 1638 σκηνῇ
1469 1567 1516 1599 ³⁸
1549 1565 1703 1637 παρὰ
1729 1566 1822 1619 τδν

236 1662 397 1726 Ὄξον
453 1662 723 1731 ποταμὸν,
776 1659 1099 1733 ἀπεκάλυψε
1134 1659 1318 1731 πηγὴν
1366 1658 1537 1731 ύγροῦ
1582 1657 1820 1730 λιπαροῦ

235 1756 332 1808 καὶ
379 1754 743 1825 πιμελώδους.
786 1753 1256 1824 ’Δπαντλουμένου
1288 1753 1329 1785 ³⁷
1365 1752 1422 1806 δέ
1452 1753 1547 1805 τοῦ
1578 1751 1819 1823 πρώτου,

1918 916 2109 972 bellem
2157 917 2393 987 aliquem
2444 920 2720 977 hominem
2779 920 2943 976 fatum
2997 924 3333 982 devolveret.
3390 929 3496 984 Sed

1918 1010 2060 1064 hunc
2090 1011 2207 1080 ejus
2234 1026 2520 1068 maerorem
2558 1015 2703 1068 aliud
2739 1014 2915 1071 laetius
2943 1026 3217 1072 ostentum
3254 1022 3497 1077 sustulit.

1918 1101 2134 1157 Etenim
2166 1101 2446 1159 Proxenus
2475 1107 2800 1163 stratoribus
2830 1110 2992 1179 regiis
3020 1110 3333 1180 praefectus,
3375 1128 3498 1168 cum

1921 1191 2155 1248 tentorio
2193 1194 2340 1262 regis
2381 1194 2561 1251 locum
2599 1196 2811 1255 foderet
2838 1199 2994 1268 juxta
3041 1199 3218 1255 Oxum
3254 1200 3497 1269 ﬂuvium,

1919 1286 2121 1340 fontem
2148 1284 2378 1355 liquoris
2399 1288 2615 1359 pinguis
2638 1292 3057 1364 aperuit,~cujus
3080 1310 3202 1349 cum
3229 1310 3500 1351 summum

1918 1388 2065 1433 esset
2092 1379 2344 1435 haustum
2370 1418 2390 1446 ,
2428 1395 2627 1451 purum
2658 1383 2852 1439 deinde
2876 1392 2930 1440 et
2957 1386 3291 1455 perlucidum
3324 1387 3501 1443 oleum

1919 1469 2171 1525 scatur-iit
2190 1509 2207 1537 ,
2254 1486 2430 1543 neque
2458 1474 2625 1528 odore
2654 1476 2949 1546 quidquam
2972 1519 2988 1545 ,
3039 1493 3213 1548 neque
3242 1488 3402 1550 gustu
3435 1481 3507 1533 ab

1919 1560 2061 1629 oleo,
2095 1577 2269 1632 neque
2295 1565 2476 1620 nitore
2508 1565 2672 1620 etiam
2704 1576 2756 1621 et
2786 1568 3114 1637 pinguedine
3134 1570 3412 1636 diﬂerens,
3446 1582 3503 1626 et

1922 1668 2052 1708 vero
2095 1656 2255 1711 nulla:
2292 1668 2420 1713 sunt
2461 1658 2514 1712 in
2543 1658 2646 1713 ista
2675 1660 2894 1728 regione
2922 1661 3076 1717 oleae.
3104 1662 3278 1718 Oxum
3320 1673 3503 1718 autem

1924 1746 2301 1803 mollissimam
2328 1750 2490 1806 habet
2511 1766 2732 1820 aquam,
2756 1754 2892 1809 adeo
2921 1762 2979 1809 ut
3005 1754 3313 1811 lavantibus
3334 1758 3501 1812 cutim

234 1846 476 1918 καθαρὸν
518 1845 813 1911 ἀνέϐλυζεν
869 1845 972 1916 ἤδη
1022 1845 1115 1899 καὶ
1149 1843 1373 1912 διαυγὲς
1430 1837 1634 1906 ἔλαιον,
1692 1840 1817 1894 οὔτε

1923 1838 2248 1909 pinguedine
2288 1842 2523 1911 quadam
2577 1844 2818 1914 inungat.
2867 1843 3095 1902 Miriﬁce
3140 1861 3207 1902 eo
3259 1849 3507 1918 prodigio

232 1940 377 2010 ὀσμῇ
412 1937 606 1993 δοκοῦν
638 1937 762 1992 οὕτε
795 1936 984 2006 γεύσει
1020 1936 1203 1991 ἐλαίου
1239 1936 1286 1973 ³⁸
1337 1935 1639 2005 διαφέρειν,
1672 1934 1818 1987 στιλ-

234 2032 424 2103 βότητι
450 2034 494 2066 ³⁸
525 2032 583 2086 δέ
630 2033 726 2087 καὶ
756 2031 1083 2102 λιπαρότητι
1113 2029 1467 2083 παντάπασιν
1501 2026 1820 2099 ἀπαράλλα-

228 2138 382 2185 κτον,
409 2123 504 2176 καὶ
533 2121 709 2176 ταῦτα
753 2121 854 2191 τῆς
884 2119 1070 2191 χώρας
1111 2120 1246 2191 μηδὲ
1293 2118 1484 2182 ἐλαίας
1514 2116 1811 2189 φερούσης.

227 2213 465 2281 Λέγεται
495 2212 593 2281 μὲν
621 2208 716 2266 οὖν
745 2212 841 2265 καὶ
866 2211 959 2265 τδν
994 2212 1157 2277 Ὄξον
1205 2210 1371 2266 αὑτὸν
1417 2208 1815 2280 μαλακώτατον

228 2305 395 2378 ὕδωρ,
430 2306 570 2359 ὥστε
602 2306 664 2359 τὸ
690 2306 867 2377 δέρμα
902 2306 1029 2369 τοὺς
1067 2304 1394 2375 λουομένους
1425 2300 1810 2356 ἐπιλιπαίνειν.

228 2399 306 2451 Οὐ
346 2400 455 2469 μὴν
498 2398 636 2452 ἀλλὰ
666 2398 761 2455 καὶ
795 2398 1121 2470 θαυμαστῶς
1145 2399 1191 2431 ’⁵⁸
1229 2397 1579 2467 Ἀλέξανδρος
1609 2394 1687 2467 τῷ
1718 2412 1819 2465 ση⁸

228 2490 371 2562 μείῳ
402 2492 566 2564 ἥσθη.
598 2494 721 2546 ’Ότι
743 2493 787 2524 ⁸⁸
817 2490 1088 2563 ’Δριδαῖος
1123 2491 1222 2560 μὲν
1252 2491 1443 2559 γέγονε
1458 2489 1538 2561 τῷ
1565 2488 1819 2564 Φιλίππῳ

1918 1931 2225 1989 Alexander
2273 1934 2572 1991 delectatus
2624 1944 2730 1991 est.
2777 1935 2901 1991 Fuit
2952 1947 3009 1994 et
3060 1938 3309 2009 Philippo
3358 1941 3502 1997 ﬁlius

1918 2025 2188 2089 Aridaeus,
2210 2040 2277 2081 ex
2304 2026 2524 2097 ignobili
2548 2037 2730 2083 scorto
2755 2028 2967 2083 Pbilina
2999 2042 3320 2101 prognatus,
3351 2048 3507 2089 men-

1920 2112 1985 2168 tis
2016 2127 2125 2167 non
2151 2114 2311 2181 plane
2344 2128 2587 2182 compos,
2614 2116 2756 2184 quod
2780 2118 3028 2186 corporis
3061 2122 3252 2175 morbo
3286 2122 3336 2176 ei
3370 2138 3503 2177 eve-

1920 2204 2125 2259 niebat.
2155 2204 2354 2261 Verum
2380 2205 2425 2258 is
2449 2206 2671 2261 morbus
2700 2223 2807 2263 non
2837 2221 3045 2265 natura:
3070 2213 3221 2279 vitio,
3250 2215 3504 2283 quinimo

1922 2296 1976 2352 in
2004 2312 2172 2367 puero
2198 2311 2263 2352 eo
2290 2298 2424 2351 satis
2453 2297 2594 2351 bona
2630 2307 2795 2369 atque
2830 2302 3058 2372 ingenua
3093 2303 3308 2359 indoles
3337 2321 3500 2373 appu-

1924 2391 2101 2445 ruisse
2120 2390 2346 2455 dicitur,
2365 2390 2458 2445 sed
2481 2392 2822 2459 postmodum
2848 2395 3074 2449 venenis
3098 2395 3167 2449 ab
3190 2396 3510 2466 Olympiade

1923 2492 2236 2551 corruptus,
2268 2496 2416 2536 sanae
2450 2485 2649 2540 mentis
2672 2483 2941 2553 iacturam
2971 2487 3187 2543 fecisse.

228 2586 290 2652 ἐξ
321 2562 512 2653 ἀδόξου
533 2562 807 2655 γυναικὸς
843 2562 937 2641 καὶ
993 2589 1203 2659 κοινῆς,
1243 2587 1484 2659 Φιλίνης,
1518 2584 1720 2654 ἀτελὴς
1750 2562 1807 2635 δέ
1842 2580 1921 2650 τῷ
1953 2579 2252 2649 σωφρονεῖν
2278 2579 2322 2608 δ’
2348 2577 2438 2632 διὰ
2468 2578 2723 2650 σώματος
2756 2580 3000 2649 ἐγεγόνει
3029 2582 3206 2647 νόσον,
3266 2582 3329 2636 οὐ
3400 2581 3509 2652 μὴν

226 2682 412 2752 φύσει,
449 2682 585 2737 ἀλλὰ
613 2686 709 2739 καὶ⁵
741 2687 881 2741 πάνυ
908 2688 1072 2758 φασὶν
1094 2687 1264 2741 αὑτοῦ
1295 2685 1483 2749 παιδὸς
1509 2684 1663 2747 δντος
1686 2677 2062 2749 διαφαίνεσθαι
2082 2675 2277 2747 χαρίεν
2299 2670 2433 2747 ἦθος
2473 2676 2571 2730 καὶ
2634 2677 2737 2732 οὐκ
2805 2678 3053 2747 ἀγεννὲς,
3124 2678 3247 2732 εἶτα
3317 2679 3507 2748 μέντοι

225 2778 541 2849 φαρμάκοις
564 2778 669 2833 ὑπὸ
700 2779 1064 2849 Ὀλυμπιάδος
1093 2781 1415 2836 κακωθέντα
1441 2778 1812 2849 διαφθαρῆναι
1849 2776 1949 2845 τὴν
1974 2773 2241 2828 διάνοιαν.

723 2895 828 2949 Ἐκ
858 2895 965 2951 τοῦ
994 2895 1316 2965 Καίσαρος.

303 3004 429 3058 Ὀτι
462 3006 508 3039 ⁸³
540 3008 759 3081 Καῖσαρ
812 3009 1161 3083 λέγεται,τῇ
1200 3008 1443 3083 προτέρᾳ
1500 3008 1657 3065 νυκτὶ
1714 3008 1816 3080 τῆς

228 3096 318 3150 ἐπ’
346 3097 627 3169 Ἀρίμινον
650 3099 693 3131 ⁸⁸
723 3102 1028 3167 διαϐάσεως
1068 3103 1247 3174 (πόλις
1275 3100 1333 3156 δέ
1367 3102 1516 3155 ἐστιν
1547 3099 1686 3169 αὕτη
1716 3098 1818 3169 τῆς

227 3190 508 3261 Κελτικῆς
534 3192 580 3223 ⁵⁸
605 3192 839 3266 μεγάλη,
880 3195 948 3267 ἢν
982 3196 1077 3249 καὶ
1103 3194 1297 3266 ἁθρόον
1322 3192 1573 3249 ἀπελθὼν
1596 3190 1776 3264 ἔσχεν)
1800 3231 1815 3255 ,

226 3282 368 3353 δναρ
408 3283 538 3337 ἰδεῖν
597 3284 903 3357 ἔκθεσμον·
931 3286 1105 3342 ἐδόκει
1164 3287 1273 3360 γὰρ
1305 3286 1468 3351 αὐτὸς
1513 3288 1580 3358 τῇ
1619 3282 1816 3340 ἐαυτοῦ

231 3376 405 3447 μητρὶ
434 3375 726 3447 μίγνυσθαι
752 3379 851 3451 τὴν
880 3380 1121 3453 ἄρρητον
1161 3380 1329 3451 μίξιν.

587 3488 715 3560 [ΜἹ
739 3489 834 3563 Η.]
863 3489 961 3546 Ἐκ
986 3491 1095 3545 τοῦ
1127 3491 1457 3562 Εὐμένους.

303 3596 379 3649 Τὸ
414 3596 513 3667 μὲν
550 3597 595 3629 ⁸⁸
626 3598 872 3670 εὐτυχεῖν
903 3600 999 3654 καὶ
1035 3603 1166 3665 τοὺς
1214 3601 1376 3670 φύσει
1425 3602 1661 3672 μικροὺς
1693 3614 1821 3651 συν-

228 3690 579 3759 επικουφίζει
613 3694 723 3756 τοῖς
751 3694 1115 3763 φρονήμασιν,
1140 3692 1282 3746 ὥστε
1312 3691 1601 3761 φαίνεσθαί
1630 3707 1682 3743 τι
1724 3688 1819 3759 μέ-

227 3783 394 3854 γεθος
416 3784 546 3854 περὶ
583 3785 781 3849 αὐτοὺς
820 3788 914 3838 καὶ
945 3786 1109 3854 ὄγκον
1140 3786 1206 3839 ἐκ
1261 3785 1606 3857 πραγμάτων
1650 3784 1820 3853 ὑπερ-

229 3877 467 3949 εχόντων
506 3877 1006 3948 ἀποϐλεπομένους.
1054 3878 1112 3933 '0
1140 3878 1198 3932 δέ
1237 3896 1302 3947 γε
1333 3876 1550 3947 ἀληθῶς
1580 3874 1816 3947 μεγαλό-

228 3984 387 4037 φρων
423 3968 517 4022 καὶ
551 3966 767 4037 βέϐαιος
796 3969 855 4021 ἐν
888 3971 1002 4033 τοῖς
1033 3968 1315 4040 σφάλμασι
1346 3968 1545 4039 μᾶλλον
1573 3967 1667 4020 καὶ
1697 3967 1818 4031 ταῖς

227 4060 592 4132 δυσημερίαις
624 4060 915 4132 ἀναφέρων
956 4061 1168 4130 γίνεται
1220 4060 1543 4130 κατάδηλος,
1572 4059 1762 4127 ὥσπερ
1788 4059 1817 4111 ὁ

230 4153 485 4223 Εὐμένης
550 4152 1008 4224 κακοπραγήσας.
1063 4152 1284 4207 Μᾶλλον
1325 4153 1435 4222 γάρ
1491 4149 1658 4204 αύτοῦ
1715 4150 1817 4220 τῆς

226 4245 412 4316 ψυχῆς
434 4246 495 4300 τδ
544 4249 791 4315 γενναῖον
824 4245 869 4277 ⁸⁷
900 4245 1132 4316 διεφάνη
1179 4246 1276 4300 καὶ⁵
1324 4244 1598 4316 ἐξέλαμψε
1631 4243 1818 4298 καὶτὸ

230 4337 504 4407 ἀπτόητον
530 4336 625 4391 τοῦ
657 4339 1007 4407 φρονήματος
1044 4336 1140 4390 καὶ
1183 4338 1302 4401 ταῖς
1335 4338 1640 4406 συμφοραῖς
1686 4335 1820 4388 άτα·

228 4427 517 4482 πείνωτον.
560 4428 687 4493 Ὀτι
715 4427 762 4459 ⁸⁸
812 4427 1161 4499 αἰσθόμενος,
1194 4427 1351 4498 φησὶ,
1377 4428 1508 4490 τοὺς
1538 4426 1631 4480 ὑπ’
1655 4424 1818 4478 αὑτὸν

226 4516 478 4588 ἀλλήλων
512 4518 611 4588 μὲν
640 4518 685 4547 ⁸⁸
722 4517 1223 4590 καταφρονοῦντας,
1256 4518 1421 4571 αὐτὸν
1456 4518 1515 4572 δὲ
1547 4517 1819 4587 φοϐουμέ-

229 4628 382 4675 νους,
416 4612 510 4665 καὶ
538 4612 1062 4683 παραφυλάττοντας
1090 4612 1321 4678 ἀνελεῖν,
1349 4614 1398 4665 εί
1438 4612 1649 4681 γένοιτο
1685 4628 1810 4663 και-

2424 2884 2510 2941 Ea:
2548 2885 2780 2943 Bassaris
2822 2886 2970 2942 Vita.

1993 3000 2196 3057 Ferunt
2227 3001 2497 3071 proxima,
2531 3017 2690 3071 quam
2750 3002 2946 3073 396!)
2976 3003 3277 3058 Ariminum
3316 3021 3505 3077 perve-

1923 3091 2097 3147 nisset
2132 3091 2296 3159 (urbs
2328 3107 2390 3146 ea
2420 3102 2502 3147 est
2535 3098 2727 3161 magna
2762 3094 2815 3147 in
2852 3094 3088 3159 Celtica,
3114 3112 3275 3166 quam
3316 3100 3505 3155 subito

1922 3184 2128 3254 impetu
2162 3184 2422 3238 invadens
2452 3186 2757 3255 occupavit)
2794 3184 2954 3241 noete
2978 3189 3269 3243 obscenum
3294 3190 3501 3247 Caesari

1922 3276 2250 3331 insomnium
2283 3276 2478 3343 visum,
2510 3292 2707 3353 nempe
2742 3291 2801 3332 se
2827 3293 2951 3333 cum
2978 3280 3148 3335 matre
3175 3297 3273 3336 sua
3307 3299 3503 3352 corpus

1922 3377 2174 3419 mtscerc.

2433 3477 2517 3532 Ex
2556 3475 2809 3534 Eumenis
2850 3478 2994 3539 Vita.

1991 3588 2283 3646 Enimvero
2324 3589 2576 3657 secunda:
2616 3604 2704 3646 res
2732 3591 2895 3645 etiam
2942 3591 3158 3663 ingenio
3205 3594 3415 3649 modico
3450 3604 3508 3651 et

1918 3683 2193 3739 submisso
2222 3682 2480 3753 praeditos
2507 3682 2801 3751 attollunt,
2844 3694 2904 3738 ut
2941 3686 3120 3753 magni
3152 3686 3251 3740 sibi
3281 3686 3507 3740 videan-

1921 3784 2029 3841 tur,
2057 3776 2366 3844 cristasque
2390 3776 2625 3845 erigant,
2651 3790 2776 3830 cum
2806 3775 3025 3832 excelso
3056 3778 3177 3833 loco
3209 3776 3504 3834 collocatos

1919 3883 1978 3923 se
2034 3867 2237 3922 vident.
2297 3867 2435 3921 Vera
2485 3866 2651 3921 animi
2725 3869 3036 3937 magnitudo
3087 3878 3142 3925 et
3182 3870 3505 3935 constantia

1923 3957 2089 4012 rebus
2122 3956 2368 4011 adversis
2406 3957 2649 4012 ferendis
2672 3961 3130 4030 emendandisque
3158 3963 3376 4019 casibus
3392 3963 3504 4018 elu-

1918 4047 2087 4104 cescit
2112 4064 2126 4103 :
2148 4048 2304 4119 cujus
2332 4049 2407 4103 rei
2431 4049 2735 4118 exemplum
2766 4052 3032 4108 Eumenes
3053 4054 3299 4121 praebuit.
3334 4054 3505 4126 Magis

1918 4141 2063 4197 enim
2104 4140 2249 4196 illius
2308 4141 2563 4196 nobilitas
2612 4142 2809 4197 anima:
2847 4145 3097 4214 apparuit
3118 4155 3175 4199 et
3208 4147 3401 4221 patuit,
3447 4155 3504 4201 et

1918 4233 2173 4289 alacritas
2207 4235 2406 4303 ingenii
2442 4234 2697 4291 omnibus
2728 4236 3130 4295 calamitatibus
3157 4238 3314 4309 longe
3342 4255 3504 4309 supe-

1920 4326 2103 4381 rioris.
2140 4324 2444 4395 EaprOpter
2472 4327 2715 4383 sentiens
2750 4343 2846 4384 eos
2872 4343 2995 4385 sese
3032 4340 3220 4385 mutuo
3260 4336 3523 4387 contem-‘

1920 4435 2071 4486 nere,
2094 4421 2269 4491 ipsum
2301 4431 2564 4485 metuere,
2600 4430 2657 4475 et
2683 4421 2735 4476 in
2769 4423 2873 4476 boc
2893 4436 3041 4489 esse,
3073 4432 3133 4478 ut
3166 4433 3321 4494 capta
3347 4440 3506 4480 occa-

1918 4513 2075 4568 sione
2103 4513 2397 4575 occidant.
2434 4515 2664 4583 pecunia
2708 4515 2813 4570 sibi
2858 4530 2994 4586 opus
3031 4531 3153 4573 esse
3201 4519 3503 4584 simulavit,

1920 4619 2093 4674 eoque
2143 4606 2244 4660 sub
2303 4614 2598 4674 praetextu,
2654 4608 2815 4662 abiis
2857 4609 3056 4677 quibus
3101 4611 3337 4665 maxime
3378 4610 3506 4667 odio

231 4701 351 4773 ρδς,
387 4701 665 4772 ἐσκήψατο
692 4702 994 4773 χρημάτων
1012 4701 1241 4766 δεῖσθαι,
1278 4702 1374 4756 καὶ
1401 4702 1815 4756 συνεδανείσατο

1920 4706 2059 4763 erat,
2106 4696 2273 4751 multa
2305 4695 2505 4751 talenta
2549 4706 2737 4752 mutuo
2769 4699 3012 4768 accepit,
3045 4709 3104 4753 ut
3134 4700 3170 4755 ii
3202 4699 3363 4754 [idem
3404 4700 3506 4769 ipsi

226 4792 471 4845 τάλαντα
496 4792 668 4846 πολλὰ
693 4793 737 4825 ⁸ο
769 4793 923 4865 παρὰ
947 4792 1057 4847 τῶν
1088 4793 1327 4864 μάλιστα
1364 4794 1685 4866 μισούντων,
1728 4795 1815 4848 ἵνα

228 4885 331 4945 καὶ
365 4884 660 4940 πιστεύωσι
698 4886 744 4918 ⁸¹
795 4888 891 4941 καὶ⁵
941 4886 1257 4956 ἀπέχωνται
1318 4888 1447 4958 περὶ
1491 4887 1552 4941 τὸ
1603 4887 1815 4942 δάνειον

229 4978 598 5045 ἀγωνιῶντες.
658 4980 822 5033 Ὥστε
876 4980 1075 5050 συνέϐη
1105 4979 1196 5032 τὸν
1246 4978 1528 5051 ἀλλότριον
1583 4978 1816 5032 πλοῦτον

229 5069 455 5139 φύλακα
488 5070 582 5123 τοῦ
618 5069 871 5141 σώματος
910 5070 1078 5144 ἔχειν,
1100 5071 1317 5125 καὶτῶν
1358 5071 1535 5125 ἄλλων
1579 5072 1671 5123 ἐπὶ
1707 5088 1816 5123 σω-

226 5162 401 5232 τηρίᾳ
458 5161 706 5216 διδόντων
742 5164 901 5233 μόνον
956 5165 1021 5217 ἐκ
1063 5164 1108 5196 ⁸⁸
1151 5162 1244 5217 τοῦ
1285 5163 1468 5217 λαϐεῖν
1508 5163 1814 5232 κτήσασθαι

229 5254 337 5322 τὴν
363 5252 686 5321 ἀσφάλειαν.
727 5254 854 5310 Ὀτι
903 5252 1264 5325 φιλοπόλεμος
1314 5252 1414 5324 μέν
1462 5254 1602 5319 ἐστι,
1628 5254 1816 5322 φησιν,

1924 4788 2221 4855 haberent,
2267 4797 2324 4844 et
2378 4798 2524 4844 metu
2576 4791 2895 4847 admittendi
2952 4792 3143 4848 crediti
3184 4793 3253 4847 ab
3296 4793 3508 4849 insidiis

1922 4881 2263 4937 desisterent.
2326 4880 2404 4935 Ita
2442 4884 2665 4949 evenit,
2708 4894 2766 4939 ut
2802 4884 3031 4939 alienam
3090 4884 3180 4940 ille
3223 4886 3508 4955 pecuniam

1922 4975 2168 5043 corporis
2218 4976 2300 5031 sui
2354 4978 2634 5032 custodem
2681 4977 2966 5041 habuerit,
3019 4988 3073 5034 et
3115 4978 3236 5035 aliis
3262 4980 3507 5039 .salutem

1921 5080 2075 5119 suam
2119 5067 2243 5121 data
2288 5067 2514 5135 pecunia
2557 5067 2987 5135 redimentibus,
3024 5070 3179 5127 solus
3228 5073 3343 5142 ipse
3362 5072 3511 5127 acci-

1923 5156 2120 5227 piendo
2164 5167 2336 5213 tutum
2385 5175 2444 5215 se
2493 5161 2769 5231 przestitit.
2810 5161 3216 5233 PhiIOpolemns
3268 5164 3358 5238 [id
3399 5175 3505 5229 est,

1923 5250 2129 5303 militiw
2160 5250 2371 5322 amans]
2397 5262 2501 5317 est,
2527 5253 2617 5321 qui
2645 5252 2936 5319 utilitatem
2964 5257 3239 5312 securitati
3268 5256 3505 5325 praefert;

1522 5415 1761 5472 VARUE
1802 5416 2211 5473 LECTIONES.

273 5530 316 5561 "
353 5530 759 5602 κεχειρωμένης
808 5529 867 5583 Β.
945 5531 988 5561 ³¹
1038 5532 1145 5602 ὅτι]
1188 5547 1237 5585 (ι.
1300 5532 1385 5585 57.
1469 5531 1514 5563 ³³
1541 5534 1860 5602 περιστήσει
1894 5551 1953 5597 ς.

234 5602 281 5632 ³⁸
318 5602 489 5670 σκηνῇ
519 5601 640 5652 add.
671 5600 736 5655 Α.

233 5687 378 5742 τ’ςτα
407 5669 484 5721 Α,
529 5739 538 5742 _
574 5669 617 5701 "°
644 5671 960 5740 θαυμαστόν
986 5674 1050 5726 Α.

234 5739 714 5812 δι’τῆςΚελτικῆς
741 5739 849 5812 om.
882 5742 943 5797 Β.

236 5813 286 5845 eo
315 5812 646 5866 ταλαυτα“τὰ
673 5811 845 5865 πολλά
875 5830 933 5879 ς.

1049 5743 1095 5774 ⁸⁸
1128 5743 1185 5796 τὸ

836 5603 877 5642 ³⁷
910 5602 1351 5671 ἀπαντλουμένου
1389 5602 1467 5657 Β;
1501 5603 1921 5672 ἀπαντλωμένου
1952 5621 2012 5667 ς.
2097 5604 2139 5646 ³⁸
2172 5602 2355 5672 ἐλαίου
2383 5604 2569 5672 γεύσει
2604 5624 2665 5671 ς.

1152 5621 1351 5671 υμενου
1389 5621 1467 5657 υς
1501 5621 1921 5673 απαντλωμενου
1952 5621 2012 5667 ς.
2097 5621 2139 5646 ιη
2172 5621 2352 5656 εΑαιου
2383 5621 2540 5672 γευσε

1151 5675 1190 5703 ⁴¹
1219 5674 1323 5741 ὅτι]
1357 5690 1417 5735 0.,
1442 5673 1527 5727 77.
1606 5673 1652 5712 ι’
1685 5673 1763 5742 τῷ
1791 5672 2116 5742 σωφρονεῖν]
2144 5674 2204 5725 τὸ
2232 5671 2449 5742 φρονεῖν
2477 5674 2540 5729 Β.

1049 5743 1095 5774 ⁸⁸
1128 5743 1185 5796 τὸ
1223 5727 1341 5813 μένῖ
1380 5730 1428 5797 c.
1463 5745 1516 5798 ι).
1591 5744 1634 5782 ⁸⁷
1659 5727 1998 5810 ’ξδ’γενναῖον
2045 5727 2144 5815 τῆς
2172 5727 2348 5817 illiilli];
2383 5766 2443 5812 ς.

1034 5815 1074 5847 ιι
1114 5812 1437 5847 μυρίκη...
1485 5831 1520 5847 ,-
1620 5815 1663 5847 ss
1698 5812 1856 5847 ..Αυηυ
1891 5814 2091 5847 ρ.ν...,...τ.
2118 5815 2178 5847 ιν
2214 5814 2250 5847 t2
2349 5819 2396 5847 η
2423 5818 2448 5847 κ

1114 5812 1442 5867 πιστεύσωσι
1485 5831 1540 5877 ς.
1620 5815 1663 5847 ⁸²
1697 5812 1856 5884 μόνον
1890 5812 2179 5885 εὐμενῆἐκ
2213 5812 2315 5871 δί’
2349 5819 2396 5851 ³⁸
2423 5817 2529 5883 ὅτι]
2556 5812 2855 5890 comparat.
2889 5834 2939 5875 c.
2974 5817 3025 5872 2.

2028 5532 2076 5563 ”
2098 5530 2286 5606 ἔλυσεν
2317 5533 2358 5587 Α
2402 5551 2417 5588 :
2450 5532 2691 5606 διέλυσεν
2720 5553 2779 5600 ς.
2878 5536 2922 5570 ³⁸
2954 5538 2983 5591 δ
3029 5538 3136 5605 γάρ
3164 5536 3239 5590 A:
3268 5536 3403 5606 ὅπερ
3444 5555 3504 5601 ς.

2618 5624 2665 5671 ζ.
2752 5609 2795 5639 ³⁹
2826 5608 3146 5677 στιλϐότητα
3176 5635 3243 5650 -—
3278 5607 3505 5676 λιπαρό-

2618 5681 2665 5718 ⁸³
2692 5676 2797 5743 ὅτι]
2819 5695 2866 5733 c.
2904 5681 2991 5733 ὅτε.
3073 5684 3118 5716 ⁸³
3138 5676 3413 5748 Ἀριμίνου
3444 5695 3505 5740 ς.

2530 5747 2709 5814 nam}
2760 5764 2811 5802 c.
2868 5749 2953 5803 ιδ.
2986 5817 2991 5818 ί
3026 5750 3070 5787 ιο
3110 5746 3211 5818 μέν
3260 5746 3382 5806 add.
3436 5749 3505 5805 Α.
