4124 6390
559 362 696 429 18ιῖ

1749 348 2018 416 ΡΗΟΤΙΙ
2054 346 2563 413 PATRIARCIUE
2595 347 2708 409 ΟΡ.

3699 342 3839 408 ius

556 475 853 548 polemicus
903 471 980 547 [id
1009 480 1095 529 est
1125 466 1399 541 militaris]
1448 466 1587 525 bello
1632 465 1918 539 possidens
1975 474 2135 517 secu-

2298 456 2397 524 τῆς
2430 454 2733 525 ἀσφαλείας
2765 451 2865 526 τὴν
2914 430 3233 519 πλεονεξίαν
3274 451 3583 525 προτιμῶν,
3605 450 3835 525 πολεμι-

561 572 801 625 ritatem.

1121 657 1165 712 E
1202 657 1427 713 Sertorii
1476 653 1619 709 Vita.

632 757 825 828 Agenti
887 754 1137 811 Sertorio
1187 752 1239 807 in
1299 750 1557 819 Hispania
1610 754 1787 801 nauta:
1833 742 2053 812 quidam
2099 740 2148 794 ei

558 856 877 911 occurrunt,
900 846 993 916 qui
1018 859 1187 916 nuper
1208 858 1276 898 ex
1307 839 1595 896 Atlanticis
1621 836 1812 893 insulis
1853 835 2147 890 redieram.

566 946 691 997 Duae
738 949 866 995 sunt
914 936 1103 993 insulae
1133 936 1326 991 stricto
1351 931 1642 988 admodum
1681 928 1823 983 freto
1857 925 2149 989 distinctae,

562 1034 749 1086 decem
806 1030 1108 1085 stadiorum
1180 1025 1419 1080 millibus
1483 1023 1553 1078 ab
1623 1018 1813 1075 Africa
1885 1026 2148 1073 remotae:

563 1124 873 1192 caedemque
914 1120 1103 1175 insula:
1139 1116 1428 1171 Beatorum
1481 1114 1829 1177 Fortunatae,
1877 1110 2150 1165 dicuntur.

562 1216 829 1271 Imbribus
870 1214 1098 1269 modicis
1142 1212 1305 1281 idque
1343 1224 1469 1265 raro
1510 1208 1791 1278 rigantur,
1832 1205 2154 1275 plerumque

564 1310 776 1365 lenibus
809 1323 873 1363 ac
901 1307 1128 1361 roscidis
1160 1304 1337 1359 ventis
1375 1300 1632 1372 perﬂataz,
1675 1315 1783 1354 non
1817 1296 2153 1353 arationibus

566 1401 725 1455 modo
744 1412 799 1454 et
821 1397 1143 1467 plantationi
1178 1395 1416 1449 fertilem
1451 1405 1654 1447 terram
1684 1390 1948 1461 praebent,
1977 1388 2072 1443 sed
2101 1393 2156 1441 et

565 1494 709 1548 ultro
738 1492 923 1562 fruges
949 1490 1265 1553 effundunt,
1316 1502 1436 1556 qua:
1465 1501 1560 1539 sua
1602 1494 1659 1539 et
1696 1482 1852 1551 copia
1884 1488 1939 1536 et
1967 1480 2155 1534 dulce-

565 1588 691 1641 dine
711 1584 981 1641 sulﬁciant
1006 1582 1073 1636 ad
1099 1581 1351 1637 alendum
1375 1578 1634 1641 otiosum,
1661 1584 1713 1631 et
1739 1575 1901 1630 nullis
1926 1571 2156 1641 negotiis

565 1678 804 1731 deditum
835 1676 1112 1745 populum.
1149 1674 1258 1727 Aer
1289 1672 1543 1725 innoxius
1576 1679 1694 1734 est,
1750 1666 1987 1735 annique
2020 1674 2154 1717 tem-

567 1776 805 1836 pestates
834 1766 1095 1821 mediocri
1129 1765 1432 1817 mutatione
1456 1761 1524 1815 iis
1554 1762 1609 1815 in
1636 1759 1827 1813 insulis
1849 1758 2150 1810 variantur.

2186 1807 2232 1867 B

2253 548 2348 613 κὸς
2376 548 2434 602 δέ
2469 550 2499 601 ό
2528 548 2606 619 τῷ
2635 547 2864 619 πολέμῳ
2888 548 3168 619 κτώμενος
3199 546 3303 620 τὴν
3331 546 3659 617 ἀσφάλειαν.

2730 640 2836 695 Ἐκ
2862 641 2969 696 τοῦ
3007 641 3355 709 Σερτωρίου.

2325 732 2449 786 Ὀτι
2472 732 2518 767 ⁸⁸
2540 731 2895 803 διατρίϐοντι,
2920 734 3077 803 φησὶ,
3109 731 3398 803 Σερτωρίῳ
3429 731 3563 803 περὶ
3596 730 3842 802 Ἰϐηρίαν

2252 822 2446 877 ναῦταί
2473 839 2620 886 τινες
2662 822 3084 893 ἐντυγχάνουσιν
3117 822 3267 891 αὐτῷ
3305 822 3371 875 ἐκ
3403 822 3514 876 τῶν
3563 820 3842 875 Ἄτλαντι-

2253 913 2366 967 κῶν
2396 915 2577 983 νήσων
2619 914 3124 977 ἀναπεπλευκότες,
3154 912 3212 967 αἶ
3242 912 3336 966 δύο
3379 913 3479 983 μέν
3517 913 3628 965 εισι
3658 910 3843 981 λεπτῷ

2254 1005 2575 1061 παντάπασι
2626 1005 2864 1077 πορθμῷ
2910 1004 3312 1076 διαιρούμεναι,
3350 1007 3584 1078 μυρίους
3630 1007 3690 1060 δὲ
3741 1008 3844 1060 ἀπο

2255 1097 2439 1167 έχουσι
2467 1097 2677 1167 Λιϐύης
2709 1098 2981 1164 σταδίους,
3010 1098 3106 1152 καὶ
3139 1098 3502 1169 ὀνομάζονται
3531 1100 3839 1170 Μακάρων.

2258 1189 2527 1261 Ὄμϐροις
2556 1190 2615 1244 δι
2637 1194 2919 1261 χρώμεναι
2952 1191 3196 1263 μετρίοις
3225 1192 3487 1257 σπανίως,
3516 1194 3587 1246 τά
3614 1193 3840 1248 πλείστα

2254 1285 2531 1352 πνεύμασι
2591 1283 2860 1354 μαλακοῖς
2911 1286 3007 1340 καὶ
3055 1285 3395 1356 δροσοϐόλοις
3454 1286 3840 1356 καταπνεόμε-

2253 1391 2344 1428 ναι
2376 1376 2445 1439 ⁸⁵,
2487 1376 2549 1428 οὐ
2588 1376 2752 1445 μόνον
2784 1375 2952 1447 ἀροῦν
3006 1376 3102 1430 καὶ
3126 1378 3173 1410 ⁸⁸
3207 1376 3465 1446 φυτεύειν
3511 1370 3844 1449 παρέχουσιν

2256 1466 2468 1540 ἀγαθὴν
2498 1469 2595 1524 καὶ
2624 1471 2785 1526 πίονα
2812 1472 3021 1542 χώραν,
3053 1472 3190 1528 ἀλλὰ
3227 1472 3324 1527 καὶ
3355 1472 3569 1544 καρπὸν
3594 1474 3843 1544 αὐτοφυῆ

2256 1561 2538 1633 φέρουσιν,
2568 1563 2902 1635 ἀποχρῶντα
2938 1565 3135 1637 πλήθει
3165 1566 3259 1619 καὶ
3288 1565 3593 1635 γλυκύτητι
3624 1565 3844 1635 βόσκειν

2256 1654 2384 1709 ἄνευ
2427 1653 2608 1708 πόνων
2660 1657 2755 1709 καὶ
2807 1658 3196 1728 πραγματείας
3248 1657 3581 1727 σχολάζοντα
3646 1658 3842 1727 δῆμον.

2272 1745 2406 1816 ’Δὴρ
2434 1746 2493 1799 δὲ
2535 1745 2742 1808 ἄλυπος
2783 1748 2944 1818 ὡρῶν
2987 1766 3051 1801 τε
3098 1750 3293 1820 κράσει
3325 1752 3369 1784 ⁸⁷
3404 1750 3501 1805 καὶ
3540 1751 3846 1822 μεταϐολῆς

568 1860 781 1915 Etenim
805 1858 899 1929 qui
922 1872 1114 1913 versus
1134 1870 1229 1911 eas
1262 1863 1444 1924 partes
1477 1868 1504 1906 a
1536 1860 1681 1907 terra
1710 1851 1958 1905 feruntur
1981 1850 2159 1903 borea

2269 1840 2583 1929 μετριότητι
2612 1838 2657 1872 ⁸⁸
2693 1840 2915 1910 κατέχει
2942 1841 3043 1905 τάς
3072 1843 3290 1913 νήσους.
3327 1842 3485 1915 [lim
3516 1843 3614 1917 IL]
3644 1846 3711 1899 Ol
3739 1847 3847 1916 γάρ

570 1961 626 2006 et
661 1950 960 2014 subsolani,
1011 1963 1134 2001 cum
1170 1950 1224 2001 in
1272 1957 1485 2001 vastum
1534 1944 1608 1998 ob
1651 1942 2044 2014 longitudinem
2075 1941 2161 1996 di-

569 2045 781 2100 stantia:
808 2043 1052 2097 incidunt
1078 2042 1278 2104 locum,
1311 2038 1667 2105 dissipantur,
1692 2046 1748 2091 et
1772 2043 2064 2105 antequam
2092 2047 2159 2087 eo

570 2133 936 2205 perferantur,
964 2132 1280 2195 concidunt;
1309 2128 1472 2183 Gauri
1501 2138 1682 2183 autem
1715 2137 1771 2182 et
1800 2125 2032 2196 Zephyrl
2066 2123 2162 2195 qui

570 2228 640 2282 ab
669 2227 777 2281 alto
810 2224 1153 2280 circutullant
1186 2223 1406 2293 397a,
1439 2221 1650 2290 pluvias
1700 2236 1728 2273 a
1759 2220 1896 2274 mari
1922 2221 2163 2273 modicas

573 2332 833 2387 rarasque
870 2317 1156 2372 infundunt
1182 2357 1198 2381 ,
1231 2316 1552 2384 plerumque
1590 2312 1858 2367 bumectis
1899 2312 2163 2366 serenita-

574 2410 715 2463 tibus
768 2407 1126 2478 refrigerant,
1194 2406 1507 2475 incolasque
1568 2405 1778 2475 placide
1859 2406 2029 2462 alunt.
2086 2404 2162 2459 Ita

572 2513 745 2565 usque
784 2498 849 2551 ad
888 2497 1147 2551 barbaros
1175 2496 1342 2551 etiam
1389 2504 1647 2551 constans
1684 2504 1739 2551 et
1779 2498 2002 2565 probata
2042 2512 2164 2567 per-

570 2589 789 2644 crebuit
844 2589 1048 2659 Opinio,
1097 2604 1222 2646 esse
1265 2590 1370 2646 illis
1412 2591 1466 2646 in
1525 2591 1718 2647 insulis
1768 2591 1979 2663 Elysios
2029 2594 2163 2649 istos

572 2696 829 2751 Campos,
871 2692 927 2735 et
973 2683 1284 2749 beatorum,
1330 2698 1492 2752 quam
1539 2684 1827 2755 descripsit
1872 2682 2159 2749 Humerus,

578 2772 989 2825 habitationem.
1029 2770 1123 2825 His
1157 2774 1222 2827 de
1253 2771 1415 2827 rebus
1446 2781 1507 2827 ut
1535 2774 1724 2827 auditu
1754 2775 1997 2844 percepit
2030 2773 2159 2830 Ser-

577 2866 771 2928 torius,
804 2864 1067 2918 mirabilis
1095 2879 1219 2918 eum
1249 2863 1451 2919 invasit
1477 2879 1635 2920 amor
1653 2856 1754 2921 eas
1784 2867 1987 2923 insulas
2012 2868 2161 2923 incu-

578 2956 743 3020 lcltdi,
802 2956 1195 3026 tyrannidequc
1249 2965 1305 3010 et
1358 2956 1515 3011 bellis
1571 2958 1790 3012 evitatis
1841 2957 1892 3011 in
1934 2972 2069 3028 pace
2108 2968 2164 3015 et

575 3049 757 3118 quiete
785 3047 1017 3102 vivendi.
1054 3047 1252 3103 Verum
1304 3047 1544 3104 turbavit
1588 3058 1644 3105 et
1693 3050 1976 3120 dissipavit
2019 3052 2163 3106 hunc

2262 1918 2476 1982 ἐνθένδὶ
2500 1929 2602 1999 τῆς
2639 1929 2746 1999 γῆς
2790 1930 3160 1995 ἀποπνέοντες
3197 1930 3303 1997 ἔξω
3336 1933 3534 2004 Βορέαι
3578 1934 3677 1986 καὶ
3719 1932 3848 1986 Ἀπ-

2260 2020 2497 2090 ηλιῶται
2535 2021 2625 2075 διὰ
2662 2021 2841 2093 μῆκος
2869 2023 3196 2087 ἐκπεσόντες
3224 2026 3306 2087 είς
3331 2024 3496 2077 τόπον
3523 2023 3707 2094 ἀχανῆ
3730 2024 3846 2077 διαρ

2266 2112 2583 2182 σπείρονται
2619 2112 2716 2166 καὶ
2750 2113 3247 2183 προαπολείπουσι·
3281 2114 3532 2181 πελάγιοι
3558 2116 3619 2168 δὲ
3656 2118 3849 2187 περιρ-

2266 2203 2483 2273 ρέοντες
2544 2204 2836 2274 ’Ᾱργέσται
2892 2205 2991 2259 καὶ
3054 2207 3289 2277 Ζέφυροι
3348 2206 3621 2278 βληχροὺς
3671 2209 3773 2277 μὲν
3802 2208 3847 2241 ⁸⁸

2268 2295 2460 2360 ύετοὺς
2490 2296 2586 2349 καὶ
2632 2297 2910 2367 σποράδας
2947 2299 3014 2351 ἐκ
3039 2298 3311 2369 θαλάττης
3349 2301 3671 2369 ἐπάγοντες,
3700 2301 3772 2355 τά
3794 2302 3851 2356 δέ

2266 2389 2442 2444 πολλά
2496 2394 2743 2462 νοτεραῖς
2796 2393 3040 2464 αίθρίαις
3076 2394 3456 2465 ἐπιψύχοντες,
3494 2398 3671 2469 ἡσυχῇ
3731 2399 3852 2469 τρέ-

2265 2498 2478 2551 φουσιν.
2510 2483 2674 2536 Ὥστε
2710 2484 2875 2554 μέχρι
2918 2486 3028 2540 τῶν
3078 2486 3371 2559 βαρϐάρων
3410 2488 3632 2559 διῆχθαι
3665 2490 3852 2543 πίστιν

2273 2575 2503 2647 ίσχυράν
2525 2578 2716 2631 αὐτόθι
2737 2579 2800 2631 τὸ
2831 2577 3088 2633 Ἠλύσιον
3118 2575 3258 2634 εἶναι
3288 2581 3471 2635 πεδίον
3497 2582 3595 2635 καὶ
3622 2582 3727 2653 τὴν
3746 2583 3855 2636 τῶν

2266 2669 2602 2740 εὐδαιμόνων
2651 2670 2890 2743 οἴκησιν,
2922 2673 2992 2743 ἣν
3034 2674 3284 2745 Ὄμηρος
3331 2673 3565 2746 ὕμνησε.
3604 2677 3797 2739 Ταῦτα
3826 2679 3856 2729 ό

2264 2762 2571 2834 Σερτώριος
2609 2764 2851 2829 ἀκούσας
2885 2765 3066 2836 ἔρωτα
3094 2766 3409 2839 θαυμαστὸν
3444 2768 3603 2839 ἔσχεν
3632 2770 3854 2837 οίκῆσαι

2262 2854 2363 2919 τὰς
2389 2856 2593 2927 νήσους
2634 2858 2727 2911 καὶ
2756 2858 2857 2929 ζῇν
2892 2861 2951 2914 ἐν
2984 2861 3207 2933 ἡσυχίᾳ,
3249 2863 3564 2933 τυραννίδος
3611 2862 3855 2917 ἀπαλλα-

2264 2954 2382 3020 γεὶς
2427 2959 2521 3008 καὶ
2564 2954 2820 3025 πολέμων
2849 2954 3170 3012 ἀπαύστων.
3201 2956 3361 3011 Ἀλλά
3387 2956 3730 3029 διεμάραναν
3768 2959 3859 3011 αύο

2266 3048 2362 3100 τοῦ
2416 3047 2512 3101 καὶ
2560 3046 2945 3119 περιέσπασαν
2997 3049 3090 3101 τὸν
3120 3048 3299 3120 ἔρωτα
3333 3050 3368 3119 ἦ
3394 3067 3456 3103 τε
3502 3050 3721 3119 κίνησις
3748 3049 3861 3103 τῶν

576 3155 818 3195 amorem
864 3138 1094 3195 Cilicum
1143 3140 1439 3206 adventus,
1488 3149 1547 3197 et
1592 3156 1855 3196 novorum
1897 3142 2162 3198 bellorum

2271 3139 2390 3211 μετ’
2440 3137 2609 3192 αὑτοῦ
2668 3137 2912 3194 Κιλίκων
2966 3141 3372 3213 ἐκταραχθεῖσα
3419 3145 3516 3199 καὶ
3570 3146 3861 3217 νεωτέρων

575 3235 993 3291 administratio.

649 3327 952 3383 Sertorium
1007 3326 1285 3381 memoria:
1334 3326 1602 3394 proditum
1654 3335 1739 3380 est
1775 3366 1790 3393 ,
1823 3341 1999 3397 neque
2065 3341 2162 3383 vo-

577 3417 793 3488 luptati,
837 3432 1013 3487 neque
1049 3417 1213 3471 metui
1257 3417 1494 3471 obnoxio
1540 3417 1757 3487 ingenio
1809 3418 1976 3473 fuisse
2018 3436 2032 3473 :
2078 3434 2167 3474 na-

578 3520 698 3567 tura
742 3521 791 3565 et
816 3511 1239 3579 imperterritum
1265 3511 1426 3565 rebus
1450 3510 1715 3575 adversis,
1736 3512 1901 3580 etqui
1944 3527 2032 3567 res
2078 3528 2166 3568 se-

584 3605 791 3661 cundas
828 3604 1109 3658 moderate
1134 3604 1332 3668 ferret;
1370 3602 1639 3657 neminem
1671 3617 1737 3657 eo
1777 3612 2019 3671 tempore
2063 3604 2167 3659 du-

582 3712 703 3753 cem
754 3697 925 3766 magis
970 3705 1158 3766 aperta
1203 3695 1386 3766 praelia
1438 3697 1677 3764 vitasse,
1751 3696 2162 3752 callidissimum

585 3805 716 3846 vero
763 3788 977 3845 furtivis
1030 3788 1156 3844 belli
1206 3788 1493 3858 operibus,
1547 3789 1601 3843 in
1652 3789 1983 3860 occupandis
2032 3790 2167 3846 locis

584 3894 780 3939 natura
811 3883 1053 3949 munitis,
1097 3892 1153 3939 et
1182 3881 1502 3939 ﬂuminibus
1538 3884 1896 3955 trajiciendis,
1939 3883 2168 3954 aliisque

587 3976 641 4031 id
671 3990 839 4047 genus
868 3976 1031 4031 rebus
1059 3990 1177 4045 quae
1203 3976 1503 4042 celeritate,
1531 3976 1751 4039 astutia,
1794 3985 1850 4031 et
1880 3976 2166 4031 mendacio

582 4069 967 4133 coniiciuntur,
996 4068 1375 4137 perliberalem
1406 4069 1458 4123 in
1482 4069 1720 4137 praemiis
1743 4069 2002 4123 virtutum
2035 4084 2164 4123 con-

585 4160 852 4222 ferendis,
896 4158 949 4211 in
995 4159 1275 4227 suppliciis
1319 4160 1678 4213 moderatum.
1721 4158 2041 4228 Quanquam
2069 4173 2166 4213 ex-

588 4267 759 4310 tremo
790 4255 915 4309 vitae
940 4266 1106 4307 cursu
1138 4252 1355 4306 videtur
1378 4251 1431 4306 id
1452 4252 1595 4321 quod
1629 4251 1682 4305 in
1712 4251 1932 4306 obsides
1957 4253 2167 4316 statuit,

585 4344 889 4398 ostendisse
910 4343 1150 4397 animum
1182 4340 1300 4411 eius
1326 4358 1433 4397 non
1461 4356 1589 4396 vere
1613 4352 1955 4397 mansuetum
1983 4340 2167 4406 fuisse,

572 4441 681 4505 sed
705 4437 1082 4492 crudelitatem
1103 4437 1221 4505 ejus
1244 4448 1360 4492 arte
1384 4437 1615 4508 quadam
1641 4438 1987 4493 necessitatis
2005 4453 2169 4494 causa

2271 3249 2308 3302 φ
2316 3230 2496 3302 ροντὶς
2527 3230 2827 3302 πολεμίων.

2345 3324 2530 3379 Ὀτι⁶⁶
2579 3323 2795 3392 λέγεται
2857 3324 3065 3395 (φησὶν)
3099 3327 3142 3358 ⁹¹
3179 3326 3537 3398 όΣερτώριος
3589 3328 3719 3383 οὔτε
3769 3328 3861 3397 ὑφ’

2271 3417 2463 3489 ἡδονῆς
2491 3415 2614 3470 οὕτε
2643 3416 2748 3470 ὑπὸ
2768 3416 2919 3480 δέους
2948 3417 3217 3482 εὐάλωτος
3236 3420 3516 3487 γενέσθαι,
3547 3421 3711 3488 φύσει
3735 3421 3792 3474 δέ
3812 3422 3859 3454 ⁸⁸

2272 3510 2652 3582 ἀνέκπληκτος
2684 3511 2834 3580 παρά
2852 3509 2901 3543 ⁸⁸
2920 3512 2987 3564 τά
3020 3511 3169 3567 δεινά
3199 3514 3293 3566 καὶ
3314 3512 3549 3587 [6481]
3580 3515 3863 3586 μέτριος⁸⁵

2274 3606 2516 3673 ἐνεγκεῖν
2582 3604 2874 3675 εὐτυχίαν·
2923 3606 3137 3669 οὐδενὸς
3169 3607 3351 3677 μέντοι
3378 3607 3499 3661 οὐδὲ
3532 3608 3673 3679 πρὸς
3703 3609 3860 3663 εύθυ·

2279 3697 2480 3768 μαχίαν
2535 3696 2898 3767 ἀτολμότερος
2925 3697 3035 3750 τῶν
3058 3698 3181 3752 καθ’
3207 3700 3400 3753 ἑαυτὸν
3422 3700 3733 3771 ἡγεμόνων,
3756 3700 3857 3754 ὅσα

2274 3791 2331 3844 δὲ
2355 3788 2612 3853 κλοπείας
2632 3789 2676 3821 ⁸³
2712 3790 2771 3842 ἐν
2802 3789 3061 3859 πολέμοις
3091 3790 3229 3861 ἔργα
3261 3793 3357 3846 καὶ
3389 3790 3710 3857 πλεονεξίας
3734 3790 3859 3863 περὶ

2274 3884 2473 3944 τόπους
2533 3881 2764 3952 ὀχυροὺς
2808 3883 2903 3937 καὶ
2980 3882 3263 3946 διαϐάσεις
3329 3883 3529 3953 τάχους
3573 3882 3858 3951 δεομένας,

2277 3976 2491 4048 ἀπάτης
2515 3994 2574 4031 τε
2595 3980 2689 4033 καὶ
2716 3978 2929 4047 ψευδῶν
2957 3977 3016 4030 ἐν
3031 3977 3225 4040 δέοντι,
3250 3974 3510 4046 σοφιστὴς
3525 3974 3854 4036 δεινότατος.

2289 4068 2381 4123 Ἐν
2412 4070 2468 4123 δὲ
2492 4074 2612 4135 ταίς
2660 4074 2851 4143 τιμαῖς
2900 4071 3011 4124 τῶν
3067 4067 3578 4139 ἀνδραγαθημάτων
3631 4063 3860 4134 δαψιλὴς

2278 4162 2622 4233 φαινόμενος,
2651 4180 2715 4216 πε
2727 4166 2778 4235 pi
2801 4165 2899 4227 τάς
2928 4162 3199 4233 τιμωρίας
3228 4157 3519 4231 ἐμετρίαζε
3551 4158 3663 4211 τῶν
3679 4159 3860 4227 ἀμαρ-

2276 4257 2535 4325 τημάτων
2560 4271 2575 4286 ·
2613 4256 2793 4309 καίτοι
2823 4257 2973 4309 δοκεῖ
3001 4256 3131 4327 περὶ
3156 4255 3249 4308 τὸν
3279 4255 3506 4321 ἔσχατον
3540 4248 3708 4303 αὑτοῦ
3741 4247 3858 4317 βίον

2277 4346 2561 4417 ώμότητός
2619 4363 2680 4399 τε
2693 4346 2739 4378 ⁸⁸
2760 4348 2857 4401 καὶ
2900 4346 3204 4417 βαρύτητος
3229 4342 3293 4397 τδ
3317 4342 3446 4411 περὶ
3466 4341 3593 4402 τοὺς
3619 4339 3863 4409 ὁμήρους

2279 4438 2611 4509 προαχθὲν⁶⁷
2663 4438 2821 4510 ἔργον
2879 4436 3143 4503 ἐπιδεῖξαι
3192 4435 3290 4507 τὴν
3348 4433 3510 4504 φύσιν
3536 4431 3639 4485 οὐκ
3694 4429 3865 4483 οὖσαν

586 4530 755 4585 fuisse
795 4529 1045 4585 celatam.
1076 4529 1204 4583 Mihi
1250 4535 1433 4583 autem
1474 4537 1533 4584 ut
1575 4543 1759 4583 veram
1794 4529 2052 4585 virtutem
2088 4546 2162 4585 ra.

2278 4533 2505 4603 ἥμερον.
2568 4532 2685 4586 ἀλλ’
2728 4530 3077 4603 ἀπεχομένην
3095 4530 3140 4562 ⁸⁸
3168 4526 3417 4598 λογισμῷ
3445 4525 3535 4581 διά
3568 4524 3670 4596 τὴν
3692 4524 3866 4591 ἀνάγ-

591 4628 846 4692 tioueque
875 4633 1022 4678 recta
1043 4622 1363 4687 stabilitam,
1398 4636 1676 4691 nunquam
1706 4622 1920 4677 videtur
1941 4621 2174 4679 fortuna:

591 4719 672 4770 vis
723 4717 776 4770 in
817 4716 1150 4771 contrarium
1206 4728 1368 4784 posse
1422 4724 1776 4779 convertere,
1829 4714 1899 4769 ita
1950 4714 2175 4770 consilia

590 4818 772 4863 tamen
800 4809 935 4863 alias
971 4819 1123 4863 recta
1163 4808 1446 4877 bonasque
1479 4816 1703 4862 naturas
1749 4807 1966 4879 indigne
1996 4810 2177 4878 gravi-

588 4898 692 4952 bus
723 4897 1122 4952 calamitatibus
1153 4897 1401 4962 amictas,
1429 4912 1533 4952 non
1571 4897 1865 4952 absurdum
1900 4908 2029 4967 puto
2054 4913 2173 4953 cre-

587 4990 720 5044 dere
750 5004 854 5043 una
875 5006 997 5045 cum
1026 4990 1241 5045 fortuna
1275 4990 1493 5043 mutari.
1522 4989 1577 5043 ld
1608 4989 1750 5059 quod
1775 5004 1874 5061 ego
1900 5000 2013 5045 tum
2046 4989 2176 5046 Ser-

592 5082 735 5135 torio
772 5082 1038 5136 accidisse
1068 5089 1229 5151 puto.
1271 5081 1384 5150 jam
1417 5080 1631 5135 fortuna
1663 5096 1788 5136 eum
1820 5082 2171 5149 destituente,

594 5174 867 5244 rebusque
921 5174 1052 5243 ipsis
1110 5184 1493 5244 exasperatum
1598 5172 1829 5244 injurias
1902 5175 2172 5231 malorum

592 5268 834 5326 atrocius
866 5269 1037 5325 ultum
1070 5269 1331 5325 arbitror.

2283 4645 2407 4698 κην.
2444 4626 2600 4697 Ἐμοὶ
2622 4626 2667 4681 δ’
2695 4627 2898 4698 άι-ετὴν
2953 4625 3053 4699 μὲν
3079 4622 3348 4694 εἰλικρινῆ
3381 4620 3476 4675 καὶ
3535 4619 3682 4674 κατά
3705 4619 3867 4686 λόγον

2282 4717 2628 4771 συνεστῶσαν
2686 4718 2786 4771 οὐκ
2836 4716 2902 4770 άν
2927 4731 3060 4769 ποτε
3110 4714 3260 4768 δοκεῖ
3302 4711 3439 4783 τύχη
3464 4728 3551 4775 τις
3597 4713 3867 4779 ἐκστῆσαι

2283 4808 2421 4879 πρὸς
2465 4808 2776 4863 τούναντίον
2798 4823 2814 4838 ”
2874 4806 3052 4871 άλλως
3079 4806 3135 4859 δὲ
3159 4804 3508 4876 προαιρέσεις
3553 4804 3651 4856 καὶ
3673 4802 3868 4869 φύσεις

2284 4900 2529 4973 χρηστὰς
2582 4900 2688 4954 ὕπὸ
2718 4900 3014 4972 συμφορῶν
3046 4900 3301 4971 μεγάλων
3331 4897 3463 4969 παρ’
3489 4896 3649 4961 ἀξίαν
3678 4911 3869 4947 κακω-

2283 4992 2469 5055 θείσας
2519 4992 2620 5045 οὐκ
2668 4992 2932 5047 ἀδύνατον
2960 4992 3039 5065 τῷ
3064 4992 3279 5063 δαίμονι
3332 4985 3778 5059 συμμεταϐαλεῖν
3805 4984 3870 5037 τὸ

2278 5079 2444 5155 ἦθοςο
2472 5084 2501 5138 δ
2536 5087 2633 5140 καὶ
2686 5084 2992 5158 Σερτώριον
3047 5080 3205 5155 οἶμαι
3234 5081 3450 5145 παθεῖν,
3484 5082 3589 5153 ήδη
3620 5079 3719 5149 τῆς
3768 5077 3868 5131 τύ-

2285 5196 2385 5249 χης
2418 5178 2582 5232 αὐτὸν
2609 5179 2997 5251 ἐπιλειπούσης
3022 5181 3065 5213 ⁸⁸
3097 5177 3569 5251 ἐκτραχυνόμενον
3624 5172 3730 5227 ὑπὸ
3755 5171 3870 5226 τῶν

2282 5271 2627 5341 πραγμάτων
2660 5271 2757 5327 καὶ
2784 5274 3071 5344 γινόμενον
3094 5272 3330 5343 πονηρὸν
3360 5269 3405 5302 ⁷⁸
3426 5268 3564 5341 πρὸς
3586 5268 3712 5331 τοὺς
3744 5266 3869 5321 ἀδι-

2280 5378 2532 5426 κουντας.

1878 5500 2108 5559 VARUS
2142 5503 2551 5565 LECTIONES.

625 5620 676 5664 ⁸⁸
700 5624 806 5696 ὅτι]
840 5640 889 5679 c.
914 5623 968 5681 8.
1044 5623 1089 5655 "
1113 5624 1547 5695 καταπνεόμεναι
1578 5623 1703 5678 add.
1725 5624 1787 5691 Β,
1864 5625 1913 5657 ³⁸
1943 5626 2110 5698 ἀροῦν
2133 5627 2272 5682 ἀλλά
2306 5628 2401 5682 καί
2436 5647 2492 5693 ς.

630 5692 724 5738 οὑξ
753 5714 812 5738 ρ-
891 5696 937 5727 ⁸⁸
966 5696 1043 5738 ὅτι
1080 5697 1116 5738 Α
1140 5710 1154 5738 2
1186 5695 1273 5738 ὅτε
1302 5712 1361 5738 ρ-
1472 5694 1513 5725 ⁸⁸
1543 5695 1732 5738 contrivi
1764 5710 1812 5738 ο-
1847 5697 1913 5738 Ill
2042 5701 2085 5730 ⁸³
2112 5699 2168 5738 λιι
2223 5700 2253 5738 Λ
2296 5716 2308 5729 ο
2341 5716 2397 5738 ηε·
2432 5717 2471 5738 ρ-

1031 5714 1046 5747 ι
1076 5699 1154 5748 A:
1186 5699 1273 5747 ὅτε
1302 5712 1361 5759 ς.
1472 5699 1513 5725 ⁸⁸
1543 5699 1732 5764 φησίν]
1764 5710 1813 5749 c.
1847 5699 1932 5751 10.
2042 5701 2085 5730 ⁶’
2112 5699 2169 5752 δέ
2218 5700 2257 5752 Λ
2296 5716 2308 5753 :
2341 5716 2399 5753 τε
2432 5717 2493 5764 ς’.
2596 5703 2643 5736 ⁸³
2687 5699 2836 5769 παρά
2882 5704 2921 5754 Α
2948 5720 2961 5757 :
2992 5699 3124 5771 ,περί
3148 5720 3209 5766 ς.
3290 5699 3360 5732 ⁷⁸⁸
3388 5700 3480 5751 καὶ
3518 5717 3545 5770 μ

1027 5766 1090 5843 '1
1109 5766 1424 5843 xloxiagg.
1496 5767 1540 5797 “
1569 5782 1627 5817 τε
1661 5768 1785 5843 add.
1816 5768 1880 5824 A.
1960 5769 2005 5809 ⁸⁷
2043 5768 2285 5843 πραχθέν
2313 5787 2373 5836 ς.
2452 5771 2497 5812 ⁸⁸
2524 5772 2862 5843 ἐπεχομένην
2890 5772 2948 5828 Β.
3022 5775 3065 5806 ⁶⁹
3092 5770 3450 5841 ἐπιλιπούσης
3479 5770 3545 5825 Δ.

552 5726 561 5736 -
596 5692 724 5766 ρούς
753 5692 813 5761 gi
891 5696 937 5727 “
966 5696 1046 5748 ὅτι
1076 5697 1154 5748 A:
1186 5695 1273 5747 ὅτε
1302 5712 1361 5759 ς.

598 5766 833 5835 μετρίως
864 5782 922 5830 ς.

596 5850 760 5904 μενον
789 5836 1025 5908 πονηρὸν
1052 5836 1129 5892 B:
1168 5838 1457 5907 γινομένου
1486 5835 1720 5906 πονηροῦ
1756 5852 1815 5899 ς.

1472 5694 1513 5725 ⁸³
1543 5695 1732 5764 φησίν]
1764 5710 1813 5749 c.
1847 5697 1932 5751 10.

2600 5630 2646 5662 δ’
2682 5631 2879 5700 κρᾶσις
2964 5629 3011 5663 ⁸⁸
3045 5629 3332 5701 μετριότης
3363 5625 3422 5682 Β·
3462 5700 3468 5701 γ
3498 5626 3545 5661 ⁸³
3574 5628 3672 5701 καὶ
3704 5625 3876 5701 phil‘

2596 5703 2643 5736 ⁸³
2687 5699 2836 5769 παρά
2882 5704 2921 5754 Α
2948 5720 2961 5757 :
2992 5699 3124 5771 ,περί
3148 5720 3209 5766 ς.
3290 5699 3360 5732 ί⁶⁸
3388 5700 3480 5751 καὶ
3518 5699 3737 5771 μέτριος
3767 5700 3811 5752 Δ
3854 5716 3871 5753 :

2600 5773 2862 5843 εχομένην
2890 5772 2948 5828 Β.
3022 5775 3065 5806 ⁶⁹
3092 5770 3450 5841 ἐπιλιπούσης
3479 5770 3545 5825 Δ.
3647 5770 3693 5803 τ’
3712 5787 3877 5843 γινιο
