4104 6434
278 408 431 473 1449

756 514 858 571 Ἐκ
891 513 998 569 τοῦ
1044 514 1399 584 Δημητρίου.

362 607 547 663 Ὀτι⁷¹
579 607 909 680 Δημήτριος,
968 607 1128 676 φησὶ,
1166 605 1390 676 μεγέθει
1426 606 1524 676 μὲν
1550 600 1619 677 ἦν
1639 605 1735 658 τοῦ
1766 620 1874 657 πα-

286 700 418 773 τρδς
442 699 703 763 ἐλάττων,
734 698 938 770 καίπερ
968 696 1045 750 ῶν
1078 696 1274 767 μέγας,
1308 696 1423 769 ἰδέᾳ
1452 696 1507 749 δὲ
1530 697 1575 728 ⁷⁸
1600 695 1694 749 καὶ
1738 695 1872 750 κάλ-

286 793 372 847 λει
427 790 721 864 προσώπου
781 789 1093 860 θαυμαστὸς
1140 788 1237 843 καὶ
1267 787 1546 858 περιττὸς,
1600 787 1743 841 ὥστε
1762 787 1873 841 τῶν

290 883 638 937 πλαττόντων
690 880 784 935 καὶ
821 881 1142 952 γραφόντων
1184 879 1390 949 μηδένα
1418 879 1520 948 τῆς
1553 879 1873 949 ὁμοιότητος

292 975 598 1043 ἐφικέσθαι.
629 974 704 1027 Τὸ
725 972 835 1044 γὰρ
887 972 1018 1025 αὐτὸ
1074 971 1235 1042 χάριν
1259 971 1355 1025 καὶ
1388 970 1554 1041 βάρος
1582 971 1675 1023 καὶ
1708 969 1874 1039 φόϐον

290 1068 390 1121 καὶ
412 1068 561 1137 ὥραν
582 1062 721 1137 εἶχε,
748 1069 842 1121 καὶ
853 1066 897 1097 ⁷⁸
914 1066 1255 1135 συγκέκρατο
1272 1064 1320 1096 ⁷⁵
1347 1064 1423 1134 τῷ
1452 1063 1634 1134 νεαρῷ
1656 1063 1750 1117 καὶ
1769 1062 1877 1115 ίταο

293 1160 383 1230 μῷ
406 1159 746 1229 δυσμίμητος
788 1158 1000 1229 ἡρωϊκή
1029 1156 1439 1225 τις.ἐπιφάνεια
1468 1155 1563 1209 καὶ
1618 1153 1873 1225 βασιλικὴ

290 1250 584 1320 σεμνότης.
619 1249 773 1302 Οὕτω
804 1248 862 1301 δέ
892 1264 1011 1309 πως
1061 1247 1156 1299 καὶ
1176 1246 1239 1299 τὸ
1272 1241 1406 1317 ἦθος
1438 1245 1706 1314 ἐπεφύκει
1737 1242 1877 1315 πρὸς

290 1341 555 1411 ἔκπληξιν
580 1340 883 1410 ἀνθρώπων
915 1339 1031 1408 ἅμα
1060 1338 1155 1390 καὶ
1188 1336 1371 1407 χάριν.

367 1433 551 1486 Ὀτι⁷⁵
582 1432 643 1483 τὸ
676 1429 1121 1500 ὑπερφυέστατον
1182 1428 1476 1499 ἐνθύμημα
1518 1425 1614 1480 τοῦ
1639 1426 1877 1496 Στρατο-

290 1525 484 1587 κλέους
529 1524 726 1593 φησίψ
798 1515 955 1584 οὗτος
1018 1521 1127 1593 γὰρ
1151 1516 1219 1591 ἦν
1246 1519 1275 1571 ὁ
1310 1521 1419 1575 τῶν
1450 1520 1630 1589 σοφῶν
1670 1518 1876 1572 τούτων

1337 404 1865 470 ΒΙΒΙᾸΟΤῚῘΕΟΑ.
1884 432 1954 445 ·-

1900 520 1947 576 Α

1969 406 2132 468 601).
2164 404 2420 466 CCXLV.
2442 414 2446 418 ‘

2486 508 2572 564 Ea:
2599 508 2846 566 Demetrii
2884 509 3027 567 Vita.

2043 601 2353 658 Demetrius
2405 610 2616 657 statura
2666 612 2821 671 patre
2881 603 2983 659 fuit
3024 605 3276 674 inferior,
3332 609 3547 663 tametsi

1972 709 2237 763 magnus;
2289 693 2463 764 llgura
2512 701 2691 748 autem
2746 704 2803 749 et
2834 695 3235 765 pulchritudine
3274 700 3430 756 faciei
3477 701 3549 755 ita

1973 785 2171 854 insigni
2189 794 2243 839 et
2266 784 2487 850 eximia,
2514 792 2571 839 ut
2590 797 2713 841 eam
2736 784 2987 857 fingendo
3004 790 3381 861 pingendoque
3401 807 3552 848 asse-

1971 876 2066 947 qui
2116 891 2276 933 uemo
2320 878 2574 948 potuerit.
2643 876 2779 932 Nam
2851 893 2958 934 una
2998 895 3120 934 cum
3163 892 3446 937 venustate
3496 894 3552 938 et

1972 970 2237 1039 elegantia
2268 971 2504 1037 gravitas
2543 981 2829 1043 terrorque
2870 970 2928 1026 in
2966 970 3113 1026 vultu
3142 972 3336 1038 iuerat,
3371 984 3423 1028 et
3453 972 3551 1028 he-

1974 1063 2121 1117 roica
2156 1062 2405 1132 quaedam
2437 1077 2502 1119 ac
2547 1063 2695 1134 regia
2730 1062 2988 1131 maiestas
3013 1062 3237 1133 juvenili
3279 1062 3547 1119 alacritati

3414 401 3547 468 1450

1973 1154 2228 1210 admista.
2259 1154 2354 1211 Sic
2382 1156 2652 1226 ingenium
2696 1172 2912 1228 quoque
2951 1164 3101 1223 erat,
3131 1165 3189 1211 et
3233 1156 3300 1210 ad
3346 1167 3553 1226 perter-

1974 1248 2174 1303 rendos
2191 1247 2467 1317 homines,
2492 1257 2547 1304 et
2568 1248 2634 1303 ad
2663 1249 3060 1305 conciliandam
3080 1246 3183 1304 sibi
3208 1260 3397 1303 eorum
3421 1263 3550 1319 gra-

1976 1340 2111 1393 tiam
2140 1350 2348 1409 aptum.

2051 1432 2543 1488 lnsolentissimum
2587 1432 2685 1486 luit
2716 1433 2998 1489 Stratoclis
3027 1434 3224 1506 397b
3288 1436 3372 1506 (is
3408 1435 3554 1491 enim

1977 1526 2235 1580 scitarum
2269 1527 2496 1581 istarum
2527 1525 2633 1580 fuit
2663 1536 2718 1581 et
2746 1526 3238 1591 subtilium,auctor
3268 1527 3556 1585 blanditia-

294 1618 391 1672 καὶ
416 1617 687 1687 περιττῶν
731 1615 1058 1685 καινουργὸς
1104 1614 1562 1685 ἀρεσκευμάτων.
1592 1611 1874 1685 Ἔγραψεν

1984 1616 2119 1686 rum)
2153 1625 2541 1703 commentum,
2573 1618 2665 1686 qui
2694 1617 2866 1688 legem
2895 1619 3280 1688 promulgavit,
3301 1628 3363 1674 ut
3391 1620 3435 1675 si
3462 1620 3554 1690 qui

291 1710 444 1770 ὅπως
470 1707 519 1759 οἱ
545 1705 885 1775 πεμπόμενοι
942 1705 1082 1758 κατὰ
1110 1704 1369 1774 ψήφισμα
1394 1705 1629 1775 δημοσίᾳ
1646 1705 1693 1736 ⁷⁸
1725 1703 1865 1774 πρὸς

1984 1708 2192 1777 publico
2223 1709 2401 1763 edicto
2431 1709 2497 1763 ad
2531 1709 2856 1776 Antigonum
2881 1710 2966 1765 vel
3001 1710 3337 1767 Demetrium
3370 1711 3557 1768 mitte.

302 1798 611 1866 Ἀντίγονον
643 1798 677 1867 ἢ
718 1797 1027 1867 Δημήτριον
1083 1797 1204 1850 ἀντὶ
1263 1795 1616 1868 πρεσὸευτῶν
1676 1795 1875 1867 θεωροὶ

1984 1811 2187 1869 rentur,
2212 1801 2249 1856 ii
2280 1817 2386 1857 non
2419 1801 2605 1871 legati,
2642 1804 2735 1857 sed
2792 1802 2990 1867 theori,
3026 1804 3079 1857 id
3105 1817 3192 1859 εει
3220 1805 3559 1862 consultores

292 1893 561 1960 λέγοιντο,
618 1891 872 1961 καθάπερ
903 1890 954 1942 οἰ
1012 1888 1181 1942 Πυθοῖ
1234 1889 1331 1942 καὶ
1392 1888 1728 1959 Ὀλυμπίαζε
1777 1887 1876 1950 τὰς

292 1985 557 2055 πατρίους
621 1982 813 2043 θυσίας
878 1981 1186 2049 ἀπάγοντες
1245 1982 1304 2033 ἐν
1355 1982 1478 2043 ταῖς
1534 1980 1876 2051 Ἑλληνικαῖς

294 2077 531 2148 ἑορταῖς.
592 2072 828 2127 Οὖτωδέ
880 2076 1356 2144 καταμωκώμενοι
1411 2070 1506 2125 τοῦ
1562 2068 1877 2142 Δημητρίου

296 2164 756 2238 προσδιέφθειραν
824 2164 987 2218 αὐτὸν
1058 2162 1177 2215 οὐδὲ
1209 2162 1255 2194 ⁷⁷
1310 2161 1483 2225 ἄλλως
1567 2160 1879 2229 ὑγιαίνοντα

293 2256 397 2325 τὴν
418 2254 871 2309 διάνοιαν.”υτι¹⁸
915 2254 1211 2327 Ἀθηναῖοι,
1236 2252 1653 2324 πολιορκοῦντος
1683 2253 1880 2316 αὐτοὺς

291 2349 587 2411 Φιλίππου,
649 2330 1152 2419 γραμματοφόρους
1186 2346 1401 2409 ἑλόντες
1451 2344 1551 2409 τὰς
1585 2344 1684 2415 μὲν
1715 2345 1880 2408 ἄλλας

296 2442 613 2511 ἀνέγνωσαν
676 2440 986 2503 ἐπιστολὰς,
1052 2442 1220 2509 μόνην
1262 2438 1319 2491 δὲ
1364 2437 1462 2507 τὴν
1519 2436 1881 2505 Ὀλυμπιάδος

294 2534 402 2587 οὒκ
452 2532 668 2596 ἔλυσαν,
723 2531 837 2584 ἀλλ’
892 2530 1079 2599 ῶσπερ
1122 2524 1190 2600 ἦν
1248 2527 1789 2598 κατασεσημασμένη
1810 2527 1876 2591 τ’,

298 2624 438 2694 πρὸς
464 2625 670 2676 ἐκεῖνον
696 2622 992 2676 ἀπέλυσαν.
1022 2620 1186 2691 [1204
1219 2619 1513 2691 Β.]”Οτι⁸⁹
1536 2618 1687 2672 οὐδέν
1717 2634 1881 2687 φησιν

298 2716 445 2769 οὕτω
497 2715 706 2785 βασιλεῖ
746 2714 1052 2784 προσήκειν
1110 2712 1186 2776 ὡς
1237 2712 1297 2765 τὸ
1340 2714 1439 2782 τῆς
1485 2711 1641 2780 δίκης
1696 2709 1878 2778 ἔργον.

304 2809 481 2877 Ἀρης
534 2805 634 2876 μὲν
686 2805 794 2875 γὰρ
826 2805 1109 2875 τύραννος,
1132 2802 1207 2865 ὥς
1245 2818 1378 2872 φησι
1410 2800 1694 2871 Τιμόθεος,
1717 2800 1881 2868 νόμος

298 2899 360 2952 δὲ
383 2900 600 2953 πάντων
645 2896 899 2967 βασιλεὺς
966 2897 1108 2949 κατὰ
1173 2894 1438 2965 Πίνδαρόν
1489 2894 1658 2954 ἐστιν.
1694 2890 1879 2944 ’Όιτιθι

305 2989 469 3058 μέχρι
510 2988 820 3058 Δημητρίου
872 2985 965 3039 τοῦ
1008 2985 1313 3053 Ἀντιγόνου
1368 2981 1578 3047 παιδὸς,
1639 2980 1697 3044 ὃς
1720 2980 1815 3034 καὶ
1835 2979 1881 3011 ⁸⁸

305 3079 678 3150 Πολιορκητὴς
704 3076 1173 3148 ἐπωνομάζετο⁸³,
1204 3075 1380 3139 οὐδεὶς
1401 3072 1543 3128 εἶδεν
1576 3071 1882 3144 ἀνθρώπων

1980 1896 2391 1951 nominarentur
2421 1911 2437 1949 :
2471 1894 2613 1964 quod
2640 1910 2837 1951 nomen
2867 1910 3057 1952 eorum
3089 1906 3195 1964 est,
3229 1898 3318 1966 qui
3350 1895 3558 1968 Pythia:

1977 1995 2072 2041 au:
2094 1974 2360 2055 Olympiae
2390 2001 2419 2040 a
2447 1987 2751 2057 majoribus
2775 1988 2970 2043 tradita
3002 1989 3272 2045 sacriﬁcia
3303 2004 3401 2060 pro
3423 1989 3558 2046 civi-

1977 2075 2179 2130 tatibus
2209 2076 2262 2129 in
2301 2075 2526 2131 solemni
2556 2077 2869 2134 Graecorum
2901 2089 3169 2135 conventu
3203 2081 3552 2152 peragebant.

1979 2166 2074 2224 llis
2109 2168 2182 2223 illi
2206 2168 2603 2225 adulationibus
2635 2172 2965 2226 Demetrium
2990 2173 3190 2243 alioqui
3218 2188 3351 2228 sana
3379 2180 3560 2227 mente

1980 2259 2261 2328 prazditum
2321 2261 2693 2317 demulrentes
2757 2274 3141 2331 corruperunt.
3204 2265 3561 2319 Athenienses

1978 2348 2188 2404 obsessi
2231 2366 2260 2403 a
2290 2349 2537 2420 Philippo
2588 2351 2897 2407 tabellarios
2940 2353 3366 2423 intercipientes,
3408 2354 3563 2411 lectis

1981 2442 2203 2512 reliquis
2242 2443 2507 2511 epistolis,
2550 2444 2773 2499 missam
2816 2444 2885 2498 ab
2927 2444 3243 2516 Olympiade
3286 2462 3392 2500 non
3434 2460 3578 2517 ape-r

1983 2543 2229 2596 ruerunt,
2258 2534 2350 2587 sed
2385 2533 2726 2603 obsignatam
2774 2534 2952 2591 adhuc
2987 2535 3235 2606 Philippo
3274 2537 3561 2591 miserunt.

1980 2621 2166 2692 Neque
2192 2638 2321 2678 vero
2357 2622 2463 2676 ulla
2523 2623 2633 2691 regi
2681 2624 3088 2679 convenientior
3117 2627 3258 2680 actio
3288 2636 3373 2680 est
3402 2641 3562 2695 quam

1976 2712 2200 2783 jtlSlllltB
2246 2712 2547 2771 exsecutio.
2597 2712 2740 2767 Mars
2763 2712 2948 2773 enim.
2993 2723 3049 2768 ut
3102 2712 3420 2772 Timotheus
3467 2717 3564 2779 ait,

1984 2814 2245 2874 tyrannus
2270 2815 2374 2869 est,
2416 2804 2586 2873 legem
2619 2819 2750 2860 vero
2780 2805 3021 2859 omnium
3082 2821 3263 2876 regem
3298 2806 3566 2862 Pindarus

1982 2893 2215 2961 appellat
2246 2892 2382 2965 (76).
2420 2892 2606 2962 Usque
2649 2894 2716 2948 ad
2761 2893 3092 2948 Demetrium
3140 2894 3426 2964 Antigoni,
3471 2895 3564 2963 qui

1982 2985 2313 3042 Poliorcetes
2357 2987 2764 3056 appellabatur,
2820 3002 2981 3042 nemo
3031 2988 3309 3041 hominum
3355 2986 3567 3043 viderat

1985 3087 2110 3132 aute
2141 3073 2603 3145 quindeciremem
2642 3085 2737 3130 aut
2763 3076 3174 3132 sedeciremem.
3213 3075 3409 3133 Postea
3443 3078 3567 3146 qui-

296 3174 428 3229 οὗτε
482 3173 946 3242 πεντεκαιδεκήρη
982 3171 1114 3223 ναῦν
1133 3170 1179 3201 ³⁸
1215 3170 1481 3239 πρότερον
1539 3166 1663 3219 οὗτε
1693 3167 1880 3217 ἐκκαι-

1990 3170 2109 3224 dem
2140 3160 2400 3236 temporis
2429 3167 2755 3225 Ptolemaeus
2778 3167 3095 3238 Philopator
3120 3170 3571 3238 quadragintarc-

299 3262 509 3333 δεκήρη
526 3263 572 3296 ⁸⁵
599 3280 613 3293 ·
644 3261 869 3332 ὕστερον
900 3261 955 3313 δέ
975 3259 1127 3313 κα¹ι⁸⁹
1153 3259 1636 3327 τεσσαρακοντήρη
1693 3254 1889 3307 Πτολε-

306 3362 463 3428 μαῖος
494 3358 520 3409 ὁ
548 3354 866 3423 Φιλοπάτωρ
920 3353 1358 3421 ἐναυπηγήσατο,
1419 3349 1593 3419 μῆκος
1618 3347 1749 3420 [649
1786 3347 1878 3420 ΙΙ.)

299 3447 589 3502 διακοσίων
627 3445 956 3514 ὀγδοήκοντα
984 3441 1194 3511 πηχῶν,
1232 3439 1365 3511 ὕψος
1400 3440 1454 3491 δὲ
1485 3438 1588 3501 ἓως
1622 3441 1884 3510 ἀκροστοο

300 3542 420 3594 λίου
475 3539 837 3609 πεντήκοντα,
888 3535 1030 3589 δυεῖν
1054 3535 1301 3599 δεόντων,
1358 3531 1579 3592 ναύταις
1623 3530 1678 3584 δὲ
1719 3528 1886 3600 χωρἰς

303 3636 508 3704 ἐρετῶν
569 3630 942 3703 ἐξηρτυμένην
1000 3625 1393 3697 τετρακοσίοις,
1452 3624 1668 3693 ἐρέταις
1700 3623 1757 3675 δὲ
1795 3638 1886 3673 τε-

1993 3276 2130 3312 ιιιιειιι
2173 3260 2498 3323 roustruxit,
2537 3259 2751 3329 longam
2790 3260 2917 3324 280,
2951 3260 3114 3314 altam
3155 3261 3225 3314 ab
3260 3260 3370 3316 imo
3406 3260 3570 3316 fundo

1990 3366 2163 3420 usque
2212 3352 2276 3403 ad
2322 3366 2592 3404 summum
2643 3352 2840 3420 puppis
2860 3351 2930 3407 48
2979 3352 3224 3420 cubitos,
3275 3352 3571 3423 remigibus

1994 3452 2187 3513 q'tater
2216 3443 2391 3509 mille,
2434 3451 2489 3496 et
2534 3443 2714 3497 nautis
2753 3451 3010 3514 praeterea
3046 3430 3453 3514 quadringentis
3486 3444 3570 3499 in-

1994 3533 2326 3600 struebatur,
2376 3534 2780 3605 recipiebatquc
2821 3534 3223 3591 classiariorum
3268 3538 3318 3592 in
3350 3536 3484 3593 foris
3515 3546 3571 3592 et.

1995 3625 2236 3680 tabulato
2265 3638 2431 3695 prope
2477 3626 2575 3677 tria
2624 3626 2789 3680 millia
2829 3625 2944 3695 (sed
2971 3638 3151 3683 nautae
3176 3627 3304 3695 400,
3340 3628 3571 3697 remiges

302 3722 719 3796 τρακισχιλίοις,
774 3720 942 3790 χωρὶς
967 3717 1024 3771 δὲ
1060 3714 1266 3769 τούτων
1325 3713 1551 3774 ὁπλίτας
1594 3712 1880 3782 δεχομένην

1991 3714 2155 3779 4000,
2177 3724 2232 3770 et
2257 3715 2453 3769 milites
2473 3715 2637 3781 3000;
2666 3726 2819 3770 erant
2847 3717 2900 3770 in
2924 3732 3134 3771 summa
3155 3718 3342 3787 7400).
3371 3716 3571 3773 Verum

303 3815 397 3869 ἐπί
426 3832 485 3868 τε
518 3813 627 3867 τῶν
666 3812 913 3882 παρόδων
961 3810 1056 3890 καὶ
1084 3807 1179 3862 τοῦ
1231 3805 1695 3876 καταστρώματος
1723 3804 1880 3873 ὀλίγῳ

1996 3806 2109 3860 haec
2160 3806 2310 3860 navis
2352 3808 2666 3876 spectaculo
2705 3808 2880 3878 magis
2921 3817 2974 3862 et
3008 3809 3360 3864 ostentationi
3407 3824 3571 3880 quam

301 3905 616 3976 τρισχιλίων
649 3903 995 3964 ἀποδέοντας.
1040 3900 1202 3952 Ἀλλὰ
1253 3899 1467 3970 (ναῦται
1500 3902 1567 3961 υ’,
1603 3896 1788 3966 ἐρέται
1818 3896 1881 3967 β,

300 3997 518 4050 όπλίται
548 3996 699 4065 παρὰ
729 3994 921 4065 μικρὸν
944 4010 1013 4061 ,γ,
1038 3990 1173 4062 ὁμοῦ
1202 3991 1319 4057 ,ζυ’)
1352 3990 1480 4042 θέαν
1500 3988 1666 4058 μόνην
1698 3987 1881 4057 ἐκείνη

1993 3899 2113 3952 usui
2143 3899 2264 3963 fuit,
2299 3901 2438 3967 quod
2466 3901 2753 3956 dilliculter
2781 3916 2957 3971 neque
2994 3903 3111 3957 sine
3151 3903 3390 3972 periculo
3424 3919 3573 3958 com-

1990 3989 2192 4040 moveri
2218 3996 2419 4057 posset,
2448 4003 2745 4059 parumque
2773 3991 2839 4043 ah
2873 3991 3117 4044 aediliciis
3147 3992 3268 4046 lixis
3307 3991 3569 4053 diﬂerret,

302 4088 682 4162 παρέσχε,καὶ
710 4087 903 4160 μικρὸν
935 4087 1056 4140 ὅσον
1089 4085 1419 4154 διαφέρουσα
1442 4080 1548 4135 τῶν
1577 4080 1819 4151 μονίμων
1835 4079 1880 4112 ⁸⁷
1920 4079 2369 4165 οἰκοδομημάτων
2428 4082 2660 4152 φανῆναι
2717 4081 2853 4145 ποὺς
2905 4081 3185 4149 ἐπίδειξιν,
3234 4084 3295 4136 ού
3358 4087 3569 4157 χρείαν,

300 4188 622 4256 ἐπισφαλῶς
651 4187 745 4240 καὶ
774 4184 1051 4253 δυσέργως
1084 4180 1330 4250 ἐκινήθη.

780 4282 882 4335 Ἐκ
914 4279 1019 4333 τοῦ
1060 4277 1393 4332 Ἀντωνίου.

374 4381 501 4434 Ὀτι
522 4378 570 4410 ⁸⁸
614 4372 917 4439 Ἀντώνιος,
950 4372 1114 4442 φησὶν
1129 4371 1197 4435 ⁸³,
1230 4370 1414 4438 ἠγνόει
1448 4368 1618 4421 πολλὰ
1656 4365 1763 4419 τῶν
1794 4365 1885 4419 ὑπ’

302 4471 456 4542 αὐτῷ
472 4472 518 4503 ⁹⁰
542 4466 867 4538 γινομένων,
882 4464 981 4533 οὐχ
1008 4461 1150 4515 οὕτω
1176 4460 1420 4532 ῥᾴθυμος
1447 4459 1522 4513 ῶν
1544 4459 1616 4523 ώς
1636 4460 1704 4513 δι’
1723 4459 1888 4513 ἁπλό-

303 4585 445 4638 τητα
499 4561 771 4617 πιστεύων
829 4560 942 4621 τοῖς
966 4557 1093 4628 περὶ
1118 4554 1282 4608 αὐτόν
1310 4568 1325 4583 ⁸
1359 4552 1487 4622 ἐνῆν
1516 4551 1624 4622 γάρ
1648 4551 1886 4622 ἁπλότης

304 4658 385 4729 τῷ
412 4656 552 4728 ήθει,
611 4654 707 4706 καὶ
738 4650 960 4722 βραδεῖα
1016 4645 1173 4717 μέν⁹¹
1207 4642 1481 4713 αἴσθησις,
1513 4640 1885 4710 αἰσθανομένῳ

302 4754 362 4805 δὲ
390 4750 499 4803 τῶν
534 4742 998 4816 ἁμαρτανομένων
1060 4737 1256 4809 ἰσχυρὰ
1318 4735 1574 4808 μετάνοια
1627 4733 1721 4785 καὶ
1750 4731 1885 4803 προς

307 4840 505 4901 αὐτοὺς
536 4833 921 4905 ἐξομολόγησις
948 4829 1076 4891 τοὺς
1115 4825 1624 4897 ἀγνωμονηθέντας,
1656 4821 1884 4893 μέγεθος

304 4934 363 4987 δὲ
397 4932 491 4985 καὶ
528 4928 658 4999 περὶ
706 4924 805 4988 τὰς
863 4920 1097 4993 ἀμοιϐὰς
1147 4922 1241 4972 καὶ
1272 4919 1399 4988 περὶ
1428 4915 1529 4980 τάς
1577 4914 1882 4985 τιμωρίας·

310 5023 512 5096 μᾶλλόν
554 5037 617 5089 γε
655 5002 760 5089 μὴν
794 5015 969 5069 ἐδόκει
994 5009 1405 5083 χαριζόμενοςῆ
1441 5006 1683 5070 κολάζων
1716 5005 1883 5075 ὑπερ-

307 5114 526 5169 ϐάλλειν
573 5110 636 5164 τὸ
688 5108 931 5178 μέτριον.
976 5106 1040 5157 Ἠ
1102 5105 1157 5156 δὲ
1195 5104 1322 5171 περὶ
1371 5100 1469 5162 τὰς
1520 5097 1739 5161 παιδιὰς
1793 5096 1887 5149 καὶ

307 5208 407 5270 τὰς
454 5202 691 5273 σκώψεις
752 5197 912 5270 ὕϐρις
937 5198 995 5249 ἐν
1021 5196 1159 5265 αὐτῇ
1179 5195 1224 5225 θ’
1257 5193 1318 5246 τὸ
1367 5193 1660 5261 φάρμακον
1712 5185 1853 5260 εἶχεν
1874 5204 1887 5218 ·

2524 4267 2605 4320 Et:
2639 4266 2853 4320 Antonii
2897 4266 3037 4321 Vita.

2065 4362 2227 4416 Multa
2257 4359 2522 4414 Antonius
2548 4359 2839 4428 ignoravit,
2874 4375 2979 4413 non
3013 4367 3119 4414 tam
3151 4362 3221 4416 oh
3243 4364 3568 4433 socordiam,

1994 4471 2153 4525 quam
2179 4453 2597 4523 simplicitatem,
2625 4465 2730 4522 qua
2753 4451 2947 4507 ductus
2971 4450 3131 4508 facile
3157 4455 3271 4508 suis
3293 4456 3567 4515 credebat.

1994 4550 2121 4603 Erat
2150 4548 2292 4602 enim
2317 4544 2550 4615 simplici
2588 4543 2823 4615 ingenio,
2848 4554 2903 4600 et
2928 4546 3082 4602 tarde
3110 4548 3411 4614 sentiebat;
3444 4563 3569 4604 cum

1993 4651 2172 4694 autem
2197 4637 2457 4693 sensisset
2492 4651 2553 4690 se
2579 4650 2853 4704 peccasse,
2878 4638 3025 4706 gravi
3053 4638 3367 4693 movebatur
3395 4641 3570 4709 paeni-

1992 4728 2194 4788 tentia,
2231 4737 2284 4779 et
2313 4726 2453 4794 apud
2483 4739 2577 4780 eos
2615 4727 2761 4795 ipsos
2798 4741 2933 4793 quos
2958 4726 3306 4794 oll'eudisset,
3338 4730 3567 4784 contite-

1995 4821 2169 4873 hatur.
2199 4817 2385 4887 Magna
2408 4823 2463 4871 ct
2487 4816 2747 4884 supplicia
2769 4827 2824 4871 et
2858 4818 3079 4886 pmmia
3102 4818 3396 4887 irrogahat,
3423 4822 3567 4877 modi

1994 4921 2169 4963 tamen
2210 4908 2262 4962 in
2297 4906 2685 4976 gratiﬁcando,
2740 4923 2902 4976 quam
2935 4908 3207 4976 puniendo
3246 4921 3363 4965 erat
3397 4910 3567 4981 negli-

1991 4999 2221 5070 gentior.
2264 4994 2413 5052 locis
2452 5007 2630 5051 autem
2676 5014 2790 5067 ejus
2828 4998 3117 5069 nimiaeque
3152 5000 3424 5057 dicacitati
3468 5003 3569 5059 hoc

1992 5092 2181 5146 aderat
2198 5089 2518 5156 remedium,
2540 5093 2681 5159 quod
2706 5084 2764 5145 se
2783 5089 3025 5145 vicissim
3059 5092 3291 5148 morderi
3322 5096 3568 5163 patieba-

1997 5196 2107 5250 tur,
2149 5198 2324 5253 ueque
2368 5183 2564 5237 minori
2596 5198 2719 5238 cum
2764 5184 3035 5256 voluptate
3076 5187 3373 5255 ridebatur,
3404 5203 3567 5258 quam

1585 5335 1823 5392 VARUS
1876 5329 2282 5388 LECTIONES.

379 5447 425 5479 τι
459 5446 723 5515 ﬁnio-"-
763 5438 1054 5515 ’{-5é°m-
1086 5437 1147 5490 Β·
1222 5428 1660 5515 "sinistrae.-
1714 5422 2270 5515 η’ἱσξξγξῖιέκεξιξξὲι
2326 5421 3567 5515 ΖῗὲῖιλέξίὶειλῗδξιμδσῖμεῘτςέἕέγξς

307 5524 354 5556 η
385 5494 565 5584 δτιῇε
601 5494 734 5568 ξχῖέ,
796 5511 843 5545 τι
864 5494 1433 5575 κατασεσημασμέᾴὴῦ
1461 5494 1527 5557 Ᾱζ
1563 5501 1608 5531 ⁸ο
1632 5498 1737 5584 ὃιτι]
1770 5511 1819 5584 ς.
1842 5510 1972 5584 χιιι.
2044 5494 2089 5527 ⁷⁸⁸
2115 5495 2276 5584 ("Srge
2326 5510 2475 5584 χιιι).
2507 5495 2552 5525 ⁸³
2577 5494 2668 5584 καὶ
2696 5495 2833 5580 θείη..
2855 5494 2920 5548 Α.
3008 5496 3055 5530 ⁸³
3080 5494 3468 5584 ἐπέμνομέιζετο
3491 5495 3564 5548 B:

306 5563 628 5656 ὼνῦίὶἆςῖτᾶ
640 5563 733 5649 ν
761 5582 823 5656 γ⁸⁶
850 5578 977 5656 ναύν
1028 5578 1095 5656 ’⁸⁵
1119 5563 1490 5656 ξ’κ-καὶδεκῆρη
1514 5587 1620 5656 om.
1773 5567 1823 5656 ξς
1850 5565 1944 5656 κε).
1970 5580 2079 5656 om.
2111 5563 2176 5656 θ’.
2202 5640 2217 5656 θ
2256 5565 2571 5656 θτῗμονίμων
2601 5566 2641 5618 A
2667 5580 2681 5618 :
2709 5564 2954 5637 νομίμων
2983 5584 3039 5631 ς.

3142 5566 3187 5596 ⁸⁸
3214 5566 3318 5633 ὅτι]
3345 5582 3395 5621 c.
3415 5580 3566 5621 uix.

743 5655 809 5706 Α.
908 5650 955 5683 ⁹⁰
982 5647 1147 5704 αὑτοῦ
1180 5646 1244 5701 Β.
1341 5635 1518 5714 ⁹¹’μέν
1542 5641 1611 5708 Α,
1647 5654 1730 5702 τις
1773 5637 1848 5693 B:
1881 5635 1940 5689 δέ
1963 5653 2021 5700 ς.
2118 5635 2163 5668 ⁹²
2197 5638 2361 5739 ἑαυτῇ
2387 5653 2448 5701 ς,

1843 5746 2076 5805 NOTAE.

384 5853 493 5923 (76)
525 5849 778 5907 llerodot.
812 5846 1014 5909 Thalia,
1044 5855 1099 5900 et
1125 5843 1273 5914 Orig.
1310 5843 1404 5900 lib.
1434 5842 1630 5899 Contra
1661 5840 1888 5905 Celsum,
1931 5853 1983 5908 ρ.
2014 5836 2143 5908 202,
2172 5839 2301 5895 edit.
2330 5839 2551 5911 August.
2598 5838 2752 5896 Vind.

632 5948 902 6005 Parnm.
947 5942 1063 6002 Gtt.
1112 5941 1263 6000 CIII.

3178 5934 3253 5994 [ιϐ
