4124 6390
640 352 769 419 1451

1760 351 2020 414 ΡΙΙΟΤῙΙ
2057 349 2554 411 ΡΑἸἪΙΛΒΟΗᾹΞ
2591 352 2693 416 CP.

3745 353 3864 418 “5?.

634 466 864 533 ridebat,
907 479 1026 537 qua:
1064 479 1150 523 res
1182 463 1260 521 illi
1300 465 1539 520 maximo
1580 464 1682 520 fuit
1712 464 1873 519 malo.
1925 464 2029 531 Qui
2054 463 2186 519 enitr

2302 460 2639 531 ἀντισκῶψαι
2692 461 2800 533 γάρ
2838 460 2967 533 ἐξῆν
2985 462 3031 494 ⁸⁸
3063 462 3155 515 καὶ
3208 460 3554 534 ἀνθυϐρίσαι,
3589 464 3686 518 καὶ
3710 467 3866 533 γελώ-

633 557 802 613 libere
843 571 1026 614 secum
1069 556 1401 628 jocarentur,
1438 556 1637 626 398a
1706 558 1775 611 ab
1819 555 1901 611 eis
1939 554 2079 610 serio
2119 553 2200 609 lo-

636 647 923 715 quentibus
951 660 1286 717 nequaquam
1345 646 1568 715 putabat
1613 645 1714 701 sibi
1735 645 1940 699 adulari
1969 660 1983 698 :
2016 644 2201 713 itaque

634 738 903 794 laudando
933 739 1089 796 facile
1120 739 1511 807 decipiebatur.
1545 738 1664 794 Non
1695 738 1838 793 enim
1871 736 2201 806 intelligebat

638 845 781 897 esse,
813 832 905 901 qui
937 831 1231 887 adulationi
1273 830 1578 887 libertatem
1610 828 1774 886 veluti
1814 828 2197 884 subausterum

637 922 1036 977 condimentum
1071 921 1455 987 admiscerent,
1486 934 1593 991 quo
1621 928 1887 989 protervae
1921 917 2065 973 inter
2100 931 2199 985 po-

632 1012 751 1068 cula
794 1012 1102 1082 loquacitati
1159 1014 1375 1069 ttedium
1420 1022 1478 1069 et
1521 1012 1826 1087 satietatem
1868 1010 2196 1072 dimoveant,

632 1104 791 1173 idque
815 1115 1239 1174 consequantur,
1266 1114 1329 1159 ut
1354 1112 1693 1160 assentantes
1728 1111 1784 1158 et
1810 1103 2194 1168 concedentes,

632 1194 845 1261 quoties
887 1195 954 1249 de
989 1210 1048 1250 re
1085 1196 1235 1265 gravi
1276 1209 1456 1250 sermo
1500 1194 1785 1258 incideret,
1818 1209 1923 1250 non
1962 1193 2194 1263 gratiam

632 1296 871 1355 captare,
903 1286 994 1342 sed
1022 1285 1303 1356 prudentia
1333 1285 1619 1342 inferiores
1646 1286 1953 1341 videantur.

1155 1462 1238 1518 Ea:
1276 1462 1472 1534 Pyrrhi
1519 1463 1664 1518 Vita.

700 1553 819 1607 Fuit
846 1552 1087 1623 Pyrrhus
1119 1556 1264 1609 vultu
1294 1557 1443 1626 regio
1471 1557 1714 1623 quidem,
1747 1555 1839 1609 sed
1876 1554 2195 1610 lerribiliore

626 1659 787 1713 quam
827 1645 1236 1701 venerabiliore.
1267 1646 1380 1699 Non
1405 1647 1593 1701 habuit
1621 1648 1816 1701 multos
1856 1648 2064 1711 dentes,
2099 1646 2194 1701 sed

625 1752 787 1807 supra
814 1746 933 1792 erat
959 1753 1123 1792 unum
1154 1752 1216 1792 os
1241 1736 1579 1802 continuum,
1611 1736 1663 1789 in
1693 1751 1801 1804 quo
1836 1737 2074 1791 dentium
2105 1736 2189 1791 in-

2303 567 2462 621 μενος
2493 552 2526 621 ή
2562 552 2733 620 γελῶν
2785 553 2994 623 ἔχαιρε.
3050 553 3161 606 Καὶ
3204 552 3363 605 τοῦτο
3406 552 3768 625 διελυμήνατο
3798 558 3863 610 τὰ

2299 640 2469 694 πολλά
2517 642 2627 695 τῶν
2674 645 3016 715 πραγμάτων
3046 659 3059 673 ·
3100 643 3228 706 τοὺς
3277 643 3386 713 γάρ
3440 644 3500 697 ὲν
3537 643 3619 714 τῷ
3663 646 3862 712 παίζειν

2298 735 2844 809 παρρησιαζομένους
2897 736 3002 789 οὐκ
3030 735 3097 789 ἀν
3147 734 3355 805 οἰηθεὶς
3406 736 3865 803 σπουδάζονταςθθ

2298 826 2613 881 κολακεύειν
2628 825 2812 891 αὑτὸν,
2842 824 3096 895 ἡλίσκετο
3129 824 3324 895 ῥᾳδίως
3352 826 3458 880 ὑπὸ
3474 826 3587 880 τῶν
3613 828 3862 892 ἐπαίνων,

2297 917 2511 985 ἀγνοῶν
2563 918 2647 971 ὅτι
2702 916 2802 987 τὴν
2878 916 3192 986 παρρησίαν
3254 916 3399 980 τινὲς
3444 918 3519 982 ὡς
3568 919 3864 990 ύποστύφον

2296 1005 2514 1077 ἥδυσμα
2563 1008 2631 1077 τῇ
2686 1005 2948 1076 κολακείᾳ
3013 1006 3456 1075 παραμιγνύντες
3515 1010 3761 1080 ἀφῄρουν
3810 1013 3866 1062 τὸ

2296 1095 2594 1167 πλήσμιον,
2617 1098 2683 1167 τῇ
2709 1096 2860 1167 παρά
2890 1096 2989 1168 τὴν
3031 1097 3229 1151 κύλικα
3261 1098 3559 1169 θρασύτητι
3604 1103 3697 1154 καὶ
3721 1101 3864 1170 λαλιᾷ

2291 1186 2765 1257 διαμηχανώμενοι
2808 1187 2907 1257 τὴν
2966 1187 3077 1240 τῶν
3134 1190 3478 1258 πραγμάτων
3544 1191 3735 1259 ὕφεσιν
3780 1196 3863 1247 καὶ

2297 1276 2713 1343 συγκατάθεσιν,
2749 1276 2825 1340 ὡς
2852 1275 2929 1347 μὴ
2973 1276 3111 1347 πρὸς
3132 1278 3318 1350 ,χάριν
3353 1280 3585 1351 ὁμιλεῖν,
3636 1284 3769 1338 ἀλλά
3793 1288 3863 1355 τῴ

2296 1370 2516 1436 φρονεῖν
2544 1368 2867 1445 ἡττωμένων
2890 1368 3197 1438 φαίνεσθαι.

2822 1460 2923 1515 Ἐκ
2948 1461 3054 1515 τοῦ
3085 1462 3343 1530 Πύρῤου.

2367 1547 2553 1599 ὐτι⁹⁵
2584 1547 2823 1619 Πύρρος,
2858 1552 3012 1620 φησι,
3043 1553 3109 1621 τῇ
3143 1552 3241 1621 μὲν
3300 1552 3410 1623 ἰδέᾳ
3444 1554 3539 1606 τοῦ
3580 1558 3859 1626 προσώπου

2295 1637 2568 1707 φοϐερώτε
2578 1655 2669 1706 ρον
2686 1639 2732 1669 ³⁸
2749 1634 2817 1709 ἦν
2842 1639 2981 1709 ἔχων
2997 1641 3041 1672 ⁹⁷
3066 1642 3099 1710 ἢ
3114 1642 3435 1711 σεμνότερον
3465 1645 3558 1697 καὶ
3576 1645 3858 1714 βασιλικώ·

2294 1746 2472 1799 τερον,
2488 1730 2534 1761 ⁰⁰
2559 1730 2786 1794 πολλοὺς
2803 1731 2858 1785 δὲ
2888 1732 3101 1794 ὀδόντας
3122 1734 3223 1787 οὐκ
3250 1729 3415 1806 εἶχεν,
3447 1738 3562 1790 ἀλλ’
3587 1739 3646 1792 ἒν
3678 1740 3858 1795 ὀστοῦν

626 1798 846 1883 tervalla
879 1829 1128 1885 tenuibus
1154 1828 1316 1884 veluti
1346 1829 1513 1883 sulcis
1546 1798 1947 1882 detinebantur.
1981 1828 2021 1881 E
2050 1827 2186 1882 liene

2293 1798 2517 1890 συνεχὲς
2546 1817 2635 1893 ἦν,
2672 1822 2878 1876 ἄνωθεν
2924 1820 3037 1877 οἷον
3088 1798 3594 1898 λεπταῖξάμυχαῖς
3624 1834 3725 1895 τάς
3754 1834 3858 1887 δια-

624 1918 991 1975 laborantibus
1031 1919 1260 1975 salutem
1297 1917 1489 1973 all‘erre
1517 1918 1870 1982 credebatur,
1918 1921 1962 1973 si
1992 1919 2188 1988 gallum

622 2009 801 2064 album
838 2020 1111 2073 mactans,
1153 2009 1420 2077 supinatis
1459 2009 1567 2063 illis
1610 2008 1803 2064 dextro
1829 2007 1961 2077 pede
1999 2009 2191 2065 leviter

623 2099 828 2154 viscera
852 2108 1342 2168 premeret,neque
1368 2099 1471 2153 fuit
1500 2100 1785 2169 quisquam
1834 2100 1909 2153 ita
1942 2099 2023 2155 vel
2059 2114 2190 2169 pau-

624 2206 720 2262 per
745 2190 829 2246 vel
861 2191 1002 2255 vilis,
1034 2191 1117 2246 cui
1146 2200 1367 2259 rogatus
1388 2205 1506 2245 eam
1536 2190 1858 2246 medicinam
1887 2190 2069 2247 facere
2092 2194 2189 2247 de-

624 2284 966 2351 dignaretur;
1002 2282 1200 2352 gallum
1240 2283 1355 2351 ipse
1396 2282 1635 2353 Pyrrhus
1689 2281 1986 2351 accipiebat
2028 2293 2190 2351 atque

623 2374 957 2441 immolabat,
989 2375 1162 2443 iisque
1188 2373 1238 2427 ei
1266 2382 1381 2428 erat
1404 2375 1574 2429 honor
1612 2373 1975 2444 gratissimus.
2009 2373 2077 2428 Et
2112 2373 2188 2427 ie-

625 2473 748 2516 runt
794 2463 943 2531 pedis
990 2466 1107 2531 ejus
1164 2462 1410 2531 pollicem
1464 2463 1569 2517 vim
1617 2462 1852 2517 divinam
1910 2462 2186 2530 habuisse,

621 2564 781 2621 atque
814 2554 972 2607 etiam
1015 2563 1258 2609 cremato
1300 2561 1425 2622 post
1469 2560 1699 2607 mortem
1738 2567 2002 2623 corpore,
2045 2554 2186 2609 hunc

623 2644 845 2700 illaesum
879 2644 1245 2713 intactumque
1273 2644 1342 2698 ab
1374 2642 1495 2711 igne
1521 2642 1688 2699 fuisse
1716 2652 2016 2712 repertmn.

1169 2906 1252 2960 Ea:
1293 2905 1449 2960 Marii
1497 2903 1639 2959 Vita.

692 2997 859 3052 ilario
903 3006 958 3053 et
1002 2999 1376 3066 temperantia:
1416 3012 1480 3051 ac
1528 2994 1825 3051 tolerantiae
1877 2993 2181 3050 testimoni"

2290 1915 2429 1981 φυάς
2462 1914 3006 1986 ὑπογεγραμμένον⁹⁹
3035 1915 3143 1969 τῶν
3186 1917 3430 1973 ὀδόντων.
3461 1922 3586 1987 Τοῖς
3611 1923 3669 1976 δὲ
3694 1925 3857 1996 σπλη-

2290 2004 2473 2059 νιῶσιν
2528 2004 2701 2059 ἐδόκει
2781 2005 2997 2076 βοηθεῖν
3054 2008 3389 2079 ἀλεκτρυόνα
3447 2012 3592 2067 θύων
3645 2016 3861 2085 λευκὸν,

2290 2094 2495 2147 ὑπτίων
2550 2112 2609 2148 τε
2657 2098 3069 2167 κατακειμένων
3125 2100 3207 2168 τῷ
3270 2100 3429 2174 δεξιῷ
3480 2106 3605 2159 ποδὶ
3664 2111 3856 2171 πιέζων

2288 2186 2501 2255 ἀτρέμα
2522 2186 2583 2239 τὸ
2608 2186 2932 2256 σπλάγχνον.
2990 2189 3177 2252 Οὐδεὶς
3198 2190 3244 2242 δ’
3286 2187 3355 2263 ἦν
3386 2194 3555 2265 πένης
3584 2196 3712 2251 οὔτε
3749 2200 3856 2252 ἀδοο

2290 2273 2377 2338 ξος
2424 2272 2597 2338 οὕτως
2640 2274 2780 2329 ὥστε
2837 2277 2913 2349 μὴ
2960 2281 3142 2349 τυχεῖν
3184 2281 3283 2348 τῆς
3350 2284 3595 2354 ἰατρείας
3633 2287 3853 2359 δεηθείς.

2300 2362 2603 2432 Ἐλάμδανε
2622 2363 2678 2416 δὲ
2706 2365 2909 2419 καὶτὸν
2939 2367 3269 2437 ἀλεκτρυόνα
3291 2370 3479 2435 θύσας.
3492 2376 3585 2427 καὶ
3614 2376 3676 2428 τὺ
3702 2379 3855 2448 γέρας

2288 2454 2443 2507 τοῦτο
2472 2455 2685 2525 ἥδιστον
2711 2451 2778 2527 ἦν
2801 2457 2970 2527 αὐτῷ.
3003 2460 3233 2528 Λέγεται
3268 2461 3324 2514 δὲ
3348 2464 3441 2516 τοῦ
3473 2465 3630 2530 ποδὸς
3660 2470 3855 2521 ἐκείνου

2286 2544 2377 2597 τὸν
2440 2545 2659 2614 μείζονα
2692 2546 2952 2601 δάκτυλον
3008 2548 3152 2618 ἔχειν
3214 2551 3477 2624 δύναμιν¹
3512 2556 3669 2621 ἰδίαν,
3726 2559 3855 2611 ὥστε

2290 2635 2428 2704 μετὰ
2508 2638 2607 2707 τὴν
2676 2637 2933 2711 τελευτὴν
2984 2640 3078 2693 τοῦ
3135 2643 3321 2697 λοιποῦ
3390 2645 3638 2718 σώματος
3701 2667 3856 2703 κατα-

2288 2728 2512 2787 καέντος
2538 2728 2722 2783 ἀπαθῆ
2756 2731 2850 2783 καὶ
2884 2731 3141 2786 ἄθικτον¹
3164 2736 3267 2787 ὑπὸ
3306 2736 3399 2789 τοῦ
3430 2738 3604 2809 πυρὸς
3638 2742 3855 2813 εὑρεθῆ-

2291 2839 2395 2874 ναι.

2789 2946 2796 2973 l
2827 2919 2911 2972 Εκ
2948 2917 3057 2973 τοῦ
3091 2920 3339 2988 Μαρίου.

2360 3008 2518 3061 Ὀτι⁸
2548 3007 2625 3076 τῷ
2649 3008 2848 3079 Μαρίῳ
2873 3008 3055 3079 (φησὶ)
3100 3012 3191 3063 καὶ
3218 3013 3567 3085 σωφροσύνην
3610 3017 3706 3070 καὶ
3735 3035 3856 3090 καρ-

620 3088 1009 3156 perhibentur;
1035 3096 1090 3144 et
1119 3087 1277 3157 hujus
1308 3088 1525 3157 quidem
1556 3087 1813 3142 indicium
1842 3094 2038 3141 exstat.
2077 3084 2179 3139 Va-

2289 3096 2470 3167 τερίαν
2504 3097 2892 3168 μαρτυροῦσιν,
2914 3094 2981 3169 ἦς
3016 3099 3211 3170 δεῖγμα
3245 3100 3370 3172 [650
3405 3104 3496 3174 [LI
3526 3084 3702 3159 καὶτὸ
3733 3084 3855 3178 περὶ

622 3180 823 3234 rit-ibus
860 3181 1002 3234 enim
1031 3180 1236 3249 magnis
1268 3195 1388 3233 cum
1424 3189 1710 3247 utrumque
1735 3178 1851 3247 ejus
1884 3192 2007 3231 crus
2035 3176 2185 3232 labo-

618 3281 786 3337 raret,
812 3271 1212 3326 delormitatem
1241 3283 1381 3339 aegre
1424 3270 1641 3334 ferens,
1688 3268 1950 3323 medicum
1997 3280 2183 3321 accer-

617 3362 772 3438 sivit,
812 3362 973 3431 eique
1012 3377 1117 3416 non
1160 3361 1352 3430 ligatus
1381 3376 1511 3415 crus
1544 3360 1772 3414 alterum
1810 3360 2071 3429 praebuit,
2122 3374 2186 3414 ac

620 3450 750 3503 nihil
777 3450 892 3520 ipse
917 3460 1109 3513 motus,
1148 3450 1293 3504 nullo
1315 3452 1460 3506 edito
1489 3451 1713 3520 gemitu,
1738 3451 2005 3505 constanti
2036 3451 2183 3505 vultu

622 3544 813 3595 tacitus
841 3542 1186 3596 incredibiles
1214 3553 1443 3597 sectum
1476 3542 1687 3597 dolores
1719 3542 1970 3611 pertulit;
2001 3545 2067 3596 ad
2107 3544 2186 3597 al-

621 3642 790 3684 terum
826 3642 1141 3687 transeunte
1172 3632 1403 3696 medico,
1439 3647 1543 3686 non
1570 3633 1848 3695 sustinuit,
1888 3635 2183 3689 remedium

618 3723 719 3775 hoc
761 3736 867 3775 non
906 3723 1122 3791 dignum
1164 3738 1283 3778 esse
1332 3724 1614 3789 inauiens,
1650 3725 1798 3793 cujus
1841 3740 2003 3778 causa
2052 3726 2184 3779 tanti

618 3813 893 3869 cruciatus
933 3814 1316 3871 tolerarentur.

681 4012 880 4067 Marius
912 4027 978 4068 ex
1006 4010 1186 4066 Africa
1237 4024 1361 4065 cum
1420 4013 1660 4067 exercitu
1717 4022 2060 4069 transvectus
2110 4024 2173 4069 et

613 4104 948 4159 consulatum
980 4105 1211 4171 accepit,
1264 4112 1320 4159 et
1366 4104 1698 4172 triumphum
1759 4104 1932 4170 duxit,
1974 4099 2173 4172 Jugur-

616 4196 762 4249 tham
795 4197 1066 4265 captivum
1120 4195 1441 4250 incredibile
1500 4197 1759 4250 Romanis
1801 4198 2175 4266 spectaculum

612 4285 897 4350 exhibens,
930 4301 1039 4355 quo
1075 4286 1196 4339 vivo
1228 4286 1510 4339 victoriam
1550 4287 1617 4339 de
1649 4288 1893 4342 hostihus
1924 4302 2082 4341 nemo
2114 4302 2181 4342 ne

611 4381 883 4441 sperasset
914 4373 1135 4439 quidem
1176 4390 1188 4425 :
1259 4373 1395 4425 adeo
1427 4372 1491 4425 ad
1519 4386 1734 4427 onmem
1794 4372 2065 4427 fortunam
2119 4387 2179 4428 se

2285 3188 2383 3257 τὴν
2408 3186 2569 3259 [1205
2617 3186 2711 3258 IL]
2756 3190 3109 3258 χειρουργίαν
3162 3191 3329 3245 ἐστίν.
3391 3192 3537 3259 ἰξῶν
3584 3197 3693 3269 γάρ
3736 3200 3857 3253 ἀνά.

2286 3280 2462 3343 πλεως
2496 3280 2661 3349 ἄμφω
2686 3280 2754 3332 τά
2786 3280 2951 3351 σκέλη
2992 3282 3231 3350 γεγονὼς
3286 3286 3379 3337 καὶ
3416 3286 3515 3356 τὴν
3574 3290 3847 3359 ἀμορφίαν

2285 3366 2646 3437 δυσχεραίνων
2675 3366 2816 3435 ἔγνω
2865 3372 3167 3439 παρασχεῖν
3197 3372 3406 3427 ἑαυτόν,
3442 3374 3552 3427 Καὶ
3584 3380 3853 3449 παρέσχεν

2286 3454 2469 3518 ἄδετος
2496 3456 2717 3525 θάτερον
2752 3457 2939 3521 σκέλος
2974 3460 3093 3512 οὐδὲ
3119 3460 3383 3529 κινηθεὶς,
3416 3465 3537 3517 οὐδὲ
3570 3470 3848 3534 στενάξας,

2286 3546 2420 3600 ἀλλά
2441 3547 2740 3600 καθεστῶτι
2761 3547 2838 3618 τῷ
2858 3548 3134 3619 προσώπῳ
3170 3554 3263 3604 καὶ
3292 3554 3427 3621 μετά
3456 3557 3664 3628 σιωπῆς
3695 3560 3852 3628 ὑπερ-

2289 3637 2480 3700 ϐολάςδ
2503 3653 2654 3699 τινας
2703 3637 3011 3706 ἀλγηδόνων
3050 3639 3143 3691 ἐπὶ
3200 3643 3319 3705 ταῖς
3342 3649 3536 3712 τομαῖς
3558 3649 3851 3718 ἀνασχόμε-

2286 3746 2394 3792 νος.
2428 3728 2534 3781 Τοῦ
2576 3729 2632 3781 δὲ
2683 3729 2869 3798 ἰατροῦ
2929 3732 3211 3799 μετιόντος
3264 3736 3356 3788 ἐπὶ
3405 3737 3633 3809 θάτερον
3677 3742 3847 3795 οὐκέτι

2287 3821 2550 3890 παρέσχε,
2578 3822 2753 3892 φήσας
2786 3822 2916 3892 ὀρᾷν
2944 3822 3005 3875 τὸ
3035 3824 3401 3897 ἐπανόρθωμα
3438 3829 3533 3900 τῆς
3572 3832 3846 3903 ἀλγηδόνος

2284 3911 2384 3965 ούκ
2413 3912 2579 3978 ἀξιον.

2356 4002 2477 4055 Ὅτι
2498 4004 2518 4033 ⁸
2550 4002 2759 4073 Μάριος
2792 4004 2855 4055 ὲκ
2884 4002 3090 4072 Λιόύης
3124 4005 3260 4073 μετά
3288 4007 3383 4059 τοῦ
3407 4008 3426 4039 ⁸
3451 4012 3843 4082 στρατεύματος

2283 4093 2664 4164 ἀνακομισθεὶς
2695 4097 2793 4164 τήν
2815 4112 2873 4147 τε
2899 4095 3161 4149 ὑπατείαν
3182 4098 3409 4153 ἀνέλαϐε
3432 4104 3525 4156 καὶ
3546 4105 3639 4157 τὸν
3658 4106 3844 4175 θρίαμο

2282 4182 2375 4235 δον
2427 4184 2729 4251 εἰσήλασεν,
2777 4186 3005 4240 ἄπιστον
3054 4190 3461 4260 ἐπιδειξάμενος
3512 4194 3689 4265 θέαμα
3719 4198 3841 4249 Ῥω-

2283 4274 2485 4342 μαίοις,
2531 4275 2868 4345 Ἰουγούρθαν
2925 4283 3291 4352 αἰχμάλωτον,
3324 4277 3386 4335 οὗ
3422 4284 3623 4348 ζῶντος
3656 4288 3759 4339 οὐδ’
3782 4288 3840 4339 ἂν
3941 4330 3953 4344 .

2281 4360 2359 4428 εἷς
2381 4366 2574 4435 ἤλπισε
2607 4369 2882 4439 πολεμίων
2910 4376 3224 4444 κρατήσειν·
3260 4374 3433 4438 οὕτως
3462 4377 3482 4406 "
3520 4371 3588 4447 ἦν
3614 4379 3839 4439 statuae;

614 4460 1018 4517 accommodare
1032 4459 1276 4525 callidus,
1295 4462 1505 4516 astutia:
1521 4477 1722 4531 magnae
1738 4463 2021 4518 admistam
2039 4462 2169 4518 fero-

2289 4456 2416 4525 iv’np
2438 4456 2624 4527 τύχαις
2645 4459 2918 4530 ὁμιλῆσαι,
2942 4464 3035 4515 καὶ
3058 4464 3363 4535 πανουργία
3384 4464 3549 4537 πολλῇ
3581 4485 3645 4536 με
3655 4468 3839 4537 μιγμέ·

612 4555 750 4608 ciam
794 4551 1046 4606 habebat.
1091 4550 1147 4605 ln
1184 4552 1454 4622 triumpho
1486 4564 1745 4621 praeterea
1783 4554 1927 4608 illata
1954 4565 2178 4609 narrant

612 4643 729 4695 auri
764 4652 843 4696 ter
874 4641 1018 4696 mille
1048 4655 1112 4695 ac
1145 4649 1349 4708 septem
1376 4642 1572 4709 pondo,
1608 4642 1818 4710 argenti
1846 4658 1953 4695 non
1980 4643 2176 4711 signati

613 4732 900 4803 quinquies
949 4731 1116 4786 millia
1176 4730 1301 4795 775,
1357 4730 1553 4801 signati
1620 4731 1726 4785 287
1780 4729 1949 4787 millia
2010 4732 2177 4787 dena-

614 4828 770 4881 rium.

684 4919 871 4974 Solent
895 4920 1094 4975 milites
1122 4917 1444 4980 laboriosos,
1480 4917 1683 4987 quique
1748 4917 1897 4973 taciti
1934 4927 2181 4987 prompte

611 5009 808 5079 398!)
861 5011 1125 5077 imperata
1152 5007 1377 5071 faciunt,
1414 5008 1583 5059 mulos
1614 5006 1889 5061 Marianos
1913 5008 2182 5077 appellare

613 5108 751 5167 (erat
783 5102 926 5152 enim
958 5099 1156 5154 Marius
1208 5095 1686 5165 indefatigabilis),
1736 5101 1878 5165 quod
1940 5115 2036 5153 sua
2076 5099 2175 5165 ipsi

615 5190 871 5252 facerent,
905 5198 959 5243 et
1007 5206 1128 5242 eum
1164 5190 1263 5243 hac
1312 5190 1363 5241 in
1410 5204 1467 5241 re
1520 5189 1883 5242 imitarentur.
1950 5190 2176 5257 Quidam

613 5284 737 5352 quia
773 5281 970 5336 Marius
1020 5282 1147 5335 olim
1203 5282 1303 5335 sub
1361 5279 1617 5348 Scipione
1673 5282 1912 5335 militans
1956 5283 2176 5337 curiose

2283 4564 2372 4601 νον
2399 4548 2535 4618 ἔχων
2564 4550 2623 4603 τὸ
2650 4550 2950 4621 θυμοειδές.
2984 4553 3074 4605 Ἐν
3098 4554 3152 4607 δὲ
3176 4555 3253 4625 τῷ
3288 4556 3543 4628 θριάμϐῳ
3588 4558 3839 4627 κομισθῆσ

2285 4658 2373 4693 ναι
2396 4641 2611 4710 λέγουσι
2632 4644 2851 4714 χρυσίου
2868 4644 2889 4675 ⁸
2914 4644 3010 4714 μὲν
3033 4646 3172 4698 ἑπτὰ
3196 4648 3286 4699 καὶ
3314 4648 3616 4717 τρισχιλίας
3643 4650 3835 4721 λίτρας.

2285 4734 2528 4806 ἀργύρου
2557 4736 2613 4788 δὲ
2642 4734 2856 4808 ἀσήμου
2889 4736 3064 4805 ,εψοεκ
3108 4737 3439 4809 νομίσματος
3467 4740 3525 4793 δὲ
3565 4741 3838 4812 δραχμὰς⁹

2287 4825 2333 4889 ζ,
2358 4826 2447 4877 ἐπὶ
2480 4827 2735 4897 μυριάσιν
2766 4833 2814 4898 η’
2842 4828 2935 4880 καὶ
2963 4832 3029 4881 κ’.

2360 4919 2541 4971 Ὀτιιο
2568 4922 2691 4983 τοὺς
2748 4919 3068 4988 φιλοπόνους
3101 4921 3193 4975 καὶ
3249 4925 3424 4993 σιωπῇ
3457 4924 3575 4993 μετ’
3604 4927 3839 4988 εὐκολίας

2284 5008 2354 5061 τά
2386 5010 2833 5078 προστασσόμενα
2889 5010 3224 5080 πράττοντας
3265 5010 3518 5082 (ἄτρυτος
3572 5018 3679 5084 γάρ
3717 5013 3780 5086 ἦν
3814 5018 3839 5066 ὁ

2284 5100 2492 5171 Μάριος
2536 5100 2629 5152 καὶ
2680 5101 2998 5171 αὐτουργεῖν
3050 5103 3115 5156 τὰ
3164 5103 3354 5167 πολλὰ,
3414 5105 3511 5156 καὶ
3573 5110 3839 5178 μιμεῖσθαι

2283 5189 2551 5243 διδάσκειν
2589 5189 2751 5243 αὐτὸν
2796 5190 2893 5243 καὶ
2925 5189 3305 5260 ἐξομοιοῦσθαι
3339 5192 3465 5255 τοὺς
3495 5196 3839 5266 στρατιώτας)

2283 5281 2569 5351 ἡμιόνους
2594 5281 2933 5349 Μαρίαν-οὺς
2947 5282 3252 5353 ὠνόμαζον.
3274 5285 3336 5338 Οἱ
3357 5284 3436 5351 δὲ,
3458 5286 3540 5339 ὅτι
3560 5288 3597 5319 ¹¹
3621 5290 3841 5360 Μάριος,

1895 5418 2120 5475 VARle
2158 5417 2451 5475 LECTION
2458 5416 2558 5476 ES.

706 5532 754 5565 ⁸⁸
778 5530 900 5599 ἐξῆν
930 5529 1005 5583 A:
1041 5530 1207 5600 ἐχρῆν
1251 5546 1312 5594 ς.

612 5600 761 5654 λικόν
789 5600 849 5654 Β.

614 5668 771 5731 ϐολάς
798 5686 947 5725 τινας
979 5672 1019 5724 A
1046 5687 1059 5724 :
1088 5668 1245 5733 τινὸς
1263 5668 1566 5739 ὑπερϐολὰς
1588 5671 1681 5724 καί
1724 5689 1786 5735 ς.

612 5739 908 5809 διδραχμάς
942 5758 999 5803 ς.
1079 5740 1121 5771 ¹⁰
1149 5742 1227 5792 ὅτι
1260 5740 1332 5804 [ιτ.
1376 5756 1493 5794 xm.
1573 5744 1611 5771 ”
1643 5742 1745 5805 ὅτι]
1779 5762 1824 5795 c.
1861 5759 1970 5796 ut.

1416 5532 1463 5605 _"
1496 5530 1858 5605 σχολάζοντας
1900 5531 1958 5587 Β.
2020 5534 2083 5605 4⁸⁸
2117 5534 2223 5605 ὅτι]
2248 5551 2296 5588 r.
2338 5551 2441 5605 tu,
2495 5533 2543 5566 “
2570 5530 2945 5605 φοϐερώτερος
2971 5534 3037 5588 A.
3113 5534 3159 5566 ⁸⁷
3184 5534 3242 5603 ῆι
3270 5530 3401 5605 ἦθος
3430 5535 3540 5593 AB.

946 5601 991 5638 ⁸ο
1023 5600 1537 5671 ὑπογεγραμμένων
1558 5618 1617 5665 ς.
1707 5602 1725 5633 ¹
1756 5602 1983 5672 δύναμιν
2014 5603 2155 5674 ἔχειν
2183 5600 2243 5668 ςῖ.
2339 5607 2359 5636 ’
2386 5604 2606 5659 ἄθικτον
2635 5604 2676 5653 Λ
2702 5600 2716 5653 ἑ
2761 5600 2967 5655 ἄλυπον

946 5692 947 5697 ‘
979 5671 1229 5743 Antid;
1261 5670 1566 5743 ᾧπερδολὰς
1588 5671 1681 5724 καί
1724 5689 1786 5743 ς.
1839 5675 1859 5705 ⁸
1902 5671 2007 5743 ὅτι]
2044 5691 2222 5733 (χιιι.
2271 5677 2290 5706 δ
2317 5675 2409 5727 τοῦ
2431 5689 2539 5728 om.
2582 5671 2641 5724 Β.
2699 5670 2716 5699 ⁷
2746 5667 2898 5733 οὗτος
2929 5674 2992 5726 Α,

3628 5541 3669 5570 ’⁵
3701 5539 3835 5607 βασι·

3184 5607 3204 5638 ³
3224 5604 3355 5680 ἱξιιτι]Δ
3381 5620 3543 5680 σενι.
3629 5616 3652 5648 ⁸
3684 5604 3843 5680 ύπερ-

3046 5674 3066 5702 ⁸
3090 5676 3308 5743 χρυσίον
3332 5677 3396 5729 Λ.
3443 5677 3462 5706 ⁹
3491 5677 3733 5747 δραχμάς
3762 5674 3803 5732 Ᾱ
3828 5714 3846 5735 ι.

2339 5607 2359 5636 ²
2386 5604 2606 5659 ἄθικτον
2635 5604 2676 5653 Λ
2702 5600 2716 5653 ἑ
2761 5600 2967 5655 ἄλυπον
3024 5620 3084 5667 ς.
