4104 6462
351 414 486 480 1453

1436 429 1957 495 BIBLIOTHECA.
1984 460 2052 470 -
2088 436 2249 499 COD.
2301 440 2557 505 CCXLV.

3448 448 3589 513 1454

343 530 530 599 φησὶν,
580 529 686 583 ὑπὸ
733 530 1065 600 Σκηπίωνι¹¹
1103 535 1271 591 πάλαι
1325 543 1774 611 στρατευόμενος,
1826 560 1896 599 κα

2023 563 2175 604 arma
2224 559 2279 605 et
2322 566 2509 607 carros
2581 554 2917 624 inspicienti,
2983 558 3210 614 adduxit
3273 556 3588 616 bellicosum

343 623 896 692 πολυπραγμονοῦντι
927 628 1054 696 περί
1082 645 1143 681 τε
1172 628 1282 681 τῶν
1311 629 1491 685 ὃπλων
1522 635 1616 687 καὶ
1645 635 1755 688 τῶν
1785 637 1919 690 ὑπο-

340 711 545 779 ζυγίων
560 712 653 766 τὸν
679 712 1013 784 στρατιώτην
1037 719 1383 790 προσήγαγεν
1406 722 1569 776 ἵππον
1587 741 1644 776 τε
1660 724 1920 782 κάλλιστα

338 805 716 876 τεθραμμένον
763 806 859 859 καὶ
919 806 1140 877 ἡμίονον
1164 810 1347 881 εὐεξίᾳ
1385 813 1479 866 καὶ
1525 815 1793 886 πραότητι
1823 817 1919 871 καὶ

342 895 501 969 ῥώμῃ
527 896 850 967 διαφέροντα
881 898 1015 953 πολὺ
1046 899 1154 953 τῶν
1186 901 1381 957 ἄλλων.
1428 903 1711 968 Ἦσθέντος
1739 907 1796 959 δὲ
1825 908 1917 962 τοῦ

340 986 645 1056 στρατηγοῦ
670 990 785 1051 τοῖς
813 987 907 1042 τοῦ
946 989 1161 1063 Μαρίου
1195 992 1474 1063 θρέμμασι
1515 996 1609 1049 καὶ
1657 997 1918 1063 πολλάκις

336 1078 521 1131 αὐτῶν
574 1080 926 1150 μνησθέντος,
980 1082 1153 1151 οὕτως
1190 1084 1300 1155 ἄρα
1332 1086 1459 1149 τοὺς
1478 1085 1829 1153 σκώπτοντας
1859 1091 1917 1147 ὲν

330 1168 542 1240 ἐπαίνῳ
591 1171 683 1223 τὸν
731 1172 984 1245 ἐνδελεχῆ
1042 1176 1144 1229 ,καὶ
1168 1175 1413 1251 τλήμονα
1473 1176 1572 1243 καὶ
1621 1179 1913 1248 φιλόπονον

335 1263 644 1329 Μαριανὸν
664 1264 916 1333 ἡμίονον
945 1269 1399 1343 προσαγορεύειν.

409 1354 532 1409 Ὀτι
553 1355 820 1422 Τεύτονας
844 1358 1059 1429 Μαρίου
1089 1364 1673 1437 καταπολεμήσαντος,
1710 1367 1913 1438 μυριά-

331 1442 430 1507 δας
453 1445 605 1510 δέκα,
660 1448 1054 1504 Μασσαλιῶται
1084 1452 1129 1484 ³⁸
1168 1455 1279 1515 τοίς
1304 1455 1510 1519 ὀστέοις
1540 1456 1787 1526 λέγονται
1820 1475 1915 1512 πε-

334 1536 704 1607 ριθριγκῶσαι
742 1543 785 1572 “
816 1542 942 1605 τοὺς
971 1542 1301 1613 ἀμπελῶνας
1325 1562 1340 1578 ο
1370 1548 1469 1618 τὴν
1516 1548 1573 1603 δὲ
1624 1550 1748 1621 γῆν,
1804 1551 1913 1605 τῶν

332 1627 544 1696 νεκρῶν
600 1630 1092 1686 καταναλωθέντων
1117 1635 1175 1687 ὲν
1206 1636 1342 1707 αὐτῇ
1394 1638 1490 1691 καὶ
1519 1638 1609 1692 διὰ
1646 1639 1911 1709 χειμῶνος

324 1717 553 1788 ὖμόρων
583 1720 974 1787 ἐπιπεσόντων,
1017 1724 1188 1790 οὕτως
1212 1728 1607 1800 ὲκλιπανθῆναι
1638 1731 1733 1783 καὶ
1757 1729 1913 1799 γενέ-

329 1808 459 1863 σθαι
481 1810 568 1864 διά
611 1810 806 1880 βάθους
854 1814 1110 1868 ἀνάπλεω
1144 1817 1186 1847 ¹⁸
1211 1817 1311 1888 τῆς
1344 1819 1637 1890 σηπεδόνος
1660 1821 1908 1893 ἐνδύσης,

2021 654 2220 709 equum
2248 645 2448 716 optime
2485 647 2803 713 enutritnm,
2863 659 2916 703 et
2952 650 3149 705 mulum
3197 652 3407 706 caeteris
3439 652 3592 706 habi-

2024 729 2213 789 liorem
2244 742 2299 787 et
2338 735 2620 789 cicuritate
2649 744 2704 789 et
2733 736 2926 792 robore
2952 750 3313 815 praestantem
3377 742 3587 809 multo;

2020 834 2253 887 eumque
2294 823 2590 891 imperator
2612 822 2766 878 Marii
2819 825 3083 893 iumentis
3114 828 3503 892 oblectaretur,
3534 838 3589 885 et

2024 926 2387 979 sa‘peeorum
2431 918 2831 979 recordaretur,
2866 916 2989 969 inde
3018 927 3196 971 ortum
3245 928 3300 972 ut
3347 920 3439 989 qui
3484 934 3592 993 per

2019 1001 2278 1061 cavillum
2324 1004 2395 1057 ob
2429 1004 2676 1060 laborum
2721 1005 3101 1061 assiduitatem
3148 1016 3203 1063 et
3245 1009 3586 1065 tolerantiam

2018 1092 2352 1159 laudaretur,
2389 1095 2664 1151 Marianas
2687 1098 2858 1154 mulus
2885 1098 3272 1169 appellaretur.

2084 1357 2331 1414 Devictis
2381 1369 2597 1413 centum
2656 1361 2894 1419 millibus
2946 1362 3259 1419 Teutonum
3317 1379 3347 1417 a
3392 1363 3585 1433 Mario,

2026 1448 2398 1509 Massilienses
2484 1450 2667 1505 ferunt
2756 1454 2971 1509 ossibus
3057 1455 3248 1512 vineas
3318 1456 3584 1526 sepiisse:

2017 1541 2260 1596 tellurem
2293 1556 2418 1597 vero
2455 1545 2790 1611 consumptis
2813 1546 2865 1601 in
2903 1561 2966 1602 ea
2995 1549 3369 1614 cadaveribus,
3405 1564 3468 1605 ac
3489 1563 3588 1620 per

1998 1630 2247 1709 ‘biemem
2276 1633 2542 1689 imbribus
2588 1635 2842 1703 delapsis,
2877 1635 2950 1693 ita
2977 1639 3230 1706 pinguem
3296 1641 3584 1704 redditam.

2014 1725 2298 1791 putredine
2333 1724 2385 1783 in
2436 1725 2763 1795 profundum
2830 1737 3150 1797 penetrante
3202 1731 3492 1800 repletam,
3528 1745 3584 1785 ut

2016 1812 2259 1882 legitimo
2286 1822 2527 1884 tempore
2578 1817 2791 1871 abunde
2849 1816 3123 1874 fructuum
3180 1822 3485 1890 protulerit,
3529 1836 3579 1876 et

326 1896 471 1951 ὥστε
519 1901 746 1971 καρπῶν
780 1903 1117 1974 ὑπερϐάλλον
1162 1908 1242 1970 είς
1283 1908 1434 1983 ὥρας
1468 1911 1672 1983 πλῆθος
1697 1890 1896 1984 ἐξενεγ-

2014 1905 2156 1975 quod
2190 1906 2555 1962 Archilochus
2595 1908 2749 1973 dixit,
2806 1910 2908 1964 hoc
2948 1913 3107 1967 modo
3155 1926 3315 1979 agros
3359 1914 3582 1981 pingue-

327 1992 466 2055 κεῖν,
501 1993 594 2046 καὶ
624 1996 975 2065 μαρτυρῆσαι
1001 1998 1076 2068 τῷ
1115 2000 1411 2072 Ἀρχιλόχῳ
1440 2003 1657 2073 λέγοντι
1690 2005 1905 2059 πιαίνε-

329 2083 457 2136 σθαι
509 2086 646 2153 πρὸς
677 2085 773 2139 τοῦ
830 2089 1133 2143 τοιούτου¹⁶
1168 2092 1267 2155 τὰς
1307 2094 1568 2164 ἀρούρας.
1618 2095 1906 2159 Ἐπιεικῶς

324 2173 387 2226 δὲ
413 2177 530 2237 ταῖς
562 2177 828 2244 μεγάλαις
855 2179 1055 2249 μάχαις
1086 2181 1357 2248 ἐξαισίους
1389 2186 1576 2251 ὑετοὺς
1604 2189 1904 2260 ἐπικαταρ-

326 2266 628 2335 ρήγνυσθαι
674 2270 943 2337 λέγουσιν,
967 2273 1077 2325 εἴτε
1099 2274 1378 2343 δαιμονίου
1414 2279 1559 2340 τινὸς
1585 2281 1697 2341 τοῖς
1734 2278 1906 2333 καθα-

326 2359 441 2426 ροῖς
497 2359 592 2411 καὶ
639 2360 934 2415 διιπετέσιν
973 2363 1284 2432 άγνίζοντος
1312 2367 1605 2421 ὖδασι’καὶ
1631 2370 1905 2424 κατακλύο

325 2446 536 2514 ζοντος,
560 2450 671 2503 εἴτε
711 2451 804 2504 τοῦ
862 2453 1025 2521 φόνου
1075 2456 1169 2509 καὶ
1202 2460 1299 2525 τῆς
1343 2459 1632 2528 σηπεδόνος
1673 2460 1901 2526 ὲξανιεί-

322 2554 427 2608 σης
470 2540 641 2610 ὑγρὰν
682 2544 775 2596 καὶ
827 2544 1049 2614 βαρεῖαν
1102 2547 1490 2617 ἀναθυμίασιν,
1543 2552 1577 2623 ἢ
1622 2552 1715 2605 τὸν
1764 2552 1904 2619 ἀέρα

321 2629 654 2701 συνίστησιν,
689 2632 986 2705 εὔτρεπτον
1014 2635 1143 2689 ὄντα
1178 2638 1269 2690 καὶ
1300 2638 1497 2709 ῥᾳδίως
1536 2636 1901 2710 μεταϐάλλειν

321 2719 417 2771 ἐπὶ
446 2719 692 2775 πλεῖστον
734 2723 844 2777 ἀπὸ
894 2729 1267 2801 σμικροτάτης
1313 2729 1507 2800 ἀρχῆς,
1537 2731 1659 2783 Ὅτι
1681 2731 1724 2761 ⁸⁷
1752 2729 1900 2794 ἀξιον

318 2807 598 2879 θαυμάσαι
616 2811 740 2876 τοὺς
772 2815 1115 2886 Κουρνούτου
1152 2818 1512 2889 θεράποντας.
1543 2819 1764 2873 Πολλῶν
1793 2821 1899 2892 γὰρ

318 2900 378 2951 ὲν
404 2904 763 2976 στασιαζούσῃ
793 2908 859 2977 τῇ
885 2907 1036 2962 πόλει
1098 2910 1322 2982 θανάτῳ
1368 2912 1462 2965 καὶ
1488 2911 1598 2965 τῶν
1641 2912 1899 2965 ἀναιτίων

318 2991 877 3065 καταψηφισαμένων,
910 2998 1003 3051 καὶ
1027 3000 1234 3069 μυρίων
1254 3002 1477 3070 σφαγῶν
1510 3003 1603 3055 καὶ
1630 3000 1895 3055 ποικίλων

316 3083 728 3152 προελθόντων,
794 3081 943 3142 οὗτοι
992 3090 1084 3144 τὸν
1131 3092 1396 3162 δεσπότην
1453 3092 1894 3165 ἀποκρύψαντες,

317 3174 510 3243 νεκρὸν
550 3175 606 3228 δέ
636 3194 755 3229 τινα
801 3179 913 3232 τῶν
964 3181 1173 3235 πολλῶν
1225 3185 1627 3254 άναρτήσαντες
1685 3186 1750 3238 ὲκ
1803 3184 1895 3238 τοῦ

311 3265 583 3334 τραχήλου
640 3269 734 3321 καὶ
800 3270 1120 3340 περιθέντες
1150 3274 1299 3345 αὐτῷ
1352 3276 1584 3347 χρυσοῦν
1610 3275 1893 3331 δακτύλιον

312 3353 655 3411 ἐπεδείκνυον
704 3359 827 3432 [651
863 3361 956 3432 Η.]
992 3367 1105 3428 τοῖς
1168 3366 1383 3437 Μαρίου
1428 3368 1769 3439 δορυφόροις,
1798 3369 1890 3420 καὶ

2010 2012 2185 2060 scere,
2219 1997 2270 2048 id
2307 1995 2614 2051 tumluisse
2637 1998 3044 2053 conﬁrmatum.
3067 1999 3254 2068 Neque
3285 2002 3380 2056 abs
3403 2016 3461 2055 re
3475 2012 3579 2063 est,

2006 2088 2149 2153 quod
2179 2096 2298 2156 post
2330 2101 2515 2157 magna
2548 2088 2737 2155 proelia
2764 2087 3062 2143 immodica:
3082 2090 3277 2159 pluvize
3300 2091 3578 2145 decidant:

2006 2177 2120 2230 sive
2153 2177 2288 2231 deus
2339 2176 2532 2245 aliquis
2583 2185 2782 2232 terram
2827 2180 2977 2248 puris
3005 2192 3058 2233 et
3091 2179 3401 2236 coelestibus
3427 2176 3581 2247 aquis

2007 2266 2200 2322 lustrat
2228 2276 2392 2337 atque
2414 2267 2628 2337 proluit,
2659 2267 2773 2323 sive
2806 2269 3159 2324 cadaveribus
3174 2279 3228 2323 et
3257 2268 3579 2340 pinguedine

2008 2358 2286 2413 humidam
2346 2375 2675 2430 gravemque
2716 2362 3099 2415 cmittentihus
3150 2361 3577 2426 exhalationem,

2007 2444 2079 2496 ita
2136 2460 2230 2497 aer
2258 2450 2389 2511 coit,
2455 2447 2697 2513 alioquin
2750 2447 2909 2501 facile
2968 2449 3129 2503 etiam
3173 2447 3463 2503 levissimis
3510 2448 3579 2503 da

2003 2537 2184 2591 causis
2212 2538 2497 2591 mutationi
2557 2539 2847 2593 obnoxius.
2889 2538 3043 2607 Digni
3105 2539 3288 2606 itaque
3339 2538 3576 2593 admira-

2005 2627 2149 2680 tione
2173 2626 2397 2681 Cornuti
2422 2626 2567 2681 servi
2600 2643 2615 2678 :
2655 2626 2838 2681 multis
2864 2627 3009 2680 enim
3043 2626 3181 2681 bello
3206 2627 3349 2681 civili
3404 2636 3576 2682 morte

2002 2718 2119 2771 sine
2142 2733 2306 2773 causa
2357 2719 2758 2781 condemnatis,
2808 2718 3082 2787 variisque
3116 2718 3355 2773 caedibus
3378 2733 3574 2788 perpe-

2004 2810 2180 2877 tratis,
2205 2825 2325 2864 cum
2351 2811 2538 2864 herum
2555 2826 2710 2864 suum
2728 2810 3113 2874 occultassent,
3132 2810 3278 2866 aliud
3306 2813 3572 2879 quoddam

1994 2903 2235 2959 cadaver
2268 2902 2334 2957 de
2362 2915 2704 2957 mortuorum
2738 2917 2933 2957 acervo
2958 2913 3240 2972 arreptum
3290 2902 3432 2957 collo
3458 2913 3571 2957 tra—

2001 2993 2211 3059 hentes,
2272 3009 2493 3048 aureum
2552 2994 2807 3048 annulum
2860 2995 3027 3064 digito
3073 2994 3570 3063 accommodantes,

1998 3088 2253 3141 Marianis
2280 3088 2352 3140 ita
2381 3088 2701 3142 satellitibus
2730 3089 3103 3151 ostenderunt,
3152 3098 3207 3142 et
3245 3097 3438 3143 ornato
3480 3088 3569 3142 fu-

2002 3198 2151 3243 nere,
2185 3182 2339 3250 quasi
2397 3181 2567 3236 herile
2623 3191 2773 3235 esset
2824 3180 3233 3250 sepeliverunt:
3287 3196 3465 3250 neque
3516 3182 3567 3236 id

2000 3272 2282 3339 quisquam
2318 3275 2510 3334 sensit,
2542 3285 2715 3341 eoque
2746 3272 2906 3326 modo
2927 3271 3200 3327 Cornutus
3236 3270 3374 3325 clam
3404 3285 3568 3342 opera

1999 3377 2275 3418 servorum
2313 3362 2613 3417 inGalliam
2646 3364 2839 3417 evasit.

312 3450 687 3519 κοσμήσαντες
725 3452 799 3514 ὡς
826 3455 1033 3509 ἐκεῖνον
1080 3457 1242 3511 αὐτὸν
1289 3457 1543 3514 ἔθαπτον.
1579 3459 1877 3530 ’Υπενόησε
1914 3458 1969 3512 δὲ
1996 3454 2188 3521 οὐδεὶς,
2242 3453 2359 3508 ἀλλ’
2404 3452 2546 3508 οὕτω
2606 3454 2785 3507 λαθὼν
2848 3455 2877 3506 ὁ
2923 3451 3261 3524 Κουρνοῦτος
3306 3454 3410 3506 ὑπὸ
3460 3452 3566 3506 τῶν

311 3540 537 3595 οἰκετῶν
564 3544 643 3607 είς
668 3544 933 3601 Γαλατίαν
955 3546 1294 3620 διεκομίσθη.

815 3660 919 3715 Ἐκ
951 3663 1056 3717 τοῦ
1095 3665 1365 3732 Ἀράτου.

381 3770 506 3823 Ὅτι
526 3772 569 3803 ⁸⁸
588 3772 616 3824 ὁ
639 3774 893 3842 Ἄρατος,
920 3777 1074 3845 φησὶ,
1098 3775 1363 3849 λαμπρῶς
1386 3781 1427 3812 ¹⁹
1457 3780 1888 3850 κατὰἈριστίπ-

306 3878 413 3915 που
439 3862 532 3915 τοῦ
563 3864 828 3934 τυράννου
870 3867 966 3920 καὶ
997 3868 1137 3921 κατά
1162 3870 1269 3922 τῶν
1296 3871 1393 3924 σὺν
1422 3871 1571 3941 αὐτῷ
1632 3873 1890 3943 ἀριστεύ-

306 3968 429 4015 σας,
474 3954 730 4017 πεσόντος
756 3956 850 4009 καὶ
882 3957 1045 4011 αὐτοῦ
1074 3957 1169 4012 τοῦ
1191 3960 1456 4029 τυράννου
1524 3962 1628 4015 ὑπὸ
1674 3963 1889 4032 Κρητός

302 4056 447 4102 τινο,
471 4041 781 4111 Τραγίσκου
800 4044 846 4076 ὀ
865 4044 1120 4114 τοῦνομα,
1140 4047 1235 4100 καὶ
1256 4045 1348 4099 τοῦ
1371 4047 1604 4117 πλήθους
1620 4047 1884 4119 [1208Β.]

302 4132 413 4185 τῶν
445 4132 617 4189 ἄλλων
650 4135 819 4191 ὄντων
841 4145 944 4206 ,αφ’
979 4139 1085 4190 τῶν
1111 4140 1527 4209 ἀναιρεθέντων,
1554 4141 1661 4217 καὶη
1684 4141 1888 4209 μηδένα

298 4226 415 4279 τῶν
466 4226 631 4281 αὐτοῦ
681 4231 1028 4301 στρατιωτῶν
1062 4231 1376 4297 ἀποόαλὼν,
1411 4234 1559 4302 ὅμως
1590 4234 1688 4286 οὐκ
1726 4234 1884 4287 ἔλαϐε

298 4316 363 4368 τὸ
387 4317 592 4388 Ἀργος
657 4320 778 4373 οὐδὲ
824 4321 1166 4392 ἠλευθέρωσε
1197 4324 1322 4386 τοὺς
1353 4326 1411 4377 ὲν
1441 4325 1591 4393 αὐτῷ
1617 4326 1722 4377 τῶν
1754 4327 1879 4394 περὶ

304 4408 468 4475 Ἀγιν
514 4412 605 4463 καὶ
658 4411 749 4464 τὸν
802 4412 1062 4483 νεώτερον
1124 4415 1512 4486 Ἀριστόμαχον
1550 4418 1687 4486 μετὰ
1717 4417 1878 4471 δυνά-

302 4518 450 4570 μεως
478 4500 760 4572 βασιλικῆς
820 4507 1296 4574 παρεισπεσόντων
1354 4510 1447 4561 καὶ
1501 4510 1879 4577 κατασχόντων

2550 3657 2632 3710 Ex
2674 3658 2827 3711 Arati
2873 3654 3012 3711 Vita.

2058 3779 2225 3843 Arato
2259 3791 2379 3828 cum
2407 3774 2688 3843 Aristippo
2707 3783 2762 3827 et
2802 3774 3064 3830 militibus
3092 3774 3200 3830 acri
3233 3791 3409 3846 pugna
3431 3793 3561 3834 con-

1992 3867 2290 3937 grediente,
2311 3876 2364 3919 et
2381 3873 2610 3934 tyranno
2630 3879 2659 3917 a
2687 3862 2849 3918 Crete
2874 3867 3105 3933 quodam
3123 3868 3341 3921 nomine
3368 3865 3534 3935 Tragi
3552 3896 3564 3906 -

1992 3971 2085 4011 sco
2117 3964 2327 4020 necato,
2355 3965 2405 4009 et
2422 3953 2856 4024 399aamissis
2874 3953 3109 4022 ipsorum
3125 3954 3407 4023 plusquam
3426 3956 3564 4012 l500

1991 4045 2152 4108 viris,
2184 4054 2239 4098 et
2261 4028 2713 4099 neminesuorum
2745 4042 2966 4108 amisso,
2997 4042 3169 4113 Argos
3188 4055 3367 4099 tamen
3388 4061 3563 4118 neque

1990 4137 2133 4207 cepit
2168 4151 2339 4204 neque
2368 4134 2637 4188 liberavit.
2672 4134 2803 4205 Agis
2856 4136 3001 4189 enim
3056 4146 3111 4189 et
3145 4120 3560 4195 Aristomachus

1991 4231 2170 4287 minor
2226 4242 2349 4281 eum
2383 4228 2622 4282 exercitu
2654 4228 2802 4298 regio
2831 4227 3140 4299 irruperant
3161 4243 3246 4293 eo,
3288 4238 3341 4283 et
3377 4246 3558 4285 rerum

1987 4328 2311 4389 potestatem
2338 4330 2760 4388 occupaverant.
2795 4320 3046 4391 Magnam
3087 4322 3307 4390 quidem
3350 4331 3558 4389 partem

1986 4408 2321 4470 cavillorum,
2358 4407 2819 4476 dicteriorumque
2868 4418 2923 4461 et
2962 4409 3273 4463 scnrrilium
3318 4411 3557 4464 insecta—

1990 4498 2212 4559 tionem,
2247 4497 2442 4565 quibus
2486 4512 2611 4550 etun
2666 4499 2980 4551 adulatores
3038 4509 3397 4568 tyrannorum
3443 4508 3557 4553 tra-

298 4591 368 4644 τὰ
403 4594 725 4663 πράγματα.
752 4595 826 4647 Τὸ
851 4595 949 4665 μὲν
973 4592 1066 4650 οὖν
1089 4598 1225 4652 πολὺ
1261 4600 1360 4669 τῆς
1392 4599 1642 4668 διαϐολῆς
1670 4600 1762 4653 καὶ
1796 4600 1883 4653 λό-

1999 4586 2274 4651 lucebant,
2321 4584 2619 4651 refutavit;
2669 4588 2761 4657 qtti
2820 4588 2872 4641 iu
2916 4590 3145 4657 gratiam
3214 4591 3553 4645 dominorum

296 4699 429 4749 γους
461 4685 553 4737 καὶ
610 4685 921 4756 σκώμματα
952 4689 1047 4740 καὶ
1075 4688 1409 4759 βωμολοχίας
1457 4691 1746 4760 παρείλετο
1775 4692 1882 4744 τῶν

297 4773 705 4829 κολακευόντων
752 4778 876 4842 τοὺς
916 4781 1234 4849 τυράννους,
1264 4781 1365 4834 καὶ
1388 4781 1714 4846 διεξιόντων,
1739 4782 1882 4835 ὲκεί-

296 4880 410 4925 νοις
460 4864 854 4936 χαριζομένων,
888 4869 965 4933 ὡς
1014 4871 1108 4923 τοῦ
1154 4875 1457 4944 στρατηγοῦ
1496 4875 1602 4927 τῶν
1647 4875 1881 4944 ’Δχαιῶν

294 4956 685 5027 ἐκταράττοιτο
714 4962 815 5030 μὲν
841 4963 875 5032 ή
903 4964 1078 5017 κοιλία
1104 4966 1251 5036 παρὰ
1282 4967 1380 5030 τὰς
1406 4969 1447 4998 ³⁸
1482 4969 1681 5038 μάχας,
1711 4970 1879 5039 κάρος

290 5047 353 5101 δὲ
388 5050 481 5101 καὶ
542 5050 748 5119 ἴλιγγος
804 5056 1139 5125 προσπίπτοι
1167 5059 1211 5088 ²¹
1241 5058 1357 5129 ἅμα
1408 5059 1486 5129 τῷ
1529 5062 1876 5131 παραστῆναι

1987 4677 2247 4732 dictitare
2280 4676 2544 4741 solebant,
2576 4677 2698 4731 duci
2738 4679 3058 4732 Achaeorum
3103 4690 3344 4748 tempore
3382 4681 3556 4749 praelii

1984 4768 2163 4824 alvum
2223 4768 2560 4831 conturbari.
2596 4770 2914 4837 vertiginem
2937 4778 2991 4823 et
3035 4785 3253 4837 gravem
3304 4787 3554 4841 soporem

1982 4859 2185 4914 oboriri
2241 4860 2592 4930 simulatque
2651 4861 2790 4915 tubae
2848 4862 3084 4916 sonitum
3157 4862 3549 4919 exaudivisset.

1982 4953 2167 5021 Itaque
2195 4961 2251 5005 ut
2298 4951 2530 5023 primum
2588 4953 2758 5007 aciem
2793 4954 3162 5018 instruxisset,
3194 4961 3248 5007 et
3290 4964 3552 5009 tesseram

1982 5046 2245 5110 dedisset,
2279 5044 2585 5113 percontari
2639 5045 2857 5099 solitum
2899 5048 3268 5112 centuriones,
3320 5056 3373 5101 et
3421 5046 3553 5114 quid

289 5139 389 5191 τὸν
442 5140 781 5215 σαλπιγκτὴν
804 5147 871 5209 ³³,
929 5149 1164 5215 ἐκτάξας
1191 5150 1246 5203 δὲ
1276 5153 1374 5221 τὴν
1421 5151 1650 5222 δύναμιν
1687 5154 1780 5206 καὶ
1815 5154 1875 5206 τὸ

1999 5151 2077 5189 ina
2098 5134 2384 5204 praesentia
2408 5149 2543 5203 opus
2576 5135 2736 5197 foret,
2759 5135 2903 5204 jacta
2928 5134 3037 5203 jam
3076 5137 3190 5190 alea
3216 5154 3231 5203 ;
3269 5145 3432 5206 atque
3477 5137 3550 5190 ita

293 5229 547 5300 σύνθημα
611 5239 1026 5310 παρεγγυήσας,
1084 5241 1180 5295 καὶ
1215 5241 1519 5313 πυθόμενος
1576 5244 1685 5297 τῶν
1740 5245 1871 5298 ὑπο-

294 5325 615 5392 στρατηγῶν
654 5331 726 5397 μή
767 5346 852 5393 τις
885 5330 1050 5384 αὐτοῦ
1074 5331 1233 5400 χρεία
1256 5334 1541 5403 παρόντος,
1574 5335 1867 5405 βεϐλῆσθαι

290 5410 402 5481 γὰρ
454 5416 578 5478 τοὺς
629 5417 1001 5490 ἀστραγάλους
1034 5463 1048 5488 ,
1105 5423 1416 5491 ἀπέρχοιτο,
1477 5425 1866 5496 καραδοκήσων

1979 5226 2369 5297 digredientem
2432 5241 2593 5293 quam
2664 5225 3004 5295 longissime,
3053 5236 3305 5282 eventum
3359 5242 3549 5297 pugnm

1976 5328 2310 5390 exspectare.
2346 5316 2471 5371 Haec
2500 5316 2715 5386 quidem
2742 5318 2816 5372 ita
2849 5320 3082 5374 obtinuit
3103 5321 3305 5389 opinio,
3342 5328 3398 5374 ut
3429 5320 3551 5389 phi-

1974 5412 2183 5483 1050phi
2215 5412 2376 5465 etiam
2406 5409 2459 5463 in
2489 5409 2688 5466 scholis
2722 5410 3023 5481 disputent.
3056 5423 3330 5469 tremorne
3365 5413 3546 5468 cordis

1564 5534 1699 5588 νΑιι
1712 5534 1803 5588 UE
1854 5524 2256 5587 LECTIONES.

335 5618 409 5700 κί’
452 5625 701 5700 σκιπίωνι
733 5628 823 5700 AA.

289 5706 462 5756 χωσαι
494 5710 549 5755 ς.

290 5833 421 5899 κτήν
447 5846 507 5895 ς’.

915 5627 958 5663 ¹⁸
988 5628 1378 5700 Μασσαλιῶται
1433 5624 1896 5700 ΒηΜασαλαῖται
1946 5624 2014 5700 Α,
2060 5618 2397 5700 Μασαλιῖτρι
2442 5636 2502 5683 ς.

649 5697 689 5727 ⁸⁸
720 5697 1001 5753 ἀνάπλεων
1041 5699 1101 5753 Β.
1181 5700 1223 5730 ¹⁶
1262 5699 1356 5752 τοῦ
1388 5698 1627 5752 τοιούτου
1670 5697 1706 5749 Β
1732 5708 1777 5748 et
1815 5711 1957 5750 corr.
1991 5695 2069 5747 A:
2107 5690 2168 5743 τὸ
2211 5690 2423 5742 τοιοῦτο
2453 5708 2514 5754 ς.

291 5762 335 5790 ἰ’
359 5759 626 5841 λαμπρῶς
671 5767 764 5819 καὶ
820 5769 958 5823 κατά
1022 5786 1080 5833 ς.
1160 5770 1205 5800 ¹⁰
1234 5769 1540 5841 Τραγίσκον
1575 5785 1635 5830 ς.
1713 5769 1755 5798 ²¹
1791 5766 1890 5830 τάς
1914 5765 2037 5820 add.
2070 5761 2131 5813 A.
2207 5760 2255 5791 “
2283 5761 2611 5825 προσπίπτοι
2636 5759 2709 5813 B:
2743 5759 3078 5830 προσπίπτει
3120 5777 3180 5823 ς.

2579 5619 2626 5651 ¹⁸
2653 5618 3102 5690 περιθριγκῶσαι
3133 5619 3175 5674 Α
3220 5638 3233 5673 :
3288 5633 3549 5690 περιτρο-

2592 5689 2764 5759 "ii-ct]
2812 5689 2860 5745 ρ.
2916 5704 3014 5741 xu.
3091 5689 3132 5719 ³⁸
3158 5691 3261 5757 ὅτι]
3309 5689 3545 5745 mnta.

3270 5762 3316 5795 ³³
3354 5759 3547 5816 σαλπι-
