  <div class='ocr_page' id='page_1' title='image "/cluster/home/n/w/nwhite01/storage/ocr_20150623/103/hvd.32044018872861/733.png"; bbox 0 0 4124 6386; ppageno 0'>
   <div class='ocr_carea' id='block_1_1' title="bbox 619 417 2181 487">
    <p class='ocr_par' dir='ltr' id='par_1_1' title="bbox 619 417 2181 485">
     <span class='ocr_line' id='line_1_1' title="bbox 619 417 2181 485; baseline 0.001 -3"><span class='ocrx_word' id='word_1_1' title='bbox 619 417 754 485; x_wconf 68' lang='grc'><strong>1455</strong></span> <span class='ocrx_word' id='word_1_2' title='bbox 1765 420 2021 483; x_wconf 83' lang='grc' dir='ltr'>ΡΙΙΟΤΙῙ</span> <span class='ocrx_word' id='word_1_3' title='bbox 2064 421 2181 483; x_wconf 70' lang='grc' dir='ltr'><strong>ΡΝ]</strong></span> 
     </span>
    </p>
   </div>
   <div class='ocr_carea' id='block_1_2' title="bbox 2286 417 3885 487">
    <p class='ocr_par' dir='ltr' id='par_1_2' title="bbox 2286 423 3885 487">
     <span class='ocr_line' id='line_1_2' title="bbox 2286 423 3885 487; baseline 0.003 -5"><span class='ocrx_word' id='word_1_4' title='bbox 2286 423 2571 486; x_wconf 70' lang='grc' dir='ltr'><strong>ΪΛΒΕΗᾹΞ</strong></span> <span class='ocrx_word' id='word_1_5' title='bbox 2609 424 2721 487; x_wconf 90' lang='lat' dir='ltr'><strong>CP.</strong></span> <span class='ocrx_word' id='word_1_6' title='bbox 3749 423 3885 486; x_wconf 65' lang='grc'><strong>1456</strong></span> 
     </span>
    </p>
   </div>
   <div class='ocr_carea' id='block_1_3' title="bbox 612 510 2181 610">
    <p class='ocr_par' dir='ltr' id='par_1_3' title="bbox 612 534 2181 606">
     <span class='ocr_line' id='line_1_3' title="bbox 612 534 2181 606; baseline -0.003 -12"><span class='ocrx_word' id='word_1_7' title='bbox 612 552 668 594; x_wconf 91' lang='lat' dir='ltr'><strong>ct</strong></span> <span class='ocrx_word' id='word_1_8' title='bbox 698 537 926 595; x_wconf 88' lang='lat' dir='ltr'><strong>mutatio</strong></span> <span class='ocrx_word' id='word_1_9' title='bbox 951 536 1169 602; x_wconf 89' lang='lat' dir='ltr'><strong>coloris,</strong></span> <span class='ocrx_word' id='word_1_10' title='bbox 1200 547 1254 591; x_wconf 89' lang='lat' dir='ltr'><strong>et</strong></span> <span class='ocrx_word' id='word_1_11' title='bbox 1286 536 1390 591; x_wconf 83' lang='lat' dir='ltr'><strong>alvi</strong></span> <span class='ocrx_word' id='word_1_12' title='bbox 1420 534 1620 589; x_wconf 87' lang='lat' dir='ltr'><strong>solutio</strong></span> <span class='ocrx_word' id='word_1_13' title='bbox 1651 546 1917 604; x_wconf 73' lang='lat' dir='ltr'><strong>praesente</strong></span> <span class='ocrx_word' id='word_1_14' title='bbox 1945 536 2181 606; x_wconf 81' lang='lat' dir='ltr'><strong>periculo</strong></span> 
     </span>
    </p>
   </div>
   <div class='ocr_carea' id='block_1_4' title="bbox 2286 510 3885 610">
    <p class='ocr_par' dir='ltr' id='par_1_4' title="bbox 2292 510 3885 610">
     <span class='ocr_line' id='line_1_4' title="bbox 2292 510 3885 610; baseline 0.001 -21"><span class='ocrx_word' id='word_1_15' title='bbox 2292 537 2578 610; x_wconf 69' lang='grc' dir='ltr'>πόρρωθεν</span> <span class='ocrx_word' id='word_1_16' title='bbox 2599 537 2660 592; x_wconf 87' lang='grc' dir='ltr'>τὸ</span> <span class='ocrx_word' id='word_1_17' title='bbox 2694 536 3131 609; x_wconf 75' lang='grc' dir='ltr'>συμϐησόμενον.</span> <span class='ocrx_word' id='word_1_18' title='bbox 3172 535 3360 591; x_wconf 77' lang='grc' dir='ltr'>Ταῦτα</span> <span class='ocrx_word' id='word_1_19' title='bbox 3392 536 3504 609; x_wconf 83' lang='grc' dir='ltr'><strong>γὰρ</strong></span> <span class='ocrx_word' id='word_1_20' title='bbox 3535 510 3712 600; x_wconf 61' lang='lat' dir='ltr'><strong>obrui;</strong></span> <span class='ocrx_word' id='word_1_21' title='bbox 3742 538 3885 607; x_wconf 76' lang='grc' dir='ltr'>ἰσχυ-</span> 
     </span>
    </p>
   </div>
   <div class='ocr_carea' id='block_1_5' title="bbox 616 627 2181 703">
    <p class='ocr_par' dir='ltr' id='par_1_5' title="bbox 616 627 2181 698">
     <span class='ocr_line' id='line_1_5' title="bbox 616 627 2181 698; baseline -0.004 -9"><span class='ocrx_word' id='word_1_22' title='bbox 616 635 926 690; x_wconf 73' lang='lat' dir='ltr'><strong>tiruidorum</strong></span> <span class='ocrx_word' id='word_1_23' title='bbox 962 630 1053 698; x_wconf 91' lang='lat' dir='ltr'><strong>sit,</strong></span> <span class='ocrx_word' id='word_1_24' title='bbox 1079 645 1148 684; x_wconf 86' lang='lat' dir='ltr'><strong>an</strong></span> <span class='ocrx_word' id='word_1_25' title='bbox 1181 628 1442 697; x_wconf 85' lang='lat' dir='ltr'><strong>cujusque</strong></span> <span class='ocrx_word' id='word_1_26' title='bbox 1477 627 1813 696; x_wconf 83' lang='lat' dir='ltr'><strong>intemperiei</strong></span> <span class='ocrx_word' id='word_1_27' title='bbox 1860 628 1911 680; x_wconf 92' lang='lat' dir='ltr'><strong>in</strong></span> <span class='ocrx_word' id='word_1_28' title='bbox 1964 642 2181 697; x_wconf 84' lang='lat' dir='ltr'><strong>corpore</strong></span> 
     </span>
    </p>
   </div>
   <div class='ocr_carea' id='block_1_6' title="bbox 2286 627 3889 703">
    <p class='ocr_par' dir='ltr' id='par_1_6' title="bbox 2294 629 3889 703">
     <span class='ocr_line' id='line_1_6' title="bbox 2294 629 3889 703; baseline -0.001 -18"><span class='ocrx_word' id='word_1_29' title='bbox 2294 648 2407 696; x_wconf 87' lang='grc' dir='ltr'>σεν,</span> <span class='ocrx_word' id='word_1_30' title='bbox 2435 631 2582 685; x_wconf 82' lang='grc' dir='ltr'>ὥστε</span> <span class='ocrx_word' id='word_1_31' title='bbox 2622 631 2719 684; x_wconf 76' lang='grc' dir='ltr'>καὶ</span> <span class='ocrx_word' id='word_1_32' title='bbox 2768 630 2897 693; x_wconf 80' lang='grc' dir='ltr'>τοὺς</span> <span class='ocrx_word' id='word_1_33' title='bbox 2938 629 3263 699; x_wconf 76' lang='grc' dir='ltr'><strong>φιλοσόφους</strong></span> <span class='ocrx_word' id='word_1_34' title='bbox 3284 630 3343 682; x_wconf 99' lang='lat' dir='ltr'><strong><em>tv</em></strong></span> <span class='ocrx_word' id='word_1_35' title='bbox 3366 633 3487 692; x_wconf 82' lang='grc' dir='ltr'>ταῖς</span> <span class='ocrx_word' id='word_1_36' title='bbox 3532 630 3756 700; x_wconf 80' lang='grc' dir='ltr'>σχολαῖς</span> <span class='ocrx_word' id='word_1_37' title='bbox 3787 630 3889 703; x_wconf 79' lang='grc' dir='ltr'><strong>ζη-</strong></span> 
     </span>
    </p>
   </div>
   <div class='ocr_carea' id='block_1_7' title="bbox 613 715 2181 795">
    <p class='ocr_par' dir='ltr' id='par_1_7' title="bbox 613 715 2181 794">
     <span class='ocr_line' id='line_1_7' title="bbox 613 715 2181 794; baseline -0.004 -14"><span class='ocrx_word' id='word_1_38' title='bbox 613 721 1042 794; x_wconf 82' lang='lat' dir='ltr'><strong>ctfrigiditatis;</strong></span> <span class='ocrx_word' id='word_1_39' title='bbox 1076 720 1303 776; x_wconf 82' lang='lat' dir='ltr'><strong>Aratum</strong></span> <span class='ocrx_word' id='word_1_40' title='bbox 1349 718 1497 772; x_wconf 88' lang='lat' dir='ltr'><strong>enim</strong></span> <span class='ocrx_word' id='word_1_41' title='bbox 1538 715 1737 771; x_wconf 89' lang='lat' dir='ltr'><strong>bonum</strong></span> <span class='ocrx_word' id='word_1_42' title='bbox 1767 730 1985 786; x_wconf 83' lang='lat' dir='ltr'><strong>semper</strong></span> <span class='ocrx_word' id='word_1_43' title='bbox 2001 717 2181 773; x_wconf 82' lang='lat' dir='ltr'><strong>ducem</strong></span> 
     </span>
    </p>
   </div>
   <div class='ocr_carea' id='block_1_8' title="bbox 2286 715 3886 795">
    <p class='ocr_par' dir='ltr' id='par_1_8' title="bbox 2290 719 3886 795">
     <span class='ocr_line' id='line_1_8' title="bbox 2290 719 3886 795; baseline -0.001 -19"><span class='ocrx_word' id='word_1_44' title='bbox 2290 724 2404 777; x_wconf 85' lang='grc' dir='ltr'>τεῖν</span> <span class='ocrx_word' id='word_1_45' title='bbox 2421 723 2470 755; x_wconf 71' lang='grc'><strong>⁸⁸</strong></span> <span class='ocrx_word' id='word_1_46' title='bbox 2494 724 2583 789; x_wconf 83' lang='lat' dir='ltr'><strong>ei,</strong></span> <span class='ocrx_word' id='word_1_47' title='bbox 2614 722 2675 775; x_wconf 82' lang='grc' dir='ltr'>τὸ</span> <span class='ocrx_word' id='word_1_48' title='bbox 2704 719 3003 775; x_wconf 83' lang='grc' dir='ltr'><strong>πάλλεσθαι</strong></span> <span class='ocrx_word' id='word_1_49' title='bbox 3041 719 3141 791; x_wconf 81' lang='grc' dir='ltr'><strong>τὴν</strong></span> <span class='ocrx_word' id='word_1_50' title='bbox 3169 720 3396 791; x_wconf 82' lang='grc' dir='ltr'>καρδίαν</span> <span class='ocrx_word' id='word_1_51' title='bbox 3441 721 3537 775; x_wconf 80' lang='grc' dir='ltr'>καὶ</span> <span class='ocrx_word' id='word_1_52' title='bbox 3574 721 3637 775; x_wconf 76' lang='grc' dir='ltr'>τὸ</span> <span class='ocrx_word' id='word_1_53' title='bbox 3683 724 3886 795; x_wconf 78' lang='grc' dir='ltr'>χρῶμα</span> 
     </span>
    </p>
   </div>
   <div class='ocr_carea' id='block_1_9' title="bbox 613 805 2181 893">
    <p class='ocr_par' dir='ltr' id='par_1_9' title="bbox 613 805 2181 880">
     <span class='ocr_line' id='line_1_9' title="bbox 613 805 2181 880; baseline -0.008 -8"><span class='ocrx_word' id='word_1_54' title='bbox 613 815 884 880; x_wconf 82' lang='lat' dir='ltr'><strong>habitum,</strong></span> <span class='ocrx_word' id='word_1_55' title='bbox 908 811 997 867; x_wconf 88' lang='lat' dir='ltr'><strong>cui</strong></span> <span class='ocrx_word' id='word_1_56' title='bbox 1029 820 1213 867; x_wconf 83' lang='lat' dir='ltr'><strong>tamen</strong></span> <span class='ocrx_word' id='word_1_57' title='bbox 1252 822 1318 865; x_wconf 85' lang='lat' dir='ltr'><strong>ea</strong></span> <span class='ocrx_word' id='word_1_58' title='bbox 1353 821 1569 877; x_wconf 85' lang='lat' dir='ltr'><strong>semper</strong></span> <span class='ocrx_word' id='word_1_59' title='bbox 1617 807 1671 860; x_wconf 94' lang='lat' dir='ltr'><strong>in</strong></span> <span class='ocrx_word' id='word_1_60' title='bbox 1728 805 1997 861; x_wconf 84' lang='lat' dir='ltr'><strong>obeundis</strong></span> <span class='ocrx_word' id='word_1_61' title='bbox 2044 806 2181 876; x_wconf 87' lang='lat' dir='ltr'><strong>peri-</strong></span> 
     </span>
    </p>
   </div>
   <div class='ocr_carea' id='block_1_10' title="bbox 2286 805 3886 893">
    <p class='ocr_par' dir='ltr' id='par_1_10' title="bbox 2288 813 3886 886">
     <span class='ocr_line' id='line_1_10' title="bbox 2288 813 3886 886; baseline 0.001 -17"><span class='ocrx_word' id='word_1_62' title='bbox 2288 816 2597 886; x_wconf 89' lang='grc' dir='ltr'>τρέπεσθαι</span> <span class='ocrx_word' id='word_1_63' title='bbox 2657 816 2704 847; x_wconf 74' lang='grc'><strong>’⁸</strong></span> <span class='ocrx_word' id='word_1_64' title='bbox 2728 815 2822 869; x_wconf 75' lang='grc' dir='ltr'>καὶ</span> <span class='ocrx_word' id='word_1_65' title='bbox 2840 814 2942 884; x_wconf 77' lang='grc' dir='ltr'><strong>τήν</strong></span> <span class='ocrx_word' id='word_1_66' title='bbox 2962 813 3171 869; x_wconf 89' lang='grc' dir='ltr'>κοιλίαν</span> <span class='ocrx_word' id='word_1_67' title='bbox 3188 814 3605 885; x_wconf 74' lang='grc' dir='ltr'><strong>ἐξυγραίνεσθαι</strong></span> <span class='ocrx_word' id='word_1_68' title='bbox 3632 820 3792 885; x_wconf 81' lang='grc' dir='ltr'><strong>παρά</strong></span> <span class='ocrx_word' id='word_1_69' title='bbox 3821 818 3886 870; x_wconf 71' lang='grc' dir='ltr'><strong>τά</strong></span> 
     </span>
    </p>
   </div>
   <div class='ocr_carea' id='block_1_11' title="bbox 613 897 2193 970">
    <p class='ocr_par' dir='ltr' id='par_1_11' title="bbox 613 897 2193 970">
     <span class='ocr_line' id='line_1_11' title="bbox 613 897 2193 970; baseline -0.006 -7"><span class='ocrx_word' id='word_1_70' title='bbox 613 908 753 964; x_wconf 84' lang='lat' dir='ltr'><strong>culis</strong></span> <span class='ocrx_word' id='word_1_71' title='bbox 800 904 1121 961; x_wconf 91' lang='lat' dir='ltr'><strong>acciderint.</strong></span> <span class='ocrx_word' id='word_1_72' title='bbox 1161 902 1297 969; x_wconf 86' lang='lat' dir='ltr'><strong>Quia</strong></span> <span class='ocrx_word' id='word_1_73' title='bbox 1346 901 1569 970; x_wconf 89' lang='lat' dir='ltr'><strong>antiqua</strong></span> <span class='ocrx_word' id='word_1_74' title='bbox 1632 897 1713 953; x_wconf 80' lang='lat' dir='ltr'><strong>lex</strong></span> <span class='ocrx_word' id='word_1_75' title='bbox 1754 908 1895 963; x_wconf 82' lang='lat' dir='ltr'><strong>erat,</strong></span> <span class='ocrx_word' id='word_1_76' title='bbox 1952 911 2020 953; x_wconf 89' lang='lat' dir='ltr'><strong>ne</strong></span> <span class='ocrx_word' id='word_1_77' title='bbox 2065 897 2193 968; x_wconf 85' lang='lat' dir='ltr'><strong>quis</strong></span> 
     </span>
    </p>
   </div>
   <div class='ocr_carea' id='block_1_12' title="bbox 614 989 2189 1067">
    <p class='ocr_par' dir='ltr' id='par_1_12' title="bbox 614 989 2189 1067">
     <span class='ocr_line' id='line_1_12' title="bbox 614 989 2189 1067; baseline -0.008 -11"><span class='ocrx_word' id='word_1_78' title='bbox 614 1001 758 1055; x_wconf 88' lang='lat' dir='ltr'><strong>intra</strong></span> <span class='ocrx_word' id='word_1_79' title='bbox 800 1012 987 1055; x_wconf 89' lang='lat' dir='ltr'><strong>muros</strong></span> <span class='ocrx_word' id='word_1_80' title='bbox 1044 995 1385 1067; x_wconf 88' lang='lat' dir='ltr'><strong>sepeliretur,</strong></span> <span class='ocrx_word' id='word_1_81' title='bbox 1452 1005 1684 1063; x_wconf 87' lang='lat' dir='ltr'><strong>eamque</strong></span> <span class='ocrx_word' id='word_1_82' title='bbox 1758 989 1931 1061; x_wconf 82' lang='lat' dir='ltr'><strong>legem</strong></span> <span class='ocrx_word' id='word_1_83' title='bbox 1994 1002 2189 1060; x_wconf 85' lang='lat' dir='ltr'><strong>magna</strong></span> 
     </span>
    </p>
   </div>
   <div class='ocr_carea' id='block_1_13' title="bbox 612 1080 2190 1157">
    <p class='ocr_par' dir='ltr' id='par_1_13' title="bbox 612 1080 2190 1157">
     <span class='ocr_line' id='line_1_13' title="bbox 612 1080 2190 1157; baseline -0.007 -11"><span class='ocrx_word' id='word_1_84' title='bbox 612 1091 974 1147; x_wconf 73' lang='lat' dir='ltr'><strong>comitabatur</strong></span> <span class='ocrx_word' id='word_1_85' title='bbox 1004 1086 1339 1157; x_wconf 86' lang='lat' dir='ltr'><strong>superstitio,</strong></span> <span class='ocrx_word' id='word_1_86' title='bbox 1374 1082 1612 1153; x_wconf 82' lang='lat' dir='ltr'><strong>Delphos</strong></span> <span class='ocrx_word' id='word_1_87' title='bbox 1652 1082 2004 1139; x_wconf 87' lang='lat' dir='ltr'><strong>miseruntea</strong></span> <span class='ocrx_word' id='word_1_88' title='bbox 2036 1080 2105 1135; x_wconf 90' lang='lat' dir='ltr'><strong>de</strong></span> <span class='ocrx_word' id='word_1_89' title='bbox 2132 1094 2190 1135; x_wconf 87' lang='lat' dir='ltr'><strong>re</strong></span> 
     </span>
    </p>
   </div>
   <div class='ocr_carea' id='block_1_14' title="bbox 613 1171 2187 1251">
    <p class='ocr_par' dir='ltr' id='par_1_14' title="bbox 613 1171 2187 1251">
     <span class='ocr_line' id='line_1_14' title="bbox 613 1171 2187 1251; baseline -0.007 -13"><span class='ocrx_word' id='word_1_90' title='bbox 613 1182 950 1238; x_wconf 87' lang='lat' dir='ltr'><strong>sciscitatum</strong></span> <span class='ocrx_word' id='word_1_91' title='bbox 989 1178 1268 1251; x_wconf 85' lang='lat' dir='ltr'><strong>Pythiam,</strong></span> <span class='ocrx_word' id='word_1_92' title='bbox 1310 1191 1429 1244; x_wconf 71' lang='lat' dir='ltr'><strong>quae</strong></span> <span class='ocrx_word' id='word_1_93' title='bbox 1458 1173 1728 1244; x_wconf 84' lang='lat' dir='ltr'><strong>permisit.</strong></span> <span class='ocrx_word' id='word_1_94' title='bbox 1764 1172 1832 1228; x_wconf 87' lang='lat' dir='ltr'><strong>Et</strong></span> <span class='ocrx_word' id='word_1_95' title='bbox 1863 1182 1976 1227; x_wconf 89' lang='lat' dir='ltr'><strong>tum</strong></span> <span class='ocrx_word' id='word_1_96' title='bbox 2002 1171 2187 1227; x_wconf 63' lang='lat' dir='ltr'><strong>caeteri</strong></span> 
     </span>
    </p>
   </div>
   <div class='ocr_carea' id='block_1_15' title="bbox 611 1263 2187 1339">
    <p class='ocr_par' dir='ltr' id='par_1_15' title="bbox 611 1263 2187 1339">
     <span class='ocr_line' id='line_1_15' title="bbox 611 1263 2187 1339; baseline -0.007 -11"><span class='ocrx_word' id='word_1_97' title='bbox 611 1274 817 1338; x_wconf 75' lang='lat' dir='ltr'><strong>Achaei,</strong></span> <span class='ocrx_word' id='word_1_98' title='bbox 842 1282 953 1327; x_wconf 89' lang='lat' dir='ltr'><strong>tum</strong></span> <span class='ocrx_word' id='word_1_99' title='bbox 976 1286 1106 1326; x_wconf 89' lang='lat' dir='ltr'><strong>vero</strong></span> <span class='ocrx_word' id='word_1_100' title='bbox 1141 1268 1377 1339; x_wconf 80' lang='lat' dir='ltr'><strong>Sicyonii</strong></span> <span class='ocrx_word' id='word_1_101' title='bbox 1408 1266 1576 1337; x_wconf 84' lang='lat' dir='ltr'><strong>gavisi</strong></span> <span class='ocrx_word' id='word_1_102' title='bbox 1602 1274 1749 1330; x_wconf 89' lang='lat' dir='ltr'><strong>sunt,</strong></span> <span class='ocrx_word' id='word_1_103' title='bbox 1781 1272 2099 1333; x_wconf 90' lang='lat' dir='ltr'><strong>mutatoque</strong></span> <span class='ocrx_word' id='word_1_104' title='bbox 2130 1263 2187 1317; x_wconf 88' lang='lat' dir='ltr'><strong>in</strong></span> 
     </span>
    </p>
   </div>
   <div class='ocr_carea' id='block_1_16' title="bbox 612 1356 2187 1428">
    <p class='ocr_par' dir='ltr' id='par_1_16' title="bbox 612 1356 2187 1428">
     <span class='ocr_line' id='line_1_16' title="bbox 612 1356 2187 1428; baseline -0.006 -8"><span class='ocrx_word' id='word_1_105' title='bbox 612 1366 961 1423; x_wconf 78' lang='lat' dir='ltr'><strong>festivitatem</strong></span> <span class='ocrx_word' id='word_1_106' title='bbox 990 1364 1158 1426; x_wconf 91' lang='lat' dir='ltr'><strong>luctu,</strong></span> <span class='ocrx_word' id='word_1_107' title='bbox 1190 1359 1435 1417; x_wconf 86' lang='lat' dir='ltr'><strong>coronati</strong></span> <span class='ocrx_word' id='word_1_108' title='bbox 1470 1357 1908 1428; x_wconf 90' lang='lat' dir='ltr'><strong>albisquelnduti</strong></span> <span class='ocrx_word' id='word_1_109' title='bbox 1943 1356 2187 1412; x_wconf 83' lang='lat' dir='ltr'><strong>vestibus</strong></span> 
     </span>
    </p>
   </div>
   <div class='ocr_carea' id='block_1_17' title="bbox 610 1451 2189 1529">
    <p class='ocr_par' dir='ltr' id='par_1_17' title="bbox 610 1451 2189 1529">
     <span class='ocr_line' id='line_1_17' title="bbox 610 1451 2189 1529; baseline -0.007 -16"><span class='ocrx_word' id='word_1_110' title='bbox 610 1474 807 1529; x_wconf 91' lang='lat' dir='ltr'><strong>corpus</strong></span> <span class='ocrx_word' id='word_1_111' title='bbox 845 1457 964 1528; x_wconf 86' lang='lat' dir='ltr'><strong>ejus</strong></span> <span class='ocrx_word' id='word_1_112' title='bbox 986 1456 1167 1511; x_wconf 87' lang='lat' dir='ltr'><strong>statim</strong></span> <span class='ocrx_word' id='word_1_113' title='bbox 1218 1453 1271 1508; x_wconf 92' lang='lat' dir='ltr'><strong>in</strong></span> <span class='ocrx_word' id='word_1_114' title='bbox 1308 1453 1497 1506; x_wconf 85' lang='lat' dir='ltr'><strong>urbem</strong></span> <span class='ocrx_word' id='word_1_115' title='bbox 1546 1451 1923 1519; x_wconf 90' lang='lat' dir='ltr'><strong>deportarunt,</strong></span> <span class='ocrx_word' id='word_1_116' title='bbox 1976 1461 2189 1519; x_wconf 61' lang='lat' dir='ltr'><strong>paeanes</strong></span> 
     </span>
    </p>
   </div>
   <div class='ocr_carea' id='block_1_18' title="bbox 609 1538 2189 1611">
    <p class='ocr_par' dir='ltr' id='par_1_18' title="bbox 609 1538 2189 1611">
     <span class='ocr_line' id='line_1_18' title="bbox 609 1538 2189 1611; baseline -0.009 -6"><span class='ocrx_word' id='word_1_117' title='bbox 609 1550 825 1607; x_wconf 83' lang='lat' dir='ltr'><strong>choreis</strong></span> <span class='ocrx_word' id='word_1_118' title='bbox 857 1549 1206 1605; x_wconf 87' lang='lat' dir='ltr'><strong>accinentes:</strong></span> <span class='ocrx_word' id='word_1_119' title='bbox 1264 1558 1330 1599; x_wconf 90' lang='lat' dir='ltr'><strong>ac</strong></span> <span class='ocrx_word' id='word_1_120' title='bbox 1375 1542 1493 1597; x_wconf 91' lang='lat' dir='ltr'><strong>loco</strong></span> <span class='ocrx_word' id='word_1_121' title='bbox 1545 1541 1758 1596; x_wconf 90' lang='lat' dir='ltr'><strong>delecto</strong></span> <span class='ocrx_word' id='word_1_122' title='bbox 1806 1540 1897 1611; x_wconf 91' lang='lat' dir='ltr'><strong>qui</strong></span> <span class='ocrx_word' id='word_1_123' title='bbox 1947 1538 2189 1596; x_wconf 92' lang='lat' dir='ltr'><strong>omnium</strong></span> 
     </span>
    </p>
   </div>
   <div class='ocr_carea' id='block_1_19' title="bbox 608 1636 2188 1714">
    <p class='ocr_par' dir='ltr' id='par_1_19' title="bbox 608 1636 2188 1714">
     <span class='ocr_line' id='line_1_19' title="bbox 608 1636 2188 1714; baseline -0.01 -14"><span class='ocrx_word' id='word_1_124' title='bbox 608 1644 923 1714; x_wconf 87' lang='lat' dir='ltr'><strong>conspectui</strong></span> <span class='ocrx_word' id='word_1_125' title='bbox 971 1649 1201 1713; x_wconf 87' lang='lat' dir='ltr'><strong>pateret,</strong></span> <span class='ocrx_word' id='word_1_126' title='bbox 1265 1648 1521 1707; x_wconf 90' lang='lat' dir='ltr'><strong>tanquam</strong></span> <span class='ocrx_word' id='word_1_127' title='bbox 1592 1636 1932 1692; x_wconf 86' lang='lat' dir='ltr'><strong>conditorem</strong></span> <span class='ocrx_word' id='word_1_128' title='bbox 1995 1647 2188 1689; x_wconf 86' lang='lat' dir='ltr'><strong>serva-</strong></span> 
     </span>
    </p>
   </div>
   <div class='ocr_carea' id='block_1_20' title="bbox 610 1726 2190 1802">
    <p class='ocr_par' dir='ltr' id='par_1_20' title="bbox 610 1726 2190 1802">
     <span class='ocr_line' id='line_1_20' title="bbox 610 1726 2190 1802; baseline -0.008 -13"><span class='ocrx_word' id='word_1_129' title='bbox 610 1744 892 1802; x_wconf 82' lang='lat' dir='ltr'><strong>toremque</strong></span> <span class='ocrx_word' id='word_1_130' title='bbox 940 1734 1090 1788; x_wconf 88' lang='lat' dir='ltr'><strong>urbis</strong></span> <span class='ocrx_word' id='word_1_131' title='bbox 1151 1729 1533 1798; x_wconf 88' lang='lat' dir='ltr'><strong>sepeliverunt.</strong></span> <span class='ocrx_word' id='word_1_132' title='bbox 1588 1727 1734 1782; x_wconf 88' lang='lat' dir='ltr'><strong>Loco</strong></span> <span class='ocrx_word' id='word_1_133' title='bbox 1773 1726 2067 1781; x_wconf 90' lang='lat' dir='ltr'><strong>etiamnum</strong></span> <span class='ocrx_word' id='word_1_134' title='bbox 2105 1730 2190 1778; x_wconf 86' lang='lat' dir='ltr'><strong>est</strong></span> 
     </span>
    </p>
   </div>
   <div class='ocr_carea' id='block_1_21' title="bbox 611 1816 2180 1889">
    <p class='ocr_par' dir='ltr' id='par_1_21' title="bbox 611 1816 2180 1889">
     <span class='ocr_line' id='line_1_21' title="bbox 611 1816 2180 1889; baseline -0.006 -9"><span class='ocrx_word' id='word_1_135' title='bbox 611 1840 803 1880; x_wconf 89' lang='lat' dir='ltr'><strong>nomen</strong></span> <span class='ocrx_word' id='word_1_136' title='bbox 827 1825 1108 1880; x_wconf 84' lang='lat' dir='ltr'><strong>Arateum.</strong></span> <span class='ocrx_word' id='word_1_137' title='bbox 1145 1823 1393 1879; x_wconf 85' lang='lat' dir='ltr'><strong>Mortuus</strong></span> <span class='ocrx_word' id='word_1_138' title='bbox 1439 1832 1522 1878; x_wconf 91' lang='lat' dir='ltr'><strong>est</strong></span> <span class='ocrx_word' id='word_1_139' title='bbox 1560 1820 1747 1889; x_wconf 87' lang='lat' dir='ltr'><strong>specie</strong></span> <span class='ocrx_word' id='word_1_140' title='bbox 1786 1816 2180 1873; x_wconf 84' lang='lat' dir='ltr'><strong>familiaritatis</strong></span> 
     </span>
    </p>
   </div>
   <div class='ocr_carea' id='block_1_22' title="bbox 2292 905 3883 978">
    <p class='ocr_par' dir='ltr' id='par_1_22' title="bbox 2292 905 3883 978">
     <span class='ocr_line' id='line_1_22' title="bbox 2292 905 3883 978; baseline 0.001 -19"><span class='ocrx_word' id='word_1_141' title='bbox 2292 906 2594 976; x_wconf 82' lang='grc' dir='ltr'>φαινόμενα</span> <span class='ocrx_word' id='word_1_142' title='bbox 2612 905 2762 960; x_wconf 90' lang='grc' dir='ltr'>δεινά</span> <span class='ocrx_word' id='word_1_143' title='bbox 2786 905 2990 969; x_wconf 77' lang='grc' dir='ltr'><strong>δειλίας</strong></span> <span class='ocrx_word' id='word_1_144' title='bbox 3007 906 3154 959; x_wconf 74' lang='grc' dir='ltr'>ἐστὶν</span> <span class='ocrx_word' id='word_1_145' title='bbox 3180 906 3212 977; x_wconf 79' lang='grc' dir='ltr'><strong>ἥ</strong></span> <span class='ocrx_word' id='word_1_146' title='bbox 3231 906 3573 978; x_wconf 68' lang='grc' dir='ltr'>δυπρασίάς</span> <span class='ocrx_word' id='word_1_147' title='bbox 3588 909 3737 970; x_wconf 70' lang='grc' dir='ltr'>τινος</span> <span class='ocrx_word' id='word_1_148' title='bbox 3754 910 3883 976; x_wconf 75' lang='grc' dir='ltr'>περὶ</span> 
     </span>
    </p>
   </div>
   <div class='ocr_carea' id='block_1_23' title="bbox 2290 995 3883 1069">
    <p class='ocr_par' dir='ltr' id='par_1_23' title="bbox 2290 995 3883 1069">
     <span class='ocr_line' id='line_1_23' title="bbox 2290 995 3883 1069; baseline 0.001 -19"><span class='ocrx_word' id='word_1_149' title='bbox 2290 997 2351 1050; x_wconf 79' lang='grc' dir='ltr'>τὸ</span> <span class='ocrx_word' id='word_1_150' title='bbox 2385 996 2544 1067; x_wconf 86' lang='grc' dir='ltr'>σῶμα</span> <span class='ocrx_word' id='word_1_151' title='bbox 2593 997 2689 1050; x_wconf 71' lang='grc' dir='ltr'>καὶ</span> <span class='ocrx_word' id='word_1_152' title='bbox 2709 995 3070 1067; x_wconf 74' lang='grc' dir='ltr'>ψυχρότητοςο</span> <span class='ocrx_word' id='word_1_153' title='bbox 3096 997 3189 1051; x_wconf 70' lang='grc' dir='ltr'>τὸν</span> <span class='ocrx_word' id='word_1_154' title='bbox 3215 997 3327 1069; x_wconf 84' lang='grc' dir='ltr'>γὰρ</span> <span class='ocrx_word' id='word_1_155' title='bbox 3383 998 3621 1068; x_wconf 81' lang='grc' dir='ltr'>Ἀρατον</span> <span class='ocrx_word' id='word_1_156' title='bbox 3659 997 3756 1051; x_wconf 85' lang='grc' dir='ltr'>ἀεὶ</span> <span class='ocrx_word' id='word_1_157' title='bbox 3787 998 3883 1069; x_wconf 78' lang='grc' dir='ltr'>μὲν</span> 
     </span>
    </p>
   </div>
   <div class='ocr_carea' id='block_1_24' title="bbox 2290 1086 3881 1160">
    <p class='ocr_par' dir='ltr' id='par_1_24' title="bbox 2290 1086 3881 1160">
     <span class='ocr_line' id='line_1_24' title="bbox 2290 1086 3881 1160; baseline 0 -19"><span class='ocrx_word' id='word_1_158' title='bbox 2290 1087 2494 1157; x_wconf 82' lang='grc' dir='ltr'>ἀγαθὸν</span> <span class='ocrx_word' id='word_1_159' title='bbox 2535 1086 2789 1159; x_wconf 77' lang='grc' dir='ltr'>ἡγεῖσθαι</span> <span class='ocrx_word' id='word_1_160' title='bbox 2818 1088 3145 1160; x_wconf 75' lang='grc' dir='ltr'>στρατηγὸν,</span> <span class='ocrx_word' id='word_1_161' title='bbox 3175 1089 3263 1143; x_wconf 80' lang='grc' dir='ltr'>ἀεὶ</span> <span class='ocrx_word' id='word_1_162' title='bbox 3290 1088 3350 1142; x_wconf 83' lang='grc' dir='ltr'>δὲ</span> <span class='ocrx_word' id='word_1_163' title='bbox 3376 1088 3553 1142; x_wconf 84' lang='grc' dir='ltr'>ταῦτα</span> <span class='ocrx_word' id='word_1_164' title='bbox 3599 1088 3881 1158; x_wconf 73' lang='grc' dir='ltr'>πάσχοντα</span> 
     </span>
    </p>
   </div>
   <div class='ocr_carea' id='block_1_25' title="bbox 2290 1178 3881 1252">
    <p class='ocr_par' dir='ltr' id='par_1_25' title="bbox 2290 1178 3881 1252">
     <span class='ocr_line' id='line_1_25' title="bbox 2290 1178 3881 1252; baseline -0.001 -20"><span class='ocrx_word' id='word_1_165' title='bbox 2290 1179 2443 1251; x_wconf 87' lang='grc' dir='ltr'><strong>παρά</strong></span> <span class='ocrx_word' id='word_1_166' title='bbox 2512 1181 2639 1246; x_wconf 82' lang='grc' dir='ltr'>τοὺς</span> <span class='ocrx_word' id='word_1_167' title='bbox 2686 1179 2925 1250; x_wconf 87' lang='grc' dir='ltr'>ἀγῶνας.</span> <span class='ocrx_word' id='word_1_168' title='bbox 2979 1180 3101 1235; x_wconf 82' lang='grc' dir='ltr'><strong>Ὀτι</strong></span> <span class='ocrx_word' id='word_1_169' title='bbox 3131 1180 3179 1213; x_wconf 77' lang='grc'><strong>⁸⁸</strong></span> <span class='ocrx_word' id='word_1_170' title='bbox 3233 1180 3399 1250; x_wconf 90' lang='grc' dir='ltr'>νόμου</span> <span class='ocrx_word' id='word_1_171' title='bbox 3465 1179 3681 1252; x_wconf 73' lang='grc' dir='ltr'>(φησὶν)</span> <span class='ocrx_word' id='word_1_172' title='bbox 3732 1178 3881 1241; x_wconf 80' lang='grc' dir='ltr'>δντος</span> 
     </span>
    </p>
   </div>
   <div class='ocr_carea' id='block_1_26' title="bbox 2290 1270 3880 1345">
    <p class='ocr_par' dir='ltr' id='par_1_26' title="bbox 2290 1270 3880 1345">
     <span class='ocr_line' id='line_1_26' title="bbox 2290 1270 3880 1345; baseline -0.002 -20"><span class='ocrx_word' id='word_1_173' title='bbox 2290 1272 2518 1343; x_wconf 80' lang='grc' dir='ltr'>ἀρχαίου</span> <span class='ocrx_word' id='word_1_174' title='bbox 2571 1273 2778 1345; x_wconf 83' lang='grc' dir='ltr'>μηδένα</span> <span class='ocrx_word' id='word_1_175' title='bbox 2832 1270 3131 1327; x_wconf 88' lang='grc' dir='ltr'>θάπτεσθαι</span> <span class='ocrx_word' id='word_1_176' title='bbox 3185 1271 3381 1342; x_wconf 81' lang='grc' dir='ltr'>τειχῶν</span> <span class='ocrx_word' id='word_1_177' title='bbox 3417 1270 3593 1336; x_wconf 77' lang='grc' dir='ltr'>ἐντὸς,</span> <span class='ocrx_word' id='word_1_178' title='bbox 3651 1271 3880 1341; x_wconf 75' lang='grc' dir='ltr'>ἰσχυρᾶς</span> 
     </span>
    </p>
   </div>
   <div class='ocr_carea' id='block_1_27' title="bbox 2290 1360 3882 1435">
    <p class='ocr_par' dir='ltr' id='par_1_27' title="bbox 2290 1360 3882 1435">
     <span class='ocr_line' id='line_1_27' title="bbox 2290 1360 3882 1435; baseline -0.003 -18"><span class='ocrx_word' id='word_1_179' title='bbox 2290 1381 2350 1417; x_wconf 90' lang='grc' dir='ltr'><strong>τε</strong></span> <span class='ocrx_word' id='word_1_180' title='bbox 2379 1365 2426 1397; x_wconf 74' lang='grc'><strong>’⁷</strong></span> <span class='ocrx_word' id='word_1_181' title='bbox 2458 1364 2536 1435; x_wconf 87' lang='grc' dir='ltr'>τῷ</span> <span class='ocrx_word' id='word_1_182' title='bbox 2576 1366 2725 1435; x_wconf 88' lang='grc' dir='ltr'>νόμῳ</span> <span class='ocrx_word' id='word_1_183' title='bbox 2750 1364 3173 1435; x_wconf 81' lang='grc' dir='ltr'>δεισιδαιμονίας</span> <span class='ocrx_word' id='word_1_184' title='bbox 3196 1362 3526 1435; x_wconf 81' lang='grc' dir='ltr'><strong>προσούσης,</strong></span> <span class='ocrx_word' id='word_1_185' title='bbox 3558 1363 3820 1433; x_wconf 76' lang='grc' dir='ltr'>ἔπεμψαν</span> <span class='ocrx_word' id='word_1_186' title='bbox 3836 1360 3882 1393; x_wconf 74' lang='grc'><em>³³</em></span> 
     </span>
    </p>
   </div>
   <div class='ocr_carea' id='block_1_28' title="bbox 2290 1451 3879 1525">
    <p class='ocr_par' dir='ltr' id='par_1_28' title="bbox 2290 1451 3879 1525">
     <span class='ocr_line' id='line_1_28' title="bbox 2290 1451 3879 1525; baseline -0.001 -20"><span class='ocrx_word' id='word_1_187' title='bbox 2290 1455 2371 1516; x_wconf 87' lang='grc' dir='ltr'><strong>είς</strong></span> <span class='ocrx_word' id='word_1_188' title='bbox 2427 1453 2666 1522; x_wconf 78' lang='grc' dir='ltr'>Δελφοὺς</span> <span class='ocrx_word' id='word_1_189' title='bbox 2727 1454 2868 1525; x_wconf 83' lang='grc' dir='ltr'>ὑπὲρ</span> <span class='ocrx_word' id='word_1_190' title='bbox 2915 1453 3120 1508; x_wconf 85' lang='grc' dir='ltr'>τούτων</span> <span class='ocrx_word' id='word_1_191' title='bbox 3170 1454 3493 1524; x_wconf 76' lang='grc' dir='ltr'>ἐρησόμενοι</span> <span class='ocrx_word' id='word_1_192' title='bbox 3519 1452 3618 1523; x_wconf 82' lang='grc' dir='ltr'>τὴν</span> <span class='ocrx_word' id='word_1_193' title='bbox 3648 1451 3879 1505; x_wconf 84' lang='grc' dir='ltr'>Πυθίαν·</span> 
     </span>
    </p>
   </div>
   <div class='ocr_carea' id='block_1_29' title="bbox 2290 1542 3881 1615">
    <p class='ocr_par' dir='ltr' id='par_1_29' title="bbox 2290 1542 3881 1615">
     <span class='ocr_line' id='line_1_29' title="bbox 2290 1542 3881 1615; baseline -0.002 -18"><span class='ocrx_word' id='word_1_194' title='bbox 2290 1546 2324 1614; x_wconf 78' lang='grc' dir='ltr'><strong>ἡ</strong></span> <span class='ocrx_word' id='word_1_195' title='bbox 2356 1544 2412 1597; x_wconf 82' lang='grc' dir='ltr'>δὲ</span> <span class='ocrx_word' id='word_1_196' title='bbox 2442 1544 2736 1615; x_wconf 78' lang='grc' dir='ltr'>ἐπέτρεπε.</span> <span class='ocrx_word' id='word_1_197' title='bbox 2772 1545 2884 1598; x_wconf 75' lang='grc' dir='ltr'><strong>Καὶ</strong></span> <span class='ocrx_word' id='word_1_198' title='bbox 2913 1544 2967 1597; x_wconf 84' lang='grc' dir='ltr'><strong>οῖ</strong></span> <span class='ocrx_word' id='word_1_199' title='bbox 2982 1561 3039 1597; x_wconf 88' lang='grc' dir='ltr'><strong>τε</strong></span> <span class='ocrx_word' id='word_1_200' title='bbox 3074 1544 3281 1614; x_wconf 75' lang='grc' dir='ltr'>Ἀχαιοὶ</span> <span class='ocrx_word' id='word_1_201' title='bbox 3333 1542 3573 1606; x_wconf 74' lang='grc' dir='ltr'>ἅπαντες</span> <span class='ocrx_word' id='word_1_202' title='bbox 3604 1542 3881 1613; x_wconf 74' lang='grc' dir='ltr'>ἥσθησαν,</span> 
     </span>
    </p>
   </div>
   <div class='ocr_carea' id='block_1_30' title="bbox 2291 1634 3884 1707">
    <p class='ocr_par' dir='ltr' id='par_1_30' title="bbox 2291 1634 3884 1707">
     <span class='ocr_line' id='line_1_30' title="bbox 2291 1634 3884 1707; baseline -0.003 -18"><span class='ocrx_word' id='word_1_203' title='bbox 2291 1636 2390 1689; x_wconf 70' lang='grc' dir='ltr'>καὶ</span> <span class='ocrx_word' id='word_1_204' title='bbox 2451 1635 2825 1707; x_wconf 81' lang='grc' dir='ltr'>διαφερόντως</span> <span class='ocrx_word' id='word_1_205' title='bbox 2861 1638 2909 1689; x_wconf 93' lang='grc' dir='ltr'>οἱ</span> <span class='ocrx_word' id='word_1_206' title='bbox 2940 1634 3250 1701; x_wconf 85' lang='grc' dir='ltr'>Σικυώνιοι,</span> <span class='ocrx_word' id='word_1_207' title='bbox 3302 1634 3702 1706; x_wconf 81' lang='grc' dir='ltr'>μεταόαλόντες</span> <span class='ocrx_word' id='word_1_208' title='bbox 3720 1634 3768 1665; x_wconf 77' lang='grc'><strong>’⁷</strong></span> <span class='ocrx_word' id='word_1_209' title='bbox 3805 1635 3884 1696; x_wconf 71' lang='grc' dir='ltr'>εἰς</span> 
     </span>
    </p>
   </div>
   <div class='ocr_carea' id='block_1_31' title="bbox 2291 1719 3885 1794">
    <p class='ocr_par' dir='ltr' id='par_1_31' title="bbox 2291 1719 3885 1794">
     <span class='ocr_line' id='line_1_31' title="bbox 2291 1719 3885 1794; baseline 0.001 -19"><span class='ocrx_word' id='word_1_210' title='bbox 2291 1719 2486 1794; x_wconf 79' lang='grc' dir='ltr'>ἑορτὴν</span> <span class='ocrx_word' id='word_1_211' title='bbox 2544 1724 2607 1776; x_wconf 85' lang='grc' dir='ltr'>τὸ</span> <span class='ocrx_word' id='word_1_212' title='bbox 2668 1722 2905 1791; x_wconf 81' lang='grc' dir='ltr'>πένθος,</span> <span class='ocrx_word' id='word_1_213' title='bbox 2976 1724 3139 1788; x_wconf 78' lang='grc' dir='ltr'>εὐθὺς</span> <span class='ocrx_word' id='word_1_214' title='bbox 3189 1726 3254 1778; x_wconf 74' lang='grc' dir='ltr'>ὲκ</span> <span class='ocrx_word' id='word_1_215' title='bbox 3306 1724 3403 1778; x_wconf 83' lang='grc' dir='ltr'>τοῦ</span> <span class='ocrx_word' id='word_1_216' title='bbox 3470 1724 3661 1792; x_wconf 75' lang='grc' dir='ltr'>Αἰγίου</span> <span class='ocrx_word' id='word_1_217' title='bbox 3718 1723 3885 1776; x_wconf 64' lang='grc' dir='ltr'><strong>τίαν*ο</strong></span> 
     </span>
    </p>
   </div>
   <div class='ocr_carea' id='block_1_32' title="bbox 2290 1811 3883 1885">
    <p class='ocr_par' dir='ltr' id='par_1_32' title="bbox 2290 1811 3883 1885">
     <span class='ocr_line' id='line_1_32' title="bbox 2290 1811 3883 1885; baseline -0.001 -17"><span class='ocrx_word' id='word_1_218' title='bbox 2290 1812 2484 1885; x_wconf 83' lang='grc' dir='ltr'>νεκρὸν</span> <span class='ocrx_word' id='word_1_219' title='bbox 2527 1811 2758 1883; x_wconf 82' lang='grc' dir='ltr'>Ἀράτου</span> <span class='ocrx_word' id='word_1_220' title='bbox 2791 1814 3233 1885; x_wconf 79' lang='grc' dir='ltr'>ἐστεφανωμένοι</span> <span class='ocrx_word' id='word_1_221' title='bbox 3268 1814 3366 1868; x_wconf 75' lang='grc' dir='ltr'>καὶ</span> <span class='ocrx_word' id='word_1_222' title='bbox 3396 1813 3883 1885; x_wconf 75' lang='grc' dir='ltr'>λευχειμονοῦντες</span> 
     </span>
    </p>
   </div>
   <div class='ocr_carea' id='block_1_33' title="bbox 609 1904 2181 1984">
    <p class='ocr_par' dir='ltr' id='par_1_33' title="bbox 609 1907 2176 1984">
     <span class='ocr_line' id='line_1_33' title="bbox 609 1907 2176 1984; baseline -0.007 -13"><span class='ocrx_word' id='word_1_223' title='bbox 609 1931 816 1973; x_wconf 90' lang='lat' dir='ltr'><strong>veneno</strong></span> <span class='ocrx_word' id='word_1_224' title='bbox 838 1926 893 1970; x_wconf 91' lang='lat' dir='ltr'><strong>et</strong></span> <span class='ocrx_word' id='word_1_225' title='bbox 926 1915 1086 1984; x_wconf 89' lang='lat' dir='ltr'><strong>dolis,</strong></span> <span class='ocrx_word' id='word_1_226' title='bbox 1124 1916 1270 1971; x_wconf 80' lang='lat' dir='ltr'><strong>caede</strong></span> <span class='ocrx_word' id='word_1_227' title='bbox 1300 1930 1331 1969; x_wconf 89' lang='lat' dir='ltr'><strong>a</strong></span> <span class='ocrx_word' id='word_1_228' title='bbox 1354 1914 1627 1969; x_wconf 88' lang='lat' dir='ltr'><strong>Taurione</strong></span> <span class='ocrx_word' id='word_1_229' title='bbox 1678 1918 2016 1983; x_wconf 87' lang='lat' dir='ltr'><strong>perpetrata,</strong></span> <span class='ocrx_word' id='word_1_230' title='bbox 2050 1907 2176 1962; x_wconf 64' lang='lat' dir='ltr'><strong>Phi.</strong></span> 
     </span>
    </p>
   </div>
   <div class='ocr_carea' id='block_1_34' title="bbox 2286 1904 3882 1984">
    <p class='ocr_par' dir='ltr' id='par_1_34' title="bbox 2287 1904 3882 1978">
     <span class='ocr_line' id='line_1_34' title="bbox 2287 1904 3882 1978; baseline 0 -19"><span class='ocrx_word' id='word_1_231' title='bbox 2287 1906 2393 1959; x_wconf 86' lang='grc' dir='ltr'><strong>ὑπὸ</strong></span> <span class='ocrx_word' id='word_1_232' title='bbox 2430 1904 2676 1959; x_wconf 84' lang='grc' dir='ltr'>παιάνων</span> <span class='ocrx_word' id='word_1_233' title='bbox 2706 1905 2803 1958; x_wconf 75' lang='grc' dir='ltr'>καὶ</span> <span class='ocrx_word' id='word_1_234' title='bbox 2830 1905 3008 1976; x_wconf 91' lang='grc' dir='ltr'>χορῶν</span> <span class='ocrx_word' id='word_1_235' title='bbox 3038 1908 3117 1969; x_wconf 84' lang='grc' dir='ltr'><strong>είς</strong></span> <span class='ocrx_word' id='word_1_236' title='bbox 3145 1907 3243 1978; x_wconf 73' lang='grc' dir='ltr'>τὴν</span> <span class='ocrx_word' id='word_1_237' title='bbox 3282 1907 3438 1960; x_wconf 79' lang='grc' dir='ltr'>πόλιν</span> <span class='ocrx_word' id='word_1_238' title='bbox 3465 1906 3672 1976; x_wconf 79' lang='grc' dir='ltr'>ἀνῆγον</span> <span class='ocrx_word' id='word_1_239' title='bbox 3689 1908 3759 1971; x_wconf 76' lang='grc'><strong>³⁸,</strong></span> <span class='ocrx_word' id='word_1_240' title='bbox 3791 1906 3882 1959; x_wconf 80' lang='grc' dir='ltr'>καὶ</span> 
     </span>
    </p>
   </div>
   <div class='ocr_carea' id='block_1_35' title="bbox 608 1998 2181 2079">
    <p class='ocr_par' dir='ltr' id='par_1_35' title="bbox 608 1998 2181 2079">
     <span class='ocr_line' id='line_1_35' title="bbox 608 1998 2181 2079; baseline -0.005 -16"><span class='ocrx_word' id='word_1_241' title='bbox 608 2010 751 2079; x_wconf 85' lang='lat' dir='ltr'><strong>lippo</strong></span> <span class='ocrx_word' id='word_1_242' title='bbox 781 2007 1173 2078; x_wconf 82' lang='lat' dir='ltr'><strong>Peloponnesio</strong></span> <span class='ocrx_word' id='word_1_243' title='bbox 1203 2016 1427 2079; x_wconf 88' lang='lat' dir='ltr'><strong>tyranno</strong></span> <span class='ocrx_word' id='word_1_244' title='bbox 1447 2006 1714 2069; x_wconf 90' lang='lat' dir='ltr'><strong>edicente,</strong></span> <span class='ocrx_word' id='word_1_245' title='bbox 1756 2011 1813 2058; x_wconf 93' lang='lat' dir='ltr'><strong>ut</strong></span> <span class='ocrx_word' id='word_1_246' title='bbox 1857 2003 2076 2070; x_wconf 83' lang='lat' dir='ltr'><strong>impune</strong></span> <span class='ocrx_word' id='word_1_247' title='bbox 2105 1998 2181 2055; x_wconf 93' lang='lat' dir='ltr'><strong>illi</strong></span> 
     </span>
    </p>
   </div>
   <div class='ocr_carea' id='block_1_36' title="bbox 604 2102 1277 2172">
    <p class='ocr_par' dir='ltr' id='par_1_36' title="bbox 604 2102 1277 2172">
     <span class='ocr_line' id='line_1_36' title="bbox 604 2102 1277 2172; baseline -0.004 -15"><span class='ocrx_word' id='word_1_248' title='bbox 604 2119 724 2172; x_wconf 75' lang='lat' dir='ltr'><strong>qua:</strong></span> <span class='ocrx_word' id='word_1_249' title='bbox 753 2102 971 2159; x_wconf 89' lang='lat' dir='ltr'><strong>fecisset</strong></span> <span class='ocrx_word' id='word_1_250' title='bbox 1000 2102 1277 2157; x_wconf 88' lang='lat' dir='ltr'><strong>cederent.</strong></span> 
     </span>
    </p>
   </div>
   <div class='ocr_carea' id='block_1_37' title="bbox 2286 1994 3881 2071">
    <p class='ocr_par' dir='ltr' id='par_1_37' title="bbox 2286 1994 3881 2071">
     <span class='ocr_line' id='line_1_37' title="bbox 2286 1994 3881 2071; baseline 0 -21"><span class='ocrx_word' id='word_1_251' title='bbox 2286 1997 2452 2050; x_wconf 81' lang='grc' dir='ltr'>τόπον</span> <span class='ocrx_word' id='word_1_252' title='bbox 2502 1994 2813 2067; x_wconf 75' lang='grc' dir='ltr'>ἐξελόμενοι</span> <span class='ocrx_word' id='word_1_253' title='bbox 2867 1996 3160 2069; x_wconf 86' lang='grc' dir='ltr'>περίοπτον</span> <span class='ocrx_word' id='word_1_254' title='bbox 3191 2037 3206 2063; x_wconf 87' lang='grc'><strong>,</strong></span> <span class='ocrx_word' id='word_1_255' title='bbox 3252 1998 3442 2071; x_wconf 81' lang='grc' dir='ltr'>ῶσπερ</span> <span class='ocrx_word' id='word_1_256' title='bbox 3495 1998 3749 2069; x_wconf 74' lang='grc' dir='ltr'>οἰκιστὴν</span> <span class='ocrx_word' id='word_1_257' title='bbox 3789 2000 3881 2053; x_wconf 76' lang='grc' dir='ltr'>καὶ</span> 
     </span>
    </p>
   </div>
   <div class='ocr_carea' id='block_1_38' title="bbox 2292 2087 3879 2161">
    <p class='ocr_par' dir='ltr' id='par_1_38' title="bbox 2292 2087 3879 2161">
     <span class='ocr_line' id='line_1_38' title="bbox 2292 2087 3879 2161; baseline 0.001 -21"><span class='ocrx_word' id='word_1_258' title='bbox 2292 2088 2516 2159; x_wconf 84' lang='grc' dir='ltr'>σωτῆρα</span> <span class='ocrx_word' id='word_1_259' title='bbox 2552 2087 2651 2158; x_wconf 82' lang='grc' dir='ltr'>τῆς</span> <span class='ocrx_word' id='word_1_260' title='bbox 2686 2087 2895 2152; x_wconf 89' lang='grc' dir='ltr'>πόλεως</span> <span class='ocrx_word' id='word_1_261' title='bbox 2952 2090 3275 2161; x_wconf 72' lang='grc' dir='ltr'>ἐκήδευσαν·</span> <span class='ocrx_word' id='word_1_262' title='bbox 3300 2091 3393 2144; x_wconf 76' lang='grc' dir='ltr'>καὶ</span> <span class='ocrx_word' id='word_1_263' title='bbox 3436 2090 3684 2144; x_wconf 82' lang='grc' dir='ltr'>καλεῖται</span> <span class='ocrx_word' id='word_1_264' title='bbox 3718 2089 3879 2159; x_wconf 81' lang='grc' dir='ltr'>μέχρι</span> 
     </span>
    </p>
   </div>
   <div class='ocr_carea' id='block_1_39' title="bbox 604 2181 3877 2269">
    <p class='ocr_par' dir='ltr' id='par_1_39' title="bbox 604 2181 3877 2269">
     <span class='ocr_line' id='line_1_39' title="bbox 604 2181 3877 2269; baseline -0.005 -18"><span class='ocrx_word' id='word_1_265' title='bbox 604 2197 699 2251; x_wconf 81' lang='grc' dir='ltr'>νῦν</span> <span class='ocrx_word' id='word_1_266' title='bbox 759 2195 1059 2269; x_wconf 74' lang='grc' dir='ltr'>Ἀράτειον.</span> <span class='ocrx_word' id='word_1_267' title='bbox 1092 2194 1155 2248; x_wconf 84' lang='grc' dir='ltr'>Ἡ</span> <span class='ocrx_word' id='word_1_268' title='bbox 1180 2194 1238 2247; x_wconf 81' lang='grc' dir='ltr'>δὲ</span> <span class='ocrx_word' id='word_1_269' title='bbox 1262 2191 1486 2262; x_wconf 84' lang='grc' dir='ltr'>τελευτὴ</span> <span class='ocrx_word' id='word_1_270' title='bbox 1513 2189 1662 2261; x_wconf 81' lang='grc' dir='ltr'>αὐτῷ</span> <span class='ocrx_word' id='word_1_271' title='bbox 1694 2190 1751 2243; x_wconf 88' lang='lat' dir='ltr'><strong><em>tv</em></strong></span> <span class='ocrx_word' id='word_1_272' title='bbox 1808 2185 2212 2259; x_wconf 75' lang='grc' dir='ltr'>φιλοφροσύνης</span> <span class='ocrx_word' id='word_1_273' title='bbox 2250 2183 2492 2254; x_wconf 83' lang='grc' dir='ltr'>σχήματι</span> <span class='ocrx_word' id='word_1_274' title='bbox 2547 2181 2827 2253; x_wconf 81' lang='grc' dir='ltr'>φαρμάκῳ</span> <span class='ocrx_word' id='word_1_275' title='bbox 2881 2182 2978 2235; x_wconf 77' lang='grc' dir='ltr'>καὶ</span> <span class='ocrx_word' id='word_1_276' title='bbox 3050 2183 3188 2254; x_wconf 87' lang='grc' dir='ltr'>δόλῳ</span> <span class='ocrx_word' id='word_1_277' title='bbox 3246 2184 3440 2255; x_wconf 81' lang='grc' dir='ltr'>γέγονε</span> <span class='ocrx_word' id='word_1_278' title='bbox 3472 2223 3488 2249; x_wconf 91' lang='grc'><strong>,</strong></span> <span class='ocrx_word' id='word_1_279' title='bbox 3565 2183 3877 2256; x_wconf 82' lang='grc' dir='ltr'>Ταυρίωνος</span> 
     </span>
    </p>
   </div>
   <div class='ocr_carea' id='block_1_40' title="bbox 608 2272 3878 2361">
    <p class='ocr_par' dir='ltr' id='par_1_40' title="bbox 608 2272 3878 2361">
     <span class='ocr_line' id='line_1_40' title="bbox 608 2272 3878 2361; baseline -0.003 -18"><span class='ocrx_word' id='word_1_280' title='bbox 608 2290 707 2361; x_wconf 77' lang='grc' dir='ltr'>μὲν</span> <span class='ocrx_word' id='word_1_281' title='bbox 766 2290 861 2343; x_wconf 82' lang='grc' dir='ltr'>τοῦ</span> <span class='ocrx_word' id='word_1_282' title='bbox 939 2283 1247 2359; x_wconf 81' lang='grc' dir='ltr'>στρατηγοῦ</span> <span class='ocrx_word' id='word_1_283' title='bbox 1309 2283 1803 2355; x_wconf 86' lang='grc' dir='ltr'>ύπηρετησαμένου</span> <span class='ocrx_word' id='word_1_284' title='bbox 1869 2278 1948 2351; x_wconf 86' lang='grc' dir='ltr'>τῷ</span> <span class='ocrx_word' id='word_1_285' title='bbox 2010 2279 2178 2349; x_wconf 86' lang='grc' dir='ltr'>φόνῳ,</span> <span class='ocrx_word' id='word_1_286' title='bbox 2255 2275 2523 2328; x_wconf 80' lang='grc' dir='ltr'>Φιλίππου</span> <span class='ocrx_word' id='word_1_287' title='bbox 2578 2274 2637 2329; x_wconf 85' lang='grc' dir='ltr'>δὲ</span> <span class='ocrx_word' id='word_1_288' title='bbox 2696 2272 2792 2328; x_wconf 82' lang='grc' dir='ltr'>τοῦ</span> <span class='ocrx_word' id='word_1_289' title='bbox 2868 2274 3300 2348; x_wconf 81' lang='grc' dir='ltr'>Πελοποννησίου</span> <span class='ocrx_word' id='word_1_290' title='bbox 3367 2277 3637 2348; x_wconf 86' lang='grc' dir='ltr'>τυράννου</span> <span class='ocrx_word' id='word_1_291' title='bbox 3671 2315 3689 2341; x_wconf 89' lang='grc'><strong>,</strong></span> <span class='ocrx_word' id='word_1_292' title='bbox 3805 2274 3878 2332; x_wconf 79' lang='grc' dir='ltr'><strong>ὡς</strong></span> 
     </span>
    </p>
   </div>
   <div class='ocr_carea' id='block_1_41' title="bbox 542 2367 2483 2452">
    <p class='ocr_par' dir='ltr' id='par_1_41' title="bbox 542 2367 2483 2452">
     <span class='ocr_line' id='line_1_41' title="bbox 542 2367 2483 2452; baseline -0.008 -15"><span class='ocrx_word' id='word_1_293' title='bbox 542 2430 545 2437; x_wconf 86' lang='grc'><strong><em>,</em></strong></span> <span class='ocrx_word' id='word_1_294' title='bbox 603 2385 786 2438; x_wconf 80' lang='grc' dir='ltr'>ἄδειαν</span> <span class='ocrx_word' id='word_1_295' title='bbox 812 2381 924 2451; x_wconf 77' lang='grc' dir='ltr'>ἔχοι</span> <span class='ocrx_word' id='word_1_296' title='bbox 948 2379 1207 2452; x_wconf 89' lang='grc' dir='ltr'>πράττειν</span> <span class='ocrx_word' id='word_1_297' title='bbox 1230 2375 1266 2429; x_wconf 73' lang='grc' dir='ltr'><strong>ἃ</strong></span> <span class='ocrx_word' id='word_1_298' title='bbox 1292 2376 1533 2447; x_wconf 86' lang='grc' dir='ltr'>βούλοιτο</span> <span class='ocrx_word' id='word_1_299' title='bbox 1558 2377 1668 2430; x_wconf 90' lang='grc' dir='ltr'><strong>τῶν</strong></span> <span class='ocrx_word' id='word_1_300' title='bbox 1698 2373 2010 2445; x_wconf 80' lang='grc' dir='ltr'>έκθέσμων,</span> <span class='ocrx_word' id='word_1_301' title='bbox 2053 2367 2483 2442; x_wconf 86' lang='grc' dir='ltr'>προστάξαντος.</span> 
     </span>
    </p>
   </div>
   <div class='ocr_carea' id='block_1_42' title="bbox 1174 2470 1619 2525">
    <p class='ocr_par' dir='ltr' id='par_1_42' title="bbox 1174 2470 1619 2525">
     <span class='ocr_line' id='line_1_42' title="bbox 1174 2470 1619 2525; baseline 0 0"><span class='ocrx_word' id='word_1_302' title='bbox 1174 2471 1260 2525; x_wconf 81' lang='lat' dir='ltr'><strong>Ea:</strong></span> <span class='ocrx_word' id='word_1_303' title='bbox 1289 2470 1619 2525; x_wconf 74' lang='lat' dir='ltr'><strong>Artaxerxis.</strong></span> 
     </span>
    </p>
   </div>
   <div class='ocr_carea' id='block_1_43' title="bbox 673 2553 2174 2633">
    <p class='ocr_par' dir='ltr' id='par_1_43' title="bbox 673 2553 2174 2633">
     <span class='ocr_line' id='line_1_43' title="bbox 673 2553 2174 2633; baseline -0.011 -9"><span class='ocrx_word' id='word_1_304' title='bbox 673 2569 847 2625; x_wconf 83' lang='lat' dir='ltr'><strong>Mater</strong></span> <span class='ocrx_word' id='word_1_305' title='bbox 890 2566 1212 2621; x_wconf 72' lang='lat' dir='ltr'><strong>Artaxerxis</strong></span> <span class='ocrx_word' id='word_1_306' title='bbox 1246 2564 1347 2617; x_wconf 91' lang='lat' dir='ltr'><strong>fuit</strong></span> <span class='ocrx_word' id='word_1_307' title='bbox 1387 2563 1691 2633; x_wconf 86' lang='lat' dir='ltr'><strong>Parysatis,</strong></span> <span class='ocrx_word' id='word_1_308' title='bbox 1725 2559 1899 2615; x_wconf 83' lang='lat' dir='ltr'><strong>solers</strong></span> <span class='ocrx_word' id='word_1_309' title='bbox 1925 2570 2059 2613; x_wconf 89' lang='lat' dir='ltr'><strong>sane</strong></span> <span class='ocrx_word' id='word_1_310' title='bbox 2089 2553 2174 2609; x_wconf 86' lang='lat' dir='ltr'><strong>fe-</strong></span> 
     </span>
    </p>
   </div>
   <div class='ocr_carea' id='block_1_44' title="bbox 604 2651 2184 2726">
    <p class='ocr_par' dir='ltr' id='par_1_44' title="bbox 604 2651 2184 2726">
     <span class='ocr_line' id='line_1_44' title="bbox 604 2651 2184 2726; baseline -0.009 -9"><span class='ocrx_word' id='word_1_311' title='bbox 604 2663 772 2726; x_wconf 89' lang='lat' dir='ltr'><strong>mina,</strong></span> <span class='ocrx_word' id='word_1_312' title='bbox 804 2671 858 2715; x_wconf 92' lang='lat' dir='ltr'><strong>et</strong></span> <span class='ocrx_word' id='word_1_313' title='bbox 890 2659 1105 2714; x_wconf 79' lang='lat' dir='ltr'><strong>taxillos</strong></span> <span class='ocrx_word' id='word_1_314' title='bbox 1132 2659 1315 2726; x_wconf 79' lang='lat' dir='ltr'><strong>jacere</strong></span> <span class='ocrx_word' id='word_1_315' title='bbox 1341 2670 1446 2709; x_wconf 90' lang='lat' dir='ltr'><strong>non</strong></span> <span class='ocrx_word' id='word_1_316' title='bbox 1484 2654 1720 2709; x_wconf 88' lang='lat' dir='ltr'><strong>indocta.</strong></span> <span class='ocrx_word' id='word_1_317' title='bbox 1759 2651 1932 2707; x_wconf 77' lang='lat' dir='ltr'><strong>Metus</strong></span> <span class='ocrx_word' id='word_1_318' title='bbox 1953 2662 2184 2721; x_wconf 85' lang='lat' dir='ltr'><strong>tyranno</strong></span> 
     </span>
    </p>
   </div>
   <div class='ocr_carea' id='block_1_45' title="bbox 600 2746 1534 2810">
    <p class='ocr_par' dir='ltr' id='par_1_45' title="bbox 600 2746 1534 2810">
     <span class='ocr_line' id='line_1_45' title="bbox 600 2746 1534 2810; baseline -0.012 0"><span class='ocrx_word' id='word_1_319' title='bbox 600 2752 851 2810; x_wconf 68' lang='lat' dir='ltr'><strong>stimulus</strong></span> <span class='ocrx_word' id='word_1_320' title='bbox 879 2751 945 2805; x_wconf 88' lang='lat' dir='ltr'><strong>ad</strong></span> <span class='ocrx_word' id='word_1_321' title='bbox 969 2749 1168 2805; x_wconf 74' lang='lat' dir='ltr'><strong>caedem</strong></span> <span class='ocrx_word' id='word_1_322' title='bbox 1198 2746 1534 2802; x_wconf 87' lang='lat' dir='ltr'><strong>acerrimus.</strong></span> 
     </span>
    </p>
   </div>
   <div class='ocr_carea' id='block_1_46' title="bbox 809 2922 1974 3004">
    <p class='ocr_par' dir='ltr' id='par_1_46' title="bbox 809 2922 1974 3004">
     <span class='ocr_line' id='line_1_46' title="bbox 809 2922 1974 3004; baseline -0.005 -20"><span class='ocrx_word' id='word_1_323' title='bbox 809 2931 1006 3004; x_wconf 67' lang='lat' dir='ltr'><strong>399i)</strong></span> <span class='ocrx_word' id='word_1_324' title='bbox 1060 2930 1145 2984; x_wconf 80' lang='lat' dir='ltr'><strong>Ea:</strong></span> <span class='ocrx_word' id='word_1_325' title='bbox 1176 2930 1343 3000; x_wconf 79' lang='lat' dir='ltr'><strong>Agide</strong></span> <span class='ocrx_word' id='word_1_326' title='bbox 1376 2927 1486 3000; x_wconf 86' lang='lat'><strong>(76)</strong></span> <span class='ocrx_word' id='word_1_327' title='bbox 1519 2926 1630 3000; x_wconf 74' lang='lat' dir='ltr'><strong>[Ex</strong></span> <span class='ocrx_word' id='word_1_328' title='bbox 1651 2922 1974 2996; x_wconf 75' lang='lat' dir='ltr'><strong>Cleomene].</strong></span> 
     </span>
    </p>
   </div>
   <div class='ocr_carea' id='block_1_47' title="bbox 673 3015 2183 3095">
    <p class='ocr_par' dir='ltr' id='par_1_47' title="bbox 673 3015 2183 3095">
     <span class='ocr_line' id='line_1_47' title="bbox 673 3015 2183 3095; baseline -0.007 -15"><span class='ocrx_word' id='word_1_329' title='bbox 673 3025 976 3095; x_wconf 81' lang='lat' dir='ltr'><strong>Antigonus</strong></span> <span class='ocrx_word' id='word_1_330' title='bbox 1000 3022 1327 3076; x_wconf 75' lang='lat' dir='ltr'><strong>Macedonia:</strong></span> <span class='ocrx_word' id='word_1_331' title='bbox 1351 3035 1442 3075; x_wconf 81' lang='lat' dir='ltr'><strong>rex</strong></span> <span class='ocrx_word' id='word_1_332' title='bbox 1467 3028 1693 3075; x_wconf 86' lang='lat' dir='ltr'><strong>vocatus</strong></span> <span class='ocrx_word' id='word_1_333' title='bbox 1727 3018 1793 3070; x_wconf 91' lang='lat' dir='ltr'><strong>ad</strong></span> <span class='ocrx_word' id='word_1_334' title='bbox 1823 3016 2086 3079; x_wconf 82' lang='lat' dir='ltr'><strong>auxilium</strong></span> <span class='ocrx_word' id='word_1_335' title='bbox 2114 3015 2183 3070; x_wconf 88' lang='lat' dir='ltr'><strong>ab</strong></span> 
     </span>
    </p>
   </div>
   <div class='ocr_carea' id='block_1_48' title="bbox 2710 2459 3449 2529">
    <p class='ocr_par' dir='ltr' id='par_1_48' title="bbox 2710 2459 3449 2529">
     <span class='ocr_line' id='line_1_48' title="bbox 2710 2459 3449 2529; baseline 0 -16"><span class='ocrx_word' id='word_1_336' title='bbox 2710 2462 2805 2515; x_wconf 82' lang='grc' dir='ltr'>Ἐκ</span> <span class='ocrx_word' id='word_1_337' title='bbox 2831 2459 2936 2515; x_wconf 80' lang='grc' dir='ltr'>τοῦ</span> <span class='ocrx_word' id='word_1_338' title='bbox 2974 2460 3361 2529; x_wconf 81' lang='grc' dir='ltr'>Ἀρτοξέρξου</span> <span class='ocrx_word' id='word_1_339' title='bbox 3384 2460 3449 2513; x_wconf 79' lang='grc'><strong>⁸⁸.</strong></span> 
     </span>
    </p>
   </div>
   <div class='ocr_carea' id='block_1_49' title="bbox 2363 2548 3852 2624">
    <p class='ocr_par' dir='ltr' id='par_1_49' title="bbox 2363 2548 3852 2624">
     <span class='ocr_line' id='line_1_49' title="bbox 2363 2548 3852 2624; baseline -0.002 -19"><span class='ocrx_word' id='word_1_340' title='bbox 2363 2552 2485 2606; x_wconf 78' lang='grc' dir='ltr'><strong>Ὀτι</strong></span> <span class='ocrx_word' id='word_1_341' title='bbox 2516 2553 2619 2624; x_wconf 77' lang='grc' dir='ltr'><strong>³δὴ</strong></span> <span class='ocrx_word' id='word_1_342' title='bbox 2665 2550 2761 2605; x_wconf 84' lang='grc' dir='ltr'>τοῦ</span> <span class='ocrx_word' id='word_1_343' title='bbox 2801 2552 3154 2623; x_wconf 78' lang='grc' dir='ltr'>Ἀρτοξέρξου</span> <span class='ocrx_word' id='word_1_344' title='bbox 3199 2554 3381 2622; x_wconf 87' lang='grc' dir='ltr'>μήτηρ</span> <span class='ocrx_word' id='word_1_345' title='bbox 3436 2548 3757 2620; x_wconf 77' lang='grc' dir='ltr'>Παρύσατις</span> <span class='ocrx_word' id='word_1_346' title='bbox 3788 2549 3852 2602; x_wconf 91' lang='grc' dir='ltr'><strong>θυ</strong></span> 
     </span>
    </p>
   </div>
   <div class='ocr_carea' id='block_1_50' title="bbox 2295 2639 3874 2715">
    <p class='ocr_par' dir='ltr' id='par_1_50' title="bbox 2295 2639 3874 2715">
     <span class='ocr_line' id='line_1_50' title="bbox 2295 2639 3874 2715; baseline -0.001 -19"><span class='ocrx_word' id='word_1_347' title='bbox 2295 2642 2526 2713; x_wconf 81' lang='grc' dir='ltr'>μόσοφος</span> <span class='ocrx_word' id='word_1_348' title='bbox 2558 2639 2627 2715; x_wconf 81' lang='grc' dir='ltr'>ἦν</span> <span class='ocrx_word' id='word_1_349' title='bbox 2651 2643 2812 2714; x_wconf 86' lang='grc' dir='ltr'>γυνὴ,</span> <span class='ocrx_word' id='word_1_350' title='bbox 2834 2642 2927 2697; x_wconf 79' lang='grc' dir='ltr'>καὶ</span> <span class='ocrx_word' id='word_1_351' title='bbox 2952 2642 3100 2713; x_wconf 81' lang='grc' dir='ltr'>δεινὴ</span> <span class='ocrx_word' id='word_1_352' title='bbox 3133 2642 3312 2713; x_wconf 83' lang='grc' dir='ltr'>(φησὶ)</span> <span class='ocrx_word' id='word_1_353' title='bbox 3357 2641 3635 2695; x_wconf 84' lang='grc' dir='ltr'>κυὸεύειν.</span> <span class='ocrx_word' id='word_1_354' title='bbox 3670 2642 3794 2695; x_wconf 83' lang='grc' dir='ltr'>Ὅτι</span> <span class='ocrx_word' id='word_1_355' title='bbox 3833 2642 3874 2673; x_wconf 75' lang='grc'><strong><em>³³</em></strong></span> 
     </span>
    </p>
   </div>
   <div class='ocr_carea' id='block_1_51' title="bbox 2292 2735 3874 2807">
    <p class='ocr_par' dir='ltr' id='par_1_51' title="bbox 2292 2735 3874 2807">
     <span class='ocr_line' id='line_1_51' title="bbox 2292 2735 3874 2807; baseline 0.002 -19"><span class='ocrx_word' id='word_1_356' title='bbox 2292 2738 2326 2806; x_wconf 81' lang='grc' dir='ltr'><strong>ὴ</strong></span> <span class='ocrx_word' id='word_1_357' title='bbox 2358 2735 2527 2789; x_wconf 85' lang='grc' dir='ltr'>δειλία</span> <span class='ocrx_word' id='word_1_358' title='bbox 2580 2736 2738 2807; x_wconf 76' lang='grc' dir='ltr'>(φησὶ</span> <span class='ocrx_word' id='word_1_359' title='bbox 2763 2736 2831 2807; x_wconf 75' lang='grc'><strong>³⁵)</strong></span> <span class='ocrx_word' id='word_1_360' title='bbox 2865 2735 3232 2805; x_wconf 84' lang='grc' dir='ltr'>φονικώτατόν</span> <span class='ocrx_word' id='word_1_361' title='bbox 3262 2738 3409 2789; x_wconf 73' lang='grc' dir='ltr'>ἐστιν</span> <span class='ocrx_word' id='word_1_362' title='bbox 3453 2736 3511 2788; x_wconf 88' lang='lat' dir='ltr'><strong><em>tv</em></strong></span> <span class='ocrx_word' id='word_1_363' title='bbox 3537 2737 3659 2798; x_wconf 79' lang='grc' dir='ltr'>ταῖς</span> <span class='ocrx_word' id='word_1_364' title='bbox 3680 2751 3874 2807; x_wconf 84' lang='grc' dir='ltr'>τυραν-</span> 
     </span>
    </p>
   </div>
   <div class='ocr_carea' id='block_1_52' title="bbox 2292 2827 2451 2882">
    <p class='ocr_par' dir='ltr' id='par_1_52' title="bbox 2292 2827 2451 2882">
     <span class='ocr_line' id='line_1_52' title="bbox 2292 2827 2451 2882; baseline 0.013 -2"><span class='ocrx_word' id='word_1_365' title='bbox 2292 2827 2451 2882; x_wconf 84' lang='grc' dir='ltr'>νίσιν.</span> 
     </span>
    </p>
   </div>
   <div class='ocr_carea' id='block_1_53' title="bbox 2822 2917 3343 2986">
    <p class='ocr_par' dir='ltr' id='par_1_53' title="bbox 2822 2917 3343 2986">
     <span class='ocr_line' id='line_1_53' title="bbox 2822 2917 3343 2986; baseline 0 -13"><span class='ocrx_word' id='word_1_366' title='bbox 2822 2918 2922 2974; x_wconf 82' lang='grc' dir='ltr'>Ἐκ</span> <span class='ocrx_word' id='word_1_367' title='bbox 2949 2919 3057 2973; x_wconf 84' lang='grc' dir='ltr'>τοῦ</span> <span class='ocrx_word' id='word_1_368' title='bbox 3096 2917 3343 2986; x_wconf 75' lang='grc' dir='ltr'>Ἀγιδος.</span> 
     </span>
    </p>
   </div>
   <div class='ocr_carea' id='block_1_54' title="bbox 2358 3009 3867 3082">
    <p class='ocr_par' dir='ltr' id='par_1_54' title="bbox 2358 3009 3867 3082">
     <span class='ocr_line' id='line_1_54' title="bbox 2358 3009 3867 3082; baseline 0.001 -17"><span class='ocrx_word' id='word_1_369' title='bbox 2358 3013 2480 3065; x_wconf 86' lang='grc' dir='ltr'>Ὅτι</span> <span class='ocrx_word' id='word_1_370' title='bbox 2505 3012 2551 3043; x_wconf 78' lang='grc'><strong><em>³⁸</em></strong></span> <span class='ocrx_word' id='word_1_371' title='bbox 2589 3009 2892 3079; x_wconf 80' lang='grc' dir='ltr'>Ἀντίγονος</span> <span class='ocrx_word' id='word_1_372' title='bbox 2928 3012 3136 3080; x_wconf 73' lang='grc' dir='ltr'>(φησὶν)</span> <span class='ocrx_word' id='word_1_373' title='bbox 3159 3012 3185 3063; x_wconf 85' lang='grc' dir='ltr'>ὁ</span> <span class='ocrx_word' id='word_1_374' title='bbox 3215 3010 3553 3076; x_wconf 83' lang='grc' dir='ltr'>Μακεδονίας</span> <span class='ocrx_word' id='word_1_375' title='bbox 3586 3012 3867 3082; x_wconf 80' lang='grc' dir='ltr'>βασιλεὺς,</span> 
     </span>
    </p>
   </div>
   <div class='ocr_carea' id='block_1_55' title="bbox 602 3101 2181 3178">
    <p class='ocr_par' dir='ltr' id='par_1_55' title="bbox 602 3108 2181 3178">
     <span class='ocr_line' id='line_1_55' title="bbox 602 3108 2181 3178; baseline -0.004 -9"><span class='ocrx_word' id='word_1_376' title='bbox 602 3115 815 3170; x_wconf 65' lang='lat' dir='ltr'><strong>Achaeis</strong></span> <span class='ocrx_word' id='word_1_377' title='bbox 875 3122 1064 3169; x_wconf 91' lang='lat' dir='ltr'><strong>contra</strong></span> <span class='ocrx_word' id='word_1_378' title='bbox 1112 3111 1496 3175; x_wconf 81' lang='lat' dir='ltr'><strong>Cleomenem,</strong></span> <span class='ocrx_word' id='word_1_379' title='bbox 1566 3125 1743 3178; x_wconf 87' lang='lat' dir='ltr'><strong>pugna</strong></span> <span class='ocrx_word' id='word_1_380' title='bbox 1799 3108 2075 3178; x_wconf 82' lang='lat' dir='ltr'><strong>superavit</strong></span> <span class='ocrx_word' id='word_1_381' title='bbox 2130 3116 2181 3163; x_wconf 90' lang='lat' dir='ltr'><strong>et</strong></span> 
     </span>
    </p>
   </div>
   <div class='ocr_carea' id='block_1_56' title="bbox 2286 3101 3872 3178">
    <p class='ocr_par' dir='ltr' id='par_1_56' title="bbox 2286 3101 3872 3175">
     <span class='ocr_line' id='line_1_56' title="bbox 2286 3101 3872 3175; baseline 0.003 -19"><span class='ocrx_word' id='word_1_382' title='bbox 2286 3102 2765 3175; x_wconf 70' lang='grc' dir='ltr'>ἐπικαλεσαμένων</span> <span class='ocrx_word' id='word_1_383' title='bbox 2812 3102 2940 3175; x_wconf 77' lang='grc'><strong>[652</strong></span> <span class='ocrx_word' id='word_1_384' title='bbox 2978 3101 3071 3175; x_wconf 76' lang='grc' dir='ltr'><strong>Η.]</strong></span> <span class='ocrx_word' id='word_1_385' title='bbox 3124 3102 3289 3156; x_wconf 74' lang='grc' dir='ltr'>αὐτὸν</span> <span class='ocrx_word' id='word_1_386' title='bbox 3330 3104 3420 3156; x_wconf 76' lang='grc' dir='ltr'><strong>ἐπὶ</strong></span> <span class='ocrx_word' id='word_1_387' title='bbox 3445 3102 3704 3175; x_wconf 79' lang='grc' dir='ltr'>βοήθειαν</span> <span class='ocrx_word' id='word_1_388' title='bbox 3732 3110 3872 3160; x_wconf 82' lang='grc' dir='ltr'><strong>κατά</strong></span> 
     </span>
    </p>
   </div>
   <div class='ocr_carea' id='block_1_57' title="bbox 602 3196 2180 3272">
    <p class='ocr_par' dir='ltr' id='par_1_57' title="bbox 602 3196 2180 3272">
     <span class='ocr_line' id='line_1_57' title="bbox 602 3196 2180 3272; baseline -0.003 -15"><span class='ocrx_word' id='word_1_389' title='bbox 602 3204 807 3272; x_wconf 84' lang='lat' dir='ltr'><strong>fugavit</strong></span> <span class='ocrx_word' id='word_1_390' title='bbox 832 3202 1199 3269; x_wconf 85' lang='lat' dir='ltr'><strong>Cleomenem,</strong></span> <span class='ocrx_word' id='word_1_391' title='bbox 1230 3209 1287 3256; x_wconf 89' lang='lat' dir='ltr'><strong>et</strong></span> <span class='ocrx_word' id='word_1_392' title='bbox 1314 3215 1438 3255; x_wconf 92' lang='lat' dir='ltr'><strong>cum</strong></span> <span class='ocrx_word' id='word_1_393' title='bbox 1467 3207 1613 3254; x_wconf 91' lang='lat' dir='ltr'><strong>esset</strong></span> <span class='ocrx_word' id='word_1_394' title='bbox 1652 3196 2042 3252; x_wconf 81' lang='lat' dir='ltr'><strong>Lacedaemone</strong></span> <span class='ocrx_word' id='word_1_395' title='bbox 2082 3212 2180 3268; x_wconf 90' lang='lat' dir='ltr'><strong>po-</strong></span> 
     </span>
    </p>
   </div>
   <div class='ocr_carea' id='block_1_58' title="bbox 2280 3191 3872 3266">
    <p class='ocr_par' dir='ltr' id='par_1_58' title="bbox 2280 3191 3872 3266">
     <span class='ocr_line' id='line_1_58' title="bbox 2280 3191 3872 3266; baseline -0.001 -16"><span class='ocrx_word' id='word_1_396' title='bbox 2280 3196 2622 3266; x_wconf 80' lang='grc' dir='ltr'>Κλεομένους</span> <span class='ocrx_word' id='word_1_397' title='bbox 2661 3194 2920 3265; x_wconf 82' lang='grc' dir='ltr'>Ἀχαιῶν,</span> <span class='ocrx_word' id='word_1_398' title='bbox 2965 3194 3113 3265; x_wconf 84' lang='grc' dir='ltr'>μάχῃ</span> <span class='ocrx_word' id='word_1_399' title='bbox 3164 3191 3404 3263; x_wconf 70' lang='grc' dir='ltr'>ἐνίκησε,</span> <span class='ocrx_word' id='word_1_400' title='bbox 3441 3197 3535 3248; x_wconf 78' lang='grc' dir='ltr'>καὶ</span> <span class='ocrx_word' id='word_1_401' title='bbox 3584 3194 3646 3259; x_wconf 80' lang='grc' dir='ltr'>ἐξ</span> <span class='ocrx_word' id='word_1_402' title='bbox 3678 3196 3872 3264; x_wconf 79' lang='grc' dir='ltr'>ἐφόδου</span> 
     </span>
    </p>
   </div>
   <div class='ocr_carea' id='block_1_59' title="bbox 604 3285 2181 3360">
    <p class='ocr_par' dir='ltr' id='par_1_59' title="bbox 604 3288 2181 3360">
     <span class='ocr_line' id='line_1_59' title="bbox 604 3288 2181 3360; baseline -0.003 -11"><span class='ocrx_word' id='word_1_403' title='bbox 604 3299 754 3360; x_wconf 84' lang='lat' dir='ltr'><strong>titus,</strong></span> <span class='ocrx_word' id='word_1_404' title='bbox 837 3292 1148 3349; x_wconf 89' lang='lat' dir='ltr'><strong>humaniter</strong></span> <span class='ocrx_word' id='word_1_405' title='bbox 1221 3292 1368 3346; x_wconf 86' lang='lat' dir='ltr'><strong>cives</strong></span> <span class='ocrx_word' id='word_1_406' title='bbox 1441 3289 1714 3355; x_wconf 87' lang='lat' dir='ltr'><strong>tractavit,</strong></span> <span class='ocrx_word' id='word_1_407' title='bbox 1761 3288 2181 3359; x_wconf 76' lang='lat' dir='ltr'><strong>dignitatemque</strong></span> 
     </span>
    </p>
   </div>
   <div class='ocr_carea' id='block_1_60' title="bbox 2286 3285 3871 3360">
    <p class='ocr_par' dir='ltr' id='par_1_60' title="bbox 2289 3285 3871 3358">
     <span class='ocr_line' id='line_1_60' title="bbox 2289 3285 3871 3358; baseline -0.001 -17"><span class='ocrx_word' id='word_1_408' title='bbox 2289 3288 2550 3357; x_wconf 86' lang='grc' dir='ltr'>φυγόντος</span> <span class='ocrx_word' id='word_1_409' title='bbox 2572 3286 2915 3358; x_wconf 81' lang='grc' dir='ltr'>Κλεομένους</span> <span class='ocrx_word' id='word_1_410' title='bbox 2939 3286 3039 3356; x_wconf 81' lang='grc' dir='ltr'>τὴν</span> <span class='ocrx_word' id='word_1_411' title='bbox 3073 3285 3228 3339; x_wconf 88' lang='grc' dir='ltr'>πόλιν</span> <span class='ocrx_word' id='word_1_412' title='bbox 3255 3285 3612 3354; x_wconf 72' lang='grc' dir='ltr'>παραλαϐὼν,</span> <span class='ocrx_word' id='word_1_413' title='bbox 3639 3289 3735 3340; x_wconf 76' lang='grc' dir='ltr'>καὶ</span> <span class='ocrx_word' id='word_1_414' title='bbox 3764 3291 3871 3351; x_wconf 83' lang='grc' dir='ltr'>τοῖς</span> 
     </span>
    </p>
   </div>
   <div class='ocr_carea' id='block_1_61' title="bbox 603 3381 2181 3459">
    <p class='ocr_par' dir='ltr' id='par_1_61' title="bbox 603 3381 2181 3459">
     <span class='ocr_line' id='line_1_61' title="bbox 603 3381 2181 3459; baseline -0.004 -18"><span class='ocrx_word' id='word_1_415' title='bbox 603 3386 812 3459; x_wconf 72' lang='lat' dir='ltr'><strong>Sparta:</strong></span> <span class='ocrx_word' id='word_1_416' title='bbox 849 3385 998 3439; x_wconf 90' lang='lat' dir='ltr'><strong>nullo</strong></span> <span class='ocrx_word' id='word_1_417' title='bbox 1019 3384 1177 3438; x_wconf 90' lang='lat' dir='ltr'><strong>modo</strong></span> <span class='ocrx_word' id='word_1_418' title='bbox 1205 3381 1565 3447; x_wconf 88' lang='lat' dir='ltr'><strong>conculcavit,</strong></span> <span class='ocrx_word' id='word_1_419' title='bbox 1598 3394 1689 3438; x_wconf 92' lang='lat' dir='ltr'><strong>aut</strong></span> <span class='ocrx_word' id='word_1_420' title='bbox 1715 3383 1951 3439; x_wconf 91' lang='lat' dir='ltr'><strong>ludibrio</strong></span> <span class='ocrx_word' id='word_1_421' title='bbox 1971 3382 2181 3448; x_wconf 89' lang='lat' dir='ltr'><strong>habuit,</strong></span> 
     </span>
    </p>
   </div>
   <div class='ocr_carea' id='block_1_62' title="bbox 600 3468 2181 3547">
    <p class='ocr_par' dir='ltr' id='par_1_62' title="bbox 600 3468 2181 3547">
     <span class='ocr_line' id='line_1_62' title="bbox 600 3468 2181 3547; baseline -0.002 -14"><span class='ocrx_word' id='word_1_422' title='bbox 600 3480 694 3535; x_wconf 91' lang='lat' dir='ltr'><strong>sed</strong></span> <span class='ocrx_word' id='word_1_423' title='bbox 724 3478 872 3547; x_wconf 81' lang='lat' dir='ltr'><strong>leges</strong></span> <span class='ocrx_word' id='word_1_424' title='bbox 902 3490 1128 3545; x_wconf 90' lang='lat' dir='ltr'><strong>remque</strong></span> <span class='ocrx_word' id='word_1_425' title='bbox 1151 3468 1418 3545; x_wconf 88' lang='lat' dir='ltr'><strong>publicam</strong></span> <span class='ocrx_word' id='word_1_426' title='bbox 1456 3473 1742 3544; x_wconf 87' lang='lat' dir='ltr'><strong>Spartanis</strong></span> <span class='ocrx_word' id='word_1_427' title='bbox 1769 3476 2022 3540; x_wconf 90' lang='lat' dir='ltr'><strong>reddidit,</strong></span> <span class='ocrx_word' id='word_1_428' title='bbox 2050 3482 2105 3531; x_wconf 91' lang='lat' dir='ltr'><strong>et</strong></span> <span class='ocrx_word' id='word_1_429' title='bbox 2130 3476 2181 3530; x_wconf 91' lang='lat' dir='ltr'><strong>in</strong></span> 
     </span>
    </p>
   </div>
   <div class='ocr_carea' id='block_1_63' title="bbox 602 3566 2183 3635">
    <p class='ocr_par' dir='ltr' id='par_1_63' title="bbox 602 3566 2183 3635">
     <span class='ocr_line' id='line_1_63' title="bbox 602 3566 2183 3635; baseline -0.001 -11"><span class='ocrx_word' id='word_1_430' title='bbox 602 3568 965 3624; x_wconf 74' lang='lat' dir='ltr'><strong>Macedoniam</strong></span> <span class='ocrx_word' id='word_1_431' title='bbox 1019 3567 1176 3621; x_wconf 89' lang='lat' dir='ltr'><strong>tertio</strong></span> <span class='ocrx_word' id='word_1_432' title='bbox 1211 3567 1297 3621; x_wconf 87' lang='lat' dir='ltr'><strong>die</strong></span> <span class='ocrx_word' id='word_1_433' title='bbox 1355 3566 1629 3631; x_wconf 87' lang='lat' dir='ltr'><strong>discessit,</strong></span> <span class='ocrx_word' id='word_1_434' title='bbox 1664 3566 1808 3635; x_wconf 90' lang='lat' dir='ltr'><strong>quod</strong></span> <span class='ocrx_word' id='word_1_435' title='bbox 1858 3581 1979 3621; x_wconf 88' lang='lat' dir='ltr'><strong>eam</strong></span> <span class='ocrx_word' id='word_1_436' title='bbox 2038 3566 2183 3622; x_wconf 83' lang='lat' dir='ltr'><strong>bello</strong></span> 
     </span>
    </p>
   </div>
   <div class='ocr_carea' id='block_1_64' title="bbox 601 3657 2181 3727">
    <p class='ocr_par' dir='ltr' id='par_1_64' title="bbox 601 3657 2181 3727">
     <span class='ocr_line' id='line_1_64' title="bbox 601 3657 2181 3727; baseline 0.001 -15"><span class='ocrx_word' id='word_1_437' title='bbox 601 3667 793 3715; x_wconf 75' lang='lat' dir='ltr'><strong>ardere</strong></span> <span class='ocrx_word' id='word_1_438' title='bbox 820 3668 984 3727; x_wconf 84' lang='lat' dir='ltr'><strong>atque</strong></span> <span class='ocrx_word' id='word_1_439' title='bbox 1014 3675 1044 3713; x_wconf 85' lang='lat' dir='ltr'><strong>a</strong></span> <span class='ocrx_word' id='word_1_440' title='bbox 1120 3658 1371 3713; x_wconf 88' lang='lat' dir='ltr'><strong>barbaris</strong></span> <span class='ocrx_word' id='word_1_441' title='bbox 1402 3659 1601 3713; x_wconf 86' lang='lat' dir='ltr'><strong>vastari</strong></span> <span class='ocrx_word' id='word_1_442' title='bbox 1644 3658 2023 3715; x_wconf 89' lang='lat' dir='ltr'><strong>inaudivisset.</strong></span> <span class='ocrx_word' id='word_1_443' title='bbox 2061 3657 2181 3713; x_wconf 87' lang='lat' dir='ltr'><strong>Jam</strong></span> 
     </span>
    </p>
   </div>
   <div class='ocr_carea' id='block_1_65' title="bbox 600 3750 2183 3822">
    <p class='ocr_par' dir='ltr' id='par_1_65' title="bbox 600 3750 2183 3822">
     <span class='ocr_line' id='line_1_65' title="bbox 600 3750 2183 3822; baseline -0.001 -14"><span class='ocrx_word' id='word_1_444' title='bbox 600 3764 655 3808; x_wconf 89' lang='lat' dir='ltr'><strong>et</strong></span> <span class='ocrx_word' id='word_1_445' title='bbox 682 3751 898 3806; x_wconf 87' lang='lat' dir='ltr'><strong>morbus</strong></span> <span class='ocrx_word' id='word_1_446' title='bbox 930 3750 1100 3820; x_wconf 85' lang='lat' dir='ltr'><strong>ipsum</strong></span> <span class='ocrx_word' id='word_1_447' title='bbox 1125 3759 1509 3819; x_wconf 84' lang='lat' dir='ltr'><strong>occupaverat,</strong></span> <span class='ocrx_word' id='word_1_448' title='bbox 1537 3752 1589 3804; x_wconf 92' lang='lat' dir='ltr'><strong>in</strong></span> <span class='ocrx_word' id='word_1_449' title='bbox 1618 3751 1878 3822; x_wconf 68' lang='lat' dir='ltr'><strong>ph‘thisim</strong></span> <span class='ocrx_word' id='word_1_450' title='bbox 1896 3752 2183 3807; x_wconf 87' lang='lat' dir='ltr'><strong>vehemen-</strong></span> 
     </span>
    </p>
   </div>
   <div class='ocr_carea' id='block_1_66' title="bbox 602 3839 2179 3912">
    <p class='ocr_par' dir='ltr' id='par_1_66' title="bbox 602 3839 2179 3912">
     <span class='ocr_line' id='line_1_66' title="bbox 602 3839 2179 3912; baseline 0.001 -15"><span class='ocrx_word' id='word_1_451' title='bbox 602 3856 706 3898; x_wconf 87' lang='lat' dir='ltr'><strong>tem</strong></span> <span class='ocrx_word' id='word_1_452' title='bbox 736 3858 988 3912; x_wconf 78' lang='lat' dir='ltr'><strong>vergens,</strong></span> <span class='ocrx_word' id='word_1_453' title='bbox 1021 3839 1401 3911; x_wconf 76' lang='lat' dir='ltr'><strong>deﬂuxumque</strong></span> <span class='ocrx_word' id='word_1_454' title='bbox 1457 3857 1522 3896; x_wconf 81' lang='lat' dir='ltr'><strong>ex</strong></span> <span class='ocrx_word' id='word_1_455' title='bbox 1562 3842 1741 3912; x_wconf 87' lang='lat' dir='ltr'><strong>capite</strong></span> <span class='ocrx_word' id='word_1_456' title='bbox 1784 3842 2179 3899; x_wconf 78' lang='lat' dir='ltr'><strong>continentem.</strong></span> 
     </span>
    </p>
   </div>
   <div class='ocr_carea' id='block_1_67' title="bbox 601 3933 2181 4007">
    <p class='ocr_par' dir='ltr' id='par_1_67' title="bbox 601 3933 2181 4007">
     <span class='ocr_line' id='line_1_67' title="bbox 601 3933 2181 4007; baseline 0.001 -18"><span class='ocrx_word' id='word_1_457' title='bbox 601 3935 714 3989; x_wconf 84' lang='lat' dir='ltr'><strong>Non</strong></span> <span class='ocrx_word' id='word_1_458' title='bbox 748 3946 927 3990; x_wconf 89' lang='lat' dir='ltr'><strong>tamen</strong></span> <span class='ocrx_word' id='word_1_459' title='bbox 956 3933 1004 3987; x_wconf 87' lang='lat' dir='ltr'><strong>ei</strong></span> <span class='ocrx_word' id='word_1_460' title='bbox 1036 3934 1346 3999; x_wconf 86' lang='lat' dir='ltr'><strong>succubuit,</strong></span> <span class='ocrx_word' id='word_1_461' title='bbox 1375 3934 1469 3989; x_wconf 88' lang='lat' dir='ltr'><strong>sed</strong></span> <span class='ocrx_word' id='word_1_462' title='bbox 1522 3934 1598 3989; x_wconf 87' lang='lat' dir='ltr'><strong>ita</strong></span> <span class='ocrx_word' id='word_1_463' title='bbox 1629 3935 1686 3989; x_wconf 93' lang='lat' dir='ltr'><strong>in</strong></span> <span class='ocrx_word' id='word_1_464' title='bbox 1737 3935 2039 3991; x_wconf 89' lang='lat' dir='ltr'><strong>certamine</strong></span> <span class='ocrx_word' id='word_1_465' title='bbox 2082 3950 2181 4007; x_wconf 90' lang='lat' dir='ltr'><strong>pro</strong></span> 
     </span>
    </p>
   </div>
   <div class='ocr_carea' id='block_1_68' title="bbox 602 4026 2179 4098">
    <p class='ocr_par' dir='ltr' id='par_1_68' title="bbox 602 4026 2179 4098">
     <span class='ocr_line' id='line_1_68' title="bbox 602 4026 2179 4098; baseline 0 -17"><span class='ocrx_word' id='word_1_466' title='bbox 602 4041 765 4098; x_wconf 89' lang='lat' dir='ltr'><strong>regno</strong></span> <span class='ocrx_word' id='word_1_467' title='bbox 804 4041 904 4081; x_wconf 92' lang='lat' dir='ltr'><strong>suo</strong></span> <span class='ocrx_word' id='word_1_468' title='bbox 936 4026 1272 4096; x_wconf 67' lang='lat' dir='ltr'><strong>perduravit,</strong></span> <span class='ocrx_word' id='word_1_469' title='bbox 1322 4034 1383 4080; x_wconf 93' lang='lat' dir='ltr'><strong>ut</strong></span> <span class='ocrx_word' id='word_1_470' title='bbox 1438 4028 1676 4081; x_wconf 85' lang='lat' dir='ltr'><strong>maxima</strong></span> <span class='ocrx_word' id='word_1_471' title='bbox 1712 4038 1874 4097; x_wconf 89' lang='lat' dir='ltr'><strong>parta</strong></span> <span class='ocrx_word' id='word_1_472' title='bbox 1924 4028 2179 4094; x_wconf 89' lang='lat' dir='ltr'><strong>victoria,</strong></span> 
     </span>
    </p>
   </div>
   <div class='ocr_carea' id='block_1_69' title="bbox 598 4118 2180 4190">
    <p class='ocr_par' dir='ltr' id='par_1_69' title="bbox 598 4118 2180 4190">
     <span class='ocr_line' id='line_1_69' title="bbox 598 4118 2180 4190; baseline -0.001 -16"><span class='ocrx_word' id='word_1_473' title='bbox 598 4119 911 4190; x_wconf 86' lang='lat' dir='ltr'><strong>ingentique</strong></span> <span class='ocrx_word' id='word_1_474' title='bbox 958 4119 1311 4173; x_wconf 91' lang='lat' dir='ltr'><strong>barbarorum</strong></span> <span class='ocrx_word' id='word_1_475' title='bbox 1356 4118 1503 4172; x_wconf 71' lang='lat' dir='ltr'><strong>cmde</strong></span> <span class='ocrx_word' id='word_1_476' title='bbox 1551 4128 1794 4188; x_wconf 88' lang='lat' dir='ltr'><strong>peracta,</strong></span> <span class='ocrx_word' id='word_1_477' title='bbox 1823 4119 2013 4190; x_wconf 83' lang='lat' dir='ltr'><strong>majori</strong></span> <span class='ocrx_word' id='word_1_478' title='bbox 2056 4134 2180 4175; x_wconf 92' lang='lat' dir='ltr'><strong>cum</strong></span> 
     </span>
    </p>
   </div>
   <div class='ocr_carea' id='block_1_70' title="bbox 598 4210 2179 4282">
    <p class='ocr_par' dir='ltr' id='par_1_70' title="bbox 598 4210 2179 4282">
     <span class='ocr_line' id='line_1_70' title="bbox 598 4210 2179 4282; baseline 0.003 -17"><span class='ocrx_word' id='word_1_479' title='bbox 598 4214 765 4282; x_wconf 84' lang='lat' dir='ltr'><strong>gloria</strong></span> <span class='ocrx_word' id='word_1_480' title='bbox 792 4222 1023 4267; x_wconf 89' lang='lat' dir='ltr'><strong>mortem</strong></span> <span class='ocrx_word' id='word_1_481' title='bbox 1068 4211 1267 4266; x_wconf 90' lang='lat' dir='ltr'><strong>obiret.</strong></span> <span class='ocrx_word' id='word_1_482' title='bbox 1316 4210 1643 4267; x_wconf 86' lang='lat' dir='ltr'><strong>Philarchus</strong></span> <span class='ocrx_word' id='word_1_483' title='bbox 1703 4213 1895 4269; x_wconf 91' lang='lat' dir='ltr'><strong>scribit</strong></span> <span class='ocrx_word' id='word_1_484' title='bbox 1954 4228 2076 4268; x_wconf 90' lang='lat' dir='ltr'><strong>eum</strong></span> <span class='ocrx_word' id='word_1_485' title='bbox 2125 4214 2179 4269; x_wconf 91' lang='lat' dir='ltr'><strong>in</strong></span> 
     </span>
    </p>
   </div>
   <div class='ocr_carea' id='block_1_71' title="bbox 597 4301 2183 4373">
    <p class='ocr_par' dir='ltr' id='par_1_71' title="bbox 597 4301 2183 4373">
     <span class='ocr_line' id='line_1_71' title="bbox 597 4301 2183 4373; baseline 0.002 -16"><span class='ocrx_word' id='word_1_486' title='bbox 597 4303 713 4370; x_wconf 80' lang='lat' dir='ltr'><strong>ipso</strong></span> <span class='ocrx_word' id='word_1_487' title='bbox 740 4302 929 4371; x_wconf 68' lang='lat' dir='ltr'><strong>proelio</strong></span> <span class='ocrx_word' id='word_1_488' title='bbox 960 4301 1343 4357; x_wconf 77' lang='lat' dir='ltr'><strong>vociferatione</strong></span> <span class='ocrx_word' id='word_1_489' title='bbox 1371 4316 1568 4371; x_wconf 84' lang='lat' dir='ltr'><strong>corpus</strong></span> <span class='ocrx_word' id='word_1_490' title='bbox 1602 4303 1814 4373; x_wconf 84' lang='lat' dir='ltr'><strong>rupisse</strong></span> <span class='ocrx_word' id='word_1_491' title='bbox 1839 4319 1854 4370; x_wconf 93' lang='lat'><strong>;</strong></span> <span class='ocrx_word' id='word_1_492' title='bbox 1882 4304 2024 4373; x_wconf 86' lang='lat' dir='ltr'><strong>quod</strong></span> <span class='ocrx_word' id='word_1_493' title='bbox 2054 4318 2183 4361; x_wconf 91' lang='lat' dir='ltr'><strong>vero</strong></span> 
     </span>
    </p>
   </div>
   <div class='ocr_carea' id='block_1_72' title="bbox 603 4390 2180 4450">
    <p class='ocr_par' dir='ltr' id='par_1_72' title="bbox 603 4390 2180 4450">
     <span class='ocr_line' id='line_1_72' title="bbox 603 4390 2180 4450; baseline 0.003 -4"><span class='ocrx_word' id='word_1_494' title='bbox 603 4409 709 4447; x_wconf 89' lang='lat' dir='ltr'><strong>non</strong></span> <span class='ocrx_word' id='word_1_495' title='bbox 739 4403 822 4448; x_wconf 90' lang='lat' dir='ltr'><strong>est</strong></span> <span class='ocrx_word' id='word_1_496' title='bbox 856 4392 1144 4448; x_wconf 83' lang='lat' dir='ltr'><strong>dissimile.</strong></span> <span class='ocrx_word' id='word_1_497' title='bbox 1197 4390 1254 4444; x_wconf 93' lang='lat' dir='ltr'><strong>In</strong></span> <span class='ocrx_word' id='word_1_498' title='bbox 1308 4390 1850 4449; x_wconf 87' lang='lat' dir='ltr'><strong>confabulationibus</strong></span> <span class='ocrx_word' id='word_1_499' title='bbox 1901 4395 2180 4450; x_wconf 87' lang='lat' dir='ltr'><strong>hominum</strong></span> 
     </span>
    </p>
   </div>
   <div class='ocr_carea' id='block_1_73' title="bbox 596 4483 2180 4557">
    <p class='ocr_par' dir='ltr' id='par_1_73' title="bbox 596 4483 2180 4557">
     <span class='ocr_line' id='line_1_73' title="bbox 596 4483 2180 4557; baseline 0.003 -19"><span class='ocrx_word' id='word_1_500' title='bbox 596 4484 893 4552; x_wconf 86' lang='lat' dir='ltr'><strong>ferebatur,</strong></span> <span class='ocrx_word' id='word_1_501' title='bbox 916 4498 1037 4538; x_wconf 89' lang='lat' dir='ltr'><strong>eum</strong></span> <span class='ocrx_word' id='word_1_502' title='bbox 1056 4483 1441 4555; x_wconf 72' lang='lat' dir='ltr'><strong>postprmlium</strong></span> <span class='ocrx_word' id='word_1_503' title='bbox 1470 4483 1796 4541; x_wconf 87' lang='lat' dir='ltr'><strong>clamantem</strong></span> <span class='ocrx_word' id='word_1_504' title='bbox 1828 4499 1939 4555; x_wconf 72' lang='lat' dir='ltr'><strong>pm</strong></span> <span class='ocrx_word' id='word_1_505' title='bbox 1964 4489 2180 4557; x_wconf 85' lang='lat' dir='ltr'><strong>gaudio,</strong></span> 
     </span>
    </p>
   </div>
   <div class='ocr_carea' id='block_1_74' title="bbox 596 4575 2173 4649">
    <p class='ocr_par' dir='ltr' id='par_1_74' title="bbox 596 4575 2173 4649">
     <span class='ocr_line' id='line_1_74' title="bbox 596 4575 2173 4649; baseline 0.002 -16"><span class='ocrx_word' id='word_1_506' title='bbox 596 4575 644 4633; x_wconf 92' lang='lat'><em>0</em></span> <span class='ocrx_word' id='word_1_507' title='bbox 698 4576 975 4647; x_wconf 85' lang='lat' dir='ltr'><strong>pulchrum</strong></span> <span class='ocrx_word' id='word_1_508' title='bbox 1029 4577 1189 4643; x_wconf 79' lang='lat' dir='ltr'><strong>diem,</strong></span> <span class='ocrx_word' id='word_1_509' title='bbox 1251 4576 1477 4631; x_wconf 88' lang='lat' dir='ltr'><strong>multum</strong></span> <span class='ocrx_word' id='word_1_510' title='bbox 1526 4578 1809 4648; x_wconf 81' lang='lat' dir='ltr'><strong>sanguinis</strong></span> <span class='ocrx_word' id='word_1_511' title='bbox 1854 4581 2173 4649; x_wconf 80' lang='lat' dir='ltr'><strong>exspuisse,</strong></span> 
     </span>
    </p>
   </div>
   <div class='ocr_carea' id='block_1_75' title="bbox 596 4670 1415 4741">
    <p class='ocr_par' dir='ltr' id='par_1_75' title="bbox 596 4670 1415 4741">
     <span class='ocr_line' id='line_1_75' title="bbox 596 4670 1415 4741; baseline 0 -17"><span class='ocrx_word' id='word_1_512' title='bbox 596 4680 866 4741; x_wconf 86' lang='lat' dir='ltr'><strong>acutaque</strong></span> <span class='ocrx_word' id='word_1_513' title='bbox 898 4670 1033 4725; x_wconf 86' lang='lat' dir='ltr'><strong>febri</strong></span> <span class='ocrx_word' id='word_1_514' title='bbox 1089 4670 1415 4725; x_wconf 82' lang='lat' dir='ltr'><strong>decessisse.</strong></span> 
     </span>
    </p>
   </div>
   <div class='ocr_carea' id='block_1_76' title="bbox 668 4759 2175 4831">
    <p class='ocr_par' dir='ltr' id='par_1_76' title="bbox 668 4759 2175 4831">
     <span class='ocr_line' id='line_1_76' title="bbox 668 4759 2175 4831; baseline -0.002 -15"><span class='ocrx_word' id='word_1_515' title='bbox 668 4761 806 4816; x_wconf 92' lang='lat' dir='ltr'><strong>Cum</strong></span> <span class='ocrx_word' id='word_1_516' title='bbox 837 4761 1155 4816; x_wconf 88' lang='lat' dir='ltr'><strong>Cleomenes</strong></span> <span class='ocrx_word' id='word_1_517' title='bbox 1179 4761 1246 4815; x_wconf 88' lang='lat' dir='ltr'><strong>ab</strong></span> <span class='ocrx_word' id='word_1_518' title='bbox 1276 4759 1548 4830; x_wconf 82' lang='lat' dir='ltr'><strong>Antigono</strong></span> <span class='ocrx_word' id='word_1_519' title='bbox 1595 4770 1882 4831; x_wconf 87' lang='lat' dir='ltr'><strong>superatus</strong></span> <span class='ocrx_word' id='word_1_520' title='bbox 1912 4759 1966 4814; x_wconf 93' lang='lat' dir='ltr'><strong>in</strong></span> <span class='ocrx_word' id='word_1_521' title='bbox 2004 4759 2175 4831; x_wconf 61' lang='lat' dir='ltr'><strong>Egy-</strong></span> 
     </span>
    </p>
   </div>
   <div class='ocr_carea' id='block_1_77' title="bbox 595 4852 2177 4926">
    <p class='ocr_par' dir='ltr' id='par_1_77' title="bbox 595 4852 2177 4926">
     <span class='ocr_line' id='line_1_77' title="bbox 595 4852 2177 4926; baseline 0.002 -18"><span class='ocrx_word' id='word_1_522' title='bbox 595 4863 743 4926; x_wconf 86' lang='lat' dir='ltr'><strong>ptnm</strong></span> <span class='ocrx_word' id='word_1_523' title='bbox 771 4854 1116 4925; x_wconf 75' lang='lat' dir='ltr'><strong>profugisset,</strong></span> <span class='ocrx_word' id='word_1_524' title='bbox 1148 4853 1303 4907; x_wconf 91' lang='lat' dir='ltr'><strong>initio</strong></span> <span class='ocrx_word' id='word_1_525' title='bbox 1323 4868 1353 4907; x_wconf 88' lang='lat' dir='ltr'><strong>a</strong></span> <span class='ocrx_word' id='word_1_526' title='bbox 1376 4867 1501 4923; x_wconf 84' lang='lat' dir='ltr'><strong>rege</strong></span> <span class='ocrx_word' id='word_1_527' title='bbox 1518 4869 1714 4926; x_wconf 89' lang='lat' dir='ltr'><strong>magno</strong></span> <span class='ocrx_word' id='word_1_528' title='bbox 1730 4852 2177 4911; x_wconf 82' lang='lat' dir='ltr'><strong>bonoreali‘ectus</strong></span> 
     </span>
    </p>
   </div>
   <div class='ocr_carea' id='block_1_78' title="bbox 593 4942 2172 5014">
    <p class='ocr_par' dir='ltr' id='par_1_78' title="bbox 593 4942 2172 5014">
     <span class='ocr_line' id='line_1_78' title="bbox 593 4942 2172 5014; baseline 0.001 -17"><span class='ocrx_word' id='word_1_529' title='bbox 593 4953 697 5000; x_wconf 87' lang='lat' dir='ltr'><strong>est.</strong></span> <span class='ocrx_word' id='word_1_530' title='bbox 734 4943 939 5000; x_wconf 90' lang='lat' dir='ltr'><strong>Deinde</strong></span> <span class='ocrx_word' id='word_1_531' title='bbox 970 4942 1110 4997; x_wconf 89' lang='lat' dir='ltr'><strong>haud</strong></span> <span class='ocrx_word' id='word_1_532' title='bbox 1140 4942 1302 5012; x_wconf 90' lang='lat' dir='ltr'><strong>longo</strong></span> <span class='ocrx_word' id='word_1_533' title='bbox 1332 4953 1454 5013; x_wconf 89' lang='lat' dir='ltr'><strong>post</strong></span> <span class='ocrx_word' id='word_1_534' title='bbox 1499 4951 1744 5014; x_wconf 85' lang='lat' dir='ltr'><strong>tempore</strong></span> <span class='ocrx_word' id='word_1_535' title='bbox 1781 4945 1901 5000; x_wconf 88' lang='lat' dir='ltr'><strong>sine</strong></span> <span class='ocrx_word' id='word_1_536' title='bbox 1945 4944 2172 5012; x_wconf 87' lang='lat' dir='ltr'><strong>injuria,</strong></span> 
     </span>
    </p>
   </div>
   <div class='ocr_carea' id='block_1_79' title="bbox 596 5032 2173 5102">
    <p class='ocr_par' dir='ltr' id='par_1_79' title="bbox 596 5032 2173 5102">
     <span class='ocr_line' id='line_1_79' title="bbox 596 5032 2173 5102; baseline 0.002 -18"><span class='ocrx_word' id='word_1_537' title='bbox 596 5041 820 5102; x_wconf 84' lang='lat' dir='ltr'><strong>propter</strong></span> <span class='ocrx_word' id='word_1_538' title='bbox 850 5032 1091 5102; x_wconf 75' lang='lat' dir='ltr'><strong>iniquam</strong></span> <span class='ocrx_word' id='word_1_539' title='bbox 1147 5033 1556 5100; x_wconf 84' lang='lat' dir='ltr'><strong>suspectionem</strong></span> <span class='ocrx_word' id='word_1_540' title='bbox 1625 5039 1681 5086; x_wconf 91' lang='lat' dir='ltr'><strong>et</strong></span> <span class='ocrx_word' id='word_1_541' title='bbox 1733 5032 2173 5088; x_wconf 84' lang='lat' dir='ltr'><strong>malevolentiam</strong></span> 
     </span>
    </p>
   </div>
   <div class='ocr_carea' id='block_1_80' title="bbox 596 5122 2171 5193">
    <p class='ocr_par' dir='ltr' id='par_1_80' title="bbox 596 5122 2171 5193">
     <span class='ocr_line' id='line_1_80' title="bbox 596 5122 2171 5193; baseline 0.001 -15"><span class='ocrx_word' id='word_1_542' title='bbox 596 5133 998 5192; x_wconf 87' lang='lat' dir='ltr'><strong>accusatorum,</strong></span> <span class='ocrx_word' id='word_1_543' title='bbox 1023 5122 1310 5179; x_wconf 84' lang='lat' dir='ltr'><strong>deficiente</strong></span> <span class='ocrx_word' id='word_1_544' title='bbox 1338 5137 1464 5193; x_wconf 88' lang='lat' dir='ltr'><strong>erga</strong></span> <span class='ocrx_word' id='word_1_545' title='bbox 1496 5139 1619 5178; x_wconf 88' lang='lat' dir='ltr'><strong>eum</strong></span> <span class='ocrx_word' id='word_1_546' title='bbox 1643 5122 1861 5191; x_wconf 75' lang='lat' dir='ltr'><strong>affectu,</strong></span> <span class='ocrx_word' id='word_1_547' title='bbox 1888 5123 2171 5193; x_wconf 75' lang='lat' dir='ltr'><strong>coniectus</strong></span> 
     </span>
    </p>
   </div>
   <div class='ocr_carea' id='block_1_81' title="bbox 594 5209 2172 5284">
    <p class='ocr_par' dir='ltr' id='par_1_81' title="bbox 594 5209 2172 5284">
     <span class='ocr_line' id='line_1_81' title="bbox 594 5209 2172 5284; baseline -0.001 -16"><span class='ocrx_word' id='word_1_548' title='bbox 594 5224 677 5268; x_wconf 85' lang='lat' dir='ltr'><strong>est</strong></span> <span class='ocrx_word' id='word_1_549' title='bbox 704 5230 737 5268; x_wconf 90' lang='lat' dir='ltr'><strong>a</strong></span> <span class='ocrx_word' id='word_1_550' title='bbox 774 5229 898 5284; x_wconf 83' lang='lat' dir='ltr'><strong>rege</strong></span> <span class='ocrx_word' id='word_1_551' title='bbox 936 5215 989 5269; x_wconf 93' lang='lat' dir='ltr'><strong>in</strong></span> <span class='ocrx_word' id='word_1_552' title='bbox 1037 5226 1337 5278; x_wconf 91' lang='lat' dir='ltr'><strong>carcerem,</strong></span> <span class='ocrx_word' id='word_1_553' title='bbox 1372 5212 1438 5265; x_wconf 90' lang='lat' dir='ltr'><strong>ad</strong></span> <span class='ocrx_word' id='word_1_554' title='bbox 1485 5222 1716 5266; x_wconf 87' lang='lat' dir='ltr'><strong>mortem</strong></span> <span class='ocrx_word' id='word_1_555' title='bbox 1756 5212 2036 5281; x_wconf 80' lang='lat' dir='ltr'><strong>quaesitus.</strong></span> <span class='ocrx_word' id='word_1_556' title='bbox 2076 5209 2172 5267; x_wconf 88' lang='lat' dir='ltr'><strong>Ille</strong></span> 
     </span>
    </p>
   </div>
   <div class='ocr_carea' id='block_1_82' title="bbox 597 5303 2175 5375">
    <p class='ocr_par' dir='ltr' id='par_1_82' title="bbox 597 5303 2175 5375">
     <span class='ocr_line' id='line_1_82' title="bbox 597 5303 2175 5375; baseline -0.003 -14"><span class='ocrx_word' id='word_1_557' title='bbox 597 5320 728 5363; x_wconf 79' lang='lat' dir='ltr'><strong>vero</strong></span> <span class='ocrx_word' id='word_1_558' title='bbox 753 5321 875 5362; x_wconf 91' lang='lat' dir='ltr'><strong>cum</strong></span> <span class='ocrx_word' id='word_1_559' title='bbox 900 5306 1021 5362; x_wconf 88' lang='lat' dir='ltr'><strong>aliis</strong></span> <span class='ocrx_word' id='word_1_560' title='bbox 1076 5304 1349 5361; x_wconf 79' lang='lat' dir='ltr'><strong>sexdecim</strong></span> <span class='ocrx_word' id='word_1_561' title='bbox 1387 5303 1551 5360; x_wconf 85' lang='lat' dir='ltr'><strong>sociis</strong></span> <span class='ocrx_word' id='word_1_562' title='bbox 1594 5318 1718 5358; x_wconf 89' lang='lat' dir='ltr'><strong>cum</strong></span> <span class='ocrx_word' id='word_1_563' title='bbox 1770 5304 1965 5375; x_wconf 87' lang='lat' dir='ltr'><strong>gladiis</strong></span> <span class='ocrx_word' id='word_1_564' title='bbox 2012 5303 2175 5358; x_wconf 91' lang='lat' dir='ltr'><strong>domo</strong></span> 
     </span>
    </p>
   </div>
   <div class='ocr_carea' id='block_1_83' title="bbox 2285 3375 3871 3449">
    <p class='ocr_par' dir='ltr' id='par_1_83' title="bbox 2285 3375 3871 3449">
     <span class='ocr_line' id='line_1_83' title="bbox 2285 3375 3871 3449; baseline -0.001 -16"><span class='ocrx_word' id='word_1_565' title='bbox 2285 3378 2735 3449; x_wconf 85' lang='grc' dir='ltr'>Λακεδαιμονίοις</span> <span class='ocrx_word' id='word_1_566' title='bbox 2795 3375 3194 3448; x_wconf 86' lang='grc' dir='ltr'>φιλανθρώπως</span> <span class='ocrx_word' id='word_1_567' title='bbox 3242 3378 3613 3447; x_wconf 78' lang='grc' dir='ltr'>χρησάμενος,</span> <span class='ocrx_word' id='word_1_568' title='bbox 3670 3380 3765 3433; x_wconf 76' lang='grc' dir='ltr'>καὶ</span> <span class='ocrx_word' id='word_1_569' title='bbox 3811 3382 3871 3432; x_wconf 72' lang='grc' dir='ltr'>τὴ</span> 
     </span>
    </p>
   </div>
   <div class='ocr_carea' id='block_1_84' title="bbox 2281 3470 3869 3543">
    <p class='ocr_par' dir='ltr' id='par_1_84' title="bbox 2281 3470 3869 3543">
     <span class='ocr_line' id='line_1_84' title="bbox 2281 3470 3869 3543; baseline 0.001 -18"><span class='ocrx_word' id='word_1_570' title='bbox 2281 3473 2497 3543; x_wconf 81' lang='grc' dir='ltr'>ἀξίωμα</span> <span class='ocrx_word' id='word_1_571' title='bbox 2532 3471 2633 3542; x_wconf 78' lang='grc' dir='ltr'>τῆς</span> <span class='ocrx_word' id='word_1_572' title='bbox 2682 3471 2939 3541; x_wconf 88' lang='grc' dir='ltr'>Σπάρτης</span> <span class='ocrx_word' id='word_1_573' title='bbox 2977 3471 3037 3523; x_wconf 87' lang='grc' dir='ltr'><strong>ού</strong></span> <span class='ocrx_word' id='word_1_574' title='bbox 3069 3470 3490 3541; x_wconf 83' lang='grc' dir='ltr'>προπηλακίσας</span> <span class='ocrx_word' id='word_1_575' title='bbox 3511 3472 3621 3525; x_wconf 73' lang='grc' dir='ltr'>οὐδ’</span> <span class='ocrx_word' id='word_1_576' title='bbox 3656 3474 3869 3543; x_wconf 78' lang='grc' dir='ltr'>ένυὸρί-</span> 
     </span>
    </p>
   </div>
   <div class='ocr_carea' id='block_1_85' title="bbox 2283 3561 3869 3635">
    <p class='ocr_par' dir='ltr' id='par_1_85' title="bbox 2283 3561 3869 3635">
     <span class='ocr_line' id='line_1_85' title="bbox 2283 3561 3869 3635; baseline -0.001 -17"><span class='ocrx_word' id='word_1_577' title='bbox 2283 3582 2403 3630; x_wconf 88' lang='grc' dir='ltr'>σας,</span> <span class='ocrx_word' id='word_1_578' title='bbox 2442 3563 2579 3619; x_wconf 82' lang='grc' dir='ltr'><strong>ἀλλά</strong></span> <span class='ocrx_word' id='word_1_579' title='bbox 2611 3562 2709 3616; x_wconf 80' lang='grc' dir='ltr'>καὶ</span> <span class='ocrx_word' id='word_1_580' title='bbox 2737 3562 2933 3632; x_wconf 88' lang='grc' dir='ltr'>νόμους</span> <span class='ocrx_word' id='word_1_581' title='bbox 2966 3562 3059 3615; x_wconf 79' lang='grc' dir='ltr'>καὶ</span> <span class='ocrx_word' id='word_1_582' title='bbox 3092 3561 3365 3615; x_wconf 82' lang='grc' dir='ltr'>πολιτείαν</span> <span class='ocrx_word' id='word_1_583' title='bbox 3388 3563 3643 3627; x_wconf 75' lang='grc' dir='ltr'>ἀποδοὺς,</span> <span class='ocrx_word' id='word_1_584' title='bbox 3670 3564 3869 3635; x_wconf 78' lang='grc' dir='ltr'>ἀνεχώ-</span> 
     </span>
    </p>
   </div>
   <div class='ocr_carea' id='block_1_86' title="bbox 2285 3653 3903 3727">
    <p class='ocr_par' dir='ltr' id='par_1_86' title="bbox 2285 3653 3903 3727">
     <span class='ocr_line' id='line_1_86' title="bbox 2285 3653 3903 3727; baseline -0.012 -16"><span class='ocrx_word' id='word_1_585' title='bbox 2285 3673 2449 3726; x_wconf 86' lang='grc' dir='ltr'>ρησεν</span> <span class='ocrx_word' id='word_1_586' title='bbox 2481 3656 2561 3718; x_wconf 82' lang='grc' dir='ltr'><strong>είς</strong></span> <span class='ocrx_word' id='word_1_587' title='bbox 2589 3653 2927 3708; x_wconf 80' lang='grc' dir='ltr'>Μακεδονίαν</span> <span class='ocrx_word' id='word_1_588' title='bbox 2981 3653 3167 3724; x_wconf 80' lang='grc' dir='ltr'>ἡμέρᾳ</span> <span class='ocrx_word' id='word_1_589' title='bbox 3210 3654 3390 3724; x_wconf 84' lang='grc' dir='ltr'>τρίτῃ,</span> <span class='ocrx_word' id='word_1_590' title='bbox 3435 3654 3691 3723; x_wconf 77' lang='grc' dir='ltr'>πολέμων</span> <span class='ocrx_word' id='word_1_591' title='bbox 3724 3656 3869 3727; x_wconf 63' lang='grc' dir='ltr'><strong>αὐτῷ</strong></span> <span class='ocrx_word' id='word_1_592' title='bbox 3897 3676 3903 3679; x_wconf 95' lang='grc'><strong>-</strong></span> 
     </span>
    </p>
   </div>
   <div class='ocr_carea' id='block_1_87' title="bbox 2283 3745 3868 3821">
    <p class='ocr_par' dir='ltr' id='par_1_87' title="bbox 2283 3745 3868 3821">
     <span class='ocr_line' id='line_1_87' title="bbox 2283 3745 3868 3821; baseline 0.003 -21"><span class='ocrx_word' id='word_1_593' title='bbox 2283 3748 2526 3817; x_wconf 82' lang='grc' dir='ltr'>φυέντων</span> <span class='ocrx_word' id='word_1_594' title='bbox 2578 3748 2756 3800; x_wconf 76' lang='grc' dir='ltr'>ἐκεῖσε</span> <span class='ocrx_word' id='word_1_595' title='bbox 2810 3747 2907 3800; x_wconf 75' lang='grc' dir='ltr'>καὶ</span> <span class='ocrx_word' id='word_1_596' title='bbox 2960 3750 3219 3817; x_wconf 84' lang='grc' dir='ltr'>παρεῖναι</span> <span class='ocrx_word' id='word_1_597' title='bbox 3248 3745 3611 3817; x_wconf 74' lang='grc' dir='ltr'>βιαζομένων.</span> <span class='ocrx_word' id='word_1_598' title='bbox 3645 3751 3787 3821; x_wconf 84' lang='grc' dir='ltr'><strong>Ἤδη</strong></span> <span class='ocrx_word' id='word_1_599' title='bbox 3814 3752 3868 3804; x_wconf 84' lang='grc' dir='ltr'>δὲ</span> 
     </span>
    </p>
   </div>
   <div class='ocr_carea' id='block_1_88' title="bbox 2282 3836 3865 3910">
    <p class='ocr_par' dir='ltr' id='par_1_88' title="bbox 2282 3836 3865 3910">
     <span class='ocr_line' id='line_1_88' title="bbox 2282 3836 3865 3910; baseline 0.001 -19"><span class='ocrx_word' id='word_1_600' title='bbox 2282 3840 2379 3892; x_wconf 78' lang='grc' dir='ltr'>καὶ</span> <span class='ocrx_word' id='word_1_601' title='bbox 2418 3837 2480 3892; x_wconf 83' lang='grc' dir='ltr'>τὸ</span> <span class='ocrx_word' id='word_1_602' title='bbox 2529 3837 2744 3907; x_wconf 89' lang='grc' dir='ltr'>νόσημα</span> <span class='ocrx_word' id='word_1_603' title='bbox 2786 3838 3032 3907; x_wconf 84' lang='grc' dir='ltr'>κατεῖχεν</span> <span class='ocrx_word' id='word_1_604' title='bbox 3068 3836 3252 3903; x_wconf 77' lang='grc' dir='ltr'>αὑτὸν,</span> <span class='ocrx_word' id='word_1_605' title='bbox 3285 3838 3365 3900; x_wconf 84' lang='grc' dir='ltr'><strong>είς</strong></span> <span class='ocrx_word' id='word_1_606' title='bbox 3397 3838 3583 3907; x_wconf 88' lang='grc' dir='ltr'>φθίσιν</span> <span class='ocrx_word' id='word_1_607' title='bbox 3630 3840 3865 3910; x_wconf 74' lang='grc' dir='ltr'>ἐκδεδη-</span> 
     </span>
    </p>
   </div>
   <div class='ocr_carea' id='block_1_89' title="bbox 2282 3929 3868 4003">
    <p class='ocr_par' dir='ltr' id='par_1_89' title="bbox 2282 3929 3868 4003">
     <span class='ocr_line' id='line_1_89' title="bbox 2282 3929 3868 4003; baseline 0.001 -20"><span class='ocrx_word' id='word_1_608' title='bbox 2282 3929 2379 3992; x_wconf 85' lang='grc' dir='ltr'><strong>κδς</strong></span> <span class='ocrx_word' id='word_1_609' title='bbox 2407 3929 2451 3961; x_wconf 87' lang='grc'><strong>⁸⁷</strong></span> <span class='ocrx_word' id='word_1_610' title='bbox 2490 3930 2718 4000; x_wconf 86' lang='grc' dir='ltr'>ίσχυράν</span> <span class='ocrx_word' id='word_1_611' title='bbox 2768 3929 2863 3981; x_wconf 70' lang='grc' dir='ltr'>καὶ</span> <span class='ocrx_word' id='word_1_612' title='bbox 2918 3929 3228 3999; x_wconf 73' lang='grc' dir='ltr'>κατάρρουν</span> <span class='ocrx_word' id='word_1_613' title='bbox 3277 3931 3572 3984; x_wconf 82' lang='grc' dir='ltr'>συντεῖνον.</span> <span class='ocrx_word' id='word_1_614' title='bbox 3634 3932 3710 3984; x_wconf 83' lang='grc' dir='ltr'>Ού</span> <span class='ocrx_word' id='word_1_615' title='bbox 3761 3932 3868 4003; x_wconf 72' lang='grc' dir='ltr'>μὴν</span> 
     </span>
    </p>
   </div>
   <div class='ocr_carea' id='block_1_90' title="bbox 2282 4019 3863 4093">
    <p class='ocr_par' dir='ltr' id='par_1_90' title="bbox 2282 4019 3863 4093">
     <span class='ocr_line' id='line_1_90' title="bbox 2282 4019 3863 4093; baseline 0.001 -17"><span class='ocrx_word' id='word_1_616' title='bbox 2282 4023 2540 4086; x_wconf 84' lang='grc' dir='ltr'>ἀπεῖπεν,</span> <span class='ocrx_word' id='word_1_617' title='bbox 2574 4019 2688 4072; x_wconf 85' lang='grc' dir='ltr'>ἀλλ’</span> <span class='ocrx_word' id='word_1_618' title='bbox 2709 4019 3013 4091; x_wconf 81' lang='grc' dir='ltr'>ἀντήρκεσε</span> <span class='ocrx_word' id='word_1_619' title='bbox 3046 4020 3183 4091; x_wconf 70' lang='grc' dir='ltr'>πρὸς</span> <span class='ocrx_word' id='word_1_620' title='bbox 3208 4020 3334 4084; x_wconf 72' lang='grc' dir='ltr'>τοὺς</span> <span class='ocrx_word' id='word_1_621' title='bbox 3362 4022 3595 4087; x_wconf 86' lang='grc' dir='ltr'>οἰκείους</span> <span class='ocrx_word' id='word_1_622' title='bbox 3623 4024 3863 4093; x_wconf 79' lang='grc' dir='ltr'>ἀγῶνας,</span> 
     </span>
    </p>
   </div>
   <div class='ocr_carea' id='block_1_91' title="bbox 2283 4111 3865 4186">
    <p class='ocr_par' dir='ltr' id='par_1_91' title="bbox 2283 4111 3865 4186">
     <span class='ocr_line' id='line_1_91' title="bbox 2283 4111 3865 4186; baseline 0 -18"><span class='ocrx_word' id='word_1_623' title='bbox 2283 4115 2408 4168; x_wconf 80' lang='grc' dir='ltr'>ὅσον</span> <span class='ocrx_word' id='word_1_624' title='bbox 2436 4114 2530 4167; x_wconf 75' lang='grc' dir='ltr'><strong>ἐπὶ</strong></span> <span class='ocrx_word' id='word_1_625' title='bbox 2551 4111 2676 4183; x_wconf 79' lang='grc' dir='ltr'>νίκῃ</span> <span class='ocrx_word' id='word_1_626' title='bbox 2709 4112 2942 4183; x_wconf 80' lang='grc' dir='ltr'>μεγίστῃ</span> <span class='ocrx_word' id='word_1_627' title='bbox 2976 4112 3089 4165; x_wconf 70' lang='grc' dir='ltr'>καὶ</span> <span class='ocrx_word' id='word_1_628' title='bbox 3141 4112 3286 4183; x_wconf 83' lang='grc' dir='ltr'>φόνῳ</span> <span class='ocrx_word' id='word_1_629' title='bbox 3332 4113 3567 4185; x_wconf 78' lang='grc' dir='ltr'>πλείστῳ</span> <span class='ocrx_word' id='word_1_630' title='bbox 3592 4114 3703 4167; x_wconf 87' lang='grc' dir='ltr'><strong>τῶν</strong></span> <span class='ocrx_word' id='word_1_631' title='bbox 3736 4116 3865 4186; x_wconf 82' lang='grc' dir='ltr'>βαρ-</span> 
     </span>
    </p>
   </div>
   <div class='ocr_carea' id='block_1_92' title="bbox 2286 4203 3865 4276">
    <p class='ocr_par' dir='ltr' id='par_1_92' title="bbox 2286 4203 3865 4276">
     <span class='ocr_line' id='line_1_92' title="bbox 2286 4203 3865 4276; baseline 0.004 -19"><span class='ocrx_word' id='word_1_632' title='bbox 2286 4203 2469 4276; x_wconf 86' lang='grc' dir='ltr'>βάρων</span> <span class='ocrx_word' id='word_1_633' title='bbox 2491 4203 2877 4275; x_wconf 82' lang='grc' dir='ltr'>εύκλεέστερος</span> <span class='ocrx_word' id='word_1_634' title='bbox 2935 4203 3251 4267; x_wconf 81' lang='grc' dir='ltr'>ἀποθανεῖν,</span> <span class='ocrx_word' id='word_1_635' title='bbox 3312 4205 3387 4268; x_wconf 85' lang='grc' dir='ltr'>ὼς</span> <span class='ocrx_word' id='word_1_636' title='bbox 3422 4206 3520 4275; x_wconf 81' lang='grc' dir='ltr'>μὲν</span> <span class='ocrx_word' id='word_1_637' title='bbox 3566 4208 3715 4271; x_wconf 69' lang='grc' dir='ltr'>εἰκός</span> <span class='ocrx_word' id='word_1_638' title='bbox 3750 4212 3865 4262; x_wconf 80' lang='grc' dir='ltr'>ἐστι</span> 
     </span>
    </p>
   </div>
   <div class='ocr_carea' id='block_1_93' title="bbox 2282 4293 3863 4369">
    <p class='ocr_par' dir='ltr' id='par_1_93' title="bbox 2282 4293 3863 4369">
     <span class='ocr_line' id='line_1_93' title="bbox 2282 4293 3863 4369; baseline 0.003 -20"><span class='ocrx_word' id='word_1_639' title='bbox 2282 4297 2379 4349; x_wconf 75' lang='grc' dir='ltr'>καὶ</span> <span class='ocrx_word' id='word_1_640' title='bbox 2397 4295 2647 4362; x_wconf 85' lang='grc' dir='ltr'>λέγουσιν</span> <span class='ocrx_word' id='word_1_641' title='bbox 2702 4295 2751 4347; x_wconf 83' lang='grc' dir='ltr'>οἱ</span> <span class='ocrx_word' id='word_1_642' title='bbox 2809 4294 2937 4366; x_wconf 72' lang='grc' dir='ltr'>περὶ</span> <span class='ocrx_word' id='word_1_643' title='bbox 2966 4293 3269 4367; x_wconf 83' lang='grc' dir='ltr'>Φύλαρχον,</span> <span class='ocrx_word' id='word_1_644' title='bbox 3315 4297 3451 4366; x_wconf 75' lang='grc' dir='ltr'>αὐτῇ</span> <span class='ocrx_word' id='word_1_645' title='bbox 3496 4298 3563 4368; x_wconf 74' lang='grc' dir='ltr'>τῇ</span> <span class='ocrx_word' id='word_1_646' title='bbox 3589 4301 3718 4369; x_wconf 68' lang='grc' dir='ltr'>περὶ</span> <span class='ocrx_word' id='word_1_647' title='bbox 3773 4300 3863 4353; x_wconf 74' lang='grc' dir='ltr'><strong>τὸν</strong></span> 
     </span>
    </p>
   </div>
   <div class='ocr_carea' id='block_1_94' title="bbox 2284 4386 3861 4460">
    <p class='ocr_par' dir='ltr' id='par_1_94' title="bbox 2284 4386 3861 4460">
     <span class='ocr_line' id='line_1_94' title="bbox 2284 4386 3861 4460; baseline -0.001 -15"><span class='ocrx_word' id='word_1_648' title='bbox 2284 4390 2472 4459; x_wconf 86' lang='grc' dir='ltr'>ἀγῶνα</span> <span class='ocrx_word' id='word_1_649' title='bbox 2500 4391 2714 4460; x_wconf 81' lang='grc' dir='ltr'>κραυγῇ</span> <span class='ocrx_word' id='word_1_650' title='bbox 2737 4388 2798 4440; x_wconf 82' lang='grc' dir='ltr'>τὸ</span> <span class='ocrx_word' id='word_1_651' title='bbox 2830 4386 2990 4458; x_wconf 85' lang='grc' dir='ltr'>σῶμα</span> <span class='ocrx_word' id='word_1_652' title='bbox 3030 4388 3521 4460; x_wconf 67' lang='grc' dir='ltr'>προσαναρρήξας·</span> <span class='ocrx_word' id='word_1_653' title='bbox 3572 4392 3630 4443; x_wconf 88' lang='lat' dir='ltr'><strong><em>tv</em></strong></span> <span class='ocrx_word' id='word_1_654' title='bbox 3663 4391 3716 4443; x_wconf 77' lang='grc' dir='ltr'>δὲ</span> <span class='ocrx_word' id='word_1_655' title='bbox 3745 4393 3861 4454; x_wconf 79' lang='grc' dir='ltr'>ταῖς</span> 
     </span>
    </p>
   </div>
   <div class='ocr_carea' id='block_1_95' title="bbox 2287 4478 3861 4554">
    <p class='ocr_par' dir='ltr' id='par_1_95' title="bbox 2287 4478 3861 4554">
     <span class='ocr_line' id='line_1_95' title="bbox 2287 4478 3861 4554; baseline -0.002 -18"><span class='ocrx_word' id='word_1_656' title='bbox 2287 4482 2505 4554; x_wconf 79' lang='grc' dir='ltr'>σχολαῖς</span> <span class='ocrx_word' id='word_1_657' title='bbox 2533 4478 2603 4553; x_wconf 79' lang='grc' dir='ltr'>ἦν</span> <span class='ocrx_word' id='word_1_658' title='bbox 2626 4481 2845 4539; x_wconf 83' lang='grc' dir='ltr'>ἀκούειν</span> <span class='ocrx_word' id='word_1_659' title='bbox 2897 4480 2981 4533; x_wconf 81' lang='grc' dir='ltr'>ὅτι</span> <span class='ocrx_word' id='word_1_660' title='bbox 3042 4480 3180 4550; x_wconf 87' lang='grc' dir='ltr'>βοῶν</span> <span class='ocrx_word' id='word_1_661' title='bbox 3237 4480 3377 4550; x_wconf 87' lang='grc' dir='ltr'><strong>μετά</strong></span> <span class='ocrx_word' id='word_1_662' title='bbox 3433 4482 3532 4551; x_wconf 79' lang='grc' dir='ltr'>τὴν</span> <span class='ocrx_word' id='word_1_663' title='bbox 3572 4481 3730 4551; x_wconf 80' lang='grc' dir='ltr'>νίκην</span> <span class='ocrx_word' id='word_1_664' title='bbox 3758 4482 3861 4534; x_wconf 75' lang='grc' dir='ltr'><strong>ὑπὸ</strong></span> 
     </span>
    </p>
   </div>
   <div class='ocr_carea' id='block_1_96' title="bbox 2286 4569 3858 4645">
    <p class='ocr_par' dir='ltr' id='par_1_96' title="bbox 2286 4569 3858 4645">
     <span class='ocr_line' id='line_1_96' title="bbox 2286 4569 3858 4645; baseline -0.004 -17"><span class='ocrx_word' id='word_1_665' title='bbox 2286 4574 2463 4645; x_wconf 77' lang='grc' dir='ltr'>χαρᾶς</span> <span class='ocrx_word' id='word_1_666' title='bbox 2483 4589 2498 4603; x_wconf 82' lang='lat'><strong><em>°</em></strong></span> <span class='ocrx_word' id='word_1_667' title='bbox 2528 4574 2598 4627; x_wconf 76' lang='grc' dir='ltr'><strong><em>Ὠ</em></strong></span> <span class='ocrx_word' id='word_1_668' title='bbox 2624 4570 2819 4638; x_wconf 76' lang='grc' dir='ltr'>καλῆς</span> <span class='ocrx_word' id='word_1_669' title='bbox 2840 4571 3089 4639; x_wconf 75' lang='grc' dir='ltr'>ἡμέρας,</span> <span class='ocrx_word' id='word_1_670' title='bbox 3119 4569 3321 4640; x_wconf 82' lang='grc' dir='ltr'>πλῆθος</span> <span class='ocrx_word' id='word_1_671' title='bbox 3343 4571 3573 4640; x_wconf 79' lang='grc' dir='ltr'>αἰματος</span> <span class='ocrx_word' id='word_1_672' title='bbox 3598 4573 3858 4643; x_wconf 77' lang='grc' dir='ltr'>ἀνήγαγε,</span> 
     </span>
    </p>
   </div>
   <div class='ocr_carea' id='block_1_97' title="bbox 2206 4643 3414 4734">
    <p class='ocr_par' dir='ltr' id='par_1_97' title="bbox 2206 4643 3414 4734">
     <span class='ocr_line' id='line_1_97' title="bbox 2206 4643 3414 4734; baseline -0.003 -16"><span class='ocrx_word' id='word_1_673' title='bbox 2206 4643 2251 4699; x_wconf 81' lang='lat' dir='ltr'><strong>D</strong></span> <span class='ocrx_word' id='word_1_674' title='bbox 2282 4643 2379 4718; x_wconf 64' lang='lat' dir='ltr'><strong>ttat</strong></span> <span class='ocrx_word' id='word_1_675' title='bbox 2411 4662 2651 4734; x_wconf 83' lang='grc' dir='ltr'>πυρέξας</span> <span class='ocrx_word' id='word_1_676' title='bbox 2677 4659 2722 4692; x_wconf 83' lang='grc'>³⁸</span> <span class='ocrx_word' id='word_1_677' title='bbox 2750 4662 3014 4722; x_wconf 88' lang='grc' dir='ltr'>συντόνως</span> <span class='ocrx_word' id='word_1_678' title='bbox 3045 4658 3414 4730; x_wconf 77' lang='grc' dir='ltr'>ἐτελεύτησεν.</span> 
     </span>
    </p>
   </div>
   <div class='ocr_carea' id='block_1_98' title="bbox 2355 4750 3847 4827">
    <p class='ocr_par' dir='ltr' id='par_1_98' title="bbox 2355 4750 3847 4827">
     <span class='ocr_line' id='line_1_98' title="bbox 2355 4750 3847 4827; baseline -0.003 -19"><span class='ocrx_word' id='word_1_679' title='bbox 2355 4754 2518 4827; x_wconf 65' lang='grc' dir='ltr'>μευι)</span> <span class='ocrx_word' id='word_1_680' title='bbox 2546 4752 2637 4825; x_wconf 65' lang='lat' dir='ltr'><strong>IL]</strong></span> <span class='ocrx_word' id='word_1_681' title='bbox 2668 4753 2793 4806; x_wconf 87' lang='grc' dir='ltr'>Ὅτι</span> <span class='ocrx_word' id='word_1_682' title='bbox 2835 4752 2879 4783; x_wconf 71' lang='grc'><strong>³⁸</strong></span> <span class='ocrx_word' id='word_1_683' title='bbox 2932 4751 3268 4820; x_wconf 80' lang='grc' dir='ltr'>Κλεομένους</span> <span class='ocrx_word' id='word_1_684' title='bbox 3315 4750 3579 4823; x_wconf 74' lang='grc' dir='ltr'>Αἰγύπτῳ</span> <span class='ocrx_word' id='word_1_685' title='bbox 3622 4768 3847 4823; x_wconf 71' lang='grc' dir='ltr'>προσπε-</span> 
     </span>
    </p>
   </div>
   <div class='ocr_carea' id='block_1_99' title="bbox 2284 4838 3856 4915">
    <p class='ocr_par' dir='ltr' id='par_1_99' title="bbox 2284 4838 3856 4915">
     <span class='ocr_line' id='line_1_99' title="bbox 2284 4838 3856 4915; baseline -0.003 -16"><span class='ocrx_word' id='word_1_686' title='bbox 2284 4846 2545 4915; x_wconf 85' lang='grc' dir='ltr'>φευγότος</span> <span class='ocrx_word' id='word_1_687' title='bbox 2577 4844 2713 4914; x_wconf 83' lang='grc' dir='ltr'><strong>μετά</strong></span> <span class='ocrx_word' id='word_1_688' title='bbox 2748 4842 2845 4914; x_wconf 85' lang='grc' dir='ltr'>τὴν</span> <span class='ocrx_word' id='word_1_689' title='bbox 2895 4842 2987 4895; x_wconf 82' lang='grc' dir='ltr'><strong>ὑπ’</strong></span> <span class='ocrx_word' id='word_1_690' title='bbox 3036 4842 3345 4911; x_wconf 82' lang='grc' dir='ltr'>Ἀντιγόνου</span> <span class='ocrx_word' id='word_1_691' title='bbox 3392 4838 3589 4914; x_wconf 87' lang='grc' dir='ltr'>ἦτταν,</span> <span class='ocrx_word' id='word_1_692' title='bbox 3647 4846 3715 4895; x_wconf 76' lang='grc' dir='ltr'><strong>τά</strong></span> <span class='ocrx_word' id='word_1_693' title='bbox 3766 4846 3856 4913; x_wconf 78' lang='grc' dir='ltr'>μὲν</span> 
     </span>
    </p>
   </div>
   <div class='ocr_carea' id='block_1_100' title="bbox 2285 4933 3855 5007">
    <p class='ocr_par' dir='ltr' id='par_1_100' title="bbox 2285 4933 3855 5007">
     <span class='ocr_line' id='line_1_100' title="bbox 2285 4933 3855 5007; baseline -0.003 -17"><span class='ocrx_word' id='word_1_694' title='bbox 2285 4937 2480 5006; x_wconf 89' lang='grc' dir='ltr'>πρῶτα</span> <span class='ocrx_word' id='word_1_695' title='bbox 2503 4937 2531 4989; x_wconf 89' lang='grc' dir='ltr'><strong>ό</strong></span> <span class='ocrx_word' id='word_1_696' title='bbox 2564 4934 2817 5007; x_wconf 82' lang='grc' dir='ltr'>βασιλεὺς</span> <span class='ocrx_word' id='word_1_697' title='bbox 2857 4933 3136 5004; x_wconf 79' lang='grc' dir='ltr'>Αἰγύπτου</span> <span class='ocrx_word' id='word_1_698' title='bbox 3192 4936 3251 4987; x_wconf 89' lang='lat' dir='ltr'><strong><em>tv</em></strong></span> <span class='ocrx_word' id='word_1_699' title='bbox 3283 4938 3413 5006; x_wconf 83' lang='grc' dir='ltr'>τιμῇ</span> <span class='ocrx_word' id='word_1_700' title='bbox 3460 4937 3556 4989; x_wconf 82' lang='grc' dir='ltr'>καὶ</span> <span class='ocrx_word' id='word_1_701' title='bbox 3581 4935 3855 5002; x_wconf 77' lang='grc' dir='ltr'>δεξιώσεσι</span> 
     </span>
    </p>
   </div>
   <div class='ocr_carea' id='block_1_101' title="bbox 2283 5025 3854 5101">
    <p class='ocr_par' dir='ltr' id='par_1_101' title="bbox 2283 5025 3854 5101">
     <span class='ocr_line' id='line_1_101' title="bbox 2283 5025 3854 5101; baseline -0.003 -19"><span class='ocrx_word' id='word_1_702' title='bbox 2283 5032 2539 5101; x_wconf 75' lang='grc' dir='ltr'>περιεῖπε</span> <span class='ocrx_word' id='word_1_703' title='bbox 2584 5028 2677 5081; x_wconf 75' lang='grc' dir='ltr'>τὸν</span> <span class='ocrx_word' id='word_1_704' title='bbox 2727 5026 2917 5097; x_wconf 86' lang='grc' dir='ltr'>ἀνδρα,</span> <span class='ocrx_word' id='word_1_705' title='bbox 2976 5028 3093 5096; x_wconf 86' lang='grc' dir='ltr'>μετ’</span> <span class='ocrx_word' id='word_1_706' title='bbox 3155 5027 3217 5080; x_wconf 80' lang='grc' dir='ltr'>οὐ</span> <span class='ocrx_word' id='word_1_707' title='bbox 3272 5027 3407 5080; x_wconf 79' lang='grc' dir='ltr'>πολὺ</span> <span class='ocrx_word' id='word_1_708' title='bbox 3458 5028 3516 5081; x_wconf 78' lang='grc' dir='ltr'>δὲ</span> <span class='ocrx_word' id='word_1_709' title='bbox 3557 5027 3720 5097; x_wconf 78' lang='grc' dir='ltr'>μηδὲν</span> <span class='ocrx_word' id='word_1_710' title='bbox 3752 5025 3854 5079; x_wconf 79' lang='grc' dir='ltr'>ἀδι-</span> 
     </span>
    </p>
   </div>
   <div class='ocr_carea' id='block_1_102' title="bbox 2285 5115 3853 5187">
    <p class='ocr_par' dir='ltr' id='par_1_102' title="bbox 2285 5115 3853 5187">
     <span class='ocr_line' id='line_1_102' title="bbox 2285 5115 3853 5187; baseline -0.005 -12"><span class='ocrx_word' id='word_1_711' title='bbox 2285 5121 2488 5175; x_wconf 84' lang='grc' dir='ltr'>κοῦντα</span> <span class='ocrx_word' id='word_1_712' title='bbox 2517 5160 2533 5185; x_wconf 91' lang='grc'><strong>,</strong></span> <span class='ocrx_word' id='word_1_713' title='bbox 2556 5118 2617 5183; x_wconf 77' lang='grc' dir='ltr'>ἐξ</span> <span class='ocrx_word' id='word_1_714' title='bbox 2648 5115 2894 5187; x_wconf 77' lang='grc' dir='ltr'>ὑποψιῶν</span> <span class='ocrx_word' id='word_1_715' title='bbox 2923 5116 3136 5184; x_wconf 87' lang='grc' dir='ltr'>ἀλόγων</span> <span class='ocrx_word' id='word_1_716' title='bbox 3162 5117 3258 5170; x_wconf 75' lang='grc' dir='ltr'>καὶ</span> <span class='ocrx_word' id='word_1_717' title='bbox 3285 5117 3663 5185; x_wconf 84' lang='grc' dir='ltr'>συκοφαντιῶν</span> <span class='ocrx_word' id='word_1_718' title='bbox 3688 5116 3731 5146; x_wconf 73' lang='grc'><strong>⁵⁸</strong></span> <span class='ocrx_word' id='word_1_719' title='bbox 3762 5132 3853 5167; x_wconf 67' lang='grc' dir='ltr'>και</span> 
     </span>
    </p>
   </div>
   <div class='ocr_carea' id='block_1_103' title="bbox 2280 5204 3854 5282">
    <p class='ocr_par' dir='ltr' id='par_1_103' title="bbox 2280 5204 3854 5282">
     <span class='ocr_line' id='line_1_103' title="bbox 2280 5204 3854 5282; baseline -0.007 -17"><span class='ocrx_word' id='word_1_720' title='bbox 2280 5211 2532 5282; x_wconf 83' lang='grc' dir='ltr'>κούργων</span> <span class='ocrx_word' id='word_1_721' title='bbox 2564 5206 3066 5279; x_wconf 79' lang='grc' dir='ltr'>ὐπορῤυῖσκόμενος</span> <span class='ocrx_word' id='word_1_722' title='bbox 3086 5206 3183 5276; x_wconf 83' lang='grc' dir='ltr'>τῆς</span> <span class='ocrx_word' id='word_1_723' title='bbox 3210 5207 3341 5277; x_wconf 74' lang='grc' dir='ltr'>περὶ</span> <span class='ocrx_word' id='word_1_724' title='bbox 3359 5206 3521 5259; x_wconf 80' lang='grc' dir='ltr'>αὑτὸν</span> <span class='ocrx_word' id='word_1_725' title='bbox 3550 5204 3854 5267; x_wconf 73' lang='grc' dir='ltr'>διαθέσεως,</span> 
     </span>
    </p>
   </div>
   <div class='ocr_carea' id='block_1_104' title="bbox 2284 5294 3854 5371">
    <p class='ocr_par' dir='ltr' id='par_1_104' title="bbox 2284 5294 3854 5371">
     <span class='ocr_line' id='line_1_104' title="bbox 2284 5294 3854 5371; baseline -0.006 -17"><span class='ocrx_word' id='word_1_726' title='bbox 2284 5304 2342 5355; x_wconf 86' lang='lat' dir='ltr'><strong><em>tv</em></strong></span> <span class='ocrx_word' id='word_1_727' title='bbox 2372 5301 2586 5371; x_wconf 82' lang='grc' dir='ltr'>φρουρᾷ</span> <span class='ocrx_word' id='word_1_728' title='bbox 2638 5298 2887 5366; x_wconf 79' lang='grc' dir='ltr'>κατεῖχεν</span> <span class='ocrx_word' id='word_1_729' title='bbox 2938 5295 3181 5367; x_wconf 82' lang='grc' dir='ltr'>ἀδέσμῳ,</span> <span class='ocrx_word' id='word_1_730' title='bbox 3235 5294 3476 5367; x_wconf 88' lang='grc' dir='ltr'>μελετῶν</span> <span class='ocrx_word' id='word_1_731' title='bbox 3531 5297 3653 5349; x_wconf 84' lang='grc' dir='ltr'>κατ’</span> <span class='ocrx_word' id='word_1_732' title='bbox 3699 5296 3854 5348; x_wconf 66' lang='grc' dir='ltr'>αὑτοῦ</span> 
     </span>
    </p>
   </div>
   <div class='ocr_carea' id='block_1_105' title="bbox 1908 5393 2590 5451">
    <p class='ocr_par' dir='ltr' id='par_1_105' title="bbox 1908 5393 2590 5451">
     <span class='ocr_line' id='line_1_105' title="bbox 1908 5393 2590 5451; baseline -0.007 -2"><span class='ocrx_word' id='word_1_733' title='bbox 1908 5393 2142 5451; x_wconf 76' lang='lat' dir='ltr'><strong>VARUE</strong></span> <span class='ocrx_word' id='word_1_734' title='bbox 2180 5393 2590 5449; x_wconf 68' lang='lat' dir='ltr'><strong>LEC’I&#39;IOI‘ES.</strong></span> 
     </span>
    </p>
   </div>
   <div class='ocr_carea' id='block_1_106' title="bbox 670 5488 1508 5562">
    <p class='ocr_par' dir='ltr' id='par_1_106' title="bbox 670 5488 1508 5562">
     <span class='ocr_line' id='line_1_106' title="bbox 670 5488 1508 5562; baseline 0.021 -35"><span class='ocrx_word' id='word_1_735' title='bbox 670 5494 717 5529; x_wconf 69' lang='grc' dir='ltr'><strong>ιι</strong></span> <span class='ocrx_word' id='word_1_736' title='bbox 746 5493 928 5562; x_wconf 78' lang='grc' dir='ltr'>ζητεῖν</span> <span class='ocrx_word' id='word_1_737' title='bbox 1063 5503 1077 5542; x_wconf 91' lang='lat'><strong>:</strong></span> <span class='ocrx_word' id='word_1_738' title='bbox 1125 5488 1422 5562; x_wconf 76' lang='grc' dir='ltr'>ζητοῦντας</span> <span class='ocrx_word' id='word_1_739' title='bbox 1447 5508 1508 5555; x_wconf 85' lang='grc' dir='ltr'><strong>ς.</strong></span> 
     </span>
    </p>
   </div>
   <div class='ocr_carea' id='block_1_107' title="bbox 597 5561 1165 5632">
    <p class='ocr_par' dir='ltr' id='par_1_107' title="bbox 597 5561 1165 5632">
     <span class='ocr_line' id='line_1_107' title="bbox 597 5561 1165 5632; baseline -0.002 -14"><span class='ocrx_word' id='word_1_740' title='bbox 597 5571 631 5618; x_wconf 82' lang='grc' dir='ltr'>Α</span> <span class='ocrx_word' id='word_1_741' title='bbox 765 5564 810 5595; x_wconf 82' lang='grc'><strong>³⁸</strong></span> <span class='ocrx_word' id='word_1_742' title='bbox 832 5561 1078 5632; x_wconf 77' lang='grc' dir='ltr'>ἐπεμψεν</span> <span class='ocrx_word' id='word_1_743' title='bbox 1105 5579 1165 5628; x_wconf 83' lang='grc' dir='ltr'><strong>ς.</strong></span> 
     </span>
    </p>
   </div>
   <div class='ocr_carea' id='block_1_108' title="bbox 1621 5484 2971 5560">
    <p class='ocr_par' dir='ltr' id='par_1_108' title="bbox 1621 5484 2971 5560">
     <span class='ocr_line' id='line_1_108' title="bbox 1621 5484 2971 5560; baseline -0.005 -19"><span class='ocrx_word' id='word_1_744' title='bbox 1621 5489 1667 5521; x_wconf 69' lang='grc'><strong>’⁸</strong></span> <span class='ocrx_word' id='word_1_745' title='bbox 1702 5486 1999 5560; x_wconf 76' lang='grc' dir='ltr'>τρέπεσθαι</span> <span class='ocrx_word' id='word_1_746' title='bbox 2027 5488 2072 5560; x_wconf 69' lang='grc' dir='ltr'><strong>Α</strong></span> <span class='ocrx_word' id='word_1_747' title='bbox 2096 5486 2451 5560; x_wconf 25' lang='grc' dir='ltr'>-ςΑφαίνετθαι</span> <span class='ocrx_word' id='word_1_748' title='bbox 2499 5484 2862 5560; x_wconf 64' lang='grc' dir='ltr'>ἠλλοιωμένον</span> <span class='ocrx_word' id='word_1_749' title='bbox 2897 5498 2971 5560; x_wconf 35' lang='grc' dir='ltr'>ις.</span> 
     </span>
    </p>
   </div>
   <div class='ocr_carea' id='block_1_109' title="bbox 1268 5557 2435 5626">
    <p class='ocr_par' dir='ltr' id='par_1_109' title="bbox 1268 5557 2435 5626">
     <span class='ocr_line' id='line_1_109' title="bbox 1268 5557 2435 5626; baseline 0.017 -34"><span class='ocrx_word' id='word_1_750' title='bbox 1268 5561 1313 5593; x_wconf 77' lang='grc' dir='ltr'><strong>ιο</strong></span> <span class='ocrx_word' id='word_1_751' title='bbox 1347 5557 1750 5626; x_wconf 64' lang='grc' dir='ltr'><strong>μετασαλάντεξ</strong></span> <span class='ocrx_word' id='word_1_752' title='bbox 1783 5558 1848 5614; x_wconf 81' lang='lat' dir='ltr'><strong>B:</strong></span> <span class='ocrx_word' id='word_1_753' title='bbox 1901 5557 2330 5626; x_wconf 80' lang='grc' dir='ltr'>μεταϐάλλοντες</span> <span class='ocrx_word' id='word_1_754' title='bbox 2375 5575 2435 5622; x_wconf 87' lang='grc' dir='ltr'><strong>ς.</strong></span> 
     </span>
    </p>
   </div>
   <div class='ocr_carea' id='block_1_110' title="bbox 3090 5477 3855 5543">
    <p class='ocr_par' dir='ltr' id='par_1_110' title="bbox 3090 5477 3855 5543">
     <span class='ocr_line' id='line_1_110' title="bbox 3090 5477 3855 5543; baseline -0.001 -10"><span class='ocrx_word' id='word_1_755' title='bbox 3090 5480 3135 5511; x_wconf 78' lang='grc'>³⁸</span> <span class='ocrx_word' id='word_1_756' title='bbox 3165 5477 3270 5543; x_wconf 83' lang='grc' dir='ltr'>ὅτι]</span> <span class='ocrx_word' id='word_1_757' title='bbox 3293 5493 3337 5532; x_wconf 92' lang='lat' dir='ltr'><strong>c.</strong></span> <span class='ocrx_word' id='word_1_758' title='bbox 3366 5493 3485 5533; x_wconf 80' lang='lat' dir='ltr'><strong>LIII.</strong></span> <span class='ocrx_word' id='word_1_759' title='bbox 3591 5480 3635 5510; x_wconf 79' lang='grc'><strong>’⁷</strong></span> <span class='ocrx_word' id='word_1_760' title='bbox 3669 5495 3724 5531; x_wconf 84' lang='grc' dir='ltr'><strong>τε</strong></span> <span class='ocrx_word' id='word_1_761' title='bbox 3756 5494 3855 5533; x_wconf 88' lang='lat' dir='ltr'><strong>om.</strong></span> 
     </span>
    </p>
   </div>
   <div class='ocr_carea' id='block_1_111' title="bbox 2540 5549 3856 5619">
    <p class='ocr_par' dir='ltr' id='par_1_111' title="bbox 2540 5549 3856 5619">
     <span class='ocr_line' id='line_1_111' title="bbox 2540 5549 3856 5619; baseline -0.008 -10"><span class='ocrx_word' id='word_1_762' title='bbox 2540 5556 2584 5586; x_wconf 78' lang='grc'><strong>³⁸</strong></span> <span class='ocrx_word' id='word_1_763' title='bbox 2614 5549 2715 5609; x_wconf 70' lang='grc' dir='ltr'><strong>τόν</strong></span> <span class='ocrx_word' id='word_1_764' title='bbox 2737 5555 2773 5607; x_wconf 84' lang='lat' dir='ltr'><strong>A</strong></span> <span class='ocrx_word' id='word_1_765' title='bbox 2800 5571 2816 5608; x_wconf 87' lang='lat'><strong>:</strong></span> <span class='ocrx_word' id='word_1_766' title='bbox 2852 5553 2913 5606; x_wconf 86' lang='grc' dir='ltr'><strong>τό</strong></span> <span class='ocrx_word' id='word_1_767' title='bbox 2938 5569 2999 5616; x_wconf 83' lang='grc' dir='ltr'><strong>ς.</strong></span> <span class='ocrx_word' id='word_1_768' title='bbox 3103 5550 3144 5581; x_wconf 82' lang='grc'><strong>³¹</strong></span> <span class='ocrx_word' id='word_1_769' title='bbox 3196 5549 3398 5617; x_wconf 84' lang='grc' dir='ltr'>ἀνῆγον</span> <span class='ocrx_word' id='word_1_770' title='bbox 3444 5550 3486 5602; x_wconf 79' lang='grc' dir='ltr'><strong>Α</strong></span> <span class='ocrx_word' id='word_1_771' title='bbox 3516 5567 3531 5603; x_wconf 72' lang='grc' dir='ltr'><strong><em>τ</em></strong></span> <span class='ocrx_word' id='word_1_772' title='bbox 3568 5550 3767 5619; x_wconf 79' lang='grc' dir='ltr'>ἀνῆρον</span> <span class='ocrx_word' id='word_1_773' title='bbox 3797 5565 3856 5611; x_wconf 82' lang='grc' dir='ltr'><strong>ς.</strong></span> 
     </span>
    </p>
   </div>
   <div class='ocr_carea' id='block_1_112' title="bbox 596 5619 2181 5707">
    <p class='ocr_par' dir='ltr' id='par_1_112' title="bbox 596 5619 2181 5707">
     <span class='ocr_line' id='line_1_112' title="bbox 596 5619 2181 5707; baseline -0.007 -18"><span class='ocrx_word' id='word_1_774' title='bbox 596 5639 640 5669; x_wconf 81' lang='grc'><strong>³¹</strong></span> <span class='ocrx_word' id='word_1_775' title='bbox 687 5619 1037 5707; x_wconf 60' lang='grc' dir='ltr'>Ἀρταξέρξου</span> <span class='ocrx_word' id='word_1_776' title='bbox 1064 5619 1134 5698; x_wconf 63' lang='grc' dir='ltr'>ςξ</span> <span class='ocrx_word' id='word_1_777' title='bbox 1200 5632 1246 5707; x_wconf 63' lang='grc' dir='ltr'>³ξ</span> <span class='ocrx_word' id='word_1_778' title='bbox 1272 5619 1377 5696; x_wconf 76' lang='grc' dir='ltr'><strong>ὅτί]</strong></span> <span class='ocrx_word' id='word_1_779' title='bbox 1405 5647 1459 5707; x_wconf 88' lang='lat' dir='ltr'><strong>_c_.</strong></span> <span class='ocrx_word' id='word_1_780' title='bbox 1490 5646 1636 5707; x_wconf 72' lang='lat' dir='ltr'><strong>xvtt._</strong></span> <span class='ocrx_word' id='word_1_781' title='bbox 1688 5619 1871 5707; x_wconf 39' lang='lat' dir='ltr'><strong>siem]</strong></span> <span class='ocrx_word' id='word_1_782' title='bbox 1901 5619 2123 5707; x_wconf 60' lang='lat' dir='ltr'><strong>c._xxv:_</strong></span> <span class='ocrx_word' id='word_1_783' title='bbox 2149 5634 2181 5707; x_wconf 45' lang='grc' dir='ltr'><strong>,ε</strong></span> 
     </span>
    </p>
   </div>
   <div class='ocr_carea' id='block_1_113' title="bbox 2286 5619 3855 5707">
    <p class='ocr_par' dir='ltr' id='par_1_113' title="bbox 2286 5619 3855 5707">
     <span class='ocr_line' id='line_1_113' title="bbox 2286 5619 3855 5707; baseline -0.004 -28"><span class='ocrx_word' id='word_1_784' title='bbox 2286 5619 2524 5696; x_wconf 45' lang='grc' dir='ltr'>ιησίυῐη.</span> <span class='ocrx_word' id='word_1_785' title='bbox 2560 5630 2683 5707; x_wconf 52' lang='lat' dir='ltr'><strong>A.u</strong></span> <span class='ocrx_word' id='word_1_786' title='bbox 2703 5634 2749 5667; x_wconf 67' lang='grc' dir='ltr'>ι·</span> <span class='ocrx_word' id='word_1_787' title='bbox 2780 5627 2887 5694; x_wconf 82' lang='grc' dir='ltr'>ὅτι]</span> <span class='ocrx_word' id='word_1_788' title='bbox 2917 5625 3194 5704; x_wconf 65' lang='lat' dir='ltr'><strong>Clepntcn.</strong></span> <span class='ocrx_word' id='word_1_789' title='bbox 3221 5635 3273 5675; x_wconf 88' lang='lat' dir='ltr'><strong>c.</strong></span> <span class='ocrx_word' id='word_1_790' title='bbox 3297 5634 3424 5674; x_wconf 72' lang='lat' dir='ltr'><strong>axx.</strong></span> <span class='ocrx_word' id='word_1_791' title='bbox 3500 5620 3547 5654; x_wconf 79' lang='grc'><strong>⁸⁷</strong></span> <span class='ocrx_word' id='word_1_792' title='bbox 3569 5619 3855 5691; x_wconf 70' lang='grc' dir='ltr'>ὲκὸεδηκός</span> 
     </span>
    </p>
   </div>
   <div class='ocr_carea' id='block_1_114' title="bbox 595 5698 2533 5777">
    <p class='ocr_par' dir='ltr' id='par_1_114' title="bbox 595 5698 2533 5777">
     <span class='ocr_line' id='line_1_114' title="bbox 595 5698 2533 5777; baseline -0.006 -14"><span class='ocrx_word' id='word_1_793' title='bbox 595 5712 632 5763; x_wconf 80' lang='grc' dir='ltr'><strong>Δ</strong></span> <span class='ocrx_word' id='word_1_794' title='bbox 661 5729 672 5761; x_wconf 87' lang='grc'>;</span> <span class='ocrx_word' id='word_1_795' title='bbox 702 5698 1043 5777; x_wconf 45' lang='grc' dir='ltr'>ερσεοληκπ</span> <span class='ocrx_word' id='word_1_796' title='bbox 1066 5722 1127 5769; x_wconf 83' lang='grc' dir='ltr'><strong>ς.</strong></span> <span class='ocrx_word' id='word_1_797' title='bbox 1202 5703 1247 5741; x_wconf 79' lang='grc'><strong>³⁸</strong></span> <span class='ocrx_word' id='word_1_798' title='bbox 1279 5702 1540 5775; x_wconf 81' lang='grc' dir='ltr'>πυρέξας]</span> <span class='ocrx_word' id='word_1_799' title='bbox 1566 5702 1679 5775; x_wconf 81' lang='grc' dir='ltr'>πῦρ</span> <span class='ocrx_word' id='word_1_800' title='bbox 1711 5699 1910 5771; x_wconf 72' lang='grc' dir='ltr'>ἐξάψας</span> <span class='ocrx_word' id='word_1_801' title='bbox 1936 5701 2001 5754; x_wconf 83' lang='grc' dir='ltr'>Α.</span> <span class='ocrx_word' id='word_1_802' title='bbox 2079 5698 2124 5730; x_wconf 78' lang='grc'><strong><em>³⁸</em></strong></span> <span class='ocrx_word' id='word_1_803' title='bbox 2145 5698 2249 5767; x_wconf 86' lang='grc' dir='ltr'>ὅτι]</span> <span class='ocrx_word' id='word_1_804' title='bbox 2278 5713 2326 5751; x_wconf 90' lang='lat' dir='ltr'><strong>c.</strong></span> <span class='ocrx_word' id='word_1_805' title='bbox 2364 5712 2533 5752; x_wconf 75' lang='lat' dir='ltr'><strong>xuii.</strong></span> 
     </span>
    </p>
   </div>
   <div class='ocr_carea' id='block_1_115' title="bbox 2638 5693 3154 5765">
    <p class='ocr_par' dir='ltr' id='par_1_115' title="bbox 2638 5693 3154 5765">
     <span class='ocr_line' id='line_1_115' title="bbox 2638 5693 3154 5765; baseline -0.01 -15"><span class='ocrx_word' id='word_1_806' title='bbox 2638 5698 2684 5729; x_wconf 72' lang='grc'>⁸⁸</span> <span class='ocrx_word' id='word_1_807' title='bbox 2716 5693 3064 5765; x_wconf 80' lang='grc' dir='ltr'>συκοφαντῶν</span> <span class='ocrx_word' id='word_1_808' title='bbox 3094 5708 3154 5757; x_wconf 78' lang='grc' dir='ltr'>ς’.</span> 
     </span>
    </p>
   </div>
   <div class='ocr_carea' id='block_1_116' title="bbox 2098 5793 2324 5849">
    <p class='ocr_par' dir='ltr' id='par_1_116' title="bbox 2098 5793 2324 5849">
     <span class='ocr_line' id='line_1_116' title="bbox 2098 5793 2324 5849; baseline -0.009 0"><span class='ocrx_word' id='word_1_809' title='bbox 2098 5793 2324 5849; x_wconf 66' lang='lat' dir='ltr'><strong>NOTAE.</strong></span> 
     </span>
    </p>
   </div>
   <div class='ocr_carea' id='block_1_117' title="bbox 668 5884 2725 5968">
    <p class='ocr_par' dir='ltr' id='par_1_117' title="bbox 668 5884 2725 5968">
     <span class='ocr_line' id='line_1_117' title="bbox 668 5884 2725 5968; baseline -0.004 -21"><span class='ocrx_word' id='word_1_810' title='bbox 668 5895 779 5968; x_wconf 82' lang='lat'><strong>(76)</strong></span> <span class='ocrx_word' id='word_1_811' title='bbox 807 5896 880 5951; x_wconf 71' lang='lat' dir='ltr'><strong>Ex</strong></span> <span class='ocrx_word' id='word_1_812' title='bbox 916 5896 1080 5968; x_wconf 79' lang='lat' dir='ltr'><strong>Agide</strong></span> <span class='ocrx_word' id='word_1_813' title='bbox 1110 5894 1387 5953; x_wconf 83' lang='lat' dir='ltr'><strong>Plutarchi</strong></span> <span class='ocrx_word' id='word_1_814' title='bbox 1433 5894 1565 5951; x_wconf 88' lang='lat' dir='ltr'><strong>nihil</strong></span> <span class='ocrx_word' id='word_1_815' title='bbox 1604 5890 1878 5963; x_wconf 70' lang='lat' dir='ltr'><strong>excerpsit</strong></span> <span class='ocrx_word' id='word_1_816' title='bbox 1914 5888 2164 5947; x_wconf 83' lang='lat' dir='ltr'><strong>Pbotius.</strong></span> <span class='ocrx_word' id='word_1_817' title='bbox 2205 5884 2354 5959; x_wconf 77' lang='lat' dir='ltr'><strong>(Edit</strong></span> <span class='ocrx_word' id='word_1_818' title='bbox 2393 5886 2725 5957; x_wconf 78' lang='lat' dir='ltr'><strong>Rothomug.)</strong></span> 
     </span>
    </p>
   </div>
  </div>
