4104 6420
285 431 419 498 1457

1347 435 1866 496 BIBLIOTHECA.
1906 460 1977 473 -·
2011 435 2176 497 COD.
2208 435 2464 497 CCXLV:

3393 426 3527 495 1458

282 545 533 600 θάνατον.
570 543 631 601 '0
685 545 745 601 δὲ
790 546 929 618 μετά
973 564 1137 602 τινων
1187 540 1478 612 ἑξκαίδεκα
1524 548 1633 602 τῶν
1683 546 1849 603 αὑτοῦ

1960 549 2231 614 exsiliens,
2265 562 2362 618 per
2391 547 2540 603 vicos
2566 546 2760 610 currit,
2788 553 2843 600 et
2859 545 2925 600 ad
2950 544 3255 601 libertatem
3272 545 3525 615 populum

281 636 516 708 ἑταίρων
538 637 852 709 ἐκπηδήσας
896 638 1033 709 μετά
1077 636 1247 706 ξιφῶν
1294 637 1389 690 τοῦ
1418 638 1715 707 οἰκήματος
1742 638 1856 693 ἑθει

285 724 388 799 μέν
414 728 504 781 διὰ
530 729 629 798 τῆς
652 730 878 797 ἀγορᾶς,
908 729 1003 783 καὶ
1043 730 1169 792 τοὺς
1228 728 1449 789 πολίτας
1476 728 1573 782 καὶ
1609 729 1736 793 τοὺς
1759 731 1857 784 ἀλ-

282 820 407 882 λους
440 820 520 882 είς
571 818 882 890 ἐλευθερίαν
938 819 1159 874 ἐκάλει·
1195 820 1244 872 οἱ
1272 819 1329 872 δὲ
1372 816 1606 889 ἐπῄνουν
1634 820 1735 889 μὲν
1760 820 1866 891 τὴν

281 910 508 981 γνώμην
534 910 631 964 καὶ
659 909 968 980 ἐθαύμαζον
992 911 1053 964 τὸ
1080 893 1543 978 γενναῖον,οί›δεὶς¹
1564 910 1747 980 μέντοι
1771 910 1860 965 διὰ

280 1002 371 1054 τδν
400 1003 464 1055 ἐκ
492 1002 594 1072 τῆς
619 1003 930 1073 τυραννίδος
964 1002 1127 1071 φόϐον
1148 1003 1349 1073 ἐτόλμα
1381 1002 1854 1058 συνεπιλαϐέσθαι.

293 1091 599 1155 Ἀνελόντες
629 1092 674 1144 δ⁹
724 1091 816 1145 οὖν
866 1092 992 1155 τοὺς
1034 1094 1113 1154 είς
1169 1095 1356 1164 χεῖρας
1379 1092 1633 1155 ἐλθόντας
1668 1092 1711 1125 ⁸¹
1764 1092 1858 1147 καὶ

279 1182 375 1235 δύο
400 1182 510 1236 τῶν
550 1182 831 1253 ἐχθίστων,
897 1182 1093 1236 πολλοῦ
1137 1182 1464 1255 συρρυέντος
1517 1184 1603 1236 ἐπ’
1660 1183 1857 1246 αὐτοὺς

280 1272 537 1345 πλήθους,
580 1274 672 1327 καὶ
702 1273 930 1339 πολλοὺς
984 1274 1284 1340 ἀνελόντες,
1332 1275 1426 1329 καὶ
1452 1275 1607 1329 αὐτοὶ
1629 1276 1857 1330 κατεκό⁴

278 1381 485 1435 πησαν,
548 1361 669 1419 εἶτα
734 1365 1224 1438 ἀνεσταυρώθησαν
1270 1366 1339 1423 ⁸⁸.
1403 1365 1644 1437 Ὀλίγαις
1704 1367 1752 1400 ⁸³
1798 1367 1856 1422 δέ

200 1508 209 1517 ,
280 1455 507 1526 ὕστερον
531 1457 766 1527 ἡμέραις
787 1459 836 1512 oi
858 1458 918 1511 τὸ
944 1461 1104 1529 σῶμα
1127 1458 1219 1512 τοῦ
1237 1457 1576 1530 Κλεομένους
1596 1459 1858 1513 ἀνεπαυ-

283 1548 530 1618 ρωμένον
556 1548 1068 1618 παραφυλάττοντες
1115 1546 1256 1604 εἶδον
1285 1550 1559 1628 εὐμεγέθη
1589 1551 1856 1623 δράκοντα

168 1700 171 1701 ν
278 1641 344 1709 τῇ
368 1639 578 1710 κεφαλῇ
636 1640 1144 1711 περιπεπλεγμένον
1196 1642 1291 1696 καὶ
1344 1642 1765 1712 ἀποκρύπτοντα
1795 1643 1857 1696 τὸ

280 1730 590 1799 πρόσωπον,
624 1730 765 1784 ὥστε
795 1730 961 1801 μηδὲν
988 1731 1173 1801 ὄρνεον
1219 1732 1551 1801 ἐφίπτασθαι
1576 1735 1856 1805 σαρκοφάο

280 1838 399 1891 γον.
435 1823 528 1875 Ἐκ
575 1823 634 1876 δὲ
681 1822 875 1875 τούτου
905 1822 1295 1893 δεισιδαιμονία
1320 1823 1626 1895 προσέπεσε
1650 1825 1728 1892 τῷ
1761 1825 1858 1896 βα-

1956 648 2139 695 vocat.
2170 637 2417 693 Laudant
2442 636 2812 705 miranturque
2840 638 2988 693 cives
3013 636 3327 692 Cleomenis
3357 636 3527 687 auda-

1955 731 2095 788 ciam
2122 740 2179 786 et
2232 731 2495 795 animum,
2532 729 2683 797 sequi
2718 736 2777 782 et
2821 742 2980 798 opem
3039 728 3184 783 ferre
3228 742 3394 781 ausus
3442 736 3527 779 est

1955 836 2115 877 nemo
2146 831 2291 877 metu
2333 819 2568 892 tyranni.
2608 819 2689 875 Illi
2712 827 2890 875 autem
2922 818 3109 875 obvios
3135 833 3377 889 quosque
3410 828 3523 872 tru—

1954 914 2222 979 cidarunt,
2257 922 2313 968 et
2354 914 2495 969 inter
2528 926 2622 967 eos
2654 912 2790 967 duos
2831 909 3259 976 inimicissimos,
3295 924 3526 978 cumque

1956 1019 2205 1075 magnam
2232 1004 2297 1058 ad
2324 1019 2385 1061 se
2413 1002 2767 1059 conﬂuentem
2815 1002 3093 1058 hominum
3124 1001 3524 1056 multitudinem

1956 1096 2394 1163 interfecissent,
2432 1098 2647 1152 tandem
2671 1097 2834 1152 etiam
2889 1093 3157 1149 interfecti
3211 1102 3356 1158 sunt,
3389 1102 3443 1146 et
3472 1093 3525 1146 in

1956 1204 2172 1246 crucem
2197 1191 2325 1246 acti.
2357 1188 2485 1245 Post
2511 1189 2800 1270 dics'haud
2822 1185 3086 1251 multos,ii
3118 1185 3207 1255 qui
3240 1185 3292 1239 in
3310 1199 3523 1239 crucem

1956 1293 2134 1338 actum
2163 1296 2359 1352 corpus
2388 1280 2697 1337 Cleomenis
2724 1277 3296 1347 cnstodiebant,justaa
3319 1278 3528 1345 magni-

1958 1375 2162 1430 tudinis
2193 1375 2486 1430 draconem
2527 1373 2782 1428 viderunt
2830 1378 2993 1440 caput
3040 1369 3160 1439 ejus
3212 1367 3527 1433 circumpli-

1956 1481 2136 1532 casse,
2165 1464 2469 1535 faciemque
2503 1463 2803 1534 Opernisse,
2841 1463 2912 1516 ita
2967 1469 3026 1516 nt
3055 1459 3201 1516 nulla
3241 1459 3527 1514 carnivora

1956 1561 2074 1616 avis
2123 1559 2424 1615 advolaret.
2478 1557 2534 1612 Id
2589 1555 3032 1626 superstitionem
3088 1551 3199 1621 regi
3253 1537 3439 1618 injecit
3475 1556 3530 1600 et

1958 1660 2182 1718 metum,
2202 1651 2344 1722 quod
2378 1649 2461 1704 vir
2481 1649 2585 1704 diis
2609 1650 2805 1703 charus
2825 1656 2880 1701 et
2912 1645 3111 1718 ωοα
3142 1638 3530 1712 prmstantioris

1955 1740 2204 1796 humana:
2234 1748 2440 1795 natura;
2481 1739 2799 1793 interfectus
2834 1736 3137 1791 videbatur.
3173 1728 3528 1787 Alexandrini

1956 1829 2119 1885 etiam
2139 1829 2449 1899 frequentes
2480 1830 2544 1883 ad
2563 1844 2685 1883 eum
2710 1829 2884 1882 locum
2903 1833 3294 1887 commeantes,
3310 1823 3529 1878 heroem

279 1916 417 1968 σιλεῖ
446 1916 543 1969 καὶ
572 1914 755 1984 φόϐος,
785 1914 860 1977 ὡς
882 1913 1073 1985 ἀνδρὸς
1099 1915 1443 1986 ἀνῃρημένου
1463 1916 1739 1985 θεοφιλοῦς
1764 1919 1858 1970 καὶ

1961 1920 2303 1977 Cleomenem
2355 1932 2413 1976 et
2468 1922 2689 1976 deorum
2751 1920 2916 1973 lilium
3005 1915 3348 1985 appellavere
3407 1920 3529 1966 tan-

278 2006 586 2077 κρείττονος
614 2005 711 2077 τὴν
746 2007 927 2075 φύσιν.
957 2007 1021 2060 Oi
1068 2006 1126 2059 δὲ
1171 2006 1539 2077 Ἀλεξανδρεῖς
1562 2008 1659 2061 καὶ
1685 2026 1855 2080 προσ-

278 2097 571 2168 ετέρποντο
600 2097 912 2167 φοιτῶντες,
943 2098 1100 2170 ἥρωα
1125 2098 1216 2152 τὸν
1247 2099 1559 2170 Κλεομένην
1591 2101 1685 2153 κα)⁵
1717 2101 1853 2155 θεῶν

278 2190 448 2242 παῖδα
478 2189 1000 2260 προσαγορεύοντες,
1034 2190 1194 2261 ἄχρις
1211 2183 1270 2244 οὗ
1287 2192 1639 2245 κατέπαυσαν
1656 2192 1853 2257 αὐτοὺς

276 2282 327 2333 οί
360 2279 679 2352 σοφώτεροι,
714 2280 947 2344 διδόντες
979 2280 1138 2349 λόγον
1162 2280 1238 2346 ῶς
1289 2280 1545 2349 μελίττας
1575 2283 1672 2353 μὲν
1708 2282 1850 2353 βόες,

279 2371 497 2441 σφῆκας
544 2373 600 2425 δὲ
639 2372 797 2425 ῖπποι
848 2372 1226 2436 ἁποσαπὲντες
1254 2371 1560 2438 ἐξανθοῦσι,
1591 2374 1853 2444 κάνθαροι

276 2464 333 2516 δὲ
360 2464 420 2516 τὸ
447 2464 579 2516 αὐτὸ
603 2463 882 2517 παθόντων
916 2464 1052 2517 ὄνων
1075 2463 1124 2495 ⁸⁸
1151 2464 1562 2532 ζωογονοῦνται,
1587 2464 1654 2518 τά
1677 2465 1733 2518 δὲ
1756 2466 1850 2519 ἀν-

278 2551 528 2622 θρώπινα
556 2550 786 2623 σώματα
819 2554 945 2624 περὶ
968 2554 1058 2608 τὸν
1114 2552 1312 2625 μυελὸν
1356 2554 1566 2625 ίχώρων
1615 2557 1855 2627 συρροήν

1963 2013 2152 2084 tisper,
2206 2014 2332 2068 dum
2363 2028 2486 2067 eum
2544 2018 2787 2066 errorem
2834 2009 3108 2065 doctiores
3159 2007 3521 2065 minuerunt,

1961 2106 2218 2160 docentes
2279 2104 2587 2173 putrefacto
2641 2103 2796 2158 bovis
2850 2103 3119 2157 cadavere
3192 2094 3344 2168 apes,
3403 2096 3529 2165 equi

1958 2211 2174 2266 Vespas,
2215 2196 2352 2251 asini
2372 2196 2658 2251 scarabeos
2682 2193 2931 2264 generari
2966 2210 2980 2246 :
3018 2192 3070 2245 in
3103 2191 3338 2244 humano
3353 2196 3533 2242 autem

1958 2302 2191 2358 corpore
2228 2286 2533 2342 conﬂuente
2562 2287 2740 2353 sanie,
2766 2299 2886 2354 qua:
2919 2292 3002 2339 est
3037 2282 3185 2337 circa
3214 2279 3530 2341 medullam,

1957 2388 2013 2435 et
2045 2379 2099 2433 in
2134 2394 2297 2433 unum
2335 2378 2672 2435 coalescente
2697 2390 2899 2445 angues
2954 2373 3127 2437 nasci,
3172 2371 3225 2426 id
3263 2369 3407 2439 quod
3451 2368 3536 2421 in-

1956 2470 2260 2539 telligentes
2276 2470 2504 2540 antiqui,
2528 2477 2582 2523 et
2595 2468 2847 2523 omnibus
2863 2463 3228 2520 animantibus
3242 2460 3535 2517 draconem

1960 2559 2304 2629 potissimum
2326 2560 2588 2615 heroibus
2619 2562 3083 2613 consecraverunt
3111 2553 3251 2621 (77).

274 2662 398 2700 τινα
421 2647 515 2699 καὶ
544 2645 802 2700 σύστασιν
829 2648 886 2700 ἐν
934 2648 1148 2711 ἑαυτοῖς
1177 2645 1455 2703 λαϐόντων
1481 2648 1633 2717 ὄφεις
1661 2649 1971 2706 ἀναδίδωσι.
1999 2652 2109 2707 Καὶ
2134 2652 2295 2707 τοῦτο
2340 2651 2650 2715 κατιδόντες
2714 2649 2765 2702 οἱ
2844 2646 3065 2702 παλαιοὶ
3125 2646 3358 2717 μάλιστα
3428 2641 3537 2695 τῶν

277 2738 435 2803 ζώων
464 2738 555 2793 τὸν
579 2739 847 2809 δράκοντα
875 2743 985 2805 τοῖς
1007 2742 1184 2812 ἥρωσι
1212 2741 1619 2815 συνῳκείωσαν.

701 2850 826 2925 [653
858 2850 952 2926 11.]
994 2854 1097 2908 Ἐκ
1122 2853 1231 2909 τοῦ
1266 2854 1455 2909 Τίτου.

348 2967 472 3022 Ὀτι
499 2969 545 3002 ⁸⁸
581 2968 835 3038 Ἰσθμίων
869 2967 1154 3039 ἀγομένων
1183 2967 1389 3040 πλῆθος
1425 2968 1525 3040 μὲν
1554 2967 1859 3040 ἀνθρώπων

275 3061 334 3113 ἐν
362 3059 442 3131 τῷ
472 3061 670 3131 σταδίῳ
702 3060 940 3129 καθῆστο
999 3060 1090 3113 τὸν
1124 3060 1389 3131 γυμνικὸν
1422 3061 1612 3128 ἀγῶνα
1641 3060 1857 3132 θεωμέ-

275 3168 404 3216 νων,
450 3154 547 3206 am
606 3152 694 3205 διὰ
751 3151 957 3221 χρόνων
987 3152 1344 3222 πεπαυμένης
1377 3152 1423 3183 ⁸⁸
1471 3153 1568 3222 μὲν
1604 3151 1859 3223 πολέμων

274 3245 375 3315 τῆς
417 3244 688 3309 Ἑλλάδος,
718 3246 777 3297 ἐν
811 3244 853 3276 ⁸⁷
884 3244 1164 3315 ἐλευθερίᾳ
1212 3245 1270 3298 δὲ
1318 3248 1481 3313 σαφεῖ
1524 3244 1617 3299 καὶ
1666 3247 1859 3319 εἰρήνῃ

275 3337 752 3408 πανηγυριζούσης
776 3353 790 3368 ο
822 3339 886 3407 τῇ
913 3336 1253 3404 σάλπιγγιδέ
1274 3337 1483 3406 σιωπῆς
1502 3339 1582 3401 είς
1608 3337 1653 3370 ⁸⁸
1682 3338 1859 3393 ἀπαν-

275 3439 377 3485 τας
403 3423 737 3495 διαδοθείσης
764 3424 1038 3494 προελθὼν
1098 3426 1179 3490 εἰς
1211 3426 1373 3496 μέσον
1403 3428 1449 3459 ⁸⁹
1479 3430 1506 3481 ὁ
1527 3427 1704 3499 κῆρυξ
1763 3430 1856 3483 ἀν·

276 3516 430 3566 εἶπεν
462 3515 542 3567 ὅτι
572 3515 859 3585 Ῥωμαίων
899 3518 932 3586 ή
976 3516 1280 3587 σύγκλητος
1323 3519 1416 3572 καὶ
1445 3520 1602 3583 Τίτος
1636 3521 1859 3584 Κόϊντος

278 3605 584 3677 στρατηγὸς
635 3606 867 3674 ὕπατος,
919 3608 1473 3681 καταπολεμήσαντες
1525 3612 1749 3683 βασιλέα
1770 3615 1861 3667 Φί-

276 3697 479 3752 λιππον
530 3699 625 3752 καὶ
677 3701 1013 3765 Μακεδόνας,
1067 3703 1296 3770 ἀφιᾶσιν
1342 3706 1727 3777 ἀφρουρήτους
1764 3709 1861 3761 καὶ

278 3789 596 3859 ἐλευθέρους
627 3793 723 3844 καὶ
749 3792 1184 3864 ἀφορολογήτους
1206 3795 1333 3859 τοὺς
1354 3795 1641 3867 Ἕλληνας,
1674 3798 1860 3866 νόμοις

277 3880 594 3951 χρωμένους
617 3885 729 3946 τοῖς
759 3883 1031 3954 πατρίοις,
1085 3885 1430 3957 Κορινθίους,
1460 3889 1724 3958 Λοκροὺς,
1755 3890 1857 3941 Εὑ-

277 3972 460 4037 ϐοέας,
494 3975 721 4038 ⁴Φωκεῖς,
771 3976 1042 4045 Ἀχαιοὺς,
1073 3976 1343 4041 Φθιώτας,
1381 3979 1701 4049 Μάγνητας,
1728 3977 1861 4032 Θετ-

275 4065 497 4128 ταλοὺς,
529 4066 888 4137 Περραίϐους.
939 4067 1011 4121 Τὸ
1052 4070 1150 4140 μὲν
1182 4065 1275 4124 οὖν
1316 4070 1532 4141 πρῶτον
1568 4071 1628 4123 ού
1658 4070 1861 4131 πάντες

276 4154 398 4208 οὐδὲ
426 4157 612 4223 σαφῶς
649 4158 910 4228 ἥκουσαν,
945 4160 1060 4212 ἀλλ’
1098 4161 1383 4230 ἀνώμαλος
1424 4162 1518 4215 καὶ
1551 4162 1862 4233 θορυϐώδης

279 4247 495 4318 κίνησις
511 4244 580 4319 ἦν
604 4251 661 4301 ὲν
690 4250 765 4321 τῷ
797 4251 993 4322 σταδίῳ
1025 4252 1415 4323 θαυμαζόντων
1434 4256 1529 4308 καὶ
1562 4254 1860 4310 διαπυνθαο

278 4338 525 4409 νομένων
554 4342 648 4394 καὶ
681 4342 845 4396 πάλιν
875 4344 1121 4396 ἀνειπεῖν
1143 4347 1495 4401 κελευόντων.
1527 4348 1615 4412 Ὠς
1638 4349 1682 4402 δ’
1715 4346 1861 4413 ἆπαξ

277 4432 510 4502 ἡσυχίας
522 4434 816 4505 γενομένης
832 4435 1123 4503 ἀναγαγὼν
1152 4438 1179 4489 ὁ
1200 4438 1374 4509 κῆρυξ
1394 4440 1494 4509 τὴν
1522 4437 1703 4507 φωνὴν
1725 4457 1860 4511 προ-

279 4521 583 4593 θυμότερον
610 4525 687 4587 εἰς
711 4526 955 4588 ἅπαντας
982 4526 1290 4599 ἐγεγώνησε
1311 4529 1601 4599 καὶῢιῆλθε
1620 4529 1862 4601 τοκήρυ-

278 4630 417 4713 γμα,
447 4614 659 4713 κραυγὴ
681 4615 777 4685 μὲν
792 4617 1017 4713 άπιστος
1050 4618 1108 4671 τὸ
1129 4620 1354 4689 μέγεθος
1365 4620 1452 4673 διὰ.
1474 4624 1648 4693 χαρὰν
1667 4621 1861 4693 ἐχώρει
1888 4652 1942 4713 D

282 4704 447 4776 μέχρι
494 4706 769 4777 θαλάσσης
791 4710 858 4773 ⁸ο,
889 4708 1048 4780 ὀρθὸν
1094 4712 1150 4764 δὲ
1198 4713 1511 4783 ἀνειστήκει
1538 4714 1597 4766 τὸ
1619 4714 1863 4783 θέατρον,

2451 2836 2537 2891 Ea;
2566 2835 2675 2890 Titi
2722 2831 3043 2888 Flaminini.

2029 2954 2163 3012 Cum
2191 2951 2419 3008 Isthmia
2476 2952 2910 3015 celebrarentur,
2943 2963 3006 3003 ac
3035 2942 3323 2999 multitudo
3352 2941 3533 2996 homi—

1962 3063 2088 3102 num
2111 3047 2164 3102 in
2196 3046 2376 3103 stadio
2423 3043 2761 3100 consedisset
2798 3038 3079 3111 spectandi
3127 3033 3364 3107 gymnici
3415 3048 3538 3089 cer-

1964 3138 2185 3193 taminis
2220 3152 2407 3201 causa,
2442 3152 2507 3193 eo
2545 3136 2736 3205 magis,
2760 3133 2904 3203 quod
2932 3131 3022 3186 illo
3054 3140 3295 3199 tempore
3327 3126 3535 3184 Graecia

1968 3247 1996 3286 a
2039 3231 2197 3286 bellis
2233 3228 2487 3292 vacabat,
2556 3241 2817 3296 spemque
2874 3221 3145 3278 libertatis
3197 3217 3532 3288 propositam

1963 3337 2212 3388 cernens,
2261 3318 2551 3376 manifesta
2584 3319 2636 3373 in
2670 3332 2800 3387 pace
2853 3312 2994 3368 diem
3042 3312 3241 3368 festum
3301 3309 3536 3380 agebat:

1965 3394 2249 3487 postquam
2280 3412 2405 3467 tuba
2432 3412 2703 3466 silentium
2738 3409 2976 3477 undique
3005 3417 3088 3462 est
3141 3405 3369 3466 factum,
3414 3416 3540 3471 pro-

1962 3522 2181 3577 gressus
2213 3506 2268 3561 in
2309 3504 2545 3559 medium
2572 3516 2749 3572 prmco
2778 3504 2847 3553 ita
2876 3497 3273 3567 pronuntiavit:
3308 3493 3540 3549 Senatus

1963 3602 2246 3657 Romanus
2270 3608 2325 3653 et
2359 3596 2515 3651 'Iitus
2547 3595 2835 3662 Quinctius
2867 3592 3165 3661 imperator
3195 3588 3407 3653 consul,
3444 3586 3539 3641 de-

1963 3697 2107 3752 victo
2154 3693 2405 3764 Philippo
2448 3700 2503 3746 et
2556 3688 2967 3747 Macedonibus,
3026 3686 3231 3753 absque
3272 3679 3540 3751 prasidiis

1963 3804 2084 3844 esse
2106 3786 2331 3853 liberos,
2362 3795 2416 3842 et
2455 3786 2747 3848 immunes,
2776 3783 2890 3837 suis
2912 3778 3122 3847 legibus
3158 3778 3338 3829 vivere
3365 3773 3541 3843 jubet,

1962 3881 2298 3945 Corinthios,
2327 3880 2550 3941 Locros,
2572 3877 2901 3939 Phocenses,
2919 3874 3275 3933 Enbmenses,
3296 3868 3539 3926 Achaeos,

1965 3973 2277 4033 Phthiotas,
2332 3968 2630 4039 Magnetas,
2683 3963 2999 4028 Thessalos,
3042 3960 3386 4016 Perrhazbos.
3417 3956 3540 4010 Pri-

1967 4077 2113 4117 mum
2148 4075 2328 4131 neque
2377 4072 2577 4114 omnes
2610 4056 2794 4125 plane,
2826 4067 3006 4121 neque
3069 4049 3310 4121 perfecte
3351 4062 3541 4102 vocem

1967 4155 2232 4225 praéconis
2285 4152 2692 4215 exaudierunt;
2739 4154 2967 4215 eratque
3014 4140 3323 4213 promiscua
3369 4149 3425 4193 et
3460 4147 3543 4191 tu-

1967 4244 2254 4301 multuaria
2298 4243 2350 4298 in
2386 4240 2565 4296 stadio
2589 4237 2881 4294 commotio
2912 4230 3324 4292 admirantium,
3360 4227 3545 4282 scisci-

1968 4340 2221 4401 tantium,
2250 4336 2527 4405 repetique
2547 4333 2784 4388 edictum
2814 4326 3170 4400 poscentium.
3190 4321 3262 4379 Ut
3294 4321 3545 4377 veroite-

1968 4448 2111 4496 rum,
2146 4430 2289 4485 facto
2306 4427 2541 4492 silentio,
2572 4423 2748 4479 altiori
2769 4437 2902 4476 voce
2922 4419 3108 4475 eadem
3131 4430 3309 4483 praeco
3335 4411 3545 4480 procla-

1967 4522 2157 4588 mavit,
2176 4519 2599 4586 exauditnmque
2612 4524 2692 4571 est
2713 4515 2778 4569 ab
2791 4511 3044 4568 omnibus
3055 4509 3319 4570 edictum,
3337 4512 3543 4568 tantus,

1967 4622 2229 4684 quantum
2245 4609 2501 4665 credibile
2516 4609 2602 4663 vix
2624 4609 2714 4673 sit,
2744 4607 2949 4661 clamor
2970 4619 3079 4675 pra:
3094 4601 3275 4656 laetitia
3299 4598 3541 4654 omnium

1968 4716 2212 4771 exortus,
2254 4704 2322 4760 ad
2352 4715 2500 4758 mare
2519 4715 2689 4770 usque
2715 4696 2975 4770 pervasit.
3009 4696 3287 4762 Quotquot
3307 4690 3361 4745 iu
3387 4691 3543 4744 thea-

278 4797 457 4860 οὐδεὶς
479 4797 536 4850 δὲ
573 4797 731 4866 λόγος
763 4793 831 4871 ἦν
857 4800 964 4853 τῶν
1004 4801 1439 4871 ἀγωνιζομένων,
1468 4803 1725 4857 ἔσπευδον
1746 4802 1803 4855 δὲ
1821 4805 1859 4835 ⁵¹

1965 4806 2049 4853 tro
2067 4806 2245 4861 erant,
2269 4808 2620 4849 assurrexere
2657 4805 2868 4856 omnes,
2911 4801 3086 4857 neque
3118 4785 3227 4854 jam
3253 4784 3540 4853 quisquam

282 4886 485 4951 πάντες
510 4889 854 4960 ἀναπηδῆσαι
877 4892 970 4943 καὶ
988 4890 1445 4958 δεξιώσασθαικαὶ
1480 4896 1802 4964 προσειπεῖν
1820 4894 1859 4926 ⁸¹

1964 4890 2288 4945 certantium
2314 4885 2627 4956 spectaculo
2672 4882 2978 4945 tenebatur,
3021 4877 3273 4948 prosilire
3326 4888 3541 4936 omnes,

279 4980 377 5032 τδν
396 4980 614 5050 σωτῆρα
648 4982 747 5050 τῆς
782 4983 1029 5047 Ἑλλάδος
1056 4986 1149 5037 καὶ
1187 4985 1494 5055 πρόμαχον.
1527 4986 1599 5038 Τὸ
1636 4985 1695 5041 δὲ
1732 4986 1859 5038 πολ-

1966 4978 2217 5049 amplecti
2244 4987 2298 5031 et
2327 4975 2529 5044 alloqui
2552 4972 2775 5029 Graeciae
2793 4980 3125 5027 servatorem
3146 4976 3310 5037 atque
3343 4979 3543 5035 propn-

280 5071 443 5135 λάκις
472 5072 768 5142 λεγόμενον
799 5076 878 5137 είς
902 5076 1207 5146 ὑπερϐολὴν
1236 5054 1332 5129 καὶ
1372 5054 1599 5148 μέγεθος
1620 5081 1719 5149 τῆς
1746 5096 1859 5148 φω-

1969 5080 2246 5141 gnatm-em
2282 5063 2863 5136 properabant.Atque
2891 5075 2957 5115 eo
2996 5068 3241 5127 tempore
3265 5056 3317 5111 id
3342 5069 3402 5109 re
3427 5054 3541 5122 ipsa

280 5163 378 5229 γῆς
404 5161 562 5232 ῶφοη
581 5166 699 5216 τότε
731 5181 743 5193 ·
774 5164 940 5236 [1212
974 5164 1067 5238 IL]
1096 5168 1331 5235 κόρακες
1364 5167 1471 5239 γὰρ
1498 5147 1859 5239 περιπετόμε-

1971 5161 2241 5233 apparuit,
2275 5159 2419 5229 quod
2452 5156 2519 5211 de
2564 5155 2835 5210 immenso
2867 5150 3264 5219 immodicoque
3304 5147 3543 5202 clamore

281 5272 367 5308 νοι
393 5257 533 5309 κατά
568 5257 736 5327 τύχην
761 5257 955 5311 ἔπεσον
977 5260 1055 5321 εἰς
1085 5258 1145 5310 τὸ
1173 5258 1406 5312 στάδιον.
1447 5259 1605 5312 Λίτία
1630 5259 1675 5312 δ’
1715 5258 1859 5330 ἡτοῦ

1971 5256 2074 5313 dici
2106 5253 2262 5310 solet.
2296 5250 2457 5308 Cervi
2481 5249 2625 5304 enim
2649 5248 2880 5318 qniLtum
2897 5238 3542 5301 fortenrmtervolabaut,

1589 5398 1824 5455 VARUS
1851 5394 2266 5454 LECTIONES.

360 5509 401 5595 ξ’
436 5511 638 5595 χεῖραςὶ
657 5512 760 5595 καλἰ
777 5511 1125 5595 ἐλθόνταςις.
1230 5520 1275 5553 δ’
1302 5509 1419 5595 εἶτα
1442 5518 1936 5595 ἀνεσταυρώῇθησαν
1962 5531 2049 5595 οη]
2109 5513 2180 5595 Αἰ
2237 5519 2321 5595 ﬁ"
2344 5506 2571 5595 αλζγαις]
2671 5506 2762 5563 59.
2839 5508 2886 5545 ⁸⁸
2906 5500 3154 5595 Ξνῑιξὶνέε
3186 5492 3458 5595 τῶξὶδνίιςς
3481 5508 3540 5595 Et;

286 5580 335 5615 ιι
367 5561 471 5649 δτίῆ
495 5561 1149 5659 οἷἰἒ),ο”’λτ’έιέέἑτᾶιῆἱέίᾱν
1176 5599 1257 5652 pr.
1292 5561 1419 5659 ιτ-
1439 5561 2211 5659 assa.
2237 5582 2298 5636 Β.
2348 5561 2654 5643 τίκτει
2677 5561 2827 5650 μις.
2905 5576 2949 5608 ιο
2979 5572 3247 5640 θαλάττης
3276 5566 3338 5621 ιι.
3416 5563 3458 5593 ει
3487 5561 3544 5612 δὲ

286 5666 401 5703 0m.
443 5658 508 5707 A.
610 5655 654 5686 '"
684 5654 778 5708 xui.
808 5657 1127 5726 προσειπεῖν
1162 5669 1274 5711 om.
1306 5655 1373 5711 A.

1808 5737 2038 5794 NOTAE.

368 5857 480 5926 (ΤΗ
512 5856 638 5913 Vide
681 5856 1087 5929 llarapolincm,
1118 5859 1210 5916 lib.
1255 5877 1314 5930 ll,
1342 5874 1461 5932 cap.
1514 5858 1604 5925 44,
1636 5867 1689 5914 et
1733 5856 2016 5927 Origcuem
2051 5856 2247 5913 Contra
2276 5853 2510 5920 Celsum,
2549 5852 2643 5909 lib.
2674 5867 2744 5909 tv.
