4124 6394
616 400 754 462 1459
1767 400 2024 469 ΡΗΟΤΙΙ
2053 405 2559 469 ΡΑΤΗΙΑΒΟΗᾸΞ
2587 405 2694 465 CP.
3732 398 3869 464 1460

615 521 668 572 in
705 518 939 572 stadiunt
970 517 1308 574 deciderunt.
1341 517 1511 591 Cujus
1540 522 1617 578 rel
1650 522 1870 591 quidem
1907 536 2069 578 causa
2101 530 2185 577 est
2216 525 2243 582 Α

2238 518 2451 589 ιάέρος
2501 516 2689 587 ῥῆξις·
2728 514 2858 569 ὅταν
2896 512 3006 584 γὰρ
3042 514 3077 583 ή
3114 511 3266 583 φωνὴ
3311 512 3481 583 πολλή
3523 512 3622 566 καὶ
3656 514 3866 585 μεγάλη

615 610 759 665 aeris
788 612 1083 680 perruptio.
1114 611 1257 666 Nam
1281 627 1381 667 vox
1410 625 1532 667 cum
1573 628 1768 683 magna
1816 604 1983 683 atque
2013 614 2183 668 multa

2291 610 2547 680 φέρηται,
2575 606 2953 676 διασπώμενος
2975 605 3068 657 ὑπ’
3101 604 3272 675 αὑτῆς
3301 604 3400 657 οὐκ
3432 604 3733 674 ἀντερείδει
3758 608 3867 669 τοῖς

613 700 857 767 eﬂ'ertur,
913 717 976 757 ea
1008 701 1255 758 divulsus
1304 718 1422 770 aer,
1477 704 1722 760 volantes
1775 718 1881 759 non
1922 705 2181 769 sustinet,

2290 700 2630 772 πετομένοις,
2679 699 2795 753 ἀλλ’
2842 698 3113 766 ὀλίσθημα
3138 699 3284 749 ποιεῖ
3311 696 3564 767 καθάπερ
3592 697 3864 768 κενεμσαο

614 792 852 862 facitque
876 804 935 847 ut
954 809 1081 850 aves
1109 794 1181 849 ita
1201 804 1365 863 atque
1386 797 1428 852 si
1458 798 1509 851 in
1537 810 1707 852 vacuo
1735 798 1845 852 sint
1880 796 2022 861 loco,
2042 795 2186 850 dela-

2286 791 2494 856 τοῦσιν,
2527 793 2575 845 εί
2602 791 2677 862 μὴ
2701 790 2767 862 νὴ
2818 789 2915 843 Δία
2960 790 3143 860 πληγῇ
3178 806 3285 842 τινι
3332 789 3379 821 ⁵³
3422 788 3626 858 μᾶλλον
3654 790 3732 852 ὡς
3762 790 3865 842 ὑπὸ

612 886 833 953 bantur,
890 887 994 941 nisi
1033 884 1212 957 potius
1264 888 1375 943 ictu
1431 900 1543 942 tum
1590 890 1826 959 quodam
1873 889 2020 943 aeris
2052 902 2180 943 aves

2288 885 2473 955 βέλους
2496 884 2887 952 διελαυνόμενα
2912 881 3098 935 πίπτει
3128 882 3221 934 καὶ
3241 879 3599 950 ἀποθνήσκει.
3631 882 3862 935 Δύναται

613 978 773 1032 veluti
792 981 988 1050 sagitta
1014 979 1310 1046 transﬁxae,
1334 982 1687 1036 deturbentur
1713 990 1876 1051 atque
1907 981 2178 1036 decidant.

2277 976 2334 1030 δὲ
2372 976 2467 1029 καὶ
2499 975 2840 1046 περιδίνησις
2897 969 3039 1029 εῖναι
3094 973 3188 1025 τοῦ
3228 972 3387 1043 ἀέρος
3418 967 3529 1026 οἷον
3560 973 3783 1043 ἑλιγμὸν
3806 975 3863 1027 ἐν

608 1066 797 1125 Potest
827 1079 881 1125 et
914 1071 979 1124 ad
1016 1071 1161 1127 aeris
1205 1071 1471 1127 vorticem
1527 1084 1621 1126 seu
1653 1070 1943 1139 procellam
1991 1078 2179 1123 trans-

2276 1069 2504 1138 πελάγει
2524 1071 2618 1124 καὶ
2644 1069 2805 1123 πάλιν
2841 1068 3023 1139 ῥύμην
3069 1067 3162 1121 διὰ
3210 1067 3442 1138 μέγεθος
3475 1067 3754 1131 λαόόντος.
3801 1069 3860 1122 '0

608 1160 739 1215 ferri
772 1180 785 1216 :
840 1177 965 1217 cum
1013 1165 1184 1219 maris
1229 1164 1318 1219 ille
1350 1164 1545 1228 instar,
1579 1160 1775 1235 ῆοοὺ
1824 1161 1895 1217 ob
1920 1161 2177 1216 clamoris

2274 1161 2320 1215 δ’
2369 1162 2462 1215 οὖν
2518 1161 2677 1223 Τίτος
2722 1162 2771 1214 εί
2805 1160 2879 1231 μὴ
2924 1160 3155 1230 τάχιστα
3200 1159 3302 1229 τῆς
3350 1159 3479 1223 θέας
3513 1158 3859 1230 διαλυθείσης

607 1253 1033 1321 magnitudinem
1071 1255 1398 1321 involvatur,
1438 1268 1765 1323 rursumque
1807 1268 1929 1307 cum
1971 1254 2174 1320 impetu

2274 1253 2626 1322 ὑπειδόμενος
2654 1252 2756 1323 τὴν
2791 1253 2965 1322 φορὰν
2989 1252 3037 1282 ⁸⁸
3066 1250 3161 1304 τοῦ
3207 1251 3451 1322 πλήθους
3488 1251 3585 1305 καὶ
3611 1252 3704 1305 τδν
3735 1252 3856 1323 δρόο

604 1358 723 1397 sese
752 1344 1005 1414 explicet.
1049 1344 1316 1403 Caeterum
1367 1346 1678 1414 Quinctius,
1728 1344 1829 1399 nisi
1890 1343 2176 1398 celerrime

2286 1361 2385 1413 μον
2416 1344 2713 1407 ἐξέκλινεν,
2736 1343 2837 1395 οὑκ
2866 1341 2934 1397 ἂν
2960 1342 3137 1397 ἐδόκει
3164 1341 3555 1413 περιγενέσθαι
3581 1344 3858 1398 τοσούτων

603 1431 842 1489 dimissis
881 1434 1019 1489 ludis
1075 1436 1332 1505 impetum
1372 1446 1427 1491 et
1487 1448 1812 1492 concursum
1857 1433 2040 1503 populi
2079 1433 2177 1487 de-

1260 1452 1332 1490 tm
1372 1446 1427 1491 et
1487 1448 1812 1492 concursum
1857 1433 2040 1503 populi
2079 1433 2177 1487 de-
2283 1433 2434 1503 αὑτῷ
2462 1433 2884 1505 περιχεομένων.

600 1526 877 1589 ισιῑηειςεει,
946 1527 1088 1583 haud
1165 1528 1406 1599 profecto
1453 1530 1661 1585 salvum
1738 1528 1976 1599 potuisse
2048 1527 2283 1583 evadere
2352 1526 2730 1593 crediderunt,
2810 1534 2917 1581 tam
2987 1526 3175 1583 multis
3228 1523 3388 1581 simul
3436 1525 3674 1596 undique
3711 1525 3760 1581 ei
3798 1539 3859 1581 se

600 1615 1178 1673 circumfundentibus.

670 1707 988 1766 Plutarchus
1024 1714 1166 1768 sicut
1195 1716 1247 1768 in
1277 1718 1377 1769 hac
1416 1715 1675 1781 Quinctii,
1716 1723 1771 1768 et
1804 1716 1857 1769 itt
1888 1715 2009 1768 aliis
2046 1713 2174 1768 vitis

2353 1710 2476 1765 Ὅτι
2499 1711 2865 1783 Πλούταρχος,
2881 1712 2957 1777 ὡς
2975 1712 3138 1777 αὐτὸς
3158 1715 3262 1769 κὰν
3289 1712 3367 1783 τῷ
3386 1714 3615 1785 παρόντι
3639 1714 3854 1786 παραλ-

598 1802 910 1870 compositis
938 1805 1033 1869 ait,
1063 1804 1294 1863 Neronis
1339 1805 1611 1879 [Traiani]
1645 1818 1764 1863 erat
1812 1805 2168 1875 temporibus.
2204 1871 2226 1879 _

2048 1808 2168 1861 bus.
2204 1871 2242 1879 Δ
2279 1800 2426 1873 λήλῳ
2455 1803 2549 1856 καὶ
2576 1803 2635 1855 ἐν
2657 1802 2837 1864 ἄλλοις
2874 1804 3060 1873 φησὶν,
3103 1806 3196 1859 ἐπὶ
3223 1804 3270 1838 ³⁸
3302 1805 3554 1876 Νέρωνος
3584 1802 3674 1877 ἦν.

1244 1871 1516 1952 οοὶιινι.
1590 1871 1609 1879 ’
1926 1871 1939 1875 ⁷
2204 1871 2247 1930 Β
2334 1871 2341 1873 ⁷
2887 1871 3177 1961 "me",

596 1980 680 2036 Ea:
705 1983 954 2038 Aristidis
997 1985 1250 2041 Oratione
1295 1988 1713 2055 Panathenaica,
1753 2005 1872 2061 qua:
1905 2000 1982 2044 est
2014 1990 2170 2044 Athe-

1131 2073 1316 2111 narum
1354 2059 1614 2112 laudatio.

1926 2000 1982 2043 εει
2014 1990 2170 2044 Athe—
2612 1984 2969 2052 Αριστείδου
3004 1987 3038 2039 ό
3071 1988 3554 2056 Παναθηναϊκός.

661 2144 788 2214 Legi
804 2147 1059 2203 Aristidis
1070 2148 1517 2205 Panathenaicus:
1536 2151 1864 2219 Orationem,
1882 2152 2168 2207 verborum

2353 2136 2694 2206 Ἀνεγνώσθη
2711 2136 3047 2208 Ἀριστείδου
3072 2137 3101 2191 ό
3125 2139 3600 2208 Παναθηνατκός,
3621 2132 3851 2215 ἐκλογην

590 2249 652 2291 ac
686 2230 964 2293 nominum
996 2240 1433 2309 explanationem
1513 2244 2064 2312 comprehendentem
2114 2252 2169 2299 et

2269 2227 2488 2296 ὑπέχων
2549 2228 2811 2299 ῥημάτων
2864 2246 2922 2283 τε
2953 2230 3049 2283 καὶ
3096 2232 3376 2301 ὀνομάτων
3424 2235 3519 2287 καὶ
3561 2236 3844 2307 περιόδων,

592 2328 955 2394 periodo‘rum,
979 2329 1141 2385 etiam
1159 2344 1353 2387 sensus
1368 2341 1657 2402 potestate,
1676 2343 1729 2387 et
1744 2342 1943 2389 ornatu
1968 2349 2170 2405 praepa-

2268 2318 2407 2371 ἀλλὰ
2464 2320 2558 2371 καὶ
2614 2320 2901 2390 νοημάτων
2947 2322 3025 2386 είς
3065 2322 3345 2395 δεινότητα
3373 2326 3466 2379 καὶ
3502 2327 3701 2391 κάλλος
3765 2328 3844 2381 δι-

591 2425 730 2473 rato.
783 2417 952 2475 Terra
992 2421 1210 2489 quidem
1262 2422 1330 2475 ad
1378 2437 1541 2478 omne
1595 2423 1737 2479 fetus
1756 2440 1929 2495 genus
1955 2426 2056 2481 fuit
2082 2427 2167 2481 in-

2268 2411 2709 2481 εσκευασμένων.
2748 2410 2997 2482 Ἔρρωτο
3027 2413 3073 2445 ³⁸
3131 2414 3231 2485 μὲν
3281 2417 3314 2486 ή
3353 2419 3423 2488 γῆ
3460 2416 3599 2488 πρὸς
3628 2418 3845 2481 ἁπάσας

592 2515 822 2563 structa.
852 2506 977 2563 Haec
994 2519 1173 2565 autem
1196 2509 1456 2565 beneficia
1474 2525 1596 2565 cum
1624 2526 1652 2564 a
1674 2512 1776 2566 diis
1805 2512 2162 2582 accepissent,

2266 2501 2449 2570 γονάς.
2480 2501 2749 2565 Λαὸόντες
2789 2503 2832 2534 ⁸⁷
2865 2503 2922 2556 δὲ
2954 2502 3099 2557 οὕτω
3126 2505 3223 2569 τὰς
3263 2508 3413 2578 παρὰ
3445 2508 3555 2561 τῶν
3582 2508 3723 2562 θεῶν
3744 2510 3844 2563 δω-

591 2600 665 2653 ita
683 2608 962 2668 eruperunt
978 2615 1164 2656 eorum
1180 2610 1431 2657 auctores
1450 2602 1675 2670 imitari,
1694 2612 1753 2658 ut
1774 2604 1895 2659 aliis
1920 2604 2021 2673 ipsi
2047 2604 2164 2660 loco

2268 2592 2420 2663 ρεὰς,
2451 2592 2624 2655 οὕτως
2653 2592 2712 2646 εὖ
2746 2595 2869 2658 τοὺς
2898 2595 3087 2659 δόντας
3121 2598 3483 2668 ἐμιμήσαντο,
3514 2598 3655 2652 ὥστε
3696 2601 3843 2654 αὐτοὶ

588 2691 812 2742 deorum
842 2687 1065 2756 fuerint,
1112 2699 1167 2745 et
1209 2690 1310 2744 hac
1339 2694 1573 2758 primum
1623 2694 1836 2749 ratione
1870 2694 2062 2763 dignos
2104 2710 2164 2750 se

2264 2687 2375 2747 τοῖς
2397 2685 2577 2748 ἄλλοις
2602 2686 2911 2756 ἀνθρώποις
2967 2688 3088 2741 ἀντὶ
3132 2689 3241 2742 τῶν
3299 2690 3436 2745 θεῶν
3476 2693 3839 2763 κατέστησαν.

586 2781 744 2835 donis
779 2781 899 2836 istis
957 2796 1079 2837 esse
1127 2784 1625 2853 comprobaverint,
1683 2785 1829 2855 quod
1889 2786 1955 2841 iis
2015 2797 2164 2841 recte

2264 2778 2375 2831 Kal.
2404 2779 2598 2848 πεῖραν
2650 2779 2850 2849 ταύτην
2899 2779 3126 2851 πρώτην
3172 2781 3359 2836 ἔδοσαν
3389 2783 3481 2836 τοῦ
3524 2785 3650 2838 κατ’
3687 2785 3840 2851 ἀξίαν

589 2874 788 2927 fuerint
813 2874 919 2928 usi.
942 2874 1053 2930 Nec
1078 2875 1222 2930 enim
1247 2876 1329 2930 vel
1355 2876 1455 2932 sub
1480 2887 1679 2932 terram
1711 2878 2162 2934 existimaverunt

2262 2871 2466 2939 τυχεῖν,
2492 2870 2554 2923 τὸ
2597 2870 2643 2903 ⁸⁸
2681 2870 2989 2941 χρήσασθαι
3027 2874 3141 2937 τοῖς
3185 2874 3521 2945 ὑπάρχουσιν
3568 2876 3645 2939 ὡς
3676 2894 3839 2947 προσ-

584 2964 931 3033 defodienda,
970 2968 1054 3022 vel
1100 2968 1235 3025 alios
1281 2969 1383 3025 sibi
1443 2971 1679 3040 tequales
1730 2985 1996 3027 evasuros
2040 2986 2162 3027 esse

2261 2960 2415 3032 ἧκεν.
2448 2963 2524 3017 Οὑ
2555 2962 2665 3036 γὰρ
2717 2964 2847 3036 [654
2870 2964 2964 3038 Η.]
3018 2966 3257 3036 ⁴ἠξίωσαν
3310 2971 3443 3023 αὐτὸ
3468 2969 3533 3039 δὴ
3574 2968 3733 3022 τοῦτο
3770 2972 3836 3039 γῇ

585 3059 924 3116 timuerunt:
960 3059 1056 3115 sed
1088 3061 1160 3114 ita
1208 3060 1426 3115 demum
1472 3076 1551 3127 se,
1606 3071 1868 3131 quantum
1931 3061 2160 3132 reliquis

2262 3055 2569 3125 κρύψαντες
2618 3056 2903 3129 ἐξαρκεῖν·
2955 3058 3093 3113 ἀλλά
3152 3060 3405 3114 τοσοῦτον
3452 3061 3696 3131 ἀπέσχον
3746 3062 3837 3113 τοῦ

585 3160 927 3219 praestarent,
988 3167 1148 3221 posse
1201 3155 1491 3209 ostendere
1538 3162 1817 3223 putarunt,
1876 3154 1919 3209 si
1976 3164 2213 3234 esSentf

2210 3212 2228 3234 ‘
2264 3146 2570 3217 φοδηθῆναι
2607 3149 2681 3220 μὴ
2712 3150 2820 3220 ἄρα
2865 3151 2993 3216 τοὺς
3045 3151 3237 3216 ἄλλους
3263 3154 3319 3221 ἐξ
3347 3154 3461 3206 ῐσου
3506 3153 3659 3234 σφίσι
3686 3153 3838 3221 ποιή-

583 3259 708 3314 erga
730 3259 919 3300 omnes
954 3246 1205 3301 benefici.
1253 3245 1361 3301 Sed
1405 3261 1491 3302 me
1522 3248 1702 3302 oratio
1732 3245 1930 3303 fluctus
1982 3249 2157 3303 instar
2185 3213 2211 3270 ί

2210 3212 2449 3305 3σωσιν,
2499 3239 2640 3294 ὥστε
2690 3242 2790 3295 οὑκ
2844 3239 2986 3297 εἶναι
3034 3244 3254 3299 κάλλιον
3301 3245 3560 3315 ᾠήθησαν
3597 3245 3709 3315 ὅσῳ
3731 3243 3838 3297 τῶν

585 3346 955 3391 transversum
988 3338 1187 3406 rapuit,
1222 3338 1406 3408 itaque
1455 3338 1520 3391 ad
1560 3340 1633 3405 id,
1688 3340 1831 3394 unde
1879 3340 2158 3409 digressus

2290 3329 2436 3383 ιλλων
2464 3332 2790 3402 προέχουσιν
2845 3334 3207 3401 ἐνδείξασθαι,
3238 3337 3268 3407 ἦ
3315 3338 3363 3388 εἰ
3393 3337 3602 3399 πάντας
3629 3335 3689 3388 εὖ
3726 3352 3839 3388 ποι-
3912 3342 3918 3347 ’

581 3426 812 3492 fueram,
847 3430 1029 3484 redeo.
1057 3429 1245 3485 Divina
1286 3430 1453 3501 igitur
1479 3446 1673 3502 pompa
1693 3442 2062 3486 commeatum
2099 3433 2151 3485 in

2258 3421 2444 3488 οῦντες
2474 3424 2815 3496 ὀφθήσονται.
2844 3426 2986 3481 Ἀλλ’
3014 3430 3059 3461 ⁸⁹
3081 3432 3108 3483 ὁ
3128 3430 3283 3498 λόγος
3308 3430 3416 3499 γὰρ
3446 3428 3636 3497 ὥσπερ
3664 3428 3837 3497 ῥεῦμα

579 3534 770 3576 omnes
821 3521 1091 3591 regiones,
1154 3533 1410 3593 tanquam
1470 3524 1753 3593 pecuniam
1831 3524 2152 3579 theatralem

2260 3516 2441 3588 φέρων
2501 3518 2777 3587 ὑπήνεγκε
2830 3516 2957 3590 βίᾳ·
3020 3520 3325 3590 ἀναχωρεῖν
3374 3519 3467 3573 οὖν
3498 3519 3838 3588 ὅθενέξέὸην

579 3612 879 3667 dimittunt.
916 3613 1210 3669 Maximum
1248 3627 1429 3671 autent
1481 3617 1803 3671 beneficium
1842 3628 1925 3674 est
1990 3618 2145 3685 illud,

2258 3609 2468 3679 καιρός.
2499 3610 2781 3681 Πέμπουσι
2802 3610 2867 3681 δὴ
2884 3610 3003 3681 θείᾳ
3033 3616 3220 3683 πομπῇ
3241 3611 3345 3680 γῆν
3368 3614 3457 3664 ἐπὶ
3475 3612 3658 3665 πᾶσαν
3676 3612 3837 3681 ἀφορ-

578 3704 722 3770 quod
752 3720 945 3760 omnes
980 3706 1220 3775 undique
1255 3707 1485 3763 afﬂictos
1536 3720 1923 3778 susceperunt,
1966 3724 2031 3765 ac
2068 3711 2150 3765 fo-

2262 3707 2366 3772 μὰς
2387 3698 2480 3754 τοῦ
2521 3700 2658 3772 βίου,
2685 3701 2934 3773 καθάπερ
2954 3702 3219 3773 θεωρικοῦ
3245 3721 3391 3768 τινος
3416 3702 3653 3756 διάδοσιν
3672 3704 3741 3757 ⁸⁸.
3766 3702 3834 3755 Ι·ζῦ

579 3805 794 3850 verunt.
825 3795 979 3851 Nulla
1044 3813 1279 3868 namque
1300 3800 1525 3855 Graeciae
1556 3816 1691 3868 gens
1718 3809 1822 3867 est,
1860 3812 1918 3857 ut
1950 3801 2025 3856 ita
2074 3803 2155 3857 di-

2256 3794 2366 3863 γὰρ
2392 3793 2675 3856 ποιοῦντες
2708 3792 2940 3863 ἔφθανον
2959 3798 3057 3867 τὴν
3087 3798 3383 3867 ἐπιθυμίαν
3421 3795 3529 3849 τῶν
3563 3795 3623 3848 εὖ
3646 3796 3835 3849 παθεῖν

577 3902 720 3956 eam,
754 3904 875 3959 quae
906 3891 1009 3947 hac
1046 3892 1267 3948 civitate
1310 3908 1415 3949 non
1452 3895 1525 3947 sit
1577 3910 1696 3950 usa.
1731 3895 1974 3961 Quorum
2031 3909 2155 3951 om-

2259 3884 2555 3956 δεομένων.
2592 3886 2667 3939 Οὐ
2695 3887 2803 3958 γάρ
2833 3887 2876 3919 ⁶¹
2918 3887 3031 3941 ἐστι
3076 3888 3233 3957 γένος
3272 3888 3423 3941 οὐδὲν
3443 3888 3547 3958 τῆς
3591 3888 3834 3951 Ἑλλάδος

577 3981 726 4035 nium
766 3984 1078 4041 meminisse
1114 3985 1291 4055 primo
1336 3986 1478 4041 factu
1524 3987 1594 4041 sit
1624 3986 1862 4054 diﬂicile,
1897 3997 1952 4043 et
1994 4004 2155 4059 pares

2256 3978 2332 4041 ὡς
2362 3976 2490 4041 ἔπος
2524 3978 2719 4046 εἰπεῖν,
2752 3979 2781 4032 ὃ
2806 3981 2969 4052 τῆσδε
2989 3980 3086 4051 τῆς
3115 3981 3323 4044 πόλεως
3349 3980 3645 4049 ἁπείρατόν
3666 3981 3830 4033 ἐστιν.

578 4072 850 4128 memoria:
874 4087 1151 4129 sermones
1167 4075 1596 4139 accommodare,
1617 4090 1734 4144 qnte
1748 4075 1919 4145 prima
1935 4087 2061 4131 sunt
2101 4088 2156 4133 et

2255 4066 2357 4127 'Ov
2396 4073 2650 4128 ἁπάντων
2677 4075 2775 4145 μέν
2798 4075 3082 4146 ἀμήχανον
3099 4076 3194 4127 καὶ
3215 4074 3588 4145 μνημονεῦσαι
3620 4073 3833 4143 πρῶτον

575 4162 953 4233 antiquissima
990 4180 1278 4234 exponam.
1309 4166 1445 4223 Cum
1467 4165 1727 4222 llercules
1747 4166 1935 4222 evivis
1966 4182 2155 4223 exces-

2256 4165 2350 4220 καὶ
2382 4167 2481 4235 τῆς
2510 4167 2730 4237 μνήμης
2758 4169 2883 4232 τοὺς
2916 4167 3106 4236 λόγους
3142 4167 3491 4237 συμμέτρους
3516 4165 3830 4219 ἀποδοῦναι.

576 4254 760 4319 sisset,
778 4256 907 4313 urbs
931 4241 1247 4325 ei'primum
1286 4257 1485 4327 templa
1515 4268 1568 4313 et
1611 4272 1739 4315 aras
1773 4261 2147 4315 consecravit.

2259 4257 2327 4309 Ἃ
2353 4257 2408 4310 δέ
2430 4260 2544 4310 ἐστι
2567 4258 2676 4311 τῶν
2703 4258 2949 4311 παλαιῶν
2981 4258 3307 4327 ἐντιμότατα
3355 4258 3446 4311 καὶ
3472 4255 3663 4323 ὥσπερ
3692 4254 3830 4325 ἀρχὴ

2252 4348 2365 4410 τοῖς
2394 4347 2607 4413 πολλοῖς
2635 4349 2935 4419 διηγεῖσθαι
2962 4366 2976 4381 ο
3033 4348 3373 4414 Ἡρακλέους
3416 4347 3477 4413 ἐξ
3524 4348 3829 4419 ἀνθρώπων

2253 4438 2580 4505 ἀπελθόντος
2601 4440 2635 4511 ἡ
2672 4443 2771 4513 μὲν
2796 4442 2949 4506 πόλις
2966 4442 3059 4496 καὶ
3074 4440 3211 4505 νεὼς
3228 4442 3322 4495 καὶ
3346 4440 3567 4512 βωμοὺς
3592 4438 3828 4511 ἱδρύεται

2256 4531 2470 4604 πρώτη.

2256 4554 2297 4583 π

671 4629 923 4701 Subiecta
969 4631 1181 4700 phrasis
1240 4644 1339 4699 per
1375 4632 1644 4703 eclipsim,
1704 4635 1907 4706 aliquid
1968 4635 2148 4693 blandi
2183 4554 2227 4609 Β

671 4716 800 4766 iens,
825 4716 927 4768 qua
957 4715 1098 4768 saepe
1122 4699 1337 4768 utitur.]
2247 4716 2299 4766 ἐπ

2256 4554 2470 4604 πρωτη.

2196 4554 2227 4609 D
2323 4643 2503 4716 [Κατὰ
2532 4644 2767 4768 ἓλλειιξιν
2793 4648 2826 4717 ή
2850 4648 3188 4735 προκειμένη
3222 4650 3267 4682 ⁸⁸
3291 4646 3516 4718 φράσις,
3544 4646 3750 4721 ἔχουσά
3776 4664 3824 4700 τι

2247 4715 2536 4768 ἐπαγωγόν
2561 4732 2573 4743 ·
2613 4733 2681 4768 πο
2716 4717 2881 4768 λαγου
2910 4718 2967 4768 δὲ
2990 4721 3127 4768 αυτῆ
3161 4718 3472 4768 athon-ram

574 4699 800 4766 habens,
825 4716 927 4770 qua
957 4699 1098 4771 saepe
1122 4699 1337 4774 utitur.]
1484 4699 1498 4703 ⁷
1798 4699 1812 4706 ’

2247 4699 2536 4783 ἐπαγωγόν
2561 4732 2573 4743 ·
2613 4699 2883 4788 πολλαχοῦ
2894 4699 2970 4771 ’δέ
3161 4699 3472 4791 ἑέχρῆἓάίέ]

642 4812 710 4865 Ει
730 4827 876 4867 nunc
899 4812 1135 4868 civitatis
1160 4822 1307 4869 stant
1331 4816 1596 4872 beneficio
1621 4816 1895 4875 Messenii.
1933 4820 2148 4877 Etenim

2318 4829 2426 4882 Καὶ
2448 4828 2543 4884 νῦν
2566 4831 2612 4861 ⁸³
2633 4831 2740 4883 εἰσὶ
2763 4831 3063 4903 Μεσσήνιοι
3091 4833 3137 4864 ⁸⁸
3154 4831 3245 4886 διὰ
3276 4831 3375 4903 τὴν
3402 4831 3580 4887 πόλιν.
3605 4830 3759 4901 Μόνη
3778 4829 3821 4865 ⁸³

568 4903 683 4957 sola
705 4917 829 4958 cum
860 4905 1102 4960 omnium
1138 4904 1354 4962 fortuna
1384 4919 1644 4979 perpetuo
1667 4915 1948 4968 contendit
1991 4914 2145 4982 urbs,

2246 4918 2355 4990 γὰρ
2382 4919 2476 4989 (ὡς
2510 4921 2703 4984 εἰπεῖν)
2734 4922 3013 4992 διαγέγονε
3057 4925 3195 4998 πρὸς
3221 4923 3320 4996 τὴν
3357 4923 3819 4993 άπάντων,τύχην

568 4997 922 5067 omniumque
944 4998 1126 5055 clades
1158 4999 1211 5054 in
1245 5001 1438 5057 melius
1465 5012 1659 5058 conata
1686 5012 1770 5059 est
1805 5016 2144 5075 convertere,

2241 5010 2648 5084 διαμιλλωμένη
2688 5015 2753 5079 ⁸⁸,
2783 5015 2877 5069 καὶ
2932 4997 3253 5088 πειρωμένη
3290 5016 3647 5088 περιτρέπειν
3690 5016 3817 5067 πᾶσι

570 5098 837 5159 vetusque
867 5090 1069 5145 dictum
1101 5091 1429 5149 imntutavil.
1464 5093 1716 5150 Ostendit
1748 5098 1891 5151 enim
1919 5110 1980 5151 se
2005 5098 2145 5153 ami-

2243 5104 2341 5169 τὰς
2388 5108 2673 5179 συμφορὰς
2730 5109 2772 5140 ⁸⁷
2833 5110 2925 5163 ἐπὶ
2956 5109 3177 5181 θάτερα.
3219 5110 3330 5163 Καὶ
3358 5109 3457 5181 τὴν
3522 5110 3818 5181 παροιμίαν

567 5198 667 5237 cos
703 5184 951 5239 infelices
1019 5198 1360 5255 nequaquam
1409 5187 1617 5256 fugere,
1669 5203 1790 5243 cum
1844 5191 2146 5261 permultos

2241 5195 2563 5268 ἐνήλλαξενο
2616 5198 2676 5252 οὑ
2729 5198 2839 5271 γὰρ
2884 5200 3127 5253 ἐκποδὼν
3155 5196 3294 5253 εἶναι
3339 5201 3613 5266 κατέδειξε
3669 5199 3815 5269 φίλου

566 5277 753 5342 etiam,
788 5291 817 5329 a
854 5278 1049 5347 quibus
1096 5289 1255 5333 antea
1328 5279 1646 5347 dissidebat,
1713 5294 1834 5352 post
1890 5296 2144 5354 acceptas

2240 5288 2426 5352 κακῶς
2448 5290 2808 5361 πράσσοντος,
2847 5291 2982 5346 ἀλλὰ
3031 5291 3261 5355 πολλοὺς
3308 5293 3407 5347 καὶ
3446 5292 3556 5347 τῶν
3585 5292 3815 5363 πρόσθεν

565 5366 749 5424 clades
782 5368 836 5424 in
893 5370 1187 5425 amicitiam
1251 5373 1539 5443 receperit.
1603 5374 1713 5432 Nec
1765 5391 1903 5446 quos
1953 5376 2138 5433 felices

2234 5381 2513 5453 διαφόρων
2560 5384 2655 5437 ἐπὶ
2709 5385 2821 5448 τοῖς
2880 5384 3198 5456 ἀτυχήμασι
3262 5384 3449 5455 φίλους
3502 5384 3810 5455 πεποίηται.

1879 5539 2113 5598 νΑΒΙιΕ
2147 5544 2555 5602 LECTIONES.

631 5644 808 5732 ’ἲιξὶξνῖ
830 5645 953 5732 ειέίιο
974 5646 1049 5732 Α·
1092 5648 1535 5732 ,ειηφθοεᾴνεεη
1567 5652 1612 5684 συ
1634 5652 1733 5732 ξτες
1760 5652 1823 5717 Α,
1857 5654 2039 5732 sese
2063 5654 2104 5711 ο
2128 5657 2390 5732 nti-r1105
2415 5676 2480 5732 ςε
2575 5660 2621 5691 σε
2643 5659 2873 5732 ἔρρωτο]
2902 5676 2954 5731 ρ.
2991 5661 3215 5719 omnem
3259 5662 3381 5719 nn.
3460 5663 3503 5694 υ
3537 5660 3810 5732 λαβέ-ιτα]

561 5729 614 5804 1.:
655 5715 810 5804 iso.’
849 5716 1127 5804 "rarely
1162 5715 1250 5804 Βίι
1277 5715 1368 5804 _'_"
1399 5720 1536 5804 ἀλλ’]
1560 5723 1778 5804 ρλιδι..
1810 5715 1817 5717 “
1858 5715 2522 5804 ξοδιάδοσινιρίδωρινξίι.
2593 5715 2751 5804 fids
2784 5715 2918 5804 ya‘pi
2942 5715 3213 5800 sitsi"
3263 5715 3310 5766 ἱ·
3334 5715 3711 5802 emeras";
3747 5715 3807 5804 Αἰ

562 5785 607 5814 ⁸³
632 5786 721 5877 καὶ
754 5784 871 5869 vovi
901 5802 951 5853 ρ.
990 5784 1110 5877 19ίὲ
1210 5784 1572 5877 ⁶δΔΜεσσήνιοί
1602 5794 1679 5846 B:
1722 5794 1983 5864 Μεσήνιοι
2020 5815 2075 5860 ς,
2158 5784 2228 5831 ἰο
2284 5799 2442 5872 μάνη]
2487 5816 2537 5871 p.
2587 5799 2708 5855 ωε.
2795 5784 3259 5877 ’ἱὲ
3311 5784 3407 5860 ης
3432 5784 3491 5834 s1
3530 5784 3665 5857 ,πᾶσι
3700 5784 3809 5864 ’τὰς

564 5857 845 5925 συμφορὰς
875 5862 1221 5931 περιτρέπειν
1250 5868 1308 5915 ς.
