4104 6402
267 396 404 461 1465

1341 400 1937 465 BIBLIOTHECA.—
1951 404 2112 465 COD.
2152 404 2288 464 CCX
2300 405 2442 466 LVI.

3374 408 3511 474 1466

264 510 481 581 καιροῦ.
506 511 579 565 Οὑ
609 511 717 584 γὰρ
745 513 824 576 είς
851 511 1015 577 φόϐον
1054 510 1155 583 τὴν
1192 509 1319 564 θέαν
1346 510 1582 583 ἔτρεψαν
1612 514 1677 580 ⁸⁸,
1722 514 1834 567 οὐδ’

1955 524 2040 569 sto
2065 516 2380 584 spectaculo
2423 515 2477 568 in
2504 524 2728 579 metum,
2772 517 2867 573 sed
2900 517 3235 574 alacritatem
3266 518 3345 573 illi
3381 534 3512 575 con-
3574 518 3581 523 ”

261 604 645 675 ἐξεπλάγησαν
688 605 797 657 τῶν
842 604 1136 675 ὁρωμένων
1176 603 1279 673 τὴν
1330 603 1556 674 ἀήθειαν
1594 605 1660 669 “,
1716 604 1833 659 ἀλλ’

261 695 512 763 ἥσθησαν
543 696 775 765 ὁρῶντες
822 695 963 748 ὅσων
1011 694 1292 765 κρείττους
1347 695 1703 762 γενήσονται,
1741 697 1835 750 καὶ

265 786 585 856 νομίσαντες
636 786 825 857 (Lamp
886 787 1141 857 ἀφορμὴν
1199 785 1477 855 εἰληφέναι
1530 788 1681 858 παρὰ
1734 788 1838 858 τῆς

266 877 438 949 τύχης
465 878 866 949 ὑπερϐαλέσθαι
902 880 943 909 ιτ
976 879 1184 942 πάντας
1206 878 1527 948 ἀνθρώπους
1563 880 1837 948 ἀνδραγα-

269 971 384 1041 θίᾳ,
418 972 511 1024 καὶ
547 970 691 1025 τοῦτ’
729 966 870 1025 εἶναι
921 970 1082 1022 πλέον
1118 971 1217 1037 τῆς
1254 970 1524 1040 τοσαύτης
1558 971 1836 1041 στρατιᾶς,

268 1062 415 1133 ἔχειν
446 1062 634 1133 (Lamp
664 1061 940 1133 χρήμασιν
967 1060 1215 1131 ἀφθόνως
1242 1061 1569 1132 χρήσασθαι,
1606 1061 1701 1114 καὶ
1728 1061 1841 1116 δια-

268 1156 553 1224 νοηθέντες
576 1156 658 1209 ὅτι
694 1155 788 1211 νῦν
831 1153 1021 1224 ὥσπερ
1060 1154 1401 1208 ἐστιάσονται
1440 1154 1708 1223 λαμπρῶς
1739 1155 1842 1207 ὑπὸ

271 1247 383 1300 τῶν
414 1248 700 1318 βαρβάρων
746 1249 969 1316 καὶτῆς
997 1248 1197 1319 ἀρετῆς
1241 1246 1405 1311 ἀξίως
1455 1247 1555 1316 τῆς
1610 1246 1839 1302 ἑαυτῶν.

271 1339 387 1391 Καὶ
415 1338 524 1411 γὰρ
561 1340 716 1392 ἵπποι
746 1344 839 1392 καὶ
878 1339 1006 1409 βέλη
1045 1339 1139 1392 καὶ
1181 1338 1309 1404 νῆες
1360 1338 1456 1391 καὶ
1517 1336 1710 1406 ψέλλια
1751 1338 1844 1390 καὶ

272 1435 533 1502 στρεπτοὶ
552 1434 593 1465 ⁸⁸
629 1434 723 1487 καὶ
750 1433 911 1497 κύνες
939 1433 1032 1485 καὶ
1062 1432 1243 1485 πάντα
1279 1432 1537 1501 χρήματα
1572 1429 1719 1501 δῶρα
1745 1429 1845 1499 τῆς

269 1524 440 1594 τύχης
484 1525 601 1577 ἐστὶ
649 1526 985 1595 προκείμενα
1039 1526 1153 1587 τοῖς
1204 1524 1493 1593 κρείττοσι.
1531 1522 1717 1576 Ταῦτα
1753 1523 1845 1577 καὶ

268 1617 574 1687 στρατηγοὶ
625 1616 760 1687 πρὸς
797 1616 1026 1680 ἑαυτοὺς
1051 1615 1317 1679 εἰπόντες,
1365 1616 1458 1667 καὶ
1484 1614 1619 1683 πρὸς
1648 1615 1849 1677 αὑτοὺς

270 1707 501 1762 ἔκαστοι
550 1708 945 1779 διαλεχθέντες,
975 1710 1068 1777 ,ἐκ
1111 1708 1249 1761 θεῶν
1278 1706 1574 1778 ἀρξάμενοι
1609 1707 1705 1759 καὶ
1750 1704 1849 1758 τοῦ

275 1799 435 1870 φίλου
466 1800 703 1864 παιῶνος
726 1802 768 1834 ¹⁹
799 1801 1038 1871 ἐχώρουν
1066 1799 1270 1871 δρόμῳ,
1300 1799 1551 1869 καθάπερ
1572 1798 1661 1851 διὰ
1692 1796 1849 1866 ψιλοῦ

274 1894 374 1947 τοῦ
409 1893 595 1946 πεδίου
637 1892 877 1955 θέοντες,
912 1892 1003 1945 καὶ
1035 1894 1146 1954 τοῖς
1181 1890 1478 1961 βαρϐάροις
1520 1890 1619 1942 οὐκ
1645 1890 1850 1943 ἔδωκαν

280 1984 412 2037 ίδείν
440 1984 468 2037 ὃ
506 2000 559 2035 τι
590 1982 706 2035 ἔστι
738 1983 807 2035 τὰ
832 1981 1151 2051 γιγνόμενα,
1182 1980 1296 2032 ἀλλ’
1328 1981 1444 2049 ἆμα
1466 1980 1645 2044 τάξεις
1680 1976 1854 2049 ἐρρώ-

278 2090 474 2141 γεσαν,
507 2073 601 2125 παλ⁵
630 2072 820 2143 ἄνδρες
857 2072 1173 2132 ἐκτείνοντο,
1210 2072 1301 2123 καὶ
1333 2070 1488 2124 ἵπποι
1519 2070 1856 2140 συνελαμϐά-

278 2180 458 2230 νοντο,
486 2165 578 2216 καὶ
596 2162 722 2231 νῆες
735 2163 994 2225 εἴλκοντο,
1015 2162 1173 2233 [1217
1189 2160 1279 2233 R.]
1295 2162 1387 2215 καὶ
1402 2162 1503 2233 χρή
1514 2178 1653 2230 ματα
1669 2162 1852 2231 ἦγετο,

280 2251 379 2305 καὶ
417 2252 606 2321 χορεία
646 2252 822 2313 Πανδς
848 2246 917 2321 ἦν
968 2250 1036 2302 τά
1089 2249 1408 2319 ποιούμενα.
1437 2250 1576 2318 Ἤδη
1606 2250 1652 2280 ’⁸
1684 2249 1741 2302 δέ
1772 2266 1856 2311 τις

280 2345 611 2411 τελευτήσας
651 2343 897 2412 εἱστήκει
942 2341 1345 2412 περιτοξευθεὶς
1381 2341 1487 2394 ὑπὸ
1518 2344 1625 2393 τῶν
1654 2341 1857 2411 βαρϐά-

285 2452 419 2504 ρων,
464 2435 644 2502 φοϐῶν
689 2436 814 2497 τοὺς
865 2434 1083 2497 λοιποὺς
1139 2433 1329 2503 ὥσπερ
1375 2434 1642 2496 ἀθάνατος
1686 2433 1759 2486 ῶν
1789 2435 1855 2490 ²¹.

296 2527 457 2580 Ἀλλά
488 2530 533 2560 ’⁸
558 2528 679 2581 τότε
719 2528 795 2592 ὡς
823 2527 1041 2596 ἀληθῶς
1082 2526 1238 2596 ὄχλος
1271 2526 1425 2590 ὄντες
1462 2527 1507 2557 ’³
1540 2526 1856 2597 ᾐσθάνοντο,

284 2622 381 2674 καὶ
412 2621 665 2690 μέγιστον
696 2620 1004 2689 ἐναντίωμα
1054 2621 1287 2684 ἑαυτοῖς,
1328 2620 1422 2672 καὶ
1472 2622 1584 2681 τοῖς
1618 2618 1858 2671 πλείοσιν

286 2714 415 2785 [657
450 2714 541 2785 1].]
591 2715 790 2783 ἥττους
834 2714 1083 2780 ἐγένοντο
1112 2713 1143 2781 ἢ
1190 2713 1336 2773 ὅσοις
1368 2712 1434 2765 ἀν
1463 2729 1547 2773 τις
1580 2710 1637 2776 ἐξ
1685 2710 1860 2780 ἀρχῆς

285 2808 591 2877 ἐθάρρησεν
624 2806 958 2875 ἀντιστῆναι.
991 2806 1140 2857 Ὥστ¹
1172 2804 1219 2835 ³⁸
1248 2805 1473 2866 εἰκότως
1507 2805 1679 2856 είπεϊν
1719 2798 1860 2856 εἶναι

287 2895 386 2966 τὴν
406 2898 502 2965 μὲν
524 2894 675 2947 πόλιν
703 2896 795 2948 τὸν
820 2895 1128 2966 ἐλευθέριον
1152 2894 1249 2947 Δία
1270 2911 1320 2946 τι
1330 2894 1434 2963 μᾷν
1461 2894 1554 2946 ἐπὶ
1582 2895 1695 2957 τοῖς
1723 2912 1864 2964 πρα-

288 2986 466 3057 χθεῖσι
487 2989 530 3023 ³⁸
556 2988 873 3058 προσήκειν,
896 2989 1005 3048 τοῖς
1032 2986 1076 3038 δ’
1106 2986 1285 3049 ἀλλοις
1307 2985 1531 3055 Ἕλλησι
1554 2985 1654 3055 τὴν
1684 2986 1859 3051 πόλιν,

288 3083 385 3137 καὶ
423 3082 667 3152 νομίζειν
718 3082 810 3136 τὸν
861 3080 1160 3150 Ἀθηναίων
1211 3080 1382 3149 δῆμον
1426 3078 1617 3150 ῶσπερ
1646 3078 1862 3133 ἐλευθέ-

1938 606 2080 661 versi
2112 617 2257 670 sunt,
2288 620 2388 661 nec
2418 606 2757 661 insolentiam
2798 623 3010 675 eorum,
3041 624 3161 678 qua:
3186 611 3506 673 cernebant,

1939 697 2353 763 oshtupueruut,
2369 696 2462 751 sed
2484 711 2607 751 cum
2631 697 2871 749 viderent
2887 706 3017 765 quot
3033 705 3218 751 essent
3235 696 3508 762 vincendi,

1939 789 2102 842 laetati
2139 798 2284 852 sunt,
2319 789 2574 857 quoniam
2609 803 2669 844 se
2696 788 2858 843 istam
2887 790 3233 843 occasionem
3274 804 3302 841 a
3336 790 3511 842 fortu-

1940 898 2008 935 na
2039 883 2277 936 omnium
2310 882 2524 937 fortiter
2547 886 2973 951 superandorum
3009 893 3195 937 nactos
3227 885 3511 952 putabant,

1941 982 1995 1028 et
2022 974 2123 1028 hoc
2146 973 2262 1028 fore
2296 977 2429 1030 tanti
2459 977 2730 1031 exercitus
2759 975 3122 1040 commodum,
3162 976 3303 1044 quod
3339 976 3512 1029 abun.

1941 1066 2156 1121 dantem
2204 1068 2284 1121 sui
2333 1084 2487 1123 usum
2533 1078 2675 1123 esset
2719 1067 3062 1135 praebiturus,
3099 1080 3164 1120 ac
3209 1081 3267 1120 se
3294 1066 3513 1135 jamjam

1945 1156 2229 1225 magnifico
2267 1173 2434 1225 seque
2480 1159 2641 1226 digno
2681 1158 2834 1224 quasi
2878 1158 3125 1212 convivio
3169 1158 3517 1226 excipiendos

1945 1248 2230 1316 putabant.
2264 1248 2396 1301 Nam
2428 1260 2481 1303 et
2527 1253 2673 1317 equi,
2701 1261 2754 1304 et
2779 1250 2906 1313 tela,
2936 1258 2990 1304 et
3023 1265 3207 1313 naves,
3248 1258 3354 1301 tum
3382 1249 3516 1317 pha-

1947 1339 2091 1404 lerae,
2140 1349 2194 1395 et
2248 1349 2485 1408 torques,
2522 1357 2703 1406 canes,
2754 1356 3052 1410 omnesque
3094 1355 3246 1409 opes,
3293 1339 3520 1393 fortuna:

1946 1430 2111 1498 dona,
2141 1440 2515 1500 proponuntur
2543 1433 2879 1496 fortioribus,
2903 1442 2958 1486 et
2999 1433 3113 1486 haec
3137 1432 3315 1485 omnia
3352 1430 3519 1496 largi-

1949 1531 2039 1576 tur
2086 1525 2335 1578 victoria.
2368 1524 2499 1590 Quae
2536 1538 2661 1578 cum
2698 1526 2836 1595 apud
2886 1536 2944 1578 se
2974 1523 3163 1586 duces,
3194 1532 3250 1576 et
3292 1521 3434 1575 inter
3462 1535 3522 1573 se

1948 1615 2147 1670 milites
2195 1618 2609 1685 expendissent,
2670 1625 2781 1670 tum
2826 1630 2856 1669 a
2908 1616 3031 1680 diis,
3081 1624 3136 1669 et
3178 1614 3355 1668 amico
3412 1613 3522 1667 orsi

1947 1707 2216 1776 Apolline,
2250 1706 2521 1761 curriculo
2568 1716 2822 1773 tanquam
2848 1715 3063 1775 patente
3085 1720 3276 1774 campo
3306 1718 3525 1773 proces-

1951 1807 2159 1863 serunt,
2186 1797 2381 1869 ωειι
2432 1811 2531 1852 nec
2565 1798 2807 1852 barbaris
2834 1798 3045 1851 videndi
3095 1796 3221 1867 quid
3255 1804 3524 1866 ageretur,

1953 1892 2186 1958 spatiqu
2226 1890 2511 1943 dederunt.
2546 1888 2743 1944 Verum
2778 1890 2979 1959 pariter
3015 1898 3069 1943 et
3116 1888 3262 1943 acies
3307 1900 3527 1955 rumpe-

1953 1984 2166 2047 bantur,
2207 1990 2262 2036 et
2315 1981 2562 2036 homines
2615 1980 3028 2043 occidebantur,
3078 1988 3134 2033 et
3179 1976 3529 2048 capiebantur

1953 2075 2099 2143 equi,
2153 2089 2338 2140 naves,
2384 2088 2533 2142 opes,
2570 2073 2742 2127 instar
2774 2072 2985 2125 Panica:
3025 2071 3263 2140 ejusdem
3294 2070 3527 2125 chorea}.

1954 2165 2091 2232 Quid
2131 2169 2272 2233 quod
2311 2164 2474 2218 etiam
2506 2173 2752 2218 mortuus
2796 2164 3036 2233 quidam,
3090 2177 3211 2216 cum
3262 2161 3529 2216 barbaro-

1956 2270 2074 2310 rum
2108 2255 2228 2309 telis
2263 2253 2546 2309 confossus
2586 2262 2767 2317 esset,
2822 2253 2975 2308 stetit
3023 2261 3259 2315 erectns,
3302 2268 3365 2307 ac
3411 2260 3530 2304 tan-

1956 2362 2115 2416 quam
2181 2346 2503 2401 immortalis
2548 2354 2714 2408 esset,
2764 2344 3000 2415 reliquos
3054 2343 3364 2414 perterruit.
3422 2343 3526 2397 Sed

1959 2447 2067 2492 tum
2129 2452 2316 2491 revera
2367 2438 2578 2491 turbam
2629 2451 2689 2491 se
2732 2451 2890 2500 esse,
2942 2436 3286 2501 maximeque
3323 2432 3533 2503 seipsos

1960 2526 2219 2596 impedire
2245 2536 2631 2596 cognoverunt,
2658 2541 2779 2580 cum
2828 2534 3013 2580 essent
3047 2524 3253 2591 majore
3285 2536 3532 2581 numero.

1957 2635 2116 2690 quam
2140 2622 2225 2675 cui
2249 2620 2615 2690 aliquisinitio
2636 2618 2982 2674 sustinuisset
3013 2617 3284 2672 resistere.
3321 2613 3390 2670 Ut
3412 2613 3533 2683 jure

1958 2714 2241 2769 dicendum
2276 2715 2348 2767 sit
2378 2728 2499 2767 cum
2530 2712 2714 2767 Jovem
2756 2711 3097 2764 liberatorem
3128 2708 3199 2763 ob
3238 2722 3327 2762 res
3356 2716 3537 2777 gestas

1958 2808 2089 2861 urbs
2108 2805 2269 2868 colat,
2311 2804 2527 2859 Graecos
2564 2804 2749 2857 urbem
2787 2818 2850 2856 ac
2879 2801 3132 2872 populum
3152 2799 3535 2854 Atheniensem

1960 2897 2266 2953 liberatoris
2288 2897 2404 2950 loco
2444 2896 2644 2950 habere
2670 2894 2884 2948 debere.
2904 2892 3167 2958 Quocirca
3183 2889 3229 2945 si
3256 2887 3528 2956 inaequali-

1963 3000 2045 3044 tas
2071 2988 2384 3045 inferiorum
2408 2995 2508 3052 est,
2527 2983 2775 3038 omnibus
2802 2982 2856 3037 hi
2890 2982 3167 3035 victoriam
3202 2978 3537 3033 ademerunt.

1961 3082 2132 3136 Filius
2186 3080 2331 3133 Darii
2382 3077 2615 3140 Xerxes,
2660 3077 2749 3145 qui
2783 3076 3024 3130 omnium
3049 3089 3233 3144 regqu
3253 3070 3538 3141 cogitatio-

290 3193 408 3247 ριον
432 3177 475 3210 ⁸⁸
502 3178 613 3239 τοῖς
633 3174 890 3243 Ἕλλησιν
916 3175 958 3204 ⁸⁷
985 3169 1146 3225 είναι.
1179 3172 1339 3223 ’Ὥστε
1368 3172 1415 3204 ’⁸
1436 3172 1485 3223 εί
1518 3170 1576 3224 τὸ
1611 3171 1685 3242 μὴ
1717 3172 1854 3242 ἐχειν

1968 3185 2064 3226 nes
2090 3168 2382 3237 superavit,
2419 3177 2475 3221 et
2496 3164 2634 3221 nihil
2669 3165 2969 3219 mirandum
2998 3177 3104 3217 non
3145 3161 3393 3225 tentavit,
3415 3175 3537 3214 cum

289 3265 353 3330 ἐξ
388 3265 505 3319 ίσου
532 3263 783 3333 γενέσθαι
820 3256 928 3317 τῶν
966 3263 1202 3331 ἡττόνων
1252 3262 1423 3322 ἐστὶν,
1474 3262 1722 3325 ἅπαντας
1768 3262 1866 3315 ἀν-

1968 3271 2023 3318 et
2060 3262 2231 3331 patris
2269 3267 2494 3331 conatus
2536 3256 2715 3326 inopia
2760 3255 2928 3310 fuisse
2961 3252 3246 3323 impeditos
3277 3250 3539 3309 crederet.

292 3357 545 3428 θρώπους
572 3358 939 3426 νενικήκασιν.
970 3356 1029 3408 ’0
1058 3354 1114 3407 δὲ
1146 3356 1191 3386 ⁹⁹
1216 3353 1424 3416 πάντας
1449 3353 1703 3422 βασιλέας
1732 3369 1854 3426 παρ

1976 3355 2361 3422 civitatemque
2384 3359 2439 3406 et
2470 3350 2689 3405 Grazcos
2712 3362 2973 3416 nusquam
3002 3344 3397 3413 comparituros
3419 3356 3547 3395 con-

292 3449 537 3518 ενεγκὼν
566 3450 685 3510 ταῖς
712 3447 1000 3510 ἐπινοίαις,
1021 3446 1114 3499 καὶ
1141 3444 1308 3515 μηδὲν
1336 3443 1651 3498 καταλιπὼν
1673 3444 1854 3497 ἄτοποι

1978 3453 2267 3507 temneret,
2296 3442 2487 3512 duplex
2523 3440 2755 3495 instituit
2784 3448 3081 3499 certamen,
3112 3449 3219 3505 quo
3250 3432 3446 3503 partim
3473 3430 3544 3485 illi

295 3541 540 3611 νομίσαι,
564 3541 773 3609 Ξέρξης
803 3542 831 3592 ὁ
874 3537 1123 3610 Δαρείου,
1157 3536 1460 3605 καταγνοὺς
1498 3535 1597 3605 μὲν
1640 3534 1732 3589 τοῦ
1763 3551 1871 3589 πα-

293 3632 423 3703 τρὸς
461 3632 537 3695 ὡς
576 3631 770 3693 ἐνδεῶς
822 3630 1304 3700 ἐπιχειρήσαντος,
1349 3626 1618 3697 ὑπεριδὼν
1670 3627 1725 3680 δὲ
1773 3628 1873 3696 τῆς

297 3724 505 3789 πόλεως
536 3726 630 3777 καὶ
660 3724 769 3776 τῶν
791 3722 1061 3793 Ἐλλήνων
1087 3720 1161 3781 ὡς
1187 3718 1425 3789 οὐδαμοῦ
1452 3719 1865 3788 φανησομένων,

295 3814 487 3883 ἀγῶνα
517 3813 736 3866 διπλοῦν
761 3810 1112 3880 ἀγωνίζεται,
1132 3809 1225 3861 τὸν
1257 3808 1356 3879 μὲν
1377 3806 1779 3878 ὑπερϐαλέσθαι
1800 3807 1868 3871 ³ο,

298 3907 401 3975 τὴν
444 3906 501 3959 δὲ
542 3903 960 3976 τιμωρήσασθαι
995 3901 1134 3970 μετὰ
1168 3900 1363 3953 πολλοῦ
1400 3899 1495 3952 τοῦ
1541 3898 1871 3968 κρείττονος.

1962 3535 2331 3599 antecelleret,
2380 3533 2576 3601 partim
2634 3533 2773 3584 hanc
2838 3529 3052 3599 egregie
3098 3526 3331 3594 puniret.
3378 3522 3550 3589 Quin-

1963 3631 2130 3685 etiam
2171 3643 2290 3682 cum
2336 3625 2541 3680 etlectis
2567 3622 2901 3685 coelestibus,
2942 3620 3197 3687 omnique
3248 3626 3359 3669 tum
3410 3614 3549 3675 visu,

1976 3729 2087 3771 tum
2119 3729 2335 3770 rumore
2367 3713 2578 3767 insolito
2608 3712 2627 3782 l
2657 3728 2783 3774 non,
2830 3725 2950 3763 cum
2993 3718 3145 3775 patre
3200 3699 3507 3771 duntaxat}
3537 3740 3553 3765 ,

1978 3807 2190 3860 videtur
2210 3811 2471 3866 certasse,
2498 3800 2649 3870 quasi
2684 3800 2774 3869 qui
2803 3814 2956 3854 suam
2982 3812 3102 3851 esse
3130 3804 3332 3850 terram
3356 3792 3557 3846 voluis-

1980 3904 2062 3950 set
2085 3892 2392 3949 ostendere.

299 4004 463 4058 Δοκεῖ
502 4002 560 4055 δέ
595 4003 810 4070 μοικαὶ
857 3998 993 4069 πρὸς
1038 3998 1137 4059 τὰς
1177 3996 1495 4065 διοσημείας
1538 3994 1659 4047 τότε
1715 3994 1920 4063 Ξέρξης
1953 3987 2375 4063 ἀμιλλήσασθαι,
2408 3985 2503 4040 καὶ
2557 3982 2694 4056 πρὸς
2730 3983 2945 4038 ἃπασαν
2999 3981 3121 4050 ὄψιν
3160 3997 3218 4034 τε
3263 3978 3358 4034 καὶ
3389 3977 3558 4049 ἀκοὴν

299 4096 608 4169 ἀνθρώποις
639 4096 976 4159 ἀνέλπιστον,
1016 4092 1201 4146 ὥσπεο
1244 4088 1577 4152 ἐνδείξασθαι
1613 4086 1932 4156 βουλόμενος
1956 4085 2039 4138 ὅτι
2060 4082 2225 4137 αὑτοῦ
2246 4079 2480 4151 βεῦαίως
2510 4078 2659 4131 ἐστὶν
2693 4079 2725 4129 ἡ
2758 4077 2853 4146 γῆ.

376 4242 524 4314 [Ὅτι
549 4313 556 4314 7
581 4236 895 4314 *ἰσοκρᾲτης
953 4232 1211 4314 ᾁγθηρὸτε
1224 4246 1312 4298 ρον
1346 4224 1521 4314 ‘simv
1540 4267 1556 4314 ,
1577 4298 1587 4309 ι
1605 4226 1873 4314 οὑτὶοζτὴν

2053 4222 2485 4297 [ίῖίοτίιίῑυε-ιιοο
2517 4220 2652 4274 dixit
2682 4217 2966 4297 Isocrates,
2996 4214 3074 4297 sic
3115 4229 3223 4293 rem
3250 4212 3557 4297 enuntians,

1264 4300 1400 4382 πρὸς
1424 4299 1512 4350 τὸν
1529 4282 1625 4384 Δία
1651 4298 1719 4349 τὰ
1742 4282 1854 4374 δντξ

1980 4282 2144 4349 νεῖυιί
2186 4308 2305 4347 cum
2339 4292 2472 4384 Jove
2511 4299 2698 4384 creata
2729 4286 3001 4384 1dividens,
3036 4284 3150 4339 Jovi
3206 4286 3423 4348 cretum,
3461 4282 3559 4337 sibi

1054 4374 1156 4457 μὲν
1182 4357 1737 4457 ς’ΔιΓπάραχωρήσας
1781 4366 1854 4419 τοὶ

1981 4381 2111 4422 vero
2139 4375 2335 4418 terram
2369 4357 2748 4430 distribuens.]
2930 4364 2945 4379 '

305 4440 766 4521 οὗρανόῦ,’ὲαυτῷ
804 4450 859 4503 δὲ
887 4440 995 4519 τὴν
1016 4440 1202 4517 ﬁnd]

382 4545 453 4596 Ἦ
482 4543 665 4605 ποίους
692 4541 808 4573 ²¹·³³
839 4540 1035 4609 φόϐους
1068 4537 1319 4606 ἐγγείους
1348 4534 1381 4604 ἢ
1416 4528 1735 4589 θαλαττίους
1759 4524 1880 4595 οὐχὶ

2056 4516 2203 4582 Quos
2235 4524 2471 4570 terrores
2522 4525 2667 4567 terra
2702 4510 2946 4579 marique
2987 4507 3098 4561 suis
3124 4521 3229 4560 non
3281 4503 3507 4558 incussit
3542 4504 3565 4555 ζ’

310 4634 615 4688 συνέστειλε
643 4636 753 4696 τοῖς
786 4596 914 4702 παρ’
944 4630 1142 4693 αὑτοῦ;
1173 4622 1233 4680 οῦ
1261 4628 1357 4688 τὰς
1393 4623 1621 4685 ἀπειλὰς
1667 4619 1854 4690 πρῶτο

1989 4610 2143 4681 cujus
2174 4608 2346 4662 minas
2373 4606 2602 4673 primum
2645 4618 2801 4656 nemo
2836 4610 3049 4670 poterat
3078 4597 3299 4651 attentis
3346 4596 3565 4647 auribus

309 4728 411 4781 οὑκ
431 4723 498 4798 ἦν
532 4725 731 4778 ἑστῶσι
776 4726 887 4786 τοῖς
920 4723 1051 4775 ὠσὶν
1083 4719 1335 4774 ἀκοῦσαι.
1376 4715 1518 4770 Ἀλλ’
1557 4715 1771 4781 ἀπῆγον
1800 4712 1879 4774 εἰς

1994 4705 2198 4763 audire,
2234 4715 2358 4756 cum
2391 4699 2455 4752 ad
2490 4698 2708 4749 ultimas
2737 4706 2894 4747 terra:
2924 4694 3056 4746 fines
3092 4691 3562 4759 progrederemur,

312 4780 517 4883 ἔσχατα
552 4814 675 4882 γῆς,
695 4814 790 4865 καὶ
816 4780 1112 4885 προῦλεγεν
1135 4808 1171 4862 ἃ
1199 4806 1424 4877 μηδενὸς
1443 4801 1510 4875 ἦν
1536 4804 1591 4856 εὑ
1603 4780 1713 4874 ρεῗν
1746 4800 1853 4871 πλη

1992 4813 2051 4850 ca
2097 4795 2468 4866 praedicentcs,
2502 4804 2622 4859 quae
2656 4803 2719 4841 ex
2766 4786 2937 4853 ipsius
2972 4794 3177 4836 tantum
3224 4780 3436 4850 ingenio
3475 4793 3569 4848 po-

314 4872 525 4958 ἐκείνου
557 4872 763 4956 aitEn
792 4872 1232 4955 δ’ἐ.Ἀτλαντικοῦ
1260 4872 1525 4965 πελάγους
1558 4872 1854 4964 κληρουχία

1998 4896 2176 4940 terant
2237 4884 2473 4952 prodire.
2526 4878 2785 4933 Atlantici
2833 4877 3063 4946 denique
3117 4875 3281 4927 maris
3328 4872 3568 4927 colonias

315 4996 547 5065 ἀτίμους
568 4994 803 5063 ἠπείλει,
838 4993 931 5044 καὶ
970 4993 1074 5061 γῆς
1112 4989 1327 5057 ποίησιν
1359 4986 1463 5050 ἔξω
1499 4986 1598 5056 τῆς
1632 4984 1889 5052 οἰκουμέ-

1993 4977 2131 5030 viles
2160 4975 2518 5036 redditurum,
2566 4981 2619 5025 et
2664 4979 2818 5023 extra
2858 4985 2976 5022 eam
3010 4982 3128 5034 qua:
3159 4966 3431 5019 habitatur
3464 4974 3569 5016 ter-

318 5052 461 5158 ms,
514 5052 603 5156 ἦν.
628 5052 959 5153 ἀναγκάσειν
981 5052 1569 5150 ,ηκρωτηριασμένους
1618 5070 1854 5144 προσχοῦ

1996 5084 2134 5130 ram,
2166 5065 2508 5120 conditorum
2540 5077 2555 5115 :
2600 5060 2816 5129 jamque
2847 5059 2993 5127 ipsos
3021 5065 3333 5109 coacturum
3364 5052 3571 5106 mutila-

322 5146 413 5242 είς
437 5146 498 5231 τὸ
532 5146 789 5246 πέλαγος,
822 5175 966 5246 ὕδωρ
1010 5146 1053 5204 ³δ
1089 5146 1187 5223 μὲν
1218 5167 1563 5231 ἀντλοῦντας,
1594 5163 1801 5233 πέτρας
1834 5161 1854 5215 δ

1998 5170 2081 5215 tos
2131 5160 2185 5214 in
2239 5171 2387 5211 mare
2418 5167 2768 5226 exaggerare,
2820 5165 2958 5219 aqua
2991 5149 3275 5215 exhausta,
3309 5146 3572 5217 lapidibus

1586 5334 1823 5393 VARUE
1867 5330 2280 5391 LECTIONES.

401 5554 443 5585 ¹⁸
468 5549 691 5620 ἔτρεψεν
716 5550 779 5602 Δ.
859 5548 899 5579 ’⁸
922 5546 1145 5620 ἀήθειαν
1245 5559 1258 5597 :
1284 5540 1537 5620 ἀλήθειαν
1569 5557 1629 5604 ς.

1709 5536 1750 5566 ⁸⁷
1782 5532 2181 5605 ὑπερίῖαλέσθαι
2214 5532 2254 5583 Β
2266 5547 2284 5605 3
2310 5525 2742 5605 ὑπερϐάλλεσθαι
2768 5541 2849 5605 gl
2894 5523 2950 5605 ’ξ’
2982 5520 3305 5605 στρεπτοὶ-Β.
3328 5490 3568 5605 η¹⁹θπαιο

329 5626 451 5687 ἄνος
468 5589 786 5688 διξΓὛιῗῆξτὶ
857 5620 898 5649 ιι
1245 5589 1258 5597 ’
1646 5608 1769 5659 Elii.
1797 5589 1929 5688 τόξε
1960 5605 2081 5687 add.
2110 5606 2174 5653 Α.
2236 5602 2282 5633 ’³
2312 5589 2472 5688 ὅντες.
2480 5597 2646 5688 1ξχλος
2673 5595 2733 5688 Βς
2759 5594 2854 5688 1":
2884 5589 3577 5688 t'Laf‘]'p;.2.lZ;n"-‘rrg%-

331 5698 469 5745 θεῖσι
494 5692 569 5759 ll:
603 5690 917 5759 προαχθεῖσι
952 5704 1014 5759 ς.

1087 5664 1137 5715 δέ
1163 5664 1493 5750 ἐλευθέριον]
1522 5664 1643 5732 ἐλευ
1673 5691 1753 5750 pr_.
1784 5679 1850 5737 Α,
1882 5674 2132 5725 ἐλευσῖνα
2154 5686 2303 5750 (ἴοῖτι,
2367 5664 2732 5750 ,¹⁷η”Εἶλλησξν]
2752 5664 3024 5750 οιςηᾼ.

3102 5662 3146 5694 ’⁸
3170 5658 3331 5725 ὥστε]
3364 5676 3415 5725 p.
3442 5657 3570 5709 218.

334 5685 469 5745 [ἱεῖσι
494 5692 569 5744 B:
603 5685 917 5759 προαχθεῖσι
953 5704 1014 5750 ς’.
1087 5686 1133 5715 ³⁸
1168 5685 1494 5801 ὲλευθέριονὲ
1522 5685 1643 5732 ἐλευ
1673 5691 1753 5744 pr.
1784 5685 1850 5737 A,
1882 5685 2132 5725 ελευσινα
2154 5686 2295 5724 corr.
2373 5685 2411 5699 "
2476 5685 2731 5737 LAAqatVJ
2752 5685 2933 5725 αΑΑοις
2959 5685 3024 5716 ιι.
3104 5685 3146 5694 -ν
3170 5685 3331 5725 ωστδ]
3364 5685 3415 5725 ν.
3446 5685 3570 5709 ιιιοο

334 5768 379 5795 ’³
400 5767 428 5815 ὀ
454 5758 533 5829 δέ]
560 5779 611 5828 p.
645 5760 777 5829 2'20.
846 5759 890 5790 ”
915 5758 1012 5829 τὴν
1031 5755 1129 5829 μέν
1152 5750 1461 5829 ὑπερϐαλέσ
1500 5766 1556 5803 αι
1581 5762 1689 5829 om.
1716 5746 1782 5812 Α,
1818 5759 1859 5829 ξι,
1880 5752 2185 5829 correctore
2220 5737 2479 5829 liabet-Ali.
2501 5733 2923 5829 ὑτῖεερξαλέσθαξΙΙ
2936 5728 3474 5829 ἐύλπερὸάλλεοθαι
3508 5742 3571 5790 ς’.

340 5834 451 5870 ³¹·³³
490 5816 533 5886 il.
562 5816 782 5899 ’ποίουςς
835 5843 885 5899 p.
923 5816 1043 5880 εειζ
1073 5823 1107 5894 ἢ
1137 5816 1274 5878 autc'
1289 5822 1471 5883 ποίους
1505 5834 1613 5873 om.
1642 5816 1705 5869 Α.

1819 5815 1863 5846 ³δ
1894 5811 2101 5867 ἐκείνου
2134 5811 2178 5863 Α
2224 5826 2237 5861 :
2276 5808 2482 5862 ἐκείνου
2521 5807 2681 5877 μόνου
2712 5822 2749 5867 τ

2879 5804 2923 5834 ³⁸
2947 5800 3088 5870 ὕδωρ
