4104 6414
596 386 735 456 1467

1772 407 2033 469 ΡΗΟἸῚΙ
2072 408 2574 471 PATRIARCHZE
2606 413 2713 473 (ΣΡ.

3711 416 3840 479 1468

589 509 820 573 eil‘ussis.
849 518 1055 568 tantum
1084 513 1345 574 habentes
1374 518 1764 587 membrorum,
1805 532 2063 591 quantum
2095 520 2159 575 ad

2264 521 2587 591 όρῠττοντας
2601 525 2667 589 ³⁸,
2682 525 2917 580 τοσαῦτα
2937 526 3161 598 ἔχοντας
3190 528 3285 583 τοῦ
3316 528 3587 597 σώματος,
3605 529 3710 581 ὅσα
3730 532 3841 591 τοῖς

590 614 727 669 Opus
753 601 1041 659 sufﬁceret.
1065 604 1177 661 Nec
1208 622 1339 665 vero
1365 623 1488 665 cum
1513 612 1614 666 ista
1647 622 1754 667 tam
1779 612 2019 676 insolita,
2050 627 2169 666 om-

590 693 755 762 nique
780 705 921 750 metu
966 698 1169 767 majora
1206 702 1442 757 minatus
1466 713 1631 770 esset,
1680 704 1946 766 substitit,
1979 719 2165 758 verum

590 781 749 837 factis
776 785 936 839 verba
969 786 1127 859 longe
1165 776 1461 859 superavit,
1492 804 1851 861 praterquam
1878 795 2020 864 quod
2046 794 2166 847 urbi

589 875 722 931 nihil
751 880 925 947 potuit
949 896 1167 938 nocere.
1193 886 1361 941 Athos
1384 885 1579 957 403a
1621 887 1686 940 ad
1724 887 1798 942 rei
1848 889 2164 941 memoriam

590 965 812 1023 relictus
852 979 955 1028 est.
990 972 1189 1028 Cameli
1225 990 1355 1030 vero
1389 987 1494 1031 tam
1544 978 1691 1032 aurei
1731 993 1890 1047 quam
1923 977 2163 1046 argentei

591 1059 954 1129 collucebant,
987 1064 1359 1133 longissimum
1403 1078 1734 1137 occupantes
1768 1072 2043 1138 spatium..
2066 1068 2162 1122 Sin

592 1152 839 1208 umbram
877 1156 1235 1222 desiderabat,
1266 1168 1463 1226 praesto
1491 1170 1609 1214 erat
1640 1161 1804 1216 arbor
1835 1177 2015 1220 aurea.
2043 1176 2162 1230 qum

590 1246 838 1299 umbram
870 1247 1093 1306 faceret.
1113 1247 1297 1320 Itaque
1324 1262 1379 1306 et
1409 1263 1564 1307 nocte
1587 1268 1719 1307 auro
1743 1263 1905 1323 atque
1936 1264 2162 1324 argento

589 1337 753 1402 diem,
794 1337 1045 1405 interdiu,
1082 1356 1204 1395 cum
1236 1357 1363 1397 suos
1402 1343 1631 1413 jaculari
1660 1344 1895 1412 inberet,
1949 1357 2158 1401 noctem

588 1425 893 1481 inducebat.
948 1430 1053 1485 Sed
1091 1440 1145 1484 et
1189 1430 1409 1489 Graecos
1454 1436 1519 1487 ad
1558 1451 1845 1490 commune
1882 1444 2158 1490 certamen

586 1522 938 1589 convocabat,
987 1523 1131 1590 quod
1194 1526 1571 1591 erubesceret,
1617 1536 1673 1581 ut
1726 1530 1991 1591 arbitror,
2041 1531 2158 1585 sola

586 1622 647 1662 se
677 1609 927 1665 barbaris
964 1612 1150 1668 Graeca
1181 1630 1476 1685 opponere,
1521 1627 1581 1671 ut
1621 1621 1759 1686 apud
1787 1618 2157 1673 Marathonem

586 1700 809 1758 fecerat.
853 1702 963 1759 Nec
1010 1706 1151 1761 enim
1203 1708 1255 1761 in
1300 1709 1420 1764 aliis
1459 1710 1573 1779 ipsa
1615 1726 1764 1779 spem
1816 1711 2006 1765 salutis
2045 1726 2159 1766 suae

585 1795 841 1861 ponebat,
876 1812 1060 1851 verum
1096 1798 1207 1863 alii,
1250 1802 1343 1867 qui
1376 1800 1548 1857 salute
1587 1802 1745 1857 simul
1797 1812 1853 1857 et
1907 1803 2156 1858 libertate

586 1885 911 1955 indigerent,
944 1888 996 1942 in
1026 1889 1138 1958 ipsa
1186 1906 1334 1961 spem
1393 1908 1543 1946 suam
1606 1893 1947 1948 collocarant.
2027 1896 2157 1959 Quae

582 1988 760 2031 autem
795 1994 1034 2047 unquam
1072 1982 1152 2036 vel
1205 1983 1459 2037 alacritas
1516 1986 1844 2053 praeclarior,
1893 1986 1975 2039 vel
2036 1986 2158 2039 ani-

584 2071 656 2123 mi
721 2070 983 2126 fortitudo
1041 2074 1344 2129 evidentior
1403 2076 1457 2130 in
1496 2076 1617 2131 ullis
1653 2078 1959 2133 hominibus
1989 2078 2158 2133 exsti-

586 2162 698 2216 tit?
731 2163 865 2217 Cnm
910 2165 960 2218 hi
994 2174 1134 2219 terra
1164 2167 1446 2231 cesserint,
1485 2184 1552 2221 ne
1584 2172 1663 2223 vel
1711 2178 1852 2223 terra
1897 2171 1981 2223 vel
2023 2169 2156 2223 mari

583 2255 871 2320 servirent,
925 2257 1065 2324 quod
1109 2271 1286 2309 rerum
1334 2273 1555 2312 suarum
1604 2269 1655 2311 et
1692 2261 2154 2316 conservationem

587 2344 641 2398 in
673 2347 949 2401 servitutis
976 2350 1339 2417 occasionem,
1363 2358 1417 2404 et
1437 2352 1780 2407 amissionem
1812 2354 1865 2407 in
1898 2371 2154 2411 novarum

581 2455 744 2509 opum
801 2443 1138 2507 subsidium,
1182 2448 1491 2501 vertendam
1542 2450 1938 2513 existimarent,
1984 2452 2055 2505 ita
2096 2460 2157 2505 ut

584 2531 811 2585 aliorum
831 2532 1098 2600 fortunas,
1117 2551 1334 2591 suarum
1353 2537 1560 2606 jactura
1582 2550 1881 2595 tuerentur.
1903 2542 2153 2605 Proinde,

583 2632 762 2677 utrum
821 2625 1039 2691 malitis,
1098 2627 1302 2697 eligite.
1354 2629 1478 2685 Hzec
1530 2645 1659 2700 ergo
1700 2649 1817 2685 cum
1872 2634 2187 2697 dixissent,‘

584 2729 709 2768 num
743 2716 864 2771 aliis
898 2719 1093 2783 verbis,
1121 2736 1283 2789 quam
1306 2736 1424 2791 qua:
1449 2737 1572 2776 cum
1605 2723 1862 2791 aequitate
1892 2738 2159 2792 congrue-

582 2813 725 2869 rent,
776 2822 876 2861 nec
916 2817 1097 2863 essent
1138 2811 1187 2864 in
1230 2812 1321 2866 tali
1369 2813 1690 2867 necessitate
1740 2816 2154 2881 contemnenda,

582 2898 665 2951 nsi
718 2898 1008 2955 fuissent?
1052 2901 1107 2957 Si
1155 2912 1331 2959 tamen
1364 2906 1524 2960 etiam
1573 2909 1875 2961 communia
1928 2907 2156 2961 fuissent

581 2990 785 3056 omnia,
840 3006 1053 3047 nemine
1095 2994 1322 3050 alterum
1375 3008 1687 3064 superante,
1731 3014 2028 3069 omnesque
2088 3013 2154 3053 ex

580 3096 738 3148 :eqno
790 3084 1230 3151 contribuissent,
1290 3088 1516 3143 ducibus
1554 3090 1767 3159 insuper
1801 3089 2042 3160 paribus,
2099 3100 2153 3145 nt

583 3182 839 3243 tanquam
876 3177 929 3231 in
978 3178 1263 3234 collatione
1310 3182 1602 3245 communi,
1636 3198 1730 3251 pro
1760 3199 1940 3238 rerum
1981 3186 2155 3252 quali-
2187 3210 2229 3268 ε

586 3275 694 3322 tate
743 3270 904 3322 duces
960 3269 1158 3324 fuerint
1200 3274 1605 3337 constituendi.
1666 3290 1845 3331 nonne
1896 3276 1967 3331 illi
2019 3278 2161 3333 inter

583 3374 772 3413 omnes
817 3369 871 3414 ut
908 3362 1081 3415 sidera
1132 3364 1437 3431 elucebant,
1464 3368 1816 3437 omniumque
1864 3383 2162 3437 conseque-

584 3452 779 3507 bantur
826 3452 1123 3524 suiiragia?
1157 3456 1316 3524 idque
1378 3473 1482 3512 non
1536 3459 1695 3516 modo
1737 3461 1978 3517 scientim
2015 3462 2157 3531 jure,

584 3546 727 3611 quod
765 3545 837 3600 illi
875 3547 1052 3601 minus
1091 3549 1497 3615 existimabant,
1529 3568 1835 3621 quanquam
1886 3566 2065 3608 tamen
2106 3557 2157 3610 ia

586 3635 784 3690 talibus
829 3639 1057 3706 negotiis
1099 3655 1367 3695 summum
1421 3658 1540 3698 esse
1581 3644 1739 3699 solet.
1782 3645 1888 3698 Alii
1945 3647 2156 3714 quidem

585 3730 803 3781 nomine
837 3732 1158 3797 gaudebant,
1203 3732 1290 3786 alii
1326 3734 1499 3788 oﬂieio
1526 3735 1721 3790 ducum
1773 3737 2156 3806 fungebantur,

587 3834 757 3887 eoque
786 3821 1043 3889 majorem
1076 3822 1425 3879 obtinuerunt
1472 3826 1815 3894 dignitatem,
1852 3831 1994 3897 quod
2032 3831 2162 3899 ipsis

588 3913 1000 3979 imperatoribus
1042 3914 1396 3984 imperabant.
1443 3916 1583 3971 Nihil
1615 3920 1836 3983 etenim,
1889 3923 2029 3990 quod
2068 3924 2155 3976 uni

586 4004 798 4058 cuidam
838 4004 1247 4059 Atheniensium
1302 4007 1719 4074 improbaretur,
1777 4025 1953 4063 rarum
1992 4014 2158 4065 habe-

585 4097 767 4152 batur.
801 4096 1136 4165 Quapmpter
1165 4106 1218 4149 ut
1256 4096 1787 4153 Lacedaemoniorum
1820 4102 1926 4154 dux
1967 4102 2158 4172 singu-

588 4187 759 4240 larum
804 4188 1019 4240 navium
1061 4188 1363 4255 imperabat
1405 4190 1653 4254 ducibus,
1688 4192 1758 4244 ita
1810 4180 2157 4248 Atheniensis

586 4279 779 4331 ducum
813 4279 959 4332 duci.
1013 4279 1080 4333 Et
1130 4281 1405 4334 enimvero
1437 4281 1839 4336 demonstrandi
1893 4286 2154 4350 studium,

586 4381 873 4434 sermoque
901 4368 1035 4420 alius
1069 4367 1136 4420 ab
1160 4360 1262 4421 aiio
1284 4378 1488 4423 tractus
1523 4370 1733 4437 longius
1766 4386 1860 4424 nos
1896 4374 2153 4439 abduxit;

584 4467 914 4528 quapropter
937 4458 1188 4525 quoniam
1218 4460 1283 4513 de
1311 4460 1506 4527 quibus
1535 4461 1779 4515 volebam
1798 4462 2014 4516 interim
2048 4465 2155 4520 dis-

585 4549 750 4614 serui,
779 4548 971 4619 5036
1006 4551 1071 4604 ad
1103 4566 1212 4605 rem
1246 4553 1414 4619 ipsam
1451 4557 1631 4607 redeo.

654 4640 802 4706 Quos
839 4656 968 4711 ergo
1000 4644 1333 4707 pulchriores
1374 4644 1457 4698 his
1504 4646 1742 4709 virtutis,
1780 4647 1860 4701 vel
1895 4648 2153 4715 cultores,

583 4732 668 4786 vel
715 4733 1169 4788 demonstratores
1214 4736 1514 4803 reperias?
1561 4738 1650 4804 qui
1705 4753 1802 4792 nec
1846 4754 1997 4804 auro,
2056 4756 2154 4795 nec

585 4832 829 4893 argento,
884 4838 984 4877 nec
1028 4823 1194 4888 ferro,
1226 4840 1325 4879 nec
1367 4842 1423 4880 re
1455 4828 1686 4896 denique
1726 4831 1830 4882 ulla
1874 4831 2016 4885 vinci
2057 4848 2153 4899 po-

587 4922 823 4977 tuerunt,
856 4915 936 4969 sic
964 4925 1022 4969 ut
1054 4916 1165 4970 haec
1190 4917 1369 4970 omnia
1418 4933 1522 4972 non
1564 4919 1817 4987 majorem
1848 4923 1959 4989 regi
1998 4938 2153 4976 usum

584 5004 857 5072 aﬂ'errent,
894 5021 1054 5074 quam
1083 5006 1127 5061 si
1152 5008 1315 5061 etiam
1338 5017 1446 5061 tum
1481 5012 1579 5062 sub
1614 5014 1755 5065 terra
1789 5011 2150 5079 delituissent,

584 5115 705 5154 cum
748 5098 823 5153 illi
866 5108 1230 5168 paupertatem
1284 5099 1506 5166 divitiis,
1562 5104 1834 5156 securitati
1890 5104 2149 5173 peritula,

586 5190 912 5248 humanitati
972 5192 1113 5262 regis
1175 5203 1335 5248 tanta:
1414 5194 1677 5264 justitiam
1750 5207 2145 5264 prmponerenl.

2268 613 2449 684 ἔργοις
2474 616 2717 686 ἀρκέσει.
2738 618 2848 672 Καὶ
2873 620 2973 673 οὐκ
3006 620 3219 690 ἠπείλει
3248 622 3345 691 μὲν
3370 621 3547 683 οὕτως
3576 621 3719 690 ἀήθη
3745 611 3842 673 καὶ

2266 704 2533 774 ὑπερόρια
2566 705 2661 758 καῖ⁵
2691 706 2858 775 φόϐου
2888 707 3056 778 μείζω
3068 709 3133 773 ³⁸,
3155 708 3471 778 ἐτελεύτησε
3494 710 3542 762 δ’
3561 708 3798 760 ἐνταῦθα
3818 725 3832 739 ·

2264 793 2379 845 ἀλλ’
2409 795 2695 865 ἀπέκρυψε
2724 798 2837 861 τοῖς
2880 796 3061 869 ἔργοις
3085 798 3183 863 τὰς
3216 800 3467 866 ἀπειλὰς,
3494 801 3625 854 ἄνευ
3659 798 3754 852 τοῦ
3786 816 3838 851 τι

2263 883 2553 955 δυνηθῆναι
2585 887 2729 956 λέγω
2758 889 2820 958 δὴ
2849 891 3152 961 χρήσασθαι
3174 895 3239 963 τῇ
3271 892 3442 946 πόλει.
3476 893 3586 945 Καὶ
3612 892 3642 943 6
3665 890 3838 956 ’Ἄθως

2263 975 2383 1028 ἀντὶ
2424 978 2626 1047 στήλης
2652 979 2728 1048 τῷ
2758 979 2904 1050 ἔργῳ
2934 980 3228 1035 λέλειπται.
3255 983 3505 1052 Κάμηλοι
3536 983 3593 1035 δὲ
3636 983 3836 1052 χρυσοῦ

2264 1069 2358 1119 καὶ
2381 1068 2622 1138 ἀργύρου
2656 1070 3025 1138 κατέλαμπον,
3043 1072 3168 1125 ὅσον
3196 1074 3457 1144 μήκιστον
3482 1071 3704 1136 ἁνύσαι,
3722 1089 3838 1125 τοσ-

2265 1159 2419 1211 οῦτον
2450 1159 2769 1229 ὑπέχουσαι.
2800 1162 2862 1214 Ei
2905 1161 2949 1214 δ’
2979 1163 3338 1234 ἐπιθυμήσειε
3384 1165 3545 1226 σκιᾶς
3567 1203 3582 1229 ,
3628 1164 3838 1233 δένδρον

2262 1244 2333 1320 ἧν
2359 1250 2507 1319 αὐτῷ
2535 1252 2769 1321 χρυσοῦν
2800 1254 2831 1323 ὴ
2863 1254 3179 1308 σκιά.Ὠστε
3226 1255 3441 1327 νύκτωρ
3492 1256 3594 1325 μὲν
3642 1255 3836 1325 ἧτττρα⁸

2264 1358 2397 1395 πτεν
2443 1342 2671 1413 ἀργύρῳ
2716 1344 2809 1397 καὶ
2857 1345 3127 1415 χρυσῷ⁸⁹,
3162 1344 3280 1417 μεθ’
3304 1346 3519 1417 ἡμέραν
3569 1347 3627 1399 δὲ
3674 1345 3837 1399 νύκτα

2260 1433 2483 1501 ἐπῆγεν,
2506 1433 2705 1504 ὁσαχοῦ
2729 1434 2981 1499 τοξεῦσαι
3000 1437 3331 1493 κελεύσειεν.
3350 1438 3511 1491 Ἀλλὰ
3524 1437 3699 1500 δ’τούς
3727 1455 3783 1490 τε
3800 1438 3838 1469 ⁸¹

2260 1523 2530 1593 Ἕλληνας
2581 1525 2863 1579 συνεκάλει
2914 1525 3051 1597 πρὸς
3095 1526 3186 1580 τὸν
3226 1527 3472 1595 ἀγῶνα⁸²
3508 1528 3601 1580 τὸν
3642 1527 3837 1588 κοινὸν,

2257 1615 2619 1687 αἰσχυνομένη
2656 1616 2834 1670 δοκεῖν
2883 1635 2972 1686 μοι
3024 1619 3156 1689 μόνη
3189 1620 3422 1689 φανῆναι
3464 1619 3545 1690 τῷ
3578 1619 3837 1690 βαρὸἀρῳ

2257 1705 2511 1777 καθάπερ
2556 1708 2819 1779 πρότερον
2858 1710 3178 1781 Μαραθῶνι.
3212 1711 3287 1765 Οὐ
3326 1711 3437 1782 γὰρ
3486 1712 3630 1780 αὐτή
3678 1727 3745 1778 γε
3787 1711 3838 1763 ὲν

2260 1795 2439 1860 ἄλλοις
2471 1793 2584 1868 εἶχε
2618 1798 2717 1862 τὰς
2743 1798 2965 1863 ἐλπίδας
2995 1802 3095 1870 τῆς
3130 1802 3421 1872 σωτηρίας,
3458 1801 3598 1854 ἀλλὰ
3642 1801 3835 1864 πάντες

2263 1884 2406 1959 εἶχον
2434 1891 2493 1943 ἐν
2516 1891 2652 1961 αὐτῇ
2683 1891 2783 1954 τὰς
2819 1892 2958 1962 ὑπὲρ
2982 1892 3182 1946 αὐτῶν.
3215 1894 3407 1946 Καίτοι
3424 1893 3471 1925 ⁸³
3501 1893 3592 1955 τίς
3637 1891 3836 1959 προθυ-

2265 1982 2365 2052 μία
2388 1981 2762 2053 λαμπροτέρα,
2791 1983 2875 2047 τίς
2897 1984 3130 2054 εὐψυχία
3157 1986 3517 2057 φανερωτέρα
3547 1985 3717 2039 τίνων
3750 1984 3837 2037 El-

2262 2073 2439 2143 λήνων
2490 2072 2523 2143 ἢ
2578 2072 2834 2137 καθάπαξ
2889 2075 3063 2126 εἰπεῖν
3109 2073 3413 2143 ἀνθρώπων
3466 2072 3837 2138 ἑξετάζοντι⁸³

2263 2167 2560 2235 φανήσεται
2585 2184 2599 2231 ;
2642 2167 2707 2219 Ui
2724 2167 2767 2199 ’⁵⁸
2797 2165 2897 2236 τῆς
2957 2167 3060 2235 γῆς
3086 2165 3381 2237 ἐξέστησαν
3410 2166 3553 2232 ὑπὲρ
3583 2165 3682 2219 τοῦ
3710 2166 3835 2234 μήτε

2263 2255 2322 2306 ἑν
2350 2257 2419 2325 γῇ
2457 2256 2592 2324 μήτε
2623 2256 2679 2306 ἑν
2709 2254 2951 2326 Θαλάσσῃ
2982 2254 3297 2321 δουλεῦσαι,
3329 2254 3388 2308 τὸ
3423 2255 3526 2324 μὲν
3560 2257 3752 2324 τηρεῖν
3776 2254 3836 2306 τὰ

2263 2345 2575 2415 ὑπάρχοντα
2603 2344 2845 2408 δουλείας
2876 2346 3050 2415 ἀρχὴν
3082 2347 3403 2415 νομίσαντες
3442 2344 3588 2399 εἶναι
3608 2390 3620 2408 ,
3651 2344 3749 2414 τὴν
3784 2344 3835 2397 δὲ

2261 2435 2371 2490 τῶν
2397 2436 2564 2489 ὄντων
2593 2437 2847 2507 στέρησιν
2877 2434 3129 2505 ἀφορμὴν
3158 2434 3269 2488 τῶν
3293 2435 3602 2504 μελλόντων
3622 2434 3835 2502 ἀγαθῶν

2262 2529 2639 2599 ποιησάμενοι,
2662 2529 2757 2581 καὶ
2778 2528 2904 2589 τοὺς
2936 2526 3159 2596 ἔχοντας
3183 2529 3250 2582 τὰ
3281 2529 3489 2581 ἑαυτῶν
3513 2527 3720 2590 ἔσωζον
3742 2528 3836 2593 ἀφ’

2261 2616 2337 2674 ὧν
2370 2620 2522 2673 αὐτοὶ
2551 2620 2805 2689 πρόοιντο
2821 2620 2866 2650 ⁸⁸
2895 2621 2993 2690 τὴν
3024 2619 3251 2672 ἑαυτῶν.
3288 2620 3466 2691 [Πρὸς
3481 2621 3527 2651 ⁸⁷
3558 2618 3735 2671 ταῦτα
3759 2620 3834 2672 αἱ-

2266 2712 2445 2783 ρεῖσθε
2504 2712 2742 2781 ὁπότερα
2763 2710 2842 2783 ⁸⁸ι]
2886 2707 3038 2782 ἄρ”ἢ
3094 2713 3171 2782 τῷ
3222 2712 3419 2781 δικαίῳ
3470 2711 3669 2779 λόγους
3723 2712 3835 2779 οὐχὶ

2264 2803 2425 2875 [1220
2464 2802 2555 2875 8.]
2589 2803 3002 2873 συμϐαίνοντας,
3034 2805 3066 2875 ἢ
3100 2807 3219 2866 ταῖς
3261 2804 3389 2877 [658
3410 2804 3503 2875 Η.]
3538 2804 3834 2873 παρούσαις

2262 2899 2526 2966 ἀνάγκαις
2563 2899 2706 2959 οἵους
2754 2899 2988 2967 ἐγχωρεῖ
3022 2898 3288 2967 παριδεῖν,
3320 2895 3473 2951 εἶπον
3502 2900 3590 2961 ἂν,
3624 2898 3673 2949 εί
3716 2896 3833 2948 τού-

2261 3006 2375 3050 τοις
2404 2988 2675 3058 ἑχρῶντο;
2705 2987 2846 3040 Ἀλλ’
2870 2989 2919 3039 εἰ
2949 2991 3099 3042 κοινὰ
3131 2990 3229 3059 μὲν
3256 2989 3434 3043 πάντα
3460 2985 3549 3060 ἦν,
3577 2989 3761 3058 μηδεὶς
3780 2987 3833 3040 δὲ

2262 3084 2515 3153 ὑπερεῖχε
2549 3083 2792 3153 μηδενὸς,
2826 3083 3022 3146 πάντες
3073 3083 3121 3135 δ’
3148 3083 3205 3149 ἑξ
3251 3085 3366 3136 ἴσου
3421 3082 3755 3144 συνετέλουν,
3788 3083 3832 3133 οἱ

2262 3175 2313 3229 δὲ
2332 3176 2375 3208 ⁵⁸
2412 3176 2672 3245 ναύαρχοι
2704 3174 3099 3245 παραπλησίως
3132 3170 3276 3251 εἶχον
3303 3173 3402 3236 τὰς
3433 3175 3627 3241 φύσεις
3672 3173 3831 3242 ἀλλή-

2262 3270 2372 3331 λοις
2394 3271 2460 3333 “,
2494 3270 2682 3338 ἔρανος
2710 3268 2755 3320 δ’
2778 3263 2866 3337 ἦν,
2896 3266 3001 3319 ἔδει
3032 3266 3075 3318 δ’
3097 3267 3161 3318 ἑκ
3188 3266 3297 3319 τῶν
3324 3266 3679 3335 ὑπαρχόντων
3710 3281 3833 3315 σκε-

2259 3362 2530 3431 ψαμένους
2551 3362 2593 3394 ⁵⁸
2623 3361 2750 3423 τοὺς
2774 3360 3145 3431 ἡγησομένους
3183 3358 3522 3429 καταστῆσαι
3544 3399 3559 3421 ,
3596 3359 3714 3420 πῶς
3739 3357 3835 3410 οῦκ

2260 3455 2456 3506 ἐκεῖνοι
2506 3452 2593 3504 διὰ
2643 3453 2861 3505 πάντων
2894 3452 3199 3520 ἑξέλαμπον
3243 3451 3431 3521 ὥσπερ
3459 3451 3726 3517 ἀστέρεςς
3757 3450 3832 3503 Ού

2264 3544 2369 3615 μὴν
2399 3543 2588 3614 ὥσπερ
2607 3546 2652 3579 ⁵³
2683 3546 2794 3607 τοῖς
2822 3544 3165 3613 ψηφίσμασιν
3197 3545 3293 3596 καὶ
3319 3543 3398 3614 τῷ
3434 3544 3577 3614 κέρᾳ
3607 3544 3701 3613 τῆς
3732 3560 3833 3594 παν

2263 3635 2557 3708 ρατάξεως,
2592 3635 2733 3689 οὕτω
2782 3638 2886 3689 κάν
2937 3637 3056 3699 ταῖς
3108 3636 3338 3705 πράξεσι
3393 3636 3493 3706 τὴν
3542 3634 3835 3705 ἡγεμονίαν

2260 3727 2465 3796 ἑτέροις
2496 3728 2762 3798 παρεῖσαν
2778 3725 2826 3757 ⁸³
2855 3725 3055 3790 πόθεν;
3082 3724 3225 3779 Ἀλλ’
3255 3728 3303 3779 οἱ
3356 3726 3457 3796 μὲν
3505 3726 3681 3795 ὄνομα
3708 3728 3835 3795 ἡγε-

2264 3817 2440 3887 μόνων
2458 3861 2473 3883 ,
2502 3821 2549 3870 οἱ
2579 3817 2636 3870 δὲ
2666 3817 2803 3887 ἔργα
2832 3817 3173 3888 παρείχοντο.
3208 3819 3318 3872 Καὶ
3353 3818 3596 3888 τοσούτῳ
3625 3817 3834 3869 κάλλιον

2259 3908 2444 3971 αὐτοῖς
2474 3907 2536 3960 τὸ
2567 3908 2751 3978 σχῆμα
2783 3907 3076 3961 καθίστατο
3098 3949 3114 3974 ,
3148 3911 3256 3979 ὅσῳ
3286 3909 3393 3963 τῶν
3426 3911 3711 3979 ἡγεμόνων
3736 3910 3832 3962 αὐ-

2258 4002 2367 4054 τῶν
2413 3998 2558 4071 εἶχον
2585 4002 2684 4071 τὴν
2713 4002 3158 4071 ἠγεμονίαν.”οτι
3188 4001 3296 4073 γὰρ
3322 4002 3628 4074 Ἀθηναίων
3658 4004 3728 4073 μὴ
3753 4004 3833 4055 δό-

2260 4094 2401 4161 ξειεν
2450 4094 2550 4158 ἑνὶ,
2581 4094 2737 4147 πάντ’
2770 4090 2838 4165 ἦν
2891 4092 3033 4164 [τῶν
3065 4095 3239 4148 ἄλλων
3274 4095 3582 4167 Ἑλλήνων]
3635 4097 3829 4165 ἄκυρα,

2259 4185 2388 4240 ὥσθ’
2410 4187 2438 4239 6
2462 4185 2560 4257 μὲν
2587 4187 3028 4255 Λακεδαιμονίων
3049 4187 3318 4257 ναύαρχος
3348 4187 3455 4239 τῶν
3480 4187 3574 4254 ἀφ’
3597 4188 3833 4241 ἑκάστων

2259 4276 2534 4346 ἀρχόντων
2562 4271 2753 4346 ἦρχεν,
2789 4279 2817 4330 6
2843 4277 2900 4329 δὲ
2938 4278 3044 4330 τῶν
3073 4278 3375 4346 Ἀθηναίων
3418 4278 3685 4348 ἄρχοντος
3731 4278 3832 4346 ἀρο

2259 4364 2478 4433 χόντων.
2499 4364 2657 4417 Ἀλλὰ
2674 4365 2719 4397 ⁸⁸
2757 4365 2866 4436 γὰρ
2899 4368 2930 4437 ἡ
2967 4368 3093 4435 περὶ
3135 4368 3233 4429 τὰς
3282 4366 3587 4433 ἀποδείξεις
3636 4367 3829 4435 σπουδὴ

2261 4457 2354 4509 καὶ
2386 4455 2528 4527 λόγῳ
2556 4456 2711 4524 λόγος
2740 4457 3065 4527 παραδιδοὺς
3096 4459 3241 4527 ἡμᾶς
3285 4461 3602 4529 παρήνεγκε
3645 4477 3708 4511 πε
3718 4476 3831 4529 ραι-

2188 4540 2233 4595 D
2260 4546 2404 4618 τέρω
2418 4547 2485 4598 ⁸⁸.
2519 4541 2649 4616 Εῖμι
2681 4547 2738 4599 δὲ
2767 4547 2854 4599 ἐπ’
2877 4548 3047 4609 αὐτὰς
3070 4547 3230 4600 πάλιν
3250 4549 3349 4611 τὰς
3377 4548 3627 4619 πράξεις,
3650 4548 3829 4618 ἐπειδὴ

2260 4639 2391 4709 περὶ
2424 4632 2499 4692 ὧν
2526 4640 2824 4711 ἐϐουλόμην
2857 4642 2913 4693 ἑν
2937 4641 3014 4710 τῷ
3039 4640 3188 4711 μέσῳ
3216 4641 3657 4704 διέλαϐον.Τίνες
3675 4643 3720 4673 ⁸⁸
3740 4638 3829 4693 οὖν

2260 4732 2460 4802 ἀρετῆς
2501 4733 2796 4801 ἀγωνισταὶ
2845 4732 3129 4799 καλλίους;
3163 4732 3231 4785 Ἦ
3270 4733 3415 4796 τίνες
3456 4733 3567 4787 τῶν
3618 4733 3829 4787 πώποτε

2261 4823 2643 4895 διαρκέστερον
2658 4826 2702 4858 ⁵⁷
2731 4824 2831 4893 τὴν
2877 4824 3135 4888 ἐπίδειξιν
3168 4825 3337 4895 αὐτῆς
3381 4827 3733 4895 ἑποιήσαντο;
3768 4825 3831 4878 Οἳ

2258 4917 2351 4970 καὶ
2377 4915 2561 4986 χρυσῷ
2596 4917 2687 4969 καὶ
2725 4915 2951 4988 ἀργύρῳ
2980 4916 3075 4969 καὶ
3104 4917 3304 4987 σιδήρῳ
3326 4918 3479 4971 atat"
3514 4920 3630 4980 τοῖς
3674 4920 3830 4971 πᾶσιν

2257 5008 2515 5079 ἀήττητοι
2563 5006 2881 5076 διεγένοντο,
2914 5008 3011 5061 καὶ
3063 5008 3241 5061 πάντα
3287 5008 3576 5079 ἀπέφηναν
3633 5010 3830 5078 ομοίως

2254 5096 2501 5166 ἄχρηστα
2555 5097 2634 5167 τῷ
2684 5095 2908 5167 βασιλεῖ,
2936 5095 3124 5166 ὥσπερ
3174 5096 3242 5149 ἂν
3285 5097 3334 5149 εί
3381 5096 3684 5164 ἐκρύπτετο
3728 5093 3828 5149 ὑπὸ

2255 5194 2358 5261 γῆς
2377 5191 2419 5224 ⁸³
2448 5189 2549 5255 ἔτι,
2582 5190 2772 5243 πενίαν
2804 5189 2903 5260 μὲν
2933 5188 3055 5243 ἀντὶ
3084 5187 3315 5241 πλούτου
3340 5190 3690 5257 τιμήσαντες,
3714 5207 3828 5242 κιν-

1840 5310 2077 5367 VARI/8
2115 5305 2527 5365 LECTIONES.

656 5401 701 5471 δὲ
722 5399 1045 5471 όρύττοντας
1080 5414 1189 5455 om.
1220 5401 1287 5456 A.
1375 5401 1418 5434 "
1450 5400 1667 5471 μείζονα
1693 5402 1755 5455 Α·

582 5540 630 5612 9
670 5539 1131 5612 ἑξεταζόντωνΒ.
1155 5610 1166 5612 _
1203 5541 1275 5612 7‘“
1309 5541 1381 5612 οἳ]
1411 5538 1519 5594 οἷον
1550 5542 1615 5593 Α.

584 5611 628 5674 ⁸9
662 5611 718 5663 δὲ
749 5610 938 5665 οιη.Α.
1016 5610 1061 5641 ⁸⁸
1087 5610 1333 5675 ἀλλήλοις
1364 5610 1482 5663 οη).
1509 5612 1570 5665 Α.
1647 5611 1690 5642 ⁸¹
1724 5611 2089 5677 σκεψομένους
2115 5626 2173 5672 ς,

586 5682 633 5713 ⁸⁸
663 5679 913 5750 παρῆσαν
942 5679 1005 5737 Δ.
1054 5673 1312 5750 παρῆκαν
1360 5680 1420 5733 Β.
1471 5681 1499 5731 ὅ
1544 5698 1595 5733 τι
1636 5681 1694 5743 Β,
1722 5678 1863 5731 οὕτω
1978 5694 2008 5750 :7
2030 5680 2122 5750 ὅτι
2141 5676 2370 5750 οὕτως,
2401 5673 2538 5750 dici):
2560 5679 2589 5728 6
2616 5673 2969 5750 -ςᾶρχοντος
2992 5673 3266 5750 ἀρχόντων
3300 5686 3413 5725 oni.

1859 5402 1904 5433 88
1939 5402 2025 5433 νηὶ
2060 5402 2107 5433 Al
2137 5418 2167 5433 η
2217 5402 2273 5433 ος

656 5401 701 5432 ⁸⁸
722 5400 1045 5469 όρύττοντας
1080 5414 1189 5455 om.
1220 5401 1287 5456 A.
1375 5401 1418 5434 ⁸⁷
1450 5400 1667 5471 μείζονα
1693 5402 1755 5455 Α.
1859 5402 1904 5433 ³⁸
1939 5402 2030 5453 καὶ
2060 5401 2107 5472 6]
2137 5418 2187 5468 p.
2217 5400 2342 5455 2'25.
2431 5400 2474 5429 ³⁹
2525 5400 2721 5466 χρυσίῳ

656 5470 746 5553 τὸν
776 5469 963 5553 ἀγέῖξνα
1000 5486 1111 5553 oni:
1138 5472 1380 5553 AB._seﬂ
1424 5488 1577 5553 ηυντ..
1601 5472 1641 5524 Β
1674 5470 1858 5553 ὰγῷνα
1882 5480 2009 5553 post
2038 5470 2239 5553 κοινὸν
2266 5469 2428 5553 addit.
2483 5467 2639 5553 δοκεῖ.
2657 5469 2721 5521 Α.

1722 5540 1765 5571 ⁸⁸
1792 5540 2064 5608 πρόοιντο]
2096 5543 2203 5593 into
2233 5540 2501 5608 προεῖντο.

2926 5395 2972 5426 ιο
2998 5392 3155 5465 ἀλλά]
3179 5408 3232 5462 ρ,
3462 5390 3505 5421 ⁸¹
3533 5407 3592 5442 τε
3621 5392 3823 5465 om._.§.

2824 5466 2871 5497 ⁸³
2895 5464 3070 5517 καίτοι
3104 5460 3213 5517 oin.
3241 5464 3303 5515 A.
3338 5463 3485 5515 locus
3509 5471 3592 5515 est
3625 5477 3674 5527 p.
3702 5460 3824 5517 23L

2599 5536 2639 5566 "
2666 5532 2823 5606 πρός]
2860 5535 3225 5606 ρ.255.λπρὸς
3294 5532 3338 5561 ⁸⁸
3370 5534 3605 5606 ὁπότερα
3621 5534 3822 5606 οηιζῃΔ.

2250 5600 2296 5639 ⁸⁵
2326 5609 2386 5659 οὺ
2408 5606 2512 5693 μὴν
2538 5600 2726 5674 ὥσπερ
2749 5600 2829 5659 ΑΞ
2852 5600 3089 5657 ταῦταδὲ
3105 5600 3317 5655 ἐποίουν
3340 5602 3499 5665 καίς.
3524 5612 3605 5655 est
3631 5616 3683 5667 p.

2250 5696 2283 5729 υ
2313 5693 2370 5739 ς.
2401 5678 2531 5728 ωσθ’
2560 5679 2589 5728 6
2616 5707 2686 5716 —
2714 5676 2969 5741 ἄρχοντος
2992 5673 3266 5741 ἀρχόντων
3300 5686 3413 5725 oni.
3442 5676 3506 5725 Α.
3605 5672 3649 5704 ⁵⁵
3670 5670 3824 5741 ἀλλά]

2431 5399 2474 5429 ³ο
2525 5397 2732 5466 χρυσίῳ
2756 5398 2821 5451 Α.

589 5768 642 5818 p.
672 5742 812 5803 25.9:
873 5749 918 5779 ⁵⁸
955 5742 1264 5818 περαιτέρω
1293 5750 1370 5803 A:
1397 5742 1805 5819 πορριοιτέρως.
1880 5748 1926 5779 ⁸⁸
1958 5747 2124 5817 τίνες]
2154 5764 2207 5819 ρ.
2243 5748 2371 5801 ⁸251.
2444 5747 2489 5779 ⁸⁷
2517 5742 2919 5816 διαρκέστερον]
2942 5742 3364 5814 διαραστέρανε
3392 5742 3505 5796 τῶν
3521 5742 3820 5811 Ἀθηναίων

589 5819 970 5890 (διαρκέστερον
1002 5836 1062 5882 ς.
1162 5819 1205 5850 ⁸⁸
1236 5820 1326 5873 καὶ
1360 5831 1482 5875 ante
1512 5821 1620 5882 τοῖς
1645 5820 1766 5874 add.
1796 5819 1859 5874 Α.

1956 5820 2000 5851 ⁸⁸
2036 5819 2136 5887 γῆν
2170 5818 2233 5871 Α.
