  <div class='ocr_page' id='page_1' title='image "/cluster/home/n/w/nwhite01/storage/ocr_20150623/103/hvd.32044018872861/741.png"; bbox 0 0 4104 6406; ppageno 0'>
   <div class='ocr_carea' id='block_1_1' title="bbox 626 435 760 502">
    <p class='ocr_par' dir='ltr' id='par_1_1' title="bbox 626 435 760 502">
     <span class='ocr_line' id='line_1_1' title="bbox 626 435 760 502; baseline -0.007 0"><span class='ocrx_word' id='word_1_1' title='bbox 626 435 760 502; x_wconf 64' lang='grc'><strong>1471</strong></span> 
     </span>
    </p>
   </div>
   <div class='ocr_carea' id='block_1_2' title="bbox 1736 435 2685 498">
    <p class='ocr_par' dir='ltr' id='par_1_2' title="bbox 1736 435 2685 498">
     <span class='ocr_line' id='line_1_2' title="bbox 1736 435 2685 498; baseline 0.001 -1"><span class='ocrx_word' id='word_1_2' title='bbox 1736 436 2002 497; x_wconf 81' lang='grc' dir='ltr'><strong>ΡΗΟΤΙῙ</strong></span> <span class='ocrx_word' id='word_1_3' title='bbox 2041 435 2549 497; x_wconf 73' lang='lat' dir='ltr'><strong>PATRIARCH/E</strong></span> <span class='ocrx_word' id='word_1_4' title='bbox 2574 435 2685 498; x_wconf 90' lang='lat' dir='ltr'><strong>CP.</strong></span> 
     </span>
    </p>
   </div>
   <div class='ocr_carea' id='block_1_3' title="bbox 3750 431 3877 495">
    <p class='ocr_par' dir='ltr' id='par_1_3' title="bbox 3750 431 3877 495">
     <span class='ocr_line' id='line_1_3' title="bbox 3750 431 3877 495; baseline -0.008 0"><span class='ocrx_word' id='word_1_5' title='bbox 3750 431 3877 495; x_wconf 72' lang='lat' dir='ltr'><strong>H72</strong></span> 
     </span>
    </p>
   </div>
   <div class='ocr_carea' id='block_1_4' title="bbox 622 520 2198 596">
    <p class='ocr_par' dir='ltr' id='par_1_4' title="bbox 622 521 2198 595">
     <span class='ocr_line' id='line_1_4' title="bbox 622 521 2198 595; baseline 0.001 -15"><span class='ocrx_word' id='word_1_6' title='bbox 622 527 919 580; x_wconf 88' lang='lat' dir='ltr'><strong>tentionem</strong></span> <span class='ocrx_word' id='word_1_7' title='bbox 946 532 1003 579; x_wconf 90' lang='lat' dir='ltr'><strong>et</strong></span> <span class='ocrx_word' id='word_1_8' title='bbox 1028 521 1232 579; x_wconf 79' lang='lat' dir='ltr'><strong>bellum</strong></span> <span class='ocrx_word' id='word_1_9' title='bbox 1267 530 1457 579; x_wconf 87' lang='lat' dir='ltr'><strong>contra</strong></span> <span class='ocrx_word' id='word_1_10' title='bbox 1490 523 1663 595; x_wconf 81' lang='lat' dir='ltr'><strong>ipsam</strong></span> <span class='ocrx_word' id='word_1_11' title='bbox 1700 527 2092 595; x_wconf 82' lang='lat' dir='ltr'><strong>suscepissent,</strong></span> <span class='ocrx_word' id='word_1_12' title='bbox 2128 526 2198 581; x_wconf 88' lang='lat' dir='ltr'><strong>ni-</strong></span> 
     </span>
    </p>
   </div>
   <div class='ocr_carea' id='block_1_5' title="bbox 2304 520 3889 596">
    <p class='ocr_par' dir='ltr' id='par_1_5' title="bbox 2328 520 3889 596">
     <span class='ocr_line' id='line_1_5' title="bbox 2328 520 3889 596; baseline -0.001 -18"><span class='ocrx_word' id='word_1_13' title='bbox 2328 525 2597 596; x_wconf 84' lang='grc' dir='ltr'><strong>Ἐλλήνων</strong></span> <span class='ocrx_word' id='word_1_14' title='bbox 2626 520 2766 595; x_wconf 71' lang='grc' dir='ltr'>πρὸς</span> <span class='ocrx_word' id='word_1_15' title='bbox 2809 520 2981 593; x_wconf 63' lang='grc' dir='ltr'>αὐτὴν</span> <span class='ocrx_word' id='word_1_16' title='bbox 3011 520 3429 593; x_wconf 75' lang='grc' dir='ltr'><strong>καθεστηκότων</strong></span> <span class='ocrx_word' id='word_1_17' title='bbox 3456 522 3557 592; x_wconf 78' lang='grc' dir='ltr'>τῆς</span> <span class='ocrx_word' id='word_1_18' title='bbox 3593 522 3739 593; x_wconf 71' lang='grc' dir='ltr'>ὑπὲρ</span> <span class='ocrx_word' id='word_1_19' title='bbox 3790 524 3889 577; x_wconf 83' lang='grc' dir='ltr'>τῶν</span> 
     </span>
    </p>
   </div>
   <div class='ocr_carea' id='block_1_6' title="bbox 622 615 2211 688">
    <p class='ocr_par' dir='ltr' id='par_1_6' title="bbox 622 615 2211 688">
     <span class='ocr_line' id='line_1_6' title="bbox 622 615 2211 688; baseline 0.001 -16"><span class='ocrx_word' id='word_1_20' title='bbox 622 618 699 673; x_wconf 86' lang='lat' dir='ltr'><strong>liil</strong></span> <span class='ocrx_word' id='word_1_21' title='bbox 735 626 913 671; x_wconf 88' lang='lat' dir='ltr'><strong>tamen</strong></span> <span class='ocrx_word' id='word_1_22' title='bbox 953 617 1020 672; x_wconf 92' lang='lat' dir='ltr'><strong>de</strong></span> <span class='ocrx_word' id='word_1_23' title='bbox 1050 615 1369 671; x_wconf 70' lang='lat' dir='ltr'><strong>Grazcorum</strong></span> <span class='ocrx_word' id='word_1_24' title='bbox 1412 630 1544 671; x_wconf 82' lang='lat' dir='ltr'><strong>cura</strong></span> <span class='ocrx_word' id='word_1_25' title='bbox 1577 616 1785 672; x_wconf 90' lang='lat' dir='ltr'><strong>remisit</strong></span> <span class='ocrx_word' id='word_1_26' title='bbox 1824 633 1839 671; x_wconf 93' lang='lat'>:</span> <span class='ocrx_word' id='word_1_27' title='bbox 1883 631 2069 672; x_wconf 88' lang='lat' dir='ltr'><strong>verum</strong></span> <span class='ocrx_word' id='word_1_28' title='bbox 2111 632 2211 688; x_wconf 90' lang='lat' dir='ltr'><strong>pro</strong></span> 
     </span>
    </p>
   </div>
   <div class='ocr_carea' id='block_1_7' title="bbox 618 708 2215 780">
    <p class='ocr_par' dir='ltr' id='par_1_7' title="bbox 618 708 2215 780">
     <span class='ocr_line' id='line_1_7' title="bbox 618 708 2215 780; baseline -0.001 -15"><span class='ocrx_word' id='word_1_29' title='bbox 618 709 894 765; x_wconf 91' lang='lat' dir='ltr'><strong>communi</strong></span> <span class='ocrx_word' id='word_1_30' title='bbox 946 710 1122 765; x_wconf 86' lang='lat' dir='ltr'><strong>salute</strong></span> <span class='ocrx_word' id='word_1_31' title='bbox 1163 708 1363 763; x_wconf 89' lang='lat' dir='ltr'><strong>bellum</strong></span> <span class='ocrx_word' id='word_1_32' title='bbox 1420 723 1545 763; x_wconf 92' lang='lat' dir='ltr'><strong>cum</strong></span> <span class='ocrx_word' id='word_1_33' title='bbox 1582 723 1711 779; x_wconf 86' lang='lat' dir='ltr'><strong>rege</strong></span> <span class='ocrx_word' id='word_1_34' title='bbox 1763 717 1906 763; x_wconf 88' lang='lat' dir='ltr'><strong>terra</strong></span> <span class='ocrx_word' id='word_1_35' title='bbox 1968 710 2215 780; x_wconf 86' lang='lat' dir='ltr'><strong>marique</strong></span> 
     </span>
    </p>
   </div>
   <div class='ocr_carea' id='block_1_8' title="bbox 620 802 2202 873">
    <p class='ocr_par' dir='ltr' id='par_1_8' title="bbox 620 802 2202 873">
     <span class='ocr_line' id='line_1_8' title="bbox 620 802 2202 873; baseline -0.003 -15"><span class='ocrx_word' id='word_1_36' title='bbox 620 803 809 873; x_wconf 77' lang='lat' dir='ltr'><strong>gessit,</strong></span> <span class='ocrx_word' id='word_1_37' title='bbox 842 811 1058 872; x_wconf 75' lang='lat' dir='ltr'><strong>quantae</strong></span> <span class='ocrx_word' id='word_1_38' title='bbox 1095 811 1178 857; x_wconf 87' lang='lat' dir='ltr'><strong>est</strong></span> <span class='ocrx_word' id='word_1_39' title='bbox 1209 803 1376 857; x_wconf 92' lang='lat' dir='ltr'><strong>animi</strong></span> <span class='ocrx_word' id='word_1_40' title='bbox 1400 802 1809 871; x_wconf 85' lang='lat' dir='ltr'><strong>magnitudinis,</strong></span> <span class='ocrx_word' id='word_1_41' title='bbox 1841 811 2039 871; x_wconf 77' lang='lat' dir='ltr'><strong>praeter</strong></span> <span class='ocrx_word' id='word_1_42' title='bbox 2059 804 2202 872; x_wconf 89' lang='lat' dir='ltr'><strong>quod</strong></span> 
     </span>
    </p>
   </div>
   <div class='ocr_carea' id='block_1_9' title="bbox 626 894 2213 965">
    <p class='ocr_par' dir='ltr' id='par_1_9' title="bbox 626 894 2213 965">
     <span class='ocr_line' id='line_1_9' title="bbox 626 894 2213 965; baseline -0.002 -16"><span class='ocrx_word' id='word_1_43' title='bbox 626 897 678 950; x_wconf 94' lang='lat' dir='ltr'><strong>in</strong></span> <span class='ocrx_word' id='word_1_44' title='bbox 713 905 791 951; x_wconf 92' lang='lat' dir='ltr'><strong>tot</strong></span> <span class='ocrx_word' id='word_1_45' title='bbox 816 904 1001 965; x_wconf 89' lang='lat' dir='ltr'><strong>partes</strong></span> <span class='ocrx_word' id='word_1_46' title='bbox 1027 910 1086 950; x_wconf 88' lang='lat' dir='ltr'><strong>se</strong></span> <span class='ocrx_word' id='word_1_47' title='bbox 1119 894 1324 960; x_wconf 81' lang='lat' dir='ltr'><strong>divisit,</strong></span> <span class='ocrx_word' id='word_1_48' title='bbox 1359 902 1521 964; x_wconf 89' lang='lat' dir='ltr'><strong>atque</strong></span> <span class='ocrx_word' id='word_1_49' title='bbox 1555 894 1739 947; x_wconf 84' lang='lat' dir='ltr'><strong>omnia</strong></span> <span class='ocrx_word' id='word_1_50' title='bbox 1786 908 1894 947; x_wconf 92' lang='lat' dir='ltr'><strong>non</strong></span> <span class='ocrx_word' id='word_1_51' title='bbox 1927 908 2086 948; x_wconf 89' lang='lat' dir='ltr'><strong>secus</strong></span> <span class='ocrx_word' id='word_1_52' title='bbox 2130 902 2213 947; x_wconf 90' lang='lat' dir='ltr'><strong>at-</strong></span> 
     </span>
    </p>
   </div>
   <div class='ocr_carea' id='block_1_10' title="bbox 619 985 2211 1056">
    <p class='ocr_par' dir='ltr' id='par_1_10' title="bbox 619 985 2211 1056">
     <span class='ocr_line' id='line_1_10' title="bbox 619 985 2211 1056; baseline -0.002 -17"><span class='ocrx_word' id='word_1_53' title='bbox 619 1001 725 1056; x_wconf 86' lang='lat' dir='ltr'><strong>que</strong></span> <span class='ocrx_word' id='word_1_54' title='bbox 758 985 971 1056; x_wconf 86' lang='lat' dir='ltr'><strong>singula</strong></span> <span class='ocrx_word' id='word_1_55' title='bbox 1005 986 1237 1049; x_wconf 92' lang='lat' dir='ltr'><strong>curavit,</strong></span> <span class='ocrx_word' id='word_1_56' title='bbox 1296 993 1351 1040; x_wconf 89' lang='lat' dir='ltr'><strong>et</strong></span> <span class='ocrx_word' id='word_1_57' title='bbox 1378 1000 1499 1040; x_wconf 93' lang='lat' dir='ltr'><strong>cum</strong></span> <span class='ocrx_word' id='word_1_58' title='bbox 1531 985 1699 1039; x_wconf 89' lang='lat' dir='ltr'><strong>animi</strong></span> <span class='ocrx_word' id='word_1_59' title='bbox 1738 985 2070 1049; x_wconf 81' lang='lat' dir='ltr'><strong>fortitudine,</strong></span> <span class='ocrx_word' id='word_1_60' title='bbox 2100 993 2211 1038; x_wconf 89' lang='lat' dir='ltr'><strong>tmn</strong></span> 
     </span>
    </p>
   </div>
   <div class='ocr_carea' id='block_1_11' title="bbox 620 1075 2209 1147">
    <p class='ocr_par' dir='ltr' id='par_1_11' title="bbox 620 1075 2209 1147">
     <span class='ocr_line' id='line_1_11' title="bbox 620 1075 2209 1147; baseline -0.002 -17"><span class='ocrx_word' id='word_1_61' title='bbox 620 1086 911 1147; x_wconf 79' lang='lat' dir='ltr'><strong>apparatus</strong></span> <span class='ocrx_word' id='word_1_62' title='bbox 964 1077 1335 1145; x_wconf 76' lang='lat' dir='ltr'><strong>magnitudine</strong></span> <span class='ocrx_word' id='word_1_63' title='bbox 1398 1075 1772 1130; x_wconf 85' lang='lat' dir='ltr'><strong>admirandam</strong></span> <span class='ocrx_word' id='word_1_64' title='bbox 1830 1090 1890 1130; x_wconf 88' lang='lat' dir='ltr'><strong>se</strong></span> <span class='ocrx_word' id='word_1_65' title='bbox 1957 1076 2209 1144; x_wconf 58' lang='lat' dir='ltr'><strong>praebuit.</strong></span> 
     </span>
    </p>
   </div>
   <div class='ocr_carea' id='block_1_12' title="bbox 619 1166 2201 1237">
    <p class='ocr_par' dir='ltr' id='par_1_12' title="bbox 619 1166 2201 1237">
     <span class='ocr_line' id='line_1_12' title="bbox 619 1166 2201 1237; baseline -0.003 -15"><span class='ocrx_word' id='word_1_66' title='bbox 619 1167 755 1222; x_wconf 86' lang='lat' dir='ltr'><strong>Nam</strong></span> <span class='ocrx_word' id='word_1_67' title='bbox 784 1177 838 1222; x_wconf 91' lang='lat' dir='ltr'><strong>et</strong></span> <span class='ocrx_word' id='word_1_68' title='bbox 871 1177 1061 1224; x_wconf 87' lang='lat' dir='ltr'><strong>contra</strong></span> <span class='ocrx_word' id='word_1_69' title='bbox 1088 1166 1362 1225; x_wconf 84' lang='lat' dir='ltr'><strong>Barbaros</strong></span> <span class='ocrx_word' id='word_1_70' title='bbox 1388 1167 1461 1221; x_wconf 92' lang='lat' dir='ltr'><strong>ita</strong></span> <span class='ocrx_word' id='word_1_71' title='bbox 1493 1181 1552 1221; x_wconf 91' lang='lat' dir='ltr'><strong>se</strong></span> <span class='ocrx_word' id='word_1_72' title='bbox 1580 1168 1768 1236; x_wconf 83' lang='lat' dir='ltr'><strong>gessit,</strong></span> <span class='ocrx_word' id='word_1_73' title='bbox 1798 1168 1953 1237; x_wconf 90' lang='lat' dir='ltr'><strong>quasi</strong></span> <span class='ocrx_word' id='word_1_74' title='bbox 1987 1168 2053 1219; x_wconf 90' lang='lat' dir='ltr'><strong>ab</strong></span> <span class='ocrx_word' id='word_1_75' title='bbox 2084 1182 2201 1219; x_wconf 89' lang='lat' dir='ltr'><strong>om-</strong></span> 
     </span>
    </p>
   </div>
   <div class='ocr_carea' id='block_1_13' title="bbox 620 1260 2208 1331">
    <p class='ocr_par' dir='ltr' id='par_1_13' title="bbox 620 1260 2208 1331">
     <span class='ocr_line' id='line_1_13' title="bbox 620 1260 2208 1331; baseline -0.001 -14"><span class='ocrx_word' id='word_1_76' title='bbox 620 1261 779 1317; x_wconf 90' lang='lat' dir='ltr'><strong>nibus</strong></span> <span class='ocrx_word' id='word_1_77' title='bbox 807 1261 1037 1331; x_wconf 89' lang='lat' dir='ltr'><strong>negotiis</strong></span> <span class='ocrx_word' id='word_1_78' title='bbox 1064 1270 1299 1327; x_wconf 86' lang='lat' dir='ltr'><strong>vacaret,</strong></span> <span class='ocrx_word' id='word_1_79' title='bbox 1338 1275 1437 1316; x_wconf 91' lang='lat' dir='ltr'><strong>nec</strong></span> <span class='ocrx_word' id='word_1_80' title='bbox 1467 1261 1684 1314; x_wconf 82' lang='lat' dir='ltr'><strong>interim</strong></span> <span class='ocrx_word' id='word_1_81' title='bbox 1733 1260 1975 1327; x_wconf 62' lang='lat' dir='ltr'><strong>Graecis,</strong></span> <span class='ocrx_word' id='word_1_82' title='bbox 2033 1262 2075 1315; x_wconf 95' lang='lat' dir='ltr'><strong>si</strong></span> <span class='ocrx_word' id='word_1_83' title='bbox 2118 1262 2208 1330; x_wconf 91' lang='lat' dir='ltr'><strong>qni</strong></span> 
     </span>
    </p>
   </div>
   <div class='ocr_carea' id='block_1_14' title="bbox 616 1351 2204 1422">
    <p class='ocr_par' dir='ltr' id='par_1_14' title="bbox 616 1351 2204 1422">
     <span class='ocr_line' id='line_1_14' title="bbox 616 1351 2204 1422; baseline -0.001 -15"><span class='ocrx_word' id='word_1_84' title='bbox 616 1361 774 1407; x_wconf 85' lang='lat' dir='ltr'><strong>erant</strong></span> <span class='ocrx_word' id='word_1_85' title='bbox 838 1351 1041 1416; x_wconf 81' lang='lat' dir='ltr'><strong>infesti,</strong></span> <span class='ocrx_word' id='word_1_86' title='bbox 1107 1351 1449 1406; x_wconf 85' lang='lat' dir='ltr'><strong>occasionem</strong></span> <span class='ocrx_word' id='word_1_87' title='bbox 1500 1351 1744 1422; x_wconf 80' lang='lat' dir='ltr'><strong>gerendi,</strong></span> <span class='ocrx_word' id='word_1_88' title='bbox 1808 1367 1929 1419; x_wconf 60' lang='lat' dir='ltr'><strong>quae</strong></span> <span class='ocrx_word' id='word_1_89' title='bbox 1986 1352 2204 1416; x_wconf 89' lang='lat' dir='ltr'><strong>vellent,</strong></span> 
     </span>
    </p>
   </div>
   <div class='ocr_carea' id='block_1_15' title="bbox 617 1443 2205 1516">
    <p class='ocr_par' dir='ltr' id='par_1_15' title="bbox 617 1443 2205 1516">
     <span class='ocr_line' id='line_1_15' title="bbox 617 1443 2205 1516; baseline -0.004 -13"><span class='ocrx_word' id='word_1_90' title='bbox 617 1443 853 1516; x_wconf 73' lang='lat' dir='ltr'><strong>pmbuit</strong></span> <span class='ocrx_word' id='word_1_91' title='bbox 884 1462 899 1499; x_wconf 92' lang='lat'><strong>:</strong></span> <span class='ocrx_word' id='word_1_92' title='bbox 933 1458 1120 1498; x_wconf 82' lang='lat' dir='ltr'><strong>verum</strong></span> <span class='ocrx_word' id='word_1_93' title='bbox 1145 1453 1199 1498; x_wconf 90' lang='lat' dir='ltr'><strong>ct</strong></span> <span class='ocrx_word' id='word_1_94' title='bbox 1226 1444 1313 1499; x_wconf 90' lang='lat' dir='ltr'><strong>bis</strong></span> <span class='ocrx_word' id='word_1_95' title='bbox 1347 1443 1421 1497; x_wconf 87' lang='lat' dir='ltr'><strong>ita</strong></span> <span class='ocrx_word' id='word_1_96' title='bbox 1458 1458 1516 1498; x_wconf 88' lang='lat' dir='ltr'><strong>se</strong></span> <span class='ocrx_word' id='word_1_97' title='bbox 1549 1444 1765 1498; x_wconf 81' lang='lat' dir='ltr'><strong>obviam</strong></span> <span class='ocrx_word' id='word_1_98' title='bbox 1792 1444 1960 1509; x_wconf 84' lang='lat' dir='ltr'><strong>dedit,</strong></span> <span class='ocrx_word' id='word_1_99' title='bbox 1995 1454 2051 1497; x_wconf 92' lang='grc' dir='ltr'>ιιι</span> <span class='ocrx_word' id='word_1_100' title='bbox 2080 1445 2205 1514; x_wconf 88' lang='lat' dir='ltr'><strong>qui-</strong></span> 
     </span>
    </p>
   </div>
   <div class='ocr_carea' id='block_1_16' title="bbox 620 1533 2218 1604">
    <p class='ocr_par' dir='ltr' id='par_1_16' title="bbox 620 1533 2218 1604">
     <span class='ocr_line' id='line_1_16' title="bbox 620 1533 2218 1604; baseline 0.001 -16"><span class='ocrx_word' id='word_1_101' title='bbox 620 1550 718 1591; x_wconf 87' lang='lat' dir='ltr'><strong>nas</strong></span> <span class='ocrx_word' id='word_1_102' title='bbox 753 1533 836 1590; x_wconf 93' lang='lat' dir='ltr'><strong>vel</strong></span> <span class='ocrx_word' id='word_1_103' title='bbox 865 1534 1028 1589; x_wconf 89' lang='lat' dir='ltr'><strong>etiam</strong></span> <span class='ocrx_word' id='word_1_104' title='bbox 1052 1534 1237 1603; x_wconf 88' lang='lat' dir='ltr'><strong>plures</strong></span> <span class='ocrx_word' id='word_1_105' title='bbox 1260 1533 1423 1588; x_wconf 90' lang='lat' dir='ltr'><strong>simul</strong></span> <span class='ocrx_word' id='word_1_106' title='bbox 1456 1548 1543 1589; x_wconf 90' lang='lat' dir='ltr'><strong>res</strong></span> <span class='ocrx_word' id='word_1_107' title='bbox 1566 1535 1635 1588; x_wconf 90' lang='lat' dir='ltr'><strong>ab</strong></span> <span class='ocrx_word' id='word_1_108' title='bbox 1657 1550 1718 1589; x_wconf 91' lang='lat' dir='ltr'><strong>ea</strong></span> <span class='ocrx_word' id='word_1_109' title='bbox 1744 1544 1945 1604; x_wconf 88' lang='lat' dir='ltr'><strong>gestas,</strong></span> <span class='ocrx_word' id='word_1_110' title='bbox 1977 1536 2123 1589; x_wconf 88' lang='lat' dir='ltr'><strong>velut</strong></span> <span class='ocrx_word' id='word_1_111' title='bbox 2144 1551 2218 1589; x_wconf 82' lang='lat' dir='ltr'><strong>ea</strong></span> 
     </span>
    </p>
   </div>
   <div class='ocr_carea' id='block_1_17' title="bbox 616 1625 2203 1694">
    <p class='ocr_par' dir='ltr' id='par_1_17' title="bbox 616 1625 2203 1694">
     <span class='ocr_line' id='line_1_17' title="bbox 616 1625 2203 1694; baseline 0 -13"><span class='ocrx_word' id='word_1_112' title='bbox 616 1640 737 1694; x_wconf 65' lang='lat' dir='ltr'><strong>quae</strong></span> <span class='ocrx_word' id='word_1_113' title='bbox 758 1635 1112 1680; x_wconf 87' lang='lat' dir='ltr'><strong>numerantur</strong></span> <span class='ocrx_word' id='word_1_114' title='bbox 1143 1625 1497 1694; x_wconf 79' lang='lat' dir='ltr'><strong>coniunctim,</strong></span> <span class='ocrx_word' id='word_1_115' title='bbox 1547 1640 1979 1681; x_wconf 87' lang='lat' dir='ltr'><strong>commemorare</strong></span> <span class='ocrx_word' id='word_1_116' title='bbox 2026 1627 2203 1682; x_wconf 89' lang='lat' dir='ltr'><strong>liceat.</strong></span> 
     </span>
    </p>
   </div>
   <div class='ocr_carea' id='block_1_18' title="bbox 620 1717 2206 1788">
    <p class='ocr_par' dir='ltr' id='par_1_18' title="bbox 620 1717 2206 1788">
     <span class='ocr_line' id='line_1_18' title="bbox 620 1717 2206 1788; baseline -0.003 -15"><span class='ocrx_word' id='word_1_117' title='bbox 620 1718 878 1773; x_wconf 81' lang='lat' dir='ltr'><strong>Vicerunt</strong></span> <span class='ocrx_word' id='word_1_118' title='bbox 899 1718 1043 1773; x_wconf 90' lang='lat' dir='ltr'><strong>enim</strong></span> <span class='ocrx_word' id='word_1_119' title='bbox 1060 1717 1484 1786; x_wconf 84' lang='lat' dir='ltr'><strong>Peloponnesios</strong></span> <span class='ocrx_word' id='word_1_120' title='bbox 1509 1717 1686 1774; x_wconf 85' lang='lat' dir='ltr'><strong>navali</strong></span> <span class='ocrx_word' id='word_1_121' title='bbox 1712 1718 1896 1787; x_wconf 65' lang='grc' dir='ltr'>ιιι-ωηο</span> <span class='ocrx_word' id='word_1_122' title='bbox 1925 1717 1991 1771; x_wconf 89' lang='lat' dir='ltr'><strong>ad</strong></span> <span class='ocrx_word' id='word_1_123' title='bbox 2010 1718 2206 1788; x_wconf 85' lang='lat' dir='ltr'><strong>Cecry-</strong></span> 
     </span>
    </p>
   </div>
   <div class='ocr_carea' id='block_1_19' title="bbox 616 1809 2205 1881">
    <p class='ocr_par' dir='ltr' id='par_1_19' title="bbox 616 1809 2205 1881">
     <span class='ocr_line' id='line_1_19' title="bbox 616 1809 2205 1881; baseline -0.002 -16"><span class='ocrx_word' id='word_1_124' title='bbox 616 1809 876 1880; x_wconf 88' lang='lat' dir='ltr'><strong>phaliam,</strong></span> <span class='ocrx_word' id='word_1_125' title='bbox 917 1820 971 1866; x_wconf 93' lang='lat' dir='ltr'><strong>et</strong></span> <span class='ocrx_word' id='word_1_126' title='bbox 1005 1811 1287 1879; x_wconf 70' lang='lat' dir='ltr'><strong>IEgiuetas</strong></span> <span class='ocrx_word' id='word_1_127' title='bbox 1316 1811 1382 1865; x_wconf 88' lang='lat' dir='ltr'><strong>ad</strong></span> <span class='ocrx_word' id='word_1_128' title='bbox 1417 1809 1694 1881; x_wconf 67' lang='lat' dir='ltr'><strong>IEginam,</strong></span> <span class='ocrx_word' id='word_1_129' title='bbox 1723 1820 1779 1864; x_wconf 91' lang='lat' dir='ltr'><strong>et</strong></span> <span class='ocrx_word' id='word_1_130' title='bbox 1813 1826 2024 1864; x_wconf 86' lang='lat' dir='ltr'><strong>rursum</strong></span> <span class='ocrx_word' id='word_1_131' title='bbox 2051 1810 2205 1865; x_wconf 87' lang='lat' dir='ltr'><strong>Pelo-</strong></span> 
     </span>
    </p>
   </div>
   <div class='ocr_carea' id='block_1_20' title="bbox 616 1902 2202 1973">
    <p class='ocr_par' dir='ltr' id='par_1_20' title="bbox 616 1902 2202 1973">
     <span class='ocr_line' id='line_1_20' title="bbox 616 1902 2202 1973; baseline -0.001 -14"><span class='ocrx_word' id='word_1_132' title='bbox 616 1904 926 1973; x_wconf 82' lang='lat' dir='ltr'><strong>ponnesios.</strong></span> <span class='ocrx_word' id='word_1_133' title='bbox 976 1903 1179 1959; x_wconf 85' lang='lat' dir='ltr'><strong>Deinde</strong></span> <span class='ocrx_word' id='word_1_134' title='bbox 1222 1903 1632 1972; x_wconf 82' lang='lat' dir='ltr'><strong>Megariensium</strong></span> <span class='ocrx_word' id='word_1_135' title='bbox 1687 1904 1884 1956; x_wconf 75' lang='lat' dir='ltr'><strong>mcenia</strong></span> <span class='ocrx_word' id='word_1_136' title='bbox 1930 1902 1995 1956; x_wconf 87' lang='lat' dir='ltr'><strong>ad</strong></span> <span class='ocrx_word' id='word_1_137' title='bbox 2051 1917 2202 1957; x_wconf 88' lang='lat' dir='ltr'><strong>mare</strong></span> 
     </span>
    </p>
   </div>
   <div class='ocr_carea' id='block_1_21' title="bbox 619 1995 2198 2066">
    <p class='ocr_par' dir='ltr' id='par_1_21' title="bbox 619 1995 2198 2066">
     <span class='ocr_line' id='line_1_21' title="bbox 619 1995 2198 2066; baseline -0.001 -16"><span class='ocrx_word' id='word_1_138' title='bbox 619 2012 793 2065; x_wconf 86' lang='lat' dir='ltr'><strong>usque</strong></span> <span class='ocrx_word' id='word_1_139' title='bbox 820 1996 1232 2066; x_wconf 89' lang='lat' dir='ltr'><strong>protenderunt,</strong></span> <span class='ocrx_word' id='word_1_140' title='bbox 1287 1995 1593 2049; x_wconf 91' lang='lat' dir='ltr'><strong>libertatem</strong></span> <span class='ocrx_word' id='word_1_141' title='bbox 1637 2010 1826 2049; x_wconf 87' lang='lat' dir='ltr'><strong>eorum</strong></span> <span class='ocrx_word' id='word_1_142' title='bbox 1876 1995 2037 2049; x_wconf 87' lang='lat' dir='ltr'><strong>simul</strong></span> <span class='ocrx_word' id='word_1_143' title='bbox 2074 2011 2198 2050; x_wconf 91' lang='lat' dir='ltr'><strong>cum</strong></span> 
     </span>
    </p>
   </div>
   <div class='ocr_carea' id='block_1_22' title="bbox 616 2086 2199 2160">
    <p class='ocr_par' dir='ltr' id='par_1_22' title="bbox 616 2086 2199 2160">
     <span class='ocr_line' id='line_1_22' title="bbox 616 2086 2199 2160; baseline -0.001 -17"><span class='ocrx_word' id='word_1_144' title='bbox 616 2089 836 2160; x_wconf 81' lang='lat' dir='ltr'><strong>regione</strong></span> <span class='ocrx_word' id='word_1_145' title='bbox 857 2087 1228 2143; x_wconf 80' lang='lat' dir='ltr'><strong>defendentes.</strong></span> <span class='ocrx_word' id='word_1_146' title='bbox 1265 2086 1401 2141; x_wconf 91' lang='lat' dir='ltr'><strong>Tum</strong></span> <span class='ocrx_word' id='word_1_147' title='bbox 1439 2086 1751 2142; x_wconf 85' lang='lat' dir='ltr'><strong>Corinthios</strong></span> <span class='ocrx_word' id='word_1_148' title='bbox 1768 2096 1894 2141; x_wconf 85' lang='lat' dir='ltr'><strong>ante</strong></span> <span class='ocrx_word' id='word_1_149' title='bbox 1920 2086 2199 2157; x_wconf 32' lang='lat' dir='ltr'><strong>Megareus</strong></span> 
     </span>
    </p>
   </div>
   <div class='ocr_carea' id='block_1_23' title="bbox 613 2179 2198 2249">
    <p class='ocr_par' dir='ltr' id='par_1_23' title="bbox 613 2179 2198 2249">
     <span class='ocr_line' id='line_1_23' title="bbox 613 2179 2198 2249; baseline -0.002 -13"><span class='ocrx_word' id='word_1_150' title='bbox 613 2196 703 2236; x_wconf 87' lang='lat' dir='ltr'><strong>ses</strong></span> <span class='ocrx_word' id='word_1_151' title='bbox 726 2182 958 2247; x_wconf 90' lang='lat' dir='ltr'><strong>primum</strong></span> <span class='ocrx_word' id='word_1_152' title='bbox 999 2190 1348 2249; x_wconf 87' lang='lat' dir='ltr'><strong>superarunt,</strong></span> <span class='ocrx_word' id='word_1_153' title='bbox 1378 2189 1433 2233; x_wconf 93' lang='lat' dir='ltr'><strong>et</strong></span> <span class='ocrx_word' id='word_1_154' title='bbox 1472 2181 1668 2234; x_wconf 80' lang='lat' dir='ltr'><strong>iterum</strong></span> <span class='ocrx_word' id='word_1_155' title='bbox 1704 2179 1893 2233; x_wconf 87' lang='lat' dir='ltr'><strong>urbem</strong></span> <span class='ocrx_word' id='word_1_156' title='bbox 1946 2179 2198 2233; x_wconf 87' lang='lat' dir='ltr'><strong>vicerunt</strong></span> 
     </span>
    </p>
   </div>
   <div class='ocr_carea' id='block_1_24' title="bbox 615 2272 2199 2342">
    <p class='ocr_par' dir='ltr' id='par_1_24' title="bbox 615 2272 2199 2342">
     <span class='ocr_line' id='line_1_24' title="bbox 615 2272 2199 2342; baseline 0 -15"><span class='ocrx_word' id='word_1_157' title='bbox 615 2282 735 2341; x_wconf 86' lang='lat' dir='ltr'><strong>post</strong></span> <span class='ocrx_word' id='word_1_158' title='bbox 759 2273 875 2328; x_wconf 90' lang='lat' dir='ltr'><strong>dies</strong></span> <span class='ocrx_word' id='word_1_159' title='bbox 897 2272 1204 2338; x_wconf 88' lang='lat' dir='ltr'><strong>duodecim,</strong></span> <span class='ocrx_word' id='word_1_160' title='bbox 1235 2287 1356 2325; x_wconf 90' lang='lat' dir='ltr'><strong>cum</strong></span> <span class='ocrx_word' id='word_1_161' title='bbox 1384 2273 1579 2338; x_wconf 87' lang='lat' dir='ltr'><strong>injuste</strong></span> <span class='ocrx_word' id='word_1_162' title='bbox 1610 2285 1871 2341; x_wconf 71' lang='lat' dir='ltr'><strong>tropazum</strong></span> <span class='ocrx_word' id='word_1_163' title='bbox 1902 2273 2199 2342; x_wconf 85' lang='lat' dir='ltr'><strong>surripuis-</strong></span> 
     </span>
    </p>
   </div>
   <div class='ocr_carea' id='block_1_25' title="bbox 614 2362 2200 2431">
    <p class='ocr_par' dir='ltr' id='par_1_25' title="bbox 614 2362 2200 2431">
     <span class='ocr_line' id='line_1_25' title="bbox 614 2362 2200 2431; baseline 0 -14"><span class='ocrx_word' id='word_1_164' title='bbox 614 2374 754 2417; x_wconf 75' lang='lat' dir='ltr'><strong>sent.</strong></span> <span class='ocrx_word' id='word_1_165' title='bbox 783 2363 914 2429; x_wconf 69' lang='lat' dir='ltr'><strong>Quae</strong></span> <span class='ocrx_word' id='word_1_166' title='bbox 943 2364 1158 2418; x_wconf 86' lang='lat' dir='ltr'><strong>tametsi</strong></span> <span class='ocrx_word' id='word_1_167' title='bbox 1194 2364 1369 2431; x_wconf 87' lang='lat' dir='ltr'><strong>magni</strong></span> <span class='ocrx_word' id='word_1_168' title='bbox 1402 2362 1658 2417; x_wconf 85' lang='lat' dir='ltr'><strong>momenti</strong></span> <span class='ocrx_word' id='word_1_169' title='bbox 1698 2378 1801 2417; x_wconf 92' lang='lat' dir='ltr'><strong>non</strong></span> <span class='ocrx_word' id='word_1_170' title='bbox 1827 2373 1975 2429; x_wconf 84' lang='lat' dir='ltr'><strong>sunt,</strong></span> <span class='ocrx_word' id='word_1_171' title='bbox 2007 2364 2200 2417; x_wconf 88' lang='lat' dir='ltr'><strong>dicen-</strong></span> 
     </span>
    </p>
   </div>
   <div class='ocr_carea' id='block_1_26' title="bbox 616 2454 2199 2523">
    <p class='ocr_par' dir='ltr' id='par_1_26' title="bbox 616 2454 2199 2523">
     <span class='ocr_line' id='line_1_26' title="bbox 616 2454 2199 2523; baseline 0.001 -14"><span class='ocrx_word' id='word_1_172' title='bbox 616 2464 703 2509; x_wconf 90' lang='lat' dir='ltr'><strong>tur</strong></span> <span class='ocrx_word' id='word_1_173' title='bbox 734 2470 763 2509; x_wconf 90' lang='lat' dir='ltr'><strong>a</strong></span> <span class='ocrx_word' id='word_1_174' title='bbox 790 2470 874 2508; x_wconf 90' lang='lat' dir='ltr'><strong>me</strong></span> <span class='ocrx_word' id='word_1_175' title='bbox 906 2464 1107 2508; x_wconf 90' lang='lat' dir='ltr'><strong>tamen.</strong></span> <span class='ocrx_word' id='word_1_176' title='bbox 1138 2454 1263 2507; x_wconf 90' lang='lat' dir='ltr'><strong>licet</strong></span> <span class='ocrx_word' id='word_1_177' title='bbox 1297 2454 1569 2518; x_wconf 78' lang='lat' dir='ltr'><strong>festinem,</strong></span> <span class='ocrx_word' id='word_1_178' title='bbox 1598 2455 2045 2523; x_wconf 84' lang='lat' dir='ltr'><strong>quandoquidem</strong></span> <span class='ocrx_word' id='word_1_179' title='bbox 2098 2471 2199 2523; x_wconf 76' lang='lat' dir='ltr'><strong>ap-</strong></span> 
     </span>
    </p>
   </div>
   <div class='ocr_carea' id='block_1_27' title="bbox 612 2544 2204 2615">
    <p class='ocr_par' dir='ltr' id='par_1_27' title="bbox 612 2544 2204 2615">
     <span class='ocr_line' id='line_1_27' title="bbox 612 2544 2204 2615; baseline 0.003 -18"><span class='ocrx_word' id='word_1_180' title='bbox 612 2546 809 2615; x_wconf 79' lang='lat' dir='ltr'><strong>pendix</strong></span> <span class='ocrx_word' id='word_1_181' title='bbox 832 2560 945 2601; x_wconf 91' lang='lat' dir='ltr'><strong>rem</strong></span> <span class='ocrx_word' id='word_1_182' title='bbox 971 2554 1134 2599; x_wconf 87' lang='lat' dir='ltr'><strong>totam</strong></span> <span class='ocrx_word' id='word_1_183' title='bbox 1172 2544 1431 2598; x_wconf 79' lang='lat' dir='ltr'><strong>absolvet.</strong></span> <span class='ocrx_word' id='word_1_184' title='bbox 1458 2544 1589 2599; x_wconf 86' lang='lat' dir='ltr'><strong>Cum</strong></span> <span class='ocrx_word' id='word_1_185' title='bbox 1613 2546 1755 2600; x_wconf 89' lang='lat' dir='ltr'><strong>enim</strong></span> <span class='ocrx_word' id='word_1_186' title='bbox 1780 2546 2029 2601; x_wconf 81' lang='lat' dir='ltr'><strong>abessent</strong></span> <span class='ocrx_word' id='word_1_187' title='bbox 2055 2547 2204 2602; x_wconf 81' lang='lat' dir='ltr'><strong>urbis</strong></span> 
     </span>
    </p>
   </div>
   <div class='ocr_carea' id='block_1_28' title="bbox 613 2636 2202 2710">
    <p class='ocr_par' dir='ltr' id='par_1_28' title="bbox 613 2636 2202 2710">
     <span class='ocr_line' id='line_1_28' title="bbox 613 2636 2202 2710; baseline 0.001 -17"><span class='ocrx_word' id='word_1_188' title='bbox 613 2641 802 2710; x_wconf 68' lang='lat' dir='ltr'><strong>copiae,</strong></span> <span class='ocrx_word' id='word_1_189' title='bbox 853 2638 1049 2709; x_wconf 87' lang='lat' dir='ltr'><strong>partim</strong></span> <span class='ocrx_word' id='word_1_190' title='bbox 1107 2639 1173 2691; x_wconf 90' lang='lat' dir='ltr'><strong>ad</strong></span> <span class='ocrx_word' id='word_1_191' title='bbox 1233 2636 1612 2708; x_wconf 63' lang='lat' dir='ltr'><strong>Egyptiornm</strong></span> <span class='ocrx_word' id='word_1_192' title='bbox 1665 2638 1986 2704; x_wconf 83' lang='lat' dir='ltr'><strong>subsidium,</strong></span> <span class='ocrx_word' id='word_1_193' title='bbox 2035 2654 2202 2695; x_wconf 80' lang='lat' dir='ltr'><strong>naves</strong></span> 
     </span>
    </p>
   </div>
   <div class='ocr_carea' id='block_1_29' title="bbox 614 2728 2193 2800">
    <p class='ocr_par' dir='ltr' id='par_1_29' title="bbox 614 2728 2193 2800">
     <span class='ocr_line' id='line_1_29' title="bbox 614 2728 2193 2800; baseline 0.005 -20"><span class='ocrx_word' id='word_1_194' title='bbox 614 2732 819 2796; x_wconf 76' lang='lat' dir='ltr'><strong>plures,</strong></span> <span class='ocrx_word' id='word_1_195' title='bbox 873 2745 1033 2800; x_wconf 89' lang='lat' dir='ltr'><strong>quam</strong></span> <span class='ocrx_word' id='word_1_196' title='bbox 1070 2739 1194 2784; x_wconf 90' lang='lat' dir='ltr'><strong>tunc</strong></span> <span class='ocrx_word' id='word_1_197' title='bbox 1223 2741 1383 2783; x_wconf 86' lang='lat' dir='ltr'><strong>erant</strong></span> <span class='ocrx_word' id='word_1_198' title='bbox 1412 2730 1463 2783; x_wconf 92' lang='lat' dir='ltr'><strong>in</strong></span> <span class='ocrx_word' id='word_1_199' title='bbox 1497 2737 1606 2783; x_wconf 89' lang='lat' dir='ltr'><strong>tota</strong></span> <span class='ocrx_word' id='word_1_200' title='bbox 1641 2728 1874 2793; x_wconf 68' lang='lat' dir='ltr'><strong>Graecia,</strong></span> <span class='ocrx_word' id='word_1_201' title='bbox 1908 2732 2103 2799; x_wconf 87' lang='lat' dir='ltr'><strong>partim</strong></span> <span class='ocrx_word' id='word_1_202' title='bbox 2142 2733 2193 2789; x_wconf 92' lang='lat' dir='ltr'><strong>in</strong></span> 
     </span>
    </p>
   </div>
   <div class='ocr_carea' id='block_1_30' title="bbox 614 2820 2195 2894">
    <p class='ocr_par' dir='ltr' id='par_1_30' title="bbox 614 2820 2195 2894">
     <span class='ocr_line' id='line_1_30' title="bbox 614 2820 2195 2894; baseline -0.006 -17"><span class='ocrx_word' id='word_1_203' title='bbox 614 2821 824 2893; x_wconf 60' lang='lat' dir='ltr'><strong>[Eginaa</strong></span> <span class='ocrx_word' id='word_1_204' title='bbox 847 2821 1153 2884; x_wconf 88' lang='lat' dir='ltr'><strong>obsidione,</strong></span> <span class='ocrx_word' id='word_1_205' title='bbox 1183 2822 1424 2890; x_wconf 82' lang='lat' dir='ltr'><strong>aggressi</strong></span> <span class='ocrx_word' id='word_1_206' title='bbox 1472 2830 1597 2874; x_wconf 89' lang='lat' dir='ltr'><strong>sunt</strong></span> <span class='ocrx_word' id='word_1_207' title='bbox 1630 2822 1810 2875; x_wconf 85' lang='lat' dir='ltr'><strong>hostes</strong></span> <span class='ocrx_word' id='word_1_208' title='bbox 1837 2820 2033 2894; x_wconf 66' lang='grc'><strong>4041)</strong></span> <span class='ocrx_word' id='word_1_209' title='bbox 2094 2824 2195 2879; x_wconf 80' lang='lat' dir='ltr'><strong>Me.</strong></span> 
     </span>
    </p>
   </div>
   <div class='ocr_carea' id='block_1_31' title="bbox 611 2911 2200 2983">
    <p class='ocr_par' dir='ltr' id='par_1_31' title="bbox 611 2911 2200 2983">
     <span class='ocr_line' id='line_1_31' title="bbox 611 2911 2200 2983; baseline 0.004 -17"><span class='ocrx_word' id='word_1_210' title='bbox 611 2928 739 2983; x_wconf 76' lang='lat' dir='ltr'><strong>gara</strong></span> <span class='ocrx_word' id='word_1_211' title='bbox 756 2913 1035 2977; x_wconf 88' lang='lat' dir='ltr'><strong>invadere,</strong></span> <span class='ocrx_word' id='word_1_212' title='bbox 1053 2912 1192 2980; x_wconf 84' lang='lat' dir='ltr'><strong>quod</strong></span> <span class='ocrx_word' id='word_1_213' title='bbox 1214 2911 1595 2965; x_wconf 83' lang='lat' dir='ltr'><strong>existimabant</strong></span> <span class='ocrx_word' id='word_1_214' title='bbox 1610 2912 2200 2973; x_wconf 81' lang='lat' dir='ltr'><strong>Atlieniensinmotinm</strong></span> 
     </span>
    </p>
   </div>
   <div class='ocr_carea' id='block_1_32' title="bbox 612 3000 2199 3070">
    <p class='ocr_par' dir='ltr' id='par_1_32' title="bbox 612 3000 2199 3070">
     <span class='ocr_line' id='line_1_32' title="bbox 612 3000 2199 3070; baseline 0.003 -13"><span class='ocrx_word' id='word_1_215' title='bbox 612 3004 711 3059; x_wconf 83' lang='lat' dir='ltr'><strong>sibi</strong></span> <span class='ocrx_word' id='word_1_216' title='bbox 746 3005 799 3059; x_wconf 90' lang='lat' dir='ltr'><strong>in</strong></span> <span class='ocrx_word' id='word_1_217' title='bbox 827 3003 1169 3059; x_wconf 90' lang='lat' dir='ltr'><strong>occasionem</strong></span> <span class='ocrx_word' id='word_1_218' title='bbox 1216 3001 1291 3054; x_wconf 89' lang='lat' dir='ltr'><strong>rei</strong></span> <span class='ocrx_word' id='word_1_219' title='bbox 1330 3000 1580 3070; x_wconf 66' lang='lat' dir='ltr'><strong>gerendae</strong></span> <span class='ocrx_word' id='word_1_220' title='bbox 1609 3002 1825 3067; x_wconf 87' lang='lat' dir='ltr'><strong>cedere,</strong></span> <span class='ocrx_word' id='word_1_221' title='bbox 1864 3014 1957 3057; x_wconf 86' lang='lat' dir='ltr'><strong>aut</strong></span> <span class='ocrx_word' id='word_1_222' title='bbox 2006 3007 2199 3061; x_wconf 88' lang='lat' dir='ltr'><strong>saltem</strong></span> 
     </span>
    </p>
   </div>
   <div class='ocr_carea' id='block_1_33' title="bbox 610 3092 2199 3163">
    <p class='ocr_par' dir='ltr' id='par_1_33' title="bbox 610 3092 2199 3163">
     <span class='ocr_line' id='line_1_33' title="bbox 610 3092 2199 3163; baseline 0.001 -12"><span class='ocrx_word' id='word_1_223' title='bbox 610 3100 655 3153; x_wconf 87' lang='lat' dir='ltr'><strong>si</strong></span> <span class='ocrx_word' id='word_1_224' title='bbox 691 3099 818 3151; x_wconf 90' lang='lat' dir='ltr'><strong>urbs</strong></span> <span class='ocrx_word' id='word_1_225' title='bbox 850 3111 1064 3150; x_wconf 91' lang='lat' dir='ltr'><strong>rursum</strong></span> <span class='ocrx_word' id='word_1_226' title='bbox 1091 3095 1353 3159; x_wconf 85' lang='lat' dir='ltr'><strong>vinceret,</strong></span> <span class='ocrx_word' id='word_1_227' title='bbox 1398 3092 1607 3163; x_wconf 66' lang='lat' dir='ltr'><strong>IEgina:</strong></span> <span class='ocrx_word' id='word_1_228' title='bbox 1661 3096 1997 3151; x_wconf 82' lang='lat' dir='ltr'><strong>obsidionem</strong></span> <span class='ocrx_word' id='word_1_229' title='bbox 2052 3100 2199 3153; x_wconf 82' lang='lat' dir='ltr'><strong>solu-</strong></span> 
     </span>
    </p>
   </div>
   <div class='ocr_carea' id='block_1_34' title="bbox 611 3190 873 3244">
    <p class='ocr_par' dir='ltr' id='par_1_34' title="bbox 611 3190 873 3244">
     <span class='ocr_line' id='line_1_34' title="bbox 611 3190 873 3244; baseline 0 -1"><span class='ocrx_word' id='word_1_230' title='bbox 611 3199 724 3244; x_wconf 89' lang='lat' dir='ltr'><strong>tum</strong></span> <span class='ocrx_word' id='word_1_231' title='bbox 758 3190 823 3243; x_wconf 90' lang='lat' dir='ltr'><strong>iri</strong></span> <span class='ocrx_word' id='word_1_232' title='bbox 859 3207 873 3243; x_wconf 89' lang='lat'><strong>:</strong></span> 
     </span>
    </p>
   </div>
   <div class='ocr_carea' id='block_1_35' title="bbox 608 3280 2196 3347">
    <p class='ocr_par' dir='ltr' id='par_1_35' title="bbox 608 3280 2196 3347">
     <span class='ocr_line' id='line_1_35' title="bbox 608 3280 2196 3347; baseline 0.001 -12"><span class='ocrx_word' id='word_1_233' title='bbox 608 3294 748 3337; x_wconf 85' lang='lat' dir='ltr'><strong>sent.</strong></span> <span class='ocrx_word' id='word_1_234' title='bbox 778 3280 855 3334; x_wconf 86' lang='lat' dir='ltr'><strong>Illi</strong></span> <span class='ocrx_word' id='word_1_235' title='bbox 890 3289 1068 3334; x_wconf 89' lang='lat' dir='ltr'><strong>autem</strong></span> <span class='ocrx_word' id='word_1_236' title='bbox 1113 3281 1247 3333; x_wconf 86' lang='lat' dir='ltr'><strong>adeo</strong></span> <span class='ocrx_word' id='word_1_237' title='bbox 1274 3280 1374 3333; x_wconf 84' lang='lat' dir='ltr'><strong>hoc</strong></span> <span class='ocrx_word' id='word_1_238' title='bbox 1406 3290 1768 3333; x_wconf 88' lang='lat' dir='ltr'><strong>commentum</strong></span> <span class='ocrx_word' id='word_1_239' title='bbox 1823 3282 2079 3347; x_wconf 89' lang='lat' dir='ltr'><strong>riserunt,</strong></span> <span class='ocrx_word' id='word_1_240' title='bbox 2140 3295 2196 3337; x_wconf 93' lang='grc' dir='ltr'><strong>ιιι</strong></span> 
     </span>
    </p>
   </div>
   <div class='ocr_carea' id='block_1_36' title="bbox 609 3373 2194 3446">
    <p class='ocr_par' dir='ltr' id='par_1_36' title="bbox 609 3373 2194 3446">
     <span class='ocr_line' id='line_1_36' title="bbox 609 3373 2194 3446; baseline 0.003 -21"><span class='ocrx_word' id='word_1_241' title='bbox 609 3375 698 3443; x_wconf 77' lang='lat' dir='ltr'><strong>qui</strong></span> <span class='ocrx_word' id='word_1_242' title='bbox 735 3374 803 3427; x_wconf 87' lang='lat' dir='ltr'><strong>ad</strong></span> <span class='ocrx_word' id='word_1_243' title='bbox 845 3373 1097 3443; x_wconf 64' lang='lat' dir='ltr'><strong>Eginam</strong></span> <span class='ocrx_word' id='word_1_244' title='bbox 1130 3385 1306 3438; x_wconf 84' lang='lat' dir='ltr'><strong>erant,</strong></span> <span class='ocrx_word' id='word_1_245' title='bbox 1370 3391 1474 3430; x_wconf 90' lang='lat' dir='ltr'><strong>non</strong></span> <span class='ocrx_word' id='word_1_246' title='bbox 1541 3374 1711 3442; x_wconf 87' lang='lat' dir='ltr'><strong>magis</strong></span> <span class='ocrx_word' id='word_1_247' title='bbox 1770 3390 1931 3441; x_wconf 87' lang='lat' dir='ltr'><strong>quam</strong></span> <span class='ocrx_word' id='word_1_248' title='bbox 1993 3378 2081 3446; x_wconf 87' lang='lat' dir='ltr'><strong>qui</strong></span> <span class='ocrx_word' id='word_1_249' title='bbox 2143 3376 2194 3430; x_wconf 93' lang='lat' dir='ltr'><strong>in</strong></span> 
     </span>
    </p>
   </div>
   <div class='ocr_carea' id='block_1_37' title="bbox 613 3467 2198 3538">
    <p class='ocr_par' dir='ltr' id='par_1_37' title="bbox 613 3467 2198 3538">
     <span class='ocr_line' id='line_1_37' title="bbox 613 3467 2198 3538; baseline 0 -16"><span class='ocrx_word' id='word_1_250' title='bbox 613 3468 845 3538; x_wconf 61' lang='lat' dir='ltr'><strong>zEgypto</strong></span> <span class='ocrx_word' id='word_1_251' title='bbox 872 3484 982 3521; x_wconf 89' lang='lat' dir='ltr'><strong>rem</strong></span> <span class='ocrx_word' id='word_1_252' title='bbox 1018 3481 1231 3522; x_wconf 89' lang='lat' dir='ltr'><strong>omnem</strong></span> <span class='ocrx_word' id='word_1_253' title='bbox 1283 3467 1625 3533; x_wconf 69' lang='lat' dir='ltr'><strong>ignorabant,</strong></span> <span class='ocrx_word' id='word_1_254' title='bbox 1699 3468 1821 3523; x_wconf 91' lang='lat' dir='ltr'><strong>loco</strong></span> <span class='ocrx_word' id='word_1_255' title='bbox 1888 3483 1948 3522; x_wconf 88' lang='lat' dir='ltr'><strong>se</strong></span> <span class='ocrx_word' id='word_1_256' title='bbox 2014 3483 2198 3522; x_wconf 81' lang='lat' dir='ltr'><strong>move-</strong></span> 
     </span>
    </p>
   </div>
   <div class='ocr_carea' id='block_1_38' title="bbox 610 3570 752 3615">
    <p class='ocr_par' dir='ltr' id='par_1_38' title="bbox 610 3570 752 3615">
     <span class='ocr_line' id='line_1_38' title="bbox 610 3570 752 3615; baseline -0.007 -1"><span class='ocrx_word' id='word_1_257' title='bbox 610 3570 752 3615; x_wconf 84' lang='lat' dir='ltr'><strong>rent.</strong></span> 
     </span>
    </p>
   </div>
   <div class='ocr_carea' id='block_1_39' title="bbox 678 3648 2193 3718">
    <p class='ocr_par' dir='ltr' id='par_1_39' title="bbox 678 3648 2193 3718">
     <span class='ocr_line' id='line_1_39' title="bbox 678 3648 2193 3718; baseline 0.001 -16"><span class='ocrx_word' id='word_1_258' title='bbox 678 3650 929 3717; x_wconf 86' lang='lat' dir='ltr'><strong>Quinimo</strong></span> <span class='ocrx_word' id='word_1_259' title='bbox 956 3649 1065 3704; x_wconf 88' lang='lat' dir='ltr'><strong>sola</strong></span> <span class='ocrx_word' id='word_1_260' title='bbox 1112 3648 1321 3718; x_wconf 91' lang='lat' dir='ltr'><strong>privato</strong></span> <span class='ocrx_word' id='word_1_261' title='bbox 1352 3648 1592 3717; x_wconf 84' lang='lat' dir='ltr'><strong>periculo</strong></span> <span class='ocrx_word' id='word_1_262' title='bbox 1645 3650 1918 3704; x_wconf 88' lang='lat' dir='ltr'><strong>communi</strong></span> <span class='ocrx_word' id='word_1_263' title='bbox 1972 3649 2193 3704; x_wconf 89' lang='lat' dir='ltr'><strong>utilitati</strong></span> 
     </span>
    </p>
   </div>
   <div class='ocr_carea' id='block_1_40' title="bbox 606 3742 2196 3811">
    <p class='ocr_par' dir='ltr' id='par_1_40' title="bbox 606 3742 2196 3811">
     <span class='ocr_line' id='line_1_40' title="bbox 606 3742 2196 3811; baseline -0.002 -13"><span class='ocrx_word' id='word_1_264' title='bbox 606 3744 830 3807; x_wconf 88' lang='lat' dir='ltr'><strong>studuit,</strong></span> <span class='ocrx_word' id='word_1_265' title='bbox 864 3742 1321 3797; x_wconf 87' lang='lat' dir='ltr'><strong>etbencliciorum</strong></span> <span class='ocrx_word' id='word_1_266' title='bbox 1353 3742 1503 3811; x_wconf 90' lang='lat' dir='ltr'><strong>copia</strong></span> <span class='ocrx_word' id='word_1_267' title='bbox 1528 3742 1887 3811; x_wconf 87' lang='lat' dir='ltr'><strong>principatum</strong></span> <span class='ocrx_word' id='word_1_268' title='bbox 1916 3743 2014 3797; x_wconf 90' lang='lat' dir='ltr'><strong>sibi</strong></span> <span class='ocrx_word' id='word_1_269' title='bbox 2048 3758 2196 3797; x_wconf 90' lang='lat' dir='ltr'><strong>com-</strong></span> 
     </span>
    </p>
   </div>
   <div class='ocr_carea' id='block_1_41' title="bbox 610 3835 2195 3905">
    <p class='ocr_par' dir='ltr' id='par_1_41' title="bbox 610 3835 2195 3905">
     <span class='ocr_line' id='line_1_41' title="bbox 610 3835 2195 3905; baseline 0 -15"><span class='ocrx_word' id='word_1_270' title='bbox 610 3836 836 3905; x_wconf 90' lang='lat' dir='ltr'><strong>paravit,</strong></span> <span class='ocrx_word' id='word_1_271' title='bbox 913 3851 1063 3889; x_wconf 90' lang='lat' dir='ltr'><strong>more</strong></span> <span class='ocrx_word' id='word_1_272' title='bbox 1104 3836 1376 3889; x_wconf 91' lang='lat' dir='ltr'><strong>communi</strong></span> <span class='ocrx_word' id='word_1_273' title='bbox 1421 3844 1646 3889; x_wconf 86' lang='lat' dir='ltr'><strong>mutato.</strong></span> <span class='ocrx_word' id='word_1_274' title='bbox 1701 3835 1817 3888; x_wconf 84' lang='lat' dir='ltr'><strong>Non</strong></span> <span class='ocrx_word' id='word_1_275' title='bbox 1867 3836 2007 3889; x_wconf 90' lang='lat' dir='ltr'><strong>enim</strong></span> <span class='ocrx_word' id='word_1_276' title='bbox 2053 3837 2195 3905; x_wconf 88' lang='lat' dir='ltr'><strong>quod</strong></span> 
     </span>
    </p>
   </div>
   <div class='ocr_carea' id='block_1_42' title="bbox 608 3922 2196 3996">
    <p class='ocr_par' dir='ltr' id='par_1_42' title="bbox 608 3922 2196 3996">
     <span class='ocr_line' id='line_1_42' title="bbox 608 3922 2196 3996; baseline 0 -17"><span class='ocrx_word' id='word_1_277' title='bbox 608 3927 800 3996; x_wconf 89' lang='lat' dir='ltr'><strong>oppida</strong></span> <span class='ocrx_word' id='word_1_278' title='bbox 854 3922 1186 3991; x_wconf 82' lang='lat' dir='ltr'><strong>subjugarat,</strong></span> <span class='ocrx_word' id='word_1_279' title='bbox 1237 3925 1329 3978; x_wconf 89' lang='lat' dir='ltr'><strong>sed</strong></span> <span class='ocrx_word' id='word_1_280' title='bbox 1364 3924 1507 3993; x_wconf 89' lang='lat' dir='ltr'><strong>quod</strong></span> <span class='ocrx_word' id='word_1_281' title='bbox 1537 3924 1703 3979; x_wconf 88' lang='lat' dir='ltr'><strong>libera</strong></span> <span class='ocrx_word' id='word_1_282' title='bbox 1764 3924 1989 3989; x_wconf 79' lang='lat' dir='ltr'><strong>fecerat,</strong></span> <span class='ocrx_word' id='word_1_283' title='bbox 2028 3926 2196 3993; x_wconf 85' lang='lat' dir='ltr'><strong>impe-</strong></span> 
     </span>
    </p>
   </div>
   <div class='ocr_carea' id='block_1_43' title="bbox 607 4013 2194 4081">
    <p class='ocr_par' dir='ltr' id='par_1_43' title="bbox 607 4013 2194 4081">
     <span class='ocr_line' id='line_1_43' title="bbox 607 4013 2194 4081; baseline 0 -12"><span class='ocrx_word' id='word_1_284' title='bbox 607 4015 746 4069; x_wconf 88' lang='lat' dir='ltr'><strong>rimn</strong></span> <span class='ocrx_word' id='word_1_285' title='bbox 776 4021 858 4069; x_wconf 90' lang='lat' dir='ltr'><strong>est</strong></span> <span class='ocrx_word' id='word_1_286' title='bbox 880 4014 1071 4080; x_wconf 83' lang='lat' dir='ltr'><strong>adepta</strong></span> <span class='ocrx_word' id='word_1_287' title='bbox 1113 4031 1125 4067; x_wconf 93' lang='lat'><strong>:</strong></span> <span class='ocrx_word' id='word_1_288' title='bbox 1161 4013 1234 4066; x_wconf 92' lang='lat' dir='ltr'><strong>ita</strong></span> <span class='ocrx_word' id='word_1_289' title='bbox 1272 4022 1328 4067; x_wconf 94' lang='lat' dir='ltr'><strong>nt</strong></span> <span class='ocrx_word' id='word_1_290' title='bbox 1381 4014 1569 4068; x_wconf 89' lang='lat' dir='ltr'><strong>eodem</strong></span> <span class='ocrx_word' id='word_1_291' title='bbox 1603 4024 1842 4081; x_wconf 89' lang='lat' dir='ltr'><strong>tempore</strong></span> <span class='ocrx_word' id='word_1_292' title='bbox 1892 4024 1946 4069; x_wconf 90' lang='lat' dir='ltr'><strong>et</strong></span> <span class='ocrx_word' id='word_1_293' title='bbox 1990 4014 2194 4069; x_wconf 73' lang='lat' dir='ltr'><strong>Grzccis</strong></span> 
     </span>
    </p>
   </div>
   <div class='ocr_carea' id='block_1_44' title="bbox 610 4099 2195 4169">
    <p class='ocr_par' dir='ltr' id='par_1_44' title="bbox 610 4099 2195 4169">
     <span class='ocr_line' id='line_1_44' title="bbox 610 4099 2195 4169; baseline 0.004 -16"><span class='ocrx_word' id='word_1_294' title='bbox 610 4101 850 4167; x_wconf 89' lang='lat' dir='ltr'><strong>libertas,</strong></span> <span class='ocrx_word' id='word_1_295' title='bbox 890 4110 944 4155; x_wconf 93' lang='lat' dir='ltr'><strong>et</strong></span> <span class='ocrx_word' id='word_1_296' title='bbox 1002 4101 1119 4155; x_wconf 89' lang='lat' dir='ltr'><strong>urbi</strong></span> <span class='ocrx_word' id='word_1_297' title='bbox 1180 4099 1339 4156; x_wconf 80' lang='lat' dir='ltr'><strong>fuerit</strong></span> <span class='ocrx_word' id='word_1_298' title='bbox 1370 4102 1659 4169; x_wconf 88' lang='lat' dir='ltr'><strong>imperium</strong></span> <span class='ocrx_word' id='word_1_299' title='bbox 1716 4105 1993 4157; x_wconf 84' lang='lat' dir='ltr'><strong>tributum.</strong></span> <span class='ocrx_word' id='word_1_300' title='bbox 2057 4103 2195 4159; x_wconf 88' lang='lat' dir='ltr'><strong>lluic</strong></span> 
     </span>
    </p>
   </div>
   <div class='ocr_carea' id='block_1_45' title="bbox 608 4191 2189 4263">
    <p class='ocr_par' dir='ltr' id='par_1_45' title="bbox 608 4191 2189 4263">
     <span class='ocr_line' id='line_1_45' title="bbox 608 4191 2189 4263; baseline 0.001 -19"><span class='ocrx_word' id='word_1_301' title='bbox 608 4192 750 4245; x_wconf 88' lang='lat' dir='ltr'><strong>enim</strong></span> <span class='ocrx_word' id='word_1_302' title='bbox 774 4191 871 4245; x_wconf 91' lang='lat' dir='ltr'><strong>soli</strong></span> <span class='ocrx_word' id='word_1_303' title='bbox 906 4191 1045 4244; x_wconf 92' lang='lat' dir='ltr'><strong>ultro</strong></span> <span class='ocrx_word' id='word_1_304' title='bbox 1071 4199 1369 4259; x_wconf 89' lang='lat' dir='ltr'><strong>paruerunt</strong></span> <span class='ocrx_word' id='word_1_305' title='bbox 1398 4192 1611 4262; x_wconf 84' lang='lat' dir='ltr'><strong>reliqui,</strong></span> <span class='ocrx_word' id='word_1_306' title='bbox 1646 4202 1700 4247; x_wconf 91' lang='lat' dir='ltr'><strong>et</strong></span> <span class='ocrx_word' id='word_1_307' title='bbox 1747 4193 1889 4247; x_wconf 83' lang='lat' dir='ltr'><strong>hunc</strong></span> <span class='ocrx_word' id='word_1_308' title='bbox 1936 4194 2189 4263; x_wconf 86' lang='lat' dir='ltr'><strong>populum</strong></span> 
     </span>
    </p>
   </div>
   <div class='ocr_carea' id='block_1_46' title="bbox 607 4282 2190 4355">
    <p class='ocr_par' dir='ltr' id='par_1_46' title="bbox 607 4282 2190 4355">
     <span class='ocr_line' id='line_1_46' title="bbox 607 4282 2190 4355; baseline 0.001 -17"><span class='ocrx_word' id='word_1_309' title='bbox 607 4283 879 4338; x_wconf 90' lang='lat' dir='ltr'><strong>communi</strong></span> <span class='ocrx_word' id='word_1_310' title='bbox 938 4282 1198 4352; x_wconf 81' lang='lat' dir='ltr'><strong>sull‘ragio</strong></span> <span class='ocrx_word' id='word_1_311' title='bbox 1260 4282 1543 4351; x_wconf 89' lang='lat' dir='ltr'><strong>jusserunt</strong></span> <span class='ocrx_word' id='word_1_312' title='bbox 1601 4286 1890 4355; x_wconf 87' lang='lat' dir='ltr'><strong>imperare,</strong></span> <span class='ocrx_word' id='word_1_313' title='bbox 1955 4289 2090 4341; x_wconf 88' lang='lat' dir='ltr'><strong>adeo</strong></span> <span class='ocrx_word' id='word_1_314' title='bbox 2134 4299 2190 4339; x_wconf 90' lang='lat' dir='ltr'><strong>ut</strong></span> 
     </span>
    </p>
   </div>
   <div class='ocr_carea' id='block_1_47' title="bbox 606 4374 2190 4447">
    <p class='ocr_par' dir='ltr' id='par_1_47' title="bbox 606 4374 2190 4447">
     <span class='ocr_line' id='line_1_47' title="bbox 606 4374 2190 4447; baseline 0.003 -17"><span class='ocrx_word' id='word_1_315' title='bbox 606 4390 729 4430; x_wconf 87' lang='lat' dir='ltr'><strong>cum</strong></span> <span class='ocrx_word' id='word_1_316' title='bbox 766 4377 935 4430; x_wconf 88' lang='lat' dir='ltr'><strong>armis</strong></span> <span class='ocrx_word' id='word_1_317' title='bbox 962 4374 1227 4431; x_wconf 89' lang='lat' dir='ltr'><strong>Barbaros</strong></span> <span class='ocrx_word' id='word_1_318' title='bbox 1278 4378 1563 4447; x_wconf 86' lang='lat' dir='ltr'><strong>coegisset,</strong></span> <span class='ocrx_word' id='word_1_319' title='bbox 1600 4379 1775 4433; x_wconf 90' lang='lat' dir='ltr'><strong>socios</strong></span> <span class='ocrx_word' id='word_1_320' title='bbox 1828 4390 2003 4435; x_wconf 83' lang='lat' dir='ltr'><strong>tamen</strong></span> <span class='ocrx_word' id='word_1_321' title='bbox 2056 4380 2190 4434; x_wconf 85' lang='lat' dir='ltr'><strong>niliil</strong></span> 
     </span>
    </p>
   </div>
   <div class='ocr_carea' id='block_1_48' title="bbox 608 4466 2190 4541">
    <p class='ocr_par' dir='ltr' id='par_1_48' title="bbox 608 4466 2190 4541">
     <span class='ocr_line' id='line_1_48' title="bbox 608 4466 2190 4541; baseline 0.004 -20"><span class='ocrx_word' id='word_1_322' title='bbox 608 4476 860 4535; x_wconf 88' lang='lat' dir='ltr'><strong>precatus</strong></span> <span class='ocrx_word' id='word_1_323' title='bbox 896 4466 1082 4531; x_wconf 83' lang='lat' dir='ltr'><strong>fuerit,</strong></span> <span class='ocrx_word' id='word_1_324' title='bbox 1145 4468 1241 4522; x_wconf 90' lang='lat' dir='ltr'><strong>sed</strong></span> <span class='ocrx_word' id='word_1_325' title='bbox 1279 4469 1517 4537; x_wconf 90' lang='lat' dir='ltr'><strong>ipsorum</strong></span> <span class='ocrx_word' id='word_1_326' title='bbox 1571 4471 1823 4539; x_wconf 79' lang='lat' dir='ltr'><strong>precibus</strong></span> <span class='ocrx_word' id='word_1_327' title='bbox 1880 4472 2190 4541; x_wconf 88' lang='lat' dir='ltr'><strong>compulsus</strong></span> 
     </span>
    </p>
   </div>
   <div class='ocr_carea' id='block_1_49' title="bbox 919 3188 2267 3283">
    <p class='ocr_par' dir='ltr' id='par_1_49' title="bbox 919 3188 2267 3283">
     <span class='ocr_line' id='line_1_49' title="bbox 919 3188 2267 3283; baseline 0.001 -40"><span class='ocrx_word' id='word_1_328' title='bbox 919 3189 1184 3258; x_wconf 87' lang='lat' dir='ltr'><strong>siquidem</strong></span> <span class='ocrx_word' id='word_1_329' title='bbox 1214 3188 1286 3240; x_wconf 90' lang='lat' dir='ltr'><strong>illi</strong></span> <span class='ocrx_word' id='word_1_330' title='bbox 1315 3188 1531 3240; x_wconf 87' lang='lat' dir='ltr'><strong>aliunde</strong></span> <span class='ocrx_word' id='word_1_331' title='bbox 1560 3201 1715 3255; x_wconf 83' lang='lat' dir='ltr'><strong>opem</strong></span> <span class='ocrx_word' id='word_1_332' title='bbox 1747 3188 1891 3242; x_wconf 79' lang='lat' dir='ltr'><strong>ferre</strong></span> <span class='ocrx_word' id='word_1_333' title='bbox 1920 3208 2023 3243; x_wconf 91' lang='lat' dir='ltr'><strong>non</strong></span> <span class='ocrx_word' id='word_1_334' title='bbox 2064 3210 2193 3261; x_wconf 78' lang='lat' dir='ltr'><strong>pos-</strong></span> <span class='ocrx_word' id='word_1_335' title='bbox 2225 3226 2267 3283; x_wconf 67' lang='grc' dir='ltr'>ο</span> 
     </span>
    </p>
   </div>
   <div class='ocr_carea' id='block_1_50' title="bbox 2328 613 3887 688">
    <p class='ocr_par' dir='ltr' id='par_1_50' title="bbox 2328 613 3887 688">
     <span class='ocr_line' id='line_1_50' title="bbox 2328 613 3887 688; baseline -0.003 -16"><span class='ocrx_word' id='word_1_336' title='bbox 2328 618 2595 688; x_wconf 83' lang='grc' dir='ltr'>Ἑλλήνων</span> <span class='ocrx_word' id='word_1_337' title='bbox 2656 615 2917 687; x_wconf 78' lang='grc' dir='ltr'><strong>προνοίας</strong></span> <span class='ocrx_word' id='word_1_338' title='bbox 2946 614 3134 684; x_wconf 82' lang='grc' dir='ltr'>,μηδὲν</span> <span class='ocrx_word' id='word_1_339' title='bbox 3186 614 3388 685; x_wconf 79' lang='grc' dir='ltr'>μᾶλλον</span> <span class='ocrx_word' id='word_1_340' title='bbox 3436 613 3698 683; x_wconf 75' lang='grc' dir='ltr'><strong>ἀφεῖσθαι</strong></span> <span class='ocrx_word' id='word_1_341' title='bbox 3720 653 3737 678; x_wconf 90' lang='grc'><strong>,</strong></span> <span class='ocrx_word' id='word_1_342' title='bbox 3781 615 3887 668; x_wconf 82' lang='grc' dir='ltr'>ἀλλ’</span> 
     </span>
    </p>
   </div>
   <div class='ocr_carea' id='block_1_51' title="bbox 2316 705 3888 780">
    <p class='ocr_par' dir='ltr' id='par_1_51' title="bbox 2316 705 3888 780">
     <span class='ocr_line' id='line_1_51' title="bbox 2316 705 3888 780; baseline -0.001 -16"><span class='ocrx_word' id='word_1_343' title='bbox 2316 709 2460 780; x_wconf 75' lang='grc' dir='ltr'>ὑπὲρ</span> <span class='ocrx_word' id='word_1_344' title='bbox 2487 709 2598 762; x_wconf 84' lang='grc' dir='ltr'>τῶν</span> <span class='ocrx_word' id='word_1_345' title='bbox 2622 709 2779 776; x_wconf 80' lang='grc' dir='ltr'>κοινῇ</span> <span class='ocrx_word' id='word_1_346' title='bbox 2825 706 3220 777; x_wconf 66' lang='grc' dir='ltr'><strong>συμφερόντων</strong></span> <span class='ocrx_word' id='word_1_347' title='bbox 3253 705 3466 776; x_wconf 86' lang='grc' dir='ltr'>βασιλεῖ</span> <span class='ocrx_word' id='word_1_348' title='bbox 3509 707 3773 776; x_wconf 84' lang='grc' dir='ltr'><strong>πολεμεῖν</strong></span> <span class='ocrx_word' id='word_1_349' title='bbox 3805 708 3888 763; x_wconf 78' lang='grc' dir='ltr'>διὰ</span> 
     </span>
    </p>
   </div>
   <div class='ocr_carea' id='block_1_52' title="bbox 2313 797 3889 871">
    <p class='ocr_par' dir='ltr' id='par_1_52' title="bbox 2313 797 3889 871">
     <span class='ocr_line' id='line_1_52' title="bbox 2313 797 3889 871; baseline 0 -16"><span class='ocrx_word' id='word_1_350' title='bbox 2313 804 2416 870; x_wconf 83' lang='grc' dir='ltr'>γῆς</span> <span class='ocrx_word' id='word_1_351' title='bbox 2441 801 2662 871; x_wconf 81' lang='grc' dir='ltr'>ἁπάσης</span> <span class='ocrx_word' id='word_1_352' title='bbox 2690 800 2784 853; x_wconf 76' lang='grc' dir='ltr'><strong>καὶ</strong></span> <span class='ocrx_word' id='word_1_353' title='bbox 2807 798 3099 870; x_wconf 80' lang='grc' dir='ltr'><strong>θαλάττης,</strong></span> <span class='ocrx_word' id='word_1_354' title='bbox 3130 798 3272 869; x_wconf 79' lang='grc' dir='ltr'>πόσῃ</span> <span class='ocrx_word' id='word_1_355' title='bbox 3299 797 3409 851; x_wconf 72' lang='grc' dir='ltr'>τινὶ</span> <span class='ocrx_word' id='word_1_356' title='bbox 3438 799 3597 868; x_wconf 78' lang='grc' dir='ltr'>χρὴ⁸⁸</span> <span class='ocrx_word' id='word_1_357' title='bbox 3626 802 3695 869; x_wconf 83' lang='grc' dir='ltr'>τῇ</span> <span class='ocrx_word' id='word_1_358' title='bbox 3730 816 3889 869; x_wconf 73' lang='grc' dir='ltr'>μεγαρ</span> 
     </span>
    </p>
   </div>
   <div class='ocr_carea' id='block_1_53' title="bbox 2313 887 3886 963">
    <p class='ocr_par' dir='ltr' id='par_1_53' title="bbox 2313 887 3886 963">
     <span class='ocr_line' id='line_1_53' title="bbox 2313 887 3886 963; baseline -0.001 -19"><span class='ocrx_word' id='word_1_359' title='bbox 2313 892 2546 963; x_wconf 76' lang='grc' dir='ltr'>λοψυχίᾳ</span> <span class='ocrx_word' id='word_1_360' title='bbox 2575 889 2893 961; x_wconf 90' lang='grc' dir='ltr'>προσθεῖναι</span> <span class='ocrx_word' id='word_1_361' title='bbox 2918 906 2934 956; x_wconf 75' lang='grc' dir='ltr'><strong>ς</strong></span> <span class='ocrx_word' id='word_1_362' title='bbox 2965 890 3137 959; x_wconf 72' lang='grc' dir='ltr'>χωρὶς</span> <span class='ocrx_word' id='word_1_363' title='bbox 3161 887 3255 941; x_wconf 79' lang='grc' dir='ltr'>τοῦ</span> <span class='ocrx_word' id='word_1_364' title='bbox 3284 889 3425 959; x_wconf 74' lang='grc' dir='ltr'>πρὸς</span> <span class='ocrx_word' id='word_1_365' title='bbox 3452 887 3500 921; x_wconf 82' lang='grc'><strong>⁸³</strong></span> <span class='ocrx_word' id='word_1_366' title='bbox 3523 890 3767 943; x_wconf 76' lang='grc' dir='ltr'>τοσαῦτα</span> <span class='ocrx_word' id='word_1_367' title='bbox 3794 908 3886 962; x_wconf 79' lang='grc' dir='ltr'><strong>με·</strong></span> 
     </span>
    </p>
   </div>
   <div class='ocr_carea' id='block_1_54' title="bbox 2315 980 3887 1053">
    <p class='ocr_par' dir='ltr' id='par_1_54' title="bbox 2315 980 3887 1053">
     <span class='ocr_line' id='line_1_54' title="bbox 2315 980 3887 1053; baseline 0 -18"><span class='ocrx_word' id='word_1_368' title='bbox 2315 983 2591 1053; x_wconf 80' lang='grc' dir='ltr'>ρισθῆναι,</span> <span class='ocrx_word' id='word_1_369' title='bbox 2644 982 2740 1035; x_wconf 78' lang='grc' dir='ltr'>καὶ</span> <span class='ocrx_word' id='word_1_370' title='bbox 2795 982 3016 1035; x_wconf 87' lang='grc' dir='ltr'>πάντων</span> <span class='ocrx_word' id='word_1_371' title='bbox 3050 980 3127 1044; x_wconf 85' lang='grc' dir='ltr'><strong>ὡς</strong></span> <span class='ocrx_word' id='word_1_372' title='bbox 3178 980 3358 1050; x_wconf 87' lang='grc' dir='ltr'>μόνων</span> <span class='ocrx_word' id='word_1_373' title='bbox 3420 981 3674 1035; x_wconf 78' lang='grc' dir='ltr'><strong>ἑκάστων</strong></span> <span class='ocrx_word' id='word_1_374' title='bbox 3712 982 3887 1053; x_wconf 78' lang='grc' dir='ltr'><strong>ἐφικέ-</strong></span> 
     </span>
    </p>
   </div>
   <div class='ocr_carea' id='block_1_55' title="bbox 2316 1071 3886 1147">
    <p class='ocr_par' dir='ltr' id='par_1_55' title="bbox 2316 1071 3886 1147">
     <span class='ocr_line' id='line_1_55' title="bbox 2316 1071 3886 1147; baseline 0.001 -20"><span class='ocrx_word' id='word_1_375' title='bbox 2316 1074 2441 1127; x_wconf 89' lang='grc' dir='ltr'>σθαι</span> <span class='ocrx_word' id='word_1_376' title='bbox 2468 1074 2536 1139; x_wconf 67' lang='grc'><strong>⁸⁸,</strong></span> <span class='ocrx_word' id='word_1_377' title='bbox 2568 1074 2669 1145; x_wconf 81' lang='grc' dir='ltr'>τῆς</span> <span class='ocrx_word' id='word_1_378' title='bbox 2707 1074 2805 1143; x_wconf 78' lang='grc' dir='ltr'><strong>μὲν</strong></span> <span class='ocrx_word' id='word_1_379' title='bbox 2837 1071 3063 1143; x_wconf 82' lang='grc' dir='ltr'><strong>γνώμης</strong></span> <span class='ocrx_word' id='word_1_380' title='bbox 3090 1072 3189 1144; x_wconf 81' lang='grc' dir='ltr'>τὴν</span> <span class='ocrx_word' id='word_1_381' title='bbox 3217 1073 3491 1144; x_wconf 76' lang='grc' dir='ltr'><strong>ἀνδρείαν,</strong></span> <span class='ocrx_word' id='word_1_382' title='bbox 3514 1075 3615 1142; x_wconf 83' lang='grc' dir='ltr'>τῆς</span> <span class='ocrx_word' id='word_1_383' title='bbox 3635 1075 3696 1128; x_wconf 85' lang='grc' dir='ltr'>δὲ</span> <span class='ocrx_word' id='word_1_384' title='bbox 3721 1092 3886 1147; x_wconf 83' lang='grc' dir='ltr'>παρα·-</span> 
     </span>
    </p>
   </div>
   <div class='ocr_carea' id='block_1_56' title="bbox 2315 1164 3885 1237">
    <p class='ocr_par' dir='ltr' id='par_1_56' title="bbox 2315 1164 3885 1237">
     <span class='ocr_line' id='line_1_56' title="bbox 2315 1164 3885 1237; baseline 0 -17"><span class='ocrx_word' id='word_1_385' title='bbox 2315 1166 2522 1235; x_wconf 83' lang='grc' dir='ltr'>σκευῆς</span> <span class='ocrx_word' id='word_1_386' title='bbox 2558 1167 2656 1237; x_wconf 85' lang='grc' dir='ltr'><strong>τήν</strong></span> <span class='ocrx_word' id='word_1_387' title='bbox 2697 1164 3006 1235; x_wconf 80' lang='grc' dir='ltr'>ὑπερϐολὴν</span> <span class='ocrx_word' id='word_1_388' title='bbox 3060 1166 3326 1236; x_wconf 80' lang='grc' dir='ltr'>παρέχειν</span> <span class='ocrx_word' id='word_1_389' title='bbox 3376 1165 3681 1237; x_wconf 75' lang='grc' dir='ltr'>θαυμάσαι.</span> <span class='ocrx_word' id='word_1_390' title='bbox 3715 1168 3796 1221; x_wconf 84' lang='grc' dir='ltr'>Τά</span> <span class='ocrx_word' id='word_1_391' title='bbox 3829 1184 3885 1220; x_wconf 85' lang='grc' dir='ltr'><strong>τε</strong></span> 
     </span>
    </p>
   </div>
   <div class='ocr_carea' id='block_1_57' title="bbox 2312 1255 3884 1329">
    <p class='ocr_par' dir='ltr' id='par_1_57' title="bbox 2312 1255 3884 1329">
     <span class='ocr_line' id='line_1_57' title="bbox 2312 1255 3884 1329; baseline 0.002 -19"><span class='ocrx_word' id='word_1_392' title='bbox 2312 1258 2423 1329; x_wconf 86' lang='grc' dir='ltr'>γὰρ</span> <span class='ocrx_word' id='word_1_393' title='bbox 2456 1257 2593 1329; x_wconf 76' lang='grc' dir='ltr'>πρὸς</span> <span class='ocrx_word' id='word_1_394' title='bbox 2624 1257 2751 1319; x_wconf 78' lang='grc' dir='ltr'>τοὺς</span> <span class='ocrx_word' id='word_1_395' title='bbox 2802 1255 3113 1327; x_wconf 80' lang='grc' dir='ltr'>βαρϐάρους</span> <span class='ocrx_word' id='word_1_396' title='bbox 3146 1257 3222 1319; x_wconf 80' lang='grc' dir='ltr'>ὡς</span> <span class='ocrx_word' id='word_1_397' title='bbox 3264 1258 3446 1311; x_wconf 76' lang='grc' dir='ltr'>πᾶσαν</span> <span class='ocrx_word' id='word_1_398' title='bbox 3476 1258 3691 1325; x_wconf 78' lang='grc' dir='ltr'>ἄγουσα</span> <span class='ocrx_word' id='word_1_399' title='bbox 3711 1259 3755 1291; x_wconf 75' lang='grc'><strong>⁸³</strong></span> <span class='ocrx_word' id='word_1_400' title='bbox 3783 1259 3884 1314; x_wconf 71' lang='grc' dir='ltr'><strong>ἀπὸ</strong></span> 
     </span>
    </p>
   </div>
   <div class='ocr_carea' id='block_1_58' title="bbox 2312 1346 3885 1421">
    <p class='ocr_par' dir='ltr' id='par_1_58' title="bbox 2312 1346 3885 1421">
     <span class='ocr_line' id='line_1_58' title="bbox 2312 1346 3885 1421; baseline 0.001 -18"><span class='ocrx_word' id='word_1_401' title='bbox 2312 1351 2531 1405; x_wconf 83' lang='grc' dir='ltr'>πάντων</span> <span class='ocrx_word' id='word_1_402' title='bbox 2566 1348 2783 1419; x_wconf 81' lang='grc' dir='ltr'>σχολὴν,</span> <span class='ocrx_word' id='word_1_403' title='bbox 2818 1346 2962 1401; x_wconf 74' lang='grc' dir='ltr'>οὕτω</span> <span class='ocrx_word' id='word_1_404' title='bbox 2987 1347 3319 1417; x_wconf 86' lang='grc' dir='ltr'>διῳκήσατο,</span> <span class='ocrx_word' id='word_1_405' title='bbox 3348 1350 3584 1413; x_wconf 78' lang='grc' dir='ltr'>καὶτοῖς</span> <span class='ocrx_word' id='word_1_406' title='bbox 3617 1349 3885 1421; x_wconf 68' lang='grc' dir='ltr'>ἐνοχλοῦσι</span> 
     </span>
    </p>
   </div>
   <div class='ocr_carea' id='block_1_59' title="bbox 2309 1438 3884 1513">
    <p class='ocr_par' dir='ltr' id='par_1_59' title="bbox 2309 1438 3884 1513">
     <span class='ocr_line' id='line_1_59' title="bbox 2309 1438 3884 1513; baseline 0 -17"><span class='ocrx_word' id='word_1_407' title='bbox 2309 1443 2418 1496; x_wconf 84' lang='grc' dir='ltr'>τῶν</span> <span class='ocrx_word' id='word_1_408' title='bbox 2460 1440 2732 1511; x_wconf 80' lang='grc' dir='ltr'>Ἑλλήνων</span> <span class='ocrx_word' id='word_1_409' title='bbox 2779 1439 2931 1492; x_wconf 78' lang='grc' dir='ltr'>οὐδὲν</span> <span class='ocrx_word' id='word_1_410' title='bbox 2963 1438 3165 1509; x_wconf 79' lang='grc' dir='ltr'>μᾶλλον</span> <span class='ocrx_word' id='word_1_411' title='bbox 3208 1439 3425 1511; x_wconf 81' lang='grc' dir='ltr'>ὑπῆρχε</span> <span class='ocrx_word' id='word_1_412' title='bbox 3473 1443 3789 1512; x_wconf 76' lang='grc' dir='ltr'>χρήσασθαι</span> <span class='ocrx_word' id='word_1_413' title='bbox 3816 1442 3884 1513; x_wconf 79' lang='grc' dir='ltr'>τῷ</span> 
     </span>
    </p>
   </div>
   <div class='ocr_carea' id='block_1_60' title="bbox 2311 1527 3884 1603">
    <p class='ocr_par' dir='ltr' id='par_1_60' title="bbox 2311 1527 3884 1603">
     <span class='ocr_line' id='line_1_60' title="bbox 2311 1527 3884 1603; baseline -0.001 -16"><span class='ocrx_word' id='word_1_414' title='bbox 2311 1532 2509 1603; x_wconf 82' lang='grc' dir='ltr'>καιρῷ,</span> <span class='ocrx_word' id='word_1_415' title='bbox 2534 1530 2785 1591; x_wconf 70' lang='grc' dir='ltr'>ἀλλὰκαὶ</span> <span class='ocrx_word' id='word_1_416' title='bbox 2816 1530 3030 1591; x_wconf 81' lang='grc' dir='ltr'><strong>τούτοις</strong></span> <span class='ocrx_word' id='word_1_417' title='bbox 3056 1527 3230 1592; x_wconf 75' lang='grc' dir='ltr'>οὕτως</span> <span class='ocrx_word' id='word_1_418' title='bbox 3253 1529 3594 1600; x_wconf 76' lang='grc' dir='ltr'><strong>ἀπήντησεν,</strong></span> <span class='ocrx_word' id='word_1_419' title='bbox 3622 1531 3768 1585; x_wconf 81' lang='grc' dir='ltr'>ὥστε</span> <span class='ocrx_word' id='word_1_420' title='bbox 3798 1534 3884 1586; x_wconf 73' lang='grc' dir='ltr'>σὺν</span> 
     </span>
    </p>
   </div>
   <div class='ocr_carea' id='block_1_61' title="bbox 2309 1623 3881 1700">
    <p class='ocr_par' dir='ltr' id='par_1_61' title="bbox 2309 1623 3881 1700">
     <span class='ocr_line' id='line_1_61' title="bbox 2309 1623 3881 1700; baseline -0.001 -21"><span class='ocrx_word' id='word_1_421' title='bbox 2309 1626 2471 1679; x_wconf 79' lang='grc' dir='ltr'>πέντε</span> <span class='ocrx_word' id='word_1_422' title='bbox 2504 1625 2599 1678; x_wconf 81' lang='grc' dir='ltr'>καὶ</span> <span class='ocrx_word' id='word_1_423' title='bbox 2630 1624 2732 1677; x_wconf 81' lang='grc' dir='ltr'><strong>σὺν</strong></span> <span class='ocrx_word' id='word_1_424' title='bbox 2756 1623 2928 1676; x_wconf 81' lang='grc' dir='ltr'>πλείω</span> <span class='ocrx_word' id='word_1_425' title='bbox 2956 1623 3107 1676; x_wconf 83' lang='grc' dir='ltr'>ταῦτ’</span> <span class='ocrx_word' id='word_1_426' title='bbox 3139 1623 3284 1693; x_wconf 79' lang='grc' dir='ltr'>ἔχειν</span> <span class='ocrx_word' id='word_1_427' title='bbox 3321 1625 3581 1696; x_wconf 81' lang='grc' dir='ltr'><strong>ἀριθμεῖν</strong></span> <span class='ocrx_word' id='word_1_428' title='bbox 3602 1626 3673 1690; x_wconf 80' lang='grc'><strong>⁸⁷,</strong></span> <span class='ocrx_word' id='word_1_429' title='bbox 3706 1626 3881 1700; x_wconf 77' lang='grc' dir='ltr'>ὥσπερ</span> 
     </span>
    </p>
   </div>
   <div class='ocr_carea' id='block_1_62' title="bbox 2307 1713 3882 1786">
    <p class='ocr_par' dir='ltr' id='par_1_62' title="bbox 2307 1713 3882 1786">
     <span class='ocr_line' id='line_1_62' title="bbox 2307 1713 3882 1786; baseline -0.001 -14"><span class='ocrx_word' id='word_1_430' title='bbox 2307 1718 2443 1773; x_wconf 74' lang='grc' dir='ltr'>ἄλλα</span> <span class='ocrx_word' id='word_1_431' title='bbox 2471 1714 2615 1770; x_wconf 74' lang='grc' dir='ltr'>ἄττα</span> <span class='ocrx_word' id='word_1_432' title='bbox 2639 1714 2941 1785; x_wconf 81' lang='grc' dir='ltr'><strong>συλλήβδην</strong></span> <span class='ocrx_word' id='word_1_433' title='bbox 2981 1713 3383 1785; x_wconf 83' lang='grc' dir='ltr'>ἀριθμούμενα.</span> <span class='ocrx_word' id='word_1_434' title='bbox 3428 1716 3663 1769; x_wconf 87' lang='grc' dir='ltr'>Ἐνίκων</span> <span class='ocrx_word' id='word_1_435' title='bbox 3699 1717 3797 1786; x_wconf 83' lang='grc' dir='ltr'><strong>μέν</strong></span> <span class='ocrx_word' id='word_1_436' title='bbox 3825 1735 3882 1786; x_wconf 82' lang='grc' dir='ltr'><strong>γε</strong></span> 
     </span>
    </p>
   </div>
   <div class='ocr_carea' id='block_1_63' title="bbox 2306 1806 3882 1880">
    <p class='ocr_par' dir='ltr' id='par_1_63' title="bbox 2306 1806 3882 1880">
     <span class='ocr_line' id='line_1_63' title="bbox 2306 1806 3882 1880; baseline -0.001 -18"><span class='ocrx_word' id='word_1_437' title='bbox 2306 1807 2587 1880; x_wconf 80' lang='grc' dir='ltr'><strong>ναυμαχίᾳ</strong></span> <span class='ocrx_word' id='word_1_438' title='bbox 2626 1806 3093 1877; x_wconf 78' lang='grc' dir='ltr'><strong>Πελοποννησίους</strong></span> <span class='ocrx_word' id='word_1_439' title='bbox 3132 1807 3227 1859; x_wconf 72' lang='grc' dir='ltr'>ἐπὶ</span> <span class='ocrx_word' id='word_1_440' title='bbox 3268 1807 3657 1879; x_wconf 73' lang='grc' dir='ltr'>Κεκρυφαλίᾳ,</span> <span class='ocrx_word' id='word_1_441' title='bbox 3702 1809 3882 1864; x_wconf 78' lang='grc' dir='ltr'>ἐνίκων</span> 
     </span>
    </p>
   </div>
   <div class='ocr_carea' id='block_1_64' title="bbox 2305 1896 3965 1970">
    <p class='ocr_par' dir='ltr' id='par_1_64' title="bbox 2305 1896 3965 1970">
     <span class='ocr_line' id='line_1_64' title="bbox 2305 1896 3965 1970; baseline -0.001 -15"><span class='ocrx_word' id='word_1_442' title='bbox 2305 1900 2351 1955; x_wconf 85' lang='grc' dir='ltr'>δ’</span> <span class='ocrx_word' id='word_1_443' title='bbox 2377 1901 2676 1970; x_wconf 76' lang='grc' dir='ltr'><strong>Αἰγινήτας</strong></span> <span class='ocrx_word' id='word_1_444' title='bbox 2709 1899 2846 1969; x_wconf 71' lang='grc' dir='ltr'>πρὸς</span> <span class='ocrx_word' id='word_1_445' title='bbox 2879 1898 3107 1969; x_wconf 82' lang='grc' dir='ltr'>Αἰγίνῃ,</span> <span class='ocrx_word' id='word_1_446' title='bbox 3150 1898 3243 1952; x_wconf 63' lang='grc' dir='ltr'><strong>καλ⁵</strong></span> <span class='ocrx_word' id='word_1_447' title='bbox 3291 1900 3766 1969; x_wconf 79' lang='grc' dir='ltr'>Πελοποννησίους</span> <span class='ocrx_word' id='word_1_448' title='bbox 3796 1896 3882 1955; x_wconf 75' lang='grc' dir='ltr'>αὖ·</span> <span class='ocrx_word' id='word_1_449' title='bbox 3960 1910 3965 1915; x_wconf 75' lang='lat'><em>’</em></span> 
     </span>
    </p>
   </div>
   <div class='ocr_carea' id='block_1_65' title="bbox 2307 1990 3879 2065">
    <p class='ocr_par' dir='ltr' id='par_1_65' title="bbox 2307 1990 3879 2065">
     <span class='ocr_line' id='line_1_65' title="bbox 2307 1990 3879 2065; baseline 0.001 -19"><span class='ocrx_word' id='word_1_450' title='bbox 2307 1994 2411 2057; x_wconf 90' lang='grc' dir='ltr'>θις.</span> <span class='ocrx_word' id='word_1_451' title='bbox 2444 1990 2761 2061; x_wconf 79' lang='grc' dir='ltr'>Μεγαρεῦσι</span> <span class='ocrx_word' id='word_1_452' title='bbox 2785 1990 2829 2042; x_wconf 85' lang='grc' dir='ltr'>δ’</span> <span class='ocrx_word' id='word_1_453' title='bbox 2859 1990 3096 2061; x_wconf 73' lang='grc' dir='ltr'>ἔστησαν</span> <span class='ocrx_word' id='word_1_454' title='bbox 3120 1991 3274 2061; x_wconf 86' lang='grc' dir='ltr'>τείχη</span> <span class='ocrx_word' id='word_1_455' title='bbox 3298 1992 3344 2023; x_wconf 82' lang='grc'><strong><em>⁸⁸</em></strong></span> <span class='ocrx_word' id='word_1_456' title='bbox 3373 1992 3541 2062; x_wconf 84' lang='grc' dir='ltr'>μέχρι</span> <span class='ocrx_word' id='word_1_457' title='bbox 3589 1993 3879 2065; x_wconf 77' lang='grc' dir='ltr'><strong>θαλάσσης,</strong></span> 
     </span>
    </p>
   </div>
   <div class='ocr_carea' id='block_1_66' title="bbox 2305 2082 3880 2155">
    <p class='ocr_par' dir='ltr' id='par_1_66' title="bbox 2305 2082 3880 2155">
     <span class='ocr_line' id='line_1_66' title="bbox 2305 2082 3880 2155; baseline -0.007 -15"><span class='ocrx_word' id='word_1_458' title='bbox 2305 2086 2401 2140; x_wconf 71' lang='grc' dir='ltr'>καὶ</span> <span class='ocrx_word' id='word_1_459' title='bbox 2430 2085 2529 2154; x_wconf 77' lang='grc' dir='ltr'>τὴν</span> <span class='ocrx_word' id='word_1_460' title='bbox 2559 2083 2875 2153; x_wconf 79' lang='grc' dir='ltr'>ἐλευθερίαν</span> <span class='ocrx_word' id='word_1_461' title='bbox 2898 2082 3017 2152; x_wconf 67' lang='grc' dir='ltr'>ἅμα</span> <span class='ocrx_word' id='word_1_462' title='bbox 3052 2083 3147 2137; x_wconf 59' lang='grc' dir='ltr'><strong>καὶ⁵</strong></span> <span class='ocrx_word' id='word_1_463' title='bbox 3183 2085 3288 2152; x_wconf 85' lang='grc' dir='ltr'><strong>τὴν</strong></span> <span class='ocrx_word' id='word_1_464' title='bbox 3313 2083 3359 2115; x_wconf 79' lang='grc'><strong>⁸’</strong></span> <span class='ocrx_word' id='word_1_465' title='bbox 3399 2086 3591 2155; x_wconf 85' lang='grc' dir='ltr'>χώραν</span> <span class='ocrx_word' id='word_1_466' title='bbox 3635 2085 3880 2154; x_wconf 70' lang='grc' dir='ltr'>διεφύλα-</span> 
     </span>
    </p>
   </div>
   <div class='ocr_carea' id='block_1_67' title="bbox 2306 2175 3879 2249">
    <p class='ocr_par' dir='ltr' id='par_1_67' title="bbox 2306 2175 3879 2249">
     <span class='ocr_line' id='line_1_67' title="bbox 2306 2175 3879 2249; baseline 0.004 -23"><span class='ocrx_word' id='word_1_467' title='bbox 2306 2178 2422 2243; x_wconf 82' lang='grc' dir='ltr'>ξαν.</span> <span class='ocrx_word' id='word_1_468' title='bbox 2457 2175 2687 2230; x_wconf 83' lang='grc' dir='ltr'>Ἐνίκων</span> <span class='ocrx_word' id='word_1_469' title='bbox 2715 2175 2771 2228; x_wconf 80' lang='grc' dir='ltr'>δὲ</span> <span class='ocrx_word' id='word_1_470' title='bbox 2791 2175 3113 2244; x_wconf 81' lang='grc' dir='ltr'>Κορινθίους</span> <span class='ocrx_word' id='word_1_471' title='bbox 3144 2176 3251 2246; x_wconf 81' lang='grc' dir='ltr'><strong>πρὸ</strong></span> <span class='ocrx_word' id='word_1_472' title='bbox 3279 2177 3610 2247; x_wconf 77' lang='grc' dir='ltr'>Μεγαρέων·</span> <span class='ocrx_word' id='word_1_473' title='bbox 3638 2180 3736 2232; x_wconf 77' lang='grc' dir='ltr'>καὶ</span> <span class='ocrx_word' id='word_1_474' title='bbox 3764 2182 3879 2249; x_wconf 78' lang='grc' dir='ltr'>πρὶν</span> 
     </span>
    </p>
   </div>
   <div class='ocr_carea' id='block_1_68' title="bbox 2304 2262 3881 2338">
    <p class='ocr_par' dir='ltr' id='par_1_68' title="bbox 2304 2262 3881 2338">
     <span class='ocr_line' id='line_1_68' title="bbox 2304 2262 3881 2338; baseline 0.003 -18"><span class='ocrx_word' id='word_1_475' title='bbox 2304 2267 2518 2321; x_wconf 85' lang='grc' dir='ltr'>δώδεκα</span> <span class='ocrx_word' id='word_1_476' title='bbox 2543 2267 2759 2337; x_wconf 75' lang='grc' dir='ltr'><strong>ἐξήκειν</strong></span> <span class='ocrx_word' id='word_1_477' title='bbox 2794 2266 3008 2336; x_wconf 77' lang='grc' dir='ltr'>ἡμέρας</span> <span class='ocrx_word' id='word_1_478' title='bbox 3033 2266 3228 2319; x_wconf 81' lang='grc' dir='ltr'>ἐνίκων</span> <span class='ocrx_word' id='word_1_479' title='bbox 3272 2262 3430 2330; x_wconf 78' lang='grc' dir='ltr'>αὖθις</span> <span class='ocrx_word' id='word_1_480' title='bbox 3453 2268 3677 2338; x_wconf 78' lang='grc' dir='ltr'>ἑτέραν,</span> <span class='ocrx_word' id='word_1_481' title='bbox 3715 2270 3773 2323; x_wconf 74' lang='grc' dir='ltr'>οὗ</span> <span class='ocrx_word' id='word_1_482' title='bbox 3798 2289 3881 2324; x_wconf 83' lang='grc' dir='ltr'>κα-</span> 
     </span>
    </p>
   </div>
   <div class='ocr_carea' id='block_1_69' title="bbox 2304 2358 3877 2430">
    <p class='ocr_par' dir='ltr' id='par_1_69' title="bbox 2304 2358 3877 2430">
     <span class='ocr_line' id='line_1_69' title="bbox 2304 2358 3877 2430; baseline -0.026 -18"><span class='ocrx_word' id='word_1_483' title='bbox 2304 2360 2413 2423; x_wconf 83' lang='grc' dir='ltr'><strong>λῶς</strong></span> <span class='ocrx_word' id='word_1_484' title='bbox 2442 2360 2503 2414; x_wconf 72' lang='grc' dir='ltr'>τὸ</span> <span class='ocrx_word' id='word_1_485' title='bbox 2530 2361 2794 2430; x_wconf 73' lang='grc' dir='ltr'>τρόπαιον</span> <span class='ocrx_word' id='word_1_486' title='bbox 2825 2358 3249 2428; x_wconf 71' lang='grc' dir='ltr'><strong>ὑφαρπάζοντας</strong></span> <span class='ocrx_word' id='word_1_487' title='bbox 3272 2361 3341 2415; x_wconf 57' lang='lat' dir='ltr'><strong>so.</strong></span> <span class='ocrx_word' id='word_1_488' title='bbox 3386 2362 3497 2414; x_wconf 56' lang='grc' dir='ltr'><strong>Καὶ</strong></span> <span class='ocrx_word' id='word_1_489' title='bbox 3534 2360 3698 2416; x_wconf 57' lang='grc' dir='ltr'><strong>οὔπω</strong></span> <span class='ocrx_word' id='word_1_490' title='bbox 3722 2365 3877 2418; x_wconf 49' lang='lat' dir='ltr'><strong>“an</strong></span> 
     </span>
    </p>
   </div>
   <div class='ocr_carea' id='block_1_70' title="bbox 2308 2452 3879 2530">
    <p class='ocr_par' dir='ltr' id='par_1_70' title="bbox 2308 2452 3879 2530">
     <span class='ocr_line' id='line_1_70' title="bbox 2308 2452 3879 2530; baseline 0.004 -26"><span class='ocrx_word' id='word_1_491' title='bbox 2308 2452 2518 2522; x_wconf 85' lang='grc' dir='ltr'>μεγάλα</span> <span class='ocrx_word' id='word_1_492' title='bbox 2536 2470 2550 2484; x_wconf 70' lang='grc' dir='ltr'>υ</span> <span class='ocrx_word' id='word_1_493' title='bbox 2584 2452 2702 2505; x_wconf 81' lang='grc' dir='ltr'>ἀλλ’</span> <span class='ocrx_word' id='word_1_494' title='bbox 2725 2453 3003 2523; x_wconf 75' lang='grc' dir='ltr'>εἰρήσεται</span> <span class='ocrx_word' id='word_1_495' title='bbox 3032 2452 3163 2522; x_wconf 84' lang='grc' dir='ltr'>γὰρ,</span> <span class='ocrx_word' id='word_1_496' title='bbox 3191 2452 3296 2505; x_wconf 75' lang='grc' dir='ltr'>κᾶν</span> <span class='ocrx_word' id='word_1_497' title='bbox 3333 2454 3652 2525; x_wconf 83' lang='grc' dir='ltr'>ὲπείγωμαι</span> <span class='ocrx_word' id='word_1_498' title='bbox 3674 2473 3688 2487; x_wconf 90' lang='grc'><strong>·</strong></span> <span class='ocrx_word' id='word_1_499' title='bbox 3721 2458 3753 2526; x_wconf 84' lang='grc' dir='ltr'><strong>ή</strong></span> <span class='ocrx_word' id='word_1_500' title='bbox 3784 2458 3879 2530; x_wconf 74' lang='grc' dir='ltr'>γὰρ</span> 
     </span>
    </p>
   </div>
   <div class='ocr_carea' id='block_1_71' title="bbox 2305 2544 3881 2619">
    <p class='ocr_par' dir='ltr' id='par_1_71' title="bbox 2305 2544 3881 2619">
     <span class='ocr_line' id='line_1_71' title="bbox 2305 2544 3881 2619; baseline -0.003 -20"><span class='ocrx_word' id='word_1_501' title='bbox 2305 2546 2590 2615; x_wconf 85' lang='grc' dir='ltr'>προσθήκη</span> <span class='ocrx_word' id='word_1_502' title='bbox 2619 2544 2781 2608; x_wconf 79' lang='grc' dir='ltr'>δείξει</span> <span class='ocrx_word' id='word_1_503' title='bbox 2809 2546 2869 2596; x_wconf 78' lang='grc' dir='ltr'>τὸ</span> <span class='ocrx_word' id='word_1_504' title='bbox 2912 2545 3041 2599; x_wconf 84' lang='grc' dir='ltr'>πᾶν.</span> <span class='ocrx_word' id='word_1_505' title='bbox 3090 2544 3337 2615; x_wconf 82' lang='grc' dir='ltr'>Ἀπῆσαν</span> <span class='ocrx_word' id='word_1_506' title='bbox 3374 2547 3473 2617; x_wconf 86' lang='grc' dir='ltr'><strong>μὲν</strong></span> <span class='ocrx_word' id='word_1_507' title='bbox 3505 2548 3619 2619; x_wconf 76' lang='grc' dir='ltr'>γὰρ</span> <span class='ocrx_word' id='word_1_508' title='bbox 3653 2552 3712 2603; x_wconf 84' lang='grc' dir='ltr'>αἱ</span> <span class='ocrx_word' id='word_1_509' title='bbox 3739 2551 3881 2607; x_wconf 65' lang='grc' dir='ltr'>δυνά.</span> 
     </span>
    </p>
   </div>
   <div class='ocr_carea' id='block_1_72' title="bbox 2308 2634 3880 2712">
    <p class='ocr_par' dir='ltr' id='par_1_72' title="bbox 2308 2634 3880 2712">
     <span class='ocr_line' id='line_1_72' title="bbox 2308 2634 3880 2712; baseline 0.004 -20"><span class='ocrx_word' id='word_1_510' title='bbox 2308 2656 2431 2710; x_wconf 89' lang='grc' dir='ltr'>μεις</span> <span class='ocrx_word' id='word_1_511' title='bbox 2476 2642 2542 2710; x_wconf 83' lang='grc' dir='ltr'>τῇ</span> <span class='ocrx_word' id='word_1_512' title='bbox 2579 2638 2753 2704; x_wconf 76' lang='grc' dir='ltr'>πόλει,</span> <span class='ocrx_word' id='word_1_513' title='bbox 2790 2640 2824 2703; x_wconf 87' lang='grc' dir='ltr'>ἠ</span> <span class='ocrx_word' id='word_1_514' title='bbox 2886 2640 2983 2709; x_wconf 86' lang='grc' dir='ltr'>μὲν</span> <span class='ocrx_word' id='word_1_515' title='bbox 3019 2640 3163 2693; x_wconf 80' lang='grc' dir='ltr'>κατὰ</span> <span class='ocrx_word' id='word_1_516' title='bbox 3217 2641 3317 2711; x_wconf 83' lang='grc' dir='ltr'><strong>τήν</strong></span> <span class='ocrx_word' id='word_1_517' title='bbox 3364 2643 3476 2697; x_wconf 84' lang='grc' dir='ltr'><strong>τῶν</strong></span> <span class='ocrx_word' id='word_1_518' title='bbox 3501 2646 3545 2676; x_wconf 81' lang='grc'><strong>⁹¹</strong></span> <span class='ocrx_word' id='word_1_519' title='bbox 3577 2634 3880 2712; x_wconf 78' lang='grc' dir='ltr'>Αἰγυπτίων</span> 
     </span>
    </p>
   </div>
   <div class='ocr_carea' id='block_1_73' title="bbox 2304 2728 3880 2809">
    <p class='ocr_par' dir='ltr' id='par_1_73' title="bbox 2304 2728 3880 2809">
     <span class='ocr_line' id='line_1_73' title="bbox 2304 2728 3880 2809; baseline 0.006 -25"><span class='ocrx_word' id='word_1_520' title='bbox 2304 2734 2516 2804; x_wconf 82' lang='grc' dir='ltr'>χρείαν,</span> <span class='ocrx_word' id='word_1_521' title='bbox 2554 2733 2681 2804; x_wconf 83' lang='grc' dir='ltr'>νῆες</span> <span class='ocrx_word' id='word_1_522' title='bbox 2707 2735 2753 2766; x_wconf 75' lang='grc'><strong>⁸³</strong></span> <span class='ocrx_word' id='word_1_523' title='bbox 2780 2732 2996 2797; x_wconf 89' lang='grc' dir='ltr'>πλείους</span> <span class='ocrx_word' id='word_1_524' title='bbox 3019 2734 3051 2803; x_wconf 79' lang='grc' dir='ltr'><strong>ἢ</strong></span> <span class='ocrx_word' id='word_1_525' title='bbox 3086 2734 3195 2788; x_wconf 75' lang='grc' dir='ltr'>τότ’</span> <span class='ocrx_word' id='word_1_526' title='bbox 3223 2728 3365 2804; x_wconf 77' lang='grc' dir='ltr'>ἦσαν</span> <span class='ocrx_word' id='word_1_527' title='bbox 3392 2737 3452 2787; x_wconf 82' lang='grc' dir='ltr'><strong>ὲν</strong></span> <span class='ocrx_word' id='word_1_528' title='bbox 3481 2739 3599 2799; x_wconf 79' lang='grc' dir='ltr'>τοῖς</span> <span class='ocrx_word' id='word_1_529' title='bbox 3632 2738 3880 2809; x_wconf 80' lang='grc' dir='ltr'>Ἕλλησιν</span> 
     </span>
    </p>
   </div>
   <div class='ocr_carea' id='block_1_74' title="bbox 2303 2825 3877 2905">
    <p class='ocr_par' dir='ltr' id='par_1_74' title="bbox 2303 2825 3877 2905">
     <span class='ocr_line' id='line_1_74' title="bbox 2303 2825 3877 2905; baseline 0.006 -26"><span class='ocrx_word' id='word_1_530' title='bbox 2303 2827 2360 2879; x_wconf 82' lang='grc' dir='ltr'><strong>αἱ</strong></span> <span class='ocrx_word' id='word_1_531' title='bbox 2412 2826 2695 2895; x_wconf 80' lang='grc' dir='ltr'>σύμπασαι</span> <span class='ocrx_word' id='word_1_532' title='bbox 2754 2825 2939 2894; x_wconf 83' lang='grc' dir='ltr'>σχεδὸν</span> <span class='ocrx_word' id='word_1_533' title='bbox 2975 2827 3045 2889; x_wconf 76' lang='grc'><strong>’³,</strong></span> <span class='ocrx_word' id='word_1_534' title='bbox 3087 2828 3119 2897; x_wconf 85' lang='grc' dir='ltr'><strong>ή</strong></span> <span class='ocrx_word' id='word_1_535' title='bbox 3161 2826 3205 2879; x_wconf 84' lang='grc' dir='ltr'>δ’</span> <span class='ocrx_word' id='word_1_536' title='bbox 3239 2829 3437 2900; x_wconf 80' lang='grc' dir='ltr'>Αἰγίνῃ</span> <span class='ocrx_word' id='word_1_537' title='bbox 3487 2833 3877 2905; x_wconf 80' lang='grc' dir='ltr'>προσεκάθητο.</span> 
     </span>
    </p>
   </div>
   <div class='ocr_carea' id='block_1_75' title="bbox 2305 2917 3880 2997">
    <p class='ocr_par' dir='ltr' id='par_1_75' title="bbox 2305 2917 3880 2997">
     <span class='ocr_line' id='line_1_75' title="bbox 2305 2917 3880 2997; baseline 0.008 -28"><span class='ocrx_word' id='word_1_538' title='bbox 2305 2917 2482 2987; x_wconf 88' lang='grc' dir='ltr'>Ὅπερ</span> <span class='ocrx_word' id='word_1_539' title='bbox 2526 2918 2779 2981; x_wconf 72' lang='grc' dir='ltr'>καὶτοὺς</span> <span class='ocrx_word' id='word_1_540' title='bbox 2830 2918 3107 2982; x_wconf 75' lang='grc' dir='ltr'>ἐναντίους</span> <span class='ocrx_word' id='word_1_541' title='bbox 3145 2920 3347 2989; x_wconf 80' lang='grc' dir='ltr'>μᾶλλον</span> <span class='ocrx_word' id='word_1_542' title='bbox 3392 2922 3603 2994; x_wconf 81' lang='grc' dir='ltr'>ἐπῆρεν</span> <span class='ocrx_word' id='word_1_543' title='bbox 3648 2926 3880 2997; x_wconf 75' lang='grc' dir='ltr'>ὁρμῆσαι</span> 
     </span>
    </p>
   </div>
   <div class='ocr_carea' id='block_1_76' title="bbox 2304 3009 3881 3089">
    <p class='ocr_par' dir='ltr' id='par_1_76' title="bbox 2304 3009 3881 3089">
     <span class='ocr_line' id='line_1_76' title="bbox 2304 3009 3881 3089; baseline 0.007 -27"><span class='ocrx_word' id='word_1_544' title='bbox 2304 3011 2443 3079; x_wconf 75' lang='grc' dir='ltr'>πρὸς</span> <span class='ocrx_word' id='word_1_545' title='bbox 2471 3010 2540 3062; x_wconf 75' lang='grc' dir='ltr'>τὰ</span> <span class='ocrx_word' id='word_1_546' title='bbox 2560 3012 2797 3080; x_wconf 80' lang='grc' dir='ltr'>Μέγαρα</span> <span class='ocrx_word' id='word_1_547' title='bbox 2821 3028 2835 3042; x_wconf 87' lang='grc'><strong>·</strong></span> <span class='ocrx_word' id='word_1_548' title='bbox 2863 3009 3032 3081; x_wconf 72' lang='grc' dir='ltr'>ᾤοντο</span> <span class='ocrx_word' id='word_1_549' title='bbox 3061 3012 3170 3082; x_wconf 84' lang='grc' dir='ltr'>γὰρ</span> <span class='ocrx_word' id='word_1_550' title='bbox 3198 3009 3337 3068; x_wconf 78' lang='grc' dir='ltr'>εἶναι</span> <span class='ocrx_word' id='word_1_551' title='bbox 3365 3017 3564 3088; x_wconf 82' lang='grc' dir='ltr'>σχολὴν</span> <span class='ocrx_word' id='word_1_552' title='bbox 3588 3018 3881 3089; x_wconf 79' lang='grc' dir='ltr'>Ἀθηναίων</span> 
     </span>
    </p>
   </div>
   <div class='ocr_carea' id='block_1_77' title="bbox 2305 3104 3882 3182">
    <p class='ocr_par' dir='ltr' id='par_1_77' title="bbox 2305 3104 3882 3182">
     <span class='ocr_line' id='line_1_77' title="bbox 2305 3104 3882 3182; baseline 0.008 -29"><span class='ocrx_word' id='word_1_553' title='bbox 2305 3105 2385 3165; x_wconf 85' lang='grc' dir='ltr'><strong>είς</strong></span> <span class='ocrx_word' id='word_1_554' title='bbox 2418 3104 2481 3155; x_wconf 80' lang='grc' dir='ltr'>τὸ</span> <span class='ocrx_word' id='word_1_555' title='bbox 2513 3104 2673 3173; x_wconf 78' lang='grc' dir='ltr'>ἔργον</span> <span class='ocrx_word' id='word_1_556' title='bbox 2700 3105 2933 3167; x_wconf 81' lang='grc' dir='ltr'>ἑαυτοῖς.</span> <span class='ocrx_word' id='word_1_557' title='bbox 2969 3105 3030 3157; x_wconf 82' lang='grc' dir='ltr'><strong>Εἰ</strong></span> <span class='ocrx_word' id='word_1_558' title='bbox 3053 3104 3101 3157; x_wconf 79' lang='grc' dir='ltr'>δ’</span> <span class='ocrx_word' id='word_1_559' title='bbox 3137 3106 3249 3176; x_wconf 77' lang='grc' dir='ltr'>ἄρα</span> <span class='ocrx_word' id='word_1_560' title='bbox 3294 3108 3393 3160; x_wconf 76' lang='grc' dir='ltr'><strong>καὶ</strong></span> <span class='ocrx_word' id='word_1_561' title='bbox 3437 3109 3506 3162; x_wconf 73' lang='grc' dir='ltr'>τὰ</span> <span class='ocrx_word' id='word_1_562' title='bbox 3532 3110 3763 3182; x_wconf 71' lang='grc' dir='ltr'>δεύτερα</span> <span class='ocrx_word' id='word_1_563' title='bbox 3807 3131 3882 3167; x_wconf 82' lang='grc' dir='ltr'>νι-</span> 
     </span>
    </p>
   </div>
   <div class='ocr_carea' id='block_1_78' title="bbox 2306 3194 3883 3277">
    <p class='ocr_par' dir='ltr' id='par_1_78' title="bbox 2306 3194 3883 3277">
     <span class='ocr_line' id='line_1_78' title="bbox 2306 3194 3883 3277; baseline 0.007 -30"><span class='ocrx_word' id='word_1_564' title='bbox 2306 3194 2444 3266; x_wconf 81' lang='grc' dir='ltr'>κῴη,</span> <span class='ocrx_word' id='word_1_565' title='bbox 2496 3195 2610 3249; x_wconf 84' lang='grc' dir='ltr'>ἀλλ’</span> <span class='ocrx_word' id='word_1_566' title='bbox 2655 3196 2852 3266; x_wconf 85' lang='grc' dir='ltr'>ὲτέραν</span> <span class='ocrx_word' id='word_1_567' title='bbox 2892 3196 3210 3266; x_wconf 85' lang='grc' dir='ltr'>πολιορκίαν</span> <span class='ocrx_word' id='word_1_568' title='bbox 3266 3198 3393 3271; x_wconf 90' lang='grc'>[660</span> <span class='ocrx_word' id='word_1_569' title='bbox 3433 3200 3524 3273; x_wconf 84' lang='lat' dir='ltr'><strong>ii.]</strong></span> <span class='ocrx_word' id='word_1_570' title='bbox 3575 3203 3759 3257; x_wconf 75' lang='grc' dir='ltr'>λύσειν</span> <span class='ocrx_word' id='word_1_571' title='bbox 3789 3209 3883 3277; x_wconf 76' lang='grc' dir='ltr'><strong>τῆς</strong></span> 
     </span>
    </p>
   </div>
   <div class='ocr_carea' id='block_1_79' title="bbox 2302 3287 3881 3363">
    <p class='ocr_par' dir='ltr' id='par_1_79' title="bbox 2302 3287 3881 3363">
     <span class='ocr_line' id='line_1_79' title="bbox 2302 3287 3881 3363; baseline 0.008 -24"><span class='ocrx_word' id='word_1_572' title='bbox 2302 3288 2527 3355; x_wconf 81' lang='grc' dir='ltr'>Αἰγίνης</span> <span class='ocrx_word' id='word_1_573' title='bbox 2546 3303 2561 3318; x_wconf 75' lang='grc' dir='ltr'><strong><em>ο</em></strong></span> <span class='ocrx_word' id='word_1_574' title='bbox 2586 3287 2646 3339; x_wconf 83' lang='grc' dir='ltr'><strong>ού</strong></span> <span class='ocrx_word' id='word_1_575' title='bbox 2676 3288 2784 3358; x_wconf 80' lang='grc' dir='ltr'>γὰρ</span> <span class='ocrx_word' id='word_1_576' title='bbox 2823 3288 3045 3341; x_wconf 76' lang='grc' dir='ltr'>ἄλλοθέν</span> <span class='ocrx_word' id='word_1_577' title='bbox 3066 3308 3128 3358; x_wconf 88' lang='grc' dir='ltr'><strong>γε</strong></span> <span class='ocrx_word' id='word_1_578' title='bbox 3158 3290 3343 3343; x_wconf 83' lang='grc' dir='ltr'>λοιπὸν</span> <span class='ocrx_word' id='word_1_579' title='bbox 3366 3293 3519 3363; x_wconf 73' lang='grc' dir='ltr'>ἥξειν</span> <span class='ocrx_word' id='word_1_580' title='bbox 3566 3296 3784 3360; x_wconf 83' lang='grc' dir='ltr'>αύτούς.</span> <span class='ocrx_word' id='word_1_581' title='bbox 3825 3303 3881 3351; x_wconf 78' lang='grc' dir='ltr'><strong>υἱ</strong></span> 
     </span>
    </p>
   </div>
   <div class='ocr_carea' id='block_1_80' title="bbox 2300 3378 3881 3452">
    <p class='ocr_par' dir='ltr' id='par_1_80' title="bbox 2300 3378 3881 3452">
     <span class='ocr_line' id='line_1_80' title="bbox 2300 3378 3881 3452; baseline 0.001 -21"><span class='ocrx_word' id='word_1_582' title='bbox 2300 3379 2355 3431; x_wconf 76' lang='grc' dir='ltr'>δὲ</span> <span class='ocrx_word' id='word_1_583' title='bbox 2385 3378 2637 3431; x_wconf 78' lang='grc' dir='ltr'>τοσοῦτον</span> <span class='ocrx_word' id='word_1_584' title='bbox 2664 3378 3039 3447; x_wconf 76' lang='grc' dir='ltr'>κατεγέλασαν</span> <span class='ocrx_word' id='word_1_585' title='bbox 3068 3381 3163 3433; x_wconf 80' lang='grc' dir='ltr'>τοῦ</span> <span class='ocrx_word' id='word_1_586' title='bbox 3190 3383 3547 3452; x_wconf 75' lang='grc' dir='ltr'>σοφίσματος,</span> <span class='ocrx_word' id='word_1_587' title='bbox 3576 3387 3717 3440; x_wconf 77' lang='grc' dir='ltr'>ὥστε</span> <span class='ocrx_word' id='word_1_588' title='bbox 3739 3390 3881 3442; x_wconf 59' lang='grc' dir='ltr'>οὐδὲν</span> 
     </span>
    </p>
   </div>
   <div class='ocr_carea' id='block_1_81' title="bbox 2304 3470 3881 3547">
    <p class='ocr_par' dir='ltr' id='par_1_81' title="bbox 2304 3470 3881 3547">
     <span class='ocr_line' id='line_1_81' title="bbox 2304 3470 3881 3547; baseline 0.008 -24"><span class='ocrx_word' id='word_1_589' title='bbox 2304 3471 2504 3542; x_wconf 79' lang='grc' dir='ltr'>μᾶλλον</span> <span class='ocrx_word' id='word_1_590' title='bbox 2536 3471 2584 3523; x_wconf 86' lang='grc' dir='ltr'>οἱ</span> <span class='ocrx_word' id='word_1_591' title='bbox 2614 3470 2751 3541; x_wconf 82' lang='grc' dir='ltr'>πρὸς</span> <span class='ocrx_word' id='word_1_592' title='bbox 2783 3472 2975 3543; x_wconf 79' lang='grc' dir='ltr'>Αἰγίνῃ</span> <span class='ocrx_word' id='word_1_593' title='bbox 3016 3472 3138 3525; x_wconf 87' lang='grc' dir='ltr'>τότε</span> <span class='ocrx_word' id='word_1_594' title='bbox 3182 3475 3521 3547; x_wconf 82' lang='grc' dir='ltr'>ἐκινήθησαν</span> <span class='ocrx_word' id='word_1_595' title='bbox 3560 3481 3671 3533; x_wconf 85' lang='grc' dir='ltr'><strong>τῶν</strong></span> <span class='ocrx_word' id='word_1_596' title='bbox 3706 3482 3763 3534; x_wconf 83' lang='grc' dir='ltr'><strong>ἐν</strong></span> <span class='ocrx_word' id='word_1_597' title='bbox 3792 3484 3881 3535; x_wconf 79' lang='grc' dir='ltr'><strong>Δί-</strong></span> 
     </span>
    </p>
   </div>
   <div class='ocr_carea' id='block_1_82' title="bbox 2300 3563 3242 3635">
    <p class='ocr_par' dir='ltr' id='par_1_82' title="bbox 2300 3563 3242 3635">
     <span class='ocr_line' id='line_1_82' title="bbox 2300 3563 3242 3635; baseline 0.005 -20"><span class='ocrx_word' id='word_1_598' title='bbox 2300 3563 2495 3631; x_wconf 84' lang='grc' dir='ltr'>γύπτῳ</span> <span class='ocrx_word' id='word_1_599' title='bbox 2525 3565 2619 3616; x_wconf 71' lang='grc' dir='ltr'><strong>καὶ</strong></span> <span class='ocrx_word' id='word_1_600' title='bbox 2657 3564 2825 3633; x_wconf 80' lang='grc' dir='ltr'>μηδὲν</span> <span class='ocrx_word' id='word_1_601' title='bbox 2856 3564 3242 3635; x_wconf 81' lang='grc' dir='ltr'>πεπυσμένων.</span> 
     </span>
    </p>
   </div>
   <div class='ocr_carea' id='block_1_83' title="bbox 2382 3653 3876 3726">
    <p class='ocr_par' dir='ltr' id='par_1_83' title="bbox 2382 3653 3876 3726">
     <span class='ocr_line' id='line_1_83' title="bbox 2382 3653 3876 3726; baseline 0.006 -21"><span class='ocrx_word' id='word_1_602' title='bbox 2382 3653 2540 3706; x_wconf 75' lang='grc' dir='ltr'>Ἀλλὰ</span> <span class='ocrx_word' id='word_1_603' title='bbox 2560 3656 2606 3686; x_wconf 63' lang='grc'><strong>⁸³</strong></span> <span class='ocrx_word' id='word_1_604' title='bbox 2639 3654 2748 3725; x_wconf 84' lang='grc' dir='ltr'>μὴν</span> <span class='ocrx_word' id='word_1_605' title='bbox 2786 3655 2921 3723; x_wconf 75' lang='grc' dir='ltr'>μόνη</span> <span class='ocrx_word' id='word_1_606' title='bbox 2950 3654 3049 3724; x_wconf 80' lang='grc' dir='ltr'>μὲν</span> <span class='ocrx_word' id='word_1_607' title='bbox 3085 3656 3311 3709; x_wconf 82' lang='grc' dir='ltr'>ἀπασῶν</span> <span class='ocrx_word' id='word_1_608' title='bbox 3340 3659 3549 3711; x_wconf 81' lang='grc' dir='ltr'>πόλεων</span> <span class='ocrx_word' id='word_1_609' title='bbox 3574 3662 3726 3726; x_wconf 76' lang='grc' dir='ltr'>ἰδίοις</span> <span class='ocrx_word' id='word_1_610' title='bbox 3765 3682 3876 3716; x_wconf 82' lang='grc' dir='ltr'>κιν-</span> 
     </span>
    </p>
   </div>
   <div class='ocr_carea' id='block_1_84' title="bbox 2296 3744 3877 3828">
    <p class='ocr_par' dir='ltr' id='par_1_84' title="bbox 2296 3744 3877 3828">
     <span class='ocr_line' id='line_1_84' title="bbox 2296 3744 3877 3828; baseline 0.008 -31"><span class='ocrx_word' id='word_1_611' title='bbox 2296 3744 2471 3809; x_wconf 86' lang='grc' dir='ltr'>δύνοις</span> <span class='ocrx_word' id='word_1_612' title='bbox 2497 3746 2683 3813; x_wconf 77' lang='grc' dir='ltr'>κοινὴν</span> <span class='ocrx_word' id='word_1_613' title='bbox 2704 3746 2906 3799; x_wconf 82' lang='grc' dir='ltr'>ἆπαντι</span> <span class='ocrx_word' id='word_1_614' title='bbox 2939 3747 3018 3818; x_wconf 82' lang='grc' dir='ltr'>τῷ</span> <span class='ocrx_word' id='word_1_615' title='bbox 3057 3749 3208 3817; x_wconf 84' lang='grc' dir='ltr'>γένει</span> <span class='ocrx_word' id='word_1_616' title='bbox 3236 3751 3335 3821; x_wconf 83' lang='grc' dir='ltr'><strong>τήν</strong></span> <span class='ocrx_word' id='word_1_617' title='bbox 3386 3751 3659 3819; x_wconf 80' lang='grc' dir='ltr'>ὠφέλειαν</span> <span class='ocrx_word' id='word_1_618' title='bbox 3700 3756 3877 3828; x_wconf 74' lang='grc' dir='ltr'>ἐπορί-</span> 
     </span>
    </p>
   </div>
   <div class='ocr_carea' id='block_1_85' title="bbox 2300 3838 3877 3919">
    <p class='ocr_par' dir='ltr' id='par_1_85' title="bbox 2300 3838 3877 3919">
     <span class='ocr_line' id='line_1_85' title="bbox 2300 3838 3877 3919; baseline 0.007 -28"><span class='ocrx_word' id='word_1_619' title='bbox 2300 3856 2450 3902; x_wconf 90' lang='grc' dir='ltr'>σατο,</span> <span class='ocrx_word' id='word_1_620' title='bbox 2489 3838 2623 3909; x_wconf 79' lang='grc' dir='ltr'>μόνη</span> <span class='ocrx_word' id='word_1_621' title='bbox 2650 3838 2707 3890; x_wconf 87' lang='grc' dir='ltr'>δὲ</span> <span class='ocrx_word' id='word_1_622' title='bbox 2741 3840 2804 3891; x_wconf 80' lang='grc' dir='ltr'>ἐκ</span> <span class='ocrx_word' id='word_1_623' title='bbox 2833 3838 2944 3891; x_wconf 84' lang='grc' dir='ltr'><strong>τῶν</strong></span> <span class='ocrx_word' id='word_1_624' title='bbox 2973 3842 3170 3893; x_wconf 80' lang='grc' dir='ltr'>κοινῶν</span> <span class='ocrx_word' id='word_1_625' title='bbox 3192 3842 3524 3913; x_wconf 75' lang='grc' dir='ltr'>εὐεργεσιῶν</span> <span class='ocrx_word' id='word_1_626' title='bbox 3552 3848 3651 3913; x_wconf 72' lang='grc' dir='ltr'>τὴν</span> <span class='ocrx_word' id='word_1_627' title='bbox 3684 3849 3877 3919; x_wconf 77' lang='grc' dir='ltr'>ἡγεμο-</span> 
     </span>
    </p>
   </div>
   <div class='ocr_carea' id='block_1_86' title="bbox 2296 3932 3873 4011">
    <p class='ocr_par' dir='ltr' id='par_1_86' title="bbox 2296 3932 3873 4011">
     <span class='ocr_line' id='line_1_86' title="bbox 2296 3932 3873 4011; baseline 0.006 -27"><span class='ocrx_word' id='word_1_628' title='bbox 2296 3932 2415 3985; x_wconf 90' lang='grc' dir='ltr'>νίαν</span> <span class='ocrx_word' id='word_1_629' title='bbox 2450 3932 2719 4001; x_wconf 69' lang='grc' dir='ltr'>ἐκτήσατο</span> <span class='ocrx_word' id='word_1_630' title='bbox 2744 3932 2813 3993; x_wconf 82' lang='grc'><strong>’⁸,</strong></span> <span class='ocrx_word' id='word_1_631' title='bbox 2854 3933 2949 3984; x_wconf 76' lang='grc' dir='ltr'>καὶ</span> <span class='ocrx_word' id='word_1_632' title='bbox 2983 3933 3251 4005; x_wconf 83' lang='grc' dir='ltr'>μετέθηκε</span> <span class='ocrx_word' id='word_1_633' title='bbox 3284 3937 3374 3991; x_wconf 72' lang='grc' dir='ltr'><strong>τὸν</strong></span> <span class='ocrx_word' id='word_1_634' title='bbox 3409 3937 3609 4007; x_wconf 83' lang='grc' dir='ltr'>θεσμόν</span> <span class='ocrx_word' id='word_1_635' title='bbox 3632 3955 3646 3969; x_wconf 74' lang='grc' dir='ltr'><strong><em>ο</em></strong></span> <span class='ocrx_word' id='word_1_636' title='bbox 3682 3941 3741 3993; x_wconf 78' lang='grc' dir='ltr'><strong>ού</strong></span> <span class='ocrx_word' id='word_1_637' title='bbox 3773 3942 3873 4011; x_wconf 73' lang='grc' dir='ltr'>γὰρ</span> 
     </span>
    </p>
   </div>
   <div class='ocr_carea' id='block_1_87' title="bbox 2298 4018 3872 4103">
    <p class='ocr_par' dir='ltr' id='par_1_87' title="bbox 2298 4018 3872 4103">
     <span class='ocr_line' id='line_1_87' title="bbox 2298 4018 3872 4103; baseline 0.006 -27"><span class='ocrx_word' id='word_1_638' title='bbox 2298 4024 2356 4088; x_wconf 75' lang='grc' dir='ltr'><strong>ἐξ</strong></span> <span class='ocrx_word' id='word_1_639' title='bbox 2402 4018 2476 4076; x_wconf 81' lang='grc' dir='ltr'>ὧν</span> <span class='ocrx_word' id='word_1_640' title='bbox 2524 4022 2972 4077; x_wconf 83' lang='grc' dir='ltr'>κατεδουλώσατο</span> <span class='ocrx_word' id='word_1_641' title='bbox 3006 4025 3105 4088; x_wconf 67' lang='grc' dir='ltr'><strong>τὰς</strong></span> <span class='ocrx_word' id='word_1_642' title='bbox 3155 4028 3338 4089; x_wconf 80' lang='grc' dir='ltr'>πόλεις</span> <span class='ocrx_word' id='word_1_643' title='bbox 3361 4027 3485 4099; x_wconf 78' lang='grc' dir='ltr'><strong>ἔσχε</strong></span> <span class='ocrx_word' id='word_1_644' title='bbox 3538 4031 3639 4101; x_wconf 76' lang='grc' dir='ltr'>τὴν</span> <span class='ocrx_word' id='word_1_645' title='bbox 3686 4033 3872 4103; x_wconf 72' lang='grc' dir='ltr'>ἀρχὴν,</span> 
     </span>
    </p>
   </div>
   <div class='ocr_carea' id='block_1_88' title="bbox 2296 4108 3875 4189">
    <p class='ocr_par' dir='ltr' id='par_1_88' title="bbox 2296 4108 3875 4189">
     <span class='ocr_line' id='line_1_88' title="bbox 2296 4108 3875 4189; baseline 0.005 -22"><span class='ocrx_word' id='word_1_646' title='bbox 2296 4114 2412 4167; x_wconf 83' lang='grc' dir='ltr'>ἀλλ’</span> <span class='ocrx_word' id='word_1_647' title='bbox 2445 4114 2502 4181; x_wconf 81' lang='grc' dir='ltr'><strong>ἐξ</strong></span> <span class='ocrx_word' id='word_1_648' title='bbox 2533 4108 2608 4168; x_wconf 83' lang='grc' dir='ltr'><strong>ὧν</strong></span> <span class='ocrx_word' id='word_1_649' title='bbox 2631 4113 2887 4184; x_wconf 78' lang='grc' dir='ltr'>ἐποίησεν</span> <span class='ocrx_word' id='word_1_650' title='bbox 2912 4113 3227 4185; x_wconf 75' lang='grc' dir='ltr'>ἐλευθέρας.</span> <span class='ocrx_word' id='word_1_651' title='bbox 3257 4117 3419 4169; x_wconf 81' lang='grc' dir='ltr'>Ὥστε</span> <span class='ocrx_word' id='word_1_652' title='bbox 3448 4136 3509 4170; x_wconf 89' lang='grc' dir='ltr'><strong>συ</strong></span> <span class='ocrx_word' id='word_1_653' title='bbox 3522 4120 3725 4189; x_wconf 80' lang='grc' dir='ltr'>μϐἧναι</span> <span class='ocrx_word' id='word_1_654' title='bbox 3753 4125 3875 4186; x_wconf 74' lang='grc' dir='ltr'>τοὺς</span> 
     </span>
    </p>
   </div>
   <div class='ocr_carea' id='block_1_89' title="bbox 2296 4207 3872 4284">
    <p class='ocr_par' dir='ltr' id='par_1_89' title="bbox 2296 4207 3872 4284">
     <span class='ocr_line' id='line_1_89' title="bbox 2296 4207 3872 4284; baseline 0.005 -25"><span class='ocrx_word' id='word_1_655' title='bbox 2296 4208 2495 4270; x_wconf 80' lang='grc' dir='ltr'>αὐτοὺς</span> <span class='ocrx_word' id='word_1_656' title='bbox 2522 4207 2750 4276; x_wconf 83' lang='grc' dir='ltr'>χρόνους</span> <span class='ocrx_word' id='word_1_657' title='bbox 2773 4208 2888 4269; x_wconf 87' lang='grc' dir='ltr'>τοῖς</span> <span class='ocrx_word' id='word_1_658' title='bbox 2923 4207 3022 4276; x_wconf 86' lang='grc' dir='ltr'><strong>μὲν</strong></span> <span class='ocrx_word' id='word_1_659' title='bbox 3047 4207 3279 4278; x_wconf 79' lang='grc' dir='ltr'>Ἕλλησι</span> <span class='ocrx_word' id='word_1_660' title='bbox 3318 4208 3377 4262; x_wconf 84' lang='grc' dir='ltr'><strong>τὸ</strong></span> <span class='ocrx_word' id='word_1_661' title='bbox 3414 4213 3515 4280; x_wconf 83' lang='grc' dir='ltr'><strong>τῆς</strong></span> <span class='ocrx_word' id='word_1_662' title='bbox 3542 4212 3872 4284; x_wconf 80' lang='grc' dir='ltr'>ἐλευθερίας,</span> 
     </span>
    </p>
   </div>
   <div class='ocr_carea' id='block_1_90' title="bbox 2295 4296 3874 4369">
    <p class='ocr_par' dir='ltr' id='par_1_90' title="bbox 2295 4296 3874 4369">
     <span class='ocr_line' id='line_1_90' title="bbox 2295 4296 3874 4369; baseline 0.006 -20"><span class='ocrx_word' id='word_1_663' title='bbox 2295 4300 2360 4368; x_wconf 84' lang='grc' dir='ltr'>τῇ</span> <span class='ocrx_word' id='word_1_664' title='bbox 2396 4296 2451 4349; x_wconf 84' lang='grc' dir='ltr'>δὲ</span> <span class='ocrx_word' id='word_1_665' title='bbox 2484 4298 2637 4350; x_wconf 81' lang='grc' dir='ltr'>πόλει</span> <span class='ocrx_word' id='word_1_666' title='bbox 2692 4297 2753 4349; x_wconf 79' lang='grc' dir='ltr'>τὸ</span> <span class='ocrx_word' id='word_1_667' title='bbox 2797 4301 2893 4368; x_wconf 80' lang='grc' dir='ltr'>τῆς</span> <span class='ocrx_word' id='word_1_668' title='bbox 2929 4298 3104 4369; x_wconf 72' lang='grc' dir='ltr'>ἀρχῆς</span> <span class='ocrx_word' id='word_1_669' title='bbox 3152 4299 3345 4369; x_wconf 82' lang='grc' dir='ltr'>κέρδος</span> <span class='ocrx_word' id='word_1_670' title='bbox 3395 4303 3663 4369; x_wconf 73' lang='grc' dir='ltr'>ἐνεγκεῖν.</span> <span class='ocrx_word' id='word_1_671' title='bbox 3713 4306 3874 4358; x_wconf 73' lang='grc' dir='ltr'>Μόνοι</span> 
     </span>
    </p>
   </div>
   <div class='ocr_carea' id='block_1_91' title="bbox 2296 4383 3875 4466">
    <p class='ocr_par' dir='ltr' id='par_1_91' title="bbox 2296 4383 3875 4466">
     <span class='ocr_line' id='line_1_91' title="bbox 2296 4383 3875 4466; baseline 0.008 -28"><span class='ocrx_word' id='word_1_672' title='bbox 2296 4388 2403 4457; x_wconf 75' lang='grc' dir='ltr'>γὰρ</span> <span class='ocrx_word' id='word_1_673' title='bbox 2437 4388 2672 4439; x_wconf 76' lang='grc' dir='ltr'>ἑκόντων</span> <span class='ocrx_word' id='word_1_674' title='bbox 2700 4383 2897 4459; x_wconf 81' lang='grc' dir='ltr'>ἦρξαν,</span> <span class='ocrx_word' id='word_1_675' title='bbox 2932 4390 3026 4441; x_wconf 82' lang='grc' dir='ltr'><strong>καὶ</strong></span> <span class='ocrx_word' id='word_1_676' title='bbox 3078 4390 3238 4459; x_wconf 83' lang='grc' dir='ltr'>μόνος</span> <span class='ocrx_word' id='word_1_677' title='bbox 3276 4384 3430 4454; x_wconf 72' lang='grc' dir='ltr'>οὗτος</span> <span class='ocrx_word' id='word_1_678' title='bbox 3468 4393 3657 4465; x_wconf 77' lang='grc' dir='ltr'>δήμων</span> <span class='ocrx_word' id='word_1_679' title='bbox 3694 4395 3875 4466; x_wconf 81' lang='grc' dir='ltr'>ὥσπερ</span> 
     </span>
    </p>
   </div>
   <div class='ocr_carea' id='block_1_92' title="bbox 2295 4472 3876 4555">
    <p class='ocr_par' dir='ltr' id='par_1_92' title="bbox 2295 4472 3876 4555">
     <span class='ocr_line' id='line_1_92' title="bbox 2295 4472 3876 4555; baseline 0.006 -27"><span class='ocrx_word' id='word_1_680' title='bbox 2295 4472 2376 4539; x_wconf 83' lang='grc' dir='ltr'><strong>εἷς</strong></span> <span class='ocrx_word' id='word_1_681' title='bbox 2420 4476 2606 4547; x_wconf 77' lang='grc' dir='ltr'>ἄρχων</span> <span class='ocrx_word' id='word_1_682' title='bbox 2651 4477 2867 4547; x_wconf 77' lang='grc' dir='ltr'>αἱρετὸς</span> <span class='ocrx_word' id='word_1_683' title='bbox 2914 4478 2972 4545; x_wconf 78' lang='grc' dir='ltr'><strong>ἐξ</strong></span> <span class='ocrx_word' id='word_1_684' title='bbox 3011 4479 3270 4533; x_wconf 82' lang='grc' dir='ltr'>ἁπάντων</span> <span class='ocrx_word' id='word_1_685' title='bbox 3316 4483 3559 4553; x_wconf 81' lang='grc' dir='ltr'>ἐνίκησε,</span> <span class='ocrx_word' id='word_1_686' title='bbox 3602 4486 3729 4549; x_wconf 78' lang='grc' dir='ltr'>τοὺς</span> <span class='ocrx_word' id='word_1_687' title='bbox 3781 4488 3876 4555; x_wconf 80' lang='grc' dir='ltr'><strong>μὲν</strong></span> 
     </span>
    </p>
   </div>
   <div class='ocr_carea' id='block_1_93' title="bbox 607 4559 2198 4649">
    <p class='ocr_par' dir='ltr' id='par_1_93' title="bbox 607 4559 2189 4635">
     <span class='ocr_line' id='line_1_93' title="bbox 607 4559 2189 4635; baseline 0.004 -23"><span class='ocrx_word' id='word_1_688' title='bbox 607 4559 977 4629; x_wconf 84' lang='lat' dir='ltr'><strong>principatum</strong></span> <span class='ocrx_word' id='word_1_689' title='bbox 1013 4561 1309 4629; x_wconf 83' lang='lat' dir='ltr'><strong>acceperit,</strong></span> <span class='ocrx_word' id='word_1_690' title='bbox 1338 4577 1445 4631; x_wconf 87' lang='lat' dir='ltr'><strong>quo</strong></span> <span class='ocrx_word' id='word_1_691' title='bbox 1476 4564 1541 4617; x_wconf 86' lang='lat' dir='ltr'><strong>ad</strong></span> <span class='ocrx_word' id='word_1_692' title='bbox 1568 4565 1811 4630; x_wconf 65' lang='lat' dir='ltr'><strong>iustitiae,</strong></span> <span class='ocrx_word' id='word_1_693' title='bbox 1848 4582 1951 4619; x_wconf 92' lang='lat' dir='ltr'><strong>non</strong></span> <span class='ocrx_word' id='word_1_694' title='bbox 1982 4567 2189 4635; x_wconf 71' lang='lat' dir='ltr'><strong>injuria:</strong></span> 
     </span>
    </p>
   </div>
   <div class='ocr_carea' id='block_1_94' title="bbox 2304 4559 3877 4649">
    <p class='ocr_par' dir='ltr' id='par_1_94' title="bbox 2304 4566 3877 4649">
     <span class='ocr_line' id='line_1_94' title="bbox 2304 4566 3877 4649; baseline 0.008 -30"><span class='ocrx_word' id='word_1_695' title='bbox 2304 4566 2609 4638; x_wconf 75' lang='grc' dir='ltr'>βαρϐάρους</span> <span class='ocrx_word' id='word_1_696' title='bbox 2659 4571 2771 4631; x_wconf 82' lang='grc' dir='ltr'>τοῖς</span> <span class='ocrx_word' id='word_1_697' title='bbox 2812 4569 3000 4633; x_wconf 84' lang='grc' dir='ltr'>ὅπλοις</span> <span class='ocrx_word' id='word_1_698' title='bbox 3035 4569 3385 4641; x_wconf 74' lang='grc' dir='ltr'>βιασάμενος,</span> <span class='ocrx_word' id='word_1_699' title='bbox 3423 4575 3589 4645; x_wconf 67' lang='grc'><strong>[1224</strong></span> <span class='ocrx_word' id='word_1_700' title='bbox 3613 4577 3705 4649; x_wconf 65' lang='grc'><strong>3.]</strong></span> <span class='ocrx_word' id='word_1_701' title='bbox 3751 4583 3877 4643; x_wconf 72' lang='grc' dir='ltr'>τοὺς</span> 
     </span>
    </p>
   </div>
   <div class='ocr_carea' id='block_1_95' title="bbox 608 4650 2187 4723">
    <p class='ocr_par' dir='ltr' id='par_1_95' title="bbox 608 4650 2187 4723">
     <span class='ocr_line' id='line_1_95' title="bbox 608 4650 2187 4723; baseline 0.005 -21"><span class='ocrx_word' id='word_1_702' title='bbox 608 4656 789 4703; x_wconf 90' lang='lat' dir='ltr'><strong>notam</strong></span> <span class='ocrx_word' id='word_1_703' title='bbox 826 4658 1085 4705; x_wconf 88' lang='lat' dir='ltr'><strong>uteretur.</strong></span> <span class='ocrx_word' id='word_1_704' title='bbox 1130 4650 1203 4705; x_wconf 87' lang='lat' dir='ltr'><strong>Ut</strong></span> <span class='ocrx_word' id='word_1_705' title='bbox 1251 4662 1435 4707; x_wconf 90' lang='lat' dir='ltr'><strong>autem</strong></span> <span class='ocrx_word' id='word_1_706' title='bbox 1488 4653 1796 4723; x_wconf 86' lang='lat' dir='ltr'><strong>singulatim</strong></span> <span class='ocrx_word' id='word_1_707' title='bbox 1848 4670 1961 4709; x_wconf 90' lang='lat' dir='ltr'><strong>rem</strong></span> <span class='ocrx_word' id='word_1_708' title='bbox 2020 4665 2187 4711; x_wconf 89' lang='lat' dir='ltr'><strong>totam</strong></span> 
     </span>
    </p>
   </div>
   <div class='ocr_carea' id='block_1_96' title="bbox 605 4741 2190 4812">
    <p class='ocr_par' dir='ltr' id='par_1_96' title="bbox 605 4741 2190 4812">
     <span class='ocr_line' id='line_1_96' title="bbox 605 4741 2190 4812; baseline 0.007 -18"><span class='ocrx_word' id='word_1_709' title='bbox 605 4741 895 4810; x_wconf 79' lang='lat' dir='ltr'><strong>explicem,</strong></span> <span class='ocrx_word' id='word_1_710' title='bbox 925 4743 1038 4796; x_wconf 86' lang='lat' dir='ltr'><strong>sola</strong></span> <span class='ocrx_word' id='word_1_711' title='bbox 1067 4743 1183 4799; x_wconf 67' lang='lat' dir='ltr'><strong>haec</strong></span> <span class='ocrx_word' id='word_1_712' title='bbox 1217 4745 1429 4809; x_wconf 87' lang='lat' dir='ltr'><strong>civitas,</strong></span> <span class='ocrx_word' id='word_1_713' title='bbox 1464 4745 1720 4802; x_wconf 87' lang='lat' dir='ltr'><strong>Barbaris</strong></span> <span class='ocrx_word' id='word_1_714' title='bbox 1748 4748 1955 4812; x_wconf 90' lang='lat' dir='ltr'><strong>invitis,</strong></span> <span class='ocrx_word' id='word_1_715' title='bbox 1985 4748 2190 4805; x_wconf 64' lang='lat' dir='ltr'><strong>Graecis</strong></span> 
     </span>
    </p>
   </div>
   <div class='ocr_carea' id='block_1_97' title="bbox 605 4839 2187 4911">
    <p class='ocr_par' dir='ltr' id='par_1_97' title="bbox 605 4839 2187 4911">
     <span class='ocr_line' id='line_1_97' title="bbox 605 4839 2187 4911; baseline 0.006 -21"><span class='ocrx_word' id='word_1_716' title='bbox 605 4847 782 4891; x_wconf 89' lang='lat' dir='ltr'><strong>autem</strong></span> <span class='ocrx_word' id='word_1_717' title='bbox 819 4839 1153 4907; x_wconf 89' lang='lat' dir='ltr'><strong>petentibus,</strong></span> <span class='ocrx_word' id='word_1_718' title='bbox 1196 4840 1485 4910; x_wconf 88' lang='lat' dir='ltr'><strong>imperium</strong></span> <span class='ocrx_word' id='word_1_719' title='bbox 1524 4851 1607 4896; x_wconf 91' lang='lat' dir='ltr'><strong>est</strong></span> <span class='ocrx_word' id='word_1_720' title='bbox 1641 4843 1856 4911; x_wconf 89' lang='lat' dir='ltr'><strong>adepta.</strong></span> <span class='ocrx_word' id='word_1_721' title='bbox 1907 4843 2040 4910; x_wconf 89' lang='lat' dir='ltr'><strong>Quis</strong></span> <span class='ocrx_word' id='word_1_722' title='bbox 2084 4861 2187 4899; x_wconf 87' lang='lat' dir='ltr'><strong>un-</strong></span> 
     </span>
    </p>
   </div>
   <div class='ocr_carea' id='block_1_98' title="bbox 603 4928 2183 5000">
    <p class='ocr_par' dir='ltr' id='par_1_98' title="bbox 603 4928 2183 5000">
     <span class='ocr_line' id='line_1_98' title="bbox 603 4928 2183 5000; baseline 0.006 -20"><span class='ocrx_word' id='word_1_723' title='bbox 603 4942 768 4996; x_wconf 89' lang='lat' dir='ltr'><strong>quam</strong></span> <span class='ocrx_word' id='word_1_724' title='bbox 803 4928 961 4997; x_wconf 89' lang='lat' dir='ltr'><strong>digne</strong></span> <span class='ocrx_word' id='word_1_725' title='bbox 985 4929 1066 4983; x_wconf 90' lang='lat' dir='ltr'><strong>vel</strong></span> <span class='ocrx_word' id='word_1_726' title='bbox 1098 4931 1386 5000; x_wconf 81' lang='lat' dir='ltr'><strong>cxpendat,</strong></span> <span class='ocrx_word' id='word_1_727' title='bbox 1408 4930 1491 4984; x_wconf 74' lang='lat' dir='ltr'><strong>Vel</strong></span> <span class='ocrx_word' id='word_1_728' title='bbox 1516 4933 1859 4987; x_wconf 79' lang='lat' dir='ltr'><strong>admiretur?</strong></span> <span class='ocrx_word' id='word_1_729' title='bbox 1910 4933 1980 4989; x_wconf 90' lang='lat' dir='ltr'><strong>Ut</strong></span> <span class='ocrx_word' id='word_1_730' title='bbox 2005 4945 2183 4991; x_wconf 87' lang='lat' dir='ltr'><strong>autem</strong></span> 
     </span>
    </p>
   </div>
   <div class='ocr_carea' id='block_1_99' title="bbox 607 5017 2186 5094">
    <p class='ocr_par' dir='ltr' id='par_1_99' title="bbox 607 5017 2186 5094">
     <span class='ocr_line' id='line_1_99' title="bbox 607 5017 2186 5094; baseline 0.008 -25"><span class='ocrx_word' id='word_1_731' title='bbox 607 5017 835 5087; x_wconf 83' lang='lat' dir='ltr'><strong>insignis</strong></span> <span class='ocrx_word' id='word_1_732' title='bbox 862 5018 951 5071; x_wconf 87' lang='lat' dir='ltr'><strong>illa</strong></span> <span class='ocrx_word' id='word_1_733' title='bbox 1012 5019 1194 5073; x_wconf 88' lang='lat' dir='ltr'><strong>clades</strong></span> <span class='ocrx_word' id='word_1_734' title='bbox 1230 5031 1451 5090; x_wconf 87' lang='lat' dir='ltr'><strong>accepta</strong></span> <span class='ocrx_word' id='word_1_735' title='bbox 1483 5021 1581 5076; x_wconf 81' lang='lat' dir='ltr'><strong>fuit</strong></span> <span class='ocrx_word' id='word_1_736' title='bbox 1611 5023 1746 5094; x_wconf 91' lang='lat' dir='ltr'><strong>(cur</strong></span> <span class='ocrx_word' id='word_1_737' title='bbox 1769 5026 1911 5078; x_wconf 86' lang='lat' dir='ltr'><strong>enim</strong></span> <span class='ocrx_word' id='word_1_738' title='bbox 1962 5026 2063 5080; x_wconf 87' lang='lat' dir='ltr'><strong>hoc</strong></span> <span class='ocrx_word' id='word_1_739' title='bbox 2102 5035 2186 5080; x_wconf 88' lang='lat' dir='ltr'><strong>ta-</strong></span> 
     </span>
    </p>
   </div>
   <div class='ocr_carea' id='block_1_100' title="bbox 605 5112 2189 5186">
    <p class='ocr_par' dir='ltr' id='par_1_100' title="bbox 605 5112 2189 5186">
     <span class='ocr_line' id='line_1_100' title="bbox 605 5112 2189 5186; baseline 0.008 -24"><span class='ocrx_word' id='word_1_740' title='bbox 605 5123 778 5176; x_wconf 91' lang='lat' dir='ltr'><strong>ceam,</strong></span> <span class='ocrx_word' id='word_1_741' title='bbox 819 5125 941 5164; x_wconf 92' lang='lat' dir='ltr'><strong>cum</strong></span> <span class='ocrx_word' id='word_1_742' title='bbox 967 5121 1019 5166; x_wconf 92' lang='lat' dir='ltr'><strong>et</strong></span> <span class='ocrx_word' id='word_1_743' title='bbox 1047 5112 1220 5181; x_wconf 89' lang='lat' dir='ltr'><strong>ipsum</strong></span> <span class='ocrx_word' id='word_1_744' title='bbox 1254 5113 1319 5166; x_wconf 91' lang='lat' dir='ltr'><strong>ad</strong></span> <span class='ocrx_word' id='word_1_745' title='bbox 1366 5114 1514 5169; x_wconf 90' lang='lat' dir='ltr'><strong>urbis</strong></span> <span class='ocrx_word' id='word_1_746' title='bbox 1554 5116 1975 5186; x_wconf 88' lang='lat' dir='ltr'><strong>magnitudinem</strong></span> <span class='ocrx_word' id='word_1_747' title='bbox 2007 5129 2189 5174; x_wconf 90' lang='lat' dir='ltr'><strong>osten-</strong></span> 
     </span>
    </p>
   </div>
   <div class='ocr_carea' id='block_1_101' title="bbox 606 5201 2190 5282">
    <p class='ocr_par' dir='ltr' id='par_1_101' title="bbox 606 5201 2190 5282">
     <span class='ocr_line' id='line_1_101' title="bbox 606 5201 2190 5282; baseline 0.011 -30"><span class='ocrx_word' id='word_1_748' title='bbox 606 5201 834 5255; x_wconf 87' lang='lat' dir='ltr'><strong>dendam</strong></span> <span class='ocrx_word' id='word_1_749' title='bbox 866 5203 1204 5273; x_wconf 87' lang='lat' dir='ltr'><strong>pertineat?)</strong></span> <span class='ocrx_word' id='word_1_750' title='bbox 1237 5207 1462 5273; x_wconf 62' lang='lat' dir='ltr'><strong>qute‘ita</strong></span> <span class='ocrx_word' id='word_1_751' title='bbox 1496 5212 1564 5262; x_wconf 92' lang='lat' dir='ltr'><strong>sit</strong></span> <span class='ocrx_word' id='word_1_752' title='bbox 1593 5211 1658 5262; x_wconf 90' lang='lat' dir='ltr'><strong>ad</strong></span> <span class='ocrx_word' id='word_1_753' title='bbox 1688 5211 1924 5281; x_wconf 80' lang='lat' dir='ltr'><strong>reliquas</strong></span> <span class='ocrx_word' id='word_1_754' title='bbox 1952 5228 2041 5267; x_wconf 88' lang='lat' dir='ltr'><strong>res</strong></span> <span class='ocrx_word' id='word_1_755' title='bbox 2068 5229 2190 5282; x_wconf 91' lang='lat' dir='ltr'><strong>pro-</strong></span> 
     </span>
    </p>
   </div>
   <div class='ocr_carea' id='block_1_102' title="bbox 606 5294 2190 5372">
    <p class='ocr_par' dir='ltr' id='par_1_102' title="bbox 606 5294 2190 5372">
     <span class='ocr_line' id='line_1_102' title="bbox 606 5294 2190 5372; baseline 0.009 -28"><span class='ocrx_word' id='word_1_756' title='bbox 606 5307 815 5362; x_wconf 85' lang='lat' dir='ltr'><strong>gressa,</strong></span> <span class='ocrx_word' id='word_1_757' title='bbox 859 5294 1017 5363; x_wconf 87' lang='lat' dir='ltr'><strong>quasi</strong></span> <span class='ocrx_word' id='word_1_758' title='bbox 1075 5300 1240 5350; x_wconf 85' lang='lat' dir='ltr'><strong>totam</strong></span> <span class='ocrx_word' id='word_1_759' title='bbox 1293 5296 1525 5353; x_wconf 77' lang='lat' dir='ltr'><strong>ceriissct</strong></span> <span class='ocrx_word' id='word_1_760' title='bbox 1575 5299 1836 5369; x_wconf 88' lang='lat' dir='ltr'><strong>Siciliam,</strong></span> <span class='ocrx_word' id='word_1_761' title='bbox 1869 5315 1970 5357; x_wconf 87' lang='lat' dir='ltr'><strong>nec</strong></span> <span class='ocrx_word' id='word_1_762' title='bbox 2004 5304 2190 5372; x_wconf 88' lang='lat' dir='ltr'><strong>copias</strong></span> 
     </span>
    </p>
   </div>
   <div class='ocr_carea' id='block_1_103' title="bbox 2294 4662 3878 4740">
    <p class='ocr_par' dir='ltr' id='par_1_103' title="bbox 2294 4662 3878 4740">
     <span class='ocr_line' id='line_1_103' title="bbox 2294 4662 3878 4740; baseline 0.008 -26"><span class='ocrx_word' id='word_1_763' title='bbox 2294 4662 2340 4714; x_wconf 84' lang='grc' dir='ltr'>δ’</span> <span class='ocrx_word' id='word_1_764' title='bbox 2379 4663 2685 4733; x_wconf 77' lang='grc' dir='ltr'>ὁμοφύλους</span> <span class='ocrx_word' id='word_1_765' title='bbox 2716 4663 2777 4715; x_wconf 88' lang='grc' dir='ltr'><strong>ού</strong></span> <span class='ocrx_word' id='word_1_766' title='bbox 2812 4664 3027 4729; x_wconf 74' lang='grc' dir='ltr'>πείσας,</span> <span class='ocrx_word' id='word_1_767' title='bbox 3055 4664 3171 4717; x_wconf 84' lang='grc' dir='ltr'>ἀλλ’</span> <span class='ocrx_word' id='word_1_768' title='bbox 3214 4667 3308 4718; x_wconf 80' lang='grc' dir='ltr'>ὑπ’</span> <span class='ocrx_word' id='word_1_769' title='bbox 3328 4668 3509 4720; x_wconf 80' lang='grc' dir='ltr'>αὐτῶν</span> <span class='ocrx_word' id='word_1_770' title='bbox 3531 4670 3720 4740; x_wconf 77' lang='grc' dir='ltr'>ἄρχειν</span> <span class='ocrx_word' id='word_1_771' title='bbox 3760 4689 3878 4725; x_wconf 77' lang='grc' dir='ltr'>πει-</span> 
     </span>
    </p>
   </div>
   <div class='ocr_carea' id='block_1_104' title="bbox 2297 4755 3879 4832">
    <p class='ocr_par' dir='ltr' id='par_1_104' title="bbox 2297 4755 3879 4832">
     <span class='ocr_line' id='line_1_104' title="bbox 2297 4755 3879 4832; baseline 0.006 -24"><span class='ocrx_word' id='word_1_772' title='bbox 2297 4755 2466 4819; x_wconf 78' lang='grc' dir='ltr'>σθεὶς,</span> <span class='ocrx_word' id='word_1_773' title='bbox 2500 4755 2770 4825; x_wconf 85' lang='grc' dir='ltr'>σύμϐολον</span> <span class='ocrx_word' id='word_1_774' title='bbox 2793 4757 2839 4789; x_wconf 76' lang='grc'><strong>⁸⁸</strong></span> <span class='ocrx_word' id='word_1_775' title='bbox 2863 4757 3215 4828; x_wconf 83' lang='grc' dir='ltr'>δικαιοσύνης</span> <span class='ocrx_word' id='word_1_776' title='bbox 3243 4758 3383 4828; x_wconf 76' lang='grc' dir='ltr'>ἔχων</span> <span class='ocrx_word' id='word_1_777' title='bbox 3414 4761 3513 4832; x_wconf 83' lang='grc' dir='ltr'><strong>τήν</strong></span> <span class='ocrx_word' id='word_1_778' title='bbox 3544 4763 3735 4832; x_wconf 79' lang='grc' dir='ltr'>ἀρχὴν,</span> <span class='ocrx_word' id='word_1_779' title='bbox 3762 4766 3879 4817; x_wconf 77' lang='grc' dir='ltr'>ἀλλ’</span> 
     </span>
    </p>
   </div>
   <div class='ocr_carea' id='block_1_105' title="bbox 2295 4849 3877 4925">
    <p class='ocr_par' dir='ltr' id='par_1_105' title="bbox 2295 4849 3877 4925">
     <span class='ocr_line' id='line_1_105' title="bbox 2295 4849 3877 4925; baseline 0.006 -25"><span class='ocrx_word' id='word_1_780' title='bbox 2295 4849 2395 4901; x_wconf 82' lang='grc' dir='ltr'><strong>οὐκ</strong></span> <span class='ocrx_word' id='word_1_781' title='bbox 2425 4849 2662 4911; x_wconf 79' lang='grc' dir='ltr'>ἀδικίας.</span> <span class='ocrx_word' id='word_1_782' title='bbox 2697 4851 2758 4901; x_wconf 81' lang='lat' dir='ltr'><strong>Ei</strong></span> <span class='ocrx_word' id='word_1_783' title='bbox 2789 4850 2844 4902; x_wconf 80' lang='grc' dir='ltr'>δὲ</span> <span class='ocrx_word' id='word_1_784' title='bbox 2876 4850 2957 4903; x_wconf 83' lang='grc' dir='ltr'><strong>δεῖ</strong></span> <span class='ocrx_word' id='word_1_785' title='bbox 2988 4850 3234 4905; x_wconf 80' lang='grc' dir='ltr'>διελόντα</span> <span class='ocrx_word' id='word_1_786' title='bbox 3266 4855 3464 4917; x_wconf 82' lang='grc' dir='ltr'>εἰπεῖν,</span> <span class='ocrx_word' id='word_1_787' title='bbox 3501 4855 3636 4925; x_wconf 79' lang='grc' dir='ltr'>μόνη</span> <span class='ocrx_word' id='word_1_788' title='bbox 3670 4858 3877 4910; x_wconf 70' lang='grc' dir='ltr'>πόλεων</span> 
     </span>
    </p>
   </div>
   <div class='ocr_carea' id='block_1_106' title="bbox 2293 4940 3878 5017">
    <p class='ocr_par' dir='ltr' id='par_1_106' title="bbox 2293 4940 3878 5017">
     <span class='ocr_line' id='line_1_106' title="bbox 2293 4940 3878 5017; baseline 0.004 -24"><span class='ocrx_word' id='word_1_789' title='bbox 2293 4940 2402 4993; x_wconf 83' lang='grc' dir='ltr'>τῶν</span> <span class='ocrx_word' id='word_1_790' title='bbox 2429 4940 2528 5010; x_wconf 81' lang='grc' dir='ltr'>μὲν</span> <span class='ocrx_word' id='word_1_791' title='bbox 2553 4940 2842 5011; x_wconf 79' lang='grc' dir='ltr'>βαρϐάρων</span> <span class='ocrx_word' id='word_1_792' title='bbox 2868 4943 3132 5009; x_wconf 81' lang='grc' dir='ltr'>ἀκόντων,</span> <span class='ocrx_word' id='word_1_793' title='bbox 3159 4944 3270 4997; x_wconf 79' lang='grc' dir='ltr'>τῶν</span> <span class='ocrx_word' id='word_1_794' title='bbox 3290 4945 3335 4998; x_wconf 78' lang='grc' dir='ltr'>δ’</span> <span class='ocrx_word' id='word_1_795' title='bbox 3373 4945 3643 5016; x_wconf 84' lang='grc' dir='ltr'>Ἑλλήνων</span> <span class='ocrx_word' id='word_1_796' title='bbox 3664 4947 3878 5017; x_wconf 60' lang='grc' dir='ltr'>δεηθέν.</span> 
     </span>
    </p>
   </div>
   <div class='ocr_carea' id='block_1_107' title="bbox 2293 5033 3876 5111">
    <p class='ocr_par' dir='ltr' id='par_1_107' title="bbox 2293 5033 3876 5111">
     <span class='ocr_line' id='line_1_107' title="bbox 2293 5033 3876 5111; baseline 0.004 -26"><span class='ocrx_word' id='word_1_797' title='bbox 2293 5050 2402 5085; x_wconf 84' lang='grc' dir='ltr'><strong>των</strong></span> <span class='ocrx_word' id='word_1_798' title='bbox 2432 5033 2475 5063; x_wconf 85' lang='grc'><strong>⁷⁷</strong></span> <span class='ocrx_word' id='word_1_799' title='bbox 2508 5033 2633 5102; x_wconf 74' lang='grc' dir='ltr'>ἔσχε</span> <span class='ocrx_word' id='word_1_800' title='bbox 2677 5034 2775 5103; x_wconf 83' lang='grc' dir='ltr'><strong>τήν</strong></span> <span class='ocrx_word' id='word_1_801' title='bbox 2807 5035 3001 5105; x_wconf 79' lang='grc' dir='ltr'>ἀρχήν.</span> <span class='ocrx_word' id='word_1_802' title='bbox 3034 5036 3171 5106; x_wconf 68' lang='grc' dir='ltr'>Ποία</span> <span class='ocrx_word' id='word_1_803' title='bbox 3197 5038 3243 5067; x_wconf 74' lang='grc'><strong>⁸⁸</strong></span> <span class='ocrx_word' id='word_1_804' title='bbox 3274 5038 3427 5090; x_wconf 79' lang='grc' dir='ltr'>ταῦτ’</span> <span class='ocrx_word' id='word_1_805' title='bbox 3456 5038 3630 5092; x_wconf 72' lang='grc' dir='ltr'>ἔνεστι</span> <span class='ocrx_word' id='word_1_806' title='bbox 3656 5040 3701 5070; x_wconf 86' lang='grc'><strong>⁹⁹</strong></span> <span class='ocrx_word' id='word_1_807' title='bbox 3728 5041 3876 5111; x_wconf 67' lang='grc' dir='ltr'>ψυχῇ</span> 
     </span>
    </p>
   </div>
   <div class='ocr_carea' id='block_1_108' title="bbox 2296 5122 3880 5201">
    <p class='ocr_par' dir='ltr' id='par_1_108' title="bbox 2296 5122 3880 5201">
     <span class='ocr_line' id='line_1_108' title="bbox 2296 5122 3880 5201; baseline 0.004 -26"><span class='ocrx_word' id='word_1_808' title='bbox 2296 5122 2631 5192; x_wconf 86' lang='grc' dir='ltr'>παραϐαλεῖν</span> <span class='ocrx_word' id='word_1_809' title='bbox 2694 5123 3047 5196; x_wconf 83' lang='grc' dir='ltr'>ἀνθρωπίνῃ,</span> <span class='ocrx_word' id='word_1_810' title='bbox 3108 5129 3202 5179; x_wconf 75' lang='grc' dir='ltr'>καὶ</span> <span class='ocrx_word' id='word_1_811' title='bbox 3271 5129 3413 5191; x_wconf 84' lang='grc' dir='ltr'>τίνος</span> <span class='ocrx_word' id='word_1_812' title='bbox 3464 5130 3567 5183; x_wconf 80' lang='grc' dir='ltr'><strong>οὐκ</strong></span> <span class='ocrx_word' id='word_1_813' title='bbox 3623 5132 3880 5201; x_wconf 78' lang='grc' dir='ltr'>εὐτυχίας</span> 
     </span>
    </p>
   </div>
   <div class='ocr_carea' id='block_1_109' title="bbox 2301 5211 3879 5285">
    <p class='ocr_par' dir='ltr' id='par_1_109' title="bbox 2301 5211 3879 5285">
     <span class='ocr_line' id='line_1_109' title="bbox 2301 5211 3879 5285; baseline 0.003 -20"><span class='ocrx_word' id='word_1_814' title='bbox 2301 5213 2503 5281; x_wconf 83' lang='grc' dir='ltr'>μᾶλλον</span> <span class='ocrx_word' id='word_1_815' title='bbox 2545 5211 2857 5282; x_wconf 84' lang='grc' dir='ltr'>θαυμάσαι;</span> <span class='ocrx_word' id='word_1_816' title='bbox 2913 5215 3206 5282; x_wconf 88' lang='grc' dir='ltr'>γενομένου</span> <span class='ocrx_word' id='word_1_817' title='bbox 3246 5216 3302 5268; x_wconf 82' lang='grc' dir='ltr'>δὲ</span> <span class='ocrx_word' id='word_1_818' title='bbox 3342 5216 3435 5268; x_wconf 84' lang='grc' dir='ltr'>τοῦ</span> <span class='ocrx_word' id='word_1_819' title='bbox 3488 5217 3726 5285; x_wconf 80' lang='grc' dir='ltr'>μεγάλου</span> <span class='ocrx_word' id='word_1_820' title='bbox 3780 5219 3879 5271; x_wconf 80' lang='grc' dir='ltr'>πά-</span> 
     </span>
    </p>
   </div>
   <div class='ocr_carea' id='block_1_110' title="bbox 2298 5304 3880 5379">
    <p class='ocr_par' dir='ltr' id='par_1_110' title="bbox 2298 5304 3880 5379">
     <span class='ocr_line' id='line_1_110' title="bbox 2298 5304 3880 5379; baseline 0.003 -21"><span class='ocrx_word' id='word_1_821' title='bbox 2298 5304 2460 5369; x_wconf 75' lang='grc' dir='ltr'>θουςο</span> <span class='ocrx_word' id='word_1_822' title='bbox 2493 5305 2555 5359; x_wconf 78' lang='grc' dir='ltr'><strong>ού</strong></span> <span class='ocrx_word' id='word_1_823' title='bbox 2578 5306 2689 5376; x_wconf 84' lang='grc' dir='ltr'><strong>γὰρ</strong></span> <span class='ocrx_word' id='word_1_824' title='bbox 2733 5304 2825 5360; x_wconf 77' lang='grc' dir='ltr'>οὖν</span> <span class='ocrx_word' id='word_1_825' title='bbox 2882 5309 3255 5379; x_wconf 84' lang='grc' dir='ltr'>σιωπήσομαι,</span> <span class='ocrx_word' id='word_1_826' title='bbox 3312 5308 3449 5362; x_wconf 83' lang='grc' dir='ltr'><strong>ἀλλά</strong></span> <span class='ocrx_word' id='word_1_827' title='bbox 3484 5311 3577 5362; x_wconf 76' lang='grc' dir='ltr'><strong>καὶ</strong></span> <span class='ocrx_word' id='word_1_828' title='bbox 3611 5310 3773 5363; x_wconf 80' lang='grc' dir='ltr'>τοῦτο</span> <span class='ocrx_word' id='word_1_829' title='bbox 3800 5310 3880 5363; x_wconf 76' lang='grc' dir='ltr'>ἔτι</span> 
     </span>
    </p>
   </div>
   <div class='ocr_carea' id='block_1_111' title="bbox 1920 5482 2600 5542">
    <p class='ocr_par' dir='ltr' id='par_1_111' title="bbox 1920 5482 2600 5542">
     <span class='ocr_line' id='line_1_111' title="bbox 1920 5482 2600 5542; baseline 0.006 -6"><span class='ocrx_word' id='word_1_830' title='bbox 1920 5482 2157 5539; x_wconf 78' lang='lat' dir='ltr'><strong>VARle</strong></span> <span class='ocrx_word' id='word_1_831' title='bbox 2184 5484 2600 5542; x_wconf 80' lang='lat' dir='ltr'><strong>LECTIONES.</strong></span> 
     </span>
    </p>
   </div>
   <div class='ocr_carea' id='block_1_112' title="bbox 681 5615 3879 5696">
    <p class='ocr_par' dir='ltr' id='par_1_112' title="bbox 681 5615 3879 5696">
     <span class='ocr_line' id='line_1_112' title="bbox 681 5615 3879 5696; baseline 0.006 -29"><span class='ocrx_word' id='word_1_832' title='bbox 681 5615 726 5648; x_wconf 72' lang='grc' dir='ltr'>δ’</span> <span class='ocrx_word' id='word_1_833' title='bbox 761 5616 864 5687; x_wconf 83' lang='grc' dir='ltr'>χρὴ</span> <span class='ocrx_word' id='word_1_834' title='bbox 897 5631 1009 5696; x_wconf 73' lang='lat' dir='ltr'><strong>om.</strong></span> <span class='ocrx_word' id='word_1_835' title='bbox 1031 5617 1151 5696; x_wconf 53' lang='grc' dir='ltr'><strong>ΑΒ,</strong></span> <span class='ocrx_word' id='word_1_836' title='bbox 1186 5630 1309 5696; x_wconf 74' lang='lat' dir='ltr'><strong>ante</strong></span> <span class='ocrx_word' id='word_1_837' title='bbox 1339 5622 1669 5696; x_wconf 64' lang='grc' dir='ltr'><strong>προσθεῖναιΔ</strong></span> <span class='ocrx_word' id='word_1_838' title='bbox 1698 5627 1847 5692; x_wconf 79' lang='lat' dir='ltr'><strong>ponit</strong></span> <span class='ocrx_word' id='word_1_839' title='bbox 1878 5642 1955 5679; x_wconf 90' lang='lat' dir='ltr'><strong>rc.</strong></span> <span class='ocrx_word' id='word_1_840' title='bbox 1988 5624 2046 5679; x_wconf 79' lang='grc' dir='ltr'>Β.</span> <span class='ocrx_word' id='word_1_841' title='bbox 2150 5626 2195 5657; x_wconf 78' lang='grc'><strong>⁸³</strong></span> <span class='ocrx_word' id='word_1_842' title='bbox 2225 5627 2360 5696; x_wconf 81' lang='grc' dir='ltr'>πρὸς</span> <span class='ocrx_word' id='word_1_843' title='bbox 2387 5642 2495 5681; x_wconf 89' lang='lat' dir='ltr'><strong>om.</strong></span> <span class='ocrx_word' id='word_1_844' title='bbox 2586 5627 2631 5657; x_wconf 77' lang='lat'>“</span> <span class='ocrx_word' id='word_1_845' title='bbox 2653 5628 2945 5695; x_wconf 82' lang='grc' dir='ltr'>αφικέσθαι</span> <span class='ocrx_word' id='word_1_846' title='bbox 2969 5626 3035 5681; x_wconf 87' lang='grc' dir='ltr'>Α.</span> <span class='ocrx_word' id='word_1_847' title='bbox 3134 5627 3180 5660; x_wconf 80' lang='grc'><strong>⁸⁸</strong></span> <span class='ocrx_word' id='word_1_848' title='bbox 3213 5628 3450 5695; x_wconf 74' lang='grc' dir='ltr'>ἄγουσαν</span> <span class='ocrx_word' id='word_1_849' title='bbox 3494 5629 3559 5682; x_wconf 80' lang='grc' dir='ltr'>Α.</span> <span class='ocrx_word' id='word_1_850' title='bbox 3663 5631 3711 5663; x_wconf 80' lang='grc'>⁸⁸</span> <span class='ocrx_word' id='word_1_851' title='bbox 3737 5631 3879 5686; x_wconf 76' lang='grc' dir='ltr'>ὥστε</span> 
     </span>
    </p>
   </div>
   <div class='ocr_carea' id='block_1_113' title="bbox 614 5687 3879 5768">
    <p class='ocr_par' dir='ltr' id='par_1_113' title="bbox 614 5687 3879 5768">
     <span class='ocr_line' id='line_1_113' title="bbox 614 5687 3879 5768; baseline 0.006 -32"><span class='ocrx_word' id='word_1_852' title='bbox 614 5687 711 5768; x_wconf 59' lang='grc' dir='ltr'>σὺν</span> <span class='ocrx_word' id='word_1_853' title='bbox 727 5704 848 5768; x_wconf 44' lang='grc' dir='ltr'>λιιιι.</span> <span class='ocrx_word' id='word_1_854' title='bbox 1030 5687 1439 5768; x_wconf 62' lang='grc' dir='ltr'>’τάπαριομεῖν</span> <span class='ocrx_word' id='word_1_855' title='bbox 1468 5711 1530 5755; x_wconf 78' lang='grc' dir='ltr'><strong>ς.</strong></span> <span class='ocrx_word' id='word_1_856' title='bbox 1566 5764 1597 5768; x_wconf 27' lang='grc' dir='ltr'>η</span> <span class='ocrx_word' id='word_1_857' title='bbox 1633 5694 1680 5768; x_wconf 42' lang='lat' dir='ltr'><strong>&quot;ff</strong></span> <span class='ocrx_word' id='word_1_858' title='bbox 1701 5687 1883 5768; x_wconf 62' lang='grc' dir='ltr'>τεῖχος</span> <span class='ocrx_word' id='word_1_859' title='bbox 2088 5697 2131 5728; x_wconf 73' lang='grc'><strong>⁸⁸</strong></span> <span class='ocrx_word' id='word_1_860' title='bbox 2158 5687 2490 5768; x_wconf 69' lang='grc' dir='ltr'>τὴνόιιι.ᾼ.</span> <span class='ocrx_word' id='word_1_861' title='bbox 2594 5699 2638 5729; x_wconf 77' lang='grc' dir='ltr'><strong><em>ὀ</em></strong></span> <span class='ocrx_word' id='word_1_862' title='bbox 2670 5687 3083 5768; x_wconf 50' lang='grc' dir='ltr'>ύςαρπάζοντες</span> <span class='ocrx_word' id='word_1_863' title='bbox 3132 5699 3194 5752; x_wconf 86' lang='grc' dir='ltr'>Α.</span> <span class='ocrx_word' id='word_1_864' title='bbox 3259 5687 3340 5731; x_wconf 65' lang='grc'><strong>’³⁸</strong></span> <span class='ocrx_word' id='word_1_865' title='bbox 3369 5700 3472 5768; x_wconf 80' lang='grc' dir='ltr'>τὴν</span> <span class='ocrx_word' id='word_1_866' title='bbox 3496 5700 3605 5751; x_wconf 84' lang='grc' dir='ltr'><strong>τῶν</strong></span> <span class='ocrx_word' id='word_1_867' title='bbox 3662 5717 3775 5755; x_wconf 87' lang='lat' dir='ltr'><strong>om.</strong></span> <span class='ocrx_word' id='word_1_868' title='bbox 3814 5706 3879 5755; x_wconf 69' lang='grc' dir='ltr'>Δ.</span> 
     </span>
    </p>
   </div>
   <div class='ocr_carea' id='block_1_114' title="bbox 613 5757 2051 5833">
    <p class='ocr_par' dir='ltr' id='par_1_114' title="bbox 613 5757 2051 5833">
     <span class='ocr_line' id='line_1_114' title="bbox 613 5757 2051 5833; baseline 0.025 -33"><span class='ocrx_word' id='word_1_869' title='bbox 694 5758 848 5833; x_wconf 42' lang='grc' dir='ltr'>νῆες.</span> <span class='ocrx_word' id='word_1_870' title='bbox 918 5759 965 5790; x_wconf 72' lang='grc'><strong>⁸³</strong></span> <span class='ocrx_word' id='word_1_871' title='bbox 994 5760 1180 5833; x_wconf 62' lang='grc' dir='ltr'>σχεδὸν</span> <span class='ocrx_word' id='word_1_872' title='bbox 1221 5757 1331 5814; x_wconf 69' lang='lat' dir='ltr'><strong>Otii.</strong></span> <span class='ocrx_word' id='word_1_873' title='bbox 1382 5763 1446 5815; x_wconf 78' lang='grc' dir='ltr'>Λ.</span> <span class='ocrx_word' id='word_1_874' title='bbox 1564 5764 1608 5795; x_wconf 70' lang='grc'><strong>⁸⁸</strong></span> <span class='ocrx_word' id='word_1_875' title='bbox 1635 5757 1888 5833; x_wconf 75' lang='grc' dir='ltr'>ἀλλά</span> <span class='ocrx_word' id='word_1_876' title='bbox 1924 5765 2051 5819; x_wconf 57' lang='lat'><strong>27‘-</strong></span> 
     </span>
    </p>
   </div>
   <div class='ocr_carea' id='block_1_115' title="bbox 617 5826 1797 5904">
    <p class='ocr_par' dir='ltr' id='par_1_115' title="bbox 617 5826 1797 5904">
     <span class='ocr_line' id='line_1_115' title="bbox 617 5826 1797 5904; baseline 0.008 -27"><span class='ocrx_word' id='word_1_877' title='bbox 617 5827 659 5859; x_wconf 73' lang='grc'><strong>³⁷</strong></span> <span class='ocrx_word' id='word_1_878' title='bbox 692 5826 1304 5898; x_wconf 54' lang='grc' dir='ltr'>δεηθέντων]⁷ὲκόντων,</span> <span class='ocrx_word' id='word_1_879' title='bbox 1362 5834 1518 5904; x_wconf 64' lang='lat' dir='ltr'><strong>idque</strong></span> <span class='ocrx_word' id='word_1_880' title='bbox 1550 5850 1653 5901; x_wconf 86' lang='lat' dir='ltr'><strong>rc.,</strong></span> <span class='ocrx_word' id='word_1_881' title='bbox 1690 5826 1797 5889; x_wconf 66' lang='lat' dir='ltr'><strong>All.</strong></span> 
     </span>
    </p>
   </div>
   <div class='ocr_carea' id='block_1_116' title="bbox 2152 5770 2250 5803">
    <p class='ocr_par' dir='ltr' id='par_1_116' title="bbox 2152 5770 2250 5803">
     <span class='ocr_line' id='line_1_116' title="bbox 2152 5770 2250 5803; baseline -0.02 -3"><span class='ocrx_word' id='word_1_882' title='bbox 2152 5770 2250 5803; x_wconf 71' lang='lat'><strong>95.</strong></span> 
     </span>
    </p>
   </div>
   <div class='ocr_carea' id='block_1_117' title="bbox 1907 5768 3727 5911">
    <p class='ocr_par' dir='ltr' id='par_1_117' title="bbox 1907 5768 3727 5911">
     <span class='ocr_line' id='line_1_117' title="bbox 1924 5768 3727 5838; baseline 0.003 -21"><span class='ocrx_word' id='word_1_883' title='bbox 1924 5768 2051 5819; x_wconf 67' lang='grc'>274.</span> <span class='ocrx_word' id='word_1_884' title='bbox 2152 5770 2198 5800; x_wconf 66' lang='grc'><strong>⁸⁸</strong></span> <span class='ocrx_word' id='word_1_885' title='bbox 2239 5768 2374 5837; x_wconf 85' lang='grc' dir='ltr'>μόνη</span> <span class='ocrx_word' id='word_1_886' title='bbox 2405 5768 2461 5819; x_wconf 80' lang='grc' dir='ltr'>δὲ</span> <span class='ocrx_word' id='word_1_887' title='bbox 2495 5798 2566 5808; x_wconf 68' lang='grc' dir='ltr'><strong>υ-</strong></span> <span class='ocrx_word' id='word_1_888' title='bbox 2597 5769 2865 5837; x_wconf 80' lang='grc' dir='ltr'>ὲκτήσατο</span> <span class='ocrx_word' id='word_1_889' title='bbox 2898 5785 3008 5823; x_wconf 68' lang='lat' dir='ltr'><strong>oni.</strong></span> <span class='ocrx_word' id='word_1_890' title='bbox 3050 5772 3112 5823; x_wconf 75' lang='grc' dir='ltr'>Α.</span> <span class='ocrx_word' id='word_1_891' title='bbox 3218 5769 3262 5800; x_wconf 75' lang='grc'><strong>’⁸</strong></span> <span class='ocrx_word' id='word_1_892' title='bbox 3291 5768 3562 5838; x_wconf 86' lang='grc' dir='ltr'>σύμϐολον</span> <span class='ocrx_word' id='word_1_893' title='bbox 3588 5770 3644 5823; x_wconf 83' lang='grc' dir='ltr'>δὲ</span> <span class='ocrx_word' id='word_1_894' title='bbox 3674 5772 3727 5823; x_wconf 88' lang='grc' dir='ltr'>δι·</span> 
     </span>
     <span class='ocr_line' id='line_1_118' title="bbox 1907 5836 3727 5911; baseline 0.005 -22"><span class='ocrx_word' id='word_1_895' title='bbox 1907 5836 1950 5867; x_wconf 79' lang='grc'><strong>⁹⁸</strong></span> <span class='ocrx_word' id='word_1_896' title='bbox 1990 5837 2141 5908; x_wconf 65' lang='grc' dir='ltr'>ποίᾳι</span> <span class='ocrx_word' id='word_1_897' title='bbox 2192 5855 2247 5910; x_wconf 87' lang='lat' dir='ltr'><strong>p.</strong></span> <span class='ocrx_word' id='word_1_898' title='bbox 2296 5838 2421 5892; x_wconf 74' lang='lat'><strong>279.</strong></span> <span class='ocrx_word' id='word_1_899' title='bbox 2498 5840 2541 5871; x_wconf 71' lang='lat'><strong><em>9&quot;</em></strong></span> <span class='ocrx_word' id='word_1_900' title='bbox 2573 5837 2687 5890; x_wconf 78' lang='grc' dir='ltr'>ἔστι</span> <span class='ocrx_word' id='word_1_901' title='bbox 2718 5844 2782 5893; x_wconf 81' lang='grc' dir='ltr'>Δ.</span> <span class='ocrx_word' id='word_1_902' title='bbox 2812 5840 3179 5911; x_wconf 74' lang='grc' dir='ltr'>παραϐάλλειν</span> <span class='ocrx_word' id='word_1_903' title='bbox 3206 5842 3249 5895; x_wconf 78' lang='grc' dir='ltr'><strong>Α</strong></span> <span class='ocrx_word' id='word_1_904' title='bbox 3276 5859 3288 5895; x_wconf 86' lang='lat'><strong>:</strong></span> <span class='ocrx_word' id='word_1_905' title='bbox 3325 5840 3639 5907; x_wconf 82' lang='grc' dir='ltr'>περιλαϐεῖν</span> <span class='ocrx_word' id='word_1_906' title='bbox 3667 5858 3727 5906; x_wconf 84' lang='grc' dir='ltr'><strong>ς.</strong></span> 
     </span>
    </p>
   </div>
   <div class='ocr_carea' id='block_1_118' title="bbox 2405 5766 3877 5838">
    <p class='ocr_par' dir='ltr' id='par_1_118' title="bbox 2405 5766 3877 5838">
     <span class='ocr_line' id='line_1_119' title="bbox 2405 5766 3877 5838; baseline 0.004 -19"><span class='ocrx_word' id='word_1_907' title='bbox 2405 5766 2461 5819; x_wconf 80' lang='grc' dir='ltr'>δὲ</span> <span class='ocrx_word' id='word_1_908' title='bbox 2495 5798 2566 5808; x_wconf 68' lang='grc' dir='ltr'><strong>υ-</strong></span> <span class='ocrx_word' id='word_1_909' title='bbox 2597 5766 2865 5837; x_wconf 79' lang='grc' dir='ltr'>ὲκτήσατο</span> <span class='ocrx_word' id='word_1_910' title='bbox 2898 5785 3008 5823; x_wconf 79' lang='lat' dir='ltr'><strong>om.</strong></span> <span class='ocrx_word' id='word_1_911' title='bbox 3050 5772 3112 5823; x_wconf 74' lang='grc' dir='ltr'>Α.</span> <span class='ocrx_word' id='word_1_912' title='bbox 3218 5769 3262 5800; x_wconf 75' lang='grc'><strong>’⁸</strong></span> <span class='ocrx_word' id='word_1_913' title='bbox 3291 5766 3562 5838; x_wconf 88' lang='grc' dir='ltr'>σύμϐολον</span> <span class='ocrx_word' id='word_1_914' title='bbox 3588 5770 3644 5823; x_wconf 83' lang='grc' dir='ltr'>δὲ</span> <span class='ocrx_word' id='word_1_915' title='bbox 3674 5772 3785 5830; x_wconf 85' lang='grc' dir='ltr'>δικ.</span> <span class='ocrx_word' id='word_1_916' title='bbox 3822 5774 3877 5825; x_wconf 72' lang='grc' dir='ltr'><strong>ιι.</strong></span> 
     </span>
    </p>
   </div>
  </div>
