4124 6470
301 468 323 532 1
343 468 438 532 £73

1343 471 1873 531 BlBLIOTHECA.
1912 494 1982 505 —
2019 436 2181 532 con.
2214 471 2501 537 CCXLVI.

3436 484 3571 553 147i

300 578 474 651 μείζω
497 579 514 611 ¹
551 594 644 650 μοι
677 577 827 632 δοκεῖ
859 577 882 609 ²
933 577 1205 635 δεικνύναι
1238 578 1339 650 τὴν
1372 580 1548 633 πόλιν.
1579 580 1736 633 Οὕτω
1770 580 1868 651 γὰρ

1984 582 2257 646 amisisse,
2281 584 2371 638 sed
2402 600 2572 640 novas
2604 601 2954 656 comparasse
2986 589 3281 646 videretur.
3342 592 3419 647 Ae
3450 612 3561 647 nto~

294 674 409 735 τοῖς
435 672 752 735 ὑπολοίποις
791 666 1155 742 ’προσηνέχθη
1196 672 1541 743 πράγμασιν,
1575 672 1766 743 ὥσπερ
1815 673 1883 726 ἂν

295 764 346 817 εἰ
378 765 556 816 πᾶσαν
585 762 798 833 εἰλήφει
825 760 923 832 τὴν
968 762 1243 819 Σικελίαν.
1274 764 1349 816 Οὐ
1392 763 1503 835 γὰρ
1535 762 1877 835 ἐστερημένῃ

295 855 581 925 δυνάμεως
604 851 788 923 ἐῴκει,
822 851 940 904 ἀλλ’
972 852 1097 921 ἄρτι
1128 853 1614 925 προσκεκτημένῃ.
1637 855 1756 907 ’Καὶ
1781 854 1882 923 τὴν

300 948 399 1015 μὲν
425 944 534 1000 τῶν
571 945 790 1017 τρόπων
837 945 1089 999 εὐκολίαν
1117 946 1213 998 καὶ
1255 946 1612 1017 σωφροσύνην
1654 944 1754 998 καὶ
1787 944 1884 997 τά·

298 1038 379 1103 ξιν
396 1038 416 1068 ³
437 1038 670 1107 διαίτης,
694 1037 761 1108 ἢν
790 1038 932 1108 ὐπὲρ
953 1035 1058 1090 τοῦ·
1085 1036 1252 1107 μηδὲν
1280 1036 1503 1107 αἰσχρὸν
1530 1037 1882 1107 συγχωρῆσαι

300 1129 639 1201 προείλοντο,
685 1130 793 1183 οὐδ’
825 1129 891 1183 ἂν
938 1124 1019 1193 εἷς
1053 1129 1221 1194 ἀξίως
1254 1129 1416 1183 εἴποι.
1453 1130 1838 1199 Περιστάντων
1859 1128 1882 1159 ⁸

299 1224 343 1275 δ’
369 1208 594 1286 ἀὐτοὺς
641 1221 753 1276 τῶν
811 1220 1082 1293 Ἐλλήνων
1141 1221 1419 1287 ἁπάντων,
1475 1222 1568 1274 καί
1611 1220 1720 1274 τῶν
1780 1220 1879 1290 μὲν

299 1314 660 1385 ὑπαρχόντων
701 1313 976 1384 πολεμίων
1018 1313 1142 1367 τότε
1172 1313 1389 1385 πρῶτον
1421 1313 1696 1367 λαόόντων
1729 1311 1881 1365 ἐλπί-

293 1404 392 1469 δας
430 1407 526 1459 καὶ
573 1405 1019 1476 παροξυνθέντων
1050 1404 1155 1459 ὑπὸ
1183 1406 1282 1477 τῆς
1316 1405 1505 1476 τύχης,
1536 1403 1879 1459 ἐπελθόντων

292 1502 348 1553 δὲ
374 1500 483 1555 τῶν
542 1502 606 1554 ἐκ
639 1500 910 1569 Σικελίας,
946 1501 1294 1573 μεταστάσης
1321 1502 1376 1555 δὲ
1420 1502 1521 1571 τῆς
1561 1499 1878 1572 συμμαχίας

290 1594 473 1662 ὀλίγου
506 1594 617 1647 δεῖν
652 1594 1005 1665 ἀπάσης,καὶ
1025 1597 1203 1665 νήσων
1239 1594 1335 1648 καὶ
1357 1595 1591 1666 ἠπείρου
1624 1594 1716 1647 καὶ
1742 1594 1877 1648 πάν-

288 1704 400 1739 των
429 1685 505 1749 ὡς
553 1688 728 1739 εἰπεῖν
778 1686 1055 1757 πολεμίων
1099 1685 1506 1747 καταστάντων,
1540 1686 1634 1740 καὶ
1667 1703 1875 1739 παντα-

287 1778 447 1849 χόθεν
478 1778 887 1849 κεκυκλωμένοι
915 1779 958 1843 ⁸,
985 1780 1065 1832 ἐτι
1093 1780 1138 1832 δ’
1167 1778 1564 1851 ἀγνωμοσύνης
1606 1778 1877 1849 ἀπροσδο-

250 1870 253 1875 ’
287 1872 460 1940 κήτου
481 1888 543 1923 συ
554 1870 766 1941 μὸάσης
789 1869 928 1923 ὥστε
953 1871 1047 1923 καὶ
1074 1870 1299 1941 βασιλέα
1321 1870 1589 1941 κληθῆναι
1610 1871 1753 1923 κατά
1769 1869 1871 1939 τῆς

287 1962 500 2027 πόλεως
532 1963 636 2016 ὐπὸ
666 1963 774 2016 τῶν
803 1964 898 2017 ἀπ’
930 1963 1141 2016 ἐκείνου
1179 1962 1462 2015 σωθέντων
1487 1964 1609 2026 ταῖς
1634 1962 1742 2015 ἀπὸ
1770 1961 1871 2030 τῆς

284 2054 496 2117 πόλεως
522 2054 777 2125 πράξεσι,
812 2055 1248 2125 προσγενομένου
1291 2054 1349 2107 δὲ
1376 2054 1629 2108 κάκείνου
1672 2055 1694 2085 ⁸
1727 2052 1873 2125 μάλα

281 2148 538 2218 ἁσμένως
553 2148 597 2209 ⁷,
622 2150 712 2201 καὶ
732 2148 1207 2218 συμπολεμοῦντος
1230 2148 1325 2201 καί
1347 2146 1562 2217 σώμασι
1592 2148 1686 2201 καὶ
1713 2146 1873 2201 ναυσὶ

282 2242 378 2293 καὶ
403 2239 608 2311 χρυσῷ,
635 2242 728 2294 καὶ
761 2241 886 2294 τίνα
909 2241 1060 2313 γῆςῆ
1081 2240 1383 2311 θαλάττης⁸
1403 2236 1644 2312 [τόπον]⁹
1659 2241 1720 2293 οὐ
1740 2258 1874 2311 παρ-

281 2334 499 2402 έχοντος
518 2333 773 2403 ἀφορμὴν
791 2332 919 2403 ¹⁰τῷ
938 2333 1194 2404 πολέμῳ;
1216 2328 1285 2404 ἦν
1309 2333 1408 2403 μὲν
1432 2327 1524 2385 οὖν
1539 2333 1711 2395 οὐδεὶς
1724 2333 1873 2396 ὅστις

282 2426 385 2477 οὐκ
414 2426 484 2477 ἂν
513 2424 766 2495 ἦλπισεν,
795 2424 997 2489 ἔξωθεν
1017 2425 1217 2479 οὐτωσὶ
1242 2424 1482 2491 σκοπῶν,
1513 2423 1872 2495 ἀναρπασθή-

283 2516 476 2569 σεσθαι
504 2516 599 2569 νῦν
615 2516 717 2586 ἤδη
738 2516 837 2587 τὴν
870 2517 1047 2584 πόλιν,
1069 2516 1212 2570 οὕτω
1233 2516 1275 2547 “
1295 2515 1460 2585 κοινῷ
1488 2515 1708 2586 πολέμῳ
1738 2514 1872 2586 βαρ-

281 2607 469 2677 ϐάρων
498 2624 557 2660 τε
601 2609 696 2661 καὶ
732 2608 998 2678 Ἐλλήνων
1029 2607 1397 2678 συνεχομένην
1430 2608 1504 2640 ¹³⁶
1539 2608 1588 2659 οἰ
1627 2606 1686 2659 δὲ
1724 2604 1868 2659 οὕτω

284 2699 629 2769 μετέστησαν
687 2699 754 2753 τὰ
816 2701 1142 2771 πράγματα,
1196 2698 1391 2770 ὥσπερ
1430 2696 1687 2752 ἀπάντων
1738 2696 1868 2750 τούς

278 2806 390 2841 των
420 2790 559 2861 ὑπὲρ
589 2792 794 2858 αὐτῶν,
825 2791 939 2844 ἀλλ’
977 2791 1039 2843 οὐ
1062 2789 1184 2845 κατ’
1211 2789 1390 2843 αὐτῶν
1414 2790 1457 2821 ¹³
1483 2788 1804 2859 γινομένων,
1832 2787 1865 2860 ἢ

280 2881 738 2951 στρατηγούντων
774 2882 924 2950 σφίσι
963 2882 1071 2936 τῶν
1118 2882 1413 2953 πολεμίων.
1445 2880 1701 2935 Διέλαϐον
1736 2879 1782 2910 ιδ
1801 2880 1860 2933 δέ

278 2973 560 3043 τροπαίοις
602 2974 693 3027 τὸν
754 2974 1147 3045 Ἑλλήσποντον
1200 2973 1394 3049 ἀλλους
1449 2972 1643 3027 ἄλλοσε
1697 2988 1867 3025 κατα-

278 3049 598 3134 διώκοντες,
624 3065 817 3137 ὦσπερ
856 3066 1085 3135 μελέτας
1118 3066 1320 3135 μᾶλλον
1362 3067 1422 3118 ἐν
1463 3066 1648 3132 σφίσιν
1682 3064 1865 3127 αὐτοῖς

280 3158 313 3226 ἢ
350 3159 661 3228 ναυμαχίας
714 3160 851 3231 πρὸς
899 3160 1027 3221 τούς
1086 3159 1514 3229 ἐντυγχάνοντας
1562 3158 1647 3210 ἀεὶ
1688 3154 1866 3207 ποιού-

1986 687 2104 726 rum
2159 675 2374 742 quidem
2431 674 2770 743 facilitatem,
2840 683 3275 749 temperantiam,
3333 685 3569 753 vitaeque

1986 765 2249 819 rationem
2279 768 2345 820 ad
2385 766 2563 836 fugam
2621 770 2970 837 turpitudinis
3020 783 3347 844 susceptam,
3409 786 3569 829 nemo

1984 857 2139 912 facile
2168 873 2264 926 pro
2294 859 2556 927 dignitate
2583 861 2797 916 dixerit.
2844 860 3039 916 Verum
3070 879 3192 918 cum
3237 865 3409 921 Graeci
3444 882 3562 921 om-

1984 965 2080 1003 nes
2112 951 2229 1005 illos
2256 952 2746 1018 circumsisterent,
2773 963 2828 1007 et
2858 955 3073 1025 antiqui
3104 957 3284 1012 hostes
3317 969 3426 1013 tum
3457 960 3566 1028 pri-

1981 1056 2129 1095 mum
2161 1058 2223 1096 ex
2270 1041 2489 1098 fortuna
2529 1060 2678 1114 spent
2706 1046 3000 1115 cepissent,
3049 1049 3174 1103 novi
3206 1060 3383 1104 autem
3424 1067 3455 1105 e
3480 1051 3567 1105 Si-

1980 1133 2101 1186 cilia
2124 1135 2465 1201 accederent,
2497 1136 2750 1191 omnibus
2776 1152 2902 1192 vero
2948 1139 3137 1206 sociis,
3182 1140 3419 1194 onmium
3456 1151 3565 1195 tam

1983 1226 2276 1281 insularum
2320 1244 2479 1297 quam
2538 1230 2815 1297 regionum
2867 1230 3093 1284 aliarum
3132 1230 3444 1295 rebellione,
3511 1232 3565 1286 in

1981 1318 2166 1373 hostes
2215 1320 2458 1384 mutatis,
2484 1319 2610 1373 illttd
2638 1331 2899 1388 przeterea
2926 1321 3185 1392 flagitium
3216 1333 3411 1393 prater
3436 1324 3559 1394 opi-

1981 1410 2195 1464 nionem
2228 1412 2577 1466 commissum
2605 1423 2767 1477 esset,
2819 1425 2876 1467 ut
2922 1429 3100 1483 regem
3132 1426 3323 1473 contra
3373 1419 3562 1472 urbem

1978 1499 2305 1554 advocarent
2327 1502 2383 1566 ii,
2413 1517 2547 1571 quos
2578 1504 2642 1556 ab
2676 1520 2740 1557 eo
2772 1506 2903 1559 urbs
2942 1518 3252 1562 servaverat
3283 1526 3297 1563 :
3330 1508 3419 1562 ille
3441 1523 3567 1563 vero

1978 1588 2155 1644 libens
2206 1594 2532 1657 advenisset,
2568 1592 2770 1665 405a
2840 1611 2901 1650 ac
2931 1604 3043 1650 tum
3105 1598 3388 1664 militibus,
3449 1607 3560 1651 tum

1977 1681 2226 1746 navibus,
2267 1692 2374 1735 tum
2397 1684 2559 1737 etiam
2602 1687 2827 1753 pecunia
2875 1705 3031 1759 opem
3067 1688 3170 1744 illis
3203 1691 3390 1755 ferret,
3440 1706 3560 1745 ont-

1980 1773 2135 1827 nibus
2168 1781 2327 1827 ιρι-ται
2366 1778 2640 1846 mat-isque
2673 1779 2807 1833 locis
2833 1780 2882 1832 in
2914 1780 3039 1835 belli
3088 1782 3386 1838 subsidium
3423 1798 3559 1851 prae-

1976 1864 2124 1919 Stitis
2159 1882 2173 1919 :
2212 1881 2317 1919 non
2350 1878 2469 1919 erat
2500 1870 2807 1938 quisquam,
2836 1871 2928 1941 qui
2976 1888 3081 1927 non
3111 1874 3356 1928 crederet
3382 1876 3556 1943 prima

1906 1930 1946 1986 Β
1979 1954 2154 2011 fronte
2186 1959 2373 2011 urbem
2424 1958 2641 2028 iamjatn
2664 1960 2929 2031 direptunt
2964 1964 3051 2032 iri,
3097 1980 3257 2034 quam
3291 1964 3462 2020 Graeci
3488 1966 3564 2020 si-

1977 2049 2087 2103 mul
2119 2058 2174 2103 et
2216 2050 2431 2105 barbari
2474 2051 2612 2107 bello
2640 2064 2916 2109 vexarent.
2966 2055 3036 2109 At
3069 2058 3120 2111 hi
3157 2071 3277 2111 eam
3314 2057 3560 2113 fecerunt

1974 2156 2153 2195 rerutn
2178 2144 2554 2209 mutationem,
2598 2146 2754 2215 quasi
2782 2159 3073 2217 apparatus
3125 2150 3216 2204 ille
3260 2165 3365 2204 non
3412 2153 3565 2204 dam-

1974 2246 2101 2285 num
2153 2234 2283 2301 ipsis
2332 2236 2510 2304 potius
2534 2251 2697 2305 quatn
2730 2239 2993 2294 auxilium
3025 2242 3317 2305 attulisset,
3350 2243 3564 2312 ipsique

1972 2323 2107 2376 adeo
2156 2325 2341 2379 hostes
2386 2326 2513 2380 belli
2567 2327 2729 2383 duces
2758 2343 2819 2384 se
2883 2333 3257 2401 praebuissent.
3319 2331 3561 2404 Tropaeis

1972 2410 2375 2481 Hellespontum
2402 2416 2795 2487 distinxerunt,
2829 2421 2950 2477 aliis
2976 2424 3081 2478 alio
3113 2423 3331 2494 fugatis,
3361 2442 3422 2479 ac
3455 2441 3549 2480 ve-

1972 2503 2247 2559 litationes
2270 2509 2448 2574 potius
2491 2524 2651 2578 quam
2687 2514 2870 2580 praelia
2912 2529 3033 2569 cum
3082 2517 3258 2572 obviis
3306 2520 3561 2572 commit-

1972 2605 2170 2666 tentes,
2218 2602 2670 2667 quemadmodum
2714 2615 2823 2659 tunt
2866 2621 2892 2659 a
2930 2609 3107 2673 nobis,
3161 2621 3273 2663 tum
3322 2612 3390 2666 ab
3438 2612 3559 2665 aliis

1969 2699 2127 2740 antea
2155 2689 2354 2743 dictttm
2405 2692 2523 2746 fuit.
2560 2694 2800 2763 Denique
2847 2699 2910 2749 ad
2944 2698 3203 2768 Cyzicum
3236 2701 3396 2755 simul
3431 2716 3554 2755 cunt

1967 2778 2412 2850 Lacedaemoniis,
2469 2783 2692 2851 Graecis,
2760 2788 3054 2854 barbaris,
3110 2800 3165 2846 et
3210 2791 3562 2846 Pharnabazo

1967 2876 2265 2945 congressi,
2302 2892 2466 2930 naves
2493 2893 2704 2945 omnes,
2737 2891 2929 2949 praeter
2970 2896 3062 2936 eas
3105 2898 3238 2950 quas
3275 2886 3561 2951 depresse-

1967 2978 2112 3034 rant,
2136 2978 2415 3038 ceperunt.
2450 2972 2634 3039 Itaque
2664 2987 2782 3040 qua-
2813 2980 2956 3025 tanta
2982 2974 3259 3028 laborarat
3300 2976 3561 3030 seditione

1966 3058 2181 3124 civitas,
2217 3060 2319 3114 hoc
2381 3070 2626 3130 tempore
2667 3080 2733 3117 ne
2775 3066 3101 3120 mentionem
3142 3067 3356 3134 quidem
3411 3069 3560 3136 pacis

1967 3148 2095 3203 fecit
2129 3150 2313 3217 ullam,
2347 3168 2471 3206 cum
2506 3154 2578 3207 illi
2604 3156 2800 3223 quibus
2830 3166 2907 3208 tot
2953 3156 3106 3209 initio
3150 3158 3561 3227 suppeditarunt

281 3267 459 3323 pavet.
486 3246 719 3323 Εἴρηται
753 3269 835 3315 τε,
868 3252 959 3305 καὶ
992 3250 1336 3322 ἐνεθυμήθην
1369 3250 1443 3313 ὡς
1486 3249 1658 3318 ἑτέρῳ
1685 3245 1863 3317 προείο

1969 3248 2277 3312 commoda,
2307 3247 2459 3301 clade
2503 3256 2748 3318 accepta,
2784 3264 2905 3302 mox
2940 3250 3006 3302 ad
3068 3267 3251 3319 pacem
3302 3250 3559 3322 confuge-

281 3359 464 3412 ρηται.
493 3344 659 3408 Τέλος
701 3344 747 3397 δ’
789 3344 886 3396 ἐπὶ
921 3342 1146 3411 Κυζίκῳ
1207 3343 1580 3411 συμπεσόντες
1623 3337 1860 3412 [6611].]

1970 3348 2112 3392 rent.

277 3419 415 3504 ὀμοῦ
441 3435 894 3505 Λακεδαιμονίοις
936 3437 1031 3488 καὶ
1063 3436 1177 3497 τοῖς
1218 3434 1327 3487 ἀπὸ
1356 3435 1455 3502 τῆς
1491 3431 1741 3493 Ἑλλάδος
1777 3431 1873 3483 καὶ
1909 3432 2020 3493 τοῖς
2047 3430 2154 3482 ἀπὸ
2172 3430 2271 3499 τῆς
2299 3428 2488 3493 Ἀσίας
2522 3429 2818 3500 βαρϐάροις
2840 3432 2936 3485 καὶ
2991 3431 3326 3503 Φαρναϐάζῳ
3354 3432 3559 3502 λαμ6ά’

278 3540 431 3579 νουσι
461 3528 562 3591 τάς
598 3527 726 3591 ναῦς
758 3526 908 3597 παρὰ
937 3526 1189 3599 τοσοῦτον
1210 3525 1270 3577 οὐ
1299 3524 1501 3587 πάσας,
1527 3522 1658 3593 παρ’
1712 3523 1841 3585 ὅσας
1876 3520 2208 3592 διέφθειραν.
2242 3521 2407 3572 Ὥστε
2434 3522 2477 3551 ’⁸
2502 3524 2534 3592 ή
2571 3522 2668 3591 μὲν
2697 3522 2948 3575 τοσοῦτον
2992 3524 3394 3593 ὐπερὸληοεῖσα
3452 3524 3556 3577 ὐπὸ

276 3625 379 3693 τῆς
438 3622 754 3685 συστάσεως
802 3622 957 3685 πόλις
1011 3622 1118 3674 οὐδ’
1166 3620 1338 3691 ὄνομα
1376 3620 1598 3691 εἰρήνης
1657 3619 1743 3671 ἐπ’
1779 3618 2003 3671 ἐκείνων
2033 3616 2141 3667 τῶν
2178 3616 2389 3685 χρόνων
2443 3616 2743 3685 ἐνενόησεν,
2803 3619 2850 3669 οἰ
2879 3616 2923 3668 δ’
2969 3616 3079 3671 ἀπὸ
3123 3610 3392 3670 τοσούτων
3450 3620 3546 3671 xal.

278 3716 615 3790 τηλικούτων
669 3716 1158 3787 πλεονεκτημάτων
1211 3715 1527 3785 ὁρμώμενοι
1593 3713 1896 3783 πληγέντες
1941 3710 2278 3779 κατέφευγον
2304 3710 2467 3773 εὐθὺς
2498 3711 2593 3783 ἐπὶ
2622 3713 2721 3781 τὴν
2751 3713 2991 3782 εἰρήνην,

352 3813 473 3866 Ἐτι
506 3813 551 3844 ¹⁶
576 3813 633 3866 δέ
662 3814 800 3883 αὐτὴ
832 3813 929 3883 μὲν
980 3812 1117 3881 πρὸς
1166 3810 1414 3872 ἃπαντας
1442 3808 1579 3879 ὁμοῦ
1604 3810 1860 3877 πολεμεῖν

273 3901 620 3972 ἠνάγκασται
640 3903 680 3932 ¹⁷
704 3903 831 3965 τοὺς
860 3902 1113 3963 ἐπιόντας
1136 3900 1169 3967 ἢ
1199 3899 1503 3961 κινοῦντας,
1520 3899 1628 3951 τῶν
1649 3897 1692 3949 δ’
1712 3898 1862 3949 ἐναν-

274 3995 406 4046 τίων
433 3994 483 4047 οἰ
516 3994 759 4047 πλεῖστοι
804 3992 940 4065 πρὸς
980 3993 1149 4063 μέρος
1197 3990 1367 4061 αὐτῆς
1422 3991 1760 4059 ἀντήρκασιν
1790 3988 1856 4051 ⁸⁸»

275 4088 480 4154 ἀθρόας
530 4086 589 4138 δὲ
630 4086 732 4156 τῆς
794 4086 1074 4155 δυνάμεως
1105 4085 1139 4157 ἢ
1172 4086 1257 4147 τὶς
1288 4083 1321 4154 ἦ
1351 4083 1527 4145 οὐδεὶς
1567 4081 1853 4152 ἐπειράθη.

276 4179 439 4230 Ὥστε
472 4178 505 4246 ὴ
535 4177 644 4231 τῶν
704 4175 1004 4246 Ἀθηναίων
1049 4173 1204 4237 πόλις
1234 4176 1485 4243 νενίκηκε
1528 4172 1627 4242 μὲν
1685 4170 1856 4224 πολλὰ

272 4268 339 4337 δὴ
368 4267 651 4330 πολλάκις,
681 4265 822 4336 αὐτὴ
882 4264 925 4317 δ’
946 4264 1036 4317 ίσα
1069 4265 1163 4316 καὶ
1216 4262 1484 4332 ἀήττητός
1516 4263 1652 4314 ἐστι.
1697 4259 1771 4313 Τὸ
1797 4259 1855 4313 δὲ

277 4360 495 4412 πάντων
549 4358 829 4426 μέγιστον,
871 4357 951 4409 ὅτι
987 4354 1160 4424 αὐτῆς
1200 4354 1296 4425 μὲν
1326 4355 1502 4416 οὐδεὶς
1551 4352 1856 4422 ἐκράτησεν

274 4453 472 4522 (οὐδεὶς
500 4451 608 4523 γὰρ
635 4450 809 4517 αὐτῆς
834 4448 933 4520 τὴν
997 4448 1224 4518 γνώμην
1269 4448 1675 4516 παρεστήσατο,
1717 4442 1853 4497 ἀλλὰ

274 4544 535 4613 στρατιᾶς
562 4543 756 4611 γέγονε
802 4541 983 4594 πάντα
1011 4540 1081 4591 τὰ
1127 4537 1355 4591 τοιαῦτα
1402 4539 1445 4569 ¹⁹
1484 4535 1850 4606 ἀτυχήματα),

2038 3807 2282 3875 Cumque
2316 3806 2430 3874 ipsa
2476 3804 2637 3859 simul
2672 3817 2860 3879 contra
2892 3807 3130 3859 omnium
3169 3806 3399 3876 impetus
3452 3822 3552 3876 ορ·

1960 3917 2163 3971 ponere
2194 3917 2253 3955 se
2285 3911 2475 3955 coacta
2505 3900 2596 3966 sit,
2633 3903 2816 3957 hostes
2876 3902 3123 3971 plerique
3184 3910 3391 3970 partem
3432 3902 3549 3971 ejus

1960 3990 2192 4058 aliquam
2220 3986 2565 4052 infestarunt,
2587 3988 2870 4043 universas
2898 3989 3083 4056 copias
3116 4004 3390 4057 nunquam
3417 3998 3546 4041 sunt

1958 4080 2224 4151 aggressi.
2257 4079 2598 4147 Quapropter
2625 4089 2681 4133 et
2708 4080 2985 4133 civitatem
3016 4080 3175 4142 hanc,
3234 4089 3289 4133 et
3346 4079 3545 4133 multos

1958 4186 2100 4239 szepe
2126 4170 2341 4234 vicisse,
2372 4179 2424 4222 et
2455 4167 2713 4238 perpetuo
2746 4170 3005 4224 invictam
3056 4185 3375 4239 permanere
3425 4187 3541 4224 nte-

1958 4265 2065 4316 rito
2098 4261 2416 4315 dixerimus.
2453 4261 2592 4328 Quia
2631 4262 2773 4331 quod
2806 4264 2921 4332 ipsa
2965 4278 3121 4317 nemo
3152 4278 3387 4331 unquam
3443 4278 3541 4332 po-

1960 4354 2088 4408 titus
2114 4362 2217 4418 est,
2262 4368 2359 4407 nec
2384 4356 2500 4421 ejus
2563 4355 2843 4408 consilium
2906 4356 3152 4421 mutavit,
3205 4356 3545 4424 quandoqui-

1958 4443 2079 4495 dem
2112 4440 2335 4510 reliqua:
2365 4442 2548 4495 clades
2578 4442 2644 4495 ad
2695 4444 2993 4495 exercitum
3046 4441 3381 4506 referuntur,
3418 4458 3540 4496 cunt

1961 4534 2073 4602 ipsa
2109 4544 2217 4586 tam
2258 4533 2485 4587 consilia
2520 4533 2755 4586 hostium
2817 4550 2979 4602 quant
3022 4533 3165 4587 facta
3217 4534 3539 4603 subjugarit,

272 4602 414 4702 αὐτὴ
435 4632 494 4685 δὲ
641 4602 877 4700 ’γνώμας
903 4629 1011 4681 τῶν
1035 4627 1294 4682 ἐναντίων
1324 4628 1369 4658 ¹⁰
1397 4626 1512 4696 ἅμα
1532 4602 1852 4694 τοῖς-ἔργοις

1969 4626 2153 4689 partim
2187 4620 2367 4677 Xerxe
2399 4637 2464 4676 ex
2500 4631 2627 4676 voto
2654 4626 2872 4694 egregie
2907 4623 3115 4692 fugato,
3148 4625 3341 4692 partim
3382 4602 3544 4679 Lace-

271 4722 620 4789 δεδούλωται,
643 4720 852 4793 Ξέρξην
885 4720 985 4790 μὲν
1014 4721 1239 4790 φεύγειν
1287 4718 1397 4772 άπὸ
1452 4718 1560 4770 τῶν
1595 4717 1854 4788 πραγμά-

1951 4714 2254 4780 daemoniis,
2292 4713 2708 4781 et‘absentibus,
2738 4726 2792 4769 et
2823 4715 3205 4785 praesentibus,
3234 4725 3397 4786 atque
3455 4716 3541 4771 vi-

272 4832 383 4867 των
415 4816 691 4884 ποιήσασα
738 4815 797 4865 ἐν
848 4812 1015 4883 εὐχῆς
1065 4814 1245 4883 μέρει,
1283 4811 1745 4881 Λακεδαιμονίους
1796 4808 1854 4862 δὲ

1969 4805 2053 4860 :tis
2077 4805 2368 4875 repressis.

273 4907 610 4962 ἁνακλίνασα
635 4908 733 4977 οὐχ
754 4900 916 4978 ἦττον
941 4906 1068 4968 τούς
1102 4903 1452 4973 ἀκούονταςῆ
1479 4905 1607 4965 τούς
1651 4903 1710 4955 ἐν
1734 4902 1855 4964 ταῖς

276 5002 479 5074 μάχαις
509 5000 784 5071 παρόντας
808 4998 904 5053 καὶ
926 4998 1265 5061 πταίσαντας
1297 4995 1497 5051 αὐτῶν.

305 5094 325 5166 [
350 5095 441 5157 Εἰς
468 5094 522 5147 τί
546 5093 860 5158 άνέκλινεν;
889 5091 922 5161 ἢ
945 5093 1023 5153 είς
1050 5091 1112 5143 τὸ
1149 5089 1482 5159 ἐπιθυμῆσαι
1517 5090 1739 5159 εἰρήνης
1758 5087 1814 5160 ;]

345 5187 583 5257 Εἰρήνην
604 5188 647 5217 ἰ
676 5185 787 5258 γὰρ
818 5183 1235 5253 Λακεδαιμόνιοι
1280 5183 1602 5253 ἀπηξίωσαν
1624 5185 1851 5254 ποιήσα-

273 5279 399 5332 σθαι
432 5278 569 5347 πρὸς
604 5277 899 5347 Θηϐαίους,
952 5278 1093 5348 μόνῃ
1126 5278 1193 5346 τῇ
1246 5275 1353 5329 τῶν
1399 5274 1700 5345 Ἀθηναίων
1752 5275 1854 5329 πόα

269 5368 354 5422 λει
410 5368 720 5441 νομίζοντες
788 5367 958 5420 είκειν
1030 5364 1285 5436 εὐπρεπῆ
1341 5366 1632 5437 συμφορὰν
1688 5360 1852 5421 εἶναι.

2033 5088 2146 5160 [Ad
2197 5087 2324 5158 quid
2357 5086 2654 5154 inclinavit,
2711 5089 2813 5145 nisi
2840 5091 2907 5144 ad
2934 5092 3278 5161 cupiditatem
3314 5095 3533 5167 pat-is?]

2029 5179 2241 5234 Etenim
2275 5177 2663 5233 Lacedaemonii
2720 5197 2841 5235 cum
2876 5198 2977 5236 nec
3008 5198 3195 5253 pacem
3247 5202 3368 5239 cum
3396 5187 3536 5242 The-

1959 5273 2114 5328 banis
2139 5270 2319 5325 facere
2348 5272 2722 5340 dignarentur,
2762 5274 2894 5328 solis
2921 5276 3150 5331 Athenis
3212 5277 3436 5332 honeste
3482 5294 3539 5335 se

1958 5378 2209 5419 cessuros
2244 5363 2369 5429 rati,
2395 5370 2451 5416 et
2479 5377 2603 5417 cum
2636 5365 2757 5420 aliis
2778 5378 2844 5419 ex
2864 5364 3236 5437 Peloponneso
3266 5370 3535 5440 conjuncti

1595 5484 1679 5538 VA
1689 5482 1830 5541 ΒΙΑΣ
1870 5482 2275 5540 LECTIONES.

347 5630 362 5660 '
392 5627 595 5698 μείζων
624 5628 687 5693 Α,
714 5625 899 5697 μεῖζον
928 5626 988 5684 Β.
1060 5628 1082 5659 ³
1113 5628 1261 5681 δοκεῖ
1285 5641 1395 5698 om.
1420 5623 1489 5677 A.
1566 5624 1588 5656 ⁸
1613 5624 1767 5698 τάξιν
1787 5623 1892 5698 *καὶ
1919 5624 2276 5698 σωφροσύνην
2307 5643 2369 5691 ς.

2446 5624 2469 5658 ⁸
2498 5626 2881 5680 καταστάντων
2908 5628 3029 5682 add.
3062 5628 3127 5681 A.
3204 5627 3226 5659 ⁸
3258 5627 3534 5682 κεκυκλω-

273 5694 450 5800 ﬁt;de
481 5716 539 5763 ς.
598 5694 1044 5800 ⁸ι,,εάςκείνθυέοιη,
1070 5698 1134 5753 Α,
1174 5695 1453 5800 τὲσμξῖου
1616 5695 1638 5725 ⁸
1668 5694 1942 5800 dalis):th
1974 5694 2054 5758 ς(
2111 5696 2323 5787 1ξτόπον
2350 5713 2460 5800 ολη.
2492 5698 2561 5800 A'.’
2639 5698 3083 5800 ίοὶάφορμὴνλῗύν
3109 5698 3436 5800 παρέχοντος
3470 5715 3531 5762 ς.

355 5768 495 5800 “ip...
662 5784 890 5800 nnueunon
928 5785 1026 5800 ...κη
1050 5784 1137 5800 nm
1413 5766 1549 5800 ἦμες-,Λ
1584 5766 1762 5800 ηᾶτιῖιυ
1929 5767 1987 5800 ιη’.
2021 5783 2122 5800 υκαι
2170 5768 2347 5800 κη’μριτιυ
2450 5786 2464 5798 ο
2509 5785 2536 5800 ιι.
2561 5787 2570 5800 ι
2611 5785 2679 5800 νη
2749 5768 2929 5800 nimim
3106 5769 3181 5800 ι’..ιι-
3219 5785 3246 5800 η
3270 5769 3448 5800 ...Ἆοιτω
3471 5785 3510 5800 .-

354 5768 524 5839 oi'tew.
596 5770 642 5839 ξ’
662 5768 1261 5839 συνεχομένηνριηηΑ.
1297 5765 1305 5767 ἡ
1342 5765 1549 5839 ξ³μύπὲρ
1584 5765 1901 5839 αὐτῶν
1929 5767 1987 5817 οὐ
2012 5768 2347 5839 κατ’-αὐτῶν
2376 5769 2420 5839 ᾼ
2450 5768 2570 5839 τιού
2611 5768 2707 5821 καὶ
2749 5765 2935 5821 αὐτῶν
2967 5768 3083 5821 ἀλλ’
3106 5765 3448 5837 ὐπὲραύτῶν
3471 5785 3533 5839 ς.

274 5839 319 5870 ¹⁸
345 5837 614 5911 διέλαϐον]
656 5854 708 5911 p.
737 5835 887 5911 280.:
946 5835 990 5870 ⁸⁸
1016 5836 1182 5911 ὥστε]
1213 5855 1267 5910 p.
1302 5835 1429 5911 281ζ

1506 5834 1552 5866 ⁸⁸
1580 5836 1660 5888 ἔτι
1707 5849 1761 5902 p.
1782 5834 1913 5892 285.

2007 5838 2048 5924 ίξ
2087 5836 2342 5924 πολεμεῖν
2372 5837 2507 5924 ὀμού
2543 5839 2942 5924 ήνέιγκτιιστοοςῖἱ
3048 5840 3090 5868 ¹⁸
3120 5836 3460 5924 ἀνὶήρκεσαν
3492 5838 3534 5891 Β

270 5924 327 5963 et
354 5924 498 5964 corr.
524 5905 613 5965 A."
657 5905 710 5941 “¹⁹
736 5909 958 5965 τοιαῦτα
988 5908 1112 5965 add.
1141 5905 1230 5965 Α(
1281 5910 1328 5942 ὀ
1358 5906 1468 5963 τῶν
1498 5905 1758 5961 ἐναντίων
1785 5922 1894 5964 om.
1932 5906 1997 5973 A,
2022 5922 2050 5961 a
2083 5905 2389 5966 correctore
2408 5905 2581 5965 habet
2605 5905 2670 5964 B.
2756 5910 2801 5942 “
2829 5908 3052 5979 εἰρήνην
3088 5924 3141 5978 p.
3170 5905 3297 5962 286.
