4124 6450
576 412 717 479 1475
778 488 781 490 η

1726 408 1987 470 ΡΙΙΟΤΙΙ
2027 407 2533 469 ΡΛΤΒΙΑΒΕΗΑΞ
2570 407 2679 469 CP.

3697 403 3839 467 1476

576 531 693 601 ejus
719 530 945 587 salutem
979 541 1086 583 non
1119 533 1227 581 tam
1260 524 1454 581 all'erre
1501 538 1663 594 quam
1714 526 1985 594 postulare
2017 537 2143 595 pos-

2259 521 2673 594 Ἀναμιχθέντες
2687 520 2745 573 δὲ
2765 520 2875 583 τοῖς
2888 517 3067 584 ἄλλοις
3092 518 3370 589 πολεμίοις
3389 521 3435 551 ¹¹
3452 516 3621 590 [1225
3646 518 3750 589 IL]
3772 519 3835 569 οὐ

579 629 725 686 sent,
777 617 974 691 505b
1003 624 1164 673 erant
1210 630 1339 671 vero
1383 613 1541 684 paulo
1587 613 1767 682 plures
1794 628 1952 681 quam
1980 614 2152 682 quiu-

575 712 850 783 quaginta,
878 710 1035 780 primi
1061 710 1221 778 huius
1246 706 1454 763 consilii
1476 714 1751 772 auctores,
1779 705 1981 773 pariter
2024 718 2154 760 cou-

578 813 659 859 tra
710 802 1173 864 Lacedtemonios,
1230 798 1369 865 mari
1422 807 1673 867 terraque
1724 796 2066 865 imperantes,
2100 803 2154 852 et

568 909 671 951 eos
701 894 794 963 qui
822 893 873 948 in
909 893 1042 948 urbe
1072 888 1581 960 erant,,pericu|ose
1603 888 1921 959 objeccruut
1950 905 1964 942 :
1997 888 2143 957 quod

575 987 951 1041 existimarent
987 982 1090 1039 sibi
1123 983 1205 1036 vel
1247 983 1431 1037 liberis
1462 980 1769 1047 vivendum,
1812 980 1895 1035 vel
1944 980 2155 1050 ignavis

575 1076 930 1145 oppetendum
960 1088 1102 1137 esse,
1142 1086 1213 1127 ne
1252 1071 1422 1125 solem
1486 1072 1761 1125 conscium
1794 1072 2151 1125 intuerentur.

577 1165 648 1220 Ut
676 1165 818 1218 enim
847 1163 997 1233 juxta
1028 1176 1372 1217 communem
1404 1160 1679 1214 hominum
1700 1170 1953 1213 naturam
1980 1176 2153 1230 aegro-

578 1257 731 1319 tavit,
762 1257 835 1311 ita
868 1257 1023 1325 juxta
1062 1269 1212 1309 suam
1246 1252 1347 1307 fuit
1384 1262 1600 1316 sanata,
1632 1251 1955 1321 laudemque
1988 1268 2055 1306 ex
2088 1265 2154 1307 eo

575 1344 859 1415 majorem,
891 1360 1050 1415 quam
1081 1344 1287 1399 cladem
1334 1341 1595 1411 percepit.
1627 1340 1779 1408 Quod
1813 1355 1935 1401 cum
1992 1340 2155 1394 fecis-

573 1448 715 1506 sent,
760 1447 875 1494 tum
910 1438 1105 1493 deinde
1154 1436 1401 1493 hostibus
1460 1434 1798 1499 fortitudine,
1856 1443 1909 1490 et
1969 1433 2156 1491 amicis

573 1530 831 1597 aequitate
893 1528 1186 1598 superatis,
1221 1526 1425 1596 partim
1460 1525 1666 1580 bellicis
1696 1524 1918 1588 viribus,
1960 1524 2155 1593 partim

577 1630 789 1675 maturo
818 1628 938 1689 post
972 1635 1059 1673 res
1085 1627 1267 1689 gestas
1297 1617 1548 1681 consilio,
1592 1616 1821 1685 patriam
1854 1629 2152 1689 recupera-

576 1719 719 1763 runt.
773 1709 1111 1780 Quapropter
1168 1708 1212 1764 si
1246 1711 1368 1779 quis
1398 1708 1580 1773 omnia
1633 1722 1736 1761 non
1769 1708 1980 1760 studeat
2009 1721 2155 1762 com-

574 1798 758 1866 plecti,
801 1801 846 1853 is
869 1808 1143 1869 acceptam
1180 1799 1232 1853 in
1283 1798 1421 1853 bello
1452 1798 1663 1851 cladem
1696 1804 1875 1866 potest
1910 1797 2155 1852 dissimu-

2255 613 2455 684 μᾶλλον
2479 611 2674 677 σώζειν
2694 612 2780 665 ἑτέ
2789 628 2912 682 ρους
2942 608 3109 681 εἶχον,
3128 610 3157 680 ἢ
3184 609 3294 664 τῶν
3309 609 3486 665 ἄλλων
3506 609 3722 664 ἐδέοντο
3739 607 3844 661 σώ-

2252 703 2365 768 ζειν
2394 705 2555 772 σφᾶς.
2586 704 2653 757 Οἰ
2685 719 2748 771 γε
2778 702 2824 734 ⁸³
2848 701 3044 770 ὀλίγων
3068 701 3167 773 μὲν
3199 700 3419 765 πλείους
3459 700 3615 763 ὄντες
3642 699 3678 769 ἢ
3713 714 3845 751 πεν-

2251 793 2492 865 τήκοντα
2518 795 2567 848 oi
2596 793 2804 866 πρῶτοι
2841 794 2889 825 ⁸⁸
2912 792 3088 847 ταῦτα
3117 791 3507 863 βουλεύσαντες
3528 790 3667 860 ὁμοῦ
3692 788 3839 860 πρός

2251 904 2312 941 τι
2347 886 2447 958 τὴν
2497 886 2934 958 Λακεδαιμονίαν
2998 884 3173 956 ἀρχὴν
3207 884 3311 955 γῆς
3352 884 3447 938 καὶ
3486 882 3765 952 θαλάττης
3792 882 3839 912 ’⁸

2252 977 2553 1043 οὖσαν,καὶ
2588 977 2723 1049 πρὸς
2766 976 2892 1041 τοὺς
2917 977 2976 1029 ἐν
3012 976 3152 1046 αὐτῇ
3179 978 3246 1047 τῇ
3298 975 3450 1028 πόλει
3496 973 3840 1028 κινδυνεύειν

2256 1068 2592 1140 ὑπέστησαν,
2632 1067 2867 1138 οἰόμενοι
2927 1068 3037 1122 δεῖν
3067 1068 3099 1137 ἢ
3126 1068 3226 1139 ζῇν
3246 1068 3305 1119 ἐν
3331 1065 3636 1136 ἐλευθερίᾳ,
3683 1065 3720 1135 ἢ
3758 1064 3836 1133 μὴ

2256 1161 2531 1231 προσορᾷν
2562 1161 2655 1212 τὸν
2677 1159 2829 1230 ήλιον
2882 1160 3081 1222 κακίας
3116 1159 3372 1229 μάρτυρα
3426 1158 3644 1219 ἑαυτοῖς
3670 1156 3720 1187 ⁸⁸
3750 1172 3838 1223 γε·

2254 1256 2502 1322 νόμενον.
2520 1252 2776 1324 Ἐνόσησε
2798 1251 2897 1322 μὲν
2917 1251 3027 1323 γὰρ
3055 1254 3120 1322 τῇ
3154 1250 3261 1305 τῶν
3280 1250 3499 1304 πάντων
3522 1248 3835 1319 ἀνθρώπων

2257 1344 2437 1413 φύσει,
2476 1344 2598 1413 ίάθη
2624 1345 2686 1397 ’δὲ
2714 1346 2780 1415 τῇ
2811 1344 3029 1414 ἐαυτῆς,
3061 1342 3203 1397 ὥστε
3257 1342 3352 1396 καὶ
3403 1341 3561 1395 τοῦτο
3589 1341 3634 1372 ⁸⁸
3665 1341 3832 1410 ζῆλον

2257 1438 2397 1509 αὐτῇ
2454 1438 2656 1507 μᾶλλον
2713 1438 2969 1507 ἐνήνοχεν
3000 1437 3034 1507 ἢ
3069 1436 3377 1506 συμφοράν.
3438 1434 3835 1503 Κρατήσαντες

2254 1528 2310 1581 δὲ
2335 1528 2569 1600 εὐψυχίᾳ
2594 1529 2638 1560 ⁸³
2666 1528 2790 1591 τοὺς
2812 1528 3062 1598 ἐχθροὺς,
3098 1526 3371 1597 ἐπιεικείᾳ
3414 1526 3541 1588 τοὺς
3594 1524 3833 1586 οἰκείους

2256 1619 2534 1691 ἐνίκησαν.
2568 1618 2921 1689 Χρησάμενοι
2954 1618 3010 1671 δὲ
3036 1615 3389 1687 ἀμφοτέροις,
3429 1614 3526 1667 καὶ
3556 1616 3625 1683 τῇ
3679 1613 3834 1683 παρὰ

2255 1710 2381 1773 τοὺς
2430 1710 2649 1778 ἀγῶνας
2692 1710 2915 1781 ἀνδρείᾳ
2946 1710 3041 1763 καὶ
3088 1708 3166 1777 τῷ
3201 1707 3343 1778 μετὰ
3388 1707 3488 1769 τάς
3546 1704 3834 1777 πράξειςά

2255 1801 2335 1855 δεῖ
2390 1801 2805 1872 βουλεύσασθαι,
2853 1800 3026 1865 οὕτως
3078 1802 3443 1871 ἀνεκτήσαντο
3496 1798 3596 1868 τὴν
3654 1798 3832 1851 πόλιν.

576 1890 711 1953 lare,
777 1890 1212 1959 quandoquidem
1276 1898 1567 1957 sequentes
1628 1902 1717 1940 res
1774 1887 1996 1953 eodem,
2048 1901 2154 1958 quo

2258 1891 2409 1946 ’¹Ωστ’
2436 1894 2494 1946 ετ
2520 1910 2604 1957 τις
2627 1893 2866 1963 βούλοιτο
2895 1893 2971 1964 μὴ
3005 1892 3181 1947 πάντα
3201 1892 3527 1962 διηγεῖσθαι,
3560 1893 3767 1945 ἐνεῖναι
3792 1890 3835 1919 ³⁸

576 1980 805 2051 priores,
835 1981 1061 2037 consilio
1081 1990 1207 2037 sunt
1236 1989 1291 2036 et
1319 1990 1510 2036 eventu
1538 1989 1797 2049 peractae.

653 2245 1204 2321 [Quaexsuperantia
1256 2246 1754 2313 uancevebendam
1802 2260 1921 2303 esse
1962 2244 2150 2302 urbem

576 2339 1043 2412 existimandum.]

648 2433 764 2488 Jam
792 2432 919 2486 illud
949 2431 1120 2485 nihilo
1148 2431 1326 2485 secius
1356 2431 1515 2501 quam
1550 2434 1855 2502 superlora,
1891 2439 2002 2484 tum
2028 2446 2154 2485 nar-

581 2540 705 2578 rare
731 2533 841 2577 tum
866 2522 1127 2576 admirari
1153 2524 1434 2589 debemus,
1454 2525 1595 2593 quod
1617 2538 1736 2577 cum
1760 2521 2153 2578 Laccdtemonii

584 2630 645 2668 ea
680 2628 800 2683 qua:
832 2614 1048 2682 triginta
1077 2615 1211 2667 viris
1233 2623 1421 2667 contra
1457 2612 1709 2682 populum
1749 2619 2149 2679 mutuaverant,

566 2716 862 2781 postquam
898 2705 1039 2760 inter
1061 2718 1155 2759 eos
1177 2704 1451 2767 convenit,
1485 2703 1712 2773 populus
1746 2718 1809 2757 ex
1842 2713 1995 2773 parte
2025 2720 2151 2773 per-

579 2795 765 2859 solvit,
814 2810 922 2864 quo
986 2794 1216 2849 ﬁrmitas
1276 2796 1570 2848 fwderibus
1623 2792 1797 2861 major
1844 2796 2149 2851 accederet.

582 2885 815 2954 Populus
854 2885 998 2938 enim
1028 2885 1100 2938 ibi
1135 2883 1417 2949 collectus,
1445 2886 1569 2939 aliis
1614 2885 1667 2938 iu
1724 2884 1970 2939 adversis
2012 2886 2151 2941 bene

580 2976 833 3046 sperandi
871 2975 1177 3044 exemplum
1210 2975 1505 3045 praebebat,
1540 2975 1807 3045 simulque
1850 2976 1901 3029 in
1931 2991 2147 3044 manus,

582 3084 645 3119 ac
696 3082 859 3135 prope
903 3065 958 3119 in
1014 3080 1318 3120 sermonem
1360 3076 1708 3130 convenerat,
1750 3067 1900 3135 quasi
1947 3082 2045 3135 pro
2090 3080 2151 3121 se

584 3155 817 3210 invicem
875 3154 1205 3219 dimicaturi,
1260 3164 1317 3206 ut
1371 3153 1475 3207 dici
1538 3170 1642 3207 non
1705 3156 1910 3222 possit,
1969 3164 2147 3207 utrum

2256 1984 2455 2054 κλέψαι
2475 1983 2572 2055 τὴν
2612 1985 2903 2053 συμϐᾶσαν
2939 1983 2981 2014 ⁸¹
3014 1984 3107 2036 ἐπὶ
3164 1984 3258 2037 τοῦ
3308 1982 3623 2054 συμφοράνο
3660 1980 3836 2043 οὕτως

2257 2074 2496 2144 πολέμου
2520 2074 2844 2137 ἀκολούθους
2878 2074 2921 2106 ³³
2950 2075 3081 2137 ταῖς
3109 2075 3220 2128 ἀνω
3242 2074 3471 2145 πράξεσι
3502 2072 3602 2136 τὰς
3637 2071 3836 2141 ἐφεξῆς

2254 2166 2351 2218 καὶ
2381 2166 2697 2236 προείλοντο
2717 2164 2814 2217 καὶ
2876 2164 3271 2235 κατώρθωσαν.

2311 2255 2483 2330 [Πόση
2512 2258 2699 2330 τινίτῇ
2731 2257 3019 2328 περιουσίᾳ
3038 2256 3145 2327 χρὴ
3173 2254 3413 2326 νομίζειν
3431 2252 3639 2324 ταύτην
3664 2253 3811 2323 ὑπερ

2253 2348 2428 2420 αίρειν
2457 2350 2501 2381 ³³
2525 2348 2566 2422 ;]

2328 2444 2396 2495 Ὃ
2417 2441 2475 2495 δὲ
2501 2440 2713 2505 οὐδενὸς
2730 2437 2893 2513 ἦττον
2922 2441 3031 2495 τῶν
3083 2438 3174 2493 ὑπ’
3204 2437 3429 2493 ἐκείνων
3477 2432 3836 2506 πραχθέντων

2252 2532 2403 2599 ἄξιον
2448 2535 2625 2587 εἰπεῖν
2658 2551 2715 2586 τε
2761 2534 2857 2587 καὶ
2891 2533 3152 2603 τιμῆσαι·
3188 2527 3627 2597 Λακεδαιμονίων
3652 2526 3761 2595 γὰρ
3801 2524 3836 2577 ἀ.

2250 2626 2365 2686 τοῖς
2383 2624 2680 2695 τριάκοντα
2701 2622 2978 2675 ἐδάνεισαν
3009 2620 3100 2674 ἐπὶ
3119 2620 3207 2673 τὸν
3231 2620 3401 2691 δῆμον
3430 2616 3831 2676 ἀπαιτούντων,

2252 2716 2441 2787 ἐπειδὴ
2515 2716 2839 2785 συνέϐησαν,
2922 2713 3200 2767 συνὲτισεν
3227 2712 3334 2764 ³δὸ
3412 2709 3605 2778 δῆμος,
3657 2707 3727 2759 ῖν⁹
3786 2706 3832 2735 ³⁸

2252 2807 2400 2878 ἔργῳ
2436 2806 2535 2867 τάς
2611 2805 2888 2875 συνθήκας
2942 2801 3333 2875 βεϐαιώσηται.
3396 2798 3833 2870 Παράδειγμακ

2252 2886 2308 2951 δὲ
2327 2895 2634 2969 ἀνθρώποις
2654 2896 2763 2950 τῶν
2795 2898 2852 2949 ἐν
2878 2899 2991 2958 τοῖς
3028 2895 3218 2958 δεινοῖς
3248 2892 3479 2945 ἐλπίδων
3503 2891 3752 2959 ἐγένοντο
3763 2891 3830 2944 ³⁷.

2261 2991 2321 3045 ὐ
2354 2990 2482 3062 [662
2509 2988 2601 3062 ΙΙ.]
2634 2990 2804 3060 δῆμος
2836 2988 2938 3059 ἤδη
2963 2987 3369 3057 συνειλεγμένοι
3407 2986 3453 3017 ³⁸
3488 2984 3607 3055 ἅμα
3652 3000 3711 3035 τε
3750 2984 3832 3046 είς

2250 3085 2437 3153 χεῖρας
2460 3083 2715 3153 παρῆσαν
2734 3082 2829 3135 καὶ
2851 3080 3035 3152 σχεδὸν
3051 3082 3128 3142 είς
3148 3080 3357 3149 λόγους,
3376 3079 3525 3132 ὥσπε
3533 3096 3566 3151 ρ
3582 3077 3721 3145 ὑπὲρ
3742 3076 3835 3129 ἀ).-

2250 3173 2452 3244 λήλων,
2474 3175 2571 3243 οὐχ
2588 3174 2727 3245 ὑπὲρ
2750 3174 2959 3228 ἑαυτῶν
2982 3172 3385 3243 πολεμήσαντες
3403 3169 3835 3239 ἐκάτεραιοῶστε

584 3249 903 3301 detestanda
962 3247 1136 3315 magis
1203 3255 1348 3299 esset
1422 3245 1857 3299 adversariorum
1933 3244 2146 3311 seditio,

2258 3232 2340 3338 μή
2395 3232 2848 3328 εῖναινδιελέισθαι,
2874 3232 3129 3335 πότερον.
3153 3232 3262 3318 τῶν
3286 3232 3544 3318 ἐναντίων
3573 3232 3646 3332 ἦν
3699 3279 3835 3314 κατ-

583 3356 742 3410 quam
800 3355 927 3394 vero
979 3340 1184 3394 civitati
1239 3339 1342 3392 hoc
1390 3340 1552 3415 modo
1600 3338 1844 3392 liberata:
1892 3338 2148 3406 Optanda.

586 3430 794 3483 Etcum
847 3429 995 3498 pacis
1029 3426 1359 3482 mentionem
1392 3426 1519 3493 feci,
1550 3442 1738 3497 parum
1786 3428 2041 3486 quiddam
2089 3427 2156 3482 de

582 3534 646 3574 ca
675 3531 938 3589 repetam.

663 3720 999 3788 Quapropter
1023 3728 1078 3773 et
1116 3718 1227 3774 sola
1253 3718 1518 3772 Barbaros
1547 3726 1603 3771 et
1633 3717 1804 3786 prima
1839 3716 2006 3781 vicit,
2034 3731 2158 3771 cum

584 3811 816 3879 aliisque
837 3811 1145 3879 conjuncta,
1167 3811 1277 3878 ipsa
1296 3825 1399 3863 non
1418 3809 1597 3863 minus
1609 3808 1785 3863 socios
1800 3817 1962 3877 atque
1978 3807 2161 3862 hostes

588 3900 890 3969 superavit.
930 3901 1392 3968 Quemadmodum
1434 3900 1526 3969 qui
1568 3898 1755 3953 venari
1803 3897 2078 3962 nesciunt,
2112 3897 2157 3953 si

588 3992 716 4061 quid
764 3991 1102 4057 iusperautes
1138 3990 1401 4060 ceperint,
1435 4006 1538 4043 non
1574 3989 1873 4053 dimittunt,
1910 4002 2009 4044 nec
2058 3987 2161 4041 nisi

588 4084 906 4137 charissime
963 4084 1220 4147 vendunt,
1277 4082 1646 4137 imbecillitate
1711 4096 1807 4135 sua
1877 4082 1954 4135 rei
2032 4096 2160 4150 pre-

588 4177 723 4230 tium
782 4176 1087 4230 metientes.
1136 4175 1261 4228 llaac
1303 4184 1484 4228 autem
1526 4188 1649 4227 cum
1698 4187 1757 4227 se
1805 4183 1916 4226 toto
1963 4185 2161 4242 genere

588 4276 845 4337 praestare
877 4277 1249 4336 cognosceret,
1276 4279 1551 4334 nunquam
1586 4264 1857 4318 sordidius
1886 4279 1943 4317 se
1968 4264 2157 4332 gessit,

585 4357 844 4426 quoniam
876 4358 941 4411 de
971 4356 1283 4412 absentibus
1311 4370 1413 4409 non
1446 4355 1613 4409 levius
1639 4368 1801 4422 quam
1833 4354 1899 4407 de
1926 4370 2161 4422 praesen-

590 4449 734 4503 tibus
763 4449 1041 4518 sperabat,
1075 4447 1272 4517 ᾰοδα
1312 4447 1541 4514 ideoque
1570 4446 1734 4500 citius
1763 4447 1945 4500 omnia
1990 4445 2160 4501 hosti-

590 4538 713 4604 bus,
742 4554 902 4609 quam
938 4538 1013 4591 illi
1044 4554 1140 4593 sua
1169 4543 1420 4607 peterent
1460 4534 1717 4605 reddidit.

652 4713 1110 4782 Comparationes
1174 4712 1305 4767 istas
1346 4724 1492 4781 aegre
1547 4708 1699 4776 fero,
1748 4724 2055 4781 quanquam
2108 4720 2164 4766 et

587 4803 709 4870 ipse
763 4800 1085 4870 quibusdam
1135 4799 1371 4853 absurde
1431 4798 1611 4852 facere
1671 4798 1915 4863 videbor,
1964 4800 2055 4867 qui
2106 4800 2160 4853 in

586 4909 713 4947 eum
771 4906 1114 4955 sermonem,
1170 4906 1331 4959 quem
1389 4889 1800 4959 vituperabam,
1850 4890 2155 4958 inciderim,

590 4998 823 5050 cumque
860 4998 922 5036 ea
964 4983 1032 5038 de
1077 4996 1261 5044 causa,
1294 4989 1516 5049 propter
1566 4994 1729 5048 quam
1768 4980 1947 5035 fuerat
1992 4983 2157 5036 omit-

590 5074 809 5137 teudus,
844 5074 1143 5127 habuerim.
1170 5071 1423 5138 Quiuimo
1461 5072 1584 5124 hinc
1625 5070 1707 5124 vel
1749 5071 1986 5126 maxime
2034 5088 2161 5141 per-

595 5166 840 5236 s‘picitur,
876 5181 973 5221 nec
994 5178 1245 5235 magnam
1276 5162 1397 5218 illos
1436 5162 1505 5217 ab
1542 5161 1678 5217 urbe
1720 5164 1954 5232 gratiam
2002 5165 2159 5229 inire,

2257 3359 2499 3430 αρᾶσθαι
2536 3358 2635 3427 τὴν
2691 3358 2900 3422 στάσιν,
2935 3357 2967 3426 ἢ
3005 3356 3113 3409 τῶν
3165 3355 3335 3408 εὔνων
3391 3352 3835 3423 συνεύξασθαιτῇ

2255 3447 2413 3501 πόλει
2438 3447 2625 3499 τοῦτόν
2670 3464 2733 3515 γε
2766 3446 3017 3500 λυθεῖσαν
3049 3446 3094 3478 ³⁸
3124 3444 3213 3499 τὸν
3262 3444 3483 3515 τρόπον.
3528 3444 3684 3496 Ἐπεὶ
3718 3442 3837 3495 “es

2255 3538 2596 3608 τῆςείρήνης
2649 3538 2951 3611 ἐμνήσθην,
3009 3537 3174 3594 πάλιν
3234 3536 3469 3591 ἐνταῦθα
3518 3533 3838 3589 ἐπανελθεῖν

2260 3629 2522 3699 βούλομαι
2570 3630 2743 3700 βραχύ
2773 3647 2845 3684 τι.

2331 3720 2493 3771 Ὥστε
2524 3718 2567 3751 δι
2604 3722 2698 3772 καὶ
2724 3720 2912 3791 πρώτη
2937 3720 3065 3783 τοὺς
3116 3718 3424 3790 βαρόἀρους
3462 3718 3557 3772 καὶ
3575 3719 3713 3791 μόνη
3732 3718 3838 3773 ἐνί-

2264 3829 2399 3882 κησε
2426 3811 2471 3844 ⁸³
2498 3828 2511 3840 ·
2547 3812 2640 3864 κοιλ¹
2669 3813 2766 3865 σὺν
2823 3811 3003 3874 ἄλλοις
3026 3812 3294 3882 γενομένη
3335 3812 3435 3864 οὐκ
3466 3810 3689 3863 ἔλαττον
3712 3811 3838 3872 τοὺς

2264 3903 2710 3973 συμπαρόνταςῆ
2744 3902 2869 3964 τοὺς
2919 3903 3246 3966 ἀντιπάλους
3280 3901 3687 3972 ἐνίκα.“Ωσπερ
3719 3901 3765 3932 ⁸³
3788 3902 3837 3953 οἱ

2263 3993 2436 4065 θηρᾷν
2462 3994 2712 4047 ἀδύνατοι
2745 3995 2805 4046 τὸ
2848 3993 3049 4063 ληφθὲν
3083 3993 3505 4064 ἀπροσδοκήτως
3557 3994 3616 4046 οὐ
3648 3993 3837 4064 μεθιᾶ-

2264 4100 2367 4149 σιν,
2400 4085 2509 4137 οὐδ’
2544 4084 2609 4137 ἂν
2638 4084 2932 4137 ἀποδόσθαι
2976 4102 3059 4147 τις
3088 4084 3317 4154 ἀξιώσῃ,
3355 4085 3454 4155 τῆς
3484 4086 3644 4151 ἀξίας
3676 4087 3835 4155 τιμή·

2265 4177 2435 4228 σαιντ’
2467 4174 2551 4241 ἂν,
2587 4175 2722 4228 ἀλλὰ
2760 4174 2857 4245 τὴν
2892 4175 3071 4228 αὐτῶν
3098 4175 3401 4243 ἀδυναμίαν
3454 4176 3835 4243 προστιθέντες

2263 4261 2671 4324 πλεονάζουσιν.
2714 4261 2777 4313 Ἢ
2810 4261 2890 4327 δὲ,
2934 4262 3109 4333 οἶμαι,
3142 4263 3412 4317 συνειδυῖα
3461 4264 3626 4333 ἑαυτῇ
3655 4266 3837 4335 κρείτ-

2265 4368 2372 4403 των
2406 4350 2543 4405 οὖσα
2574 4354 2687 4415 τοῖς
2723 4352 2885 4417 ὅλοις,
2922 4352 3044 4405 οὐδέ
3090 4355 3310 4406 πώποτε
3351 4355 3829 4425 ἐμικρολογήσατο,

2264 4439 2324 4503 ἐξ
2376 4440 2494 4493 ῐσου
2554 4444 2664 4504 τοῖς
2726 4442 2959 4511 παροῦσι
3016 4442 3084 4495 τὰ
3133 4443 3339 4496 ἀπόντα
3395 4443 3709 4505 ἐλπίζουσα.
3747 4446 3833 4497 Διὸ

2265 4531 2443 4584 πάντα
2472 4532 2602 4603 ῥᾷον
2642 4534 2755 4594 τοῖς
2808 4532 3085 4601 πολεμίοις
3137 4533 3474 4604 ἀπέδωκενῆ
3514 4536 3712 4589 ἐκεῖνοι
3763 4538 3831 4588 τὰ

2269 4621 2505 4690 σφέτερα
2536 4619 2714 4673 αὐτῶν
2747 4619 3055 4690 ἀπῄτησαν.

2338 4712 2497 4774 Ἴσως
2527 4710 2573 4743 ⁸⁵
2604 4710 2704 4781 μὲν
2753 4708 2847 4765 οὖν
2880 4710 3035 4777 κάγώ
3057 4728 3199 4764 τισιν
3228 4712 3427 4765 ἄτοπον
3456 4714 3629 4765 ποιεῖν
3670 4713 3829 4778 δοκῶ,

2268 4801 2615 4871 μεμφόμενος
2694 4801 2791 4872 μὲν
2855 4803 3002 4871 (τοὺς
3084 4803 3469 4872 συγκρίνοντας
3535 4804 3831 4874 Ἀθηναίοις

2265 4891 2772 4961 Λακεδαιμονίους),
2809 4892 2968 4956 αὐτὸς
2995 4892 3040 4945 δ’
3070 4893 3150 4955 είς
3198 4894 3327 4957 τοὺς
3374 4895 3595 4963 ὁμοίους
3649 4896 3831 4964 λόγους

2268 4983 2651 5054 προεληλυθὼς
2697 4985 2767 5050 ⁸⁵,
2828 4987 2923 5038 καὶ
2979 4986 3208 5040 διἀὐτά
3258 5004 3322 5055 γε
3376 4987 3549 5041 ταῦτα
3601 4989 3833 5059 εἰρηκὼς

2267 5074 2485 5141 αὐτοὺς,
2517 5074 2583 5127 δι’
2603 5075 2638 5127 ἆ
2676 5092 2818 5145 φημι
2882 5077 2991 5129 δεῖν
3024 5078 3099 5146 μὴ
3158 5075 3357 5146 λέγειν,
3389 5079 3464 5131 Οὐ
3503 5078 3609 5148 μὴν
3637 5081 3752 5131 ἀλλ’
3776 5080 3832 5144 ἐξ

2268 5165 2447 5219 αὐτῶν
2474 5181 2540 5234 γε
2568 5166 2773 5220 τούτων
2839 5168 2936 5220 καὶ
3000 5169 3234 5239 μάλιστα
3276 5171 3341 5226 ἄν
3384 5188 3471 5234 τις
3509 5173 3717 5226 κατίδοι
3760 5174 3830 5236 ὡς

1856 5343 2095 5401 VARUE
2130 5346 2530 5404 LECTIONES.

665 5487 713 5557 ’ξ
744 5480 1047 5554 πολεμίοις]
1077 5479 1677 5557 Πελοποννησίοιςοοπ,
1702 5480 1765 5557 B.
1838 5486 1885 5516 "
1911 5484 1960 5537 οἳ
1984 5488 2190 5557 ven—3‘
2210 5485 2414 5557 πρῶτοι
2440 5502 2551 5557 om.
2576 5488 2640 5549 A,
2672 5486 2851 5557 addito
2884 5486 2941 5539 δὲ
2967 5496 3086 5555 post
3107 5487 3306 5541 ταῦτα.
3329 5494 3411 5540 est
3439 5498 3616 5541 autem
3641 5506 3693 5556 p.
3710 5488 3834 5545 287.

596 5559 640 5589 "
680 5550 955 5621 θαλάσσης
980 5550 1069 5623 ςζΔ
1134 5554 1179 5586 ³⁸
1215 5550 1445 5623 ἑαυτοῖς]
1466 5553 1584 5623 Ῠγέπ’
1616 5554 1797 5623 αὐτοῖς
1822 5556 1889 5608 Α.

598 5628 727 5681 ένιοι
749 5640 889 5678 corr.
912 5619 977 5677 Α.
1006 5634 1009 5641 ‘
1054 5621 1096 5653 ³¹
1142 5619 1443 5692 συμὸᾷσαν
1463 5622 1505 5672 Β
1535 5640 1547 5675 :
1586 5622 1880 5692 σύμπασαν
1916 5641 1976 5688 ς’.

593 5766 853 5835 λεγμένος
885 5782 949 5829 ς.

1987 5556 2029 5587 ’⁷
2063 5555 2283 5627 ἐνόσησε
2318 5575 2369 5624 p.
2400 5556 2530 5611 288.

2069 5626 2113 5656 ”
2144 5626 2456 5678 ἀπολούθως
2482 5643 2530 5678 ς’.

598 5643 727 5681 ενιοι
749 5643 889 5678 corr.
912 5643 977 5677 Α.
1054 5643 1096 5653 τι
1142 5643 1427 5692 συμοασαν
1463 5643 1505 5672 ι)
1535 5643 1547 5675 :
1586 5643 1880 5692 συμπασαν
1916 5643 1976 5688 ς.
2069 5643 2113 5656 ··
2144 5643 2456 5688 απολουυως
2482 5643 2541 5690 ς.
2630 5643 2674 5658 ’-
2706 5643 2846 5697 ποσῃ
2899 5656 2968 5665 -
2991 5645 3011 5679 ι

597 5707 777 5776 autem
809 5692 1004 5764 p.289.
1045 5692 1131 5776 ﬂ":
1152 5691 1492 5776 cyvfﬁéttgsv
1520 5708 1602 5776 ελ
1662 5693 1707 5725 ³⁵
1741 5694 1813 5776 iv,
1837 5693 2065 5776 corr.‘B,
2106 5699 2153 5749 εἰ
2182 5699 2246 5751 Α.
2301 5695 2774 5776 ιξθιπαράδειγῇρλοιὶ
2808 5696 3011 5776 1.

1044 5763 1088 5839 ξ’
1101 5761 1379 5839 μλυθεῖσαν-
1399 5760 1488 5839 B,_
1512 5762 1748 5839 Aquagv
1778 5765 1823 5816 A
1862 5763 2228 5839 Eﬁlquiojnwg.
2273 5765 2342 5839 _‘°
2372 5760 2520 5839 ἐπεί]
2554 5783 2622 5839 p.
2646 5760 2780 5820 993.
2808 5760 2837 5839 Ἀ
2856 5766 2906 5839 “_
2926 5764 3090 5839 ὥστε]
3117 5782 3168 5836 p.
3194 5760 3322 5821 294.

2632 5559 2677 5589 ’⁸
2706 5556 2898 5609 τοῦτον
2925 5561 2990 5611 Δ.
3080 5560 3125 5590 ¹⁹
3157 5557 3389 5627 εὐψυχίᾳ
3418 5574 3478 5620 ς.

3554 5560 3598 5589 ³⁸
3616 5558 3833 5629 ἐνεῖναι]

2630 5627 2674 5658 ⁸³
2706 5628 2846 5695 πόσῃ

2899 5627 3307 5697 -νὺπεραίρειν
3331 5642 3439 5680 om.
3487 5628 3553 5694 A,
3588 5627 3838 5697 leguntur

3108 5697 3152 5729 "
3184 5697 3423 5764 ἐγίνοντο
3446 5698 3509 5751 Α.
3584 5697 3629 5759 δ’
3661 5715 3834 5750 συνειο

3117 5782 3168 5836 p.
3194 5767 3322 5821 294.
3424 5766 3468 5837 θ’
3495 5768 3715 5837 ἐνίκησε
3751 5769 3832 5824 A:

602 5822 847 5905 νενίκηκε
1016 5832 1062 5865 ⁸³
1091 5830 1303 5904 ὥσπερ]
1328 5830 1423 5901 οὐχ
1446 5822 1643 5901 ’ὥσπερ
1674 5832 1733 5899 Β,
1763 5850 1815 5905 p.
1852 5834 1980 5888 296.
2058 5822 2289 5906 δι”ιᾱως]
2324 5853 2374 5907 p.
2406 5822 2532 5891 297'.
2555 5822 2567 5837 ’
2613 5837 2657 5870 ⁵⁸
2688 5822 3143 5907 προεληλυθώξᾹ
3175 5855 3187 5893 :
3218 5836 3607 5908 παρεληλυθώς
