4104 6420
274 386 403 453 1477

1360 394 1881 458 BIBLIOTHECA.
1920 420 1989 432 ·-
2015 398 2178 459 COD.
2209 399 2499 461 CCXLVI.

3384 409 3519 473 1478

266 507 396 560 οὕτε
418 508 452 577 ἡ
474 505 632 576 χάρις
659 505 971 578 θαυμαστὴ,
1001 509 1071 578 ἢν
1106 508 1307 564 οἴονται
1329 512 1399 579 τῇ
1428 509 1580 563 πόλει
1636 510 1848 566 κατατί-

1956 526 2056 567 uec
2117 513 2232 568 haec
2289 527 2410 568 esse
2463 514 2532 570 de
2592 522 2858 571 .ndustrta
2919 522 3221 577 tractanda.
3255 522 3362 578 Sed
3426 543 3519 595 per

266 597 479 661 θεσθαι,
517 595 640 649 οὕτε
674 598 988 668 ἐξεπίτηδες
1012 600 1081 652 τά
1127 617 1191 667 γε
1213 598 1444 655 τοιαῦτα
1485 600 1840 668 ἀγωνιστέον,

263 688 428 744 ἀλλὰ
456 689 607 742 κατὰ
632 690 700 743 τὸ
748 688 1048 761 πάρεργον
1102 687 1231 746 οἷον
1280 690 1484 761 ὥσπερ
1533 692 1653 748 νῦν
1700 692 1839 764 ἐγώ.

267 779 431 832 ’Ὥστε
461 779 516 832 ετ
538 796 626 843 τις
678 779 821 844 ἀξιοῖ
866 782 962 834 καὶ
1018 781 1151 851 ἡμῖν
1178 784 1394 855 ἄρρητα
1448 782 1621 837 ταῦτα
1677 778 1840 850 εἶναι,

266 871 454 942 σχεδὸν
475 870 667 924 τούτου
700 871 861 941 χάριν
887 871 1123 943 εῖρηται.

336 963 448 1015 Καὶ
472 962 889 1032 Λακεδαιμόνιοι
936 962 1042 1015 ei"
1065 963 1174 1016 τῶν
1227 961 1492 1033 Ἑλλήνων
1519 964 1843 1035 προέχοντες

266 1054 364 1107 καὶ
409 1053 919 1124 προκινδυνεύοντες
957 1055 1015 1105 ἐν
1069 1056 1190 1116 ταῖς
1215 1054 1425 1123 χρείαις
1454 1054 1500 1085 ⁸⁷
1542 1055 1730 1116 παῖδες
1774 1056 1840 1125 τῇ

267 1145 423 1198 πόλει
457 1144 823 1214 παραϐάλλειν
849 1143 1008 1198 είσίν.
1039 1143 1203 1197 Ὥστε
1230 1146 1275 1176 ⁸⁸
1298 1144 1603 1215 ἐϐουλόμην
1633 1144 1702 1198 ἂν
1745 1146 1843 1199 καὶ

264 1235 337 1287 τὰ
362 1236 598 1303 τρόπαια
626 1233 662 1287 ἃ.
691 1233 738 1265 ⁸³
778 1232 957 1303 μέλλω
1005 1233 1183 1301 λέγειν
1244 1235 1339 1287 ἀπ’
1362 1235 1537 1289 ἄλλων
1576 1235 1844 1306 ὑπάρχειν

264 1327 601 1395 ἀνακείμενα
622 1327 687 1397 τῇ
720 1325 895 1389 πόλει,
936 1326 1029 1378 καὶ
1062 1325 1137 1395 μὴ
1168 1326 1465 1394 ἀναγκαῖον
1498 1322 1639 1380 εἶναι
1669 1343 1843 1395 προσ·-

263 1417 471 1470 τιοέναι
534 1418 646 1479 τοῖς
722 1416 935 1480 πολλοῖς
1016 1418 1100 1470 ὅτι
1186 1416 1300 1472 ἀπὺ
1377 1416 1840 1488 Λακεδαιμονίων.

266 1509 431 1581 [1228
464 1508 555 1580 IL]
586 1508 700 1563 Νῦν
744 1510 803 1562 δὲ
864 1508 1006 1564 αὐτὰ
1043 1506 1090 1542 ⁸⁸
1137 1509 1207 1563 τὰ
1274 1511 1579 1581 πράγματα
1637 1510 1843 1580 ταύτην

261 1601 410 1668 ἄγει,
441 1600 581 1653 ὥστε
640 1600 701 1653 οὐ
753 1599 848 1652 τοῦ
898 1600 1269 1672 παρεξετάσαι
1328 1601 1488 1671 χάριν
1536 1602 1840 1672 εἰρήσεται,

262 1691 401 1745 ἀλλὰ
430 1689 521 1745 τοῦ
546 1690 622 1761 μὴ
654 1691 975 1745 ,παντάπασι
1002 1691 1104 1755 τὰς
1127 1692 1354 1761 πράξεις
1385 1693 1677 1764 παρελθεῖν
1700 1710 1715 1724 °
1747 1694 1841 1747 καὶ

265 1784 377 1852 γάρ
400 1786 537 1834 εἰσιν
569 1782 634 1843 ἃς
655 1781 1035 1851 παρεξέλιπον.
1063 1785 1155 1836 Δεῖ
1206 1783 1286 1848 δὲ,
1335 1783 1408 1846 ὡς
1439 1785 1637 1849 ἔοικεν,
1664 1784 1725 1836 οὐ
1748 1783 1840 1836 τοῦ

262 1875 517 1942 τυχόντος
555 1872 781 1942 δρόμου.
836 1874 945 1926 Καὶ
997 1875 1098 1944 οὐχ
1134 1875 1176 1906 ⁸³
1222 1873 1280 1926 ἓν
1328 1869 1468 1937 εἷδος
1519 1874 1842 1942 εὐεργεσίας
1874 1852 1917 1905 Β

262 1965 627 2029 ἐπεδείξαντο,
642 1964 755 2019 ἀλλ’
770 1965 921 2018 οὐδὲν
939 1961 1075 2029 εἶδος
1094 1966 1407 2036 εὐεργεσίας
1422 1964 1705 2019 ἀπέλιπον.
1741 1966 1848 2017 Πε-

267 2059 538 2127 ριίσταται
563 2056 609 2087 ⁸³
624 2056 681 2108 δέ
703 2074 769 2126 με
796 2057 841 2088 ⁸³
861 2058 1178 2111 παντοδαπὰ
1193 2057 1383 2127 ὥσπερ
1435 2058 1493 2109 ὲν
1553 2059 1845 2127 συγγραφῇ

266 2148 384 2201 τῶν
434 2147 613 2200 αὐτῶν
649 2148 881 2219 χρόνων,
919 2148 956 2202 ἃ
984 2149 1058 2219 μὴ
1080 2149 1161 2201 ὅτι
1174 2148 1353 2203 πάντα
1377 2147 1663 2212 διεξελθεῖν
1685 2147 1848 2199 εὔπο-

266 2257 384 2311 ρον,
412 2240 524 2294 ἀλλ’
541 2240 751 2303 οὐδενὸς
771 2240 1077 2310 στρατηγοῦ
1098 2240 1273 2293 πάντα
1285 2241 1431 2309 ἑξῆς.
1457 2234 1558 2293 Ὧν
1584 2239 1637 2293 τί
1654 2241 1847 2309 παρεὶς

263 2331 411 2394 τίνος
444 2332 704 2401 μνησοὦ;
747 2333 811 2384 Ὃ
841 2331 897 2384 δὲ
926 2331 971 2363 ⁸⁸
1022 2331 1102 2383 δεῖ
1138 2332 1426 2400 ⁵³μάλιστα
1480 2333 1580 2402 τῆς
1623 2332 1848 2384 ἐκείνων

263 2424 481 2491 φύσεως
502 2424 807 2493 ἀγασθῆναι
859 2424 951 2478 καὶ
985 2427 1234 2493 κρεῖττον
1277 2424 1311 2495 ἦ
1369 2423 1511 2477 κατὰ
1562 2423 1847 2493 ἄνθρωπον

264 2514 596 2585 ἡγήσασθαι·
640 2514 761 2579 ἐξὸν
816 2514 924 2585 γὰρ
974 2516 1187 2579 ἑαυτοῖς
1229 2515 1652 2579 ἀκολουθοῦντας
1704 2515 1848 2585 ἐχειν

262 2606 723 2675 Λακεδαιμονίους
770 2606 859 2660 καὶ
929 2606 1073 2660 κατὰ
1119 2607 1222 2677 γῆν
1291 2608 1386 2660 καὶ
1451 2607 1594 2660 κατὰ
1648 2606 1847 2660 θάλατ-

262 2697 723 2768 ταν,ῆπεριιδεῖν
777 2699 871 2751 ἐπὶ
923 2699 1165 2770 κεφαλὴν
1201 2698 1474 2762 ὠσθέντας
1497 2699 1565 2761 ⁵⁸,
1619 2697 1842 2769 συμμά-

264 2807 379 2861 χων
401 2790 689 2861 περιοίκων
707 2790 933 2845 οἰκετῶν
949 2791 1732 2860 ἁπάντων⁸⁷ὲπανεστηκότων,
1753 2790 1848 2843 ἐπὶ

261 2883 378 2943 τοῖς
394 2882 525 2944 ἴσοις
538 2873 804 2944 ἐδέξαντο.
826 2882 935 2936 Καὶ
952 2881 1324 2952 πορευομένης
1336 2882 1484 2936 ὥσπε
1495 2900 1524 2952 ρ
1542 2882 1736 2950 φλογὸς
1748 2884 1847 2953 τῆς

262 2972 518 3038 Θηϐαίων
539 2972 815 3041 δυνάμεως
840 2973 935 3025 ἐπὶ
990 2973 1089 3043 τὴν
1138 2972 1295 3026 πόλιν
1351 2973 1459 3025 τῶν
1502 2972 1847 3042 Λακεδαιμο-

265 3065 399 3117 νίων
431 3065 524 3116 καὶ
569 3064 636 3116 τὰ
689 3064 854 3118 λοιπά
919 3065 1018 3131 τῆς
1064 3064 1496 3133 Πελοποννήσου,
1546 3064 1696 3134 μόνοι
1750 3065 1844 3117 καὶ

278 3156 549 3226 Ἑλλήνων
601 3157 694 3209 καὶ
721 3156 1014 3227 βαρϐάρων
1047 3157 1381 3226 προστάντες
1409 3156 1712 3209 ἐκώλυσαν.
1756 3156 1844 3222 Ἐξ
1872 3194 1917 3252 c

264 3242 342 3300 ὧν
371 3247 545 3311 οὕτως
570 3248 673 3313 ὑπρ
700 3248 915 3301 πάντων
944 3249 989 3281 ⁸⁸
1015 3248 1268 3319 ἑωρῶντο
1302 3249 1369 3311 ⁵⁸,
1393 3248 1533 3301 ὥστε
1572 3248 1847 3317 καταστῆ-

267 3358 360 3394 ναι
399 3345 498 3410 τὴν
553 3340 707 3392 πόλιν
755 3340 1033 3409 συνέδριον
1074 3340 1177 3409 τῆς
1236 3338 1551 3409 συμμαχίας
1604 3340 1873 3410 ἀπάσης.-

270 3431 395 3484 "Est
419 3432 462 3462 ⁸⁰
492 3429 670 3483 τοίνυν
709 3430 936 3502 πότερον
962 3430 1062 3498 τῆς
1109 3429 1316 3491 πόλεως
1346 3430 1380 3497 ἢ
1408 3430 1536 3500 [665
1564 3428 1655 3501 Η.]
1679 3429 1841 3481 τῶν⁶¹

267 3520 593 3590 συμϐάντων
625 3519 1023 3589 κατηγοροῦσιν
1053 3535 1068 3582 ;
1093 3519 1139 3570 εί
1170 3518 1268 3588 μὲν
1291 3520 1398 3587 γὰρ
1424 3517 1525 3585 τῆς
1543 3518 1750 3580 πόλεως
1775 3520 1842 3581 θ’,

265 3613 446 3674 οὐδὲν,
484 3613 559 3674 ὡς
589 3611 756 3675 ἔοικε,
780 3611 889 3663 τῶν
933 3609 1206 3678 μεγίστων
1237 3610 1578 3672 ἐπίστανται,
1616 3608 1731 3662 ἀλλ’
1752 3610 1844 3662 ἐκ·

266 3705 544 3773 πέφευγεν
592 3702 788 3763 αὐτοὺς
840 3702 935 3770 ἀφ’
968 3694 1043 3752 ὧν
1064 3700 1097 3768 ἡ
1141 3697 1293 3762 πόλις
1324 3697 1670 3769 γνωρίζεται.
1698 3699 1760 3752 Ei
1786 3698 1843 3751 δὲ

265 3796 339 3849 τὰ
356 3795 640 3865 συμϐάντα
673 3794 1001 3864 μέμφονται,
1030 3790 1129 3859 οὐχ
1160 3790 1322 3860 ὃμοια
1370 3790 1486 3851 τοῖς
1533 3787 1737 3850 ἄλλοις,
1769 3787 1843 3850 ὡς

265 3885 465 3950 ἔοικεν,
486 3881 566 3945 οἷς
593 3882 874 3953 προείλετο
894 3880 982 3951 “ﬂ
1007 3881 1159 3942 πόλις
1178 3878 1509 3947 νομίζοντες,
1530 3876 1672 3929 οὕτω
1699 3877 1846 3945 μέμ-

265 3993 459 4045 φονται
479 3975 645 4027 ’ὥστε
673 3974 732 4037 ἐξ
753 3966 826 4026 ὧν
842 3972 901 4024 τὸ
927 3973 1156 4042 πρᾶγμα
1197 3968 1479 4031 κακίζουσι
1540 3967 1637 4037 τὴν
1693 3966 1844 4020 πόλιν

265 4066 727 4137 ἐγκωμιάζουσιν.
792 4065 926 4117 Τότε
984 4063 1093 4133 γὰρ
1151 4063 1318 4115 κακία
1392 4061 1488 4113 καὶ
1530 4061 1577 4091 ⁸⁸
1636 4060 1844 4122 πόλεως

263 4162 359 4213 καὶ
389 4158 596 4211 ἰδιώτου
648 4157 939 4217 δείκνυται,
993 4154 1175 4223 ὅτανῆ
1207 4152 1344 4223 μόνα
1373 4152 1418 4183 ⁵⁸
1461 4169 1539 4223 τῳ
1570 4154 1744 4222 προσῇ
1778 4152 1845 4205 τὰ

264 4251 494 4305 ὑπαίτια
514 4250 580 4315 ⁸⁵,
609 4250 641 4320 ἢ
667 4248 836 4302 πλείω
864 4247 930 4299 τὰ
950 4245 1129 4314 φαῦλα
1144 4245 1253 4298 τῶν
1273 4243 1530 4297 ἐπιεικῶν
1546 4243 1741 4313 ἐλέγχῃ
1762 4259 1846 4305 τις

1945 610 2282 659 transennam
2310 606 2747 674 quemadmodum
2776 623 2916 662 nunc
2948 626 3042 681 ego
3068 613 3232 681 facio.
3268 614 3516 684 Quapro-

1942 699 2061 759 pter
2085 694 2129 747 si
2160 694 2283 764 quis
2311 710 2339 747 a
2366 695 2531 751 nobis
2553 696 2724 751 etiam
2758 697 2874 754 base
2900 701 3034 763 velit
3054 705 3347 773 praeteriri,
3377 706 3513 762 hac-

1943 793 2097 839 tenus
2128 794 2273 843 certe
2292 786 2446 843 diota
2500 798 2651 844 sunt.

2008 960 2081 1014 .Et
2099 960 2491 1019 Lacedaemonii
2529 965 2619 1033 qui
2653 966 2999 1033 proGrtncis,
3023 970 3378 1042 utprincipes
3415 988 3517 1042 op-

1942 1067 2144 1123 ponere
2170 1055 2507 1122 sesolebant,
2532 1072 2821 1126 puerorum
2848 1060 3024 1121 vicem
3076 1062 3226 1115 urbis
3241 1078 3519 1134 compara-

1945 1145 2087 1200 tione
2098 1145 2352 1205 subeunt.
2372 1146 2507 1213 Quid
2544 1149 2685 1217 quod
2710 1160 2815 1203 tam
2856 1152 3058 1207 invitus
3079 1151 3131 1205 in
3150 1151 3292 1206 hunc
3306 1168 3518 1207 sermo-

1944 1251 2066 1290 nem
2098 1236 2281 1300 incidi,
2312 1237 2552 1291 utetiam
2578 1248 2777 1308 tropaea
2808 1256 2927 1309 qua:
2950 1242 3267 1307 recenseho,
3301 1244 3369 1297 ab
3396 1244 3519 1299 aliis
3632 1242 3639 1257 ’

1942 1340 2064 1381 esse
2088 1325 2206 1381 urbi
2225 1336 2377 1393 parta
2411 1329 2643 1397 cupiam,
2678 1345 2747 1385 ne
2771 1331 3042 1400 plerisque
3068 1331 3396 1388 Laconicum
3421 1349 3521 1389 no-

1944 1433 2067 1472 men
2102 1429 2245 1474 esset
2276 1420 2644 1475 inserendum.
2681 1422 2945 1487 Quoniam
2982 1436 3111 1480 vero
3138 1439 3228 1479 res
3259 1425 3389 1494 ipsa;
3418 1440 3518 1480 nos

1944 1513 2050 1565 huc
2061 1511 2302 1579 adigunt,
2321 1512 2434 1565 hac
2447 1526 2551 1565 non
2568 1521 2675 1567 tam
2689 1513 3517 1584 coutentionisgratiadicemus,

1942 1612 2105 1667 quam
2144 1613 2210 1652 ne
2263 1613 2351 1653 res
2387 1613 2573 1653 omnes
2603 1607 2968 1666 transeamus,
3015 1611 3075 1655 ut
3110 1602 3161 1656 in
3198 1603 3519 1672 quibusdam

1945 1689 2191 1757 fecimus,
2242 1705 2343 1745 nec
2387 1700 2469 1745 est
2515 1690 2706 1745 leviter
2751 1695 3224 1763 progrediendum.
3258 1694 3368 1751 Nec
3407 1706 3518 1753 tam

1949 1796 2114 1835 Unum
2141 1781 2428 1836 ediderunt
2456 1782 2704 1839 beneﬁcii
2736 1800 2925 1855 genus,
2950 1802 3112 1856 quam
3143 1787 3350 1842 nullum
3376 1789 3519 1842 omi-

1949 1881 2162 1927 serunt.
2184 1872 2360 1927 Multae
2383 1884 2562 1927 autem
2589 1878 3229 1947 eorumdemtemporum
3250 1895 3349 1934 .res
3376 1881 3521 1933 velut

1950 1962 2004 2023 in
2039 1962 2267 2016 historia
2298 1963 2430 2017 mihi
2473 1978 2796 2030 occurrunt,
2824 1984 2962 2037 quas
2988 1972 3123 2024 adeo
3148 1984 3265 2028 non
3300 1985 3518 2040 poSsum

1951 2053 2109 2107 facile
2154 2063 2379 2109 cunctas
2422 2056 2717 2124 explicare,
2750 2066 2809 2112 ut
2861 2073 2928 2112 ne
2982 2061 3104 2114 duci
3154 2061 3375 2129 quidem
3426 2061 3517 2115 ulli

1949 2158 2145 2213 queam
2179 2143 2445 2199 subicere.
2482 2145 2681 2199 Earum
2708 2163 2836 2203 vero
2870 2152 3518 2220 quas,quihusromissis,

1950 2237 2284 2291 recensebo?
2320 2236 2438 2291 Jam
2477 2237 2610 2293 illud
2648 2240 2944 2297 maximam
2990 2254 3232 2297 meretur
3278 2242 3521 2299 admira-

1953 2328 2175 2393 tionem,
2216 2344 2543 2398 omnemque
2593 2343 2814 2399 superat
2861 2334 3151 2389 humanam
3203 2348 3449 2396 naturam
3502 2360 3518 2398 :

1950 2434 2075 2473 cum
2142 2429 2362 2488 possent
2437 2422 2858 2477 Lacedaemoniis
2910 2435 3050 2478 terra
3118 2428 3362 2497 marique
3424 2446 3522 2499 pro

1951 2508 2172 2565 famulis
2203 2510 2301 2575 uti,
2345 2510 2430 2565 vel
2464 2512 2761 2568 calamitati
2791 2528 2903 2569 sum
2937 2516 3263 2586 relinquere,
3301 2536 3437 2589 quos
3466 2531 3522 2576 et

1949 2601 2110 2665 socii,
2154 2610 2211 2656 et
2261 2602 2499 2668 ﬁnitimi,
2550 2612 2606 2657 et
2656 2605 2800 2659 servi
2843 2620 3034 2661 omnes
3067 2612 3455 2679 Oppugnabant
3501 2629 3517 2667 :

1951 2692 2303 2747 nihilominus
2349 2709 2508 2762 aequo
2557 2694 2679 2765 jure
2724 2711 2821 2752 eos
2873 2699 3237 2766 admiserunt,
3293 2712 3349 2756 et
3396 2719 3521 2759 cum

1950 2783 2193 2838 Thebani
2256 2785 2428 2839 instar
2475 2786 2706 2841 ﬂammae
2753 2788 2820 2841 ad
2873 2790 3060 2844 urbem
3107 2791 3427 2863 Laconicam
3467 2803 3523 2849 et

1951 2877 2191 2946 reliquas
2214 2876 2568 2945 PeIOponnesi
2603 2889 2787 2947 partes
2811 2881 3105 2948 ferrentur,
3137 2885 3235 2938 soli
3256 2886 3519 2941 extim:-

1948 2969 2028 3026 cis
2065 2978 2122 3024 et
2173 2969 2419 3025 barbaris
2465 2970 2798 3025 restiterunt.
2851 2972 2996 3037 Quas
3043 2977 3112 3027 ob
3160 2990 3247 3029 res
3288 2990 3355 3030 eo
3390 2977 3522 3033 loco

1946 3070 2079 3116 sunt
2109 3061 2179 3115 ab
2202 3063 2456 3115 omnibus
2494 3061 2688 3126 habiti,
2732 3070 2790 3115 ut
2860 3063 2989 3117 urbs
3018 3064 3195 3118 totius
3241 3067 3521 3124 societatis

1946 3154 2097 3207 curia
2126 3154 2567 3208 constitueretur.
2602 3153 3073 3211 Praetereautrum
3096 3157 3410 3224 civitatein,
3440 3176 3512 3214 an

1949 3243 2625 3311 foederarepreltendunt?
2650 3244 2704 3297 Si
2739 3247 2881 3299 enim
2919 3246 3195 3301 civitatem
3234 3260 3517 3315 accusant,

1946 3331 2081 3395 nihil
2134 3334 2199 3389 de
2252 3335 2412 3387 rebus
2474 3333 2749 3398 maximis,
2802 3333 2996 3405 me
3056 3352 3085 3393 a
3139 3338 3337 3406 quibus
3389 3318 3549 3394 urbs.

1945 3423 2272 3487 celebratur,
2300 3426 2549 3478 videntur
2579 3440 2940 3491 cognoscere;
2966 3425 3303 3493 sinitedem,
3333 3428 3521 3498 utique

1944 3515 2070 3569 aliis
2093 3530 2155 3567 ea
2186 3514 2475 3569 dissimilia
2502 3514 2746 3582 judicent
2778 3535 2792 3571 :
2835 3517 3017 3586 itaque
3050 3520 3131 3583 lit,
3175 3529 3233 3571 ut
3277 3520 3420 3587 quod
3461 3521 3519 3576 in

1945 3607 2273 3677 vituperium
2305 3607 2382 3661 rei
2410 3606 2725 3676 proferunt,
2761 3624 2825 3662 eo
2862 3610 3080 3667 laudent
3131 3612 3339 3665 urbem.
3380 3611 3519 3668 Nam

1943 3707 2000 3754 et
2045 3699 2283 3754 civitatis
2312 3709 2368 3753 et
2413 3700 2651 3755 hominis
2696 3700 2936 3767 cujusvis
2958 3702 3146 3755 vitium
3190 3702 3259 3755 ita
3299 3705 3517 3759 demum

1945 3793 2315 3860 cognoscitur,
2345 3792 2391 3846 si
2431 3792 2571 3846 mala
2597 3793 2649 3845 in
2675 3807 2740 3847 eo
2764 3793 2848 3848 vel
2881 3793 3019 3857 sola,
3050 3793 3131 3848 vel
3158 3794 3313 3849 bonis
3341 3796 3516 3865 plura,

1940 3893 2042 3936 aut
2085 3884 2289 3951 majora
2336 3884 2419 3951 (ut
2437 3892 2491 3937 et
2524 3885 2624 3938 hoc
2656 3883 3000 3954 adjiciamus)
3043 3894 3357 3940 cernuntur.
3413 3888 3517 3954 Qui

1938 3984 2123 4029 autem
2151 3974 2776 4038 oniuihus,examinatis,
2802 3990 2967 4027 uuutn
2990 3975 3217 4043 aliquid,
3252 3986 3348 4029 aut
3384 3976 3515 4031 item

1938 4063 2174 4117 alterum
2210 4065 2633 4131 reprehendunt,
2670 4063 2705 4115 ii
2745 4063 2965 4132 reliquis
2998 4065 3313 4119 omittendis
3356 4068 3515 4120 tacite

1945 4153 2172 4207 laudant
2215 4154 2516 4222 prtesertim
2564 4156 2607 4208 si
2660 4170 2764 4209 non
2815 4157 2882 4208 de
2939 4156 3179 4220 homine,
3215 4172 3400 4211 verum
3448 4160 3518 4213 de

1945 4245 2190 4308 civitate,
2225 4260 2401 4314 eaque
2443 4247 2607 4300 totius
2649 4245 2872 4301 Graeciaa
2906 4249 3302 4316 antiquissima,
3340 4248 3513 4317 piari-

266 4342 303 4412 ἢ
368 4342 540 4413 μείζω
566 4358 579 4371 ·
622 4338 971 4410 προσκείσθω
1018 4338 1063 4369 ⁵⁷
1096 4337 1225 4407 γάρ.
1263 4338 1429 4389 Ὅταν
1452 4335 1844 4400 δ’θθέξετάζων

1948 4338 2160 4406 misque
2193 4337 2352 4393 rebus
2383 4338 2643 4405 prieclare
2676 4340 2842 4406 gestis
2865 4340 3216 4395 celeberrima
3249 4343 3512 4411 judicium

264 4435 359 4489 διὰ
378 4436 594 4489 πάντων
614 4433 729 4496 ἐνὸς
749 4432 783 4502 ἦ
800 4434 944 4484 δυεῖν
962 4430 1233 4501 λαμϐάνῃ,
1247 4429 1475 4497 λέληθας
1502 4427 1737 4481 ἐπαινῶν
1764 4421 1844 4489 οἷς

1946 4430 2060 4486 tiat.
2099 4429 2270 4485 Omne
2294 4430 2438 4484 enim
2485 4430 2770 4499 imperium
2805 4446 2835 4484 a
2890 4433 3284 4500 potentioribus
3323 4445 3514 4489 contra

261 4527 451 4597 ἀφίης,
481 4526 652 4589 ἄλλως
669 4542 728 4578 τε
750 4526 792 4556 ⁶⁹
815 4525 863 4577 εί
879 4523 1001 4594 μηδ’
1019 4523 1229 4576 ἰδιώτου
1260 4523 1385 4591 ποιῇ
1403 4520 1500 4590 τὴν
1517 4520 1715 4589 κρίσιν,
1746 4520 1837 4571 ἀλ-

1946 4524 2218 4593 ωιιυὶιιιιὶε
2263 4524 2433 4594 legem
2480 4535 2787 4580 exercetur.
2842 4524 3127 4590 Quomodo
3166 4527 3367 4594 alioqui
3422 4537 3516 4581 aut

265 4622 335 4677 λὰ
350 4623 579 4683 πόλεως,
596 4621 689 4674 καὶ
717 4619 918 4689 ταύτης
945 4617 992 4650 ⁷⁰
1010 4616 1386 4685 πρεσϐυτάτης
1402 4616 1510 4668 τῶν
1528 4614 1843 4684 Ἐλληνίδων

1946 4632 2154 4684 aequum
2204 4618 2294 4677 sit,
2323 4627 2411 4670 aut
2439 4617 2667 4684 justum,
2708 4628 2764 4670 ut
2784 4619 2906 4686 quis
2934 4618 3309 4674 alienmterrm
3338 4620 3513 4673 tribu-

259 4715 364 4770 καὶ
428 4714 654 4764 πλεῖστα
671 4709 904 4780 ὑπάρχει
920 4707 989 4761 τὰ
1009 4707 1194 4761 δέοντα
1222 4705 1522 4775 συμϐάντα.
1552 4704 1774 4757 Ἅπασα
1796 4704 1840 4735 τί

1946 4717 2057 4761 tum
2091 4709 2352 4778 imponat,
2386 4719 2482 4761 aut
2513 4709 2661 4778 leges
2694 4721 2890 4778 praeter
2931 4711 3309 4764 necessitatem
3350 4711 3514 4776 ferat,

266 4807 376 4877 γὰρ
406 4802 674 4876 δήπουθεν
701 4803 843 4873 ἀρχὴ
870 4801 976 4854 τῶν
1014 4799 1337 4869 κρειττόνων
1386 4797 1504 4850 ἐστὶ⁸
1552 4797 1645 4848 καὶ
1711 4794 1840 4866 παρ’

1946 4808 2037 4850 aut
2063 4797 2183 4867 jura
2226 4797 2334 4851 illis
2364 4799 2445 4851 vel
2469 4797 2620 4864 jussa
2660 4800 2770 4861 det,
2804 4808 2897 4852 aut
2925 4800 3229 4868 belligeret,
3270 4809 3363 4853 aut
3393 4816 3514 4868 quae

258 4898 433 4953 αὑτὸν
461 4896 551 4949 τὸν
578 4895 677 4963 τῆς
706 4894 946 4964 ἰσότητος
978 4892 1159 4960 νόμον.
1190 4889 1252 4941 Εἰ
1283 4888 1338 4940 δὲ
1371 4888 1467 4957 μὴ,
1521 4887 1641 4950 πῶς
1674 4885 1841 4954 ίσονῆ

1946 4903 2040 4943 sua
2075 4902 2180 4940 non
2218 4896 2348 4941 sunt
2380 4886 2642 4955 occupet?
2673 4888 3113 4956 quandoquidem
3165 4888 3267 4942 ista
3315 4898 3514 4957 prteter

262 4988 374 5042 ποῦ
402 4987 606 5040 δίκαιον
636 4984 883 5055 ἢφόρους
927 4981 1169 5048 ἐκλέγειν
1189 4980 1235 5011 ⁷³
1267 4979 1375 5032 ἀπὸ
1403 4979 1501 5048 τῆς
1518 4977 1836 5048 ἀλλοτρίας,

1946 4978 2255 5048 aequitatem
2280 4978 2435 5032 ﬁunt.
2468 4978 2649 5044 Quare
2680 4981 2727 5033 si
2760 4980 2884 5048 quis
2916 4978 3317 5047 exactiusjuris
3354 4989 3517 5033 natu-

262 5084 300 5154 ἢ
329 5082 525 5151 νόμους
551 5080 755 5132 τιθέναι
774 5079 884 5138 τοῖς
917 5074 1068 5127 οὐδὲν
1107 5071 1458 5143 δεομένοις,ἢ
1510 5070 1715 5139 κρίνειν
1768 5068 1840 5121 τὰ

1948 5086 2065 5127 ram
2117 5071 2247 5126 velit
2279 5072 2617 5141 perquirere,
2676 5086 2777 5126 nec
2835 5072 3016 5140 potius
3068 5071 3275 5140 aliquid
3332 5084 3517 5126 rerum

264 5174 512 5238 ἐκείνων,
540 5172 573 5242 ἢ
608 5166 1033 5241 προστάττειν⁷³,
1074 5165 1107 5234 ἢ
1133 5163 1410 5232 πολεμεῖν,
1436 5162 1479 5231 ἢ
1512 5160 1741 5217 κτᾶσθα.
1772 5160 1840 5214 τὰ

1948 5174 2155 5218 naturae
2192 5164 2527 5227 concedere,
2561 5178 2723 5231 quant
2768 5164 3064 5231 sophistam
3104 5177 3286 5232 agere,
3325 5164 3369 5217 is
3402 5163 3516 5232 jam

264 5264 351 5336 μὴ
374 5264 749 5334 προσήκοντα;
781 5260 914 5322 ὅλως
937 5258 1045 5328 γὰρ
1075 5256 1226 5309 οὐδὲν
1248 5252 1452 5309 τούτων
1470 5254 1576 5307 ἀπὸ
1606 5254 1699 5307 τοῦ
1724 5254 1839 5305 ἴσου

1948 5252 2195 5320 protinus
2237 5253 2420 5308 omnia
2454 5254 2682 5323 imperia
2724 5254 3163 5325 etmagistratus
3206 5255 3515 5325 abrogahit,

1564 5347 1798 5402 VARUE
1843 5345 2241 5403 LECTIONES.

338 5449 468 5502 “ot
505 5446 697 5500 οικαὶο
805 5443 1328 5516 ’τκρείαις-οηι-ᾼς
1403 5438 1639 5516 δὶὥστε]
1682 5455 1732 5507 ιδ-
1773 5439 1900 5516 999-
1974 5439 2020 5516 t’.
2061 5440 2423 5516 “Nam
2449 5438 3028 5516 ς-ηξθμριξδτὰμαιῦτε
3051 5443 3114 5516 A-
3188 5436 3516 5516 "acelsl’axl

289 5541 325 5575 ι.
344 5520 449 5575 5ου
478 5529 643 5589 εχίμ
692 5517 735 5547 ⁸¹
770 5508 1115 5589 περίσταται]
1143 5534 1212 5589 ρ.-
1220 5512 1348 5589 1302.
1418 5512 1467 5545 ³³
1496 5508 1906 5589 Pergentes}.
1981 5510 2029 5589 ξδ
2058 5510 2085 5562 ὃ
2218 5508 2426 5589 p.503.
2477 5514 2553 5589 β’.
2571 5511 2671 5589 δεῖ]
2695 5512 2756 5589 δε
2772 5508 2837 5571 Δί.
2882 5513 2959 5589 _”
2984 5512 3282 5589 ῥσθέπας]
3305 5508 3515 5589 ᾠφθένὲ

269 5539 325 5591 ιι.
344 5528 449 5575 5ου
478 5529 616 5572 extr.
692 5528 735 5547 "
770 5528 1115 5585 περισταταιι
1143 5534 1195 5583 p.
1224 5528 1348 5564 ουκ.
1418 5528 1467 5545 υ
1550 5528 1598 5580 ε]
1632 5528 1697 5578 με
1737 5528 1805 5562 τα
1842 5528 1906 5563 Α.
1981 5528 2029 5590 ς*
2058 5528 2085 5562 o
2110 5528 2187 5581 οει
2218 5528 2426 5589 p._auo.
2499 5528 2544 5545 ω’
2572 5528 2671 5581 ost]
2695 5528 2749 5563 οε
2772 5528 2837 5571 Α.
2882 5528 2959 5592 _"
2984 5528 3282 5583 ωσυεντας]
3305 5528 3514 5578 ωφοεν-

268 5607 369 5653 τις
406 5591 468 5642 A.
546 5587 589 5617 °"
624 5588 874 5640 ἁπάντων
908 5602 1016 5638 om.
1056 5585 1121 5638 A.
1196 5581 1249 5641 ⁵⁸,
1274 5528 1655 5653 πάντωνΓπᾱν
1695 5580 1754 5632 Β.
1860 5579 2407 5653 ἐωρωντοι-ἐωρωντο
2445 5582 2493 5634 οἱ
2539 5581 2807 5651 Ἀθηναῖοι
2837 5598 2946 5637 των
2970 5581 3514 5653 Πελοποννησίωνᾼ.

269 5664 317 5691 ⁸ο
351 5649 456 5729 ἔτι]
488 5674 541 5725 p.
572 5658 695 5711 304.
793 5658 834 5688 °'
870 5656 902 5725 ἢ
935 5654 1061 5709 τῶν.
1172 5654 1217 5683 ⁸³
1246 5651 1454 5712 πόλεως
1491 5649 1600 5702 om.
1624 5651 1689 5703 A.
1782 5649 1826 5681 ⁸³
1855 5649 2159 5720 προείλετο]
2187 5649 2520 5721 προείληπτο
2551 5653 2617 5704 Α.
2654 5649 2663 5651 “
2718 5652 2762 5683 ⁸⁸
2792 5654 2885 5705 καὶ
2915 5662 3040 5708 ante
3066 5649 3414 5733 πόλεωςειιω.
3444 5650 3511 5703 Α.

267 5734 315 5761 ιθ
345 5732 376 5777 ἢ
414 5732 547 5777 ιιόνα
575 5744 682 5777 οιιι.
713 5728 777 5777 Α.
855 5729 898 5757 δε
933 5724 1156 5776 ὑπαίτια
1193 5721 1237 5775 Α
1265 5739 1277 5773 :
1307 5721 1541 5773 ὑπάντια
1570 5736 1630 5777 ς.
1708 5718 1752 5750 ⁸⁷
1782 5720 2089 5777 προκείσθω
2112 5723 2175 5774 Α.
2252 5722 2295 5751 ³⁸
2321 5720 2366 5773 δ’
2392 5738 2499 5775 om.
2522 5726 2591 5775 -A.
2667 5723 2711 5755 "
2730 5740 2787 5774 τε
2818 5724 2944 5777 add.
2972 5722 3036 5777 Α.
3113 5723 3157 5753 ⁷ο
3187 5724 3282 5774 καὶ
3312 5734 3511 5777 ταυττις

267 5734 315 5761 ⁴·⁵
345 5732 378 5800 ἢ
412 5728 547 5798 μόνα
575 5744 682 5780 om.
713 5728 777 5781 A.
855 5729 898 5757 ⁶⁶
933 5728 1156 5776 ὑπαίτια
1193 5728 1237 5775 A
1265 5739 1277 5773 :
1307 5728 1541 5773 ὑπαντια
1570 5736 1630 5782 ς.
1708 5728 1749 5750 ’³⁷
1775 5728 2089 5798 -προκείσθω
2112 5728 2175 5774 Α.
2252 5728 2295 5751 ⁸⁵⁸
2321 5728 2366 5773 δ’
2392 5738 2499 5775 υιιι.
2522 5728 2591 5775 -Λ,
2667 5728 2711 5755 "
2730 5740 2787 5774 τε
2818 5728 2944 5777 add.
2972 5728 3036 5777 A.
3113 5728 3167 5785 "’5
3187 5728 3282 5774 καὶ
3312 5728 3515 5787 ταύτης

267 5816 380 5855 om.
415 5799 482 5853 Α.
556 5799 597 5830 ⁷⁸
630 5795 845 5866 ᾶπασαῖ
882 5811 931 5864 p.
962 5792 1084 5850 306.
1233 5792 1277 5822 ⁷³
1300 5790 1603 5857 ἐκλέγεινΑ
1642 5802 1655 5839 :
1709 5789 1952 5857 ἒκΛογείν
1983 5807 2044 5853 ς,
2146 5790 2192 5823 ⁷³
2218 5791 2595 5861 προστάττειν]
2636 5794 2897 5865 πράττειν
2934 5794 2999 5846 Δ.
