4124 6418
586 388 722 453 1479

1734 388 1996 451 ΡΙΙΟΤΙΙ
2033 389 2535 450 PATRIARCII/E
2576 380 2687 450 ΟΡ.

3702 383 3730 448 1
3747 384 3835 446 ίὸί.

583 516 705 554 cum
753 512 815 553 ea
863 496 1259 567 potentioribus
1301 506 1615 563 serventur,
1665 508 1828 568 atque
1870 500 2035 554 etiam
2086 501 2154 555 ad

2271 499 2650 567 γίνεται.⁶¹Ωστ⁹
2670 497 2723 551 εἴ
2738 513 2823 560 τις
2847 494 3282 566 ἀκριϐολογεῖται
3305 494 3566 566 περὶτῶν
3587 495 3835 561 δικαίων,

587 594 718 647 deos
753 593 897 660 ipsos
936 604 1046 659 pra:
1096 590 1263 644 nimia
1313 591 1581 661 sapientia
1617 593 1893 660 procedet,
1929 605 2154 661 eosque,

586 683 729 752 quod
771 696 873 736 non
910 696 1067 751 aequo
1100 680 1223 750 jure
1279 696 1401 734 cum
1462 682 1772 736 hominibus
1824 691 2009 751 agant,
2063 684 2157 737 sed

588 773 876 843 imperium
912 772 1015 827 sibi
1056 781 1337 841 arrogent,
1386 772 1833 828 calumniabltur.
1869 772 1977 829 Sed
2022 774 2157 841 hac,

589 875 648 919 ut
691 866 946 928 arbitror,
1010 866 1080 921 ab
1129 865 1196 920 iis
1268 866 1632 934 disputantur,
1685 866 1777 935 qui
1838 867 1890 920 in
1944 868 2161 937 angulis

589 955 825 1019 educati,
866 954 1033 1010 solem
1089 970 1363 1023 nunquam
1420 954 1691 1019 viderunt,
1740 972 1768 1009 a
1822 971 1929 1026 quo
1982 958 2162 1011 solent

592 1046 711 1100 alia:
744 1045 913 1100 stella:
939 1046 1141 1100 lumine
1170 1047 1390 1115 privari.
1427 1045 1521 1100 Sin
1562 1046 1677 1101 haec
1704 1050 2013 1103 necessario
2036 1064 2158 1103 cum

592 1137 737 1190 omni
774 1138 998 1205 imperio
1022 1140 1318 1205 cohaerent,
1352 1148 1544 1207 estque
1582 1139 1684 1194 hoc
1719 1140 1931 1208 imperii
1968 1139 2077 1208 jus,
2103 1149 2163 1195 ut

575 1217 845 1297 princeps
891 1229 1084 1297 potiori
1116 1230 1187 1283 sit
1209 1228 1330 1297 jure
1367 1245 1527 1299 quam
1566 1230 1745 1285 caeteri
1776 1248 1791 1285 :
1838 1231 1910 1285 ita
1949 1232 2162 1285 demum

595 1322 820 1385 cedam,
856 1321 903 1375 si
952 1336 1055 1389 qua
1097 1322 1180 1375 vel
1226 1321 1451 1389 Grtnca,
1507 1323 1590 1377 vel
1644 1322 1875 1377 barbara
1921 1333 2163 1392 potestas

598 1412 777 1466 mimis
826 1413 1035 1480 imperii
1079 1411 1224 1479 jure,
1283 1428 1445 1481 quam
1499 1414 1730 1483 populus
1792 1414 2163 1481 Atheniensis,

596 1516 693 1555 usa
747 1502 1168 1557 demonstretur.
1220 1504 1685 1571 Quemadmodum
1735 1505 1878 1560 enim
1923 1508 1979 1560 iu
2026 1521 2166 1576 pra:-

598 1594 761 1648 claris
791 1593 1030 1652 consiliis
1052 1595 1241 1664 optimi
1291 1595 1519 1663 alicujus
1560 1597 1658 1650 viri
1696 1612 1897 1651 morem
1949 1608 2167 1652 secutus

598 1693 703 1750 est,
730 1686 801 1738 ita
838 1684 892 1738 iu
924 1684 990 1740 iis
1030 1700 1150 1754 quae
1182 1685 1586 1741 calumniantur
1622 1688 1890 1753 nonnulli,
1929 1703 2033 1741 non
2076 1702 2165 1743 se-

599 1776 835 1829 cundum
865 1790 1209 1831 communem
1240 1775 1518 1831 hominum
1553 1788 1826 1844 naturam,
1858 1780 1952 1833 sed
2000 1779 2168 1847 impe-

2259 590 2354 643 καὶ
2382 590 2643 659 σοφιστὴς
2692 584 2832 641 εἶναι
2880 587 3079 659 μᾶλλον
3108 587 3356 658 βούλεται
3384 589 3418 659 ἢ
3451 590 3520 658 τῇ
3560 588 3671 641 τῶν
3697 605 3840 659 πρα-

2258 679 2486 749 γμάτων
2515 678 2676 748 φύσει
2702 679 3028 747 συγχωρεῖν,
3057 678 3159 730 οὐκ
3184 676 3253 730 ἂν
3286 675 3478 743 φθάνοι
3517 675 3839 747 διαγράφων

2259 773 2439 833 πάσας
2486 770 2659 841 ἀρχὰς
2708 770 2804 824 καὶ⁸
2855 768 3111 839 δυνάμεις
3163 765 3370 831 ἀπλῶς,
3403 765 3479 829 ὡς
3526 766 3750 821 ἅπαντά
3775 784 3837 835 γε

2257 861 2431 916 ταῦτά
2462 862 2608 914 ἐστιν
2638 862 2697 913 ἐν
2718 860 2795 931 τῷ
2822 859 3009 930 θεσμῷ
3035 857 3131 912 τοῦ
3154 858 3460 930 κρείττονος
3478 856 3547 911 ⁷⁸.
3570 855 3705 912 Εἶτα
3737 858 3841 911 ὑπὸ

2262 952 2453 1020 σοφίας
2505 954 2681 1007 ἄνεισι
2722 952 2882 1022 μέχρι
2922 952 3031 1004 τῶν
3070 950 3206 1003 θεῶν
3248 950 3507 1020 ἐλέγχων,
3538 950 3635 1004 καὶ
3664 951 3839 1018 λέγων

2259 1044 2336 1109 ὡς
2369 1047 2489 1099 οὑδέ
2519 1040 2665 1100 οὗτοι
2684 1048 2798 1109 τοῖς
2824 1045 3129 1116 ἀνθρώποις
3154 1044 3214 1112 ἐξ
3242 1045 3357 1098 ἴσου
3392 1042 3838 1116 προσομιλοῦσιν,

2261 1136 2378 1191 ἀλλ’
2432 1138 2666 1209 ⁸ᾕρηνται
2723 1138 3006 1208 κρείττους
3044 1132 3205 1192 εἶναι.
3255 1137 3417 1202 Ἀλλ’,
3474 1133 3650 1206 οἶμαι,
3683 1135 3839 1190 ταῦτ’

2264 1229 2379 1281 ἐστὶ
2406 1228 2612 1297 γωνίας
2668 1228 2836 1296 ἀξίων
2886 1226 3211 1298 ἀνθρώπων,
3268 1228 3365 1281 καὶ
3403 1227 3494 1280 τὸν
3539 1227 3690 1297 ἥλιον
3739 1227 3840 1295 οὑχ

2264 1322 2608 1392 ἑωρακότων,
2643 1320 2703 1386 ὃς
2742 1322 3054 1390 ἀφαιρεῖται
3098 1317 3228 1381 τοὺς
3274 1316 3465 1381 ἀλλους
3518 1318 3758 1388 ἀστέρας
3782 1318 3841 1369 τὸ

2267 1413 2573 1483 φαίνεσθαι.
2602 1413 2665 1466 Εί
2687 1411 2743 1465 δέ
2772 1412 3066 1480 ἀναγκαῖον
3093 1409 3158 1464 τὸ
3184 1407 3337 1479 πάσῃ
3362 1408 3652 1478 δυναστείᾳ
3673 1410 3721 1440 ⁷⁸
3746 1408 3841 1461 καὶ

2267 1505 2415 1576 πάσῃ
2462 1504 2752 1575 περιουσίᾳ⁸
2801 1504 2872 1556 τὰ
2914 1501 3140 1555 τοιαῦτα
3191 1501 3493 1568 προσεῖναι,
3536 1500 3630 1551 καὶ
3686 1492 3842 1559 οὗτός

2267 1597 2417 1649 ἐστιν
2473 1594 2649 1665 ἀρχῆς
2684 1594 2906 1664 θεσμὸς,
2960 1592 3035 1663 μὴ
3065 1589 3176 1645 ἀπὸ
3212 1589 3306 1643 τοῦ
3350 1590 3466 1642 ἴσου
3527 1589 3665 1658 πρὸς
3713 1590 3843 1650 τοὺς

2268 1688 2543 1754 ὑπηκόους
2582 1684 2884 1756 κρίνεσθαι,
2923 1684 3047 1737 τότε
3082 1682 3248 1735 νικῶν
3294 1682 3472 1734 ἀπίτω
3500 1682 3547 1712 ⁷⁸
3574 1697 3681 1744 τις,
3712 1681 3845 1732 ὅταν

2267 1780 2416 1851 δείξῃ
2448 1779 2555 1831 τῶν
2595 1779 2769 1833 ἀλλων
2798 1780 2905 1831 εἴτε
2948 1776 3272 1847 Ἑλληνικῶν
3300 1774 3581 1843 δυνάμεων
3610 1774 3721 1826 εῐτε
3749 1772 3845 1825 καὶ

600 1866 667 1920 rii
715 1866 1042 1921 necessitate
1093 1867 1286 1921 ductus
1334 1870 1595 1935 peccavit.
1635 1841 1879 1937 Cumque
1924 1841 2165 1940 potentia

2271 1841 2621 1939 βαρξαρικῶν
2667 1867 2955 1938 βασιλειῶν
2991 1841 3274 1936 ἡντιναοῦν
3323 1841 3567 1918 ἐλάττονι
3606 1864 3687 1933 τῷ
3743 1863 3847 1931 τῆς

600 1973 696 2014 sua
728 1959 1015 2028 imperium
1049 1968 1193 2014 esset
1214 1962 1283 2015 ab
1312 1960 1468 2014 initio
1494 1962 1739 2030 adeptus,
1780 1979 1877 2031 per
1913 1964 2169 2017 Immani-

606 2058 767 2103 tatem
798 2049 939 2127 ultro
965 2050 1189 2114 dimisit,
1224 2065 1287 2105 ac
1318 2051 1431 2120 ipse
1455 2050 1653 2123 407α
1707 2068 1842 2121 pene
1893 2054 1995 2107 sibi
2055 2056 2166 2109 cri-

604 2138 809 2194 minum
848 2151 935 2194 est
962 2150 1152 2194 auctor
1185 2139 1380 2196 factus.
1426 2140 1559 2194 Nam
1601 2157 1724 2195 cum
1771 2142 2004 2196 maxima
2043 2156 2169 2212 erga

604 2245 800 2287 omnes
834 2230 1202 2286 familiaritate
1232 2242 1395 2301 atque
1422 2233 1792 2286 moderatione
1841 2248 1970 2288 usus
2006 2244 2169 2299 esset,

498 2364 499 2367 η
604 2334 805 2388 eosque
853 2319 1028 2388 magis
1083 2320 1136 2372 in
1191 2319 1503 2389 reipublicae
1547 2321 1860 2375 societatem
1915 2324 2175 2391 quodam-

608 2413 768 2467 modo
799 2420 1069 2477 vocasset,
1106 2424 1268 2479 quam
1302 2412 1639 2480 principatus
1664 2413 1788 2481 jure
1812 2414 2165 2481 cohibuisset,

596 2504 749 2558 idem
785 2501 922 2567 fere,
949 2502 1095 2571 quod
1138 2497 1280 2557 solet
1320 2502 1570 2571 benignis
1619 2502 1855 2557 dominis
1899 2502 2173 2571 accidere,

610 2608 801 2664 passus
859 2601 965 2660 est,
1010 2601 1071 2646 ut
1124 2606 1231 2646 non
1289 2602 1509 2662 propter
1557 2604 1808 2647 caeteram
1862 2596 2175 2663 atquitatem

612 2686 889 2755 gratiosus
933 2693 1098 2747 esset,
1148 2684 1241 2738 sed
1283 2698 1408 2737 cum
1458 2684 1586 2753 quid
1636 2685 1957 2753 postularet,
1990 2696 2179 2755 aperte

612 2780 717 2830 vim
767 2776 951 2830 facere
996 2775 1290 2829 videretur.
1337 2774 1477 2840 Quin
1518 2775 1790 2842 siquidem
1836 2777 1887 2829 in
1929 2791 2044 2841 eos,
2087 2776 2177 2846 qui

613 2880 712 2935 pro
767 2866 979 2921 civibus
1013 2878 1133 2919 sese
1169 2865 1450 2933 gerebant,
1498 2864 1611 2918 haec
1655 2866 2005 2933 perpetravit,
2048 2866 2180 2920 nihil

609 2966 739 3011 veto
785 2955 1075 3025 quominus
1119 2954 1446 3009 iucusetur:
1502 2953 1584 3006 siu
1636 2968 1766 3008 vero
1808 2957 1933 3024 quia
1982 2956 2179 3025 partim

615 3046 948 3111 defecerant,
989 3058 1221 3115 eumque
1275 3052 1474 3114 prmter
1536 3042 1852 3114 dignitatem
1904 3056 2182 3103 contume-

617 3142 750 3195 liose
775 3147 1117 3209 acceperant,
1134 3138 1327 3207 partim
1344 3146 1562 3205 apertos
1582 3152 1643 3193 se
1660 3138 1840 3193 hostes
1856 3139 2184 3208 proﬁteban-

621 3244 727 3299 tur,
760 3234 978 3289 dubium
1014 3247 1121 3285 non
1160 3231 1502 3302 relinquitur,
1547 3230 1679 3300 quin
1726 3231 1760 3283 ii
1805 3230 1895 3298 qui
1943 3231 2181 3285 necessi-

620 3338 787 3382 tatem
883 3326 1238 3393 attulerunt,
1333 3326 1537 3380 crimen
1586 3381 1593 3384 ,
1643 3338 1802 3379 omne
1862 3324 2182 3379 sustineant.

620 3419 756 3473 Nam
820 3427 873 3473 et
923 3417 994 3472 illi
1051 3431 1119 3472 eo
1184 3416 1335 3486 quasi
1410 3417 1632 3485 pignore
1700 3414 1949 3469 videntur
2015 3429 2188 3484 eaque

622 3512 814 3566 ﬁducia
874 3510 1000 3564 elati
1059 3523 1335 3580 peccasse,
1388 3524 1492 3561 nou
1554 3506 1695 3575 quod
1746 3506 1876 3561 urbe
1929 3520 2188 3577 perpetuo

622 3620 682 3656 se
755 3602 913 3671 potiri
967 3616 1125 3668 posse
1195 3603 1498 3663 crederent,
1539 3600 1633 3653 sed
1684 3599 1823 3667 quod
1868 3615 1965 3653 nec
2019 3602 2189 3655 victos

623 3695 842 3763 gravius
908 3693 1199 3760 quidquam
1279 3705 1400 3744 esse
1489 3705 1743 3761 passuros
1811 3690 2187 3755 conﬁderent,

625 3800 750 3837 cum
818 3783 1179 3835 Atheuienses
1257 3795 1444 3834 natura
1539 3790 1722 3835 essent
1802 3781 1867 3834 ad
1948 3781 2191 3837 homines

628 3873 1027 3926 conservandos
1106 3870 1376 3940 propensi.
1447 3870 1601 3935 Quod
1666 3870 1811 3924 enim
1874 3872 1941 3925 de
1990 3870 2191 3940 Mityle-

630 3964 886 4017 ueusihus
983 3964 1258 4016 decretum
1362 3971 1716 4025 revocarunt,
1817 3976 1938 4029 qua:
2019 3970 2194 4028 potest

630 4054 825 4108 civitas
856 4054 1049 4124 primis
1081 4054 1325 4107 consiliis
1359 4052 1614 4106 vincere?
1645 4052 1715 4106 Ut
1746 4051 1889 4105 enim
1923 4068 2042 4120 qua:
2083 4054 2194 4121 pri-

630 4148 717 4201 die
748 4156 1072 4207 statuerant,
1110 4144 1295 4214 judicii
1339 4153 1495 4197 erant
1573 4151 1627 4197 et.
1673 4143 1882 4212 injuriae
1911 4153 2144 4212 acceptae
2174 4159 2193 4197 :

631 4238 704 4290 ita
733 4252 852 4305 quae
876 4237 1134 4304 postridie
1162 4243 1462 4298 mutarunt,
1497 4234 1664 4287 solius
1694 4243 1847 4287 erant
1876 4235 2046 4298 urbis,
2070 4248 2193 4288 cum

630 4329 847 4397 quidem
901 4328 1139 4382 triremis
1183 4342 1286 4378 una
1338 4335 1423 4378 est
1477 4324 1701 4378 alteram
1755 4337 2027 4381 assecuta.
2075 4325 2194 4381 lam

628 4437 755 4473 cum
790 4420 1025 4473 hominis
1056 4417 1295 4484 cujusvis
1326 4415 1697 4471 defensionem
1729 4432 1851 4471 cum
1891 4418 2031 4471 facto
2065 4433 2195 4472 con-

2271 1961 2583 2025 πλεονεξίας
2618 1961 2927 2030 γιγνομένῳ
2953 1957 3324 2030 χρησαμένην,
3358 1958 3391 2027 ἢ
3421 1958 3514 2009 τὸν
3544 1955 3655 2009 τῶν
3701 1956 3847 2026 Αθη-

2270 2053 2437 2107 ναίων
2488 2053 2660 2123 δῆμον
2702 2054 2850 2105 ἐστιν
2888 2053 3089 2120 εὑρεῖν.
3123 2050 3428 2119 Φανήσεται
3450 2047 3581 2117 γὰρ,
3615 2046 3652 2100 ἀ
3682 2047 3782 2116 μὲν
3804 2048 3847 2077 τ’

2269 2143 2634 2213 διαφερόντως
2684 2141 3061 2203 ἐϐουλεύσατο,
3099 2140 3217 2203 ἐνὸς
3261 2138 3452 2209 ἀνδρὸς
3490 2137 3611 2207 ήθει
3643 2155 3846 2207 κεχρηο

2276 2236 2436 2305 μένος
2464 2234 2559 2288 τοῦ
2615 2233 2916 2304 βελτίστου,
2953 2232 2989 2286 ὃ.
3018 2233 3074 2285 δὲ
3124 2229 3412 2299 ἐγκαλοῦσι
3448 2247 3617 2292 τινες,
3670 2230 3731 2282 οὐ
3780 2231 3845 2300 τῇ

2275 2329 2428 2396 κοινῇ
2451 2325 2611 2394 φύσει
2645 2325 2751 2378 τῶν
2779 2324 3082 2396 ἀνθρώπων
3112 2320 3453 2393 ἐξαμαρτὼν,
3490 2322 3627 2376 ἀλλά
3656 2326 3720 2393 τῇ
3753 2323 3850 2391 τῆς

2273 2421 2447 2492 ἀρχῆς
2474 2419 2846 2489 ἀκολουθήσας
2885 2419 3120 2492 ἀνάγκη,
3174 2418 3333 2491 [1229
3361 2416 3454 2489 IL]
3504 2420 3595 2471 καὶ
3623 2419 3851 2486 δυνάμει

2278 2512 2379 2581 μὲν
2416 2513 2600 2582 ἄρχων
2627 2511 2897 2574 καταστὰς
2944 2511 3006 2563 τὸ
3045 2511 3104 2574 ἐξ
3133 2511 3326 2580 ἀρχῆς,
3373 2508 3759 2580 φιλανθρωπίᾳ
3795 2510 3853 2563 δὲ

2274 2602 2336 2656 τὸ
2380 2606 2479 2673 τῆς
2516 2604 2691 2673 ἀρχῆς
2739 2601 2975 2665 δεδοικδς
3017 2602 3062 2633 ⁷⁸
3102 2600 3242 2655 ἐκὼν
3276 2602 3483 2672 μεθεὶς,
3516 2601 3612 2654 καὶ
3667 2601 3854 2671 σχεδὸν

2274 2693 2384 2747 τῶν
2430 2695 2792 2764 ἐγκλημάτων
2827 2695 2999 2758 αῐτιος
3049 2693 3199 2763 αὑτῷ
3222 2695 3268 2725 ⁷⁹
3298 2693 3556 2763 γεγονώς.
3608 2694 3853 2764 Πλείστῳ

2276 2785 2385 2855 γὰρ
2410 2784 2489 2855 τῷ
2524 2784 2687 2855 κοινῷ
2708 2784 2804 2837 καὶ
2835 2785 3040 2855 μετρίῳ
3070 2785 3207 2853 πρὸς
3237 2784 3451 2838 ἅπαντα
3481 2785 3851 2859 χρησάμενος,

2279 2874 2375 2926 καὶ
2422 2876 2622 2943 τρόπον
2675 2873 2795 2925 τινὰ
2844 2874 2943 2943 τῆς
2998 2872 3277 2936 πολιτείας
3326 2873 3529 2943 μᾶλλον
3560 2876 3854 2936 κοινωνοὺς

2280 2965 2648 3035 ποιησάμενος
2698 2964 2730 3034 ἢ
2784 2965 3104 3026 δυναστείας
3150 2964 3301 3035 νόμῳ
3332 2965 3601 3034 κατέχων,
3648 2966 3847 3018 ταυτὸν

2279 3058 2393 3118 τοῖς
2432 3059 2689 3125 χρηστοῖς
2720 3055 2886 3108 ἔπαθε
2929 3055 3038 3107 τῶν
3066 3054 3371 3107 δεσποτῶν
3400 3056 3462 3108 οὑ
3497 3057 3606 3124 γὰρ
3640 3055 3729 3108 διὰ
3758 3057 3854 3125 τήν

2283 3146 2450 3214 ἀλλην
2475 3146 2773 3198 ἐπιείκειαν
2805 3146 3025 3215 χάριτος
3065 3146 3196 3216 παρ’
3227 3146 3383 3199 ἐνίων
3424 3146 3635 3216 ἔτυχεν,
3658 3147 3775 3199 ἀλλ’
3806 3148 3858 3201 εῐ

2237 3236 2251 3251 ⁸
2286 3254 2339 3289 τι
2372 3237 2838 3305 προσηνάγκασιν,
2884 3237 3163 3304 ἐπιφανῶς
3217 3236 3362 3303 ἔδοξε
3392 3236 3697 3306 βιάζεσθαι.
3748 3239 3855 3291 Καὶ

2290 3327 2395 3397 μήν
2420 3327 2468 3359 ⁸⁸
2496 3328 2544 3379 εί
2581 3328 2678 3397 μὲν
2701 3326 2919 3397 ἔχοντας
2950 3327 3009 3379 τὸ
3040 3327 3145 3379 τῶν
3176 3327 3431 3398 ὑπηκόων
3463 3331 3649 3398 σχῆμα
3682 3328 3853 3381 ταῦτα

2288 3419 2648 3489 εἰργασμένος
2687 3420 2957 3487 φαίνεται,
2990 3418 3168 3488 δῶμεν
3196 3422 3308 3481 τοῖς
3338 3418 3577 3471 ἐθέλουσι
3614 3421 3856 3489 βλασφη-

2292 3511 2445 3577 μεῖν·
2479 3509 2528 3560 εί
2570 3508 2624 3561 δὲ
2654 3509 2785 3571 τοὺς
2817 3508 2917 3577 μὲν
2942 3508 3284 3571 ἀποστάντας
3319 3507 3444 3580 [664
3468 3508 3561 3579 H.]
3601 3512 3697 3561 καὶ
3729 3510 3857 3580 παρ’

2288 3598 2445 3661 ἀξίαν
2476 3596 2804 3668 ὑϐρίσαντας
2835 3598 2916 3661 είς
2950 3597 3132 3665 αὑτὸν,
3166 3598 3295 3661 τοὺς
3322 3600 3377 3651 δὲ
3403 3601 3465 3651 ἐκ
3496 3600 3591 3652 τοῦ
3622 3600 3855 3669 φανεροῦ

2289 3688 2579 3757 πολεμίους
2640 3688 2819 3753 ὄντας,
2861 3690 3112 3760 ποτέροις
3154 3690 3302 3757 ἀξιον
3352 3690 3638 3758 ἐγκαλεῖν;
3692 3687 3858 3761 Οἶμαί

2290 3795 2352 3847 γε
2391 3780 2433 3811 ⁸¹
2476 3783 2585 3842 τοῖς
2624 3779 2723 3849 τὴν
2759 3781 3005 3852 ἀνάγκην
3044 3782 3435 3851 παρασχοῦσιν.
3475 3780 3630 3835 Ἐπεὶ
3671 3784 3856 3837 κάκεῖ·

2290 3870 2371 3922 νοί
2393 3870 2438 3901 ”
2470 3887 2559 3939 μοι
2585 3870 2832 3923 δοκοῦσιν
2854 3871 3041 3942 ῶσπερ
3071 3872 3323 3944 ἐνέγυρον
3355 3873 3486 3925 αὐτὸ
3522 3872 3681 3927 τοῦτο
3708 3874 3855 3944 ἔχονο

2290 3976 2380 4023 τες
2411 3961 2739 4031 ἐπαρθῆναι,
2772 3964 2869 4015 καὶ
2912 3963 3085 4033 τούτῳ
3113 3964 3162 3995 ⁸³
3204 3964 3437 4033 μάλιστα
3469 3966 3858 4031 πιστεύσαντες

2295 4052 2580 4121 ἁμαρτεῖν,
2616 4053 2676 4104 οὑ
2718 4054 2793 4122 τῷ
2813 4054 2860 4085 ⁸⁸
2888 4054 2976 4107 διὰ
3008 4054 3194 4117 τέλους
3236 4056 3530 4126 κρατήσειν
3556 4056 3601 4088 ⁸⁸
3629 4057 3729 4127 τῆς
3766 4059 3861 4110 πό-

2296 4141 2455 4205 λεως,
2489 4142 2623 4195 ἀλλὰ
2647 4143 2725 4213 τῷ
2752 4143 2873 4213 μηδ’
2907 4143 2972 4197 ἂν
3000 4144 3246 4213 ληφθῶσι
3286 4146 3451 4216 μηδὲν
3472 4146 3643 4200 δεινὸν
3674 4149 3858 4201 πείσει

2297 4234 2443 4299 σθαι,
2462 4235 2536 4298 ὼς
2562 4234 2878 4303 Ἀθηναίους
2907 4251 2969 4303 γε
2999 4237 3313 4303 πεφυκότας
3338 4236 3553 4298 σώζειν.
3577 4238 3747 4307 Δῆλον
3767 4239 3857 4292 δέ·

2294 4326 2331 4380 ἃ
2360 4326 2469 4395 γὰρ
2515 4327 2643 4395 περὶ
2673 4327 3053 4395 Μιτυληναίων
3094 4326 3462 4395 μετέγνωσαν,
3497 4328 3581 4391 τίς
3628 4330 3743 4399 ἔχει
3780 4347 3858 4383 Vt-

2298 4419 2463 4487 κῆσαι
2518 4418 2669 4480 πόλις
2712 4415 2793 4482 οἷς
2832 4418 2893 4484 ἐξ
2940 4421 3113 4490 ἀρχῆς
3164 4420 3518 4475 ἐδουλεύσατο
3550 4422 3630 4488 ⁸⁶;
3670 4425 3858 4475 ἐκεῖνοι

626 4511 873 4580 junctam
928 4524 1117 4563 omnes
1175 4506 1473 4575 recipiant,
1535 4506 1705 4561 miror
1754 4522 1848 4562 eos
1898 4508 2048 4563 urbis
2107 4525 2178 4563 re:

2271 4545 2272 4564 ι
2299 4511 2407 4579 γὰρ
2436 4509 2472 4563 ἀ
2504 4510 2603 4579 μὲν
2627 4513 2691 4580 τῇ
2718 4510 3017 4581 προτεραίᾳ⁸
3052 4511 3366 4579 διέγνωσαν,
3405 4512 3501 4581 τῆς
3537 4515 3771 4583 κρίσεως
3794 4509 3858 4584 ἦν

633 4612 815 4669 gestas
865 4612 942 4656 tot
988 4616 1053 4656 ac
1092 4608 1291 4664 tantas,
1346 4600 1541 4669 quibus
1594 4598 1683 4653 illa
1733 4614 1792 4655 se
1848 4610 2058 4671 purgat,
2094 4617 2199 4655 non

634 4696 1005 4749 considerare.
1081 4694 1161 4747 An
1211 4707 1340 4747 vero
1378 4691 1548 4747 solem
1605 4692 1822 4761 quidem
1880 4707 1945 4746 ac
1992 4693 2199 4761 lunam,

634 4803 739 4841 non
769 4786 840 4839 ob
874 4788 1092 4849 damna,
1141 4798 1260 4852 qua:
1293 4782 1447 4837 nobis
1470 4783 1625 4846 dant,
1668 4782 2065 4847 accusabimus,
2096 4783 2194 4837 sed

634 4888 856 4947 propter
892 4880 1174 4931 commoda
1202 4877 1266 4930 al
1296 4876 1427 4944 ipsis
1463 4873 1700 4944 profecta
1733 4874 2054 4928 mirabimur
2082 4892 2097 4929 :
2128 4876 2196 4931 de

637 4970 770 5022 urbe
797 4984 902 5022 non
927 4983 992 5023 ex
1029 4967 1279 5021 universa
1309 4966 1428 5035 ejus
1456 4975 1672 5030 natura,
1703 4975 1761 5020 et
1788 4980 1910 5020 cum
1944 4965 2196 5021 omnibus

632 5058 1028 5113 consuetudine
1064 5073 1127 5113 ac
1153 5057 1546 5122 familiaritate,
1568 5057 1663 5112 sed
1702 5071 1769 5111 ex
1807 5056 2192 5112 oli’eusiouibus

632 5151 838 5220 aliquot
889 5150 1294 5221 judicabimus?
1336 5148 1453 5204 Non
1499 5159 1676 5220 puto:
1716 5150 1815 5205 nisi
1861 5150 1983 5220 quis
2032 5152 2196 5206 etiam

634 5241 859 5297 fulmina
904 5245 1150 5309 deorum,
1185 5256 1251 5296 ac
1274 5242 1535 5307 tonitrua,
1563 5250 1849 5311 motusque
1882 5251 2041 5294 terrae
2069 5240 2198 5296 velit

2298 4602 2391 4654 καὶ
2412 4594 2486 4654 ὧν
2509 4600 2764 4670 ἠδίκηντο
2788 4618 2801 4630 '
2832 4600 2870 4655 ἃ
2893 4602 2947 4654 δέ
2973 4603 3039 4673 τῇ
3085 4601 3345 4673 ὑστεραίᾳ
3374 4605 3740 4671 μετέγνωσαν,
3763 4608 3860 4674 τῆς

2298 4691 2504 4754 πόλεως
2546 4688 2614 4761 ἦν
2651 4692 2841 4761 μόνης.
2872 4692 2983 4745 Καὶ
3010 4694 3044 4763 ή
3088 4694 3319 4762 τριήρης
3355 4694 3450 4763 τήν
3482 4696 3682 4766 τριήρη
3735 4714 3860 4749 κατ-

2297 4781 2528 4850 ειλήφει.
2556 4782 2830 4853 Θαυμάζω
2855 4783 2911 4835 δὲ
2946 4785 2993 4837 εί
3022 4784 3128 4836 τῶν
3163 4784 3261 4854 μὲν
3282 4785 3327 4816 ⁸⁷
3356 4785 3578 4837 ἰδιωτῶν
3604 4790 3702 4857 τήν
3722 4788 3859 4859 ἔργῳ

2294 4873 2494 4936 πάντες
2518 4873 2814 4941 ἀπολογίαν
2836 4873 3061 4942 τιμῶσι,
3082 4874 3177 4943 τῆς
3198 4872 3400 4937 πόλεως
3412 4874 3467 4928 δὲ
3484 4874 3529 4907 ⁸⁸
3553 4877 3649 4945 οὑχ
3671 4877 3859 4938 ὁρῶσιν

2295 4966 2345 5018 οἱ
2369 4964 2559 5035 σεμνοὶ
2588 4966 2656 5018 τὰ
2671 4965 2808 5035 ἔργα
2827 4964 2873 4997 ⁸⁸
2895 4966 2963 5018 δι’
2985 4965 3114 5017 οῐων
3142 4965 3236 5017 καὶ
3256 4965 3395 5018 ὅσων
3412 4966 3858 5036 ἁπολελόγηται⁹⁸

2300 5056 2429 5126 περὶ
2453 5055 2677 5110 τούτων.
2707 5056 2817 5111 Καὶ
2843 5055 2995 5126 ἡλίου
3028 5056 3071 5087 ⁹¹
3103 5056 3202 5125 μὲν
3249 5056 3343 5108 καὶ
3372 5055 3599 5127 σελήνης
3642 5058 3743 5128 οὐχ
3768 5060 3859 5111 ὅσα

2302 5147 2596 5218 βλάπτουσι
2642 5148 3074 5221 κατηγοροῦμεν,
3105 5147 3220 5204 ἀλλ’
3246 5149 3386 5202 ὅσων
3429 5149 3652 5216 ἀγαθῶν
3704 5153 3859 5204 αῖτιοι

2298 5240 2544 5308 γίνονται
2570 5241 2618 5273 ⁹²
2648 5241 2998 5313 θαυμάζομεν
3019 5258 3033 5275 ·
3080 5243 3177 5312 τήν
3229 5241 3381 5295 πόλιν
3409 5242 3455 5295 δ’
3479 5240 3540 5307 ἐξ
3589 5236 3665 5297 ὧν
3705 5245 3859 5307 ἐνίοις

1894 5396 2125 5453 νΑῐὶΙιλΕ
2162 5394 2566 5454 LECTIONES.
3488 5464 3497 5470 λ

740 5515 796 5591 τί
815 5513 1123 5591 κρείττονος
1144 5513 1207 5591 1},
1249 5511 1605 5591 κηρύττοντος
1724 5582 1748 5591 _
1791 5516 1835 5591 ἐξ
1865 5516 2013 5591 πάσῃ
2040 5516 2324 5591 δυναστείᾳ
2359 5521 2403 5571 Α
2420 5536 2456 5591 Δι’
2495 5519 2732 5591 ἁπάσῃ.-
2811 5516 2859 5591 _"
2880 5516 3094 5591 ἀπίστω
3141 5516 3205 5569 Δ.
3246 5586 3257 5591 _
3300 5516 3345 5549 "
3370 5515 3494 5591 μέν]
3535 5517 3635 5585 μὲν
3665 5520 3773 5591 γάρ
3799 5521 3863 5578 Α.

634 5585 681 5618 ⁷⁸
714 5581 949 5649 δεδοικός
979 5586 1023 5638 A
1049 5600 1064 5638 :
1096 5581 1342 5645 δεδωκώς
1370 5600 1432 5648 ς.

631 5656 855 5732 κάκεῖνό
881 5672 985 5732 ς...
1017 5654 1063 5686 ⁸⁸
1082 5653 1399 5732 τούτω-τοῦ
1429 5654 1497 5709 Α.

629 5726 676 5757 ⁸⁸
704 5727 759 5779 δὲ
804 5742 912 5779 om.
934 5725 976 5779 Α

630 5799 696 5850 Δ.
772 5797 819 5829 ⁸⁸
844 5797 1081 5865 γίνονται
1103 5812 1213 5854 om.
1238 5794 1305 5852 A.

1530 5574 1758 5658 ⁷⁸⁷Δαὺτῷ
1808 5587 1862 5658 Α
1886 5604 1899 5640 :
1933 5574 2030 5658 κᾶὶ
2068 5586 2225 5658 αὑτῷί
2248 5574 2311 5651 ςί

1596 5654 1643 5729 ξδ
1661 5654 1722 5707 οὑ
1764 5655 2040 5729 τῷ]ῌοὺτω
2069 5658 2134 5711 Α.
2188 5654 2554 5729 ⁷⁶⁸ίκρατῆσαι

1100 5724 1145 5756 ⁸³
1166 5722 1236 5777 τὰ
1251 5722 1419 5802 ξέργα
1444 5741 1554 5782 om.
1583 5725 1649 5781 A.
1689 5722 1825 5784 ante
1844 5722 1901 5781 δι
1938 5743 2124 5800 σεμνοι
2164 5742 2178 5799 ι

2276 5722 2337 5783 η’
2359 5722 2503 5785 θοή.
2544 5727 2605 5783 Β.
2680 5727 2728 5761 ⁸⁸
2756 5726 3097 5796 ἀπολογεῖται
3127 5729 3170 5782 Δ
3268 5731 3311 5761 ’⁸
3346 5722 3606 5799 ήλιον’-·-
3637 5730 3867 5802 σελήνην

2415 5588 2463 5671 ⁸3
2506 5586 2773 5713 μήνὲττήν
2797 5588 2861 5643 Α.
2926 5586 2968 5618 ⁸¹
2995 5602 3197 5671 γεόιιι.
3229 5586 3293 5641 Α.
3376 5586 3450 5617 ⁷⁸⁸
3476 5586 3789 5642 ’κακεῖνοὶΔ
3819 5628 3835 5642 .

2415 5675 2554 5713 metu
2649 5695 2665 5711 .
2765 5658 2811 5690 ⁸⁸
2869 5656 3250 5712 ἐΰουλευσαντο
3278 5658 3343 5712 Δ.
3442 5657 3489 5689 ⁸⁷
3513 5657 3614 5713 μὲν
3651 5675 3761 5713 om.
3801 5658 3835 5712 ll

2649 5695 2665 5711 .
2765 5658 2811 5729 f"
2865 5656 3250 5729 ἐΰουλεύσαντο
3278 5658 3343 5712 Δ.
3442 5657 3489 5689 ⁸⁷
3513 5657 3614 5729 μὲν
3651 5675 3761 5714 om.
3801 5658 3862 5712 Β.
