4104 6426
251 411 380 479 1481

1357 417 1881 478 BIBLIOTHECA.
1923 443 1990 454 —
2025 418 2189 479 COD.
2232 418 2522 478 CCXLVI.

3382 415 3523 480 1482

246 505 674 575 προσέκρουσεν,
702 504 814 559 ἀλλ’
847 504 945 558 οὐκ
979 504 1039 570 ἐξ
1066 499 1141 558 ὧν
1175 504 1381 559 ἀπασιν
1413 506 1693 576 ὡμίλησεν
1722 506 1830 558 οὐδ’

1951 507 2286 570 τοιυιιιιιὶπὶ,
2343 503 2605 573 neglectis
2636 501 3014 557 communibus
3054 510 3219 571 atque
3251 502 3519 555 universis

244 598 310 647 ὲκ
344 595 445 663 τῆς
491 595 619 666 ὅλης
668 596 888 665 φύσεως
919 597 1213 668 κρινοῦμεν
1248 599 1329 663 ua;
1372 598 1487 650 Οὐκ
1509 597 1692 667 οἴομαί
1749 614 1842 663 γε·

245 687 436 759 ὥσπερ
484 687 550 741 ἂν
602 688 654 741 εί
696 706 780 753 τις
811 690 909 741 καλ⁵
937 690 1048 743 τῶν
1094 689 1232 743 θεῶν
1254 688 1301 721 ⁹¹⁶
1334 690 1668 761 κατηγοροίη
1715 692 1843 753 τοὺς

246 782 529 851 σκηπτούς
568 783 785 845 καὶτὰς
823 782 1075 853 βροντάς,
1104 782 1209 835 κάν
1239 782 1292 835 ετ
1334 799 1384 835 τι
1423 783 1611 853 σεισθῇ
1637 784 1706 848 θ’,
1743 782 1843 845 τάς

244 874 373 931 ὅλας
406 874 504 927 καὶ
535 876 721 936 κοινὰς
752 876 935 928 αὐτῶν
980 876 1304 946 εὐεργεσίας
1334 876 1620 947 ἀμελήσας
1643 878 1689 909 9°
1713 894 1841 931 σκο-

247 968 396 1020 πεῖν.
428 967 608 1038 Ἐχων
630 969 673 1000 ⁸⁷
706 968 761 1022 δὲ
792 968 965 1021 πολλά
1001 970 1098 1021 καὶ
1121 969 1231 1021 τῶν
1265 968 1493 1040 ὕστερον
1522 971 1719 1036 εἰπεῖν,
1748 972 1842 1024 καὶ

1948 599 2247 656 beneﬁciis.
2284 598 2547 666 Quamvis
2578 607 2759 651 autem
2791 596 2961 649 multa
2993 609 3211 664 quoque
3250 595 3523 665 posterio-

1947 710 2070 750 rum
2102 704 2402 763 temporum
2425 690 2592 754 bella,
2622 689 2877 743 inusitata
2911 697 2967 742 et
2995 687 3233 742 inaudita
3266 695 3526 741 constan-

1948 787 2041 848 tia,
2080 785 2378 840 narrationi
2411 798 2543 839 meae
2571 782 2779 851 reliqua
2815 780 2949 845 sint,
2987 790 3199 850 tempus
3229 792 3409 835 tamen
3442 795 3527 832 me

1948 875 2152 929 deticit.
2181 874 2528 943 Quapropter
2550 888 2716 925 unum
2742 871 2788 926 si
2814 870 3103 937 addidero,
3127 878 3301 923 totum
3328 870 3395 922 de
3425 869 3527 921 hac

1948 982 2006 1021 re
2044 980 2351 1021 sermonem
2392 963 2738 1020 concludam.

250 1062 429 1132 μάχας
457 1062 689 1125 ἀτόπους
721 1062 816 1116 καὶ
840 1064 1172 1135 τολμήματα
1194 1063 1487 1135 Θαυμαστὰ
1548 1066 1645 1119 καὶ
1714 1063 2009 1133 καρτερίας
2054 1062 2372 1131 ὑπερφυεῖς,
2426 1059 2608 1114 οὐκέθ’
2677 1058 2789 1129 όρῶ
2832 1056 2926 1112 τδν
2976 1055 3169 1130 καιρὸν
3231 1052 3524 1128 ἀρκοῦντα.

247 1150 517 1203 Τοσοῦτον
546 1150 590 1203 δ’
631 1150 710 1204 ἔτι
740 1152 785 1183 ³⁸
812 1153 1070 1222 προσθεὶς
1108 1156 1221 1217 τοῖς
1251 1153 1384 1224 περὶ
1413 1153 1617 1207 τούτων
1656 1155 1835 1223 λόγοις
1876 1153 2312 1223 ἀπαλλάττομαι.

323 1241 593 1312 Ὥσπερθθ
630 1244 737 1314 γάρ
762 1245 1044 1315 προειδυῖα
1079 1245 1138 1311 ἐξ
1187 1248 1363 1317 ἀρχῆς
1412 1248 1445 1317 ἡ
1492 1245 1655 1315 φύσις
1711 1247 1841 1316 περὶ

246 1336 348 1405 τῆς
376 1335 608 1399 πόλεως,
649 1337 772 1391 ὅσον
794 1340 906 1401 τοῖς
937 1338 1119 1410 ἔργοις
1176 1341 1427 1411 ’τιιροέξειι
1462 1340 1569 1395 τῶν
1630 1340 1829 1405 ἄλλων,

248 1430 700 1483 κατεσκευάσατο
742 1431 879 1503 αὐτῇ
916 1432 1052 1500 πρὸς
1112 1432 1268 1498 ἀξίαν
1331 1433 1459 1496 τοὺς
1498 1433 1712 1503 λόγους,
1754 1433 1841 1486 ἵνα

248 1517 391 1588 αὐτή
426 1536 485 1572 τε
513 1524 773 1591 κοσμοῖτο
804 1522 910 1576 ὐπὸ
945 1524 1054 1577 τῶν
1086 1525 1283 1593 ἑαυτῆς
1316 1525 1560 1590 ἀγαθῶν,
1595 1526 1697 1580 κάν
1729 1542 1839 1578 τισι

249 1609 360 1661 τῶν
396 1610 573 1664 ἀλλων
605 1611 723 1683 δέῃ,
764 1613 857 1665 καὶ¹
886 1613 1031 1666 τοῦτ’
1063 1614 1160 1686 ἔχη
1198 1616 1339 1685 μετά
1374 1616 1485 1667 τῶν
1536 1615 1712 1669 ἀλλων
1740 1634 1840 1685 χα-

252 1702 529 1773 ρίζεσθαι.
562 1705 834 1775 Πρότερον
859 1706 959 1778 μὲν
982 1703 1076 1761 οὖν
1114 1710 1241 1771 τοὺς
1274 1708 1723 1778 καταφεύγοντας
1758 1708 1845 1778 ἐφ’

249 1796 401 1866 ὑμᾶς
436 1796 544 1849 τῶν
618 1798 887 1869 Ἑλλήνων
944 1799 1271 1865 διεσώζετε’
1329 1801 1447 1853 νυνὶ
1496 1801 1543 1854 δ’
1606 1801 1846 1871 ἀτεχνῶς

251 1887 466 1951 πάντας
498 1886 821 1957 ἀνθρώπους
853 1888 948 1942 καὶ
976 1890 1154 1943 πάντα
1179 1887 1310 1959 γένη
1348 1892 1413 1959 τῇ
1445 1890 1712 1962 καλλίστῃ
1738 1890 1846 1943 τῶν

249 1978 585 2047 εὐεργεσιῶν
613 1979 858 2051 ἀνέχετε,
896 1980 1167 2050 ἡγεμόνες
1224 1981 1479 2041 παιδείας
1511 1981 1607 2034 καλ⁵
1654 1982 1847 2050 σοφίας

250 2072 473 2141 ἀπάσης
503 2072 804 2141 γινόμενοι.
854 2072 1017 2126 Ἀλλά
1040 2073 1061 2103 ¹
1099 2073 1207 2145 μὴν
1246 2073 1408 2127 πέντε
1441 2072 1541 2143 μὲν
1566 2073 1681 2127 ἐστι
1706 2075 1840 2145 μνή-
1882 2118 1924 2176 Β

252 2167 371 2237 μη³
406 2166 698 2235 βασιλειῶν
731 2179 746 2197 ⁶
786 2167 862 2238 μὴ
906 2166 1118 2236 γένοιτο
1173 2167 1232 2222 δὲ
1274 2168 1566 2225 πλειόνων.
1624 2170 1844 2226 Τούτων

247 2259 296 2311 δ’
332 2259 424 2311 ἐπὶ
458 2258 556 2327 μὲν
579 2258 679 2328 τῆς
725 2257 1027 2328 Ἀσσυρίων
1056 2259 1159 2330 τῆς
1193 2260 1584 2336 πρεσϐυτάτης
1616 2266 1848 2336 αίπρὼ-

248 2369 343 2405 ται
375 2352 476 2421 τῆς
500 2351 709 2415 πόλεώς
742 2353 848 2405 είσι
879 2353 1129 2423 πράξεις,
1164 2353 1261 2409 καὶ
1305 2353 1405 2410 ὅσα
1444 2357 1555 2411 τῶν
1583 2358 1744 2411 θείων
1769 2359 1848 2421 εἰς

248 2443 444 2497 τοῦτον
472 2445 735 2515 ἐμπίπτει
768 2444 861 2498 τὸν
884 2445 1111 2517 χρόνον·
1167 2451 1261 2503 ἐπὶ
1320 2450 1378 2504 δὲ
1437 2452 1537 2521 τῆς
1588 2451 1848 2523 δευτέρας

250 2537 421 2608 ᾔρετο
449 2539 480 2607 ἡ
508 2536 700 2602 πόλις
736 2538 835 2610 τὴν
872 2539 927 2592 δὲ
962 2541 1155 2611 τρίτην
1193 2538 1287 2596 διὰ
1311 2543 1503 2607 τέλους
1555 2544 1806 2615 ἐνίκησεν
1830 2558 1845 2575 ·

250 2632 311 2685 ὲν
332 2630 477 2702 δὲτῇ
508 2632 745 2705 τετάρτῃ
771 2631 907 2703 μόνη
939 2635 1036 2703 μὲν
1057 2634 1344 2706 ἀντέσχεν,
1375 2638 1576 2707 ἀριστα
1594 2637 1639 2690 δ’
1669 2637 1849 2709 ἀπήλ-

251 2724 385 2788 λαξε
437 2724 546 2778 τῶν
588 2724 797 2779 ἄλλων·
853 2726 947 2778 ἐπὶ
999 2725 1056 2778 δὲ
1119 2729 1221 2797 τῆς
1255 2730 1436 2783 πάντα
1470 2729 1702 2800 ἀρίστης
1753 2731 1850 2785 καὶ

254 2815 545 2886 μεγίστης,
610 2816 711 2885 τῆς
765 2818 883 2869 νυνὶ
947 2816 1381 2889 καθεστηκυίας,
1450 2822 1520 2875 τά
1582 2823 1850 2893 πρεσϐεῖα

252 2905 458 2969 παντὸς
488 2905 719 2975 ἔχειτοῦ
758 2906 1102 2978 Ἑλληνικοῦ,
1138 2914 1232 2965 καὶ
1289 2916 1619 2985 πέπραγενδ
1668 2916 1847 2981 οὐτως

250 2994 398 3050 ὥστε
436 2996 511 3067 μὴ
554 2997 753 3069 ῥᾳδίως
784 2997 849 3052 ἄν
878 3016 1000 3052 τινα
1031 3003 1171 3074 αὐτῇ
1229 3004 1298 3058 τά
1326 3005 1530 3077 ἀρχαῖα
1584 3009 1706 3062 ἀντὶ
1737 3009 1848 3063 τῶν

254 3089 541 3159 παρόντων
570 3089 959 3155 συνεύξασθαι.
978 3092 1142 3165 Γνοίη
1178 3096 1222 3148 δ’
1240 3096 1307 3149 ἄν
1332 3115 1415 3161 τις
1448 3100 1574 3153 ὅσον
1602 3103 1668 3171 τῇ
1696 3101 1847 3155 πόλει

254 3181 538 3250 περίεστιν
587 3185 650 3236 ἐκ
698 3182 791 3236 τοῦ
835 3189 1040 3251 παντὸς
1077 3188 1293 3253 αἰῶνος,
1336 3190 1499 3265 [1⁸252
1534 3193 1625 3265 R.]
1663 3197 1713 3248 εί
1780 3196 1847 3249 τά

254 3274 575 3345 ὑπάρχοντα
608 3277 768 3346 αὐτῇ.
806 3278 986 3334 πάντα
1007 3282 1104 3352 μὲν
1142 3284 1242 3337 οὐκ
1271 3286 1401 3349 ῐσως
1428 3286 1675 3354 δυνατὸν,
1707 3290 1847 3357 μᾶλ-

253 3366 348 3419 λον
371 3368 427 3420 δὲ
448 3369 628 3435 σαφῶς
655 3368 943 3439 ἀδύνατον,
970 3374 1085 3428 ἀλλ’
1103 3377 1201 3430 ὅσα
1218 3395 1281 3447 γε
1312 3379 1569 3449 ἐγχωρεῖ,
1595 3383 1844 3452 μερίσας,

2017 1244 2219 1299 Natura
2250 1243 2406 1314 quasi
2448 1244 2631 1299 sciens
2699 1241 2815 1296 fore
2861 1252 2918 1295 ut
2964 1241 3125 1295 rebus
3172 1240 3337 1307 gestis
3394 1239 3530 1293 alios

1948 1335 2079 1390 urbs
2113 1335 2271 1405 longe
2319 1334 2582 1400 vinceret,
2637 1334 2915 1388 orationes
2971 1333 3021 1386 ei
3071 1339 3126 1385 et
3176 1330 3384 1384 litteras
3432 1346 3530 1399 pro

1948 1427 2214 1497 dignitate
2250 1427 2463 1490 tribuit,
2494 1440 2603 1495 quo
2634 1433 2688 1479 et
2736 1424 2849 1493 ipsa
2895 1424 3009 1477 suis
3055 1424 3317 1489 gauderet
3365 1436 3533 1478 orna-

1948 1519 2171 1584 mentis,
2218 1528 2272 1573 et
2328 1518 2471 1581 aliis,
2516 1518 2561 1570 si
2609 1532 2746 1586 opus
2794 1527 2959 1580 esset,
3006 1514 3201 1586 5.070
3250 1529 3356 1570 una
3408 1532 3531 1570 cum

1951 1611 2175 1681 reliquis
2210 1610 2479 1681 impertiri
2514 1617 2720 1678 posset.
2756 1608 2889 1663 Cum
2936 1623 3069 1679 ergo
3116 1611 3269 1679 prius
3314 1608 3534 1664 Graacos

1950 1706 2017 1759 ad
2088 1720 2186 1761 vos
2240 1703 2618 1774 confugientes
2686 1704 3058 1769 servaveritis,
3126 1717 3268 1758 nunc
3341 1718 3533 1757 omnes

1952 1799 2204 1853 homines
2230 1805 2530 1870 gentesque
2592 1809 2821 1853 cunctas
2855 1798 3222 1867 pulcherrime
3256 1795 3531 1864 exeipitis,

1952 1891 2113 1945 xenio
2154 1891 2459 1959 sapientiae,
2507 1902 2561 1948 et
2617 1891 2878 1947 doctrinae
2926 1891 3095 1943 duces
3142 1887 3393 1941 erunibus
3438 1899 3535 1939 vos

1952 1983 2282 2051 prmbentes,
2331 1996 2674 2053 cunctosque
2705 1993 3019 2054 purgantes.
3049 1980 3169 2036 Jam
3204 1995 3330 2036 cum
3370 1979 3528 2048 quin-

1952 2090 2058 2146 que
2092 2087 2468 2133 memorentur
2500 2092 2664 2147 regna
2692 2081 2816 2147 (nec
2845 2090 2973 2130 vero
3006 2075 3160 2143 plura
3188 2072 3532 2139 nascantur),

1954 2170 2006 2223 iu
2055 2184 2246 2226 eorum
2301 2169 2743 2239 antiquissimqu
2786 2169 3099 2239 Assyrium,
3149 2168 3339 2238 primae
3383 2166 3535 2220 urbis

1954 2279 2039 2319 res
2071 2273 2256 2332 gestas,
2302 2272 2357 2318 et
2385 2278 2504 2332 qua:
2549 2261 2616 2317 iis
2675 2262 2924 2332 propitiis
2966 2270 3087 2314 acta
3134 2268 3280 2325 sunt,
3327 2258 3537 2312 incide-

1954 2365 2115 2421 runt;
2169 2356 2222 2409 in
2276 2356 2514 2409 secundo
2559 2355 2729 2409 erevit
2774 2354 2901 2409 urbs
2936 2372 2954 2421 ;
2991 2352 3150 2408 tertio
3197 2352 3314 2422 ipsa
3371 2352 3532 2417 vicit;

1950 2458 2145 2517 quarto
2171 2463 2295 2503 cum
2336 2448 2449 2502 sola
2478 2448 2696 2513 restitit,
2737 2458 2845 2501 tum
2885 2446 3091 2516 Optime
3121 2445 3362 2500 omnium
3396 2443 3534 2498 libe-

1954 2541 2093 2595 ravit
2126 2559 2139 2595 :
2172 2542 2223 2595 in
2258 2540 2364 2597 hoc
2391 2551 2571 2596 autem
2607 2541 2850 2594 omnium
2900 2539 3109 2608 optimo
3159 2553 3224 2592 ac
3265 2536 3530 2598 maxime.

1955 2635 2119 2689 totius
2158 2634 2388 2689 Grteeite
2437 2634 2646 2705 primas
2693 2642 2860 2697 tenet,
2896 2634 2967 2687 ita
3016 2642 3074 2685 ut
3116 2646 3220 2686 non
3256 2632 3450 2685 debeat
3484 2632 3534 2685 ei

1952 2730 2237 2800 quisquam
2260 2730 2549 2798 antiquum
2575 2736 2775 2783 statum
2806 2727 2921 2781 loco
2946 2725 3230 2794 praesentis
3251 2736 3533 2793 exoptare.

1950 2822 2167 2889 Quanta
2196 2836 2328 2878 vero
2358 2822 2522 2877 fuerit
2557 2820 2710 2875 urbis
2734 2819 2802 2874 ab
2826 2820 2975 2874 omni
3001 2829 3243 2888 tempore
3266 2826 3535 2887 praestau-

1955 2916 2049 2978 tia,
2086 2914 2245 2969 facile
2281 2913 2576 2968 admodum
2622 2924 3083 2982 Cognosceremus
3126 2909 3172 2963 si
3214 2907 3331 2976 ejus
3369 2922 3536 2962 orna-

1952 3016 2133 3063 menta
2166 3022 2272 3061 non
2297 3006 2518 3075 quidem
2556 3004 2737 3060 omnia
2772 3004 2918 3075 (nam
2951 3001 3004 3056 id
3033 3000 3256 3055 omnino
3277 2998 3393 3054 ﬁeri
3424 3012 3531 3051 non

1951 3100 2177 3175 potest),
2222 3100 2317 3155 sed
2362 3099 2569 3168 aliquot
2622 3098 2674 3151 in
2724 3097 2907 3151 varias
2949 3094 3115 3150 urbes
3165 3108 3230 3148 ac
3284 3092 3535 3161 regiones

1950 3193 2364 3256 distribuentes,
2407 3207 2599 3245 earum
2646 3190 2843 3245 deinde
2871 3187 3339 3258 comparationem
3375 3183 3532 3253 quasi

1951 3298 2231 3356 poetarum
2284 3296 2376 3341 aut
2418 3288 2744 3341 chorearum
2796 3283 3175 3346 instituamus;
3229 3294 3333 3334 non
3384 3277 3532 3331 enim

1953 3381 2085 3434 tnihi
2120 3378 2276 3433 facile
2298 3379 2533 3441 videtur,
2560 3380 2867 3432 vincentem
2899 3374 3147 3429 invenire
3177 3390 3191 3427 :
3229 3379 3286 3425 ut
3318 3371 3361 3425 si
3392 3370 3532 3433 alite,

254 3457 425 3511 ἄλλο’
454 3459 589 3531 ἄλλῃ
621 3461 778 3517 πόλει
826 3465 920 3519 καὶ
954 3466 1109 3539 χώρᾳ
1152 3470 1432 3539 προσθεὶς,
1484 3468 1605 3527 εἶτα
1663 3474 1846 3543 ἀγῶνα

1955 3472 2101 3527 verbi
2135 3472 2333 3541 gratia.
2354 3472 2418 3526 de
2446 3470 2621 3540 prima
2651 3468 2886 3523 hominis
2916 3466 3191 3520 creatione
3212 3463 3530 3533 glorientur,

253 3551 337 3621 τῷ
362 3550 508 3623 λόγῳ
541 3556 792 3626 ποιήσειε
811 3559 832 3588 ⁶
856 3559 1111 3632 καθάπερ
1138 3564 1379 3634 ποιητῶν
1408 3564 1441 3635 ἢ
1496 3567 1673 3637 χορῶν
1698 3568 1739 3621 ⁷.
1771 3568 1844 3621 Οὐ

253 3643 368 3713 γάρ
403 3660 492 3712 μοι
531 3646 683 3701 δοοιεῖ
707 3650 805 3719 τὴν
832 3653 1071 3707 νικῶσαν
1093 3655 1273 3725 εὑρεῖν
1305 3655 1370 3708 ἂν
1397 3656 1417 3686 ⁸
1449 3658 1671 3729 ῥαδίως.
1722 3654 1848 3713 Οἷον

254 3736 306 3787 εἰ
333 3736 674 3808 φιλοτιμοῖτο
706 3744 738 3812 η
776 3742 873 3811 μὲν
925 3742 1000 3807 ὡς
1056 3744 1251 3814 πρώτη
1297 3745 1425 3818 [665
1469 3748 1559 3821 ll.]
1613 3750 1849 3803 τεκοῦσα

256 3830 320 3882 τὸ
346 3830 456 3883 τῶν
493 3834 797 3905 ἀνθρώπων
842 3836 1021 3905 γένος,
1079 3840 1112 3909 ἡ
1148 3838 1207 3893 δὲ
1261 3840 1336 3903 ὼς
1395 3839 1587 3912 πρώτη
1627 3842 1850 3908 δείξασα

256 3927 390 3991 τοὺς
427 3930 695 3998 καρποὺς,
732 3932 765 4001 ἡ
796 3929 851 3984 δὲ
882 3932 957 3995 ὡς
988 3932 1264 3997 πλείστοις
1319 3935 1649 4004 μεταδοῦσα,
1703 3939 1735 4008 ἡ
1790 3938 1848 3991 δέ

256 4023 491 4088 τιςθώς
542 4025 739 4094 νόμους
772 4026 1163 4092 καταδείξασα,
1222 4030 1255 4097 ἡ
1312 4028 1369 4081 δὲ
1427 4028 1763 4099 πανηγύρεις
1783 4031 1846 4095 ⁸⁸,

262 4120 296 4187 ἡ
336 4116 391 4169 δὲ
427 4118 500 4179 ὡς
528 4118 585 4169 ὲν
625 4118 934 4181 καλλίστοις
989 4122 1166 4172 κεῖται
1219 4124 1321 4189 γῆς
1355 4121 1472 4191 ἅμα
1503 4122 1599 4175 καὶ
1654 4122 1847 4176 θαλάτ-

260 4226 363 4279 της
393 4209 456 4273 η,
489 4210 520 4279 ἡ
552 4209 608 4262 δὲ
646 4212 760 4270 τοῖς
790 4212 887 4280 τῆς
934 4211 1125 4280 σοφίας
1158 4212 1383 4281 ἀγαθοῖς
1439 4212 1753 4280 ἀγάλλοιτο,
1815 4215 1848 4283 ἡ

260 4303 319 4355 δὲ
351 4302 449 4365 τὰς
480 4306 536 4355 ὲν
562 4305 672 4367 τοῖς
700 4306 957 4373 πολέμοις
1012 4305 1240 4375 πράξεις
1272 4306 1590 4373 καταλέγοι,
1625 4307 1759 4377 ἄλλη
1791 4306 1849 4360 δὲ

262 4398 421 4459 ὅσους
447 4398 489 4427 ¹¹
545 4397 842 4461 ὑπεδέξατο
888 4399 997 4451 τῶν
1044 4399 1333 4470 Ἑλλήνων,
1371 4400 1403 4469 ή
1451 4399 1639 4463 δὲτὰς
1685 4403 1844 4454 ἀποι-

262 4488 389 4551 aiat;
420 4488 485 4551 ἀς
517 4490 857 4553 ἀπέστειλεν,
891 4492 923 4559 ἡ
958 4490 1014 4543 δὲ
1039 4492 1067 4543 ὃ
1099 4509 1151 4544 τι
1176 4492 1268 4543 καὶ
1291 4490 1406 4562 δοίη
1449 4509 1534 4554 τις
1563 4492 1699 4558 αὐτῇ
1732 4492 1843 4545 τῶν

260 4580 620 4650 ὑπαρχόντων
650 4584 714 4652 τῇ
751 4583 925 4642 πόλει.
956 4585 1094 4654 φήμ’
1121 4584 1298 4653 ἔγωγε
1347 4585 1563 4655 μάλιστ’
1608 4586 1675 4639 ἂν
1704 4586 1845 4639 οὕτω

259 4673 518 4740 γενέσθαι
544 4675 858 4743 καταφανὲς
891 4677 1110 4740 ὁπόσοις
1150 4677 1263 4729 τισὶ
1318 4678 1430 4741 τοῖς
1464 4679 1773 4748 κρείττοσιν
1812 4681 1845 4747 ὴ

1951 3564 2195 3633 quaedam
2239 3566 2304 3620 de
2358 3564 2606 3633 frugibus
2664 3561 2748 3615 vel
2836 3561 3072 3629 primum
3130 3558 3389 3622 inventis,
3449 3557 3534 3609 vel

1953 3658 2245 3728 pluritnum
2283 3652 2726 3717 communicatis,
2765 3650 3038 3705 nonnulla:
3084 3648 3150 3704 de
3194 3648 3403 3715 legibus
3440 3656 3536 3699 aut

1954 3752 2106 3807 feriis
2131 3752 2463 3807 solemnibus
2494 3750 2828 3815 constitutis,
2862 3746 3084 3810 aliandc
3127 3748 3238 3802 sittt
3291 3760 3535 3799 commo-

1954 3846 2177 3900 dissime
2203 3863 2217 3912 ;
2245 3845 2490 3912 quadam
2525 3844 2591 3898 de
2640 3844 2932 3913 sapientia,
2970 3842 3052 3897 vel
3092 3840 3256 3896 rebus
3296 3839 3531 3903 bellicis,

1957 3938 2225 3992 nonnulla:
2252 3940 2317 3991 de
2353 3937 2560 3992 Grazcis
2587 3938 2852 4007 exceptis,
2886 3935 2966 3989 vel
2996 3935 3223 3990 cnlouiis
3253 3934 3529 3999 deductis;

1953 4031 2171 4099 reliqum
2199 4030 2433 4098 denique
2460 4030 2524 4085 de
2555 4028 2655 4082 alia
2684 4043 2742 4082 re
2777 4028 2994 4097 quavis,
3037 4042 3157 4095 quae
3194 4026 3311 4080 urbi
3356 4026 3533 4081 couti-

1952 4125 2114 4191 gerit.
2169 4123 2261 4178 Sic
2310 4122 2657 4192 apertissime
2704 4133 2910 4188 quanto
2958 4119 3194 4187 reliquas
3248 4118 3533 4172 intervallo

1952 4217 2081 4269 urbs
2114 4229 2355 4284 superet,
2398 4215 2782 4277 ostendemus,
2834 4228 2958 4267 cum
3004 4213 3144 4282 ipsa,
3198 4227 3535 4282 quaecunque

1955 4306 2049 4361 tuti
2067 4306 2107 4362 (ἱ
2122 4307 2289 4360 rtecitc
2309 4307 2599 4375 separatim
2622 4304 2955 4369 sullicerent,
2975 4306 3087 4359 sola
3116 4306 3530 4373 complectatur.

1950 4402 2092 4467 Quin
2121 4412 2176 4454 et
2206 4399 2408 4457 donum
2441 4400 2587 4469 quod
2617 4399 2689 4453 sit
2726 4398 3045 4463 maximum,
3082 4414 3188 4453 nou
3224 4398 3382 4453 facile
3416 4398 3532 4454 dis-

1951 4506 2229 4556 reruetur,
2260 4507 2448 4546 verum
2473 4492 2518 4547 si
2554 4492 2643 4545 hic
2677 4491 2959 4544 civitatum
3003 4505 3217 4561 quoque
3262 4490 3351 4543 ﬁat
3398 4505 3531 4545 cono

1954 4584 2145 4647 tentio,
2176 4593 2234 4637 ut
2269 4582 2375 4636 alia
2414 4582 2633 4636 Cereris
2669 4580 2878 4635 fructus
2924 4581 3137 4646 aderat,
3168 4581 3270 4634 alia
3305 4580 3530 4647 Bmchi,

1951 4694 2050 4732 nec
2093 4676 2261 4731 solius
2316 4677 2464 4741 vitis,
2522 4677 2617 4730 sed
2662 4685 2717 4730 et
2766 4674 3021 4737 aliorum,
3049 4690 3168 4744 qua:
3217 4683 3529 4730 seruntur:

259 4766 419 4830 πόλις
464 4768 591 4836 ἡμῖν
613 4769 655 4800 ¹³
684 4770 783 4832 τᾶς
809 4770 975 4830 ἄλλας
1000 4770 1397 4840 παρελήλυθεν.
1434 4772 1501 4823 "A
1531 4772 1640 4842 γάρ
1686 4773 1846 4843 ἐξαρ-

1955 4772 2114 4825 tertia
2152 4784 2281 4823 vero
2321 4768 2576 4823 Minerva:
2614 4768 2842 4832 donum,
2890 4768 3049 4833 idque
3084 4766 3301 4837 duplex,
3345 4766 3532 4823 multis

260 4857 353 4907 κεί
390 4862 695 4928 νειμαμένῃ
752 4861 818 4928 τῇ
866 4858 1096 4923 Ἑλλάδι,
1145 4860 1317 4913 ταῦτα
1373 4860 1509 4930 μόνη
1544 4861 1842 4929 συλλήῦδην

257 4944 396 5012 ἔχει.
434 4946 544 4997 Καὶ
593 4948 767 5016 μὴνίδ
814 4950 923 5003 τῶν
976 4967 1039 5018 γε
1101 4951 1319 5022 δωρεῶν
1373 4952 1635 5017 ὡσαύτως
1660 4954 1703 4985 ¹⁸
1745 4954 1843 5025 τὴν

259 5036 533 5108 μεγίστην
559 5040 619 5091 οὐ
672 5041 852 5113 ῥᾴδιον
880 5044 1078 5114 εὐρεῖν,
1117 5044 1431 5114 ἀμιλλάσθω
1489 5046 1545 5098 δὲ
1586 5044 1682 5099 καὶ
1716 5048 1845 5116 περὶ

256 5129 468 5183 τούτων
499 5131 634 5202 άλλη
660 5134 795 5204 πρὸς
826 5134 992 5206 ἀλλην
1025 5136 1202 5200 πόλις,
1232 5138 1265 5206 ὴ
1294 5136 1392 5207 μὲν
1407 5138 1533 5199 τοὺς
1556 5138 1844 5208 Δήμητρος

258 5223 512 5290 καρποὺς
551 5225 871 5295 κομίζουσα,
905 5228 939 5297 ἡ
974 5227 1028 5281 δὲ
1061 5229 1187 5291 τούς
1211 5229 1255 5260 ¹⁶
1287 5228 1382 5281 τοῦ
1416 5228 1691 5291 Διονύσου,
1752 5228 1845 5282 καὶ

256 5313 485 5379 τούτους
508 5318 568 5369 οὐ
596 5318 756 5386 μόνον
802 5319 929 5381 τοὺς
966 5319 1073 5373 ἀπὸ
1096 5320 1195 5391 τῆς
1250 5319 1525 5391 ἀμπέλου,
1555 5322 1689 5375 ἀλλά
1750 5322 1842 5375 καὶ

1954 4861 2138 4929 utique
2200 4860 2508 4913 civitatibus
2580 4858 2845 4928 gloriandi
2910 4858 3234 4921 materiam,
3304 4873 3405 4913 ceu
3462 4858 3531 4913 de

1952 4953 2403 5021 prmstantissiuto
2471 4964 2695 5005 munere
2745 4948 2971 5020 singulis
3022 4949 3289 5005 dabimus.
3328 4949 3529 5022 me

1952 5048 2127 5115 Atque
2181 5046 2295 5099 hare
2347 5043 2564 5113 quidem
2623 5043 2910 5097 hactenus.
2970 5041 3285 5111 Magnitudo
3347 5053 3531 5098 autem

1954 5139 2103 5191 urbis
2134 5148 2187 5191 et
2220 5137 2457 5206 reliquus
2485 5147 2798 5205 apparatus,
2840 5135 3061 5189 omnino
3092 5134 3324 5189 fortuna:
3359 5135 3531 5189 Allie-

1955 5229 2225 5293 niensum,
2269 5240 2324 5282 et
2380 5229 2613 5281 nominis
2662 5226 3005 5297 amplitudini
3056 5228 3370 5297 respondet,
3415 5227 3532 5281 sive

1954 5322 2126 5391 ipsum
2157 5320 2398 5375 civitatis
2429 5320 2714 5384 ambitum,
2760 5318 2858 5390 qui
2894 5319 3166 5375 maximus
3201 5328 3282 5374 est
3312 5329 3367 5374 et
3406 5318 3529 5389 pul-

1553 5479 1639 5534 ΥΑ
1652 5477 1788 5532 [HAS
1822 5474 2223 5532 LECTIONES.

355 5597 403 5629 "
438 5612 694 5669 κινουμεν
731 5593 795 5647 Β.
854 5594 917 5669 ,⁸⁸
951 5595 1097 5669 ἀνηεὲ
1121 5582 1323 5661 τιςῖαλ
1341 5598 1629 5669 τῶνθεῶν]
1668 5596 1883 5669 καὶτῶν
1916 5597 2053 5669 θεῶν
2079 5595 2132 5647 εἴ
2162 5612 2244 5669 τις
2280 5594 2366 5648 ἀν.
2442 5592 2630 5669 "uva
2652 5592 2787 5669 εί¹τι⁸
2808 5595 2995 5669 σεισθῇ
3031 5609 3139 5649 om.
3174 5594 3241 5648 A.
3286 5594 3364 5669 ﬂ“
3390 5595 3535 5665 ἀμε-

260 5668 464 5751 λήσας]
500 5666 815 5751 erilis}...
844 5666 1035 5751 ἀμὶὶξέ
1066 5666 1154 5751 Βο.
1214 5670 1279 5751 .⁹ἴ
1313 5668 1475 5751 έκφν]
1497 5687 1547 5738 νο
1578 5666 1701 5751 3“:

266 5806 543 5878 καθάπερ]
573 5806 809 5878 ἔνθαπερ
833 5814 895 5863 Α.
992 5809 1012 5841 ¹¹
1037 5812 1229 5881 χωρῶν
1265 5806 1328 5866 A.
1407 5806 1449 5843 ’⁸
1476 5813 1539 5865 ἀν
1572 5826 1682 5865 om.
1714 5812 1778 5864 A.

671 5976 935 6037 l’immL.
969 5976 1083 6034 Gn.
1130 5975 1290 6037 Clll.

1793 5668 1837 5698 ³³
1867 5668 2003 5706 δ’ἔφν
2043 5669 2073 5706 Δ
2112 5683 2123 5693 ·

263 5668 464 5742 λήσας]
500 5666 710 5744 ἀμελὴς.
739 5669 802 5724 Α.
844 5666 1035 5734 ἀμελεῖ
1066 5666 1124 5720 Β.
1236 5670 1279 5701 ’⁷
1313 5668 1475 5740 ἔχων]
1497 5687 1547 5738 p.
1578 5666 1701 5723 3H.
1793 5668 1837 5698 ”
1867 5669 1911 5719 δ’
1928 5667 2007 5720 ἔτι
2037 5669 2079 5721 Α
2112 5683 2123 5717 :
2156 5666 2212 5718 δέ
2237 5682 2288 5717 τι
2330 5682 2391 5729 ς.
2490 5666 2534 5698 ⁹⁹
2576 5666 2749 5735 ὥσπεε

263 5744 542 5841 Siti-‘15:.
575 5734 816 5841 31.21%}?
839 5754 897 5841 ι)-
933 5735 1297 5841 ⁵²,⁰;,,.Ῐ,ξ,ί.σὶ
1314 5742 1539 5841 “virs.
1689 5738 2129 5841 ’.πέπισξξξ
2154 5734 2749 5841 .f’fif°.!i:.€i?::€§:

270 5806 543 5878 καθάπερ]
573 5806 809 5878 ἔνθαπερ
833 5814 895 5863 Α.
992 5809 1012 5841 ¹¹
1037 5812 1229 5881 χωρῶν
1265 5806 1328 5866 A.
1407 5806 1449 5843 ’⁸
1476 5813 1539 5865 ἀν
1572 5826 1682 5865 om.
1714 5812 1778 5864 A.
1861 5806 1975 5841 7""
2024 5810 2049 5879 ἡ
2077 5806 2130 5858 δέ
2154 5823 2238 5870 τις
2262 5837 2333 5846 -——
2363 5806 2697 5876 πανηγύρεις
2741 5822 2847 5860 om.
2902 5810 2965 5860 A.

270 5883 314 5913 “
350 5881 408 5935 δὲ
439 5890 560 5934 ante
580 5882 735 5944 ὅσους
769 5896 879 5934 om.
912 5883 977 5935 Α.
1058 5882 1099 5912 ⁸³
1135 5883 1291 5954 ἡμῖν]
1316 5885 1467 5955 ὑμῶν
1498 5882 1559 5939 Β.
1639 5883 1681 5915 ³³
1716 5884 1809 5936 καὶ
1840 5879 1972 5955 μὴν]
2006 5878 2201 5951 p.522.
2282 5879 2324 5909 ’⁵
2348 5876 2607 5941 ὡσαύτως
2638 5894 2745 5933 om.
2783 5877 2846 5931 A.
2932 5950 2935 5951 ν

2490 5666 2549 5736 ’θλ
2575 5662 2787 5736 ῥ’)σπερ]
2810 5680 2860 5733 p.
2888 5652 3012 5720 5W.
3110 5666 3126 5697 ⁸
3164 5664 3381 5734 προέξει
3420 5652 3531 5731 ’ἑοῖς

2828 5738 2848 5767 ⁶
2882 5738 3097 5807 ποιήσει
3126 5737 3193 5797 Α,
3219 5738 3434 5807 ποιήσοι
3464 5738 3528 5793 Β.

3078 5808 3118 5841 ²¹
3153 5805 3431 5875 θαλάσσης
3463 5810 3530 5861 Α.

2932 5950 2935 5951 ν
2971 5877 3013 5908 ⁸⁸
3038 5877 3163 5938 τοὺς
3196 5878 3239 5928 Λ
3274 5895 3287 5930 ;
3337 5876 3437 5948 τῆς
3464 5896 3531 5943 ς.

3046 5968 3123 6030 Η
