4104 6414
261 382 402 449 1435

1358 379 1881 443 BlBLIOTHECA.
1912 405 1982 417 -
1999 381 2164 445 COD.
2192 383 2483 449 CCXLVI.

3401 391 3539 462 1486

256 497 326 550 τὰ
351 494 451 565 μὲν
477 488 587 564 7&9
622 489 752 564 παρ’
771 488 926 562 ὑμῶν
956 488 1181 562 ήρξατο,
1200 491 1269 543 τὰ
1336 490 1394 545 δὲ
1448 492 1524 557 ὡς
1584 492 1847 548 κάλλιστα

1958 510 2122 551 unum
2171 496 2393 568 aliquod
2445 499 2690 571 contigit,
2741 510 2797 558 et
2844 504 3040 575 partim
3090 520 3119 560 ε
3170 506 3329 564 vobis
3380 524 3542 582 cepe-

255 585 391 653 mp‘
417 583 548 653 ὑμῖν
570 584 709 649 ἐστι,
736 581 806 635 τὰ
827 580 873 634 δ’
900 580 976 645 ὡς
1001 581 1249 636 πλεῖστα.
1279 583 1403 636 Εἰσὶ
1450 584 1631 638 τοίνυν
1660 586 1711 639 οἳ
1745 602 1851 656 μη-

261 674 353 728 δὲν
375 672 591 744 ἔχοντες
612 670 848 741 φανερὸν
878 670 1048 734 δεῖξαι
1090 670 1225 741 μηδὲ
1276 672 1454 725 εἰπεῖν
1510 671 1673 744 ἔργον
1726 672 1851 725 ἑαυ-

255 764 388 831 τῶν,
417 764 553 836 μηδὲ
607 763 693 832 ἐφ’
722 762 832 832 ὅτῳ
888 761 954 815 ἂν
993 761 1221 824 δικαίως
1270 763 1539 834 φρονοῖεν,
1587 762 1681 815 ἐπὶ
1724 764 1849 826 τοὺς

258 856 542 924 Τρωϊκοὺς
562 852 972 923 καταφεύγουσι
998 853 1225 924 χρόνους
1270 853 1367 906 καὶ
1400 851 1709 924 φιλοτιμίας
1738 854 1849 923 ἀμ-

261 946 643 1017 φισϐητοῦσιν,
661 945 773 999 οὐδ’
795 943 939 999 οὕτω
960 945 1211 1013 λέγοντες
1234 945 1388 999 οὐδὲν
1413 945 1590 999 κοινὸν
1616 945 1849 1011 ἑαυτῶν,

260 1039 375 1094 ἀλλ’
404 1038 523 1102 ἑνὸς
576 1038 771 1110 ἀνδρὸς
813 1037 973 1108 δόξης
1021 1036 1417 1109 ὲξαρτώμενοι,
1473 1037 1664 1109 ὥσπερ
1706 1039 1852 1103 τινὲς

260 1134 560 1203 γεωπεῖναι
613 1132 686 1186 δι’
732 1131 852 1195 ἑνὸς
903 1129 1045 1184 τῶν·
1070 1128 1609 1195 πλουσίωνιὲαυτούς
1636 1130 1850 1201 ξποιού-

263 1243 436 1299 μενοι.
487 1224 554 1279 Ἦ
587 1224 741 1286 πόλις
768 1224 825 1277 δὲ
861 1223 999 1295 πρὸς
1035 1222 1115 1293 τῷ
1151 1224 1320 1295 μηδὲν
1347 1223 1559 1278 δεῖσθαι
1590 1223 1848 1296 τοιαύτης

256 1319 582 1390 καταφυγῆς
604 1318 675 1384 ⁸ο,
703 1316 826 1370 οὐδὲ
857 1316 1051 1370 τούτου
1088 1314 1341 1388 στέρεται
1367 1314 1462 1370 τοῦ
1505 1314 1843 1387 ἡδύσματος,

256 1413 376 1467 ἀλλ’
398 1415 427 1467 ό
460 1410 639 1476 κοινὸς
667 1410 773 1464 τῶν
808 1409 1081 1481 Ἐλλήνων
1110 1409 1341 1482 ποιητὴς
1368 1411 1428 1463 ὲν
1452 1408 1532 1482 τῷ
1552 1411 1842 1481 καταλόγῳ

257 1505 369 1559 τῶν
388 1505 599 1560 νεῶντε
635 1503 728 1556 καὶ
780 1501 986 1555 πόλεων
1021 1501 1114 1554 τὸν
1184 1500 1486 1572 Ἀθηναίων
1532 1502 1844 1574 στρατηγὸν

258 1600 340 1659 εἰς
369 1596 538 1667 ἄκρον
578 1593 742 1664 φησιν
762 1592 804 1626 ⁸¹
839 1591 1017 1645 tu)er
1064 1591 1341 1663 κοσμῆσαι
1401 1591 1605 1657 ἵππους
1641 1609 1704 1646 τε
1753 1590 1852 1646 καὶ

258 1689 459 1758 ἀνέρας
484 1683 840 1748 ἀσπιδιώτας.

323 1780 427 1844 Ε’ὶς
450 1777 494 1809 ⁵⁸
522 1775 832 1831 Μενεσθέα
893 1773 1285 1845 Ἀλέξανδρον
1331 1776 1727 1832 ἀποτείνεται.

1952 599 2097 653 runt,
2164 589 2249 646 vel
2302 595 2499 661 partim
2560 595 2700 662 apud
2762 609 2857 651 vos
2899 597 2984 653 vel
3036 600 3240 667 optima
3290 603 3376 656 vel
3424 605 3544 673 pitt-

1951 682 2088 735 rima
2115 694 2433 739 cernuntur.
2485 682 2642 740 Multi
2699 702 2917 757 quoque
2970 705 3121 745 cum-
3166 692 3298 746 nihil
3358 709 3537 748 rerum

1951 783 2199 833 suarum,
2255 771 2323 826 dc
2376 786 2483 840 quo
2506 771 2632 843 jure
2683 773 3005 844 glorientur,
3030 778 3278 847 proferre
3306 783 3538 850 possint,

1951 862 2017 915 ad
2064 860 2297 926 Troiana
2328 863 2649 936 confugiunt
2701 876 2967 936 tempora,
3022 884 3087 924 ac
3116 872 3183 925 de
3210 872 3380 941 gloria
3413 890 3542 928 cou-

1965 954 2215 1021 tendunt,
2254 970 2566 1025 quanquam
2615 974 2715 1013 nec
2746 958 2825 1014 sic
2858 959 3080 1029 aliquid,
3120 963 3263 1032 quod
3304 964 3543 1020 habeant

1951 1062 2261 1114 commune,
2333 1048 2588 1116 afferunt,
2640 1066 2765 1108 cum
2822 1052 2892 1107 ab
2949 1052 3109 1107 unius
3160 1054 3388 1124 alicujus
3438 1057 3542 1112 viri

1951 1140 2095 1196 fama
2138 1144 2434 1211 pendeant,
2488 1144 2678 1215 quales
2705 1144 2960 1215 agricolae
2995 1145 3083 1213 qui
3133 1148 3351 1215 inopum
3395 1165 3545 1203 more

1953 1232 2020 1287 ad
2072 1232 2324 1291 ditiorem
2365 1236 2606 1307 aliquem
2638 1253 2699 1294 se
2741 1237 3002 1294 referunt.
3050 1238 3129 1293 Ac
3178 1239 3308 1294 urbs
3353 1256 3544 1310 quam-

1952 1326 2036 1381 vis
2093 1328 2343 1400 perfugio
2371 1331 2475 1385 hoc
2507 1345 2615 1384 non
2651 1330 2913 1401 indigeat,
2967 1346 3306 1400 nequaquam
3360 1342 3542 1389 tamen

1953 1428 2103 1473 caret
2165 1418 2255 1476 illo
2312 1422 2682 1477 condimento.
2750 1423 3070 1478 Communis
3141 1425 3344 1479 etenim
3391 1423 3542 1480 Grat-

1954 1526 2140 1567 corum
2193 1522 2375 1584 poeta,
2427 1514 2482 1570 in
2519 1514 2732 1569 urbium
2759 1524 2815 1569 et
2843 1516 3059 1570 navium
3095 1532 3325 1573 numero
3375 1519 3548 1573 Athe-

1954 1605 2224 1659 niensium
2268 1606 2467 1661 ducem
2521 1607 2598 1661 ait
2624 1607 3014 1677 peritissimum
3050 1608 3218 1665 fuisse
3258 1627 3272 1664 :
3307 1619 3548 1667 scutatos

1957 1712 2157 1754 ornare
2185 1699 2354 1764 viros,
2384 1708 2439 1754 et
2466 1713 2695 1768 corpora
2718 1714 2980 1769 equorum
3003 1700 3136 1771 (79).

2043 1787 2125 1840 Ad
2158 1785 2520 1843 Menestheum
2542 1788 2905 1843 Alexandrum
2932 1787 3189 1844 Paridem
3212 1792 3455 1859 pertinet.

329 1871 393 1925 Εί
414 1869 524 1941 γὰρ
545 1870 591 1903 ⁵⁸
618 1869 700 1922 δεῖ
725 1868 834 1922 τῶν
879 1868 1056 1924 ἄλλων
1079 1867 1396 1923 ἀποστάντα
1439 1869 1580 1941 ὑπὲρ
1607 1868 1710 1940 τῆς
1754 1868 1849 1941 δη-

2038 1878 2105 1935 Ut
2167 1879 2311 1935 enim
2381 1880 2604 1949 reliquis
2653 1881 2873 1937 omissis
2910 1882 3091 1952 populi
3139 1854 3405 1938 duntaxat
3446 1900 3547 1950 po-

262 1963 572 2036 μοκρατίας
632 1961 801 2032 μόνης
820 1960 867 1994 ⁵⁵
921 1961 1119 2026 εἰπεῖν,
1177 1962 1514 2032 φανήσονται
1585 1962 1701 2025 τοῖς
1750 1960 1849 2031 μὲν

262 2056 568 2128 βουλήμασι
604 2054 701 2113 καὶ
727 2055 849 2117 ταῖς
882 2053 1205 2126 ἐπιθυμίαις
1222 2053 1402 2125 πολλῷ
1422 2054 1850 2127 προπετέστεροι

258 2150 356 2204 καὶ
382 2147 754 2220 ὑϐριστότεροι
782 2147 829 2179 ⁵⁵
860 2148 1063 2211 πάντες
1117 2147 1167 2201 οἱ
1219 2146 1315 2201 τοῦ
1342 2148 1623 2219 σχήματος
1655 2146 1850 2203 τούτου

265 2241 650 2315 μετασχόντες,
678 2240 758 2313 τῷ
806 2241 852 2296 δ’
884 2239 1157 2312 ἀξιώματι
1230 2243 1327 2296 καὶ
1383 2244 1450 2312 τῇ
1500 2241 1851 2314 λαμπρότητι

265 2335 403 2407 μηδὲ
426 2338 542 2398 τοῖς
571 2334 679 2390 ἀπὸ
728 2334 829 2405 τῆς
880 2334 1094 2396 πόλεως
1147 2334 1531 2405 γεγενημένοι.
1583 2334 1695 2389 Καὶ
1742 2335 1852 2406 μὴν

230 2417 441 2483 ’ἐκεῖνό
471 2445 534 2497 γε
568 2429 602 2498 ἡ
664 2427 821 2490 πόλις
860 2426 1055 2498 πρώτη
1116 2425 1416 2493 κατέδειξε,
1476 2426 1553 2498 μὴ
1604 2426 1852 2481 τίθεσθαι

261 2520 479 2591 πλούτῳ
510 2519 643 2591 μηδὲ
672 2516 996 2589 θαυμάζειν.
1026 2517 1165 2571 Οὔτε
1186 2517 1296 2591 γὰρ
1325 2519 1453 2583 τούς
1482 2518 1852 2589 ὑπερέχοντας

260 2617 385 2678 ταῖς
437 2611 652 2674 οὐσίαις
718 2609 1068 2664 οὐδεπώποτε
1120 2611 1354 2681 ἐπῆρεν,
1416 2610 1533 2664 ἀλλ’
1596 2611 1721 2665 ὅσον
1776 2612 1852 2681 μὴ

261 2704 566 2761 ἀδικεῖσθαι
595 2703 685 2758 διὰ
718 2702 897 2768 τοῦτο,
932 2702 1189 2757 τοσοῦτον
1224 2704 1408 2767 αὐτοῖς
1464 2702 1619 2771 ἠξίου
1638 2704 1685 2737 ⁵⁸
1717 2704 1853 2775 παρ’

265 2797 438 2867 αὐτῆς
468 2795 779 2866 ὀφείλεσθαι
805 2795 851 2829 ⁸⁷
884 2812 900 2828 ·
932 2794 1058 2849 οὐτε
1093 2798 1205 2858 τοῖς
1245 2796 1416 2867 ἀρετῇ
1449 2795 1549 2866 μὲν
1611 2794 1853 2865 ὑπερφέ-

272 2907 455 2962 ρουσι,
488 2890 736 2961 χρήμασι
789 2888 837 2943 δ’
874 2886 1215 2960 ἡττωμένοις
1235 2887 1281 2920 ⁸⁸
1334 2886 1571 2958 οὐδαμοῦ
1632 2887 1853 2941 πώποτε

264 2982 488 3036 ἔλαττον
511 2982 557 3013 ⁸⁸
578 2981 816 3052 ἔνειμεν,
852 2979 1077 3051 αἰσχρὸν
1103 2975 1261 3051 οἶμαι
1289 2977 1588 3050 νομίζουσα
1611 2979 1722 3033 τῶν
1756 2979 1855 3050 μὲν

261 3074 492 3129 οἰκετῶν
520 3073 580 3127 οὐ
596 3074 727 3137 τοὺς
759 3071 1207 3143 εὐπορωτάτους,
1242 3070 1379 3125 ἀλλὰ
1434 3071 1562 3134 τοὺς
1593 3070 1853 3125 πιστοτά-

260 3183 391 3231 τους
415 3164 724 3236 βελτίστους
758 3164 1025 3234 νομίζειν,
1054 3163 1164 3217 τῶν
1189 3163 1246 3217 δὲ
1276 3163 1583 3235 ἐλευθέρων
1615 3162 1853 3233 φασκόν-

264 3275 376 3311 των
405 3254 544 3312 εῐναι
574 3257 675 3327 τὴν
736 3257 896 3322 ἀξίαν
951 3256 1186 3329 ὡρίσθαι
1233 3257 1538 3328 χρήμασιν,
1594 3254 1732 3309 ἀλλὰ
1779 3254 1855 3327 μὴ

265 3351 450 3415 ὁποῖός
482 3367 566 3415 τις
620 3349 688 3404 ἂν
763 3349 927 3414 αὐτὸς
949 3350 994 3382 ⁸ο
1031 3349 1260 3412 ἕκαστος
1292 3343 1349 3422 ᾗ,
1397 3347 1639 3403 τοιοῦτον
1694 3347 1791 3401 καὶ
1811 3349 1852 3379 ⁸⁸

265 3442 605 3514 νομίζεσθαι.
640 3444 800 3514 Ἐμοὶ
831 3444 877 3475 θ’
913 3442 1011 3513 μὲν
1041 3441 1165 3495 οὐδὲ
1188 3440 1477 3496 πένταθλοι
1506 3439 1755 3495 δοκοῦσιν
1807 3441 1855 3494 oi

266 3538 446 3593 πάντα
473 3535 733 3600 νικῶντες
756 3534 1010 3589 τοσοῦτον
1031 3538 1145 3599 τοῖς
1174 3536 1310 3589 πᾶσι
1339 3537 1584 3606 κρατεῖν.

339 3626 582 3716 [667,ΙΙ.]
605 3627 940 3717 [Πράγματα
954 3628 1075 3662 ⁸³’θδ
1094 3625 1244 3717 εἶπεν
1267 3628 1389 3682 ἀντὶ
1405 3627 1721 3709 προσώπουο
1743 3627 1859 3717 δέον

270 3700 384 3769 7&9
438 3702 611 3753 εἰπεῖν
646 3702 702 3753 οἱ
765 3700 910 3765 τοὺς
958 3700 1333 3762 πεντάθλους
1398 3700 1705 3765 νικῶντες,
1746 3701 1774 3753 ό
1803 3700 1859 3754 δὲ

268 3767 426 3824 εἶπεν
465 3773 513 3823 ot
557 3769 868 3835 πένταθλοι,
924 3769 1044 3824 ἀντὶ
1070 3771 1114 3801 ⁸⁵
1157 3768 1251 3822 τοῦ
1295 3766 1459 3833 ἆθλος
1511 3769 1652 3838 ἔχων
1696 3771 1861 3823 πέντε

268 3840 629 3926 ἀγωνίσματα
662 3840 733 3926 ⁸⁸,
774 3841 970 3926 πάλην,
1014 3840 1225 3926 δρόμον
1247 3879 1274 3926 ,’
1311 3840 1591 3926 ἀκόντιον,
1653 3838 1858 3926 δίσκον,

270 3909 633 3979 παγκράτιον,
704 3910 738 3981 ἢ
790 3909 914 3964 ἀντί
948 3909 1135 3964 τοῦοί
1170 3916 1210 3962 ε’
1252 3910 1668 3979 ἀγωνιζόμενοι,
1731 3909 1765 3980 ἢ
1800 3910 1851 3963 οῖ

268 3985 330 4035 ὲν
372 3985 484 4045 τοῖς
524 3984 685 4036 πέντε
738 3982 1086 4051 ἁγωνίσμασι
1133 3981 1414 4043 νικῶντες.
1441 3981 1576 4051 ,Οὐχ
1598 3980 1693 4051 ὅτι,
1727 3980 1784 4032 δὲ
1811 3983 1859 4034 οἱ

270 4052 564 4105 πένταθλοι
592 4052 769 4104 πάντα
790 4049 1015 4105 νικῶσιν
1041 4068 1054 4081 ·
1079 4052 1241 4123 ἀρκεῖ
1258 4052 1367 4121 γὰρ
1392 4050 1576 4113 αὐτοῖς
1605 4049 1731 4174 expia
1754 4050 1863 4106 τῶν

270 4124 434 4174 πέντε
482 4123 615 4174 ποὺς
656 4121 831 4174 νίκην.
865 4121 1097 4174 Λέγεται
1142 4122 1200 4174 δὲ
1230 4121 1459 4174 Πηλεὺς.
1498 4121 1587 4173 ὅτε
1646 4138 1687 4174 ν
1725 4121 1862 4174 μετὰ

270 4124 434 4175 πέντε
482 4123 615 4192 πρὸς
656 4121 831 4190 νίκην.
865 4121 1097 4192 Λέγεται
1120 4121 1200 4174 ἠδὲ
1230 4121 1459 4192 Πηλεὺς,
1498 4121 1687 4192 ὅτεᾲῆν
1723 4121 1862 4191 μετὰ

270 4192 381 4246 τῶν
395 4190 785 4263 Ἀργωναυτῶν
801 4191 942 4263 ⁶ζ·⁶⁸,
972 4190 1161 4263 τοῦτον
1188 4190 1359 4245 θεῖναι
1375 4190 1468 4244 τὸν
1494 4190 1685 4263 ἀγῶνα
1713 4190 1864 4261 πρῶ-

271 4280 365 4326 τος
390 4279 402 4293 ⁸
430 4257 515 4315 τε
540 4264 596 4316 δὲ
629 4257 958 4333 πέντείᾶσλα
994 4258 1063 4333 ἦν
1097 4262 1133 4316 ἃ.
1160 4263 1505 4333 προείρηται.
1539 4257 1601 4316 Οἱ
1636 4261 1693 4316 δὲ
1741 4257 1864 4317 ἀντὶ

270 4334 366 4387 τοῦ
394 4334 735 4403 παγκρατίου
763 4332 825 4384 τὸ
854 4332 1000 4403 ἅλμα
1021 4332 1477 4406 συναριθμοῦσι]

345 4426 454 4479 Καὶ
474 4424 557 4489 τίς
579 4423 772 4494 δήμων
810 4422 975 4476 αὐτοῦ
1008 4423 1052 4455 ⁸⁸
1090 4423 1346 4494 ὀξύτερος
1375 4424 1473 4477 καὶ
1517 4425 1860 4496 πραότερος;

271 4516 308 4590 ἢ
327 4517 473 4581 τίνες
498 4514 821 4589 δημαγωγοὶ
851 4516 1053 4587 μᾶλλον
1075 4516 1215 4581 ἄξιοι
1243 4516 1522 4587 θαυμάσαι
1540 4532 1556 4583 ;
1577 4516 1741 4589 [1256
1769 4516 1859 4588 IL]

283 4609 469 4663 Ἀετόν
507 4611 552 4641 ⁷⁰
593 4627 648 4663 τε
697 4614 754 4665 ὲν
784 4610 1034 4679 νεφέλαις
1076 4610 1249 4679 αὐτὴν
1294 4611 1322 4662 ό
1367 4607 1489 4673 θεὸς
1536 4608 1692 4662 καλεῖ
1724 4608 1862 4679 πρὸς

269 4700 343 4754 τὰ
377 4699 512 4754 ἄλλα
560 4700 892 4772 πολίσματα.
930 4701 1084 4769 Μόνη
1128 4698 1195 4762 δ’,
1225 4696 1301 4761 ὣς
1345 4696 1512 4761 ἔοικε,
1546 4697 1719 4769 ταύτῃ
1760 4698 1861 4751 πόλ-

269 4792 411 4844 λεων
439 4792 532 4846 δύο
577 4792 838 4846 τάναντία
883 4790 1200 4860 συμϐέὸηκε
1223 4801 1240 4819 ⁸
1276 4789 1505 4843 πλεῖστά
1544 4806 1603 4843 τε
1632 4790 1740 4859 γὰρ
1768 4789 1865 4842 καὶ

272 4884 537 4937 κάλλιστα
564 4883 872 4955 ἀνθρώποις
896 4885 938 4915 ⁷⁸
966 4884 1183 4953 εἴρηται
1226 4883 1355 4952 περὶ
1380 4880 1607 4950 ταύτης,
1635 4880 1731 4932 καὶ
1763 4880 1863 4933 οὐκ

274 4974 423 5029 ἔστιν
454 4978 577 5048 ητις
611 4977 914 5031 ἐλαττόνων
980 4974 1272 5046 τετύχηκε.
1315 4974 1430 5044 Πρὸ
1470 4974 1568 5043 μὲν
1609 4972 1719 5044 γὰρ
1752 4971 1863 5026 τῶν

271 5069 454 5126 ἄλλων
480 5069 877 5142 τεθαύμασται,
925 5068 1074 5134 ἄξιον
1106 5068 1153 5121 δ’
1180 5065 1351 5137 αὐτῆς
1380 5067 1426 5097 τ’
1453 5065 1606 5121 οὐδὲν
1634 5066 1861 5136 ἢκουσε.

1961 1969 2185 2026 tentiam
2241 1982 2552 2041 spectemus
2596 1988 2610 2026 :
2662 1974 2975 2043 quicunque
3014 1974 3203 2029 eodem
3237 1976 3547 2045 reipublicae

1959 2077 2160 2135 genere
2207 2064 2291 2120 usi
2342 2074 2490 2130 sunt,
2539 2066 2575 2121 ii
2634 2075 2692 2121 ut
2738 2067 3063 2137 cupiditates
3120 2082 3247 2123 suas
3298 2082 3364 2123 ac
3413 2067 3545 2123 libi-

1960 2156 2117 2211 dines
2170 2156 2333 2213 citius
2378 2167 2544 2225 atque
2570 2158 2862 2214 violentius
2916 2167 3301 2224 exercuerunt,
3354 2159 3426 2215 ita
3460 2159 3547 2216 di-

1959 2246 2164 2317 gnitate
2214 2257 2269 2302 et
2313 2247 2602 2317 splendore
2661 2249 3085 2306 Atheniensibus
3138 2250 3298 2319 longe
3360 2266 3546 2308 cesse-

1962 2348 2110 2395 runt.
2162 2339 2301 2406 Quin
2351 2348 2409 2395 et
2440 2340 2613 2410 prima
2650 2341 2868 2396 divitias
2915 2357 3015 2397 nec
3037 2349 3229 2398 secuta
3264 2352 3350 2399 est
3392 2344 3542 2408 urbs,

1960 2444 2062 2486 nec
2120 2431 2412 2498 admirata,
2470 2448 2591 2487 cum
2652 2446 2828 2503 neque
2876 2432 3102 2489 ditiores
3153 2450 3393 2504 unquam
3450 2448 3546 2491 ex-

1964 2522 2165 2587 tulerit,
2220 2523 2349 2578 illud
2407 2522 2540 2594 ipsis
2592 2525 2753 2581 modo
2806 2526 3013 2592 deberi,
3058 2534 3116 2580 ut
3141 2526 3275 2580 nihil
3304 2526 3376 2582 ob
3422 2541 3545 2581 eam

1962 2631 2074 2672 rem
2120 2626 2436 2688 paterentur
2485 2618 2841 2686 incommodi,
2888 2629 3042 2675 rata:
3079 2635 3255 2689 neque
3312 2636 3408 2676 eos
3450 2622 3542 2693 qui

1962 2711 2162 2767 virtute
2221 2720 2565 2781 praestarent,
2617 2711 2744 2767 licet
2776 2712 2968 2781 opibus
3008 2712 3295 2770 inferiores
3332 2726 3543 2780 essent,

1964 2801 2192 2857 minoris
2226 2817 2463 2871 unquam
2520 2800 2731 2857 fecerit.
2786 2800 2988 2873 5.09:1
3023 2800 3369 2856 Existimavit
3397 2803 3544 2859 enim

1964 2904 2119 2963 turpe
2166 2894 2306 2960 fore,
2358 2894 2405 2948 si
2462 2907 2748 2948 servorum
2810 2910 2915 2948 nou
2969 2894 3388 2964 opulentissimi,
3449 2896 3546 2951 sed

1964 2987 2284 3053 fidelissimi,
2339 2988 2539 3060 quique
2586 2988 2801 3044 caeteris
2857 2986 3108 3043 meliores
3165 2999 3543 3055 censerentur,

1964 3080 2259 3136 liberorum
2306 3079 2585 3135 hominum
2640 3078 2876 3149 dignitas
2938 3079 3152 3150 opibus,
3210 3095 3318 3134 non
3362 3079 3544 3150 quali-

1967 3185 2074 3230 tate
2108 3175 2372 3244 cujusque
2401 3172 2791 3229 :estimaretur.
2838 3172 2934 3227 Siu
2985 3182 3107 3228 erat
3142 3172 3350 3228 viribus
3384 3188 3543 3243 opus,

1963 3277 2121 3319 nemo
2182 3277 2307 3319 cum
2372 3261 2478 3318 illis
2527 3269 2646 3316 erat
2690 3259 3201 3330 conferendus,'qui
3247 3260 3547 3333 pleniorem

1960 3357 2152 3427 quovis
2206 3353 2488 3426 mntatblo
2533 3353 2817 3410 victoriam
2874 3353 3164 3411 referrent.

2030 3620 2188 3693 [ttem
2243 3616 2511 3693 d_icit_pr_o
2557 3630 2833 3693 persona:
2883 3622 3097 3693 oportet
3146 3615 3289 3693 enim
3314 3613 3538 3693 dicere:

1961 3684 2217 3746 vin-centes
2251 3684 2576 3742 Pentlialos.’
2596 3687 2702 3742 Sed
2750 3687 2864 3754 ipse
2919 3686 3072 3751 dicit,
3108 3684 3347 3753 pentltali
3376 3686 3542 3753 lucta,

1960 3776 2147 3827 cursu,
2198 3758 2401 3828 jaculo,
2462 3758 2640 3823 disco,
2708 3758 3013 3826 pancratio,
3074 3756 3160 3811 vel
3220 3770 3318 3824 pro
3368 3757 3452 3828 his
3488 3757 3541 3810 iu

1960 3825 2209 3901 quinque
2256 3838 2554 3901 certantes,
2617 3825 2801 3901 veliu
2858 3828 3102 3901 quinque
3142 3825 3547 3901 certaminibus

1962 3897 2265 3956 vincentes.
2320 3898 2438 3953 Non
2492 3898 2635 3966 quod
2694 3897 2957 3965 pentatltli
3008 3897 3189 3951 omnia
3241 3897 3544 3966 vincerent,

1962 3971 2239 4030 Sufficiunt
2307 3970 2452 4022 enim
2506 3964 2614 4023 illis
2672 3964 2773 4020 tria
2829 3967 2897 4021 ad
2952 3967 3261 4020 victoriam.
3334 3964 3547 4020 Dicitur

1961 4056 2092 4096 vero
2154 4039 2366 4105 Peleus,
2435 4054 2558 4091 cum
2615 4048 2761 4091 esset
2818 4051 2941 4092 cum
3000 4036 3357 4105 Argonautis,
3422 4038 3541 4104 pri-

1962 4127 2113 4167 mum
2176 4120 2457 4165 certamen
2520 4108 2844 4164 instituisse.
2897 4105 3151 4173 Quinque
3180 4120 3313 4161 vero
3368 4114 3549 4160 certa-

1965 4185 2109 4237 tnina
2155 4189 2313 4235 erant
2356 4193 2477 4249 qum
2531 4178 2789 4249 praedicta
2831 4185 2990 4249 sunt:
3033 4175 3256 4246 quidam
3283 4190 3411 4233 vero
3447 4190 3547 4245 pro

1962 4250 2250 4325 pancratio
2288 4246 2579 4305 numerant
2619 4246 2868 4319 saltum.]

2035 4412 2169 4481 Quis
2232 4410 2460 4483 populus
2512 4409 2616 4465 hoc
2653 4407 2865 4463 acutior
2922 4404 3245 4476 reperiatur,
3291 4414 3348 4460 et
3395 4418 3552 4458 man-

1968 4508 2196 4572 suetior,
2227 4514 2321 4560 aut
2354 4504 2444 4573 qui
2486 4501 2816 4557 celebriores
2865 4498 3157 4556 oratores?
3187 4497 3373 4564 Quid?
3405 4496 3551 4565 quod

1897 4574 2204 4668 Daquilam
2261 4599 2313 4652 in
2389 4594 2625 4650 nubibus
2692 4601 2851 4647 vocat
2924 4605 3045 4646 eam
3104 4590 3260 4655 deus,
3320 4587 3549 4642 aliarum

1965 4693 2243 4748 civitatum
2272 4686 2695 4756 comparatione.
2742 4682 2882 4739 Huic
2920 4683 3066 4737 enim
3122 4681 3222 4737 soli
3257 4679 3377 4735 urbi
3440 4681 3551 4734 duo

1965 4781 2237 4838 contraria
2283 4786 2605 4835 evenerunt.
2657 4776 2812 4844 Quod
2874 4790 2997 4830 cum
3037 4772 3270 4845 plurima
3320 4771 3391 4826 de
3431 4770 3550 4841 ipsa

1965 4888 2020 4933 et
2068 4874 2484 4947 praeclarissima
2545 4871 2795 4928 homines
2852 4869 3109 4936 dixerint,
3158 4867 3415 4924 minimas
3465 4876 3551 4923 ta-

1966 4985 2089 5025 men
2126 4967 2368 5024 omnium
2404 4965 2591 5021 laudes
2621 4962 2724 5018 fuit
2766 4970 3078 5017 consecuta.
3116 4959 3189 5016 Ut
3216 4960 3363 5015 enim
3406 4974 3550 5031 prae-

1971 5074 2050 5119 ter
2095 5070 2322 5116 caeteras
2377 5056 2725 5113 admirationi
2778 5055 2899 5122 fuit,
2942 5054 3015 5110 ita
3056 5053 3192 5108 nihil
3235 5053 3302 5108 de
3345 5066 3406 5110 se
3452 5067 3551 5123 pro

1587 5206 1629 5255 V
1641 5204 1826 5262 ARIIE
1870 5198 2274 5260 LECTIONES.

348 5308 396 5340 ⁸⁸
426 5304 772 5377 καταφυγῆς]
824 5304 1173 5377 κατασκευῆς

274 5467 389 5512 νοις
410 5449 477 5503 Α.

1386 5302 1430 5336 ⁸⁸
1468 5299 1655 5387 φησιν]
1676 5298 1985 5387 fessae:
2089 5298 2137 5327 "
2164 5298 2354 5387 εέςτξ

276 5388 447 5480 εξιῖλ
487 5358 955 5480 “issine:
1675 5358 1857 5480 2.1.x:
1888 5367 2207 5480 ,ῖιςίοειπεηι
2226 5365 2526 5480 ξῇῖῇςξξυ·
2551 5364 2616 5464 λι
2643 5358 3077 5480 esse???
3092 5358 3258 5463 ea".

578 5448 598 5479 ’
628 5436 871 5518 ἔλαττον]
896 5446 970 5518 τὸΔ
983 5446 1221 5518 ἔλαττον.
1273 5436 1343 5481 ’⁸⁸
1373 5443 1543 5518 αὐτὸς⁸
1562 5436 1600 5495 Ᾱ
1626 5439 1854 5518 χαύτῶν
1888 5436 1954 5518 ςίἶ
2025 5437 2198 5518 “fuit
2224 5436 2357 5518 add.

2089 5296 2137 5327 η
2164 5296 2335 5359 είς-
2369 5290 2714 5347 ἀποτείνεται
2749 5303 2857 5343 om.
2897 5288 2961 5343 A.
3039 5286 3088 5319 ⁸³
3108 5286 3158 5341 εί
3191 5283 3325 5388 γὰρ]
3356 5299 3411 5354 p.
3445 5284 3556 5342 538

2089 5365 2397 5407 mn‘m‘m‘nc
2417 5380 2525 5407 nm-
2555 5364 2616 5407 Δ-
2692 5362 2737 5393 ⁵⁷
2758 5358 3161 5407 ἀωείλεσθαιΔ.
3236 5358 3258 5388 ⁸
3317 5354 3556 5407 ἡττημέ-

2568 5364 2616 5415 λ.
2692 5362 2737 5393 ⁵⁷
2758 5358 3161 5430 ἀφείλεσθαιΔ.
3236 5358 3285 5388 ⁸⁸
3317 5358 3556 5426 ἡττημέ-

2568 5433 2614 5464 ⁶¹
2643 5430 2787 5503 ἐμοὶ]
2822 5447 2874 5500 p.
2905 5431 3030 5485 5M.
3093 5427 3228 5503 f‘f‘
3247 5428 3554 5503 πράγματα

274 5497 919 5603 λξσυιναριθμούσινήοῦιὶξ
1048 5497 1357 5603 πράγματα.
1376 5544 1461 5593 -υ
1477 5497 1761 5603 πένταθλοι
1786 5497 2009 5603 omit.
2056 5508 2193 5603 :5'“
2212 5497 2920 5603 ἀντἰἹ-ῖόέγωὲίξματξζὲἀά.
2939 5497 3557 5603 ἑ.ιυέ⁷3ῗ”ᾄίὶρξΐγαχτ

274 5590 389 5643 τῶν
413 5591 457 5644 Α
503 5587 522 5643 Ξ
581 5587 819 5660 ἆργείων
853 5587 1034 5641 αὐτῶν
1058 5587 1117 5653 ςί.

278 5662 328 5694 ⁷³
357 5662 528 5731 αὐτῆς
556 5676 667 5717 om.
690 5660 757 5714 Α.

1230 5587 1275 5620 ⁶⁹
1298 5583 1464 5641 αὐτοῦ
1498 5585 1537 5636 Β
1561 5594 1614 5640 et
1643 5597 1785 5638 corr.
1838 5582 1883 5634 A
1908 5598 1921 5631 :
1951 5578 2116 5647 αὐτὸς
2145 5601 2202 5647 ς,

2336 5578 2383 5611 ⁷ο
2421 5565 2683 5648 ἁέτόνΠ).
2716 5573 2841 5629 542.
2939 5573 2986 5607 ⁷⁸
3014 5565 3324 5644 ἀνθρώποις
3348 5579 3457 5623 om.
3485 5565 3557 5619 Α.

1828 5739 2065 5798 ΝΟΤᾸΕ.

352 5867 468 5940 (79)
497 5866 716 5926 llomer.
753 5865 917 5921 Iiiud.
