4104 6396
605 354 737 419 ῙΑΒῚ

1764 349 2025 409 PHOTII
2064 350 2571 411 PATRIARCH/E
2610 352 2721 415 οι).
2812 310 2815 313 ’

3736 362 3869 423 14ῗὸ

604 473 872 545 dignitate
898 472 1004 527 dici
1037 469 1265 525 audivit.
1323 468 1508 536 Itaque
1562 480 1684 522 cum
1737 473 1967 523 mlrarer
1995 468 2170 524 audire

2290 469 2559 541 Πρότερον
2592 471 2690 539 μὲν
2725 467 2819 525 οὖν
2864 472 3089 545 ἠγάμην
3134 474 3348 529 ἀκούων
3378 476 3423 507 ⁷³
3442 476 3500 527 τὸ
3532 476 3635 542 τῆς
3678 481 3873 545 σοφίας

604 582 690 621 me
738 564 1016 635 sapientia:
1068 564 1296 623 curiam,
1319 559 1619 616 etGraaciae
1647 560 1813 614 larem
1868 570 2028 629 atque
2083 575 2183 616 co-

603 661 805 721 lumen,
837 666 893 712 et
936 656 1153 721 similia,
1182 669 1303 724 qua:
1342 653 1409 707 de
1453 655 1584 707 urbe
1631 652 1986 720 canebantur,
2042 667 2185 708 nunc

603 750 735 807 mihi
776 765 840 804 ea
887 750 1097 803 minora
1155 748 1413 802 videntur
1460 748 1664 801 omnia.
1718 746 1855 813 Quin
1894 746 1937 800 si
1982 748 2183 802 civitas

603 842 707 896 ulla
777 843 1002 896 deorum
1062 840 1311 894 ministra
1373 850 1428 894 et
1480 850 1729 907 cognata,
1788 837 1872 893 vel
1933 838 2183 892 humanae

602 945 810 989 natura;
859 934 1210 989 simulacrum
1254 934 1433 987 vocari
1484 932 1664 994 debet,
1712 932 1828 989 haec
1859 931 1910 985 id
1949 931 2182 986 nominis

598 1026 723 1093 jure
772 1026 1057 1080 obtinebit.
1104 1028 1251 1091 Quas
1289 1025 1358 1077 oh
1412 1039 1521 1087 res,
1571 1039 1604 1077 ο
1634 1022 1832 1087 Graeci,
1896 1038 1995 1077 nec
2049 1023 2183 1077 invi-

602 1118 735 1171 dere
802 1115 1010 1171 debetis
1084 1117 1227 1180 urbi,
1290 1129 1391 1168 nec
1454 1116 1762 1169 verecunde
1830 1117 2023 1169 cedere
2084 1129 2179 1182 po-

605 1210 735 1274 tius,
796 1222 959 1277 quam
1007 1222 1126 1262 eam
1180 1206 1428 1260 certatim
1478 1221 1575 1275 pro
1627 1206 1834 1260 viribus
1887 1205 2175 1260 extollere.

600 1299 735 1355 Nam
775 1300 819 1356 si
855 1299 1210 1355 Athenienses
1242 1298 1440 1353 fuerint
1470 1300 1797 1363 superiores.
1852 1299 1958 1353 erit
2002 1309 2179 1354 vestra

601 1392 850 1445 victoria.
909 1390 1118 1443 Etenim
1187 1403 1313 1442 cum
1374 1404 1565 1443 omnes
1635 1390 1823 1457 optimi
1888 1404 2010 1444 esse
2075 1404 2176 1443 ne-

605 1492 835 1552 queunt,
892 1492 1002 1535 tum
1055 1490 1115 1535 ut
1146 1496 1213 1535 ex
1245 1482 1400 1536 ducis
1448 1481 1757 1551 praestantia
1812 1481 2025 1535 laudem
2082 1496 2179 1535 ea-

598 1576 679 1642 pit
728 1574 943 1638 civitas,
988 1574 1061 1627 ita
1112 1574 1156 1628 si
1199 1572 1453 1644 princeps
1484 1573 1614 1627 urbs
1662 1574 1924 1628 honorem
1969 1573 2168 1627 sortia-

600 1678 689 1721 tur
739 1682 797 1721 se
863 1668 1109 1737 dignum,
1180 1669 1225 1721 is
1276 1676 1500 1723 ornatus
1556 1668 1624 1721 ad
1675 1681 1866 1720 omnes
1922 1668 2176 1734 pertinet.

598 1757 1059 1824 Quemadmodum
1102 1758 1265 1827 igitur
1306 1758 1666 1812 Athenienses
1722 1756 1821 1825 ipsi
1876 1772 1983 1812 non
2034 1772 2177 1828 κει-ε

599 1848 845 1915 tulerint,
886 1851 930 1905 si
960 1852 1083 1920 quis
1139 1851 1377 1920 ipsorum
1430 1865 1611 1904 arcem
1651 1850 1909 1904 celebret.

666 2027 816 2102 [Pro,
854 2028 1273 2102 pulcherrimam
1298 2038 1349 2081 et
1373 2024 1847 2102 honoratissimum
1874 2025 2051 2080 omnis
2083 2028 2179 2079 At-

600 2097 739 2163 ticae,
782 2102 824 2154 si
853 2097 976 2169 quis
1005 2101 1149 2153 dicat
1189 2097 1423 2170 arcem]

666 2191 743 2246 lta
796 2207 889 2246 vos
948 2205 1164 2261 quoque
1224 2194 1412 2245 urbem
1456 2206 1553 2259 pro
1595 2205 1723 2245 arce
1776 2191 2035 2260 quadam,
2092 2186 2175 2241 vel

605 2284 816 2354 lastigio
855 2283 1076 2340 Graeciaa
1102 2300 1165 2339 ac
1203 2285 1472 2339 sociorum
1511 2282 1795 2348 habentes,
1831 2282 2011 2337 verbis
2054 2296 2173 2333 eam

594 2376 829 2431 etlactis
856 2392 1074 2443 ornare,
1111 2376 1293 2445 itaque
1332 2376 1541 2429 laudem
1578 2375 2018 2439 communicare,
2076 2387 2176 2427 nec

593 2483 657 2525 ea
711 2483 809 2523 vos
876 2468 1078 2537 privari
1126 2469 1438 2523 existimare
1488 2468 1663 2521 decet.
1736 2464 1863 2520 lizec
1930 2467 2092 2536 igitur
2144 2480 2174 2519 a

594 2558 750 2613 nobis
783 2559 957 2613 oratio
1000 2560 1137 2628 pepli
1179 2560 1353 2615 instar
1396 2559 1460 2613 ad
1485 2568 1735 2613 ornatum
1778 2572 1985 2626 pompas
2032 2554 2173 2609 Pan-

594 2650 895 2704 athenaicm
950 2650 1196 2705 conlecta
1256 2654 1350 2717 sit,
1401 2667 1520 2721 quae
1569 2661 1628 2705 ut
1680 2651 1910 2719 gratiam
1968 2664 2197 2729 meres:

596 2752 705 2806 tur,
763 2742 959 2797 elliciet
1016 2744 1203 2799 eadem
1256 2742 1355 2797 dea
1400 2752 1455 2797 et
1487 2742 1573 2798 cui
1630 2741 1809 2798 oratio
1853 2752 1937 2796 est
1962 2749 2017 2795 et
2045 2740 2175 2795 urbs

596 2841 940 2888 consecrata.

1191 2958 1496 3016 CCXLV".

595 3082 679 3137 Ex
731 3085 966 3153 ejusdem
1016 3085 1264 3137 Aristidis
1323 3083 1408 3137 IV
1469 3083 1808 3153 Orationibus
1864 3100 1958 3152 pro
1995 3084 2171 3137 rheto-

716 3152 830 3207 rica
867 3157 1117 3209 adversus
1150 3155 1388 3208 Platonis
1424 3152 2034 3223 Gorgiam—Excerpla.

662 3258 859 3331 4οθὸ
896 3258 1075 3313 Lecta:
1108 3271 1234 3313 sunt
1282 3261 1520 3329 ejusdem
1554 3260 1629 3314 De
1664 3260 1918 3313 rhetorica
1956 3259 2168 3313 Oratio-

596 3369 684 3405 nes
735 3354 982 3406 adversus
1036 3351 1346 3415 Platonem,
1378 3353 1749 3407 necessitatem
1789 3351 1960 3405 eidem
2012 3351 2169 3420 hujus

591 3445 957 3499 ostendentes.

662 3535 928 3590 Existimo
964 3536 1213 3606 equidem
1247 3550 1393 3600 eum,
1427 3534 1517 3604 qui
1568 3532 1648 3588 vel
1692 3543 1843 3589 recte
1894 3533 2164 3598 dicturus,

591 3624 673 3680 vel
738 3642 952 3696 aequum
1004 3630 1074 3681 sit
1130 3626 1449 3697 sulfragium
1512 3626 1749 3690 laturus,
1800 3626 1985 3679 nonid
2041 3642 2166 3698 spe-

590 3726 741 3771 ctare
789 3719 1011 3781 debere,
1054 3734 1156 3774 nec
1194 3720 1452 3782 invidere,
1490 3719 1534 3772 si
1594 3732 1755 3786 quem
1804 3720 2049 3787 priorum
2099 3732 2165 3772 ac

589 3807 891 3862 celebrium
949 3809 1211 3872 virorum,
1258 3808 1418 3863 aliter
1478 3806 1666 3861 eadem
1727 3808 1792 3862 de
1839 3822 1896 3861 re
1961 3806 2167 3861 dixisse

589 3900 885 3969 contingat,
954 3900 1049 3955 sed
1117 3900 1272 3967 cujus
1344 3899 1542 3968 ubique
1592 3898 1883 3952 maximam
1952 3905 2166 3965 oportet

589 3991 775 4045 haberi
809 3991 1094 4055 rationem,
1122 3990 1251 4046 huic
1282 4006 1494 4060 quoque
1537 3990 1605 4044 ab
1677 4001 1795 4042 utra
1851 3999 2003 4055 parte
2033 4004 2164 4043 con-

585 4084 732 4137 sistit
782 4084 1003 4150 veritas,
1065 4084 1364 4151 inquirere,
1414 4092 1577 4151 atque
1610 4096 1673 4135 eo
1720 4081 2003 4135 victoriam
2069 4082 2164 4136 de-

586 4172 751 4228 ferre.
806 4173 1021 4227 Etenim
1086 4172 1224 4227 foret
1281 4172 1595 4237 absurdum,
1628 4173 1670 4226 si
1718 4173 1769 4224 in
1814 4171 2163 4225 concionibus

584 4274 641 4319 et
675 4263 919 4330 judiciis,
974 4280 1077 4319 non
1106 4264 1153 4317 ei
1187 4264 1276 4333 qui
1310 4264 1545 4331 primum
1613 4262 1843 4315 dixisset
1903 4261 2034 4316 ﬁdes
2068 4262 2163 4316 ha-

583 4362 824 4425 beretur,
858 4375 1043 4415 verum
1077 4361 1245 4429 probe
1273 4361 1475 4415 scirent
1507 4373 1698 4413 omnes
1730 4356 1844 4411 fore
1895 4366 1953 4409 ut
1982 4360 2027 4411 si
2062 4359 2159 4412 hac

2196 3168 2244 3231 ο

2288 565 2614 633 πρυτανεῖον
2639 565 2733 617 καὶ
2753 566 2852 636 τὴν
2879 566 2979 634 τῆς
3022 567 3266 631 Ἑλλάδος
3305 568 3487 620 ἐστίαν
3513 570 3605 622 καὶ
3642 570 3704 621 τὸ
3730 571 3874 638 ἐρει-

2288 671 2422 726 σμα,
2454 658 2547 709 καὶ
2591 657 2691 711 ὅσα
2729 658 2955 713 τοιαῦτα
3000 662 3079 723 είς
3106 662 3204 731 τὴν
3243 662 3394 713 πόλιν
3426 662 3582 733 ᾔδετο
3608 680 3621 691 ·
3672 664 3769 716 νῦν
3815 665 3871 717 δέ

2289 763 2380 817 μοι
2411 747 2560 800 δοκεί
2602 748 2776 801 ταῦτα
2804 751 2982 802 πάντα
3027 751 3157 803 εἵσω
3193 750 3429 805 πίπτειν.
3479 752 3621 804 Ἀλλ’
3657 754 3711 805 εῖ
3750 772 3871 807 τινα

2285 836 2391 909 χρὴ
2423 838 2577 892 πόλιν
2607 838 2745 891 θεῶν
2792 838 3037 909 ὕπαρχον
3068 840 3165 909 ⁷δῆ
3200 840 3434 910 συγγενῆ
3467 845 3809 910 προσειπεῖν,
3836 842 3867 912 ἦ

2284 932 2383 1000 τῆς
2405 930 2619 999 φύσεως
2652 931 2752 1001 τῆς
2790 931 3132 1002 ἀνθρωπείας
3165 933 3349 985 εἰκόνα
3393 933 3489 986 καὶ
3516 934 3665 1004 ὅρον,
3695 935 3777 1004 ἧδ’
3807 937 3869 988 ἀν

2288 1041 2377 1093 μοι
2426 1024 2573 1077 δοκεῖ
2600 1024 2645 1055 ⁷⁸
2668 1022 2890 1086 δικαίως
2943 1024 3229 1094 κληθῆναι.
3283 1026 3422 1079 Ἀνθ’
3461 1020 3560 1091 ὧν,
3592 1021 3638 1079 ὧ
3679 1028 3868 1096 ἄνδρες

2286 1115 2570 1185 Ἕλληνες,
2604 1116 2729 1169 οὔτε
2755 1115 2948 1184 φθόνον
2979 1114 3126 1173 είκὲῖς
3154 1116 3297 1186 ἔχειν
3321 1120 3387 1187 τῇ
3420 1118 3572 1170 πόλει
3599 1116 3713 1170 οὗθ’
3735 1119 3863 1171 ὑπο-

2284 1208 2595 1279 χωροῦντας
2618 1209 2985 1281 αίσχύνεσθαι,
3018 1208 3156 1261 ἀλλά
3179 1210 3462 1273 συναύξειν
3494 1211 3557 1261 ἐκ
3586 1210 3696 1263 τῶν
3723 1210 3861 1263 ἐνόν-

2282 1319 2390 1354 των
2418 1303 2512 1355 κα“ι
2537 1301 2955 1371 φιλοτιμεῖσθαι.
2978 1301 3099 1353 Τῶν
3118 1301 3227 1372 γάρ
3254 1302 3555 1372 Ἀθηναίων
3586 1302 3860 1355 νικώντων

2282 1395 2415 1464 παρ’
2454 1394 2580 1463 ὑμῖν
2611 1395 2659 1426 ⁷⁸
2689 1395 2807 1446 ἐστι
2835 1396 2896 1446 τὸ
2923 1395 3098 1464 νικᾷν.
3133 1394 3342 1456 Πάντας
3386 1395 3485 1463 μὲν
3515 1394 3625 1463 γὰρ
3652 1395 3864 1446 πάντων

2281 1483 2347 1538 ἂν
2373 1480 2513 1538 εἶναι
2542 1486 2801 1556 ἀρίστους
2830 1485 3091 1538 ἀδύνατον
3118 1504 3131 1516 ο
3166 1483 3354 1554 ὥσπερ
3385 1484 3440 1536 δὲ
3466 1485 3594 1536 ὅταν
3632 1501 3864 1553 στρατη-

2280 1576 2374 1645 γὸς
2408 1577 2635 1648 προέχῃ,
2686 1577 2902 1647 μετέχει
2932 1578 3030 1647 τῆς
3081 1576 3237 1647 δόξης
3273 1578 3306 1648 ή
3356 1578 3532 1639 πόλις,
3587 1574 3734 1629 οὕτω
3770 1579 3864 1644 τῆς

2281 1668 2591 1739 ἡγουμένης
2619 1668 2825 1732 πόλεως
2868 1669 2935 1721 τά
2965 1669 3147 1722 εἰκότα
3178 1670 3493 1739 τιμωμένης
3520 1667 3695 1721 ἅπασι
3735 1667 3862 1735 μέτα

2280 1778 2395 1814 εστι
2423 1762 2521 1833 τῆς
2541 1761 2870 1831 φιλοτιμίας.
2895 1756 3063 1831 Οἶμαι
3099 1760 3144 1813 δ’
3190 1761 3299 1814 οὐδ’
3330 1762 3511 1822 αὐτοῖς
3561 1758 3863 1827 Ἀθηναίοις

2281 1852 2468 1923 φέρειν
2497 1852 2782 1923 αίσχύνην,
2804 1852 2867 1905 ἀν
2895 1869 2977 1915 τις
3001 1852 3181 1915 αὐτοῖς
3206 1851 3480 1923 πρεσϐεύῃ
3503 1852 3546 1882 ⁷⁷
3580 1850 3681 1922 τὴν
3704 1851 3863 1921 ἀκρό-

2281 1947 2456 2001 πολιν.

2348 2038 2529 2110 [Ἀντὶ
2567 2039 2614 2071 ⁷⁸
2645 2039 2736 2092 τοῦ
2763 2038 3093 2109 τιμιωτέραν
3127 2040 3221 2092 καὶ
3253 2038 3601 2110 ἐνδοξοτέραν
3634 2039 3736 2109 τῆς
3766 2038 3863 2092 πά-

2280 2127 2380 2181 σης
2422 2110 2674 2179 Ἀττικῆς
2700 2113 2753 2163 ετ
2774 2127 2858 2172 τις
2885 2110 3030 2177 λέγοι
3057 2111 3100 2141 ’⁸
3134 2110 3232 2180 τὴν
3248 2110 3591 2182 ἀκρόπο).ιν.]

2348 2204 2469 2274 Χρὴ
2504 2203 2620 2235 ⁸⁰⁶⁸¹
2648 2204 2829 2256 τοίνυν
2860 2204 2956 2256 καὶ
2980 2204 3123 2272 ὑμᾶς
3152 2202 3340 2273 ὥσπερ
3360 2204 3658 2274 ἀκρόπολίν
3678 2219 3800 2255 τινα
3826 2201 3856 2272 ἢ

2277 2298 2523 2368 κορυφὴν
2547 2298 2875 2368 νομίσαντας
2906 2298 3007 2367 τῆς
3050 2297 3297 2360 Ἑλλάδος
3326 2297 3545 2350 καὶτῶν
3573 2296 3859 2367 ὁμοφύλων

2276 2390 2374 2459 τὴν
2402 2389 2576 2456 πόλιν,
2610 2390 2705 2442 καὶ
2728 2388 2873 2460 ἔργῳ
2899 2390 2993 2441 καὶ
3022 2388 3165 2460 λόγῳ
3189 2392 3431 2458 κοσμεῖν,
3464 2390 3561 2441 καὶ
3616 2389 3859 2458 μετέχειν

2275 2481 2372 2550 τῆς
2401 2480 2583 2549 δόξης.
2604 2480 2719 2533 ἀλλ’
2754 2480 2856 2534 οὐκ
2896 2480 3320 2550 ἀποστερεῖσθαι
3351 2479 3697 2549 νομίζοντας.
3733 2480 3855 2548 Εἵρ-

2275 2589 2472 2640 γασται
2500 2573 2593 2625 καὶ
2610 2574 2742 2641 ἡμῖν
2770 2575 2796 2626 ό
2823 2572 2979 2641 λόγος
2999 2573 3120 2626 ἀντὶ
3141 2570 3235 2624 τοῦ
3254 2572 3460 2624 πέπλου
3491 2572 3697 2641 κόσμος
3717 2572 3858 2624 Hav-

2274 2665 2549 2733 αθηναίων
2595 2668 2660 2734 τῇ
2713 2664 2958 2735 θεωρίαο
2993 2663 3177 2719 δοῦναι
3222 2665 3280 2718 δὲ
3321 2664 3482 2735 χάριν
3542 2666 3644 2735 τῆς
3679 2662 3848 2731 αὐτῆς

2276 2758 2423 2825 θεοῦ,
2454 2754 2637 2831 ἧσπερ
2667 2760 2762 2812 καὶ
2783 2762 2812 2813 ό
2849 2758 3006 2828 λόγος
3030 2759 3127 2813 καὶ
3164 2760 3199 2830 ἡ
3236 2758 3393 2823 πόλις
3413 2760 3482 2813 δ’.

2986 2969 3157 3023 ΣΜΖ’.

2278 3078 2388 3135 Τοῦ
2438 3076 2626 3133 αὐτοῦ
2687 3075 2835 3145 πρὸς
2886 3076 3179 3199 Πλάτωέα
3229 3075 3381 3144 ὑπὲρ
3405 3073 3732 3146 ῥητορικῆς
3757 3078 3858 3130 λό-

2962 3164 3052 3199 φοι
3140 3184 3153 3199 .

2962 3164 3052 3216 rat
3085 3164 3153 3200 0'.

2355 3257 2796 3329 Ἀνεγνὼσθησαν
2812 3258 2906 3311 τοῦ
2938 3258 3103 3311 αὑτοῦ
3134 3258 3179 3289 ⁸³
3209 3258 3361 3326 Πρός
3384 3258 3676 3311 Πλάτωνα
3702 3258 3854 3328 ὑπὲρ

2262 3349 2583 3420 ῥητορικῆς
2604 3352 2772 3419 λόγοι
2804 3350 3121 3419 τέσσαρες,
3162 3350 3259 3420 τὴν
3284 3352 3456 3421 αὐτὴν
3482 3351 3558 3420 τῷ
3591 3367 3854 3422 προειρη-

2274 3444 2419 3513 μένῳ
2444 3443 2805 3512 παρεχόμενοι
2833 3461 2865 3513 χ
2874 3443 3042 3511 ρείαν.

2341 3534 2508 3606 υῐμαι
2538 3538 2582 3567 ⁸⁸
2609 3536 2738 3599 δεῖν,
2774 3536 2922 3598 ὅστις
2960 3535 3143 3604 μέλλει
3171 3534 3239 3587 τὰ
3274 3534 3463 3588 δέοντα
3502 3536 3647 3605 ἐρεῖν
3686 3534 3852 3607 ἥψὴ-

2269 3644 2372 3697 φου
2427 3626 2615 3698 κύριος
2642 3627 2816 3697 ὀρθῶς
2840 3626 3057 3680 ἔσεσθαι
3087 3628 3155 3693 ⁸⁵,
3190 3626 3265 3697 μὴ
3288 3626 3444 3680 τοῦτο
3466 3630 3689 3681 σκοπεῖν
3715 3628 3852 3697 μηδὲ

2270 3717 2602 3788 βασκαίνειν,
2640 3718 2693 3770 εῖ
2720 3735 2827 3771 τινι
2856 3717 2964 3771 τῶν
3002 3718 3266 3789 πρότερον
3304 3720 3399 3772 καὶ
3429 3718 3589 3783 δόξαν
3617 3720 3850 3789 ἐχόντων

2268 3812 2467 3883 ἑτέρως
2494 3812 2746 3882 εἰρῆσθαι
2789 3812 3050 3882 περὶτῶν
3098 3811 3280 3864 αὐτῶν
3316 3812 3685 3881 συμὸέΰηκεν,
3731 3810 3849 3865 ἀλλ’

2266 3897 2327 3957 οὗ
2359 3902 2635 3971 πανταχοῦ
2678 3904 2927 3955 πλεῖστον
2967 3903 3111 3965 εἰκός
3140 3904 3255 3955 ἐστι
3294 3902 3449 3970 λόγον
3481 3900 3642 3968 εἶναι,
3688 3904 3848 3957 τοῦτο

2268 3998 2367 4050 κᾶν
2424 3994 2503 4064 τῷ
2555 3994 2783 4063 παρόντι
2836 3992 3039 4058 ζητεῖν,
3086 3994 3385 4062 όποτέρωθι
3436 3995 3691 4064 τάληθὲς,
3748 3995 3849 4048 καὶ

2262 4087 2420 4141 τοῦτο
2467 4085 2933 4154 συμϐούλεσθαι⁸⁶
2972 4088 3150 4157 νικᾷν.
3204 4087 3437 4138 Ἀτοπον
3489 4088 3597 4157 γὰρ
3642 4088 3702 4139 ἐν
3743 4088 3849 4157 μὲν

2263 4186 2381 4247 ταῖς
2415 4183 2731 4253 ἐκκλησίαις
2762 4181 2835 4252 μὴ
2857 4181 2947 4234 τὸν
2978 4181 3193 4251 πρῶτον
3218 4184 3439 4235 εἰπόντα
3467 4182 3847 4253 πιστεύεσθαι,

2266 4275 2400 4345 μηδὲ
2432 4276 2488 4327 ἐν
2518 4277 2629 4336 τοῖς
2655 4274 3047 4342 δικαστηρίοις,
3079 4274 3215 4327 ἀλλά
3254 4274 3413 4327 τοῦτό
3441 4291 3505 4343 γε
3550 4270 3608 4327 εὖ
3642 4276 3848 4329 εἰδέναι

2264 4369 2489 4429 πάντας,
2521 4367 2603 4418 ὅτι
2634 4366 2682 4417 εί
2703 4366 2876 4436 ταύτῃ
2901 4365 3069 4417 ταῦτα
3107 4365 3448 4436 κριθήσεται,
3477 4366 3585 4418 τῶν
3616 4368 3848 4433 φευγόν-

566 4440 798 4510 ἰδιιιίοηο
851 4453 1285 4521 disceptarentur
1343 4454 1468 4515 ista,
1534 4465 1750 4503 reorum
1813 4447 1991 4503 nullus
2034 4465 2160 4503 eva-

2274 4477 2368 4511 rwv
2393 4459 2566 4521 οὐδεὶς
2595 4455 2959 4524 ἀποφεύξεται
2987 4474 2998 4485 ·
3043 4458 3244 4520 πάντες
3269 4458 3376 4529 γὰρ
3409 4457 3581 4528 δήπου
3608 4458 3655 4489 ⁸⁷
3682 4458 3845 4510 ὕστεο

584 4543 757 4607 deret,
816 4544 1034 4610 quando
1084 4542 1299 4611 quidem
1363 4554 1551 4594 omnes
1598 4549 1720 4610 post
1774 4550 2011 4593 actorem
2072 4539 2158 4593 di-

584 4648 715 4692 cunt
751 4654 765 4690 :
796 4637 849 4690 in
896 4638 1027 4705 ipsis
1059 4648 1238 4690 autem
1278 4636 1489 4698 litteris,
1523 4644 1578 4688 et
1617 4634 1759 4703 quod
1792 4634 1860 4687 de
1888 4634 1954 4689 iis
1998 4648 2156 4687 exer-

583 4732 762 4787 cetur,
809 4723 1016 4791 judicio
1050 4739 1155 4778 non
1187 4722 1225 4775 ii
1286 4722 1376 4791 qui
1413 4722 1735 4775 sententiam
1807 4736 1959 4775 suam
2012 4735 2157 4775 com-

583 4816 901 4885 probarent,
952 4817 1045 4869 sed
1084 4825 1267 4869 essent
1301 4825 1541 4883 tempore
1592 4812 1821 4879 priores,
1852 4813 2152 4868 vincerent.

587 4907 680 4961 Est
711 4918 889 4962 autem
923 4908 1211 4961 admodum
1243 4907 1490 4975 iniquum
1522 4918 1615 4959 eos
1645 4903 1734 4972 qui
1760 4919 1955 4973 corpus
2004 4919 2156 4958 exer-

583 5008 710 5055 cent
759 5010 813 5053 et
841 5000 1045 5064 colunt,
1075 5001 1210 5054 adeo
1256 5014 1509 5069 magnam
1568 5005 1620 5053 et
1662 4996 1900 5065 priorem
1956 4996 2159 5051 habere

584 5092 887 5146 honestatis
948 5107 1011 5146 ac
1056 5091 1284 5161 justitize
1324 5092 1583 5161 speciem.

656 5177 901 5251 [Scilicet
934 5178 1072 5251 bona
1104 5178 1470 5251 ordinatione,
1502 5195 1625 5234 cum
1676 5192 1838 5251 omne
1894 5177 2029 5230 bene
2070 5190 2163 5229 or-

585 5247 826 5302 dinatum
863 5250 1155 5303 s'eeuudum
1214 5250 1479 5303 rationem
1527 5251 1621 5315 sit,
1686 5249 1827 5302 male
1880 5262 2011 5302 vero
2063 5262 2159 5301 or-

585 5318 830 5374 dinatum
889 5328 1087 5388 praeter
1130 5318 1439 5389 ratiunctu.]

2269 4567 2349 4620 ροι
2379 4549 2473 4602 τοῦ
2503 4547 2790 4614 διώκοντος
2836 4551 3086 4617 λέγουσιν
3106 4564 3120 4579 ⁸
3155 4548 3281 4619 [668
3310 4547 3399 4620 H.]
3438 4550 3495 4601 ἐν
3522 4549 3578 4601 δέ
3610 4552 3721 4611 τοῖς
3750 4549 3847 4601 λό-

2265 4654 2381 4705 γοις
2406 4638 2587 4699 αὐτοῖς
2616 4640 2709 4689 καὶ
2734 4640 2798 4707 τῇ
2826 4639 2952 4707 περὶ
2968 4636 3171 4690 τούτων
3198 4637 3375 4708 κρίσει
3406 4638 3530 4700 τοὺς
3556 4637 3635 4707 τῷ
3666 4638 3847 4708 χρόνῳ

2266 4727 2636 4796 προλαϐόντας
2688 4730 2931 4798 κρατεῖν,
2976 4727 3111 4780 ἀλλά
3158 4727 3231 4797 μὴ
3283 4729 3409 4790 τοὺς
3461 4729 3849 4795 ἀποδείξοντες

2267 4819 2395 4886 περὶ
2448 4811 2521 4869 ὧν
2564 4818 2941 4885 ἀγωνίζονται.
2995 4818 3188 4871 Καίτοι
3237 4819 3282 4850 ⁸⁸
3326 4819 3443 4882 πῶς
3502 4820 3603 4872 οὑκ
3652 4819 3852 4887 ἀλογία

2266 4908 2432 4977 πολλὴ
2486 4908 2610 4972 τοὺς
2646 4910 2762 4977 μὲν,
2796 4908 2833 4962 ἃ
2859 4908 2957 4979 τῆς
3005 4907 3098 4961 τοῦ
3142 4908 3390 4978 σώματος
3437 4908 3605 4979 τύχης
3634 4910 3851 4979 ἔχεται,

2265 5001 2600 5070 μελετῶντας
2632 5000 2664 5071 ἢ
2696 5000 2969 5069 τιμῶντας
3016 4999 3159 5052 οὕτω
3203 5000 3407 5069 σφόδρα
3438 5002 3529 5053 καὶ
3574 5000 3852 5071 πρότερον

2258 5092 2318 5143 τὸ
2345 5091 2436 5143 τοῦ
2464 5092 2622 5159 λόγου
2648 5090 2808 5142 καλὸν
2843 5092 2937 5144 καὶ
2969 5090 3176 5144 δίκαιον
3209 5091 3585 5159 τετιμηκέναι,

2330 5182 2513 5252 ι”Ητοι
2544 5181 2591 5213 ⁸⁸
2619 5182 2716 5250 τῆς
2747 5181 3017 5246 εὐταξίας,
3052 5180 3239 5252 ἐπειδὴ
3293 5184 3401 5234 πᾶν
3440 5182 3504 5234 τὸ
3545 5183 3853 5252 εὔτακτον

2258 5250 2399 5305 κατὰ
2426 5253 2583 5321 λόγον
2622 5254 2849 5321 γίνεται,
2881 5254 2941 5305 τὸ
2968 5252 3024 5306 δὲ
3050 5250 3310 5307 ἄτακτον
3337 5253 3549 5321 ἀλόγως
3577 5251 3672 5323 ⁹⁰.]

1891 5471 2126 5526 νΑΙὶΙᾸΞ
2167 5468 2572 5529 LECTIONES.

653 5620 697 5653 ⁷³
731 5618 945 5673 ἀκούων
984 5624 1106 5685 post
1146 5616 1463 5684 πρυτανεῖον
1497 5612 1639 5682 pnuit
1668 5612 1732 5664 Δ.

586 5692 627 5722 ⁷⁸
651 5687 1139 5759 ἀντὶ-ἀκρόπολιν
1164 5702 1271 5759 om.
1304 5686 1363 5759 1}.
1397 5686 1702 5759 Ἠγλὲγει-ς.

580 5765 688 5813 τῶν
713 5751 1039 5830 Ἀριστείδου
1226 5751 1500 5830 δᾳδοῖμαιλ-
1522 5772 1573 5823 p.

579 5830 624 5862 ⁸⁷
652 5825 916 5900 δήπουθεν
945 5832 1011 5883 Λ.
1087 5828 1130 5858 ⁸⁸
1162 5825 1359 5892 καίτοι]
1388 5844 1436 5897 p.
1471 5825 1523 5879 5.

1784 5682 1901 5713 80.81

1832 5612 1878 5649 ⁷⁸
1905 5609 2169 5679 ὑπάρχειν
2208 5610 2271 5661 Α.

2377 5610 2422 5639 ⁷⁸
2457 5607 2601 5660 δοκοῖ
2636 5622 2775 5661 cnrr.
2816 5608 2875 5659 Β.
2954 5609 3001 5639 ⁷⁸
3030 5610 3162 5677 ἡμῖν
3194 5626 3253 5672 ς.
3366 5607 3411 5638 ⁷⁷
3438 5606 3725 5677 πρεσϐεύοι
3768 5611 3851 5669 Α.

1955 5676 2137 5752 {pi-1.1”
2170 5680 2319 5752 πόλις
2349 5694 2456 5732 om.
2486 5682 2549 5733 Α.
2625 5680 2682 5752 ⁸³-
2707 5677 3145 5752 ’Λνεγνώσθησαν
3173 5678 3267 5752 τοῦ
3300 5676 3489 5752 αὐτοῧί
3516 5679 3850 5752 ἁνεγνώτἽη

1772 5753 1817 5784 ⁸³
1848 5748 2035 5823 ὀρθῶς
2072 5748 2288 5823 ἔσεσθαι
2341 5766 2448 5823 om.
2482 5751 2549 5803 A.

1602 5824 1719 5856 89'"
1752 5820 1967 5893 ἤτοι-
1988 5822 2197 5889 ἀλόγως
2222 5838 2329 5876 om.
2364 5820 2429 5871 A.

2662 5748 2707 5781 3°
2744 5748 3143 5819 συμϐούλεσθαι
3176 5749 3236 5814 Β,
3265 5748 3729 5819 συμϐουλεύεσθαι
3762 5748 3845 5805 A.
