4124 6404
236 482 237 485 η
265 421 404 488 1489

1258 414 1778 480 BIBLIOTHECA.
1816 438 1890 452 -
1917 413 2080 479 COD.
2110 418 2433 484 CCXLVlI.

3398 428 3539 494 1490

336 534 475 615 Ίξοὺς
502 530 546 586 δ’
590 531 684 585 ἐπὶ
727 532 834 587 τῶν
864 533 911 564 ¹⁵¹
955 531 1130 602 λόγων
1177 533 1488 605 ἀνέχοντας,
1536 535 1632 588 καὶ⁸
1676 536 1847 605 χωρὶς

2021 535 2122 603 Qui
2155 538 2208 590 in
2266 537 2463 593 litteris
2510 540 2798 608 excellunt,
2833 551 2887 597 et
2915 542 3121 615 absque
3180 560 3366 600 earnm
3421 559 3536 603 stu-

263 613 380 694 τῆς
415 628 472 679 ἐν
521 624 733 689 τούτοις
784 626 1069 697 διατριϐῆς
1126 627 1236 681 οὐδ’
1276 628 1342 682 ἂν
1378 628 1477 699 ζῇν
1523 627 1852 698 δεξαμένους

266 715 430 789 [1257
459 715 529 787 Β]
577 715 753 780 οὕτως
792 717 997 789 ἀργῶς,
1042 717 1257 789 [ἀργῶς
1294 715 1434 783 εἷπε,
1481 718 1569 773 διὰ
1610 719 1737 782 τοὺς
1777 718 1851 788 μὴ

267 809 651 878 ἀντιλέγοντας
668 825 682 839 ’
712 808 951 876 ἀδίκως,
985 810 1074 865 διά
1089 812 1215 873 τοὺς
1242 811 1610 881 ἐπιτιμῶντας
1632 813 1746 873 τοῖς
1769 812 1855 864 ἀν-

268 901 620 974 τιλέγουσιν,]
656 903 856 972 μᾶλλον
883 902 939 955 δὲ
966 902 1164 967 ἀδίκως
1202 903 1367 975 ἔχειν,
1397 903 1537 957 ὥστε
1570 904 1651 956 ἐνὶ
1678 902 1853 974 πιστῷ

268 995 503 1066 χρῆσθαι
538 996 667 1065 περὶ
713 995 969 1049 ἁπάντων
1001 994 1068 1061 ’³,
1100 996 1166 1050 ἄν
1210 1015 1292 1060 τις
1323 997 1501 1068 φθάσῃ
1542 996 1850 1066 γενόμενος,

271 1090 365 1142 καὶ
396 1086 463 1140 τά
492 1087 732 1157 ὀνόματα
762 1088 884 1141 ἀντὶ
916 1088 1014 1159 τῆς
1044 1088 1305 1159 ἀληθείας
1335 1088 1637 1159 θαυμάζειν
1678 1089 1853 1158 αἱρεῖ-

273 1182 399 1237 σθαι
428 1183 496 1249 ⁸³,
531 1181 721 1254 ὥσπερ
751 1181 971 1251 νομίσαι
1009 1181 1147 1247 δέον,
1179 1183 1275 1252 ούχ
1314 1182 1494 1252 εὑρεῖν
1535 1181 1596 1235 τὸ
1620 1180 1852 1249 βέλτιον,

274 1276 370 1330 καὶ
416 1277 543 1341 τοὺς
587 1276 685 1346 μὲν
726 1276 926 1345 νόμους
968 1277 1187 1341 αὐτοὺς,
1237 1276 1304 1329 ἂν
1336 1276 1612 1348 συμφέρῃ,
1659 1277 1851 1339 κινεῖν,

273 1367 401 1431 τοὺς
433 1367 491 1422 δὲ
523 1367 780 1439 περὶτῶν
805 1369 893 1421 ἀεὶ
924 1370 1287 1439 μενόντωνκτῇ
1332 1369 1491 1437 φύσει
1541 1369 1735 1437 λόγους
1763 1368 1856 1421 ἐπὶ

273 1461 388 1522 τοῖς
418 1460 659 1531 πρώτοις
692 1461 766 1532 μὴ
803 1461 1077 1531 δέχεσθαι,
1107 1459 1220 1514 ἀλλ’
1249 1461 1438 1531 ὥσπερ
1473 1460 1684 1532 ὅρουςῆ
1728 1462 1857 1532 στήο

273 1552 373 1616 λας
397 1553 523 1616 τοὺς
546 1555 1063 1625 προκατεσχηκότας
1094 1553 1438 1625 πρεσϐεύειν,
1466 1555 1564 1609 καὶ⁹
1590 1555 1763 1609 ταῦτα
1793 1557 1855 1609 ού

272 1643 421 1698 λύειν
447 1644 638 1715 ὥσπερ
659 1646 717 1699 ἐν
756 1649 870 1709 τοῖς
902 1647 1086 1717 νόμοις
1114 1647 1240 1711 τοὺς
1290 1648 1588 1718 προτέρους
1619 1648 1708 1701 διὰ
1749 1647 1858 1700 τών

276 1737 536 1790 ἐναντίων
572 1739 712 1804 δέον,
758 1739 894 1793 ἀλλά
932 1740 1033 1810 τῆς
1072 1742 1245 1811 αὐτῆς
1276 1742 1462 1813 χώρας
1503 1743 1595 1795 καὶ
1638 1742 1857 1811 ἐτέρους

275 1829 462 1893 ἀξιοῦν
499 1831 703 1895 αὐτοῖς.
734 1832 958 1895 καὶτοῖς
988 1833 1088 1903 μὲν
1115 1834 1300 1904 ὅρκοις
1324 1838 1437 1898 τοῖς
1461 1838 1663 1898 κοινοῖς
1690 1852 1856 1907 προσ-

276 1923 666 1993 παραγράφειν
697 1924 897 1990 ἐξεῖναι
930 1926 1137 1979 ἀνελεῖν
1175 1928 1269 1980 καὶ
1302 1922 1619 1998 προσθεῖναι
1648 1931 1675 1984 ὅ
1711 1949 1762 1984 τι
1791 1930 1859 1984 ἂν

279 2016 676 2085 σκοπουμένοις
698 2016 925 2088 ὕστερον
951 2019 1202 2090 συνδοκῇ,
1229 2018 1323 2084 οὒς
1347 2020 1401 2073 δὲ
1429 2021 1536 2076 ἀπὸ
1564 2023 1662 2094 τῆς
1687 2024 1860 2090 αὐτῆς

276 2103 526 2168 ἐξουσίας
550 2106 637 2160 ἀεὶ
663 2108 756 2160 καὶ
782 2108 868 2161 διὰ
893 2112 1095 2173 παντὸς
1125 2111 1400 2175 ἐξετάζειν
1422 2112 1503 2166 δεῖ
1534 2113 1747 2182 λόγους,
1780 2099 1861 2187 τῷ

278 2197 603 2265 παρελθόντι
633 2200 812 2271 χρόνῳ
845 2202 992 2271 μόνῳ
1018 2203 1353 2272 προσθεῖναι,
1383 2205 1572 2278 ὥσπερ
1605 2207 1672 2261 ἂν
1703 2207 1859 2272 εἴτις

277 2293 374 2344 καὶ
410 2291 675 2360 ὑγιαίνειν
706 2294 906 2361 φάσκοι
929 2294 976 2327 9⁸
1009 2296 1205 2366 χρῆναι
1236 2296 1431 2366 μόνους
1460 2300 1587 2363 τοὺς
1610 2300 1859 2370 πρώτους

277 2373 625 2455 γενομένους,
671 2389 766 2441 καὶ
799 2388 937 2458 μηδέ
978 2390 1157 2443 ἐκεῖνο
1182 2391 1314 2462 ὀρᾷν
1340 2393 1408 2456 π,
1451 2394 1591 2463 ὅτιὴ
1636 2396 1860 2467 τοιαύτη

279 2480 459 2552 κρίσις
489 2482 586 2536 καὶ
615 2486 642 2537 ὀ
672 2483 930 2556 λογισμὸς
956 2490 983 2541 ὀ
1015 2489 1253 2551 τοιοῦτος
1282 2492 1467 2555 αὐτοῖς
1503 2490 1736 2563 πρώτοις
1767 2492 1862 2557 οὓς

277 2572 514 2642 τιμῶσιν
539 2575 599 2628 ού
641 2577 928 2633 λυσιτελεῖ.
970 2580 1029 2632 Ei
1061 2580 1171 2649 γὰρ
1205 2582 1284 2653 τῷ
1311 2584 1489 2653 χρόνῳ
1528 2584 1611 2636 δεῖ
1650 2600 1861 2655 συγχω-

281 2666 398 2735 ρεῖν
425 2666 521 2718 καί⁹
549 2666 646 2737 τὴν
672 2667 829 2732 ἀξίαν
872 2670 980 2723 ἀπὸ
1017 2670 1208 2725 τούτου
1260 2677 1503 2744 μετρεῖν,
1539 2675 1716 2728 οὐκέτ’
1745 2676 1859 2744 ἔχει

278 2755 444 2809 τόπον
490 2757 523 2827 ἡ
569 2758 664 2812 νῦν
691 2761 737 2792 ³⁸
765 2761 916 2831 παρὰ
975 2763 1194 2818 πάντων
1258 2766 1337 2828 είς
1400 2766 1645 2830 ἐκείνους
1674 2767 1857 2831 αἰδώς.

284 2847 466 2911 Ἴασος
500 2849 609 2920 γάρ
644 2851 709 2905 ἂν
743 2854 787 2884 ⁸⁷
818 2853 962 2908 οὕτω
990 2872 1055 2924 γε
1085 2857 1130 2888 ³⁸
1157 2856 1329 2929 νικώῃ
1363 2860 1487 2931 περὶ
1516 2860 1727 2928 λόγους,
1770 2863 1862 2916 καὶ

280 2939 522 3008 Κρίασος
549 2943 643 2995 καὶ
666 2943 952 3014 Κρότωτος
980 2948 1025 2980 ³³
1055 2948 1150 3003 καὶ
1188 2950 1471 3023 Φορωνεὺς
1506 2953 1543 3017 ¹,
1577 2955 1672 3005 καὶ
1700 2953 1857 3019 εἴτις

294 3032 540 3102 Ἀργεῖος
572 3036 636 3088 ἐκ
668 3037 839 3105 μύθου
865 3040 960 3093 καὶ
988 3042 1297 3097 Δευκαλίων
1327 3047 1347 3077 ²
1369 3045 1569 3100 αίπιῶν
1596 3045 1864 3119 βεϐοημέ-

280 3142 409 3179 νων.
450 3128 576 3183 Ἐὰν
605 3128 747 3184 οὕτω
769 3134 1063 3205 κρίνωμεν,
1095 3137 1171 3200 ὡς
1196 3139 1257 3191 οὐ
1287 3139 1477 3209 Κόδρῳ
1505 3157 1566 3209 γε
1602 3143 1861 3208 μετέσται

1956 628 2046 681 dio
2079 644 2146 682 ne
2176 630 2345 682 vitam
2379 631 2595 700 quidem
2631 636 2988 701 expetendam
3040 648 3247 706 putent,
3283 654 3375 695 eos
3426 652 3535 695 tam

1955 719 2179 787 ignavos
2210 719 2369 792 [dixit
2424 723 2636 792 ignavos
2678 736 2897 795 propter
2928 743 3032 781 non
3070 732 3535 799 contradicentes;

1956 813 2184 882 iniquos,
2203 826 2417 885 propter
2436 819 2888 886 reprehendentes
2903 838 2994 878 eos
3010 823 3098 893 qui
3114 825 3539 899 contradicunt],

1957 916 2051 960 aut
2086 907 2265 975 potius
2316 908 2538 977 iniquos
2576 926 2717 975 esse,
2751 924 2808 967 ιιι
2859 930 2964 969 uno
3005 915 3069 969 ad
3105 919 3285 971 omnia
3316 928 3538 974 utantur

1957 1011 2297 1071 argumento,
2334 1004 2379 1057 si
2406 1005 2525 1072 quis
2569 1007 2844 1061 exstiterit
2877 1010 3045 1077 prior,
3080 1024 3143 1065 ac
3188 1025 3283 1079 pro
3308 1013 3537 1067 veritate

1959 1093 2179 1147 nomina
2230 1092 2589 1159 admirentur,
2620 1096 2774 1165 quasi
2813 1113 2917 1150 non
2950 1108 3203 1167 Oportere
3240 1101 3536 1170 quidquam

1959 1185 2187 1254 reperiri
2225 1184 2420 1240 melius
2448 1187 2785 1251 existiment,
2820 1204 2882 1244 ac
2913 1189 3058 1258 leges
3083 1191 3304 1261 quidem
3330 1190 3539 1263 510a

1959 1278 2125 1346 ipsas,
2155 1277 2200 1330 si
2231 1277 2301 1333 sit
2327 1278 2455 1334 utile
2480 1287 2729 1348 mutare;
2760 1281 2849 1349 qui
2882 1291 3063 1337 autem
3094 1282 3159 1337 de
3187 1284 3272 1346 iis,
3311 1297 3539 1351 quorum

1958 1382 2041 1426 εει
2072 1379 2266 1426 natura
2308 1380 2592 1441 perpetua,
2645 1383 2879 1427 tractant
2928 1391 3228 1441 sermones,
3276 1390 3369 1430 COS
3420 1385 3541 1445 post

1956 1466 2165 1535 primos
2190 1480 2294 1519 non
2323 1466 2589 1535 recipere,
2619 1482 2809 1522 verum
2835 1469 3042 1535 priores
3066 1471 3219 1539 quasi
3253 1469 3536 1533 terminos,

1960 1567 2054 1612 aut
2084 1558 2365 1613 columnas
2411 1560 2682 1624 venerari,
2737 1575 2835 1614 nec
2864 1576 2948 1624 ea,
2987 1561 3439 1629 quemadmodum
3484 1560 3536 1613 in

1962 1645 2171 1714 legibus
2202 1645 2411 1715 priores
2444 1661 2541 1716 per
2572 1648 2880 1703 contrarias
2925 1647 3273 1717 abrogantur,
3306 1648 3539 1710 solvere,

1960 1754 2150 1794 verum
2183 1740 2372 1794 eodem
2412 1739 2529 1795 loco
2556 1743 2718 1796 etiam
2749 1741 2884 1796 alios
2910 1741 3112 1795 habere
3142 1759 3155 1795 :
3187 1752 3241 1797 et
3268 1741 3543 1810 iurameno

1966 1833 2033 1887 tis
2067 1834 2288 1900 quidem
2326 1834 2561 1903 publicis
2612 1835 2713 1889 hoc
2755 1835 3027 1890 ascribere
3061 1834 3204 1899 licet,
3241 1835 3462 1888 demere
3487 1842 3542 1887 et

1964 1923 2187 1988 addere,
2229 1926 2491 1995 quidquid
2549 1925 2820 1996 posterius
2870 1927 3307 1981 consultantibus
3360 1924 3538 1979 visum

1965 2016 2153 2081 fuerit,
2182 2033 2320 2087 quas
2373 2026 2552 2073 autem
2595 2018 2782 2073 eadem
2818 2032 3035 2088 semper
3063 2028 3118 2073 et
3145 2019 3344 2089 ubique
3374 2018 3538 2072 liber-

1963 2117 2074 2166 tate
2126 2110 2355 2165 decebat
2397 2110 2703 2164 examinari
2756 2109 2988 2177 litteras,
3035 2125 3127 2165 eas
3161 2109 3538 2179 superioribus

1963 2206 2228 2257 duntaxat
2276 2201 2612 2268 temporibus
2662 2200 2848 2269 tribui,
2899 2201 3061 2257 veluti
3100 2204 3144 2257 si
3186 2204 3307 2273 quis
3337 2202 3541 2271 primos

1963 2303 2173 2349 tantum
2232 2294 2478 2348 homines
2536 2308 2698 2348 sanos
2745 2307 2868 2349 esse
2915 2293 3063 2347 dicat
3111 2304 3387 2363 oportere,
3441 2308 3541 2347 nec

1964 2387 2104 2441 hanc
2134 2385 2604 2440 ratiocinationem
2643 2386 2775 2455 ipsis
2803 2386 3055 2457 primam,
3085 2402 3221 2455 quos
3252 2388 3539 2449 honorant,

1964 2478 2208 2532 inutilem
2238 2492 2360 2533 esse
2398 2478 2855 2533 animadvertere.
2905 2476 3042 2533 Nam
3076 2478 3118 2533 si
3161 2478 3384 2547 tempori
3424 2492 3543 2530 om-

1964 2571 2051 2626 nia
2115 2580 2244 2625 sunt
2314 2571 2625 2635 tribuenda,
2689 2586 2864 2640 eoque
2939 2572 3212 2627 metienda
3288 2572 3540 2641 dignitas,

1965 2680 2070 2721 non
2112 2666 2347 2733 amplius
2397 2666 2463 2729 is,
2515 2666 2606 2734 qui
2670 2681 2813 2720 nunc
2863 2664 2970 2719 illis
3020 2663 3250 2720 habetur
3320 2666 3387 2719 ab
3425 2682 3542 2719 om-

1962 2760 2123 2813 nibus
2191 2761 2381 2823 honor,
2429 2758 2605 2812 locum
2658 2757 2899 2813 habebit.
2951 2756 3065 2812 Hac
3128 2759 3273 2810 enim
3329 2758 3541 2812 rationm

1961 2853 2126 2911 .lasus
2153 2866 2207 2909 et
2240 2855 2484 2920 Criasus,
2530 2861 2693 2924 atque
2733 2852 3003 2920 Crotopns
3033 2862 3084 2905 et
3110 2849 3450 2914 Phoroncus,
3480 2866 3545 2904 ac

1964 2949 2009 3003 si
2033 2950 2154 3017 quis
2198 2958 2282 3004 est
2325 2948 2378 3004 in
2425 2946 2626 3001 fabulis
2654 2946 2830 3014 Argus
2858 2954 2913 3000 et
2942 2944 3222 3010 Deucalio,
3269 2944 3357 3014 qui
3403 2959 3545 2998 nunc

1966 3041 2327 3107 celebrantur,
2378 3040 2612 3110 palmam
2658 3039 3004 3093 obtinebunt.
3047 3040 3226 3107 Atque
3272 3038 3319 3093 si
3351 3039 3422 3091 ita
3462 3038 3548 3105 ju-

1966 3137 2229 3201 dicemus,
2284 3150 2350 3190 ne
2380 3134 2591 3191 Codrus
2638 3135 2855 3203 quidem
2884 3148 2981 3188 cur
3004 3133 3269 3203 glorietur
3299 3132 3544 3199 habebit,

279 3220 379 3289 τῆς
419 3221 751 3294 φιλοτιμίας,
786 3227 923 3281 ἀλλά
956 3231 1049 3282 καὶ
1077 3224 1233 3295 οὗτος
1260 3235 1389 3295 παῖς
1420 3229 1501 3297 οἷς
1538 3232 1690 3288 εἷπον
1721 3254 1859 3307 συμ-

1971 3231 2060 3299 qui
2094 3246 2218 3285 cum
2269 3229 2388 3285 istis
2416 3243 2554 3297 quos
2592 3228 2702 3283 dixi
2752 3236 3121 3296 comparatus,
3167 3241 3304 3294 puer
3334 3226 3404 3280 sit
3447 3241 3549 3280 nec

282 3312 465 3368 ϐαλεῖν
504 3316 525 3348 ⁸
556 3320 649 3371 καὶ
676 3320 776 3373 οὐκ
807 3320 830 3351 ⁸
853 3323 1081 3393 ἀρχαῖος
1102 3341 1118 3355 ο
1150 3325 1244 3379 καὶ
1272 3327 1412 3381 κατά
1439 3327 1460 3359 ⁸
1492 3328 1691 3400 μικρὸν
1720 3330 1865 3384 οὕτω

282 3409 591 3481 ζητήσομεν
630 3414 649 3443 ⁸
676 3414 729 3466 εῖ
761 3432 845 3475 τις
882 3411 951 3488 ἦν
981 3420 1111 3490 πρὶν
1157 3420 1387 3490 σελήνην
1418 3418 1576 3477 εἶναι.
1621 3423 1863 3493 Ὀμήρου

280 3502 338 3555 δὲ
368 3508 462 3556 καὶ
496 3504 740 3560 Ἠσιόδου
764 3509 856 3562 καὶ
878 3510 987 3563 τῶν
1017 3512 1097 3575 είς
1121 3514 1269 3581 ἡμᾶς
1289 3517 1675 3585 νενικηκότων,
1715 3515 1862 3569 Πλά-

280 3612 451 3659 τωνος
483 3597 553 3669 (εί
591 3598 792 3669 βούλει)
828 3602 922 3655 καὶ
951 3605 1327 3673 Δημοσθένους
1376 3608 1470 3661 καὶ
1497 3608 1606 3660 τῶν
1635 3609 1815 3678 ὀλίγον
1843 3612 1863 3641 ⁷

284 3689 393 3759 πρὸ
416 3689 621 3743 τούτων
659 3692 769 3745 οὐδ’
799 3696 879 3757 εἰς
926 3696 1218 3748 πολλοστὸν
1256 3698 1447 3767 χρόνον
1491 3699 1645 3763 ἐλπὶς
1674 3702 1866 3769 ὁμοίαν

282 3783 608 3850 ἐγγενέσθαι
633 3784 809 3849 δόξαν,
836 3802 898 3838 συ
908 3790 1231 3857 μπροῖόντος
1251 3788 1273 3819 ⁸
1302 3788 1415 3841 ἴσου
1440 3790 1534 3843 τοῦ
1556 3789 1662 3860 πρὸ
1689 3790 1869 3843 αὐτῶν

283 3875 514 3939 ἐκείνοις
538 3876 644 3931 ἀεί.
679 3879 739 3931 Ei
770 3879 826 3932 δὲ
854 3879 1015 3934 τοῦτο
1041 3879 1262 3951 εὔδηλον
1291 3882 1516 3948 ἅπασιν,
1546 3885 1629 3937 ὅτι
1664 3885 1757 3939 καὶ
1789 3878 1872 3939 οὗ·

280 3983 364 4020 τοι
396 3967 558 4037 φύσει
588 3970 684 4022 καὶ
711 3970 938 4042 δυνάμει
969 3973 1342 4043 διενεγκόντες
1384 3976 1513 4039 τοὺς
1540 3976 1647 4048 πρὸ
1690 3979 1871 4032 αὐτῶν

283 4061 633 4132 ἀπέκρυψαν,
652 4063 774 4116 οὐδὲ
800 4066 924 4129 τοὺς
943 4064 1170 4139 ὕστερον
1189 4070 1209 4100 θ
1236 4070 1587 4125 παντάπασιν
1624 4070 1872 4137 ἅπαντας

285 4155 574 4225 ἀπείργειν
612 4158 780 4223 εἰκὸς,
830 4160 938 4214 οὐδ’
972 4162 1246 4229 ἀπιστεῖν,
1283 4164 1338 4216 εἴ
1375 4181 1459 4227 τις
1494 4165 1589 4218 καὶ
1626 4165 1721 4219 τοῦ
1754 4168 1873 4220 νυνὶ

285 4248 480 4317 χρόνου
541 4249 895 4324 μετεσχηκὼς
956 4254 1070 4325 ἔχει
1122 4256 1167 4288 ²⁰
1215 4255 1593 4327 συμϐαλέσθαι
1646 4260 1874 4331 γνώμην

285 4344 417 4413 περὶ
444 4336 519 4399 ὧν
570 4346 862 4419 πρόκειται
904 4348 1081 4417 λόγος,
1133 4350 1268 4403 ἀλλά
1302 4352 1343 4383 ιι
1379 4351 1513 4422 παρ’
1562 4352 1761 4417 αὐτῶν,
1796 4355 1871 4419 ώς

284 4434 486 4503 ἔοικεν,
513 4432 589 4493 ὧν
616 4441 867 4511 τιμῶμεν
908 4442 1177 4514 ὑπάρχειν
1204 4444 1415 4508 είδότας
1460 4446 1520 4498 τὸ
1549 4447 1874 4517 προσίεσθαι

286 4534 382 4586 καὶ
410 4536 701 4605 προσέχειν
735 4537 931 4590 ὁπόσον
950 4537 1197 4609 διαφέρει
1234 4539 1297 4591 “.
1338 4539 1624 4604 ’Λπαντας
1652 4542 1751 4612 μὲν
1781 4542 1875 4595 οὖν
1909 4575 1950 4629 υ

287 4627 420 4691 ἴσως
447 4629 576 4693 τοὺς
603 4630 872 4694 παλαιοὺς
887 4632 1152 4686 αἰδεῖσθαι
1180 4632 1277 4703 μέν
1306 4632 1533 4698 δίκαιον,
1565 4635 1807 4707 φρίττειν
1829 4635 1873 4687 δ’

287 4721 387 4774 οὐκ
412 4722 581 4790 ἄξιον,
610 4726 772 4796 εἴπερ
813 4725 887 4796 μὴ
916 4726 957 4758 ¹³
984 4727 1109 4791 τοὺς
1153 4728 1246 4780 ἐπὶ
1298 4728 1410 4790 τοῖς
1449 4727 1627 4796 λόγοις
1672 4729 1872 4799 ὀνομα-

290 4818 519 4882 σθέντας
548 4818 748 4887 μᾶλλον
777 4818 810 4891 ἦ
855 4820 981 4883 τοὺς
1015 4820 1211 4889 λόγους
1257 4822 1454 4886 αὐτοὺς
1478 4822 1560 4874 δεῖ
1583 4822 1760 4875 δοκεῖν
1786 4841 1875 4895 5t-

293 4912 428 4982 μᾷνο
455 4913 535 4965 ὃτι
564 4911 609 4943 ¹”
635 4911 699 4977 δ’,
729 4913 776 4965 ei
812 4914 947 4982 πρὸς
967 4913 1124 4966 ἄλλον
1150 4914 1291 4979 τινὰ,
1321 4915 1424 4986 χρὴ
1456 4914 1680 4988 γνώμης
1703 4914 1876 4980 οὕτως

289 5005 437 5075 ἔχειν
473 5005 567 5057 καὶ
609 5005 748 5075 πρὸς
792 5005 1074 5070 Πλάτωνα,
1115 5007 1215 5060 οὐκ
1244 5007 1404 5062 ἄλλου
1433 5008 1625 5078 δέομαι
1668 5010 1875 5080 μάρτυ-

294 5112 407 5166 ρος,
432 5094 547 5147 ἀλλ’
572 5094 734 5157 αὐτὸς
764 5095 1004 5166 ἐξαρκεῖ,
1041 5096 1102 5150 ού
1138 5098 1295 5167 μόνον
1325 5092 1405 5161 οἷς
1426 5098 1744 5168 ἁπανταχοῦ
1777 5097 1875 5169 βοᾷ

292 5194 387 5245 καὶ
425 5188 859 5258 παρακελεύεται
900 5189 1028 5262 [669
1060 5190 1150 5263 H.]
1187 5191 1352 5262 μηδὲν
1389 5193 1651 5262 πρότερον
1702 5196 1875 5246 ποιεῖ-

293 5281 417 5335 σθαι
465 5282 564 5351 τῆς
618 5279 897 5350 ἀληθείας,
954 5281 1089 5335 ἀλλὰ
1122 5284 1214 5334 καὶ
1272 5282 1437 5353 ὀλίγῳ
1485 5283 1564 5353 τῷ
1616 5282 1878 5354 παραδεί-

1971 3324 2271 3391 antiquus:
2315 3331 2479 3390 atque
2521 3322 2591 3374 ita
2640 3319 2902 3390 paulatim
2944 3319 2987 3374 si
3021 3320 3143 3390 quis
3188 3328 3314 3373 ante
3366 3318 3549 3372 lunam

1966 3415 2263 3481 exstiterit,
2297 3415 2655 3483 inquiremus.
2688 3411 2806 3466 .lam
2833 3410 3051 3466 Homeri
3092 3421 3255 3482 atque
3305 3410 3546 3471 Hesiodi,

1969 3520 2130 3578 atque
2158 3522 2344 3563 eorum
2380 3506 2472 3574 qui
2507 3505 2769 3559 hactenus
2801 3504 3197 3569 excelluerunt,
3224 3502 3467 3557 Platonis
3495 3504 3540 3558 si

1969 3602 2167 3672 placet,
2199 3608 2253 3654 et
2283 3596 2685 3659 Demosthenis,
2715 3607 2767 3649 et
2800 3596 2891 3665 qui
2929 3595 3092 3665 paulo
3121 3605 3245 3648 ante
3273 3594 3541 3658 vixerunt,

1970 3709 2038 3748 ne
2073 3694 2137 3746 ad
2177 3690 2549 3760 longissimum
2585 3689 2801 3757 quidem
2838 3699 3052 3757 tempus
3092 3687 3285 3740 similis
3319 3696 3402 3741 est
3429 3701 3550 3757 Spe-

1971 3784 2137 3835 randa
2170 3782 2362 3850 gloria.
2391 3779 2497 3835 Sed
2523 3780 2565 3833 si
2589 3780 2641 3833 id
2671 3779 2924 3833 omnibus
2956 3788 3037 3833 cst
3056 3777 3400 3833 manifestum
3430 3779 3551 3844 hos,

1972 3889 2094 3929 cum
2154 3885 2347 3928 natura
2396 3882 2453 3927 et
2527 3872 2793 3925 industria
2858 3870 3264 3941 praestitissent,
3324 3872 3556 3941 majores

1972 3983 2102 4023 suos
2133 3980 2441 4035 superasse,
2479 3977 2652 4033 neque
2675 3962 3007 4032 posteriores
3033 3972 3191 4017 erant
3213 3978 3400 4017 omnes
3433 3978 3556 4017 om-

1977 4059 2135 4113 nibus
2174 4057 2346 4111 modis
2387 4056 2630 4121 arcendi,
2682 4067 2860 4123 neque
2892 4054 3195 4125 rejiciendi,
3226 4054 3270 4108 si
3303 4055 3425 4123 quis
3457 4056 3560 4111 hoc

1975 4152 2140 4206 etiam
2177 4158 2421 4219 tempore
2467 4149 2535 4202 de
2592 4162 2648 4202 re
2687 4147 2960 4216 proposita
3012 4146 3336 4201 sententiam
3396 4155 3561 4215 queat

1976 4242 2151 4307 ferre;
2215 4256 2403 4295 verum
2455 4254 2522 4294 ex
2578 4239 2711 4307 ipsis
2744 4250 2880 4306 quos
2941 4234 3192 4301 colimus,
3248 4235 3393 4290 aliud
3440 4251 3562 4290 esse

1976 4335 2307 4406 praecedere,
2356 4331 2501 4385 aliud
2552 4339 2843 4399 praastare,
2881 4328 3314 4399 cognoscendum
3358 4336 3460 4380 est.
3498 4328 3562 4382 Et

1977 4430 2230 4497 antiquos
2258 4424 2475 4494 quidem
2506 4438 2696 4477 omnes
2728 4422 2975 4475 venerari
3019 4428 3258 4489 oportet,
3292 4434 3397 4473 non
3429 4422 3558 4474 hor-

1981 4536 2123 4585 rere,
2151 4520 2252 4574 nisi
2288 4517 2429 4572 forte
2456 4515 2651 4570 litteris
2684 4513 2947 4583 insignes,
2978 4512 3185 4581 majore
3220 4526 3382 4581 quam
3414 4511 3560 4580 ipsas

1982 4615 2212 4679 litteras,
2241 4612 2448 4664 honore
2478 4622 2801 4663 censeamus
2819 4604 3127 4659 alliciendos
3163 4620 3177 4657 :
3211 4604 3353 4674 quod
3378 4616 3559 4658 autem

1982 4709 2028 4764 si
2064 4722 2194 4776 erga
2244 4703 2553 4773 quempiam
2590 4700 2776 4762 alium,
2810 4713 2938 4767 erga
2983 4696 3263 4750 Platonem
3297 4708 3445 4751 certe
3484 4701 3564 4751 sic

1983 4817 2104 4857 esse
2158 4800 2418 4855 debemus
2477 4795 2675 4860 aliecti,
2733 4809 2837 4847 non
2868 4792 3032 4845 alium
3081 4792 3299 4858 requiro
3348 4800 3561 4855 testem,

1984 4910 2107 4949 cum
2154 4889 2383 4946 suﬂiciat
2432 4889 2568 4955 ipse,
2624 4901 2729 4939 non
2782 4893 2991 4938 tantum
3040 4882 3294 4952 quoniam
3367 4883 3568 4951 ubique

1986 4987 2184 5042 clamat
2237 4991 2293 5035 et
2335 4979 2499 5035 edicit
2541 4976 2674 5031 nihil
2726 4991 2847 5029 esse
2902 4974 3113 5029 veritati
3148 4972 3566 5042 praeferendum,

1985 5080 2077 5136 sed
2113 5086 2167 5132 et
2194 5074 2444 5141 exemplo
2476 5086 2581 5126 non
2622 5084 2841 5138 magno.
2872 5067 3080 5121 Etenim
3110 5066 3156 5120 si
3189 5066 3275 5120 ille
3304 5082 3427 5121 cum
3460 5064 3571 5121 Uo-

1988 5190 2221 5239 merum,
2289 5169 2379 5239 qui
2432 5174 2587 5221 tanto
2652 5171 2775 5216 ante
2822 5161 2995 5228 ipsum
3060 5169 3300 5229 tempore
3358 5160 3565 5222 ilornit,

1988 5270 2173 5326 multis
2208 5269 2273 5322 de
2302 5263 2484 5321 causis
2516 5262 2809 5320 incusaret,
2849 5252 3065 5307 ratione
3096 5267 3201 5305 non
3233 5252 3429 5314 caruit,
3463 5264 3567 5318 qua

1593 5396 1831 5453 γΑΡιιίΕ
1872 5388 2282 5452 LECTIONES.

362 5515 552 5591 "eam
575 5516 615 5569 Α
639 5516 731 5569 ετὺ
754 5518 868 5591 τῶν
900 5536 961 5585 ς,
993 5529 1046 5575 et
1077 5517 1117 5591 Β
1144 5533 1359 5591 quoque
1388 5528 1512 5575 ante
1542 5520 1653 5591 τῶν
1681 5519 1838 5574 habet
1856 5518 2054 5591 nescio
2083 5511 2211 5581 quid
2237 5526 2268 5565 a
2301 5527 2331 5563 τ
2354 5498 3139 5591 ,ἱροῖρῖοηεςμ⁹’,πάνξ,υξ³ξμῦο,
3170 5487 3482 5591 ἔνᾛξῇιῇἶι

291 5590 339 5661 ὲ*
366 5563 651 5661 sese:
1066 5563 1116 5620 δέ
1139 5563 1362 5648 κ)ξῖἱῖἒῆ
1388 5563 1512 5645 KI"
1532 5563 2217 5661 "Wév'li'liiiimxé:
2241 5563 2378 5661 ἠπερι
2400 5563 2591 5659 λίθους
2625 5588 2737 5661 (ξηιλ
2760 5573 2871 5661 5;,
2898 5563 3209 5661 ῗῗηῖεὲὶδὲ

3283 5576 3464 5620 τωπος
3503 5575 3539 5622 ς·
3552 5598 3569 5612 .

296 5660 313 5691 ⁸
346 5627 443 5710 κἏῖ
470 5627 751 5728 (Popili-reb;
1061 5664 1083 5693 ³
1116 5627 1547 5716 κῶνέέύκαλίων
1580 5627 2012 5728 αίπ.ωρ’έ6⁶.”οιη.
2137 5669 2254 5728 pro
2289 5627 2489 5728 αῗπιῶν
2521 5644 2662 5713 apud
2708 5630 3570 5728 :Aris'tideut-estjrf:

294 5732 319 5763 ⁸
349 5728 677 5799 συμϐᾴλλειν
710 5747 772 5793 ς’.
882 5732 904 5764 δ
934 5733 1035 5786 οὐκ
1064 5734 1141 5787 A:
1174 5733 1286 5788 οὔτ’
1310 5752 1368 5797 ς’.

297 5870 701 5943 παραδείγματι
731 5887 842 5927 om.
879 5876 943 5929 Α.

1469 5734 1489 5764 ⁸
1515 5723 1776 5802 κατά]ίτά
1805 5730 1949 5783 κατὰ
2088 5798 2097 5802 _
2130 5726 2150 5756 ⁸
2183 5723 2509 5802 ζητήσωμεν
2560 5735 2621 5781 ς.

294 5804 315 5835 ³
345 5786 471 5875 τούς
497 5797 644 5875 beta]
673 5786 896 5863 τούτους
930 5803 1047 5858 ὔστ.
1081 5786 1403 5875 ἕλοιμι-..8.
1483 5804 1529 5835 ¹⁰
1549 5786 1744 5874 ἕχοιἹὶ.
1818 5802 1936 5833 ¹¹⁰¹²
1976 5797 2110 5852 ἀλλὰ
2147 5786 2215 5835 -λ
2239 5786 2495 5863 ’δῑάφέρει
2528 5803 2638 5845 01η·
2667 5786 2732 5841 A-

3129 5705 3150 5736 ⁸
3192 5701 3473 5803 προῑόζθτος
3508 5714 3570 5761 ς.

3161 5776 3186 5803 Δ
3391 5770 3470 5803 κη
3506 5797 3570 5803 __

3391 5787 3473 5824 οτι
3505 5797 3577 5809 -·

2714 5715 2731 5745 τ
2767 5712 2963 5778 ὀλίγων
2988 5726 3049 5773 ς.

2834 5776 2879 5813 ¹³
2904 5780 2975 5852 μί’
3016 5792 3126 5834 om.
3153 5776 3218 5830 Δ.
