4124 6446
560 424 692 493 1491

1726 432 1985 493 PHOTH
2012 433 2518 495 PATRIARCHzE
2557 433 2666 494 ΟΡ.

3712 421 3848 486 1492

558 559 746 605 contra
789 547 1136 618 indignantes
1184 555 1452 612 uteretur,
1506 546 1691 603 licebit
1749 550 2004 604 nimirum
2052 564 2142 605 se-

2260 566 2438 619 γματι.
2507 550 2571 603 Εἴ
2635 546 2745 616 γὰρ
2784 544 2993 608 ἐκεῖνος
3054 542 3281 614 Ὁμήρῳ
3324 542 3403 611 τῷ
3446 536 3708 596 τοσοῦτον
3742 561 3847 613 προ

557 640 796 695 cundum
831 638 1116 695 Platonem
1150 640 1350 710 ipsum,
1384 649 1438 696 et
1473 655 1570 697 eos
1599 641 1689 709 qui
1739 641 1889 694 illum
1919 641 2144 697 laudant

560 742 723 803 atque
758 735 906 787 omni
940 732 1234 788 absolvunt
1264 732 1519 797 crimine,
1554 734 1597 788 si
1625 733 1747 803 quis
1781 734 1989 803 aliquid
2021 748 2144 788 con-

564 834 644 875 tra
695 821 841 875 illum
893 822 1075 877 dicere
1136 822 1388 892 coeperit,
1445 823 1780 878 auditionem
1832 823 2140 881 sustinere:

561 914 759 987 41οὸ
794 930 893 970 nec
926 915 1078 986 prius
1135 916 1189 971 id
1225 916 1439 971 crimini
1469 926 1705 982 vertere,
1741 932 1904 987 quam
1942 918 2031 975 ille
2056 934 2145 972 ra-

564 1008 806 1062 tionibus
865 1006 931 1062 ad
984 1007 1321 1079 propositum
1385 1008 1785 1077 pertinentibus
1839 1008 2143 1066 deﬁciatur.

562 1096 847 1166 Indignum
893 1100 1038 1154 enim
1082 1101 1243 1165 foret,
1281 1115 1403 1156 cum
1437 1100 1549 1166 ille,
1581 1116 1741 1172 quam
1795 1104 1972 1176 palam
2018 1121 2147 1161 cono

565 1188 822 1244 stituerat
876 1205 1159 1257 accusare,
1222 1189 1542 1249 defensione
1591 1210 1691 1251 sua
1747 1197 2151 1267 quodammodo

567 1295 673 1335 non
705 1282 953 1351 privarit,
980 1298 1173 1338 verum
1203 1283 1413 1341 duobus
1437 1294 1532 1342 aut
1566 1287 1739 1344 tribus
1775 1289 2149 1346 defensionem

569 1373 742 1429 forma
778 1376 1114 1447 dialogorum
1140 1377 1391 1435 tribuerit
1422 1398 1435 1435 :
1474 1381 1519 1435 si
1555 1396 1673 1448 nos,
1697 1384 1787 1452 qui
1830 1399 1943 1439 rem
1984 1394 2151 1440 totam

568 1468 844 1525 sustinere
863 1484 1149 1537 possumus
1190 1480 1244 1526 et
1274 1472 1542 1539 volumus,
1574 1474 1626 1529 id
1668 1491 1773 1531 non
1808 1477 2152 1543 auderemus,

569 1560 723 1627 quasi
774 1574 881 1615 non
931 1572 1077 1617 esset
1132 1563 1365 1632 amplius
1426 1565 1639 1623 Platoni
1694 1570 2151 1638 respondendum,

572 1666 693 1720 quae
722 1651 838 1722 ipse
874 1654 977 1709 sibi
1022 1656 1273 1711 voluerit.
1312 1658 1622 1714 Absurdum
1668 1662 1862 1717 deinde
1910 1664 2040 1719 mihi
2074 1664 2154 1718 vi-

573 1742 812 1809 debitur,
844 1746 889 1800 si
944 1746 1098 1803 Plato
1148 1750 1500 1817 rhetoricam,
1540 1752 1693 1819 cujus
1722 1766 1774 1809 et
1804 1755 1915 1823 ipse
1947 1764 2154 1824 partem

570 1834 805 1894 fortasse
852 1852 1184 1897 consecutus
1227 1843 1464 1913 aliquam
1506 1855 1645 1910 erat,
1691 1848 2006 1915 vituperare
2046 1863 2153 1902 non

570 1937 656 1984 est
684 1928 891 1985 veritus
923 1948 937 1985 :
973 1947 1070 1986 nos
1109 1949 1212 2001 pro
1234 1935 1534 2002 rhetorica,
1568 1951 1638 1992 ne
1674 1938 1797 2008 quis
1821 1938 1964 1994 illius
1991 1954 2152 1995 causa
2188 1918 2228 1973 Β

570 2017 907 2089 indignetur,
948 2022 1129 2079 dicere
1176 2027 1419 2094 pudebit.
1447 2026 1741 2096 Praeterea,
1768 2029 2035 2099 siquidem
2070 2031 2154 2085 ni-

572 2110 651 2166 hil
680 2122 951 2182 oporteret
983 2120 1379 2184 contradicere,
1410 2123 1502 2174 sed
1532 2135 1653 2175 eam
1682 2123 1880 2177 deserti
1911 2123 2155 2177 vadimo-

571 2200 649 2256 nii
690 2202 835 2264 velut
874 2205 925 2259 in
981 2208 1133 2262 curia
1189 2209 1457 2271 damnari,
1514 2212 1677 2283 idque
1724 2214 1938 2269 dicendi
1988 2217 2158 2286 magi-

574 2302 770 2359 stram,
794 2295 893 2349 alia
916 2299 1164 2367 qmedam
1199 2302 1313 2357 haec
1333 2313 1479 2359 esset
1514 2305 1670 2362 ratio.
1708 2305 1803 2361 Sin
1828 2322 2153 2378 quemquam

574 2394 843 2450 oporteat,
884 2387 1039 2443 nobis
1090 2390 1190 2445 hoc
1219 2396 1607 2463 propemodum
1654 2397 1961 2463 conveniet,
1996 2408 2054 2452 ut
2088 2412 2155 2452 ex

575 2476 919 2558 bac‘quoquc
951 2496 1007 2535 re
1057 2484 1291 2552 primum
1331 2485 1559 2541 insiituti
1599 2489 1768 2543 nostri
1795 2491 1885 2559 jus
1910 2490 2156 2547 declare-

575 2583 720 2623 mus.
766 2567 879 2625 Nec
921 2573 1064 2626 enim
1112 2589 1324 2644 aequum
1354 2587 1476 2643 \est,
1518 2588 1576 2632 ut
1612 2595 1641 2634 a
1696 2598 1801 2653 qua
1833 2584 1885 2638 id
1935 2586 2157 2656 accepi-

576 2674 725 2723 mus,
779 2675 887 2729 quo
922 2666 1136 2720 ca:teris
1180 2669 1510 2736 patrocinari
1572 2686 1876 2741 possemus,
1927 2690 1992 2731 ea
2041 2679 2157 2734 suis

574 2749 905 2806 destituatur
964 2754 1144 2823 bonis,
1197 2773 1297 2813 nec
1351 2763 1533 2828 potius
1591 2765 1673 2817 vel
1732 2768 1878 2832 talis,
1940 2770 2155 2839 qualem

574 2840 730 2897 Plato
775 2844 966 2911 voluit,
1000 2848 1269 2915 videatur,
1309 2851 1391 2905 vel
1429 2864 1486 2907 ut
1535 2854 1703 2909 videri
1737 2859 1906 2926 possit
1955 2860 2158 2915 cilicia-

576 2944 683 2989 tur.
728 2934 863 2990 Nam
899 2940 1043 3008 quod
1083 2941 1243 3012 vulgo
1287 2944 1489 3000 dicitur
1528 2946 1800 3002 silentium
1832 2953 2158 3011 conﬁrmare

575 3025 828 3093 crimina,
879 3029 930 3082 id
968 3046 1132 3086 unum
1174 3049 1237 3088 ac
1270 3035 1500 3100 simplex
1548 3052 1653 3092 non
1688 3051 1769 3094 est
1804 3056 1819 3096 :
1862 3056 2047 3097 verum
2080 3045 2156 3099 si-

573 3117 689 3172 rnul
739 3128 793 3174 et
834 3120 959 3191 jure
1012 3138 1110 3180 suo
1159 3127 1479 3197 privabitur,
1518 3137 1572 3185 et
1621 3130 1936 3200 dignitatem
1989 3144 2154 3190 totam

575 3212 810 3269 amittet.

2245 641 2413 696 αὐτοῦ
2463 641 2592 712 mpii.
2626 638 2836 693 πολλῶν
2866 638 2983 671 ¹⁵οί⁶
3018 636 3288 706 ἐπιτιμῶν
3320 636 3420 688 οὐκ
3467 635 3847 705 ἀπεστέρηται

2245 733 2429 802 λόγου,
2451 732 2565 786 ἀλλ’
2594 732 2708 802 ἔχει
2726 730 2863 803 πρὸς
2882 730 3007 794 τοὺς
3027 727 3470 798 ἀγανακτοῦντας
3487 728 3516 780 ὅ
3540 745 3593 781 τι
3618 726 3749 798 εἴπῃ
3774 728 3843 794 ¹⁷,

2246 827 2368 879 κατ’
2429 825 2613 891 αὐτὸν,
2669 822 2745 887 ὼς
2774 822 2943 887 ἔοικε,
2993 821 3256 876 Πλάτωνα
3298 821 3397 873 καὶ
3441 821 3570 883 τοὺς
3634 820 3842 873 ἐκεῖνον

2248 915 2605 978 ἐπαινοῦντας
2646 914 2743 968 καὶ
2793 913 2976 981 πάσης
3014 912 3193 975 αἰτίας
3242 910 3507 981 ἀφιέντας
3553 910 3696 973 ἐστι,
3742 911 3841 964 κᾶν

2248 1006 2406 1070 ἄλλος
2434 1024 2519 1071 τις
2557 1006 2753 1078 ἐκείνῳ
2780 1007 2911 1078 δοκῇ
2952 1003 2996 1036 ⁸⁸
3030 1022 3083 1057 τι
3116 1004 3297 1073 λέγειν
3349 1003 3697 1067 ὑπεναντίον,
3731 1004 3847 1057 τολ-

2254 1102 2362 1173 μᾷν
2400 1100 2779 1173 ἀκροάσασθαι
2816 1101 2859 1133 ¹⁹
2892 1100 3059 1171 μήπω
3082 1099 3131 1132 ⁸⁵
3157 1098 3313 1152 τοῦτο
3357 1098 3612 1167 ἔγκλημα
3666 1114 3848 1149 ποιου-

2254 1196 2472 1267 μένους,
2508 1194 2625 1248 ἀλλ⁹
2660 1194 2757 1247 ἐὰν
2805 1194 2919 1255 τοῖς
2961 1191 3091 1263 περὶ
3132 1190 3243 1245 τῶν
3291 1190 3633 1262 πραγμάτων
3672 1187 3849 1255 λόγοις

2253 1290 2576 1363 ἀπολειφθῇ.
2610 1290 2721 1345 Καὶ
2751 1288 2861 1359 γὰρ
2891 1289 2932 1320 ²¹
2967 1286 3034 1342 ἂν
3064 1286 3152 1358 εἴη
3183 1286 3380 1350 δεινὸν,
3423 1286 3474 1337 εἴ
3509 1286 3720 1345 ἐκεῖνος
3753 1282 3849 1353 μὲν

2255 1384 2495 1446 ὑποστὰς
2535 1384 2862 1453 κατηγορεῖν
2902 1382 2967 1435 ὲκ
2999 1376 3311 1452 προφανοῦς
3352 1378 3454 1432 οὐκ
3500 1376 3847 1446 ἀπεστέρησε

2254 1477 2455 1548 τρόπον
2484 1478 2549 1544 γέ
2585 1492 2710 1529 τινα
2738 1474 2910 1544 αὐτὴν
2940 1474 3050 1527 τῶν
3083 1473 3226 1542 ὑπὲρ
3269 1471 3471 1541 ἑαυτῆς
3503 1471 3703 1538 λόγων,
3736 1469 3847 1522 ἀλλ’

2258 1570 2506 1624 ἀπέδωκε
2546 1569 2667 1622 δυσὶ
2696 1568 2789 1620 καὶ
2834 1566 3013 1637 τρισὶν
3045 1566 3323 1619 ἀντειπεῖν
3347 1564 3423 1626 ὼς
3455 1563 3589 1631 γοῦν
3621 1564 3681 1615 ἐν
3715 1563 3847 1632 σκλή-

2261 1680 2393 1733 ματι
2426 1661 2711 1729 διαλόγων,
2749 1661 2910 1730 ἡμεῖς
2948 1658 3005 1711 δὲ
3038 1659 3087 1711 οἱ
3126 1658 3187 1710 τὸ
3216 1656 3335 1710 ὅλον
3373 1655 3592 1725 βοηθεῖν
3635 1654 3851 1723 ἔχοντες

2259 1756 2354 1810 καὶ
2377 1753 2753 1826 προῃρημένοι
2786 1751 2948 1823 [1240
2983 1750 3073 1823 IL]
3109 1750 3184 1820 μὴ
3229 1748 3614 1820 τολμήσωμεν,
3661 1746 3850 1817 ὥσπερ

2257 1846 2477 1900 τοσαῦτ’
2514 1845 2818 1913 ἀντιλέγειν
2870 1843 3115 1897 Πλάτωνι
3166 1841 3307 1904 δέον,
3360 1840 3535 1894 ὁπόσα
3575 1839 3644 1891 ἀν
3691 1838 3853 1899 αὐτὸς

2259 1941 2394 2009 πρὸς
2421 1938 2584 1993 αὐτὸν
2634 1935 2945 2007 βουληθείη.
2982 1936 3219 1988 ιἌτοπον
3260 1932 3317 1986 δέ
3359 1949 3452 2003 μοι
3497 1930 3754 2000 φαίνεται
3784 1932 3847 1995 ε’,

2260 2034 2309 2085 εἴ
2339 2032 2563 2085 Πλάτων
2592 2031 2692 2099 μὲν
2719 2031 2820 2082 ούκ
2846 2027 3047 2099 ᾐδέσθη
3068 2026 3251 2096 ψέγων
3279 2024 3598 2095 ῥητορικὴν,
3628 2016 3699 2095 ἧς
3724 2023 3849 2086 ἴσως

2258 2142 2308 2177 τι
2342 2125 2385 2155 ’³
2416 2124 2511 2177 καὶ
2553 2121 2703 2192 αύτῷ
2763 2121 2955 2191 μετῆν,
3006 2121 3170 2190 ἡμεῖς
3213 2118 3257 2171 δ’
3291 2116 3665 2186 αἰσχυνόμεθα
3712 2117 3851 2185 ὑπὲρ

2261 2216 2560 2289 ῥητορικῆς
2608 2214 2880 2283 λέγοντες,
2928 2212 3003 2282 μή
3059 2227 3145 2274 τις
3192 2209 3238 2262 δ’
3282 2211 3488 2263 ἐκεῖνον
3526 2207 3845 2278 ἀχθεσθείη.

2258 2311 2441 2381 Χωρῖς
2469 2308 2527 2362 δὲ
2568 2307 2796 2373 τούτων,
2837 2307 2887 2358 εἰ
2935 2304 3033 2375 μὲν
3079 2302 3244 2374 μηδὲν
3277 2302 3557 2355 ἀντειπεῖν
3583 2301 3688 2366 δεῖ,
3735 2299 3849 2353 ἀλλ’

2259 2403 2474 2474 ἐρήμην
2524 2397 2825 2453 ἑαλωκέναι
2887 2395 3141 2465 καθάπερ
3204 2396 3261 2447 ὲν
3318 2390 3699 2463 δικαστηρίῳ,
3758 2390 3849 2444 καὶ

2256 2494 2431 2551 ταῦτα
2462 2493 2507 2526 ³⁵
2536 2491 2712 2562 λόγων
2748 2490 2948 2561 τέχνην
2977 2489 3167 2553 οὖσαν,
3213 2485 3340 2540 ἄλλο
3382 2503 3437 2538 τι
3474 2484 3625 2537 τοῦτ’
3655 2483 3724 2537 ἂν
3764 2482 3847 2551 εἴη

2257 2588 2632 2658 τούπίταγμα.
2660 2586 2723 2640 Et
2768 2584 2812 2638 δ’
2850 2583 2999 2637 ἐστιν
3041 2582 3222 2635 ὅντινα
3259 2578 3358 2643 δεῖ,
3399 2577 3591 2649 σχεδὸν
3625 2577 3760 2647 ἡμῖν
3788 2576 3849 2628 ἂν

2259 2682 2461 2752 πρέποι
2496 2682 2564 2743 ’⁵,
2594 2678 2683 2731 ἴνα
2710 2677 2806 2732 καὶ
2847 2674 2909 2728 τὸ
2944 2675 3154 2728 δίκαιον
3193 2670 3355 2734 εὐθὺς
3394 2672 3452 2723 ὲν
3496 2668 3651 2738 αὑτῷ
3680 2666 3851 2735 τούτῳ

2260 2771 2463 2846 πρώτῳ
2488 2770 2774 2840 δείξωμεν,
2804 2761 2865 2819 οῦ
2897 2765 3318 2837 προεστήκαμεν
3344 2779 3359 2793 ⁸
3388 2761 3465 2821 ὡς
3494 2761 3645 2814 ἐστιν
3673 2761 3737 2813 ού
3764 2760 3850 2813 λό·

2260 2882 2356 2934 γον
2390 2864 2582 2929 σῶζον,
2618 2862 2748 2932 παρ’
2779 2855 2847 2931 ἦς
2876 2858 2938 2912 τὸ
2964 2859 3075 2922 τοῖς
3098 2855 3279 2919 ἀλλοις
3303 2854 3691 2924 συναγορεύειν
3716 2855 3850 2913 ἐστὶ,

2259 2956 2431 3026 ταύτῃ
2460 2954 2571 3007 τῶν
2614 2952 2745 3024 παρ’
2778 2950 2953 3020 αὐτῆς
3001 2949 3077 3020 μὴ
3121 2946 3467 3018 μεταδοῦναι,
3520 2945 3662 3000 ἀλλά
3710 2946 3852 2998 δυεῖν

2262 3047 2511 3119 θάτερον,
2544 3046 2577 3117 ἢ
2608 3044 2853 3099 τοιοῦτον
2888 3039 3028 3097 εἶναι
3074 3041 3255 3094 δοκεῖν
3286 3040 3455 3108 αὐτὴν
3483 3032 3597 3092 οἷον
3635 3038 3685 3070 ⁸⁸
3710 3037 3850 3091 Πλά-

2260 3154 2367 3192 των
2403 3135 2749 3207 βεϐούληται,
2796 3134 2831 3205 ἢ
2865 3130 3107 3187 τοιοῦτόν
3137 3131 3189 3196 γ’
3215 3130 3261 3160 "
3306 3124 3447 3182 εἶναι
3493 3129 3673 3182 δοκεῖν
3706 3127 3854 3195 mea.

2264 3247 2376 3284 σαι.
2401 3229 2477 3284 Οὐ
2511 3228 2620 3297 γάρ
2670 3228 2820 3280 ἐστιν
2862 3224 2921 3278 ἓν
2962 3222 3197 3277 τοῦτο⁷²⁸
3221 3220 3251 3274 ὃ
3283 3220 3583 3291 πανταχοῦ,
3629 3221 3713 3272 ὅτι
3758 3219 3853 3279 τὰς

574 3310 758 3376 αἰτίας
786 3315 819 3385 ἡ
848 3319 1025 3391 σιωπὴ
1055 3318 1293 3391 βεϐαιοῖ·
1343 3325 1461 3379 ἀλλ’
1488 3326 1607 3398 ἅμα
1663 3329 1773 3384 τῶν
1815 3349 1873 3385 τε
1914 3333 2138 3386 δικαίων
2174 3330 2235 3385 ού
2276 3332 2543 3400 τεύξεται,
2580 3332 2674 3385 καὶ⁵
2720 3331 2785 3385 τὸ
2810 3328 3006 3401 σεμνδν
3052 3326 3222 3395 αὐτῆς
3271 3324 3358 3379 ἐπ’
3398 3320 3566 3390 αὐτῆς
3593 3319 3639 3350 ¹⁹
3671 3313 3857 3383 ἐξελή-

573 3403 824 3473 λεγκται.
852 3410 1004 3477 Δόξει
1027 3412 1135 3483 γὰρ
1159 3415 1257 3486 οὐχ
1276 3416 1364 3469 οἵα
1389 3435 1448 3470 τε
1476 3418 1615 3474 εἶναι
1642 3421 1837 3488 σώζειν
1866 3426 1934 3478 τά
1954 3425 2160 3483 δίκαια.

650 3501 708 3555 In
756 3503 840 3557 his
882 3504 1022 3558 nulla
1060 3522 1282 3576 prorsus
1312 3512 1456 3566 inest
1497 3512 1915 3582 demonstratio,
1946 3535 2046 3574 nec
2072 3536 2162 3574 ar-
2192 3526 2234 3585 C

576 3603 891 3662 gementum
924 3600 1317 3665 necessarium,
1362 3603 1456 3657 sed
1496 3620 1593 3675 pro
1620 3610 1895 3665 concessis
1931 3626 2159 3667 sumun-

580 3694 691 3753 tur,
735 3688 802 3741 de
844 3689 1041 3757 quibus
1086 3701 1203 3745 erat
1251 3695 1404 3759 prius
1448 3698 1855 3767 disputandum,
1894 3705 2051 3771 quasi
2095 3705 2163 3761 ab

578 3778 917 3834 auditoribus
959 3796 1022 3836 ea
1073 3783 1174 3837 sibi
1223 3784 1342 3841 dari
1392 3790 1657 3857 petiisset.
1706 3793 1869 3864 Atqui
1903 3797 1948 3851 si
1992 3813 2056 3853 ea
2097 3800 2163 3854 de

578 3869 778 3940 quibus
804 3878 1069 3941 quaeritur
1090 3876 1376 3933 ridiculum
1407 3891 1491 3936 est
1512 3898 1610 3951 pro
1637 3888 1912 3943 concessis
1935 3905 2160 3959 ponere,

576 3965 848 4055 quomodo
881 3968 966 4022 vel
1004 3984 1215 4039 azquum
1246 3975 1316 4027 sit
1359 3988 1421 4030 ea
1449 3993 1570 4047 qua:
1606 3979 1891 4036 ridiculum
1919 3983 1993 4038 sit
2024 4000 2166 4055 quae-

576 4066 724 4119 rere,
756 4052 915 4110 initio
951 4073 1192 4125 ponere:
1249 4063 1333 4117 vel
1367 4082 1474 4121 non
1513 4068 1821 4139 ridiculum,
1860 4052 2164 4132 utrunrars

577 4143 794 4200 dicendi
827 4157 882 4202 et
911 4153 1179 4221 coquendi
1212 4154 1449 4222 ejusdem
1481 4161 1591 4216 sint
1618 4174 1851 4232 naturae,
1875 4170 2165 4237 quaerere?

578 4233 651 4289 At
690 4236 807 4305 ipse
879 4238 983 4295 hoc
1050 4250 1258 4299 tantum
1292 4246 1491 4318 alla
1531 4267 1851 4310 concessum
1893 4233 2162 4328 sumpsit.

575 4324 793 4382 Licebit
831 4340 1014 4387 autem
1059 4334 1111 4391 id
1152 4350 1503 4408 cognoscere,
1535 4343 1580 4398 si
1613 4347 1737 4412 quis
1778 4348 1993 4404 sublato
2034 4324 2166 4406 rhe-

578 4419 770 4474 toricae
797 4423 1034 4488 nomine,
1072 4425 1463 4498 philosophiam
1514 4433 1566 4487 in
1596 4435 1715 4503 ejus
1756 4437 1932 4493 locum
1967 4441 2167 4495 substi-

2353 3517 2620 3573 Ἐνταῦθα
2649 3518 2695 3551 ³ο
2722 3515 2999 3580 ἀπόδειξις
3035 3514 3132 3585 μὲν
3160 3510 3271 3565 οὐδ’
3303 3505 3524 3579 ἡτισοῦν
3549 3504 3764 3557 ἔνεστιν
3789 3502 3855 3555 ⁸⁸.

2269 3612 2379 3667 οὐδ’
2437 3611 2659 3682 ἐλεγχος
2706 3610 2924 3683 ἀνάγκῃ
2979 3601 3363 3678 προεληλυθώς
3388 3617 3403 3631 θ
3456 3598 3751 3651 ὑπόκειται
3799 3593 3854 3648 δὲ

2268 3702 2454 3767 ἁπλῶς
2478 3702 2667 3770 ὥσπερ
2693 3700 2832 3766 ἐξὸν,
2863 3717 2922 3753 ου
2951 3699 2994 3730 ³⁸
3024 3697 3192 3759 πολὺς
3211 3691 3279 3765 ἦν
3309 3694 3353 3725 ³³
3381 3690 3539 3762 ἱδρὼς
3566 3688 3853 3760 πρότερον,

2266 3794 2417 3848 οὐδὲν
2448 3792 2811 3863 διαφερόντως
2844 3791 2887 3823 ³⁵
2918 3792 2951 3860 ἢ
2994 3791 3041 3842 εἰ
3067 3788 3230 3859 χάριν
3251 3787 3373 3857 ᾔτει
3395 3784 3523 3845 τοὺς
3554 3780 3853 3839 ἀκούοντας

2267 3886 2443 3941 ταῦτα
2469 3884 2846 3955 συγχωρῆσαι.
2882 3880 3076 3935 Καίτοι
3104 3881 3151 3932 εἰ
3182 3879 3250 3932 τὰ
3281 3875 3589 3947 ζητούμενα
3618 3872 3697 3933 ὡς
3725 3872 3854 3939 ὀμο-

2268 3976 2573 4047 λογούμενα
2613 3972 2968 4028 ὑποτίθεσθαι
2998 3972 3194 4041 γέλως,
3236 3968 3352 4031 πῶς
3386 3964 3555 4028 εἰκὸς,
3597 3962 3721 4032 ἆγε
3761 3960 3857 4028 ζη-

2266 4072 2379 4124 τεῖν
2404 4069 2599 4138 γέλως,
2628 4066 2804 4122 ταῦτα
2855 4064 2915 4129 ἐξ
2947 4065 3121 4135 ἀρχῆς
3171 4060 3561 4122 ὐποτὶθεσθαι;
3597 4056 3718 4117 πῶς
3749 4054 3858 4123 γὰρ

2268 4164 2328 4218 ού
2363 4162 2558 4233 γέλως,
2588 4162 2638 4215 εἰ
2676 4160 2774 4231 τῆς
2820 4158 2988 4228 αὐτῆς
3042 4156 3257 4226 φύσεως
3292 4150 3558 4225 ῥητορικὴ
3586 4148 3685 4203 καὶ
3730 4146 3859 4215 ὀψο-

2268 4253 2550 4327 ποιητικὴ,
2581 4253 2765 4324 ζητεῖν
2786 4268 2801 4317 ;
2824 4252 2854 4304 ὁ
2877 4251 2933 4304 δὲ
2961 4249 3149 4318 ῶσπερ
3176 4243 3612 4341 ὁμολογούμενον
3636 4240 3862 4341 εἴληφεν

2268 4348 2421 4403 αὐτό.
2452 4345 2611 4416 Γνοιη
2648 4344 2693 4398 δ’
2732 4343 2798 4398 ἀν
2828 4360 2913 4406 τις
2966 4340 3214 4406 ἐκείνως,
3244 4339 3294 4391 εἴ
3324 4337 3384 4390 τὸ
3415 4334 3515 4404 τῆς
3554 4334 3857 4403 ῥητορικῆς

2268 4440 2439 4510 ὄνομα
2463 4436 2660 4504 ἐξελὼν
2691 4435 2752 4488 τὸ
2783 4434 2883 4505 τῆς
2933 4431 3250 4501 φιλοσοφίας
3292 4426 3407 4482 ἀντ’
3440 4424 3652 4479 ἐκείνου
3686 4423 3857 4489 ὄνομα

579 4518 723 4578 tuat,
772 4521 933 4581 atque
972 4516 1047 4571 ita
1097 4518 1287 4574 iisdem
1334 4530 1518 4579 utatur
1558 4528 1834 4584 onmibus.
1882 4528 1992 4586 Nec
2039 4548 2159 4590 vero

2275 4531 2568 4603 μεταλάϐοι
2592 4529 2659 4593 ³⁸,
2695 4527 2790 4582 καὶ⁵
2829 4526 2923 4580 ἐπὶ
2966 4524 3140 4594 τούτῳ
3170 4524 3306 4576 πᾶσι
3339 4522 3451 4582 τοῖς
3499 4518 3683 4577 αὐτοῖς
3719 4515 3857 4583 χρὴ·

580 4602 665 4657 vel
722 4607 984 4662 rusticum
1037 4610 1351 4680 quisquam,
1398 4617 1482 4671 vel
1542 4617 1796 4690 frigidum
1846 4624 1990 4679 hunc
2047 4626 2163 4687 fore

580 4709 892 4751 sermonem
948 4700 1239 4758 existimet.
1293 4705 1533 4762 Primum
1581 4712 1724 4765 enim
1760 4729 1888 4768 cum
1931 4715 2160 4770 duarum

578 4788 780 4842 artium
828 4790 911 4845 vel
938 4790 1297 4864 facultatum,
1339 4814 1434 4855 eos
1464 4802 1552 4871 qui
1598 4803 1824 4859 alteram
1858 4818 2160 4875 sectantur,

576 4878 727 4935 side
775 4881 965 4938 alteris
1007 4888 1281 4956 quidpiam
1314 4905 1473 4948 secus
1516 4895 1778 4964 dixerint,
1812 4899 1946 4954 nihil
1994 4901 2161 4957 inele-

577 4979 774 5038 ganter
811 4989 975 5044 agere
1000 4976 1198 5034 dicturi
1230 4998 1439 5049 sumus,
1474 4985 1660 5043 alteris
1694 4991 1886 5047 merito
1917 4995 2160 5050 eamdem

578 5063 944 5122 concedentes
987 5068 1311 5129 defendendi
1356 5077 1641 5137 rationem.
1702 5084 1900 5139 Deinde
1930 5101 2036 5141 non
2083 5086 2165 5141 of-

580 5151 753 5209 fensae
781 5159 977 5227 gratia,
1013 5163 1105 5216 sed
1149 5167 1654 5237 demonstrationis,
1688 5190 1809 5246 qua:
1837 5176 1888 5231 in
1924 5179 2006 5233 his
2037 5195 2163 5236 nus.

582 5260 745 5315 quam
776 5260 1022 5319 apparet,
1051 5255 1378 5324 proferetur.

2273 4641 2447 4678 σαιτο.
2479 4622 2590 4677 Καὶ
2638 4620 2826 4690 μηδεὶς
2866 4617 2991 4689 μήτ’
3031 4614 3321 4688 ἀγροικίαν
3372 4612 3510 4682 μήτε
3536 4606 3857 4678 ψυχρότητα

2271 4714 2527 4786 καταγνῷ
2571 4710 2668 4765 τοῦ
2716 4711 2901 4779 λόγου.
2927 4698 3179 4763 Μάλιστα
3238 4706 3336 4777 μὲν
3373 4705 3482 4774 γὰρ
3530 4701 3592 4754 οὐ
3636 4700 3699 4769 δὴ
3754 4714 3857 4749 που

2269 4813 2413 4866 δυοῖν
2462 4806 2803 4877 ὲπιστήμαιν
2849 4803 2883 4874 ἢ
2919 4803 3206 4869 δυνάμεοιν
3236 4801 3349 4861 τοῖς
3387 4796 3487 4867 μὲν
3526 4793 3629 4863 τῆς
3663 4790 3858 4860 ἑτέρας

2272 4900 2697 4973 προϊσταμένοις
2730 4899 2776 4931 ⁸⁸
2813 4897 2921 4951 οὐδ’
2953 4895 3018 4949 ἂν
3061 4891 3239 4948 ὁτιοῦν
3273 4885 3669 4962 βλασφημῶσιν
3694 4883 3738 4915 ³⁷
3779 4883 3858 4944 εἰς

2270 4996 2394 5058 τοὺς
2425 4994 2671 5063 ἑτέρους,
2702 4991 2855 5046 οὐδὲν
2890 4990 3149 5060 ἄγροικον
3182 4986 3398 5039 ὑπεῖναι
3446 4977 3857 5077 φήσομεν,.τοῖς

2270 5089 2317 5141 δ’
2340 5087 2460 5140 οὐδὲ
2488 5089 2601 5150 τοῖς
2623 5086 2810 5149 αὐτοῖς
2833 5080 3136 5154 ἀμύνεσθαι
3160 5078 3405 5145 δώσομεν
3430 5092 3446 5106 ·
3475 5072 3648 5126 ἔπειτ’
3678 5070 3739 5123 ού
3767 5070 3855 5121 τοῦ

2274 5177 2536 5248 φορτικοῦ
2566 5178 2729 5249 χάριν
2758 5172 3063 5247 εἰρήσεται,
3092 5170 3232 5226 ἁλλά
3264 5170 3364 5240 τῆς
3393 5165 3757 5239 ἕάποδείξεως,
3791 5162 3856 5232 ἢν

2272 5269 2510 5341 οὐδαμοῦ
2541 5270 2752 5333 τούτοις
2776 5267 2915 5324 εἶναι
2952 5283 3156 5336 φαμεν.

1844 5430 2072 5488 νΑῐιΙΑῦ
2106 5432 2512 5490 LECTIONES.

653 5576 772 5612 “'"
792 5583 920 5655 περὶ
954 5583 1165 5639 πολλῶν
1202 5600 1313 5644 om.
1344 5587 1406 5644 Β.

653 5665 685 5703 υ
716 5668 778 5711 ς’.
881 5655 924 5685 ²¹
954 5656 1050 5709 καὶ
1096 5655 1228 5711 γὰρ]
1277 5676 1330 5711 ο.
1397 5664 1406 5711 i

579 5665 685 5705 που
713 5668 778 5733 ς.
881 5656 924 5685 “
954 5656 1050 5709 καὶ
1096 5656 1241 5784 γὰρὲ
1277 5676 1330 5731 p.
1397 5661 1450 5717 8.
1564 5665 1610 5695 "
1637 5656 1912 5735 φαίνεται]
1957 5667 1967 5719 i

579 5720 648 5805 Βζ
671 5724 1026 5805 ἀνατρέπειν
1057 5727 1134 5805 A__
1154 5744 1203 5805 :_
1242 5746 1271 5783 v
1296 5732 1479 5805 πρέπῃ
1513 5751 1573 5800 ς.
1682 5736 1727 5768 ’⁸
1752 5736 1871 5791 οἵαν
1900 5739 1967 5792 Α.

1510 5590 1551 5623 ⁸⁷
1574 5592 1716 5650 εἴποι
1781 5612 1840 5659 ς.

1956 5566 2152 5669 ξδ’δοκῇ
2197 5598 2239 5651 Β
2281 5613 2294 5651 :
2334 5599 2509 5669 ,δοκεῖ
2544 5616 2605 5663 ς.

1564 5665 1610 5695 ’⁸
1637 5664 1912 5735 φαίνεται]
1957 5667 2103 5721 δοκεῖ
2128 5664 2202 5722 Ἄ.
2303 5668 2349 5701 ³³
2380 5674 2466 5794 τιὲ

1564 5775 1573 5789 .
1682 5736 1727 5768 ’⁸
1752 5736 1871 5791 οἵαν
1900 5739 1967 5792 Α.
2067 5738 2112 5770 ³⁷
2141 5741 2192 5807 γ’
2224 5739 2370 5807 “add.
2473 5779 2487 5793 .

2718 5595 2761 5629 "
2792 5593 3103 5683 ἔκρθέιεὶθαι
3162 5589 3649 5683 ληϊβῊὲ
3704 5588 3857 5683 ⁵.λὲιῇ

2792 5667 2837 5699 ’δ
2864 5662 3015 5719 ταῦτ’
3062 5681 3123 5729 ς.
3251 5662 3297 5694 ’⁸
3319 5662 3387 5716 ἂν
3447 5662 3649 5731 πρέποι
3711 5672 3854 5714 corr.

2792 5735 2939 5800 οὖτο]
2985 5736 3053 5789 ὲνι
3110 5733 3286 5800 τούτῳ
3318 5734 3380 5788 Β.
3469 5732 3537 5800 ﬂ”
3562 5729 3651 5783 ἐπ’
3682 5731 3863 5800 ,αὐτῆς

2303 5668 2349 5701 sa
2380 5686 2429 5722 τι

2504 5686 2567 5738 γε
2621 5670 2683 5722 Α.

2598 5741 2643 5772 ⁸⁸
2670 5738 2729 5791 ἓν
2757 5735 2939 5804 τοῦτο]

580 5775 706 5846 εδει.
738 5775 861 5888 Αἲξ
879 5775 1283 5888 agema}.
1302 5775 2049 5888 τεπιιδειεςῖινῑῖέτίξζλε
2115 5775 2166 5888 εξ
2190 5775 2370 5888 .5323
2401 5775 2494 5888 sit
2545 5811 2591 5845 η
2610 5775 3066 5888 ἦξῖηῖιῖῖᾼῖλρῖιέι
3097 5775 3435 5888 istaista
3466 5799 3530 5888 ρ.
3562 5775 3654 5888 ’ρει
3675 5775 3861 5888 eiciet:

583 5863 851 5964 ff??an-
925 5870 979 5947 ”_
996 5863 1287 5964 μεταλάϐοι
1334 5873 1375 5929 Β
1416 5890 1428 5929 :
1462 5863 1766 5946 μεταϐάλοῖ
1783 5895 1845 5945 ς·
1921 5878 1966 5913 ⁸⁸
1992 5863 2089 5951 τῆς
2144 5863 2786 5954 ἑτέβαςνπροῖσταιῖἐνοις
2838 5878 2875 5931 Β
2905 5863 2960 5935 ’τ’
2994 5876 3092 5951 τὴν
3142 5863 3335 5948 ἑτέραν
3370 5863 3859 5944 προϊστάμενοςς.

661 5928 1071 6001 βλασφημοῦσιν
1101 5940 1164 5994 Α.
