4104 6448
314 410 339 475 1
352 408 452 477 193

1380 411 1901 474 BIBLIOTHECA.
1939 433 2008 448 ··-
2029 412 2192 474 COD.
2221 412 2539 475 CCXLVII.

3425 409 3562 475 149i

382 522 571 594 Πολλῷ
619 522 768 594 μέντ’
811 524 879 578 ἂν
927 523 1089 581 πλέον
1135 523 1359 580 ἐκείνων
1406 527 1748 595 ἐλλείποιμεν
1789 526 1881 579 τοῦ

2057 528 2234 596 Atque
2267 527 2437 595 magis
2464 527 2632 581 multo
2656 526 2978 593 videbimus,
3008 526 3053 584 si
3086 526 3351 583 rationem
3385 526 3557 581 relin-

310 618 608 683 σωφρονεῖν
640 616 708 671 ³⁸.
743 616 952 672 Οὐκοῦν
982 619 1133 689 παρὰ
1164 619 1381 673 πάντων
1413 620 1490 683 ὡς
1530 619 1657 691 [6'70
1690 620 1782 693 [1.]
1814 623 1890 674 si-

309 707 432 759 πεῖν
472 706 582 760 τῶν
633 706 770 760 θεῶν
821 708 1097 779 μαρτυρία
1144 709 1239 761 atati.
1290 708 1471 778 ψῆφος
1513 710 1747 780 ἐπῆκται
1792 710 1887 765 τοῦ

311 798 540 867 μηδενὸς
570 799 719 865 ἄξιον
758 796 898 854 εῖναι
932 800 1022 855 τὸν
1061 801 1302 855 τοιοῦτον
1323 802 1500 870 λόγον,
1538 804 1685 867 ὅστις
1724 803 1756 874 ἢ
1790 805 1889 875 τὴν

305 890 504 961 τέχνην
531 894 684 961 ζητεῖ
714 892 745 963 ἢ
781 893 1039 962 φαυλίζει
1063 895 1122 948 τὸ
1151 896 1226 966 μὴ
1262 897 1359 950 σὺν
1385 895 1558 967 ταύτῃ
1589 897 1884 967 πανταχοῦ.

307 978 422 1036 Εἷς*
471 984 515 1017 ³⁸
544 980 657 1049 οὖν,
685 982 730 1038 ὦ
760 984 897 1056 πρὸς
927 986 1069 1053 Διὸς,
1102 988 1160 1040 ἐν
1191 988 1374 1059 μέτρῳ
1403 976 1511 1058 μὲν
1544 990 1713 1042 είπεῖν
1754 1007 1887 1059 μου-

308 1073 748 1146 σοληπτούμενον
780 1077 909 1131 ἄνευ
932 1078 1123 1149 τέχνης
1155 1080 1215 1132 οὐ
1248 1080 1441 1144 δεινὸν,
1468 1079 1603 1133 ἀλλὰ
1628 1082 1718 1134 καὶ
1747 1080 1887 1134 Θεῖον

307 1166 570 1231 πολλάκις
613 1169 824 1241 (ὥσπερ
856 1172 906 1224 οί
952 1172 1177 1242 ῥήτορες
1221 1173 1312 1240 η),
1365 1173 1563 1227 οὑτωσὶ
1604 1174 1661 1227 δὲ
1712 1176 1886 1229 εἰπεῖν

305 1257 376 1309 τὰ
407 1257 660 1328 βέλτιστα
684 1261 875 1327 δεινὸν,
904 1262 999 1317 ἐὰν
1037 1263 1109 1334 μὴ
1137 1266 1234 1319 σὺν
1253 1264 1454 1338 τέχνῃ;
1489 1264 1630 1333 Ἐγὼ
1656 1266 1754 1336 μὲν
1776 1266 1885 1337 γὰρ

303 1347 405 1417 οὐχ
438 1350 548 1418 ὁρῶ
574 1350 675 1421 τὴν
698 1352 964 1424 ἀνάγκην.
1000 1354 1127 1418 Πῶς
1157 1354 1264 1424 γὰρ
1285 1357 1385 1410 οὐκ
1410 1357 1630 1421 ἄτοπον,
1655 1359 1704 1411 εἰ
1728 1359 1756 1411 ὁ
1787 1358 1885 1429 μὲν

305 1444 542 1514 ποιητὴς
574 1444 702 1498 ἄνευ
723 1446 920 1517 τέχνης
943 1449 1113 1503 ποιῶν
1145 1451 1322 1519 ὀρθῶς
1350 1452 1439 1504 τὸν
1476 1453 1681 1523 ῥήτορα
1716 1454 1886 1525 μιμή-

307 1548 463 1585 σεται
502 1534 596 1587 καὶ
626 1537 695 1588 τὰ
729 1536 983 1604 βέλτιστα
1013 1540 1132 1609 ἐρεῖ
1163 1540 1229 1605 “,
1259 1541 1286 1592 ὁ
1319 1543 1505 1612 ῥήτωρ
1530 1541 1575 1595 δ’
1600 1543 1762 1607 αὐτὸς
1786 1545 1885 1598 οὐκ

303 1624 424 1692 ἐρεῖ
461 1624 530 1677 τὰ
557 1626 831 1697 βέλτιστα,
864 1629 958 1683 ἐὰν
985 1630 1059 1702 μὴ
1087 1632 1184 1685 σὺν
1208 1632 1254 1663 δ’
1290 1634 1490 1707 τέχνῃ;
1519 1632 1582 1687 Εἰ
1611 1635 1788 1688 τοίνυν
1814 1636 1885 1701 ⁵³,

302 1710 351 1769 ὦ
384 1715 487 1771 Ζεῦ
516 1719 609 1773 καὶ
635 1719 768 1785 θεοὶ,
801 1722 969 1791 μανία
996 1724 1078 1786 τίς
1102 1725 1250 1778 ἐστιν
1270 1725 1508 1796 ἀμείνων
1534 1726 1886 1798 σωφροσύνης

301 1807 401 1860 καὶ
438 1810 590 1881 παρὰ
640 1811 777 1865 Θεῶν
829 1813 1139 1886 ἀνθρώποις
1186 1818 1523 1889 γιγνομένη,
1575 1820 1692 1882 πῶς
1736 1820 1884 1883 ἄξιον

301 1901 414 1953 πᾶν
452 1918 514 1969 γε
552 1901 597 1934 ⁸⁸
625 1903 687 1956 τὸ
716 1905 790 1974 μὴ
826 1905 990 1980 τέχνῃ
1023 1908 1304 1978 γινόμενον
1332 1910 1538 1979 ψέγειν,
1570 1911 1601 1979 ἢ
1636 1911 1753 1974 πῶς
1782 1915 1880 1981 ρη-

297 1992 528 2064 τορικὴν
554 1994 741 2057 ἁπλῶς
771 1997 815 2031 ⁸⁸
856 1999 1079 2069 αίσχρδν
1119 1999 1409 2069 ἡγεῖσθαι;
1466 2001 1606 2054 Ἀλλ’
1649 2000 1793 2055 ἔστιν
1834 2003 1879 2034 ⁸⁸

298 2078 363 2137 οὗ
405 2089 498 2138 καὶ
525 2086 907 2159 λαμπρότερον
950 2091 1044 2144 καὶ
1080 2091 1485 2163 Θεοφιλέστερον
1520 2090 1659 2148 εἶναι
1701 2095 1762 2148 τὸ
1803 2096 1877 2168 μὴ

297 2176 572 2230 δουλεύειν
594 2182 777 2252 τέχνῃ.
809 2182 1006 2250 Σαφῶς
1031 2185 1136 2257 γὰρ
1167 2186 1366 2238 οὑτωσὶ
1396 2186 1622 2241 Πλάτων
1648 2188 1872 2258 διορίζε-

296 2284 411 2331 ται,
454 2268 514 2321 τὸ
559 2269 633 2341 μὴ
662 2271 772 2324 δεῖν
801 2273 893 2326 ἐπὶ
921 2273 1028 2327 τῶν
1058 2276 1330 2345 μεγίστων
1370 2278 1569 2348 τέχνην
1600 2279 1781 2348 ζητεῖν
1809 2281 1875 2335 ⁸⁷.

296 2356 410 2410 Καὶ
436 2358 542 2428 μὴν
567 2358 611 2391 ⁵⁸
643 2361 691 2412 εἰ
731 2362 828 2431 μὲν
850 2361 1162 2428 ἀξιόπιστος
1193 2366 1438 2433 Πλάτων,
1474 2369 1635 2433 αὐτός
1659 2371 1703 2402 δ’
1733 2373 1878 2425 ἐστιν

294 2452 327 2503 ὁ
364 2452 439 2524 μὴ
472 2454 645 2518 διδοὺς
668 2458 733 2528 τῇ
766 2458 925 2532 τέχνῃ
954 2459 999 2490 ⁸⁰
1029 2460 1100 2514 τὰ
1132 2462 1395 2531 πρεσὸεῖα
1414 2479 1429 2494 ⁸
1454 2466 1501 2518 εί
1525 2465 1580 2518 δέ
1616 2464 1698 2538 [τὸ
1726 2465 1876 2531 ἀξιόι

296 2560 493 2598 πιστον
538 2542 605 2618 ἦν
643 2546 730 2620 ἂν]
767 2550 887 2603 οὐδὲ
933 2551 978 2582 ⁸¹
1016 2550 1178 2606 τοῦτό
1224 2572 1304 2618 τις
1345 2559 1620 2629 συγχωρεῖ
1656 2559 1723 2623 δ’,
1760 2559 1879 2622 πῶς

301 2638 571 2708 ῥητορικὴ
604 2639 689 2692 διὰ
710 2641 837 2703 τοὺς
859 2642 1069 2709 ἐκείνου
1096 2643 1288 2712 λόγους
1317 2647 1572 2717 αίσχρόν;
1598 2647 1747 2719 [1241
1784 2648 1875 2721 8.]

308 2727 455 2796 Ἐγὼ
503 2729 559 2783 δὲ
619 2730 929 2796 ἀξιόπιστον
970 2733 1069 2804 μὲν
1113 2738 1224 2799 τοῖς
1256 2736 1398 2801 ὅλοις
1450 2739 1663 2804 οὐδενὸς
1717 2735 1877 2813 ἦττον

295 2821 410 2873 τῶν
445 2822 493 2854 ⁸⁸⁸
532 2822 797 2894 Ἑλλήνων
826 2825 873 2857 ⁸⁵
912 2827 1179 2898 ἡγοῦμαι,
1229 2830 1399 2900 ἡδέως
1444 2830 1489 2884 δ’
1535 2831 1600 2886 ἂν
1650 2834 1877 2904 ἐροίμην

292 2916 425 2977 τοὺς
454 2915 592 2985 πρὸς
625 2917 836 2971 ἐκείνου
878 2918 1062 2991 πότερ’
1092 2923 1140 2953 ⁸⁸
1180 2922 1329 2993 αὑτῷ
1364 2923 1564 2992 μᾶλλον
1602 2924 1877 2979 πιστεύειν

294 3007 468 3072 ἄξιον,
526 3008 694 3063 ταῦτα
736 3010 767 3081 ἢ
803 3014 955 3065 κεῖνα
998 3012 1064 3067 ⁸⁸.
1102 3014 1210 3067 Καὶ
1267 3016 1374 3085 μὴν
1419 3017 1467 3069 εἰ
1518 3016 1588 3069 τὰ
1641 3017 1879 3086 μάλιστα

298 3100 498 3168 σεμνός
537 3103 674 3167 ἐστι,
715 3103 966 3170 φαίνεται
1018 3107 1313 3179 μαρτυρῶν
1357 3111 1512 3179 ἡμῖν,
1558 3109 1698 3163 ὥστε
1737 3110 1877 3181 ὑπὲρ

1990 633 2238 686 quamus.
2289 618 2406 687 Quo
2458 617 2537 682 lit,
2571 626 2631 672 ut
2663 632 2854 673 omnes
2887 618 3277 688 propemodum
3322 618 3394 672 dii
3436 618 3555 673 suf-

1992 709 2162 778 fragio
2193 724 2292 773 suo
2319 718 2605 771 testentur,
2634 711 3079 765 contemnendam
3109 726 3231 766 esse
3255 709 3555 765 orationem

1989 812 2109 852 eam
2142 813 2260 867 quae
2282 798 2364 853 vel
2395 809 2566 853 artem
2595 800 2809 868 qumrit,
2839 798 2922 853 vel
2958 800 3011 854 id
3035 800 3177 869 quod
3208 816 3328 855 cum
3361 816 3423 856 ea
3451 816 3557 855 non

1988 889 2059 944 sit
2081 890 2450 957 coniunctum,
2483 893 2771 962 vituperat.
2802 891 2942 962 Ergo
2972 893 3017 946 si
3044 894 3166 960 quis
3194 909 3410 949 carmen
3441 895 3560 949 sine

1989 991 2108 1036 arte
2142 981 2353 1050 fecerit,
2402 984 2508 1039 hoc
2556 999 2661 1038 non
2701 984 2934 1050 dillicile,
2989 986 3082 1039 sed
3128 986 3368 1040 divinum
3416 999 3559 1055 sa‘pe

1984 1071 2317 1141 judicabitur
2360 1075 2854 1143 (quemadmodum
2899 1076 3144 1130 rhetores
3175 1075 3316 1145 sint)
3356 1076 3558 1144 optime

1987 1164 2106 1218 sine
2152 1172 2291 1220 arte-
2320 1152 2538 1229 dixerit,
2589 1180 2836 1236 magnum
2877 1166 3026 1221 erit?
3067 1166 3323 1235 Equidem
3374 1182 3473 1220 cur
3504 1166 3558 1221 id

1989 1256 2082 1310 ﬁat
2118 1272 2223 1312 non
2269 1257 2445 1314 video.
2488 1258 2796 1312 Absurdum
2849 1259 2991 1312 enim
3029 1258 3189 1324 foret,
3242 1273 3361 1311 cum
3400 1267 3558 1323 poeta

1986 1352 2104 1405 sine
2133 1360 2251 1406 arte
2280 1361 2551 1407 oratorem
2598 1352 2766 1421 possit
2799 1351 2997 1405 imitari
3031 1359 3086 1406 et
3123 1351 3325 1421 Optime
3352 1350 3554 1414 dicere,

1986 1444 2031 1499 si
2064 1453 2249 1498 orator
2282 1448 2395 1513 Ipse
2432 1444 2551 1497 sine
2582 1452 2698 1498 arte
2743 1445 2943 1512 optime
2988 1444 3171 1498 dicere
3211 1458 3319 1497 non
3366 1442 3557 1512 possit.

1985 1536 2139 1604 Quod
2173 1537 2217 1592 si
2255 1551 2405 1607 ergo,
2435 1535 2645 1605 Jupiter
2683 1552 2747 1591 ac
2794 1537 2864 1591 dii
2899 1552 3107 1601 omnes,
3156 1538 3306 1591 furor
3351 1544 3435 1590 est
3469 1535 3558 1589 ali-

1985 1628 2109 1698 quis
2147 1643 2282 1683 sana
2332 1639 2513 1683 mente
2556 1629 2771 1694 melior,
2811 1630 3010 1699 quique
3060 1630 3318 1685 divinitus
3352 1631 3555 1685 homini

1986 1722 2239 1787 donetur,
2260 1736 2358 1776 cur
2384 1722 2435 1775 id
2462 1737 2623 1776 omne
2644 1722 2783 1792 quod
2817 1732 2934 1777 arte
2964 1732 3148 1778 careat
3171 1724 3555 1794 vituperemus,

1987 1823 2078 1867 aut
2125 1829 2222 1868 cur
2283 1814 2609 1868 rhetoricam
2677 1824 2886 1884 turpem
2938 1826 3143 1870 temere
3202 1814 3561 1870 duxerimus?

1991 1906 2094 1959 Sed
2127 1906 2322 1960 alicubi
2356 1906 2668 1973 praeclarius
2692 1922 2811 1962 esse
2838 1921 2901 1961 ac
2933 1907 3033 1961 diis
3062 1907 3267 1977 gratius
3298 1922 3420 1963 esse
3453 1908 3557 1962 arti

1988 2012 2091 2050 non
2123 1997 2353 2051 servire.
2383 1999 2581 2068 Aperte
2624 2000 2766 2053 enim
2794 1999 2906 2069 jam
2930 1998 3087 2054 Plato
3115 1999 3418 2069 profitetur,
3445 2015 3550 2054 non

1985 2103 2106 2144 esse
2140 2090 2191 2143 iu
2234 2090 2396 2145 rebus
2446 2091 2696 2146 maximis
2746 2100 2915 2147 artem
2972 2091 3337 2161 quazreudam.
3385 2092 3549 2162 Atqui

1985 2181 2030 2235 si
2065 2181 2166 2234 lide
2190 2182 2384 2250 dignus
2413 2193 2497 2236 est
2528 2182 2700 2248 Plato,
2738 2183 2826 2238 hic
2865 2193 2949 2238 est
2984 2185 3117 2253 ipse,
3140 2186 3232 2255 qui
3264 2185 3550 2240 victoriam

1986 2272 2090 2325 arti
2148 2288 2252 2327 non
2292 2273 2516 2330 tribuat.
2570 2273 2626 2329 Si
2661 2289 2761 2329 nec
2812 2278 2912 2331 hoc
2940 2279 3227 2347 quisquam
3272 2277 3555 2341 concedat,

1986 2380 2083 2419 cur
2113 2375 2332 2436 propter
2360 2367 2480 2437 ejus
2522 2368 2688 2423 verba
2734 2370 2908 2440 turpis
2948 2370 3216 2425 habeatur
3254 2369 3560 2425 rhetorica?

1986 2461 2099 2531 Ego
2134 2478 2259 2516 vero
2307 2472 2366 2517 ut
2415 2462 2561 2518 illum
2614 2463 2815 2534 ubique
2863 2462 2966 2519 lide
3009 2463 3254 2535 dignum,
3295 2463 3338 2517 si
3369 2448 3560 2533 quetn-
3631 2477 3637 2484 '

1986 2569 2145 2622 quam
2186 2553 2507 2628 graecorum
2557 2556 2747 2621 alium,
2790 2557 3066 2622 existimo,
3118 2557 3188 2611 ita
3228 2554 3459 2610 libenter
3490 2570 3558 2610 ex

1985 2642 2102 2710 ejus
2150 2644 2511 2699 sectatoribus
2561 2644 2891 2713 quaesierim,
2942 2661 3068 2699 num
3118 2646 3231 2700 haec
3280 2644 3352 2699 illi
3386 2642 3558 2713 magis

1984 2750 2145 2804 quam
2187 2734 2298 2798 illa,
2334 2735 2440 2788 sint
2496 2734 2787 2789 credenda.
2833 2734 2971 2802 Quin
3010 2744 3067 2791 ut
3099 2737 3335 2792 maxime
3379 2737 3449 2792 sit
3476 2738 3560 2792 vir

1984 2827 2183 2898 gravis,
2205 2826 2359 2880 nobis
2377 2829 2465 2881 dat
2498 2828 2888 2893 testimonium,
2919 2832 3160 2903 adeoque
3183 2841 3367 2886 nostro
3396 2846 3553 2885 com-

1986 2921 2144 2973 modo
2171 2920 2349 2988 gravis
2381 2929 2484 2987 est.
2529 2919 2665 2975 Nam
2714 2936 2833 2976 cum
2881 2939 2977 2979 nos
3006 2926 3223 2993 quidem
3271 2934 3326 2980 et
3369 2926 3558 2981 nobis-

1984 3025 2127 3074 cum,
2159 3020 2211 3065 et
2245 3025 2367 3064 cum
2417 3010 2508 3064 illo
2536 3013 2928 3078 consentimus,
2962 3014 3155 3087 4111)
3188 3016 3277 3071 ille
3307 3031 3437 3072 vero
3462 3032 3558 3072 nec

1983 3115 2166 3155 secum
2227 3115 2326 3154 nec
2395 3101 2700 3164 nobiscum,
2746 3116 2849 3157 non
2899 3112 3008 3158 tam
3071 3106 3397 3161 contradicit
3454 3107 3557 3162 hoc

295 3190 457 3262 ἡμῶν
482 3194 676 3263 σεμνός
706 3196 873 3250 ἐστιν.
907 3197 1077 3251 Ὅταν
1110 3200 1219 3268 γὰρ
1263 3202 1425 3270 ἡμεῖς
1448 3240 1460 3251 .
1478 3202 1576 3270 μὲν
1620 3203 1712 3256 καὶ
1747 3204 1876 3274 ἡμῖν

1985 3202 2138 3262 pacto
2199 3193 2375 3260 nobis,
2431 3210 2590 3264 quam
2654 3212 2760 3253 non
2817 3208 2942 3249 vera
3020 3210 3078 3251 se
3127 3198 3307 3253 dicere
3332 3196 3555 3252 fatetur.

297 3285 485 3349 αὐτοῖς
505 3285 675 3340 ταύτὰ
696 3286 941 3358 λέγωμεν
966 3291 1224 3361 κάκείνῳ,
1253 3293 1458 3357 ἐκεῖνος
1484 3294 1540 3347 δὲ
1574 3293 1700 3365 μήθ’
1730 3295 1881 3365 αὐτῷ

300 3376 439 3445 μηδέ
469 3379 625 3448 ἡμῖν,
657 3380 757 3431 οὐκ
784 3380 1054 3448 ἀντιλέγει
1098 3381 1296 3451 μᾶλλον
1319 3384 1363 3415 ⁵⁷
1395 3383 1428 3453 ἢ
1468 3388 1736 3456 μαρτυρεῖ
1761 3384 1880 3438 κατ’

298 3465 434 3519 αὐτὸ
476 3466 634 3520 τοῦτο
681 3468 753 3538 μὴ
788 3469 996 3540 τάληοῆ
1039 3470 1240 3540 λέγειν.
1270 3473 1405 3544 Περὶ
1436 3472 1484 3506 ⁸⁸
1514 3475 1570 3529 δέ
1597 3491 1659 3544 γε
1688 3474 1880 3529 τούτου

294 3556 393 3610 τοῦ
433 3559 628 3627 μέρους
664 3561 844 3614 οὐκέτ’
889 3563 953 3615 ἐκ
977 3564 1135 3633 λόγου
1162 3564 1299 3635 πρὸς
1324 3565 1585 3621 Πλάτωνα
1614 3568 1882 3635 ἀγωνιοῦ-

302 3664 425 3717 μαι,
476 3649 551 3711 ὡς
597 3649 705 3719 ἄρα
752 3651 937 3705 πολλοὶ
979 3652 1066 3707 διὰ
1124 3653 1272 3716 Θείας
1324 3656 1521 3725 μοίρας
1576 3657 1878 3729 ἐσώθησαν.

299 3740 437 3799 Οὐδὲ
464 3757 554 3810 μοι
588 3744 1161 3817 νεμεσήσειδήπουθεν
1202 3745 1327 3800 οὔτε
1356 3748 1617 3818 Αἰσχίνης
1646 3753 1674 3804 ὁ
1700 3752 1881 3804 Λυσα-

298 3831 415 3885 νίου
445 3833 568 3887 οὔτε
610 3834 769 3899 ἄλλος
801 3838 1001 3902 οὐδεὶς,
1035 3839 1083 3891 εἰ
1118 3840 1285 3910 φαίην
1316 3840 1478 3905 αὐτὸς
1509 3840 1650 3911 ἔχειν
1679 3860 1883 3913 μαρτυ-

300 3929 468 3996 ρῆσαι
502 3928 700 3998 μᾶλλον
734 3933 845 3992 τοῖς
876 3932 1114 4002 ῥήμασιν
1142 3933 1174 4004 ἣ
1206 3934 1302 4005 τῆς
1339 3935 1470 4006 παρ’
1500 3936 1709 3989 ἐκείνου
1745 3938 1882 4009 πρὸς

298 4018 364 4090 δὴ
386 4019 556 4073 ταῦτα
580 4021 932 4091 προσδεῖσθαι
959 4025 1003 4057 ⁸⁹
1038 4027 1365 4095 μαρτυρίας.
1404 4027 1545 4081 Ἀλλ’
1572 4029 1647 4092 ὡς
1669 4029 1883 4096 ἀληθῶς

299 4110 493 4184 ὥσπερ
524 4116 572 4167 οί
610 4114 930 4185 θεομάντεις
963 4117 1013 4170 οἱ
1063 4120 1179 4181 τοῖς
1210 4118 1317 4171 τῶν
1358 4119 1702 4190 πραγμάτων
1741 4123 1885 4175 ἐπω-

299 4205 491 4275 νύμοις
518 4207 914 4278 τετελεσμένοι,
962 4211 1094 4281 παρ’
1134 4212 1315 4265 αὐτῶν
1358 4213 1468 4267 τῶν
1508 4212 1647 4267 θεῶν
1684 4214 1793 4285 ἔχω
1823 4215 1884 4269 τὸ

304 4299 533 4369 μάθημα
564 4316 579 4332 ο
616 4300 707 4370 ὑφ’
735 4294 810 4356 ὧν
849 4302 884 4356 δι
927 4302 1119 4373 μηδεὶς
1164 4304 1363 4375 ἰατρῶν
1413 4305 1552 4375 μήτε
1590 4301 1728 4358 οἶδεν
1762 4306 1790 4360 ὅ
1830 4322 1884 4359 τι

298 4392 406 4461 χρὴ
442 4396 781 4462 προσειπεῖν,
831 4396 906 4467 μὴ
954 4397 981 4449 ὃ
1031 4414 1084 4449 τι
1118 4397 1163 4429 ⁸ο
1212 4396 1506 4461 ἰάσασθαι,
1565 4398 1703 4468 μήτε
1746 4394 1885 4452 εἶδεν

297 4481 587 4553 ἀνθρώπου
628 4484 788 4553 φύσει
834 4486 1139 4555 συμϐάντα,
1177 4488 1365 4542 ἄλλοτε
1404 4488 1588 4552 ἄλλαις
1618 4506 1883 4560 παραμυ-

1987 3285 2060 3337 De
2094 3283 2195 3339 hac
2232 3293 2381 3338 certe
2432 3297 2615 3354 parte,
2656 3286 2798 3356 quod
2841 3285 2991 3342 multi
3062 3286 3173 3341 sint
3237 3286 3438 3342 auxilio
3475 3287 3560 3341 di-

1983 3374 2110 3429 vino
2157 3375 2329 3429 sanati
2375 3375 2512 3447 (80),
2556 3391 2661 3431 non
2694 3378 2925 3448 amplius
2967 3394 3027 3434 ex
3068 3379 3248 3434 verbis
3284 3394 3405 3433 cum
3436 3378 3560 3432 Pla-

1986 3473 2110 3517 tone
2158 3464 2460 3534 disputabo,
2511 3480 2610 3521 nec
2662 3466 2924 3523 invidebit
2975 3470 3106 3525 mihi
3153 3470 3234 3523 vel
3267 3469 3559 3527 A‘Jscltincs

1985 3553 2229 3626 Lysania:
2259 3556 2398 3611 ﬁlius
2432 3556 2569 3627 (81),
2602 3557 2683 3612 vel
2709 3558 2845 3613 alius
2868 3562 3175 3630 quisquam,
3208 3563 3251 3617 si
3290 3563 3552 3631 meipsum

1984 3650 2166 3718 potius
2206 3648 2419 3703 illorum
2457 3650 2599 3705 dicta
2640 3652 2968 3708 conﬁrmare
3007 3672 3184 3724 posse,
3222 3671 3383 3726 quam
3417 3656 3560 3711 illius

1984 3740 2226 3809 indigere
2264 3740 2574 3796 testimonio
2616 3744 2824 3802 dixero.
2874 3747 3085 3800 Etenim
3124 3762 3334 3813 revera,
3372 3761 3562 3814 quem-

1982 3836 2271 3892 admodum
2325 3848 2476 3894 vates
2530 3856 2713 3895 rerum
2760 3842 3177 3911 cognominibus
3224 3841 3447 3907 initiati,
3493 3841 3562 3895 ab

1985 3929 2117 3996 ipsis
2147 3929 2252 3984 diis
2283 3930 2385 3984 hoc
2415 3931 2601 3995 didici,
2643 3946 2870 4000 quorum
2908 3947 3073 4001 Opera
3115 3947 3178 3986 ex
3206 3932 3273 3985 iis
3300 3948 3418 4002 quae
3446 3949 3558 3985 me-

1986 4022 2227 4076 dicorum
2279 4021 2455 4075 nullus
2509 4037 2609 4076 nec
2656 4022 2930 4092 quomodo
2982 4022 3278 4092 appellaret
3333 4024 3560 4087 sciebat,

1986 4115 2188 4170 nedum
2231 4114 2505 4184 quomodo
2557 4125 2799 4179 sanaret,
2837 4129 2939 4169 nec
2991 4115 3045 4169 in
3088 4115 3319 4169 humana
3370 4122 3561 4169 natura

1985 4211 2260 4267 exstitisse
2323 4220 2676 4281 cognoverat,
2737 4208 2905 4264 variis
2953 4207 3037 4263 dei
3096 4206 3561 4263 consolationibus

1985 4315 2038 4361 et
2095 4302 2338 4359 consiliis
2393 4303 2632 4371 elapsus,
2686 4312 2885 4371 praeter
2936 4315 3151 4356 omnem
3206 4300 3362 4353 fidem
3418 4299 3559 4353 vivo.

1985 4397 2117 4452 Cum
2162 4405 2343 4450 autem
2378 4394 2514 4448 nihil
2542 4394 2593 4449 in
2640 4394 2724 4448 his
2754 4392 2889 4447 artis
2919 4392 3117 4446 habeat
3146 4391 3460 4459 quisquam,
3498 4404 3563 4445 ac

1987 4490 2171 4558 potius
2212 4487 2345 4542 artis
2381 4494 2725 4554 contemptus
2773 4486 2838 4539 ad
2861 4490 2991 4539 deos
3032 4483 3216 4554 fugere
3250 4497 3343 4537 cos
3383 4488 3556 4551 cogat,

299 4574 446 4637 οίαις
479 4591 539 4627 τε
580 4577 675 4629 καὶ
711 4578 1113 4646 συμπαρόντων
1143 4581 1205 4633 ἐκ
1237 4579 1331 4632 τοῦ
1362 4579 1497 4633 Θεοῦ
1527 4581 1804 4650 διαφεύγω
1832 4581 1875 4613 ⁸⁸

1990 4595 2166 4637 tamen
2218 4594 2319 4635 nec
2357 4579 2453 4643 dii,
2496 4578 2639 4647 quod
2680 4577 2918 4645 ipsorum
2956 4590 3089 4645 pace
3127 4573 3379 4637 dixerim,
3420 4573 3561 4627 hanc

299 4664 408 4730 ζῶν
443 4668 593 4737 παρὰ
616 4670 725 4723 πᾶν
757 4670 817 4723 τὸ
848 4673 912 4725 ἐκ
935 4673 1045 4725 τῶν
1075 4673 1357 4743 παρόντων
1394 4676 1561 4739 εἰκός.
1601 4676 1794 4731 Καίτοι
1831 4678 1874 4710 ⁸³

297 4758 495 4829 τέχνης
550 4762 649 4831 μὲν
695 4762 853 4833 ἡμῶν
898 4764 1008 4819 οὐδ’
1059 4764 1237 4819 ὁτιοῦν
1268 4766 1346 4828 εἰς
1396 4767 1570 4821 ταῦτα
1624 4769 1875 4838 μέτεστιν

298 4852 475 4906 οὐδενὶ
506 4854 772 4924 δήπουθεν
801 4855 932 4928 [τῶν
959 4857 1250 4930 ίωμένων],
1281 4859 1417 4912 ἀλλὰ
1457 4860 1553 4913 καὶ
1581 4861 1674 4914 τοῦ
1707 4880 1873 4916 κατα-

1985 4674 2309 4731 setttentiam
2346 4679 2587 4727 nostram
2617 4668 2898 4739 rejieiunt,
2936 4682 3034 4722 nec
3060 4665 3257 4721 multos
3279 4680 3342 4719 ex
3376 4663 3440 4720 iis
3468 4663 3557 4725 qui

1984 4767 2225 4822 divinum
2269 4763 2530 4818 auxilium
2567 4761 2667 4815 arti
2712 4759 3089 4830 praetulerunt,
3144 4756 3415 4827 paenituit.
3448 4753 3567 4809 Nec

1985 4867 2125 4914 vetat
2176 4855 2470 4927 quidquam
2521 4854 2815 4923 quominus
2853 4852 3113 4906 horreant
3138 4850 3299 4904 etiam
3338 4847 3559 4912 medici,

1585 5015 1821 5072 VARIA‘J
1852 5014 2148 5073 LECTION
2158 5014 2260 5070 ES.

368 5122 414 5155 ³⁸
450 5121 629 5194 πολλῷ
682 5153 752 5164 -
805 5101 1268 5197 σωφρονεῖν-σπι.
1315 5130 1381 5183 A.
1442 5129 1686 5199 leguntur
1731 5148 1784 5200 p.
1845 5133 1937 5187 9.1.
2042 5130 2087 5163 ”
2143 5123 2241 5182 εἶτ’

372 5195 488 5267 ἐρεῖ
510 5194 855 5267 -λβέλτιστα
888 5212 996 5249 orn.
1035 5198 1099 5250 A.
1210 5199 1255 5231 δ’
1283 5201 1378 5252 σὺν
1408 5204 1529 5254 add.
1557 5202 1615 5256 B.
1716 5204 1762 5233 "
1794 5204 1842 5254 εί
1872 5198 2074 5264 τοίνυν]
2120 5214 2173 5267 p.
2210 5198 2241 5251 2

1716 5208 1762 5233 "
1794 5208 1842 5254 εί
1872 5208 2074 5256 τοίνυνΙ
2121 5214 2173 5256 D.

300 5194 341 5225 “
372 5195 488 5263 ἐρεῖ
510 5224 578 5235 --
607 5194 855 5264 βέλτιστα
888 5194 996 5249 oin.
1035 5198 1099 5250 A.
1210 5199 1255 5231 δ’
1283 5201 1378 5252 σὺν
1408 5194 1529 5254 add.
1557 5202 1615 5256 B.

2625 5126 2671 5158 ⁸ο
2702 5123 2849 5179 ὥσπε

2326 5142 2380 5196 p.
2428 5126 2519 5182 25.
2563 5139 2566 5143 ‘

2937 5124 2985 5177 οί
3042 5122 3268 5193 ῥήτορες
3313 5138 3426 5178 om.
3485 5124 3549 5179 A.

2303 5193 2444 5252 extr.
2556 5196 2603 5228 “
2639 5198 2753 5250 πᾶν
2783 5193 2869 5263 γε]
2904 5211 2969 5263 γε
3002 5196 3110 5249 πᾶν
3136 5193 3201 5247 Α.

2042 5130 2087 5163 ³⁸
2143 5123 2278 5253 εἵτί
2326 5142 2380 5196 p.
2428 5126 2519 5182 25.
2563 5139 2566 5143 ‘
2625 5126 2671 5158 ⁸ο
2690 5123 2889 5259 fucosis
2937 5124 2985 5177 οί
3042 5123 3268 5209 ῥήτορες
3313 5138 3426 5178 om.

2042 5198 2074 5259 ΓΙ
2121 5214 2173 5259 p.
2210 5198 2241 5251 Ξ
2303 5206 2444 5252 extr.
2556 5196 2603 5228 “
2639 5213 2753 5250 παν
2783 5213 2854 5259 γε·
2904 5211 2969 5259 γε
3002 5212 3110 5249 παν
3136 5193 3201 5247 Α.
3302 5193 3555 5259 "duritie;

299 5266 509 5341 οιιιηᾼ.
588 5264 632 5297 ⁸⁸
654 5266 769 5341 ᾁλλξ
804 5266 957 5341 ἐστιν,
979 5268 1053 5341 (p.
1229 5270 1275 5302 ‘7
1304 5271 1499 5341 τέχνην
1525 5272 1729 5341 ζητεῖν]
1760 5264 2145 5341 ὅτι-Πλάτων
2174 5268 2349 5341 αὐτὴν
2368 5268 2428 5341 ος)
2456 5266 2652 5341 τέχνην
2678 5267 2907 5341 νομίζει·
2927 5264 3115 5341 καίτοι·
3138 5264 3300 5341 αὐτὸς
3330 5267 3558 5341 Πλάτων

298 5334 590 5418 {top-{Caram
622 5337 686 5418 το
707 5336 1036 5418 μηδεῖνξέπὶ
1058 5334 1467 5418 τῷνμεγίστων
1490 5334 1683 5418 τέχνην
1708 5334 1893 5418 ζητεῖν
1915 5346 1993 5418 ΔΑ.
2037 5412 2048 5418 _
2066 5340 2140 5418 ﬂ“
2168 5339 2266 5393 καὶ
2292 5334 2423 5418 μιῂν]
2458 5334 2641 5418 νζ29ζ
2689 5402 2704 5418 ι
2738 5335 2782 5366 ⁴⁹
2808 5336 2971 5418 αῦτός
3006 5337 3044 5387 Α
3071 5352 3097 5418 ι.
3121 5334 3274 5418 pirro;
3298 5338 3440 5418 αῦτρέ

418 5407 447 5486 ft
499 5402 875 5487 ῖέκνιι.1ἀξῦτῇ
904 5410 989 5487 Αο.
1072 5402 1455 5487 ’ἱρίὲδὲζΑετδ
1483 5402 2235 5487 ἀέἓδῑτίσὲοἶιῆνᾶνοέιξὲνς·
2293 5402 2645 5487 ’⁸¹ζ,άυγκερρῆ
2677 5402 2740 5487 é:
2816 5405 3005 5487 “35‘3":
3033 5406 3247 5487 add-1‘-
3295 5405 3368 5487 .1“
3398 5404 3555 5487 ἒλδςη·

300 5406 346 5437 δ’)
499 5406 686 5477 τέχνῃΙ
740 5406 875 5477 αὐτῇ
904 5410 969 5461 Α.

2096 5340 2140 5371 δ’
2168 5339 2266 5393 καὶ
2292 5330 2423 5407 μὴν]
2458 5330 2632 5403 νίέξ).
2691 5402 2700 5407 _
2738 5330 2782 5366 δ’
2808 5336 2971 5407 eam;
3006 5337 3044 5387 A
3071 5352 3093 5407 :7
3121 5330 3469 5407 οὗτοςαῦτος
3491 5352 3552 5397 ς.

298 5463 466 5559 νικῶν
500 5463 594 5531 A."
636 5463 686 5510 δ”
715 5463 941 5547 πότερον
963 5478 1029 5532 Α.
1108 5480 1154 5511 ⁸⁸
1182 5482 1364 5562 ἐκεῖνα
1393 5499 1455 5544 ς.
1491 5463 1498 5465 ὴ
1806 5463 2267 5561 hmani—113v}.
2346 5476 2394 5509 ⁸⁸
2426 5463 2654 5546 πὲβῖΪρί
2679 5473 2770 5529 51.
2846 5474 2893 5506 ⁸³
2926 5472 3131 5526 δεῖσθαι
3163 5473 3222 5529 Β.
3295 5473 3339 5505 °°
3372 5474 3445 5596 μη
3471 5463 3552 5526 ὅτι

298 5546 379 5596 A:
408 5563 505 5596 ουν
531 5548 677 5596 ὅπως
712 5566 771 5596 ει.
857 5550 900 5581 δι
933 5549 1213 5596 διαωεύγω
1246 5549 1380 5596 ζωνῖ
1400 5550 1585 5596 ωεύνω
1611 5555 1671 5596 Δ-
1710 5555 1803 5596 nui
1839 5559 1890 5596 in
1926 5570 2031 5596 ma-
2063 5567 2173 5596 των
2197 5547 2511 5596 ἐπιλήπτων
2534 5544 2641 5596 γὰο
2667 5539 2735 5596 ἦν
2768 5544 2807 5596 ἁ
2836 5543 3191 5596 Ἀριστείδης.
3286 5545 3327 5576 ⁸³
3355 5560 3424 5596 κα
3447 5540 3550 5596 τοι]

298 5546 346 5601 Α
365 5546 507 5625 ΞΟΡΧ
531 5548 677 5613 ὅπως
712 5566 771 5613 ς’·
852 5539 900 5581 ὶι
933 5549 1213 5619 διαφεύτω
1246 5549 1380 5617 ζῶν]
1400 5539 1683 5622 ἶρεύγωἈι
1710 5555 1803 5623 qui
1827 5539 1891 5610 'i'n
1926 5539 2033 5625 m'g.
2063 5550 2173 5607 τῶν
2197 5539 2511 5617 ε’πιλήπτων
2534 5539 2641 5616 γαρ
2667 5539 2735 5617 ἦν
2768 5544 2807 5598 ἁ
2836 5543 3191 5615 Ἀριστείδης.
3286 5545 3327 5576 ⁸³
3355 5539 3550 5613 καίτοι]

302 5634 356 5687 p.
389 5615 476 5673 52.

375 5803 490 5879 (ξο)
524 5801 829 5879 _1_Eschines
875 5802 1122 5879 Lysanize
1164 5805 1308 5862 [ilius
1357 5807 1685 5864 Socraticus.
1745 5713 2080 5879 Vilt‘lg'lsﬁra
2118 5806 2168 5864 in
2202 5804 2509 5877 Phrynicho
2537 5813 2590 5861 et
2617 5802 2914 5859 Laertium.

384 5869 492 5946 (8|)
522 5873 835 5946 Elapsorutu
864 5869 981 5931 erat
1014 5878 1077 5933 de
1106 5894 1331 5935 numero
1368 5881 1655 5936 Aristides.
