4124 6410
296 385 432 454 H97

1289 395 1816 458 BIBLIOTHECA.
1847 421 1916 433 --
1950 397 2114 458 COD.
2149 399 2474 461 CCXLVII.

3407 395 3540 459 1698

359 501 502 557 Εἰδέ
525 501 572 535 ’⁸
602 502 686 558 δεῖ
728 503 824 559 καὶ
861 503 1098 576 ποιητῶν
1130 507 1507 577 παρασχέσθαι
1544 508 1864 580 μοιρτυρίας1

2052 509 2203 575 Quod
2251 510 2303 564 si
2332 517 2610 580 poetarum
2637 523 2854 579 quoque
2884 517 3008 564 sunt
3039 506 3358 563 arcessenda
3387 513 3540 562 testi-

289 592 407 646 ἐστι
452 595 554 664 μὲν
588 593 764 666 ἔργων
795 595 829 666 ἢ
869 596 968 660 τὰς
1003 598 1255 652 ἁπάντων
1287 598 1320 669 ἢ
1363 599 1464 662 τὰς
1493 599 1603 653 τῶν
1637 616 1870 671 προκρι-

292 685 492 740 θέντων
529 686 619 740 διὰ
643 688 860 742 πάντων
891 690 1296 760 παρασχέσθαι,
1327 691 1474 760 ὅμως
1512 691 1592 755 δὲ,
1629 691 1706 754 ὡς
1731 694 1778 725 ’⁸
1805 693 1870 747 άν

290 791 374 839 τις
399 776 510 842 ἐξοι
540 779 648 833 τῶν
677 782 1120 851 γνωριμωτάτων
1144 783 1366 850 ἐκλέξας
1394 787 1588 848 εἰπεῖν,
1631 784 1870 854 ῥᾳθυμία

291 871 642 940 παραλιπεῖν.
661 875 829 944 Κοινῇ
858 874 956 944 μὲν
971 870 1063 928 οὖν
1078 878 1277 939 πάντες
1295 877 1514 947 ποιηταὶ
1535 877 1870 948 μάρτυροῦσι

289 961 389 1031 τὴν
408 963 555 1033 ἔργῳ
576 967 905 1036 μαρτυρίαν,
928 965 1085 1036 εἰπερ
1107 969 1214 1020 εἰσὶ
1232 970 1454 1037 ποιηταὶ
1475 968 1551 1040 τῷ
1579 969 1869 1038 κρατοῦντι

292 1052 391 1125 [τῷ
420 1055 559 1124 ὑπὲρ
587 1055 684 1126 τήν
709 1057 904 1126 τέχνην
925 1057 996 1129 1"’]
1020 1058 1164 1129 λόγῳ
1196 1059 1294 1129 τῆς
1340 1061 1556 1130 τέχνης.
1621 1061 1759 1113 Ἀλλ’
1807 1063 1868 1115 οὐ

290 1143 497 1215 ταύτης
529 1145 720 1213 δέομαι
748 1148 817 1200 τὰ
840 1146 935 1200 νῦν
973 1148 1110 1217 (ἔστι
1141 1149 1250 1220 γάρ
1284 1150 1342 1205 ἐν
1373 1151 1482 1213 τοῖς
1512 1151 1867 1221 εἰρημένοις),

291 1231 430 1287 ἀλλὰ
458 1238 555 1302 τῆς
584 1235 628 1267 ⁸³
661 1241 802 1289 κατὰ
850 1239 1020 1307 ῥῆμα.

363 1325 498 1378 Οὑδέ
544 1327 588 1360 "
632 1327 790 1381 τοῦτο
837 1329 1114 1399 πάρεργον
1141 1330 1398 1401 προσθεὶς
1428 1331 1550 1385 οὑδέ
1580 1333 1706 1404 εἰκῆ
1747 1334 1870 1388 οὐδὲ

292 1418 543 1488 ἐφόλκιον
573 1420 746 1484 ἄλλως
777 1421 795 1452 ⁸
830 1421 922 1474 ἐπὶ
963 1425 1076 1486 τοῖς
1120 1422 1254 1488 ἄνω,
1302 1423 1416 1476 ἀλλ’
1462 1424 1872 1495 ἐνδεικνύμενος

289 1511 552 1582 καὶπρὸς
590 1511 648 1565 ἓν
695 1513 1119 1584 σημαινόμενος,
1165 1515 1248 1568 ὅτι
1285 1515 1443 1568 τοῦτο
1483 1517 1544 1568 τὸ
1587 1518 1645 1569 ἐν
1682 1518 1870 1589 κόσμῳ

289 1602 383 1655 καὶ
433 1603 701 1676 λαμπρῶς
747 1607 849 1659 οὑκ
899 1608 962 1659 ἐκ
1015 1607 1229 1678 τέχνης,
1267 1608 1381 1660 ἀλλ’
1430 1610 1686 1680 ἐπιπνοίᾳ
1733 1611 1870 1664 θεῶν

288 1694 707 1765 παραγίνεται².
741 1697 937 1768 Εὑρεῖν
960 1697 980 1730 ⁸
1001 1695 1116 1763 οὖν,
1144 1701 1330 1770 φησὶν,
1353 1693 1399 1754 ὧ
1423 1701 1669 1768 Πλάτων,
1688 1705 1870 1773 κρεῖτ-

286 1787 435 1856 τονῆ
478 1787 690 1856 μαθεῖν,
734 1791 826 1842 καὶ
862 1789 1024 1861 τέχνη
1073 1790 1287 1860 φύσεως
1329 1789 1601 1864 δεύτερον,
1640 1795 1869 1859 εἰκότως

284 1877 314 1927 ὁ
365 1875 606 1942 Ἡσίοδος
640 1878 769 1952 [672
821 1879 930 1954 Η.]“
959 1884 1051 1935 καὶ
1097 1881 1308 1954 φρονῶν
1351 1883 1494 1938 οὕτω
1531 1885 1627 1938 καὶ
1667 1886 1862 1956 λέγων,

285 1970 382 2024 καὶ
410 1973 512 2041 τῆς
539 1971 747 2043 δάφνης
777 1974 875 2026 οὑκ
905 1975 1257 2044 άμνημονῶν,
1291 1977 1357 2048 ἢν
1377 1976 1495 2048 ἅμα
1523 1979 1601 2050 τῷ
1625 1978 1809 2032 λαϐεῖν
1841 1983 1863 2013 δ

283 2061 516 2134 ποιητής
551 2058 618 2133 ἦν
655 2061 941 2136 [γεγονὼς]
986 2068 1050 2118 ἐκ
1081 2068 1102 2098 ⁸
1137 2067 1394 2137 ποιμένος
1427 2085 1441 2100 ·
1471 2069 1596 2122 ἐπεὶ
1637 2072 1729 2124 καὶ
1762 2071 1862 2136 τὰς

281 2155 478 2224 τέχνας
536 2157 705 2218 αὑτὰς
757 2159 850 2209 καὶ
902 2158 968 2211 τὰ
1015 2159 1429 2231 ἐπιτηδεύματα
1471 2161 1635 2231 φύσει
1683 2162 1855 2234 δήπου

281 2244 654 2314 διενεγκόντες
711 2240 986 2320 ἄνθρωποι
1046 2254 1142 2305 καὶ
1182 2253 1500 2324 κινήσαντες
1532 2254 1760 2325 ἀνεῦρον
1799 2256 1860 2309 τὸ

281 2334 342 2398 ἐξ
369 2335 565 2407 ἀρχῆς.
603 2337 676 2390 Οὐ
719 2339 740 2370 ⁸
776 2339 886 2410 γὰρ
913 2340 968 2391 al
1003 2341 1188 2410 τέχναι
1217 2341 1315 2404 τὰς
1349 2341 1542 2412 φύσεις
1572 2344 1856 2415 ἐποίησαν,

279 2427 399 2480 ἀλλ’
420 2431 478 2481 αἰ
505 2431 791 2500 κράτισται
836 2431 1027 2500 φύσεις
1058 2433 1156 2497 τὰς
1198 2433 1478 2504 βελτίστας
1513 2435 1622 2490 τῶν
1654 2439 1857 2508 τεχνῶν

280 2510 461 2586 εὗρον.
496 2519 660 2572 Ὥστε
693 2521 786 2573 καὶ
813 2524 880 2592 τῇ
918 2522 1068 2588 τάξει
1106 2522 1200 2576 καὶ
1230 2525 1294 2594 τῇ
1336 2524 1563 2595 δυνάμει
1605 2527 1756 2597 παρὰ
1789 2530 1856 2601 τῇ

280 2609 442 2677 φύσει
491 2609 560 2664 τὰ
605 2613 870 2681 πρεσϐεῖα
918 2609 1130 2668 εἶναι’.
1171 2615 1313 2668 Εἰδέ
1351 2615 1416 2686 δὴ
1455 2617 1476 2647 ⁸
1509 2618 1632 2687 μηδ’
1671 2619 1858 2684 ἁπλῶς

279 2700 592 2771 ἀνθρώποις
630 2704 730 2774 τὴν
769 2703 987 2775 εὕρεσιν
1029 2704 1395 2775 προστίθεμεν
1435 2706 1542 2758 τῶν
1572 2709 1775 2778 τεχνῶν
1812 2711 1856 2772 ⁵,

279 2791 418 2846 ἀλλὰ
446 2793 602 2857 θεοὺς
640 2794 948 2866 ἡγήσασθαί
982 2813 1164 2865 φαμεν
1188 2796 1489 2860 αὐτοῖςκαὶ
1519 2799 1856 2866 καταδεῖξαι,

280 2884 399 2948 πῶς
433 2884 532 2938 οὐκ
579 2884 800 2956 εὑδηλον
847 2886 930 2940 ὅτι
983 2887 1163 2958 πολλῷ
1212 2904 1358 2951 τινος
1416 2884 1554 2942 εῖναι
1600 2890 1859 2955 νικῶντος

279 2977 362 3031 δεῖ
391 2977 710 3048 προσθήκην
736 2978 836 3050 τήν
876 2979 918 3011 ²⁰
953 2979 1149 3050 τέχνην
1173 2998 1188 3045 ;
1220 2980 1333 3034 Καὶ
1366 2981 1473 3051 μὴν
1498 2982 1546 3034 εἰ
1575 2981 1735 3037 τοῦτο
1762 2983 1860 3053 δῆ-

279 3069 372 3124 λον
402 3070 635 3133 ἅπασαι,
667 3072 764 3126 καὶ
803 3073 1003 3138 πάντες
1049 3075 1089 3106 ¹¹
1145 3075 1212 3128 ἂν
1257 3077 1530 3146 συμφαῖεν
1580 3075 1656 3148 μὴ
1703 3077 1859 3140 θεοὺς

1970 601 2172 666 monia,
2226 616 2534 671 quanquam
2583 602 2670 656 vel
2706 603 2969 669 omnium,
3017 601 3100 656 vel
3148 601 3541 670 prmcipuorum

1968 692 2224 762 colligere
2260 695 2400 748 dicta
2429 695 2500 748 sit
2541 695 2780 760 dillicile,
2815 704 2990 748 tamen
3014 709 3134 764 qua:
3166 694 3230 748 de
3266 694 3542 748 nobilissi-

1970 787 2073 840 mis
2103 786 2301 840 selecta
2341 786 2567 856 proferri
2603 797 2850 854 possunt,
2884 787 3062 856 ignavi
3100 787 3238 839 foret
3266 786 3538 838 omittere.

1969 877 2036 932 Et
2068 880 2430 933 communiter
2460 879 2677 948 quidem
2734 889 2909 948 poetae
2938 893 3128 932 omnes
3164 877 3340 944 reipsa
3390 874 3542 929 testi.

1969 969 2208 1024 monium
2251 971 2511 1038 prmbent,
2560 972 2826 1038 siquidem
2867 985 2929 1024 ea
2964 970 3172 1024 ratione
3218 983 3335 1037 quae
3369 979 3540 1021 artem

1969 1068 2190 1128 superat
2221 1073 2392 1129 poeta!
2424 1072 2549 1116 sunt
2583 1061 2783 1117 ell‘ecti.
2831 1060 3029 1115 Verum
3081 1062 3184 1114 hoc
3233 1060 3544 1113 testimonio

1963 1151 2076 1220 jam
2111 1170 2214 1208 non
2271 1155 2509 1222 indigeo,
2551 1155 2806 1222 quoniam
2857 1167 3020 1223 supra
3055 1151 3282 1207 relatum
3322 1150 3544 1216 est,sed

1969 1261 2034 1300 eo
2059 1247 2202 1311 quod
2230 1246 2282 1299 in
2316 1246 2495 1300 verbis
2524 1244 2799 1299 consistit.

2040 1335 2151 1391 Nec
2203 1337 2304 1390 hoc
2336 1336 2559 1398 frustra,
2611 1335 2693 1390 vel
2721 1335 2876 1403 quasi
2908 1333 3260 1404 appendicem
3293 1329 3545 1400 superiu-

1971 1444 2089 1483 rum
2143 1429 2461 1499 adjungeus,
2517 1429 2611 1482 sed
2666 1427 2771 1482 hoc
2827 1428 3205 1482 demonstrans
3265 1421 3543 1494 814121)

1970 1521 2238 1586 iudicans,
2290 1528 2541 1574 ornatqu
2599 1521 2759 1573 istum
2806 1526 2862 1572 et
2899 1516 3261 1586 splendorem,
3299 1529 3404 1568 non
3438 1525 3544 1568 tam

1969 1628 2032 1668 ex
2075 1621 2214 1677 arte,
2268 1626 2432 1680 quam
2482 1612 2662 1666 divino
2703 1608 2880 1664 alllatu
2936 1608 3226 1677 proﬁcisci.
3277 1606 3546 1660 Iuventio-

1971 1719 2092 1758 nem
2149 1703 2336 1773 igitur,
2395 1718 2427 1757 0
2473 1702 2650 1766 Plato,
2703 1700 2985 1770 disciplina
3041 1699 3318 1754 meliorem
3362 1708 3548 1753 censet

1970 1795 2260 1862 Hesiodus,
2297 1803 2353 1850 et
2383 1805 2554 1850 artem
2599 1793 2956 1863 posteriorem
3001 1800 3192 1846 natura
3220 1808 3235 1857 ;
3268 1799 3323 1844 et
3347 1790 3546 1843 merito

1969 1887 2186 1956 quidem
2245 1886 2317 1940 ita
2366 1885 2609 1939 sentiens
2646 1893 2810 1954 atque
2851 1883 3054 1948 dicens,
3113 1897 3212 1937 nec
3260 1882 3548 1935 immemor

1969 1977 2185 2042 laureae,
2230 1993 2391 2048 quam
2447 1987 2504 2030 ut
2545 1986 2851 2045 acceperat,
2909 1991 3033 2031 mox
3088 1983 3360 2046 epastore
3393 1986 3548 2042 poeta

1968 2066 2145 2119 fuerat
2183 2066 2445 2121 redditus.
2501 2065 2636 2120 Nam
2670 2075 2723 2120 et
2751 2077 2894 2120 artes
2938 2068 3084 2133 ipsas
3112 2076 3274 2134 atque
3302 2064 3544 2134 opificia,

1967 2165 2164 2210 natura
2215 2165 2536 2226 pr:estanles
2585 2157 2776 2226 utique
2821 2157 3056 2225 primum
3099 2157 3424 2210 invenerunt
3453 2157 3548 2208 ho-

1965 2249 2181 2304 mines:
2215 2265 2313 2304 nec
2363 2251 2506 2302 enim
2557 2262 2704 2303 artes
2759 2261 2979 2302 naturas
3023 2249 3402 2310 comlidrrunt,
3462 2261 3552 2300 ve-

1960 2356 2082 2395 rum
2132 2349 2341 2394 natura:
2379 2340 2842 2409 praestantissime
2885 2343 3202 2394 invenerunt
3229 2350 3395 2394 artes.
3429 2337 3546 2405 Quo

1961 2433 2020 2484 lit
2072 2439 2130 2484 ut
2164 2441 2216 2485 et
2264 2431 2474 2486 ordinis
2503 2441 2557 2485 et
2595 2431 2868 2486 facultatis
2899 2434 3108 2486 ratione
3141 2432 3352 2500 priores
3389 2441 3547 2483 natu-

1960 2537 2035 2576 rae
2065 2523 2390 2576 debeantur.
2424 2523 2575 2588 Quod
2625 2523 2668 2577 si
2720 2523 3152 2578 nechominibns
3197 2536 3419 2591 prorsus
3465 2535 3556 2574 ar-

1962 2616 2097 2668 tium
2133 2614 2485 2669 concedimus
2537 2614 2926 2678 inventionem,
2977 2615 3070 2670 sed
3128 2615 3212 2668 his
3261 2614 3392 2666 deos
3451 2629 3544 2666 eas

1963 2709 2373 2762 demonstrasse
2437 2707 2686 2772 dicimus,
2749 2708 2814 2760 ad
2879 2717 3225 2776 praestantem
3289 2708 3546 2759 nimirum

1963 2806 2122 2852 erant
2151 2797 2385 2867 aliquem
2438 2799 2758 2853 referendae.
2803 2795 2920 2854 Jam
2970 2799 3013 2854 si
3057 2801 3157 2854 hoc
3193 2801 3331 2870 apud
3359 2815 3551 2853 omnes

1964 2891 2071 2946 erit
2101 2890 2470 2957 manifestum,
2506 2906 2611 2947 non
2654 2891 2784 2946 deos
2819 2893 2887 2946 ab
2939 2891 3271 2958 hominilms,
3320 2893 3416 2947 sed
3449 2893 3549 2945 ho-

1975 2982 2152 3039 mines
2179 2999 2207 3038 a
2241 2983 2343 3039 diis
2390 2993 2536 3039 artes
2565 2985 2842 3054 accepisse
2867 3001 2882 3051 ;
2914 2995 3077 3054 atque
3104 2985 3224 3040 illos
3251 2994 3550 3055 pracepto-

1972 3090 2085 3140 res,
2123 3091 2222 3131 nos
2268 3092 2392 3132 esse
2423 3076 2739 3147 discipulos,
2775 3086 2923 3132 tanto
2947 3078 3222 3133 videbitur
3248 3079 3551 3145 disciplinae

280 3164 412 3234 παρ’
446 3163 747 3236 ἀνθρώπων
777 3165 962 3218 λαϐεῖν
988 3165 1087 3227 τὰς
1113 3167 1443 3238 ἐπιστήμας,
1485 3168 1603 3221 ἀλλ’
1651 3167 1834 3240 ἀνθρώ

1967 3178 2223 3236 praestare
2255 3169 2520 3236 inventio,
2557 3178 2760 3238 quanto
2795 3168 2992 3224 melior
3024 3179 3108 3223 est
3140 3168 3356 3223 homine
3389 3169 3549 3224 Deus.

279 3275 417 3320 πους
448 3258 491 3290 ¹⁸
531 3259 682 3325 παρὰ
725 3257 883 3324 θεῶν,
937 3261 1034 3313 καὶ
1077 3259 1414 3312 διδασκάλων
1463 3260 1562 3330 μέν
1595 3261 1858 3325 ἐκείνους,

283 3344 547 3416 μαθητῶν
580 3345 624 3397 δ’
656 3347 805 3415 ἡμᾶς
831 3343 984 3410 τάξιν
1028 3344 1196 3415 ἔχειν,
1227 3344 1467 3416 τοσούτῳ
1501 3348 1772 3416 κρεῖττον,
1793 3345 1871 3409 ὡς
1897 3398 1900 3400 .

281 3439 484 3501 ἔοικεν,
533 3438 719 3507 εὑρεῖν
768 3437 802 3508 ἢ
851 3438 1066 3506 μαθεῖν,
1118 3437 1229 3508 ὅσῳ
1273 3437 1539 3506 κρείττων
1575 3436 1869 3508 ἀνθρώπου

280 3533 436 3596 Θεὸς.
479 3533 544 3586 Ol.
581 3532 679 3602 μὲν
719 3530 830 3601 γάρ
870 3530 1169 3602 εὑρήκασιν
1209 3530 1326 3600 ἅμα
1373 3529 1552 3582 πάντα
1595 3528 1658 3595 η,
1710 3531 1871 3600 ἡμεῖς

279 3627 358 3689 δὲ,
413 3623 588 3696 οἶμαι,
645 3625 901 3688 λαθόντες
940 3622 1223 3695 χρώμεθα.
1267 3621 1474 3692 Ὀρθῶς
1519 3622 1627 3693 ἄρα
1664 3623 1761 3676 καὶ
1797 3623 1870 3676 διο

281 3719 452 3781 καίως
497 3719 524 3770 ὁ
569 3717 664 3769 τοῦ
725 3717 1016 3778 Ἑλικῶνος
1051 3716 1362 3786 πρόσοικος,
1407 3714 1498 3767 καὶ
1530 3713 1605 3778 ὡς
1643 3714 1685 3746 ’⁸
1719 3715 1869 3778 είκδς

281 3803 352 3879 ἦν
396 3809 489 3864 τὸν
538 3809 700 3863 αὑτὸν
747 3810 810 3862 ἐκ
856 3807 995 3860 θεῶν
1035 3807 1321 3870 ἐπιπνοίας
1365 3806 1546 3874 λέγειν
1587 3806 1868 3875 εἰληφότα,

1969 3257 2040 3314 Ut
2092 3260 2238 3314 enim
2295 3260 2369 3314 illi
2421 3262 2746 3315 invenerunt
2791 3261 2999 3326 omnia,
3045 3261 3118 3315 ita
3168 3275 3266 3326 nos
3315 3260 3550 3315 inventis

1969 3351 2196 3407 utimur.
2226 3350 2394 3408 Recte
2438 3353 2602 3425 igitur
2629 3368 2693 3408 ac
2729 3355 2946 3417 merito,
2975 3363 3031 3406 et
3057 3362 3113 3405 ut
3144 3368 3266 3406 eum
3298 3353 3386 3420 qui
3421 3354 3552 3408 deo-

1967 3460 2088 3500 rum
2119 3430 2302 3499 alilal‘u
2351 3445 2463 3501 haec
2499 3447 2614 3514 ipse
2654 3445 2998 3515 loquebatur,
3045 3445 3300 3510 decebat,
3343 3443 3527 3498 lleliro

1967 3533 2054 3588 nis
2082 3532 2287 3596 accola,
2327 3548 2449 3587 eum
2478 3533 2697 3603 quidem
2742 3533 2844 3587 sibi
2871 3534 2961 3604 qui
2987 3543 3175 3586 cuncta
3203 3535 3396 3586 invenit
3424 3535 3550 3600 ipse,

1972 3623 2202 3701 primum
2229 3638 2291 3676 ac
2323 3623 2854 3692 priestantissimum,
2886 3638 2983 3677 ceu
3017 3624 3176 3678 deum
3205 3637 3269 3677 ac
3298 3623 3399 3677 diis
3430 3637 3554 3691 pro-

1976 3715 2238 3783 pinquum
2310 3715 2512 3784 posuit,
2579 3715 2882 3770 auditorem
2941 3729 3070 3769 vero
3136 3729 3200 3768 ac
3257 3711 3554 3768 discentem

1977 3806 2278 3860 secundum

277 3905 372 3959 τδν
427 3905 525 3975 μὲν
572 3902 810 3957 τοιοῦτον
854 3901 1023 3971 ἄνδρα
1066 3901 1140 3964 ὡς
1195 3899 1314 3952 θεὸν
1358 3901 1453 3953 καὶ
1503 3896 1611 3968 θεῷ
1649 3899 1818 3968 ἐγγὺς
1883 3899 2101 3970 πρῶτον
2169 3899 2263 3952 καὶ
2289 3900 2333 3932 ¹⁸
2367 3898 2690 3969 ,κράτιστον
2734 3897 2834 3968 μὲν
2877 3896 3028 3951 ἔθετο
3067 3896 3133 3963 ¹⁸,
3181 3895 3251 3964 ὃς
3308 3894 3488 3962 αὐτὸς
3513 3894 3556 3926 ³⁷

279 3996 479 4050 ,πάντα
510 3995 742 4060 νοήσει,
783 3994 872 4048 τὸν
913 3994 957 4046 δ’
989 3991 1301 4046 ἀκούσαντα
1332 3991 1428 4044 καὶ
1471 3990 1710 4060 μαθόντα
1737 3991 2010 4060 δεύτερον.

351 4091 413 4143 Εἰ
449 4090 556 4157 γάρ
600 4089 643 4120 ⁸⁸
683 4082 747 4158 ἢν
774 4086 834 4138 τὸ
873 4083 1065 4154 μαθεῖν
1108 4083 1330 4154 ἄριστον
1364 4082 1456 4136 καὶ
1486 4081 1721 4152 πρῶτον,
1756 4080 1863 4134 οὐδ’

279 4182 346 4235 ἂν
383 4181 426 4213 ¹⁹
465 4178 599 4231 αὑτὸ
628 4177 843 4244 πρῶτον
883 4176 928 4206 ¹⁰
984 4175 1046 4226 τὸ
1101 4173 1292 4243 μαθεῖν
1334 4167 1423 4243 ἦν.
1499 4171 1698 4244 Ἐχρῆν
1755 4171 1863 4240 γὰρ

276 4274 450 4343 δήπου
493 4272 536 4304 ’¹
590 4269 781 4340 μαθεῖν
836 4267 966 4338 παρ’
1002 4266 1212 4334 ἐτέρου,
1264 4264 1406 4318 ὥστε
1460 4264 1559 4317 οὑκ
1611 4264 1678 4316 ἂν
1717 4258 1786 4333 ἦν
1836 4263 1864 4314 ὁ

276 4366 543 4418 διδάσκων
579 4361 821 4430 πρῶτος,
845 4360 893 4412 εἰ
925 4359 987 4411 τὸ
1025 4358 1215 4427 μαθεῖν
1242 4359 1488 4426 κρεῖττον
1523 4357 1615 4410 καὶ
1648 4353 1865 4425 πρῶτον

273 4452 363 4527 ἦν.
415 4454 575 4526 Παρὰ
617 4451 712 4506 τοῦ
755 4450 884 4522 γὰρ,
925 4444 970 4502 ὧ
1012 4449 1105 4502 καὶ
1151 4448 1214 4502 σὺ
1251 4447 1348 4518 τήν
1397 4446 1655 4513 Ποικίλην
1706 4445 1865 4498 στοὰν

276 4548 580 4618 κοσμήσας,
618 4543 826 4615 ἀκούσῃ
877 4543 942 4608 ’³,
985 4542 1097 4594 τίσι
1147 4540 1340 4609 πεισθῇ
1386 4539 1452 4603 ’³,
1497 4540 1545 4590 εἰ
1597 4539 1862 4610 κρείττων

273 4643 302 4693 ό
341 4636 531 4707 μαθών
563 4639 682 4689 ἐστι
724 4638 816 4688 τοῦ
858 4634 918 4687 τὸ
959 4633 1004 4665 ’⁸
1047 4631 1264 4701 πρῶτον
1307 4630 1592 4700 εὑρόντος,
1633 4629 1726 4682 καὶ
1781 4629 1854 4698 μὴ

272 4733 488 4803 ἀνάγκῃ
517 4731 790 4802 δεύτερος,
822 4728 982 4798 εἴπερ
1013 4744 1066 4779 τι
1104 4723 1285 4796 μέλλοι
1339 4721 1711 4794 μαθήσεσθαιῖ
1742 4722 1857 4785 Πᾶς

272 4825 382 4895 γὰρ
420 4827 448 4877 ὁ
499 4823 784 4894 μανθάνων
808 4820 1128 4890 ὠμόλογηκε
1158 4814 1425 4887 δήπουθεν
1473 4810 1613 4866 εἶναι
1660 4813 1858 4883 χείρων

273 4915 425 4988 αὑτῷ
445 4934 508 4984 γε
535 4916 612 4985 τῷ
637 4914 844 4968 δεῖσθαι
889 4911 1105 4983 μαθεῖν.
1149 4909 1237 4973 Ὠς
1266 4912 1311 4942 ’⁵
1342 4908 1395 4962 ετ
1421 4924 1485 4975 γε
1512 4906 1588 4978 μὴ
1619 4906 1859 4959 πείσειεν

271 5011 438 5063 αὑτὸν
478 5006 686 5062 δεῖσθαι
738 5006 1040 5076 πρότερον,
1099 5000 1217 5064 πῶς
1260 5000 1326 5054 ἂν
1379 4999 1583 5068 μάθοι;
1629 4999 1698 5051 Ἢ
1743 4998 1860 5060 πῶς

271 5101 419 5171 ἄλλῳ
453 5100 504 5169 γ’
540 5100 604 5153 ἂν
633 5097 838 5150 εἰπόντι
880 5095 1045 5168 [1245
1089 5091 1182 5166 R.]
1217 5090 1464 5162 πεισθείη
1514 5091 1600 5155 ";
1651 5089 1860 5143 υύκοῦν

2051 4079 2264 4134 Etenim
2332 4080 2378 4134 si
2419 4078 2707 4148 disciplina
2761 4088 2908 4135 esset
2965 4079 3189 4148 Optima,
3254 4095 3358 4132 non
3413 4093 3558 4136 esset

1966 4172 2160 4242 prima.
2212 4169 2347 4224 Nam
2384 4171 2450 4224 ah
2481 4169 2586 4222 alio
2631 4169 2946 4224 disremlum
2990 4169 3144 4223 foret.
3203 4167 3384 4238 Itaque
3454 4186 3556 4224 non

1965 4270 2111 4318 esset
2157 4261 2306 4329 prior
2350 4260 2560 4325 doctor,
2611 4260 2655 4314 si
2698 4259 2983 4328 disriplina
3045 4256 3234 4312 melior
3273 4271 3336 4311 ac
3383 4257 3557 4327 prima

1969 4367 2285 4424 poneretur.
2316 4352 2472 4409 Unde
2499 4355 2645 4408 enim
2670 4353 2735 4414 is,
2766 4353 2857 4422 qui
2885 4363 2978 4406 tuo
3002 4367 3215 4422 quoque
3243 4352 3558 4408 testimonio

1970 4446 2187 4501 Variam
2246 4447 2357 4517 (85)
2405 4445 2713 4508 exornavit,
2751 4444 2895 4514 quod
2950 4453 3279 4511 sequeretur
3312 4445 3553 4498 audivis-

1967 4548 2070 4605 set,
2115 4539 2158 4592 si
2203 4539 2502 4608 discipulus
2547 4535 2812 4590 inventori
2864 4545 3190 4605 praestaret,
3243 4550 3342 4589 nec
3414 4548 3558 4590 esset

1961 4630 2272 4686 necessario
2301 4629 2591 4692 secundus,
2618 4628 2663 4682 si
2706 4627 2834 4693 quid
2869 4642 3104 4695 unquam
3140 4627 3452 4680 discendum
3486 4625 3561 4678 l'u-

1955 4733 2036 4777 rct
2063 4721 2088 4774 ‘l
2117 4722 2307 4776 Omnis
2323 4719 2467 4774 enim
2501 4719 2817 4789 discipulus,
2842 4733 2908 4771 eo
2937 4717 3125 4786 utique
3164 4717 3280 4786 ipso
3301 4717 3442 4787 quod
3478 4717 3559 4770 in-

1957 4816 2100 4885 diget
2144 4812 2451 4880 disciplina,
2480 4811 2801 4865 deteriorem
2833 4825 2890 4863 se
2916 4814 3219 4879 prolitetur.
3239 4807 3420 4876 Itaque
3449 4807 3555 4882 nisi

1956 4906 2057 4962 sibi
2100 4906 2330 4975 primum
2383 4907 2496 4973 ipse
2527 4921 2585 4958 se
2640 4904 2880 4973 indigere
2921 4903 3260 4970 persuadeat,
3290 4901 3559 4968 quomodo

1956 4995 2040 5049 vel
2090 4996 2284 5060 discat,
2328 4991 2524 5063 41311
2577 4992 2659 5046 vel
2717 4992 2871 5045 alteri
2922 4989 3134 5044 docenti
3184 4982 3560 5058 obtemperet?

1971 5086 2241 5150 Quocirca
2285 5097 2369 5140 est
2397 5085 2688 5140 absurdum
2730 5099 2875 5148 eum,
2910 5081 2999 5152 qui
3026 5081 3376 5151 semetipsum
3409 5083 3558 5134 dete-

1572 5208 1807 5263 νΑΠΙιΕ
1841 5205 2252 5263 LECTIONES.

340 5313 388 5344 ”
411 5312 455 5366 εἰ
477 5310 555 5382 δέ]
584 5327 636 5380 p.
665 5309 753 5365 '57.
828 5309 874 5345 ⁸⁸
895 5307 970 5382 ὡς
1074 5321 1085 5336 ’
1117 5307 1338 5382 ᾅσας-ς.
1374 5303 1529 5382 νίςτῷ
1550 5303 1810 5382 ὑπέρΔτ-ὴν
1838 5303 2031 5382 τέχνην
2048 5320 2154 5382 om;
2179 5305 2242 5356 A.
2310 5301 2356 5334 ’⁸
2385 5298 2505 5382 τῆς]
2532 5299 2657 5361 τοὺς
2685 5297 2767 5382 ᾼ..
2793 5298 2852 5382 ’θ’
2869 5293 3009 5368 οὑδὲ]
3024 5311 3092 5382 'p.
3122 5293 3246 5382 59.”
3281 5295 3350 5382 ‘1'
3383 5293 3556 5382 ἄλλως

268 5417 338 5428 ...-
364 5365 727 5450 παραείίνεσαι
760 5395 870 5435 om.
905 5365 967 5432 A.
1032 5376 1052 5408 ³
1080 5365 1364 5450 ιγζῖεῖξθῖρλ.
1392 5376 1480 5430 45.
1501 5365 1513 5376 ’
1558 5365 1787 5450 ξλαϐεῖν
1810 5365 1932 5450 (μηῗ
2088 5373 2109 5405 ³
2129 5372 2195 5450 ἦν
2217 5365 2455 5450 γεγονὼς
2700 5369 2767 5450 ξτ
2789 5369 2861 5450 ,οὑ
2896 5396 2966 5406 -
2993 5365 3285 5450 εἶναιλυηι..
3440 5365 3555 5450 7⁸

266 5435 472 5508 ιηιιξΧ.
529 5435 555 5485 ’⁸
580 5452 687 5504 τῶν
715 5451 918 5520 τεχνῶν
940 5465 1049 5503 om.
1083 5435 1159 5500 Α.’
1228 5435 1282 5477 ¹⁰’
1302 5435 1402 5515 ⁸ἑὴν
1422 5461 1532 5501 om.
1555 5445 1599 5498 Α
1627 5458 1789 5520 et_pr.
1820 5444 1883 5499 Β.
1950 5435 2191 5520 ι’·υηκάί
2219 5435 2608 5520 πάντες-ἀλλ’
2635 5437 2954 5520 ἀνθρῴπους
2976 5435 3415 5520 ριη.υΑ.,ἐ‹Ιι[ιιξε
3438 5445 3557 5520 μηδι

267 5525 412 5577 θεῶν
430 5524 548 5577 his:
577 5517 896 5592 ἀνθρώπους
922 5517 1231 5592 λαϐεῖνᾼτὰς
1249 5517 1577 5592 ἐπιστήμας.

271 5599 312 5631 ¹⁷
349 5594 510 5656 αὐτὸς
542 5595 620 5645 A:
654 5584 746 5646 καὶ
770 5591 929 5652 αὐτὸς
957 5607 1018 5654 ς.
1111 5587 1155 5619 ³⁸
1185 5589 1234 5640 εἰ
1257 5584 1387 5658 γὰρ]
1416 5584 1466 5654 [l-
1497 5585 1588 5658 46o

1657 5503 1938 5570 ’³’ᾶπαντα
1957 5533 2016 5580 ς.
2061 5514 2178 5547 ¹⁴σι⁵
2209 5515 2302 5567 καὶ
2324 5503 2687 5582 ὼςὲ-πρῶτον
2711 5503 2808 5564 καὶ
2827 5525 2935 5563 om.
2965 5509 3028 5560 Α.
3089 5506 3132 5537 ¹⁶
3161 5505 3332 5575 ἔθετο]
3360 5503 3463 5571 ἔφη
3487 5504 3551 5554 Α.

1692 5585 1734 5617 ⁸⁸
1768 5585 1833 5638 ἂν
1861 5601 1972 5639 0111.
2005 5586 2070 5639 Α.
2177 5586 2223 5618 ³⁸
2248 5583 2464 5639 πρῶτον
2489 5599 2596 5639 om.
2629 5582 2695 5634 Α.
2793 5581 2835 5612 ³³
2865 5579 2973 5639 γὰρ
3001 5573 3197 5639 δήπου]
3233 5574 3331 5639 μὲν
3351 5575 3457 5639 γὰρ
3485 5576 3551 5626 Α.

1808 5604 1833 5634 ν
1861 5601 1972 5641 0111.
2005 5601 2070 5640 A.

2177 5586 2223 5618 ³⁸
2248 5573 2464 5655 πρῶτον
2489 5573 2596 5639 υἶιι.
2629 5582 2695 5634 Α.
2793 5581 2835 5612 ³³
2865 5579 2973 5650 γὰρ
3001 5573 3197 5650 δήπου]
3233 5573 3331 5645 ιιὲῦ
3351 5575 3457 5644 γάρ
3485 5576 3551 5626 Α·

267 5668 313 5699 ³³
350 5654 574 5720 ἀκούσει
599 5665 666 5718 Α.
738 5663 784 5702 ³³
810 5659 1052 5728 πεισθείη
1076 5659 1140 5713 Α.
1218 5661 1265 5696 ’δ
1286 5654 1346 5710 τὸ
1368 5654 1483 5710 bin.
1506 5657 1573 5712 A.
1648 5656 1764 5688 ""‘
1792 5655 2186 5728 ὼς-πεισθείη
2214 5654 2325 5712 om.
2355 5658 2421 5709 A.

1819 5770 2054 5829 NOTIE.

342 5853 455 5918 (85)
488 5849 733 5906 Porticus
761 5845 986 5902 Athenis
1015 5845 1233 5900 nomine
1271 5843 1452 5908 Varia,
1485 5842 1735 5914 Ποικίλη.
