4124 6390
589 360 725 422 1499

1745 354 1980 415 ΡΗΟΤΙ
1996 350 2046 413 I'
2106 350 2611 415 PATRIARCH/E
2644 350 2752 411 (ΣΡ.

3714 346 3843 410 1500

584 472 782 525 riorem
829 466 1082 532 lateatur,
1126 474 1285 535 atque
1314 464 1383 519 ob
1429 463 1481 518 id
1524 462 1697 533 ipsum
1729 464 1992 528 laudetur,
2022 476 2151 533 prm.

2265 461 2464 515 ἄτοπον
2516 461 2607 514 τόν
2640 476 2704 527 γε
2742 454 2903 511 αὑτὸν
2930 456 2973 487 ³⁷
3022 454 3409 527 ὡμολογηκότα
3462 452 3603 508 εἶναι
3649 456 3839 526 χείρω,

585 559 904 614 stautiorem
962 558 1160 611 dicere.
1210 555 1453 609 Alienum
1505 568 1536 609 a
1583 554 1787 609 ratione
1833 553 1993 620 foret,
2026 555 2069 606 si
2104 570 2151 609 nt

2268 551 2455 604 τοῦτον
2483 550 2689 620 ἀμείνω
2732 548 2917 601 καλεῖν
2948 544 3016 613 ’³,
3048 547 3145 600 καὶ⁵
3170 546 3344 601 ταῦτα
3370 550 3415 579 ⁸³
3440 548 3507 601 δι⁹
3534 546 3672 599 αὑτὸ
3699 547 3839 599 τοῦτ’

585 652 687 706 hoc
717 650 933 720 quidem
990 634 1576 712 auiniadverleremus,
1613 662 1718 701 nou
1763 648 1923 701 modo
1950 658 2151 713 natura:

2267 642 2680 713 ἐπαινούμενον,
2724 642 2807 695 ὄτι
2846 639 3195 710 ὡμολόγηκεν
3250 634 3331 701 οἷς
3372 638 3607 711 ἐζήτησε
3649 639 3839 709 μαθεῖν

586 744 737 798 initio
803 751 948 796 artes
1013 741 1383 804 constituisse,
1432 740 1527 793 sed
1570 739 1715 793 etin
1775 738 1905 808 ipsis
1958 740 2167 793 artibus

582 850 696 898 ros,
748 834 837 905 qui
892 842 1083 886 natura
1134 831 1393 895 valerem,
1459 830 1798 885 excelluisse.
1851 828 1983 883 Nam
2030 828 2167 883 artis

582 928 797 996 quidem
851 941 1012 981 causa
1068 923 1275 978 similes
1323 924 1609 992 oportebat
1649 937 1839 977 omnes
1876 936 2015 985 esse,
2072 919 2163 991 qui

582 1018 765 1071 eadem
803 1016 1136 1077 didicissent,
1196 1024 1359 1082 atque
1404 1016 1565 1067 etiam
1604 1013 1936 1083 posteriores
1967 1012 2162 1082 priori-

585 1111 684 1164 hus
717 1124 931 1179 semper
974 1108 1289 1171 deteriores,
1326 1106 1495 1160 donec
1544 1106 1610 1159 ad
1659 1106 1796 1161 artis
1836 1105 2159 1160 solutionem

581 1208 719 1251 esset
755 1205 971 1251 ventum
1034 1196 1155 1264 (nec
1190 1196 1333 1249 enim
1373 1205 1583 1262 poterat
1608 1198 1728 1263 quis
1762 1195 1830 1249 ab
1864 1195 1970 1249 alio
1999 1209 2160 1248 aecu-

582 1297 697 1341 rate
730 1288 1006 1356 percipere
1053 1288 1257 1351 omnia,
1296 1286 1425 1356 quin
1473 1286 1675 1355 aliquid
1711 1301 1926 1355 semper
1954 1285 2159 1355 effuge-

582 1378 705 1449 ret),
748 1390 957 1433 naturaa
1008 1389 1187 1432 autem
1219 1379 1268 1431 vi
1315 1388 1367 1432 et
1410 1379 1731 1433 excellentia
1770 1380 1995 1449 gloriam
2051 1379 2155 1435 sibi

581 1472 679 1525 viri
731 1471 1128 1539 praeclarissimi
1174 1480 1519 1539 pepererunt.
1575 1469 1683 1525 Nec
1735 1474 2020 1541 quisquam
2073 1473 2156 1526 vel

582 1560 851 1615 Dmdalum
886 1561 968 1615 vel
990 1561 1297 1629 superiores
1320 1577 1429 1630 pra:
1462 1562 1649 1615 Pltidia
1676 1562 1928 1627 miratur,
1962 1578 2152 1617 verum

580 1663 768 1707 contra
808 1662 954 1706 artes
980 1669 1043 1705 ex
1088 1652 1269 1721 parvis
1298 1662 1351 1706 et
1382 1652 1576 1707 vilibus
1621 1654 1790 1708 initiis
1822 1653 2057 1720 majores
2092 1670 2155 1709 ac

580 1744 931 1814 perfectiores
960 1753 1085 1797 sunt
1108 1745 1353 1799 redditae.
1398 1744 1549 1811 Quod
1594 1746 1639 1799 si
1672 1756 1753 1799 est
1784 1745 2151 1810 manifestum,

580 1838 706 1891 licet
732 1852 874 1891 nunc
899 1836 1133 1906 primum
1168 1837 1373 1891 dictum
1405 1838 1498 1901 sit,
1527 1837 1745 1889 maximi
1774 1836 2013 1890 artiﬁces
2046 1851 2151 1891 non
2187 1821 2228 1874 Β

579 1938 851 1996 quatenus
881 1939 1026 1983 artes
1051 1937 1443 1996 cognoverunt,
1480 1928 1702 1982 maximi
1740 1928 2023 1991 exstitere,
2056 1928 2151 1982 sed

579 2030 845 2089 quatenus
878 2034 970 2074 eas
1012 2029 1362 2087 superarunt.
1400 2018 1492 2073 His
1528 2020 1693 2089 igitur
1721 2019 1950 2083 artibus,
1981 2026 2037 2071 ut
2060 2033 2156 2086 par

578 2120 683 2175 est,
723 2127 828 2166 non
881 2126 1092 2182 aequum
1128 2112 1343 2165 videtur
1392 2122 1563 2165 artem
1602 2120 1809 2165 natura:
1856 2110 2096 2179 praeponi
2136 2126 2148 2161 :

581 2217 685 2257 nou
711 2218 840 2272 ergo
866 2214 993 2258 ante
1034 2202 1173 2258 hanc
1203 2203 1327 2267 fuit,
1358 2218 1531 2271 neque
1559 2218 1624 2259 eo
1655 2218 1763 2273 quo
1800 2216 1946 2258 nunc
1969 2205 2152 2267 modo,

580 2309 757 2363 neque
790 2294 1014 2365 gloriata
1040 2304 1144 2349 est.

650 2387 871 2450 Verum,
908 2395 1134 2454 utputo,
1176 2401 1279 2441 uon
1314 2394 1460 2442 artes
1502 2387 1791 2443 sustulisse
1840 2390 1993 2444 viros
2029 2403 2151 2442 ma-

577 2489 735 2544 gnos,
794 2474 887 2527 sed
919 2476 1009 2543 qui
1050 2474 1287 2543 potentia
1323 2476 1481 2543 primi
1533 2485 1716 2530 essent
1774 2476 2149 2544 honorabiles,

581 2575 726 2620 artes
751 2565 964 2629 fecisse,
994 2580 1116 2619 'uou
1152 2576 1431 2621 manentes
1478 2582 1505 2619 a
1547 2569 1745 2637 quibus
1786 2570 2148 2638 accepissent,

577 2668 765 2706 vermu
794 2653 1031 2721 inspecta
1051 2652 1358 2718 verborum,
1381 2654 1469 2706 alii
1500 2670 1681 2708 rerum
1714 2664 1929 2720 natura,
1955 2672 2153 2723 pueros

578 2760 690 2814 prae
722 2760 780 2799 se
806 2745 1040 2814 majores
1084 2743 1331 2800 fecerunt
1376 2746 1572 2799 videri.
1616 2746 1722 2800 Sed
1757 2758 1900 2803 artes
1937 2764 2149 2814 omnes,

580 2845 638 2889 ut
674 2836 809 2900 dixi,
862 2847 1065 2891 natura:
1118 2848 1244 2891 sunt
1288 2839 1589 2891 inventum.
1646 2838 1861 2892 Etenim
1910 2842 1955 2895 si
2002 2852 2151 2897 artes

578 2935 760 2981 essent
795 2937 941 2981 artes
995 2928 1356 2995 productum,
1388 2928 1595 2981 nullmu
1640 2939 1884 2984 exstaret
1938 2933 2149 3001 princi-

578 3017 749 3085 pium.
784 3016 917 3072 Cum
974 3019 1120 3071 enim
1176 3020 1415 3073 nondum
1456 3030 1641 3075 essent
1694 3031 1864 3089 artes,
1918 3024 2145 3093 reperiri

580 3124 686 3165 nou
718 3119 1027 3180 potuerunt,
1074 3110 1517 3181 quandoquidem
1562 3128 1683 3183 qua:
1723 3129 1827 3167 non
1886 3125 2025 3179 erat,
2066 3114 2148 3168 in-

579 3203 767 3255 venire
799 3202 935 3255 nihil
966 3211 1201 3272 poterat.
1246 3203 1607 3270 Quamobrem
1657 3217 1769 3258 tum
1803 3206 2144 3260 inventorum

578 3293 807 3358 ratione,
840 3302 951 3347 tum
978 3294 1318 3363 sequentium
1345 3296 1625 3349 victoriam
1662 3307 1903 3366 reportat
1930 3306 2143 3353 natura.

578 3383 689 3439 llac
720 3385 882 3453 igitur
902 3401 1119 3457 quoque
1159 3388 1372 3443 ratione
1396 3397 1624 3458 apparet
1649 3398 1900 3443 naturam
1926 3390 2145 3461 quidem

576 3478 859 3548 principis,
894 3490 1067 3533 artem
1118 3494 1249 3535 vero
1290 3480 1579 3549 disciplina
1620 3492 1988 3548 constantem,
2039 3484 2146 3538 mi-

579 3570 735 3624 nistri
777 3586 841 3625 ac
870 3572 1111 3626 melioris
1149 3573 1411 3641 parentis,
1441 3574 1689 3628 ohtinere
1726 3575 1927 3629 locum.
1963 3576 2144 3646 Atque

576 3676 638 3714 ea
671 3663 913 3730 quidem,
955 3678 1072 3730 qua!
1107 3678 1203 3732 pro
1230 3665 1521 3730 rhetorica,
1581 3666 1795 3720 etiamsi
1822 3677 1997 3721 artem
2036 3684 2141 3723 non

576 3767 698 3807 csse
724 3767 841 3805 eam
882 3753 1241 3821 posuerimus,
1275 3752 1468 3826 413b
1517 3756 1621 3811 dici
1674 3768 1916 3828 possent,
1961 3760 2147 3816 multis

576 3844 813 3909 omissis,
849 3843 963 3899 ham
997 3844 1110 3899 fere
1142 3855 1271 3899 sunt
1300 3862 1363 3901 ac
1391 3846 1541 3903 talia.
1580 3847 1679 3905 liis
1716 3858 1897 3905 autem
1937 3852 2006 3907 ita
2040 3853 2137 3908 de-

578 3936 915 4001 monstratis,
977 3937 1315 3993 existimabit
1371 3938 1597 3995 forsitan
1660 3942 1863 4013 aliquis
1901 3944 2139 4014 pejorem

577 4042 675 4083 nos
703 4029 959 4099 deinceps
992 4040 1200 4098 partem
1234 4033 1455 4097 sectari,
1486 4034 1530 4088 si
1587 4035 1756 4090 etiam
1815 4049 1989 4093 artem
2021 4053 2144 4094 esse

576 4120 908 4177 voluerimus
959 4123 1177 4177 docere.
1230 4121 1343 4192 Ego
1374 4138 1502 4179 vero
1552 4142 1651 4182 nec
1679 4128 1746 4184 de
1802 4132 2132 4197 supradictis

571 4213 869 4285 quidquam
899 4226 1069 4281 muto,
1112 4230 1210 4269 nec
1236 4214 1448 4271 Platoni
1480 4224 1741 4289 concedo,
1784 4224 1917 4278 nihil
1943 4225 2147 4281 habere

574 4306 709 4359 artis
746 4307 1094 4373 rhetoricam,
1139 4309 1235 4363 sed
1266 4318 1525 4378 quantum
1561 4315 1611 4365 iu
1650 4329 1711 4367 ea
1767 4316 1901 4368 artis
1940 4327 2023 4369 est
2063 4318 2146 4386 (ut

568 4392 737 4460 ipsius
766 4404 884 4447 utar
910 4392 1149 4448 Platonis
1181 4394 1405 4461 verbis),
1441 4398 1776 4451 tantumdem
1823 4412 2142 4469 prosequar.

2265 737 2465 809 χείρων
2491 731 2649 789 εἶναι.
2696 735 2930 788 ’Δτοπον
2962 732 3018 785 δὲ
3047 732 3091 763 ³³
3128 732 3222 785 καὶ
3252 733 3294 764 ³³
3328 732 3449 803 μηδ’
3480 735 3657 785 ἐκεῖνο
3687 734 3840 804 όρᾷν,

2263 828 2347 882 ὅτι
2374 828 2434 881 οὑ
2469 829 2626 897 μόνον
2658 827 2717 891 ἐξ
2746 826 2919 898 ἀρχῆς
2944 827 3001 880 αί
3025 826 3215 896 φύσεις
3242 826 3340 889 τὰς
3363 826 3559 897 τέχνας
3583 829 3839 895 συνεστή-

2265 937 2426 975 σαντο
2464 921 2530 985 ³³,
2576 919 2713 972 ἀλλὰ
2746 920 2838 972 καὶ
2889 919 3019 991 περὶ
3063 918 3232 982 αὑτάς
3274 918 3373 981 τὰς
3420 918 3616 988 τέχνας
3673 920 3722 971 οῖ
3775 922 3837 987 τῇ

2263 1011 2422 1080 φύσει
2478 1011 2803 1079 νικήσαντες
2872 1009 3260 1080 διενηνόχασιν.
3316 1010 3521 1063 Ἕνεκα
3581 1010 3681 1081 μὲν
3732 1010 3840 1081 γὰρ

2261 1104 2359 1171 τῆς
2392 1100 2587 1172 τέχνης
2644 1103 2855 1164 πάντας
2900 1101 3006 1155 ἔδει
3061 1102 3474 1171 παραπλησίους
3517 1096 3660 1155 εἶναι
3715 1102 3839 1165 τοὺς

2262 1191 2429 1257 αὑτὰς
2461 1191 2730 1263 μαθόντας
2759 1192 2826 1261 ³³,
2856 1187 3011 1260 οἴμαι
3042 1191 3098 1245 δὲ
3136 1193 3230 1244 καὶ
3263 1193 3477 1262 χείρους
3496 1193 3621 1256 τοὺς
3656 1192 3839 1245 85ers-

2265 1298 2389 1353 pou;
2428 1274 2517 1335 άεῖ
2542 1281 2650 1335 τῶν
2692 1281 2997 1353 προτέρων,
3033 1282 3137 1345 ἕως
3160 1283 3240 1344 είς
3268 1281 3329 1334 τὸ
3354 1281 3581 1351 λυθῆναι
3603 1280 3705 1351 τήν
3755 1282 3841 1334 τέ-

2260 1393 2394 1448 χνην
2421 1376 2652 1446 ἀφίκετο
2679 1393 2692 1406 ·
2722 1375 2783 1428 οὑ
2824 1374 2931 1443 γάρ
2970 1374 3035 1428 ἄν
3055 1369 3122 1444 ἦν
3160 1375 3341 1427 πάντα
3371 1373 3555 1427 λαϐεῖν
3597 1373 3841 1443 άκριεῶς

2260 1469 2391 1542 παρ’
2417 1470 2607 1541 ἐτέρου
2641 1468 3007 1537 λαμϐάνοντα,
3057 1466 3172 1519 ἀλλ’
3214 1467 3322 1518 ἔδει
3350 1466 3636 1535 διαφυγεῖν
3672 1466 3720 1497 ³⁸
3753 1466 3838 1518 ἀεί

2257 1582 2329 1617 τι,
2374 1562 2561 1633 Ῥώμῃ
2584 1562 2660 1627 δὲ,
2686 1558 2856 1630 οἶμαι,
2885 1560 3098 1629 φύσεως
3127 1561 3220 1613 καὶ
3246 1563 3530 1631 περιουσίᾳ
3557 1560 3655 1630 τὴν
3684 1560 3840 1624 δόξαν

2256 1657 2305 1708 οί
2334 1656 2710 1726 κρατήσαντες
2750 1652 3007 1723 εἰλήφασι
3036 1668 3051 1684 ο
3102 1654 3195 1706 καὶ
3228 1652 3407 1714 οὐδεὶς
3448 1652 3540 1704 τὸν
3581 1651 3840 1705 Δαίδαλον

2256 1748 2378 1801 οὑδὲ
2408 1748 2535 1809 τοὺς
2563 1745 2676 1799 ἄνω
2720 1744 2991 1814 θαυμάζει
3022 1744 3173 1813 παρὰ
3207 1744 3297 1797 τὸν
3338 1742 3382 1775 ³⁸
3429 1743 3665 1804 Φειδίαν,
3708 1744 3839 1797 ἀλλά

2256 1839 2564 1892 τούναντίον
2595 1839 2659 1889 ὲκ
2705 1836 2915 1907 μικρῶν
2946 1836 3039 1889 καὶ
3066 1834 3286 1903 φαύλων
3321 1834 3381 1887 τὸ
3408 1835 3527 1888 κατ’
3558 1834 3737 1904 ἀρχάς
3764 1838 3840 1899 είς

2254 1926 2316 1982 τὸ
2360 1926 2541 1997 μεῖζον
2584 1927 2673 1979 καὶ
2720 1925 3052 1994 τελειότερον
3098 1925 3144 1956 ³⁸
3172 1928 3228 1978 αί
3258 1926 3441 1995 τέχναι
3475 1927 3835 1996 κατέστησαν.

2258 2018 2387 2091 [675
2418 2018 2506 2090 IL]
2540 2020 2737 2082 Αύταῖς
2773 2019 2817 2050 ³⁷
2843 2020 3043 2080 τοίνυν,
3086 2018 3159 2082 ὡς
3185 2018 3349 2083 ἔοικε,
3378 2020 3497 2079 ταῖς
3534 2017 3754 2087 τέχναις
3781 2020 3838 2071 οὑ

2255 2111 2565 2165 λυσιτελοῦν
2598 2112 2847 2180 φαίνεται
2887 2112 2986 2182 τὴν
3012 2112 3207 2181 τέχνην
3234 2112 3339 2181 πρὸ
3373 2112 3475 2175 τῆς
3501 2111 3722 2179 φύσεως
3758 2130 3841 2164 τε-

2255 2202 2543 2274 τιμῆσθαι.
2601 2204 2813 2257 Οὑκοὺν
2851 2203 3135 2273 προελθεῖν
3182 2204 3235 2271 γ’
3270 2202 3334 2256 ἂν
3385 2205 3576 2267 αὑταῖς
3612 2198 3683 2274 ἦν
3726 2204 3838 2257 οὑδὲ

2254 2298 2439 2365 τυχεῖν
2472 2294 2565 2347 τοῦ
2592 2293 2687 2348 νῦν
2715 2296 2993 2365 σχήματος
3022 2294 3142 2347 οὑδὲ
3172 2294 3555 2363 σεμνύνεσθαι.

2338 2384 2476 2437 Ἀλλ’
2501 2380 2676 2453 οἶμαι,
2733 2385 2831 2454 οὑχ
2857 2385 2913 2436 αἱ
2958 2384 3143 2455 τέχναι
3167 2385 3293 2447 τοὺς
3333 2384 3531 2455 ἄνδρας
3564 2380 3714 2457 ἦραν
3747 2403 3839 2455 με·

2259 2476 2478 2545 γάλους,
2505 2477 2688 2531 ἀλλὀί
2737 2480 2805 2548 τῇ
2852 2476 3082 2547 δυνάμει
3131 2478 3548 2548 πρωτεύσαντες
3586 2480 3837 2549 ἐντίμους

2256 2568 2355 2631 τὰς
2378 2568 2575 2637 τέχνας
2603 2568 2885 2637 ἐποίησαν,
2939 2569 3000 2621 οὑ
3044 2568 3325 2639 μείναντες
3360 2568 3445 2637 ἐφ’
3479 2562 3557 2623 ὧν
3599 2570 3837 2641 παρέλα-

2256 2660 2370 2715 δον.
2406 2661 2467 2713 Εἰ
2500 2660 2557 2714 δὲ
2624 2660 2771 2714 τοῦθ’
2808 2660 3013 2715 ἅπασιν
3072 2659 3316 2730 εὔδηλον,
3364 2662 3412 2714 εί
3468 2662 3567 2715 καὶ
3597 2664 3675 2733 μὴ
3708 2665 3837 2733 πρό-

2256 2768 2433 2821 τερον,
2470 2751 2605 2805 ἀλλὰ
2633 2750 2729 2805 νῦν
2779 2768 2842 2819 γε
2897 2752 3207 2823 εἰρημένον,
3262 2753 3310 2805 οι
3364 2753 3611 2824 μέγιστοι
3654 2755 3763 2809 τῶν
3783 2757 3837 2807 ὲν

2253 2848 2373 2909 ταῖς
2395 2846 2610 2915 τέχναις
2635 2845 2733 2915 οὑχ
2748 2845 2864 2878 ³⁸ο³⁹
2894 2837 2935 2911 ᾧ
2955 2846 3327 2915 μετεσχήκασι
3342 2845 3444 2914 τῆς
3471 2847 3670 2916 τέχνης
3686 2847 3839 2917 μέγι-

2257 2955 2371 2992 στοι
2398 2939 2705 3006 γεγόνασιν,
2738 2937 2853 2990 ἀλλ’
2879 2931 2923 3006 ᾧ
2945 2938 3043 3008 τὴν
3066 2938 3265 3009 τέχνην
3292 2938 3744 3009 παρεληλύθασιν
3770 2940 3835 2992 ⁸⁸.

2267 3030 2408 3084 Ἀλλ’
2439 3031 2482 3062 ⁶¹
2542 3030 2833 3091 ἐνδιδόντες
2865 3033 2929 3099 τῇ
2986 3027 3146 3098 φύσει
3183 3030 3294 3083 τῶν
3325 3029 3520 3098 λόγων,
3559 3030 3612 3082 οἱ
3642 3030 3702 3083 δὲ
3733 3029 3839 3083 τῶν

2254 3122 2617 3193 πραγμάτων,
2659 3123 2858 3184 παῖδας
2898 3124 3023 3185 τοὺς
3062 3122 3171 3195 πρὸ
3215 3122 3394 3176 αὑτῶν
3434 3121 3691 3195 [δυνάμει
3741 3124 3839 3193 φι-

2257 3233 2394 3279 σεως
2430 3212 2497 3287 δ’]
2528 3214 2839 3277 ἀπέδειξαν.
2871 3213 3032 3268 Ἀλλὰ
3061 3214 3105 3245 ⁸³
3124 3214 3304 3277 πάσας
3323 3214 3418 3278 τὰς
3450 3214 3673 3284 τέχνας,
3706 3215 3839 3285 ὅπερ

2254 3302 2429 3371 εἷπον,
2473 3308 2507 3376 ή
2533 3304 2694 3374 φύσις
2725 3298 2902 3377 εὗρεν.
2941 3307 3002 3359 El
3033 3306 3142 3377 γάρ
3185 3309 3241 3359 αἱ
3290 3307 3475 3377 τέχναι
3516 3308 3616 3370 τὰς
3645 3308 3839 3376 τέχνας

2255 3397 2479 3468 ἔμελλον
2535 3398 2809 3469 εὑρήσειν,
2849 3398 2948 3451 οὑκ
2977 3397 3044 3451 ἂν
3074 3394 3141 3467 ἦν
3182 3399 3368 3452 λαϐεῖν
3400 3401 3499 3468 τὴν
3533 3400 3736 3470 ἀρχήν.
3765 3399 3837 3453 Οὑ

2253 3491 2362 3561 γάρ
2391 3506 2477 3541 πω
2505 3489 2709 3558 τεχνῶν
2736 3488 2908 3542 ούσῶν
2936 3490 3034 3542 οὑκ
3092 3488 3158 3542 ἂν
3190 3485 3258 3559 ἦν
3282 3490 3480 3561 τέχνην
3516 3490 3701 3561 εὑρεῖν
3719 3507 3734 3523 ο
3770 3492 3835 3561 τῇ

2253 3584 2361 3652 γάρ
2418 3582 2464 3613 ⁸⁵
2525 3580 2601 3653 μὴ
2660 3580 2793 3653 οὔσῃ
2852 3580 2968 3643 πῶς
3010 3580 3136 3649 ὲνῆν
3179 3582 3360 3651 εὑρεῖν
3391 3583 3470 3645 l’5;
3504 3582 3719 3635 Οὐκοῦν
3744 3584 3840 3634 καὶ

2253 3674 2392 3728 κατὰ
2417 3672 2544 3735 τοὺς
2575 3672 2833 3741 εὑρόντας
2886 3672 2986 3735 τὰς
3037 3672 3232 3741 τέχνας
3267 3673 3325 3739 ἐξ
3360 3673 3536 3742 ἀρχῆς
3568 3675 3663 3726 καὶ
3699 3674 3839 3727 κατά

2252 3764 2375 3827 τοὺς
2426 3762 2792 3833 ὑπερέχοντας
2837 3765 2893 3817 ὲν
2960 3764 3150 3826 αὑταῖς
3172 3762 3218 3794 ⁸⁵⁸
3260 3766 3293 3833 ή
3334 3763 3494 3833 φύσις
3525 3766 3674 3834 νικᾷ.
3708 3766 3838 3817 Φαί-

2253 3871 2402 3908 νεται
2436 3854 2480 3885 ⁸⁷
2509 3854 2689 3907 τοίνυν
2738 3854 2831 3909 καὶ
2876 3856 3014 3909 κατὰ
3060 3855 3247 3909 τοῦτον
3273 3857 3318 3888 ⁸⁸
3343 3858 3433 3909 τὸν
3471 3856 3629 3925 λόγον
3669 3860 3703 3927 ἡ
3741 3858 3841 3926 μὲν

2254 3945 2416 4015 φύσις
2441 3945 2700 4016 ἄρχοντος
2738 3946 2922 4018 χώραν
2949 3948 2992 3979 δ’
3027 3946 3247 4017 ἔχουσα,
3285 3950 3315 4018 ή
3353 3949 3410 4002 δὲ
3432 3948 3497 4002 ἐκ
3519 3948 3614 4002 τοῦ
3642 3948 3840 4018 μαθεῖν

2252 4038 2415 4107 τέχνη
2474 4036 2724 4092 διακόνου
2769 4040 2863 4094 καὶ
2911 4038 3234 4108 πειθομένου
3294 4039 3372 4110 τῷ
3430 4040 3729 4109 κρείττονι.
3771 4041 3836 4093 Ἀ

2255 4130 2351 4199 μὲν
2382 4130 2426 4161 ⁸⁸
2456 4127 2569 4194 οὑν,
2607 4129 2656 4180 εί
2677 4128 2771 4187 καὶ
2806 4129 2878 4198 μὴ
2904 4129 3099 4199 τέχνην
3132 4124 3271 4183 εἶναι
3296 4129 3523 4200 δοίημεν
3546 4128 3645 4197 τὴν
3673 4131 3836 4199 ῥητο-

2255 4220 2433 4291 ρικὴν,
2458 4219 2569 4289 ἐχοι
2604 4221 2647 4252 ⁸¹
2687 4237 2769 4282 τις
2792 4219 2857 4272 ἂν
2886 4218 3064 4287 λέγειν
3096 4220 3236 4291 ὑπὲρ
3282 4221 3471 4290 αὐτῆς,
3506 4218 3681 4271 πολλὰ
3707 4221 3835 4287 ἀφε-

2255 4310 2396 4364 λόντι
2417 4310 2525 4363 τῶν
2556 4309 2814 4363 ἐπιόντων
2836 4308 3075 4363 τοσαῦτα
3098 4310 3192 4362 καὶ
3224 4309 3449 4362 τοιαῦτά
3478 4311 3649 4364 ἐστιν.
3676 4309 3835 4370 Ἴσως

2252 4402 2309 4455 δέ
2344 4402 2387 4433 ⁸³
2408 4418 2491 4460 τις
2524 4402 2789 4470 οίήσεται,
2822 4398 3026 4451 τούτων
3047 4398 3217 4461 οὕτως
3256 4398 3744 4467 ἀποδεδειγμένων,
3774 4396 3836 4449 sb

566 4485 647 4538 An
684 4499 814 4541 vero
862 4490 1140 4546 contraria
1180 4507 1285 4547 non
1322 4503 1473 4554 sunt,
1501 4490 1546 4544 si
1594 4499 1650 4544 et
1689 4491 1973 4547 intendere
2023 4509 2145 4547 eam

2257 4486 2586 4559 φαυλότερον
2612 4486 2861 4539 σπεύδειν
2885 4487 3032 4557 ἡμᾶς
3060 4486 3270 4554 λοιπὸν,
3310 4486 3404 4540 ἐὰν
3437 4488 3523 4540 ὅτι
3552 4490 3647 4539 καὶ
3678 4489 3841 4557 τέχνη

568 4574 734 4630 veluti
769 4578 820 4632 in
878 4592 1099 4649 sc0pum
1156 4584 1381 4649 dixeris,
1414 4595 1469 4639 et
1496 4585 1685 4639 eadem
1718 4581 1788 4637 de
1830 4597 2019 4648 causa,
2061 4599 2147 4636 ra-

569 4667 715 4723 tione
741 4672 967 4725 carere?
995 4672 1197 4728 Omnes
1252 4676 1393 4729 enim
1419 4677 1511 4747 qtti
1563 4678 1880 4742 collineant,
1936 4676 2149 4730 ratione

568 4758 753 4829 utique
784 4769 1023 4827 utentes,
1055 4764 1392 4831 collineant;
1428 4782 1530 4822 nec
1571 4768 1717 4820 enim
1770 4766 1895 4820 licet
1931 4767 2147 4820 ratione

568 4866 673 4905 non
698 4860 937 4907 utentem
967 4854 1282 4919 collineare,
1308 4856 1577 4925 siquidem
1603 4857 1742 4911 ratio
1758 4854 2146 4926 jaculationem

565 4939 783 4994 cmeiat.
824 4941 960 4997 Nam
998 4946 1294 5000 collineare
1333 4956 1421 5001 est
1466 4962 1578 5000 rem
1623 4949 1917 5017 attingere,
1959 4955 2020 4999 ut
2055 4945 2146 5015 qui

566 5033 853 5102 aberrant,
892 5051 996 5090 uon
1054 5038 1190 5092 bene
1243 5038 1556 5094 collineant.
1632 5038 1820 5109 Itaque
1883 5055 1989 5093 non
2047 5039 2139 5109 qui

2253 4579 2525 4633 διδάσκειν
2562 4578 2903 4648 πειρώμεθα.
2940 4578 3083 4647 Ἐγὼ
3107 4579 3163 4632 δὲ
3193 4574 3315 4633 οὔτε
3332 4582 3377 4614 ⁸³
3407 4580 3516 4633 τῶν
3533 4581 3841 4652 είρημένων

2254 4672 2406 4725 οὐδὲν
2467 4671 2827 4742 μετατίθεμαι
2880 4672 2946 4736 ⁸⁵,
3010 4671 3135 4725 οὔτε
3192 4673 3437 4726 Πλάτωνι
3478 4673 3751 4743 συγχωρὼ
3782 4671 3845 4724 τὸ

2258 4762 2423 4833 μηδὲν
2447 4764 2686 4832 μετεῖναι
2739 4764 3003 4833 ῥητορικῇ
3055 4764 3249 4834 τέχνης
3272 4765 3339 4823 ⁸⁸,
3366 4763 3484 4817 ἀλλ’
3530 4765 3655 4817 ὅσον
3704 4765 3839 4834 αὐτῇ

2256 4856 2453 4927 τέχνης
2493 4857 2793 4926 (χρήσομαι
2832 4857 2877 4888 ⁵⁸
2899 4857 3005 4928 γὰρ
3068 4860 3179 4920 τοῖς
3224 4856 3318 4909 τοῦ
3353 4858 3643 4921 Πλάτωνος
3678 4855 3845 4910 αὑτοῦ

2263 4949 2502 5019 ῥήμασιν
2555 4947 2646 5014 ⁸⁷),
2704 4948 2853 5000 τοῦτ’
2908 4950 3179 5019 ἐπέξειμι,
3234 4949 3428 5003 Καίτοι
3468 4950 3514 4983 ⁵⁸
3569 4951 3689 5012 πῶς
3745 4952 3845 5019 οὑχ

2256 5039 2570 5093 ὑπεναντίον
2642 5040 2874 5109 φάσκειν
2925 5041 3024 5112 μὲν
3070 5041 3428 5113 στοχάζεσθαι
3486 5043 3585 5115 τὴν
3625 5046 3846 5114 ῥητορι-

1890 5180 2123 5236 νΑιιιΑα]
2164 5181 2567 5238 LECTIONES.

642 5272 687 5305 “
712 5288 775 5339 γε
804 5271 967 5345 ante»;
987 5286 1097 5326 om.
1120 5272 1184 5325 Α.
1258 5271 1429 5345 ¹⁶ᾉκαὶ
1452 5270 1634 5345 ταῦτα
1670 5300 1737 5345 -τ
1769 5273 1928 5339 1515,
1953 5273 2016 5328 l6
2048 5275 2090 5328 R
2124 5273 2319 5345 xplvw]
2341 5289 2439 5342 pro
2472 5274 2556 5345 his
2583 5273 2708 5345 iniB
2742 5288 2952 5342 pagina:
2982 5287 3165 5327 vacure
3190 5282 3317 5345 sunt
3344 5271 3607 5342 quinque.
3689 5277 3736 5313 υ
3764 5269 3845 5336 οἷς

566 5341 734 5412 tiara

567 5411 779 5486 θόντας]
818 5412 1087 5486 μαθόντας
1108 5411 1251 5486 εἶναι
1274 5413 1337 5467 C.
1375 5484 1383 5486 _
1414 5412 1460 5446 “
1490 5413 1887 5486 StatpuyaivAAC
1914 5411 2254 5484 [διαφεύγειν
2283 5432 2343 5486 ςᾼ.

1589 5485 1635 5566 ς’
1668 5486 1715 5536 εἰ
1769 5483 1826 5565 δὲ
1874 5484 2335 5566 παρεληλύθασιν]
2364 5485 2502 5566 _h:ec
2554 5495 2686 5566 ante.
2729 5484 2922 5547 αὑταῖς
2973 5483 3375 5566 τοίγενῌψτιιιίυ
3402 5495 3586 5566 supra)
3624 5489 3773 5551 ponit
3804 5485 3849 5539 C

568 5501 622 5556 p.
653 5482 777 5540 52f
818 5484 934 5556 ³⁸⁸³³
960 5482 1180 5556 ούχγΑίζ
1221 5504 1266 5556 ~:_
1302 5484 1396 5538 καὶ
1430 5501 1490 5548 ς.

568 5571 695 5608 eum
724 5573 786 5619 ς.

888 5554 931 5592 ιι
964 5553 1078 5625 άλλ*
1102 5554 1413 5625 ἐνδιδόντες
1439 5556 1503 5625 τῇ
1538 5553 1696 5623 φύσει
1742 5554 1847 5607 τῶν
1885 5553 2142 5623 λόγωνοι
2168 5572 2286 5609 mox
2322 5556 2431 5609 τῶν
2462 5554 2805 5625 πριγμάτων
2832 5570 2940 5625 niti.
2975 5554 3032 5607 Α.

740 5359 799 5415 σε
826 5342 1015 5415 μαθεῖν
1031 5359 1254 5415 oui._pr.
1284 5343 1345 5415 ς.
1418 5342 1467 5415 _'_°
1498 5342 1695 5415 άτοπον
1713 5344 1768 5397 δὲ
1794 5361 1901 5415 orn.
1932 5361 2013 5413 pr.
2036 5345 2097 5398 Ο.
2132 5342 2379 5414 leguntur
2408 5361 2460 5415 p.
2483 5344 2572 5399 5|.
2643 5344 2685 5376 ³¹
2722 5345 2819 5396 καὶ
2841 5344 3031 5415 om.A_.
3097 5345 3138 5415 ’_’
3166 5344 3497 5415 συνέστησαν
3528 5345 3594 5415 Α.
3657 5351 3705 5384 ³³
3736 5364 3845 5415 ματ

2436 5417 2480 5449 ³⁵
2512 5415 2604 5468 τὸν
2635 5415 2757 5468 add.
2796 5415 2860 5466 A.
2982 5412 3027 5443 ³⁸
3051 5412 3375 5482 τελεώτερον
3402 5431 3463 5478 ς.
3557 5414 3603 5445 ³⁷
3629 5412 3845 5482 αὑταῖς]

3148 5554 3194 5587 ⁸³
3220 5553 3445 5621 δυνάμει
3481 5553 3700 5620 φύσεως
3731 5573 3849 5609 om.

570 5642 652 5695 pr.
808 5625 862 5697 f'
893 5624 1139 5697 enm».
1166 5626 1254 5680 53.
1330 5624 1449 5697 “"F'
1474 5622 1557 5697 τῇς
1571 5626 1764 5697 γάρ-
1787 5622 1967 5697 εὑρεῖν
1990 5642 2101 5680 om.
2137 5628 2202 5681 A.
2260 5625 2320 5697 A“
2341 5628 2398 5678 ὲν
2422 5622 2745 5685 αὑταῖςοιη.
2779 5639 2858 5697 pr.
2897 5624 2959 5678 C.
3037 5622 3389 5697 "Ltpatvsgat'l
3413 5639 3461 5697 p_.
3497 5622 3589 5697 ιίὶόἐ
3646 5625 3716 5697 ﬂ“
3752 5626 3853 5697 καὶ

566 5680 708 5749 κατὰ.
738 5694 925 5768 τοῦτον
946 5680 1219 5768 τὺνίλόγον
1250 5711 1360 5751 om.
1396 5696 1470 5768 Αἶ
1515 5680 1814 5768 ”⁴⁹’χίέιραν]
1846 5680 2002 5768 λόγον
2036 5699 2100 5753 Α.
2177 5698 2222 5729 ⁵⁸
2248 5695 2283 5750 ὃ.
2311 5698 2434 5765 μὲν]
2463 5714 2511 5768 p.
2537 5680 2656 5750 57.
2703 5697 2757 5768 "A
2780 5680 2892 5763 ἔχει
2922 5712 2983 5759 ς.

3077 5691 3135 5727 η
3153 5693 3233 5764 δέ]
3261 5693 3309 5746 δ’
3334 5694 3397 5747 ἄν
3429 5691 3495 5764 Α.
3568 5692 3692 5728 υσεδ
3718 5694 3849 5748 οὔτε

568 5793 630 5805 --
656 5764 1056 5841 μετατίθεμαι]
1082 5768 1247 5839 ούμαι
1283 5770 1343 5822 Α.
1426 5766 1472 5799 ⁵⁸
1497 5763 1638 5838 αὑτῇ
1668 5763 1886 5841 τέχνης]
1920 5763 2037 5826 ’ἰηιο
2062 5768 2227 5839 αὐτῆς
2253 5763 2438 5840 τέχνηζ
2464 5763 2475 5768 ’
2514 5768 2629 5802 ’Μ’
2664 5763 3261 5839 χρήσομαι-ῥήμασιν
3284 5780 3396 5821 om.
3425 5763 3494 5819 Δ.
3567 5764 3617 5799 ⁸⁸
3641 5766 3845 5831 καίτοι]

567 5850 623 5906 p.
654 5836 745 5892 58.
