4124 6428
280 421 414 490 1-501

1306 419 1836 484 BIBLIOTHECA.
1876 444 1946 458 -·
1977 418 2143 484 COD.
2182 419 2510 484 CCXLVII.

3419 409 3560 477 1502

273 536 381 607 κήν
410 533 479 600 ⁸⁸,
506 531 688 602 λέγειν
711 529 771 586 δὲ
797 527 875 595 ὡς
902 527 964 584 ού
995 527 1199 602 χρῆται
1248 528 1481 602 λόγῳζδι⁹
1509 531 1644 585 αὐτὸ
1673 529 1869 600 τοῦτος

1978 533 2232 588 collineat
2261 533 2503 598 aberrat,
2537 529 2632 586 sed
2657 528 2750 598 qui
2777 527 3054 585 aberravit
3088 542 3191 582 non
3229 523 3562 587 collincavit.

275 629 480 691 πάντες
508 626 618 699 γὰρ
645 627 696 680 οί
727 622 1117 698 στοχαζόμενοι
1153 623 1218 694 δή
1253 639 1355 678 που
1400 623 1480 695 τῷ
1508 623 1656 696 λόγῳ
1687 640 1864 696 προσ-

277 723 506 790 άγοντες
528 719 574 751 ⁸⁸
601 717 848 782 ἑαυτοὺς,
900 715 1045 770 οὕτω
1081 714 1458 786 στοχάζονται.
1501 716 1578 769 Ού
1604 716 1718 788 γὰρ
1749 715 1870 770 ἐστι

282 814 360 886 μὴ
379 813 525 884 λόγῳ
555 809 840 882 χρώμενον
901 807 1285 880 στοχάζεσθαι,
1335 807 1452 862 ἀλλ’
1481 809 1510 862 ό
1533 807 1578 840 ⁶¹
1604 795 1707 861 τού
1729 808 1874 878 πρά-

277 920 490 975 γματος
505 903 666 970 λόγος
690 893 844 963 οὗτός
859 901 1009 954 ἐστιν
1037 901 1068 954 ό
1093 898 1263 952 ποιῶν
1289 895 1673 968 στοχάζεσθαι.
1715 897 1872 950 Ἐστι

277 998 337 1052 δὲ
366 994 726 1067 στοχάζεσθαι
752 995 814 1048 τὸ
847 994 1035 1065 τυχεῖν
1087 990 1183 1046 τού
1215 991 1562 1063 πράγματος,
1605 989 1683 1054 ὡς
1729 989 1787 1043 οῖ
1807 1007 1872 1058 γε

280 1087 784 1157 άποτυγχάνοντεςυ
809 1085 986 1157 ἀρχὴν
1056 1082 1178 1137 οὐδὲ
1233 1082 1608 1154 στοχάζονται.
1658 1080 1874 1136 Οὐκοῦν

280 1181 380 1250 οὐχ
410 1173 455 1248 ᾧ
481 1181 526 1211 ⁸⁸
555 1177 914 1248 στοχάζεσθαι
952 1176 1257 1246 ἁμαρτάνει
1291 1192 1397 1240 τις,
1422 1174 1536 1229 ἀλλ’
1560 1166 1606 1243 ᾧ
1634 1173 1874 1246 διήμαρ-

279 1290 373 1326 τεν
394 1273 496 1326 οὐκ
535 1272 893 1343 ἐστοχάσατο.
919 1269 1162 1334 Εἰκότως
1183 1285 1198 1302 ο
1221 1268 1399 1332 οὐδεὶς
1423 1269 1532 1337 γάρ
1564 1268 1874 1339 ἁμαρτάνει

280 1365 428 1438 λόγῳ
454 1366 758 1436 χρώμενος,
791 1363 911 1418 ἀλλ’
958 1364 1076 1433 ἅμα
1127 1361 1337 1432 ἐσφάλη
1375 1361 1472 1414 καὶ
1515 1361 1607 1414 τὸν
1631 1360 1790 1430 λόγον
1811 1361 1874 1414 ού

281 1458 602 1514 διεσώσατο.
627 1456 726 1531 [Τὸ
760 1457 953 1529 μέλλον
976 1456 1022 1488 ⁸³
1071 1455 1288 1525 ἑκάστῳ
1327 1453 1597 1508 συνοίσειν
1621 1454 1874 1522 ἐκλέγον-

281 1571 375 1618 τες
408 1553 500 1623 “.]
527 1553 634 1606 Καὶ
663 1551 859 1612 ταῦτα,
905 1543 951 1603 ὧ
989 1547 1237 1610 Πλάτων,
1278 1549 1399 1607 ταῖς
1432 1547 1554 1607 σαῖς
1576 1545 1876 1614 ἀδαμαντί-

281 1664 404 1710 ναις
433 1647 702 1714 ἀνάγκαις
733 1643 1142 1698 ἀποδείκνυται.
1185 1637 1350 1712 [1248
1379 1636 1471 1710 3.]
1506 1639 1572 1692 Τί
1599 1637 1656 1691 δὲ
1681 1639 1726 1671 ⁸³
1747 1639 1877 1710 περὶ

284 1736 604 1809 ῥητορικῆς,
656 1737 706 1789 εἰ
755 1732 1101 1805 στοχάζεται,
1151 1729 1454 1801 θαυμάζεις
1501 1730 1548 1763 ⁸⁸
1575 1747 1590 1796 ;
1622 1728 1876 1797 φαίνεται

280 1826 393 1897 γὰρ
422 1827 464 1858 ⁸⁷
499 1824 760 1896 ῥητορικὴ
782 1823 984 1894 ὁμοίως
1005 1820 1323 1892 διακειμένη
1351 1822 1417 1892 τῇ
1444 1822 1704 1890 μαντικῇ,
1735 1818 1878 1890 πλὴν

1973 632 2029 680 et
2045 624 2239 679 merito
2261 640 2278 690 ;
2304 622 2572 692 siquidem
2601 634 2763 675 nemo
2787 621 2914 675 dum
2941 617 3362 681 rationeutilur,
3388 624 3562 680 errat,

1972 727 2158 769 verum
2192 713 2528 782 simulatque
2554 713 2825 766 rationem
2849 711 3056 772 amisit,
3095 719 3266 764 errat.
3292 706 3374 782 [ld
3417 707 3562 776 quod

1973 806 2169 874 cuique
2193 805 2536 873 profuturum
2561 812 2666 866 est,
2698 800 3046 873 deligentes.]
3079 801 3258 869 Atque
3290 802 3407 856 huic
3430 799 3560 869 qui-

1973 897 2119 961 dem,
2162 896 2336 959 Plato,
2385 894 2763 951 adamantiuis
2813 893 2919 949 luis
2943 891 3396 948 demonstrantur
3457 905 3555 944 ne—

1973 987 2355 1044 cessitatibus.
2406 987 2541 1043 Cum
2579 987 2912 1041 rhetoricam
2963 982 3236 1052 conjicere
3301 980 3566 1038 miraris?

1973 1081 2181 1136 Eodem
2207 1080 2350 1135 enim
2380 1081 2539 1136 modo
2577 1089 2742 1150 atque
2787 1077 3050 1133 divinatio
3089 1077 3309 1132 videtur
3363 1089 3421 1130 se
3461 1075 3562 1130 ha-

1978 1174 2124 1238 bere,
2177 1171 2283 1228 uisi
2331 1172 2477 1242 quod
2515 1185 2639 1226 cum
2687 1168 2952 1224 divinatio
3014 1174 3138 1237 post
3183 1165 3560 1236 conjecturam

1977 1265 2208 1329 desinat,
2264 1263 2539 1318 rhetorica
2579 1277 2686 1317 non
2719 1269 2928 1316 tantum
2973 1259 3221 1330 coniicit,
3254 1257 3348 1313 sed
3388 1266 3442 1310 et
3475 1269 3563 1319 ea,

1977 1371 2098 1427 quae
2131 1355 2334 1424 optima
2362 1356 2661 1420 censuerit,
2680 1367 2775 1424 per
2806 1353 3090 1408 ministros
3112 1351 3348 1423 perlicit.
3374 1349 3565 1418 itaque

1978 1449 2328 1503 divinationis
2346 1456 2579 1516 occupat
2603 1447 2802 1508 locum,
2825 1453 2881 1500 et
2920 1445 3057 1500 artis
3086 1443 3363 1504 utilitatis,
3401 1457 3562 1512 quam

1977 1543 2198 1610 quidem
2225 1541 2294 1622 agi
2323 1539 2540 1598 civilem
2576 1541 2865 1594 scientiam
2890 1537 3169 1608 pertinere
3199 1551 3305 1591 non
3345 1535 3564 1604 negabit

1979 1635 2152 1690 Plato.
2184 1635 2303 1703 Quo
2359 1635 2527 1705 igitur
2556 1635 2720 1688 modo
2761 1632 2939 1686 civilis
2971 1632 3211 1686 scientiae
3243 1629 3414 1700 partis
3447 1638 3565 1681 erat

1979 1728 2335 1782 simulacrum
2372 1728 2668 1790 rhetorica,
2709 1726 2753 1782 si
2787 1740 2895 1780 non
2937 1724 3084 1779 isto?
3132 1723 3202 1777 At
3232 1725 3305 1777 ita
3331 1720 3560 1775 simula-

1983 1835 2138 1875 crum
2174 1835 2279 1875 non
2313 1820 2441 1875 erit.

280 1923 406 1976 ὅσον
436 1919 671 1990 μαντικὴ
703 1913 800 1988 μὲν
816 1915 1166 1988 ἀπήλλακται
1197 1913 1576 1984 στοχασαμένη
1607 1913 1676 1979 ⁸⁸,
1740 1913 2006 1984 ῥητορικὴ
2077 1913 2401 1983 στοχάζεται
2459 1911 2621 1983 μόνον
2667 1910 2776 1966 τῶν
2828 1911 3196 1980 πραγμάτων,
3271 1904 3407 1961 ἀλλὰ
3471 1909 3561 1963 καὶ

281 2013 512 2085 πράττει
540 2012 627 2065 διὰ
654 2010 762 2066 τῶν
793 2007 1080 2081 ὑπηρετῶν
1101 2007 1239 2062 άττα
1260 2005 1326 2059 ἂν
1346 2004 1574 2077 εὑρίσκῃ
1589 2002 1858 2074 βέλτιστα.
1902 2003 2066 2056 ’Ὠστε
2093 2005 2190 2059 καὶ
2214 2004 2306 2058 τὸν
2335 2004 2436 2075 τῆς
2464 2005 2731 2076 μαντικῆς
2769 2004 2954 2074 ἐπέχει
2979 2004 3133 2072 λόγον
3157 2003 3250 2055 καὶ
3313 1999 3402 2052 τὸν
3462 1998 3566 2068 τῆς

283 2106 676 2176 στρατηγικῆς,
708 2101 776 2172 ἢν
800 2100 964 2172 μηδὲν
994 2101 1297 2171 προσήκειν
1329 2101 1397 2170 τῇ
1430 2097 1678 2170 πολιτικῇ
1715 2097 1940 2151 Πλάτων
1981 2097 2082 2152 ούκ
2150 2100 2286 2172 ἐρεῖ.
2343 2099 2468 2164 Πῶς
2535 2098 2628 2153 οὖν
2687 2098 2953 2171 ῥητορικὴ
3028 2097 3310 2167 πολιτικῆς
3376 2094 3563 2167 μορίου

280 2196 520 2261 εἴδωλον,
583 2196 631 2249 εί
689 2195 764 2266 μὴ
815 2192 1025 2258 οὓτως;
1069 2192 1232 2245 Ἀλλὰ
1264 2193 1308 2225 ⁶⁹
1345 2193 1453 2262 μὴν
1493 2189 1637 2244 οὕτω
1675 2207 1738 2257 γε
1761 2191 1861 2244 οὐκ
1899 2189 2028 2262 [674-
2051 2190 2148 2265 H.]
2188 2192 2411 2246 εἴδωλον
2440 2188 2572 2249 εἷεν.

355 2310 518 2386 ἶΚατ’
565 2309 848 2386 είρωνείαν
872 2308 933 2362 τὸ
970 2305 1156 2386 piata);
1175 2307 1222 2386 ’ξ
1253 2302 1363 2386 οἷο-ν
1414 2307 1472 2386 εξ
1508 2305 1590 2386 ⁵μὴ
1623 2304 1763 2386 κατὰ
1805 2304 1866 2358 τὺ

2039 2305 2298 2386 _[_l_-loc_per
2325 2307 2579 2386 ironiam,
2611 2306 2715 2362 nisi
2739 2316 3036 2386 _quatenus
3086 2305 3283 2386 similis
3337 2315 3420 2360 est
3454 2309 3562 2363 arti

281 2375 516 2453 ὲοιῐεέγαι
548 2375 632 2453 τῆ
659 2381 1022 2453 «parnasi.
1055 2379 1152 2453 ise}-
1195 2375 1474 2453 ??WPKéﬁ
1506 2375 1863 2453 ὲΰικρὲσεωω

280 2455 366 2510 δτι
394 2451 518 2508 οὔτε
544 2440 684 2506 κᾶτά
699 2440 863 2504 τοῦτο’
879 2440 1086 2502 δύναιτ’
1109 2450 1175 2502 ἂν
1194 2449 1240 2481 τί
1263 2447 1480 2502 εἴδωλον
1504 2440 1690 2518 εἶναι.]

358 2567 482 2620 Ὀτι
511 2564 556 2598 ⁷⁸
585 2563 764 2618 τοίνυν
793 2562 931 2624 ὅλως
950 2559 998 2591 ⁷³
1022 2560 1141 2612 ἐστὶ
1191 2558 1435 2628 σόφισμα
1457 2559 1518 2612 τὸ
1540 2559 1778 2627 φάσκειν
1799 2558 1868 2612 τὰ

280 2657 540 2712 δοκοῦντα
565 2658 678 2719 τοῖς
710 2654 960 2725 πλήθεσι,
995 2651 1172 2706 ταῦτα
1200 2669 1263 2705 συ
1274 2651 1592 2722 μϐουλεύειν
1614 2652 1741 2714 τοὺς
1772 2653 1871 2724 ρή-

280 2767 449 2820 τορας
478 2749 572 2804 καὶ
600 2747 790 2801 τούτου
822 2745 985 2815 μόνου
1006 2743 1386 2814 στοχάζεσθαι,
1423 2748 1470 2799 εί
1503 2747 1598 2800 καὶ
1641 2743 1715 2816 μὴ
1742 2746 1872 2810 παῖς

283 2839 614 2909 ἐξελέγξειεν
644 2838 712 2901 ⁷⁵,
743 2836 860 2892 ἀλλ’
901 2837 1052 2900 ὅστις
1081 2836 1131 2868 ⁷⁸
1152 2852 1218 2906 γε
1243 2829 1303 2890 εὗ
1340 2840 1548 2910 φρονεῖ.
1588 2839 1741 2910 Ἐμοὶ
1772 2841 1872 2912 μὲν

282 2933 393 3002 γὰρ
409 2931 716 2985 τούναντίον
755 2929 864 2983 πᾶν
913 2928 1186 2998 φαίνεται.
1222 2929 1360 2999 μήτε
1402 2931 1462 2982 ἐν
1483 2933 1547 3001 τῇ
1574 2931 1674 3001 τῆς
1710 2933 1871 3002 ῥητο-

287 3023 450 3096 ρικῆς
473 3025 634 3092 φύσει
653 3023 837 3076 πλεῖον
864 3020 1004 3075 εἶναι
1048 3021 1214 3092 μηδὲν
1239 3021 1273 3093 ἢ
1299 3021 1361 3074 τὸ
1396 3022 1471 3094 μὴ
1501 3023 1568 3076 τὰ
1607 3023 1869 3078 δοκοῦντα

282 3118 394 3178 τοῖς
428 3114 685 3185 πλήθεσιν
715 3113 876 3178 εὐθὺς
903 3113 946 3146 ⁷⁸
971 3115 1066 3186 ἐᾷν
1079 3113 1354 3182 γίνεσθαι,
1379 3115 1518 3183 μήτε
1544 3115 1670 3178 τοὺ,
1694 3116 1740 3147 ⁷⁷
1770 3118 1871 3186 ῥή-

281 3223 449 3275 τορας
475 3206 530 3266 ἐς
561 3204 690 3258 ἄλλο
733 3221 786 3258 τι
843 3204 1043 3275 μᾶλλον
1093 3205 1323 3258 σκοπεῖν
1348 3203 1396 3236 ’⁸
1425 3203 1548 3272 ἢτὰ
1593 3203 1868 3274 βέλτιστα,

288 3299 428 3368 μήτε
450 3296 579 3360 τοὺς
603 3297 812 3367 δήμους
833 3296 1036 3360 αὐτοὺς
1055 3295 1216 3350 τοῦτό
1266 3311 1331 3364 γε
1360 3297 1640 3363 ἐκφυγεῖν,
1666 3295 1742 3360 ὼς
1771 3298 1872 3351 οὐκ

282 3391 543 3462 ἀμείνους
587 3389 740 3458 σφῶν
789 3389 841 3442 οἱ
899 3389 1130 3458 ῥήτορες
1159 3386 1483 3456 λογίσασθαι
1514 3387 1560 3420 ⁷³
1607 3389 1739 3460 περὶ
1761 3389 1873 3443 τῶν

283 3484 630 3554 πραγμάτων
654 3481 750 3534 καὶ
784 3481 965 3534 πᾶσαν
1001 3479 1139 3543 ὅλως
1170 3480 1270 3549 τὴν
1290 3478 1385 3533 τοῦ
1425 3478 1540 3550 βίου
1570 3479 1757 3550 σχέσιν
1779 3481 1872 3535 καὶ

282 3575 382 3648 τὴν
408 3576 602 3647 τύχην,
628 3573 904 3628 καὶτοῦτο
929 3573 1188 3638 ἐξαύτῶν
1212 3572 1320 3626 τῶν
1343 3572 1520 3644 τιμῶν
1540 3570 1680 3626 εἶναι
1710 3573 1872 3643 δῆλον

1982 2376 2228 2440 militari,
2262 2388 2317 2432 et
2357 2379 2587 2447 reliqua,
2619 2393 2683 2432 ex
2723 2377 3075 2435 discretione.
3107 2376 3234 2443 quia
3269 2392 3445 2446 neque
3476 2391 3564 2430 se-

1978 2449 2216 2502 cundum
2237 2448 2338 2503 bos
2370 2457 2553 2518 posset
2589 2447 2945 2504 siuiulacrum
2977 2447 3146 2519 esse}

2045 2560 2165 2617 Iam
2186 2564 2328 2633 quod
2357 2562 2453 2629 ait,
2498 2569 2750 2619 oratores
2783 2578 2847 2618 ea
2879 2577 3000 2633 quae
3034 2562 3234 2634 populo
3277 2566 3560 2632 placeant,

1978 2655 2234 2720 suadere,
2270 2665 2434 2726 atque
2464 2655 2516 2709 id
2553 2655 2731 2712 solum
2779 2665 3050 2724 spectare,
3093 2656 3144 2710 id
3182 2654 3408 2708 omnino
3471 2669 3564 2708 so-

1979 2743 2274 2815 pbisticum
2297 2759 2441 2808 esse,
2463 2745 2507 2800 si
2537 2761 2647 2801 non
2679 2759 2836 2816 puer,
2853 2744 2936 2798 vir
2953 2753 3103 2800 certe
3127 2745 3365 2814 prudens
3383 2754 3566 2800 osten-

1979 2836 2140 2893 derit.
2167 2835 2301 2890 Nam
2351 2836 2484 2891 mihi
2515 2837 2740 2906 quidem
2797 2846 2992 2891 contra
3033 2836 3274 2900 videtur,
3306 2851 3405 2890 nec
3436 2838 3564 2891 rbe-

1981 2929 2207 2984 toricam
2249 2929 2542 2998 quidquam
2577 2929 2780 2983 habere
2803 2928 2973 2998 magis
2990 2929 3291 2998 proprium,
3325 2943 3486 2998 quam
3509 2936 3567 2981 nt

1978 3035 2064 3088 ea,
2095 3035 2214 3090 quae
2237 3022 2432 3092 populo
2451 3023 2726 3089 videntur,
2758 3037 2862 3075 non
2888 3030 3073 3076 statim
3109 3021 3223 3076 fieri
3260 3022 3564 3090 permittat,

1979 3127 2082 3168 nec
2101 3113 2665 3185 oratoresquidquam
2685 3116 2884 3186 potius,
2907 3130 3068 3184 quam
3093 3115 3298 3185 Optima
3330 3129 3559 3184 quaeque

1977 3205 2178 3278 414a
2208 3216 2477 3277 spectare,
2514 3223 2616 3263 nec
2657 3209 2740 3264 vel
2771 3211 2884 3279 ipse
2913 3209 3142 3280 populus
3164 3207 3400 3274 dilIiteri,
3433 3209 3562 3277 quin

1979 3298 2032 3351 in
2062 3299 2227 3354 rebus
2258 3299 2695 3382 considerandis,
2722 3316 2784 3355 ac
2817 3311 2930 3356 toto
2960 3302 3084 3356 vitae
3113 3302 3300 3356 habitu
3330 3311 3384 3355 et
3421 3318 3552 3356 con-

1978 3389 2208 3458 ditione,
2243 3401 2506 3461 praestent
2527 3391 2626 3461 ipsi
2663 3402 2933 3458 oratores,
2957 3393 3118 3464 idque
3142 3409 3209 3448 ex
3241 3394 3564 3459 honoribus,

1978 3499 2114 3552 quos
2141 3484 2223 3540 eis
2254 3485 2460 3550 tribuit,
2506 3484 2853 3540 manifestum
2922 3488 3036 3541 lieri
3085 3487 3298 3557 objicit.
3340 3487 3435 3542 Sin
3470 3501 3566 3542 eos

1979 3575 2176 3647 popqu
2197 3575 2336 3632 dicis
2367 3578 2588 3643 cedere,
2615 3588 2669 3634 et
2699 3578 2883 3634 facere
2920 3581 3188 3650 imperata
3232 3597 3338 3636 non
3384 3582 3560 3656 impe-

284 3661 362 3723 ῶν
394 3669 578 3732 αὐτοῖς
604 3668 992 3738 ἀπονέμουσιν.
1021 3668 1086 3721 Ei
1114 3666 1172 3720 δέ
1199 3666 1246 3700 ³ο
1271 3666 1471 3745 αὐτοὺς
1501 3667 1546 3700 ⁸⁸
1587 3670 1701 3732 τοῖς
1734 3668 1871 3740 πλή-

1979 3683 2126 3734 rare,
2163 3667 2424 3725 famulam
2447 3686 2544 3740 pro
2578 3670 2798 3726 domina
2817 3675 3086 3735 sumis,et
3111 3687 3234 3726 cum
3269 3671 3564 3741 plebicolas

285 3763 436 3816 θεσιν
459 3761 708 3814 ὑπείκειν
737 3759 848 3830 φής
879 3760 973 3812 καὶ
1001 3761 1176 3812 ποιεῖν
1195 3757 1265 3811 τὰ
1291 3744 1648 3829 κελευόμενα,
1669 3759 1786 3812 ἀλλ’
1807 3760 1870 3812 ού

286 3853 554 3920 κελεύειν,
588 3853 686 3926 τὴν
709 3853 1046 3923 θεράπαιναν
1061 3850 1292 3920 εἴληφας
1312 3853 1434 3904 ἀντὶ
1449 3852 1546 3921 τῆς
1565 3851 1874 3922 δεσποίνης,

285 3950 382 4002 καὶ
425 3947 552 4011 τοὺς
598 3947 892 4017 δημοσίους
937 3946 1124 4016 ψέγων
1158 3945 1335 4008 δοκεῖς
1363 3944 1409 3976 ⁸⁸
1451 3945 1580 4008 τοὺς
1616 3946 1875 4014 ῥήτορας.

299 4041 440 4094 ,Αλλν
468 4040 583 4094 οδθθ
612 4041 662 4094 οι
694 4041 948 4110 δημόσιοι
1000 4037 1142 4108 μέγα
1194 4035 1484 4108 φρονοῦσιν
1517 4037 1602 4106 ἐφ’
1637 4038 1876 4103 ἑαυτοῖς,

286 4135 370 4188 ὅτι
399 4132 711 4187 δουλεύουσι
735 4134 848 4194 τοῖς
899 4131 1000 4200 τῆς
1031 4129 1239 4193 πόλεως
1272 4128 1602 4200 βουλήμασι,
1635 4129 1732 4182 καὶ¹
1765 4133 1879 4194 τοῖς

291 4229 518 4298 ῥήτορσι
536 4224 631 4278 τοῦ
650 4227 868 4295 φρονεῖν
899 4222 1034 4278 αὐτὸ
1061 4221 1221 4276 τοῦτο
1259 4222 1437 4276 αῖτιόν
1465 4223 1584 4275 ἐστι
1613 4223 1675 4276 τὸ
1709 4223 1784 4294 μὴ
1807 4224 1878 4277 τά

287 4316 548 4370 δοκοῦντα
570 4317 682 4378 τοῖς
717 4315 911 4386 δήμοις
967 4313 1166 4382 λέγειν,
1198 4311 1326 4366 ἀλλ’
1373 4311 1411 4366 ἃ
1446 4311 1696 4366 δοκοῦσιν
1724 4313 1880 4367 αὐτοὶ

291 4408 542 4478 βέλτιστα
564 4401 726 4461 εἶναι.
758 4408 818 4460 Ei
842 4407 898 4460 δὲ
920 4407 968 4440 ⁸³
992 4401 1135 4477 ἦσαν
1186 4405 1426 4458 διάκονοι
1455 4405 1555 4474 τῆς
1597 4406 1707 4459 τῶν
1743 4405 1878 4459 ’πολ⁴

288 4501 398 4555 λῶν
417 4501 710 4570 ἐπιθυμίας
740 4500 838 4554 καὶ
863 4500 930 4553 τά
949 4497 1210 4552 δοκοῦντα
1235 4500 1348 4560 τοῖς
1378 4497 1714 4567 καθημένοις
1757 4499 1879 4569 ἐδη-

293 4595 590 4668 μηγόρουν,
615 4595 723 4649 οὐδ’
749 4595 812 4648 ἂν
839 4590 1327 4664 παρῤησιάσασθαί
1364 4591 1485 4643 ποτ’
1511 4591 1698 4654 αὐτοῖς
1727 4589 1875 4661 ἐξῆν,

289 4687 388 4756 οὐχ
416 4687 561 4749 ὅπως
593 4686 735 4757 ὑπὲρ
781 4687 907 4748 τοὺς
951 4685 1148 4748 ἄλλους
1182 4686 1402 4754 φρονεῖν
1443 4683 1512 4737 ⁸⁵.
1556 4683 1700 4736 Ἀλλ’
1721 4680 1878 4753 οἶμαι

291 4777 575 4830 συνίσασιν
597 4778 808 4840 ἑαυτοῖς
831 4777 894 4829 ού
924 4777 1023 4838 τάς
1045 4775 1240 4843 ἡδονάς
1283 4775 1704 4846 θεραπεύουσιν,
1740 4775 1879 4829 ἀλλὰ

289 4868 400 4922 τῶν
428 4869 615 4938 δήμων
659 4868 758 4930 τὰς
804 4866 1100 4936 ἐπιθυμίας
1155 4865 1610 4934 σωφρονίζουσιν·
1657 4864 1778 4918 οὐδὲ
1829 4864 1878 4897 ⁸⁸

289 4962 492 5034 ὁρῶσιν
511 4962 590 5024 εἰς
617 4961 744 5024 τοὺς
771 4959 1021 5024 πολλοὺς,
1045 4958 1182 5013 άλλά
1223 4958 1409 5011 πολλοὶ⁷
1431 4956 1632 5030 ὁρῶσιν
1656 4957 1736 5019 εἰς
1755 4954 1878 5008 τού-

1980 3761 2278 3831 vituperes,
2298 3772 2458 3832 putas
2480 3761 2573 3817 tibi
2590 3779 2703 3817 rem
2727 3777 2849 3819 esse
2871 3779 2994 3818 cum
3023 3761 3564 3819 oratoribusNernin

1981 3867 2082 3907 nec
2109 3853 2386 3922 plebicola:
2414 3855 2596 3925 magni
2632 3871 2691 3911 se
2729 3856 2957 3921 faciunt,
2993 3857 3140 3925 quod
3185 3857 3396 3911 civitati
3429 3873 3564 3912 scr-

1983 3943 2152 4011 viant,
2193 3954 2248 3999 et
2284 3954 2538 3999 oratores
2580 3945 2682 4001 bac
2711 3946 2830 4016 ipsa
2879 3949 2945 4000 de
2976 3961 3142 4001 causa
3176 3949 3278 4002 sibi
3313 3951 3558 4017 placent,

1980 4037 2122 4106 quod
2169 4050 2273 4091 non
2329 4051 2449 4106 quae
2515 4038 2734 4108 populo,
2787 4038 2880 4092 sed
2947 4053 3072 4109 qua:
3121 4040 3224 4094 sibi
3278 4041 3568 4095 videantur

1981 4129 2182 4198 optima
2212 4128 2418 4183 dicant.
2453 4128 2605 4196 Quod
2645 4130 2690 4185 si
2717 4129 3086 4186 multitudinis
3115 4133 3566 4201 obtemperarent

1982 4220 2221 4285 libidini,
2247 4229 2303 4276 et
2342 4237 2440 4292 pro
2486 4220 2729 4290 iudicum
2781 4223 3014 4278 arbitrio
3071 4224 3564 4291 cmu-ionarentur,

1982 4330 2050 4368 ne
2079 4313 2251 4373 libere
2310 4315 2456 4384 loqui
2514 4315 2734 4385 quidem
2777 4325 3005 4386 possent
3047 4332 3308 4386 unquam,
3367 4319 3566 4373 nedum

1987 4407 2112 4464 aliis
2151 4421 2210 4463 se
2249 4409 2516 4478 proferre.
2562 4409 2633 4462 At
2667 4418 2870 4464 norunt
2917 4424 2976 4463 se
3021 4425 3126 4464 non
3192 4405 3597 4479 volnptatibns‘

1981 4499 2210 4560 servire,
2253 4500 2347 4553 sed
2385 4498 2708 4567 cupiditates
2744 4500 3044 4563 moderari,
3078 4515 3176 4555 nec
3206 4501 3395 4570 vulgus
3441 4515 3568 4569 spe-

1979 4599 2150 4654 ctare,
2206 4591 2291 4644 vel
2326 4591 2374 4644 ei
2429 4605 2642 4659 parere,
2698 4592 2791 4646 sed
2839 4592 2908 4646 ab
2969 4606 3035 4646 eo
3091 4595 3348 4662 spectari,
3392 4595 3554 4662 eique

1982 4682 2268 4750 imperare,
2290 4691 2452 4752 atque
2478 4683 2602 4737 inde
2620 4698 2813 4738 nomen
2844 4695 3190 4753 acceperunt,
3219 4687 3269 4740 in
3292 4688 3567 4743 libertatis

1981 4774 2219 4842 signum,
2280 4783 2341 4829 ut
2395 4775 2676 4846 demagogi
2749 4786 3102 4841 vocarentur,
3163 4793 3268 4833 non
3327 4768 3469 4848 quod
3531 4799 3560 4835 a

1980 4865 2177 4936 populo
2211 4865 2506 4930 ducuntur,
2532 4881 2566 4920 o
2592 4867 2683 4934 qni
2718 4883 2936 4922 sursum
2971 4872 3152 4924 omnia
3185 4885 3249 4925 ac
3305 4871 3561 4928 deorsum

1981 4958 2228 5023 invertis,
2270 4959 2364 5013 sed
2395 4957 2537 5027 quod
2593 4973 2715 5014 eum
2750 4959 2996 5027 ducunt,
3021 4963 3473 5032 quemadmodum
3516 4975 3572 5020 et

291 5072 419 5118 τους
442 5055 488 5087 ⁸⁸
509 5071 522 5085 ·
551 5052 662 5106 οὐδ’
689 5051 1012 5122 ἀρχομένοις
1033 5051 1140 5104 ὑπὸ
1171 5048 1282 5103 τῶν
1313 5048 1540 5103 ἰδιωτῶν
1564 5048 1781 5110 ἑαυτοῖς
1808 5047 1873 5112 ⁸⁷,

1988 5050 2326 5120 paedagogos,
2357 5049 2570 5119 opinor,
2592 5050 2951 5120 appellamus,
2976 5068 3080 5106 non
3111 5053 3201 5122 qui
3239 5056 3421 5123 pueris
3451 5070 3570 5110 ser-

293 5147 408 5200 ἀλλ’
430 5146 688 5218 ἄρχουσιν
703 5145 885 5206 αὐτοῖς
907 5143 1015 5196 τῶν
1045 5140 1276 5195 πολλῶν.
1299 5141 1411 5194 Καὶ
1435 5139 1532 5212 τὴν
1561 5139 1873 5208 ἐπωνυμίαν

1987 5142 2160 5208 viant,
2195 5141 2290 5197 sed
2326 5142 2416 5210 qui
2463 5155 2558 5197 eos
2595 5143 2818 5200 ducant.
2876 5144 3149 5214 Quidquid
3181 5147 3325 5200 enim
3375 5147 3568 5200 borum

291 5245 382 5299 διὰ
429 5243 592 5298 τοῦτο
641 5241 898 5313 εἰλήφασι
933 5239 1063 5310 παρ’
1104 5238 1285 5292 αὐτῶν
1335 5237 1450 5290 ἀντ’
1482 5236 1644 5291 άλλου
1676 5236 1873 5307 συμϐό-

1989 5234 2216 5300 dixeris,
2241 5234 2516 5306 princeps,
2546 5236 2861 5308 praefectus,
2921 5248 3246 5310 praeceptor,
3276 5240 3328 5295 id
3363 5241 3564 5296 oratori

1579 5423 1818 5480 VARhE
1856 5423 2272 5482 LECTIONES.

364 5543 412 5577 '9
432 5543 530 5612 τὴν
559 5538 854 5612 ῥητορικὴν
886 5553 999 5612 on).
1034 5537 1139 5612 C._‘
1160 5538 1215 5612 ‘_°_
1236 5537 1566 5612 προάγοντες
1584 5555 1645 5602 ς.
1675 5607 1691 5612 _
1723 5537 1765 5570 ⁶¹
1797 5536 1981 5612 ὀ-ᾼϐξτ
2012 5538 2072 5590 ού
2099 5555 2162 5612 ς,
2236 5538 2281 5571 ⁸³
2306 5537 2404 5612 ούχ
2613 5538 2676 5595 Α.
2715 5537 2876 5612 *⁸⁸³⁸⁸⁸
2904 5537 2964 5593 τὸ
2989 5537 3571 5612 μέλλον-ἐκλέγοντες

292 5629 404 5668 om.
437 5607 821 5713 ACfle§untur
852 5623 905 5676 ῃ.
933 5608 1026 5664 64.
1096 5609 1218 5642 ⁸⁸⁸⁸⁸
1241 5607 1294 5661 τί
1322 5608 1378 5662 δέ
1401 5611 1477 5679 (p.
1505 5607 1974 5678 69)-θαυμάξεις
1993 5623 2106 5662 οιη.
2139 5609 2205 5662 Α.
2270 5612 2316 5644 ⁸⁷
2337 5607 2540 5683 γὰρ]“δ“
2570 5610 2632 5663 Α.
2707 5609 2754 5643 ⁸³
2794 5607 3174 5682 στοχασαμένη
3205 5611 3279 5663 A:
3307 5608 3570 5680 στοχαζο-

297 5685 469 5713 “1..--
492 5701 530 5713 ρ
655 5681 749 5713 9.10
773 5680 996 5713 Ad‘lAn__
1016 5680 1190 5713 κεί-..ιο
1241 5695 1328 5713 nm
1386 5685 1414 5713 Δ
1520 5680 1562 5711 τι
1588 5679 1655 5713 ἓν..
1680 5697 1766 5713 nn.
1849 5685 1876 5713 Δ
2006 5680 2052 5711 ἠ
2075 5678 2182 5713 ἈριἹ
2230 5695 2262 5713 n
2317 5679 2385 5713 ’⁷η
2503 5682 2550 5713 τι
2595 5679 2730 5713 κῃ...
2784 5695 2870 5713 nn.
2940 5681 2967 5713 Δ
3098 5682 3147 5713 τι
3177 5680 3227 5713 ὲλ
3244 5679 3450 5713 ἔνερθε-ι
3506 5682 3533 5713 Α

292 5685 469 5786 μένης
491 5701 554 5748 ς.
627 5678 749 5714 ⁸³⁸⁷⁰
772 5680 1190 5744 ἀλλά-οὓτως
1241 5695 1351 5732 om.
1379 5678 1445 5735 Α.
1520 5680 1562 5711 ⁷¹
1588 5679 1655 5732 ἂν
1680 5697 1789 5733 om.
1843 5685 1904 5731 Α.
2006 5680 2052 5711 τ’
2075 5678 2182 5743 ὅτι]
2230 5695 2282 5748 p.
2317 5678 2424 5733 70.
2451 5678 2469 5683 ”
2503 5682 2550 5717 ’³
2595 5679 2730 5743 ὅλως
2784 5678 2997 5734 οηιΪᾹ.
3037 5678 3049 5682 ⁷
3098 5682 3147 5719 ⁷⁸
3176 5678 3450 5746 ἐλέγξειεν
3498 5682 3565 5738 Α.

320 5755 341 5786 ι
373 5753 539 5786 xm-..
566 5752 597 5786 Α
704 5749 750 5782 τι
781 5749 942 5786 υκαι...
972 5767 1059 5786 η...
1121 5755 1150 5786 Α
1249 5751 1294 5783 11
1329 5749 1463 5786 ...ιη
1494 5750 1622 5786 ρηιιρ
1719 5746 1766 5782 τε
1798 5747 2044 5786 ηνηηφςτυπ
2081 5748 2206 5786 ..εον
2233 5751 2280 5786 Λῖ
2321 5751 2548 5786 ass“...
2595 5752 2723 5786 κη..
2759 5751 2977 5786 ..νικος-ετ..
3005 5750 3036 5786 Δ
3141 5751 3187 5783 το
3219 5750 3565 5786 amantum

320 5755 341 5786 '
373 5746 539 5816 oeci;
560 5752 626 5806 Δ.
686 5749 750 5822 7"
780 5749 942 5822 εὐθὺς
972 5767 1082 5822 om_.
1116 5755 1196 5822 Α.
1233 5751 1294 5822 7"
1327 5749 1464 5822 μήτε
1494 5750 1644 5822 τούς2
1719 5746 1766 5822 ’ξ’
1798 5747 2044 5822 σκοπεῖν]
2079 5748 2206 5822 μήθ’
2233 5746 2284 5822 οἱ
2313 5751 2548 5822 ῥήτορες
2592 5752 2723 5822 ,ἄλλο
2756 5751 2977 5822 σκοπεῖν
2999 5750 3064 5822 ᾼ.
3119 5750 3570 5822 ν⁷ῗίλογίσασθαιῖ

845 5820 966 5897 “is!
991 5819 1073 5897 δὲ]
1101 5835 1153 5889 p.
1184 5821 1272 5874 74.
1331 5818 1398 5897 fi
1423 5819 1644 5897 αύτοὺς]
1674 5819 1798 5897 τοὺς
1825 5820 2062 5897 ῥήτορας
2083 5818 2158 5877 Α.
2236 5821 2281 5854 ⁸³
2306 5818 2507 5897 δοκεῖς]
2546 5821 2751 5887 ἀδικεῖς
2789 5823 2857 5878 Α.
2930 5818 3054 5860 ⁸³³⁵
3082 5821 3130 5876 εἰ
3169 5819 3226 5875 δὲ
3255 5849 3326 5863 -
3349 5823 3571 5890 φρονεῖν

297 5821 640 5893 βουλεύονται

857 5891 905 5924 ⁸⁸
926 5890 1151 5954 τούτους
1180 5905 1292 5948 om.
1319 5891 1385 5947 A.
1462 5891 1508 5923 ⁸⁷
1543 5890 1752 5955 ἑαυτοῖς
1782 5907 1890 5949 om.
1923 5892 1986 5947 Α.

295 5891 408 5952 ctu.
428 5894 494 5950 Δ.
571 5893 616 5927 ⁸³
639 5891 781 5945 οὐδὲ.
