4124 6460
507 430 645 496 1533

1681 426 1942 487 ΡΗΟΤΙῙ
1976 426 2483 487 ΡΑΤΠΙΑΠΟΗᾹΞ
2509 426 2617 485 CP.

3648 418 3801 483 15M

504 543 810 608 conveniet,
852 550 1012 610 atque
1029 539 1147 608 ejus
1180 539 1285 593 erit
1312 552 1531 596 nomen.
1556 538 1620 593 Et
1648 554 1839 594 omnes
1866 541 2087 609 quidem

2220 556 2283 590 ou
2314 538 2359 569 ⁸⁸
2394 536 2694 607 μαρτύριον
2728 534 2827 605 τῆς
2871 532 3140 599 ἔξουσίας,
3170 532 3315 601 λέγω
3338 532 3435 604 τὴν
3459 532 3570 585 τῶν
3599 534 3668 602 δη
3680 552 3803 603 μα-

504 637 778 706 principes
823 643 1012 687 natura
1056 630 1316 697 snbjectis
1358 632 1470 686 suis
1499 640 1811 699 praestant;
1856 631 1900 685 si
1959 633 2086 699 quis

501 738 680 780 autem
708 727 759 780 iu
794 734 1062 794 potestate
1095 724 1258 776 etiam
1302 723 1661 792 gratiﬁcatur,
1694 733 1744 774 et
1778 721 2088 790 persuadet,

505 834 608 871 nor.
643 816 804 885 .ogit,
830 826 994 884 atque
1021 815 1159 868 ultra
1190 815 1423 869 ollicium
1459 830 1637 879 suum,
1676 816 1840 868 etiam
1868 831 2088 869 suorum

506 908 852 977 cupiditatem
928 914 1155 975 spectat,
1221 906 1308 960 hic
1364 916 1447 960 est
1504 922 1632 961 vere
1698 908 1961 977 politicus
2003 908 2092 962 ille

507 997 747 1051 llumeri.

2190 625 2531 695 γωγῶν,οὖκ
2571 626 2757 697 ἐπειδή
2801 639 2909 696 περ
2962 624 3067 679 ὑπὸ
3105 624 3217 677 τῶν
3244 624 3434 694 δήμων
3462 626 3725 694 ἀγονται,
3753 618 3804 678 ὧ

2190 720 2366 774 πάντα
2395 719 2508 772 ἄνω
2556 720 2651 772 xui
2712 719 2866 772 κάτω
2911 717 3104 783 ποιῶν,
3134 717 3250 769 ἀλλ’
3296 719 3378 771 ὅτι
3424 720 3553 779 τοὺς
3579 719 3806 788 δήμους

2190 813 2436 881 ἄγουσιν,
2462 809 2652 877 ὥσπερ
2676 810 2741 881 δὴ
2762 810 2856 864 xui
2908 812 3034 874 τοὺς
3066 812 3453 878 παιδαγωγοὺς
3493 808 3651 880 οἶμαι
3698 829 3807 863 κα·-

2192 904 2391 975 λοῦμεν
2412 904 2512 957 οὐκ
2542 903 2734 974 ἐπειδή
2789 920 2896 973 περ
2927 902 3365 957 ὑποπεπτώκασι
3417 906 3529 966 τοῖς
3571 904 3801 965 παισὶν,

2191 995 2307 1048 ἀλλ’
2334 995 2415 1046 ὅτι
2460 993 2645 1057 αὐτοῖς
2691 994 2973 1064 ἡγοῦνται.
3014 995 3081 1047 "0
3131 1012 3185 1047 τι
3223 995 3334 1064 γὰρ
3368 993 3433 1047 ἂν
3465 997 3654 1065 φαίης,
3694 995 3805 1063 ἀρ-

508 1090 692 1161 μόττει
743 1088 803 1141 τὸ
850 1088 1092 1142 τοιοῦτον
1144 1088 1375 1141 ἀκοῦσαι
1410 1088 1454 1119 ”
1499 1087 1576 1158 τῷ
1625 1088 1837 1160 ῥήτορι,
1875 1086 2091 1156 ἄρχων,
2134 1087 2465 1155 προστάτης,
2497 1085 2834 1147 διδάσκαλος.
2888 1085 3069 1138 Πάντα
3110 1084 3285 1140 ταῦτά
3311 1086 3356 1117 ⁸ο
3398 1087 3512 1137 ἐστι
3559 1086 3653 1136 τοῦ
3700 1088 3805 1155 ῥή⁶

505 1199 663 1251 τορος
693 1182 760 1234 τὰ
784 1181 1041 1251 ὀνόματα.
1072 1182 1278 1245 Πάντες
1300 1184 1342 1214 ⁰¹
1382 1182 1482 1252 μὲν
1498 1177 1591 1235 οὖν
1652 1181 1913 1251 ἄρχοντες
1959 1181 2017 1233 ὲν
2076 1180 2282 1252 ἑκάστῃ
2334 1180 2533 1251 πράξει
2573 1180 2855 1248 κρείττους
2890 1178 3049 1246 φύσει
3082 1179 3192 1231 τῶν
3233 1177 3323 1247 ὑφ’
3365 1180 3576 1241 ἑαυτοῖς
3600 1180 3683 1209 ⁹²·
3751 1179 3802 1229 εί

507 1272 564 1326 δέ
586 1290 670 1335 τις
717 1274 833 1342 μετ’
873 1272 1117 1337 ἐξουσίας
1144 1274 1238 1326 καὶ
1276 1273 1561 1342 χαρίζεται
1590 1274 1816 1339 πείθων,
1866 1273 1967 1325 οὐκ
2009 1272 2358 1339 ἀναγκάζων,
2420 1273 2513 1324 xui
2562 1270 2700 1341 πρὸς
2758 1270 2836 1340 τῷ
2873 1269 2919 1302 ⁸³
2955 1270 3150 1335 σώζειν
3171 1269 3273 1340 τὴν
3310 1271 3476 1323 αὐτοῦ
3531 1271 3579 1302 ⁸⁸
3637 1269 3805 1335 τάξιν

511 1367 835 1435 στοχάζεται
884 1368 978 1419 xui
1047 1366 1147 1436 τῆς
1186 1366 1484 1437 ἐπιθυμίας
1546 1367 1644 1437 τῆς
1683 1365 1792 1418 τῶν
1824 1365 1912 1434 ὑφ’
1936 1363 2135 1435 ἐαυτῷ,
2177 1358 2329 1424 οὗτος
2375 1364 2582 1425 ἐκεῖνός
2622 1365 2769 1415 ἐστιν
2801 1364 2830 1414 ό
2869 1362 2947 1431 τῷ
2978 1362 3090 1415 ὄντι
3120 1364 3418 1427 πολιτικός.

564 1457 658 1514 'Ne
687 1460 847 1528 igitur
880 1468 1128 1513 oratores
1161 1474 1253 1527 per
1270 1460 1572 1513 convicium
1601 1458 1895 1529 gratiﬁcari
1920 1460 2093 1520 dicas,

513 1551 607 1606 sed
648 1552 782 1604 bene
811 1550 1040 1604 dicendo
1080 1551 1306 1619 gratiam
1366 1566 1601 1631 quoque,
1634 1561 1879 1631 captare,
1935 1560 2097 1619 atque

518 1645 590 1696 ita
652 1642 900 1696 meritam
964 1642 1178 1695 laudem
1232 1643 1519 1697 rhetorica:
1580 1643 1807 1709 tribues,
1875 1641 2091 1713 4141)

516 1746 743 1800 eamque
780 1731 1047 1785 similibus
1080 1733 1518 1787 remuneraberis
1556 1732 1770 1787 ofﬁciis.
1813 1732 2098 1799 Quomodo

517 1839 647 1892 ergo
683 1824 879 1894 aliquis
916 1833 1023 1877 tam
1073 1826 1238 1878 variis
1290 1825 1469 1893 populi
1532 1826 1824 1880 sententiis
1872 1827 2095 1889 serviet,

2269 1454 2361 1525 Μὴ
2388 1454 2451 1524 δὴ
2477 1455 2523 1485 ⁸⁵
2552 1453 2707 1507 τοῦτο
2739 1453 2866 1523 λέγε
2901 1454 2977 1514 ώς
3026 1453 3230 1516 ὄνειδος
3248 1453 3391 1506 κατὰ
3412 1453 3521 1505 τῶν
3540 1454 3808 1523 ρητόρων

2198 1547 2247 1599 εὶ
2270 1546 2612 1618 χαρίζονται,
2648 1546 2762 1599 ἀλλ’
2803 1547 2851 1598 εί
2888 1546 3027 1616 μετά
3071 1547 3166 1599 τοῦ
3227 1547 3506 1617 βελτίστου
3556 1554 3653 1602 xui
3700 1552 3808 1621 τῆς

2201 1639 2425 1708 χάριτος
2457 1639 2831 1708 στοχάζονται.
2887 1638 2996 1690 Kui
3026 1640 3170 1692 κατά
3198 1639 3360 1692 τοῦτο
3392 1641 3588 1704 ἀπόδος
3616 1645 3687 1713 τῇ
3714 1646 3809 1712 ρη-

2199 1732 2389 1799 τορικῇ
2418 1730 2519 1800 τὴν
2556 1731 2874 1801 πρέπουσαν
2906 1729 3204 1799 εὐφημίαν,
3251 1730 3339 1784 ἴνα
3370 1732 3415 1763 ’⁸
3439 1737 3551 1796 τοῖς
3589 1735 3809 1803 ὁμοίοις

2200 1821 2369 1892 αὐτὴν
2394 1822 2762 1892 ἀμειόόμενος
2825 1821 3053 1890 φανείης
3083 1823 3151 1878 ’⁷.
3188 1824 3310 1886 Πῶς
3343 1824 3402 1876 δέ
3441 1842 3525 1888 τις
3560 1828 3656 1879 xui
3686 1826 3809 1879 δια-

518 1925 612 1969 aut.
642 1917 915 1985 quomodo
981 1918 1377 1986 cupiditatibus
1434 1917 1667 1971 aliorum
1728 1919 2099 1986 obsequetur?

2220 1915 2492 1983 ιονήσεται
2526 1914 2750 1985 μυρίαις
2805 1915 3050 1983 γνώμαις
3077 1914 3251 1985 δήμου
3295 1918 3387 1969 xui
3414 1917 3673 1988 ἀλλήλαις
3711 1937 3811 1989 μα-

518 2005 812 2075 Postquam
844 2006 991 2061 enim
1052 2008 1233 2061 nmltis
1292 2009 1642 2062 serviendum
1692 2017 1798 2072 est,
1842 2008 1876 2061 ii
1917 2017 2097 2062 autem

521 2100 986 2152 nonconsentiuut
1010 2100 1152 2153 inter
1180 2116 1259 2163 se,
1290 2116 1387 2154 nec
1411 2102 1662 2154 omnibus
1682 2102 1871 2154 eadem
1896 2101 2103 2155 rrtione

523 2189 814 2258 gratificari
848 2193 1131 2260 quisquam
1158 2193 1348 2260 possit,
1378 2193 1652 2261 quomodo
1686 2193 1883 2258 poterit
1915 2208 2103 2246 eorum

522 2280 735 2336 libidini
777 2292 965 2336 orator
997 2286 1256 2337 servire?
1312 2284 1474 2339 simul
1536 2284 1677 2337 enim
1728 2296 1781 2338 et
1822 2284 1904 2338 his
1938 2286 2104 2354 grati-

524 2373 798 2438 licabilnr,
832 2384 886 2427 et
916 2373 1035 2427 illos
1057 2372 1316 2429 olfcndet.
1346 2374 1532 2444 Itaque
1560 2391 1667 2429 non
1702 2383 1807 2429 tam
1842 2375 2107 2445 jucunda,

523 2482 685 2535 quam
750 2466 977 2521 molesta
1006 2468 1110 2521 erit
1167 2470 1284 2535 ejus
1335 2468 1535 2523 oratio.
1579 2467 1849 2534 QuOcirca
1899 2467 1943 2521 si
1975 2481 2099 2537 per—

526 2558 799 2613 suasionis
866 2559 1113 2615 ell‘ectrix
1171 2569 1254 2615 est
1303 2562 1603 2623 rhetorica,
1667 2570 1721 2615 et
1780 2562 2110 2629 persuadere

528 2653 728 2706 debent
793 2663 1063 2718 oratores,
1125 2670 1228 2708 non
1285 2655 1603 2722 adulantur,
1660 2654 2107 2724 quandoquidem

530 2746 859 2800 nmltitndini
901 2764 1006 2803 non
1050 2750 1317 2816 serviunt,
1346 2748 1441 2805 sed
1497 2750 1545 2804 ei
1601 2749 1953 2817 persuadent.
2014 2746 2109 2801 Sin

528 2845 776 2890 oratores
817 2837 998 2903 populi
1032 2848 1338 2907 sequuntur
1373 2839 1681 2899 libidinem.
1717 2854 1825 2893 non
1868 2847 1951 2892 est
1985 2852 2112 2906 per-

531 2930 802 2985 suasionis
843 2930 1087 2985 eﬂ‘ectrix
1148 2933 1441 2998 rhetorica,
1517 2932 1968 3001 quandoquidem
2020 2944 2116 2983 eos

535 3035 563 3073 a
600 3021 947 3076 multitudine
1004 3024 1342 3093 persuaderi,
1407 3040 1513 3077 non
1571 3024 1716 3091 ipsos
1788 3023 2119 3092 persuadere

535 3113 713 3168 docet.
751 3112 988 3168 Proinde
1024 3117 1112 3169 ubi
1148 3116 1218 3169 sit
1264 3116 1607 3169 mendacium
1647 3116 1959 3169 considera.
2028 3114 2119 3166 Et-

534 3206 679 3258 enim
717 3204 1044 3262 Platonobis
1076 3206 1353 3261 Platonem
1389 3207 1608 3267 refutat,
1644 3217 1699 3261 et
1724 3211 1866 3277 quod
1893 3215 1976 3261 est
2004 3223 2120 3259 ma-

536 3296 763 3361 ximum,
803 3312 907 3351 non
940 3299 1148 3368 procul,
1175 3316 1359 3353 verum
1391 3300 1443 3353 in
1480 3300 1565 3353 his
1596 3300 1728 3367 ipsis
1769 3301 2119 3355 sermonibus

537 3390 818 3457 permiste.
854 3389 961 3445 Nec
996 3394 1135 3445 inter
1164 3393 1299 3446 alias
1331 3401 1499 3460 artes,
1551 3408 1689 3461 quas
1722 3393 1883 3446 modo
1917 3408 2122 3447 memo-

542 3485 752 3547 rabam,
785 3485 854 3537 sit
913 3484 1405 3551 recensenda;sed
1456 3495 1511 3539 et
1547 3485 1838 3555 plurimum
1898 3487 2126 3541 rationis

542 3576 759 3631 habeat.
790 3586 883 3629 aut
924 3577 1101 3645 potius
1132 3586 1243 3631 tota
1282 3578 1491 3631 ratione
1546 3588 1787 3636 constet,
1840 3588 1896 3629 et
1950 3577 2126 3630 matti-

544 3683 710 3729 Inutn,
744 3671 997 3738 primum,
1032 3684 1095 3723 ac
1140 3666 1595 3736 perfectissimum
1634 3669 1704 3723 sit
1742 3669 1793 3721 in
1822 3670 1982 3722 rebus
2018 3669 2125 3721 hu-

544 3761 740 3825 manis,
771 3762 1056 3829 omnisque
1085 3762 1215 3826 voti,
1260 3771 1317 3815 ut
1349 3762 1422 3813 ita
1446 3762 1645 3826 dicam,
1683 3760 1829 3816 linis.
1860 3761 2127 3815 Existimo

547 3853 712 3920 igitur
743 3867 931 3908 omnes
998 3855 1072 3917 id,
1123 3855 1435 3924 quicunque
1490 3865 1742 3925 possunt,
1807 3869 2129 3911 assensuros

545 3960 689 4010 esse,
721 3962 825 4001 nou
864 3948 1051 4001 eadem
1088 3960 1279 4001 natura
1316 3948 1565 4003 homines
1607 3964 1728 4002 esse
1761 3958 1937 4013 natos,
1975 3950 2067 4003 sed
2098 3964 2129 4001 e

547 4042 757 4096 duabus
783 4043 1024 4109 partibus
1058 4058 1072 4095 :
1104 4042 1327 4095 alterum
1361 4042 1465 4096 vim
1511 4042 1730 4107 inferre,
1767 4050 1823 4096 et
1849 4041 2021 4095 aliena
2051 4042 2131 4094 in-

548 4135 744 4188 vadere
777 4135 973 4198 solere,
1024 4151 1187 4203 quam
1226 4135 1661 4203 praestantiorem
1706 4132 1830 4202 quis
1898 4132 2125 4194 dixerit,

548 4239 654 4277 non
673 4226 887 4292 quidem
919 4225 1116 4277 virtme
1142 4225 1236 4279 sed
1262 4224 1470 4278 viribus
1498 4239 1511 4275 :
1547 4227 1773 4279 alteram
1808 4238 1938 4277 vero
1961 4223 2127 4287 vinci,

547 4326 602 4369 ct
630 4331 751 4371 cum
784 4316 1071 4384 prohibere
1109 4325 1362 4384 nequeat,
1393 4317 1619 4370 invitam
1660 4317 1983 4382 concedere,
2008 4331 2131 4384 qua:

548 4418 632 4461 est
682 4408 1121 4462 imbecilliorum.
1170 4407 1282 4462 llac
1322 4422 1450 4477 ergo
1508 4410 1574 4459 de
1635 4422 1798 4461 causa
1856 4408 2128 4472 homines,

548 4499 631 4555 vel
661 4502 729 4555 dii
766 4502 1043 4555 hominum
1074 4505 1267 4572 gratia,
1307 4502 1413 4554 tale
1446 4501 1575 4571 quid
1613 4500 1961 4564 invenerunt,
1986 4501 2131 4569 quod

2208 2004 2468 2073 χομέναις
2494 2007 2613 2066 ταῖς
2647 2004 2692 2035 ³³
2712 2003 3033 2073 ἐπιθυμίαις
3059 2021 3073 2070 ;
3106 2005 3278 2058 ’⁷Οταν
3299 2007 3411 2073 γὰρ
3435 2007 3529 2077 δὲῃ
3557 2008 3659 2077 μὲν
3692 2009 3809 2062 δια-

2208 2097 2385 2147 κονεῖν
2417 2095 2653 2159 πολλοῖς,
2681 2090 2826 2149 οὗτοι
2854 2096 2900 2148 δ’
2940 2095 3014 2158 ὡς
3051 2095 3125 2166 μὴ
3158 2098 3297 2148 κατά
3316 2098 3487 2150 ταύτὰ
3509 2098 3811 2166 γινώσκον-

2208 2204 2321 2251 τες,
2350 2190 2485 2241 πᾶσι
2515 2187 2572 2241 δὲ
2614 2188 2896 2257 ἀμήχανον
2953 2190 3067 2250 τοῖς
3127 2189 3391 2251 τοιούτοις
3432 2189 3563 2261 [675
3599 2190 3698 2263 [1.]
3744 2195 3809 2245 ἐκ

2208 2279 2317 2333 τῶν
2347 2279 2526 2333 αὐτῶν
2582 2281 2650 2333 τὰ
2691 2280 2828 2331 αὐτὰ
2862 2281 2907 2312 ⁹⁹
2951 2280 3291 2349 χαρίζεσθαι,
3330 2280 3493 2353 [1269
3538 2283 3632 2355 IL]
3690 2285 3809 2347 πῶς

2210 2369 2305 2425 οὖν
2341 2374 2367 2425 ὀ
2400 2374 2587 2443 ῥήτωρ
2659 2371 2989 2440 θεραπεύσει
3036 2372 3138 2434 τὰς
3180 2372 3476 2443 ἐπιθυμίας
3522 2376 3539 2405 ¹
3586 2374 3806 2437 αὖτῶνς

2212 2466 2329 2535 ἅμα
2390 2467 2501 2537 γὰρ
2559 2469 2835 2536 χαριεῖται
2886 2468 2997 2530 τοῖς
3030 2466 3247 2536 ἑτέροις
3276 2468 3370 2521 καὶ
3418 2468 3545 2530 τοὺς
3583 2469 3812 2539 ἑτέρους

2213 2560 2453 2621 ἀνιάσει,
2481 2560 2622 2614 ὥστε
2659 2561 2720 2612 οὐ
2761 2560 2963 2630 μᾶλλον
2993 2560 3131 2631 πρὸς
3160 2562 3410 2632 ἡδονὴνῆ
3445 2563 3586 2632 πρὸς
3612 2563 3812 2631 ἀηδίαν

2215 2654 2349 2722 ἐρεῖ.
2404 2652 2615 2706 Οὐκοῦν
2648 2655 2667 2685 ¹
2696 2655 2746 2705 εί
2792 2654 2891 2723 μὲν
2920 2654 2953 2724 ἡ
2982 2656 3250 2724 ῥητορικὴ
3290 2655 3514 2715 πειθοῦς
3544 2655 3814 2724 δημιουρ-

2215 2748 2311 2816 γὸς
2348 2748 2443 2800 xui
2473 2747 2533 2800 τὸ
2572 2747 2785 2800 πείθειν
2841 2746 2951 2801 τῶν
3011 2746 3279 2818 ρητόρων,
3316 2749 3377 2799 οὐ
3416 2748 3813 2803 κολακεύουσιν

2216 2840 2639 2911 οίρήτορεςόὺ
2702 2840 2812 2908 γὰρ
2864 2838 3175 2891 διακονοῦσι
3226 2842 3337 2901 τοῖς
3388 2839 3627 2904 πολλοῖς,
3673 2841 3812 2893 ἀλλά

2220 2933 2518 2986 πείθουσιν.
2548 2932 2610 2984 Ei
2629 2932 2673 2984 δ’
2703 2933 2752 2983 οἱ
2779 2932 3008 3001 ῥήτορες
3032 2931 3102 2984 τά
3139 2930 3401 2985 δοκοῦντα
3425 2932 3647 2999 λέγουσι
3699 2935 3814 2995 τοῖς

2220 3027 2457 3091 πολλοῖς,
2486 3027 2547 3079 οὐ
2584 3025 2973 3095 δημιουργὸςὴ
3017 3025 3283 3097 ῥητορικὴ
3321 3027 3544 3090 πειθοῦς
3570 3042 3585 3057 ·
3625 3026 3811 3080 πειθο-

2226 3121 2420 3190 μένους
2454 3120 2561 3188 γάρ
2589 3121 2699 3181 τοῖς
2742 3119 2979 3179 πολλοῖς,
3022 3118 3136 3172 ἀλλ’
3166 3120 3224 3171 οὐ
3258 3119 3545 3182 πείθοντας
3574 3121 3817 3190 παρέχε-

2226 3229 2338 3265 ται.
2365 3210 2509 3281 Πρὸς
2558 3210 2731 3263 ταῦτα
2781 3208 2901 3261 ἑλοῦ
2934 3207 3235 3279 όποτέρωθι
3256 3209 3315 3261 τὸ
3342 3208 3555 3278 ψεῦδος.
3586 3208 3815 3261 Πλάτων

2227 3305 2485 3376 γάρήμῖν
2542 3301 2755 3371 ἐλέγχει
2823 3301 3107 3367 Πλάτωνα,
3166 3303 3260 3355 xui
3313 3302 3373 3354 τὸ
3414 3302 3724 3366 κάλλιστον,
3754 3302 3817 3353 οὐ

2231 3396 2537 3468 πόρρωθεν,
2568 3395 2683 3449 ἀλλ’
2707 3395 2773 3447 ὲκ
2806 3394 2915 3447 τῶν
2955 3394 3137 3447 αὐτῶν
3165 3396 3185 3425 ⁸
3219 3394 3315 3447 καὶ
3342 3396 3454 3456 τοῖς
3480 3394 3667 3451 αὐτοῖς
3693 3393 3819 3445 τού-

2227 3506 2339 3551 τοις
2371 3488 2553 3555 λόγοις
2579 3484 2802 3557 ἀναμίξ.
2856 3486 2991 3539 Οὐδὲ
3045 3485 3163 3556 μεθ’
3199 3485 3219 3515 ’⁵
3249 3479 3324 3538 ὧν
3350 3486 3555 3555 ἀρτίως
3585 3484 3820 3555 διεξῄειν

2228 3579 2435 3649 τεχνῶν
2466 3575 2606 3632 εἶναι
2644 3578 2754 3632 τῶν
2815 3578 3049 3640 πολλῶν,
3112 3577 3248 3630 ἀλλὰ
3299 3580 3393 3631 xui
3420 3578 3440 3608 ⁸
3475 3576 3578 3649 [ὅτι
3613 3576 3818 3649 τοίνυν]

2231 3673 2483 3725 πλεῖστον
2508 3672 2667 3740 λόγου
2694 3672 2924 3741 μετέχον
2954 3672 2986 3741 ἡ
3016 3671 3301 3743 ῥητορικὴ,
3330 3671 3529 3739 μᾶλλον
3552 3670 3597 3723 δ’
3629 3671 3778 3724 ἅπαν
3800 3672 3820 3702 ⁸

2231 3767 2287 3817 ὲν
2321 3765 2518 3831 λόγοις,
2547 3764 2642 3817 xui
2659 3764 2914 3833 μέγιστον
2936 3765 3031 3817 xui
3061 3762 3277 3833 πρῶτον
3298 3763 3405 3816 τῶν
3426 3764 3485 3815 ὲν
3509 3761 3822 3832 ἀνθρώποις

2231 3857 2327 3911 xui
2354 3856 2696 3911 τελεώτατον
2725 3857 2818 3909 xui
2855 3856 3051 3926 πέρας,
3083 3857 3133 3908 εί
3179 3850 3292 3909 οἷόν
3318 3856 3367 3909 τ’
3396 3856 3596 3916 εἰπεῖν,
3632 3856 3821 3925 εὐχῆς,

2231 3948 2382 4014 ἀξιον
2420 3948 2614 4012 δεῖξαι.
2649 3944 2818 4018 Οἶμαι
2845 3950 2863 3979 ⁷
2893 3948 3075 4002 τοίνυν
3137 3948 3384 4011 ἅπαντας
3439 3947 3506 4001 ἂν
3540 3948 3583 4013 ⁸,
3619 3943 3701 4009 οἷς
3731 3949 3822 4002 δυ-

2234 4040 2414 4104 νατὸν,
2450 4040 2739 4109 συμψῆσαι
2770 4039 2830 4092 τὸ
2858 4040 2931 4110 μὴ
2964 4041 3084 4093 κατ’
3102 4041 3242 4093 αὐτὰ
3270 4039 3432 4109 φῦναι
3453 4041 3580 4102 τοὺς
3610 4038 3823 4109 ἀνθρώο

2233 4150 2388 4196 πους,
2424 4130 2562 4187 ἀλλὰ
2582 4131 2727 4185 δυοῖν
2760 4132 2781 4162 ⁹
2817 4130 3080 4201 μερίδοιν,
3123 4130 3222 4202 τὴν
3248 4130 3347 4201 μὲν
3387 4131 3507 4184 οἷαν
3538 4130 3824 4200 βιάζεσθαι

2236 4226 2329 4280 xui
2359 4214 2707 4278 πλεονεκτεῖν
2743 4220 2883 4279 εἶναι
2919 4226 2985 4291 ³ο,
3036 4226 3103 4296 ἢν
3137 4225 3246 4277 τῶν
3286 4224 3616 4295 κρειττόνων
3645 4240 3730 4285 τις
3758 4222 3822 4275 ἂν

2233 4322 2397 4383 εῖποι,
2425 4320 2569 4388 λέγω
2600 4321 2644 4373 δ’
2687 4320 2786 4373 οὐκ
2827 4321 2997 4390 ἀρετῇ
3036 4318 3345 4389 βελτιόνων,
3387 4317 3503 4370 ἀλλ’
3547 4315 3823 4387 ίσχυροτέο

2243 4430 2350 4483 ρων
2379 4412 2445 4474 ¹¹,
2470 4410 2571 4480 τὴν
2603 4412 2660 4465 δὲ
2689 4413 2808 4465 οἵαν
2834 4410 3187 4465 ἐλαττοῦσθαι
3218 4412 3312 4464 xui
3340 4411 3491 4480 παρά
3526 4410 3569 4441 ¹²
3598 4409 3825 4479 γνώμην

2240 4506 2543 4575 συγχωρεῖν
2574 4505 2804 4576 ἀπειρίᾳ
2831 4505 2926 4557 τοῦ
2955 4504 3209 4569 κωλύειν,
3242 4506 3307 4574 ἢν
3353 4503 3463 4557 τῶν
3500 4502 3826 4555 ἀσθενεστέ-

549 4599 606 4646 et
639 4593 747 4647 vim
778 4595 1079 4660 cohiberet,
1113 4605 1169 4650 et
1210 4596 1485 4663 aaquitatis
1529 4595 1783 4647 omnibus
1819 4609 1881 4647 ac
1907 4593 2115 4661 justitia

2242 4616 2349 4669 ρων
2375 4598 2540 4652 οὖσαν
2565 4598 2909 4668 γινώσκομεν
2925 4598 2992 4651 ¹⁸.
3021 4597 3193 4651 Τοῦτο
3221 4592 3312 4650 οὖν
3333 4592 3473 4649 εἶναι
3497 4597 3543 4627 ³⁵
3573 4596 3748 4649 αἴτιον
3767 4593 3828 4646 τὸ

550 4688 744 4757 pignus
784 4699 947 4753 esset,
988 4689 1239 4759 idemque
1281 4699 1386 4741 tam
1435 4687 1597 4756 vulgo
1636 4688 1921 4757 prodesset
1965 4704 2128 4757 quam

554 4780 619 4833 iis
649 4781 738 4849 qui
779 4782 883 4834 vim
914 4783 1295 4836 excercebant.
1328 4779 1461 4833 Nam
1504 4794 1603 4833 nec
1639 4782 1690 4834 hi
1724 4796 1944 4835 suarum
1977 4790 2137 4836 erant

554 4872 875 4941 iujuriarum
908 4875 1213 4927 mercedem
1240 4871 1481 4934 evasuri,
1530 4872 1658 4939 quin
1688 4871 2138 4927 imbecillioribus

554 4978 584 5018 a
627 4981 686 5019 se
740 4966 968 5020 invicem
1006 4967 1238 5034 primum
1287 4965 1546 5034 paulatim
1604 4964 1929 5029 interfectis,
1975 4976 2139 5030 atque

496 5074 503 5081 ‘
556 5056 627 5110 ita
663 5058 886 5127 reliquis
915 5074 1133 5127 semper
1174 5058 1422 5121 sublatis,
1456 5072 1514 5110 se
1560 5066 1746 5109 mutuo
1790 5057 2023 5125 denique
2058 5056 2140 5109 itt-

555 5150 834 5213 v’aderent,
855 5152 1305 5218 queumdmodum
1325 5152 1390 5203 de
1408 5148 1619 5219 Spartis
1634 5146 1851 5216 legitur,
1877 5148 1975 5201 nisi
2000 5146 2138 5201 forte

556 5242 661 5296 hoc
691 5242 855 5295 etiam
894 5243 1101 5297 iudicat
1130 5242 1336 5297 fabula.

2240 4692 2472 4759 ποιῆσαν
2507 4693 2689 4763 εὑρεῖν
2712 4709 2764 4744 τι
2790 4690 3038 4744 τοιοῦτον
3064 4691 3387 4760 ἀνθρώπους
3419 4690 3462 4723 ¹⁸
3481 4690 3625 4759 ὑπὲρ
3648 4688 3827 4742 αὐτῶν

2237 4785 2270 4854 ἢ
2305 4783 2461 4846 θεούς
2494 4800 2557 4851 γε
2588 4783 2730 4854 ὑπὲρ
2776 4783 2887 4836 τῶν
2916 4784 2961 4815 ¹⁶
2990 4782 3317 4854 ἀνθρώπων,
3353 4782 3383 4835 δ
3417 4782 3515 4851 τὴν
3546 4784 3647 4851 μὲν
3678 4782 3827 4851 ἰσχὺν

2239 4874 2547 4942 ἐπισχήσει,
2599 4872 2695 4925 τοῦ
2756 4873 2813 4926 δὲ
2870 4874 2984 4925 ἴσου
3033 4874 3127 4926 xui
3179 4872 3390 4926 δικαίου
3431 4874 3599 4924 πᾶσιν
3637 4871 3825 4942 ὥσπερ

2241 4967 2497 5036 ἐνέχυρον
2519 4966 2833 5035 γενήσεται.
2858 4965 3051 5019 ταύτὸν
3075 4968 3188 5028 τοῖς
3216 4983 3275 5017 τε
3302 4965 3514 5025 πολλοῖς
3546 4964 3827 5033 συμφέρον

2243 5059 2339 5110 xui
2368 5059 2480 5120 τοῖς
2508 5056 2644 5127 πρὸς
2683 5056 2744 5109 τὸ
2781 5055 3067 5126 βιάζεσθαι
3123 5056 3425 5124 πεφυκόσιν
3458 5055 3664 5117 αὐτοῖς.
3698 5053 3829 5107 Οὐδὲ

2242 5148 2353 5219 γὰρ
2396 5150 2595 5203 ἐκεῖνοι
2649 5149 2873 5220 ἔμελλον
2937 5150 3298 5218 ἐκφεύξεσθαι
3340 5148 3447 5200 τῶν
3493 5147 3696 5199 ἀδίκων
3741 5144 3831 5197 xui

2243 5238 2434 5292 κακῶν
2481 5238 2660 5310 ἔργων
2713 5242 3036 5311 τάπίχειρα,
3091 5240 3229 5293 ἀλλά
3277 5240 3389 5293 τῶν
3420 5237 3832 5292 ἀσθενεστάτων

556 5336 791 5408 πρώτων
818 5339 1215 5410 ἀναιρεθέντων
1242 5340 1418 5393 ἄλλων
1442 5335 1532 5390 ὑπ’
1563 5334 1740 5389 ἄλλων
1775 5332 1919 5387 κατά
1946 5333 2141 5405 μικρὸν
2179 5333 2351 5398 οὕτως
2416 5334 2504 5388 ἀεὶ
2557 5336 2666 5389 τῶν
2708 5335 2911 5389 λοιπῶν
2954 5335 3433 5405 ὑπεξαιρουμένων
3483 5332 3677 5402 ἔμελλε
3746 5347 3828 5382 τε·

1857 5450 2091 5506 VARUE
2130 5450 2539 5506 LECTIUNES.

628 5551 676 5583 ⁸⁸
707 5550 1015 5621 συμϐούλου
1045 5567 1105 5615 ς’.
1166 5618 1175 5621 _
1208 5549 1254 5580 ⁸⁹
1289 5548 1521 5621 ἀκοῦσαι
1555 5564 1663 5621 om.
1691 5551 1758 5603 A.

561 5623 609 5657 ⁸⁸
634 5618 827 5675 ἑαυτοῦ
865 5639 925 5686 ς.
1038 5622 1083 5653 ⁸⁵
1118 5618 1193 5690 μὴ
1214 5620 1302 5690 δὴ]
1337 5640 1389 5687 p.
1424 5622 1511 5675 79.

1866 5552 1911 5581 οδ
1946 5548 2119 5602 ταῦτα
2145 5565 2255 5603 om.
2284 5549 2351 5603 Λ.

1613 5620 1731 5653 οσ.ι·ι
1761 5620 2146 5687 ενα-φανείης
2182 5636 2291 5673 οιιι.
2323 5623 2390 5673 Α.

2454 5549 2497 5579 ⁹²
2530 5546 2757 5619 πάντες]
2783 5564 2834 5614 p.
2868 5545 2958 5599 76.
3030 5547 3084 5619 δ’
3118 5544 3318 5619 ἑαυτῆς
3346 5560 3404 5605 ς.

3483 5542 3531 5613 ιι
3560 5540 3660 5613 τῷ]
3686 5541 3744 5593 τὸ
3768 5543 3833 5594 Α.

2513 5619 2634 5651 93-”
2668 5616 2996 5680 ταῖς-πᾶσι
3026 5616 3080 5668 δὲ
3115 5632 3221 5669 Olli.
3261 5616 3321 5666 Α.

3428 5614 3441 5643 ⁸
3480 5612 3681 5675 θεραπ.
3739 5614 3836 5665 τὰς

563 5693 711 5746 Eme.
737 5681 1005 5762 χαριεῖται
1030 5681 1146 5755 ταῖς
1175 5681 1489 5760 ἐπιθυμίαις
1520 5691 1587 5745 Α.
1658 5693 1680 5723 ²
1704 5681 2138 5762 οδκοῦήίκδθξ
2190 5690 2210 5720 ³
2240 5688 2445 5762 αὐτῶν]
2475 5689 2655 5762 αὐτῶν
2684 5690 2858 5762 λόγων
2886 5692 2949 5762 Α.
3023 5684 3249 5762 δςδλούδὲ
3279 5682 3505 5762 μεθ’
3533 5682 3592 5762 8_l
3609 5681 3836 5762 ;—_a;.}.at

564 5766 660 5817 xui
680 5778 791 5817 om.
828 5766 893 5818 A.
1003 5762 1024 5794 ⁸
1050 5763 1218 5833 ἅπαν]
1258 5764 1322 5816 αὑ
1358 5764 1462 5815 πᾶν
1491 5763 1557 5817 Α.

564 5835 735 5905 κτεῖν.
815 5834 855 5866 ¹¹
893 5835 1255 5905 ἰσχυροτέρων
1279 5849 1387 5905 om.
1424 5835 1487 5887 A.

568 5903 749 5971 εὑρεῖν
790 5903 1053 5977 ponite.
1148 5903 1207 5939 ‘l‘
1231 5903 1341 5961 τῶν
1369 5920 1480 5961 om.
1510 5903 1575 5959 Α.

1663 5763 1681 5792 ⁷
1717 5759 1895 5830 οἶμαι]
1925 5776 1978 5828 p.
2008 5761 2099 5816 8|.

2201 5762 2222 5792 ³
2254 5762 2343 5828 ἂν]
2373 5761 2473 5822 τὰς
2524 5759 2941 5829 ἀνθρώπουςᾳᾹ.

1569 5834 1683 5865 ¹¹·¹³
1709 5829 1801 5888 xui
1830 5829 2396 5903 παρά-γινώσκομεν
2429 5846 2543 5887 om.
2590 5831 2655 5884 Α.

3044 5759 3064 5789 ⁹
3095 5757 3237 5809 δυεῖν
3276 5773 3332 5816 ς.
3414 5755 3456 5784 ³⁸
3493 5754 3589 5805 καὶ
3618 5753 3833 5805 πλεονε-

2760 5832 2802 5866 ίδ
2826 5825 2989 5891 εἶναι]
3021 5823 3087 5897 ἦν
3124 5828 3193 5881 Α.
3275 5826 3315 5857 ⁸⁸
3343 5822 3670 5894 ἀνθρώπους
3713 5830 3836 5877 ante
