4104 6438
244 413 269 475 1
284 414 384 475 505

230 526 547 592 λευτῶντας
607 528 808 592 αὐτοὺς
856 528 948 599 ὑφ’

230 620 500 674 νίττεται.

1048 528 1273 594 ἑαυτοὺς
1344 530 1519 585 ὲλθεῖν
1539 573 1554 599 ,

1300 413 1833 475 BIBLIOTHECA.
1864 442 1931 452 --
1971 414 2133 476 COD.
2166 406 2489 477 CCXLVII.

3394 419 3531 484 1506

1632 532 1825 605 ὥσπερ
1868 532 2004 602 φασὶ
2038 532 2164 595 τοὺς
2190 530 2491 599 σπαρτοὺς,
2521 529 2571 583 εί
2616 530 2727 602 ἄρα
2779 531 2875 584 καὶ
2909 532 2937 585 ὁ
2981 530 3151 603 μῦθος
3216 532 3377 589 τοῦτο
3444 540 3531 590 αἱ·

314 717 469 771 Ἔδει
520 716 585 780 δὴ
644 715 690 749 "
736 716 916 771 κοινόν
969 732 1025 770 τι
1077 716 1372 789 φάρμακον
1418 720 1709 791 εὑρεθῆναι
1738 726 1815 793 τῷ

1990 719 2290 776 Commune
2331 720 2602 792 quoddam
2638 721 2732 777 toti
2789 723 2972 793 generi
3009 725 3107 780 fuit
3140 723 3340 797 415a
3374 725 3530 781 iuve-

237 808 407 877 γένει,
463 805 662 863 ταύτὸν
705 808 877 862 ἆπασι
925 810 1229 882 συμφέρον,
1258 813 1371 875 τοῖς
1407 812 1670 883 ἰσχυροῖς,
1718 815 1831 875 τοῖς

233 902 446 972 ἥττοσι,
496 906 613 968 τοῖς
671 903 995 971 ἐπιεικέσιν,
1040 905 1117 969 ὡς
1142 905 1272 970 τοὺς
1313 907 1413 977 μὲν
1443 908 1476 977 ἢ
1510 907 1553 939 ¹⁸
1585 907 1831 961 κωλῦσαι

240 999 353 1066 πρὸ
378 998 488 1051 τῶν
543 998 962 1068 ἀδικημάτωνῆ
1019 999 1152 1069 παρ’
1177 999 1319 1053 αὐτὰ
1382 1000 1828 1071 τιμωρήσασθαι,

234 1092 350 1153 τοῖς
378 1089 436 1142 δὲ
458 1089 644 1143 ἄδειαν
676 1089 770 1142 τοῦ
809 1089 928 1159 βίου
996 1091 1442 1161 παρασκευάσαι,
1484 1094 1595 1155 τοῖς
1641 1092 1701 1144 δὲ
1734 1092 1831 1162 χάο

237 1196 326 1249 ριν
352 1180 452 1251 τὴν
479 1180 822 1249 πρέπουσαν,
860 1181 976 1234 ὅσοι
998 1180 1059 1233 τὸ
1090 1180 1300 1235 δίκαιον
1328 1183 1534 1252 ἐτίμων
1589 1183 1827 1245 ἑκόντες.

236 1272 457 1343 Εὑρέθη
486 1273 666 1327 τοίνυν
719 1274 784 1326 ἐκ
832 1273 1039 1327 τούτων
1092 1276 1379 1347 ῥητορικὴ,
1432 1275 1529 1327 καὶ
1578 1274 1829 1345 παρῆλθε

233 1367 609 1438 φυλακτήριον
666 1368 1013 1440 δικαιοσύνης
1056 1370 1151 1423 καὶ
1211 1369 1508 1440 σύνδεσμος
1557 1368 1651 1423 τοῦ
1712 1368 1829 1440 βίου

232 1462 349 1524 τοῖς
383 1460 714 1532 ἀνθρώποις,
770 1463 920 1526 ὅπως
979 1462 1055 1533 μὴ
1123 1465 1246 1527 ταῖς
1296 1463 1477 1533 χερσὶ,
1524 1461 1660 1533 μηδὲ
1718 1464 1829 1526 τοῖς

233 1549 443 1614 ὅπλοις,
476 1552 613 1622 μηδὲ
645 1552 723 1621 τῷ
754 1553 1066 1624 προλαϐεῖν,
1107 1554 1242 1625 μηδὲ
1302 1554 1496 1624 πλήθει
1522 1554 1616 1608 καὶ
1663 1555 1831 1625 μεγέ-

233 1642 320 1695 θει
360 1644 424 1709 ¹⁹,
457 1645 580 1715 μηδ’
606 1645 755 1715 ἄλλῳ
776 1646 884 1699 τῶν
919 1647 1121 1701 ἀνίσων
1172 1648 1362 1719 μηδενὶ
1395 1649 1441 1681 ²⁰
1487 1650 1731 1719 κρίνοιτο
1758 1648 1828 1703 τὰ

235 1734 569 1805 πράγματα,
628 1736 744 1789 ἀλλ’
789 1739 817 1791 ό
877 1738 1035 1806 λόγος
1076 1740 1138 1792 τὸ
1208 1740 1414 1794 δίκαιον
1483 1742 1569 1809 ἐφ’
1594 1743 1827 1813 ἡσυχίας

233 1827 458 1898 διαιροῖ.
502 1827 671 1899 Ἀρχὴ
721 1829 823 1898 μὲν
869 1825 962 1882 οὖν
991 1830 1035 1862 ²¹
1063 1830 1201 1903 αὕτη
1244 1832 1340 1886 καὶ
1402 1835 1563 1903 φύσις
1602 1837 1827 1905 ῥητορι-

237 1919 367 1989 κῆς,
422 1921 517 1974 καὶ
551 1919 799 1991 βούλημα
834 1922 1012 1988 τοῦτο,
1040 1923 1218 1977 σῶσαι
1253 1926 1462 1989 πάντας
1500 1925 1827 1997 ἀνθρώπους

237 2012 338 2063 καὶ
367 2010 466 2081 τὴν
501 2011 621 2080 βίαν
642 2014 730 2065 διὰ
760 2012 861 2082 τῆς
889 2014 1113 2079 πειθοῦς
1134 2015 1480 2071 ἀπώσασθαι.
1501 2018 1754 2072 Φαίνεται
1778 2020 1822 2051 ²²

1940 813 2197 867 niendum
2251 815 2575 879 remedium,
2657 816 2802 882 quod
2830 818 3084 871 omnibus
3147 832 3294 873 esset
3345 820 3519 873 utile:

1936 903 2194 969 fortibus,
2235 904 2618 971 imbecillibus,
2660 905 2845 975 jnstis,
2892 907 2964 960 ita
2996 916 3053 960 ut
3083 908 3156 961 illi
3203 909 3285 963 vel
3326 910 3523 980 injuste

1936 1012 2098 1067 agere
2128 1008 2465 1066 vetarentur,
2498 999 2580 1055 vel
2604 1015 2725 1053 cum
2755 999 2949 1070 injuria
2982 1003 3287 1070 puniretur,
3321 1002 3372 1056 hi
3394 1018 3522 1057 vero

1934 1106 2129 1146 secure
2178 1091 2450 1153 viverent.
2514 1094 2774 1162 postremi
2833 1102 3013 1146 autem
3074 1103 3344 1163 quatquot
3373 1094 3516 1150 ultro

1929 1179 2202 1251 justitiam
2227 1181 2503 1248 colebant,
2544 1184 2850 1238 mercedem
2884 1182 3171 1239 decentem
3210 1199 3519 1253 conseque-

1936 1283 2146 1329 rentur.
2187 1275 2410 1329 Inventa
2437 1283 2518 1329 est
2544 1275 2709 1346 igitur
2763 1277 3059 1341 rhetorica,
3104 1277 3519 1348 prodiitqueju-

1934 1368 2100 1421 stitia:
2130 1369 2402 1434 custodia,
2429 1378 2483 1422 et
2523 1369 2778 1422 humanae
2809 1369 2934 1424 vitae
2964 1369 3180 1438 copula,
3215 1372 3381 1423 nevel
3408 1385 3521 1421 ma-

1934 1458 2117 1521 nibus,
2152 1457 2234 1512 vel
2272 1459 2461 1525 armis,
2500 1459 2583 1514 vel
2627 1460 3010 1530 occupatione,
3047 1461 3131 1513 vel
3173 1457 3521 1513 multitudine

1932 1561 1996 1600 ac
2021 1549 2409 1617 magnitudine,
2444 1549 2527 1603 vel
2563 1550 2665 1605 alia
2696 1566 2753 1605 re
2783 1550 2964 1619 aliqua
3004 1551 3257 1620 inaequali
3286 1565 3374 1604 res
3401 1551 3519 1604 dis-

1930 1651 2308 1705 cernerentur.
2335 1644 2515 1711 potius
2552 1660 2714 1711 quam
2742 1646 2881 1699 ratio
2930 1661 3086 1700 suum
3120 1647 3319 1715 cuique
3365 1656 3517 1700 tran-

1930 1734 2098 1803 quille
2146 1736 2434 1790 tribueret.
2469 1734 2594 1790 Haec
2623 1736 2789 1806 igitur
2816 1747 2900 1792 est
2950 1741 3105 1806 origo
3140 1738 3426 1794 rhetorica:
3465 1747 3521 1794 et

1932 1837 2147 1890 natura,
2182 1826 2287 1880 hoc
2328 1826 2447 1894 ejus
2498 1830 2861 1898 propositum,
2900 1841 2961 1885 ut
3025 1846 3218 1886 omnes
3263 1832 3518 1887 homines

1930 1928 2243 1981 conservet,
2274 1930 2328 1973 et
2354 1920 2458 1973 vim
2487 1922 2840 1989 persuasione
2870 1923 3118 1993 repellat.
3171 1923 3519 1995 Quapropter

1930 2009 2179 2063 eamdem
2208 2010 2478 2065 rhetorica
2503 2027 2666 2080 quam
2703 2028 2794 2068 ars
2834 2013 3011 2083 legum
3042 2014 3398 2070 ferendarum
3433 2024 3521 2070 est

230 2102 420 2156 τοίνυν
447 2104 479 2174 ἡ
510 2104 777 2176 ῥητορικὴ
811 2108 875 2175 τῇ
901 2106 948 2137 ’³
971 2107 1296 2179 νομοθετικῇ
1322 2108 1422 2179 τῆς
1441 2110 1614 2181 αὐτῆς
1643 2128 1824 2182 μετει-

1934 2109 2183 2154 naturam
2231 2103 2447 2167 sortita,
2520 2105 2565 2157 si
2618 2105 2839 2173 quidem
2893 2115 3181 2175 utramque
3225 2107 3521 2176 diligenter

233 2192 445 2262 ληφυϊα
474 2194 710 2264 φύσεως,
759 2197 919 2268 εἴπερ
946 2197 991 2228 ’⁸
1015 2200 1076 2251 τό
1107 2217 1170 2268 γε
1201 2201 1430 2273 ἀκριὸὲς
1472 2202 1559 2254 ἐπ’
1583 2203 1828 2272 ἀμφοτέ-

238 2305 350 2358 ρων
370 2289 451 2342 δεῖ
501 2291 728 2361 θεωρεῖν
758 2292 805 2323 ⁸⁸
832 2308 847 2323 ·
888 2293 1090 2364 μᾶλλον
1116 2294 1172 2348 δὲ
1206 2296 1372 2365 μέρος
1429 2291 1566 2349 οὖσα
1594 2297 1691 2367 τῆς
1730 2298 1826 2367 ρη-

230 2379 461 2449 τορικῆς
491 2381 522 2451 ἡ
556 2381 900 2453 νομοθετικὴ,
930 2384 1025 2437 καὶ
1054 2388 1167 2449 τοῖς
1193 2388 1329 2440 πᾶσι
1365 2387 1615 2458 δευτέρα.
1658 2386 1781 2452 Πῶς
1808 2406 1822 2454 ;

234 2468 465 2541 Πρῶτον
517 2474 615 2540 μὲν
664 2475 745 2527 ὅτι
795 2478 891 2529 καὶ
957 2477 1084 2549 περὶ
1133 2479 1313 2532 αὐτῶν
1369 2479 1475 2533 ἔδει
1515 2480 1623 2535 τῶν
1644 2481 1827 2551 νόμων

234 2561 397 2630 λόγου
424 2564 656 2640 [ϐῗϐΗ]
680 2568 773 2621 τοῦ
831 2570 1134 2635 πείθοντος.
1171 2572 1233 2624 El
1265 2572 1371 2644 γάρ
1413 2573 1458 2605 ³⁸
1488 2573 1635 2627 ἐστιν
1664 2573 1825 2644 εὔδη-

244 2660 339 2713 λον
378 2660 460 2712 ὃτι
495 2661 543 2713 οί
573 2662 728 2733 νόμοι
764 2662 863 2732 μὲν
900 2664 1042 2736 ὑπὲρ
1066 2663 1159 2717 τοῦ
1200 2665 1412 2728 πάντας
1442 2665 1504 2719 τὸ
1546 2668 1825 2739 προσῆκον

236 2752 385 2824 ἔχειν
405 2752 630 2823 ἔμελλον
651 2753 1002 2825 τεθήσεσθαι,
1026 2756 1184 2810 τοῦτο
1214 2757 1270 2810 δὲ
1302 2758 1351 2810 οί
1383 2761 1448 2829 τῇ
1482 2760 1627 2830 χειρὶ
1645 2761 1825 2831 κρείτ-

236 2858 365 2904 τους
396 2840 625 2909 ἓμελλον
684 2843 1188 2914 συμϐουλήσεσθαι,
1225 2845 1343 2908 πῶς
1376 2847 1477 2900 οὐκ
1507 2847 1825 2916 ἀναγκαίως

236 2937 347 2991 ἔδει
378 2938 536 3007 λόγου
557 2939 651 2993 τοῦ
689 2941 969 3004 πείθοντος
992 2942 1093 3013 ἤδη
1133 2942 1181 2972 ³⁷
1219 2959 1235 3008 ;
1266 2942 1328 2995 οὐ
1368 2943 1477 3013 γὰρ
1532 2942 1824 3012 βιάσασθαί

235 3045 302 3097 γε
331 3030 377 3062 ³⁸
403 3031 529 3101 ἐνῆν
558 3032 683 3096 τοὺς
720 3032 857 3104 πρὸς
887 3032 1025 3086 αὐτὸ
1059 3031 1217 3086 τοῦτο
1261 3034 1577 3102 πεφυκότας
1610 3034 1677 3098 ²⁹,
1713 3035 1823 3087 οὐδ’

232 3118 304 3192 ἦν
334 3122 472 3194 αὕτη
498 3126 678 3194 νόμων
712 3126 883 3196 ἀρχή·
920 3126 1062 3195 ὑπὲρ
1092 3124 1203 3197 γὰρ
1231 3125 1396 3179 αὐτοῦ
1442 3125 1538 3179 τοῦ
1588 3125 1665 3196 μὴ
1706 3124 1819 3195 βιά-

235 3218 425 3283 ζεσθαι
460 3219 587 3281 τοὺς
614 3219 813 3289 νόμους
844 3220 950 3272 ἔδει
1002 3218 1211 3272 θέσθαι.
1246 3217 1454 3272 Οὔκουν
1494 3214 1562 3289 ἦν
1615 3219 1824 3272 τιθέναι

236 3311 589 3382 βιασάμενον,
628 3312 789 3386 [1252
830 3311 923 3385 IL]
952 3312 1088 3366 ἀλλὰ
1118 3311 1263 3365 τοῦτ’
1292 3308 1360 3383 ἦν
1420 3314 1638 3383 πρῶτον
1670 3313 1823 3383 παρὰ

230 3402 361 3466 τοὺς
381 3404 597 3474 νόμους.
612 3404 863 3458 Φαίνεται
882 3404 926 3436 ³ο
942 3404 1121 3457 τοίνυν
1144 3402 1426 3457 κάνταῦθα
1441 3403 1482 3434 ³⁸
1503 3404 1535 3473 ἡ
1560 3402 1822 3474 ῥητορικὴ
1851 3432 1892 3489 C

236 3494 538 3566 βουλομένη
605 3495 706 3566 μὲν
759 3496 933 3550 ταύτὰ
983 3498 1050 3567 τῇ
1106 3495 1427 3566 δικαστικῇ,
1459 3494 1716 3548 τοσοῦτον
1763 3496 1821 3549 δὲ

231 3588 445 3643 νικῶσα
467 3590 605 3642 ὅσων
636 3590 954 3659 ἀμφοτέρας
981 3588 1101 3661 [τὴν
1132 3588 1491 3661 νομοθετικὴν
1524 3588 1618 3640 καὶ
1666 3588 1815 3641 δικα-

235 3681 450 3753 στικὴν]
476 3681 518 3713 ³²
549 3681 765 3752 συνέχει
809 3683 941 3752 μόνη
987 3681 1243 3751 βεϐαίως.
1306 3680 1614 3751 Βουλομένη
1657 3681 1819 3753 γὰρὴ

230 3774 521 3846 δικαστικὴ
551 3776 805 3847 καθάπερ
829 3777 886 3828 ὲν
929 3776 1078 3845 μάχῃ
1127 3776 1194 3844 τῇ
1256 3773 1580 3842 νομοθετικῇ
1623 3773 1820 3841 βοηθῆ-

234 3883 349 3933 σαι,
389 3868 584 3922 ταύτὸν
616 3868 817 3922 ἔπαθεν
844 3866 984 3938 αὕτη
1021 3868 1065 3898 ³³
1095 3868 1161 3937 τῇ
1204 3865 1554 3935 νομοθετικῇ.
1608 3864 1819 3933 Ἐκείνη

232 3974 295 4012 τε
319 3956 429 4027 γὰρ
462 3960 763 4031 ῥητορικῆς
786 3959 1052 4029 πρότερον
1086 3956 1129 3987 ³⁷⁵
1148 3955 1392 4026 ἐδέησεν,
1419 3952 1559 4006 ὥστε
1584 3951 1756 4024 ταύτῃ
1775 3953 1819 3983 ³⁵

227 4053 380 4124 ἔχειν
412 4053 647 4124 πάροδον
677 4053 802 4114 τοὺς
842 4051 1063 4120 νόμους,
1113 4049 1147 4119 ἦ
1171 4065 1230 4101 τε
1280 4045 1571 4116 δικαστικὴ
1634 4046 1821 4116 σχῆμα

230 4147 531 4217 ἐπικούρου
550 4145 791 4200 λαϐοῦσα
809 4147 916 4207 τοῖς
942 4144 1148 4212 νόμοις,
1179 4140 1317 4211 αὑτὴ
1349 4140 1612 4211 πρότερον
1646 4155 1819 4209 προσ-

228 4241 427 4311 εδεήθη
464 4242 508 4272 “
542 4240 644 4309 τῆς
683 4240 832 4307 παρά
872 4236 972 4307 τῆς
1008 4235 1307 4307 ῥητορικῆς
1364 4232 1639 4303 βοηθείας.
1669 4232 1818 4284 Ἔδει

229 4334 341 4404 γὰρ
368 4331 663 4403 δυνηθῆναι
700 4329 989 4402 βοηθῆσαι,
1028 4326 1188 4381 τοῦτο
1220 4326 1264 4380 δ’
1296 4324 1397 4380 οὐκ
1441 4322 1511 4397 ἦν
1558 4325 1689 4378 ἄνευ
1721 4325 1820 4393 ῥη-

228 4425 480 4495 τορικῆς.
533 4424 806 4495 Πρότερον
841 4423 886 4454 ³⁷
941 4416 1035 4475 οὖν
1098 4419 1385 4489 πολιτικῆς
1447 4419 1634 4489 μορίου
1668 4418 1821 4470 εἴδω-

228 4517 323 4570 λον
369 4518 404 4584 ὴ
435 4514 722 4587 ῥητορικὴ,
760 4514 890 4585 ἢτὰ
943 4516 1044 4585 τῆς
1080 4512 1389 4581 πολιτικῆς,
1441 4510 1516 4572 ὡς
1572 4510 1635 4561 σὺ
1688 4510 1797 4580 φῂς

232 4607 402 4678 μόρια
434 4608 539 4661 ὑπὸ
592 4606 690 4677 τῆς
754 4608 1051 4677 ῥητορικῆς
1101 4604 1433 4673 συνέχεται;
1475 4600 1598 4669 ἐμοὶ
1630 4600 1675 4633 ⁸⁸
1719 4600 1818 4668 μὲν

228 4699 339 4771 γὰρ
364 4699 439 4764 ὡς
491 4698 712 4769 ἀληθῶς
740 4699 801 4750 οὐ
855 4699 1157 4770 ῥητορικὴν
1207 4696 1265 4748 ὲν
1309 4692 1524 4756 τούτοις
1569 4691 1817 4755 κακίζειν

1932 2192 2163 2245 velimus
2208 2193 2499 2262 inspicere,
2528 2206 2692 2263 atque
2728 2197 2864 2251 adeo
2918 2213 3044 2265 pars
3095 2208 3179 2253 est
3229 2200 3519 2254 rhetorica:

1930 2300 2020 2338 ars
2056 2284 2256 2355 legum,
2282 2295 2446 2356 atque
2499 2288 2553 2341 in
2601 2289 2857 2343 omnibus
2905 2291 3155 2345 inferior.
3186 2291 3519 2359 Quomodo?

1928 2376 2168 2430 Primum
2200 2380 2344 2432 enim
2375 2379 2506 2448 ipsis
2537 2379 2701 2434 etiam
2737 2381 2947 2451 legibus
2970 2384 3219 2438 oratione
3241 2395 3359 2439 erat
3380 2401 3518 2456 opus

1930 2469 1997 2524 ad
2037 2473 2495 2539 persuadendum.
2552 2474 2763 2529 Etenim
2792 2475 2835 2529 si
2867 2476 3018 2545 leges
3041 2492 3103 2531 ea
3135 2479 3202 2531 de
3237 2494 3426 2542 causa,
3460 2489 3518 2532 ut

1928 2576 2084 2615 suum
2111 2564 2305 2631 cuique
2326 2565 2743 2631 concederetur,
2768 2580 2926 2622 erant
2959 2568 3218 2637 ferendas,
3250 2571 3301 2627 id
3331 2582 3515 2627 autem

1928 2652 2242 2711 fortissimis
2271 2659 2579 2727 quibusque
2605 2660 2934 2727 placiturum
2968 2678 3072 2716 non
3102 2676 3241 2729 erat,
3288 2669 3515 2721 omnino

1927 2745 2031 2801 fuit
2070 2748 2331 2803 adhibere
2375 2751 2680 2805 orationem
2759 2753 3155 2807 necessarium.
3201 2754 3337 2810 Nam
3394 2758 3503 2811 vim

1928 2842 2147 2910 quidem
2183 2858 2292 2896 non
2349 2843 2551 2899 licebat
2618 2845 2684 2899 iis
2748 2846 2973 2914 inferre,
3030 2849 3121 2917 qui
3177 2848 3333 2904 liberi
3400 2851 3513 2905 nati

1928 2943 2133 2997 essent,
2163 2949 2260 2988 nec
2295 2936 2409 2990 haec
2446 2946 2565 2990 erat
2611 2937 2787 3007 legum
2816 2940 2992 3007 origo,
3025 2955 3145 3009 qua:
3171 2952 3361 2996 contra
3400 2942 3511 2997 vim

1927 3022 2055 3078 ferri
2090 3026 2382 3081 debebant.
2425 3027 2612 3097 Itaque
2642 3045 2738 3098 per
2769 3031 2874 3084 vim
2916 3031 3048 3086 ferri
3079 3049 3183 3086 non
3223 3043 3511 3102 poterant,

1928 3134 2048 3173 cum
2076 3121 2130 3172 id
2174 3121 2407 3189 primum
2437 3133 2624 3177 contra
2678 3124 2827 3193 leges
2857 3124 3097 3178 futurum
3130 3127 3313 3180 fuerit.
3360 3127 3512 3194 Qua-

1926 3220 2151 3279 propter
2180 3221 2234 3265 et
2269 3212 2356 3266 hic
2394 3213 2668 3268 rhetorica
2721 3226 2933 3285 spectat
2985 3218 3123 3271 idem
3177 3218 3321 3286 quod
3361 3217 3510 3286 judi-

1928 3303 2121 3358 cialis:
2174 3304 2278 3359 hoc
2327 3320 2454 3359 vero
2508 3317 2754 3376 superat,
2803 3310 2947 3378 quod
3004 3320 3289 3381 utramque
3344 3311 3509 3385 [legis

1930 3394 2216 3451 factoriam
2248 3406 2303 3453 et
2325 3388 2666 3474 judicialem]
2706 3402 2817 3457 sola
2845 3405 3253 3473 complectitur.
3291 3404 3507 3461 Etenim

1927 3504 2050 3544 cum
2073 3491 2233 3545 vellet
2255 3490 2535 3557 judicialis
2567 3496 2670 3548 arti
2722 3495 2900 3565 legum
2932 3497 3307 3561 ferendarum,
3352 3501 3513 3567 quasi

1928 3579 1979 3633 in
2008 3581 2225 3650 proelio,
2260 3597 2416 3652 Opem
2457 3583 2623 3649 ferre,
2656 3586 2798 3640 idem
2837 3586 2935 3657 ipsi
2976 3591 3118 3657 quod
3161 3590 3236 3643 illi
3260 3592 3510 3661 contigit.

1924 3673 2059 3727 Nam
2097 3685 2152 3728 et
2184 3676 2261 3731 illi
2297 3677 2573 3731 rhetorica
2612 3681 2869 3749 primum,
2922 3690 2984 3736 ut
3019 3699 3114 3748 per
3143 3699 3262 3737 eam
3298 3684 3512 3756 legibus

1925 3770 2105 3825 aditus
2139 3778 2368 3839 pateret,
2411 3785 2548 3840 opus
2607 3772 2733 3843 fuit,
2781 3783 2838 3829 et
2867 3775 3145 3841 judicialis
3195 3793 3319 3833 cum
3357 3780 3513 3834 auxi-

1924 3860 2110 3915 liantis
2160 3861 2405 3916 habitum
2455 3866 2801 3933 sumpsisset,
2857 3869 2971 3935 ipsa
3033 3870 3185 3937 prius
3220 3871 3512 3927 rhetorica:

1925 3953 2255 4008 desideravit
2310 3955 2597 4012 auxilium.
2666 3956 2933 4024 Quoniam
2998 3962 3144 4014 enim
3198 3962 3512 4019 facultatem

1918 4048 2143 4117 juvandi
2201 4049 2535 4117 requirebat.
2590 4065 2709 4104 eam
2749 4052 2866 4106 sine
2936 4053 3212 4108 rhetorica
3250 4060 3511 4126 consequi

1925 4156 2028 4194 nou
2056 4151 2290 4210 poterat.
2326 4142 2525 4197 Utrum
2561 4157 2693 4213 ergo
2730 4143 2908 4200 civilis
2936 4148 3110 4215 partis
3139 4148 3501 4204 simulacrum

1923 4243 2007 4288 est
2037 4236 2330 4300 rhetorica,
2356 4251 2423 4289 an
2456 4246 2641 4305 partes
2667 4238 2908 4292 scientia:
2933 4238 3133 4304 civilis,
3179 4255 3316 4308 quas
3349 4242 3510 4307 dicis,

1920 4322 2116 4396 4151)
2168 4324 2270 4379 sub
2305 4325 2578 4379 rhetorica
2608 4326 2962 4381 continentur
2992 4327 3015 4380 ?
3043 4327 3171 4383 Nam
3200 4328 3332 4381 mihi
3381 4329 3508 4398 qui-

1922 4421 2044 4470 dem
2078 4424 2135 4469 ut
2159 4415 2311 4490 [vere
2339 4432 2447 4471 non
2481 4418 2837 4492 rhetoricam]
2861 4420 2911 4473 in
2945 4420 3063 4475 istis
3082 4421 3512 4491 videtursuggil-

1922 4507 2057 4571 lare,
2083 4523 2182 4561 nec
2215 4508 2391 4562 civiiis
2417 4509 2589 4578 partis
2617 4524 2735 4563 eam
2763 4509 3116 4563 simulacrum
3149 4526 3273 4566 esse
3323 4522 3512 4567 osten-

1923 4602 2074 4661 dere.
2114 4616 2306 4656 verum
2355 4603 2511 4671 quasi
2552 4603 2843 4658 rhetorica:
2884 4603 3236 4659 simulacrum
3284 4605 3506 4674 aliquod

1925 4694 2273 4763 sumpsisset,
2306 4694 2358 4747 in
2391 4709 2457 4748 eo
2488 4696 2731 4749 studium
2764 4710 2925 4748 omne
2951 4710 3172 4764 ponere.
3198 4712 3297 4752 nec
3328 4697 3507 4767 ipsam

230 4792 508 4859 (petiverat,
533 4792 652 4846 οὐδὲ
698 4792 984 4861 πολιτικῆς
1011 4790 1204 4860 μορίου
1255 4785 1477 4842 εἴδωλον
1515 4784 1811 4848 δεικνύναι,

1928 4784 2215 4853 attingere,
2242 4784 2388 4838 velut
2425 4783 2727 4841 Stesichori
2762 4786 2985 4854 Trojani

227 4886 345 4939 ἀλλ’
367 4884 541 4947 οὕτως
568 4885 755 4957 ὥσπερ
794 4885 1012 4938 εἴδωλον
1067 4882 1367 4956 ῥητορικῆς
1415 4878 1737 4952 ἀπειληιῖὼς
1769 4879 1813 4910 ³⁸
1854 4878 1949 4930 ἐπὶ
1970 4881 2143 4949 τούτῳ
2178 4880 2523 4945 σπουδάζειν,
2555 4881 2724 4952 αὐτῆς
2750 4881 2807 4935 δὲ
2842 4881 2951 4934 οὐδ’
2989 4883 3278 4951 ἅπτεσθαι,
3316 4882 3510 4955 ὥσπερ

226 4982 277 5033 oi
299 4978 632 5050 Στησιχόρου
670 4978 880 5048 Τρῶες,
912 4979 961 5031 οί
988 4977 1047 5030 τὸ

451 5114 465 5127 .
484 5112 498 5127 .
515 5112 530 5127 .
553 5111 567 5125 .
602 5071 718 5142 Τῆς
757 5074 1004 5141 Ἑλένης
1027 5072 1287 5125 εἴδωλον
1323 5070 1583 5139 ἔχοντες

226 5167 305 5230 ὡς
333 5166 530 5237 αὐτήν.
568 5168 827 5238 Διαφέροι
852 5167 894 5219 δ’
927 5168 994 5220 ἂν
1024 5164 1303 5231 τοσοῦτον,
1331 5165 1413 5217 ὅτι
1442 5162 1597 5216 οὐδὲν
1630 5163 1814 5233 ὅμοιον

227 5263 293 5332 τῇ
315 5263 581 5332 ῥητορικῇ
614 5260 674 5313 τὸ
696 5258 1250 5314 εἴδωλον¹⁵⁰.Ούκοῦνδι
1266 5257 1427 5312 ὁπότε
1461 5258 1585 5328 μήτ’
1607 5256 1812 5309 ἀδικεῖν

2235 5104 2249 5119 .
2272 5105 2287 5119 .
2307 5101 2321 5117 .
2344 5103 2360 5119 .
2392 5064 2608 5120 Helena:
2631 5066 2922 5122 simulacra
2946 5078 3196 5135 tenenles,

1923 5160 2078 5230 quasi
2120 5159 2298 5229 ipsam
2330 5159 2620 5214 haberent.
2655 5159 2889 5215 Tantum
2927 5172 3107 5218 tamen
3154 5163 3262 5218 erit
3287 5163 3488 5220 discri-

1924 5256 2113 5320 minis,
2146 5254 2401 5324 quodest
2456 5256 2746 5310 rhetoricae
2797 5256 3062 5313 dissimile
3127 5258 3501 5315 simulacrum.

1438 5423 1460 5434 "
1531 5421 1771 5477 VARIIE
1807 5419 2213 5477 LECTIONES.

305 5525 348 5554 ¹⁷
375 5526 438 5592 δη
465 5531 542 5574 A:
576 5521 633 5573 δὲ
661 5536 770 5592 ςη
824 5518 866 5550 ’⁸
899 5517 932 5592 ἢ
965 5518 1170 5592 om.A.
1208 5519 1293 5592 λθ
1322 5512 1576 5592 μηδὲὶτῷ
1602 5545 1672 5555 -—

228 5596 272 5631 ι’
300 5592 395 5644 οῦν
426 5585 654 5669 ὀιιιηΑ.
698 5590 779 5669 ﬂ“
817 5585 1088 5669 φαίνεται]
1119 5605 1176 5669 pL
1202 5588 1291 5642 85.
1325 5585 1334 5588 ⁷
1365 5589 1412 5623 ’³
1441 5591 1505 5669 τῇ
1538 5602 1647 5669 om.

228 5667 274 5702 ’⁸
310 5680 372 5731 γε
407 5678 515 5715 Olli.
556 5664 619 5715 A.
697 5660 743 5693 ’θ
770 5660 904 5731 πρὸς
931 5659 1063 5712 αὐτὸ
1086 5656 1243 5712 τοῦτο
1284 5656 1622 5729 πεφυκότας]
1655 5657 1752 5725 τὴν
1779 5657 2001 5709 ἐκείνων
2031 5656 2251 5723 ἰσότητα
2283 5672 2320 5740 μ

229 5736 273 5772 3|
306 5732 581 5778 κάνταῦθα
635 5747 746 5778 mn.
805 5734 870 5778 A.
985 5730 1029 5762 ³³
1053 5729 1151 5778 τὴν
1181 5730 1366 5778 νουοθ.
1428 5730 1523 5778 καὶ
1569 5726 1777 5778 δικαστ.
1828 5742 1937 5778 om.
1999 5728 2064 5778 A.
2179 5730 2225 5762 ³³
2254 5743 2320 5777 αυ

232 5730 582 5787 ³1κόινταῦθοι
635 5747 746 5786 om.
803 5730 870 5784 A.
985 5730 1029 5762 ³¹
1053 5730 1151 5801 τὴν
1181 5730 1367 5798 νομοθ.
1428 5730 1523 5782 καὶ
1569 5730 1777 5781 δικαστ.
1828 5742 1937 5781 om.
1999 5730 2064 5778 A.
2179 5730 2225 5762 ³³
2254 5730 2383 5794 αὓτη

232 5807 278 5835 ³³
317 5803 520 5872 ταύτην
551 5820 612 5867 ς.
693 5804 738 5840 ³⁸
771 5800 967 5872 ἐδεήθη
988 5802 1076 5872 Α..
1128 5801 1458 5872 ετνπότερον]
1491 5816 1541 5872 p.
1573 5800 1694 5853 9].:
1766 5797 1976 5870 ³⁸,ὲμοὶ
2008 5798 2054 5852 Α
2091 5814 2104 5851 :
2147 5794 2279 5866 ἐμὸν
2302 5797 2383 5867 ξς.

229 5736 273 5772 ³¹
306 5732 582 5787 κάνταῦθα
635 5747 746 5786 om.
803 5734 870 5784 A.

232 5875 451 5927 εἴδωλον
475 5868 545 5943 τῇ
582 5868 965 5945 ῥητορικῇ¹ᾏζ
1064 5868 1107 5903 ⁴¹
1137 5868 1357 5940 οὐκοῦν]
1389 5888 1439 5943 p.
1470 5871 1588 5929 105.

1704 5514 1923 5585 μεγέθει
1960 5529 2070 5567 om.
2105 5514 2172 5567 A.
2222 5512 2295 5585 _'°
2321 5510 2429 5564 τῶν
2465 5509 2668 5585 ἀνίσων
2695 5509 2906 5585 μηδενὶ]
2934 5511 3051 5566 τινὶι
3068 5514 3175 5567 τῶν
3204 5513 3404 5567 ἀνίσων
3422 5515 3497 5569 ΔΑ.

1837 5586 1955 5623 ’νη
1982 5582 2446 5656 εἵπερ--θεωρεῖν-
2466 5597 2576 5636 om.
2754 5583 2871 5656 "ﬁ"
2903 5586 2953 5636 εί
2982 5585 3401 5656 γάρ-ἧδηέοῐη,
3436 5592 3498 5640 Α.

2396 5653 2752 5724 αἱρουμένους
2779 5655 2842 5709 Α.
2945 5658 2989 5691 ³ο
3016 5653 3286 5723 φαίνεται]
3323 5671 3375 5724 p.
3410 5657 3500 5709 87.

2179 5724 2391 5799 "eum
2439 5727 2679 5799 οι-ιιηΑ.Δ
2725 5726 3061 5799 ³ξλπρότερον
3101 5727 3394 5799 ῥητορικῆς
3436 5729 3500 5783 Α.

2482 5796 2527 5829 ³⁹
2554 5795 2845 5853 ἀπολαϐὼν
2884 5795 3178 5870 ῥητορικῆς
3202 5795 3267 5855 Ᾱ.
3351 5795 3417 5834 ’⁸ο
3444 5800 3503 5851 τὸ
