4104 6446
258 430 278 494 1
292 428 399 493 509

1323 428 1859 493 BIBLIOTHECA.
1896 455 1966 465 --
2003 429 2170 493 COD.
2199 430 2521 494 CCXLVII.

3395 434 3532 500 1510

251 544 428 598 κακὸν
467 539 656 613 ήλίκον
679 539 743 593 τὸ
773 538 1001 607 ἀδικεῖν,
1033 538 1086 594 τί
1112 539 1317 595 κωλύει
1350 544 1449 598 καὶ
1477 544 1607 608 τοὺς
1635 542 1836 615 νόμους

1948 542 2153 615 legibus
2189 560 2310 616 qua!
2357 544 2499 600 idem
2550 543 2812 612 sentiunt,
2844 543 3161 615 eXpelletur,
3189 559 3254 601 ac
3282 553 3397 601 tum
3423 547 3550 603 rhe-

253 634 425 689 αύτδν
456 633 502 667 τ’
558 634 809 696 ἅπαντας
867 635 980 697 τοῖς
1013 633 1199 698 αὐτοῖς
1239 633 1453 700 τούτοις
1514 636 1843 707 διαγράφειν

251 730 480 799 λόγοις;
526 726 735 781 ’Δλλ“⁷³
784 725 975 795 ὥσπερ
1025 728 1300 799 ἑταιρείας
1330 729 1840 801 καταγνωσθείσης,

165 861 169 865 ν
258 824 399 895 μετὰ
427 822 525 876 καὶ
554 821 664 875 τῶν
689 819 866 875 ταῦτα
892 820 1353 892 συμὸουλομένων
1378 823 1559 893 νόμων
1587 822 1846 895 ἐξελαθῆ-

256 933 410 970 σεται
431 915 498 969 ⁷⁸.
548 915 661 975 Καὶ⁵
687 914 808 969 τότε
834 916 1130 988 ῥητορικὴν
1157 916 1516 991 ὲκπέμψομεν
1552 918 1650 972 καὶ
1684 935 1828 989 προ-

198 1000 660 1083 πηλακιοῦμεν,
689 1009 819 1062 ὅταν
844 1009 939 1063 καὶ
976 1010 1104 1074 τοὺς
1126 1009 1329 1081 νόμους
1358 1010 1770 1083 [συνεκπέμψαι
1797 1011 1844 1043 ⁷⁵

177 1111 201 1125 τ·
230 1086 440 1164 ’καλῶς
493 1103 625 1172 ἡμῖν
660 1100 782 1175 ἔχῃ]
833 1100 1187 1172 ἐκϐάλλωμεν
1244 1103 1344 1173 τῆς
1383 1102 1596 1166 πόλεως
1627 1100 1724 1155 καὶ
1748 1100 1844 1155 τοῦ

255 1195 400 1267 βίου.
441 1193 605 1259 Ἀλλ’,
632 1187 677 1247 ὦ
706 1193 950 1263 δαιμόνιε
974 1197 1069 1248 καὶ
1098 1195 1273 1248 πάντα
1296 1195 1360 1249 σὺ
1383 1194 1673 1264 Θαυμαστὰ
1693 1193 1845 1264 εὑρί-

261 1303 432 1352 σκων,
476 1286 526 1339 εί
552 1285 721 1355 μηδέν
765 1285 882 1338 ἐστι
913 1285 960 1316 ⁷⁵
992 1286 1227 1356 πρᾶγμα
1247 1284 1309 1339 τὸ
1343 1285 1673 1350 ἀδικεῖσθαι,
1715 1283 1845 1355 μηδ’

255 1379 292 1448 ή
326 1376 486 1431 τοῦτο
512 1376 798 1431 κωλύουσα
849 1376 1084 1447 δύναμις
1139 1376 1368 1448 μηδενὸς
1392 1378 1436 1410 ⁷⁷
1487 1377 1615 1442 ἀξία
1660 1376 1843 1443 λόγου,

259 1469 393 1540 μηδ’
439 1468 615 1523 ὁπόσα
648 1467 763 1521 ἐστι
822 1470 919 1524 καὶ
965 1469 1176 1537 γίνεται
1229 1470 1305 1541 μὴ
1358 1469 1427 1524 δι’
1475 1470 1647 1539 αὐτῆς
1679 1467 1847 1539 μηδὲν

254 1566 519 1637 χρηστὸν,
572 1564 689 1619 ἀλλ’
719 1563 893 1630 οὕτως
941 1565 1140 1635 ἄτιμον
1193 1565 1289 1618 καὶ
1334 1564 1689 1636 ἀνελεύθερον
1717 1562 1845 1616 ὥστ’

256 1654 400 1711 εῖναι
426 1656 613 1729 μόριον
640 1656 927 1720 κολακείας
949 1657 1044 1711 καὶ
1066 1659 1223 1721 σκιᾶς
1252 1655 1320 1721 ⁷⁸,
1339 1656 1435 1710 τοῦ
1459 1657 1621 1729 χάριν
1640 1672 1846 1727 ταυτην

256 1750 483 1814 οἱκίζων
502 1748 601 1819 τὴν
631 1750 690 1802 ἐν
713 1752 779 1820 τῇ
821 1748 990 1819 βίϐλῳ
1022 1749 1182 1802 πόλιν
1214 1748 1479 1819 καθίστης
1519 1749 1657 1820 αὐτῇ
1690 1748 1845 1802 πολι-

256 1842 430 1907 τείαν,
471 1842 563 1910 ἀφ’
597 1837 664 1913 ἦς
694 1841 820 1912 μηδ’
845 1840 1025 1895 ὁτιοῦν
1080 1840 1350 1908 πείσεται,
1391 1842 1486 1894 καὶ
1514 1841 1575 1894 τὸ
1603 1842 1845 1911 μάχιμον

1949 638 2173 693 torieam
2204 637 2522 693 emittemus
2551 650 2616 691 ac
2654 636 3022 703 traducamus,
3050 654 3173 693 cum
3212 639 3355 711 leges
3386 641 3543 694 simul

1944 728 2174 786 honeste
2206 738 2460 800 poterunt
2488 729 2687 784 emitti.
2722 728 2766 785 Ο
2801 730 2884 785 vir
2913 731 3172 800 prmelare
3205 741 3258 786 et
3301 734 3542 787 omnium

1946 823 2197 878 inventor
2241 823 2571 879 mirabilium
2611 838 2818 890 rerum,
2857 824 2902 879 si
2934 825 3133 879 nullius
3166 835 3248 880 est
3284 826 3541 881 momenti

1946 913 2157 984 injuria:
2205 916 2472 985 acceptio,
2524 931 2756 987 qumque
2806 932 2926 972 eam
2985 917 3240 986 prohibet
3289 917 3540 985 facultas,

1947 1008 2147 1063 nullius
2176 1014 2260 1062 est
2302 1009 2575 1077 ponderis,
2608 1024 2707 1063 nec
2742 1010 3037 1079 quidquam
3072 1009 3200 1064 boni
3237 1009 3421 1076 efficit,
3446 1011 3541 1065 sed

1948 1101 2084 1156 adeo
2123 1101 2374 1172 ignobilis
2414 1110 2497 1157 est
2548 1111 2603 1157 et
2646 1102 2927 1157 illiberalis
2976 1112 3036 1157 ut
3081 1103 3403 1158 adulationis
3459 1114 3545 1158 at-

1948 1206 2054 1261 que
2100 1193 2308 1248 umbrae
2352 1192 2425 1249 sit
2472 1194 2731 1264 particula
2764 1212 2778 1249 :
2808 1210 2925 1259 cur,
2980 1194 3232 1261 obsecro,
3270 1206 3325 1250 tu
3381 1196 3547 1249 libra-

1948 1284 2086 1338 riam
2134 1283 2295 1339 istam
2359 1287 2698 1342 constituens
2750 1290 2977 1354 urbem,
3031 1288 3189 1343 talem
3239 1289 3286 1343 ei
3347 1289 3543 1343 tribuis

1948 1378 2335 1447 rempublicam
2360 1393 2482 1449 quas
2513 1380 2643 1434 nihil
2680 1380 2751 1434 illi
2787 1390 2997 1447 noceat,
3036 1396 3099 1436 ac
3126 1380 3411 1436 militarem
3445 1383 3544 1436 tri-

1947 1468 2074 1523 bum
2113 1484 2354 1525 seorsum
2404 1471 2657 1526 collocari
2702 1472 2866 1541 jubes
2911 1475 3089 1545 primo
3137 1476 3277 1539 loco,
3314 1490 3379 1529 ne
3413 1476 3543 1545 quid

1952 1560 2211 1630 patiatur,
2240 1576 2338 1616 nec
2367 1564 2434 1615 ab
2466 1563 2713 1617 hostibus
2748 1563 2999 1630 iniuriam
3032 1566 3308 1634 accipiat?
3335 1565 3467 1619 Nam
3497 1559 3542 1621 si

1949 1654 2052 1708 hoc
2099 1654 2400 1709 sufficiebat
2443 1654 2703 1725 iujuriam
2756 1671 2859 1711 non
2898 1658 3100 1723 facere,
3145 1659 3273 1729 quid
3316 1668 3434 1714 erat
3477 1660 3545 1713 ti-

1947 1745 2199 1800 mendum
2240 1756 2525 1817 postquam
2567 1748 2634 1801 ad
2670 1748 2721 1802 id
2756 1764 2875 1804 eam
2911 1752 3285 1820 praepararas?
3315 1752 3464 1819 Quod
3498 1752 3544 1808 si

1945 1837 2109 1892 etiam
2142 1850 2299 1893 nocet
2330 1838 2584 1908 injuriam
2605 1839 2985 1908 inferentibus,
3016 1843 3058 1898 si
3091 1857 3280 1913 poenas
3309 1862 3413 1900 non
3450 1846 3545 1902 de-

257 1931 430 2003 χωρὶς
452 1932 560 1984 τῶν
579 1910 1031 2002 ἄλλων-ἱδρῦσθαι
1065 1930 1335 1995 κελεύεις,
1362 1929 1530 2002 τιμὴν
1560 1910 1662 2000 τήν
1690 1910 1845 2001 πρώ-

1950 1926 2152 1992 derint,
2178 1942 2243 1983 ac
2268 1927 2427 1983 debet
2451 1930 2682 1999 quisque
2714 1933 3011 1987 secundum
3040 1910 3186 1987 tuam
3214 1936 3540 1990 sententiam

259 2041 366 2096 την
389 2025 647 2089 ἀποδοὺς,
691 2024 779 2077 ἴνα
803 2024 931 2095 μήτι
960 2023 1107 2095 πάθῃ
1139 2024 1262 2094 μηδ’
1284 2024 1330 2057 ⁷⁸
1377 2023 1483 2076 ὑπό
1530 2039 1694 2077 τινων
1731 2023 1847 2077 ἀδι-

258 2118 406 2189 κηθῇ
471 2118 784 2189 πολεμίων;
824 2119 887 2172 El
936 2118 1046 2189 γάρ
1090 2117 1385 2189 ὲξήρκει⁸⁰
1438 2116 1513 2188 μὴ
1544 2116 1769 2180 ἀδικεῖν,
1795 2116 1848 2170 τί

257 2210 526 2275 δέδοικας,
580 2213 630 2263 εί
693 2211 831 2282 πρὸς
860 2210 1018 2265 τοῦτό
1059 2210 1107 2264 τ’
1137 2210 1309 2281 αὐτὴν
1333 2209 1755 2280 παρεσκεύασας
1776 2210 1844 2277 δίς

260 2304 311 2356 εί
342 2302 400 2356 δὲ
427 2303 492 2372 δὴ
519 2302 564 2334 ⁸³
597 2304 693 2356 καὶ
718 2306 898 2374 χεῖρον
928 2303 1041 2365 τοῖς
1071 2301 1374 2369 ἀδικοῦσιν,
1399 2303 1528 2354 ὅταν
1558 2300 1633 2372 μὴ
1662 2301 1847 2355 διδῶσι

258 2394 442 2464 δίκην,
496 2395 592 2448 καὶ
629 2395 736 2466 χρὴ
786 2394 851 2465 δὴ
896 2395 1041 2448 κατὰ
1069 2393 1116 2425 ⁸³
1156 2392 1217 2445 σὲ
1249 2394 1343 2447 καὶ
1369 2395 1535 2447 αὐτὸν
1567 2393 1614 2426 ⁸⁵
1648 2391 1845 2448 ἑαυτοῦ

262 2486 594 2556 κατήγορον,
614 2486 742 2538 ὅταν
766 2485 1021 2557 ἀδικήσῃ,
1045 2482 1296 2552 γίνεσθαι
1323 2484 1418 2536 καὶ
1448 2483 1658 2537 παίδων
1679 2483 1725 2515 ⁸⁸
1754 2481 1849 2535 καὶ⁹

261 2577 475 2647 πατρὸς
500 2574 693 2640 αὐτοῦ,
746 2576 871 2638 τοὺς
930 2574 977 2628 δ’
1012 2574 1248 2646 ἐχθροὺς
1291 2574 1407 2645 ὲᾷν,
1433 2572 1487 2626 τί
1514 2573 1575 2625 ού
1614 2572 1849 2643 συνεύχῃ

260 2672 377 2732 τοῖς
399 2668 680 2740 πολεμίοις
708 2667 964 2722 ἐπελθεῖν
998 2668 1095 2722 καὶ
1118 2666 1302 2720 λαϐεῖν
1333 2666 1432 2737 τὴν
1461 2666 1637 2729 πόλιν,
1666 2666 1762 2720 καὶ
1782 2666 1848 2736 νὴ

263 2760 367 2814 Δία
396 2760 523 2821 τοὺς
562 2760 662 2829 μὲν
684 2759 742 2811 ὲν
777 2758 964 2831 ἡλικία
991 2760 1200 2821 πάντας
1218 2755 1551 2826 κατακόψαι,
1576 2756 1851 2809 καὶταῦτα

263 2852 406 2923 πρὸς
432 2854 545 2917 τοῖς
569 2851 795 2922 βωμοῖς,
825 2851 1024 2912 παῖδας
1044 2849 1102 2903 δὲ
1159 2848 1254 2903 καὶ
1287 2850 1553 2918 γυναῖκας
1597 2847 1853 2916 ἐξανδρα-

264 2945 597 2999 ποδίσασθαι
620 2945 765 3015 πέρα
793 2944 863 3011 ⁸⁸,
897 2946 946 2997 εί
977 2943 1177 3014 βούλει,
1210 2942 1506 3014 Γαδείρων,
1535 2941 1604 2994 τὰ
1629 2941 1689 2995 δὲ
1730 2941 1852 3011 ίερὰ

267 3039 609 3109 συλήσαντας
630 3036 986 3106 κατασκάψαι
1015 3037 1216 3099 πάντα,
1274 3035 1350 3105 μὴ
1402 3034 1578 3087 λιπεῖν
1621 3033 1678 3086 δὲ
1712 3032 1852 3102 μηδὲ

267 3136 398 3199 τοὺς
435 3135 641 3205 τάφους
696 3131 906 3197 άθὼους
951 3134 1052 3205 τῆς
1099 3130 1310 3185 ἑαυτῶν
1350 3126 1665 3193 πλεονεξίας
1686 3128 1754 3193 ⁸⁷,
1787 3128 1853 3181 ἵν’

1951 2022 2117 2075 etiam
2142 2021 2381 2091 seipsum
2407 2036 2531 2077 cum
2564 2024 2818 2094 injuriam
2845 2025 2990 2091 fecit,
3017 2041 3296 2093 accusare,
3327 2039 3382 2084 et
3413 2029 3546 2085 libe-

1948 2125 2040 2165 ros
2062 2120 2117 2164 et
2152 2122 2403 2180 parentes
2438 2113 2608 2183 ipsos,
2642 2116 2862 2171 omissis
2917 2117 3193 2174 inimicis:
3228 2120 3356 2191 quin
3388 2128 3545 2191 Optas

1948 2210 2009 2255 ut
2055 2202 2240 2257 hostes
2284 2202 2482 2276 4161)
2537 2207 2725 2261 urbem
2757 2210 2996 2278 aggressi
3044 2213 3261 2282 capiant
3310 2213 3445 2286 (85),
3480 2230 3546 2269 ac

1948 2291 2095 2347 viros
2142 2293 2360 2362 quidem
2413 2309 2603 2350 omnes
2654 2298 2721 2349 ad
2769 2311 2893 2353 aras
2943 2301 3236 2367 trucident,
3285 2304 3546 2359 mulieres

1949 2392 2129 2439 autem
2179 2400 2300 2439 cum
2332 2385 2520 2441 liberis
2549 2388 2791 2455 captivas
2823 2388 2963 2445 ultra
2993 2389 3192 2457 Gades,
3225 2392 3270 2449 si
3305 2396 3543 2464 videtur,

1950 2476 2265 2542 divendant,
2292 2477 2505 2546 templis
2534 2493 2664 2533 vero
2695 2480 2937 2549 spoliatis
2959 2485 3138 2537 omnia
3171 2485 3410 2551 diruant,
3439 2503 3541 2543 nec

1950 2569 2036 2625 vel
2069 2570 2317 2640 sepulcra
2348 2585 2462 2626 suae
2495 2573 2808 2641 petulantia:
2841 2575 3151 2645 relinquant
3182 2579 3460 2647 expertia;
3488 2589 3547 2633 ut

1950 2670 2238 2732 postquam
2290 2663 2555 2719 maximas
2602 2664 2833 2720 fecerint
2876 2667 3135 2737 injurias,
3189 2671 3241 2725 in
3292 2673 3548 2728 maximis

1951 2754 2063 2809 sint
2111 2754 2291 2820 malis,
2340 2755 2467 2809 dum
2514 2768 2705 2826 pinnas
2751 2774 2855 2813 non
2912 2761 3110 2818 luunt?
3164 2761 3545 2820 Verumtamen

1954 2853 2163 2900 tantum
2214 2847 2371 2902 abest
2426 2856 2486 2903 ut
2547 2849 2650 2905 ista
2712 2856 2964 2919 studeas,
3026 2864 3083 2908 ut
3131 2856 3452 2925 prohibeas,
3493 2865 3551 2912 et

1955 2937 2236 3006 impedias,
2270 2938 2550 3010 vitamque
2596 2940 2913 3008 militarem,
2949 2959 3015 2999 ne
3045 2946 3173 3015 quid
3223 2945 3376 3001 ﬁeret
3419 2946 3546 3011 tale,

1955 3027 2257 3085 institueris
2284 3048 2300 3086 :
2331 3045 2398 3087 ac
2429 3032 2473 3087 si
2506 3033 2627 3102 quis
2671 3034 2947 3090 exstiterit
2977 3037 3242 3105 proditor,
3270 3054 3393 3094 eum
3438 3054 3547 3094 non

1949 3121 2108 3190 jubes
2154 3124 2406 3178 coronari
2455 3139 2555 3180 nec
2608 3126 2927 3194 praedicari,
2982 3129 3076 3183 sed
3128 3130 3269 3183 idem
3325 3131 3389 3185 de
3429 3132 3547 3201 ipso

267 3228 631 3299 ἀδικήσαντες
661 3225 729 3279 τὰ
754 3226 989 3297 μέγιστα
1016 3226 1076 3277 ὲν
1105 3226 1218 3286 τοῖς
1246 3223 1524 3294 μεγίστοις
1572 3220 1638 3288 δὴ
1664 3221 1846 3287 κακοῖς

1956 3214 2099 3282 quod
2132 3215 2223 3268 alii
2252 3217 2469 3271 statuis.
2506 3217 2624 3281 Dic,
2654 3233 2751 3289 per
2779 3216 2966 3276 Jovem
2998 3222 3386 3293 prodigiosum,
3420 3224 3550 3293 quid

266 3315 395 3386 ὦσι,
420 3295 508 3391 ’μὴ
529 3319 712 3382 δόντες
730 3295 906 3387 δίκην.
946 3316 1111 3370 Ἀλλὰ
1135 3314 1392 3368 τοσοῦτον
1420 3312 1649 3383 ἀπέχεις
1681 3311 1776 3365 τοῦ
1805 3311 1846 3343 ⁸⁸

1962 3306 2117 3361 nobis
2150 3308 2216 3361 de
2250 3309 2398 3364 hisce
2426 3318 2508 3364 est
2550 3312 2971 3368 existimandum
2997 3314 3020 3369 ?
3049 3314 3168 3370 Jam
3204 3331 3322 3386 age,
3352 3331 3384 3371 o
3410 3318 3550 3371 boue

269 3411 444 3465 ταῦτα
474 3410 876 3480 συμπράττειν,
938 3407 1079 3460 ὥστε
1133 3406 1364 3468 κωλύεις
1392 3404 1487 3458 καὶ
1524 3403 1637 3472 βίον
1661 3403 1718 3457 ὲν
1740 3403 1846 3465 τοῖς

1960 3400 2064 3463 vir,
2102 3397 2245 3469 leges
2267 3414 2371 3469 qua
2397 3401 2462 3455 de
2492 3416 2654 3457 causa
2684 3412 2832 3459 tanto
2868 3421 3094 3462 numero
3130 3409 3356 3464 seorsim
3393 3410 3552 3465 nobis

267 3504 456 3566 ὅπλοις
479 3501 745 3573 εὕρηκας,
787 3500 875 3553 ῖνα
907 3502 983 3570 μή
1041 3515 1094 3552 τι
1128 3497 1369 3551 τοιοῦτον
1393 3497 1438 3528 ⁸⁸
1469 3498 1713 3565 γένοιτο·
1752 3492 1846 3547 κᾶν

1962 3487 2114 3544 fers!
2142 3489 2355 3545 Etenim
2387 3492 2492 3546 nisi
2539 3508 2792 3564 maguum
2825 3497 3079 3566 quiddam
3113 3509 3198 3556 est
3237 3515 3426 3571 pinnas
3458 3516 3551 3556 su-

265 3612 354 3657 τις
367 3594 659 3663 ἐγγένηται
677 3592 965 3665 προδότης,
991 3590 1182 3644 τοῦτον
1195 3591 1257 3643 οὐ
1281 3588 1583 3659 στεφανοῦν
1608 3586 1846 3649 κελεύεις

1963 3593 2112 3634 mere
2155 3589 2211 3633 et
2259 3580 2487 3648 injurias
2530 3584 2840 3651 prohibere,
2871 3601 2969 3641 cur
3011 3586 3116 3643 ista
3150 3604 3361 3657 narras,
3390 3600 3444 3647 et
3490 3599 3551 3645 ut

267 3687 393 3740 οὐδὲ
431 3685 724 3757 κηρύττειν
753 3685 822 3751 ⁸ο,
863 3683 999 3737 ἀλλὰ
1048 3682 1222 3737 ταύτὰ
1264 3684 1380 3745 τοῖς
1412 3679 1602 3742 ἄλλοις
1630 3675 1846 3747 νομοθέ-

1965 3684 2124 3725 nemo
2154 3671 2207 3726 in
2246 3672 2381 3727 urbe
2408 3672 2656 3740 laedatur,
2685 3676 2878 3730 caves?

267 3804 391 3850 ταις
436 3786 565 3857 περὶ
597 3784 813 3839 πούτων
837 3784 1099 3855 νομίζεις.
1138 3782 1274 3835 Εἰπὲ
1300 3783 1373 3847 ³³,
1407 3778 1533 3852 [678
1573 3779 1663 3852 ΙΙ.]
1721 3778 1856 3849 πρὸς
1894 3775 2017 3839 Διὸς
2041 3774 2349 3847 τεραστίου,
2372 3776 2425 3828 τί
2456 3778 2564 3849 χρὴ
2596 3780 2725 3850 περὶ
2752 3777 2960 3833 τούτων
3016 3780 3168 3851 ἡμᾶς
3204 3781 3446 3849 νομίζειν
3470 3780 3548 3848 ⁹¹;

267 3875 399 3944 εῐεν,
427 3872 473 3932 ὧ
501 3880 738 3946 γενναῖε*
763 3876 961 3945 νόμους
979 3874 1035 3928 δὲ
1050 3875 1115 3945 δὴ
1138 3873 1231 3927 τοῦ
1256 3874 1564 3944 χάρινήμῖν
1586 3871 1772 3941 ὲτίθης
1806 3872 1891 3937 ⁹³;
1934 3869 1999 3923 Εἰ
2032 3869 2164 3940 γὰρ,
2202 3862 2247 3922 ὧ
2279 3872 2401 3935 τὰν,
2445 3870 2507 3922 τὸ
2544 3871 2701 3941 δίκην
2733 3870 3031 3941 λαμϐάνειν
3069 3872 3164 3924 καὶ
3216 3872 3276 3925 τὸ
3328 3870 3404 3942 μὴ
3458 3872 3553 3942 ὲᾷν

264 3975 473 4028 ἀδικεῖν
497 3972 595 4043 οὐχ
626 3971 684 4024 ἓν
708 3988 758 4024 τι
779 3968 889 4022 τῶν
921 3966 1223 4022 σπουδαίων
1249 3962 1338 4039 ἦν,
1359 3966 1454 4019 τοῦ
1487 3967 1649 4038 χάριν
1679 3964 1852 4020 ταῦτα
1890 3962 2257 4036 πραγματεύῃ
2280 3965 2349 4033 ’⁸,
2385 3965 2480 4018 καὶ
2502 3966 2723 4028 σκοπεῖς
2739 3964 2886 4028 ὅπως
2920 3965 3111 4035 μηδείς
3182 3963 3306 4037 [που
3371 3967 3418 4000 ³⁸
3442 3965 3551 4019 τῶν

267 4068 329 4120 ὲν
353 4068 419 4135 τῇ
460 4061 633 4134 πόλει]
659 4062 1007 4132 ἀδικήσεται;

343 4162 453 4214 Καὶ
489 4159 600 4230 μὴν
625 4159 671 4191 ⁸⁸
694 4161 753 4212 ὲν
781 4160 883 4229 μὲν
911 4153 992 4221 οἷς
1022 4157 1185 4226 ἡμεῖς
1217 4155 1472 4227 λέγομεν,
1512 4156 1743 4218 καὶτοῖς
1764 4153 1846 4208 ἄλ-

2029 4147 2217 4215 Atqui,
2266 4161 2387 4217 quae
2419 4146 2536 4202 ‘nos
2584 4145 2852 4212 dicimus,
2900 4160 2963 4201 ea
3014 4147 3176 4201 simul
3231 4154 3286 4203 et
3332 4146 3451 4203 aliis
3498 4156 3553 4203 et

268 4253 386 4315 λοις
408 4248 701 4304 συνδοκοῦν
740 4251 858 4303 ἐστι
890 4248 989 4302 καὶ
1032 4246 1109 4319 τῷ
1133 4248 1382 4301 Πλάτωνι
1406 4247 1730 4318 πρόσεστινο
1764 4244 1846 4299 ἃδ

1958 4240 2170 4295 Platoni
2206 4240 2491 4306 videntur;
2529 4254 2648 4309 qua:
2670 4254 2799 4295 vero
2842 4240 2930 4295 hic
2962 4240 3060 4305 ait,
3092 4255 3197 4295 non
3234 4241 3395 4295 rebus
3432 4252 3552 4295 latt-

269 4338 429 4407 οὗτος
458 4342 691 4397 ἐνταῦθα
724 4342 968 4414 εἴρηκεν,
1029 4341 1089 4393 οὐ
1168 4341 1333 4412 μόνον
1377 4342 1491 4403 τοῖς
1516 4338 1626 4393 τῶν
1647 4340 1692 4372 ⁸⁷
1721 4354 1846 4409 πρα-

1963 4343 2101 4398 ιυιη,
2133 4334 2229 4388 sed
2261 4342 2317 4387 et
2344 4333 2512 4403 ipsius
2538 4332 2780 4387 Platonis
2807 4333 2988 4388 verbis
3019 4343 3073 4389 et
3109 4333 3355 4389 consiliis
3387 4349 3549 4404 repu-

268 4435 503 4507 γμάτων
527 4434 735 4503 λόγοις,
763 4433 899 4488 ἀλλὰ
922 4433 1143 4497 καὶτοῖς
1161 4431 1325 4487 αὑτοῦ
1353 4431 1846 4501 Πλάτωνοςὲξελέγ‹

1963 4435 2151 4498 gnant.
2189 4428 2261 4483 Ac
2294 4426 2339 4481 si
2368 4426 2456 4480 illa
2492 4426 2709 4495 quidem
2741 4433 2892 4481 recte
2926 4441 2985 4481 se
3011 4426 3211 4482 habere
3235 4428 3549 4483 concedan-

268 4542 429 4597 χεται
481 4525 575 4578 καὶ
641 4524 821 4594 λόγοις
891 4524 987 4579 καὶ
1048 4523 1404 4595 βουλήμασιν.
1452 4523 1708 4577 Ἐκείνων
1756 4523 1846 4595 μὲν

1967 4526 2081 4584 tur,
2113 4518 2341 4572 aliorum
2373 4533 2590 4588 quoque
2621 4520 2891 4575 sententia
2938 4528 2993 4574 et
3031 4518 3343 4588 suffragium
3392 4533 3548 4574 acceo

268 4615 447 4688 ὀρθῶς
470 4615 615 4686 ἔχειν
645 4614 1134 4687 συγχωρουμένων,
1170 4614 1265 4667 καὶ
1287 4615 1320 4683 ἡ
1354 4612 1508 4684 παρὰ
1531 4613 1640 4667 τῶν
1680 4613 1846 4668 ἄλλων

1966 4612 2076 4677 det,
2129 4612 2212 4666 sin
2264 4611 2348 4666 his
2396 4612 2778 4677 assentiamur,
2815 4614 2967 4668 deest
3019 4612 3248 4668 aliorum
3304 4612 3545 4667 omnium

271 4711 548 4780 μαρτυρεῖ
575 4708 703 4776 δόξα
744 4709 838 4761 καὶ
880 4707 1063 4778 ψῆφος
1119 4706 1276 4778 ὀρθή.
1319 4706 1507 4761 Ταῦτα
1550 4706 1607 4760 δὲ
1638 4706 1846 4777 είδοίη-

1967 4696 2229 4761 calculus.
2283 4705 2379 4761 Est
2427 4715 2608 4761 autem
2659 4708 2877 4773 fortius,
2913 4709 3055 4778 quod
3108 4717 3161 4762 et
3195 4708 3447 4764 omnibus
3492 4719 3548 4763 et

272 4818 377 4870 μεν
404 4803 646 4869 κρατεῖν,
676 4800 875 4854 ἄπεστι
894 4798 955 4852 τὸ
975 4797 1177 4870 ὁτῳοῦν
1208 4798 1485 4853 συνδοκεῖν
1507 4797 1617 4852 τῶν
1647 4797 1846 4852 ἄλλων.

1967 4796 2177 4851 Platoni
2223 4798 2458 4866 videtur,
2491 4814 2649 4868 quam
2687 4800 2829 4870 quod
2870 4815 2968 4857 nec
3000 4800 3251 4870 cuiquam
3286 4815 3385 4855 nec
3425 4801 3545 4856 Pla-

271 4892 439 4964 [1256
469 4892 561 4963 3.]
618 4892 988 4963 ’ἰσχυρότερον
1024 4892 1081 4945 δὲ
1137 4891 1199 4945 τὸ
1242 4892 1337 4944 καὶ
1389 4889 1562 4945 ἅπασι
1590 4889 1684 4942 καὶ
1707 4888 1846 4943 Πλά-

1966 4890 2095 4943 ιοηί.
2134 4887 2473 4958 Quapropter
2506 4906 2609 4944 non
2651 4899 2756 4944 tam
2804 4892 2962 4958 lmjus
3026 4891 3390 4945 testimonium
3422 4907 3548 4961 pro-

266 4968 402 5038 τωνι
426 4985 519 5039 τοῦ
560 4985 749 5056 μηδενὶ
794 4986 888 5039 καί
917 4985 1054 5056 μηδὲ
1080 4984 1329 5037 Πλάτωνι
1358 4981 1654 5046 συνδοκεῖν,
1696 4980 1772 5044 ὡς
1805 4980 1846 5013 ⁸⁸

1962 4990 2083 5049 pter
2127 4981 2354 5034 aliorum
2410 4980 2722 5051 suffragium
2775 4982 3075 5054 fugiamus,
3111 4999 3270 5051 quam
3317 4983 3544 5037 aliorum

267 5070 427 5138 οὗτος
484 5074 739 5146 ἀλλαχοῦ.
798 5073 1009 5129 Οὐκοῦν
1060 5075 1123 5127 οὐ
1170 5073 1271 5144 τὴν
1300 5073 1451 5143 παρὰ
1485 5071 1675 5127 τούτου
1713 5088 1846 5143 μαρ-

1965 5073 2276 5128 testimonio
2308 5072 2467 5144 hujus
2499 5074 2816 5145 adjiciemus
2843 5074 3181 5147 suffragium.
3214 5076 3389 5145 Atque
3429 5077 3542 5131 haec

1567 5182 1800 5237 VARIAE
1856 5183 2155 5240 LECTION
2161 5184 2265 5243 ES.

366 5279 408 5312 "
434 5279 620 5351 αὐτὸν]
658 5278 915 5334 αύτῶνΑ.
993 5277 1111 5311 ⁷⁸·’⁶
1133 5277 1249 5351 ἀλλ’
1274 5272 1991 5351 (p1_107j:—_é€_sla0i;osjrgt
2022 5291 2133 5351 om.
2152 5276 2217 5329 Α.
2295 5278 2342 5351 ’(⁸
2374 5276 2933 5351 συνεκπέμψαι-ἔχῃ
2960 5293 3069 5331 om.
3098 5277 3166 5333 A.
3220 5278 3263 5310 ⁷⁸
3288 5281 3403 5351 ἐστι
3434 5292 3546 5332 om.

270 5352 340 5407 Α.
418 5351 536 5382 11.18
568 5334 1027 5419 μῗηδενδς-σκιᾶς
1058 5363 1168 5419 01η.
1199 5334 1311 5419 Α.”
1342 5343 1538 5419 ⁷⁹λμηδ⁹
1558 5334 1671 5419 Δύπό
1705 5334 1867 5419 τινών
1891 5346 2120 5419 ᾀιδικηθῇ
2153 5363 2262 5419 oni.
2287 5347 2377 5419 A.A
2429 5348 2474 5379 ⁸⁰
2505 5334 2723 5417 ἐξαρκεῖ
2749 5351 2813 5403 Α,
2863 5334 3000 5401 vel
3032 5378 3099 5388 —
3129 5347 3550 5419 παρεσκεύασας

270 5439 388 5477 om.
409 5423 476 5475 A.
551 5412 595 5452 δ”
622 5412 685 5488 δὴ
716 5412 836 5473 add.
869 5423 933 5473 A.
993 5420 1040 5450 ⁸³
1066 5418 1169 5488 χρὴ
1194 5418 1257 5487 δὴ
1281 5412 1445 5485 κατὰ]
1472 5412 1731 5488 γρήματα
1754 5417 1818 5470 Α.
1894 5414 1948 5488 ’ξδῄ
1968 5412 2129 5469 αὐτὸν
2158 5416 2378 5488 ἑαυτοῦ]
2411 5419 2575 5471 αὑτοῦ
2605 5412 2669 5473 Ἀ.
2724 5420 2790 5488 7⁸⁸
2815 5419 3018 5472 παίδων
3046 5419 3086 5471 Α
3113 5435 3127 5472 :
3160 5412 3386 5472 παιδίων
3414 5436 3472 5482 ς.

268 5493 389 5526 “'3'
421 5484 971 5575 πέρα-πλεονεξίας]
1002 5484 1578 5587 καῖ’ίερὰπάντοξικοξι
1604 5484 2069 5587 τάφοιίςὶὲυλήῗξε
2089 5488 2185 5540 καὶ
2209 5484 2641 5587 κατασξάιξιὲιιΑ.
2715 5487 3023 5587 ⁸⁸Ατοῦ⁹ριιι
3042 5489 3110 5542 A.
3185 5490 3229 5521 "
3258 5489 3334 5559 μὴ
3366 5486 3545 5581 τοιοῦζ¹

268 5564 362 5587 _1_.
391 5581 438 5587 __
482 5567 504 5587 Α
616 5564 661 5587 un
693 5562 806 5587 -.νει
834 5578 900 5587 .....
917 5576 1124 5587 ..μ--..η
1154 5576 1238 5587 η...
1513 5572 1532 5587 ε
1565 5555 1630 5587 νηὶ
1679 5570 1708 5587 η
2002 5571 2015 5585 ο
2090 5559 2226 5587 ..ληι
2256 5577 2332 5587 ρ...
2438 5577 2466 5587 ..
2525 5577 2592 5587 ..ρ
2620 5576 2704 5587 Α..-
2956 5559 3127 5587 ..-π-η
3152 5557 3541 5587 -.υ-,ηηωι-Λ...

266 5564 363 5617 τόν
390 5581 443 5616 τι
471 5552 537 5615 Ᾰ.
616 5564 661 5595 ⁹⁰
691 5562 809 5614 οὐδὲ
834 5552 1124 5633 κηρύττειν
1153 5552 1262 5633 (fuit.
1295 5558 1361 5610 A.
1388 5629 1397 5633 _
1440 5555 1482 5585 ⁹¹
1512 5552 1656 5633 eius]
1678 5553 1872 5633 p.199:
1950 5552 2592 5633 ⁵²ςξ³Ανομίςεινῗὲτῐθης
2618 5576 2727 5615 om.
2752 5562 2827 5633 A._
2890 5559 3129 5633 “fama
3152 5552 3543 5633 πραγματεύῃῖ

266 5634 471 5706 νόμους
501 5633 777 5703 εἰσφέρεις
818 5623 923 5686 Α.”’
988 5631 1033 5663 ⁸³
1062 5631 1190 5696 που]
1232 5645 1326 5681 σου
1372 5629 1438 5681 Α.
1542 5625 1589 5657 ³⁸
1615 5623 1711 5679 καὶ
1740 5623 1871 5696 μὴν]
1898 5641 1952 5695 p.
1986 5627 2110 5682 ΗΟ.
2155 5623 2168 5629 ’
2215 5630 2261 5662 ⁹⁷
2296 5630 2405 5683 τῶν
2437 5623 2558 5685 (ηυξ
2582 5633 2647 5685 Α.
2721 5632 2766 5664 ⁸⁸
2801 5631 2873 5696 ὡς
2903 5623 3083 5701 οὗτος,

1820 5740 2057 5798 NOTAE.

342 5839 461 5911 (83)
496 5839 713 5909 Direpta
740 5837 892 5892 urbis
922 5834 1109 5891 facies.
1139 5832 1463 5912 Propertius
1494 5847 1560 5912 a_n
1588 5830 1848 5912 Catulus?
2170 5901 2179 5912 _
2219 5900 2252 5912 η

1270 5903 1407 5968 Quid
1437 5904 1636 5968 faciant
1667 5904 1838 5959 hostes
1860 5912 2012 5971 capta
2051 5900 2315 5958 crudelius
2344 5901 2515 5956 urbe?
