4124 6456
536 406 664 473 1511
1717 406 1976 468 PHOTII
2009 406 2128 466 PA']

2228 401 2513 464 iARCH/E
2548 399 2657 463 ΟΡ.
3673 394 3830 460 1512

528 524 744 592 quldem
776 522 939 579 etiam
972 522 1099 579 facti
1143 523 1508 579 testimonium
1541 521 1823 578 continere
1854 520 2098 576 credide-

2228 516 2401 588 πυρίαν
2453 516 2548 569 διὰ
2598 515 2700 587 τὴν
2750 517 2905 584 παρὰ
2930 511 3039 566 τῶν
3072 508 3248 567 ἄλλων
3276 509 3610 581 φευξόμεθα,
3673 512 3829 567 ἀλλὰ

530 618 657 671 rim.
690 615 824 671 Nam
857 618 949 687 qui
996 618 1177 673 verbis
1221 633 1342 673 cum
1373 619 1545 671 altero
1570 617 1901 685 disceptaus,
1936 615 2115 669 verbis

2228 612 2283 679 τῇ
2334 608 2445 662 τῶν
2487 608 2668 664 ἄλλων
2722 605 2822 677 τὴν
2878 604 3032 676 παρὰ
3059 604 3254 659 τούτου
3329 603 3729 675 προσθήσομαι
3750 607 3825 660 θ’.

536 710 658 765 aliis
688 711 1056 764 adversarium
1088 710 1190 765 sibi
1230 711 1373 765 serio
1403 708 1771 765 testimonium
1817 710 1945 761 dare
1979 720 2111 761 cou-

2228 701 2501 772 Ἥγοῦμαι
2532 702 2634 771 μὲν
2666 699 2851 754 τοίνυν
2886 698 2991 751 κάν
3043 698 3258 761 τούτοις
3292 696 3388 763 τὴν
3422 696 3572 768 ἔργῳ
3600 714 3833 768 μαρτυ-

534 800 733 866 lirmat,
782 800 828 855 is
862 800 991 855 iacti
1025 801 1273 868 producit
1305 798 1696 855 testimonium.
1731 796 2114 852 Verumtamen

2228 795 2342 865 ρίαν
2362 793 2721 863 παρέχεσθαι*
2754 792 2818 844 τὸ
2840 790 2971 862 γὰρ⁸
3001 790 3065 861 δὴ
3087 789 3270 860 λόγοις
3289 790 3425 861 πρὸς
3449 788 3646 858 λόγους
3664 792 3830 857 ἀγω-

530 890 697 944 etiam
734 890 959 946 ulterius
995 892 1117 945 volo
1159 890 1432 961 progredi,
1476 898 1534 943 ut
1575 888 1831 958 quoniam
1874 885 2033 941 unius
2063 893 2117 939 et

2228 885 2503 955 νιζόμενον
2557 886 2739 953 λόγοις
2799 884 3008 956 ἑτέροις
3060 883 3376 947 σπουδαίοις
3422 882 3826 953 μαρτυροῦντα

532 983 799 1053 ejusdem,
833 998 955 1037 cum
1004 999 1113 1051 quo
1144 984 1453 1052 disputatur
1482 980 1797 1049 suifragium
1824 978 2036 1049 probat,
2063 985 2119 1033 et

2228 976 2542 1046 ὶποφαίνειν
2599 977 2691 1032 τὸν
2758 978 3056 1033 ἀντίπαλον
3110 976 3216 1048 τὴν
3265 976 3412 1047 ἔργῳ
3467 975 3826 1047 παρέχεσθαι

532 1078 717 1131 verbis
755 1094 877 1130 eum
912 1087 963 1131 ct
1012 1076 1168 1131 factis
1214 1093 1421 1130 mecum
1473 1076 1675 1131 sentire
1704 1076 2002 1130 ostendam.
2036 1071 2115 1125 Tu

2228 1071 2533 1141 μαρτυρίαν
2560 1070 2731 1125 ἐστίν.
2788 1070 2863 1124 Οὐ
2888 1072 2997 1140 μὴν
3026 1069 3145 1124 ἀλλ’
3194 1069 3276 1123 ἔτι
3314 1071 3409 1124 καὶ
3467 1069 3827 1140 προσωτέρω

533 1171 747 1238 quidem
782 1169 1008 1237 hospitis
1041 1170 1368 1240 Syracusani
1398 1168 1701 1222 communis
1732 1166 1920 1236 patriae
1947 1164 2118 1219 hostis

2228 1160 2504 1229 προελθεῖν
2528 1160 2810 1231 βούλομαι,
2861 1160 2968 1224 ἵνα,
3021 1160 3210 1231 ἐπειδὴ
3238 1163 3372 1233 τιμᾷ
3396 1161 3457 1215 τὸ
3478 1161 3578 1215 ἕνα
3606 1160 3822 1229 ἐπιψη-

536 1275 695 1315 causa
748 1277 851 1315 non
893 1260 1080 1326 semel,
1131 1263 1224 1316 sed
1274 1260 1467 1314 iterum
1511 1276 1574 1314 ac
1611 1266 1696 1313 ter
1736 1257 1936 1329 ἀιῚα
1967 1269 2118 1310 mare

2228 1253 2398 1321 φίζειν
2422 1256 2519 1307 καί⁹
2547 1254 2710 1307 αὐτὸν
2738 1254 2874 1325 πρὸς
2905 1253 2964 1307 ὃν
3004 1255 3070 1308 ἂν
3103 1255 3153 1307 οῖ
3187 1253 3338 1323 λόγοι
3362 1254 3691 1323 γίγνωνται,
3717 1253 3822 1306 καὶ

2216 1344 2359 1415 λόγῳ
2375 1347 2471 1398 καὶ
2482 1344 2629 1416 ἔργῳ
2646 1345 2943 1417 σύμψηφον
2964 1347 3095 1402 ὄντα
3116 1348 3281 1401 αὐτόν
3306 1366 3396 1419 μοι
3410 1348 3700 1413 δείξω.Σὺ¹
3718 1350 3824 1416 μὲν

2219 1435 2369 1500 ξένου
2392 1437 2557 1507 χάριν
2592 1438 2982 1509 Συρακουσίου,
2999 1438 3179 1493 κοινοῦ
3192 1440 3293 1508 τῆς
3318 1440 3575 1510 πατρίδος
3586 1438 3819 1509 ἐχθροῦ,

2217 1527 2402 1592 ἐπλεις
2424 1530 2522 1599 οὐχ
2544 1529 2714 1594 ἅπαξ,
2735 1530 2873 1585 ἀλλὰ
2890 1532 2987 1585 καὶ
3002 1531 3083 1595 δὶς
3107 1532 3201 1585 καὶ
3224 1533 3368 1603 τρὶς,
3392 1534 3451 1586 ἒν
3472 1534 3640 1602 γήρᾳ,
3656 1531 3823 1585 πέλας

2216 1637 2312 1688 γος
2340 1622 2615 1690 τοσοῦτον,
2646 1625 2743 1678 καὶ
2770 1625 2848 1695 τῷ
2876 1626 3127 1697 τυράννῳ
3158 1626 3432 1681 συνεῖναι³
3480 1626 3662 1679 δοκεῖν
3710 1626 3817 1678 οὐκ

538 1736 602 1773 ac
636 1720 830 1775 fratres
862 1722 1139 1790 patiantur
1173 1722 1448 1787 injuriam,
1482 1731 1692 1786 caveat,
1723 1731 1779 1777 et
1809 1737 1928 1777 sese
1955 1732 2119 1792 atque

2228 1712 2436 1781 ἔφυγες,
2471 1714 2547 1778 ὡς
2573 1715 2712 1785 ἔχων
2743 1718 3103 1788 παραμυθίαν
3134 1722 3195 1774 τὸ
3229 1722 3417 1791 σχῆμα
3462 1722 3563 1788 τῆς
3605 1721 3824 1793 Erupi-

540 1813 658 1866 illos
698 1823 900 1876 servet,
930 1823 1091 1883 atque
1134 1815 1269 1867 adeo
1317 1824 1603 1885 tyrannum
1637 1812 1877 1869 futurum
1908 1823 1963 1869 et
1992 1812 2118 1867 Dio-

2228 1805 2319 1876 ὗῆς
2339 1845 2354 1869 ,
2383 1805 2412 1857 ὃ
2438 1805 2651 1860 Δίωναδ
2682 1809 2866 1876 μένειν
2896 1811 3036 1864 οῖκοι
3077 1813 3170 1865 καὶ
3207 1813 3342 1883 τῆς⁸
3373 1813 3564 1876 οὐσίας
3593 1815 3822 1882 κρατεῖν

540 1906 695 1975 nysio
750 1905 981 1959 similem
1043 1904 1216 1974 possit
1275 1906 1591 1974 reprimere,
1644 1906 1929 1975 verbisque
1975 1905 2116 1960 facta

2228 1894 2311 1969 ἢν.
2342 1899 2453 1971 Τὴν
2482 1899 2527 1953 δ’
2550 1900 2715 1953 αὑτοῦ
2758 1918 2843 1964 τις
2882 1902 3051 1956 οἰκῶν
3085 1905 3182 1957 καὶ
3223 1879 3337 1967 τοῖς
3364 1904 3532 1958 αὑτοῦ
3567 1879 3823 1965 πολίταις

536 1368 699 1407 senex
732 1354 1041 1423 navigabas.
1078 1351 1184 1407 Nec
1217 1352 1430 1422 tyranni
1468 1353 1914 1407 consuetudinem
1942 1348 2117 1417 fugie-

536 1443 652 1503 bas,
689 1444 841 1511 quasi
877 1458 1040 1497 mora:
1076 1452 1368 1513 prmlextus
1398 1453 1449 1496 te
1478 1442 1871 1506 consolaretur,
1901 1454 2008 1510 quo
2035 1441 2114 1492 vi-

534 1535 727 1589 delicet
771 1536 866 1589 Dio
890 1537 1033 1590 domi
1070 1545 1336 1600 maneret,
1375 1551 1438 1591 ac
1478 1536 1640 1590 rebus
1682 1536 1794 1589 suis
1824 1534 2115 1589 frueretur.

538 1627 594 1682 Si
621 1629 743 1695 quis
771 1638 949 1682 autem
982 1629 1035 1682 in
1076 1644 1171 1682 sua
1220 1629 1391 1697 patria
1423 1643 1493 1683 ne
1521 1629 1667 1684 cives
1696 1630 1805 1694 sui,
1836 1639 2116 1699 parentes,

539 2011 816 2060 coercere,
857 2007 913 2051 et
946 1997 1153 2067 legibus
1198 2008 1410 2067 partam
1446 1998 1795 2054 securitatem
1834 1999 1973 2068 apud
1999 2013 2120 2054 om-

541 2103 638 2143 nos
663 2088 1007 2154 conﬁrmare,
1056 2090 1189 2143 nihil
1234 2106 1353 2145 eum
1403 2090 1582 2146 facere
1639 2091 1815 2159 magni
1860 2092 2123 2154 dicemus.

542 2197 641 2236 nec
684 2182 1024 2236 laudabimus
1072 2182 1255 2247 talem,
1303 2183 1418 2236 sive
1464 2184 1555 2248 sit,
1605 2184 1719 2239 sive
1767 2199 1873 2238 non
1902 2184 1993 2251 sit,
2037 2199 2125 2238 ars

542 2273 804 2327 dicenda?
832 2274 912 2327 Au
949 2272 1073 2342 quia
1126 2272 1238 2327 sola
1283 2273 1493 2341 iujurize
1524 2273 1687 2328 factio
1726 2289 1978 2345 magnum
2008 2281 2128 2329 erat

544 2364 767 2431 malum,
788 2365 989 2418 nullum
1013 2374 1190 2419 autem
1215 2366 1494 2435 acceptio?
1524 2366 1636 2433 Ego
1657 2366 1856 2421 elenim
1884 2381 1982 2420 nec
2016 2368 2127 2435 ipse

544 2459 645 2511 hoc
680 2457 889 2511 Platoni
937 2458 1151 2513 crimini
1185 2471 1358 2525 verto,
1407 2460 1451 2514 si
1522 2461 1589 2514 de
1639 2474 1803 2514 causa
1836 2460 2027 2529 quavis
2071 2461 2126 2514 in

546 2549 784 2602 Siciliam
814 2550 1085 2617 proﬁcisci
1117 2549 1306 2615 voluit,
1334 2565 1434 2605 uec
1476 2549 1523 2604 si
1559 2551 1681 2620 quis
1723 2551 1774 2603 id
1805 2550 1942 2604 alius
1969 2550 2125 2619 obje-

545 2640 718 2705 cerit,
764 2656 957 2696 sarium
1005 2641 1373 2708 crediderim,
1432 2656 1531 2696 nec
1576 2642 1801 2696 omnino
1832 2641 2127 2711 quidquam

545 2742 746 2801 praeter
786 2750 847 2788 ea
896 2750 1016 2804 qum
1059 2736 1128 2790 ad
1184 2751 1294 2791 rem
1345 2735 1617 2804 pertinent
1665 2736 1879 2789 curiose
1924 2744 2127 2798 sector,

545 2824 978 2893 quandoquidem
1028 2825 1230 2879 nullum
1277 2824 1414 2879 tanti
1451 2826 1520 2880 sit
1552 2826 1793 2880 victoria:
1822 2826 2127 2893 praemium.

547 2915 653 2969 Sed
678 2930 740 2969 ca
770 2931 888 2984 qua:
920 2915 1046 2971 fecit
1081 2917 1217 2986 ipse,
1245 2926 1299 2971 et
1330 2932 1435 2987 qua
1467 2917 1534 2971 de
1564 2931 1730 2972 causa
1774 2916 1966 2971 fecerit
1987 2916 2132 2972 clare

545 3009 702 3072 dixit,
738 3024 835 3077 pro
867 3009 1141 3065 rhetorica
1192 3010 1372 3065 facere
1411 3010 1640 3069 aﬂirmo.
1673 3010 1929 3077 Quiuimo
1956 3025 2133 3079 quan-

546 3107 660 3157 tum
705 3100 1007 3155 fortitudini
1043 3102 1356 3171 prudentia,
1390 3110 1601 3157 tantum
1633 3102 1900 3157 rhetorica
1930 3102 2133 3157 bellicte

2224 1990 2321 2043 καὶ
2344 1990 2565 2059 γονεῦσι
2601 1993 2695 2046 καὶ
2719 1993 2971 2063 ἀδελφοῖς
2998 1995 3049 2048 εί
3076 1996 3177 2066 τὴν
3204 1997 3353 2060 ὅπως
3396 1996 3474 2065 μὴ
3506 1997 3821 2067 ἀδικήσων-

2222 2098 2313 2133 ται
2340 2082 2585 2153 φυλακὴν
2610 2082 2743 2154 ἔχοι,
2779 2086 2876 2138 καὶ
2906 2086 3069 2150 σώζοι
3096 2086 3191 2141 καὶ
3216 2086 3440 2151 τούτους
3473 2088 3568 2140 καὶ
3597 2086 3818 2147 ἑαυτὸν,

2225 2175 2322 2228 καί⁸
2350 2175 2416 2243 νὴ
2462 2176 2560 2229 Δία
2589 2193 2652 2244 γε
2683 2178 2732 2231 εί
2764 2176 2912 2231 τοῦτ’
2944 2179 3078 2232 αὐτὸ
3122 2180 3388 2249 τύραννον
3436 2179 3657 2234 ἔσεσθαί
3695 2197 3822 2234 τινα

2228 2266 2492 2333 μέλλοντα
2519 2269 2613 2321 καὶ
2647 2269 2909 2339 Διονυσίῳ
2940 2272 3269 2341 προσόμοιον
3294 2264 3404 2334 οἶός
3433 2289 3493 2325 τε
3520 2272 3608 2341 εῖη
3637 2273 3822 2326 κωλῦ-

2228 2375 2341 2424 σαι,
2376 2360 2472 2412 καὶ
2519 2359 2853 2429 παρελέσθαι
2885 2360 3029 2433 λόγῳ
3058 2363 3158 2427 τὰς
3204 2363 3456 2433 πράξεις,
3494 2364 3590 2418 καὶ
3618 2366 3724 2433 τὴν
3756 2366 3819 2417 ὲκ

2225 2450 2334 2503 τῶν
2377 2450 2559 2520 νόμων
2609 2452 2796 2509 ἄδειαν
2851 2455 3062 2509 ἆπασι⁶
3114 2454 3434 2525 βεϐαιῶσαι,
3464 2456 3639 2510 ἔπειτ’
3664 2457 3821 2510 οὐδὲν

2230 2544 2517 2599 σπουδαῖον
2545 2546 2691 2600 τοῦτ’
2712 2541 2853 2601 εἶναι
2881 2549 3150 2619 φήσομεν,
3184 2551 3295 2603 οὐδ’
3316 2553 3564 2604 ἐπαινεῖν
3592 2551 3701 2621 χρὴ
3722 2550 3823 2620 τὴν

2227 2638 2484 2706 τοιαύτην
2533 2638 2644 2693 εἴτε
2694 2640 2892 2711 τέχνην
2921 2642 3031 2695 εἴτε
3068 2642 3201 2713 μηδὲ
3232 2642 3428 2715 τέχνην
3458 2644 3670 2697 είπεῖν¹1
3701 2644 3819 2707 δεῖς

2231 2730 2354 2785 Ὅτι
2382 2731 2448 2802 νὴ
2478 2732 2577 2785 Δία
2601 2731 2659 2784 ἓν
2694 2732 2837 2801 μέγα
2871 2732 3015 2786 τοῦτ’
3044 2729 3113 2804 ἦν
3132 2735 3154 2766 ⁸
3183 2735 3370 2801 κακὸν,
3403 2736 3466 2788 τὸ
3498 2736 3730 2798 ἀδικεῖν,
3763 2736 3824 2788 τὸ

2228 2820 2285 2875 δὲ
2317 2822 2621 2876 ἀδικεῖσθαι
2672 2823 2909 2892 πρᾶγμα.
2953 2823 3318 2891 οὐδέν.Ἐγὼ⁹
3359 2825 3471 2895 γὰρ
3512 2822 3627 2877 οὔτ’
3655 2823 3826 2887 αὐτὸς

2230 2914 2557 2986 ὲπέγκλημα
2612 2914 2677 2985 δή
2735 2917 2898 2969 πουω
2941 2914 3102 2969 τοῦτο
3156 2915 3440 2987 ποιοῦμαι,
3474 2917 3529 2969 εῖ
3581 2933 3675 2969 ποι
3730 2918 3826 2969 καὶ

2230 3005 2481 3058 ὁπωσοῦν
2505 3005 2798 3076 ᾠήθηιδεῖν
2828 3008 2907 3072 είς
2935 3006 3185 3061 Σικελίαν
3216 3009 3440 3062 Πλάτων
3469 3007 3649 3061 ἐλθεῖν
3673 3010 3827 3081 ἡστι-

2232 3098 2423 3153 νοσοῦν
2468 3100 2632 3153 ἕνεκα
2664 3099 2863 3164 αίτίας,
2911 3099 3026 3155 οὗθ’
3053 3102 3203 3165 ὅστις
3252 3102 3412 3167 ἄλλος
3455 3103 3726 3174 προφέρει
3773 3121 3827 3156 τι

548 3202 768 3259 praestat
817 3192 1106 3248 alacritati.
1164 3193 1234 3249 Ut
1285 3195 1431 3250 enim
1487 3196 1796 3251 summatim
1848 3194 2127 3258 dicamus,

2234 3188 2473 3243 τοιοῦτον
2504 3184 2561 3242 εὖ
2591 3192 2811 3261 φρονεῖν
2844 3191 3107 3261 ἠγοῦμαι,
3137 3191 3253 3246 οὗθ’
3275 3191 3415 3256 ὅλως
3457 3192 3563 3257 ἔξω
3591 3193 3705 3246 τῶν
3747 3196 3826 3254 εἰς

554 3282 689 3335 nihil
721 3293 805 3337 est
857 3284 1001 3338 aliud
1040 3286 1306 3341 rhetorica
1355 3301 1518 3355 quam
1565 3286 1849 3354 prudentia
1882 3300 2004 3339 cum
2050 3284 2132 3339 fa-

547 3372 749 3427 cultate
773 3374 985 3430 dicendi
1022 3375 1345 3446 conjuncta;
1373 3386 1431 3431 ut
1469 3392 1577 3431 non
1612 3377 1729 3447 ipse
1770 3384 1982 3431 tantum
2012 3376 2135 3446 quis

548 3463 749 3530 optima
786 3479 1012 3536 qumque
1052 3466 1253 3531 facere,
1302 3470 1396 3522 sed
1441 3470 1607 3525 etiam
1647 3471 1770 3526 aliis
1811 3474 2136 3541 persuadere

550 3556 741 3624 possit.
771 3556 951 3626 Atque
983 3558 1098 3614 haec
1133 3561 1352 3629 quidem
1384 3562 1549 3616 etiam
1586 3563 1720 3617 satis
1750 3565 1987 3618 arbitror
2013 3578 2137 3618 esse

550 3646 893 3713 confirmata,
925 3649 1008 3701 vel
1043 3650 1206 3702 etiam
1260 3650 1424 3706 nimis
1470 3650 1727 3706 fortasse.
1773 3651 1927 3707 Nunc
1954 3663 2134 3707 autem

552 3739 618 3790 all
671 3738 841 3806 ipsum
897 3740 1275 3809 colophonem,
1322 3752 1379 3795 ut
1424 3744 1548 3811 quis
1592 3743 1807 3807 dixerit,
1850 3744 2136 3799 verborum

551 3830 791 3885 Platonis
819 3832 1106 3886 contendo.
1143 3831 1253 3888 Nec
1296 3834 1439 3888 enim
1476 3834 1651 3888 solum
1698 3850 1763 3889 ex
1798 3834 1862 3890 iis
1894 3850 1991 3904 per
2020 3850 2139 3904 qua:

555 3925 840 3986 rrl‘utatur,
878 3924 1018 3978 idem
1046 3940 1169 3979 cum
1217 3925 1401 3979 testari
1436 3928 1740 3993 ostendam,
1772 3928 1866 3983 sed
1900 3937 1955 3982 et
1985 3928 2140 3997 quasi

2235 3280 2327 3333 τὸν
2365 3280 2521 3350 λόγον
2559 3282 2804 3352 ἡκόντων
2832 3284 2983 3337 οὐδὲν
3012 3284 3448 3355 περιεργάζομαι
3471 3300 3485 3315 ·
3525 3287 3601 3355 μὴ
3632 3286 3827 3339 τοσούο

2235 3374 2386 3425 τουίί
2424 3374 2593 3443 μηδὲν
2638 3374 2790 3441 ἄξιον
2831 3375 3034 3430 εστω¹²
3064 3378 3402 3447 νικητήριον.
3424 3378 3561 3431 Ἀλλ’
3588 3378 3628 3433 ἃ.
3665 3381 3833 3444 αὐτὸς

2236 3463 2440 3536 ἔπραξε
2470 3467 2566 3520 καὶ
2596 3465 2633 3520 ὃ.
2659 3466 2820 3521 τίνων
2848 3466 3051 3539 ἔπραξε
3076 3469 3238 3538 χάριν
3266 3470 3429 3534 αὐτὸς
3453 3470 3713 3543 καθαρῶς
3743 3473 3826 3523 εἷς

2239 3573 2398 3626 ρηκε,
2425 3557 2600 3611 ταῦτα
2630 3560 2949 3626 πμὸαίνειν
2982 3561 3126 3631 φημὶ
3154 3564 3267 3625 τοῖς
3313 3561 3454 3631 ὑπὲρ
3478 3562 3580 3632 τῆς
3605 3566 3833 3634 ῥητορι-

2237 3650 2341 3718 κῆς
2368 3650 2566 3717 λόγοις.
2599 3651 2765 3704 Kal"
2801 3652 2907 3722 μὴν
2935 3652 3102 3722 ac...“
3130 3652 3347 3707 κάλλιον
3366 3654 3409 3685 ¹⁵
3440 3655 3706 3726 φρόνησις
3737 3659 3834 3709 av.-

2235 3740 2441 3812 δρείας,
2469 3742 2709 3813 τοσούτῳ
2728 3744 2772 3774 ¹⁶
2806 3744 3070 3815 ῥητορικὴ
3094 3745 3192 3815 τῆς
3221 3745 3364 3798 κατὰ
3396 3745 3633 3816 πόλεμον
3664 3747 3832 3817 eaq/,-

2238 3832 2382 3903 χίας.
2442 3833 2505 3886 Ei
2571 3834 2681 3905 γὰρ
2729 3834 2810 3888 δεῖ
2857 3836 3149 3890 συνελόντα
3195 3838 3371 3891 εἰπεῖν
3401 3876 3419 3903 ,
3477 3838 3635 3892 οὐδέν
3681 3842 3831 3893 ἐστιν

2239 3925 2366 3980 ἄλλο
2407 3926 2674 3997 ῥητορικὴ
2717 3926 2749 3997 ἢ
2786 3929 3049 3997 φρόνησις
3077 3927 3251 3995 λόγων
3280 3928 3510 3999 δύναμιν
3540 3931 3833 3999 προσειλη-

554 4032 736 4068 curam
768 4031 896 4070 voce
926 4032 1020 4071 sna
1047 4018 1419 4073 testimonium
1448 4020 1621 4074 daret.
1652 4018 1992 4090 Quapropter
2016 4036 2128 4075 cum

2243 4020 2396 4087 φυῖα,
2423 4017 2496 4081 ὼς
2517 4019 2560 4049 ¹⁷
2597 4019 2671 4088 μὴ
2711 4019 2871 4089 μόνον
2902 4020 3025 4090 [679
3049 4020 3142 4093 Η.]
3170 4023 3330 4087 αὐτὸς
3357 4022 3532 4092 ἕρδειν
3559 4023 3628 4075 τὰ
3660 4022 3833 4093 βέλτι-

553 4108 634 4161 vel
672 4107 877 4185 laedere
904 4118 1078 4179 cogat,
1113 4110 1195 4165 vel
1230 4111 1347 4165 laedi
1386 4112 1688 4181 permittat,
1718 4122 1773 4167 et
1804 4122 1860 4167 ut
1907 4129 1974 4168 ex
2006 4130 2128 4182 pra:-

2244 4126 2368 4176 στα,
2410 4109 2549 4163 ἀλλὰ
2592 4110 2687 4165 καὶ
2718 4110 2938 4182 ἑτέρους
2967 4112 3175 4165 πείθειν
3215 4112 3328 4182 ἔχοι
3348 4114 3410 4167 ³⁸.
3429 4114 3699 4183 Ἠγοῦμαι
3736 4115 3834 4183 μὲν

553 4201 869 4257 cedentibus
896 4214 977 4257 est
1007 4202 1279 4264 ell‘ectum,
1318 4220 1418 4258 nec
1458 4204 1649 4259 itedere
1677 4220 1775 4259 nec
1802 4205 1919 4259 laedi
1949 4221 2128 4276 quem-

2241 4198 2419 4252 τοίνυν
2444 4200 2483 4232 ¹⁹
2514 4200 2607 4253 καὶ
2662 4199 2836 4254 ταῦτα
2889 4201 3101 4263 πίστεις
3153 4203 3346 4264 ἱκανὰς
3394 4203 3539 4274 ἔχειν
3567 4205 3667 4274 τῆς
3700 4204 3835 4271 ἀληο

558 4306 719 4359 quam
755 4293 1031 4359 permittat
1060 4312 1072 4347 :
1100 4294 1372 4361 siquidem
1403 4294 1591 4347 eadem
1641 4307 1725 4348 est
1771 4294 1935 4349 etiam
1968 4294 2128 4363 philu-

2245 4290 2417 4355 θείας,
2446 4291 2495 4344 εί
2532 4291 2607 4361 μὴ
2640 4292 2733 4345 καὶ
2769 4290 2988 4353 πλείους
3037 4291 3145 4363 ἄρα
3193 4294 3301 4345 τῶν
3350 4294 3581 4348 ἱκανῶν·
3631 4290 3747 4364 εἶμι
3778 4293 3835 4345 δ’

553 4381 754 4449 sophia:
806 4383 1051 4436 deﬁnitio
1082 4423 1096 4445 ,
1154 4384 1444 4452 philophia:
1494 4385 1762 4452 quoddam
1821 4399 1991 4454 genus
2039 4386 2128 4440 eril

2244 4381 2333 4435 ἐπ’
2364 4382 2525 4436 αὑτὸν
2557 4383 2660 4454 ἤδη
2685 4382 2777 4436 τὸν
2810 4383 3091 4453 κολοφῶνα
3119 4384 3210 4438 τοῦ
3229 4387 3276 4417 ¹⁰
3310 4386 3618 4452 Πλάτωνος,
3654 4385 3727 4447 ὡς
3769 4386 3832 4438 ἄν

555 4473 855 4541 rhetorica;
894 4476 974 4526 sin
1002 4475 1339 4544 philosophia
1361 4472 1555 4530 sullicit
1580 4484 1637 4529 ut
1664 4476 1933 4532 nemiuem
1964 4477 2128 4544 laadat,

2246 4494 2329 4538 τις
2356 4477 2523 4542 εῖποι,
2556 4478 2817 4549 ῥημάτων
2836 4480 2903 4534 ³⁸.
2933 4482 3009 4534 υύ
3041 4481 3150 4551 γὰρ
3186 4481 3344 4551 μόνον
3371 4482 3430 4546 ἐξ
3456 4475 3529 4535 ὧν
3553 4481 3833 4550 ἐλέγχεται

553 4560 842 4627 perfectior
876 4570 957 4615 est
988 4561 1274 4615 rhetorica.

2253 4568 2519 4639 βούλομαι
2582 4571 2818 4640 φανῆναι
2877 4573 3262 4644 μαρτυροῦντα
3313 4574 3495 4637 αὑτὸν,
3544 4574 3681 4627 ἀλλὰ
3740 4576 3835 4636 καὶ

549 4654 742 4738 ῶσπερ
766 4653 830 4706 ἂν
857 4655 904 4705 εί
934 4655 1027 4707 καὶ
1063 4653 1347 4724 παραστὰς
1376 4655 1537 4719 αὐτὸς
1566 4655 1867 4726 ἐμαρτύρει
1898 4659 1965 4729 τῇ
2000 4659 2198 4715 ἑαυτοῦ
2227 4666 2401 4735 φωνῇ.
2427 4663 2691 4717 Οὐκούν²¹
2725 4665 2803 4718 ὅτ’
2859 4666 2906 4697 ⁸³
2936 4667 3145 4722 ἀδικεῖν
3209 4669 3308 4738 μὲν
3364 4668 3466 4721 οὐκ
3524 4668 3838 4737 ἐπηνάγκσρ

552 4731 665 4809 ξεν,
693 4745 993 4799 ἀδικεῖσθαι
1036 4748 1080 4800 δ’
1109 4750 1209 4801 οὐκ
1239 4750 1323 4819 ἑᾷ,
1359 4748 1432 4811 ὡς
1481 4748 1526 4801 δ’
1556 4749 1620 4804 ὲκ
1656 4748 1746 4802 τοῦ
1800 4749 1958 4820 λόγου
2008 4753 2346 4821 συνέϐαινεν,
2374 4756 2655 4827 οὐδέτερον
2701 4757 2906 4812 τούτων
2949 4761 3034 4829 ἑᾷ,
3093 4760 3203 4816 οὔτ’
3272 4763 3478 4815 ἀδικεῖν
3540 4761 3658 4815 οὔτ’
3722 4761 3836 4813 ἁδι-

552 4840 850 4906 κεῖσθαιυι,
880 4842 927 4891 εἰ
963 4840 1059 4910 μὲν
1092 4841 1185 4894 καὶ
1231 4842 1333 4911 τῆς
1376 4841 1696 4911 φιλοσοφίας
1737 4845 1765 4897 ὁ
1799 4844 1960 4906 αὐτός
1989 4846 2139 4900 ἐστιν
2176 4847 2324 4916 ὄρος,
2359 4847 2647 4919 φιλοσοφία
2670 4867 2751 4914 τις
2791 4846 2925 4905 οὖσα
2957 4853 2989 4923 η
3031 4853 3293 4926 ῥητορικὴ
3325 4855 3602 4924 φαίνεται’
3671 4856 3719 4908 εἱ
3778 4854 3835 4907 δὲ

553 4933 777 5002 ἐξαρκεῖ
825 4935 890 5003 τῇ
942 4933 1232 5006 φιλοσοφίᾳ
1282 4935 1403 5005 μηδ’
1429 4936 1473 4967 ’⁸
1500 4936 1730 4998 ἀδικεῖν,
1771 4936 1804 5006 ἡ
1855 4936 2121 5008 ῥητορικὴ
2158 4939 2510 5012 τελεώτερον.

624 5025 819 5097 4171)
857 5026 986 5092 Quis
1034 5027 1176 5080 enim
1210 5028 1376 5081 nescit
1410 5026 1734 5080 rhetoricam
1786 5041 1816 5078 a
1858 5028 2128 5097 tyrannidi

2316 5032 2470 5094 Τίς²⁶
2504 5032 2670 5103 γὰρ¹⁷
2698 5035 2799 5089 οὐκ
2839 5028 2979 5089 οἶδεν
3025 5036 3106 5090 ὅτι
3142 5036 3410 5108 ῥητορικὴ
3445 5037 3540 5091 καὶ
3573 5042 3837 5108 τυραννὶς

556 5127 764 5170 tantum
821 5117 1022 5172 distare
1073 5130 1333 5186 quantum
1390 5133 1420 5171 a
1470 5118 1523 5171 vi
1582 5117 2038 5185 persuasionem?
2090 5134 2128 5173 a1

2242 5124 2497 5177 τοσοῦτον
2545 5125 2796 5195 ἀλλήλων
2831 5130 3188 5200 κεχώρισται,
3223 5132 3345 5184 ὅσον
3391 5131 3486 5185 τοῦ
3533 5132 3743 5185 πείθειν
3781 5136 3837 5184 τὸ

557 5209 674 5262 haec
717 5223 872 5261 nemo
919 5211 1189 5263 contraria
1232 5210 1412 5263 dicere
1457 5210 1752 5264 verebitur.
1790 5209 2003 5266 Etenim
2049 5217 2128 5283 qu

2243 5217 2525 5288 βιάζεσθαι
2553 5236 2568 5286 ;
2602 5220 2827 5274 Ἀλλὰ¹⁸
2862 5223 2968 5294 μὴν
3004 5223 3180 5278 ταῦτά
3209 5242 3271 5293 γε
3305 5225 3480 5288 οὐδεὶς
3510 5226 3657 5279 ἐστιν
3682 5226 3740 5289 ὃς
3774 5227 3838 5279 ἂν

558 5299 672 5355 llcri
710 5308 891 5369 potest
912 5311 968 5354 ut
994 5312 1239 5357 oratores
1268 5303 1471 5372 pariter
1496 5310 1550 5356 et
1575 5301 1885 5370 adulcutur,
1924 5313 1978 5359 et
2006 5305 2128 5360 inte]

2254 5310 2352 5381 τὴν
2395 5311 2645 5367 ἐναντίαν
2686 5313 2849 5382 φύσιν
2899 5315 3071 5371 είπὼν
3102 5316 3249 5389 ἔχειν
3279 5318 3597 5389 αἰσχυνθείη
3614 5319 3680 5374 ¹⁹.
3707 5319 3840 5383 ,Πῶς

1880 5494 2114 5551 ἾΑΒΙΑΞ
2158 5496 2571 5555 LECTIONES.

627 5598 673 5688 ξ’
708 5598 1087 5688 προσθήσομαι
1111 5603 1323 5688 ριῐι.ηΑτ
1400 5607 1549 5688 ξγὰρ
1579 5622 1690 5688 om.
1715 5607 1791 5688 Αἒ
1860 5607 2088 5688 ’.συῌλ
2130 5610 2276 5688 111.Δ
2359 5613 2381 5643 ³
2410 5614 2648 5688 συνεῖναι
2677 5614 2724 5668 Α
2748 5614 2862 5688 ιβιδ
2880 5617 3116 5688 συνεῖναι
3145 5634 3208 5681 ς.
3305 5615 3327 5647 ⁸
3356 5614 3518 5669 Δίωνι
3542 5632 3601 5688 ς.

558 5683 674 5765 om;
705 5671 769 5721 Α.
833 5670 887 5748 ,⁸
937 5672 1161 5765 «dealt.
1200 5670 1695 5765 ..7-€i7ts_§\{0il‘1.‘A.
1745 5678 1792 5765 ,ἲ
1825 5670 2073 5765 sobrii}?
2104 5682 2315 5765 curae,
2383 5682 2605 5765 “’"E‘YL‘QJ
2660 5702 2723 5765 pr.
2767 5684 2889 5738 118,
2963 5688 3042 5765 ..ιο
3284 5701 3394 5740 οη),
3431 5689 3498 5765 ᾼ,
3551 5670 3840 5765 ’¹¹.τοσοᾴ;

703 5742 953 5824 τοσούτου
976 5742 1035 5793 ού
1052 5742 1116 5795 Λ.
1199 5744 1240 5775 ⁸³
1257 5744 1417 5811 ἔστω]
1439 5750 1495 5811 ἐς
1512 5751 1570 5801 τὸ
1602 5750 1668 5802 Α.
1745 5749 1788 5780 ¹³
1811 5750 1905 5802 καὶ
1938 5742 2066 5829 μὴν]
2100 5766 2149 5819 p.
2181 5751 2303 5805 192.
2383 5752 2427 5784 ’⁸
2452 5742 2561 5823 ὅσὶρ
2588 5742 2628 5808 λ
2652 5742 2675 5809 τ’
2698 5756 2797 5808 ὅσα
2823 5772 2883 5817 ς.
2963 5756 3004 5789 ³³
3031 5742 3267 5810 καλλίων
3284 5760 3348 5809 Α.
3426 5758 3469 5789 ¹⁶
3496 5756 3751 5808 τοσοῦτον
3780 5760 3841 5809 Α.

625 5879 643 5891 .
682 5815 1198 5893 ἢως--εχοιιοιηί-Ᾱ.
1353 5818 1554 5893 τοίνυν]
1578 5819 1669 5893 οὖν
1857 5820 1901 5850 ²⁰
1928 5838 2022 5893 του
2061 5838 2172 5877 om.
2389 5823 2433 5854 ¹¹
2471 5827 2671 5893 ῥήματι
2700 5826 2761 5877 Α.
2842 5826 3128 5890 ²¹ούκοῦν]
3154 5844 3205 5893 p.
3242 5828 3364 5881 124.
3441 5828 3561 5860 ⁸⁸⁸³³⁵
3582 5826 3844 5881 ὅτ’σνάδια

625 5879 643 5891 .
702 5842 961 5879 uls—ulva
990 5842 1099 5867 um.
1135 5842 1198 5867 τι.
1353 5842 1554 5886 τοινυν]
1578 5842 1669 5872 ουν
1696 5842 1758 5872 Α.
1858 5842 1900 5850 ’⁷
1928 5842 2022 5873 του
2061 5842 2172 5877 om.
2212 5842 2279 5894 Α.
2392 5842 2433 5854 ⁵·
2471 5842 2671 5895 ρηματι
2700 5842 2761 5877 Α.
2843 5842 2886 5857 "
2908 5842 3128 5890 ouxOUVJ
3154 5844 3205 5893 ρ.
3242 5842 3364 5881 124.
3442 5842 3474 5860 ¹⁴

559 5877 772 5931 κεισθαι
798 5894 909 5935 om.
945 5881 1011 5937 A.
1088 5886 1133 5917 ⁸⁸
1167 5888 1281 5958 μηδ·
1311 5889 1433 5946 add.
1466 5891 1531 5943 Α.
1608 5891 1654 5922 ⁸⁸
1683 5890 1787 5960 τίς]
1826 5906 1879 5960 p.
1914 5892 2037 5949 125.
2114 5895 2155 5927 ’⁷
2191 5893 2320 5965 γὰρ]
2348 5894 2391 5946 δ’
2424 5895 2488 5949 Α.
2557 5896 2685 5930 ⁴⁸·¹⁹
2712 5895 3234 5964 ἀλλὰ-αίσχυνθείη
3265 5913 3375 5957 om.
3407 5899 3474 5954 Α.

3698 5616 3720 5649 ³
3748 5615 3843 5683 τῆς
