4104 6392
599 342 737 407 1515

596 522 869 579 rhetorica
892 533 947 577 et
974 522 1328 593 rhetorilms.]

596 616 681 671 Ea:
730 616 981 671 Aristidis
1011 625 1193 669 contra
1224 614 1499 669 Platonem
1534 632 1627 683 pro
1659 616 1915 667 rhetorica
1959 613 2089 684 (Si).
2120 645 2189 653 —

936 686 1253 741 Proazmium
1284 688 1526 738 secunda:
1547 686 1818 738 orationis.

664 776 933 843 Quoniam
979 790 1107 829 vero
1163 773 1455 827 Miltiadem
1508 788 1722 842 quoque
1783 786 1845 826 ac
1878 771 2187 827 Themisto—

600 869 761 934 clem,
802 880 855 923 et
883 866 1163 923 Cimonem
1201 875 1362 935 atque
1401 864 1666 921 Periclem
1693 864 1889 933 attigit,
1924 880 2023 918 nec
2094 878 2188 919 eos

593 962 837 1015 omnium
870 961 1072 1028 optime
1093 960 1477 1029 rempublicam
1530 958 1604 1012 ait
1634 958 2066 1022 administrasse,
2103 961 2185 1010 ni-

594 1052 670 1104 hil
730 1050 963 1104 fortasse
996 1065 1137 1101 nunc
1173 1049 1239 1101 de
1265 1047 1331 1101 iis
1363 1062 1497 1116 opus
1526 1046 1982 1101 estcoutenderc.
2047 1045 2183 1098 Nam

593 1142 648 1195 hi
674 1140 914 1208 quidem,
948 1141 991 1193 si
1015 1154 1141 1193 vere
1174 1154 1267 1191 eos
1316 1139 1595 1192 accusavit
1628 1137 1803 1204 Plato,
1839 1140 2032 1192 merito
2058 1137 2183 1191 mali

592 1242 936 1295 censeantur,
1006 1246 1107 1284 nec
1146 1242 1321 1283 tamen
1356 1229 1657 1295 rhetorica,
1692 1230 1901 1284 etiamsi
1962 1230 2182 1299 pessimi

598 1324 820 1385 l'uerint,
859 1324 911 1377 in
944 1338 1213 1390 quoquam
1267 1322 1552 1377 refutatur.
1595 1320 1777 1391 Itaque
1802 1322 2051 1390 quamvis
2081 1321 2185 1375 hoc

593 1414 976 1480 concedamus,
1036 1414 1167 1467 nihil
1226 1423 1403 1467 tamen
1460 1411 1675 1482 injuria:
1724 1412 1817 1467 fiet
1872 1413 2177 1466 rhetoricae.

597 1504 983 1560 Verumtamen
1038 1504 1083 1558 si
1136 1504 1203 1557 de
1241 1503 1325 1558 his
1379 1518 1591 1573 quoque
1626 1519 1730 1556 non
1771 1503 1905 1557 satis
1953 1502 2181 1555 candide

602 1598 817 1651 locutus
862 1595 1027 1650 fuisse
1082 1595 1461 1659 com'incatur,
1523 1594 1745 1650 omnino
1810 1596 2181 1650 contentiosus

597 1705 718 1745 esse
739 1688 1559 1759 deprehendetur.Quamobrem
1584 1690 1649 1742 de
1670 1689 1752 1743 his
1772 1703 1987 1757 quoque
2002 1688 2182 1744 dicere

589 1783 660 1837 sit
680 1796 857 1851 operae
878 1782 1130 1849 pretium.

656 1959 973 2029 Exemplum
1028 1959 1126 2027 ipsi
1167 1958 1290 2014 aliis
1356 1960 1631 2027 patientia:
1701 1958 1752 2011 in
1797 1957 2051 2026 periculis
2120 1967 2172 2010 et

590 2052 1006 2106 necessitatibus
1071 2051 1394 2104 exhibendae
1459 2058 1673 2104 nosmet
1718 2048 2031 2116 praebendo,
2078 2062 2173 2101 no-

584 2156 885 2211 stramque,
917 2142 962 2197 si
993 2142 1175 2197 dicere
1195 2142 1485 2211 permittis,
1514 2142 1764 2195 virtutem
1789 2141 2171 2195 demonstran-

585 2238 654 2291 do
681 2234 902 2289 fuimus.
934 2234 1044 2288 Cur
1068 2249 1201 2301 ergo
1228 2234 1384 2289 nobis
1418 2232 1777 2287 adulatiOnem
1815 2242 1869 2285 et
1924 2231 2172 2284 ministe-

582 2328 725 2380 rium
758 2326 985 2395 objicis?
1012 2325 1121 2380 Cur
1151 2340 1273 2379 cum
1305 2338 1420 2388 eos,
1462 2324 1550 2391 qui
1587 2323 1839 2393 privatim
1870 2324 2174 2377 nutricatus

585 2415 806 2481 praemia
860 2428 970 2467 non
1022 2412 1316 2477 solverent,
1354 2412 1626 2480 improbos
1685 2413 1760 2465 sis
1790 2412 2170 2481 iudicaturus,

587 2508 704 2577 ipse
735 2521 840 2560 non
868 2520 1116 2575 magnam
1143 2505 1296 2559 nobis
1317 2504 1621 2559 communis
1648 2504 1958 2559 Graecorum
1986 2505 2175 2561 salutis

586 2613 652 2654 ac
684 2598 1000 2653 nutrimenti
1036 2636 1050 2661 ,
1075 2597 1214 2666 quod
1244 2610 1405 2666 Opera
1437 2605 1618 2651 nostra
1652 2597 1845 2666 partim
1868 2605 1943 2661 tu,
1976 2598 2174 2665 partim

585 2691 675 2745 alii
706 2691 759 2746 in
798 2690 1050 2745 libertate
1079 2690 1213 2745 estis
1256 2689 1551 2754 consecuti,
1594 2689 1825 2759 gratiam
1852 2688 2051 2760 4181)
2092 2706 2176 2745 re-

584 2782 822 2851 pendis?
847 2781 971 2837 Haec
1025 2781 1070 2837 si
1101 2782 1349 2836 dicerent
1380 2780 1455 2835 illi
1486 2795 1752 2849 quosnam
1802 2782 2054 2837 evolvens
2087 2798 2175 2838 sa-

585 2874 805 2943 pientiae.
836 2873 1199 2945 labyrinthos,
1242 2882 1336 2927 aut
1384 2871 1512 2941 quid
1567 2873 1789 2928 omnino
1842 2874 2050 2939 dicens,
2087 2890 2173 2929 re-

586 2967 855 3036 spondere
892 2966 1125 3035 posset?
1165 2964 1417 3031 Quinimo
1451 2964 1610 3018 citius
1662 2963 1728 3018 ad
1784 2966 1899 3020 haec
1945 2966 2121 3035 quivis
2158 3005 2174 3031 ,

587 3073 750 3127 quam
778 3058 951 3123 Plato,
1014 3058 1390 3125 responderet.
1422 3054 1560 3121 Quid
1596 3056 1711 3109 ita?
1741 3056 2007 3122 Quoniam
2034 3058 2084 3111 in
2113 3058 2176 3112 iis

1759 340 2022 402 PHOTII
2060 339 2568 401 PATRIARCHIE
2590 341 2700 403 CP.

674 450 884 527 [Prima
918 468 1032 527 nate
1052 452 1227 527 oratio
1252 450 1423 527 solum
1459 451 1524 506 de
1554 450 1853 513 rhetorica,
1892 462 2089 504 cmtera
2123 450 2190 504 de
2216 453 2269 512 Α

3742 344 3857 409 1516

2363 449 2610 556 ['O‘pa‘sv1L
2624 450 2859 556 013610;
2898 451 3041 534 ᾗπερ
3072 455 3373 556 pri-rexpth
3406 454 3565 556 μόνον
3583 450 3698 556 ira"
3728 452 3858 522 οὗτος

2292 520 2649 592 δείκαὶύπὲρ
2679 523 2977 593 ῥητορικῆς
3004 520 3099 575 καὶ
3129 520 3270 591 ύπὲρ
3301 526 3552 594 ρητόρων
3583 520 3679 597 “.]

2305 610 2406 665 Ἐκ
2435 612 2553 685 ζῶν
2586 614 2943 681 Ἀριστείδου
2970 615 3120 682 πρὸς
3150 615 3441 669 Πλάτωνα
3469 618 3625 683 ὑπὲρ
3640 620 3859 685 ῥητορι-

2397 681 2532 749 κῆς.
2564 713 2636 721 -
2674 685 2744 737 Τὸ
2771 681 3090 753 Προοίμιον
3118 686 3225 740 τοῦ
3254 686 3538 754 δευτέρου
3566 681 3771 757 λέγω.

2361 771 2517 825 Ἐπεὶ
2559 772 2615 825 δὲ
2666 774 2759 827 καὶ
2809 773 3100 827 Μιλτιάδου
3145 777 3237 829 καὶ
3285 775 3720 845 Θεμιστοκλέους
3748 778 3858 832 καθ-

2289 858 2465 930 ήψατο
2495 861 2591 914 καὶ
2624 860 2880 930 Κίμωνος
2910 863 3002 914 καὶ
3036 863 3385 932 Περικλέους,
3411 865 3471 917 ού
3502 864 3643 935 πρὸς
3667 866 3730 918 τὸ
3757 865 3859 936 βέλ-

2287 967 2470 1005 τιστον
2501 950 2725 1022 φάσκων
2756 954 3058 1023 προστῆναι
3089 955 3186 1023 τῆς
3217 955 3446 1018 πόλεως,
3476 956 3593 1010 ἐστι
3643 958 3745 1026 μὲν
3782 954 3859 1011 οὖν

2291 1040 2420 1104 ῐσως
2454 1041 2609 1094 ούδὲν
2632 1046 2956 1112 κατεπεῖγον
2984 1046 3112 1115 περὶ
3138 1044 3345 1098 τούτων
3376 1046 3473 1099 νῦν
3497 1046 3856 1117 διαφέρεσθαι.

2288 1128 2449 1186 Οὗτοι
2475 1134 2574 1203 μὲν
2600 1135 2729 1204 γὰρ,
2758 1137 2806 1187 εί
2831 1136 3013 1189 δίκαια
3040 1138 3266 1191 Πλάτων
3293 1138 3476 1192 αὐτῶν
3500 1140 3856 1209 κατηγόρηκε,

2286 1223 2510 1287 δικαίως
2542 1226 2608 1278 ἂν
2638 1226 2830 1294 φαῦλοι
2856 1227 3163 1297 νομίζοιντο
3181 1229 3226 1259 ⁸⁸
3249 1244 3263 1259 ο
3300 1229 3570 1301 ῥητορικὴ
3595 1230 3678 1292 δὲ,
3710 1232 3758 1282 εί
3780 1232 3860 1283 καὶ

2286 1317 2504 1371 πάντων
2522 1318 2564 1348 ⁸⁷
2627 1318 3064 1388 μοχθηροτάτους
3121 1319 3344 1385 τούτους
3406 1322 3670 1393 θείημεν,
3728 1323 3859 1375 οὐδὲν

2288 1408 2489 1477 μᾶλλον
2544 1408 2844 1478 ἐλέγχεται.
2880 1410 3314 1481 Συγχωρούντων
3371 1411 3472 1481 μὲν
3525 1410 3621 1463 οὖν
3680 1410 3856 1479 ἡμῶν·

2286 1499 2449 1571 [1260
2480 1500 2573 1573 1L]
2604 1503 2631 1555 ὃ
2664 1518 2728 1570 γε
2759 1502 2899 1572 ὑπὲρ
2932 1504 3228 1573 ῥητορικῆς
3272 1504 3373 1557 ούκ
3414 1504 3667 1557 ἀπόλωλε
3698 1505 3859 1572 λόγος.

2284 1589 2347 1641 El
2375 1589 2433 1642 δὲ
2469 1590 2533 1661 δὴ
2582 1591 2675 1643 καὶ
2725 1590 2856 1661 περὶ
2888 1590 3093 1644 τούτων
3124 1593 3402 1662 ἐλέγχοιτο
3428 1594 3491 1645 ού
3526 1594 3861 1648 παντάπασιν

2282 1678 2641 1749 εὐγνωμόνως
2686 1680 2763 1751 τῷ
2803 1680 2946 1751 λόγῳ
2981 1683 3342 1751 κεχρημένος,
3375 1686 3627 1754 πανταχῆ
3660 1683 3860 1755 δειχθή-

2208 1811 2249 1867 B
2285 1788 2438 1825 σεται
2484 1772 2825 1839 φιλονεικῶν.
2857 1774 3018 1827 Τοῦτ’
3049 1775 3165 1827 ἐστι
3211 1774 3490 1845 προύργου
3522 1776 3585 1827 τὸ
3620 1778 3713 1829 καὶ
3746 1779 3861 1849 περὶ

2275 1864 2483 1918 τούτων
2522 1866 2717 1921 εἰπεῖν.

2350 1955 2515 2009 Αὐτοὶ
2536 1957 2580 1987 ⁷⁸
2619 1957 2968 2027 παράδειγμα
2996 1958 3111 2021 τοῖς
3136 1956 3315 2020 ἄλλοις
3338 1958 3615 2027 γινόμενοι
3639 1958 3736 2012 τοῦ
3759 1959 3860 2022 πῶς

2274 2045 2354 2098 δεῖ
2391 2050 2703 2119 καρτερεῖν,
2726 2052 2783 2102 ὲν
2812 2051 2993 2113 αὐτοῖς
3013 2052 3124 2113 τοῖς
3154 2049 3345 2113 δεινοῖς
3385 2052 3482 2103 καὶ
3516 2052 3637 2113 ταῖς
3666 2051 3859 2120 ἀκμαῖς
3958 2045 3967 2057 ’

2274 2138 2383 2192 τῶν
2419 2139 2682 2194 κινδύνων
2712 2140 2810 2213 τὴν
2845 2143 3124 2213 ἡμετέραν
3157 2142 3357 2208 αὐτῶν,
3382 2144 3432 2195 εί
3462 2147 3771 2214 συγχωρεῖς
3793 2146 3861 2196 εί-

2275 2232 2419 2299 πεῖν,
2454 2232 2657 2303 ἀρετὴν
2710 2234 3170 2305 ἐπιδεικνύμενοι.
3212 2236 3276 2287 Τί
3326 2234 3418 2287 οὖν
3471 2236 3606 2305 ἡμῖν
3662 2236 3858 2307 προφέο

2280 2338 2391 2391 ρεις
2409 2323 2451 2354 ⁸⁸
2475 2322 2768 2377 κολακείαν
2789 2325 2882 2377 καὶ
2903 2324 3200 2389 διακονίαν,
3228 2324 3320 2377 καὶ
3350 2325 3477 2387 τοὺς
3506 2324 3617 2394 ίδία
3648 2325 3861 2393 τροφεῖα

2280 2413 2354 2485 μὴ
2382 2413 2692 2478 ἐκτίνοντας
2715 2416 2949 2485 φαύλους
2975 2416 3041 2470 ἂν
3066 2412 3206 2469 εἶναι
3234 2418 3529 2486 συμφήσας
3557 2416 3724 2477 αὐτὸς
3744 2418 3861 2483 ἡμῖν

2275 2505 2335 2557 οὐ
2384 2506 2556 2577 καλὴν
2597 2506 2754 2577 χάριν
2790 2508 3019 2570 ἐκτίνεις
3069 2510 3168 2577 τῆς
3219 2508 3404 2577 κοινῆς
3450 2508 3561 2559 τῶν
3599 2506 3861 2576 Ἐλλήνων

2278 2598 2550 2668 σωτηρίας
2576 2600 2669 2651 κοιλ⁹
2694 2600 2925 2670 τροφῆς,
2955 2600 3021 2669 ἣν
3053 2600 3116 2652 σύ
3153 2617 3210 2652 τε
3247 2602 3342 2652 καὶ
3370 2601 3416 2652 οί
3446 2600 3599 2653 ἄλλοι
3631 2600 3701 2653 δι’
3728 2602 3863 2669 ἡμᾶς

2278 2689 2334 2741 ὲν
2366 2690 2647 2761 ἐλευθερίᾳ
2676 2692 2971 2762 τέτραφθε.
3009 2693 3071 2744 El
3122 2692 3295 2744 ταῦτα
3333 2692 3542 2760 λέγοιεν
3571 2694 3621 2745 οἱ
3657 2692 3860 2762 ἄνδρες,

2279 2781 2463 2843 ποίους
2497 2780 2851 2852 λαϐυρίνθους
2883 2782 3072 2851 σοφίας
3102 2784 3393 2836 ἀνελίττων
3420 2784 3451 2852 ῆ
3479 2784 3531 2836 τί
3560 2783 3740 2851 λέγων
3760 2783 3863 2835 τῶν

2278 2871 2496 2924 πάντων
2543 2867 2652 2936 οἶός
2697 2890 2755 2926 τε
2802 2875 2999 2941 γένοιτ’
3027 2874 3093 2927 ἂν
3146 2876 3460 2940 ἁντειπεῖνς
3502 2878 3646 2929 [list
3694 2876 3863 2928 τοίνυν

2279 2963 2563 3031 προτέροις
2613 2965 2731 3017 ἐστὶ
2778 2966 2933 3034 λόγος
2964 2966 3102 3036 πρὸς
3138 2966 3373 3019 ταῦτα⁷⁰
3406 2968 3438 3037 ἢ
3471 2968 3743 3021 Πλάτωνι.
3773 2966 3865 3019 Διὰ

2277 3053 2365 3119 τίς
2394 3054 2537 3106 ὅτιτί
2572 3056 2629 3108 ὲν
2656 3056 2840 3119 αὐτοῖς
2874 3058 3084 3121 τούτοις
3128 3057 3163 3112 ὃ.
3197 3058 3332 3130 πρὸς
3363 3060 3489 3122 τοὺς
3536 3059 3740 3121 Δίωνος
3782 3060 3867 3126 γέ-

587 3150 743 3219 ipsis,
777 3164 897 3219 quae
931 3149 997 3202 ad
1034 3148 1221 3203 Dionis
1248 3147 1451 3201 amicos
1475 3149 1716 3217 scripsit,
1787 3160 1840 3203 et
1872 3150 1923 3203 in
1979 3150 2177 3219 quibus

2280 3162 2493 3215 γραφεν
2521 3146 2793 3216 ἑταίρους,
2825 3148 2918 3201 κα)¹
2946 3151 3002 3200 ὲν
3033 3144 3115 3212 οἷς
3145 3150 3173 3202 ὁ
3198 3150 3337 3203 Δίων
3371 3150 3523 3222 αύτῷ
3554 3151 3867 3219 τετελευτη-

586 3253 835 3296 mortuus
865 3244 932 3295 ab
966 3243 1080 3309 ipso
1106 3242 1205 3295 Dio
1254 3240 1499 3309 loquens,
1543 3249 1800 3309 tanquam
1824 3241 1976 3296 vivus
2002 3244 2173 3297 intro-

589 3336 825 3399 ducitur,
862 3334 975 3388 hmc
1002 3335 1368 3389 continentur.

665 3428 756 3482 Est
787 3435 968 3481 autem
1026 3427 1265 3481 omnium
1324 3427 1801 3491 absurdissimum,
1849 3430 1992 3497 quod
2048 3442 2173 3482 cum

591 3519 677 3574 his
706 3528 911 3581 utatur,
945 3518 1163 3586 quando
1190 3518 1513 3572 rhetoricam
1566 3519 1722 3573 docet
1752 3534 1871 3573 esse
1903 3518 2170 3571 adulatio-

587 3626 732 3672 nem,
779 3611 933 3678 quasi
985 3610 1036 3662 hi
1072 3607 1277 3663 fuerint
1304 3620 1579 3675 oratores,
1633 3624 1851 3664 rursum
1906 3624 2001 3664 eos
2059 3610 2174 3677 ipse

590 3702 911 3755 adulatione
970 3700 1191 3769 liberat,
1244 3704 1685 3772 quandoquidem
1746 3703 1847 3757 hac
1901 3716 1996 3756 eos
2045 3717 2172 3757 usos

587 3808 696 3847 non
735 3791 833 3859 ait,
890 3807 1013 3847 cum
1054 3794 1121 3846 de
1171 3793 1575 3848 calamitatibus
1623 3793 1867 3862 ipsorum
1911 3792 2171 3863 loquitur.

584 3884 927 3952 Quapropter
947 3892 1000 3936 et
1034 3882 1121 3937 hic
1154 3883 1208 3937 in
1246 3883 1506 3937 alterutro
1535 3884 1777 3937 cernitur
1806 3882 2168 3937 mendacium.

585 3975 720 4029 Nam
763 3977 808 4031 si
838 3974 1077 4030 adulatio
1110 3983 1195 4031 est
1226 3976 1519 4039 rhetorica,
1589 3975 1901 4029 adulatores
1941 3975 2168 4029 omnino

585 4065 641 4119 hi
670 4064 908 4127 fuerunt,
945 4063 1201 4133 quoniam
1230 4072 1495 4126 oratores,
1533 4074 1593 4117 ut
1644 4064 1761 4127 ait;
1817 4063 1901 4117 sin
1950 4062 2003 4117 hi
2037 4063 2170 4117 nihil

586 4157 788 4210 habent
812 4154 1164 4219 adulationis,
1212 4158 1486 4224 quomodo
1527 4167 1749 4227 propter
1796 4171 1892 4210 eos
1928 4156 2169 4210 adulatio

586 4248 796 4301 dicetur
831 4248 1127 4313 rhetorica,
1165 4258 1259 4301 aut
1308 4249 1435 4316 quid
1464 4249 1548 4304 his
1574 4259 1689 4303 erat
1715 4264 1852 4319 Opus
1877 4250 2161 4318 exemplis.

584 4338 704 4392 Jam
744 4354 843 4394 nec
879 4355 985 4393 non
1032 4355 1245 4409 {equum
1275 4341 1507 4404 videtur,
1539 4341 1756 4396 omissis
1787 4342 2000 4396 illorum
2032 4358 2165 4396 con-

585 4430 742 4496 siliis,
778 4429 1116 4485 calamitates
1165 4430 1218 4483 in
1272 4446 1406 4499 quas
1464 4430 1791 4495 inciderunt,
1844 4444 2162 4501 praetexere.

583 4522 695 4578 Nec
735 4523 905 4588 enim,
947 4525 992 4578 si
1034 4538 1121 4577 res
1150 4524 1283 4590 ipsis
1335 4536 1366 4576 e
1395 4523 1693 4593 sententia)
1719 4540 1822 4579 non
1870 4527 2155 4590 successit,
2198 4501 2239 4556 θ

586 4616 815 4687 improbi
854 4618 1201 4681 exstiterunt,
1247 4628 1435 4668 verum
1490 4615 1535 4668 si
1584 4631 1691 4669 non
1755 4616 1977 4685 optimis
2036 4627 2164 4671 sunt

585 4710 669 4765 usi
706 4709 968 4765 consiliis.
1011 4708 1083 4763 Ut
1120 4709 1262 4761 enim
1288 4707 1416 4761 illud
1462 4717 1546 4761 est
1570 4707 1853 4761 fortunam
1873 4722 2159 4773 accusare,

586 4801 660 4854 ita
695 4800 797 4855 hoc
821 4800 1147 4855 sententiam
1183 4801 1442 4852 refutare.

2276 3238 2387 3301 κὼς
2420 3239 2703 3315 ύπόκειται
2730 3240 2903 3305 λέγων
2933 3240 3006 3304 ὼς
3034 3241 3273 3311 ἔμπνους
3292 3282 3307 3306 ,
3338 3242 3514 3296 ἔνεστι
3546 3245 3725 3296 ταυτί.

2346 3331 2419 3382 Τὸ
2436 3330 2491 3384 δὲ
2506 3332 2548 3362 ⁷³
2580 3331 2794 3383 πάντων
2812 3320 3181 3395 ἀτοπώτατονῖ
3198 3334 3279 3387 ὃτι
3310 3336 3509 3404 χρῆται
3533 3334 3636 3404 μὲν
3655 3334 3860 3398 τούτοις

2276 3423 2334 3475 ὲν
2361 3423 2566 3493 ἐλέγχῳ
2596 3424 2687 3475 τοῦ
2720 3424 3009 3476 κολακείαν
3042 3420 3178 3477 εἶναι
3206 3425 3305 3495 τὴν
3335 3427 3635 3497 ῥητορικὴν
3661 3467 3677 3492 ,
3709 3428 3782 3488 ὡς
3810 3428 3868 3495 δὴ

2276 3512 2501 3576 τούτους
2531 3514 2693 3577 ὄντας
2719 3516 2981 3585 ῥήτορας,
3012 3516 3175 3569 πάλιν
3203 3516 3248 3568 δ’
3278 3518 3442 3580 αὐτὸς
3468 3520 3675 3581 αὐτοὺς
3710 3520 3869 3588 ἀφίη-

2276 3622 2359 3658 σιν
2412 3605 2514 3674 τῆς
2562 3606 3111 3671 κολακείας,ούκουν
3148 3606 3280 3676 φησί
3334 3626 3397 3676 γε
3448 3610 3652 3674 αύτούς
3701 3612 3868 3681 ταύτῃ

2274 3695 2533 3766 χρῆσθαι,
2559 3696 2615 3748 ἐν
2643 3696 2765 3769 [0'81
2789 3697 2881 3771 [1.]
2908 3691 2988 3762 οἷς
3014 3699 3144 3769 περὶ
3168 3693 3243 3753 ὧν
3261 3700 3462 3755 ἔπαθον
3482 3702 3632 3770 λέγει
3652 3704 3722 3757 ⁷³.
3757 3705 3868 3757 Κάν

2273 3785 2483 3849 τούτοις
2517 3782 2609 3840 οὖν
2651 3788 2867 3859 ἀνάγκη
2916 3788 3121 3859 θάτερα
3151 3790 3434 3859 ἐψεῦσθαι.
3474 3792 3535 3844 Et
3574 3791 3808 3861 μὲνγὰρ
3833 3795 3866 3862 ἡ

2275 3880 2540 3951 ῥητορικὴ
2566 3880 2846 3945 κολακεία,
2866 3882 3084 3943 πάντως
3102 3883 3183 3936 δεῖ
3205 3883 3442 3947 κόλακας
3462 3883 3687 3948 τούτους
3709 3880 3867 3949 εἶναι,

2274 3973 2510 4043 ῥήτοράς
2533 3990 2594 4040 γε
2615 3972 2794 4037 ὄντας,
2810 3972 2883 4037 ὦς
2902 3992 3067 4044 φησιν
3089 3992 3103 4007 ·
3126 3977 3173 4028 εί
3196 3976 3253 4028 δὲ
3272 3976 3422 4029 οὐδὲν
3437 3971 3584 4030 οὗτοι
3608 3977 3871 4048 κολακείᾳ.

2273 4063 2697 4133 προσήκουσι⁷⁸,
2720 4062 2823 4117 ποῦ
2851 4065 3113 4136 ῥητορικὴ
3146 4067 3407 4137 κολακείᾳ
3438 4069 3761 4137 προσήκει⁷⁸
3784 4069 3869 4119 διὰ.

2272 4156 2563 4225 τούτους,ἢ
2590 4156 2641 4209 τί
2664 4155 2870 4210 τούτων
2889 4158 2996 4210 ἔδει
3023 4157 3132 4210 τῶν
3159 4160 3661 4229 παραδειγμάτωνς
3690 4163 3869 4232 ’ῼμην

2270 4247 2327 4299 δὲ
2355 4248 2475 4300 οὐδὲ
2505 4247 2663 4301 τοῦτο
2695 4249 2802 4303 τῶν
2832 4249 3057 4303 δικαίων
3088 4249 3245 4312 εἶναι,
3269 4251 3369 4313 τὰς
3391 4253 3745 4323 προαιρέσεις
3769 4255 3867 4314 τὰς

2269 4338 2495 4390 ἐκείνων
2544 4340 2897 4404 ἐξετάζοντας
2923 4341 2970 4371 ⁷⁸
2998 4341 3095 4404 τὰς
3128 4342 3411 4412 συμφορὰς
3442 4338 3532 4406 αἶς
3562 4344 3868 4413 ἐχρήσαντο

2271 4430 2713 4499 ὑπολογίζεσθαι.
2747 4432 2821 4485 Ού
2865 4433 2972 4501 γὰρ
3007 4432 3055 4484 εί
3092 4432 3167 4503 μὴ
3198 4433 3338 4486 κατὰ
3370 4434 3494 4487 νοῦν
3524 4436 3866 4505 ἀπήλλαξαν,

2271 4522 2465 4591 φαῦλοι
2497 4524 2802 4591 γεγόνασιν,
2834 4525 2949 4578 ἀλλ’
2972 4528 3021 4579 εί
3057 4526 3132 4596 μὴ
3160 4527 3230 4579 τὰ
3261 4526 3517 4596 βέλτιστα
3548 4528 3868 4582 ἐϐουλεύον-

2270 4630 2331 4666 το
2350 4614 2390 4645 ⁷⁷
2421 4618 2534 4678 τοῖς
2565 4617 2906 4687 πράγμασιν.
2926 4618 3130 4671 Ἐκεῖνο
3162 4618 3258 4687 μὲν
3286 4620 3393 4689 γάρ
3422 4623 3539 4673 ἐστι
3569 4622 3667 4691 τῆς
3700 4622 3871 4691 τύχης

2272 4710 2619 4778 κατηγορεῖν,
2643 4708 2801 4763 τοῦτο
2820 4710 2877 4763 δὲ
2912 4712 3009 4783 τὴν
3042 4712 3267 4782 γνώμην
3296 4713 3561 4783 ἐλέγχειν.

655 4887 936 4954 Quomodo
961 4903 1087 4942 vero
1115 4888 1238 4941 ferri
1317 4887 1418 4939 hoc
1466 4894 1651 4955 queat,
1682 4903 1803 4941 cum
1834 4887 2163 4943 Alcibiadem

2358 4891 2734 4963 Ἐνθυμοῦμαι
2757 4894 2802 4925 ⁷⁸
2834 4895 2889 4947 δὲ
2918 4895 3090 4965 ἔγωγε
3116 4898 3230 4959 πῶς
3256 4900 3546 4967 ἀνέχεσθαι
3577 4901 3705 4971 χρὴ,
3744 4902 3875 4956 δῖαν

585 4980 802 5048 quidem
845 4988 893 5034 et
946 4978 1172 5032 Critiam
1206 4978 1320 5048 (85)
1372 4977 1618 5031 Socratis
1663 4978 1901 5043 sodales,
1947 4982 2038 5048 qui
2092 4991 2170 5035 tot

2277 4983 2615 5058 Ἀλκιϐιάδην
2638 4990 2734 5058 μὲν
2750 4990 2843 5041 καὶ
2863 4991 2904 5041 Κ
2918 4990 3091 5059 ριτίαν
3111 4992 3387 5062 Σωκράτει
3408 4996 3876 5064 συγγενομένους.

584 5086 648 5125 ac
702 5071 865 5125 tantis
928 5072 1249 5125 criminibus
1294 5079 1348 5124 et
1406 5072 1546 5140 apud
1600 5072 1849 5139 populum
1902 5080 1955 5123 et
2034 5072 2173 5139 apud

2277 5076 2314 5128 >ἳ
2336 5079 2606 5141 τοσαύτας
2633 5082 2724 5133 καὶ
2740 5080 3070 5151 τηλικαύτας
3096 5084 3271 5147 αἰτίας
3291 5085 3559 5155 ἐσχήκασι
3583 5090 3679 5139 καὶ
3702 5089 3814 5140 ὑπο
3836 5088 3877 5119 ⁷³

1562 5260 1567 5265 κ
1894 5187 2122 5244 vanus:
2163 5189 2564 5249 LECTIONES.

654 5284 970 5369 ιιι-ρητόρων
995 5301 1104 5339 0m.
1270 5284 1313 5369 of
1340 5281 1666 5369 νομίζωνται
1698 5284 1761 5363 A:
1839 5284 1882 5315 ον
1908 5285 2145 5369 πάντων¹
2156 5289 2592 5369 μοχθηροτάτους
2618 5293 2657 5343 Α
2690 5310 2701 5343 :
2732 5294 2873 5343 πάνυ
2902 5292 3010 5344 τῶν
3030 5295 3449 5364 μοχθηροτάτων
3474 5314 3535 5360 ς,
3614 5298 3660 5329 σε
3691 5298 3878 5369 agnon

582 5371 636 5426 p.
670 5353 793 5411 152.
933 5355 1263 5441 προσφέρεις
1286 5356 1349 5406 Αο
1397 5356 1472 5441 ,⁷⁸⁵
1502 5353 1829 5441 τξξὸξρταῐξῖα
1848 5370 1957 5407 nm.
1984 5359 2047 5407 A.
2093 5353 2462 5441 'jiétqatfm
2493 5363 2553 5412 A.
2635 5363 2678 5392 ⁷⁸
2712 5364 2771 5413 τὸ
2804 5363 2883 5434 δὲ]
2906 5381 2955 5429 p.
2990 5353 3129 5418 136:
3189 5353 3234 5397 ⁷’⁸
3260 5367 3438 5418 λέγειν
3475 5353 3541 5421 Ᾰ.
3621 5370 3668 5399 ⁷⁸
3699 5353 3882 5441 προς-ί

582 5422 794 5499 ἥκουσι.
865 5426 911 5458 ⁷⁸
942 5422 1210 5497 προσήκει
1245 5441 1351 5478 om.
1386 5425 1450 5478 A.
1532 5424 1580 5459 "
1610 5422 1932 5487 ἐξετάζοντα
1962 5442 2021 5489 ς.
2093 5428 2139 5456 ⁷⁷
2178 5422 2571 5484 ἐϐουλεύσαντο
2620 5432 2685 5484 Α.
2763 5434 2808 5471 ⁷³
2849 5422 3213 5505 ε’νύυμούμαι]
3261 5451 3312 5505 p.
3349 5439 3471 5494 159.
3554 5438 3596 5469 ⁷⁹
3621 5442 3712 5493 καὶ
3746 5422 3876 5494 ίοπὸ.

2073 5520 2305 5577 NOTAE.

653 5612 765 5682 (86)
818 5612 1078 5681 Excerpta
1104 5624 1136 5664 e
1178 5611 1417 5664 secunda
1449 5612 1696 5682 oratione
1728 5611 2009 5673 AriStidis,
2038 5611 2162 5665 Pla-
2276 5616 2327 5668 in
2366 5616 2625 5672 Aristide.

587 5681 766 5763 tonica
829 5700 924 5753 pro
959 5682 1251 5764 rhetorica.
1276 5684 1593 5750 Quanquam
1628 5681 1853 5739 Photius
1898 5686 2033 5764 duas
2076 5686 2161 5737 hic
2315 5687 2459 5764 _(85)
2488 5689 2717 5764 _Critias
2754 5706 2895 5745 unus
2922 5702 3037 5747 erat
3071 5706 3101 5747 e
3144 5692 3363 5764 triginta
3408 5695 3659 5763 tyrannis
3695 5697 3881 5751 Athe-

585 5752 858 5808 orationes
910 5756 1229 5818 c0nstituat,
1288 5767 1390 5806 una
1427 5764 1602 5807 tamen
1646 5764 1811 5823 atque
1844 5756 2034 5810 eadem
2079 5766 2163 5810 est
2273 5752 2378 5811 nis.
2440 5752 2447 5756 ⁷
2488 5752 2515 5789 ³
