4104 6402
225 377 360 451 1517

1267 385 1792 456 BIBLIOTHECA.
1832 416 1900 426 ·-
1932 390 2095 453 COD.
2136 389 2460 453 CCXLVII.

3350 387 3489 457 1518

213 503 318 555 τῶν
333 500 545 555 πολλῶν
559 501 655 557 καὶ
671 501 776 556 ὑπὸ
791 502 900 556 τῶν
913 502 1190 566 ἐπιεικῶν,
1207 502 1347 558 ὥστε
1365 507 1409 559 K
1421 508 1587 578 ριτίου
1600 526 1663 576 γε
1677 508 1785 561 οὐδ

1902 506 2190 573 eptimates
2220 503 2439 557 obnoxii
2495 501 2749 567 fuerunt,
2804 510 2866 559 ut
2892 502 3066 565 ,Critia
3099 504 3317 573 quidem
3354 508 3489 561 nihil

212 591 496 662 ἐπινοῆσαι
531 594 711 664 ῥᾴδιον
744 593 1123 666 ἐξωλέστερον,
1153 593 1211 657 ὃς
1254 597 1312 649 ὲν
1344 598 1636 668 τριάκοντα
1683 600 1794 661 τοῖς

211 686 598 757 πονηροτάτοις
623 687 732 741 τῶν
747 686 1015 758 Ἐλλήνων
1042 689 1255 759 πρῶτος
1271 691 1317 721 ⁸ο
1344 685 1433 761 ἦν,
1463 692 1589 755 τοὺς
1614 693 1711 760 μὲν
1731 691 1791 746 οὔ

211 796 341 847 φασι
373 778 484 832 δεῖν
508 780 565 833 ἐν
593 780 877 852 τεκμηρίῳ
904 782 1171 834 ποιεῖσθαι
1194 782 1274 834 ὅτι
1296 783 1643 854 Σωκράτης⁸¹
1668 786 1793 847 τοὺς

210 871 362 932 νέους
394 871 719 940 διέφθειρεν,
760 873 869 925 οὐδ’
893 867 1029 925 εἶναι
1064 872 1134 926 τὰ
1163 874 1385 927 ἐκείνων
1421 876 1793 946 ἁμαρτήματα

210 961 319 1014 οὔδ’
347 960 524 1014 ὁτιοῦν
562 962 699 1032 πρὸς
733 963 1032 1034 Σωκράτην
1066 963 1157 1016 τὸν
1203 963 1326 1016 οὐδὲ
1369 965 1529 1017 αὑτὸν
1574 964 1794 1034 ἔξαρνον

209 1054 335 1107 ὄντα
364 1053 424 1106 τὸ
456 1053 531 1124 μὴ
557 1055 617 1106 ού
649 1044 990 1123 διαλέγεσθαι
1016 1057 1125 1118 τοῖς
1149 1056 1289 1119 νέοις
1306 1073 1319 1085 ·
1353 1059 1401 1109 εί
1424 1056 1466 1110 δ’
1492 1058 1793 1127 Ἀθηναίων

206 1144 376 1215 δῆμος
406 1147 464 1198 ὲν
492 1146 707 1209 πολλοῖς
735 1149 831 1201 καὶ
861 1147 1118 1215 μεγάλοις
1148 1144 1229 1211 οἷς
1257 1148 1352 1201 καὶ
1367 1150 1413 1180 ⁸⁸
1456 1149 1593 1220 ὑπὲρ
1627 1149 1791 1203 αὑτοῦ

206 1261 299 1312 καὶ
329 1260 468 1329 ὑπὲρ
490 1258 600 1311 τῶν
625 1258 896 1328 Ἑλλήνιον
916 1262 1260 1332 διεχείρισεν,
1289 1262 1403 1314 ἐσθ’
1425 1262 1460 1316 ἃ
1490 1264 1588 1332 μὲν
1613 1263 1793 1333 ὀρθῶς

205 1351 300 1404 καὶ
327 1351 769 1421 προσηκόντως⁸³
813 1352 1194 1417 ἐϐουλεύσατο,
1225 1354 1341 1406 ἔστι
1386 1354 1441 1406 δὲ
1491 1354 1525 1407 ἂ
1576 1354 1673 1408 καὶ
1703 1355 1792 1420 ἐξ·

206 1442 453 1511 ήμαρτεν
480 1444 560 1505 είς
584 1443 710 1507 τοὺς
740 1445 1172 1513 προεστηκότας,
1213 1445 1367 1498 ταῦτ’
1399 1445 1643 1510 ἀξιοῦσιν
1689 1447 1788 1499 αὐ-

202 1536 315 1595 τοῖς
340 1535 455 1596 τοῖς
481 1536 813 1604 προστάταις
844 1534 1453 1607 λογίζεσθαι.Ὤσπερ⁸⁸
1490 1538 1612 1591 av"
1641 1538 1695 1592 εἴ
1710 1557 1793 1605 τις

204 1628 300 1679 καὶ
345 1625 441 1679 τοῦ
496 1625 700 1679 θείου⁸⁶
746 1628 1080 1699 κατηγοροίη
1131 1630 1245 1692 τοῖς
1294 1630 1478 1695 αὐτοῖς
1519 1630 1699 1699 λόγοις
1720 1632 1788 1695 ³⁷,

202 1717 285 1769 ὅτι
332 1717 472 1788 χρῆν
524 1719 690 1771 αὐτοῦ
708 1719 755 1750 ⁸⁸
801 1718 900 1790 τὴν
950 1722 1211 1790 πρόνοιαν
1263 1718 1400 1773 εἶναι
1460 1722 1717 1791 τοιαύτην
1740 1723 1788 1756 ⁸⁹

198 1807 332 1860 ὥστ’
364 1808 579 1863 ἀδικίαν
617 1810 714 1863 καὶ
753 1810 1155 1881 ἀγνωμοσύνην
1195 1812 1405 1865 ἀνελεῖν
1442 1815 1791 1867 παντάπασιν

199 1898 259 1963 ἐξ
290 1899 592 1970 ἀνθρώπων
622 1900 717 1954 καὶ
734 1901 781 1932 ⁹⁰
820 1902 988 1971 μηδὲν
1023 1904 1361 1974 ἁμαρτάνειν
1399 1905 1632 1975 μηδένας
1680 1907 1778 1958 άν-

200 1993 437 2063 θρὼπων
465 1994 715 2066 μηδαμῆ.
780 1994 894 2048 Νῦν
932 1996 988 2048 δὲ
1018 1997 1164 2059 πῶς,
1197 1998 1248 2049 εί
1293 2000 1543 2068 προνοεῖν
1592 2000 1790 2062 αὐτοὺς

198 2086 306 2156 χρὴ
365 2086 643 2156 νομίζειν.
692 2088 820 2141 ὅταν
852 2088 987 2159 pit“
1040 2088 1174 2159 [εἰη
1213 2089 1259 2141 δ’
1307 2089 1392 2160 οὐ]
1444 2089 1791 2144 παύωνται⁹³

201 2176 652 2248 πλημμελοῦντες
698 2171 773 2233 ὧν
794 2179 840 2212 ⁸⁸
899 2180 1174 2250 ἄρχουσι,
1230 2182 1306 2250 μὴ
1363 2181 1645 2244 δικαίωςπ
1699 2182 1790 2235 ὑπ’

198 2269 356 2322 ἐνίων
383 2268 737 2340 ἀμελεῖσθαι;
786 2270 897 2323 Καὶ
927 2271 954 2323 ὁ
985 2270 1083 2339 μὲν
1104 2272 1148 2303 ⁹⁶
1186 2271 1402 2340 ἡνίοχος
1431 2271 1777 2341 παραλαϐὼν

199 2361 554 2426 λακτίζοντας
604 2362 735 2425 τοὺς
786 2362 991 2426 ἵππους
1026 2365 1261 2434 πραΰνει.
1306 2364 1401 2418 καὶ
1449 2364 1784 2430 τιθασσεύει,

204 2457 304 2511 καὶ
326 2456 655 2510 τελευτῶν⁹⁷
711 2459 798 2511 ἐπ’
848 2459 1028 2513 αὐτῶν
1078 2460 1340 2527 ἀσφαλῶς
1387 2461 1528 2514 κατὰ
1588 2461 1787 2532 πολλὴν

205 2547 495 2619 ῥᾳστώνην
525 2544 667 2602 εἶσιν
695 2550 819 2603 ὅποι.
869 2550 1183 2618 βούλεται⁹⁸
1204 2566 1218 2581 ·
1253 2552 1303 2603 οἱ
1347 2551 1460 2603 Θεοὶ
1496 2552 1553 2604 δὲ
1578 2552 1787 2605 οῦπω⁹⁹

201 2642 300 2694 καὶ
340 2640 434 2694 νῦν
460 2641 796 2713 ἐξῃρήκασιν
834 2642 1047 2696 ἀδικίαν
1077 2643 1136 2708 ἐξ
1169 2642 1475 2713 ἀνθρώπων
1506 2645 1571 2697 ἐκ
1596 2644 1789 2696 τοσού-

199 2748 319 2794 του,
371 2730 530 2803 [1261
574 2732 669 2804 R.]
702 2734 798 2787 καὶ
837 2733 1014 2787 ταῦτα
1061 2736 1127 2787 ὲκ
1172 2735 1375 2797 παντὸς
1417 2735 1509 2788 τοῦ
1544 2736 1782 2799 αἰῶνοςι

205 2822 640 2894 πολιτευόμενοι,
687 2826 781 2877 καὶ
825 2824 1096 2895 προσέτι¹
1138 2826 1216 2888 είς
1259 2825 1486 2889 ἑαυτοὺς
1526 2827 1787 2895 ἁμαρτά-

204 2929 398 2977 νοντας
444 2915 681 2987 ὁρῶντες
734 2916 879 2969 ἔστιν
910 2915 1004 2979 οὓς
1030 2916 1212 2969 αὐτῶν
1236 2917 1276 2971 ³.
1317 2918 1480 2969 Ἀλλὰ
1513 2918 1620 2989 μὴν
1657 2917 1787 2971 ὃτε⁸

200 3007 378 3061 ταῦτα
437 3009 547 3061 οὐδ’
607 3010 674 3063 ἂν
708 3003 789 3072 εἷς
833 3008 1095 3075 ὑγιαίνων
1143 3010 1288 3062 εἴποι
1350 3011 1588 3081 σπουδῇ,
1647 3010 1788 3079 πλὴν

200 3098 279 3162 ὡς
304 3099 506 3169 ἡμεῖς’⁵
554 3098 651 3153 νῦν
695 3101 774 3164 είς
824 3099 1046 3170 ἔλεγχον
1082 3100 1266 3168 λόγου,
1318 3102 1438 3164 πῶς
1478 3102 1538 3153 οὐ
1587 3101 1784 3173 κομιδῇ

203 3190 432 3245 Πλάτων
466 3193 824 3260 συκοφαντεῖς
849 3194 900 3245 εί
950 3194 1058 3264 γὰρ
1096 3192 1132 3247 ἃ
1165 3193 1371 3264 μηδ’·οί
1413 3192 1526 3245 θεοὶ
1567 3196 1758 3247 πώποτ

200 3283 562 3354 πεποιήκασι,
598 3282 734 3353 μηδὲ
774 3284 903 3351 παρ’
946 3285 1118 3354 αὐτῆς
1143 3286 1243 3355 τῆς
1295 3284 1529 3354 Ἀθηνᾶς
1557 3285 1657 3353 τῆς
1688 3300 1788 3337 πο-

199 3373 381 3437 λιάδος
417 3372 562 3445 εἶχεν
587 3376 911 3447 ἀπαιτῆσαι,
946 3376 1122 3430 ταῦτα
1155 3376 1310 3447 παρὰ
1346 3376 1787 3446 Θεμιστοκλέους

202 3467 300 3521 καὶ
347 3467 714 3539 Περικλέους⁶
759 3469 1017 3531 ἀπαιτεῖ,
1086 3470 1248 3524 αὐτὸν
1287 3470 1510 3541 ἐρωτῶν
1560 3469 1678 3533 πῶς
1725 3470 1787 3523 ού

207 3562 563 3628 συκοφαντεϊ;
615 3559 731 3613 ἀλλ’
764 3556 919 3631 οἶμαι
950 3561 1050 3632 τὴν
1100 3563 1200 3632 μὲν
1252 3562 1348 3615 τοῦ
1390 3562 1567 3633 δήμου
1623 3562 1788 3633 φύσιν

203 3653 308 3705 οὐκ
350 3652 696 3723 ἠδυνήθησαν
750 3654 1113 3723 μεταποιῆσαι
1158 3654 1265 3707 οὐδ’
1298 3656 1628 3723 άφανίσαιτ·
1674 3655 1789 3708 ἔστι

197 3742 247 3797 δ’
274 3743 411 3815 αὕτη
450 3745 719 3814 μηδέποτε
744 3747 997 3814 γενέσθαι
1018 3747 1195 3800 πάντα
1244 3748 1479 3817 χρηστὸν
1531 3748 1652 3818 μηδ’
1698 3750 1790 3800 ἀν·-

198 3837 547 3907 αμάρτητον·
579 3839 681 3891 ὅσα
715 3838 771 3891 δὲ
802 3838 1211 3902 κινδυνεύοντας
1228 3840 1334 3892 ἔδει
1362 3842 1785 3911 προνοήσασθαι,

195 3932 258 3982 ἐν
283 3929 367 3995 οἷς
392 3932 508 4002 ἅμα
534 3933 757 3987 καὶτῶν
782 3935 993 3987 πολλῶν
1017 3936 1112 3989 καὶ
1135 3935 1246 3988 τῶν
1268 3935 1525 3988 ἐπιεικῶν
1547 3931 1614 4006 ἦν
1635 3937 1787 4008 εὐερο

194 4022 369 4090 γέτας
398 4021 556 4086 εἶναι,
610 4024 644 4095 ἢ
690 4025 810 4078 κατ’
860 4022 1112 4089 ἐξουσίαν
1153 4027 1496 4095 πράττοντας
1546 4026 1784 4094 ἀπάγειν

195 4116 307 4170 ἀπὸ
344 4117 453 4170 τῶν
484 4117 930 4187 δυσχερεστάτων
958 4118 1049 4171 ἀεὶ
1076 4118 1171 4171 καὶ
1191 4119 1271 4180 εἰς
1289 4118 1310 4149 ⁸
1340 4116 1624 4187 ἐλάχιστον
1652 4117 1779 4186 τρέ-

192 4225 323 4262 πειν
347 4209 417 4263 τά
448 4210 545 4280 τῆς
572 4210 788 4277 φύσεως
842 4211 1242 4282 ἁμαρτήματα,
1276 4208 1451 4263 ταῦτα
1495 4210 1595 4261 οὐκ
1634 4208 1783 4262 ἐστιν

192 4304 343 4366 ὅπως
372 4303 434 4355 οὐ
458 4303 611 4374 παρὰ
641 4302 854 4367 τούτοις
884 4302 1017 4375 [682
1047 4302 1141 4374 H.]
1167 4303 1297 4355 ὄντα
1327 4303 1654 4372 φανήσεται,
1687 4301 1780 4353 καὶ

189 4392 370 4446 ταῦτα
397 4393 533 4462 πρὸς
562 4393 638 4463 τῷ
677 4393 822 4465 λόγῳ
852 4393 929 4464 τῷ
962 4395 1092 4465 παρ’
1121 4393 1279 4464 ἡμῶν
1297 4395 1318 4425 °
1348 4394 1443 4446 καὶ
1490 4394 1613 4455 ταῖς
1641 4392 1779 4443 ἀπο-

187 4484 393 4549 δείξεσι
434 4485 661 4538 Πλάτων
724 4485 889 4548 αύτὸς
937 4485 1418 4554 ὲπισφραγίζεται,
1482 4487 1577 4537 καὶ
1629 4484 1776 4536 ἐστιν

1902 596 2140 663 potuerit
2192 594 2271 647 vel
2327 592 2452 663 ﬁngi
2500 593 2860 659 sceleratius,
2928 595 3018 664 qui
3074 596 3216 649 inter
3272 597 3489 666 triginta

1896 685 2208 740 Graacorum
2237 687 2498 754 pessimos
2513 684 2718 752 primus
2738 683 2922 749 interit,
2958 702 3081 741 cum
3104 688 3223 751 hos,
3245 689 3488 757 inquam,

1898 788 2095 847 negant
2127 785 2445 847 argumento
2495 790 2635 838 esse,
2660 777 2804 844 quod
2830 778 3169 846 juventutcm
3227 778 3483 835 Socrates

1897 878 2287 933 corrumperet,
2317 876 2409 922 attt
2430 883 2614 921 eorum
2640 876 2860 938 peccata
2883 869 3267 937 quidquamad
3297 868 3490 925 Socra-

1898 972 2004 1016 tem
2022 962 2314 1030 pertinere,
2340 961 2428 1031 qui
2458 974 2554 1014 nec
2577 962 2689 1030 ipse
2711 975 2769 1013 se
2802 974 2922 1014 cum
2952 960 3237 1030 juvenibus
3253 963 3478 1034 colloqui

1898 1064 2121 1122 negaret
2147 1073 2160 1108 :
2186 1069 2373 1108 verum
2397 1054 2441 1107 si
2471 1052 2699 1122 populus
2719 1052 3091 1116 Atheniensis,
3125 1055 3266 1108 inter
3291 1057 3488 1111 multas

1895 1162 1960 1201 ac
2015 1162 2237 1216 magnas
2293 1161 2379 1201 res
2426 1162 2559 1215 quas
2600 1154 2713 1199 tum
2750 1161 2847 1214 pro
2890 1162 2950 1201 se
3000 1155 3110 1199 tum
3141 1162 3235 1215 pro
3281 1146 3487 1202 Grmcis

1896 1239 2095 1307 gessit,
2126 1241 2370 1308 quaedam
2405 1250 2551 1294 recte
2577 1256 2641 1294 ac
2678 1242 2932 1296 decenter
2955 1240 3195 1294 decrevit
3228 1241 3483 1294 nonnulla
3555 1302 3559 1308 ,

1895 1343 2110 1398 quoque
2132 1330 2183 1382 in
2222 1328 2506 1397 przefectos
2534 1330 2801 1394 peccavit,
2836 1346 2897 1384 ea
2923 1340 3150 1384 censent
3210 1332 3485 1399 praefectis

1898 1421 2033 1490 ipsis
2067 1437 2188 1475 esse
2225 1422 2575 1490 imputanda?
2626 1420 2791 1490 Atqui
2856 1423 2986 1475 deos
3040 1436 3255 1491 quoque
3291 1422 3483 1476 eadem

1899 1513 2109 1567 ratione
2169 1512 2360 1567 liceret
2439 1527 2721 1577 accusare,
2790 1521 3238 1580 quorunrtanta
3295 1513 3487 1566 debeat

1896 1619 2016 1659 esse
2054 1604 2392 1671 providentia
2429 1613 2487 1657 ut
2516 1620 2731 1657 omnem
2787 1605 3104 1673 injustitiam
3127 1615 3180 1659 et
3211 1606 3481 1675 ingratum

1896 1697 2135 1749 animum
2166 1696 2362 1767 419a
2394 1711 2460 1748 ex
2489 1695 2748 1748 humanis
2793 1695 3063 1761 tollerent,
3103 1712 3169 1748 ne
3208 1697 3335 1764 quid
3362 1712 3483 1748 arn-

1900 1790 2042 1857 plius
2091 1790 2337 1841 homines
2374 1804 2605 1856 usquam
2641 1786 3037 1856 delinquerent.
3097 1786 3251 1842 Nunc
3295 1796 3479 1842 autem

1899 1882 2169 1950 quomodo
2218 1881 2305 1935 vel
2362 1880 2648 1949 providere
2688 1879 2844 1934 nobis
2878 1890 3158 1948 putentur,
3217 1881 3392 1935 donec
3441 1880 3477 1934 ii

1896 1975 2092 2044 quibus
2122 1974 2392 2043 imperant
2457 1988 2684 2042 peccare
2738 1988 2842 2026 non
2906 1973 3182 2035 desinant,
3220 1972 3306 2027 vel
3366 1987 3474 2026 uon

1896 2066 2091 2119 merito
2134 2082 2161 2119 a
2214 2067 2533 2135 quihusdam
2585 2065 2897 2120 contemni?
2944 2065 3014 2119 Et
3044 2065 3229 2133 auriga
3255 2064 3476 2134 quidem

1894 2158 1939 2211 si
1966 2158 2282 2213 calcitrosos
2312 2158 2473 2212 habet
2501 2172 2692 2227 equos,
2750 2159 2966 2212 cicures
3022 2172 3086 2212 ac
3157 2168 3480 2211 mansuetos

1895 2251 2091 2314 reddit,
2119 2262 2167 2304 et
2206 2252 2439 2319 denique
2471 2260 2587 2305 tuto
2618 2261 2671 2305 et
2710 2253 2990 2306 commode
3013 2264 3337 2319 quocunque
3364 2249 3481 2302 vult

1894 2343 2128 2407 vehitur,
2172 2343 2244 2396 dii
2278 2358 2406 2396 vero
2446 2341 2686 2397 nondum
2721 2357 2784 2395 ex
2816 2341 3124 2395 hominibus
3156 2339 3475 2410 injustitiam

1893 2435 2253 2501 sustulerunt,
2285 2446 2618 2488 cumtamen
2659 2436 2726 2486 ah
2769 2433 2918 2487 onmi
2984 2448 3101 2486 aivo
3136 2448 3318 2485 rerum
3380 2432 3478 2484 ad-

1894 2528 2276 2584 ministrationi
2360 2528 2699 2598 praefuerint,
2754 2538 2915 2595 atque
2980 2525 3145 2579 etiam
3213 2522 3475 2593 quosdam

1892 2635 2079 2673 eorum
2130 2620 2181 2672 in
2236 2632 2357 2675 sese
2407 2634 2633 2689 peccare
2682 2616 3051 2685 cognoverint.
3101 2615 3237 2669 Cum
3296 2624 3477 2668 autem

1892 2712 2007 2765 haec
2052 2726 2209 2765 nemo
2237 2728 2403 2765 sanus
2441 2711 2580 2765 serio
2636 2709 2854 2769 dixerit,
2886 2707 2988 2761 nisi
3010 2707 3074 2760 ad
3104 2706 3475 2767 refutaudum,

1893 2811 1950 2855 ut
1997 2817 2113 2867 nos,
2149 2800 2354 2871 liquido
2382 2802 2619 2855 cernitur
2651 2799 2890 2853 Platonis
2916 2798 3207 2852 calumnia.
3264 2796 3476 2849 Etenim
3560 2792 3575 2801 '

1891 2891 1934 2944 si
1980 2906 2098 2958 quae
2152 2907 2249 2944 nec
2280 2890 2354 2945 dii
2387 2906 2618 2958 unquam
2654 2890 2916 2951 fecerunt,
2948 2904 3050 2943 nec
3080 2887 3146 2941 ab
3189 2888 3302 2955 ipsa
3328 2886 3482 2940 urbis

1890 2984 2122 3052 praeside
2157 2981 2394 3036 Minerva
2452 2983 2598 3052 justo
2635 2992 2816 3050 posset
2865 2991 3067 3050 petere,
3111 2981 3223 3034 haec
3257 2995 3285 3031 a
3337 2979 3481 3033 The-

1893 3075 2140 3130 mistocle
2169 3087 2223 3128 ct
2264 3074 2470 3129 Pericle
2527 3074 2798 3143 requiret,
2848 3074 3120 3143 quomodo
3187 3070 3479 3126 calumnim

1761 3160 1858 3246 ξς
1892 3170 2097 3224 crimen
2143 3170 2386 3236 etlugiat,
2433 3181 2640 3236 quaero.
2708 3165 2836 3230 Sed,
2890 3173 2948 3217 ut
2989 3163 3245 3228 arbitror,
3297 3160 3477 3231 populi

1897 3260 2113 3331 quidem
2147 3268 2393 3314 naturam
2422 3273 2521 3313 nec
2588 3265 2799 3311 mutare
2832 3264 3141 3324 potuerunt,
3189 3267 3290 3309 nec
3343 3253 3481 3308 abo-

1895 3350 2030 3417 lere,
2082 3364 2202 3418 qua:
2236 3349 2453 3417 quidem
2482 3356 2564 3403 est
2596 3364 2682 3415 ea,
2715 3363 2986 3415 utinquam
3019 3358 3077 3401 ut
3106 3361 3296 3401 omnes
3324 3343 3481 3415 probi

1893 3450 1948 3497 et
2000 3440 2257 3506 inculpati
2282 3438 2575 3503 exsistant,
2597 3454 2720 3492 cum
2754 3448 2933 3492 autem
2967 3437 3050 3492 vel
3084 3437 3478 3506 providendum

1891 3539 2009 3585 erat
2071 3530 2272 3597 aliquid
2322 3544 2425 3583 non
2466 3531 2584 3583 sine
2608 3528 2871 3597 periculo,
2928 3542 3033 3597 qua
3062 3527 3280 3597 quidem
3312 3528 3365 3582 in
3422 3541 3481 3582 re

1890 3623 2052 3677 simul
2111 3633 2165 3675 et
2190 3621 2354 3689 vulgi,
2391 3631 2445 3674 et
2474 3620 2793 3690 optimatum
2847 3620 3074 3687 gratiam
3104 3620 3477 3684 merebantur,

1888 3716 1973 3767 vel
2032 3730 2154 3768 cum
2207 3720 2479 3782 potestate
2536 3710 2768 3780 pepulus
2831 3727 2861 3765 a
2936 3711 3099 3766 rebus
3137 3710 3479 3778 gravissimis

1888 3806 2236 3873 avertendus,
2290 3820 2355 3859 ac
2389 3813 2592 3859 naturae
2616 3817 2836 3874 peccata
2872 3803 2954 3858 vel
2996 3802 3262 3857 tantillum
3302 3803 3479 3859 corri-

1886 3899 2084 3970 gelida,
2132 3898 2218 3953 his
2245 3894 2488 3966 profecto
2545 3912 2819 3965 nunquam
2854 3896 2953 3950 sibi
2991 3909 3091 3949 nec
3162 3895 3358 3964 populo
3385 3895 3479 3948 de-

1892 3991 2132 4048 fuerunt.
2183 3991 2390 4057 Quibus
2443 3988 2604 4045 rebus
2656 3989 2799 4042 ultra
2854 3997 3092 4041 nostram
3149 3985 3474 4054 disputatio-

1886 4099 2008 4138 nem
2048 4093 2102 4137 et
2171 4082 2675 4145 confirmationem,
2731 4079 2883 4133 Plato
2924 4078 3253 4145 suffragatur
3313 4078 3472 4148 ipse,

1884 4185 2045 4242 atque
2073 4174 2161 4228 hic
2209 4176 2373 4229 etiam
2406 4173 2560 4228 nobis
2592 4172 2963 4227 testimonium
3011 4170 3261 4240 perhibet
3279 4170 3471 4224 eadem

1889 4268 2223 4321 dexteritate
2265 4282 2370 4336 qua
2401 4278 2456 4320 et
2508 4267 2560 4318 in
2616 4265 3012 4335 superioribus,
3039 4264 3471 4332 quotiescunque

1881 4373 1987 4427 fuit
2038 4388 2197 4443 opus.
2229 4373 2541 4426 Absurdum
2573 4381 2655 4425 est
2683 4380 2863 4424 autem
2902 4384 3131 4440 quorum
3165 4369 3304 4424 facta
3327 4384 3467 4439 prat-

1881 4466 2025 4519 dicat
2068 4480 2255 4519 eorum
2287 4465 2736 4533 gubernationem
2768 4461 3078 4531 suggillare,
3111 4476 3339 4529 quaeque
3369 4475 3466 4514 eo—

186 4532 327 4647 ἠμῖν
356 4576 636 4630 κάνταῦθα
684 4532 896 4647 μάρτυς
955 4576 1059 4629 ὑπὸ
1075 4532 1205 4643 Υτὲις.
1230 4532 1418 4645 οἷῦτῆς⁷
1446 4575 1773 4645 δεξιότητος,

1891 4571 2002 4609 rum
2065 4557 2156 4623 qui
2213 4567 2514 4624 paruerunt
2545 4557 2760 4609 virtutis
2790 4556 2939 4623 ponit
2970 4554 3191 4618 indicia,
3226 4569 3335 4607 non
3396 4552 3465 4605 iis

184 4666 375 4740 ἧσπερ
394 4670 436 4701 ¹⁰
461 4671 562 4722 κάν
591 4671 703 4732 τοῖς
733 4670 845 4724 ἄνω
869 4669 1011 4722 κατὰ
1040 4669 1138 4738 τὴν
1160 4668 1354 4737 χρείαν
1379 4668 1487 4720 ἀεί.
1522 4667 1714 4720 Καίτοι
1738 4668 1778 4698 ⁸⁸

186 4762 309 4824 πῶς
334 4763 436 4815 οὐκ
459 4762 660 4816 ἄτοπον
694 4758 763 4833 ἦν
784 4765 827 4795 ¹¹
876 4762 943 4815 τά
976 4762 1113 4831 ἔργα
1155 4763 1383 4831 κοσμεῖν
1413 4761 1646 4825 τούτων,
1681 4760 1780 4829 τὴν

182 4855 245 4908 δὲ
278 4854 555 4908 πολιτείαν
580 4855 864 4921 φαυλίζειν
888 4855 952 4885 ⁸³·
990 4855 1091 4906 καὶ
1118 4853 1154 4906 ὃ.
1174 4854 1271 4923 τῆς
1304 4852 1413 4905 τῶν
1446 4852 1778 4904 πεισθέντων

182 4945 395 5015 ἀρετῆς
420 4945 630 4998 τίθεταί
650 4964 734 5009 τις
762 4946 1054 5016 δείγματα,
1085 4945 1257 4997 ταῦτα
1293 4946 1367 5013 μὴ
1396 4946 1495 5013 τῆς
1520 4945 1626 4997 τῶν
1652 4961 1774 4996 πει-

185 5040 403 5090 σάντων
436 5038 653 5107 πρῶτον
705 5038 973 5108 ὑπάρχειν
999 5036 1041 5067 ⁸⁸
1082 5036 1369 5104 ἡγεῖσθαις
1413 5034 1701 5101 Ἐγκειται
1731 5035 1774 5064 ’⁵

184 5130 292 5202 μὲν
317 5129 424 5202 γάρ
454 5149 555 5185 που
582 5131 623 5162 ⁸⁸
656 5130 831 5184 ταῦτα
863 5129 1064 5199 μεταξὺ
1093 5128 1182 5181 τοῦ
1216 5128 1383 5181 μύθου
1411 5127 1600 5198 [χωρίς
1630 5144 1776 5190 τινος

1881 4665 1973 4732 qui
2027 4671 2416 4730 persuaserunt
2444 4662 2679 4731 primmn
2712 4662 2971 4715 tribuere.
3007 4661 3129 4715 Haec
3153 4661 3297 4714 enim
3323 4661 3466 4714 intra

1881 4756 2120 4809 fabulam
2148 4760 2276 4808 sunt
2332 4754 2528 4807 alicubi
2574 4752 2815 4820 conjecta
2875 4770 2979 4808 non
3039 4753 3358 4818 oscitanter,
3410 4763 3468 4807 ut

1878 4849 2090 4914 opinor,
2152 4861 2250 4900 nec
2281 4858 2499 4907 temere.
2540 4847 2633 4901 sed
2668 4858 2725 4899 ut
2755 4847 2917 4900 simul
2964 4854 3019 4900 et
3052 4845 3463 4915 laterentquam

1888 4940 2142 5003 maxime,
2180 4945 2233 4990 et
2279 4937 2322 4989 si
2372 4937 2493 5004 quis
2526 4950 2587 4989 ea
2637 4947 2758 5003 post
2788 4935 3103 4995 invenisset,
3140 4950 3206 4988 ne
3255 4934 3322 4987 ab
3350 4934 3467 4999 ipso

1885 5030 2101 5099 quidem
2173 5018 2494 5081 viderentur
2549 5041 2668 5081 esse
2722 5027 3019 5095 praeterita.
3082 5024 3159 5079 Ita
3230 5024 3464 5080 mediam

1884 5126 2173 5191 quamdam
2198 5120 2401 5173 invenit
2440 5118 2605 5182 viam,
2632 5130 2794 5186 atque
2827 5118 2989 5171 etiam
3014 5118 3079 5171 ad
3116 5116 3274 5171 tinem
3302 5116 3467 5170 totius

1463 5259 1701 5314 VARIAE
1739 5252 2146 5311 LECTIONES.

264 5361 311 5393 "'
365 5359 578 5430 πρῶτος
627 5354 663 5429 ἦ

668 5377 696 5410 ν
726 5374 835 5413 om.
884 5358 949 5413 A.
1030 5357 1071 5389 θ’
1128 5357 1208 5409 ὅτι
1252 5357 1279 5405 ὁ
1330 5354 1626 5422 Σωκράτης
1675 5370 1736 5416 ς.
1799 5350 1857 5422 ν⁸²
1888 5349 1981 5422 καὶ
2034 5351 2158 5422 post
2190 5337 2297 5422 _oi;_
2316 5357 2423 5422 om.
2478 5344 2541 5397 A.
2619 5342 2787 5422 ⁸³καὶ
2831 5342 3363 5422 προσηκόντωςιοηι.
3396 5345 3464 5399 Α.

177 5436 229 5464 ⁸⁸
260 5413 475 5502 ὥσπέρ]
504 5413 713 5500 ρίΗῖΟ.
789 5429 834 5463 ⁸⁵
860 5430 923 5484 ἂν
950 5446 1056 5483 om.
1090 5431 1152 5484 A.
1228 5426 1274 5456 ⁸⁸
1308 5425 1401 5476 τοῦ
1439 5413 1750 5476 θείουὀί1’ά.
1867 5489 1903 5502 η
1924 5420 1979 5502 ⁸⁷.
2001 5413 2112 5502 τρῖς
2143 5414 2332 5502 (intimi;
2356 5414 2785 5502 λόγοιςιοιιικὶέὶ.τ
2833 5414 3144 5502 ⁸⁸⁶ίιιξτοῦἈ
3169 5413 3369 5502 εῒαξτρῖς
3400 5430 3465 5502 ςΞῖ

176 5508 226 5537 ⁸³
261 5501 539 5557 εἶναικαὶ
568 5501 823 5570 τοιαύτην
856 5519 917 5564 ς.

174 5576 387 5637 ἀδίκως
421 5573 550 5625 αὐτὸ
596 5573 660 5623 A.
732 5567 903 5623 π’καὶ
930 5573 957 5623 ὁ
982 5571 1105 5639 μὲν]
1133 5586 1183 5638 p.
1218 5567 1338 5639 141Ἴ

1419 5553 1461 5596 ⁵⁷
1511 5567 1603 5618 καὶ
1634 5553 1904 5615 τελευτῶν
1924 5561 1969 5591 ³⁸
2006 5555 2252 5629 βούλεται
2284 5570 2395 5629 om.
2431 5559 2491 5608 Α.
2569 5553 2792 5629 ’δούπῳ
2820 5558 2862 5629 Α
2898 5570 2911 5606 :
2944 5556 3245 5629 ob'o‘énuLg.

1017 5476 1063 5531 ei
1280 5498 1321 5527 οι
1357 5495 1430 5563 μὴ
1462 5510 1570 5545 ηιμ,
1618 5495 1682 5546 Α,
1762 5493 1807 5523 θ’
1832 5489 1904 5561 εἶ]
1930 5492 1981 5563 οἱ
2151 5485 2197 5523 ⁸⁸
2230 5476 2489 5563 παύονται
2529 5484 2611 5563 A_._
2671 5484 2717 5563 2"
2749 5477 2847 5563 ὧνἶ
2877 5476 2922 5518 ⁸⁸
2951 5482 3196 5563 δικαίως]
3234 5482 3464 5563 διὸμηδξ

3324 5554 3339 5583 ¹
3368 5554 3463 5604 τοῦ

745 5643 765 5672 ¹
920 5621 1177 5710 προσέτῖ,
1238 5636 1462 5690 ³Ααύτῶν
1488 5652 1594 5710 ιιιιι.
1622 5637 1686 5687 Α.
1720 5635 1750 5710 ξ
1775 5636 1886 5710 ore]
1909 5621 2195 5710 eig'ArAtbf~
2209 5642 2268 5687 ς’.
2341 5625 2361 5654 ⁸
2381 5627 2556 5710 Δἡμεῖς
2592 5626 2689 5710 μὲν
2719 5626 2812 5710 νῦν
2838 5626 2917 5710 Α..
3025 5621 3465 5710 κα“ι.[ξερικλέους

174 5734 298 5769 um.
330 5717 395 5767 A.

176 5872 292 5909 που
316 5872 429 5910 om.
457 5854 521 5908 Δ.

473 5714 491 5742 ⁷
518 5698 628 5766 οὐδ’
660 5712 917 5779 ἀφανίσαι
948 5698 1058 5779 orn.
1086 5711 1150 5762 A.
1228 5710 1249 5738 ⁸
1277 5708 1447 5769 εἰςΑε
1479 5705 1640 5779 ibes.
1684 5778 1690 5779 γ
1717 5707 1736 5737 ο
1768 5698 1899 5779 ἡμῖν
1927 5702 1994 5779 Α...
2045 5702 2108 5779 ι¹⁰
2130 5699 2333 5779 ⁹οἱσπερ
2367 5698 2433 5750 Α.

178 5788 228 5818 ⁸⁸
258 5788 359 5854 τὴν
389 5785 445 5836 δὲ
473 5784 593 5838 πολ.
639 5776 940 5850 φαύλίζειν]
973 5776 1047 5835 ὧν
1076 5783 1175 5852 τὴν
1218 5779 1338 5832 πολ.
1373 5776 1651 5845 φαυλίζειν
1677 5778 1792 5828 ἐστὶ
1819 5777 1879 5827 Α.

2511 5697 2549 5727 ¹¹
2581 5688 2783 5761 καίτοι]
2812 5714 2861 5764 p.
2899 5695 3019 5749 M5.
3095 5694 3141 5764 ξ’
3159 5688 3230 5764 ἢν
3254 5708 3361 5764 ottt.
3394 5695 3460 5764 ᾼ.

1962 5773 2002 5801 ’³
2038 5762 2311 5835 ὑπάρχειν
2338 5782 2446 5821 οιιι.
2472 5768 2535 5821 Α.
2629 5769 2671 5798 ’⁵
2703 5762 2969 5836 ἔγκειται]
3003 5782 3056 5837 p.
3086 5762 3205 5820 H7.
3288 5762 3331 5794 ¹⁶
3352 5762 3462 5831 γάρ
