4124 6390
611 407 747 473 1519
1257 431 1272 445 ι
1759 397 2019 460 ΡΗΟΤΙΙ
2056 396 2200 457 ΡΑΤ

2307 398 2562 460 \RCH/E
2598 401 2708 464 CP.
3738 398 3865 462 159.0

603 519 874 579 sermonis
901 514 1121 588 rejeclt,
1173 526 1293 583 qum
1335 512 1379 567 si
1422 510 1692 578 posuisset
1743 510 1797 563 in
1852 509 2028 575 initio,
2085 524 2190 563 nou

2307 511 2623 581 προφάσεως
2644 510 2710 584 ⁸⁷]
2765 513 2867 567 οὐκ
2902 512 3193 577 ἀσκέπτως
3231 514 3354 583 ἐμοὶ
3382 513 3562 567 δοκεῖν
3584 511 3709 567 ούδὲ
3736 515 3866 582 φαύο

602 613 890 684 potuisset,
923 608 1110 672 credo,
1146 605 1353 673 reliqua
1400 602 1685 658 deducere.

2307 618 2393 663 κως
2416 602 2479 664 ’⁸,
2498 603 2608 655 οὐδ’
2631 604 2706 666 ὡς
2722 602 2998 669 ἐξέπεσεν,
3012 598 3297 670 ἀλλ”ὅπως
3317 604 3692 675 συγκρυφθείη
3710 621 3772 657 τι
3799 604 3879 668 ὡς

604 706 829 763 δυνατὸν
850 701 1104 774 μάλιστα,
1123 698 1218 752 καὶ
1242 698 1295 751 εῐ
1316 713 1397 761 τις
1423 696 1597 767 εὑρὼν
1620 694 1820 766 χρῷτο,
1842 694 1964 765 μηδ’
1989 692 2153 757 αὐτὸς
2164 691 2291 763 δοκῇ
2318 696 2628 765 παρελθεῖν,
2653 698 2766 752 ἀλλ’
2790 699 2938 769 ἐνείη
2957 701 3000 733 "
3024 716 3038 730 ο
3057 699 3201 752 οὕτω
3231 699 3403 770 μέσην
3415 700 3539 753 τινὰ
3557 693 3685 771 εὗρε
3697 696 3868 763 τάξιν,

609 804 702 860 xui.
724 802 841 871 ἅμα
855 796 1069 867 πρδςτῇ
1098 793 1319 864 τελευτῇ
1339 790 1430 844 τοῦ
1450 790 1610 859 λόγου
1622 788 1715 843 τοῦ
1739 789 1960 853 παντὸς,
1989 788 2026 844 ἃ
2046 788 2159 851 θεὶς
2186 790 2245 841 ἐν
2266 788 2408 861 ἀρχῇ
2435 795 2546 855 τοῖς
2573 792 2771 864 ἑφεξῆς
2792 794 2893 847 οὐκ
2911 793 3134 863 ἔμελλεν
3154 793 3299 860 ἕξειν
3318 796 3389 859 ’⁸,
3415 790 3595 862 οἶμαι,
3616 792 3869 863 χρῆσθαι.

682 889 877 966 4191)
906 885 1023 942 Nec
1078 884 1222 939 enim
1255 883 1307 937 id
1336 882 1701 952 quaerebatur,
1751 889 1930 934 utrum
1971 879 2184 934 [acilius

2360 881 2436 934 Οὐ
2460 882 2568 953 γάρ
2604 884 2713 937 si“
2744 883 2982 957 ῥᾴδιονῆ
3025 881 3102 955 μὴ
3126 882 3204 953 τῷ
3232 882 3345 936 δντι
3369 882 3627 951 γενέσθαι
3672 882 3872 953 ῥήτορα

609 997 756 1043 esset
787 988 1059 1040 exsistere
1104 982 1189 1037 vel
1227 997 1331 1037 non
1363 980 1625 1035 exsistere
1651 992 1839 1032 verum
1882 986 2183 1029 oratorem.

2307 969 2583 1042 προῦκειτο
2640 976 2893 1041 σκοπεῖν,
2948 973 3071 1027 ἐπεὶ
3112 970 3271 1026 τοῦτό
3310 988 3376 1040 γε
3426 972 3521 1024 καὶ
3561 971 3725 1041 ἡμεῖς
3755 1009 3773 1033 ,
3825 971 3873 1024 εί

610 1078 747 1133 Nam
779 1077 885 1133 hoc
909 1075 1131 1146 quidem
1173 1084 1229 1129 et
1260 1088 1359 1127 nos
1390 1080 1675 1133 testamur,
1718 1083 1803 1133 ac,
1843 1066 1889 1122 si
1914 1063 2188 1120 Stentoris

608 1168 937 1225 haberemus
1000 1179 1191 1220 vocem
1265 1162 1726 1234 proclamaremus
1760 1198 1776 1224 ,
1839 1166 1895 1213 et
1946 1154 2099 1210 Nilus
2142 1155 2189 1210 si

611 1260 770 1318 ostiis
800 1268 1009 1329 septem
1040 1257 1184 1326 loqui
1222 1264 1437 1326 posset,
1469 1262 1529 1308 ut
1558 1246 1697 1323 apud
1723 1250 2018 1305 Homerum
2055 1247 2186 1303 Sca-

611 1353 861 1408 mander.
908 1351 1014 1405 Sed
1063 1358 1244 1404 utrum
1279 1346 1396 1403 ﬂeri
1427 1360 1527 1417 per
1578 1353 1826 1399 naturam
1870 1348 2076 1411 posset,
2116 1354 2184 1392 an

612 1444 817 1505 minus,
852 1440 953 1494 hoc
994 1448 1109 1493 erat
1154 1438 1207 1492 in
1243 1436 1542 1506 quastione
1590 1433 1845 1503 positum.
1890 1429 2002 1486 Nec
2042 1428 2187 1484 enim

611 1535 935 1603 simpliciter
965 1533 1147 1595 modo,
1169 1544 1344 1598 neque
1376 1536 1434 1581 ut
1466 1541 1609 1581 nunc
1629 1526 1994 1591 ostendimus,
2016 1524 2191 1592 ipsum

616 1624 723 1679 sibi
766 1621 1208 1687 contradixisse,
1254 1619 1349 1674 sed
1401 1628 1457 1672 et
1508 1619 1635 1673 dum
1674 1617 1795 1672 illos
1841 1613 2194 1686 reprehendit

616 1717 764 1771 hunc
790 1713 1109 1777 Aristidem,
1134 1725 1293 1780 quem
1328 1710 1589 1774 laudavit,
1623 1709 1845 1765 laudare
1873 1722 1981 1765 non
2012 1720 2190 1777 posse,

618 1814 715 1860 aut
746 1805 792 1859 si
821 1804 964 1857 hunc
996 1812 1144 1856 recte
1188 1800 1389 1864 laudat,
1433 1799 1558 1853 illos
1589 1799 1778 1853 eadem
1806 1796 1874 1853 de
1898 1812 2062 1853 causa
2108 1811 2194 1851 re-

616 1894 957 1967 prehendere
998 1906 1104 1945 non
1161 1904 1319 1959 posse
1376 1888 1791 1944 declarabimus.
1842 1885 2056 1942 Etenim
2090 1887 2195 1941 hoc

620 1986 779 2041 malae
820 1986 1058 2053 ipsorum
1088 1981 1578 2035 administrationis
1613 1981 1828 2049 signum
1844 1979 2014 2049 ponit,
2046 1978 2193 2048 quod

622 2081 692 2135 ab
720 2076 1149 2133 Atheniensibus
1184 2076 1324 2129 male
1355 2074 1466 2129 sint
1498 2074 1735 2137 tractati,
1768 2074 1924 2142 quasi
1949 2073 2040 2143 qui
2075 2070 2194 2127 fue-

621 2180 747 2225 rant
777 2169 843 2222 ab
869 2168 999 2236 ipsis
1032 2165 1222 2235 Optimi
1254 2164 1450 2219 redditi
1482 2204 1495 2227 ,
1530 2178 1637 2216 non
1678 2162 1993 2216 debuissent
2017 2162 2070 2214 in
2105 2175 2197 2215 eos

623 2271 874 2326 peccare,
911 2266 1009 2325 per
1031 2268 1169 2321 quos
1191 2252 1351 2306 etiam
1382 2251 1451 2304 ab
1482 2250 1605 2305 aliis
1635 2250 1892 2304 laedendis
1921 2250 2198 2304 abstinere

626 2348 948 2402 didicerant.
990 2345 1120 2410 Quae
1161 2358 1283 2397 cum
1334 2343 1409 2397 ita
1454 2342 1744 2413 posuisset,
1789 2352 1843 2396 et
1888 2341 2104 2411 aurigas
2134 2355 2199 2395 ac

626 2438 827 2493 similia
857 2437 962 2491 huc
993 2434 1326 2499 adduxisset,
1364 2433 1659 2488 Aristidem
1694 2442 1879 2487 tamen
1905 2448 2009 2487 non
2040 2434 2199 2487 modo

629 2546 735 2585 non
770 2516 1159 2597 reprehendit,
1182 2524 1277 2580 sed
1319 2533 1376 2580 et
1404 2525 1546 2579 inter
1575 2534 1802 2579 caeteros
1836 2523 2095 2579 eximium
2116 2523 2201 2593 ju-

629 2617 848 2674 dicavit.
899 2616 1061 2685 Atqui
1099 2615 1143 2669 si
1190 2614 1260 2669 ab
1306 2613 1734 2669 Atheniensibus
1787 2614 1929 2669 male
1957 2613 2198 2677 multari,

627 2708 785 2763 mala!
811 2706 1052 2776 ipsorum
1090 2705 1497 2774 gubernationis
1526 2715 1644 2760 erat
1668 2706 1882 2775 signum
1905 2744 1921 2769 ,
1964 2720 2029 2760 ne
2076 2705 2203 2760 Ari-

636 2798 808 2853 stides
839 2796 1057 2866 quidem
1111 2805 1261 2850 recte
1306 2809 1401 2849 eos
1442 2796 1606 2861 rexit,
1636 2797 2071 2867 quandoquidem
2106 2811 2204 2851 nec

630 2887 748 2955 ipse
794 2886 1015 2955 impune
1040 2884 1237 2951 evasit,
1274 2883 1405 2953 quin
1449 2884 1726 2940 excideret
1762 2887 1967 2955 :idque
2006 2900 2111 2940 non
2150 2886 2203 2939 in

629 2979 808 3042 curia,
843 2978 983 3031 sicut
1008 2974 1243 3032 Pericles
1275 2983 1328 3028 et
1364 2973 1655 3038 Miltiades,
1691 2990 1792 3029 nee
1818 2991 1914 3045 per
1943 2990 2040 3030 eos
2067 2990 2205 3045 quos

2293 1062 2495 1136 βούλει,
2548 1064 2935 1135 μαρτυροῦμεν
2956 1105 2970 1123 .
3016 1064 3120 1118 κάν
3150 1063 3200 1117 εί
3242 1062 3343 1133 τὴν
3377 1062 3667 1133 Στέντορος
3696 1060 3875 1131 φωνὴν

2294 1154 2659 1226 κτησαίμεθα,
2687 1153 3041 1225 φθεγξώμεθ’
3061 1154 3147 1219 ἂν,
3176 1153 3252 1217 ὡς
3272 1154 3333 1207 ού
3353 1154 3555 1224 ῥᾴδιον,
3581 1152 3683 1206 κᾶν
3703 1154 3730 1206 ὀ
3749 1152 3875 1205 Νεῖ-

2294 1247 2406 1313 λος,
2434 1241 2480 1301 ὧ
2508 1247 2769 1319 μακάριε,
2805 1250 2917 1311 τοῖς
2954 1247 3093 1301 ἑπτά
3119 1248 3382 1317 στόμασιν
3414 1246 3463 1298 εί
3492 1245 3651 1299 λάϐοι
3673 1245 3875 1315 φωνήν,

2294 1339 2483 1411 ῶσπερ
2510 1341 2539 1393 ὁ
2562 1339 2914 1409 Σκάμανδρος
2948 1338 3068 1393 καθ’
3093 1340 3365 1409 Ὅμηρον.
3401 1336 3545 1389 Ἀλλ’
3574 1338 3625 1390 εί
3653 1336 3876 1390 δυνατὸν

2293 1432 2327 1503 ἢ
2357 1431 2452 1503 μὴ,
2488 1433 2581 1485 καὶ
2614 1432 2779 1499 φύσιν
2806 1430 2918 1484 ἔστ’
2946 1430 3068 1500 ἔχον
3102 1430 3396 1500 συμϐῆναι,
3424 1427 3570 1481 τοῦτ’
3589 1424 3662 1499 ἦν
3700 1425 3875 1480 ὲκτοῦ

2294 1522 2479 1590 λόγου.
2514 1522 2821 1592 Φανήσεται
2843 1523 2889 1554 ³⁸
2922 1523 3033 1593 γάρ
3048 1522 3095 1554 ’³
3144 1522 3242 1590 οὐχ
3275 1520 3485 1584 ἁπλῶς,
3537 1518 3649 1572 οὐδ’
3677 1518 3753 1580 ὡς
3787 1518 3878 1570 νῦν

2302 1613 2462 1684 μόνον
2493 1612 2861 1682 δείκνυμενυδ,
2894 1612 2975 1675 εις
3004 1613 3133 1675 τοὺς
3163 1611 3442 1671 ἐναντίους
3473 1608 3753 1680 ἐληλυθὼς
3780 1610 3880 1661 αύ-

2298 1701 2386 1764 τδς
2408 1701 2607 1771 ἑαυτῷ,
2636 1702 2773 1754 ἀλλὰ
2791 1701 2887 1755 καὶ
2911 1701 2973 1765 ἐξ
2995 1695 3069 1754 ὧν
3092 1701 3334 1763 ἐκείνους
3350 1700 3568 1771 ᾐτίαται
3598 1696 3880 1771 [τοῦτον²³]

2310 1795 2647 1865 Ἀριστείδην
2671 1794 2729 1848 δν
2757 1795 3022 1865 ἐπῄνεσεν
3051 1796 3302 1847 ἐπαινεῖν
3327 1794 3428 1847 οὐκ
3455 1793 3621 1863 ἔχων,
3651 1792 3687 1861 ἢ
3727 1776 3885 1862 ε’ῖπερ

2296 1884 2474 1955 ὀρθῶς
2510 1886 2726 1939 ἒπαινεῖ
2753 1884 2965 1951 τοῦτον,
3001 1886 3089 1940 διὰ
3108 1886 3170 1938 τὸ
3190 1886 3322 1940 αὐτὸ
3347 1884 3509 1937 τοῦτο
3529 1883 3642 1937 οὐδ’
3665 1884 3715 1916 ⁸⁸
3744 1882 3885 1936 Exsi-

2296 1996 2420 2043 νους
2456 1978 2596 2049 ἔχων
2616 1978 2983 2034 αἰτιάσασθαι.
3011 1978 3166 2044 Πῶςς
3199 1978 3283 2031 δτι
3322 1977 3592 2047 σύμϐολον
3610 1978 3678 2042 ⁸⁷,
3709 1971 3884 2046 οἶμαι,

2299 2074 2537 2125 ποιεῖται
2569 2070 2665 2125 τοῦ
2722 2071 2907 2135 κακῶς
2950 2071 3251 2142 Ἀθηναίων
3283 2071 3527 2134 ἐκείνους
3581 2070 3885 2141 προστῆναι

2298 2162 2359 2216 τὸ
2384 2163 2580 2216 παθεῖν
2613 2163 2810 2226 αὐτοὺς
2841 2162 2934 2217 ὑπ’
2977 2162 3280 2232 Ἀθηναίων
3312 2162 3521 2226 κακῶς,
3552 2162 3632 2224 ὡς
3665 2164 3769 2215 οὐκ
3821 2161 3886 2215 ἂν

2298 2251 2425 2317 τούς
2445 2268 2508 2319 γε
2522 2253 2568 2283 ⁸⁸
2600 2252 2841 2322 βελτίους
2871 2252 2965 2306 ὑπ’
2992 2252 3173 2306 αὐτῶν
3190 2252 3518 2322 γενομένους
3540 2251 3887 2323 ἁμαρτόντας

2301 2342 2380 2404 είς
2411 2340 2657 2405 τούτους,
2700 2340 2791 2409 ὑφ’
2836 2335 2913 2395 ὧν
2954 2341 3077 2411 μηδ’
3113 2342 3196 2402 είς
3240 2344 3368 2405 τοὺς
3398 2342 3595 2405 ἄλλους
3641 2340 3889 2412 ἁμαρτά-

2302 2451 2413 2488 νειν
2451 2433 2872 2503 ὲπαιδεύθησαν.
2903 2432 3089 2487 Ταῦτα
3123 2433 3184 2485 δὲ
3223 2433 3367 2487 οὕτω
3424 2431 3563 2497 θεὶς,
3610 2435 3713 2487 καὶ
3748 2435 3888 2504 ήνιόο

2302 2544 2428 2597 χους
2448 2529 2493 2559 ’⁸
2530 2529 2620 2581 καὶ
2644 2528 2714 2581 τά
2773 2527 2998 2581 τοιαῦτα
3048 2526 3435 2596 ἑπεισαγαγὼν
3474 2529 3752 2593 ἐνταυθοῖ,
3794 2529 3885 2582 τόν

2304 2635 2368 2687 γε
2392 2618 2437 2650 ³ο
2484 2617 2828 2688 Ἀριστείδην
2874 2620 2937 2671 οὐ
2984 2617 3145 2687 μόνον
3182 2617 3339 2671 οὐδὲν
3377 2618 3583 2686 φαῦλον
3636 2618 3884 2690 εἴρηκεν,

2303 2708 2441 2764 ἀλλά
2475 2709 2571 2762 καὶ
2608 2708 2794 2779 σαφῶς
2816 2707 3096 2779 ἐξαίρετον
3121 2708 3232 2762 τῶν
3270 2708 3445 2764 ἄλλων
3486 2709 3885 2778 πεποίηται-⁸⁸.

2305 2802 2500 2856 Καίτοι
2549 2802 2599 2855 εί
2652 2802 2715 2855 τὸ
2763 2801 2958 2855 παθεῖν
3006 2800 3195 2865 κακῶς
3225 2801 3317 2854 ὑπ’
3355 2800 3659 2871 Ἀθηναίων
3708 2796 3780 2871 ἦν
3825 2818 3880 2854 τι

2305 2895 2502 2963 δεῖγμα
2526 2894 2623 2947 τοῦ
2664 2892 2739 2964 μὴ
2794 2891 2975 2955 καλῶς
3040 2890 3345 2963 Ἀθηναίων
3395 2892 3737 2962 προστῆναι,
3781 2891 3889 2945 οὐδ’

2320 2984 2657 3057 ’Δριστείδης
2689 2983 2937 3057 προῦστη
2980 2984 3162 3046 καλῶς
3182 2998 3197 3013 ’
3237 2983 3359 3037 οὐδὲ
3384 2985 3491 3054 γὰρ
3518 2978 3676 3049 οὗτος
3715 2985 3891 3049 άθῶος

634 3068 815 3138 populi
849 3081 1011 3122 causa
1038 3065 1358 3134 offenderat,
1393 3080 1582 3120 verum
1621 3066 1689 3120 ab
1734 3067 1849 3134 ipso
1881 3065 2201 3120 testularum

2310 3076 2373 3145 δή
2426 3093 2528 3129 που
2563 3075 2842 3144 διέφυγεν,
2902 3073 3019 3127 ἀλλ’
3069 3071 3315 3138 ἐξέπεσε.
3351 3072 3657 3143 Προσθήσω
3706 3074 3764 3127 δὲ
3810 3074 3891 3129 ὅτι

633 3159 898 3227 sutlragio
925 3159 1323 3214 condemnatus
1349 3156 1488 3226 (86).
1522 3156 1630 3211 Sed
1655 3157 1986 3224 gubernator
2012 3156 2200 3211 omnia

634 3252 826 3317 novit;
854 3258 908 3304 et
936 3250 1113 3319 ipsum
1153 3249 1371 3318 quidem
1397 3249 1580 3316 plures
1605 3248 1747 3301 ultra
1783 3248 1930 3302 mille
1960 3261 2203 3312 servare,

631 3353 908 3397 oratorem
950 3355 1079 3396 vero
1133 3356 1238 3394 non
1281 3339 1552 3411 [Egyptiis
1601 3341 1851 3405 navibus,
1899 3354 1999 3395 nec
2042 3339 2206 3394 etiam

635 3435 809 3490 classe
843 3442 952 3489 tota
990 3432 1220 3489 salutem
1250 3433 1501 3499 deﬁnire,
1532 3434 1625 3488 sed
1658 3443 1713 3488 et
1747 3443 1933 3502 portus
1972 3434 2119 3503 ipsos
2154 3442 2210 3488 et

636 3527 821 3591 urbes,
846 3540 952 3581 non
995 3536 1205 3580 tantum
1230 3524 1416 3579 decem
1457 3525 1739 3579 hominum
1782 3525 2010 3579 millium
2046 3539 2209 3593 capa-

635 3632 750 3683 ces,
784 3633 882 3687 pro
908 3617 1134 3671 navibus
1155 3618 1340 3670 decem
1368 3616 1595 3670 millium
1620 3616 1816 3685 pondo,
1841 3631 2026 3669 verum
2045 3617 2209 3670 etiam

640 3726 747 3764 non
790 3709 949 3764 facile
983 3709 1083 3763 sub
1113 3723 1421 3762 mensuram
1459 3710 1717 3761 cadentes
1753 3723 1852 3763 suo
1887 3722 2076 3775 regere
2116 3708 2211 3761 im-

640 3801 812 3869 perio.
867 3802 945 3854 Ac
988 3800 1317 3869 gubernator
1358 3798 1582 3868 quidem
1636 3808 1923 3868 postquam
1968 3799 2207 3869 appulit,

641 3902 759 3947 arte
800 3908 903 3947 non
960 3892 1192 3962 amplius
1235 3893 1443 3959 utitur,
1485 3893 1691 3946 oratori
1736 3907 1868 3946 vero
1914 3894 2093 3946 nullus
2129 3901 2214 3947 est

640 4000 844 4039 vacuus
884 3986 1053 4038 lucus.
1090 3984 1287 4038 Verum
1324 4000 1392 4037 ne
1432 3999 1611 4037 sermo
1652 3984 1891 4039 sermoni
1934 3987 2209 4047 succedat,

637 4092 761 4131 cum
809 4074 1075 4130 suiliciant
1122 4090 1188 4129 ea
1226 4092 1346 4145 quae
1404 4084 1531 4129 sunt
1575 4076 1804 4142 potiora,
1860 4077 2106 4131 omittam
2159 4078 2211 4132 in

640 4167 928 4236 praesentia
964 4166 1264 4235 longiorem
1294 4166 1395 4219 hac
1426 4167 1492 4219 de
1530 4180 1586 4219 re
1626 4162 1825 4237 42οα
1890 4166 2214 4236 disputatio-

638 4276 786 4315 nem.
824 4259 1170 4313 lihetoricam
1207 4274 1304 4326 per
1335 4275 1526 4314 omnes
1555 4260 1817 4314 virtutum
1849 4272 2213 4332 partespene-

640 4364 808 4417 trare,
833 4369 953 4408 cum
984 4368 1080 4421 per
1107 4352 1451 4421 prudentiam
1486 4353 1559 4407 sit
1588 4353 1807 4407 inventa
1851 4367 1951 4423 pro
1976 4354 2211 4424 justitia,

2311 3162 2465 3231 οὗτός
2496 3184 2561 3238 γε
2589 3167 2742 3221 οὐδὲν
2771 3166 3108 3237 δικαστηρίῳ
3130 3165 3472 3235 δυστυχήσας
3517 3164 3711 3236 ῶσπερ
3752 3168 3892 3221 Μιλ-

2310 3261 2499 3331 τιάδης
2526 3259 2624 3313 καὶ
2677 3259 2970 3329 Περικλῆς,
3021 3258 3130 3311 οὐδ’
3187 3257 3294 3310 ὑπὸ
3323 3257 3527 3310 τούτων
3580 3252 3666 3321 οἷς
3718 3275 3891 3328 προσ-

2311 3353 2574 3423 έκρουσεν
2599 3351 2739 3421 ὑπὲρ
2764 3351 2875 3403 τῶν
2909 3349 3143 3413 πολλῶν,
3179 3349 3296 3403 ἀλλ’
3326 3350 3774 3421 ἐξοστρακισθεὶς
3803 3352 3892 3403 ὑπ’

2311 3442 2479 3499 αὐτοῦ
2533 3442 2629 3496 τοῦ
2669 3444 2865 3513 δήμου.
2926 3442 3143 3495 "Ea-rt”
3189 3442 3248 3495 δὲ
3301 3444 3395 3495 καὶ
3431 3443 3748 3513 κυϐερνήτῃ
3802 3445 3895 3496 καὶ

2312 3536 2476 3589 παντὶ
2506 3536 2739 3588 συνιδεῖν
2765 3535 2847 3587 ὅτι
2882 3532 3222 3604 κυϐερνήτης
3254 3533 3353 3604 μὲν
3395 3535 3548 3596 ὅστις
3603 3534 3895 3597 πλείστους

2312 3627 2541 3697 ἀθρόους
2554 3626 2598 3659 ⁸³
2629 3627 2833 3680 ἔσωσεν
2867 3626 3006 3695 ὑπὲρ
3032 3626 3077 3657 ³⁵
3102 3626 3328 3696 χιλίους,
3359 3626 3421 3678 τὸ
3448 3625 3505 3678 δὲ
3536 3624 3632 3679 τοῦ
3666 3628 3896 3697 ῥήτορος

2312 3719 2588 3789 πλήρωμα
2617 3718 2645 3771 ὃ
2674 3715 2835 3779 σώζει
2881 3716 2942 3769 ού
2977 3717 3119 3769 κατὰ
3168 3714 3303 3768 ναῦν
3349 3716 3498 3768 ἐστιν
3560 3719 3893 3785 Αἰγυπτίαν,

2312 3811 2435 3865 ούδέ
2463 3827 2525 3878 γε
2558 3810 2722 3881 [1264
2754 3808 2850 3880 8.]
2892 3810 3029 3870 ὅλως
3066 3810 3351 3878 μετρεῖται
3393 3808 3590 3878 στόλῳ,
3619 3810 3762 3861 ἀλλὰ
3806 3810 3898 3862 καὶ

2313 3903 2532 3972 λιμένες
2563 3901 2718 3955 αὐτοὶ
2741 3901 2785 3932 ³⁵
2816 3902 2912 3955 καὶ
2942 3900 3127 3962 πόλεις
3151 3900 3211 3953 ού
3249 3898 3563 3969 μυρίανδροι
3595 3900 3759 3970 μόνον
3779 3902 3900 3953 ἀντὶ

2312 3994 2424 4049 τῶν
2472 3993 2845 4066 μυριοφόρων,
2887 3992 3024 4046 ἀλλὰ
3078 3991 3173 4043 καὶ
3218 3991 3485 4061 μετρῆσαι
3525 3992 3790 4060 χαλεπαὶ,
3830 3994 3898 4061 τῇ

2312 4087 2412 4157 τῆς
2444 4088 2738 4157 ῥητορικῆς
2773 4085 3140 4138 ὑποπίπτουσι
3169 4084 3307 4155 τύχῃ
3333 4100 3394 4136 τε
3440 4084 3536 4137 καὶ
3566 4084 3898 4155 προστασίᾳ.

2315 4180 2427 4234 Καὶ
2451 4181 2479 4232 ὁ
2512 4179 2609 4249 μέν
2642 4196 2702 4247 γε
2716 4178 2761 4211 ⁸⁸
2809 4177 3148 4247 κυϐερνήτης
3196 4176 3444 4245 κατάρας
3472 4160 3658 4229 οὐκέτι
3701 4174 3816 4245 εχει
3849 4174 3902 4227 τί

2316 4272 2579 4341 χρήσεται
2614 4272 2679 4339 τῇ
2709 4268 2872 4340 τέχνῃ
2897 4282 2912 4297 '
2943 4265 3037 4319 τοῦ
3063 4266 3120 4318 δὲ
3157 4268 3383 4336 ῥήτορος
3425 4264 3579 4317 οὐδέν
3619 4267 3740 4317 ἐστι
3794 4285 3902 4334 χω-

2322 4362 2434 4432 ρίον
2469 4361 2765 4431 ἐξαίρετον.
2833 4357 2972 4411 Ἀλλ’
3025 4358 3114 4411 ἵνα
3150 4357 3192 4388 ³⁷
3232 4356 3308 4428 μὴ
3336 4357 3492 4423 λόγος
3550 4357 3688 4426 ήμίν
3741 4357 3901 4423 λόγον

638 4446 1105 4516 temperantiaque
1133 4456 1189 4499 et
1226 4444 1545 4501 fortitudine
1577 4458 1952 4503 conservetur.
1992 4450 2126 4504 Item
2158 4461 2202 4505 el

2321 4450 2622 4520 ἑκδέξηται,
2646 4448 2927 4518 ἀγαπητὸν
2957 4446 3016 4499 ὃν
3046 4448 3094 4499 εί
3134 4447 3230 4499 καὶ
3257 4448 3368 4509 τοῖς
3399 4446 3715 4516 ἐπικαίροις
3738 4447 3903 4515 ἐξαρ-

640 4540 692 4594 in
744 4541 830 4595 bis
884 4539 1013 4593 licet
1047 4539 1502 4593 animadvertere.
1546 4539 1760 4593 Etenim
1820 4555 1945 4595 cum
1988 4542 2061 4596 sit
2108 4542 2214 4597 hoc

638 4630 973 4695 concionari,
989 4645 1051 4684 ea
1076 4630 1276 4699 quibus
1292 4645 1429 4698 opus
1444 4639 1527 4683 est
1548 4631 1795 4685 invenire
1817 4646 1879 4687 ac
1898 4632 2209 4702 disponere,

639 4736 703 4776 ac
728 4724 985 4777 decorum
1016 4738 1138 4775 cum
1176 4731 1371 4776 ornatu
1411 4731 1464 4775 et
1490 4731 1760 4791 potestate
1782 4723 2097 4789 observare,
2127 4725 2214 4780 in-

639 4814 823 4869 ventio
848 4814 1063 4882 quidem
1097 4813 1397 4883 prudentia:
1442 4812 1693 4876 debetur,
1732 4828 1857 4867 eum
1893 4826 2129 4883 nequeat
2168 4816 2213 4869 is

638 4906 733 4974 qui
763 4906 1047 4974 prudentia
1077 4913 1286 4967 careat,
1320 4904 1450 4957 utile
1473 4905 1765 4973 quidquam
1788 4905 2055 4970 invenire,
2081 4917 2215 4960 tem-

639 4997 882 5067 perantia
924 5011 1053 5051 vero
1094 4995 1555 5051 administrationi
1596 5006 1812 5065 praeest,
1852 5006 1907 5051 ct
1940 4997 2213 5068 imperan-

2319 4542 2605 4611 κέσαιμεν,
2632 4540 2707 4592 ὲῶ
2734 4539 2794 4592 τὸ
2818 4537 2914 4591 νῦν
2941 4535 3079 4591 εῖναι
3104 4537 3201 4608 τὴν
3230 4537 3367 4608 ὑπὲρ
3398 4536 3587 4589 τούτου
3612 4537 3899 4608 διαφοράν.

2324 4633 2451 4705 [683
2487 4632 2579 4704 ιι]
2615 4633 2737 4685 ’Ότι
2784 4630 2885 4701 fl“
2944 4629 3208 4702 ῥητορική
3254 4629 3344 4683 διὰ
3398 4630 3617 4684 πάντων
3650 4631 3759 4683 τῶν
3801 4633 3903 4699 τῆς

2318 4726 2519 4797 ἀρετῆς
2551 4723 2758 4794 μορίων
2782 4723 2978 4794 διήκει,
3018 4722 3279 4792 φρονήσει
3332 4721 3433 4791 μὲν
3467 4721 3779 4790 εὑρεθεῖσα,
3809 4723 3894 4773 εύ-

2323 4817 2540 4887 ρεθεῖσα
2595 4815 2652 4868 δὲ
2719 4814 2860 4884 ὑπὲρ
2909 4813 3280 4882 δικαιοσύνης,
3334 4811 3662 4882 σωφροσύνῃ
3694 4812 3751 4864 δὲ
3808 4811 3901 4863 καὶ

2318 4909 2543 4979 ἀνδρείᾳ
2574 4906 2951 4976 φυλαττομένη
2977 4906 3042 4958 ³³.
3074 4904 3243 4957 Τοῦτο
3280 4904 3335 4956 δὲ
3366 4905 3461 4957 xal.
3507 4906 3650 4959 κατὰ
3679 4905 3900 4967 τούτους

2318 5002 2444 5064 τοὺς
2480 4998 2671 5066 λόγους
2705 4997 2821 5066 Ιοῦς
2853 4996 3033 5063 μέλλω
3054 4995 3099 5026 ⁸ο
3136 4997 3308 5050 εἰπεῖν
3332 4994 3524 5066 αὐτῆς]
3561 4998 3690 5050 ίδεῖν
3730 4997 3897 5051 ἐστιν.

1932 5177 2164 5236 νΑῐίΙίΕ
2200 5179 2605 5237 LECTIONES.

669 5296 748 5377 _"
772 5294 939 5377 χεορίς
980 5310 1128 5377 “tt-"05
1150 5295 1475 5377 προφᾴσεῳς
1500 5298 1735 5377 σφηξὶ..
1793 5300 1846 5377 _"
1874 5300 2013 5377 Δοὐδὲ
2053 5302 2279 5377 φαύλως
2309 5320 2418 5359 om.
2453 5306 2517 5358 Α.
2554 5376 2570 5377 7
2601 5302 2644 5333 ¹⁹
2829 5300 2974 5377 ἐνείη
2999 5298 3220 5377 omina.
3382 5302 3498 5377 τοῖς
3533 5332 3601 5340 -
3629 5303 3773 5367 ἕξειν
3804 5306 3896 5377 A_:

634 5363 920 5449 τῇς-τὲξει
951 5382 1011 5429 ς.
1089 5366 1131 5449 ξ¹
1160 5363 1431 5449 adlapsi
1452 5370 1535 5449 μὶ.
1713 5370 1841 5439 ἡμῖν
1869 5370 2001 5449 δξ-ού
2178 5374 2221 5449 ξ’
2249 5363 2648 5449 φανήσεταῌι]ᾲρ.
2683 5371 2803 5449 1
2882 5372 2927 5401 ’³
2952 5363 3085 5449 γὰρξ
3100 5370 3242 5449 δἈῙΔ
3300 5369 3350 5449 ’ξ
3377 5363 3808 5449 δείκνυμεν-ουτ.
3832 5375 3898 5449 ᾼ.

635 5440 686 5471 ³⁸
712 5434 897 5487 τοῦτον
928 5451 1037 5489 om.
1089 5434 1152 5488 A.
1230 5437 1275 5467 ²⁶
1298 5436 1403 5487 οὐδ’
1439 5439 1481 5487 Δ

636 5511 681 5542 ³ο
710 5523 773 5574 γε
814 5521 921 5557 om.
972 5505 1037 5556 Α.

1527 5454 1538 5491 :
1578 5438 1820 5511 obéévdg.
1898 5443 1941 5472 ⁸⁷
1970 5438 2275 5511 σύμϐουλον
2303 5438 2630 5498 -’ποιεί”Ᾱ.
2709 5442 2755 5473 ’⁸

1116 5505 1459 5582 ᾖξπε-ποίηκε
1508 5510 1570 5561 Α.
1645 5511 1687 5540 ³³
1732 5509 1847 5562 ἔστι
1902 5510 1979 5581 δὲΙ
2018 5505 2073 5582 ρ’.
2122 5514 2240 5568 155.

2785 5458 2847 5509 γε
2898 5456 3007 5493 om.
3056 5443 3123 5494 Α.

2914 5456 3007 5541 3m;
3056 5443 3123 5494 Α.
3199 5442 3363 5541 "Ant
3389 5443 3637 5541 ήνιόχους
3684 5461 3772 5499 om

2336 5515 2380 5547 ³⁸
2430 5514 2639 5583 ἀθρόως
2689 5513 2754 5567 Α.
2831 5510 3045 5583 ³⁸-

3096 5527 3204 5566 0m.
3239 5512 3303 5567 A.
3406 5512 3634 5566 ³³αύῖοὶ
3690 5534 3777 5569 om
3832 5521 3899 5569 Δ.

634 5581 680 5617 ³⁸
709 5591 771 5639 ’τε
801 5592 909 5631 OIII-
941 5575 1005 5628 Αο
1081 5575 1122 5606 ³⁷
1158 5575 1271 5627 ἀλλ’
1305 5576 1412 5641 ῖντ]
1440 5596 1487 5643 με
1522 5579 1638 5632 157.
1718 5582 1761 5611 ³⁸
1787 5582 1868 5633 ὅτι
1894 5575 2033 5651 ή]’ρῖ
2068 5584 2186 5637 160.
2265 5585 2309 5617 ³⁹
2334 5575 2713 5655 φυλασσομένη
2741 5600 2800 5647 ς.
2875 5580 2921 5612 ⁸ο
2947 5575 3039 5643 οὓς
3074 5581 3251 5651 μέλλω
3277 5583 3449 5637 είπείν
3482 5584 3655 5654 αὐτῆς
3686 5602 3774 5643 om
3832 5591 3897 5640 Α.

705 5805 815 5875 (86)
856 5807 983 5860 Vide
1016 5805 1359 5862 Plutarchum
1386 5818 1431 5859 et
1469 5807 1725 5872 Probum,
1752 5826 1844 5862 seu
1881 5810 2045 5865 Corn.
2093 5717 2385 5879 Νεῗνῗιξῖιῗ.
