4124 6412
263 444 395 510 1521

1276 454 1795 518 BIBLIOTHECA.
1830 452 1902 492 -λ
1931 456 2096 517 COD.
2134 455 2453 519 CCXLVII.

3376 457 3519 524 1522

256 557 420 612 Ἐστι
446 558 544 628 μὲν
573 558 681 629 γὰρ
730 558 794 629 δή
847 558 1009 612 πουδί
1047 559 1366 632 ῥητορεύειν
1421 563 1484 617 τὸ
1522 564 1593 618 τὰ
1642 564 1863 624 δέοντα⁴

1965 564 2071 618 ium
2105 580 2167 620 ac
2197 566 2497 634 parentium
2526 564 2849 621 concordiae.
2885 566 3016 621 Nam
3044 580 3143 636 pro
3160 566 3377 639 justitia
3409 570 3508 625 de-

255 650 504 721 ἐξευρεῖν
523 651 568 681 ⁵³
599 652 693 704 καὶ
741 651 905 717 τάξαι
934 651 1031 705 καὶ
1085 651 1154 705 τὰ
1211 652 1490 723 πρέποντα
1539 655 1830 709 ἀποδοῦναι

261 746 402 816 μετὰ
430 745 635 815 κόσμου
665 745 1087 816 καὶδυνάμεως.
1111 745 1363 801 Φαίνεται
1393 746 1450 800 δὲ
1475 750 1508 818 ὴ
1544 749 1643 818 μὲν
1673 747 1833 819 εὔρε-

260 854 346 901 σις
373 838 513 891 κατά
556 838 653 909 τὴν
698 838 960 908 φρόνησιν
1005 837 1226 909 ἔχουσα,
1286 838 1503 910 eti-nep”
1559 841 1835 910 ἀμήχανον

261 930 578 999 φρονήσεως
650 930 1081 1001 ἀπολειπόμενον
1150 930 1260 984 τῶν
1307 931 1596 1003 χρησίμων
1652 934 1837 1004 εὑρεῖν

269 1018 451 1073 ὁτιοῦν
479 1019 547 1086 ⁸⁸,
582 1022 614 1090 ἡ
651 1020 709 1075 δὲ
768 1020 1090 1091 σωφροσύνη
1133 1020 1275 1074 κατά
1310 1021 1410 1093 τὴν
1457 1021 1778 1092 διαχείρισιν
1793 1022 1838 1055 ⁸⁸

263 1110 400 1166 οὖσα
432 1113 523 1166 καὶ
556 1112 656 1184 τὴν
691 1111 801 1166 τῶν
844 1111 1170 1184 ἡγουμένων
1208 1128 1269 1166 τε
1303 1113 1399 1167 καὶ
1431 1113 1660 1167 εἰκότων
1702 1130 1843 1185 συμ-

263 1205 471 1273 φωνίαν
492 1220 506 1235 ⁸
539 1206 660 1259 ἀντὶ
675 1206 722 1244 ⁸⁸
758 1205 804 1258 δ’
856 1205 1029 1275 αὐτῆς
1046 1205 1089 1238 ⁵⁷
1120 1204 1469 1275 δικαιοσύνης
1520 1205 1582 1259 τὸ
1632 1205 1843 1277 πρέπον

261 1295 426 1349 τιθεῖ.
456 1294 627 1349 Τοῦτο
655 1295 713 1349 δέ
746 1298 894 1351 ἐστιν
917 1297 1078 1349 ὁποῖα
1094 1294 1143 1327 ⁸⁸
1174 1295 1313 1350 ἄττα
1354 1297 1451 1350 καὶ
1484 1296 1657 1351 ὁπόσα
1677 1314 1845 1369 προσο

265 1388 391 1458 ήκει
412 1389 626 1459 ἑκάστῳ
644 1388 814 1443 σῶσαι
836 1389 913 1460 τῷ
931 1389 1242 1460 πράγματι.
1275 1389 1438 1443 Ἀλλά
1460 1389 1567 1462 μὴν
1588 1389 1849 1460 ἀνδρείας

265 1479 333 1531 ἐκ
357 1479 452 1531 τοῦ
486 1479 670 1542 εύθέος
717 1479 841 1533 οὐδὲ
890 1479 1035 1534 οὓτω
1055 1478 1180 1522 ⁸⁹-⁶⁰
1234 1480 1482 1550 μετέχειν
1514 1480 1591 1543 ὡς
1625 1480 1655 1533 6
1687 1479 1846 1549 λόγος

271 1569 517 1640 βούλεται
540 1582 558 1600 ·
588 1571 651 1625 τὸ
678 1572 788 1642 γὰρ
816 1571 1069 1625 ταπεινὸν
1100 1571 1196 1625 καὶ
1224 1571 1447 1640 ἀγεννὲς
1475 1572 1628 1625 οὐδὲν
1649 1571 1845 1637 οὕτως,

266 1662 343 1725 ώς
366 1663 396 1715 6
423 1662 601 1730 λόγος,
634 1661 869 1732 ἐξορίζει
898 1664 992 1716 καὶ
1028 1664 1396 1734 ὑπερφρονεῖ·
1431 1663 1541 1718 εῖεν
1564 1664 1635 1717 ⁸⁸.
1678 1657 1847 1726 Οὗτος

267 1754 299 1805 6
324 1751 590 1805 νουθετῶν
610 1751 819 1806 ἀνύτει.
839 1745 1010 1816 Οὗτος
1036 1755 1064 1807 6
1090 1752 1413 1825 κατηγορῶν
1438 1754 1759 1808 πιστεύεται
1776 1754 1846 1810 δ’.

270 1843 381 1896 Καὶ
404 1842 511 1912 μὴν
540 1844 688 1906 ὅστις
705 1843 751 1876 ⁵³
791 1860 855 1913 γε
887 1844 923 1899 ἃ
964 1846 1209 1917 προσῆκε
1244 1844 1425 1913 λέγειν
1450 1839 1613 1909 οἶδεν,
1644 1839 1786 1898 οἶδεν
1802 1844 1848 1878 ⁸⁸

1938 669 2126 710 corum
2152 664 2404 723 ponatur,
2445 656 2588 725 quod
2632 656 2685 710 in
2716 670 2781 712 eo
2818 656 3092 723 consistit,
3131 666 3192 712 ut
3224 669 3426 729 quanta
3455 668 3512 715 et

1938 746 2124 816 qualia
2158 747 2390 817 singulis
2426 749 2589 803 rebus
2613 748 2962 814 conveniant,
2995 750 3339 806 observetur.
3372 750 3507 807 For-

1940 837 2231 893 titudinem
2258 846 2440 892 autem
2466 838 2603 892 nihil
2623 837 2759 893 adeo
2799 838 3054 907 requirit,
3084 847 3143 893 ut
3167 840 3365 895 oratio.
3416 838 3511 895 Ni-

1942 928 2019 985 hil
2057 930 2201 985 enim
2234 931 2564 985 exterminat
2595 930 2806 1001 longius
2831 944 2895 985 ac
2924 931 3325 1003 despicitzeque
3356 933 3513 1002 igno-

1942 1018 2211 1075 bilitatem
2247 1035 2409 1090 quam
2460 1020 2656 1074 oratio.
2708 1020 2840 1087 Quae
2886 1034 3010 1074 cum
3054 1020 3129 1075 ita
3177 1036 3235 1075 se
3257 1021 3515 1087 habeant,

1944 1112 2059 1166 hac
2094 1112 2435 1166 admonendo
2473 1109 2711 1180 proﬁcit,
2741 1118 2796 1164 et
2820 1110 3128 1165 accusando
3163 1110 3321 1165 fidem
3362 1110 3514 1165 facit.

1945 1200 2081 1256 Nam
2115 1202 2209 1271 qui
2250 1202 2382 1271 quid
2409 1202 2698 1257 dicendum
2739 1202 3007 1267 sitnovit,
3050 1203 3179 1271 quid
3206 1200 3514 1257 faciendum

1946 1292 2020 1347 sit
2042 1307 2147 1347 non
2182 1292 2396 1363 ignorat
2427 1309 2442 1347 :
2470 1303 2527 1347 et
2550 1306 2707 1347 nemo
2735 1301 2911 1361 potest
2956 1293 3163 1361 agenda
3196 1291 3515 1361 praecipere,

1946 1384 2038 1452 qui
2068 1383 2197 1454 quid
2222 1383 2487 1454 agendum
2519 1384 2591 1439 sit
2625 1384 2858 1453 ignorat.
2902 1382 3032 1437 Nam
3071 1391 3277 1452 quanto
3322 1381 3519 1435 melius

1947 1483 2033 1531 est
2074 1476 2342 1545 imperare
2382 1490 2543 1546 quam
2588 1476 2921 1537 ministrare,
2962 1484 3113 1529 tanto
3142 1484 3366 1543 praestat
3402 1489 3523 1543 quae

1947 1578 2161 1639 oportet
2197 1569 2384 1625 dicere
2444 1585 2605 1637 quam
2657 1569 2857 1624 facere.
2900 1567 2970 1623 Ut
3012 1568 3157 1621 enim
3203 1566 3294 1621 ille
3337 1565 3526 1621 multis

1948 1659 2237 1715 consilium
2278 1659 2544 1731 impertit,
2587 1661 2662 1715 ita
2715 1659 2801 1714 hic
2824 1660 3000 1713 instar
3038 1642 3267 1712 alterius
3302 1667 3387 1712 est
3426 1671 3522 1710 cu-

1944 1748 2140 1821 jusvis.
2195 1750 2378 1817 Quare
2432 1752 2570 1805 sicut
2624 1749 2911 1806 architecti
2996 1748 3162 1803 fabris
3214 1747 3535 1802 necessario.

1951 1850 2235 1912 praestant,
2273 1842 2523 1912 quamvis
2566 1843 2618 1896 in
2662 1842 2850 1898 eodem
2892 1849 3180 1897 versentur
3221 1853 3409 1907 opera,
3445 1840 3525 1891 sic

269 1933 309 1989 ἃ.
339 1934 600 2005 πράττειν
618 1936 883 2007 προσήκει
903 1952 918 1968 ’
937 1935 1114 2000 οὐδεὶς
1140 1936 1249 2006 γὰρ
1266 1935 1414 1991 ἔστιν
1429 1938 1601 2003 ὅστις,
1618 1936 1653 1991 ἃ
1671 1952 1843 2007 προσ-

1965 1953 2047 1994 eos
2069 1939 2163 2010 qui
2203 1938 2259 1993 in
2301 1936 2420 1992 foro
2445 1947 2501 1991 et
2527 1934 2759 1990 dicendo
2797 1932 3136 2003 praecellunt,
3186 1932 3378 1986 horum
3422 1931 3529 1983 mi-

273 2026 401 2094 ήκει
464 2026 723 2097 πράττειν
756 2028 931 2081 είπεῖν
969 2026 1161 2093 εἰδὼς,
1200 2026 1236 2082 ἃ
1283 2027 1552 2099 προσήκει
1594 2028 1852 2100 πράττειν

272 2119 492 2186 ἀγνοεῖ,
545 2118 652 2173 οὐδ’
696 2119 847 2182 ὅστις
901 2120 1113 2189 ἀγνοῶν
1168 2121 1204 2174 ἃ.
1236 2121 1504 2192 προσήκει
1551 2120 1851 2190 πράττειν,

277 2213 453 2264 εἰπεῖν
486 2211 619 2280 ἔχει.
651 2211 802 2282 Ὅσῳ
818 2212 863 2244 ⁸⁵
901 2212 1011 2282 γὰρ
1029 2213 1075 2246 ⁸³
1120 2213 1310 2283 ἄρχειν
1358 2212 1567 2283 βέλτιον
1606 2212 1855 2284 ἢδιακο-

277 2304 412 2365 νεῖν,
446 2303 684 2373 τοσούτῳ
714 2303 895 2373 λέγειν
925 2305 994 2357 τὰ
1038 2303 1227 2358 δέοντα
1261 2303 1471 2374 βέλτιον
1498 2304 1532 2374 ἢ
1570 2304 1853 2375 πράττειν.

293 2394 353 2448 'U
390 2396 488 2465 μὲν
528 2396 660 2465 γὰρ,
715 2390 895 2466 οἶμαι,
930 2397 1144 2460 πολλοῖς
1183 2396 1488 2467 σύμῦουλος
1538 2395 1771 2464 γίνεται,
1822 2399 1852 2451 6

278 2487 338 2540 δὲ
385 2486 505 2540 ἀνθ’
540 2488 656 2549 ἐνδς
690 2487 851 2542 ἄλλου
898 2488 1042 2551 τινὸς
1093 2488 1326 2555 γίνεται.
1362 2487 1574 2559 Ὠσπερ
1602 2483 1696 2542 οὖν
1729 2489 1858 2552 τοὺς

280 2579 673 2649 ἀρχιτέκτονας
717 2578 826 2632 τῶν
869 2578 1140 2633 τεκτόνων
1174 2578 1388 2649 ἀνάγκη
1440 2578 1728 2650 προέχειν,
1770 2579 1859 2632 δν-

280 2687 383 2734 τας
399 2671 444 2703 "
472 2671 622 2740 ὅμως
663 2671 791 2741 περὶ
817 2670 994 2725 ταυτὰ
1020 2670 1057 2726 ἃ
1092 2671 1187 2725 καὶ
1202 2670 1249 2703 ⁸⁸
1276 2670 1380 2740 τῆς
1432 2669 1541 2723 τῶν
1589 2669 1859 2724 τεκτόνων

288 2764 442 2817 ἐστὶν
489 2762 805 2834 ἐμπειρίας,
839 2762 981 2816 οὕτω
1031 2763 1126 2816 καὶ
1178 2763 1311 2826 τοὺς
1359 2764 1417 2815 ἐν
1468 2765 1590 2827 ταῖς
1634 2763 1862 2832 ἀγοραῖς

286 2855 387 2909 καὶ
418 2856 532 2919 τοῖς
579 2854 759 2923 λόγοις
787 2855 1122 2926 προέχοντας
1142 2855 1252 2909 τῶν
1289 2855 1499 2918 τούτοις
1526 2854 1862 2926 ὑπηρετούν-

286 2959 398 2996 των
442 2942 681 3013 βελτίους
710 2946 738 2998 6
784 2943 1015 3014 ποιητὴς
1045 2944 1209 3014 ἔθηκε
1250 2944 1345 2998 καὶ
1386 2947 1682 3015 προσεῖπεν
1735 2946 1861 3016 ἀρι-

292 3037 523 3106 πρεπεῖς
592 3036 738 3106 μάλα
784 3035 960 3107 ὀρθῶς
1016 3035 1353 3117 προσειπών.
1391 3038 1455 3090 Εί
1509 3037 1627 3090 se"
1661 3036 1864 3090 δεῖκαὶ

296 3125 471 3197 μῦθον
514 3126 719 3194 λέγειν,
750 3126 965 3180 δέδοικα
998 3128 1096 3197 μὲν
1141 3127 1252 3196 ἐγὼ
1284 3129 1359 3199 μὴ
1390 3131 1487 3182 καὶ
1534 3130 1656 3192 ταῖς
1688 3144 1862 3199 γραυ-

250 3280 253 3289 η
293 3219 378 3270 σὶν
407 3218 555 3288 ἡμᾶς
575 3218 835 3285 ἐξούλης
867 3217 1050 3286 ὀφλεῖν
1072 3217 1437 3272 ἐπισκώπτων
1483 3221 1559 3289 φῇ
1609 3235 1696 3282 τις
1722 3218 1863 3312 ἀνήρ
1891 3252 1935 3312 c

294 3308 563 3379 κωμικὸς,
610 3308 723 3379 ἐρῶ
753 3308 810 3361 δὲ
839 3308 898 3361 ού
946 3308 1115 3379 μῦθον
1158 3309 1335 3373 ἄλλως
1364 3308 1526 3362 αὑτὸν
1566 3310 1646 3371 είς
1668 3306 1862 3361 ἐαυτὸν

291 3399 653 3465 τελευτῶντα,
690 3397 824 3453 ἀλλὰ
847 3399 942 3453 καὶ
972 3398 1208 3453 ἐνταῦθα
1233 3402 1267 3470 ἡ
1292 3399 1442 3470 παρὰ
1463 3399 1571 3453 τῶν
1603 3398 1868 3469 πραγμά-

294 3507 403 3544 των
462 3489 755 3560 προσέσται
777 3491 825 3522 ⁸⁸
877 3489 1076 3553 πίστις.
1122 3491 1181 3545 Ὁ
1210 3491 1369 3563 μένθι
1401 3490 1494 3545 οὖν
1538 3490 1869 3562 Προμηθεὺς

295 3583 419 3637 καθ’
452 3583 681 3637 ’ἑκαστον
710 3584 798 3637 ἐπ’
828 3582 951 3655 ἴσης
973 3585 1017 3616 ⁸³
1048 3582 1222 3638 ἅπασι
1250 3585 1349 3648 τὰς
1368 3601 1429 3637 τε
1461 3583 1741 3653 αἰσθήσεις
1771 3582 1869 3637 καὶ

293 3674 363 3727 τὰ
382 3674 517 3745 μέλη
540 3675 635 3727 τοῦ
656 3675 907 3745 σώματος
929 3693 992 3729 συ
1001 3675 1336 3747 μπεπλακὼς
1358 3677 1405 3715 ⁸³
1431 3671 1500 3747 ἦν
1526 3675 1789 3746 πρότερον
1801 3674 1869 3707 ⁸⁸⁸

258 3822 259 3825 η
300 3767 395 3821 τὸν
429 3766 485 3820 δὲ
544 3766 754 3837 Ἑρμῆν
785 3769 883 3839 οὐχ
906 3768 1096 3832 ζοῦτως
1142 3767 1429 3821 ἐκέλευσεν
1454 3770 1483 3821 6
1518 3768 1656 3830 Ζεὺς
1681 3765 1874 3837 ὥσπερ

303 3859 569 3929 θεωρικοῦ
615 3860 852 3913 διάδοσιν
908 3860 1138 3927 διελεῖν,
1192 3861 1281 3914 ῑνα
1325 3861 1526 3923 πάντες
1577 3859 1876 3930 ῥητορικῆς

296 3951 496 4019 ἐφεξῆς
529 3952 805 4021 μετέχοιεν
839 3951 1028 4022 ὥσπερ
1082 3952 1380 4022 ὀφθαλμῶν
1424 3952 1519 4005 καὶ
1554 3950 1755 4021 χειρῶν
1781 3951 1877 4004 καὶ⁹

298 4043 499 4106 ποδῶν,
533 4042 647 4095 ἀλλ’
672 4043 1058 4114 ἐπιλεξάμενον
1086 4044 1212 4107 τοὺς
1239 4044 1496 4115 ἀρίστους
1513 4043 1607 4095 καὶ
1628 4059 1876 4111 γενναιο-

299 4135 493 4199 τάτους
544 4133 639 4208 καὶ
682 4135 780 4197 τὰς
826 4134 1021 4203 φύσεις
1057 4135 1605 4207 ἐρρωμενεστάτους,
1663 4133 1877 4197 τούτοις

301 4226 609 4295 ἐγχειρίσαι
659 4226 720 4280 τὸ
751 4226 946 4299 δῶρον,
980 4227 1070 4280 ίνα
1097 4224 1233 4296 ὁμοῦ
1281 4227 1424 4295 σφᾶς
1461 4244 1522 4280 τε
1553 4225 1754 4289 αὐτοὺς
1782 4224 1880 4280 καὶ

302 4320 425 4381 τοὺς
453 4318 648 4381 ἄλλους
671 4317 864 4383 σώζειν
894 4316 1093 4389 ἔχοιεν.
1147 4317 1518 4389 Ἀφικομένης
1548 4318 1606 4371 δέ
1664 4321 1884 4390 ρητορι·

266 4408 269 4409 ⁷
305 4411 407 4478 κῆς
432 4412 495 4463 ἐκ
522 4409 660 4464 θεῶν
678 4408 851 4475 οὓτως
877 4412 935 4474 ἐς
953 4410 1298 4483 ἀνθρώπους,
1328 4411 1677 4483 ἠδυνήθησαν
1715 4412 1815 4479 μὲν
1835 4412 1880 4444 ⁸³

304 4501 582 4572 ἄνθρωποι
628 4501 727 4575 τὴν
773 4503 911 4573 μετά
952 4502 1065 4556 τῶν
1112 4501 1318 4575 θηρίων
1357 4502 1571 4557 δίαιταν
1631 4502 1879 4574 χαλεπὴν

1954 2031 2151 2086 nistris
2193 2039 2353 2101 poeta
2391 2027 2652 2083 meliores
2681 2027 2887 2097 posuit,
2913 2034 2969 2080 et
3004 2024 3247 2079 illustres
3292 2021 3537 2093 appella-

1953 2119 2055 2184 vit,
2088 2120 2248 2190 idque
2288 2118 2579 2181 admodum
2625 2125 2795 2171 recte.
2830 2114 2985 2182 Quod
3025 2115 3071 2170 si
3111 2112 3289 2167 fabula
3313 2124 3532 2182 quoque

1957 2212 2230 2267 narranda
2280 2218 2386 2275 est,
2427 2222 2622 2263 vereor
2667 2208 2918 2276 equidem
2947 2244 2965 2271 ,
3003 2220 3071 2260 ne
3119 2205 3241 2275 quis
3289 2203 3535 2257 aniculas

1957 2304 2240 2358 nobiscum
2264 2302 2403 2355 unde
2424 2301 2475 2354 vi
2503 2314 2664 2369 posse
2691 2313 2857 2367 agere
2878 2298 3024 2352 dicat
3048 2312 3146 2367 per
3158 2297 3345 2366 iocum
3365 2294 3535 2350 comi-

1957 2410 2075 2451 cus.
2101 2394 2380 2449 Proferam
2414 2401 2595 2448 tamen
2622 2391 2879 2456 fabulam,
2909 2405 3014 2444 non
3048 2398 3252 2444 temere
3276 2388 3330 2442 in
3352 2387 3529 2456 seipsa

1960 2485 2322 2548 desinentem,
2349 2484 2444 2539 sed
2470 2490 2526 2537 et
2554 2496 2678 2537 cum
2711 2494 2892 2535 rerum
2932 2480 3037 2533 tide
3063 2477 3429 2544 coniunctam.
3470 2474 3532 2529 Et

1959 2578 2218 2647 quoniam
2243 2575 2601 2632 Prometheus
2631 2572 2747 2645 (87)
2777 2570 3057 2641 sigillatim
3088 2571 3367 2635 omnibus,
3408 2581 3535 2622 sen-

1960 2686 2054 2727 sus
2091 2681 2147 2725 et
2179 2669 2282 2724 alia
2301 2667 2549 2737 corporis
2569 2666 2815 2722 membra
2842 2664 3128 2729 formarat,
3160 2676 3265 2716 non
3297 2661 3371 2715 ita
3393 2660 3536 2715 Mer-

1962 2765 2116 2820 curio
2145 2760 2406 2831 praecepit
2433 2758 2669 2828 Jupiter,
2710 2756 2863 2826 quasi
2901 2754 3225 2810 theatralem
3251 2752 3537 2822 pecuniam

1960 2854 2157 2927 5206
2212 2852 2593 2915 distribueret,
2635 2856 2693 2903 ut
2728 2861 2924 2903 omnes
2961 2861 3029 2901 ex
3068 2843 3262 2900 ordine
3298 2844 3545 2900 rhetori-

1963 2959 2106 3009 cam,
2134 2942 2289 3014 quasi
2325 2941 2533 3007 oculos,
2564 2954 2780 3005 manus,
2814 2946 2907 2993 aut
2944 2940 3109 3008 pedes
3143 2948 3545 3004 consequeren-

1966 3048 2076 3106 tur,
2124 3037 2219 3092 sed
2266 3038 2501 3104 optimos
2533 3046 2780 3102 quosque
2818 3039 2875 3086 et
2923 3028 3312 3092 nobilissimos,
3348 3041 3413 3080 ac
3448 3040 3544 3080 na-

1968 3138 2089 3184 tura
2122 3126 2455 3183 validissima
2488 3124 2749 3196 pratditos
2780 3122 3053 3193 seligeret,
3097 3119 3294 3189 quibus
3321 3119 3424 3173 hoc
3444 3118 3546 3171 do-

1968 3238 2095 3278 num
2132 3220 2460 3290 impertiret,
2500 3232 2611 3289 quo
2641 3231 2762 3273 sese
2808 3215 3016 3285 pariter
3045 3224 3100 3268 et
3142 3212 3279 3267 alios
3327 3223 3554 3266 servare

1970 3319 2213 3383 possent.
2242 3310 2363 3364 lam
2406 3324 2531 3364 cum
2561 3308 2628 3363 ad
2666 3307 2939 3361 homines‘
2963 3320 2993 3359 a
3033 3304 3142 3358 diis
3184 3310 3330 3358 esset
3370 3299 3549 3356 delata

1971 3402 2267 3465 rhetorica,
2298 3410 2413 3456 tum
2460 3409 2519 3457 et
2570 3398 2875 3455 belluarum
2934 3391 3201 3452 terrorem
3254 3399 3550 3463 potuerunt

1971 3493 2232 3563 eﬂ‘ugere,
2255 3500 2310 3547 et
2332 3489 2650 3546 inimicitias
2674 3488 2913 3556 undique
2929 3486 3318 3554 deposuerunt,
3360 3496 3426 3536 ac
3453 3495 3553 3536 so-

1973 3584 2188 3643 cietatis
2243 3584 2574 3639 invenerunt
2622 3580 2865 3636 initium.
2916 3578 2990 3634 De
3042 3575 3316 3630 montibus
3366 3571 3563 3642 itaque

1974 3674 2388 3740 descendentes,
2414 3672 2508 3728 alii
2549 3674 2616 3727 ad
2654 3671 2761 3726 alia
2800 3670 2918 3725 loca
2959 3668 3065 3724 sibi
3095 3668 3329 3722 invicem
3350 3677 3551 3732 appro-

1976 3770 2358 3835 pinquarunt,
2403 3778 2470 3819 ac
2520 3763 2756 3832 primum
2788 3760 3007 3831 quidem
3049 3757 3151 3815 sub
3203 3757 3313 3821 dio,
3365 3764 3556 3826 postea

1975 3872 2110 3913 vero
2133 3857 2496 3913 invalescente
2529 3854 2644 3922 jam
2684 3866 2960 3917 sermone,
3012 3850 3201 3905 urbem
3233 3856 3558 3903 construxe-

1981 3956 2131 4013 runt,
2164 3962 2229 4003 ac
2251 3946 2580 4002 divisionem
2610 3944 2692 3999 sui
2728 3942 3079 3998 inStitucrunt
3109 3955 3217 3994 non
3255 3938 3565 4003 fortuitam,

1981 4052 2044 4097 ut
2073 4041 2224 4107 olim,
2262 4041 2357 4096 sed
2387 4040 2441 4095 in
2466 4039 2697 4094 formam
2727 4035 3160 4106 dignitatemque
3198 4030 3557 4101 collegiorum

1982 4132 2240 4204 paulatim
2275 4114 2576 4188 redactam.
2615 4129 2796 4198 Atque
2820 4127 2963 4181 huuc
3000 4122 3217 4193 quidem
3263 4122 3461 4177 haheat
3500 4120 3569 4175 fl-

1983 4238 2108 4279 uem
2146 4220 2352 4286 fabula,
2402 4220 2578 4287 capite
2613 4230 2851 4288 quoque,
2899 4215 2954 4269 ni
2992 4212 3171 4276 fallor,
3223 4225 3328 4265 non
3380 4209 3569 4278 inepto

1985 4316 2231 4387 praedita.
2266 4312 2657 4370 Verumtamen:
2691 4323 2798 4365 non
2838 4321 2959 4365 esse
2988 4305 3225 4360 tabulam
3263 4305 3424 4367 hanc,
3465 4316 3568 4357 nec

1988 4423 2100 4465 rem
2130 4407 2309 4462 ﬁctam
2338 4406 2435 4461 sed
2471 4419 2682 4468 veram,
2707 4411 2873 4472 atque
2908 4400 3149 4470 ipsarum
3192 4411 3374 4451 rerum
3408 4393 3576 4449 ratius

1988 4516 2135 4567 nem,
2188 4514 2254 4555 ex
2273 4498 2408 4569 ipsis
2454 4506 2625 4567 patet.
2674 4494 3014 4564 Quapropter
3046 4489 3091 4545 si
3137 4488 3301 4544 etiam
3343 4482 3568 4557 propius

306 4595 585 4664 ἐκφυγεῖν,
614 4593 927 4649 ἐπαύσαντο
950 4594 1009 4649 δὲ
1042 4594 1231 4665 ἐχθροὶ
1277 4594 1480 4657 πάντες
1502 4594 1661 4657 ὄντες
1715 4593 1863 4665 ἀλλή·

1990 4606 2298 4648 sermonem
2325 4589 2624 4657 deduxero,
2654 4587 2851 4641 mirum
2876 4583 2983 4638 nisi
3008 4581 3239 4637 delicias
3258 4579 3311 4633 in
3341 4579 3569 4633 demou-

304 4687 417 4750 λοις
438 4689 494 4739 ἐν
518 4687 722 4756 κύκλῳ,
750 4688 1035 4750 κοινωνίας
1058 4687 1114 4740 δὲ
1131 4680 1287 4757 εὗρον
1306 4687 1505 4757 ἀρχήν.
1530 4685 1886 4749 Καταϐάντες

306 4780 364 4833 δὲ
392 4783 455 4833 ἐκ
483 4780 589 4833 τῶν
612 4780 755 4852 ὀρῶν
777 4780 925 4835 ἄλλοι
954 4780 1077 4833 κατ’
1098 4780 1233 4834 ἄλλα
1259 4779 1402 4851 μέρη
1427 4781 1527 4850 τῆς
1558 4779 1886 4850 οἰκουμένης

306 4872 705 4942 ἐπλησιάσαντό
751 4889 816 4940 γε
872 4872 1087 4942 πρῶτον
1124 4870 1383 4943 ὕπαιθροι
1409 4911 1424 4937 ,
1481 4872 1620 4943 μετά
1647 4872 1705 4925 δὲ
1730 4872 1889 4935 τοῦτο

308 4964 412 5034 ἤδη
444 4963 604 5033 λόγου
650 4966 973 5036 νικήσαντος
1023 4964 1178 5019 πόλιν
1204 4983 1263 5019 τε
1291 4964 1766 5020 κατεσκευάσαντο
1794 4965 1890 5019 καὶ

307 5057 657 5128 διεκρίθησαν
677 5058 723 5091 ⁸⁸
772 5058 870 5129 οὐχ
907 5057 1097 5131 ὥσπερ
1146 5057 1445 5129 πρότερον,
1497 5056 1574 5121 ὡς
1615 5056 1805 5127 ἔτυχεν
1821 5058 1885 5122 θ’,

313 5148 456 5225 [καὶ]
474 5151 553 5215 είς
569 5150 631 5206 τὸ
657 5149 752 5205 νῦν
776 5151 966 5224 σχῆμα
1004 5152 1099 5206 καὶ
1117 5151 1336 5222 ἀξίωμα
1349 5154 1528 5222 χρόνῳ
1554 5165 1614 5203 τε
1631 5149 1724 5203 καὶ⁵
1751 5147 1893 5202 κατὰ

1992 4683 2352 4742 strationibus
2404 4680 2588 4736 facere
2624 4678 2969 4741 videbimur,
3009 4689 3110 4730 nec
3157 4671 3327 4727 ullum
3372 4667 3573 4736 poterit

1992 4782 2373 4847 argumentum
2404 4771 2621 4838 fortius,
2656 4785 2688 4825 a
2709 4782 2982 4840 quoquam
3003 4764 3086 4821 vel
3106 4762 3338 4835 sperari,
3373 4760 3578 4816 nedum

1994 4866 2247 4923 inveniri.
2289 4863 2477 4935 Neque
2514 4864 2658 4919 enim
2702 4862 2819 4932 ipse
2867 4868 3083 4915 tantum
3119 4856 3290 4919 Plato,
3330 4862 3390 4906 ut
3427 4863 3585 4921 saepe

1995 4971 2154 5027 ante,
2190 4959 2285 5015 sed
2314 4959 2453 5015 etin
2494 4957 2581 5013 bis
2607 4956 2738 5025 ipsis
2763 4951 3127 5017 sermonibus,
3166 4945 3398 5004 mirabili
3424 4945 3586 5000 vide-

1996 5053 2123 5108 licet
2153 5065 2318 5123 apere
2355 5049 2531 5121 palam
2570 5049 2769 5104 fatetur
2814 5045 3139 5101 rhetoricam
3174 5040 3381 5112 optima
3430 5051 3587 5106 qum-

1996 5159 2104 5217 que
2127 5157 2309 5217 sgere.
2334 5142 2460 5199 llaec
2479 5141 2546 5199 de
2559 5139 2922 5198 oblectatione
2938 5146 2992 5194 et
3009 5134 3257 5200 utilitate,
3280 5140 3339 5188 ut
3359 5129 3579 5201 saepius,

1628 5299 1863 5358 VARUS
1897 5296 2305 5355 LECTIONES.

384 5407 428 5479 5‘
458 5408 521 5479 δή
554 5424 659 5462 που
686 5388 916 5479 Α.Δ
964 5403 1009 5479 ξ’
1041 5402 1223 5479 εὑρεῖν
1249 5403 1315 5455 Δ.
1346 5400 1437 5479 ,⁵³
1456 5399 1624 5479 εἴπερ.
1637 5396 1893 5479 ρξότιρῦν
1919 5410 2029 5452 om.

313 5477 452 5533 τίθει
488 5463 594 5532 om.
626 5478 690 5532 A.
766 5477 810 5509 "
857 5472 1052 5546 αὐτῆς]
1077 5463 1265 5546 malim
1306 5465 1375 5546 αὖ
1421 5463 1660 5546 silc)!“
1684 5468 1849 5546 ὀποῖα
1876 5497 1947 5546 --_
1977 5463 2095 5537 καὶ]
2131 5466 2257 5546 ποῖα
2284 5466 2411 5546 -ῇ

315 5530 391 5580 ί²ί
414 5530 726 5601 πιστεύεται
775 5562 885 5602 om.
929 5530 1052 5598 A.m
1073 5544 1120 5576 ⁸³
1155 5538 1333 5612 οὗτος]
1366 5556 1419 5611 p.
1474 5530 1597 5595 ίθῖ.
1758 5533 1901 5612 οἶδεν
1925 5536 1979 5612 ἃ-
2000 5530 2095 5612 __-_-'
2122 5535 2279 5612 είδὼς
2324 5530 2447 5612 add.
2500 5534 2579 5612 At
2641 5530 2849 5612 “6659]
2878 5543 2931 5612 Ρ.

2236 5395 2281 5428 ⁸⁸
2323 5393 2633 5464 διαχήρισιν
2662 5391 2707 5464 Α
2734 5406 2749 5444 =
2778 5387 3113 5464 διεχεέρησιν
3141 5405 3201 5452 ς.

2442 5457 2507 5516 Ᾰζ
2586 5463 2699 5504 ⁸⁹ο¹⁵⁰
2744 5457 3036 5513 ούδέοθτω
3086 5471 3195 5511 om.
3228 5457 3295 5510 Α.

317 5560 363 5580 "
414 5560 726 5601 πιστεύεται
775 5562 885 5602 om.
929 5560 993 5598 Α.
1073 5560 1120 5576 ’⁸
1155 5560 1333 5612 ουτοςι
1366 5560 1419 5611 Ρ·
1474 5560 1597 5595 ποτε
1682 5560 1731 5571 ’⁷
1758 5560 1960 5592 οιοενα
2009 5567 2077 5578 “··
2122 5560 2279 5599 ειοως
2324 5560 2447 5587 “uu‘
2500 5560 2563 5587 ’³⁸
2644 5560 2683 5564 ’⁷
2713 5560 2849 5602 υ⁰ΨΙ
2879 5560 2931 5598 ν’
2991 5560 3110 5582 ¹ν⁰’
3296 5560 3416 5593 ¹“⁸’¹
3447 5560 3474 5573 ’⁸
3516 5560 3581 5576 ⁸”

317 5620 363 5653 ⁵⁷
393 5615 574 5687 όντας]
598 5618 765 5680 ὅντως
795 5617 859 5672 Α.
888 5686 896 5687 7
933 5618 980 5649 ”
1011 5615 1105 5669 καὶ
1131 5622 1252 5682 post
1341 5627 1450 5667 om.
1484 5612 1549 5665 A.
1622 5610 1669 5687 ‘_’
1690 5609 1739 5663 εί
1769 5606 1847 5687 δὲ]
1881 5624 1933 5687 Ι);
1961 5607 2082 5661 “57-
2160 5607 2205 5687 ξ’
2237 5604 2619 5687 πρρςεστξνχΑο
2687 5602 2740 5687 ,ξ’
2773 5602 2801 5655 ὁ
2836 5596 3233 5687 μέθη
3463 5592 3595 5663 In;

319 5705 429 5747 out.
454 5688 515 5740 Α.
558 5681 631 5718 ’⁸³
659 5686 949 5752 πεπλακὼς
983 5688 1047 5741 Δ.
1124 5690 1173 5723 οδ
1202 5682 1461 5754 πρότερον
1488 5696 1597 5737 out.
1626 5681 1688 5736 Λ.

1792 5676 1845 5711 ⁸⁵⁷
1878 5677 1975 5747 μὲν
2004 5693 2113 5731 οιιι.
2154 5676 2213 5730 Α.

2325 5678 2369 5711 ⁸ο
2402 5674 2496 5729 καὶ
2524 5671 2893 5745 διεκρίθησαν.

1855 5790 2085 5847 ΝΟΤίΕ.

397 5890 509 5961 (87)
546 5892 757 5948 Ilcsiod.
797 5909 807 5944 ι
837 5894 1082 5959 "Erytum
