4124 6406
312 418 453 485 1525
1350 420 1425 479 B1
1437 420 1874 482 BLIOTHECA.
1905 450 1922 459 -

2022 422 2173 484 COD.
2199 424 2520 486 CCXLVI].
3441 424 3583 487 1526

306 536 465 591 τοῦτο
495 535 669 590 αὐτὺ⁹
708 536 835 598 τοὺς
862 534 1112 595 πολλοὺς,
1149 532 1292 604 [685
1323 533 1416 604 H.]
1462 534 1583 603 μηδ’
1614 534 1690 597 ὡς
1723 535 1892 605 ψήφῳ
1919 587 1922 595 ε

2022 537 2225 593 lmnino
2262 548 2443 593 autem
2492 548 2546 593 et
2595 539 2796 609 ubique
2844 540 3000 595 nobis
3050 539 3309 594 excidunt
3357 540 3573 605 calculi,

312 626 533 695 καθαρᾷ
556 625 921 707 προσέχοντας
941 621 1184 691 θᾶττονῆ
1215 623 1483 690 συμφέρει
1503 622 1894 691 βουλεύσασθαι

2022 624 2313 699 primusque
2354 628 2669 699 suﬂragium
2710 630 2817 686 fert
2862 632 2977 702 ipse
3017 632 3193 695 Plato,
3250 642 3303 687 et
3344 633 3575 692 medius,

309 717 438 787 περὶ
458 717 564 768 τῶν
581 716 602 747 ³
628 716 977 784 τηλικούτων.
1014 716 1264 783 Πανταχῆ
1288 713 1304 740 ⁸
1331 713 1388 765 δὲ
1414 714 1506 766 καὶ
1529 713 1615 766 διὰ
1638 715 1854 767 πάντων
1872 717 1892 747 ⁸

2022 731 2060 772 ιι
2089 722 2262 787 aiunt,
2294 732 2455 791 atque
2480 732 2811 792 postremus.
2843 725 2921 777 Ac
2944 725 3155 780 videor.
3190 740 3311 778 cum
3358 723 3569 778 Platoni

310 806 671 860 ἐκπίπτουσιν
695 808 825 876 ἡμῖν
856 808 912 860 αἱ
935 805 1125 875 ψῆφοι.
1150 803 1371 874 Πρῶτος
1396 803 1453 856 δέ
1482 804 1705 859 Πλάτων
1735 806 1895 867 astu;

2022 814 2344 879 :nntradico,
2397 815 2633 869 maxime
2677 830 2800 867 cum
2850 816 2971 883 ipso
3005 817 3230 876 sentire,
3265 830 3341 881 et,
3388 825 3446 869 ut
3477 817 3579 869 hoc

311 897 609 967 ψηφίζεται
654 899 748 950 καὶ
784 897 968 967 μέσος,
1021 894 1229 963 φασὶθ,
1280 894 1374 946 καὶ
1406 894 1731 958 τελευταῖος.
1784 897 1896 948 Καὶ

2026 901 2109 953 oci
2139 916 2303 956 causa
2336 902 2555 971 addam,
2594 902 2788 974 42ιό
2816 919 2939 960 eum
2974 906 3272 961 semiudum
3329 906 3572 961 comicos

314 994 608 1048 κινδυνεύω
637 994 806 1048 δοκῶν
835 992 1136 1059 ἀντιλέγειν
1165 990 1411 1043 Πλάτωνι
1458 991 1660 1053 παντὸς
1698 991 1900 1060 μᾶλλον

2022 992 2071 1043 id
2121 1000 2372 1047 oratores
2427 995 2583 1061 quasi
2628 994 2999 1065 aufugientem
3059 1006 3431 1059 retracturus,
3486 994 3579 1064 qui

316 1086 725 1156 συναγορεύειν.
781 1087 844 1138 Εἰ
878 1086 935 1137 δὲ
982 1083 1059 1135 δεῖ
1106 1099 1159 1135 τι
1213 1082 1305 1134 καὶ
1353 1083 1564 1150 παῖξαι,
1619 1083 1760 1136 δοκῶ
1810 1100 1900 1153 μοι

2022 1091 2291 1150 ιοειηιιοηι
2323 1085 2595 1149 didicerit,
2627 1102 2686 1140 se
2707 1088 2905 1157 jactet.

319 1167 478 1241 “268
497 1178 589 1252 R.]
620 1180 746 1243 τοὺς
776 1179 1194 1250 κωμῳδοποιοὺς
1216 1178 1405 1247 ὥσπερ
1427 1176 1891 1247 ἀποδιδράσκοντα
1930 1175 2094 1229 αὑτὸν
2127 1177 2303 1244 ἕλξειν
2340 1179 2421 1241 είς
2457 1182 2582 1242 τοὺς
2618 1181 2873 1251 ῥήτορας,
2910 1183 2990 1235 ὅτι
3057 1180 3244 1252 μαθὼν
3306 1180 3580 1235 καλλωπί-

319 1272 521 1337 ζεται7.

332 1360 690 1432 Ἀριστείδου
740 1362 808 1414 ἐκ
856 1361 965 1414 τοῦ
1000 1359 1474 1432 ἐπιγραφομένου
1514 1359 1698 1432 λόγου
1746 1361 1907 1432 Πληι-

392 1430 638 1498 τωνικὸς
683 1432 875 1499 τρίτος
923 1430 1067 1499 πρὸς
1131 1430 1461 1483 Καπίτωνα.
1488 1458 1557 1467 -
1589 1430 1658 1481 Td
1703 1430 1907 1496 Προοί-

322 1515 327 1519 ’
388 1520 548 1572 μιον.

392 1588 505 1639 Νῦν
557 1587 663 1639 σεδ
714 1586 809 1638 καὶ
855 1586 1053 1655 μᾶλλον
1093 1584 1375 1656 φιλοῦμεν,
1406 1584 1578 1647 οὕτως
1622 1578 1899 1654 ἐρωτικῶς

324 1678 419 1732 τοῦ
456 1678 738 1740 Πλάτωνος
770 1676 981 1747 ἔχοντα,
1022 1676 1079 1729 ὃν
1107 1676 1217 1744 ἐγὼ
1244 1676 1407 1747 φαίην
1439 1676 1502 1730 ἂν
1531 1675 1708 1746 τιμῶν
1732 1678 1750 1707 ⁸
1779 1674 1899 1727 καθ’

325 1769 595 1839 Ὅμηρον,

708 1856 885 1914 Ἶσον
910 1859 1022 1928 ἐμῇ
1054 1862 1242 1927 κεφαλ
1256 1859 1309 1927 ᾗ.

2012 1358 2199 1412 Oratio
2245 1358 2401 1409 tertia
2440 1358 2688 1410 Aristidis
2728 1358 2979 1424 inscripta
3012 1356 3302 1409 Platonica:
3325 1357 3393 1408 ad
3423 1354 3584 1425 Capi-

2466 1441 2657 1480 tonem.
2690 1457 2755 1467 —-
2796 1426 3131 1480 Prooemium.

2075 1578 2229 1633 Nunc
2273 1589 2323 1633 te
2365 1594 2537 1645 magis
2589 1581 2752 1631 etiam
2798 1593 3084 1642 amamus,
3126 1593 3250 1633 cum
3302 1578 3599 1632 Platonem

2004 1680 2153 1723 tanto
2178 1671 2354 1723 studio
2386 1673 2730 1739 prosequeris
2751 1710 2763 1733 ,
2797 1686 2956 1740 quem
2987 1685 3087 1739 ego
3118 1668 3349 1723 dixerim
3398 1670 3583 1724 colere

2005 1778 2107 1827 me,
2139 1761 2433 1815 scentulum
2476 1760 2759 1814 llo-uerum
2798 1779 2811 1815 :

2216 1847 2336 1901 Non
2367 1865 2514 1903 secus
2546 1859 2702 1917 atque
2726 1865 2895 1902 meum
2924 1860 3078 1916 caput
3114 1849 3248 1919 (88).

327 1952 389 2003 El
417 1952 525 2022 γάρ
570 1968 654 2005 τοι
672 1952 717 1983 ¹⁰
759 1954 853 2005 καὶ
898 1953 1098 2013 πάντες
1132 1951 1323 2019 φαῦλοι
1354 1951 1488 2023 πρὸς
1530 1952 1756 2015 ἐκεῖνον,
1782 1951 1896 2005 ἀλλ’

2022 1938 2214 1992 Etenim
2255 1940 2501 2007 quamvis
2557 1954 2743 1993 onmes
2792 1939 2935 1994 illius
2973 1942 3379 2009 comparatione
3433 1941 3597 1997 nihili.

327 2045 557 2105 ἕκαστος
597 2042 922 2113 τιμιώτατος
969 2045 1130 2109 αὐτὸς
1162 2043 1359 2113 ἐαυτῷ,
1403 2042 1555 2111 φασί.
1605 2043 1796 2095 Καίτοι
1851 2043 1904 2095 τί

2022 2042 2157 2095 sunt,
2207 2032 2306 2085 sibi
2364 2041 2539 2084 tamen
2601 2032 2850 2100 quisque,
2907 2042 2965 2085 ut
3028 2033 3201 2100 aiunt,
3245 2044 3328 2089 est
3374 2035 3585 2090 charis-

328 2138 507 2202 λέγως
538 2138 651 2188 υὺκ
679 2131 795 2187 οἴδα
827 2136 923 2204 μὲν
946 2135 1055 2205 γάρ
1083 2136 1130 2188 εἰ
1157 2133 1451 2197 πιστεύεις,
1480 2132 1675 2203 άληθές
1703 2132 1749 2185 δ’
1773 2131 1903 2202 ἐρῶ.

2022 2127 2197 2179 simus.
2242 2122 2347 2178 Sed
2376 2122 2504 2191 quid
2543 2121 2669 2176 aio?
2700 2121 2961 2191 Equidem
3005 2125 3189 2179 nescio
3221 2140 3289 2180 an
3333 2126 3409 2181 sis
3447 2142 3583 2180 cre-

330 2229 393 2280 ΕΞ
424 2228 481 2280 δὲ
511 2227 585 2297 μὴ
636 2227 803 2294 ἐγγὺς
853 2226 1057 2278 ἐκεῖνον
1090 2226 1298 2295 ἔφησας
1337 2225 1494 2295 ἡμῶν
1524 2220 1682 2285 εἶναι,
1717 2223 1817 2275 οὐκ
1842 2222 1908 2275 ἂν

2022 2217 2246 2279 liturus,
2278 2214 2452 2267 dicam
2488 2222 2667 2267 tamen
2697 2214 2840 2282 quod
2874 2222 2958 2268 est
2999 2229 3208 2269 verum.
3238 2214 3373 2269 Nam
3397 2215 3441 2270 si
3461 2230 3599 2270 eum.

329 2317 472 2370 οὕτω
500 2334 568 2386 με
603 2317 873 2387 εὔφρανας
896 2317 961 2380 ¹¹,
1003 2317 1078 2381 ὼς
1119 2318 1199 2370 ὅτι
1232 2315 1663 2386 προκατείληψαι
1689 2313 1868 2379 δείξας
1891 2333 1904 2346 ·

2022 2306 2288 2359 nobiscum
2335 2318 2402 2358 ne
2436 2304 2862 2373 comparandum
2894 2306 3110 2374 quidem
3164 2320 3285 2360 esse
3328 2307 3583 2370 dixisses,

330 2406 506 2469 οὕτως
529 2406 653 2475 ἐμοὶ
681 2406 833 2475 φίλος
856 2404 997 2476 ἀνὴρ
1020 2405 1115 2458 καὶ
1136 2405 1307 2473 φίλων
1333 2405 1608 2458 ἐπέκεινα.
1644 2403 1848 2473 Συνέϐη
1864 2402 1907 2433 ¹¹

2022 2411 2116 2451 non
2155 2397 2227 2449 ita
2276 2394 2489 2449 ltetatus
2513 2409 2718 2462 essem,
2746 2409 2809 2449 ac
2836 2409 3120 2466 postquam
3149 2406 3200 2451 te
3233 2412 3585 2467 pratoccupa-

332 2497 391 2550 δέ
423 2514 513 2567 μοι
541 2497 635 2550 καὶ
660 2498 788 2567 ιπερὶ⁵
820 2496 1169 2567 Δημοσθένην
1195 2497 1432 2549 τοιοῦτον
1459 2497 1645 2567 ἕτερον
1666 2513 1678 2527 ·
1717 2495 1909 2565 φράσω

2022 2500 2125 2545 lum
2150 2490 2455 2545 ostendisti.
2486 2490 2639 2544 Adeo
2664 2490 2794 2545 mihi
2828 2493 3035 2546 amicus
3070 2502 3153 2546 est
3182 2493 3285 2558 vir,
3310 2502 3365 2547 et
3392 2492 3587 2547 amicis

331 2592 391 2645 δὲ
417 2590 671 2660 καὶπρὸς
699 2588 758 2642 σέ
780 2588 824 2620 ¹³
846 2604 861 2620 ·
911 2587 1072 2660 Ἀνὴρ
1100 2586 1208 2640 τῶν
1252 2589 1315 2639 ἐκ
1354 2588 1453 2656 τῆς
1492 2586 1779 2656 γερουσίας
1811 2586 1912 2655 τῆς

348 2682 657 2752 Ῥωμαίων,
686 2681 852 2745 Λίϐυς
873 2681 940 2734 τὰ
962 2681 1183 2750 ἀρχαῖα,
1212 2678 1459 2748 Μάξιμος
1488 2678 1745 2748 τοῦνομα,
1766 2678 1913 2744 ἄξιος

338 2777 465 2828 ὅτου
502 2773 680 2843 βούλει
731 2772 887 2842 (φασὶ
904 2772 947 2803 ⁸⁵
988 2772 1043 2825 δὲ
1081 2774 1130 2825 οἱ
1171 2771 1343 2824 ταῦτα
1384 2772 1549 2824 δεινοὶ¹
1586 2772 1678 2824 καὶ
1709 2770 1915 2841 ῥήτορα

337 2866 502 2920 αὐτὸν
540 2868 597 2918 ἐν
630 2864 869 2935 πρώτοις
915 2858 1053 2916 εἶναι
1091 2862 1435 2932 Ῥωμαίων),
1473 2855 1691 2925 οὗτος·11⁵
1717 2864 1830 2923 τοῖς
1853 2878 1913 2915 τε

338 2956 713 3027 Δημοσθένους
757 2955 937 3022 λόγοις
980 2954 1299 3022 προσέκειτο
1328 2953 1638 3023 ὑπερφυῶς,
1690 2952 1782 3005 καὶ
1816 2952 1915 3004 οὐκ

340 3046 437 3104 οτδ’
462 3051 642 3102 ὅντινα
684 3046 885 3117 τρόπον
918 3046 1074 3098 xui.“
1105 3047 1217 3108 τοῖς
1257 3044 1550 3115 ἡμετέροις
1596 3042 1740 3096 ἐάλω
1787 3041 1914 3096 τού-

338 3152 476 3197 τοις.
505 3137 701 3206 Ἔτυχε
737 3137 846 3206 γάρ
881 3154 971 3206 μοι
1000 3136 1158 3203 λόγος
1189 3152 1272 3197 τις
1301 3133 1669 3202 πεποιημένος
1703 3135 1767 3185 ἐκ
1796 3133 1916 3202 τρί-

341 3246 451 3279 των
480 3229 616 3298 πρὸς
646 3229 938 3296 Λεπτίνην,
967 3227 1026 3291 ἐξ
1051 3226 1225 3296 ἀρχῆς
1245 3226 1455 3278 τοιᾶσδε
1474 3225 1538 3277 ιτ.
1570 3218 1728 3293 Εἶχον
1756 3224 1854 3293 μὲν
1874 3223 1918 3257 ¹⁸

342 3320 451 3387 γὰρ
480 3295 538 3371 ἐν
570 3320 737 3388 χερσὶ
764 3295 1048 3386 τὸνλόγον
1200 3316 1295 3369 τοῦ
1325 3314 1700 3387 Δημοσθένους
1719 3317 1784 3381 ‘9,
1823 3314 1918 3368 καὶ
1942 3295 1987 3358 C

342 3410 417 3471 ὡς
446 3411 708 3479 ἐγενόμην
741 3410 831 3462 ἐπὶ
857 3410 965 3462 τῶν
995 3407 1300 3477 κεφαλαίων
1322 3406 1357 3461 ἃ
1384 3406 1477 3460 τοῦ
1506 3407 1768 3459 Λεπτίνου
1794 3407 1923 3477 μέλ-

346 3498 529 3561 λοντος
575 3501 719 3569 ἐρεῖν
767 3500 1166 3569 ὑποτέμνεται,
1213 3499 1529 3573 ἀποστῄσας
1563 3497 1797 3566 ἐμαυτὸν
1827 3498 1921 3551 τοῦ

347 3591 720 3658 Δημοσθένους
748 3591 840 3642 ὑπ’
870 3590 1107 3660 ἐμαυτοῦ
1136 3607 1189 3642 τι
1220 3590 1525 3661 συνεώρων,
1563 3590 1652 3651 Ὠς
1680 3590 1735 3642 δὲ
1766 3582 1924 3662 εὗρον

346 3682 439 3732 καὶ
467 3681 560 3732 δύο
595 3681 690 3733 καὶ
734 3680 863 3750 τρία
911 3681 1018 3733 τῶν
1050 3682 1357 3751 χρησίμων,
1400 3679 1631 3733 ἐνταῦθα
1662 3682 1825 3737 πάλιν
1857 3678 1923 3737 αὖ

348 3770 436 3822 ἐπ’
463 3770 591 3823 ἄλλο
636 3786 691 3822 τι
747 3770 1010 3841 ἐχώρουν.
1059 3772 1168 3825 Καί
1208 3789 1297 3841 μοι
1336 3773 1659 3841 πειρωμένῳ
1708 3772 1767 3825 τὸ
1798 3772 1927 3825 αὐτὸ

344 3859 433 3913 ἀεὶ
456 3860 756 3914 συνέϐαινε.
775 3863 885 3914 Καὶ
907 3860 1050 3914 οὕτω
1070 3862 1133 3931 δὴ
1149 3862 1265 3928 ⁸ιίιπὸ
1286 3862 1379 3913 τοῦ
1408 3862 1711 3930 κρασπέδου
1738 3862 1817 3913 θοι
1826 3862 1927 3929 μάο

346 3969 479 4015 τιον,
510 3954 558 4005 ει
584 3952 639 4005 δὲ
668 3952 866 4021 βούλει,
898 3952 987 4006 τὸν
1025 3953 1214 4005 λέοντα
1241 3952 1347 4005 ἀπὸ
1376 3950 1470 4003 τοῦ
1500 3951 1688 4019 ὄνυχος
1730 3953 1927 4022 ἀπειρ-

348 4043 627 4113 γασάμην.
676 4044 877 4097 Τοῦτον
930 4042 1077 4112 αὑτῴ
1115 4044 1206 4095 τὸν
1244 4044 1401 4110 λόγον
1446 4042 1613 4106 δεῖξαι
1636 4044 1681 4074 ²⁰
1714 4042 1929 4111 ἐπεχεί-

359 4152 529 4204 ρησα·
573 4136 665 4188 καὶ
703 4136 910 4205 μέλλων
941 4134 1216 4200 Setiam",
1252 4139 1509 4206 προεῖπον
1545 4136 1626 4188 ὅτι
1656 4135 1793 4205 πρὸς
1828 4135 1930 4187 Λε-

349 4225 545 4293 πτίνην
586 4226 956 4295 ἐφευρημένος
980 4228 1078 4279 σὺν
1105 4225 1183 4296 τῷ
1211 4227 1351 4295 πρὸς
1387 4226 1662 4296 Λεπτίνην
1694 4225 1929 4295 ἐφευρη-

350 4319 515 4372 σει”.
556 4313 703 4389 τΑρα
737 4320 811 4389 μὴ
844 4319 1013 4372 ἀδικῶ
1044 4336 1137 4386 σε;
1202 4318 1338 4390 ἔφην
1383 4318 1493 4388 ἐγώ
1508 4320 1574 4373 ’³.
1622 4320 1730 4373 Καὶ
1757 4318 1816 4381 ὃς
1851 4318 1926 4389 μὰ

351 4409 451 4461 Δία
481 4408 717 4475 εὐγενῶς
744 4426 802 4460 τε
834 4410 922 4461 καὶ
946 4408 1018 4471 ὡς
1045 4410 1111 4463 ἂν
1136 4411 1242 4474 πᾶς
1270 4410 1483 4480 ἠράσθη
1516 4427 1574 4463 τε
1600 4410 1695 4463 καὶ
1715 4409 1929 4479 ἠγάσθη

2013 2584 2265 2639 omnibus
2304 2584 2498 2655 potior.
2554 2584 2742 2639 Simile
2773 2592 2954 2640 autem
2988 2586 3131 2640 circa
3150 2586 3587 2649 Demosthenem,

2014 2689 2230 2746 quoque
2259 2675 2391 2729 mihi
2431 2675 2686 2745 quiddam
2719 2676 2972 2745 contigit,
3009 2677 3152 2746 quod
3175 2677 3288 2746 jam
3327 2678 3585 2732 narrabo.

2018 2768 2252 2822 Senator
2303 2767 2523 2837 quidam
2577 2765 2891 2832 Romanus,
2936 2781 3001 2821 ex
3042 2768 3225 2821 Africa
3275 2769 3540 2823 oriundus
3572 2808 3586 2831 ,

2016 2859 2285 2915 Maximus
2333 2860 2572 2923 nomine,
2620 2860 2705 2915 vir
2733 2861 2937 2929 gravis,
2979 2869 3035 2915 et
3068 2870 3257 2916 orator
3295 2862 3440 2935 inter
3476 2861 3590 2916 Ro-

2019 2965 2206 3005 manos
2243 2952 2482 3021 primus,
2518 2963 2576 3007 ut
2614 2952 2767 3006 aiunt
2791 2951 2992 3022 quibus
3027 2952 3140 3006 hanc
3181 2960 3308 3005 sunt
3345 2966 3512 3015 cura},
3546 2952 3599 3006 is

2019 3041 2396 3097 Demosthenis
2434 3044 2774 3099 orationibus
2811 3045 3044 3100 mirifice
3081 3054 3200 3098 erat
3238 3044 3506 3108 addictus,
3540 3053 3599 3099 et

2022 3133 2225 3187 nostris
2272 3150 2487 3204 quoque
2535 3135 2654 3189 istis
2697 3135 2881 3190 nescio
2913 3149 3021 3203 quo
3046 3144 3205 3203 pacto
3255 3136 3591 3205 capiebatur.

2022 3223 2262 3277 Tertiam
2303 3225 2369 3278 ad
2406 3223 2688 3294 Leptinem
2712 3226 3013 3281 orationem
3066 3224 3208 3281 forte
3248 3228 3594 3296 conscripse-

2024 3327 2137 3364 ram
2166 3330 2229 3366 ex
2280 3314 2370 3366 tali
2408 3315 2716 3369 occasione.
2765 3314 2900 3370 Cum
2947 3316 2998 3369 in
3043 3315 3293 3372 manibus
3335 3320 3593 3393 haberem

2026 3401 2400 3457 Demosthenis
2432 3404 2759 3472 orationem,
2819 3416 3108 3476 postquam
3142 3409 3209 3462 ad
3239 3409 3415 3477 capita
3446 3410 3595 3477 veni,

2026 3508 2144 3561 qua:
2174 3509 2201 3546 a
2237 3492 2461 3560 Leptine
2482 3495 2733 3559 dicenda,
2764 3497 2878 3565 ipse
2908 3498 3307 3568 intercipiebat.
3335 3501 3603 3570 Deposito.

2026 3583 2164 3637 libro
2206 3599 2417 3638 mecum
2468 3601 2654 3639 eorum
2706 3589 2977 3656 quoddam
3035 3591 3397 3647 consideravi.
3441 3591 3598 3648 Post-

2026 3689 2184 3744 quam
2222 3683 2408 3730 autem
2444 3678 2549 3731 duo
2577 3678 2657 3732 vel
2692 3680 2816 3742 tria,
2849 3681 3047 3749 qumad
3083 3696 3195 3735 rem
3228 3683 3594 3751 pertinebant,

2025 3764 2360 3833 inveneram,
2393 3768 2457 3823 ad
2480 3768 2581 3822 alia
2612 3771 2801 3825 deinde
2824 3773 3060 3840 perrexi,
3081 3784 3241 3843 atque
3262 3775 3334 3829 ita
3369 3780 3597 3832 tentanti

2026 3872 2240 3925 semper
2297 3860 2435 3913 idem
2478 3862 2737 3930 contigit,
2779 3863 2951 3919 donec
3001 3881 3028 3917 a
3095 3867 3304 3921 iinibria
3360 3871 3599 3924 tunicam

2029 3948 2266 4013 tandem,
2315 3958 2408 4002 aut
2456 3950 2500 4003 si
2541 3952 2712 4005 mavis
2760 3953 2829 4007 ab
2875 3968 3052 4024 ungue
3106 3955 3316 4011 leonem
3368 3959 3597 4015 absolvi.

2030 4037 2180 4093 Hanc
2205 4039 2373 4109 igitur
2401 4041 2701 4096 orationem
2730 4057 2851 4097 cum
2886 4046 2934 4099 ei
2963 4045 3153 4101 vellem
3183 4048 3599 4121 recitare,prae-

2030 4132 2139 4186 dixi
2173 4131 2435 4197 futurum,
2467 4143 2525 4187 ut
2558 4134 2622 4186 ad
2656 4134 2936 4204 Leptinem
2971 4138 3290 4205 adinventa,
3324 4158 3447 4195 cum
3468 4159 3598 4197 ora-

2029 4223 2177 4278 tione
2202 4223 2266 4277 ad
2285 4223 2563 4293 Leptinem
2590 4226 2874 4283 inveniret.
2895 4226 3053 4297 Num,
3074 4230 3292 4300 inquam
3315 4233 3592 4304 injuriam,

2034 4315 2209 4370 facio?
2237 4314 2370 4371 Tum
2406 4316 2495 4370 ille
2533 4332 2817 4386 generose,
2854 4329 2909 4374 et
2942 4332 3000 4375 ut
3033 4324 3213 4391 quivis
3242 4340 3301 4380 se
3340 4328 3602 4394 gessisset

2028 4405 2332 4476 philologus
2363 4423 2376 4460 :
2410 4408 2489 4460 An
2531 4408 2771 4478 ignoras,
2798 4410 2993 4479 inquit,
3040 4427 3069 4466 a
3107 4413 3466 4472 Demosthene
3517 4435 3604 4474 me

349 4499 497 4561 ὅστις
522 4499 825 4567 φιλολόγος,
857 4496 1048 4564 Οἶσθα,
1074 4501 1198 4573 ἔφη,
1227 4503 1309 4555 ὅτι
1346 4502 1589 4572 κάθημαι
1615 4501 1751 4572 πρὸς
1780 4501 1873 4553 τοῦ
1886 4501 1922 4532 ’⁸

2034 4498 2223 4551 Stare?
2247 4499 2312 4552 Et
2353 4513 2493 4569 ego:
2535 4499 2793 4555 Eumdem
2832 4502 3013 4572 igitur,
3050 4504 3291 4574 inquam,
3322 4524 3482 4577 quem
3502 4525 3601 4580 ego

350 4590 756 4660 Δημοσθένους;
803 4590 994 4659 Κάγὼ,
1040 4593 1132 4645 τὸν
1184 4593 1346 4645 αὑτὸν
1384 4593 1511 4662 ἄρα,
1547 4592 1704 4663 ἔφην,
1742 4592 1862 4662 ἐμοὶ
1880 4592 1922 4623 ’⁸

2036 4588 2191 4650 colis,
2224 4589 2397 4653 itaut,
2440 4590 2484 4643 si
2526 4608 2612 4646 me
2649 4592 2859 4656 vicerit,
2905 4610 3010 4647 non
3059 4595 3130 4649 sit
3160 4597 3412 4653 inimicus
3442 4615 3602 4654 coro-

351 4680 646 4751 βουκολεῖς,
678 4682 817 4735 ὥστε
845 4685 893 4736 εἰ
915 4682 1081 4754 νικῴη
1118 4684 1195 4753 μ’,
1228 4685 1326 4737 οὐκ
1354 4684 1544 4754 ἐχθρὸς
1577 4686 1605 4737 ὀ
1638 4683 1922 4752 στεφανού-

2036 4681 2268 4741 naudns,
2298 4682 2390 4733 scd
2422 4681 2464 4734 is
2483 4682 2567 4733 cui
2600 4682 2757 4736 simul
2790 4693 3017 4753 uterque
3048 4686 3300 4741 libamus.
3330 4686 3601 4745 Utautem

353 4788 531 4839 μενος,
562 4771 675 4825 ἀλλ’
703 4766 748 4839 ᾧ
779 4772 842 4824 σύ
888 4789 951 4841 γε
981 4772 1135 4841 κάγὼ
1166 4772 1558 4843 συσπεύδομεν.
1596 4774 1685 4837 Ὠς
1712 4773 1768 4825 δὲ
1799 4773 1917 4825 ἐκέ-

2033 4770 2230 4841 422τι
2268 4771 2473 4826 libellos
2509 4773 2723 4828 recitari
2750 4774 2934 4842 jussit,
2971 4787 3025 4830 et
3054 4778 3195 4831 seria
3230 4794 3317 4834 res
3378 4782 3461 4850 agi
3493 4797 3607 4837 cm.

348 4864 473 4915 λευε
487 4864 533 4893 ’⁸
572 4862 643 4916 τὰ
661 4862 851 4933 Ιβιόλία
876 4865 934 4918 ἐν
960 4865 1111 4935 μέρει
1137 4864 1409 4918 δεικνύναι
1434 4865 1528 4917 καὶ
1557 4864 1618 4917 τὸ
1645 4863 1922 4933 πράγμα¹⁷

2036 4866 2132 4932 pit,
2174 4866 2242 4915 ita
2280 4862 2393 4917 fere
2433 4863 2541 4917 dixi
2582 4880 2594 4916 :
2634 4864 2917 4935 Equidem,
2944 4868 2996 4921 ni
3028 4867 3203 4937 fallor,
3238 4871 3377 4925 idem
3404 4874 3469 4927 de
3502 4874 3603 4925 Dc-

350 4954 603 5023 πανταχῆ
628 4953 829 5023 σπουδὴ
851 4950 939 5024 ἧν,
966 4955 1179 5007 Οὑτωσί
1198 4972 1300 5021 τοι,
1329 4954 1465 5022 ἔφην
1495 4953 1625 5020 ἐγὼ,
1654 4954 1734 5005 σοὶ
1756 4952 1922 5005 ταυτὰ

2036 4956 2321 5009 mosthene
2344 4958 2486 5024 quod
2513 4966 2567 5011 tn
2594 4958 2872 5025 existimo,
2900 4960 3187 5017 difﬁculter
3202 4979 3325 5018 cum
3358 4962 3603 5034 superari

355 5043 608 5114 γινώσκω
654 5046 781 5116 περὶ
830 5045 1234 5115 Δημοσθένους,
1289 5047 1382 5099 καὶ
1434 5045 1670 5115 ἡγοῦμαι
1732 5044 1922 5096 ταυτὸν

2040 5062 2216 5114 posse.
2263 5047 2354 5101 llis
2389 5050 2589 5103 auditis
2618 5050 2708 5105 ille
2751 5050 2963 5108 laetatus
2998 5064 3102 5116 cst,
3149 5058 3618 5124 quemadmodum.

1664 5204 1896 5262 VARUE
1938 5204 2232 5262 LECTION
2242 5206 2343 5261 ES.

428 5323 449 5352 ‘
482 5322 616 5399 αὐτὸ
644 5338 751 5399 om.
997 5327 1106 5380 τῶν
1134 5341 1243 5399 om.
1293 5329 1358 5382 A.
1442 5329 1487 5399 ξ
1517 5327 1785 5399 πανταχῆ]
1815 5343 1866 5394 p.
1916 5328 2008 5381 191
2027 5368 2074 5399 ._
2147 5330 2169 5361 ⁵
2195 5327 2251 5399 δέ
2281 5329 2374 5381 καὶ
2418 5331 2504 5384 διὰ
2534 5330 2772 5394 πάντων]
2798 5330 2859 5399 δὴ
2889 5331 2984 5385 καὶ
3010 5330 3261 5385 ἁπάντων
3285 5330 3348 5385 Α.
3426 5332 3446 5362 ⁸
3476 5330 3607 5398 φασί

355 5394 561 5469 ςιιιιιΑ.
655 5393 676 5425 ⁷
702 5394 1110 5469 καλλωπίζεται
1130 5396 1208 5469 _A:
1245 5401 1336 5469 καὶ
1365 5393 1879 5469 καλλωπίζεταῖς.
1969 5399 1988 5427 ⁸
2016 5396 2110 5469 νῦν
2140 5396 2246 5469 cel
2260 5415 2311 5466 p.
2342 5398 2467 5458 525.
2550 5400 2569 5433 '
2596 5402 2661 5455 ἂν
2706 5393 2878 5469 τιμῶν
2920 5417 3027 5454 οιη.
3056 5400 3119 5455 Α,
3222 5400 3265 5431 ¹⁰
3292 5418 3371 5453 τοι
3399 5393 3507 5469 om;
3540 5399 3604 5469 ᾼ.

430 5460 710 5541 ῃξφιρσν-σς
745 5467 844 5541 A._
889 5468 937 5541 ξ’
992 5466 1187 5541 συνέβη
1219 5468 1262 5498 ’³
1291 5468 1423 5541 πρδέ
1458 5468 1515 5519 σέ
1543 5486 1653 5541 (ιιιιὲ
1810 5460 1819 5461 ί
1850 5468 1891 5498 ¹⁴⁵
1938 5468 2161 5541 (pacti—-
2188 5460 2492 5541 ubi-occat.
2550 5473 2614 5524 A.
2696 5471 2740 5501 “‘
2765 5460 2889 5541 καὶ]
2923 5473 3042 5525 add.
3076 5473 3142 5522 Α.
3209 5470 3265 5541 μ¹⁶
3290 5468 3425 5541 γὰρ]
3456 5468 3511 5519 δὲ
3539 5467 3603 5541 ᾼ.

437 5532 701 5609 ὲξ-ᾁρχῆς
728 5534 1075 5609 τοιᾶσδεαιιιιι.
1296 5532 1505 5609 “eum
1536 5537 1653 5604 μὲν]
1687 5537 1901 5607 εἴχομεν
1929 5537 1993 5609 Α.
2099 5538 2255 5609 "ab:
2292 5539 2385 5591 τοῦ
2409 5541 2785 5609 δημοσθένους
2812 5532 2965 5607 λόγον
2994 5543 3056 5597 Α.
3128 5541 3173 5571 ¹⁰
3203 5532 3501 5609 δεῖξαίόιιι.
3542 5538 3603 5589 Λ.

439 5603 645 5681 μέλλων
673 5603 867 5681 δείξειν
888 5606 1090 5681 oirt._A.
1125 5608 1227 5681 δτι.
1277 5609 1321 5637 ¹²
1349 5601 1639 5681 ἐφευρήτσι
1673 5601 1779 5663 oni.
1805 5601 1878 5660 Ἀ.
1957 5608 2002 5639 ’³
2031 5623 2089 5660 σε
2135 5607 2271 5678 ἔφην
2296 5607 2426 5680 ἐγώ]
2556 5613 2613 5664 Α.
2692 5611 2738 5642 ³⁸
2766 5601 3035 5681 sciit-ob;
3064 5610 3127 5661 Α.
3202 5608 3247 5639 ¹⁸
3279 5608 3379 5676 ἔφη
3419 5623 3507 5676 μοι
3541 5608 3605 5665 Δρ.

276 5720 279 5723 .
359 5669 406 5699 ’δ
440 5672 725 5723 ἐκέλευσεν
752 5677 815 5726 Λ.
892 5675 933 5704 ³⁷
967 5676 1027 5728 τὸ
1052 5678 1283 5747 πρᾶγμα.
1306 5669 1400 5732 om
1422 5679 1481 5729 Δ.

1879 5770 2103 5826 NOTAE.

444 5855 555 5925 (88)
592 5856 743 5912 Iliad.
781 5874 849 5924 γι,
890 5860 977 5915 ss.
