4124 6446
280 456 419 522 1529

1291 466 1813 534 BIBLIOTHECA.
1839 498 1908 511 -
1939 476 2104 539 COD.
2149 479 2506 543 CCXLVIII.

3393 439 3530 552 1530

275 568 1294 668 ΞῖἔέἓῖίέᾖῗθαὲᾆάὶῖεἳξέΥῆ,⁸³ἰῇδ
1337 581 1408 668 ΑΒ
1419 582 1705 668 εέοσὲέϊηςν
1753 586 1837 668 κα]

1951 589 2194 668 cludere,
2230 577 2992 668 enumerare,renumerare,
3044 592 3120 666 [ct
3164 596 3209 650 si
3238 613 3356 668 quae
3399 614 3524 655 sunt

273 643 624 722 συναγαγεῖν..
666 642 762 694 καὶ
791 643 1070 722 συντόμως
1097 649 1269 702 εἰπεῖν
1291 642 1726 722 ῳκαῖἀριθμῆσαι
1755 656 1848 709 καὶ⁵

269 711 701 786 ἀριθμήσασθαι,
735 712 827 786 καὶ
857 711 969 786 ἀλλ’
999 715 1135 786 ἄττα
1162 718 1408 786 τοιαῦτα,
1450 711 1846 779 aetiis-ravum-

269 779 387 832 δεῖν
409 779 510 833 καὶ
539 782 1068 855 ἀνακεφαλαιῶσαι.]

338 867 493 920 οὕτω
507 870 553 902 ⁸⁸
579 871 758 922 πᾶσαν
778 871 910 924 αἰδὼ
927 872 974 903 ⁸⁷
997 875 1088 924 καὶ
1109 875 1271 944 τιμὴν
1293 876 1651 948 ἀπεδώκαμεν
1672 882 1819 952 αὐτῷ

1951 659 2176 800 similia]
2217 660 2284 715 de
2339 663 2565 731 inteng
2594 663 2852 731 incipere,
2909 656 2990 718 vel
3041 656 3401 735 receptionem
3434 671 3529 721 fa-

1951 743 2096 783 cere.

1951 743 2096 783 cere.

2020 879 2170 933 Adeo
2195 881 2337 932 enim
2371 883 2518 935 omni
2548 883 2845 938 reverentia
2871 900 2934 946 ac
2956 887 3160 942 honore
3187 904 3373 944 sumus
3397 905 3522 946 eum

267 956 408 1010 ὥστε
441 958 488 1010 εί
514 959 678 1023 αὐτὸς
707 960 844 1030 πρὸς
873 961 1062 1014 ἑαυτὸν
1089 962 1314 1033 ἔμελλεν
1347 967 1612 1037 ἀντερεῖν,
1654 971 1752 1024 οὐκ
1778 973 1837 1025 ἄν

1951 973 2247 1040 prosecuti,
2292 981 2348 1024 ut
2387 973 2430 1026 si
2477 973 2594 1042 ipse
2645 986 2835 1030 contra
2887 993 2984 1032 nos
3021 962 3267 1036 dicturus
3312 983 3528 1049 fuisset,
3607 1037 3612 1042 .

267 1067 359 1119 μοι
401 1051 582 1122 δοκοίη
607 1052 653 1084 ⁵⁸
706 1054 906 1123 μᾶλλον
951 1054 1144 1109 ἑαυτοῦ
1202 1058 1514 1126 φείσασθαι.
1589 1063 1838 1132 Ἀτᾶρ⁸⁹,

1951 1071 2059 1110 non
2107 1059 2344 1125 potuerit
2383 1058 2485 1114 sibi
2528 1062 2738 1130 ’magis,
2793 1065 2978 1127 credo.
3025 1081 3271 1134 parcere.
3323 1067 3526 1122 Verum

263 1141 391 1213 [687
418 1141 512 1215 H.]
537 1137 581 1196 ὧ
609 1145 797 1214 ἄριστε
836 1146 1096 1199 Καπίτων
1118 1185 1134 1211 ,
1184 1148 1522 1220 ἐνεθυμήθην
1555 1152 1648 1204 καὶ
1678 1153 1837 1206 τοῦτο

1951 1145 2052 1198 hoc
2078 1160 2314 1214 quoque,
2363 1148 2568 1216 optime
2615 1148 2830 1220 Capito,
2875 1152 3018 1206 aliud
3064 1168 3230 1222 agens
3277 1156 3528 1208 conside-

264 1235 468 1306 μεταξὺ
497 1235 606 1289 τῶν
640 1235 835 1305 λόγων,
868 1238 950 1291 ὃτι
984 1237 1160 1291 πάντα
1185 1239 1376 1293 εἴδωλά
1404 1243 1520 1294 ὲστι
1552 1242 1629 1310 τῷ
1658 1244 1835 1314 ἀνδρὶ,

263 1330 549 1385 καὶτοῦτο
599 1331 697 1399 μὲν
741 1332 788 1384 oi
838 1332 1059 1399 ποιηταὶ
1100 1339 1330 1403 μιμηταὶ
1358 1336 1590 1388 εἰδώλων
1615 1338 1835 1408 ἀρετῆς,

258 1420 418 1475 τοῦτο
443 1423 498 1476 δὲ
527 1423 560 1492 ὴ
595 1423 856 1495 ῥητορικὴ
885 1422 1168 1495 πολιτικῆς
1203 1426 1392 1497 μορίου
1417 1427 1633 1480 εἴδωλον
1649 1426 1717 1480 σθ.

515 1597 794 1651 Είὸώλων
822 1598 892 1652 δὲ
922 1600 1115 1653 πλέον
1143 1601 1464 1667 πρόθυρον,

259 1686 394 1757 φαίη
426 1685 494 1740 ἂν
519 1689 601 1750 είς
627 1687 788 1742 αὐτὸν
817 1689 1136 1759 Ὀμηρος⁶¹.
1168 1689 1402 1757 Πότερον
1430 1689 1603 1743 ταῦτα
1635 1690 1837 1759 θρασύ-

257 1796 392 1849 τερα
424 1780 520 1832 καὶ
551 1781 959 1850 προπετέστερα
999 1781 1031 1851 ἦ
1062 1781 1243 1850 τάμά;
1300 1781 1386 1834 Ἐν
1413 1776 1493 1845 οἷς
1524 1800 1665 1851 φημι
1692 1783 1837 1836 Πλά-

254 1887 403 1925 τωνα
435 1871 784 1943 ἀποδημῆσαι
814 1873 954 1942 ὑπὲρ
978 1872 1154 1925 αὐτῶν
1172 1873 1238 1936 θ’,
1269 1873 1361 1926 καί
1383 1891 1522 1942 φημι
1547 1873 1717 1927 ταῦτα
1741 1875 1833 1926 λέ-

1947 1237 2086 1301 ravi,
2126 1238 2265 1290 nihil
2294 1238 2438 1292 aliud
2485 1240 2782 1306 hominem,
2819 1258 2982 1312 quam
3018 1244 3312 1299 simulacra
3350 1247 3401 1300 in
3430 1261 3526 1300 ore

1950 1324 2173 1388 habere,
2212 1317 2274 1380 ac
2325 1335 2440 1379 tum
2485 1339 2673 1395 poetas
2715 1329 3128 1387 simulacrorum
3157 1334 3375 1390 virtutis
3403 1336 3527 1388 Imi-

1949 1427 2148 1470 tatores
2207 1432 2349 1484 esse,
2397 1426 2510 1473 tum
2541 1421 2868 1477 rhetoricam
2893 1423 3066 1479 civilis
3099 1427 3268 1494 partis
3305 1426 3527 1482 simula-

1948 1523 2124 1565 crum.

2224 1602 2363 1657 Aula
2406 1578 2706 1658 simuldcris
2740 1615 2900 1660 scatet
2935 1604 3165 1675 (90).....

1943 1691 2160 1755 diceret?
2207 1696 2272 1748 ad
2324 1696 2496 1764 ipsum
2543 1693 2829 1752 IIomerus.
2877 1697 2991 1752 Non
3059 1698 3172 1754 haec
3236 1700 3523 1756 audaciora

1942 1791 2072 1836 sunt
2109 1797 2170 1836 ac
2209 1785 2379 1853 magis
2423 1784 2732 1846 temeraria,
2762 1801 2920 1854 quam
2959 1797 3144 1841 nostra
3183 1804 3304 1843 cum
3335 1790 3520 1844 Plato-

1945 1887 2064 1925 nem
2092 1875 2488 1944 peregrinatum
2516 1891 2636 1931 esse
2657 1877 2911 1940 diximus,
2945 1878 3104 1946 idque
3138 1895 3242 1933 non
3278 1883 3522 1951 peregri-

255 1980 378 2033 γειν
412 1964 471 2016 οὐ
504 1962 601 2035 τὴν
627 1964 936 2035 ἀποδημίαν
978 1963 1238 2028 κακίζων,
1273 1961 1408 2018 ἀλλά
1438 1967 1504 2035 τῇ
1558 1965 1836 2036 ἀποδημίᾳ

1941 1963 2208 2018 nationem
2249 1957 2616 2036 suggillantes,
2649 1966 2739 2020 sed
2771 1981 2831 2021 ea
2861 1981 3081 2020 causam
3115 1979 3352 2023 nostram
3385 1985 3520 2025 con-

255 2060 349 2109 τδν
376 2056 532 2125 λόγον
564 2055 941 2125 πιστούμενος.
969 2056 1100 2121 Ναὶ,
1132 2055 1246 2109 ἀλλ’
1272 2056 1720 2124 ἀπεστερήκαμεν
1745 2055 1834 2109 αὒ-

255 2149 348 2201 τὸν
395 2147 551 2218 δόξης
601 2147 940 2218 φιλοσοφίας,
987 2147 1175 2218 ὥσπερ
1205 2146 1412 2209 ἐκεῖνος
1447 2148 1571 2209 τοὺς
1605 2147 1701 2216 μὲν
1732 2145 1832 2216 τῆς

255 2240 566 2310 τραγῳδίας
591 2241 823 2308 ποιητὰς
875 2240 996 2293 οὐδὲ
1029 2241 1087 2292 ὲν
1117 2240 1282 2309 ὀλίγω
1316 2239 1548 2310 τίθησιν,
1588 2241 1834 2309 Ὅμηρον

255 2332 314 2385 δὲ
377 2331 775 2402 τραγῳδοποιδν
845 2332 1208 2402 προσείρηκεν
1284 2331 1344 2384 οὐ
1409 2329 1596 2383 τοῦτον
1659 2333 1834 2401 τούτῳ

257 2424 497 2492 κοσμῶν,
530 2423 666 2476 ἀλλὰ
692 2423 917 2484 τούτους
949 2423 1046 2492 μὲν
1071 2423 1158 2476 διὰ
1186 2423 1389 2476 τούτων
1419 2421 1676 2485 κολούων,
1712 2420 1835 2474 τοῦ-

255 2530 348 2566 τον
369 2513 425 2566 δὲ
448 2507 492 2581 ᾧ
518 2515 652 2584 τιμᾷ
670 2513 971 2584 καθαιρῶν.
997 2513 1204 2567 Οὐκοῦν
1224 2513 1416 2578 δεινὸν,
1439 2514 1487 2566 εί
1507 2507 1661 2576 οὗτος
1689 2513 1835 2584 μὲν⁸³

256 2604 352 2657 καὶ
376 2605 811 2676 τραγῳδοποιοὺς
840 2604 934 2658 καλ⁸
967 2605 1388 2675 κωμῳδοποιοὺς
1423 2607 1516 2658 καὶ
1556 2606 1711 2658 πόλιν
1741 2606 1836 2659 καὶ

257 2694 532 2750 πολιτείαν
549 2695 594 2728 ⁸⁸
623 2696 716 2750 καὶ
748 2695 945 2764 νόμους
961 2697 1006 2728 ⁸⁵
1038 2695 1213 2765 ἑαυτῷ
1244 2695 1585 2766 καθίστησιν,
1621 2698 1752 2767 ἡμῖν
1778 2697 1835 2750 δὲ

262 2787 401 2856 μηδὲ
448 2788 608 2856 λόγου
658 2787 864 2850 τινδςσθ
902 2787 1116 2852 ἐξέσται
1165 2787 1301 2855 πρὸς
1348 2787 1508 2840 αὐτὸν
1554 2787 1834 2858 ἀμφισϐη-

257 2880 510 2948 τῆσαιθτ,
555 2880 652 2933 καὶ
701 2879 876 2933 ταῦτα
925 2880 985 2932 ού
1046 2880 1203 2951 μύρῳ
1239 2878 1621 2949 ὲπαλείφουσιν
1651 2880 1834 2945 αὑτὸν,

261 2971 398 3028 ἀλλά
430 2970 610 3040 λόγοις
641 2972 752 3034 τοῖς
786 2971 1184 3040 εὑφημοτάτοις
1216 2970 1309 3022 καὶ
1335 2963 1411 3022 ὧν
1439 2969 1546 3023 οὐδ’
1580 2970 1644 3024 ἂν
1677 2970 1838 3034 αὐτὸς

259 3063 458 3135 ἠξίωσε
496 3065 716 3133 μείζους
747 3063 964 3116 ἀκούειν
993 3063 1132 3133 ὑπὲρ
1163 3060 1380 3118 ἑαυτοῦ,

328 3155 493 3226 [⁸1272
524 3156 569 3209 R
597 3155 616 3226 ]
657 3153 994 3224 Ἀνεγνὼσθη
1021 3155 1066 3186 ⁸⁸
1093 3153 1186 3206 τοῦ
1217 3153 1382 3206 αὐτοῦ
1417 3152 1560 3221 ὑπὲρ
1592 3152 1690 3221 τῆς
1722 3169 1838 3204 κοι-

256 3248 356 3316 νῆς
384 3247 700 3313 ἀπολογίας,
730 3246 822 3299 τὸν
851 3247 1036 3316 ὅμοιον
1075 3245 1165 3303 διὰ
1208 3248 1307 3316 τῆς
1346 3244 1580 3314 ἐκλογῆς
1616 3259 1840 3314 πεοιηνο

258 3339 511 3410 θισμένος
534 3341 755 3410 τρόπον.

263 3437 272 3450 ‘
952 3430 1134 3484 ZMH'.

265 3495 374 3579 Ἕκ
403 3524 508 3578 τοῦ
523 3523 890 3590 Ἀριστείδου
911 3521 1061 3589 πρὸς
1077 3519 1364 3590 Πλάτωνα
1383 3518 1536 3590 ὑπὲρ
1556 3516 1674 3590 τῶν
1695 3530 1831 3570 τεσ-

314 3589 788 3665 σάρων.-ἒ[ὺπὲρ
819 3591 1178 3660 Περικλέους
1196 3589 1415 3660 “ll—Td
1446 3589 1779 3656 Προοίμιον.

329 3685 722 3755 Παραιτείσθαι
750 3684 796 3714 ⁷⁰
845 3683 942 3750 μὲν
987 3681 1086 3733 οὐκ
1136 3675 1229 3733 οἷδ’
1267 3679 1295 3731 ὃ
1322 3695 1374 3731 τι
1424 3677 1505 3730 δεῖ
1553 3676 1683 3747 περὶ
1729 3675 1837 3729 τῶν

259 3774 437 3834 αὐτῶν
470 3773 750 3836 πολλάκις,
791 3771 983 3837 sum!
1005 3786 1064 3822 τε
1095 3768 1192 3822 καὶ
1221 3767 1282 3820 οὑ
1316 3767 1450 3837 πρὸς
1477 3765 1676 3835 ἄνδρας
1708 3765 1838 3834 μέλ-

260 3869 448 3929 λοντας
483 3867 525 3897 τί
573 3867 719 3935 ἐρεῖν
759 3864 959 3933 μᾶλλον
995 3861 1028 3931 ἢ
1069 3860 1212 3929 ὑπὲρ
1261 3858 1470 3926 ἀνδρῶν
1512 3857 1691 3910 καλῶν
1739 3855 1837 3908 καὶ

258 3957 504 4027 ἀγαθῶν,
537 3957 632 4008 καὶ
654 3955 858 4008 τούτων
883 3955 981 4007 οὐκ
1005 3952 1224 4019 ὀλίγων,
1255 3949 1375 4002 οὐδὲ
1397 3944 1559 4020 ἦττον
1587 3945 1836 4000 παλαιῶν

261 4047 294 4118 ἢ
330 4047 575 4110 Πλάτων,
611 4048 692 4100 ὃτι
737 4045 813 4115 μὴ
859 4044 956 4096 καὶ
995 4039 1380 4113 πρεσϐυτέρων
1412 4038 1644 4098 ἐκείνου,
1678 4038 1729 4089 εί
1760 4053 1838 4106 τῳ

261 4140 357 4195 καὶ
405 4138 564 4191 τοῦτο
607 4135 785 4198 αἰδοῦς
832 4136 980 4200 ἄξιον
1022 4128 1163 4187 εἷναι
1208 4133 1375 4187 δοκεῖ.
1414 4130 1578 4184 Ὥστε
1616 4129 1659 4160 τ’
1709 4129 1839 4181 ὅταν

259 4229 576 4300 ὡμολόγητο
609 4230 702 4284 καὶ
738 4225 1126 4296 συγκεχώρητο
1157 4223 1298 4292 ὑπὲρ
1340 4211 1402 4274 οὗ
1447 4221 1554 4282 πᾶς
1585 4220 1785 4291 ἧνυστο
1811 4220 1840 4272 ό

261 4321 420 4389 λόγος
453 4322 548 4374 καὶ
591 4319 726 4389 πρὸς
761 4319 789 4371 ὃ
819 4318 998 4371 πάντα
1041 4314 1195 4368 ταῦτ’
1234 4309 1350 4384 εἶχε
1386 4313 1486 4384 τὴν
1535 4310 1837 4380 ἀναφοράν,

259 4414 343 4480 τίς
375 4408 442 4484 ἢν
473 4410 648 4483 ζημία
669 4411 716 4444 ⁷³
761 4409 869 4464 τῶν
909 4409 1120 4478 ἀνδρῶν
1165 4407 1240 4477 μὴ
1282 4403 1838 4477 προσκαθόωττεσθαις

261 4505 375 4559 Νῦν
393 4506 436 4557 δ’
461 4504 648 4575 ὥσπερ
671 4503 900 4566 ὠδίνων,
925 4501 1020 4556 καὶ
1043 4499 1500 4570 περιὸαλλόμενος
1529 4497 1715 4564 κύκλῳ
1738 4495 1836 4565 τὴν

260 4600 348 4651 ἔπ’
379 4598 620 4660 ἐκείνους
658 4597 799 4656 ὁδὸν,
842 4593 1016 4656 οὕτως
1048 4588 1351 4653 ἐπιϐούλως
1395 4588 1565 4643 ἐλθὼν
1595 4587 1688 4640 ἐπὶ
1713 4588 1840 4648 τοὺς

264 4689 407 4763 [κατ’
441 4689 666 4742 ἐκείνων
710 4689 834 4749 τοὺς
859 4685 925 4757 ⁷⁸]
961 4686 1152 4754 λόγους
1191 4684 1458 4752 φαίνεται.
1490 4681 1600 4733 Καὶ
1640 4680 1746 4750 μὴν
1781 4678 1839 4732 τὸ

265 4782 365 4850 μὲν
398 4780 657 4852 διάφορον
685 4780 808 4850 οὐχὶ
849 4778 1050 4849 μικρόν
1069 4794 1083 4809 ο
1118 4778 1297 4830 ἐκεῖνο
1328 4775 1431 4844 ’μὲν
1459 4773 1568 4842 γὰρ
1594 4767 1663 4843 ἧν
1699 4771 1839 4841 ὑπὲρ

210 4873 215 4878 ’
261 4872 432 4940 αὐτῆς
469 4873 566 4941 τῆς
598 4869 855 4941 ἀληθείας
885 4866 1270 4935 ἀγωνίζεσθαι,
1307 4864 1466 4918 τοῦτο
1500 4863 1558 4916 δὲ
1591 4860 1704 4930 ἐγὼ
1742 4862 1840 4933 μὲν

262 4961 386 5016 οὐδὲ
416 4979 545 5015 ποτε
579 4960 646 5015 ἂν
675 4964 933 5028 φήσαιμι,
969 4959 1126 5022 ἄλλος
1157 4956 1203 5010 δ’
1231 4957 1296 5010 ἄν
1327 4973 1413 5019 τις
1445 4955 1590 5008 εἴποι
1618 4955 1840 5009 διαϐάλ-

1934 2055 2234 2112 ﬁrmantes.
2283 2057 2364 2113 Att
2416 2075 2548 2112 vero
2595 2061 2948 2128 philosophim
3016 2061 3344 2127 privavimus
3396 2076 3520 2115 eum

1933 2148 2212 2216 Opinione,
2255 2150 2703 2218 quemadmodum
2754 2151 2866 2219 ipse
2902 2149 3152 2219 tragicos
3193 2152 3407 2219 quidem
3441 2151 3522 2204 ui-

1935 2239 2029 2292 hili
2069 2239 2216 2295 facit.
2253 2239 2544 2294 Homerum
2613 2249 2792 2295 autem
2849 2242 3110 2308 tragicum
3148 2243 3378 2307 vocavit,
3414 2257 3519 2295 non

1937 2340 2043 2382 tam
2079 2331 2296 2385 honoris
2321 2331 2488 2400 gratia
2525 2347 2687 2401 quam
2726 2341 2784 2384 ut
2837 2343 2888 2387 et
2916 2333 3032 2386 illos
3073 2347 3166 2400 per
3197 2333 3339 2386 hunc
3365 2332 3524 2386 muti.

1937 2421 2092 2486 laret,
2123 2431 2176 2475 et
2203 2423 2364 2486 hunc,
2406 2425 2530 2475 dum
2564 2423 2797 2476 honorat
2823 2462 2838 2487 ,
2871 2423 3218 2497 deprimeret.
3245 2424 3519 2493 Indignum

1935 2511 2040 2564 erit
2078 2510 2258 2580 igitur,
2293 2510 2336 2565 si
2380 2512 2614 2579 tragicos
2659 2513 2774 2580 ipse
2799 2521 2853 2566 et
2885 2513 3129 2567 comicos
3167 2522 3221 2566 et
3245 2511 3519 2566 civitatem

1934 2598 2036 2652 sibi
2069 2609 2122 2653 et
2157 2597 2541 2665 rempublicam
2581 2611 2745 2668 atque
2793 2600 2938 2670 leges
2980 2611 3266 2671 componet
3299 2618 3312 2654 :
3370 2601 3524 2654 nobis

1935 2701 2114 2742 autem
2160 2704 2225 2743 ne
2255 2689 2321 2743 de
2368 2690 2512 2742 dicto
2545 2691 2760 2758 quidem
2805 2691 2986 2760 aliquo
3024 2691 3211 2744 licebit
3247 2701 3358 2744 tum
3401 2691 3518 2759 ipso

1935 2779 2133 2850 5.23:1
2201 2779 2529 2849 disceptare,
2571 2779 2733 2846 idque
2780 2797 2884 2835 non
2923 2779 3214 2850 unguentis
3258 2781 3520 2847 delibuto,

1937 2873 2029 2924 sed
2065 2871 2309 2925 laudibus
2328 2873 2596 2935 maximis,
2623 2873 2926 2944 quibusque
2956 2887 3056 2927 nec
3087 2872 3201 2942 ipse
3238 2872 3302 2927 de
3323 2887 3383 2927 se
3412 2887 3523 2926 mae

1933 2960 2086 3030 jores
2117 2963 2308 3016 audire
2343 2963 2714 3018 sustinuisset.

2010 3133 2185 3189 Lecta:
2233 3145 2359 3189 sunt
2405 3135 2646 3206 ejusdem
2693 3136 2968 3190 orationes
3009 3138 3280 3192 communi
3329 3135 3514 3191 defen-

1939 3224 2093 3278 sione
2122 3225 2353 3279 similem
2386 3237 2688 3282 tractantes
2712 3229 3089 3296 quaestionem.

2567 3422 2884 3481 CCXLVIII.

1979 3512 2064 3567 Ea:
2110 3513 2361 3568 Aristidis
2406 3513 2680 3568 Platonica
2728 3532 2821 3582 pro
2870 3528 3098 3584 quatuor
3133 3517 3284 3571 viris.
3314 3517 3489 3574 —-.Dc

2397 3583 2617 3644 Pericle.
2643 3614 2713 3623 —
2740 3583 3080 3640 I‘roremium.

2009 3673 2217 3743 Saepius
2277 3675 2465 3729 iisdem
2528 3677 2594 3730 de
2655 3679 2814 3731 rebus
2876 3689 3060 3745 petere
3118 3696 3223 3738 non
3273 3683 3527 3742 existimo

1937 3782 2179 3830 necesse,
2221 3768 2523 3836 praesertim
2567 3783 2689 3822 cum
2735 3771 2938 3825 nonad
2975 3772 3123 3828 viros
3169 3775 3304 3829 ullos
3326 3775 3528 3834 dicturi

1937 3856 2127 3918 simus,
2161 3872 2322 3925 quam
2351 3872 2447 3923 pro
2475 3858 2604 3911 viris
2637 3859 2857 3927 optimis
2885 3899 2900 3924 ,
2935 3874 3034 3914 nec
3065 3864 3250 3928 paucis
3281 3903 3296 3927 ,
3351 3879 3530 3933 neque

1939 3945 2160 4000 Platone
2200 3945 2509 4013 junioribus
2575 3949 2752 4015 potius
2796 3965 2956 4017 quam
3007 3953 3423 4022 antiquioribus,
3473 3956 3526 4012 si

1937 4039 2061 4107 quis
2126 4037 2228 4092 hoc
2285 4053 2498 4106 quoque
2548 4037 2691 4097 forte
2749 4041 3054 4095 reverentia
3115 4043 3334 4109 dignum
3387 4060 3519 4098 cen-

1939 4133 2078 4181 seat.
2131 4126 2470 4194 Quapropter
2529 4143 2652 4182 cunt
2721 4127 2798 4193 id,
2855 4143 2970 4198 quo.
3018 4129 3273 4185 tendebat
3326 4133 3524 4197 oratio,

1939 4233 2257 4272 concessum
2298 4227 2466 4282 esset,
2498 4218 2589 4286 qui
2625 4228 2876 4288 potuerat
2923 4235 3157 4287 nocere,
3183 4221 3229 4276 si
3259 4221 3404 4276 viros
3440 4222 3532 4280 in-_

1939 4320 2119 4378 tactos
2157 4309 2499 4380 reliquisset?
2529 4309 2598 4364 At
2642 4325 2784 4364 nunc
2830 4312 2984 4381 quasi
3019 4313 3332 4380 parturitet,
3369 4314 3528 4371 undi-2

1941 4419 2046 4472 que
2086 4404 2417 4458 communita
2463 4405 2529 4457 ad
2565 4403 2709 4471 ipsos
2738 4389 2824 4457 via
2852 4444 2867 4469 ,
2901 4404 2980 4458 sic
3021 4404 3281 4458 insidiose
3317 4419 3528 4458 sermo.

1943 4511 2062 4550 nem
2096 4496 2433 4564 aggreditur.
2459 4493 2644 4563 Neque
2674 4509 2805 4550 vero
2829 4509 3055 4563 parvum
3091 4505 3174 4549 est
3206 4495 3521 4554 discrimen.

1944 4585 2076 4640 Nam
2111 4586 2240 4640 illud
2286 4585 2503 4655 quidem
2540 4596 2659 4641 erat
2686 4602 2783 4656 pro
2818 4587 3046 4642 veritate
3073 4589 3184 4656 ipsa
3214 4591 3521 4654 decertare,

1946 4679 2048 4732 hoc
2079 4689 2264 4732 autem
2295 4694 2400 4731 non
2428 4692 2530 4747 ego
2564 4677 2782 4746 quidem
2818 4694 3081 4748 unquam,
3119 4680 3212 4734 sed
3241 4679 3378 4733 alius
3403 4681 3526 4748 quis

1945 4783 2040 4838 per
2068 4768 2391 4822 calumniam
2409 4784 2513 4822 non
2537 4768 2724 4839 procul
2753 4785 2782 4822 a
2811 4769 3143 4840 malignitate
3169 4771 3357 4825 abesse
3371 4770 3524 4826 dixe-

1946 4862 2036 4914 rit.
2073 4858 2308 4914 Pericles
2348 4860 2514 4930 igitur
2549 4869 2657 4913 tam
2696 4875 2887 4916 severe
2924 4862 3083 4928 vixit,
3116 4862 3318 4932 quippe
3355 4879 3422 4918 ne
3452 4865 3524 4918 ri-.

1946 4954 2075 5006 dere
2104 4952 2322 5020 quidem
2375 4951 2448 5006 sit
2484 4967 2718 5022 unquam
2765 4954 2933 5007 visus.
2985 4953 3237 5018 Quinimo
3265 4954 3521 5023 quod'ad
3593 4985 3602 4992 -

262 5054 370 5112 λων
396 5055 454 5105 ού
479 5053 664 5121 πόρρω
680 5052 1016 5121 ’κακοηθείας
1037 5047 1200 5105 εἶναι.
1224 5047 1496 5118 Περικλῆς
1517 5047 1560 5078 ⁷⁵
1581 5047 1758 5099 τοίνυν
1775 5048 1837 5099 τά

1951 5042 2258 5112 reipublicae
2295 5057 2483 5098 curam
2551 5053 2606 5097 et
2658 5045 2988 5113 aequalitatis
3037 5059 3276 5100 amorem
3355 5049 3524 5115 perti-

261 5155 320 5193 τε
353 5138 489 5193 ἄλλα
517 5137 606 5192 τδν
631 5139 743 5209 βίον
763 5135 830 5211 ἧν
857 5139 1078 5213 ἄριστος
1098 5177 1114 5203 ,
1150 5137 1244 5190 καὶ
1269 5135 1392 5190 οὐδὲ
1424 5133 1599 5204 γελῶν
1631 5135 1837 5188 πώποτε

1962 5133 2144 5198 nebat,
2200 5133 2402 5188 nemini
2450 5135 2672 5190 cedebat
2719 5134 2888 5190 animi
2940 5134 3332 5205 magnitudine,
3381 5138 3525 5205 quod

1543 5292 1773 5351 VARUE
1813 5292 2212 5350 LECTIONES.

336 5411 384 5444 ³⁸
407 5409 574 5515 ρῦτω]
603 5428 654 5498 p.
683 5412 810 5469 536.
881 5413 927 5498 ’ξ
962 5415 1097 5468 αίδὼ
1126 5415 1222 5469 καὶ
1245 5430 1354 5472 om.
1400 5414 1469 5468 A.
1546 5414 1592 5448 ⁸⁸
1616 5411 1829 5515 Bonet-nl

336 5495 350 5515 I
539 5486 583 5515 Ol
617 5484 757 5515 ιιρὶη
789 5484 965 5515 -.’.-...u
992 5503 1078 5515 η...
1137 5489 1164 5515 Α
1279 5484 1323 5515 δ’
1361 5483 1458 5515 ..λη
1488 5501 1574 5515 nn.
1649 5485 1676 5515 Δ
1785 5488 1804 5515 8

263 5493 372 5533 om.
539 5486 583 5554 ‘_'
617 5484 757 5553 ὑπὲρ
789 5484 966 5554 αὐτῶν
992 5503 1100 5540 om.
1130 5489 1195 5539 Α.
1279 5484 1323 5554 δέ
1359 5483 1458 5554 μὲν
1487 5501 1596 5539 om.
1641 5485 1705 5537 A.
1785 5488 1804 5516 ⁸

263 5551 470 5624 ρειπΑ.
548 5552 592 5584 ⁶¹
632 5551 893 5624 speres]
940 5554 1056 5624 ἀλλ’
1099 5553 1332 5624 ἀμφισὸ.
1361 5551 1429 5608 Α.

1853 5407 2151 5485 δοκεῖν-Α.
2224 5412 2272 5485 _”
2303 5399 2468 5485 ἶτάρ]
2511 5430 2564 5484 p.
2609 5413 2735 5469 549.
2812 5415 2859 5485 ’ἒ
2887 5414 3120 5470 εἰδώλων
3184 5417 3226 5455 ⁸⁸
3277 5415 3521 5485 Ὅμηρος

1859 5483 2138 5555 πολιτείαν
2152 5483 2245 5534 καὶ
2279 5481 2527 5555 πόλινἎξ
2601 5486 2646 5518 ⁸⁸
2675 5484 2770 5538 καὶ
2801 5484 2998 5555 νόμους
3025 5503 3133 5538 out.
3163 5488 3231 5555 Λἶ
3305 5486 3351 5518 θ’
3376 5481 3521 5555 τινος

1505 5555 1551 5585 ⁸⁸
1611 5553 1946 5643 Ἀνεγνώσθη
2025 5554 2068 5586 ⁶⁹
2103 5552 2426 5622 Περικλέους
2451 5570 2560 5608 om.
2601 5557 2665 5607 A.
2741 5555 2788 5585 "
2837 5552 3236 5623 παραιτεῖσθαι]
3289 5568 3343 5624 p.
3393 5553 3517 5616 195.

1505 5625 1586 5650 1....
1623 5641 1658 5650 ρ
1757 5624 1800 5650 τι
1824 5639 1927 5650 .-.ι-
1973 5623 2193 5650 ι..-ι.κ.γ...
2221 5624 2345 5650 -..ἓ-ρ
2378 5641 2460 5650 η...
2519 5624 2540 5650 Δ
2645 5624 2692 5650 ΙΙ
2718 5624 3010 5650 n--..-‘.3-|
3038 5641 3066 5650 η
3119 5625 3219 5650 ‘n-r

263 5617 308 5652 '”
333 5618 594 5689 μέλλοντα
625 5617 690 5676 Λζ
726 5617 738 5620 ⁷
765 5623 811 5658 ⁷³
835 5617 995 5698 ὥστε]
1024 5641 1081 5696 p.
1116 5617 1234 5680 1'95.
1310 5625 1353 5657 ’³
1385 5624 1586 5702 ζημίαν
1621 5641 1681 5689 ς.
1742 5617 1800 5654 ⁷⁵⁵
1824 5617 1946 5677 κατ’
1971 5617 2197 5678 ἐκείνων
2221 5624 2345 5697 τοὺς
2376 5641 2486 5678 om.
2505 5624 2572 5680 Δ.
2645 5624 2692 5657 ’⁸
2715 5617 3012 5703 Περικλῆς]
3037 5617 3240 5697 ι).,197ῖ

1739 5737 1970 5802 ΝΟΤΙΕ.

339 5829 453 5910 (90)
495 5829 684 5906 Odyss.
711 5846 760 5893 ν,
787 5829 910 5886 555.
