4124 6450
589 423 722 491 1531

1742 432 2002 494 ΡΗΟΤῙΙ
2039 435 2545 503 ΡΑἹἮΙΑΒΩΗΕ
2573 435 2682 495 CP.

3721 431 3867 495 1532

586 555 693 594 non
721 539 910 592 eadem
949 551 1069 607 quae
1115 536 1304 608 vulgus
1349 548 1641 609 spectaret,
1686 557 1885 612 paucos
1925 545 2156 601 habebat

2282 547 2361 600 ,πό
2393 521 2538 608 τινος
2563 543 2741 613 ὤφθη.
2777 541 2887 597 Καὶ
2916 545 2982 614 τῇ
3020 543 3118 613 μὲν
3150 542 3249 614 τῆς
3279 543 3563 608 πολιτείας
3591 543 3826 614 φυλακῇ
3845 586 3863 610 ,

583 629 813 684 similes.
859 628 1009 696 Quod
1059 643 1244 683 autem
1292 630 1503 686 Socrati
1545 634 1698 686 inter
1737 635 2031 702 sophistas,
2062 637 2163 719 bo.c

585 721 660 774 illi
697 721 838 776 inter
861 729 1108 776 oratores
1137 736 1164 774 a
1199 731 1393 775 natura
1430 724 1698 792 praecipue
1727 723 1909 778 datum
1954 726 2074 790 fuit,
2107 735 2164 781 nt

582 812 782 865 elatum
813 813 1067 882 populum
1099 829 1164 866 ac
1194 813 1595 882 superbientem
1637 813 1894 868 facillime
1921 817 2162 886 compri-

589 909 761 955 meret
797 919 809 954 :
844 902 1238 966 desperantem
1275 916 1491 964 rursus,
1544 910 1599 954 et
1643 901 1911 968 abjectum
1937 905 2166 958 dicendo

587 1001 892 1052 revocaret.
927 1007 988 1046 ac
1020 1007 1114 1059 spe
1146 992 1401 1060 repleret,
1432 994 1887 1062 quemadmodum
1931 995 2018 1050 ille
2043 1010 2165 1049 cum

587 1080 1020 1133 adolescentibus
1045 1094 1205 1147 agere
1241 1079 1468 1133 solebat.
1499 1078 1734 1149 Denique
1757 1080 1906 1134 urbis
1933 1081 2168 1148 dignitas

587 1183 704 1224 erat
731 1171 971 1227 Pericles
991 1210 1006 1236 ,
1036 1181 1093 1224 ut
1134 1172 1222 1238 qui
1267 1185 1364 1224 nec
1397 1170 1755 1226 multitudinis
1785 1172 2170 1240 cupiditatibus

589 1262 1013 1329 obtemperaret,
1047 1262 1140 1315 sed
1171 1261 1288 1328 ipse
1319 1261 1513 1330 populo
1539 1261 1851 1328 imperaret,
1891 1277 1991 1316 nec
2027 1262 2168 1330 quod

595 1351 703 1406 illis
735 1351 1038 1416 videbatur,
1065 1351 1290 1414 diceret,
1327 1354 1417 1406 sed
1461 1354 1604 1421 quod
1638 1352 1833 1424 4231)
1885 1352 1984 1405 sibi
2018 1352 2169 1405 vide-

597 1452 749 1497 retur
786 1443 838 1497 id
870 1442 990 1497 illos
1025 1442 1206 1497 facere
1247 1451 1469 1513 cogeret
1505 1461 1518 1496 :
1577 1458 1678 1498 nec
1709 1443 2007 1496 adulatoris
2051 1440 2174 1496 fun-

597 1544 816 1603 geretur
839 1533 1036 1600 oﬂicin,
1058 1533 1150 1588 sed
1179 1549 1392 1588 omnem
1419 1533 1810 1598 adulatoribus,
1834 1545 2095 1603 quantum
2117 1533 2170 1588 in

599 1641 658 1680 se
673 1634 814 1692 erat,
843 1626 1228 1681 intercluderet
1247 1625 1451 1678 aditum
1479 1639 1658 1689 :cum,
1678 1634 1947 1693 quatenus
1974 1623 2174 1692 probus

599 1726 716 1771 erat
741 1725 796 1772 et
823 1731 1027 1786 aequus,
1057 1715 1228 1786 patris
1259 1715 1430 1769 vicem
1474 1715 1669 1783 p0pulo
1713 1723 2017 1782 pra-staret,
2041 1729 2174 1782 qua-

602 1817 759 1863 tenus
787 1818 964 1863 autem
995 1822 1182 1863 omnes
1224 1808 1531 1871 coercebat,
1581 1817 1637 1861 et
1684 1805 1738 1860 in
1777 1821 1872 1859 sua
1907 1814 2174 1874 potestate

2265 638 2359 690 xui
2399 635 2477 706 τῷ
2505 635 2565 688 τὸ
2603 636 2719 688 ἴσον
2759 636 2872 697 τοῖς
2903 634 3083 698 ἄλλοις
3114 635 3254 705 ἔχων
3300 635 3620 705 ἀνέχεσθαι,
3653 637 3868 699 ato-3‘4,

2264 728 2422 798 εῐπερ
2459 744 2542 789 τις
2592 725 2917 796 ἀνθρώπων.
2959 726 3291 791 ἐσπούδαζεν
3322 723 3482 790 εἶναι,
3506 727 3585 797 τῷ
3614 729 3674 780 δὲ
3698 728 3874 793 ἀξιόλ-

2269 839 2397 892 ματι
2445 821 2541 888 τῆς
2576 818 2799 887 γνώμης
2849 818 2943 870 καί
2976 818 3052 886 τῷ
3097 818 3172 888 μὴ
3210 818 3316 871 τῶν
3355 820 3533 872 αὐτῶν
3553 815 3860 888 ’ἡττᾶσθαι

2265 915 2378 975 τοῖς
2413 910 2626 973 πολλοῖς
2660 909 2858 975 ὀλίγοις
2879 908 3199 962 καταλιπεῖν
3231 911 3397 978 ἐγγὺς
3427 909 3601 962 ἐλθεῖν
3629 909 3866 962 ἐαυτοῦ.

2276 1005 2343 1057 Ὃ
2385 1003 2438 1055 δέ
2471 1004 2516 1034 ⁷⁸
2550 1019 2715 1070 φασιν
2747 1001 2984 1069 ὑπάρξαι
3037 1001 3316 1071 Σωκράτει
3359 1003 3632 1068 σοφιστῶν
3664 1004 3708 1033 ⁷⁷
3739 1003 3871 1055 δια-

2271 1093 2544 1164 φερόντως
2566 1133 2579 1152 ,
2608 1090 2754 1145 τοῦτ’
2789 1092 2983 1160 ἐκείνῳ
3009 1091 3380 1162 δημαγωγῶν·
3417 1092 3732 1161 ἐπαρθέντα
3760 1094 3872 1160 μὲν

2269 1187 2377 1256 γὰρ
2417 1184 2508 1238 τὸν
2551 1184 2718 1255 δῆμον
2751 1184 2846 1237 καὶ
2895 1184 3118 1252 μείζονα
3153 1186 3498 1254 φρονήσαντα
3549 1185 3872 1238 δεινότατον

2269 1271 2407 1328 εἶναι
2438 1275 2712 1326 συστεῖλαι
2737 1273 2830 1326 καὶ
2856 1272 3126 1336 καθελεῖν,
3155 1272 3512 1342 ἀθυμήσαντα
3537 1274 3594 1327 δὲ
3613 1274 3748 1344 [688
3770 1273 3872 1347 H.]

2271 1363 2367 1415 καὶ
2395 1360 2798 1414 ταπεινωθέντα
2829 1363 3123 1430 ἀναγαγεῖν
3168 1357 3234 1415 αὖ
3271 1365 3381 1425 τοῖς
3416 1363 3598 1431 λόγοις
3632 1365 3736 1418 καὶ
3765 1383 3871 1433 με-

2274 1452 2398 1506 στὸν
2427 1451 2659 1506 ἐλπίδων
2687 1453 2937 1520 ποιῆσαι,
2982 1452 3173 1523 ὥσπερ
3199 1454 3242 1485 ⁷⁸
3272 1455 3478 1514 ἐκεῖνος
3512 1455 3703 1507 εἰώθει
3733 1457 3874 1524 περὶ

2272 1542 2398 1606 τοὺς
2445 1545 2598 1605 νέους
2646 1546 2845 1597 ποιεῖν.
2889 1543 3166 1596 Συνελόντι
3214 1545 3258 1597 δ’
3307 1546 3502 1606 εἰπεῖν.
3537 1546 3729 1615 σχῆμα
3762 1547 3874 1610 τῆς

2274 1635 2480 1696 πόλεως
2514 1629 2581 1704 ἦν
2622 1633 2895 1704 Περικλῆς
2916 1673 2930 1697 ,
2958 1635 3018 1687 ού
3050 1635 3315 1688 δουλεύων
3342 1640 3461 1699 ταῖς
3494 1638 3604 1691 τῶν
3640 1638 3872 1690 πολλῶν

2282 1721 2620 1792 ἐπιθυμίαις,
2647 1722 2760 1775 ἀλλ’
2792 1724 2954 1786 αὐτὸς
2983 1724 3168 1795 ἄρχων
3203 1725 3309 1778 τῶν
3343 1727 3574 1794 πολλῶν,
3602 1729 3715 1781 οὐδ’
3745 1730 3776 1781 ὅ
3817 1745 3875 1780 τι

2273 1815 2474 1880 δόξειεν
2505 1815 2734 1879 ἐκείνοις
2764 1817 2923 1870 τοῦτο
2951 1819 3130 1886 λέγειν
3159 1819 3346 1884 ἀξιῶν,
3379 1823 3494 1874 ἀλλ’
3520 1824 3549 1876 ὅ
3574 1841 3626 1876 τι
3656 1824 3874 1888 δόξειεν

600 1899 834 1952 habebat
889 1899 1094 1964 omnia,
1149 1899 1428 1967 plusquam
1487 1905 1747 1969 tyrannus
1799 1906 1964 1951 esset.
2023 1894 2173 1951 Unde

2282 1906 2427 1976 αὐτῷ
2468 1906 2611 1960 τοῦτ’
2642 1907 2884 1972 ἐκείνους
2926 1910 3186 1979 πράττειν
3225 1914 3645 1980 ἐπαναγκάζων,
3685 1915 3801 1966 οὐδ’
3828 1917 3873 1946 τ’

599 1978 727 2045 licet
751 1989 1028 2044 evidenter
1053 1990 1358 2059 perspicere
1391 1989 1674 2053 Periclem,
1711 1988 1755 2043 si
1787 2004 1946 2058 quem
1984 1987 2170 2055 alium,

599 2093 794 2150 sponte
817 2079 1019 2148 justum
1063 2082 1250 2136 fuisse.
1286 2081 1396 2136 Nec
1439 2083 1582 2136 cnim
1628 2097 1853 2151 usquam
1899 2082 2172 2151 iniquitati

601 2175 781 2244 potius
819 2181 985 2244 quam‘
1007 2173 1231 2242 justitiaz
1253 2174 1480 2237 studuit,
1515 2189 1613 2227 nee
1649 2185 1706 2227 ut
1735 2173 1993 2240 majorem
2031 2173 2175 2228 obti-

605 2272 759 2318 neret
789 2263 964 2318 locum
993 2265 1224 2327 curavit,
1262 2280 1383 2318 cum
1417 2265 1466 2316 id
1493 2263 1685 2331 quovis
1715 2261 2000 2318 Pisistrato
2041 2264 2176 2318 faci-

603 2352 707 2408 lius
725 2363 920 2422 posset
951 2371 966 2408 :
1003 2369 1188 2406 verum
1240 2353 1393 2420 quasi
1431 2368 1608 2407 arcem
1660 2354 1726 2407 ad
1770 2353 1915 2423 leges
1953 2367 2177 2406 servam

605 2447 703 2499 das
728 2453 783 2497 et
811 2457 1001 2498 omnes
1031 2445 1389 2498 communiter
1419 2443 1690 2513 iuvandos
1730 2453 2072 2514 occupasset,
2101 2447 2175 2499 ita

607 2551 668 2590 se
699 2537 941 2606 gerebat.

2273 1995 2331 2046 ἐν
2374 1994 2605 2058 κόλακος
2657 1997 2823 2068 μοίρᾳ
2866 1999 3283 2068 προσκείμενος,
3318 2001 3433 2054 ἀλλ’
3474 2001 3719 2070 οὐδαμοῦ
3756 2006 3874 2065 τοῖς

2273 2085 2457 2150 κόλαξι
2485 2087 2718 2156 πάροδον
2749 2089 2809 2140 τὸ
2840 2089 2960 2142 καθ’
2987 2090 3147 2143 αὑτὸν
3172 2090 3352 2152 διδοὺς
3385 2094 3453 2157 ⁸⁸,
3489 2095 3555 2163 τῇ
3589 2095 3692 2163 μὲν
3729 2113 3873 2164 χρη-

2275 2176 2491 2247 στότητι
2523 2177 2617 2230 καὶ
2639 2181 2759 2241 ταῖς
2774 2180 3100 2243 ἐπιεικείαις
3123 2182 3166 2212 ⁸⁸
3196 2182 3252 2234 ἐν
3278 2184 3486 2254 πατρὸς
3507 2182 3585 2237 ὢν
3607 2184 3764 2248 τάξει
3793 2185 3875 2254 τῷ

2273 2267 2451 2338 δήμῳ,
2492 2268 2571 2340 τῷ
2595 2269 2651 2320 δὲ
2682 2271 2997 2341 κατείργειν
3027 2272 3271 2336 ἅπαντας
3297 2274 3393 2327 καὶ
3423 2273 3582 2328 πάνθ’
3608 2275 3704 2343 ὑφ’
3729 2275 3870 2327 ἐαυ-

2280 2359 2372 2410 τὸν
2402 2359 2546 2429 ἔχειν
2570 2361 2730 2414 πλέον
2751 2362 2784 2432 ἢ
2811 2362 3090 2433 τύραννος.
3130 2363 3222 2428 Ἐξ
3241 2358 3337 2427 ὧν,
3360 2365 3435 2428 ὡς
3457 2364 3660 2430 ἔοικεν,
3689 2365 3875 2430 ἔξεστι

2287 2452 2476 2520 σαφῶς
2515 2453 2642 2506 ἰδεῖν
2672 2454 2787 2520 ὃτι,
2824 2456 2988 2519 εἴτις
3029 2457 3187 2520 ἄλλος
3210 2496 3228 2524 ,
3272 2459 3367 2511 καὶ
3401 2458 3681 2528 Περικλῆς
3729 2456 3877 2510 ἑκὼν

2286 2539 2516 2605 δίκαιος.
2551 2544 2802 2615 Ούδαμοῦ
2840 2545 2950 2617 γὰρ
2994 2548 3092 2616 τὴν
3133 2547 3444 2614 πλεονεξίαν
3475 2551 3597 2604 ἀντὶ
3632 2550 3748 2604 τῶν
3785 2551 3877 2602 v6-

608 2644 726 2698 μων
755 2626 1062 2697 ἠγάπησεν,
1095 2626 1204 2679 οὐδ’
1246 2627 1392 2691 ὅπως
1424 2627 1575 2681 ἔσται
1606 2627 1808 2698 μείζων
1836 2629 1934 2698 τῆς
1963 2627 2175 2695 τάξεως
2206 2633 2526 2704 ’προύνοήθη
2553 2674 2568 2696 ,
2605 2638 2774 2706 παρὸν
2807 2637 2958 2708 αὐτῷ
2994 2638 3194 2708 μᾶλλον
3266 2642 3468 2704 παντὸς
3534 2642 3876 2712 Πεισιστρά·’

605 2737 719 2772 του·
748 2719 862 2772 ἀλλ’
895 2715 964 2791 ἦν
1004 2721 1384 2790 παραπλήσιος
1414 2721 1696 2791 κατέχοντι
1737 2721 1834 2792 τὴν
1880 2721 2180 2793 ἀκρόπολιν
2253 2725 2347 2777 ἐπί
2377 2726 2452 2796 τῷ
2484 2726 2678 2792 σώζειν
2707 2731 2833 2792 τοὺς
2857 2731 3057 2802 νόμους
3082 2733 3174 2786 καὶ
3201 2731 3278 2804 τῷ
3322 2733 3532 2796 πάντας
3597 2731 3658 2787 εὖ
3692 2736 3873 2787 ποιεῖν

607 2815 672 2866 ἐκ
701 2813 865 2886 μέσου
896 2812 1012 2884 [τοῦ
1041 2814 1297 2884 δημοσίου
1319 2812 1412 2885 ⁸⁸].

681 2905 798 2978 [Sic
841 2905 982 2960 forte
1013 2924 1027 2960 :
1066 2907 1208 2974 quod
1245 2908 1303 2978 in
1351 2907 1529 2959 medio
1560 2906 1726 2974 jacet,
1758 2908 1964 2977 mqnale
2010 2917 2111 2972 est,
2142 2909 2185 2962 si

609 2977 762 3050 dicas
805 2992 1014 3050 omnes,
1063 2978 1208 3050 velut
1239 2977 1294 3050 in
1337 2981 1520 3031 urbem
1558 2979 1747 3044 fertur,
1803 2979 1882 3032 vel
1925 2981 2052 3050 quia
2089 2995 2189 3034 arx

614 3045 790 3100 Inedia
823 3047 962 3114 jacet
1001 3047 1051 3099 in
1081 3045 1259 3117 urbe]

687 3136 757 3188 At
798 3145 1086 3206 postquam
1133 3137 1222 3191 ille
1269 3148 1511 3192 mortuus
1554 3148 1658 3202 est,
1706 3141 1814 3207 jam
1849 3149 1903 3194 et
1945 3140 2187 3195 Siciliam

615 3227 980 3292 somniabant,
1015 3237 1070 3282 et
1107 3229 1309 3282 Italiam
1346 3230 1693 3294 affectabunt,
1721 3241 1774 3284 et
1807 3231 2184 3302 Carthaginem

2363 2901 2513 2978 [οἶον
2541 2905 2698 2978 ᾼίσωςο
2734 2906 2794 2958 τὸ
2823 2906 2937 2978 γὰρ
2975 2907 3038 2978 ἐκ
3083 2909 3250 2976 μέσου
3295 2907 3596 2978 φερόμενον
3635 2906 3753 2959 ἴσον
3779 2899 3874 2960 ἐπὶ

2291 2976 2498 3039 πάντας
2529 2976 2715 3045 ὥσπερ
2750 2977 2842 3029 ἐπὶ
2877 2977 3073 3048 κύκλου
3112 2976 3378 3048 φέρεται(
3411 2979 3443 3048 ἢ
3484 2979 3567 3031 ὅτι
3621 2979 3654 3047 ἡ
3705 2979 3876 3045 d196-

2292 3049 2444 3110 πολις
2479 3048 2618 3117 μέση
2649 3049 2825 3100 κεῖται
2853 3046 2954 3115 τῆς
2983 3047 3233 3120 πόλεως.]

2374 3139 2594 3208 Ἐπειδὴ
2631 3139 2677 3170 ⁸³
2708 3138 2764 3191 δὲ
2800 3139 3149 3210 ἐτελεύτησεν
3194 3141 3431 3202 ἐκεῖνος,
3476 3138 3876 3208 ὠνειροπόλουν

2295 3230 2393 3300 μὲν
2421 3230 2669 3283 Σικελίαν
2693 3271 2706 3293 ,
2749 3229 2962 3297 ἐφίεντο
2986 3229 3041 3282 δὲ
3073 3229 3325 3292 Ἰταλίας,
3344 3229 3615 3295 ὠρέγοντο
3634 3230 3692 3281 δὲ
3724 3231 3877 3296 Καρ-

613 3330 779 3388 atque
811 3321 1048 3374 Africam
1081 3323 1428 3391 appetebant,
1477 3331 1638 3390 atque
1667 3324 1848 3377 omnia
1875 3325 2179 3394 circumspi-

2296 3319 2516 3390 χηδόνος
2545 3320 2637 3371 καὶ
2667 3318 2894 3388 Λιϐύης,
2923 3319 3131 3380 πάντας
3158 3319 3202 3371 δ’
3229 3316 3547 3388 ἀνθρώπους
3579 3319 3876 3387 περιεσκό-

612 3410 848 3474 ciebant,
884 3427 981 3464 nec
1020 3411 1150 3479 ipsis
1193 3413 1485 3481 quidquam
1533 3411 1850 3477 sufﬁciebat,
1884 3424 1936 3467 et
1978 3416 2188 3485 longio-

617 3515 730 3556 rem
788 3502 911 3556 belli
971 3502 1219 3557 fecerunt
1269 3505 1635 3572 appendicem.
1691 3505 1813 3560 llaec
1869 3519 2085 3573 autem,
2155 3525 2188 3562 ο

616 3590 795 3656 Plato,
823 3605 874 3646 et
901 3592 1176 3657 Socrates,
1207 3594 1472 3649 suadebat
1503 3604 1682 3649 vester
1718 3609 1820 3648 non
1850 3597 2052 3660 socius,
2097 3598 2190 3651 sed

617 3685 839 3750 sodalis,
880 3694 938 3739 ut
979 3691 1036 3738 tu
1073 3686 1274 3739 dixeris
1318 3700 1384 3738 an
1440 3687 1619 3754 potius
1664 3687 1873 3741 dixisti.
1925 3687 2190 3752 Quocirca

618 3775 744 3841 quis
772 3789 834 3827 ea
869 3775 949 3827 vel
977 3775 1121 3843 juSIe
1149 3773 1362 3835 Pericli,
1393 3775 1472 3826 vel
1510 3791 1614 3829 non
1653 3776 1960 3830 necessario
1994 3777 2193 3832 tribuat

622 3865 932 3920 Alcibiadi?
967 3866 1069 3933 Qui
1104 3867 1399 3933 civitatem,
1432 3883 1592 3935 quam
1640 3879 1922 3936 acceperat
1951 3870 2194 3925 consiliis

620 3957 991 4024 obtemperare
1016 3957 1300 4023 valentem,
1335 3959 1385 4012 in
1422 3960 1578 4011 talem
1614 3957 1850 4012 furorem
1876 3958 2191 4026 egit?Quo-

625 4045 768 4099 circa
805 4062 927 4099 cum
969 4049 1096 4100 nulli
1131 4061 1276 4102 esset.
1304 4049 1455 4103 lucro
1489 4051 1722 4116 deditus,
1765 4049 1988 4117 iustitia:
2020 4052 2192 4104 mani-

623 4139 817 4191 festum
873 4141 1032 4192 dabat
1094 4141 1392 4209 specimen,
1443 4153 1498 4194 ut
1543 4153 1598 4196 et
1647 4143 2035 4212 temperantiae,
2069 4142 2193 4195 dum

621 4230 787 4282 vitam
821 4231 1116 4282 modestam
1159 4231 1414 4298 voluptati
1453 4232 1774 4299 praeferebat
1813 4250 1828 4286 :
1866 4231 2196 4286 fortitudinis

625 4322 810 4384 etiam,
843 4338 962 4374 cum
988 4337 1090 4375 non
1123 4323 1189 4376 ad
1211 4323 1438 4391 gratiam
1471 4339 1566 4378 nec
1598 4325 1888 4389 submisse,
1913 4325 2006 4378 sed
2033 4323 2197 4378 liber-

627 4412 763 4464 rime
793 4427 914 4464 cum
950 4411 1141 4479 populo
1168 4413 1378 4480 agebat.
1426 4411 1668 4481 Denique
1699 4427 1818 4465 cum
1847 4412 1995 4466 solus
2027 4422 2080 4466 et
2110 4411 2198 4465 fu-

623 4512 746 4556 tura
778 4505 1045 4570 praascire,
1096 4512 1151 4558 et
1197 4505 1554 4571 praesentibus
1600 4507 1673 4559 uti
1715 4505 1977 4574 potuerit,
2004 4505 2197 4558 merito

624 4595 923 4662 prudentia:
960 4594 1192 4661 laudem,
1234 4597 1277 4650 si
1305 4596 1426 4665 quis
1467 4611 1552 4649 res
1579 4599 1840 4650 humanas
1866 4597 2191 4658 consideret,

2293 3427 2452 3473 πουν,
2485 3410 2646 3480 ήρκει
2691 3409 2747 3461 δέ
2781 3410 2966 3472 αὐτοῖς
2994 3409 3171 3472 οὐδὲν,
3209 3410 3550 3480 μακροτέραν
3577 3409 3625 3442 ⁸⁸
3675 3410 3736 3462 δὲ
3779 3411 3876 3462 τοῦ

2293 3501 2532 3570 πολέμου
2558 3502 2655 3571 τὴν
2685 3500 3038 3572 παρενθήκην
3065 3501 3392 3570 ἐποιήσαντο
3419 3501 3487 3553 ⁸⁵.
3531 3501 3592 3553 '0
3615 3501 3673 3553 δὲ
3702 3502 3876 3554 ταῦτα

2293 3593 2496 3645 πείθων
2525 3589 2614 3662 ἦν,
2643 3588 2688 3644 ὧ
2718 3593 2940 3645 Πλάτων
2967 3610 3025 3645 τε
3061 3593 3155 3645 καὶ
3181 3590 3469 3662 Σώκρατες
3488 3633 3502 3656 ,
3536 3594 3565 3644 ὁ
3598 3592 3875 3663 ἡμέτερος

2295 3685 2550 3747 κοινωνὸς
2584 3683 2680 3754 μὲν
2711 3685 2810 3736 οὐκ
2845 3683 2990 3736 ἐστιν
3024 3683 3220 3748 είπεῖν,
3253 3683 3468 3752 ἑταῖρος
3494 3681 3550 3735 δέ
3579 3683 3675 3735 καὶ
3709 3684 3873 3745 αὐτ-κ

2293 3775 2359 3828 ἂν
2385 3777 2550 3845 φαίης
2570 3817 2583 3841 ,
2620 3775 2820 3845 μᾶλλον
2851 3775 2895 3827 δ’
2943 3774 3190 3846 εἴρηκας.
3223 3775 3346 3836 Πῶς
3373 3773 3465 3826 οὖν
3493 3774 3556 3827 ἄν
3591 3790 3672 3837 τις
3703 3773 3877 3827 ταῦτα

2293 3866 2514 3930 δικαίως
2561 3865 2890 3936 κατηγοροίη
2939 3864 3296 3936 Περικλέους,
3345 3865 3378 3935 ἢ
3429 3863 3548 3925 πῶς
3596 3865 3698 3916 οὐκ
3745 3865 3877 3918 ἀνα-

2296 3958 2505 4027 γκαίως
2542 3957 2904 4024 Ἀλκιϐιάδου,
2931 3957 3077 4019 ὅστις
3110 3955 3440 4028 παραλαϐὼν
3468 3956 3631 4028 [Ιὲἷό
3657 3955 3754 4026 R.]
3780 3956 3880 4026 τὴν

2299 4050 2456 4102 πολιν
2493 4048 2693 4101 εἰδυῖαν
2725 4048 2944 4102 ἀκούειν
2969 4047 3305 4116 συμϐούλων,
3333 4042 3430 4099 εἷθ’
3462 4045 3636 4109 οὕτως
3678 4046 3766 4111 ἐξέ
3777 4065 3878 4114 μη-

2297 4159 2419 4206 νεν;
2450 4140 2659 4193 Οὐκοῦν
2691 4141 2738 4170 ⁸⁸
2781 4139 2859 4210 τῷ
2893 4140 2991 4208 μὲν
3038 4139 3274 4200 ἅπαντος
3300 4137 3345 4169 ⁸⁷
3386 4136 3610 4206 κέρδους
3641 4138 3879 4206 κρείττω

2297 4233 2560 4302 παρέχειν
2595 4232 2784 4284 ἑαυτὸν
2812 4231 3157 4301 δικαιοσύνην
3185 4229 3367 4283 ἀσκῶν
3395 4230 3554 4299 δῆλος
3590 4224 3681 4300 ἦν,
3715 4227 3792 4296 τῷ
3817 4229 3876 4280 δὲ

2297 4321 2389 4374 τὸν
2415 4323 2472 4374 ἐν
2498 4320 2648 4385 τάξει
2674 4321 2786 4390 βίον
2818 4321 2937 4373 ἀντὶ
2958 4320 3003 4353 ⁸³
3025 4319 3119 4372 τοῦ
3147 4320 3282 4387 πρὸς
3309 4319 3502 4391 ἡδονὴν
3529 4319 3878 4389 προῃρῆσθαι

2299 4411 2652 4481 σωφροσύνης
2685 4411 2866 4463 πίστιν
2899 4411 3188 4481 παρείχετο
3221 4410 3459 4480 ἐμφανῆ.
3491 4410 3604 4464 Καὶ
3642 4411 3751 4480 μὴν
3781 4412 3877 4463 ἀν·-

2296 4501 2476 4571 δρείας
2508 4518 2570 4569 γε
2603 4504 2658 4552 ἐν
2698 4497 2777 4562 οἷς
2809 4502 2869 4553 οὐ
2911 4501 3047 4570 πρὸς
3085 4501 3243 4570 χάριν
3290 4501 3399 4554 οὐδ’
3425 4501 3874 4564 ὑποπεπτωκὼς,

2297 4593 2412 4645 ἀλλ’
2436 4593 2509 4656 ὡς
2539 4588 2650 4646 οἷόν
2679 4611 2737 4646 τε
2765 4593 2999 4662 μάλιστα
3030 4592 3332 4664 ἐλευθέρως
3359 4593 3555 4662 ὡμίλει
3584 4593 3663 4663 τῷ
3688 4593 3874 4662 δήμῳ.

627 4695 1017 4753 consequatur.
1061 4687 1200 4755 Ergo
1238 4702 1396 4755 quem
1429 4688 1494 4741 de
1524 4687 1737 4742 cunctis
1774 4688 1992 4742 virtutis
2027 4691 2164 4758 parti

2299 4683 2476 4745 Μόνος
2508 4683 2686 4736 τοίνυν
2710 4686 2804 4736 καὶ
2842 4683 2910 4736 τὰ
2942 4683 3205 4752 μέλλοντα
3231 4683 3451 4736 ἔσεσθαι
3479 4682 3748 4754 προειδὼς
3782 4686 3878 4737 καὶ

625 4779 744 4843 bus,
777 4779 900 4832 licet
933 4777 1146 4842 fortem,
1174 4778 1399 4846 justum,
1438 4781 1780 4848 prudentem,
1805 4788 2179 4847 temperante“

2299 4778 2412 4838 τοῖς
2447 4775 2677 4846 παροῦσι
2706 4776 3016 4846 χρήσασθαι
3036 4777 3080 4809 ⁸⁸
3115 4777 3366 4850 δυνηθεὶς
3397 4776 3516 4839 πῶς
3548 4777 3650 4829 οὐκ
3678 4775 3747 4830 ἃν
3787 4793 3877 4828 σο⁶

627 4885 843 4936 vocare,
876 4885 997 4925 eum
1050 4871 1190 4924 inter
1243 4874 1548 4926 adulatores
1585 4869 1740 4925 Plato
1789 4870 2010 4940 posuit?
2059 4871 2179 4924 Nan

2301 4865 2431 4936 φίας
2453 4865 2675 4928 δικαίως
2699 4866 2856 4929 δόξαν
2879 4867 3097 4937 φέροιτο
3130 4869 3227 4937 τῆς
3265 4868 3330 4935 γέ
3370 4885 3471 4920 που
3523 4869 3876 4937 χρησιμωτὰο

625 4958 888 5028 loquares,
923 4961 1114 5028 inquit,
1147 4962 1363 5026 otiosos,
1407 4961 1604 5032 ή24ιι
1639 4962 1875 5031 ignavos,
1898 4971 1946 5014 et
1985 4977 2175 5014 avaros

2300 4971 2423 5025 της,
2454 4957 2506 5008 εί
2533 4974 2615 5019 τις
2647 4957 2999 5028 ἀνθρωπίνως
3025 4957 3198 5011 ἐθέλοι
3213 4958 3555 5026 λογίζεσθαις
3586 4955 3701 5011 Εἶθ’
3733 4959 3793 5011 ὃν
3816 4957 3876 5022 ἐξ

627 5061 899 5119 postquam
924 5053 1181 5118 stipendia
1215 5052 1375 5120 jussit
1414 5053 1607 5120 facere,
1642 5053 1979 5105 Athenienses
2023 5051 2179 5104 reddi.

2308 5048 2564 5105 ἁπάντων
2619 5049 2732 5102 τῶν
2790 5051 2888 5119 τῆς
2937 5050 3138 5120 ἀρετῆς
3186 5049 3388 5120 μορίων
3429 5049 3666 5119 ὑπάρχει
3704 5065 3873 5119 προσ-

628 5142 726 5193 dit.
755 5143 832 5196 Ac
855 5142 921 5196 de
950 5143 1283 5211 loquacibus,
1331 5143 1522 5198 otiosis
1549 5152 1604 5198 et
1645 5143 1876 5213 ignavis,
1904 5141 2078 5208 Plato,
2113 5141 2179 5194 in-

2309 5143 2486 5194 ειπεῖν
2511 5141 2774 5209 ἀνδρεῖον,
2798 5139 3025 5204 δίκαιον,
3055 5140 3337 5208 φρόνιμον,
3370 5139 3624 5208 σώφρονα
3643 5180 3657 5201 ,
3685 5138 3872 5190 τοῦτον

629 5231 806 5286 didem
832 5244 1080 5303 supputa.
1714 5230 1718 5234 ’

2303 5231 2528 5286 Πλάτων
2545 5231 2681 5302 μετὰ
2696 5230 2808 5284 τῶν
2832 5231 3079 5284 κολάκων
3096 5233 3220 5301 ὴρίθ
3230 5250 3303 5302 μη
3313 5248 3388 5284 σε’
3413 5229 3653 5295 Λάνῑους
3667 5230 3714 5262 ⁹⁶
3743 5229 3872 5296 ⁴μὰρ,

629 5326 814 5395 φησὶν,
847 5325 1196 5392 Ἀθηναίους
1218 5326 1467 5391 ἐποίησε
1479 5326 1576 5380 καί
1603 5325 1934 5407 ἀργοὺςκαί
1960 5325 2198 5392 δειλοὺς
2234 5323 2332 5378 καί
2381 5323 2818 5398 φιλαργύρους,
2864 5325 2950 5389 εἰς
3023 5324 3396 5394 μισθοφορὰν
3467 5322 3868 5391 καταστήσας.

630 5417 766 5488 Περὶ
801 5417 900 5488 μὲν
928 5416 992 5488 δὴ
1035 5416 1233 5482 λάλων,
1264 5410 1308 5469 ὦ
1342 5418 1585 5486 Πλάτων,
1616 5420 1710 5474 καὶ
1738 5418 1924 5490 ἀργῶν
1959 5418 2051 5471 καὶ
2083 5417 2269 5470 δειλῶν
2295 5416 2517 5470 αὐτόθεν
2546 5414 2840 5482 κατάϐαλε,

1912 5553 2144 5609 VARUE
2185 5553 2590 5612 LECTIONE54

704 5665 750 5695 ⁷⁸
778 5662 906 5734 ὃδέ]
938 5679 991 5736 p_.
1027 5661 1148 5736 1798.
1253 5663 1297 5736 '_’
1331 5666 1598 5736 σοφιστῶν
1638 5667 1905 5735 σωκράτει
1933 5668 1999 5721 Α.
2094 5668 2140 5698 ⁷⁸
2169 5664 2377 5736 ὥσπερ]
2408 5667 2640 5736 ὅπερΑξ
2713 5666 2759 5697 ⁷³
2790 5664 2899 5736 οὐδ’
2949 5666 3026 5736 ἐνλ
3089 5662 3136 5695 ⁸⁰
3165 5664 3339 5736 διδούς
3381 5679 3496 5736 θηνἶ
3673 5661 3714 5736 ‘_'
3754 5662 3868 5721 ταῖς

635 5733 979 5806 ἐπιεικείαιςι
1019 5733 1419 5806 *ἐπιεικείᾳ-Α,
1499 5737 1565 5806 ξ’
1601 5736 1695 5788 τοῦ
1739 5733 1994 5806 δημοσίου
2047 5752 2156 5790 om.
2206 5738 2270 5790 A.
2324 5733 2390 5806 ί³³
2435 5733 2641 5806 ἐπειδὴ]
2691 5751 2742 5803 p.
2780 5735 2924 5806 7207.
2990 5733 3038 5766 ⁸⁵
3077 5735 3417 5806 μακροτέραν
3479 5734 3526 5766 ⁸⁵
3549 5733 3866 5806 ἐποιήσαντο

635 5751 979 5802 επιεικειαιςι
1042 5751 1309 5796 επιεικεια
1355 5751 1419 5788 Α.
1519 5751 1565 5766 θ’
1601 5754 1695 5788 του
1739 5751 1994 5806 οημοσιου
2047 5752 2156 5790 om.
2206 5751 2270 5790 A.
2342 5751 2390 5766 °°
2435 5751 2641 5806 επειοη]
2691 5751 2742 5803 p.
2798 5751 2924 5789 2w.
2990 5751 3038 5766 ι’*
3077 5751 3310 5803 μακροτε
3352 5751 3417 5785 αν
3479 5751 3526 5766 ησ
3549 5751 3866 5799 smmum

634 5819 745 5880 om.
772 5804 860 5880 A_._
907 5801 954 5880 ⁸ξ⁵
977 5801 1429 5880 οὐκοῦνᾙιιὲυθ.
1494 5802 2008 5880 ’ΤΑόιπαντοςιὲὅιπαν
2029 5807 2119 5880 τοῦ
2159 5808 2221 5860 Λ.
2297 5804 2342 5880 εξ
2391 5805 2510 5857 ἀντὶ
2557 5807 2650 5880 τού
2699 5805 2832 5875 πρὸς
2866 5805 2949 5876 ηδ.
2982 5751 3350 5876 προῃρῆσθαις
3391 5802 3729 5874 προῃρῆσθαι
3775 5798 3866 5854 τοῦ

639 5875 772 5940 πρὸς
803 5873 882 5943 ηδ.
917 5871 978 5925 Α.
1059 5872 1102 5901 δ’
1132 5870 1367 5941 χρῆσθαι
1389 5875 1450 5928 Α.
1521 5877 1564 5908 ⁹⁰
1589 5870 1934 5945 λάλους]’2Η
1962 5896 1991 5931 a
2024 5879 2070 5932 Ι.
2097 5877 2441 5946 καταστήσας
2471 5892 2578 5932 om.
2600 5877 2661 5928 Δ..
