4104 6424
259 443 413 510 “1533
1298 449 1827 511 BIBLIOTHECA.
1856 474 1917 490 -
1959 451 2123 513 COD.
2157 449 2519 514 CCXLVIII.
3402 449 3539 516 1534

572 554 788 645 frg-aea!
829 554 1024 645 Tgfiac
1049 556 1314 645 ἐγςίρῃσι
1337 560 1379 590 ’¹
1406 562 1539 645 θεὸς
1567 560 1777 626 ἄλλος.
1893 562 1932 623 Α

1893 562 1947 623 Α
2110 564 2198 645 ’ίνε
2227 565 2342 632 quis
2374 564 2511 645 forte
2534 564 2661 617 deus
2692 563 2950 645 Trojanos
2984 564 3172 620 excitet
3207 582 3449 637 usquam,

314 626 623 679 lt'atdé’ale
644 626 710 688 ",
742 626 1025 690 κατάθου,
1060 627 1360 689 πέπαυσο,
1397 632 1561 697 σίγα.

1429 632 1561 697 ’ίγα.
2103 626 2385 705 δηρριιια,’
2408 635 2626 704 depone,
2659 626 2883 702 quiesce,
2918 645 3050 690 tace.

276 719 348 772 Σὺ
372 718 429 771 δὲ
451 720 496 751 ⁸³
529 720 870 789 Μαντινικὴν
896 720 994 790 μὲν
1025 722 1071 753 ⁹⁸
1107 720 1265 791 ξένην
1298 723 1391 776 καὶ
1432 724 1709 794 Μιλησίαν
1739 723 1861 777 ὲπί-

1962 733 2031 784 Αι
2092 740 2147 783 ιιι
2197 727 2590 780 Mantinensem
2665 725 2882 794 quidem
2928 728 3196 796 hOSpitam
3231 769 3249 794 ,
3289 735 3337 781 el
3387 726 3540 781 Mile-

277 826 473 863 στασαι
502 813 748 879 κοσμεῖν,
781 813 876 864 καὶ
904 810 1157 877 οὕστινας
1188 814 1252 868 ἄν
1276 832 1357 867 σοι
1387 815 1517 884 δοκῇ
1543 854 1559 878 ,
1591 816 1733 868 πάνυ
1766 817 1862 886 ῥᾳ-

1964 822 2098 877 siam
2132 820 2329 875 novisti
2379 819 2618 879 laudare,
2674 835 2738 872 ac
2789 834 3146 887 quoscunque
3198 820 3347 883 libet,
3384 819 3542 875 facile

274 903 402 966 δίως
430 902 684 971 μεγάλων
707 903 966 972 ἠξίωσας·
991 904 1099 957 τῶν
1125 905 1183 958 δὲ
1216 904 1486 974 Ἑλλήνων
1514 907 1638 968 τοὺς
1658 908 1861 977 ἄκρους

1965 914 2228 984 przedicas
2257 932 2271 966 :
2299 912 2614 967 Gra’corum
2641 921 2819 964 autem
2851 912 3143 978 principes,
3169 912 3366 980 ubique
3399 912 3546 965 cele-

277 995 370 1046 καὶ
400 995 553 1064 παρὰ
586 996 722 1048 πᾶσι
755 995 1125 1066 βεϐοημένους
1151 996 1278 1068 [689
1309 997 1403 1067 Η.]
1430 1000 1487 1050 ὲν
1518 997 1705 1067 φαύλῳ
1728 998 1863 1051 καθ-

1967 1007 2112 1068 bres,
2170 1015 2372 1060 temere
2428 1004 2706 1073 deprimis.
2751 1003 2804 1055 Id
2860 1011 3038 1055 autem
3100 1018 3163 1055 eo
3210 1002 3359 1059 facis.
3401 1003 3545 1072 quod

276 1090 473 1156 αιρεῖς.
519 1089 701 1140 Αἴτιον
743 1087 789 1140 δ’
828 1088 889 1142 οὐ
919 1089 981 1142 τὸ
1008 1090 1221 1157 ἀγνοεῖν
1249 1091 1350 1163 τὴν
1375 1090 1557 1156 ἀξίαν,
1584 1090 1720 1145 ἀλλά
1746 1090 1865 1155 πῶς

1969 1098 2283 1166 dignitatem
2330 1112 2516 1150 eorum
2563 1112 2667 1148 non
2707 1096 3040 1163 ‘cognoscas,
3080 1093 3174 1147 sed
3224 1100 3283 1146 ut
3324 1095 3549 1149 honesw

279 1177 349 1230 ἂν
377 1177 591 1245 εῐποιμι
616 1178 945 1247 εὐπρεπῶςς
980 1180 1187 1249 σφόδρα
1220 1180 1329 1233 τῶν
1352 1180 1529 1249 λόγων
1565 1181 1613 1213 ’⁸
1641 1181 1789 1251 γίνῃ.

1392 1181 1529 1249 ἀΐων
1565 1181 1613 1213 ’⁸
1641 1181 1789 1251 γίνῃ.
1970 1191 2170 1251 dicam,
2206 1189 2431 1242 nimium
2460 1188 2699 1241 sermoni
2746 1186 3013 1254 indulges.

564 1269 656 1412 υἱοῦ
679 1271 879 1341 λέσχης
903 1272 1032 1342 γίνῃ
1056 1275 1153 1326 καὶ
1183 1274 1242 1326 οὑ
1261 1273 1359 1343 τῆς
1384 1273 1495 1327 τῶν
1520 1275 1867 1345 πραγμάτων

1758 1289 1867 1327 των
2041 1279 2192 1353 [γίνῃ
2213 1295 2309 1350 pro
2338 1278 2675 1348 garrulitate,
2713 1293 2818 1332 non
2850 1292 2948 1347 pro
2984 1275 3060 1330 rei
3096 1274 3379 1346 veritate..]

356 1431 481 1495 Πῶς
514 1432 579 1486 ἂν
595 1434 642 1465 ⁹⁶
666 1432 752 1502 εἴη
777 1433 1125 1505 διεφθαρκὼς
1144 1435 1189 1467 ’⁷
1222 1434 1539 1505 Ἀθηναίους
1566 1436 1599 1506 ἢ
1634 1435 1752 1499 πῶς
1773 1435 1869 1489 λάο

2043 1440 2323 1505 Qnomodo
2353 1438 2525 1507 potuit
2556 1436 2913 1491 Athenienses
2941 1447 3313 1502 corrumpere,
3351 1432 3434 1485 vel
3468 1431 3550 1486 lu-

283 1524 410 1587 λους
459 1524 808 1595 πεποιηκὼς,
855 1527 915 1591 ὃς
947 1544 1011 1594 γε
1050 1527 1153 1580 κάν
1203 1529 1317 1591 τοῖς
1360 1528 1538 1595 λόγοις
1582 1529 1767 1591 αὐτοῖς
1807 1528 1871 1581 τὸ

1972 1547 2173 1603 quaces
2220 1533 2444 1585 reddere
2498 1526 2825 1600 [Pericles],
2884 1526 2975 1593 qni
3036 1528 3200 1580 etiam
3256 1524 3309 1577 in
3359 1525 3552 1579 vestris

290 1617 461 1686 μηδὲν
493 1618 711 1686 φαύλως
750 1618 872 1688 μηδ’
905 1620 1026 1689 είκῆ
1062 1620 1303 1687 τιμήσας
1330 1619 1615 1687 φαίνεται;
1649 1621 1871 1674 τούναν-

1973 1627 2129 1681 libris
2160 1624 2309 1693 ipsis,
2338 1639 2404 1676 ne
2428 1624 2555 1690 quid
2590 1632 2735 1675 esset
2768 1630 2969 1673 temere
2997 1619 3288 1687 prolatum,
3320 1617 3550 1671 caverit.

284 1710 401 1763 τίον
434 1710 542 1780 γὰρ
572 1708 759 1779 ἔμοιγε
789 1712 898 1763 πᾶν
937 1711 1135 1772 αὐτοὺς
1165 1710 1343 1762 ἐθίσαι
1372 1711 1555 1778 δοκεῖ,
1610 1712 1749 1782 μήτε
1781 1711 1871 1764 λέ-

1975 1719 2227 1785 Quinimo
2267 1724 2453 1769 contra
2506 1713 2636 1765 mihi
2679 1711 2891 1764 videtur
2932 1724 3027 1764 eos
3073 1708 3444 1771 assuefecisse,
3487 1722 3556 1761 ne

286 1818 409 1869 γειν
435 1803 582 1865 ὅπως
611 1801 771 1872 ἔτυχε
801 1802 967 1872 μηδὲν
1001 1805 1138 1871 μήτε
1177 1806 1350 1856 ποιεῖν
1380 1804 1489 1858 ἀπὸ
1516 1802 1613 1855 τοῦ
1648 1802 1868 1873 πρώτου

1976 1808 2104 1876 quid
2138 1816 2339 1861 temere
2379 1805 2620 1859 dicerent
2673 1803 2756 1855 vel
2806 1802 3068 1855 facerent.
3116 1802 3316 1855 Deinde
3348 1802 3399 1854 in
3450 1799 3553 1853 alia

289 1895 692 1963 παραστάντος.
730 1895 849 1947 Ἔτι
878 1894 923 1947 δ’
949 1894 995 1926 ’⁸
1031 1894 1192 1950 ἄλλου
1223 1893 1324 1965 μέν
1350 1911 1509 1971 (τινος
1544 1897 1874 1963 πράγματος

1925 1907 1951 1961 Β
1979 1899 2192 1967 quidem
2237 1912 2295 1950 re
2334 1911 2439 1949 non
2477 1905 2618 1949 esset
2669 1893 2899 1946 fortasse
2947 1894 3123 1962 magni
3162 1892 3420 1945 momenti
3451 1906 3546 1944 co-

290 1988 629 2059 σκήπτεσθαι
677 1989 915 2059 μάρτυρι
961 1988 1253 2058 κωμῳδίας
1277 1990 1321 2020 ’⁸
1371 1987 1680 2057 διδασκάλῳ
1731 1987 1875 2057 τάχα

1979 1992 2175 2043 micnm
2208 1988 2573 2043 testimonium
2608 2004 2620 2040 :
2654 1994 2709 2038 at
2753 1985 2804 2038 in
2836 1985 3154 2052 eloquentia:
3198 1982 3405 2052 judicio
3438 2021 3454 2046 ,
3494 1990 3556 2035 ut

289 2078 359 2132 ἂν
382 2078 484 2131 οὐκ
516 2078 736 2147 ίσχυρὸν
762 2073 850 2149 ἦν·
884 2079 964 2141 είς
986 2078 1044 2131 δὲ
1066 2078 1240 2145 λόγων
1268 2080 1451 2148 κρίσιν
1478 2079 1552 2149 μή
1586 2096 1715 2131 ποτε
1732 2078 1876 2131 οὕτω

1979 2082 2096 2135 illos
2126 2080 2278 2150 quasi
2317 2080 2452 2133 viles
2497 2090 2862 2139 contemnam,
2906 2092 3179 2146 nunquam
3229 2085 3333 2129 tam
3374 2090 3560 2145 super-

290 2169 489 2239 σεμνὸς
515 2170 778 2238 γενοίμην
810 2168 940 2222 ὥσθ’
976 2169 1254 2240 ὑπεριδεῖν
1283 2169 1394 2223 τῶν
1424 2171 1633 2240 ἀνδρῶν
1660 2171 1875 2224 τούτων

1976 2175 2077 2229 bus
2106 2188 2219 2227 ero.
2261 2172 2516 2225 Cratinus
2544 2170 2762 2239 quidem
2793 2168 3229 2224 Grtecanicarum
3257 2170 3550 2223 maximam

289 2262 366 2322 ὡς
385 2260 598 2324 οὐδενὸς
621 2261 809 2326 ἀξίων.
850 2262 911 2315 '0
938 2262 1038 2333 μὲν
1070 2263 1087 2293 ί
1115 2262 1227 2315 τῶν
1265 2263 1584 2332 Ἑλληνίδων
1612 2264 1877 2334 μεγίστην

1977 2264 2186 2317 vocavit
2220 2263 2338 2331 ejus
2374 2260 2609 2327 linguam
2652 2260 2790 2329 (90),
2824 2277 2944 2316 cum
2978 2263 3188 2316 diceret
3227 2263 3368 2314 idem
3413 2261 3556 2329 quod

288 2352 319 2402 ὁ
364 2353 633 2422 Κρατῖνος
676 2353 775 2421 τὴν
817 2352 1031 2406 ἐκείνου
1081 2353 1331 2421 γλῶτταν
1383 2354 1573 2424 εἴρηκε
1598 2355 1619 2385 ³
1644 2393 1659 2415 ,
1702 2353 1877 2420 λέγων

1976 2355 2264 2418 sentiebat,
2314 2353 2561 2407 nonnihil
2614 2362 2790 2407 tamen
2846 2354 3061 2407 veritati
3094 2369 3160 2407 ex
3192 2362 3309 2406 arte
3342 2352 3557 2406 acerbi—

293 2443 394 2513 μὲν
418 2442 532 2496 ἴσον
551 2462 604 2497 τι
635 2444 730 2497 καὶ
755 2444 964 2512 φωνὴν,
1000 2444 1272 2513 ἀναμίξας
1301 2444 1357 2498 δέ
1382 2462 1431 2497 τι
1461 2448 1562 2514 τῆς
1594 2444 1745 2516 παρά
1777 2445 1875 2514 τῆς

1980 2447 2105 2502 tatis
2158 2452 2490 2515 aspergeret,
2544 2456 2917 2498 verumtamen
2976 2446 3153 2498 facere
3207 2459 3314 2497 non
3365 2444 3558 2512 potuit,

291 2536 491 2606 τέχνης
528 2536 752 2607 πικρίας
780 2541 897 2601 τοῖς
931 2537 1041 2590 ἀπὸ
1084 2537 1185 2605 τῆς
1228 2536 1506 2606 ἀληθείας.
1552 2539 1743 2607 Ὅμως
1776 2538 1820 2590 δ’
1853 2537 1875 2568 ³

1978 2540 2106 2610 quin
2151 2539 2353 2608 primas
2404 2537 2452 2590 ei
2496 2536 2776 2599 tribueret,
2836 2537 3060 2607 ejusque
3094 2537 3148 2589 in
3205 2535 3434 2589 dicendo
3465 2534 3561 2589 de-

291 2625 393 2681 οὐκ
421 2626 653 2695 ἐξέφυγε
674 2626 736 2680 τὸ
760 2627 835 2697 μὴ
857 2628 918 2680 οὐ
946 2626 1018 2679 τὰ
1046 2626 1240 2697 πρῶτα
1262 2627 1447 2680 δοῦναι
1467 2626 1546 2695 τῷ
1571 2628 1726 2697 ἀνδρὶ
1750 2627 1874 2697 μηδ’

1978 2632 2208 2686 clararel
2234 2628 2629 2683 excellentiam.
2653 2629 3042 2695 Aristophanes
3070 2628 3337 2694 fulgurare
3357 2642 3478 2681 eum
3501 2641 3563 2681 ac

292 2717 631 2784 ἐνδείξασθαι
683 2717 784 2787 τὴν
820 2718 1298 2788 μεγαλοπρέπειαν
1326 2718 1425 2787 τὴν
1466 2719 1596 2788 περὶ⁹
1632 2721 1763 2795 τοὺς
1791 2717 1880 2769 λό-

1981 2731 2168 2776 tonare
2196 2735 2260 2774 ac
2301 2721 2528 2774 miscere
2554 2721 2691 2774 dixit
2735 2720 2875 2773 inter
2921 2720 3378 2773 concinnandam.
3420 2716 3564 2771 Nihil

296 2829 429 2881 γους
473 2811 661 2866 αὐτοῦ.
714 2810 773 2865 ’0
818 2811 876 2863 δὲ
920 2810 1319 2882 Ἀριστοφάνης
1346 2812 1368 2841 ⁸
1417 2810 1751 2878 ἀστράπτειν
1785 2812 1880 2863 καὶ

1981 2815 2125 2869 enim
2153 2828 2283 2867 curo
2328 2813 2371 2865 si
2407 2812 2534 2881 quid
2570 2812 2619 2865 in
2654 2826 2718 2865 eo
2758 2812 3127 2881 reprehendit,
3177 2810 3271 2864 sed
3302 2818 3560 2876 quantum

297 2906 527 2975 βροντᾷν
569 2904 731 2957 αὐτὸν
782 2903 876 2957 καὶ
909 2903 1087 2973 μυκᾷν
1135 2919 1270 2972 φησι
1317 2900 1757 2971 δημηγοροῦντα.
1788 2901 1880 2971 Μὴ

1982 2907 2048 2961 ad
2099 2907 2257 2961 hanc,
2281 2921 2393 2959 rem
2452 2904 2673 2968 attinet,
2729 2904 2846 2970 eius
2894 2914 3014 2957 utor
3065 2902 3398 2957 testimonio.
3459 2900 3564 2954 Sed

294 2997 407 3067 γάρ
452 3014 542 3067 μοι
568 2996 754 3063 τοῦτο,
794 2996 846 3049 εί
868 3012 921 3048 τι
955 2996 1231 3065 μέμφεται
1263 2993 1429 3046 αὐτοῦ
1451 3009 1466 3023 ο
1504 2993 1620 3045 ἀλλ’
1646 2992 1771 3045 ὅσον
1802 2994 1882 3054 είς

1984 3000 2220 3052 nondum
2276 2997 2391 3050 haec
2435 2996 2660 3061 omnia;
2709 3006 3083 3049 verumtamen
3121 2994 3248 3048 illud
3288 2992 3567 3047 confessus

296 3089 393 3143 τὸν
415 3088 657 3161 παρόντα
680 3090 946 3159 προσήκει
965 3088 1123 3155 λόγον
1146 3088 1243 3156 τῆς
1269 3085 1575 3155 μαρτυρίας
1602 3084 1880 3154 λάϐωμεν.

1994 3100 2099 3156 est,
2156 3089 2456 3159 perfectum
2511 3090 2752 3142 evasisse
2803 3098 3102 3141 oratorem.
3135 3087 3244 3141 Cur
3292 3101 3423 3153 ergo
3475 3084 3566 3153 qni

312 3180 453 3233 Ἀλλ’
474 3180 495 3211 ⁵
525 3181 587 3232 οὔ
618 3180 787 3251 πολλῇ
837 3196 943 3232 τινι
974 3181 1042 3248 τῇ
1083 3179 1374 3248 περιουσίᾳ
1418 3175 1699 3247 χρώμενος
1740 3174 1883 3229 οὕτω
1910 3207 1933 3264 ί

1948 3210 1951 3261 ι
1990 3192 2195 3236 tantum
2238 3182 2488 3249 pratstitil
2513 3221 2528 3241 ,
2569 3196 2634 3233 ac
2676 3180 2823 3233 solus
2860 3181 3117 3232 omnittm'
3145 3178 3397 3245 sulfragia
3426 3176 3569 3242 tulit,

299 3274 623 3341 διεγίγνετο,
660 3273 851 3343 πόρρω
902 3273 997 3342 μὲν
1038 3272 1200 3334 αὐτὸς
1237 3269 1312 3323 ὢν
1345 3270 1439 3323 τοῦ
1471 3270 1681 3340 ληρεῖν,
1730 3269 1883 3322 πλεῖ-

1974 3273 2344 3339 νΑιιιοιιίοιιεεε
2382 3273 2448 3325 ad
2487 3271 2719 3340 ineptam
2751 3270 3123 3340 garrulitatem
3156 3270 3406 3322 credatur
3435 3267 3573 3321 inci-

302 3382 430 3420 στον
451 3365 510 3419 δὲ
537 3366 661 3427 τοὺς
683 3363 873 3425 ἄλλους
904 3362 1100 3425 ἐθίζειν
1132 3361 1373 3430 ἀπέχων.
1392 3361 1514 3424 Πῶς
1538 3362 1557 3391 ⁸
1586 3356 1677 3413 οὖν
1704 3362 1730 3412 ὁ
1760 3376 1883 3415 τοσ-

1992 3366 2182 3421 tasse?
2222 3363 2357 3419 Nam
2402 3380 2502 3431 ego
2533 3366 2750 3434 quidem
2784 3372 2972 3416 contra
3008 3362 3176 3431 magis
3222 3376 3343 3414 eum
3375 3359 3570 3413 silentii

300 3458 462 3512 οὖτον
505 3458 788 3529 ὑπερέχων
819 3457 911 3508 καὶ
961 3456 1120 3524 μόνος
1151 3456 1285 3509 πᾶσι
1325 3456 1439 3517 τοῖς
1473 3456 1686 3522 κριταῖς
1718 3452 1884 3506 νικῶν

1986 3448 2147 3529 quam
2183 3458 2502 3513 temeritatis
2535 3472 2750 3509 causam
2786 3453 2952 3508 fuisse
2974 3454 3348 3508 existimarint.
3377 3453 3429 3505 In
3455 3452 3574 3505 aliis

301 3552 405 3623 τὴν
431 3552 523 3604 τοῦ
549 3552 807 3620 φλυαρεῖν
848 3550 970 3616 εἱκῆ
994 3549 1012 3579 ⁷
1042 3549 1136 3601 καὶ
1166 3547 1317 3618 παρά
1346 3549 1537 3618 καιρὸν
1568 3546 1887 3615 Ἀθηναίους

1972 3564 2138 3613 ,ρυιειθ
2167 3550 2513 3604 facultatibus
2544 3549 2787 3601 videmus
2814 3586 2828 3609 ,
2870 3546 2956 3598 ubi
2995 3545 3141 3598 tnulti
3185 3556 3311 3598 sunt
3340 3546 3480 3597 inter
3517 3558 3575 3595 se

305 3644 515 3696 ἀνεῖναι
544 3642 748 3712 φέροιτ’
781 3642 847 3695 ἂν
886 3641 1076 3705 δόξαν;
1120 3639 1264 3707 Ἐγὼ
1307 3641 1405 3709 μὲν
1436 3640 1544 3709 γαρ
1580 3637 1889 3691 τούναντίον

1970 3644 2212 3704 similes.
2232 3643 2393 3696 multa
2414 3640 2647 3707 negotia,
2670 3640 3032 3707 maioremque
3060 3639 3461 3691 contentionem
3484 3652 3578 3689 ex-

311 3736 573 3804 ήγοῦμαι,
608 3734 820 3802 σιωπῆς
849 3732 1022 3786 αἴτιον
1050 3731 1210 3784 αὐτὸν
1236 3730 1481 3792 πλείονος
1507 3729 1539 3798 ἢ
1564 3727 1891 3797 προπετείας

1990 3739 2185 3791 sistere
2230 3752 2243 3787 :
2300 3745 2581 3804 postquam
2627 3746 2807 3787 autem
2841 3748 2981 3785 uitus
3003 3731 3199 3798 aliquis
3231 3729 3574 3790 exaelluerit,

308 3829 662 3896 καταστῆναι.
694 3827 881 3895 Ἴσμεν
906 3824 1033 3893 γοῦν
1063 3826 1144 3877 ὅτι
1185 3824 1290 3875 κάν
1320 3824 1439 3883 ταῖς
1468 3821 1655 3883 ἄλλαις
1686 3819 1747 3889 δή
1786 3835 1887 3869 που

1991 3828 2186 3900 42ᾼὸ
2223 3828 2462 3895 reliquos
2502 3827 2712 3880 cedere.
2759 3823 3023 3877 Similiter
3071 3824 3122 3875 in
3172 3823 3422 3883 dicendo,
3454 3836 3576 3873 cum

304 3919 626 3988 δυνάμεσιν,
647 3912 709 3970 οὗ
741 3918 839 3987 μὲν
862 3916 1046 3969 πολλοὶ⁸
1073 3914 1449 3985 παραπλήσιοι
1482 3913 1574 3965 καὶ
1601 3910 1890 3979 ἐφάμιλλοι

1974 3922 2115 3991 ηηὶε
2169 3921 2421 3990 princeps
2469 3918 2707 3981 exsistit,
2765 3917 3119 3984 acquiescant
3173 3916 3437 3983 plerique,
3484 3926 3580 3965 nec

305 4013 448 4083 πρὸς
482 4011 781 4080 ἀλλήλους.
825 4008 994 4061 πολλά
1029 4009 1098 4059 τά
1127 4010 1430 4076 πράγματα
1477 4005 1572 4057 καὶ
1622 4002 1822 4054 πλείων
1858 4001 1891 4069 ἡ

1970 4014 2095 4066 .sibi
2138 4012 2407 4077 negotium
2442 4010 2746 4070 facessunt,
2783 4023 2969 4061 vermn
3005 4022 3163 4074 qnam
3196 4013 3423 4075 possunt
3448 4020 3579 4057 cau-

307 4104 449 4172 ἕρις,
482 4103 701 4155 ἐπειδὰν
724 4102 781 4154 δέ
810 4117 893 4162 τις
917 4096 1000 4162 εἷς
1022 4100 1043 4130 ⁸
1072 4100 1322 4167 ὑπερσχῇ
1345 4098 1364 4127 ⁹
1394 4096 1686 4165 λαμπρῶς,
1720 4093 1893 4146 ἃπαν-

1997 4105 2205 4158 tissime
2245 4103 2429 4155 dicunt
2467 4110 2522 4155 et
2571 4099 2991 4154 modestissime.
3046 4097 3155 4150 Nec
3194 4096 3342 4150 enim
3383 4111 3447 4148 eo
3476 4110 3581 4161 quo

305 4214 401 4259 τες
426 4196 527 4267 ἥδη
556 4195 1071 4265 συγκεχωρήκασιν.
1109 4193 1267 4245 Οὕτω
1310 4191 1375 4259 δὴ
1410 4191 1522 4275 καὶ.
1537 4188 1715 4256 λέγειν
1747 4189 1897 4239 ἐπει-

1998 4196 2119 4266 quis
2150 4196 2387 4256 excellit,
2427 4196 2563 4248 alios
2593 4194 2892 4247 deteriores
2926 4194 3121 4256 reddit,
3160 4200 3215 4244 et
3249 4191 3302 4242 in
3345 4190 3411 4243 iis
3440 4203 3579 4257 pra:-

318 4289 418 4342 δάν
452 4306 536 4351 τις
572 4289 613 4319 ¹⁰
644 4288 812 4358 ἄκρος
858 4286 1171 4356 ἐγγένηται,
1222 4284 1475 4352 στέργειν
1519 4282 1734 4349 ἀνάγκη
1769 4279 1896 4341 τοὺς

1968 4288 2191 4341 .sertim
2234 4287 2288 4338 in
2341 4286 2537 4352 quibus
2568 4284 2810 4339 excellit.
2847 4284 2917 4336 At
2946 4300 3051 4337 nou
3080 4297 3197 4337 esse
3220 4282 3578 4341 inhonestam,

310 4380 537 4442 πλείους
582 4380 678 4433 καὶ
717 4379 792 4449 μὴ
841 4379 1341 4447 πολυπραγμονεῖν,
1388 4375 1505 4427 ἀλλ’
1551 4374 1627 4436 ὡς
1674 4369 1786 4425 οἶόν
1837 4389 1897 4425 τε

1972 4428 1977 4431 ,
2004 4392 2104 4428 nec
2134 4376 2568 4446 ignominiosam,
2602 4390 2701 4429 nec
2722 4377 2883 4428 etiam
2919 4375 3260 4429 accusatione
3286 4373 3367 4425 vel
3402 4372 3576 4434 venia,

311 4472 549 4541 μάλιστα
573 4471 819 4533 εὐλαϐεῖς
852 4471 949 4523 καὶ
977 4471 1240 4538 κοσμίους
1290 4464 1429 4521 εἶναι
1476 4467 1605 4535 περὶ
1646 4466 1772 4527 τοὺς
1813 4464 1900 4516 λό-

2002 4468 2095 4521 sed
2141 4467 2327 4535 aliquo
2378 4467 2584 4534 majore
2626 4467 2847 4535 prmmio
2906 4466 3123 4535 dignam
3172 4466 3339 4533 ipsam
3369 4461 3579 4517 dicendi

309 4580 463 4632 γους.
498 4565 572 4616 Οὐ
607 4565 716 4634 γὰρ
757 4563 822 4616 ἂν
852 4556 896 4630 ᾧ
921 4562 983 4628 γέ
1008 4562 1092 4624 τίς
1114 4564 1224 4614 ἐστι
1256 4560 1553 4627 βέλτιστος,
1584 4556 1757 4624 τούτῳ
1780 4554 1895 4624 χεί-
1925 4552 1930 4606 l

1959 4555 2129 4615 tvim,
2173 4555 2217 4608 si
2266 4557 2648 4608 demonstrare
2692 4554 2925 4616 vellem,
2977 4553 3202 4620 puderet
3252 4567 3335 4604 me
3361 4551 3580 4604 deorum

312 4675 440 4729 ρους
464 4658 857 4727 ἀπεργάζοιτο,
898 4655 1073 4716 ἄλλως
1097 4672 1156 4705 τε
1196 4654 1289 4705 καὶ
1327 4651 1461 4722 πρὸς
1484 4649 1623 4703 αὐτὰ
1654 4649 1829 4701 ταῦτα
1860 4646 1895 4700 ἂ

1998 4645 2385 4713 eloquentium.
2432 4645 2633 4698 Tamen
2703 4646 2805 4698 hoc
2848 4645 3038 4698 saltem
3089 4643 3261 4696 dicam
3315 4642 3478 4709 (quod
3539 4641 3583 4694 si

317 4748 593 4816 βέλτιστὸς
623 4748 790 4802 ἐστιν.
830 4745 991 4817 [1276
1024 4744 1115 4815 IL]
1154 4744 1316 4796 ’Λλλά
1345 4743 1385 4773 ¹¹
1422 4741 1527 4811 μὴν
1562 4741 1635 4802 ὡς
1668 4738 1798 4791 αὐτό
1836 4754 1898 4803 γε

1999 4737 2123 4807 quis
2162 4738 2384 4791 moleste
2416 4739 2518 4791 fert
2546 4738 2703 4803 alius,
2751 4739 2803 4789 in
2850 4753 2936 4791 me
2987 4745 3156 4789 totum
3220 4743 3449 4796 avertat,
3486 4748 3583 4786 nec

309 4841 412 4892 οὐκ
443 4839 636 4909 ἄτιμον
664 4840 727 4891 τὸ
749 4838 1013 4891 δύνασθαι
1044 4837 1243 4904 λέγειν,
1293 4836 1401 4888 οὐδ’
1451 4837 1530 4897 εἰς
1564 4833 1762 4895 ὄνειδος
1806 4831 1901 4899 φέ-

2000 4849 2098 4901 ego
2127 4830 2193 4885 de
2224 4832 2440 4884 fortuna
2490 4829 2820 4900 conquerar)
2856 4831 2960 4881 vim
3006 4828 3219 4881 dicendi
3262 4842 3382 4878 cum
3421 4827 3585 4893 proba

315 4948 430 4999 ρον,
476 4930 598 4983 οὐδὲ
648 4931 981 5000 κατηγορίας
1029 4928 1178 4992 ἄξιον
1240 4927 1361 4980 οὺδὲ
1419 4944 1482 4995 γε
1542 4924 1898 4993 συγγνώμης,

2002 4933 2057 4977 et
2090 4923 2329 4975 modesta
2370 4922 2497 4983 vita,
2537 4922 2713 4988 qualis
2742 4923 2794 4973 in
2830 4920 3105 4972 hominem
3139 4917 3372 4970 maxima
3410 4925 3590 4984 posset

311 5023 451 5076 ἁλλά
479 5025 520 5055 “
561 5040 707 5084 τινος
754 5023 1085 5091 κρείττονος,
1121 5020 1483 5091 αἰσχυνοίμην
1516 5019 1580 5071 ἂν
1606 5018 1751 5097 (rei);
1802 5017 1903 5069 λο-

2013 5015 2231 5078 cadere,
2262 5014 2606 5081 conjunctam
2646 5028 2731 5065 tne
2767 5012 2947 5073 malle,
2996 5025 3157 5079 quam
3180 5009 3369 5063 decies
3398 5009 3590 5061 millies

310 5112 463 5182 γίους
488 5112 643 5175 θεοὺς
691 5113 739 5165 εί
777 5112 997 5183 ζητοίην
1041 5109 1448 5165 ἀποδεικνύναι.
1506 5107 1653 5179 Πλήν
1695 5124 1757 5175 γε
1782 5125 1903 5159 τοσ-

1972 5156 1977 5161 ,
2014 5105 2235 5159 Darium
2273 5105 2557 5177 Hystaspis
2586 5103 2753 5158 lilium
2785 5103 2923 5168 fieri,
2961 5111 3015 5157 et
3042 5102 3160 5172 ejus
3204 5111 3451 5171 respectu
3476 5098 3588 5168 jam

1619 5264 1849 5321 VARle
1888 5260 2295 5319 LECTIONES.

384 5384 426 5416 ⁹¹
460 5384 713 5454 ἀγείρησι
740 5402 802 5448 ς.
877 5385 920 5417 ’³
946 5385 1159 5438 κατάϐα
1187 5385 1252 5438 Α.
1330 5384 1376 5454 θ’
1407 5382 1472 5436 σὺ
1502 5380 1581 5452 δὲι
1615 5398 1668 5452 p.
1703 5382 1830 5439 (212.
1896 5381 1949 5454 -θδ
1978 5381 2075 5454 μὲν
2102 5380 2146 5449 Α
2184 5395 2198 5454 _:
2227 5378 2320 5432 καὶ
2355 5396 2417 5442 ς.
2510 5377 2568 5454 ff
2599 5374 2773 5454 λόγων
2798 5372 2875 5454 An:
2908 5368 3115 5454 ,λογίων
3143 5367 3328 5454 cum?
3353 5364 3468 5454 πίὲς
3500 5361 3591 5454 ἀγ]

310 5470 369 5521 p.
401 5436 526 5507 2151
590 5436 655 5485 ’⁹⁷’
1402 5436 1591 5515 λάλους
1617 5436 2294 5524 ’πεποιηκὼς’ἀθηναίους
2343 5436 2606 5524 περικλῆς
2791 5512 2802 5524 .
2826 5443 2873 5474 ”
2907 5440 2985 5524 ξτι
3019 5440 3061 5520 δ’
3087 5445 3173 5524 (p2
3206 5436 3331 5503 2H)

313 5506 683 5595 ίδγκωμῗῳδίας
717 5506 1047 5595 διδασκάλῳί
1072 5506 1551 5595 κωμωδιδάσκὰλῳ
1687 5525 1722 5595 _‘
1757 5524 1801 5595 ὀί
1819 5506 1914 5595 μὲν
1941 5506 1969 5553 3
2000 5506 2220 5595 εἴρηκε]
2269 5506 2543 5595 μεγίστην⁸
2629 5515 2726 5595 μὲ]
2752 5509 3046 5595 τὴνῖαιξτοιξ
3072 5508 3333 5595 γλῶτταντ
3346 5506 3498 5595 εἶπεν

312 5596 339 5666 ξ
367 5571 681 5666 sigilli]?
724 5571 1649 5666 ’έῖλρἶεῖἕᾶᾉᾶνῆἔὸὖὶᾘ””’έ’”ὰῆ’
1672 5571 1905 5666 (ρξεῐό)
1927 5571 2020 5666 ᾲρξ
2036 5571 2373 5666 Etiam}
2406 5605 2462 5666 p._
2482 5571 2641 5641 '2I8.‘
2688 5571 2877 5654 τειιίῆ]
2901 5584 2949 5635 εί
2980 5581 3060 5650 μὴ
3085 5571 3155 5633 'A.
3232 5571 3357 5639 δεῖς
3384 5590 3493 5631 om.
3524 5578 3593 5633 Α.

322 5664 345 5703 ⁸
374 5665 639 5736 ὑπερίσχῃ
664 5683 724 5730 ς’.
804 5660 1096 5720 ¹⁰’ὲπειδὰν
1118 5660 1175 5719 δέ
1199 5683 1283 5729 τις
1312 5668 1391 5728 είς
1420 5683 1480 5730 ς.
1590 5664 1630 5695 ⁸⁸
1658 5660 1818 5733 ἀλλὰ]
1844 5680 1895 5730 p.
1922 5660 2048 5725 Μ.
2129 5663 2172 5693 ¹¹
2202 5677 2264 5729 γε
2294 5676 2404 5715 om.
2435 5660 2503 5712 Α.

1960 5775 2084 5828 ΗΕ.

1960 5775 1994 5827 l'
2069 5813 2084 5828 .

395 5868 508 5936 (90)
543 5868 819 5938 Cratinus,
844 5869 910 5924 de
932 5868 1137 5924 Pericle
1161 5884 1309 5941 supr.
1336 5867 1387 5923 in
1412 5867 1561 5924 Orat.
1586 5883 1680 5938 pro
1703 5773 2124 5923 rlreloifocoiiira
2157 5864 2367 5921 Platon.
