4104 6434
582 415 729 487 »1535

1732 415 1994 477 ΡΗΟΤΙΙ
2031 416 2540 479 PATBIARCH/E
2579 422 2688 481 ΟΡ.

3718 408 3845 473 15ἒῶ

594 532 777 589 omnia
805 529 935 586 mihi
960 528 1131 585 videri
1160 529 1408 585 sordere.
1440 529 1579 597 Quin
1612 545 1714 586 nec
1740 530 2019 584 Platonem
2053 531 2165 585 fere

2277 530 2382 583 οὔτ’
2417 532 2457 563 ⁸⁸
2488 532 2556 587 ἀν
2585 533 2815 603 εἴποιμι·
2842 530 2987 601 ιὲμοὶ
3016 529 3125 601 γάρ
3171 527 3280 599 εἴη,
3321 527 3376 582 εἰ
3404 543 3487 590 τις
3525 525 3692 587 ἄλλος
3721 523 3842 577 8w-

578 622 723 677 aliud
771 621 970 676 habere
1013 621 1305 689 quidquam
1342 631 1543 690 praeter
1587 621 1773 685 verba,
1819 624 1953 684 scio,
1995 622 2154 689 eique

2264 623 2526 693 χεραίνει,
2575 624 2670 679 καὶ⁵
2715 624 2907 696 τρέπει
2931 623 2993 676 τὸ
3017 622 3164 675 ἂπαν
3193 622 3275 683 είς
3318 620 3419 689 ἐμέ
3447 637 3460 651 θ
3490 619 3587 671 καὶ
3616 618 3678 669 ού
3712 616 3846 685 μέμ-

580 712 873 766 dictionem
909 710 1172 780 gratulor,
1208 719 1262 764 et
1299 708 1557 778 quamvis
1574 724 1671 779 per
1701 709 1883 778 jocum
1921 725 1981 765 se
2007 710 2155 764 dicat

2277 712 2429 783 μομαι
2475 717 2835 787 τῷθδαίμονι·
2880 719 2957 784 ὼς
3004 719 3118 786 ἐγὼ
3162 715 3426 783 δεξαίμην
3474 712 3543 764 ἂν
3584 710 3842 764 δύνασθαι

580 803 727 855 istud
773 802 997 856 minime
1035 816 1249 865 curare,
1298 817 1403 855 non
1451 811 1655 855 temere
1702 802 1945 865 credam,
1976 802 2068 855 sed
2103 801 2154 854 id

2277 802 2437 869 .έγειν
2475 804 2615 873 μετά
2676 805 2915 876 χρηστοῦ
2964 807 3079 877 βίου
3134 806 3230 859 καὶ
3272 803 3571 871 σώφρονος,
3605 802 3686 862 εἰς
3731 800 3848 851 ὅσον

579 888 867 941 admodum
899 890 1121 942 studere
1161 888 1475 955 intelligam,
1505 902 1569 941 ac
1604 896 1714 939 tum
1750 889 2003 947 maxime.
2034 902 2155 940 cum

2277 887 2368 944 ιῖὀν
2395 909 2453 945 τε
2484 894 2749 949 κάλλιστα
2796 895 3101 967 ἀνθρώπων
3128 894 3330 965 μᾶλλον
3376 893 3409 961 ἢ
3452 892 3719 961 μυριάκις
3750 893 3848 940 Δα-

582 971 797 1027 videtur
815 972 967 1041 quasi
1006 972 1193 1025 ludens
1227 972 1391 1039 loqui.
1432 970 1614 1039 Itaque
1637 970 1991 1026 domesticum
2023 985 2151 1040 pro-

581 1064 839 1119 deremus
869 1063 1197 1124 thesaurum,
1226 1063 1267 1117 si
1302 1063 1401 1116 ista
1432 1078 1800 1133 carperemus.

2270 984 2414 1054 ρεῖος
2443 987 2472 1038 6
2517 987 2822 1041 Ὑστάσπου
2853 987 3109 1054 γενέσθαι
3135 985 3230 1040 καὶ
3255 984 3430 1054 μικρά
3469 999 3559 1050 μοι
3586 980 3748 1033 πάνθ’
3775 979 3849 1041 ὡς

2265 1075 2483 1146 ἀληθῶς
2517 1078 2655 1150 πρὸς
2677 1079 2834 1132 τοῦτο
2870 1078 2971 1150 ἥδη
3016 1081 3266 1148 φαίνεται
3290 1076 3359 1129 ι’⁵.
3390 1072 3521 1128 Οἶδα
3567 1073 3627 1124 δὲ
3662 1070 3758 1123 καὶ
3784 1071 3850 1123 τά

580 1158 867 1220 Πλάτωνος
904 1157 1225 1228 πράγματα,
1256 1156 1303 1211 εί
1334 1157 1407 1227 μὴ
1432 1156 1812 1227 τετυφώμεθα,
1855 1161 2006 1214 οὐδὲν
2073 1164 2201 1219 ἄλλο
2239 1170 2423 1237 σχεδὸν
2471 1172 2602 1225 ὄντα
2649 1172 2683 1242 ἦ
2732 1172 2951 1238 λόγους,
2996 1173 3089 1225 καὶ
3137 1170 3420 1240 συγχαίρω
3464 1169 3566 1238 τῆς
3652 1164 3850 1228 λέξεως

584 1249 732 1317 αὑτῷ
752 1266 765 1280 ·
801 1249 901 1304 κάν
941 1266 1006 1319 με
1053 1245 1402 1318 προσπαίζων
1426 1250 1625 1302 οὑτωσὶ
1647 1250 1806 1320 πείθῃ
1828 1252 1901 1320 μὴ
1926 1253 2064 1305 πάνυ
2103 1255 2294 1310 τούτου
2322 1260 2648 1330 φροντίζειν,
2672 1262 2731 1314 οὐ
2756 1264 2897 1315 πάνυ
2920 1263 3202 1330 πείσομαι,
3235 1260 3350 1314 ἀλλ’
3374 1260 3590 1327 εἵσομαι
3615 1256 3741 1327 [690
3759 1252 3848 1321 IL]

580 1340 785 1410 σφόδρα
823 1339 1204 1400 σπουδάζοντα,
1242 1339 1337 1390 καὶ
1362 1338 1659 1407 τηνικαῦτα
1690 1340 1921 1409 μάλιστα
1943 1382 1958 1407 ,
1994 1344 2159 1412 ἦνικα
2195 1346 2260 1399 ἂν
2289 1346 2365 1411 ὡς
2411 1350 2619 1413 παίζων
2658 1350 2810 1422 λέγῃ.
2845 1352 3008 1404 Ὥστε
3082 1351 3173 1402 τὸν
3201 1348 3340 1402 οἴκοι
3384 1347 3659 1415 θησαυρὸν
3732 1346 3847 1397 δια-

580 1433 871 1501 ϐάλλοιμεν
896 1430 984 1494 ἂν,
1025 1431 1073 1482 εί
1101 1430 1274 1483 ταῦτα
1310 1430 1683 1500 διασύροιμεν.

654 1527 1025 1582 iProverbium
1050 1527 1115 1581 de
1138 1527 1203 1581 iis
1229 1526 1320 1596 qui
1355 1526 1654 1582 domestica
1684 1527 2085 1601 criminantur.]

652 1680 849 1733 Verum
892 1680 959 1733 de
990 1680 1074 1734 his
1104 1695 1170 1735 ne
1218 1681 1503 1735 dicendum
1534 1682 1747 1749 quidem
1778 1692 1879 1741 est.
1914 1698 1978 1739 ac
2006 1693 2160 1741 tanto

2341 1534 2659 1607 [Παροιμία.
2697 1536 2960 1588 Τάττεται
2992 1534 3046 1587 δὲ
3082 1533 3173 1586 ἐπὶ
3215 1532 3324 1585 τῶν
3358 1531 3428 1583 τὰ
3459 1529 3599 1583 οἴκοι
3633 1530 3848 1581 Burni.-
3958 1570 3965 1577 .

2266 1605 2662 1766 Mtxgﬂbnép
2705 1695 2805 1766 μὲν
2834 1696 2879 1727 ⁸⁸
2912 1694 3118 1748 τούτων
3147 1694 3267 1747 οὐδὲ
3294 1692 3476 1760 λέγειν
3506 1691 3683 1756 ἄξιον,
3718 1690 3849 1743 ἀλλὰ

524 1773 781 1841 χηιίηιιε,
828 1782 1031 1839 quanto
1087 1773 1263 1841 major
1305 1783 1390 1829 est
1440 1774 1522 1827 vis
1572 1774 1804 1828 dicendi.
1841 1774 1980 1845 Ergo
2032 1792 2155 1833 eum

2277 1788 2507 1860 τοσούτῳ
2551 1784 2735 1860 ἦττον,
2777 1789 2996 1858 ὅσῳπερ
3029 1785 3099 1841 ἂν
3221 1788 3467 1856 κρεῖττον
3496 1785 3557 1837 τὸ
3592 1781 3847 1836 δύνασθαι

583 1879 702 1930 ego,
727 1865 816 1933 qui
849 1874 962 1918 tam
997 1879 1123 1919 acer
1153 1865 1299 1933 vigil,
1330 1880 1392 1919 ac
1422 1867 1809 1935 propemodum
1836 1842 2010 1924 alatus
2035 1869 2159 1933 fuit,

2277 1842 2489 1950 λέγειν.⁸
2516 1842 2639 1935 Εἶεν
2669 1842 2735 1935 ¹⁸ί
2774 1842 2906 1935 Εἶτα
2942 1842 3034 1934 τόν
3064 1842 3237 1943 οὕτως
3260 1842 3394 1944 ⁸ὀξὺν
3438 1878 3533 1930 καὶ
3569 1877 3847 1945 ἄγρυπνον

584 1956 669 2009 vel
705 1958 876 2024 ipsum
904 1957 1135 2011 otiosum
1174 1957 1361 2021 fuisse,
1413 1958 1495 2012 vel
1534 1958 1694 2012 alium
1724 1959 2026 2015 reddidisse
2046 1976 2165 2015 cre-

586 2048 751 2101 dam?
794 2046 933 2100 Nihil
985 2049 1236 2117 equidem
1281 2050 1422 2103 scire
1475 2050 1708 2115 viderer,
1762 2066 1883 2104 cum
1922 2052 2011 2105 ille
2056 2068 2164 2107 non

540 2138 956 2193 rAthenienses
1012 2140 1191 2201 modo,
1251 2142 1341 2193 sed
1398 2156 1464 2195 ne
1516 2141 1703 2197 hostes
1753 2142 1969 2211 quidem
1999 2144 2163 2198 otiari

590 2232 920 2304 permiserit.
962 2231 1144 2286 Talem
1183 2233 1326 2287 enim
1369 2232 1614 2287 movendi
1644 2233 1758 2288 suis
1790 2235 2165 2290 necessitatem

584 2327 791 2392 attulit,
820 2335 879 2380 ut
907 2327 1007 2395 ipsi
1045 2342 1257 2394 quoth
1292 2340 1475 2381 mores
1502 2341 1631 2381 suos
1669 2338 1877 2383 mutare
1905 2344 2165 2395 cogeren-

583 2429 699 2473 tur.
726 2417 1054 2488 ldquejuste
1081 2417 1261 2482 ﬁebat,
1288 2417 1459 2485 inquit
1495 2416 1905 2473 Demosthenes.
1938 2417 2167 2473 Verum-

596 2514 775 2558 tamen
796 2520 915 2559 eum
937 2503 1091 2557 Plato
1115 2504 1317 2558 otiosos
1338 2520 1401 2560 ac
1434 2506 1652 2575 ignavos
1678 2506 1753 2561 ait
1778 2506 1970 2563 fecisse
1996 2525 2012 2563 :
2044 2508 2170 2564 Cre-

566 2594 749 2662 stensis
787 2610 952 2661 mare,
985 2596 1131 2649 dicat
1160 2594 1376 2664 aliquis.

666 2896 1039 2966 [Proverbium
1072 2898 1122 2951 in
1159 2912 1253 2951 eos
1294 2913 1383 2965 qut
1424 2898 1688 2952 simulant
1720 2900 1992 2967 ignorare.
2031 2897 2170 2953 Sunt

590 2970 743 3021 .cnitu
786 2969 1075 3021 Cretenses
1108 2970 1265 3036 periti
1301 2970 1687 3035 navigationis.
1716 2979 1768 3021 et
1790 2969 1990 3023 dicitur
2017 2968 2168 3024 insu-

598 3037 753 3091 lanus
778 3052 925 3090 mare
953 3038 1224 3107 ignorare,
1254 3049 1307 3091 et
1335 3037 1546 3092 Siculus
1583 3036 1779 3105 mare.]

666 3191 865 3247 Verum
911 3193 1160 3261 quamvis
1209 3194 1408 3265 525a
1466 3194 1521 3249 in
1575 3195 1680 3251 hoc
1733 3196 1952 3267 gravius
2002 3213 2163 3269 quam
2193 3197 2240 3259 C

596 3287 805 3349 caeteri,
831 3292 1191 3351 premeretur,
1218 3288 1359 3353 quod
1394 3285 1468 3340 illi
1490 3287 1706 3356 quidem
1735 3288 1897 3345 rebus
1926 3304 2167 3359 praesen-

600 3372 745 3428 tibus
773 3374 1045 3440 dolebant,
1071 3375 1187 3444 ipse
1216 3384 1394 3431 autem
1427 3376 1575 3433 cives
1594 3378 1666 3432 ita
1691 3378 1907 3436 videbat
1928 3381 2169 3453 aﬂ’cclos,

590 3474 659 3520 ut
706 3467 771 3521 ad
806 3482 918 3522 rem
949 3470 1237 3537 gerendam
1270 3477 1453 3524 essent
1495 3469 1735 3538 inutiles,
1784 3487 1886 3528 nec
1928 3476 2172 3533 hostibus

588 3557 759 3612 modo
787 3558 1062 3625 cederent,
1109 3559 1202 3613 sed
1235 3567 1292 3613 et
1326 3560 1428 3628 ipsi
1467 3566 1724 3631 tanquam
1764 3561 1995 3619 fortunae
2031 3582 2171 3635 prae-

559 3650 742 3704 -scnti
777 3650 987 3705 auctori
1016 3651 1433 3707 irascerentur:
1472 3666 1537 3708 ac
1584 3662 1781 3723 prater
1806 3654 1916 3710 duo
1944 3655 2173 3713 fortuna:

598 3740 741 3793 mala
774 3739 992 3809 (bellum
1020 3751 1075 3793 et
1106 3740 1400 3810 morbum),
1434 3741 1539 3795 duo
1568 3742 1685 3796 hac
1717 3756 1813 3798 eos
1840 3744 1941 3798 sibi
1971 3745 2175 3799 videret

588 3831 955 3895 conscivisse,
989 3830 1227 3885 dolorem
1256 3840 1311 3885 et
1340 3830 1787 3902 indignationem,
1817 3843 1872 3888 et
1897 3833 1949 3888 In
1982 3835 2174 3891 mediis

592 3924 834 3978 haereret
860 3922 1139 3992 periculis,
1170 3923 1431 3993 undique,
1460 3933 1521 3979 ut
1544 3924 1619 3979 ita
1647 3926 1847 3993 dicam,
1878 3925 2126 3981 desertus
2155 3944 2171 3983 :

592 4013 737 4067 nihil
764 4025 941 4069 tamen
979 4014 1176 4079 timuit,
1216 4030 1318 4071 nec
1363 4018 1595 4084 remisit,
1634 4032 1810 4088 neque
1852 4021 2172 4075 sententiam

593 4103 759 4172 quasi
791 4103 1027 4158 colorem
1056 4109 1306 4173 mutavit,
1347 4123 1471 4161 cum
1504 4108 1714 4177 pariter
1742 4123 1867 4164 cum
1892 4110 2101 4164 civibus
2122 4120 2177 4165 et

602 4196 850 4254 hostibus
896 4207 1180 4265 pugnaret,
1224 4200 1319 4253 sed
1360 4200 1515 4268 quasi
1564 4210 1735 4254 artem
1785 4215 1880 4255 eos
1936 4201 2174 4270 aliquam

602 4292 843 4353 doceret,
866 4290 1058 4344 eodem
1100 4290 1356 4345 utebatur
1388 4305 1497 4359 quo
1528 4292 1682 4360 prius
1713 4299 1918 4357 tenore,
1950 4308 2051 4348 nec
2083 4306 2178 4363 pe-

604 4377 891 4431 riculorum
925 4379 1093 4445 gratia
1124 4379 1340 4434 decreta
1372 4394 1468 4433 sua
1505 4380 1759 4447 abolevit,
1788 4396 1961 4452 neque
1991 4384 2045 4438 itt
2084 4399 2177 4440 se-

593 4473 834 4526 curitate
874 4473 1142 4528 duntaxat
1168 4474 1577 4544 philosophatus
1617 4484 1739 4531 est:
1776 4479 2176 4548 veruquuem-

2268 1976 2364 2028 καὶ
2391 1974 2585 2043 ἥδιστα
2609 1975 2676 2027 ἂν
2706 1970 2858 2026 εἷπον
2885 1973 3213 2042 ὑπόπτερον,
3240 1971 3431 2024 τοῦτον
3465 1970 3499 2039 ἢ
3526 1971 3720 2037 ἀργεῖν
3750 1969 3845 2019 αὺ-

2267 2068 2359 2121 τὸν
2386 2068 2419 2139 ἧ
2452 2067 2673 2136 ἐτέρους
2702 2065 2901 2129 ἐθίζειν
2940 2066 3052 2134 ἐγὼ
3078 2066 3120 2097 ίτ
3153 2064 3396 2130 πεισθῶ;
3428 2063 3547 2116 Ούκ
3592 2062 3703 2131 ἄρα
3732 2059 3849 2113 ἐπί-

2271 2163 2499 2216 στασθαι
2521 2161 2655 2228 δόξω
2680 2162 2790 2214 τῶν
2814 2160 3157 2230 πραγμάτων
3182 2158 3356 2211 οὐδέν·
3391 2158 3543 2219 ὅστις
3565 2173 3632 2224 γε
3667 2154 3739 2225 μὴ
3770 2155 3848 2206 ὅτι

2280 2253 2586 2325 Ἀθηναίοις
2614 2252 2728 2306 ἀλλ’
2766 2251 2891 2305 οὐδὲ
2920 2252 3034 2313 τοῖς
3075 2248 3358 2327 πολεμίοις
3388 2249 3581 2317 ἀργεῖν
3622 2248 3847 2314 ἐπέτρε-

2268 2362 2389 2410 πεν,
2436 2344 2574 2398 ἀλλά
2618 2342 2908 2405 κάκείνους
2937 2340 3162 2411 ἐποίησε
3192 2338 3517 2409 μεταϐαλεῖν
3564 2338 3693 2399 τοὺς
3732 2336 3847 2407 τρό-

2267 2454 2425 2500 πους·
2455 2435 2721 2497 τοσαύτας
2761 2434 3008 2502 ἀνάγκας
3036 2433 3219 2495 αὐτοῖς
3266 2430 3525 2502 περιίστη
3558 2430 3605 2461 ⁸⁸
3631 2426 3727 2481 τοῦ
3766 2445 3847 2480 κιο

2266 2528 2493 2583 νεῖσθαι.
2520 2530 2631 2582 Καὶ
2651 2528 2711 2581 τὸ
2740 2527 2962 2589 δικαίως
2983 2521 3065 2587 οἷς
3082 2525 3255 2577 ἐποίει
3285 2523 3517 2592 προσῆν,
3548 2520 3654 2589 ἔφη
3678 2522 3846 2587 Δημο-

2270 2619 2461 2687 σθένης
2489 2621 2552 2672 ¹⁹.
2591 2619 2731 2673 Ἀλλ⁹
2752 2619 2904 2689 ὅμως
2933 2616 3157 2671 Πλάτων
3176 2614 3438 2685 ᾐτιάσατο
3462 2611 3627 2663 αὐτὸν
3655 2609 3847 2677 ἀργοὺς

2268 2711 2362 2764 καὶ¹
2390 2708 2598 2772 δειλοὺς
2625 2705 3007 2777 πεποιηκέναι.
3058 2704 3114 2756 '0
3140 2702 3303 2773 Κρὴς
3320 2702 3364 2733 ὀ
3388 2700 3466 2767 δὴ
3488 2700 3531 2731 ⁸⁸
3574 2700 3681 2751 τὸν
3716 2699 3847 2749 πόν-

2192 2856 2195 2859 .
2268 2819 2396 2866 τον,
2424 2802 2588 2871 φήσει
2619 2817 2723 2863 τις.

2339 2894 2642 2967 [Παροιμία
2669 2892 2765 2967 ἐπι
2790 2891 2900 2967 τῶν
2932 2885 3423 2967 προσποιουμένων
3448 2884 3512 2936 τὸ
3534 2886 3579 2915 ⁸⁸
3614 2884 3840 2967 famis:

2268 2966 2319 3019 οἱ
2342 2952 2698 3033 ἵγὰρκρῆτες
2724 2964 2769 2994 ⁸⁸
2802 2952 3316 3049 ἐμπειροθάλασσοι.
3353 2954 3585 3019 Λέγεται
3610 2953 3667 3033 δε
3704 2955 3790 3004 καὶ
3818 2952 3844 3002 ὁ

2268 3034 2540 3076 \mmtirtnr
2560 3034 2774 3076 ἀγνοεῖν
2802 3050 2901 3076 την
2925 3031 3218 3076 Θάλασσαν.
3254 3024 3349 3076 καὶ
3370 3024 3397 3076 ὁ
3427 3024 3473 3056 ³⁸
3504 3022 3722 3076 Σικελὸς
3750 3022 3839 3076 τὴν

2268 3024 2774 3175 λόὲξιῶτηςόᾕγνοεῖν
2802 3024 2901 3103 τὴν
2925 3024 3219 3093 Θάλασσαν,
3254 3024 3349 3078 καὶ
3370 3024 3397 3076 6
3427 3024 3473 3056 ’δ
3504 3024 3722 3083 Σικελὸς
3750 3024 3812 3090 τὴ

2375 3121 2565 3157 ασσαν.

2345 3196 2497 3249 Ὥσθ’
2516 3197 2561 3227 ²¹⁵
2580 3196 2628 3248 οἱ
2651 3192 2910 3265 μὲνζάλλοι
2928 3193 3041 3255 τοῖς
3063 3192 3295 3261 παροῦσι
3313 3187 3522 3248 τούτοις
3544 3182 3799 3254 ἠθύμουν,
3817 3184 3844 3234 ό

2280 3289 2336 3343 δὲ
2364 3290 2456 3342 καὶ
2475 3288 2618 3341 τοῦτ’
2640 3286 2771 3340 αὐτὸ
2797 3285 3145 3356 προσειλήφει
3165 3284 3367 3353 μεῖζον,
3389 3281 3451 3332 τὸ
3474 3281 3604 3340 τοὺς
3628 3275 3842 3337 πολίτας

2274 3381 2444 3443 οὕτως
2472 3380 2694 3450 ἔχοντας
2725 3379 2859 3449 ὁρᾷν
2888 3377 3029 3430 ὥστε
3050 3377 3291 3444 ἀπόρους
3314 3369 3453 3426 εἶναι
3484 3368 3844 3441 χρῆσθαι,καὶ

2274 3471 2448 3525 ταῦτα
2476 3471 2572 3540 οὐχ
2600 3470 2723 3523 ὅσον
2765 3471 2879 3531 τοῖς
2923 3467 3204 3537 πολεμίοις
3233 3462 3692 3519 ὑποπεπωκὲναι
3720 3460 3844 3514 ἀλλά

2275 3564 2514 3634 κάκείνῳ
2537 3561 2916 3631 δυσμεναίνειν
2950 3560 3025 3623 ὡς
3062 3558 3172 3611 τῶν
3198 3556 3486 3628 παρόντων
3514 3554 3843 3626 πραγμάτων

2276 3653 2453 3723 αἰτίῳ.
2481 3653 2624 3722 Πρὸς
2652 3651 2798 3705 δυοῖν
2818 3651 2930 3704 τοῖν
2956 3649 3067 3703 ἀπὸ
3088 3648 3188 3718 τῆς
3211 3648 3375 3718 τύχης
3393 3648 3440 3679 ³⁸
3458 3647 3556 3716 (τῷ
3570 3647 3614 3677 ³⁷
3634 3644 3843 3712 πολέμῳ

2278 3744 2376 3799 καὶ
2410 3746 2472 3814 τῇ
2504 3745 2674 3813 νήσῳ)
2693 3742 2785 3795 δύο
2803 3740 2975 3794 ταῦτα
2996 3740 3432 3810 προσειληφότας
3460 3738 3606 3808 όρῶν
3632 3735 3841 3799 αὐτοὺς,

2277 3836 2459 3904 λύπην
2490 3835 2587 3888 καὶ
2634 3832 2987 3904 παροξυσμὸν
3030 3833 3110 3894 εἰς
3165 3831 3346 3896 αὑτὸν,
3398 3832 3457 3882 ὲν
3508 3827 3696 3898 μέσοις
3742 3827 3844 3890 τοῖς

2277 3925 2468 3988 δεινοῖς
2497 3923 2818 3993 ἐμϐεϐηκὼς
2850 3924 2945 3977 καὶ
2974 3921 3313 3990 πανταχόθεν
3350 3918 3756 3989 μεμονωμένος,
3777 3916 3845 3979 ὡς

2279 4017 2487 4081 εἰπεῖν,
2527 4016 2627 4068 οὐκ
2670 4015 2893 4081 ἔδεισεν,
2940 4014 3049 4066 οὐδ’
3085 4011 3462 4082 ὑπεχώρησεν,
3510 4010 3618 4061 οὐδ’
3668 4009 3844 4075 ὥσπερ

2279 4110 2471 4179 χροιάν
2487 4107 2585 4178 τὴν
2611 4106 2838 4179 γνώμην
2879 4105 3141 4176 μετέϐαλε
3163 4105 3231 4170 ’³,
3261 4106 3372 4167 τοῖς
3393 4120 3453 4155 τε
3487 4100 3735 4162 πολίταις
3759 4097 3845 4151 καὶ

2279 4202 2393 4265 τοῖς
2439 4200 2719 4270 πολεμίοις
2766 4198 2905 4268 όμοῢ
2964 4196 3456 4266 ἀντιτεταγμένοςυ
3508 4194 3627 4247 ἀλλ’
3668 4194 3847 4260 ὥσπερ

2280 4292 2347 4348 ἂν
2364 4293 2409 4327 ¹⁹
2438 4293 2566 4347 ἀλλο
2600 4310 2655 4345 τι
2691 4291 2920 4364 μάθημα
2956 4290 3220 4344 διδάσκων
3249 4289 3466 4351 αὐτοὺς,
3510 4286 3652 4340 κατά
3686 4285 3848 4339 ταυτά

2279 4383 2317 4439 ἃ
2346 4383 2439 4437 καὶ
2466 4382 2731 4454 πρότερον
2763 4381 2986 4453 διεξῄει,
3012 4380 3107 4433 καὶ
3132 4381 3193 4433 οὐ
3227 4378 3497 4448 διέφθειρε
3518 4378 3588 4430 τὰ
3611 4377 3847 4444 δόγματα

2281 4476 2378 4529 ἐπὶ
2411 4475 2521 4528 τῶν
2566 4472 2847 4538 κινδύνων,
2892 4473 3015 4526 οὐδὲ
3060 4472 3153 4524 ἐπὶ
3188 4472 3290 4540 τῆς
3335 4469 3585 4535 ἐξουσίας
3615 4467 3849 4534 ἐφιλοσό-

570 4565 887 4621 ndmodum
922 4565 967 4619 si
1017 4566 1083 4620 de
1122 4568 1366 4620 numeris
1396 4575 1449 4621 et
1497 4569 1766 4624 mensuris
1790 4568 1978 4625 fuisset
2011 4570 2174 4625 inter-

2284 4584 2423 4639 φησε
2460 4566 2640 4638 μόνον,
2675 4565 2790 4620 ἀλλ’
2821 4565 2896 4628 ὡς
2922 4563 3052 4634 περὶ
3069 4563 3116 4595 ⁸⁸
3139 4562 3389 4634 ἀριθμῶν
3415 4561 3448 4631 ἢ
3482 4559 3698 4630 μέτρων
3723 4561 3850 4629 ἐρω-

600 4665 840 4725 rogatus,
879 4657 1019 4711 idem
1060 4665 1115 4711 et
1163 4657 1292 4713 olim
1337 4659 1707 4729 respondisset
1749 4668 1803 4714 et
1850 4670 2057 4731 postea,
2105 4661 2179 4716 ita

597 4762 817 4816 quoque
842 4757 969 4804 tunc
998 4748 1136 4804 idem
1165 4751 1233 4804 de
1259 4765 1470 4803 summa
1504 4750 1583 4805 rei
1625 4753 1919 4819 statuebat,
1963 4767 2063 4809 nec
2092 4752 2179 4808 vel

599 4840 841 4909 pericula
888 4840 1092 4912 fugere,
1131 4842 1213 4897 vel
1255 4843 1491 4910 seipsum
1529 4843 1821 4909 castigare,
1852 4853 1907 4898 et
1936 4844 2176 4913 ipsorum

603 4945 787 4996 cauSa,
822 4931 912 5001 qui
941 4947 1065 4986 cum
1101 4934 1436 5001 temporibus
1460 4934 1650 4987 mutati
1685 4945 1893 5000 essent,
1927 4935 2180 4991 ruborem

603 5023 882 5091 suscipere
907 5023 1246 5092 dignabatur.
1277 5022 1543 5089 Quocirca
1576 5040 1682 5079 non
1717 5026 1819 5080 hoc
1844 5033 1964 5081 erat
1992 5025 2183 5082 dicen-

605 5112 753 5177 dum,
785 5112 969 5180 copias
992 5126 1113 5167 eum
1141 5128 1247 5167 non
1274 5114 1545 5180 eduxisse,
1580 5115 1673 5169 sed
1695 5115 1747 5169 id
1777 5130 1899 5171 cum
1922 5123 2070 5171 esset
2099 5115 2184 5170 fa-

604 5202 874 5267 ciendum,
898 5212 952 5259 et
977 5205 1349 5273 pugnandum,
1380 5206 1675 5271 omisisset,
1701 5207 2180 5264 considerandum.

603 5292 742 5347 Nam
783 5304 837 5349 et
880 5294 1321 5353 Lacedaemonios
1360 5297 1534 5366 aiunt,
1586 5313 1711 5354 cum
1756 5313 1853 5356 eos
1889 5298 2183 5371 aliquando

604 5396 918 5457 premerent
947 5376 1209 5454 Thebani,
1256 5399 1318 5445 ut
1351 5390 1436 5447 vel
1486 5390 1555 5446 ad
1590 5406 1827 5463 pugnam
1870 5392 2046 5458 exire,
2096 5389 2183 5447 vel

2280 4662 2465 4733 τηθεὶς
2502 4661 2699 4715 ταυτὸν
2729 4659 3065 4731 ἀπεκρίνατο
3091 4658 3159 4711 ἂν
3190 4657 3287 4710 καὶ
3315 4655 3543 4723 ὕστερον
3593 4652 3691 4706 καὶ
3728 4653 3851 4721 πρό-

2281 4772 2458 4825 τερον,
2490 4754 2630 4806 οὕτω
2672 4752 2768 4807 καὶ
2811 4752 2933 4805 τότε
2973 4749 3072 4812 τὰς
3106 4748 3274 4811 αὐτὰς
3313 4747 3462 4816 ἠφίει
3497 4744 3683 4812 φωνὰς
3719 4744 3850 4809 ὑπὲρ

2282 4845 2393 4898 τῶν
2423 4844 2559 4897 ὅλων
2590 4841 2954 4912 πραγμάτων,
2984 4838 3108 4891 οὒτε
3137 4838 3250 4899 τοῖς
3277 4835 3468 4896 δεινοῖς
3495 4834 3665 4885 εἴκειν
3693 4828 3851 4891 ἀξιῶν

2284 4935 2408 4991 οὔτε
2437 4934 2613 5005 ἑαυτῷ
2644 4931 2993 5004 μέμφεσθαι,
3040 4923 3392 4997 αἰσχύνεσθαί
3417 4940 3477 4975 τε
3511 4920 3654 4991 ὑπὲρ
3684 4917 3850 4971 αὐτῶν

2285 5030 2403 5099 ἅμα
2418 5028 2460 5061 ⁸³
2480 5030 2591 5090 τοῖς
2624 5027 2837 5096 καιροῖς
2866 5022 3070 5093 ἐτέρων
3096 5015 3417 5087 γεγονότων.
3438 5014 3533 5081 Μὴ
3557 5011 3622 5078 δὴ
3638 5010 3683 5042 ³⁸
3706 5008 3852 5062 τοῦτο

2286 5120 2556 5189 λέγωμεν,
2591 5116 2663 5176 ὡς
2693 5116 2794 5169 οὐκ
2825 5113 3049 5183 ἐξῆγεν·
3097 5107 3211 5163 ἀλλ’
3245 5107 3296 5159 εἰ
3329 5105 3607 5175 προσῆκον
3643 5099 3853 5165 ἐξάγειν

2288 5212 2384 5267 καὶ
2432 5208 2702 5281 μάχεσθαι
2732 5203 3017 5277 παρεώρα,
3040 5199 3202 5254 τοῦτο
3236 5195 3571 5265 σκοποῦμεν,
3608 5192 3733 5245 ἐπεὶ
3764 5189 3853 5281 καὶ

2287 5277 2748 5368 Λακεδαιμονίους
2779 5292 3051 5359 ἀκούομεν
3091 5289 3155 5359 δή
3186 5304 3289 5340 που
3321 5281 3735 5356 προσκειμένων
3763 5277 3854 5368 αύ-

2287 5393 2399 5453 τοϊς
2441 5367 2572 5442 ποτε
2600 5384 2885 5457 Θηϐαίων,
2916 5382 3012 5436 καὶ
3043 5377 3373 5433 κελευόντων
3402 5373 3603 5437 ἐξιέναι
3625 5370 3721 5425 καὶ
3754 5367 3853 5438 μά-

1908 5504 1989 5559 VA
2001 5503 2136 5558 RIE
2173 5501 2578 5557 LECTIONES.

679 5594 723 5627 ¹³
746 5592 999 5646 τοσοῦτον
1040 5611 1101 5656 ς.
1137 5594 1259 5663 ἐμοὶ
1290 5595 1335 5627 ¹⁸
1359 5594 1607 5663 φαίνεται
1636 5610 1744 5651 om.
1792 5599 1857 5651 A.

610 5664 654 5696 "
684 5680 747 5714 πε
760 5663 934 5731 ριίστη

607 5732 714 5786 29.9
724 5773 736 5784 .

609 5802 655 5875 1"
694 5799 773 5870 τῷ
806 5831 875 5875 -—_—
902 5804 1070 5875 animo
1100 5819 1209 5875 out.

610 5869 729 5944 ἅμα
749 5869 856 5928 καὶ
886 5869 984 5929 Α(
1043 5869 1097 5906 ’³³
1126 5873 1199 5945 μὴ
1228 5870 1316 5944 δὴ]
1351 5887 1401 5944 p.
1431 5872 1553 5929 253.

964 5610 999 5646 nt
1040 5611 1101 5656 ς.
1137 5596 1259 5663 ἐμοὶ
1290 5596 1335 5627 ίδ
1359 5596 1607 5663 φαίνεται
1636 5610 1744 5651 om.
1792 5599 1857 5651 A.
1962 5598 2005 5631 “’
2040 5597 2139 5667 μὲν
2184 5612 2294 5651 om.
2327 5596 2389 5649 Ac.
2495 5596 2542 5625 "
2567 5596 2678 5645 εἷεν
2708 5607 2817 5644 om.
2849 5596 2911 5643 Α.
2944 5596 3087 5650 sim]
3136 5596 3202 5651 βοὶ
3232 5596 3351 5635 ἠδε

964 5732 991 5764 ι.
1028 5663 2080 5764 '3..P'Ir°°°.i"3§ks=rami:--suae:
2097 5665 2314 5764 δίδαξοξι
2332 5665 2431 5764 ἐἰ
2457 5664 2629 5764 πρὲοξ
2656 5658 2876 5764 ita“?
2907 5652 3351 5764 5“.~‘:°.é’.2i?i“.._“s

842 5734 887 5764 ’ί
927 5732 992 5800 δὴ
1034 5747 1142 5785 om.
1175 5734 1240 5784 A.
1317 5734 1361 5764 “
1385 5732 1693 5790 cbbtttCA.
1772 5738 1817 5769 ’³
1846 5738 1916 5791 cl'.
1950 5735 2099 5790 Sttid.
2135 5752 2187 5789 ν.
2218 5738 2246 5787 ό
2278 5735 2450 5804 Κρὴς.
2505 5732 2573 5765 V"
2596 5735 2626 5785 6
2660 5734 2782 5785 add.
2821 5732 2885 5784 A.
2961 5732 3006 5758 "
3038 5732 3192 5791 ῶσυί
3230 5738 3242 5787 |

842 5831 875 5841 “·
920 5804 1068 5873 νήσῳ
1100 5819 1209 5855 0111-
1235 5802 1316 5873 Ag
1395 5803 1452 5873 "7
1478 5806 1767 5867 μετέϐαλλε
1822 5808 1886 5862 Α.
1961 5808 2004 5841 ⁹⁹
2028 5807 2092 5862 ἂν
2134 5806 2255 5861 add.
2292 5807 2355 5859 A.
2434 5804 2479 5836 ³⁸
2519 5803 2647 5873 περὶ
2684 5832 2751 5842 --
2784 5799 3019 5870 μέτρων]
3054 5810 3156 5862 περ
3185 5820 3247 5831 ~—

2495 5592 2542 5625 ¹⁶
2567 5587 2678 5645 εἶεν
2708 5607 2817 5644 om.
2849 5592 2911 5643 A.
2944 5584 3087 5650 sint]
3136 5583 3202 5651 IL;
3232 5580 3359 5635 226.
3431 5579 3473 5609 "
3502 5578 3613 5639 ἐγὼ
3643 5592 3747 5628 om.
3792 5576 3853 5627 Λ.

2495 5664 2629 5713 ιοᾶος
2656 5658 2744 5713 ἦν.
2773 5660 2876 5713 ἔφη
2907 5652 3243 5713 δημοσθένης
3288 5652 3351 5703 Λ.
3456 5646 3500 5679 ’⁸
3534 5650 3561 5697 ὁ
3597 5645 3772 5713 Κρὴς]
3805 5662 3851 5709 ιι.

2961 5664 3243 5721 ιμοσυενης
3288 5664 3351 5703 Α.
3457 5664 3499 5679 “
3534 5664 3561 5697 ο
3599 5664 3772 5713 “pug!
3805 5664 3851 5709 ιι,

2961 5728 3006 5758 ’⁸
3038 5721 3192 5791 ὥσθ’]
3230 5738 3281 5787 ιι.
3315 5719 3439 5771 250.
3514 5720 3561 5791 '_"
3591 5717 3765 5791 ψυχῆς
3792 5716 3850 5791 Αἶ

2528 5734 2573 5765 ’⁸
2596 5735 2626 5785 6
2660 5734 2782 5785 add.
2821 5732 2885 5784 A.
2961 5732 3006 5758 "
3038 5732 3192 5791 ὥσθ’,
3230 5738 3281 5787 ιι.
3315 5732 3439 5771 Ζὸυ.
3516 5732 3561 5747 '“
3591 5732 3765 5797 ψυχης
3792 5732 3849 5767 Α.

2528 5803 2647 5859 περὶ
2684 5832 2751 5842 --
2785 5799 3019 5859 μέτρων]
3054 5810 3156 5859 περ
3185 5820 3247 5831 ——
3285 5791 3479 5859 μέτρον
3508 5787 3575 5839 Α.
3646 5788 3685 5817 ³*
3718 5781 3849 5854 αμαί
