4124 6396
601 308 741 377 15⁸39

1736 326 2003 390 ΡΗΟΤῙΙ
2022 324 2529 390 PATRIARCHB
2557 326 2645 389 ΟΡ

3732 334 3864 401 1540

599 467 667 506 ne
694 451 820 520 quid
849 454 901 507 in
927 452 1203 511 Platonem
1231 460 1405 515 dicam
1429 463 1672 533 gravius,
1695 475 1747 521 et
1768 468 1925 537 quasi
1954 468 2157 523 ferocir

2290 441 2464 513 φειδοῖ
2487 441 2581 495 τοῦ
2610 438 3006 512 προειληφότος
3026 455 3042 474 ο
3081 442 3227 497 οὕτω
3256 444 3392 499 πολὺ
3422 444 3596 500 πλείω
3614 446 3664 479 ⁸ο
3679 449 3869 500 ποιοῦ-

596 542 800 607 videar,
832 559 995 613 quam
1032 558 1090 601 ut
1121 549 1331 606 illorum
1377 570 1814 629 unumquemque
1845 561 1958 615 suis
1995 576 2183 616 ornem

597 631 879 702 laudibus;
929 654 1051 691 nam
1090 639 1290 713 ήξϐο
1337 661 1444 701 non
1485 649 1713 706 minoris
1744 663 1827 706 est
1859 652 1986 706 mihi
2024 653 2185 723 hujus

600 729 655 774 et
684 724 877 788 gratia.
905 722 1283 785 Verumtamen
1309 734 1351 788 si
1387 742 1670 807 utrumque
1693 722 2107 809 consequemur,
2129 752 2185 796 ιιι

595 818 651 862 et
667 810 884 865 illorum
904 814 1256 873 dissolvainus
1274 823 1522 889 crimina,
1545 838 1597 880 et
1622 826 1827 883 Platoni
1853 846 2066 885 omnem
2088 835 2182 885 tri-

596 900 821 956 buamus
851 907 1110 961 honorem
1149 926 1210 966 ac
1240 918 1627 983 reverentiam,
1661 930 1823 987 atque
1868 922 1920 976 in
1953 933 2179 993 utroque

587 991 733 1058 juste
778 1010 876 1049 nos
921 1013 1191 1067 geramus,
1246 1008 1590 1064 mediocriter
1639 1015 1917 1069 nobiscum
1965 1029 2173 1088 agetur.

591 1082 726 1137 Nam
774 1086 819 1139 si
852 1093 1129 1146 contraria
1164 1100 1457 1153 contrariis
1496 1104 1836 1170 delinienius,
1866 1123 1971 1175 quo
2020 1118 2176 1177 pacto

590 1184 689 1229 Sua
722 1178 950 1246 singulis
977 1188 1245 1241 constabit
1276 1194 1506 1246 natura?
1535 1197 1588 1248 Si
1620 1200 1761 1251 enim
1810 1200 2090 1269 imperium
2120 1204 2172 1255 in

591 1270 850 1323 servitute
895 1285 1144 1342 ponatur,
1206 1282 1291 1334 vix
1337 1284 1479 1338 aliud
1532 1291 1822 1357 quidquam
1858 1296 2173 1350 servitutem

587 1358 855 1428 effugerit,
888 1375 939 1420 et
973 1366 1016 1419 si
1049 1367 1333 1436 imperium
1374 1390 1495 1430 esse
1527 1382 1845 1436 servitutem
1900 1388 2167 1453 ponimus,

588 1455 718 1521 quid
749 1460 997 1524 prohibet
1028 1464 1318 1528 quominus
1360 1470 1550 1522 eadem
1602 1478 1813 1529 ratione
1854 1478 2166 1531 servitutem

591 1561 713 1601 esse
737 1550 1020 1619 imperium
1045 1567 1329 1621 ponamus,
1348 1568 1507 1629 atque
1532 1563 1601 1615 ila
1634 1581 1718 1621 res
1742 1567 2164 1637 circumagatur,

583 1650 687 1691 nec
716 1653 950 1708 unquam
984 1645 1172 1697 eodem
1206 1660 1421 1702 maneat
1457 1651 1574 1705 loco
1610 1671 1623 1705 :
1661 1670 1845 1708 verum
1878 1657 2162 1725 imperium

582 1732 731 1797 prius
756 1735 820 1787 ad
869 1740 1186 1791 servitutem
1217 1744 1517 1809 redactum,
1566 1760 1661 1811 per
1700 1764 1816 1801 eam
1852 1765 2037 1803 rursus
2071 1753 2166 1805 ﬁat

2292 552 2390 604 μαι
2418 534 2632 604 λόγον⁸¹
2660 535 2827 606 μηδὲν
2856 535 3069 607 ἀπηχὲς
3099 538 3179 600 είς
3206 539 3469 593 Πλάτωνα
3491 542 3678 609 τυχεῖν
3704 541 3875 594 εἰπὼν

2290 626 2415 697 μηδ’
2439 626 2682 698 ὡσπερεὶ
2722 627 3088 699 θρασύνεσθαι
3115 629 3313 697 δοκεῖν,
3335 633 3368 702 ἢ
3395 632 3441 663 ⁸⁸
3486 633 3717 687 ἐκείνων
3744 634 3871 687 ἐκα-

2289 732 2414 769 στον
2460 717 2742 771 ἐπαινέσαι
2766 756 2783 781 ,
2824 719 3086 783 είκότωςο
3129 722 3250 774 ούδέ
3285 721 3395 792 γὰρ
3434 721 3723 786 ἐλάττονος
3748 723 3874 787 ἄξια

2286 809 2505 877 χάριτός
2540 828 2631 880 μοι
2656 810 2726 863 τὰ
2754 811 2890 882 πρὸς
2920 809 3130 866 τοῦτον.
3164 814 3241 867 Οὐ
3272 811 3378 884 μὴν
3404 813 3518 867 ἀλλ’
3553 816 3673 883 εἴγε
3705 816 3873 884 ἄμφω

2288 900 2629 970 συμϐήσεται
2677 902 2772 954 καὶ
2821 902 2919 965 τὰς
2951 904 3073 955 κατ’
3110 904 3337 958 ἐκείνων
3368 906 3549 969 αἰτίας
3589 907 3872 960 ἀπολύσα·

2286 993 2410 1047 σθαι
2441 997 2534 1048 καὶ
2566 996 2813 1049 Πλάτωνι
2842 998 2951 1051 πᾶν
2978 998 3101 1050 ὅσον
3132 998 3313 1062 αἰδοῦς
3352 1000 3447 1051 καὶ
3481 1001 3651 1070 τιμῆς
3689 989 3870 1064 ἔξεστι

2284 1086 2606 1150 σεσωκέναι,
2652 1086 2747 1139 καὶ
2798 1088 3101 1158 προσέσται
3148 1088 3208 1140 τὸ
3268 1088 3475 1141 δίκαιον
3509 1091 3866 1159 ἀμφοτέροις,

2285 1178 2523 1247 μετρίως
2552 1178 2619 1231 ἂν
2656 1178 2769 1249 έχοι
2796 1180 2857 1231 τὸ
2884 1179 3093 1233 δίκαιον
3126 1181 3399 1250 πανταχῆ.
3446 1180 3613 1246 [1280
3660 1180 3757 1251 IL]
3811 1183 3869 1233 Ei

2278 1269 2448 1340 γὰρ⁵³
2483 1270 2741 1323 τάναντία
2766 1273 2876 1333 τοῖς
2906 1271 3169 1335 ἐναντίοις
3215 1272 3534 1343 ὁριούμεθα,
3572 1274 3689 1336 πῶς
3733 1274 3865 1326 ἐκα-

2280 1377 2403 1413 στον
2445 1360 2521 1413 ἔθ’
2565 1362 2697 1431 ἡμῖν
2733 1360 2895 1415 σώσει
2943 1362 3041 1432 τὴν
3098 1362 3295 1415 ἐαυτοῦ
3340 1363 3536 1432 φύσιν;
3583 1364 3634 1416 εί
3677 1367 3790 1433 γὰρ
3834 1365 3865 1431 ἠ

2275 1454 2417 1524 ἀρχὴ
2441 1454 2654 1507 δουλεία
2677 1494 2692 1518 ,
2724 1455 2886 1526 σχολῇ
2915 1456 2965 1522 γ’
2996 1456 3062 1508 ἂν
3098 1455 3226 1508 ἄλλο
3256 1473 3309 1508 τι
3343 1455 3582 1508 δουλείαν
3609 1454 3742 1526 [692
3774 1455 3864 1526 [1.]

2274 1544 2527 1613 ἐκφύγοι.
2566 1547 2683 1599 Κᾶν
2708 1548 2760 1599 εί
2787 1564 2849 1616 γε
2876 1546 2973 1617 τὴν
2999 1547 3174 1617 ἀρχὴν
3210 1546 3458 1599 δουλείαν
3488 1544 3631 1600 εἶναι
3657 1546 3866 1615 τιθείηο

2276 1654 2397 1707 μεν,
2430 1640 2479 1689 τί
2514 1637 2711 1691 κωλύει
2759 1638 2853 1691 καὶ
2902 1638 2998 1709 τὴν
3042 1639 3288 1692 δουλείαν
3324 1639 3499 1709 ἀρχὴν
3528 1642 3643 1701 τοῖς
3674 1640 3860 1700 αὐτοῖς

2276 1728 2488 1790 τούτοις
2514 1728 2721 1781 τιθέναι
2752 1729 2963 1798 λόγοις;
2998 1733 3107 1782 κάκ
3130 1729 3325 1783 τούτου
3359 1730 3633 1801 περίεισιν
3663 1730 3799 1800 ἡμῖν
3829 1730 3861 1797 ἡ

587 1829 867 1896 imperium
900 1850 913 1884 :
944 1834 1177 1887 servitus
1229 1846 1407 1889 autem
1463 1844 1610 1904 prius
1653 1842 1719 1892 ad
1757 1842 2039 1912 imperium
2089 1863 2157 1899 re-

2279 1818 2425 1882 θέσις
2460 1821 2555 1873 καὶ
2592 1821 2716 1873 ούδέ
2764 1839 2895 1874 ποτε
2943 1823 3001 1873 ἐν
3050 1823 3127 1892 τῷ
3152 1822 3301 1892 αὐτῷ
3335 1799 3509 1890 μένει,
3544 1821 3661 1874 ἀλλ’
3686 1799 3733 1892 δή
3764 1822 3861 1891 ps.-

581 1921 760 1985 dacta,
802 1938 896 1989 per
931 1925 1057 1979 illud
1098 1927 1270 1995 ipsum
1306 1944 1495 1984 rursus
1524 1934 1744 1987 exsistat
1769 1938 2019 1991 servitus.
2059 1938 2167 1993 lia-

579 2028 685 2079 que
715 2026 976 2084 vagentur
1018 2033 1081 2072 ac
1130 2030 1561 2077 transmutentnr
1609 2027 1723 2080 inec
1781 2032 2019 2095 nomina,
2048 2049 2168 2102 quae

581 2116 707 2158 sunt
732 2123 911 2162 rerum
964 2112 1384 2178 contrariarum,
1433 2128 1526 2169 aut
1577 2119 1760 2187 potius
1817 2122 1979 2178 rebus
2032 2125 2165 2194 ipsis

580 2200 875 2255 contraria.
1983 2230 1990 2237 '

653 2455 861 2525 [Rebus
893 2456 1028 2511 dicit
1057 2459 1297 2526 graviter
1328 2475 1449 2515 cum
1476 2479 1639 2517 unum
1667 2480 1787 2521 esse
1810 2478 1864 2521 et
1894 2468 2035 2525 idem
2070 2471 2166 2525 im-

580 2529 790 2593 perium
827 2537 882 2581 et
902 2528 1217 2583 servitutem
1250 2533 1582 2603 conﬁrmet.)

650 2682 828 2748 Tales,
850 2699 882 2737 ο
898 2684 1066 2748 Plato,
1087 2685 1307 2740 Graacia.
1345 2690 1617 2757 prmlieliat
1641 2690 1912 2761 adjutores
1939 2710 1953 2747 :
1982 2696 2163 2764 itaque

577 2776 749 2830 donec
778 2777 989 2831 vivebat
1011 2778 1222 2843 Cimon,
1252 2782 1503 2849 peribant
1545 2783 1768 2839 Barbari
1824 2799 1967 2841 metu
2013 2790 2163 2845 Crte-

575 2884 787 2923 corum.

648 2981 1146 3051 [Demosthenicum
1190 2986 1294 3043 hoc
1324 2988 1568 3051 schema;
1601 2992 1677 3045 ait
1720 2994 1863 3048 enim
1903 3007 2045 3050 metu
2084 2997 2160 3051 le-

576 3065 731 3131 g‘atos
777 3066 1037 3131 mortuos,
1093 3057 1284 3131 timore
1326 3075 1453 3112 vero
1494 3060 1730 3126 Graecos,
1786 3080 1902 3131 pro,
1968 3069 2158 3122 timore

2269 1913 2412 1983 ἀρχὴ
2446 1912 2657 1965 δουλεία
2696 1916 2961 1984 πρότερον
3006 1914 3270 1984 γενομένη
3309 1913 3375 1967 δι’
3421 1915 3641 1983 ἐκείνης
3691 1914 3855 1966 πάλιν

2268 2003 2412 2073 ἀρχὴ
2453 2004 2688 2072 γίνεται,
2724 2007 2758 2076 ὴ
2790 2004 2835 2057 δ’
2869 2000 2935 2058 αὖ
2969 2005 3181 2058 δουλεία
3212 2005 3476 2081 πρότερον
3514 2007 3660 2075 ἀρχὴ
3696 2022 3855 2075 νομιε-

2268 2094 2457 2147 σθείσα
2509 2095 2601 2149 ὑπ’
2635 2096 2802 2167 αὐτῆς
2848 2098 2949 2168 τῆς
3000 2098 3175 2168 ἀρχῆς
3209 2099 3456 2151 ἐπάνεισι
3503 2099 3724 2153 δουλεία
3756 2103 3859 2154 πά-

2266 2185 2352 2239 λιν
2389 2183 2553 2241 εἷναι.
2583 2189 2696 2242 Καὶ
2726 2188 2869 2242 οὕτω
2914 2190 3312 2261 πλανήοεταιδδ
3340 2192 3435 2244 καὶ
3466 2194 3860 2264 μεταχωρήσει

2264 2277 2337 2331 τὰ
2364 2278 2604 2349 ὀνόματα
2649 2281 2845 2346 ταῦτα,
2887 2283 2996 2335 τῶν
3038 2283 3298 2336 ἐναντίων
3327 2285 3677 2355 πραγμάτων
3704 2287 3857 2351 ὄντα,

2264 2373 2315 2425 εί
2340 2371 2396 2424 δὲ
2429 2372 2631 2442 βούλει,
2661 2372 2730 2425 τὰ
2758 2375 2977 2428 ἐναντία
3003 2374 3096 2427 τοῦ
3129 2376 3477 2446 πράγματος.

2335 2462 2482 2542 [Ἰξοῦ
2521 2466 2920 2542 ,πράγματοςἾ
2973 2469 3116 2542 εἶπε,
3169 2469 3378 2542 δεινῶς,
3420 2472 3610 2542 ἐπειδὴ
3667 2472 3731 2526 ἒν
3763 2475 3857 2526 καὶ

2262 2530 2461 2654 τῗυτδν
2484 2530 2631 2677 ῗίναι
2660 2530 2757 2606 τὴν
2797 2530 2972 2608 ἀρχὴν
3004 2530 3226 2609 καῖτὴν
3258 2530 3500 2594 δουλείαν
3525 2530 3855 2596 καῖτεσυλλο-

2262 2618 2299 2670 γ
2325 2620 2471 2656 σατο.

2336 2695 2624 2761 Τοιούτους
2641 2698 2687 2729 ⁸⁸
2717 2698 3064 2771 ἐπικούρους,
3092 2696 3135 2753 ὦ
3180 2704 3429 2766 Πλάτων,
3461 2706 3575 2768 τοῖς
3609 2705 3846 2777 Ἕλλησι

2262 2786 2589 2855 παρέσχετο,
2637 2787 2779 2842 ὥστε
2810 2790 2915 2854 ἕως
2944 2792 3040 2861 ἔζη
3086 2795 3303 2863 Κίμων,
3351 2796 3608 2849 τεθνάναι
3645 2799 3853 2869 περιῆν

2260 2878 2370 2940 τοῖς
2397 2878 2700 2949 Βαρϐάροις
2726 2881 2804 2949 τῷ
2839 2882 2989 2953 φόϐῳ
3018 2885 3145 2949 τοὺς
3182 2886 3473 2957 Ἕλληνας.

2339 2992 2776 3073 [Δημοσθενικὲιν
2810 2997 2870 3073 τὸ
2902 3000 3116 3073 axitia;
3149 3000 3251 3073 ἔφη
3294 3003 3405 3073 γὰρ
3426 3043 3440 3067 ,
3488 3004 3740 3060 Τεθνᾶσι
3767 3005 3849 3071 τῷ

2260 3062 2379 3142 eset
2417 3062 2557 3142 τοξθς
2576 3062 3122 3142 *ἀποστόλρυξζςέιῖᾠ
3145 3062 3202 3123 δέ
3236 3062 3386 3142 {primo
3423 3062 3551 3136 τοὺς
3571 3062 3847 3142 ’Έλληνας

576 3122 909 3216 tinet-ormn,
933 3126 1015 3216 vel
1038 3128 1169 3216 1quia
1190 3129 1271 3182 sic
1302 3137 1615 3186 terruerunt
1641 3122 1963 3201 Grazéos,'nt
1990 3154 2156 3208 prope

2263 3134 2383 3216 ἀντὶ
2416 3137 2514 3216 :33
2531 3122 2609 3216 ᾗςῷ
2637 3138 2790 3216 (pasta
2820 3140 2929 3191 τῶν
2956 3122 3261 3216 ’ςελὶςήνῲνζ
3286 3122 3329 3212 ἦ
3356 3122 3847 3216 ξτίῖςὲιτὲέέξὲίξᾶἷ

576 3194 773 3247 mortui
810 3192 1059 3267 fuerint.]

642 3350 710 3406 At
738 3364 863 3407 eum
892 3356 1216 3412 ostracismo
1238 3360 1581 3431 expulerunt,
1609 3377 1675 3418 ne
1705 3380 1889 3421 vocem
1920 3365 2037 3435 ejus
2065 3384 2162 3439 per

570 3443 759 3499 decem
790 3462 959 3503 annos
1005 3451 1277 3507 audirent.
1314 3454 1510 3523 Certe;
1545 3460 1638 3512 sed
1677 3474 1799 3514 eum
1836 3471 1962 3517 ante
1987 3478 2157 3517 annos

570 3536 757 3591 decem
800 3553 1020 3597 exactos
1053 3557 1398 3611 revocarunt,
1428 3558 1484 3603 ut
1513 3551 1631 3621 ejus
1662 3554 1911 3608 audirent
1944 3570 2151 3611 vocem.

569 3625 647 3681 lta
683 3644 808 3684 eum
838 3632 1247 3691 desiderabant.
1282 3638 1484 3694 Verum
1515 3652 1569 3695 tu
1612 3660 1773 3713 quem
1823 3647 2156 3701 condemna-

569 3719 697 3785 rint,
729 3721 898 3790 dicis;
924 3740 1082 3793 quam
1113 3731 1434 3785 sententiam
1459 3737 1737 3803 mutarint,
1773 3753 1877 3791 non
1905 3740 2153 3809 cogitas;

566 3827 799 3882 quaque
823 3817 903 3869 vel
935 3833 1044 3872 non
1080 3832 1224 3877 recte
1251 3826 1627 3892 decreverunt,
1664 3832 1912 3901 utrisque
1940 3849 2145 3905 expro-

566 3901 728 3970 bras;
757 3920 876 3973 ane
907 3918 1076 3975 recte,
1108 3914 1501 3971 consuluerunt
1535 3934 1634 3974 nec
1668 3921 1773 3976 illis
1803 3926 2009 3979 veniam
2046 3942 2149 3995 pu-

567 4005 670 4059 tas,
703 4012 800 4051 nec
832 3999 954 4053 huic
991 4003 1287 4059 maximum
1341 4009 1587 4075 pra'bere
1644 4013 1861 4069 virtutis
1903 4019 2149 4071 testimo-

567 4084 738 4138 nimn.
790 4085 1033 4155 Cumque
1065 4089 1100 4144 ii
1133 4093 1228 4160 qui
1260 4109 1382 4148 eum
1407 4099 1857 4168 condemnarunt,
1887 4104 1983 4172 ipsi
2020 4122 2147 4159 sen-

567 4176 788 4229 tentiam
814 4182 1095 4245 mutarint,
1119 4199 1217 4238 nec
1242 4186 1525 4254 antiquum
1544 4193 1815 4246 servarint
1839 4196 2144 4262 decretum,

566 4275 620 4319 tu
652 4265 704 4321 id
728 4271 880 4336 quasi
911 4282 1083 4327 ratum
1117 4291 1333 4344 semper
1366 4276 1558 4334 luisset
1588 4283 1800 4352 objicis,
1836 4302 1933 4341 nec
1975 4290 2143 4345 Athe-

563 4357 779 4411 nienses
808 4360 906 4414 hac
954 4362 1005 4415 in
1042 4379 1098 4417 re
1129 4367 1209 4420 vis
1262 4368 1487 4435 imitari,
1534 4383 1643 4427 uta
1687 4377 1919 4434 crimine
1969 4384 2142 4437 virum

2263 3205 2391 3327 τὶ)ὺὲ
2428 3205 2695 3347 "hin-qva;
2734 3205 2906 3273 οὕτως
2955 3209 3031 3274 ὼς
3084 3205 3253 3280 ἐγγὺς
3297 3205 3390 3265 τοῦ
3437 3216 3697 3269 τεθνάναι
3732 3205 3847 3286 ’γε-

2265 3291 2292 3326 ν
2329 3291 2359 3325 σ
2398 3292 2471 3330 αι.

2265 3291 2471 3330 νεσυαι.

2332 3367 2475 3437 Ni)"
2505 3368 2603 3421 Δία
2659 3369 2776 3424 ἀλλ’
2809 3370 3221 3444 ἐξωστράκισαν
3263 3376 3451 3443 αὑτὸν,
3493 3378 3646 3443 ὅπως
3678 3380 3845 3434 αὐτού

2259 3459 2390 3513 δέκα
2407 3462 2451 3492 ⁸⁸
2481 3462 2619 3515 ἐτῶν
2644 3464 2743 3534 τῆς
2778 3468 2962 3536 φωνῆς
2991 3467 3065 3536 μὴ
3093 3468 3405 3525 ἀκούσειαν.
3457 3473 3567 3525 Καὶ
3590 3474 3758 3527 πάλιν
3780 3490 3844 3543 γε

2259 3552 2600 3622 κατήγαγον,
2634 3558 2765 3624 πρὶν
2791 3560 2857 3610 τὰ
2885 3558 3015 3611 δέκα
3044 3560 3260 3630 ἐξήκειν
3283 3562 3400 3633 ἐτη,
3428 3564 3516 3618 ἵνα
3543 3566 3714 3619 αὑτοῦ
3743 3568 3844 3637 τῆς

2259 3643 2441 3712 φωνῆς
2455 3644 2500 3677 δ’
2547 3646 2864 3704 ἀκούσειαν.
2895 3648 3080 3714 Οὕτως
3108 3652 3402 3723 ἐπόθησαν.
3435 3658 3509 3709 Σὺ
3537 3657 3596 3710 δὲ
3628 3660 3705 3721 ὡς
3741 3660 3841 3729 μὲν

2257 3734 2628 3801 κατέγνωσαν,
2647 3737 2847 3807 λέγεις,
2882 3743 2959 3804 ὡς
2984 3741 3041 3795 δὲ
3068 3746 3443 3813 μετέγνωσαν,
3472 3750 3573 3802 ούκ
3604 3751 3836 3823 ἐνθυμῇ.

2256 3827 2366 3880 Καὶ
2386 3827 2421 3882 ἃ
2454 3828 2553 3899 μὲν
2585 3831 2645 3883 ού
2666 3831 2891 3897 δικαίως
2919 3835 3253 3906 ἐψηφίσαντο
3271 3840 3317 3871 ⁸⁸
3336 3844 3456 3894 κατ’
3483 3842 3838 3915 ἀμφοτέρων,

2254 3915 2432 3986 λέγεις
2452 3920 2517 3985 ⁶¹,
2550 3919 2585 3973 ἃ
2610 3920 2666 3973 δέ
2694 3922 2872 3994 ὀρθῶς
2898 3926 3317 3994 ἐϐουλεύσαντο,
3346 3933 3444 4003 ούχ
3470 3934 3574 4005 ἡγῇ
3601 3938 3717 3999 τοῖς
3740 3939 3840 4007 μὲν

2253 4012 2573 4081 ⁶προαχθεῖσι
2615 4015 2946 4087 παραίτησιν
2966 4018 3063 4088 τῷ,
3105 4022 3161 4075 δὲ
3200 4023 3455 4093 ἀφεθέντι
3489 4030 3764 4099 μεγίστην
3787 4030 3837 4061 ⁸⁸

2254 4103 2439 4157 πίστιν
2483 4106 2586 4177 τῆς
2629 4110 2832 4180 ἀρετῆς
2880 4111 3047 4182 ἔχειν.
3102 4116 3210 4168 Καὶ
3255 4116 3329 4181 ὠς
3388 4118 3587 4184 ἔοικεν,
3629 4123 3680 4174 oi
3737 4124 3837 4191 μὲν

2253 4197 2619 4265 καταγνόντες
2650 4201 2805 4254 αὐτοὶ⁵
2834 4204 3185 4273 μετέγνωσαν
3228 4210 3319 4262 καὶ
3352 4210 3452 4263 οὒκ
3490 4212 3718 4281 ἔμειναν
3747 4217 3835 4283 ἐφ’

2250 4281 2326 4341 ὧν
2348 4288 2592 4358 ἔγνωσαν
2627 4294 2684 4360 ἐξ
2711 4295 2909 4366 ἀρχῆς,
2956 4299 3021 4350 σὺ
3050 4298 3107 4350 δὲ
3138 4299 3327 4372 ὥσπερ
3365 4321 3418 4355 τι
3449 4304 3639 4375 κύριον
3667 4281 3832 4375 ἐγκέ-

2250 4381 2477 4452 κληκας,
2526 4384 2619 4436 καὶ
2669 4387 2769 4438 οὐκ
2821 4388 3062 4456 ἠξίωσας
3095 4391 3268 4463 ταύτῃ
3323 4397 3669 4465 μιμήσασθαι
3702 4400 3833 4461 τοὺς

560 4449 813 4506 absolvas
842 4470 855 4506 :
887 4468 1074 4508 verum
1099 4459 1143 4512 si
1178 4459 1306 4526 quid
1339 4464 1589 4519 acerbius
1615 4466 1711 4536 ipsi
1739 4467 2006 4537 fecerunt,
2041 4475 2142 4529 hoc

2263 4449 2579 4543 Ἀθηναίους
2600 4518 2614 4540 ,
2652 4481 2809 4547 ἀφεὶς
2958 4449 3126 4553 ἄνδρα
3293 4449 3492 4554 οίίτίας,
3529 4490 3647 4543 ἀλλ’
3672 4491 3701 4544 ὅ

561 4541 815 4611 imitaris,
854 4547 1062 4603 omittis
1102 4551 1331 4619 reliqua,
1375 4556 1550 4621 Quid?
1588 4576 1696 4630 quo
1747 4562 1917 4618 multo
1970 4568 2141 4633 majus

559 4643 643 4687 est
704 4644 759 4689 et
820 4635 1106 4705 gloriosius
1165 4639 1360 4712 4261)
1419 4645 1654 4715 ejectum
1708 4652 1903 4713 redire.
1978 4670 2140 4724 quam

560 4741 781 4791 prorsus
813 4743 916 4781 uoii
950 4730 1096 4797 ejici.
1142 4731 1279 4787 Nam
1330 4748 1379 4790 nt
1415 4739 1515 4793 hoc
1551 4742 1712 4795 etiam
1736 4744 1965 4801 cuilibet
2009 4764 2143 4802 con-

559 4815 739 4886 tingit,
788 4817 860 4872 ita
907 4820 1037 4875 illud
1080 4839 1183 4877 non
1240 4836 1361 4879 erat
1412 4830 1673 4885 omnium.
1710 4834 1884 4904 Atque
1930 4846 1988 4891 ut
2040 4839 2142 4894 hoc

557 4904 788 4962 fortuna:
842 4910 965 4977 quis
1026 4912 1291 4979 potuisset
1344 4917 1601 4981 tribuere,
1668 4919 1738 4973 ita
1772 4923 1874 4975 nisi
1921 4925 2142 4995 reliquis

561 5000 911 5065 praastantior
943 5000 1159 5058 habitus
1189 5003 1402 5070 luissot,
1434 5006 1561 5061 illud
1595 5010 1644 5063 ei
1671 5026 1774 5064 non
1799 5016 2138 5084 contigisset.

558 5092 628 5150 Ut
656 5093 797 5146 enim
831 5095 954 5163 quis
983 5095 1232 5162 ejiciatur
1259 5110 1352 5154 aut
1380 5102 1594 5158 exsulet
1625 5105 1823 5161 invidia
1867 5107 2015 5174 facit,
2053 5112 2135 5166 vel

555 5185 702 5241 aliud
728 5186 936 5254 simile;
970 5198 1029 5242 ut
1066 5199 1189 5243 ante
1224 5202 1436 5260 tempus
1472 5208 1775 5261 revocetur,
1815 5201 1947 5254 nihil
1990 5220 2127 5271 pra:-

558 5288 639 5332 ter
665 5278 916 5333 virtutem
943 5278 1127 5347 eliicit,
1156 5295 1377 5353 pr0pter
1397 5301 1559 5355 quam
1594 5290 1740 5343 illum
1768 5303 1821 5345 ct
1852 5294 2128 5351 absentem

2245 4562 2313 4638 ἦν
2346 4568 2726 4641 χαλεπώτερον
2756 4573 2935 4626 αὐτῶν
2958 4576 3239 4647 ἐμιμήσω,
3274 4581 3336 4633 τὸ
3372 4582 3429 4633 δὲ
3475 4583 3663 4636 λοιπὸν
3710 4587 3828 4637 εἶα-

2248 4675 2369 4720 σας.
2406 4659 2515 4711 Καὶ
2544 4661 2649 4729 μὴν
2668 4662 2712 4693 ⁸³
2744 4664 2879 4715 πολὺ
2911 4668 3095 4734 μεῖζον
3124 4670 3217 4721 καὶ
3253 4672 3469 4727 κάλλιον
3510 4677 3591 4737 είς
3620 4676 3827 4746 ἀρετῆς

2246 4748 2409 4817 λόγον
2460 4752 2763 4805 ἐκπεσόντα
2808 4756 3090 4810 κατελθεῖν
3136 4759 3168 4829 ἢ
3218 4762 3290 4831 μὴ
3324 4767 3517 4830 φυγεῖν
3546 4765 3704 4829 ὅλως.
3752 4769 3825 4820 Τὸ

2251 4842 2350 4908 μὲν
2385 4842 2494 4911 γὰρ
2516 4846 2610 4894 καὶ
2643 4848 2757 4907 τοῖς
2783 4845 3035 4915 τυχοῦσιν
3069 4848 3303 4920 ὑπάρχει
3336 4851 3396 4921 δή
3431 4871 3555 4919 που,
3584 4857 3746 4910 τοῦτο
3767 4859 3823 4911 δὲ

2239 4933 2302 4985 ού
2334 4933 2475 4986 κατὰ
2504 4934 2632 4998 τοὺς
2684 4936 2913 5002 πολλοὺς
2951 4940 3154 5011 ἄνδρας
3199 4938 3302 5013 ἦν’
3355 4945 3573 5000 κάκεῖνο
3616 4949 3719 5019 μὲν
3756 4952 3821 5003 ἂν

2237 5026 2303 5095 τῇ
2357 5025 2494 5096 τύχῃ
2533 5042 2621 5089 τις
2671 5022 2785 5098 εἶχε
2814 5030 3123 5096 λογίζεσθαι
3142 5034 3208 5100 ⁸⁸,
3239 5037 3399 5089 τοῦτο
3434 5039 3491 5091 δὲ
3522 5039 3600 5109 τῷ
3636 5044 3821 5110 κρείτο

2239 5133 2367 5168 τονα
2394 5116 2425 5187 ἢ
2459 5118 2601 5171 κατὰ
2630 5122 2757 5184 τοὺς
2776 5121 2966 5187 ἄλλους
2991 5126 3120 5179 ὄντα
3144 5128 3568 5195 γιγνώσκεσθαι.
3586 5132 3691 5185 Τοῦ
3721 5135 3819 5201 μὲν

2237 5212 2347 5279 γὰρ
2379 5212 2634 5263 ἐκπεσεῖν
2670 5214 2765 5265 καὶ
2795 5216 3020 5282 φεύγειν
3046 5218 3238 5285 φθόνος
3261 5222 3435 5285 αἴτιος
3462 5225 3558 5277 καὶ
3584 5226 3726 5294 τάχα
3752 5227 3818 5280 ἄν

2241 5317 2291 5352 τι
2324 5302 2417 5353 καὶ
2444 5303 2571 5356 ἄλλο
2607 5304 2819 5359 τοιοῦτο
2834 5307 2879 5339 ⁸⁵
2929 5310 3125 5381 φανείη
3156 5352 3170 5377 ,
3205 5314 3302 5382 τῆς
3338 5314 3394 5367 δὲ
3423 5316 3529 5387 πρὸ
3566 5317 3661 5369 τοῦ
3688 5319 3814 5389 χρό-

1868 5448 2101 5505 ΥΔΙὶΙίΕ
2140 5453 2431 5513 LECTION
2442 5459 2544 5515 ES.

895 5557 963 5610 Α.
990 5557 1544 5657 υ
1590 5565 1698 5657 flii
1732 5566 1941 5657 οιιιζιΑἱ
2018 5570 2142 5657 ’ξηεί
2190 5574 2321 5657 γᾴρ]
2351 5576 2681 5657 ρκὲἒίίελῇδ
2706 5580 2801 5657 κοιλἒ
2824 5580 3330 5657 ούτωΑπλανήσεται
3359 5607 3468 5647 om.
3500 5592 3566 5648 A.
3640 5593 3687 5626 ⁸⁸
3718 5595 3810 5649 τοῦ

551 5622 960 5718 ζτρᾴγματοςι-
990 5622 1472 5718 ξειτεσυλλογίσατο
1493 5635 1546 5688 in
1570 5622 1698 5718 .t‘ng.’
1731 5639 1879 5718 po-nit
2050 5622 2415 5718 υθὲοὼῖςὲὸάξ]
2434 5622 2651 5715 ἓϐί.

1569 5705 1614 5779 '_°
1645 5710 2081 5778 κατεψηφίσαντο
2106 5732 2167 5779 ς.

544 5693 818 5775 ὲτᾶχνηοηι.
995 5698 1041 5775 ’.⁸
1066 5701 1166 5775 τὴν
1198 5693 1383 5775 φωνὴν
1410 5704 1475 5760 Α.

546 5777 602 5832 p.
634 5762 762 5819 264.
840 5767 885 5798 ⁸⁸
909 5762 1222 5840 λογίσασθαι
1253 5790 1314 5837 ς.
1337 5762 1350 5775 ’
1393 5776 1436 5807 ⁸⁸
1465 5773 1674 5829 τοιοῦτο
1699 5762 1807 5833 om:
1832 5762 1897 5835 λ’.

2756 5653 2801 5730 ⁵]
2835 5654 2901 5730 νὴ
2932 5654 3031 5730 Δία
3064 5659 3139 5727 (p.
3162 5653 3290 5730 965)
3312 5678 3422 5717 om.
3452 5664 3516 5716 Α.
3612 5663 3660 5696 ⁸⁸
3684 5664 3812 5719 δέκα

2244 5717 2288 5750 σι
2318 5716 2518 5791 λέγεις]
2554 5720 2794 5794 λοιδορηῖ
2838 5716 2905 5776 Αἰ
2983 5728 3028 5757 ⁶¹
3052 5716 3297 5801 μεγάλην
3324 5716 3419 5787 Αοῗ
3467 5734 3514 5766 ⁸⁸
3539 5734 3635 5788 καὶ
