  <div class='ocr_page' id='page_1' title='image "/cluster/home/n/w/nwhite01/storage/ocr_20150623/103/hvd.32044018872861/776.png"; bbox 0 0 4124 6446; ppageno 0'>
   <div class='ocr_carea' id='block_1_1' title="bbox 289 406 418 471">
    <p class='ocr_par' dir='ltr' id='par_1_1' title="bbox 289 406 418 471">
     <span class='ocr_line' id='line_1_1' title="bbox 289 406 418 471; baseline -0.016 0"><span class='ocrx_word' id='word_1_1' title='bbox 289 406 418 471; x_wconf 75' lang='grc'><strong>1541</strong></span> 
     </span>
    </p>
   </div>
   <div class='ocr_carea' id='block_1_2' title="bbox 1315 400 2478 464">
    <p class='ocr_par' dir='ltr' id='par_1_2' title="bbox 1315 400 2478 464">
     <span class='ocr_line' id='line_1_2' title="bbox 1315 400 2478 464; baseline -0.001 0"><span class='ocrx_word' id='word_1_2' title='bbox 1315 403 1910 464; x_wconf 64' lang='grc' dir='ltr'><strong>ΒῐΒΙᾸΟΤΗΕΟΑπ-</strong></span> <span class='ocrx_word' id='word_1_3' title='bbox 1930 400 2092 461; x_wconf 91' lang='lat' dir='ltr'><strong>COD.</strong></span> <span class='ocrx_word' id='word_1_4' title='bbox 2122 400 2478 463; x_wconf 78' lang='lat' dir='ltr'><strong>CCXLVIII.</strong></span> 
     </span>
    </p>
   </div>
   <div class='ocr_carea' id='block_1_3' title="bbox 3402 401 3541 468">
    <p class='ocr_par' dir='ltr' id='par_1_3' title="bbox 3402 401 3541 468">
     <span class='ocr_line' id='line_1_3' title="bbox 3402 401 3541 468; baseline 0.014 -2"><span class='ocrx_word' id='word_1_5' title='bbox 3402 401 3541 468; x_wconf 74' lang='grc'><strong>1542</strong></span> 
     </span>
    </p>
   </div>
   <div class='ocr_carea' id='block_1_4' title="bbox 283 509 1858 584">
    <p class='ocr_par' dir='ltr' id='par_1_4' title="bbox 283 512 1858 584">
     <span class='ocr_line' id='line_1_4' title="bbox 283 512 1858 584; baseline -0.003 -15"><span class='ocrx_word' id='word_1_6' title='bbox 283 536 375 570; x_wconf 87' lang='grc' dir='ltr'><strong>νου</strong></span> <span class='ocrx_word' id='word_1_7' title='bbox 432 515 675 584; x_wconf 77' lang='grc' dir='ltr'>κλήσεως</span> <span class='ocrx_word' id='word_1_8' title='bbox 727 513 824 568; x_wconf 79' lang='grc' dir='ltr'>καὶ</span> <span class='ocrx_word' id='word_1_9' title='bbox 867 512 1266 583; x_wconf 79' lang='grc' dir='ltr'>παρακλήσεως</span> <span class='ocrx_word' id='word_1_10' title='bbox 1307 513 1466 566; x_wconf 81' lang='grc' dir='ltr'>οὐδέν</span> <span class='ocrx_word' id='word_1_11' title='bbox 1517 513 1632 565; x_wconf 72' lang='grc' dir='ltr'>ἐσθ’</span> <span class='ocrx_word' id='word_1_12' title='bbox 1673 513 1858 582; x_wconf 73' lang='grc' dir='ltr'>ἕτερον</span> 
     </span>
    </p>
   </div>
   <div class='ocr_carea' id='block_1_5' title="bbox 1959 509 3536 584">
    <p class='ocr_par' dir='ltr' id='par_1_5' title="bbox 1963 509 3536 575">
     <span class='ocr_line' id='line_1_5' title="bbox 1963 509 3536 575; baseline 0.003 -12"><span class='ocrx_word' id='word_1_13' title='bbox 1963 516 2091 563; x_wconf 88' lang='lat' dir='ltr'><strong>sunt</strong></span> <span class='ocrx_word' id='word_1_14' title='bbox 2115 509 2354 574; x_wconf 82' lang='lat' dir='ltr'><strong>reveriti,</strong></span> <span class='ocrx_word' id='word_1_15' title='bbox 2386 519 2462 575; x_wconf 88' lang='lat' dir='ltr'><strong>et,</strong></span> <span class='ocrx_word' id='word_1_16' title='bbox 2487 516 2547 563; x_wconf 88' lang='lat' dir='ltr'><strong>ut</strong></span> <span class='ocrx_word' id='word_1_17' title='bbox 2571 509 2808 575; x_wconf 76' lang='lat' dir='ltr'><strong>adesset,</strong></span> <span class='ocrx_word' id='word_1_18' title='bbox 2838 524 2868 564; x_wconf 90' lang='lat' dir='ltr'><strong>e</strong></span> <span class='ocrx_word' id='word_1_19' title='bbox 2897 523 2956 565; x_wconf 89' lang='lat' dir='ltr'><strong>re</strong></span> <span class='ocrx_word' id='word_1_20' title='bbox 2985 523 3082 566; x_wconf 86' lang='lat' dir='ltr'><strong>sua</strong></span> <span class='ocrx_word' id='word_1_21' title='bbox 3111 509 3228 566; x_wconf 80' lang='lat' dir='ltr'><strong>fore</strong></span> <span class='ocrx_word' id='word_1_22' title='bbox 3252 510 3536 567; x_wconf 81' lang='lat' dir='ltr'><strong>existima-</strong></span> 
     </span>
    </p>
   </div>
   <div class='ocr_carea' id='block_1_6' title="bbox 283 604 1859 678">
    <p class='ocr_par' dir='ltr' id='par_1_6' title="bbox 283 604 1859 678">
     <span class='ocr_line' id='line_1_6' title="bbox 283 604 1859 678; baseline -0.002 -17"><span class='ocrx_word' id='word_1_23' title='bbox 283 607 422 678; x_wconf 82' lang='grc' dir='ltr'>πλὴν</span> <span class='ocrx_word' id='word_1_24' title='bbox 454 608 554 677; x_wconf 81' lang='grc' dir='ltr'>τῆς</span> <span class='ocrx_word' id='word_1_25' title='bbox 578 606 782 674; x_wconf 80' lang='grc' dir='ltr'>ἀρετῆς</span> <span class='ocrx_word' id='word_1_26' title='bbox 811 604 1112 668; x_wconf 73' lang='grc' dir='ltr'>αἰτιᾶσθαι,</span> <span class='ocrx_word' id='word_1_27' title='bbox 1138 605 1206 658; x_wconf 79' lang='grc' dir='ltr'>δι’</span> <span class='ocrx_word' id='word_1_28' title='bbox 1228 606 1293 676; x_wconf 85' lang='grc' dir='ltr'>ἥν</span> <span class='ocrx_word' id='word_1_29' title='bbox 1319 606 1415 658; x_wconf 73' lang='grc' dir='ltr'><strong>καὶ</strong></span> <span class='ocrx_word' id='word_1_30' title='bbox 1447 605 1655 658; x_wconf 78' lang='grc' dir='ltr'><strong>ἀπόντα</strong></span> <span class='ocrx_word' id='word_1_31' title='bbox 1685 604 1859 674; x_wconf 73' lang='grc' dir='ltr'>ᾐσχὺ-</span> 
     </span>
    </p>
   </div>
   <div class='ocr_carea' id='block_1_7' title="bbox 281 695 1854 766">
    <p class='ocr_par' dir='ltr' id='par_1_7' title="bbox 281 695 1854 766">
     <span class='ocr_line' id='line_1_7' title="bbox 281 695 1854 766; baseline -0.001 -15"><span class='ocrx_word' id='word_1_32' title='bbox 281 716 435 751; x_wconf 86' lang='grc' dir='ltr'>νοντο</span> <span class='ocrx_word' id='word_1_33' title='bbox 475 698 570 750; x_wconf 74' lang='grc' dir='ltr'>καὶ</span> <span class='ocrx_word' id='word_1_34' title='bbox 602 698 917 766; x_wconf 80' lang='grc' dir='ltr'>παρεῖναι⁸⁸</span> <span class='ocrx_word' id='word_1_35' title='bbox 963 696 1266 750; x_wconf 86' lang='grc' dir='ltr'><strong>λυσιτελεῖν</strong></span> <span class='ocrx_word' id='word_1_36' title='bbox 1306 697 1490 759; x_wconf 83' lang='grc' dir='ltr'>αὐτοῖς</span> <span class='ocrx_word' id='word_1_37' title='bbox 1526 695 1854 765; x_wconf 82' lang='grc' dir='ltr'>ὑπελάμϐα-</span> 
     </span>
    </p>
   </div>
   <div class='ocr_carea' id='block_1_8' title="bbox 282 786 1860 858">
    <p class='ocr_par' dir='ltr' id='par_1_8' title="bbox 282 786 1860 858">
     <span class='ocr_line' id='line_1_8' title="bbox 282 786 1860 858; baseline -0.002 -16"><span class='ocrx_word' id='word_1_38' title='bbox 282 807 394 853; x_wconf 79' lang='grc' dir='ltr'>νον,</span> <span class='ocrx_word' id='word_1_39' title='bbox 440 789 535 842; x_wconf 76' lang='grc' dir='ltr'><strong>καὶ</strong></span> <span class='ocrx_word' id='word_1_40' title='bbox 575 788 635 840; x_wconf 77' lang='grc' dir='ltr'>τὸ</span> <span class='ocrx_word' id='word_1_41' title='bbox 673 788 948 858; x_wconf 81' lang='grc' dir='ltr'>μέγιστον,</span> <span class='ocrx_word' id='word_1_42' title='bbox 1005 789 1154 856; x_wconf 85' lang='grc' dir='ltr'>σφῶν</span> <span class='ocrx_word' id='word_1_43' title='bbox 1193 788 1374 841; x_wconf 85' lang='grc' dir='ltr'>αὐτῶν</span> <span class='ocrx_word' id='word_1_44' title='bbox 1422 786 1860 854; x_wconf 74' lang='grc' dir='ltr'><strong>καταγινώσκειν</strong></span> 
     </span>
    </p>
   </div>
   <div class='ocr_carea' id='block_1_9' title="bbox 287 875 1861 947">
    <p class='ocr_par' dir='ltr' id='par_1_9' title="bbox 287 875 1861 947">
     <span class='ocr_line' id='line_1_9' title="bbox 287 875 1861 947; baseline -0.001 -17"><span class='ocrx_word' id='word_1_45' title='bbox 287 876 489 947; x_wconf 80' lang='grc' dir='ltr'>μᾶλλον</span> <span class='ocrx_word' id='word_1_46' title='bbox 513 875 697 946; x_wconf 81' lang='grc' dir='ltr'>ήξίουν</span> <span class='ocrx_word' id='word_1_47' title='bbox 721 878 752 947; x_wconf 89' lang='grc' dir='ltr'>ἢ</span> <span class='ocrx_word' id='word_1_48' title='bbox 785 877 1018 932; x_wconf 73' lang='grc' dir='ltr'>ἐκείνου.</span> <span class='ocrx_word' id='word_1_49' title='bbox 1046 878 1208 931; x_wconf 83' lang='grc' dir='ltr'><strong>Ὥστε</strong></span> <span class='ocrx_word' id='word_1_50' title='bbox 1232 879 1281 931; x_wconf 87' lang='grc' dir='ltr'><strong>εί</strong></span> <span class='ocrx_word' id='word_1_51' title='bbox 1314 878 1414 947; x_wconf 81' lang='grc' dir='ltr'><strong>μὲν</strong></span> <span class='ocrx_word' id='word_1_52' title='bbox 1438 877 1600 930; x_wconf 78' lang='grc' dir='ltr'>αὐτὸν</span> <span class='ocrx_word' id='word_1_53' title='bbox 1624 877 1708 946; x_wconf 75' lang='grc' dir='ltr'><strong>ἐφ’</strong></span> <span class='ocrx_word' id='word_1_54' title='bbox 1731 878 1861 931; x_wconf 83' lang='grc' dir='ltr'>ἑαυ-</span> 
     </span>
    </p>
   </div>
   <div class='ocr_carea' id='block_1_10' title="bbox 284 959 1857 1037">
    <p class='ocr_par' dir='ltr' id='par_1_10' title="bbox 284 959 1857 1037">
     <span class='ocr_line' id='line_1_10' title="bbox 284 959 1857 1037; baseline -0.002 -15"><span class='ocrx_word' id='word_1_55' title='bbox 284 969 377 1023; x_wconf 76' lang='grc' dir='ltr'><strong>τοῦ</strong></span> <span class='ocrx_word' id='word_1_56' title='bbox 419 969 501 1022; x_wconf 86' lang='grc' dir='ltr'><strong>δεῖ</strong></span> <span class='ocrx_word' id='word_1_57' title='bbox 530 971 776 1034; x_wconf 83' lang='grc' dir='ltr'>σκοπεῖν,</span> <span class='ocrx_word' id='word_1_58' title='bbox 802 969 854 1022; x_wconf 87' lang='grc' dir='ltr'><strong>τί</strong></span> <span class='ocrx_word' id='word_1_59' title='bbox 892 971 974 1023; x_wconf 86' lang='grc' dir='ltr'>δεῖ</span> <span class='ocrx_word' id='word_1_60' title='bbox 1000 959 1196 1037; x_wconf 70' lang='grc' dir='ltr'>λέγειν,</span> <span class='ocrx_word' id='word_1_61' title='bbox 1231 968 1391 1032; x_wconf 83' lang='grc' dir='ltr'>εἴτις</span> <span class='ocrx_word' id='word_1_62' title='bbox 1418 971 1498 1032; x_wconf 85' lang='grc' dir='ltr'><strong>είς</strong></span> <span class='ocrx_word' id='word_1_63' title='bbox 1523 969 1732 1021; x_wconf 77' lang='grc' dir='ltr'>ἐκεῖνον</span> <span class='ocrx_word' id='word_1_64' title='bbox 1764 968 1857 1033; x_wconf 73' lang='grc' dir='ltr'><strong>ἐξ·</strong></span> 
     </span>
    </p>
   </div>
   <div class='ocr_carea' id='block_1_11' title="bbox 283 1059 1858 1133">
    <p class='ocr_par' dir='ltr' id='par_1_11' title="bbox 283 1059 1858 1133">
     <span class='ocr_line' id='line_1_11' title="bbox 283 1059 1858 1133; baseline -0.001 -19"><span class='ocrx_word' id='word_1_65' title='bbox 283 1063 564 1133; x_wconf 83' lang='grc' dir='ltr'>ήμαρτεν;</span> <span class='ocrx_word' id='word_1_66' title='bbox 602 1064 650 1115; x_wconf 82' lang='grc' dir='ltr'><strong>εί</strong></span> <span class='ocrx_word' id='word_1_67' title='bbox 689 1063 746 1116; x_wconf 83' lang='grc' dir='ltr'>δὲ</span> <span class='ocrx_word' id='word_1_68' title='bbox 778 1062 882 1114; x_wconf 74' lang='grc' dir='ltr'><strong>ἀπὸ</strong></span> <span class='ocrx_word' id='word_1_69' title='bbox 911 1062 1021 1114; x_wconf 86' lang='grc' dir='ltr'><strong>τῶν</strong></span> <span class='ocrx_word' id='word_1_70' title='bbox 1051 1061 1227 1114; x_wconf 85' lang='grc' dir='ltr'>ἄλλων</span> <span class='ocrx_word' id='word_1_71' title='bbox 1264 1059 1427 1114; x_wconf 81' lang='grc' dir='ltr'>αὐτὸν</span> <span class='ocrx_word' id='word_1_72' title='bbox 1456 1060 1538 1113; x_wconf 82' lang='grc' dir='ltr'>δεῖ</span> <span class='ocrx_word' id='word_1_73' title='bbox 1563 1060 1858 1130; x_wconf 79' lang='grc' dir='ltr'>θεωρῆσαι,</span> 
     </span>
    </p>
   </div>
   <div class='ocr_carea' id='block_1_12' title="bbox 287 1145 1860 1222">
    <p class='ocr_par' dir='ltr' id='par_1_12' title="bbox 287 1145 1860 1222">
     <span class='ocr_line' id='line_1_12' title="bbox 287 1145 1860 1222; baseline -0.001 -17"><span class='ocrx_word' id='word_1_74' title='bbox 287 1151 653 1222; x_wconf 80' lang='grc' dir='ltr'><strong>διαφερόντως</strong></span> <span class='ocrx_word' id='word_1_75' title='bbox 684 1145 836 1215; x_wconf 79' lang='grc' dir='ltr'>οὗτος</span> <span class='ocrx_word' id='word_1_76' title='bbox 853 1151 899 1183; x_wconf 78' lang='grc'><strong>⁸⁷</strong></span> <span class='ocrx_word' id='word_1_77' title='bbox 930 1151 1183 1222; x_wconf 76' lang='grc' dir='ltr'>τιμηθεὶς</span> <span class='ocrx_word' id='word_1_78' title='bbox 1213 1151 1482 1221; x_wconf 86' lang='grc' dir='ltr'>φαίνεται.</span> <span class='ocrx_word' id='word_1_79' title='bbox 1523 1148 1683 1203; x_wconf 77' lang='grc' dir='ltr'>Ἀλλὰ</span> <span class='ocrx_word' id='word_1_80' title='bbox 1707 1149 1754 1182; x_wconf 77' lang='grc'><strong>⁸⁸</strong></span> <span class='ocrx_word' id='word_1_81' title='bbox 1785 1150 1860 1220; x_wconf 86' lang='grc' dir='ltr'><strong>μή</strong></span> 
     </span>
    </p>
   </div>
   <div class='ocr_carea' id='block_1_13' title="bbox 285 1243 1636 1315">
    <p class='ocr_par' dir='ltr' id='par_1_13' title="bbox 285 1243 1636 1315">
     <span class='ocr_line' id='line_1_13' title="bbox 285 1243 1636 1315; baseline 0 -18"><span class='ocrx_word' id='word_1_82' title='bbox 285 1261 375 1299; x_wconf 72' lang='grc' dir='ltr'>’τω</span> <span class='ocrx_word' id='word_1_83' title='bbox 396 1245 571 1298; x_wconf 82' lang='grc' dir='ltr'>ταῦτα</span> <span class='ocrx_word' id='word_1_84' title='bbox 591 1261 606 1275; x_wconf 75' lang='grc'><strong>⁸</strong></span> <span class='ocrx_word' id='word_1_85' title='bbox 632 1245 832 1298; x_wconf 79' lang='grc' dir='ltr'>αὐτίκα</span> <span class='ocrx_word' id='word_1_86' title='bbox 857 1243 965 1315; x_wconf 85' lang='grc' dir='ltr'>γὰρ</span> <span class='ocrx_word' id='word_1_87' title='bbox 995 1243 1198 1314; x_wconf 82' lang='grc' dir='ltr'>μᾶλλον</span> <span class='ocrx_word' id='word_1_88' title='bbox 1226 1244 1357 1307; x_wconf 73' lang='grc' dir='ltr'>ἴσως</span> <span class='ocrx_word' id='word_1_89' title='bbox 1383 1243 1636 1314; x_wconf 83' lang='grc' dir='ltr'>ἁρμόσει.</span> 
     </span>
    </p>
   </div>
   <div class='ocr_carea' id='block_1_14' title="bbox 357 1357 1320 1430">
    <p class='ocr_par' dir='ltr' id='par_1_14' title="bbox 357 1357 1320 1430">
     <span class='ocr_line' id='line_1_14' title="bbox 357 1357 1320 1430; baseline -0.001 -19"><span class='ocrx_word' id='word_1_90' title='bbox 357 1358 594 1429; x_wconf 85' lang='grc' dir='ltr'>[Ἥγουν</span> <span class='ocrx_word' id='word_1_91' title='bbox 625 1359 684 1412; x_wconf 83' lang='grc' dir='ltr'><strong>ὲν</strong></span> <span class='ocrx_word' id='word_1_92' title='bbox 715 1361 778 1427; x_wconf 81' lang='grc' dir='ltr'>τῇ</span> <span class='ocrx_word' id='word_1_93' title='bbox 813 1359 966 1428; x_wconf 82' lang='grc' dir='ltr'>κοινῇ</span> <span class='ocrx_word' id='word_1_94' title='bbox 1004 1357 1320 1430; x_wconf 77' lang='grc' dir='ltr'>ἁπολογίᾳ.]</span> 
     </span>
    </p>
   </div>
   <div class='ocr_carea' id='block_1_15' title="bbox 333 1448 1810 1524">
    <p class='ocr_par' dir='ltr' id='par_1_15' title="bbox 333 1448 1810 1524">
     <span class='ocr_line' id='line_1_15' title="bbox 333 1448 1810 1524; baseline -0.001 -20"><span class='ocrx_word' id='word_1_95' title='bbox 333 1450 464 1524; x_wconf 76' lang='lat'><strong>[693</strong></span> <span class='ocrx_word' id='word_1_96' title='bbox 503 1449 594 1521; x_wconf 84' lang='lat' dir='ltr'><strong>H.]</strong></span> <span class='ocrx_word' id='word_1_97' title='bbox 626 1448 796 1518; x_wconf 80' lang='grc' dir='ltr'>Ὑπὲρ</span> <span class='ocrx_word' id='word_1_98' title='bbox 833 1448 1158 1504; x_wconf 80' lang='grc' dir='ltr'><strong>Μιλτιάδου</strong></span> <span class='ocrx_word' id='word_1_99' title='bbox 1181 1449 1249 1502; x_wconf 74' lang='grc'><strong>⁸³.</strong></span> <span class='ocrx_word' id='word_1_100' title='bbox 1275 1480 1342 1491; x_wconf 86' lang='lat'><strong>—~</strong></span> <span class='ocrx_word' id='word_1_101' title='bbox 1369 1449 1438 1504; x_wconf 79' lang='grc' dir='ltr'><em>Τὸ</em></span> <span class='ocrx_word' id='word_1_102' title='bbox 1476 1449 1810 1517; x_wconf 82' lang='grc' dir='ltr'><strong>Προοίμιον.</strong></span> 
     </span>
    </p>
   </div>
   <div class='ocr_carea' id='block_1_16' title="bbox 356 1540 1863 1612">
    <p class='ocr_par' dir='ltr' id='par_1_16' title="bbox 356 1540 1863 1612">
     <span class='ocr_line' id='line_1_16' title="bbox 356 1540 1863 1612; baseline -0.001 -17"><span class='ocrx_word' id='word_1_103' title='bbox 356 1541 678 1612; x_wconf 85' lang='grc' dir='ltr'>Περιήκει⁷⁰</span> <span class='ocrx_word' id='word_1_104' title='bbox 705 1541 749 1594; x_wconf 85' lang='grc' dir='ltr'>δ’</span> <span class='ocrx_word' id='word_1_105' title='bbox 783 1543 914 1611; x_wconf 78' lang='grc' dir='ltr'>ἡμῖν</span> <span class='ocrx_word' id='word_1_106' title='bbox 959 1543 988 1595; x_wconf 99' lang='lat'><strong>6</strong></span> <span class='ocrx_word' id='word_1_107' title='bbox 1028 1540 1186 1609; x_wconf 86' lang='grc' dir='ltr'><strong>λόγος</strong></span> <span class='ocrx_word' id='word_1_108' title='bbox 1225 1542 1304 1604; x_wconf 89' lang='grc' dir='ltr'><strong>είς</strong></span> <span class='ocrx_word' id='word_1_109' title='bbox 1333 1540 1496 1594; x_wconf 80' lang='grc' dir='ltr'>αὑτὸν</span> <span class='ocrx_word' id='word_1_110' title='bbox 1519 1541 1610 1594; x_wconf 77' lang='grc' dir='ltr'>τὸν</span> <span class='ocrx_word' id='word_1_111' title='bbox 1634 1540 1863 1594; x_wconf 83' lang='grc' dir='ltr'>Μιλτιά-</span> 
     </span>
    </p>
   </div>
   <div class='ocr_carea' id='block_1_17' title="bbox 281 1631 1859 1704">
    <p class='ocr_par' dir='ltr' id='par_1_17' title="bbox 281 1631 1859 1704">
     <span class='ocr_line' id='line_1_17' title="bbox 281 1631 1859 1704; baseline -0.001 -17"><span class='ocrx_word' id='word_1_112' title='bbox 281 1633 403 1703; x_wconf 88' lang='grc' dir='ltr'>δην,</span> <span class='ocrx_word' id='word_1_113' title='bbox 430 1633 489 1686; x_wconf 84' lang='grc' dir='ltr'>ὃν</span> <span class='ocrx_word' id='word_1_114' title='bbox 521 1631 633 1702; x_wconf 80' lang='grc' dir='ltr'>ἐγὼ</span> <span class='ocrx_word' id='word_1_115' title='bbox 683 1633 886 1702; x_wconf 84' lang='grc' dir='ltr'>μᾶλλον</span> <span class='ocrx_word' id='word_1_116' title='bbox 916 1633 1274 1704; x_wconf 73' lang='grc' dir='ltr'><strong>αἰσχυνοίμην</strong></span> <span class='ocrx_word' id='word_1_117' title='bbox 1316 1633 1556 1686; x_wconf 78' lang='grc' dir='ltr'>ἐπαινῶν</span> <span class='ocrx_word' id='word_1_118' title='bbox 1589 1632 1621 1704; x_wconf 88' lang='grc' dir='ltr'>ἢ</span> <span class='ocrx_word' id='word_1_119' title='bbox 1655 1633 1859 1702; x_wconf 74' lang='grc' dir='ltr'>ψέγωνο</span> 
     </span>
    </p>
   </div>
   <div class='ocr_carea' id='block_1_18' title="bbox 279 1723 1858 1794">
    <p class='ocr_par' dir='ltr' id='par_1_18' title="bbox 279 1723 1858 1794">
     <span class='ocr_line' id='line_1_18' title="bbox 279 1723 1858 1794; baseline 0 -15"><span class='ocrx_word' id='word_1_120' title='bbox 279 1727 427 1780; x_wconf 74' lang='grc' dir='ltr'>οὕτω</span> <span class='ocrx_word' id='word_1_121' title='bbox 459 1743 550 1794; x_wconf 85' lang='grc' dir='ltr'><strong>μοι</strong></span> <span class='ocrx_word' id='word_1_122' title='bbox 572 1724 714 1779; x_wconf 88' lang='grc' dir='ltr'>δοκῶ</span> <span class='ocrx_word' id='word_1_123' title='bbox 739 1725 918 1778; x_wconf 81' lang='grc' dir='ltr'>πάντα</span> <span class='ocrx_word' id='word_1_124' title='bbox 945 1725 1012 1779; x_wconf 84' lang='grc' dir='ltr'><strong>ἂν</strong></span> <span class='ocrx_word' id='word_1_125' title='bbox 1038 1725 1261 1778; x_wconf 74' lang='grc' dir='ltr'>ἔλαττον</span> <span class='ocrx_word' id='word_1_126' title='bbox 1290 1727 1466 1777; x_wconf 80' lang='grc' dir='ltr'>εἰπεῖν</span> <span class='ocrx_word' id='word_1_127' title='bbox 1502 1724 1535 1794; x_wconf 88' lang='grc' dir='ltr'>ἢ</span> <span class='ocrx_word' id='word_1_128' title='bbox 1572 1723 1858 1794; x_wconf 84' lang='grc' dir='ltr'>βούλομαι.</span> 
     </span>
    </p>
   </div>
   <div class='ocr_carea' id='block_1_19' title="bbox 1965 601 3542 672">
    <p class='ocr_par' dir='ltr' id='par_1_19' title="bbox 1965 601 3542 672">
     <span class='ocr_line' id='line_1_19' title="bbox 1965 601 3542 672; baseline 0.003 -18"><span class='ocrx_word' id='word_1_129' title='bbox 1965 609 2111 667; x_wconf 89' lang='lat' dir='ltr'><strong>runt,</strong></span> <span class='ocrx_word' id='word_1_130' title='bbox 2142 602 2394 670; x_wconf 86' lang='lat' dir='ltr'><strong>quodque</strong></span> <span class='ocrx_word' id='word_1_131' title='bbox 2419 610 2501 655; x_wconf 86' lang='lat' dir='ltr'><strong>est</strong></span> <span class='ocrx_word' id='word_1_132' title='bbox 2519 601 2759 655; x_wconf 91' lang='lat' dir='ltr'><strong>omnium</strong></span> <span class='ocrx_word' id='word_1_133' title='bbox 2783 603 3101 666; x_wconf 79' lang='lat' dir='ltr'><strong>maximum,</strong></span> <span class='ocrx_word' id='word_1_134' title='bbox 3124 602 3334 672; x_wconf 86' lang='lat' dir='ltr'><strong>seipsos</strong></span> <span class='ocrx_word' id='word_1_135' title='bbox 3360 604 3542 671; x_wconf 84' lang='lat' dir='ltr'><strong>potius</strong></span> 
     </span>
    </p>
   </div>
   <div class='ocr_carea' id='block_1_20' title="bbox 1962 690 3540 762">
    <p class='ocr_par' dir='ltr' id='par_1_20' title="bbox 1962 690 3540 762">
     <span class='ocr_line' id='line_1_20' title="bbox 1962 690 3540 762; baseline 0.004 -20"><span class='ocrx_word' id='word_1_136' title='bbox 1962 705 2126 758; x_wconf 88' lang='lat' dir='ltr'><strong>quam</strong></span> <span class='ocrx_word' id='word_1_137' title='bbox 2159 690 2304 745; x_wconf 90' lang='lat' dir='ltr'><strong>illum</strong></span> <span class='ocrx_word' id='word_1_138' title='bbox 2337 691 2703 746; x_wconf 89' lang='lat' dir='ltr'><strong>condemnare</strong></span> <span class='ocrx_word' id='word_1_139' title='bbox 2739 692 3064 746; x_wconf 90' lang='lat' dir='ltr'><strong>maluerunt.</strong></span> <span class='ocrx_word' id='word_1_140' title='bbox 3095 691 3272 758; x_wconf 80' lang='lat' dir='ltr'><strong>Quare</strong></span> <span class='ocrx_word' id='word_1_141' title='bbox 3299 693 3414 748; x_wconf 83' lang='lat' dir='ltr'><strong>sive</strong></span> <span class='ocrx_word' id='word_1_142' title='bbox 3439 708 3540 762; x_wconf 89' lang='lat' dir='ltr'><strong>per</strong></span> 
     </span>
    </p>
   </div>
   <div class='ocr_carea' id='block_1_21' title="bbox 1962 777 3539 847">
    <p class='ocr_par' dir='ltr' id='par_1_21' title="bbox 1962 777 3539 847">
     <span class='ocr_line' id='line_1_21' title="bbox 1962 777 3539 847; baseline -0.003 -13"><span class='ocrx_word' id='word_1_143' title='bbox 1962 794 2021 834; x_wconf 87' lang='lat' dir='ltr'><strong>se</strong></span> <span class='ocrx_word' id='word_1_144' title='bbox 2048 781 2130 832; x_wconf 91' lang='lat' dir='ltr'><strong>vir</strong></span> <span class='ocrx_word' id='word_1_145' title='bbox 2164 789 2246 833; x_wconf 90' lang='lat' dir='ltr'><strong>est</strong></span> <span class='ocrx_word' id='word_1_146' title='bbox 2288 778 2738 840; x_wconf 87' lang='lat' dir='ltr'><strong>considerandus,</strong></span> <span class='ocrx_word' id='word_1_147' title='bbox 2783 793 2902 842; x_wconf 92' lang='lat' dir='ltr'><strong>cur,</strong></span> <span class='ocrx_word' id='word_1_148' title='bbox 2941 778 2986 833; x_wconf 91' lang='lat' dir='ltr'><strong>si</strong></span> <span class='ocrx_word' id='word_1_149' title='bbox 3019 777 3144 846; x_wconf 89' lang='lat' dir='ltr'><strong>quid</strong></span> <span class='ocrx_word' id='word_1_150' title='bbox 3172 778 3224 833; x_wconf 92' lang='lat' dir='ltr'><strong>in</strong></span> <span class='ocrx_word' id='word_1_151' title='bbox 3254 790 3381 832; x_wconf 88' lang='lat' dir='ltr'><strong>eum</strong></span> <span class='ocrx_word' id='word_1_152' title='bbox 3413 778 3539 847; x_wconf 87' lang='lat' dir='ltr'><strong>quis</strong></span> 
     </span>
    </p>
   </div>
   <div class='ocr_carea' id='block_1_22' title="bbox 1962 867 3584 939">
    <p class='ocr_par' dir='ltr' id='par_1_22' title="bbox 1962 867 3584 939">
     <span class='ocr_line' id='line_1_22' title="bbox 1962 867 3584 939; baseline -0.002 -15"><span class='ocrx_word' id='word_1_153' title='bbox 1962 871 2228 939; x_wconf 82' lang='lat' dir='ltr'><strong>peccavit,</strong></span> <span class='ocrx_word' id='word_1_154' title='bbox 2281 868 2667 924; x_wconf 84' lang='lat' dir='ltr'><strong>recenscmus?</strong></span> <span class='ocrx_word' id='word_1_155' title='bbox 2705 869 2817 923; x_wconf 87' lang='lat' dir='ltr'><strong>sive</strong></span> <span class='ocrx_word' id='word_1_156' title='bbox 2861 883 2926 921; x_wconf 73' lang='lat' dir='ltr'><strong>cx</strong></span> <span class='ocrx_word' id='word_1_157' title='bbox 2979 868 3120 932; x_wconf 81' lang='lat' dir='ltr'><strong>aliis,</strong></span> <span class='ocrx_word' id='word_1_158' title='bbox 3170 867 3436 920; x_wconf 78' lang='lat' dir='ltr'><strong>maximos</strong></span> <span class='ocrx_word' id='word_1_159' title='bbox 3483 868 3536 921; x_wconf 91' lang='lat' dir='ltr'><strong>in</strong></span> <span class='ocrx_word' id='word_1_160' title='bbox 3581 902 3584 904; x_wconf 94' lang='lat'><strong>-</strong></span> 
     </span>
    </p>
   </div>
   <div class='ocr_carea' id='block_1_23' title="bbox 1963 959 3537 1026">
    <p class='ocr_par' dir='ltr' id='par_1_23' title="bbox 1963 959 3537 1026">
     <span class='ocr_line' id='line_1_23' title="bbox 1963 959 3537 1026; baseline -0.001 -11"><span class='ocrx_word' id='word_1_161' title='bbox 1963 977 2085 1015; x_wconf 86' lang='lat' dir='ltr'><strong>eum</strong></span> <span class='ocrx_word' id='word_1_162' title='bbox 2115 962 2350 1016; x_wconf 84' lang='lat' dir='ltr'><strong>honores</strong></span> <span class='ocrx_word' id='word_1_163' title='bbox 2385 962 2613 1016; x_wconf 91' lang='lat' dir='ltr'><strong>collatos</strong></span> <span class='ocrx_word' id='word_1_164' title='bbox 2657 961 2922 1015; x_wconf 79' lang='lat' dir='ltr'><strong>videmus.</strong></span> <span class='ocrx_word' id='word_1_165' title='bbox 2975 960 3082 1014; x_wconf 97' lang='lat' dir='ltr'><strong>Sed</strong></span> <span class='ocrx_word' id='word_1_166' title='bbox 3120 961 3358 1015; x_wconf 92' lang='lat' dir='ltr'><strong>nondum</strong></span> <span class='ocrx_word' id='word_1_167' title='bbox 3387 959 3537 1026; x_wconf 60' lang='lat' dir='ltr'><strong>hac;</strong></span> 
     </span>
    </p>
   </div>
   <div class='ocr_carea' id='block_1_24' title="bbox 1965 1051 3112 1123">
    <p class='ocr_par' dir='ltr' id='par_1_24' title="bbox 1965 1051 3112 1123">
     <span class='ocr_line' id='line_1_24' title="bbox 1965 1051 3112 1123; baseline 0.001 -18"><span class='ocrx_word' id='word_1_168' title='bbox 1965 1069 2086 1106; x_wconf 70' lang='lat' dir='ltr'><strong>mox</strong></span> <span class='ocrx_word' id='word_1_169' title='bbox 2117 1053 2262 1108; x_wconf 84' lang='lat' dir='ltr'><strong>enim</strong></span> <span class='ocrx_word' id='word_1_170' title='bbox 2293 1054 2466 1123; x_wconf 80' lang='lat' dir='ltr'><strong>magis</strong></span> <span class='ocrx_word' id='word_1_171' title='bbox 2488 1062 2645 1108; x_wconf 91' lang='lat' dir='ltr'><strong>erunt</strong></span> <span class='ocrx_word' id='word_1_172' title='bbox 2682 1051 2825 1107; x_wconf 87' lang='lat' dir='ltr'><strong>forte</strong></span> <span class='ocrx_word' id='word_1_173' title='bbox 2851 1065 3112 1120; x_wconf 70' lang='lat' dir='ltr'><strong>congrua.</strong></span> 
     </span>
    </p>
   </div>
   <div class='ocr_carea' id='block_1_25' title="bbox 2035 1357 3063 1434">
    <p class='ocr_par' dir='ltr' id='par_1_25' title="bbox 2035 1357 3063 1434">
     <span class='ocr_line' id='line_1_25' title="bbox 2035 1357 3063 1434; baseline 0.002 -20"><span class='ocrx_word' id='word_1_174' title='bbox 2035 1357 2281 1431; x_wconf 76' lang='lat' dir='ltr'><strong>[Scilicet</strong></span> <span class='ocrx_word' id='word_1_175' title='bbox 2319 1359 2370 1412; x_wconf 92' lang='lat' dir='ltr'><strong>in</strong></span> <span class='ocrx_word' id='word_1_176' title='bbox 2397 1361 2668 1415; x_wconf 82' lang='lat' dir='ltr'><strong>communi</strong></span> <span class='ocrx_word' id='word_1_177' title='bbox 2699 1360 3063 1434; x_wconf 57' lang='lat' dir='ltr'><strong>defensione.</strong></span> 
     </span>
    </p>
   </div>
   <div class='ocr_carea' id='block_1_26' title="bbox 2319 1450 3184 1508">
    <p class='ocr_par' dir='ltr' id='par_1_26' title="bbox 2319 1450 3184 1508">
     <span class='ocr_line' id='line_1_26' title="bbox 2319 1450 3184 1508; baseline 0.005 -4"><span class='ocrx_word' id='word_1_178' title='bbox 2319 1450 2396 1505; x_wconf 82' lang='lat' dir='ltr'><strong>De</strong></span> <span class='ocrx_word' id='word_1_179' title='bbox 2429 1451 2692 1504; x_wconf 73' lang='lat' dir='ltr'><strong>Miltiade.</strong></span> <span class='ocrx_word' id='word_1_180' title='bbox 2733 1483 2804 1492; x_wconf 91' lang='lat'>—</span> <span class='ocrx_word' id='word_1_181' title='bbox 2838 1451 3184 1508; x_wconf 74' lang='lat' dir='ltr'><strong>Prooemium.</strong></span> 
     </span>
    </p>
   </div>
   <div class='ocr_carea' id='block_1_27' title="bbox 2033 1539 3538 1617">
    <p class='ocr_par' dir='ltr' id='par_1_27' title="bbox 2033 1539 3538 1617">
     <span class='ocr_line' id='line_1_27' title="bbox 2033 1539 3538 1617; baseline 0.005 -23"><span class='ocrx_word' id='word_1_182' title='bbox 2033 1539 2184 1596; x_wconf 86' lang='lat' dir='ltr'><strong>Nunc</strong></span> <span class='ocrx_word' id='word_1_183' title='bbox 2209 1549 2386 1596; x_wconf 84' lang='lat' dir='ltr'><strong>autem</strong></span> <span class='ocrx_word' id='word_1_184' title='bbox 2416 1543 2480 1594; x_wconf 89' lang='lat' dir='ltr'><strong>ad</strong></span> <span class='ocrx_word' id='word_1_185' title='bbox 2512 1542 2803 1596; x_wconf 83' lang='lat' dir='ltr'><strong>Miltiadem</strong></span> <span class='ocrx_word' id='word_1_186' title='bbox 2830 1545 2981 1597; x_wconf 84' lang='lat' dir='ltr'><strong>nobis</strong></span> <span class='ocrx_word' id='word_1_187' title='bbox 3005 1545 3144 1597; x_wconf 90' lang='lat' dir='ltr'><strong>redit</strong></span> <span class='ocrx_word' id='word_1_188' title='bbox 3165 1546 3356 1604; x_wconf 86' lang='lat' dir='ltr'><strong>oratio.</strong></span> <span class='ocrx_word' id='word_1_189' title='bbox 3378 1562 3538 1617; x_wconf 73' lang='lat' dir='ltr'><strong>quem</strong></span> 
     </span>
    </p>
   </div>
   <div class='ocr_carea' id='block_1_28' title="bbox 1963 1631 3536 1701">
    <p class='ocr_par' dir='ltr' id='par_1_28' title="bbox 1963 1631 3536 1701">
     <span class='ocr_line' id='line_1_28' title="bbox 1963 1631 3536 1701; baseline 0.004 -22"><span class='ocrx_word' id='word_1_190' title='bbox 1963 1646 2063 1700; x_wconf 77' lang='lat' dir='ltr'><strong>ego</strong></span> <span class='ocrx_word' id='word_1_191' title='bbox 2103 1631 2326 1684; x_wconf 77' lang='lat' dir='ltr'><strong>laudare</strong></span> <span class='ocrx_word' id='word_1_192' title='bbox 2371 1631 2552 1697; x_wconf 82' lang='lat' dir='ltr'><strong>potius</strong></span> <span class='ocrx_word' id='word_1_193' title='bbox 2581 1633 2845 1686; x_wconf 80' lang='lat' dir='ltr'><strong>erubesco</strong></span> <span class='ocrx_word' id='word_1_194' title='bbox 2884 1648 3046 1701; x_wconf 90' lang='lat' dir='ltr'><strong>quam</strong></span> <span class='ocrx_word' id='word_1_195' title='bbox 3101 1635 3536 1700; x_wconf 68' lang='lat' dir='ltr'><strong>reprehendere:</strong></span> 
     </span>
    </p>
   </div>
   <div class='ocr_carea' id='block_1_29' title="bbox 1964 1719 3536 1791">
    <p class='ocr_par' dir='ltr' id='par_1_29' title="bbox 1964 1719 3536 1791">
     <span class='ocr_line' id='line_1_29' title="bbox 1964 1719 3536 1791; baseline 0.004 -19"><span class='ocrx_word' id='word_1_196' title='bbox 1964 1719 2035 1772; x_wconf 87' lang='lat' dir='ltr'><strong>ita</strong></span> <span class='ocrx_word' id='word_1_197' title='bbox 2063 1722 2249 1774; x_wconf 86' lang='lat' dir='ltr'><strong>videor</strong></span> <span class='ocrx_word' id='word_1_198' title='bbox 2270 1723 2450 1774; x_wconf 84' lang='lat' dir='ltr'><strong>omnia</strong></span> <span class='ocrx_word' id='word_1_199' title='bbox 2476 1721 2681 1775; x_wconf 88' lang='lat' dir='ltr'><strong>minora</strong></span> <span class='ocrx_word' id='word_1_200' title='bbox 2709 1737 2870 1790; x_wconf 88' lang='lat' dir='ltr'><strong>quam</strong></span> <span class='ocrx_word' id='word_1_201' title='bbox 2897 1724 3111 1791; x_wconf 90' lang='lat' dir='ltr'><strong>cupiam</strong></span> <span class='ocrx_word' id='word_1_202' title='bbox 3137 1724 3380 1778; x_wconf 87' lang='lat' dir='ltr'><strong>dicturus</strong></span> <span class='ocrx_word' id='word_1_203' title='bbox 3396 1741 3536 1778; x_wconf 85' lang='lat' dir='ltr'><strong>esse.</strong></span> 
     </span>
    </p>
   </div>
   <div class='ocr_carea' id='block_1_30' title="bbox 280 1810 1858 1912">
    <p class='ocr_par' dir='ltr' id='par_1_30' title="bbox 280 1811 1858 1902">
     <span class='ocr_line' id='line_1_30' title="bbox 280 1811 1858 1902; baseline 0.002 -36"><span class='ocrx_word' id='word_1_204' title='bbox 280 1816 644 1886; x_wconf 74' lang='grc' dir='ltr'>Μιλτιάδηςτί</span> <span class='ocrx_word' id='word_1_205' title='bbox 675 1815 733 1868; x_wconf 80' lang='grc' dir='ltr'>δὲ</span> <span class='ocrx_word' id='word_1_206' title='bbox 765 1817 930 1870; x_wconf 85' lang='grc' dir='ltr'>πάλαι</span> <span class='ocrx_word' id='word_1_207' title='bbox 978 1815 1137 1888; x_wconf 74' lang='grc'><strong>[1281</strong></span> <span class='ocrx_word' id='word_1_208' title='bbox 1175 1814 1265 1886; x_wconf 69' lang='lat' dir='ltr'><strong>IL]</strong></span> <span class='ocrx_word' id='word_1_209' title='bbox 1295 1815 1574 1902; x_wconf 81' lang='grc' dir='ltr'><strong>πεπεικὼς</strong></span> <span class='ocrx_word' id='word_1_210' title='bbox 1596 1811 1664 1886; x_wconf 82' lang='grc' dir='ltr'>ἦν</span> <span class='ocrx_word' id='word_1_211' title='bbox 1698 1815 1858 1887; x_wconf 76' lang='grc' dir='ltr'><strong>Ἀθηο⁴</strong></span> 
     </span>
    </p>
   </div>
   <div class='ocr_carea' id='block_1_31' title="bbox 1959 1810 3541 1912">
    <p class='ocr_par' dir='ltr' id='par_1_31' title="bbox 1966 1810 3541 1882">
     <span class='ocr_line' id='line_1_31' title="bbox 1966 1810 3541 1882; baseline 0.003 -18"><span class='ocrx_word' id='word_1_212' title='bbox 1966 1810 2235 1866; x_wconf 79' lang='lat' dir='ltr'><strong>Miltiades</strong></span> <span class='ocrx_word' id='word_1_213' title='bbox 2273 1824 2450 1867; x_wconf 88' lang='lat' dir='ltr'><strong>autem</strong></span> <span class='ocrx_word' id='word_1_214' title='bbox 2498 1811 2820 1882; x_wconf 84' lang='lat' dir='ltr'><strong>jampridem</strong></span> <span class='ocrx_word' id='word_1_215' title='bbox 2883 1814 3140 1868; x_wconf 83' lang='lat' dir='ltr'><strong>docuerat</strong></span> <span class='ocrx_word' id='word_1_216' title='bbox 3183 1816 3541 1870; x_wconf 83' lang='lat' dir='ltr'><strong>Atheuienses</strong></span> 
     </span>
    </p>
   </div>
   <div class='ocr_carea' id='block_1_32' title="bbox 281 1896 1855 1978">
    <p class='ocr_par' dir='ltr' id='par_1_32' title="bbox 281 1896 1855 1978">
     <span class='ocr_line' id='line_1_32' title="bbox 281 1896 1855 1978; baseline -0.003 -15"><span class='ocrx_word' id='word_1_217' title='bbox 281 1911 463 1974; x_wconf 83' lang='grc' dir='ltr'>ναίους</span> <span class='ocrx_word' id='word_1_218' title='bbox 491 1908 694 1978; x_wconf 80' lang='grc' dir='ltr'><strong>μηδένα</strong></span> <span class='ocrx_word' id='word_1_219' title='bbox 748 1908 1017 1978; x_wconf 84' lang='grc' dir='ltr'><strong>δεσπότην</strong></span> <span class='ocrx_word' id='word_1_220' title='bbox 1050 1907 1189 1977; x_wconf 79' lang='grc' dir='ltr'>πλὴν</span> <span class='ocrx_word' id='word_1_221' title='bbox 1226 1907 1335 1959; x_wconf 85' lang='grc' dir='ltr'><strong>τῶν</strong></span> <span class='ocrx_word' id='word_1_222' title='bbox 1374 1896 1554 1976; x_wconf 86' lang='grc' dir='ltr'>νόμων</span> <span class='ocrx_word' id='word_1_223' title='bbox 1585 1907 1855 1978; x_wconf 82' lang='grc' dir='ltr'>ἡγεῖσθαι,</span> 
     </span>
    </p>
   </div>
   <div class='ocr_carea' id='block_1_33' title="bbox 284 1995 1859 2068">
    <p class='ocr_par' dir='ltr' id='par_1_33' title="bbox 284 1995 1859 2068">
     <span class='ocr_line' id='line_1_33' title="bbox 284 1995 1859 2068; baseline -0.001 -18"><span class='ocrx_word' id='word_1_224' title='bbox 284 1999 420 2068; x_wconf 81' lang='grc' dir='ltr'>μηδὲ</span> <span class='ocrx_word' id='word_1_225' title='bbox 447 1998 540 2051; x_wconf 79' lang='grc' dir='ltr'>τοῦ</span> <span class='ocrx_word' id='word_1_226' title='bbox 576 1997 741 2051; x_wconf 78' lang='grc' dir='ltr'>καλοῦ</span> <span class='ocrx_word' id='word_1_227' title='bbox 772 1996 868 2052; x_wconf 72' lang='grc' dir='ltr'><strong>καὶ</strong></span> <span class='ocrx_word' id='word_1_228' title='bbox 892 1995 1101 2049; x_wconf 80' lang='grc' dir='ltr'>δικαίου</span> <span class='ocrx_word' id='word_1_229' title='bbox 1138 1995 1343 2065; x_wconf 77' lang='grc' dir='ltr'>μηδένα</span> <span class='ocrx_word' id='word_1_230' title='bbox 1377 1997 1612 2066; x_wconf 84' lang='grc' dir='ltr'><strong>κρείττω</strong></span> <span class='ocrx_word' id='word_1_231' title='bbox 1638 1995 1859 2066; x_wconf 81' lang='grc' dir='ltr'>νομίσαι</span> 
     </span>
    </p>
   </div>
   <div class='ocr_carea' id='block_1_34' title="bbox 280 2088 1861 2161">
    <p class='ocr_par' dir='ltr' id='par_1_34' title="bbox 280 2088 1861 2161">
     <span class='ocr_line' id='line_1_34' title="bbox 280 2088 1861 2161; baseline -0.001 -17"><span class='ocrx_word' id='word_1_232' title='bbox 280 2093 470 2160; x_wconf 83' lang='grc' dir='ltr'>φόϐον,</span> <span class='ocrx_word' id='word_1_233' title='bbox 518 2091 638 2161; x_wconf 81' lang='grc' dir='ltr'>μηδ’</span> <span class='ocrx_word' id='word_1_234' title='bbox 688 2089 862 2153; x_wconf 74' lang='grc' dir='ltr'>οὕτως</span> <span class='ocrx_word' id='word_1_235' title='bbox 907 2091 1155 2161; x_wconf 82' lang='grc' dir='ltr'>ἀνάγκην</span> <span class='ocrx_word' id='word_1_236' title='bbox 1189 2089 1418 2160; x_wconf 78' lang='grc' dir='ltr'>ἰσχυρὰν</span> <span class='ocrx_word' id='word_1_237' title='bbox 1468 2088 1534 2142; x_wconf 88' lang='grc' dir='ltr'>δι’</span> <span class='ocrx_word' id='word_1_238' title='bbox 1568 2089 1636 2160; x_wconf 85' lang='grc' dir='ltr'>ἢν</span> <span class='ocrx_word' id='word_1_239' title='bbox 1687 2107 1861 2156; x_wconf 87' lang='grc' dir='ltr'>προσ-</span> 
     </span>
    </p>
   </div>
   <div class='ocr_carea' id='block_1_35' title="bbox 279 2179 1860 2253">
    <p class='ocr_par' dir='ltr' id='par_1_35' title="bbox 279 2179 1860 2253">
     <span class='ocr_line' id='line_1_35' title="bbox 279 2179 1860 2253; baseline -0.001 -18"><span class='ocrx_word' id='word_1_240' title='bbox 279 2183 503 2253; x_wconf 81' lang='grc' dir='ltr'>ήκειν⁷¹</span> <span class='ocrx_word' id='word_1_241' title='bbox 553 2182 807 2249; x_wconf 85' lang='grc' dir='ltr'>γενέσθαι</span> <span class='ocrx_word' id='word_1_242' title='bbox 851 2181 1080 2252; x_wconf 81' lang='grc' dir='ltr'>χείροσι.</span> <span class='ocrx_word' id='word_1_243' title='bbox 1133 2182 1234 2236; x_wconf 81' lang='grc' dir='ltr'><strong>Διὰ</strong></span> <span class='ocrx_word' id='word_1_244' title='bbox 1299 2180 1476 2235; x_wconf 80' lang='grc' dir='ltr'>ταῦτα</span> <span class='ocrx_word' id='word_1_245' title='bbox 1531 2179 1677 2252; x_wconf 73' lang='grc' dir='ltr'>εἶχεν</span> <span class='ocrx_word' id='word_1_246' title='bbox 1727 2183 1756 2235; x_wconf 82' lang='grc' dir='ltr'><strong>ὅ</strong></span> <span class='ocrx_word' id='word_1_247' title='bbox 1805 2201 1860 2235; x_wconf 90' lang='grc' dir='ltr'><strong>τι</strong></span> 
     </span>
    </p>
   </div>
   <div class='ocr_carea' id='block_1_36' title="bbox 283 2365 1859 2437">
    <p class='ocr_par' dir='ltr' id='par_1_36' title="bbox 283 2365 1859 2437">
     <span class='ocr_line' id='line_1_36' title="bbox 283 2365 1859 2437; baseline 0.001 -20"><span class='ocrx_word' id='word_1_248' title='bbox 283 2365 418 2435; x_wconf 77' lang='grc' dir='ltr'>μηνὶ</span> <span class='ocrx_word' id='word_1_249' title='bbox 466 2366 573 2418; x_wconf 87' lang='grc' dir='ltr'><strong>τῶν</strong></span> <span class='ocrx_word' id='word_1_250' title='bbox 624 2365 960 2436; x_wconf 82' lang='grc' dir='ltr'>σπερμάτων</span> <span class='ocrx_word' id='word_1_251' title='bbox 989 2367 1088 2437; x_wconf 87' lang='grc' dir='ltr'><strong>τὴν</strong></span> <span class='ocrx_word' id='word_1_252' title='bbox 1121 2367 1464 2437; x_wconf 78' lang='grc' dir='ltr'>ἐπικαρπίαν</span> <span class='ocrx_word' id='word_1_253' title='bbox 1519 2365 1859 2437; x_wconf 76' lang='grc' dir='ltr'>κομίζονται,</span> 
     </span>
    </p>
   </div>
   <div class='ocr_carea' id='block_1_37' title="bbox 278 2457 1862 2530">
    <p class='ocr_par' dir='ltr' id='par_1_37' title="bbox 278 2457 1862 2530">
     <span class='ocr_line' id='line_1_37' title="bbox 278 2457 1862 2530; baseline -0.001 -19"><span class='ocrx_word' id='word_1_254' title='bbox 278 2458 376 2511; x_wconf 72' lang='grc' dir='ltr'><strong>καὶ</strong></span> <span class='ocrx_word' id='word_1_255' title='bbox 421 2457 520 2526; x_wconf 67' lang='grc' dir='ltr'><strong>οὐχ</strong></span> <span class='ocrx_word' id='word_1_256' title='bbox 577 2457 693 2526; x_wconf 74' lang='grc' dir='ltr'>ἅμα</span> <span class='ocrx_word' id='word_1_257' title='bbox 735 2457 813 2530; x_wconf 84' lang='grc' dir='ltr'>τῷ</span> <span class='ocrx_word' id='word_1_258' title='bbox 861 2458 1229 2522; x_wconf 86' lang='grc' dir='ltr'>καταϐαλεῖν,</span> <span class='ocrx_word' id='word_1_259' title='bbox 1292 2459 1434 2512; x_wconf 78' lang='grc' dir='ltr'>οὕτω</span> <span class='ocrx_word' id='word_1_260' title='bbox 1479 2459 1573 2511; x_wconf 72' lang='grc' dir='ltr'><strong>καὶ</strong></span> <span class='ocrx_word' id='word_1_261' title='bbox 1621 2460 1862 2522; x_wconf 72' lang='grc' dir='ltr'>ἐκείνους</span> 
     </span>
    </p>
   </div>
   <div class='ocr_carea' id='block_1_38' title="bbox 279 2546 1862 2620">
    <p class='ocr_par' dir='ltr' id='par_1_38' title="bbox 279 2546 1862 2620">
     <span class='ocr_line' id='line_1_38' title="bbox 279 2546 1862 2620; baseline 0.001 -19"><span class='ocrx_word' id='word_1_262' title='bbox 279 2547 581 2618; x_wconf 80' lang='grc' dir='ltr'>Μιλτιάδης</span> <span class='ocrx_word' id='word_1_263' title='bbox 606 2547 867 2612; x_wconf 82' lang='grc' dir='ltr'>παλαιαῖς</span> <span class='ocrx_word' id='word_1_264' title='bbox 897 2548 1212 2618; x_wconf 82' lang='grc' dir='ltr'>ὁμολογίαις</span> <span class='ocrx_word' id='word_1_265' title='bbox 1239 2548 1588 2618; x_wconf 79' lang='grc' dir='ltr'>κατειληφὼς</span> <span class='ocrx_word' id='word_1_266' title='bbox 1622 2546 1766 2620; x_wconf 74' lang='grc' dir='ltr'>εἶχεν</span> <span class='ocrx_word' id='word_1_267' title='bbox 1803 2552 1862 2602; x_wconf 80' lang='grc' dir='ltr'>ἐν</span> 
     </span>
    </p>
   </div>
   <div class='ocr_carea' id='block_1_39' title="bbox 280 2638 1856 2712">
    <p class='ocr_par' dir='ltr' id='par_1_39' title="bbox 280 2638 1856 2712">
     <span class='ocr_line' id='line_1_39' title="bbox 280 2638 1856 2712; baseline 0.003 -22"><span class='ocrx_word' id='word_1_268' title='bbox 280 2639 462 2709; x_wconf 83' lang='grc' dir='ltr'>καιρῷ</span> <span class='ocrx_word' id='word_1_269' title='bbox 493 2638 797 2709; x_wconf 84' lang='grc' dir='ltr'>χρησίμους</span> <span class='ocrx_word' id='word_1_270' title='bbox 823 2679 842 2704; x_wconf 90' lang='grc'><strong>,</strong></span> <span class='ocrx_word' id='word_1_271' title='bbox 868 2640 970 2693; x_wconf 81' lang='grc' dir='ltr'><strong>οὐκ</strong></span> <span class='ocrx_word' id='word_1_272' title='bbox 998 2641 1092 2693; x_wconf 71' lang='grc' dir='ltr'><strong>ἐπὶ</strong></span> <span class='ocrx_word' id='word_1_273' title='bbox 1121 2642 1224 2710; x_wconf 83' lang='grc' dir='ltr'>τῆς</span> <span class='ocrx_word' id='word_1_274' title='bbox 1249 2641 1440 2712; x_wconf 79' lang='grc' dir='ltr'>χρείας</span> <span class='ocrx_word' id='word_1_275' title='bbox 1473 2641 1856 2712; x_wconf 74' lang='grc' dir='ltr'>λαμϐάνοντας</span> 
     </span>
    </p>
   </div>
   <div class='ocr_carea' id='block_1_40' title="bbox 278 2730 1862 2806">
    <p class='ocr_par' dir='ltr' id='par_1_40' title="bbox 278 2730 1862 2806">
     <span class='ocr_line' id='line_1_40' title="bbox 278 2730 1862 2806; baseline 0.004 -24"><span class='ocrx_word' id='word_1_276' title='bbox 278 2730 350 2783; x_wconf 73' lang='grc' dir='ltr'>τὰ</span> <span class='ocrx_word' id='word_1_277' title='bbox 397 2731 698 2800; x_wconf 83' lang='grc' dir='ltr'>μαθήματα</span> <span class='ocrx_word' id='word_1_278' title='bbox 759 2731 1022 2802; x_wconf 83' lang='grc' dir='ltr'>(αἰσχρῶς</span> <span class='ocrx_word' id='word_1_279' title='bbox 1041 2733 1087 2765; x_wconf 78' lang='grc'>⁷³</span> <span class='ocrx_word' id='word_1_280' title='bbox 1129 2734 1238 2804; x_wconf 77' lang='grc' dir='ltr'><strong>γὰρ</strong></span> <span class='ocrx_word' id='word_1_281' title='bbox 1284 2734 1351 2788; x_wconf 84' lang='grc' dir='ltr'>ἂν</span> <span class='ocrx_word' id='word_1_282' title='bbox 1400 2735 1543 2788; x_wconf 73' lang='grc' dir='ltr'>οότω</span> <span class='ocrx_word' id='word_1_283' title='bbox 1587 2752 1652 2802; x_wconf 90' lang='grc' dir='ltr'><strong>γε</strong></span> <span class='ocrx_word' id='word_1_284' title='bbox 1702 2739 1862 2806; x_wconf 74' lang='grc' dir='ltr'>χορός</span> 
     </span>
    </p>
   </div>
   <div class='ocr_carea' id='block_1_41' title="bbox 278 2820 1852 2894">
    <p class='ocr_par' dir='ltr' id='par_1_41' title="bbox 278 2820 1852 2894">
     <span class='ocr_line' id='line_1_41' title="bbox 278 2820 1852 2894; baseline 0.005 -21"><span class='ocrx_word' id='word_1_285' title='bbox 278 2821 586 2890; x_wconf 75' lang='grc' dir='ltr'>ἠγωνίσατο</span> <span class='ocrx_word' id='word_1_286' title='bbox 627 2820 876 2892; x_wconf 52' lang='grc' dir='ltr'>αὐτῶν),</span> <span class='ocrx_word' id='word_1_287' title='bbox 925 2823 1040 2876; x_wconf 87' lang='grc' dir='ltr'>ἀλλ’</span> <span class='ocrx_word' id='word_1_288' title='bbox 1069 2825 1161 2877; x_wconf 76' lang='grc' dir='ltr'><strong>ἐπὶ</strong></span> <span class='ocrx_word' id='word_1_289' title='bbox 1201 2825 1300 2894; x_wconf 81' lang='grc' dir='ltr'><strong>τῆς</strong></span> <span class='ocrx_word' id='word_1_290' title='bbox 1353 2825 1601 2892; x_wconf 81' lang='grc' dir='ltr'>ἐξουσίας</span> <span class='ocrx_word' id='word_1_291' title='bbox 1634 2828 1714 2889; x_wconf 85' lang='grc' dir='ltr'>εἰς</span> <span class='ocrx_word' id='word_1_292' title='bbox 1753 2831 1852 2893; x_wconf 78' lang='grc' dir='ltr'><strong>τὴν</strong></span> 
     </span>
    </p>
   </div>
   <div class='ocr_carea' id='block_1_42' title="bbox 280 2910 1862 2983">
    <p class='ocr_par' dir='ltr' id='par_1_42' title="bbox 280 2910 1862 2983">
     <span class='ocr_line' id='line_1_42' title="bbox 280 2910 1862 2983; baseline 0.004 -20"><span class='ocrx_word' id='word_1_293' title='bbox 280 2910 473 2982; x_wconf 84' lang='grc' dir='ltr'>χρείαν</span> <span class='ocrx_word' id='word_1_294' title='bbox 523 2913 890 2983; x_wconf 75' lang='grc' dir='ltr'>ἠσκημένους.</span> <span class='ocrx_word' id='word_1_295' title='bbox 943 2913 1135 2966; x_wconf 79' lang='grc' dir='ltr'>Οίου⁷⁸</span> <span class='ocrx_word' id='word_1_296' title='bbox 1187 2915 1370 2968; x_wconf 87' lang='grc' dir='ltr'>τοίνυν</span> <span class='ocrx_word' id='word_1_297' title='bbox 1424 2922 1517 2970; x_wconf 76' lang='grc' dir='ltr'><strong>καὶ</strong></span> <span class='ocrx_word' id='word_1_298' title='bbox 1567 2918 1862 2971; x_wconf 82' lang='grc' dir='ltr'>Μιλτιάδου</span> 
     </span>
    </p>
   </div>
   <div class='ocr_carea' id='block_1_43' title="bbox 281 3001 1862 3078">
    <p class='ocr_par' dir='ltr' id='par_1_43' title="bbox 281 3001 1862 3078">
     <span class='ocr_line' id='line_1_43' title="bbox 281 3001 1862 3078; baseline 0.004 -23"><span class='ocrx_word' id='word_1_299' title='bbox 281 3001 626 3072; x_wconf 77' lang='grc' dir='ltr'>προεστῶτος</span> <span class='ocrx_word' id='word_1_300' title='bbox 693 3001 820 3066; x_wconf 75' lang='grc' dir='ltr'>τοὺς</span> <span class='ocrx_word' id='word_1_301' title='bbox 883 3002 984 3072; x_wconf 76' lang='grc' dir='ltr'>μὲν</span> <span class='ocrx_word' id='word_1_302' title='bbox 1043 3004 1119 3067; x_wconf 85' lang='grc' dir='ltr'>ὠς</span> <span class='ocrx_word' id='word_1_303' title='bbox 1185 3005 1435 3060; x_wconf 86' lang='grc' dir='ltr'>πλεῖστον</span> <span class='ocrx_word' id='word_1_304' title='bbox 1486 3009 1588 3078; x_wconf 81' lang='grc' dir='ltr'>τῆς</span> <span class='ocrx_word' id='word_1_305' title='bbox 1651 3010 1862 3062; x_wconf 79' lang='grc' dir='ltr'>ἐκείνου</span> 
     </span>
    </p>
   </div>
   <div class='ocr_carea' id='block_1_44' title="bbox 281 3093 1864 3177">
    <p class='ocr_par' dir='ltr' id='par_1_44' title="bbox 281 3093 1864 3171">
     <span class='ocr_line' id='line_1_44' title="bbox 281 3093 1864 3171; baseline 0.004 -24"><span class='ocrx_word' id='word_1_306' title='bbox 281 3093 564 3163; x_wconf 79' lang='grc' dir='ltr'>δυνάμεως</span> <span class='ocrx_word' id='word_1_307' title='bbox 639 3093 983 3158; x_wconf 80' lang='grc' dir='ltr'>ἀπολαῦσαι,</span> <span class='ocrx_word' id='word_1_308' title='bbox 1048 3097 1176 3161; x_wconf 81' lang='grc' dir='ltr'>τοὺς</span> <span class='ocrx_word' id='word_1_309' title='bbox 1223 3099 1280 3152; x_wconf 82' lang='grc' dir='ltr'>δὲ</span> <span class='ocrx_word' id='word_1_310' title='bbox 1348 3101 1562 3169; x_wconf 82' lang='grc' dir='ltr'>μέσως·</span> <span class='ocrx_word' id='word_1_311' title='bbox 1615 3103 1718 3154; x_wconf 87' lang='grc' dir='ltr'>κάν</span> <span class='ocrx_word' id='word_1_312' title='bbox 1787 3101 1864 3171; x_wconf 79' lang='grc' dir='ltr'>τῷ</span> 
     </span>
    </p>
   </div>
   <div class='ocr_carea' id='block_1_45' title="bbox 1964 1904 3540 1976">
    <p class='ocr_par' dir='ltr' id='par_1_45' title="bbox 1964 1904 3540 1976">
     <span class='ocr_line' id='line_1_45' title="bbox 1964 1904 3540 1976; baseline 0.004 -20"><span class='ocrx_word' id='word_1_313' title='bbox 1964 1904 2164 1957; x_wconf 87' lang='lat' dir='ltr'><strong>nullum</strong></span> <span class='ocrx_word' id='word_1_314' title='bbox 2199 1915 2394 1972; x_wconf 70' lang='lat' dir='ltr'><strong>prarter</strong></span> <span class='ocrx_word' id='word_1_315' title='bbox 2426 1906 2569 1976; x_wconf 82' lang='lat' dir='ltr'><strong>leges</strong></span> <span class='ocrx_word' id='word_1_316' title='bbox 2597 1923 2890 1976; x_wconf 81' lang='lat' dir='ltr'><strong>agnoscere</strong></span> <span class='ocrx_word' id='word_1_317' title='bbox 2926 1911 3226 1971; x_wconf 89' lang='lat' dir='ltr'><strong>dominum,</strong></span> <span class='ocrx_word' id='word_1_318' title='bbox 3259 1905 3357 1962; x_wconf 83' lang='lat' dir='ltr'><strong>nec</strong></span> <span class='ocrx_word' id='word_1_319' title='bbox 3394 1908 3540 1976; x_wconf 79' lang='lat' dir='ltr'><strong>justo</strong></span> 
     </span>
    </p>
   </div>
   <div class='ocr_carea' id='block_1_46' title="bbox 1961 1997 3541 2070">
    <p class='ocr_par' dir='ltr' id='par_1_46' title="bbox 1961 1997 3541 2070">
     <span class='ocr_line' id='line_1_46' title="bbox 1961 1997 3541 2070; baseline 0.003 -21"><span class='ocrx_word' id='word_1_320' title='bbox 1961 2007 2015 2050; x_wconf 90' lang='lat' dir='ltr'><strong>et</strong></span> <span class='ocrx_word' id='word_1_321' title='bbox 2043 1997 2243 2066; x_wconf 84' lang='lat' dir='ltr'><strong>injusto</strong></span> <span class='ocrx_word' id='word_1_322' title='bbox 2274 1997 2538 2068; x_wconf 91' lang='lat' dir='ltr'><strong>potiorem</strong></span> <span class='ocrx_word' id='word_1_323' title='bbox 2576 1999 2775 2054; x_wconf 87' lang='lat' dir='ltr'><strong>habere</strong></span> <span class='ocrx_word' id='word_1_324' title='bbox 2817 2015 3142 2070; x_wconf 89' lang='lat' dir='ltr'><strong>quemquam</strong></span> <span class='ocrx_word' id='word_1_325' title='bbox 3179 2013 3406 2065; x_wconf 88' lang='lat' dir='ltr'><strong>metum,</strong></span> <span class='ocrx_word' id='word_1_326' title='bbox 3442 2013 3541 2053; x_wconf 81' lang='lat' dir='ltr'><strong>nec</strong></span> 
     </span>
    </p>
   </div>
   <div class='ocr_carea' id='block_1_47' title="bbox 1965 2085 3542 2157">
    <p class='ocr_par' dir='ltr' id='par_1_47' title="bbox 1965 2085 3542 2157">
     <span class='ocr_line' id='line_1_47' title="bbox 1965 2085 3542 2157; baseline 0.003 -20"><span class='ocrx_word' id='word_1_327' title='bbox 1965 2094 2073 2137; x_wconf 84' lang='lat' dir='ltr'><strong>tam</strong></span> <span class='ocrx_word' id='word_1_328' title='bbox 2103 2085 2366 2139; x_wconf 83' lang='lat' dir='ltr'><strong>valentem</strong></span> <span class='ocrx_word' id='word_1_329' title='bbox 2399 2088 2772 2142; x_wconf 87' lang='lat' dir='ltr'><strong>necessitatem</strong></span> <span class='ocrx_word' id='word_1_330' title='bbox 2804 2099 3020 2157; x_wconf 86' lang='lat' dir='ltr'><strong>propter</strong></span> <span class='ocrx_word' id='word_1_331' title='bbox 3057 2104 3216 2156; x_wconf 89' lang='lat' dir='ltr'><strong>quam</strong></span> <span class='ocrx_word' id='word_1_332' title='bbox 3245 2088 3542 2142; x_wconf 86' lang='lat' dir='ltr'><strong>deteriores</strong></span> 
     </span>
    </p>
   </div>
   <div class='ocr_carea' id='block_1_48' title="bbox 1963 2177 3538 2250">
    <p class='ocr_par' dir='ltr' id='par_1_48' title="bbox 1963 2177 3538 2250">
     <span class='ocr_line' id='line_1_48' title="bbox 1963 2177 3538 2250; baseline 0.002 -20"><span class='ocrx_word' id='word_1_333' title='bbox 1963 2177 2174 2232; x_wconf 85' lang='lat' dir='ltr'><strong>ﬁerent.</strong></span> <span class='ocrx_word' id='word_1_334' title='bbox 2207 2177 2528 2250; x_wconf 88' lang='lat' dir='ltr'><strong>Perjustum</strong></span> <span class='ocrx_word' id='word_1_335' title='bbox 2557 2196 2688 2234; x_wconf 90' lang='lat' dir='ltr'><strong>vero</strong></span> <span class='ocrx_word' id='word_1_336' title='bbox 2716 2190 2771 2234; x_wconf 91' lang='lat' dir='ltr'><strong>et</strong></span> <span class='ocrx_word' id='word_1_337' title='bbox 2799 2181 3054 2250; x_wconf 82' lang='lat' dir='ltr'><strong>injustam</strong></span> <span class='ocrx_word' id='word_1_338' title='bbox 3074 2181 3180 2234; x_wconf 91' lang='lat' dir='ltr'><strong>illis</strong></span> <span class='ocrx_word' id='word_1_339' title='bbox 3204 2181 3279 2233; x_wconf 88' lang='lat' dir='ltr'><strong>uti</strong></span> <span class='ocrx_word' id='word_1_340' title='bbox 3309 2188 3538 2248; x_wconf 85' lang='lat' dir='ltr'><strong>poterat.</strong></span> 
     </span>
    </p>
   </div>
   <div class='ocr_carea' id='block_1_49' title="bbox 1870 2265 3538 2343">
    <p class='ocr_par' dir='ltr' id='par_1_49' title="bbox 1870 2265 3538 2343">
     <span class='ocr_line' id='line_1_49' title="bbox 1870 2265 3538 2343; baseline 0.001 -20"><span class='ocrx_word' id='word_1_341' title='bbox 1870 2326 1876 2332; x_wconf 67' lang='grc'><strong>,</strong></span> <span class='ocrx_word' id='word_1_342' title='bbox 1964 2269 2067 2324; x_wconf 87' lang='lat' dir='ltr'><strong>Sed</strong></span> <span class='ocrx_word' id='word_1_343' title='bbox 2094 2273 2548 2340; x_wconf 83' lang='lat' dir='ltr'><strong>quemadmodum</strong></span> <span class='ocrx_word' id='word_1_344' title='bbox 2574 2273 2824 2341; x_wconf 73' lang='lat' dir='ltr'><strong>agricola:</strong></span> <span class='ocrx_word' id='word_1_345' title='bbox 2855 2273 3061 2342; x_wconf 80' lang='lat' dir='ltr'><strong>aliquot</strong></span> <span class='ocrx_word' id='word_1_346' title='bbox 3090 2282 3212 2343; x_wconf 91' lang='lat' dir='ltr'><strong>post</strong></span> <span class='ocrx_word' id='word_1_347' title='bbox 3237 2265 3538 2336; x_wconf 86' lang='lat' dir='ltr'><strong>mensibus,</strong></span> 
     </span>
    </p>
   </div>
   <div class='ocr_carea' id='block_1_50' title="bbox 1963 2364 3542 2431">
    <p class='ocr_par' dir='ltr' id='par_1_50' title="bbox 1963 2364 3542 2431">
     <span class='ocr_line' id='line_1_50' title="bbox 1963 2364 3542 2431; baseline 0.002 -16"><span class='ocrx_word' id='word_1_348' title='bbox 1963 2377 2068 2416; x_wconf 89' lang='lat' dir='ltr'><strong>non</strong></span> <span class='ocrx_word' id='word_1_349' title='bbox 2117 2378 2243 2416; x_wconf 83' lang='lat' dir='ltr'><strong>mox</strong></span> <span class='ocrx_word' id='word_1_350' title='bbox 2278 2374 2396 2431; x_wconf 89' lang='lat' dir='ltr'><strong>post</strong></span> <span class='ocrx_word' id='word_1_351' title='bbox 2429 2373 2750 2431; x_wconf 85' lang='lat' dir='ltr'><strong>sementem,</strong></span> <span class='ocrx_word' id='word_1_352' title='bbox 2783 2380 3011 2420; x_wconf 82' lang='lat' dir='ltr'><strong>messem</strong></span> <span class='ocrx_word' id='word_1_353' title='bbox 3043 2365 3266 2430; x_wconf 83' lang='lat' dir='ltr'><strong>faciunt,</strong></span> <span class='ocrx_word' id='word_1_354' title='bbox 3297 2371 3352 2418; x_wconf 92' lang='lat' dir='ltr'><strong>ct</strong></span> <span class='ocrx_word' id='word_1_355' title='bbox 3381 2364 3542 2418; x_wconf 89' lang='lat' dir='ltr'><strong>simul</strong></span> 
     </span>
    </p>
   </div>
   <div class='ocr_carea' id='block_1_51' title="bbox 1962 2455 3542 2527">
    <p class='ocr_par' dir='ltr' id='par_1_51' title="bbox 1962 2455 3542 2527">
     <span class='ocr_line' id='line_1_51' title="bbox 1962 2455 3542 2527; baseline 0 -18"><span class='ocrx_word' id='word_1_356' title='bbox 1962 2455 2140 2509; x_wconf 90' lang='lat' dir='ltr'><strong>omnia</strong></span> <span class='ocrx_word' id='word_1_357' title='bbox 2177 2471 2284 2508; x_wconf 90' lang='lat' dir='ltr'><strong>non</strong></span> <span class='ocrx_word' id='word_1_358' title='bbox 2316 2457 2545 2520; x_wconf 83' lang='lat' dir='ltr'><strong>faciunt,</strong></span> <span class='ocrx_word' id='word_1_359' title='bbox 2596 2459 2667 2511; x_wconf 90' lang='lat' dir='ltr'><strong>ita</strong></span> <span class='ocrx_word' id='word_1_360' title='bbox 2712 2457 2981 2513; x_wconf 82' lang='lat' dir='ltr'><strong>Miltiades</strong></span> <span class='ocrx_word' id='word_1_361' title='bbox 3021 2459 3112 2511; x_wconf 90' lang='lat' dir='ltr'><strong>illo</strong></span> <span class='ocrx_word' id='word_1_362' title='bbox 3144 2472 3359 2527; x_wconf 88' lang='lat' dir='ltr'><strong>quoque</strong></span> <span class='ocrx_word' id='word_1_363' title='bbox 3402 2459 3542 2510; x_wconf 83' lang='lat' dir='ltr'><strong>anti-</strong></span> 
     </span>
    </p>
   </div>
   <div class='ocr_carea' id='block_1_52' title="bbox 1969 2546 3543 2618">
    <p class='ocr_par' dir='ltr' id='par_1_52' title="bbox 1969 2546 3543 2618">
     <span class='ocr_line' id='line_1_52' title="bbox 1969 2546 3543 2618; baseline 0.004 -22"><span class='ocrx_word' id='word_1_364' title='bbox 1969 2546 2094 2614; x_wconf 89' lang='lat' dir='ltr'><strong>quis</strong></span> <span class='ocrx_word' id='word_1_365' title='bbox 2127 2546 2300 2613; x_wconf 80' lang='lat' dir='ltr'><strong>pactis</strong></span> <span class='ocrx_word' id='word_1_366' title='bbox 2325 2562 2452 2600; x_wconf 87' lang='lat' dir='ltr'><strong>suos</strong></span> <span class='ocrx_word' id='word_1_367' title='bbox 2480 2562 2603 2602; x_wconf 92' lang='lat' dir='ltr'><strong>cum</strong></span> <span class='ocrx_word' id='word_1_368' title='bbox 2654 2547 2894 2614; x_wconf 81' lang='lat' dir='ltr'><strong>fecisset,</strong></span> <span class='ocrx_word' id='word_1_369' title='bbox 2948 2547 3178 2602; x_wconf 83' lang='lat' dir='ltr'><strong>habebat</strong></span> <span class='ocrx_word' id='word_1_370' title='bbox 3217 2547 3268 2602; x_wconf 89' lang='lat' dir='ltr'><strong>in</strong></span> <span class='ocrx_word' id='word_1_371' title='bbox 3300 2557 3543 2618; x_wconf 91' lang='lat' dir='ltr'><strong>tempore</strong></span> 
     </span>
    </p>
   </div>
   <div class='ocr_carea' id='block_1_53' title="bbox 1961 2638 3542 2710">
    <p class='ocr_par' dir='ltr' id='par_1_53' title="bbox 1961 2638 3542 2710">
     <span class='ocr_line' id='line_1_53' title="bbox 1961 2638 3542 2710; baseline 0.003 -21"><span class='ocrx_word' id='word_1_372' title='bbox 1961 2647 2202 2705; x_wconf 89' lang='lat' dir='ltr'><strong>paratos,</strong></span> <span class='ocrx_word' id='word_1_373' title='bbox 2242 2639 2332 2708; x_wconf 89' lang='lat' dir='ltr'><strong>qui</strong></span> <span class='ocrx_word' id='word_1_374' title='bbox 2367 2653 2471 2694; x_wconf 92' lang='lat' dir='ltr'><strong>non</strong></span> <span class='ocrx_word' id='word_1_375' title='bbox 2513 2638 2566 2692; x_wconf 91' lang='lat' dir='ltr'><strong>in</strong></span> <span class='ocrx_word' id='word_1_376' title='bbox 2612 2640 2939 2694; x_wconf 87' lang='lat' dir='ltr'><strong>necessitate</strong></span> <span class='ocrx_word' id='word_1_377' title='bbox 2977 2656 3195 2708; x_wconf 80' lang='lat' dir='ltr'><strong>Operam</strong></span> <span class='ocrx_word' id='word_1_378' title='bbox 3241 2640 3542 2710; x_wconf 87' lang='lat' dir='ltr'><strong>disciplinis</strong></span> 
     </span>
    </p>
   </div>
   <div class='ocr_carea' id='block_1_54' title="bbox 1962 2725 3540 2800">
    <p class='ocr_par' dir='ltr' id='par_1_54' title="bbox 1962 2725 3540 2800">
     <span class='ocr_line' id='line_1_54' title="bbox 1962 2725 3540 2800; baseline 0.002 -21"><span class='ocrx_word' id='word_1_379' title='bbox 1962 2725 2156 2780; x_wconf 88' lang='lat' dir='ltr'><strong>darent</strong></span> <span class='ocrx_word' id='word_1_380' title='bbox 2189 2727 2446 2797; x_wconf 90' lang='lat' dir='ltr'><strong>(turpiter</strong></span> <span class='ocrx_word' id='word_1_381' title='bbox 2475 2728 2618 2783; x_wconf 91' lang='lat' dir='ltr'><strong>enim</strong></span> <span class='ocrx_word' id='word_1_382' title='bbox 2661 2730 2746 2782; x_wconf 91' lang='lat' dir='ltr'><strong>hic</strong></span> <span class='ocrx_word' id='word_1_383' title='bbox 2773 2745 2836 2784; x_wconf 92' lang='lat' dir='ltr'><strong>se</strong></span> <span class='ocrx_word' id='word_1_384' title='bbox 2868 2731 3123 2800; x_wconf 81' lang='lat' dir='ltr'><strong>gessisset</strong></span> <span class='ocrx_word' id='word_1_385' title='bbox 3157 2727 3402 2800; x_wconf 88' lang='lat' dir='ltr'><strong>chorus),</strong></span> <span class='ocrx_word' id='word_1_386' title='bbox 3448 2729 3540 2782; x_wconf 88' lang='lat' dir='ltr'><strong>sed</strong></span> 
     </span>
    </p>
   </div>
   <div class='ocr_carea' id='block_1_55' title="bbox 1963 2820 3542 2898">
    <p class='ocr_par' dir='ltr' id='par_1_55' title="bbox 1963 2820 3542 2898">
     <span class='ocr_line' id='line_1_55' title="bbox 1963 2820 3542 2898; baseline 0.002 -29"><span class='ocrx_word' id='word_1_387' title='bbox 1963 2832 2059 2883; x_wconf 90' lang='lat' dir='ltr'><strong>per</strong></span> <span class='ocrx_word' id='word_1_388' title='bbox 2095 2820 2264 2872; x_wconf 79' lang='lat' dir='ltr'><strong>otium</strong></span> <span class='ocrx_word' id='word_1_389' title='bbox 2300 2836 2359 2874; x_wconf 91' lang='lat' dir='ltr'><strong>se</strong></span> <span class='ocrx_word' id='word_1_390' title='bbox 2392 2821 2457 2875; x_wconf 92' lang='lat' dir='ltr'><strong>ad</strong></span> <span class='ocrx_word' id='word_1_391' title='bbox 2497 2821 2882 2898; x_wconf 78' lang='lat' dir='ltr'><strong>necessitatem</strong></span> <span class='ocrx_word' id='word_1_392' title='bbox 2923 2831 3353 2891; x_wconf 76' lang='lat' dir='ltr'><strong>comparassent.</strong></span> <span class='ocrx_word' id='word_1_393' title='bbox 3395 2821 3542 2888; x_wconf 83' lang='lat' dir='ltr'><strong>Qua-</strong></span> 
     </span>
    </p>
   </div>
   <div class='ocr_carea' id='block_1_56' title="bbox 1965 2911 3541 2984">
    <p class='ocr_par' dir='ltr' id='par_1_56' title="bbox 1965 2911 3541 2984">
     <span class='ocr_line' id='line_1_56' title="bbox 1965 2911 3541 2984; baseline 0.005 -25"><span class='ocrx_word' id='word_1_394' title='bbox 1965 2918 2183 2978; x_wconf 83' lang='lat' dir='ltr'><strong>pmpter</strong></span> <span class='ocrx_word' id='word_1_395' title='bbox 2210 2911 2374 2965; x_wconf 88' lang='lat' dir='ltr'><strong>etiam</strong></span> <span class='ocrx_word' id='word_1_396' title='bbox 2405 2913 2506 2968; x_wconf 93' lang='lat' dir='ltr'><strong>sub</strong></span> <span class='ocrx_word' id='word_1_397' title='bbox 2539 2912 2782 2967; x_wconf 80' lang='lat' dir='ltr'><strong>Miltiade</strong></span> <span class='ocrx_word' id='word_1_398' title='bbox 2817 2929 2955 2982; x_wconf 90' lang='lat' dir='ltr'><strong>pone</strong></span> <span class='ocrx_word' id='word_1_399' title='bbox 2993 2913 3129 2968; x_wconf 90' lang='lat' dir='ltr'><strong>alios</strong></span> <span class='ocrx_word' id='word_1_400' title='bbox 3160 2915 3444 2984; x_wconf 86' lang='lat' dir='ltr'><strong>plurimum</strong></span> <span class='ocrx_word' id='word_1_401' title='bbox 3474 2929 3541 2967; x_wconf 78' lang='lat' dir='ltr'><strong>ex</strong></span> 
     </span>
    </p>
   </div>
   <div class='ocr_carea' id='block_1_57' title="bbox 1967 2998 3542 3077">
    <p class='ocr_par' dir='ltr' id='par_1_57' title="bbox 1967 2998 3542 3077">
     <span class='ocr_line' id='line_1_57' title="bbox 1967 2998 3542 3077; baseline 0.006 -27"><span class='ocrx_word' id='word_1_402' title='bbox 1967 2998 2106 3055; x_wconf 77' lang='lat' dir='ltr'><strong>illitis</strong></span> <span class='ocrx_word' id='word_1_403' title='bbox 2132 3005 2382 3060; x_wconf 80' lang='lat' dir='ltr'><strong>facultate</strong></span> <span class='ocrx_word' id='word_1_404' title='bbox 2422 3008 2752 3077; x_wconf 88' lang='lat' dir='ltr'><strong>percepisse,</strong></span> <span class='ocrx_word' id='word_1_405' title='bbox 2795 3008 2930 3062; x_wconf 89' lang='lat' dir='ltr'><strong>alios</strong></span> <span class='ocrx_word' id='word_1_406' title='bbox 2975 3007 3340 3069; x_wconf 84' lang='lat' dir='ltr'><strong>mediocriter,</strong></span> <span class='ocrx_word' id='word_1_407' title='bbox 3380 3017 3542 3074; x_wconf 80' lang='lat' dir='ltr'><strong>alque</strong></span> 
     </span>
    </p>
   </div>
   <div class='ocr_carea' id='block_1_58' title="bbox 1967 3099 3542 3168">
    <p class='ocr_par' dir='ltr' id='par_1_58' title="bbox 1967 3099 3542 3168">
     <span class='ocr_line' id='line_1_58' title="bbox 1967 3099 3542 3168; baseline -0.003 -11"><span class='ocrx_word' id='word_1_408' title='bbox 1967 3103 2020 3158; x_wconf 91' lang='lat' dir='ltr'><strong>in</strong></span> <span class='ocrx_word' id='word_1_409' title='bbox 2077 3102 2182 3156; x_wconf 90' lang='lat' dir='ltr'><strong>hoc</strong></span> <span class='ocrx_word' id='word_1_410' title='bbox 2233 3100 2655 3155; x_wconf 85' lang='lat' dir='ltr'><strong>vicissitudinem</strong></span> <span class='ocrx_word' id='word_1_411' title='bbox 2689 3099 2892 3156; x_wconf 91' lang='lat' dir='ltr'><strong>colloca</strong></span> <span class='ocrx_word' id='word_1_412' title='bbox 2932 3118 2946 3156; x_wconf 92' lang='lat'><strong>:</strong></span> <span class='ocrx_word' id='word_1_413' title='bbox 2983 3115 3103 3153; x_wconf 89' lang='lat' dir='ltr'><strong>nam</strong></span> <span class='ocrx_word' id='word_1_414' title='bbox 3135 3109 3188 3153; x_wconf 92' lang='lat' dir='ltr'><strong>et</strong></span> <span class='ocrx_word' id='word_1_415' title='bbox 3237 3100 3289 3152; x_wconf 91' lang='lat' dir='ltr'><strong>in</strong></span> <span class='ocrx_word' id='word_1_416' title='bbox 3344 3099 3542 3168; x_wconf 89' lang='lat' dir='ltr'><strong>popqu</strong></span> 
     </span>
    </p>
   </div>
   <div class='ocr_carea' id='block_1_59' title="bbox 285 3181 1858 3263">
    <p class='ocr_par' dir='ltr' id='par_1_59' title="bbox 285 3181 1858 3255">
     <span class='ocr_line' id='line_1_59' title="bbox 285 3181 1858 3255; baseline 0.003 -19"><span class='ocrx_word' id='word_1_417' title='bbox 285 3184 436 3254; x_wconf 86' lang='grc' dir='ltr'>μέσῳ</span> <span class='ocrx_word' id='word_1_418' title='bbox 478 3185 539 3236; x_wconf 83' lang='grc' dir='ltr'><strong>τὸ</strong></span> <span class='ocrx_word' id='word_1_419' title='bbox 578 3184 866 3255; x_wconf 79' lang='grc' dir='ltr'>παραλλὰξ</span> <span class='ocrx_word' id='word_1_420' title='bbox 911 3181 977 3239; x_wconf 81' lang='grc' dir='ltr'>αὖ</span> <span class='ocrx_word' id='word_1_421' title='bbox 1019 3185 1180 3242; x_wconf 85' lang='grc' dir='ltr'>τίθει.</span> <span class='ocrx_word' id='word_1_422' title='bbox 1215 3188 1432 3242; x_wconf 83' lang='grc' dir='ltr'>Γένοιτο</span> <span class='ocrx_word' id='word_1_423' title='bbox 1473 3190 1518 3243; x_wconf 81' lang='grc' dir='ltr'>δ’</span> <span class='ocrx_word' id='word_1_424' title='bbox 1545 3189 1610 3244; x_wconf 81' lang='grc' dir='ltr'>ἄν</span> <span class='ocrx_word' id='word_1_425' title='bbox 1663 3207 1746 3253; x_wconf 89' lang='grc' dir='ltr'><strong>τις</strong></span> <span class='ocrx_word' id='word_1_426' title='bbox 1803 3191 1858 3242; x_wconf 79' lang='grc' dir='ltr'><strong>ἐν</strong></span> 
     </span>
    </p>
   </div>
   <div class='ocr_carea' id='block_1_60' title="bbox 1959 3181 3541 3263">
    <p class='ocr_par' dir='ltr' id='par_1_60' title="bbox 1964 3187 3541 3263">
     <span class='ocr_line' id='line_1_60' title="bbox 1964 3187 3541 3263; baseline -0.001 -17"><span class='ocrx_word' id='word_1_427' title='bbox 1964 3192 2230 3263; x_wconf 89' lang='lat' dir='ltr'><strong>quispiam</strong></span> <span class='ocrx_word' id='word_1_428' title='bbox 2272 3205 2432 3245; x_wconf 88' lang='lat' dir='ltr'><strong>aures</strong></span> <span class='ocrx_word' id='word_1_429' title='bbox 2469 3191 2631 3244; x_wconf 87' lang='lat' dir='ltr'><strong>habet</strong></span> <span class='ocrx_word' id='word_1_430' title='bbox 2670 3191 2967 3246; x_wconf 89' lang='lat' dir='ltr'><strong>surdiores.</strong></span> <span class='ocrx_word' id='word_1_431' title='bbox 3023 3187 3202 3255; x_wconf 85' lang='lat' dir='ltr'><strong>Quid?</strong></span> <span class='ocrx_word' id='word_1_432' title='bbox 3250 3189 3389 3258; x_wconf 89' lang='lat' dir='ltr'><strong>quod</strong></span> <span class='ocrx_word' id='word_1_433' title='bbox 3441 3204 3541 3244; x_wconf 90' lang='lat' dir='ltr'><strong>nec</strong></span> 
     </span>
    </p>
   </div>
   <div class='ocr_carea' id='block_1_61' title="bbox 281 3271 1854 3351">
    <p class='ocr_par' dir='ltr' id='par_1_61' title="bbox 281 3271 1854 3351">
     <span class='ocr_line' id='line_1_61' title="bbox 281 3271 1854 3351; baseline 0.005 -23"><span class='ocrx_word' id='word_1_434' title='bbox 281 3275 477 3348; x_wconf 75' lang='grc' dir='ltr'>πλήθει</span> <span class='ocrx_word' id='word_1_435' title='bbox 508 3277 601 3330; x_wconf 76' lang='grc' dir='ltr'><strong>καὶ</strong></span> <span class='ocrx_word' id='word_1_436' title='bbox 638 3279 768 3348; x_wconf 73' lang='grc' dir='ltr'>περὶ</span> <span class='ocrx_word' id='word_1_437' title='bbox 818 3271 932 3331; x_wconf 78' lang='grc' dir='ltr'>ὦτα</span> <span class='ocrx_word' id='word_1_438' title='bbox 979 3279 1377 3351; x_wconf 69' lang='grc' dir='ltr'>ἀτυχέστερος·</span> <span class='ocrx_word' id='word_1_439' title='bbox 1414 3281 1475 3335; x_wconf 77' lang='grc' dir='ltr'>οὔ</span> <span class='ocrx_word' id='word_1_440' title='bbox 1514 3300 1596 3335; x_wconf 88' lang='grc' dir='ltr'><strong>τοι</strong></span> <span class='ocrx_word' id='word_1_441' title='bbox 1647 3283 1854 3347; x_wconf 81' lang='grc' dir='ltr'>πάντας</span> 
     </span>
    </p>
   </div>
   <div class='ocr_carea' id='block_1_62' title="bbox 280 3363 1859 3444">
    <p class='ocr_par' dir='ltr' id='par_1_62' title="bbox 280 3363 1859 3444">
     <span class='ocr_line' id='line_1_62' title="bbox 280 3363 1859 3444; baseline 0.003 -22"><span class='ocrx_word' id='word_1_442' title='bbox 280 3369 391 3422; x_wconf 70' lang='grc' dir='ltr'>οὐδ’</span> <span class='ocrx_word' id='word_1_443' title='bbox 446 3370 474 3422; x_wconf 89' lang='lat'><strong>6</strong></span> <span class='ocrx_word' id='word_1_444' title='bbox 511 3370 664 3439; x_wconf 82' lang='grc' dir='ltr'>ἥλιος</span> <span class='ocrx_word' id='word_1_445' title='bbox 715 3363 827 3434; x_wconf 75' lang='grc' dir='ltr'>οἶός</span> <span class='ocrx_word' id='word_1_446' title='bbox 870 3370 930 3422; x_wconf 83' lang='grc' dir='ltr'><strong>τέ</strong></span> <span class='ocrx_word' id='word_1_447' title='bbox 980 3373 1096 3424; x_wconf 76' lang='grc' dir='ltr'>ἐστι</span> <span class='ocrx_word' id='word_1_448' title='bbox 1123 3371 1458 3442; x_wconf 86' lang='grc' dir='ltr'>θερμαίνειν,</span> <span class='ocrx_word' id='word_1_449' title='bbox 1494 3374 1605 3429; x_wconf 80' lang='grc' dir='ltr'>ἀλλ’</span> <span class='ocrx_word' id='word_1_450' title='bbox 1632 3375 1732 3444; x_wconf 79' lang='grc' dir='ltr'><strong>ήδη</strong></span> <span class='ocrx_word' id='word_1_451' title='bbox 1776 3392 1859 3438; x_wconf 91' lang='grc' dir='ltr'><strong>τις</strong></span> 
     </span>
    </p>
   </div>
   <div class='ocr_carea' id='block_1_63' title="bbox 282 3459 1861 3535">
    <p class='ocr_par' dir='ltr' id='par_1_63' title="bbox 282 3459 1861 3535">
     <span class='ocr_line' id='line_1_63' title="bbox 282 3459 1861 3535; baseline 0.004 -25"><span class='ocrx_word' id='word_1_452' title='bbox 282 3461 341 3510; x_wconf 78' lang='grc' dir='ltr'>ὲν</span> <span class='ocrx_word' id='word_1_453' title='bbox 383 3459 608 3528; x_wconf 86' lang='grc' dir='ltr'>καθαρῷ</span> <span class='ocrx_word' id='word_1_454' title='bbox 638 3459 734 3528; x_wconf 78' lang='grc' dir='ltr'>τῆς</span> <span class='ocrx_word' id='word_1_455' title='bbox 783 3459 1132 3531; x_wconf 84' lang='grc' dir='ltr'>μεσημϐρίας</span> <span class='ocrx_word' id='word_1_456' title='bbox 1183 3461 1488 3535; x_wconf 77' lang='grc' dir='ltr'>ἐρρίγωσε,</span> <span class='ocrx_word' id='word_1_457' title='bbox 1545 3464 1644 3534; x_wconf 85' lang='grc' dir='ltr'>τῆς</span> <span class='ocrx_word' id='word_1_458' title='bbox 1691 3481 1861 3517; x_wconf 89' lang='grc' dir='ltr'>κατα-</span> 
     </span>
    </p>
   </div>
   <div class='ocr_carea' id='block_1_64' title="bbox 282 3552 1860 3627">
    <p class='ocr_par' dir='ltr' id='par_1_64' title="bbox 282 3552 1860 3627">
     <span class='ocr_line' id='line_1_64' title="bbox 282 3552 1860 3627; baseline 0.003 -21"><span class='ocrx_word' id='word_1_459' title='bbox 282 3553 446 3621; x_wconf 77' lang='grc' dir='ltr'>ϐολῆς</span> <span class='ocrx_word' id='word_1_460' title='bbox 509 3552 865 3622; x_wconf 69' lang='grc' dir='ltr'>ἐπελθούσης.</span> <span class='ocrx_word' id='word_1_461' title='bbox 905 3553 1046 3606; x_wconf 85' lang='grc' dir='ltr'>Ἀλλ’</span> <span class='ocrx_word' id='word_1_462' title='bbox 1109 3555 1318 3620; x_wconf 75' lang='grc' dir='ltr'>ἐκεῖνος</span> <span class='ocrx_word' id='word_1_463' title='bbox 1336 3556 1384 3588; x_wconf 74' lang='grc'><strong>⁷⁸</strong></span> <span class='ocrx_word' id='word_1_464' title='bbox 1439 3557 1467 3608; x_wconf 91' lang='lat'><strong>6</strong></span> <span class='ocrx_word' id='word_1_465' title='bbox 1513 3557 1705 3627; x_wconf 76' lang='grc' dir='ltr'>καιρὸς</span> <span class='ocrx_word' id='word_1_466' title='bbox 1753 3557 1860 3610; x_wconf 85' lang='grc' dir='ltr'>ῶσ-</span> 
     </span>
    </p>
   </div>
   <div class='ocr_carea' id='block_1_65' title="bbox 284 3642 1859 3717">
    <p class='ocr_par' dir='ltr' id='par_1_65' title="bbox 284 3642 1859 3717">
     <span class='ocr_line' id='line_1_65' title="bbox 284 3642 1859 3717; baseline 0.003 -23"><span class='ocrx_word' id='word_1_467' title='bbox 284 3660 391 3713; x_wconf 84' lang='grc' dir='ltr'><strong>περ</strong></span> <span class='ocrx_word' id='word_1_468' title='bbox 425 3642 601 3714; x_wconf 75' lang='grc' dir='ltr'>κῆρυξ</span> <span class='ocrx_word' id='word_1_469' title='bbox 641 3643 828 3694; x_wconf 79' lang='grc' dir='ltr'>ἐκάλει</span> <span class='ocrx_word' id='word_1_470' title='bbox 885 3643 995 3695; x_wconf 87' lang='grc' dir='ltr'><strong>τῶν</strong></span> <span class='ocrx_word' id='word_1_471' title='bbox 1037 3644 1306 3715; x_wconf 85' lang='grc' dir='ltr'>Ἐλλήνων</span> <span class='ocrx_word' id='word_1_472' title='bbox 1357 3647 1449 3699; x_wconf 74' lang='grc' dir='ltr'><strong>τὸν</strong></span> <span class='ocrx_word' id='word_1_473' title='bbox 1483 3648 1859 3717; x_wconf 80' lang='grc' dir='ltr'>ἀνδρειότατον</span> 
     </span>
    </p>
   </div>
   <div class='ocr_carea' id='block_1_66' title="bbox 285 3736 1860 3809">
    <p class='ocr_par' dir='ltr' id='par_1_66' title="bbox 285 3736 1860 3809">
     <span class='ocr_line' id='line_1_66' title="bbox 285 3736 1860 3809; baseline 0.002 -20"><span class='ocrx_word' id='word_1_474' title='bbox 285 3736 384 3790; x_wconf 78' lang='grc' dir='ltr'><strong>καὶ</strong></span> <span class='ocrx_word' id='word_1_475' title='bbox 437 3736 530 3788; x_wconf 81' lang='grc' dir='ltr'><strong>τὸν</strong></span> <span class='ocrx_word' id='word_1_476' title='bbox 583 3738 648 3788; x_wconf 86' lang='grc' dir='ltr'><strong>ὲκ</strong></span> <span class='ocrx_word' id='word_1_477' title='bbox 688 3737 942 3790; x_wconf 89' lang='grc' dir='ltr'>πλείστου</span> <span class='ocrx_word' id='word_1_478' title='bbox 972 3741 1085 3800; x_wconf 88' lang='grc' dir='ltr'>τοῖς</span> <span class='ocrx_word' id='word_1_479' title='bbox 1138 3738 1382 3809; x_wconf 83' lang='grc' dir='ltr'>ἀρίστοις</span> <span class='ocrx_word' id='word_1_480' title='bbox 1411 3739 1690 3808; x_wconf 84' lang='grc' dir='ltr'>λογισμοῖς</span> <span class='ocrx_word' id='word_1_481' title='bbox 1719 3741 1860 3808; x_wconf 76' lang='grc' dir='ltr'>ὡμιο</span> 
     </span>
    </p>
   </div>
   <div class='ocr_carea' id='block_1_67' title="bbox 282 3826 1858 3898">
    <p class='ocr_par' dir='ltr' id='par_1_67' title="bbox 282 3826 1858 3898">
     <span class='ocr_line' id='line_1_67' title="bbox 282 3826 1858 3898; baseline 0.002 -18"><span class='ocrx_word' id='word_1_482' title='bbox 282 3827 513 3898; x_wconf 86' lang='grc' dir='ltr'>ληκότα,</span> <span class='ocrx_word' id='word_1_483' title='bbox 548 3829 641 3880; x_wconf 74' lang='grc' dir='ltr'><strong>καὶ</strong></span> <span class='ocrx_word' id='word_1_484' title='bbox 683 3829 832 3892; x_wconf 83' lang='grc' dir='ltr'>ὅστις</span> <span class='ocrx_word' id='word_1_485' title='bbox 859 3826 998 3882; x_wconf 72' lang='grc' dir='ltr'>οἶδεν</span> <span class='ocrx_word' id='word_1_486' title='bbox 1025 3831 1172 3892; x_wconf 83' lang='grc' dir='ltr'>ὅπως</span> <span class='ocrx_word' id='word_1_487' title='bbox 1201 3829 1282 3883; x_wconf 88' lang='grc' dir='ltr'>δεῖ</span> <span class='ocrx_word' id='word_1_488' title='bbox 1321 3830 1513 3894; x_wconf 78' lang='grc' dir='ltr'>σώζειν</span> <span class='ocrx_word' id='word_1_489' title='bbox 1544 3847 1602 3882; x_wconf 89' lang='grc' dir='ltr'><strong>τε</strong></span> <span class='ocrx_word' id='word_1_490' title='bbox 1631 3830 1725 3883; x_wconf 78' lang='grc' dir='ltr'><strong>καὶ</strong></span> <span class='ocrx_word' id='word_1_491' title='bbox 1750 3830 1858 3883; x_wconf 85' lang='grc' dir='ltr'><strong>σώ-</strong></span> 
     </span>
    </p>
   </div>
   <div class='ocr_carea' id='block_1_68' title="bbox 282 3918 1858 3993">
    <p class='ocr_par' dir='ltr' id='par_1_68' title="bbox 282 3918 1858 3993">
     <span class='ocr_line' id='line_1_68' title="bbox 282 3918 1858 3993; baseline 0.002 -23"><span class='ocrx_word' id='word_1_492' title='bbox 282 3918 492 3984; x_wconf 77' lang='grc' dir='ltr'>ζεσθαι.</span> <span class='ocrx_word' id='word_1_493' title='bbox 522 3920 585 3971; x_wconf 79' lang='lat' dir='ltr'><strong>Ei</strong></span> <span class='ocrx_word' id='word_1_494' title='bbox 609 3919 654 3972; x_wconf 80' lang='grc' dir='ltr'>δ’</span> <span class='ocrx_word' id='word_1_495' title='bbox 677 3919 722 3951; x_wconf 85' lang='grc'><strong>⁷⁷</strong></span> <span class='ocrx_word' id='word_1_496' title='bbox 748 3920 842 3972; x_wconf 87' lang='grc' dir='ltr'>ἀπ’</span> <span class='ocrx_word' id='word_1_497' title='bbox 867 3920 1047 3974; x_wconf 83' lang='grc' dir='ltr'>αὐτῶν</span> <span class='ocrx_word' id='word_1_498' title='bbox 1072 3920 1116 3952; x_wconf 81' lang='grc'><strong>⁷⁸</strong></span> <span class='ocrx_word' id='word_1_499' title='bbox 1145 3921 1254 3974; x_wconf 88' lang='grc' dir='ltr'><strong>τῶν</strong></span> <span class='ocrx_word' id='word_1_500' title='bbox 1276 3923 1535 3993; x_wconf 80' lang='grc' dir='ltr'>κηρύκων</span> <span class='ocrx_word' id='word_1_501' title='bbox 1562 3921 1858 3991; x_wconf 77' lang='grc' dir='ltr'>ἀρξάμενοι</span> 
     </span>
    </p>
   </div>
   <div class='ocr_carea' id='block_1_69' title="bbox 280 4012 1861 4087">
    <p class='ocr_par' dir='ltr' id='par_1_69' title="bbox 280 4012 1861 4087">
     <span class='ocr_line' id='line_1_69' title="bbox 280 4012 1861 4087; baseline 0.002 -25"><span class='ocrx_word' id='word_1_502' title='bbox 280 4012 498 4078; x_wconf 80' lang='grc' dir='ltr'>καὶτῆς</span> <span class='ocrx_word' id='word_1_503' title='bbox 525 4013 870 4081; x_wconf 87' lang='grc' dir='ltr'>ἀποκρίσεως</span> <span class='ocrx_word' id='word_1_504' title='bbox 908 4013 1280 4085; x_wconf 82' lang='grc' dir='ltr'>προηγόρευον</span> <span class='ocrx_word' id='word_1_505' title='bbox 1324 4013 1627 4087; x_wconf 75' lang='grc' dir='ltr'>Ἀθηναίοις</span> <span class='ocrx_word' id='word_1_506' title='bbox 1663 4015 1744 4067; x_wconf 86' lang='grc' dir='ltr'>ὅτι</span> <span class='ocrx_word' id='word_1_507' title='bbox 1778 4015 1861 4068; x_wconf 90' lang='grc' dir='ltr'><strong>δεῖ</strong></span> 
     </span>
    </p>
   </div>
   <div class='ocr_carea' id='block_1_70' title="bbox 284 4102 1858 4177">
    <p class='ocr_par' dir='ltr' id='par_1_70' title="bbox 284 4102 1858 4177">
     <span class='ocr_line' id='line_1_70' title="bbox 284 4102 1858 4177; baseline 0.004 -23"><span class='ocrx_word' id='word_1_508' title='bbox 284 4102 515 4172; x_wconf 78' lang='grc' dir='ltr'>μελετᾷν</span> <span class='ocrx_word' id='word_1_509' title='bbox 563 4103 655 4155; x_wconf 83' lang='grc' dir='ltr'><strong>τὸν</strong></span> <span class='ocrx_word' id='word_1_510' title='bbox 707 4104 846 4174; x_wconf 85' lang='grc' dir='ltr'>ὑπὲρ</span> <span class='ocrx_word' id='word_1_511' title='bbox 905 4107 1006 4175; x_wconf 81' lang='grc' dir='ltr'>τῆς</span> <span class='ocrx_word' id='word_1_512' title='bbox 1061 4106 1170 4158; x_wconf 87' lang='grc' dir='ltr'><strong>τῶν</strong></span> <span class='ocrx_word' id='word_1_513' title='bbox 1224 4106 1491 4177; x_wconf 80' lang='grc' dir='ltr'>Ἐλλήνων</span> <span class='ocrx_word' id='word_1_514' title='bbox 1545 4107 1858 4177; x_wconf 78' lang='grc' dir='ltr'>ἐλευθερίας</span> 
     </span>
    </p>
   </div>
   <div class='ocr_carea' id='block_1_71' title="bbox 279 4195 1859 4271">
    <p class='ocr_par' dir='ltr' id='par_1_71' title="bbox 279 4195 1859 4271">
     <span class='ocr_line' id='line_1_71' title="bbox 279 4195 1859 4271; baseline 0.003 -22"><span class='ocrx_word' id='word_1_515' title='bbox 279 4195 472 4262; x_wconf 79' lang='grc' dir='ltr'>ἀγῶνα</span> <span class='ocrx_word' id='word_1_516' title='bbox 504 4197 597 4247; x_wconf 72' lang='grc' dir='ltr'><strong>καὶ</strong></span> <span class='ocrx_word' id='word_1_517' title='bbox 638 4197 712 4267; x_wconf 82' lang='grc' dir='ltr'><strong>μὴ</strong></span> <span class='ocrx_word' id='word_1_518' title='bbox 754 4196 931 4251; x_wconf 78' lang='grc' dir='ltr'>λιπεῖν</span> <span class='ocrx_word' id='word_1_519' title='bbox 956 4199 1056 4268; x_wconf 75' lang='grc' dir='ltr'><strong>τήν</strong></span> <span class='ocrx_word' id='word_1_520' title='bbox 1079 4199 1170 4252; x_wconf 82' lang='grc' dir='ltr'>τοῦ</span> <span class='ocrx_word' id='word_1_521' title='bbox 1215 4201 1562 4271; x_wconf 85' lang='grc' dir='ltr'>φρονήματος</span> <span class='ocrx_word' id='word_1_522' title='bbox 1588 4201 1740 4265; x_wconf 78' lang='grc' dir='ltr'>τάξιν</span> <span class='ocrx_word' id='word_1_523' title='bbox 1764 4203 1859 4255; x_wconf 73' lang='grc' dir='ltr'>καὶ</span> 
     </span>
    </p>
   </div>
   <div class='ocr_carea' id='block_1_72' title="bbox 279 4281 1854 4357">
    <p class='ocr_par' dir='ltr' id='par_1_72' title="bbox 279 4281 1854 4357">
     <span class='ocr_line' id='line_1_72' title="bbox 279 4281 1854 4357; baseline 0.006 -23"><span class='ocrx_word' id='word_1_524' title='bbox 279 4281 340 4334; x_wconf 75' lang='grc' dir='ltr'><strong>οὗ</strong></span> <span class='ocrx_word' id='word_1_525' title='bbox 391 4283 525 4336; x_wconf 63' lang='grc' dir='ltr'><strong>τάπ’</strong></span> <span class='ocrx_word' id='word_1_526' title='bbox 558 4283 697 4336; x_wconf 84' lang='grc' dir='ltr'>ὅπλα</span> <span class='ocrx_word' id='word_1_527' title='bbox 739 4283 1001 4355; x_wconf 74' lang='grc' dir='ltr'>ῥίψαντας</span> <span class='ocrx_word' id='word_1_528' title='bbox 1037 4287 1157 4339; x_wconf 78' lang='grc' dir='ltr'>οὐδὲ</span> <span class='ocrx_word' id='word_1_529' title='bbox 1205 4291 1320 4351; x_wconf 86' lang='grc' dir='ltr'>τοῖς</span> <span class='ocrx_word' id='word_1_530' title='bbox 1350 4289 1537 4357; x_wconf 85' lang='grc' dir='ltr'>φόϐοις</span> <span class='ocrx_word' id='word_1_531' title='bbox 1573 4289 1854 4356; x_wconf 78' lang='grc' dir='ltr'>εἴξαντας,</span> 
     </span>
    </p>
   </div>
   <div class='ocr_carea' id='block_1_73' title="bbox 279 4371 1857 4450">
    <p class='ocr_par' dir='ltr' id='par_1_73' title="bbox 279 4371 1857 4450">
     <span class='ocr_line' id='line_1_73' title="bbox 279 4371 1857 4450; baseline 0.006 -25"><span class='ocrx_word' id='word_1_532' title='bbox 279 4371 396 4425; x_wconf 82' lang='grc' dir='ltr'>ἀλλ’</span> <span class='ocrx_word' id='word_1_533' title='bbox 432 4373 799 4437; x_wconf 77' lang='grc' dir='ltr'>ἀναλαϐόντας</span> <span class='ocrx_word' id='word_1_534' title='bbox 828 4376 897 4429; x_wconf 82' lang='grc' dir='ltr'><strong>τὰ</strong></span> <span class='ocrx_word' id='word_1_535' title='bbox 927 4378 1066 4430; x_wconf 84' lang='grc' dir='ltr'>ὅπλα</span> <span class='ocrx_word' id='word_1_536' title='bbox 1095 4380 1185 4431; x_wconf 75' lang='grc' dir='ltr'><strong>καὶ</strong></span> <span class='ocrx_word' id='word_1_537' title='bbox 1231 4381 1336 4432; x_wconf 84' lang='grc' dir='ltr'><strong>τῶν</strong></span> <span class='ocrx_word' id='word_1_538' title='bbox 1367 4381 1546 4449; x_wconf 72' lang='grc' dir='ltr'>φόϐων</span> <span class='ocrx_word' id='word_1_539' title='bbox 1575 4382 1857 4450; x_wconf 86' lang='grc' dir='ltr'>κρείττους</span> 
     </span>
    </p>
   </div>
   <div class='ocr_carea' id='block_1_74' title="bbox 278 4468 1854 4541">
    <p class='ocr_par' dir='ltr' id='par_1_74' title="bbox 278 4468 1854 4541">
     <span class='ocr_line' id='line_1_74' title="bbox 278 4468 1854 4541; baseline 0.006 -24"><span class='ocrx_word' id='word_1_540' title='bbox 278 4468 632 4535; x_wconf 84' lang='grc' dir='ltr'>γενομένους,</span> <span class='ocrx_word' id='word_1_541' title='bbox 667 4469 865 4541; x_wconf 85' lang='grc' dir='ltr'>μᾶλλον</span> <span class='ocrx_word' id='word_1_542' title='bbox 902 4470 956 4523; x_wconf 82' lang='grc' dir='ltr'><strong>δὲ</strong></span> <span class='ocrx_word' id='word_1_543' title='bbox 989 4471 1084 4524; x_wconf 73' lang='grc' dir='ltr'>ἕνα</span> <span class='ocrx_word' id='word_1_544' title='bbox 1129 4473 1317 4525; x_wconf 80' lang='grc' dir='ltr'>τοῦτον</span> <span class='ocrx_word' id='word_1_545' title='bbox 1363 4473 1527 4541; x_wconf 80' lang='grc' dir='ltr'>φόϐον</span> <span class='ocrx_word' id='word_1_546' title='bbox 1555 4475 1650 4527; x_wconf 71' lang='grc' dir='ltr'><strong>καὶ</strong></span> <span class='ocrx_word' id='word_1_547' title='bbox 1682 4473 1854 4526; x_wconf 76' lang='grc' dir='ltr'>δεινὸν</span> 
     </span>
    </p>
   </div>
   <div class='ocr_carea' id='block_1_75' title="bbox 1964 3279 3542 3354">
    <p class='ocr_par' dir='ltr' id='par_1_75' title="bbox 1964 3279 3542 3354">
     <span class='ocr_line' id='line_1_75' title="bbox 1964 3279 3542 3354; baseline -0.004 -13"><span class='ocrx_word' id='word_1_548' title='bbox 1964 3285 2046 3342; x_wconf 90' lang='lat' dir='ltr'><strong>sol</strong></span> <span class='ocrx_word' id='word_1_549' title='bbox 2083 3285 2302 3354; x_wconf 89' lang='lat' dir='ltr'><strong>quidem</strong></span> <span class='ocrx_word' id='word_1_550' title='bbox 2347 3298 2536 3338; x_wconf 90' lang='lat' dir='ltr'><strong>omnes</strong></span> <span class='ocrx_word' id='word_1_551' title='bbox 2570 3291 2750 3352; x_wconf 90' lang='lat' dir='ltr'><strong>potest</strong></span> <span class='ocrx_word' id='word_1_552' title='bbox 2789 3281 3110 3346; x_wconf 87' lang='lat' dir='ltr'><strong>calefacere,</strong></span> <span class='ocrx_word' id='word_1_553' title='bbox 3156 3292 3318 3350; x_wconf 90' lang='lat' dir='ltr'><strong>atque</strong></span> <span class='ocrx_word' id='word_1_554' title='bbox 3347 3279 3542 3348; x_wconf 87' lang='lat' dir='ltr'><strong>aliquis</strong></span> 
     </span>
    </p>
   </div>
   <div class='ocr_carea' id='block_1_76' title="bbox 1965 3373 3548 3445">
    <p class='ocr_par' dir='ltr' id='par_1_76' title="bbox 1965 3373 3548 3445">
     <span class='ocr_line' id='line_1_76' title="bbox 1965 3373 3548 3445; baseline -0.004 -13"><span class='ocrx_word' id='word_1_555' title='bbox 1965 3377 2192 3432; x_wconf 90' lang='lat' dir='ltr'><strong>meridie</strong></span> <span class='ocrx_word' id='word_1_556' title='bbox 2246 3391 2438 3431; x_wconf 90' lang='lat' dir='ltr'><strong>serena</strong></span> <span class='ocrx_word' id='word_1_557' title='bbox 2483 3374 2583 3429; x_wconf 89' lang='lat' dir='ltr'><strong>sub</strong></span> <span class='ocrx_word' id='word_1_558' title='bbox 2625 3374 2992 3429; x_wconf 87' lang='lat' dir='ltr'><strong>accessionem</strong></span> <span class='ocrx_word' id='word_1_559' title='bbox 3043 3373 3208 3428; x_wconf 86' lang='lat' dir='ltr'><strong>febris</strong></span> <span class='ocrx_word' id='word_1_560' title='bbox 3254 3373 3548 3445; x_wconf 4' lang='lat' dir='ltr'><strong>aliquando,</strong></span> 
     </span>
    </p>
   </div>
   <div class='ocr_carea' id='block_1_77' title="bbox 1962 3463 3540 3537">
    <p class='ocr_par' dir='ltr' id='par_1_77' title="bbox 1962 3463 3540 3537">
     <span class='ocr_line' id='line_1_77' title="bbox 1962 3463 3540 3537; baseline -0.002 -16"><span class='ocrx_word' id='word_1_561' title='bbox 1962 3467 2148 3537; x_wconf 77' lang='lat' dir='ltr'><strong>riguit.</strong></span> <span class='ocrx_word' id='word_1_562' title='bbox 2188 3465 2384 3520; x_wconf 86' lang='lat' dir='ltr'><strong>Verum</strong></span> <span class='ocrx_word' id='word_1_563' title='bbox 2417 3467 2530 3519; x_wconf 58' lang='lat' dir='ltr'><strong>hare</strong></span> <span class='ocrx_word' id='word_1_564' title='bbox 2574 3478 2661 3519; x_wconf 92' lang='lat' dir='ltr'><strong>res</strong></span> <span class='ocrx_word' id='word_1_565' title='bbox 2685 3464 2858 3517; x_wconf 90' lang='lat' dir='ltr'><strong>instar</strong></span> <span class='ocrx_word' id='word_1_566' title='bbox 2907 3464 3170 3534; x_wconf 86' lang='lat' dir='ltr'><strong>praeconis</strong></span> <span class='ocrx_word' id='word_1_567' title='bbox 3214 3463 3540 3518; x_wconf 89' lang='lat' dir='ltr'><strong>fortissimos</strong></span> 
     </span>
    </p>
   </div>
   <div class='ocr_carea' id='block_1_78' title="bbox 1961 3533 3562 3630">
    <p class='ocr_par' dir='ltr' id='par_1_78' title="bbox 1961 3533 3562 3630">
     <span class='ocr_line' id='line_1_78' title="bbox 1961 3533 3562 3630; baseline 0 -18"><span class='ocrx_word' id='word_1_568' title='bbox 1961 3533 2206 3630; x_wconf 70' lang='lat' dir='ltr'><strong>quosque</strong></span> <span class='ocrx_word' id='word_1_569' title='bbox 2230 3557 2539 3613; x_wconf 82' lang='lat' dir='ltr'><strong>Graecorum</strong></span> <span class='ocrx_word' id='word_1_570' title='bbox 2570 3557 2856 3619; x_wconf 84' lang='lat' dir='ltr'><strong>evocabat,</strong></span> <span class='ocrx_word' id='word_1_571' title='bbox 2887 3533 2940 3610; x_wconf 91' lang='lat' dir='ltr'><strong>et</strong></span> <span class='ocrx_word' id='word_1_572' title='bbox 2972 3557 3062 3626; x_wconf 93' lang='lat' dir='ltr'><strong>qui</strong></span> <span class='ocrx_word' id='word_1_573' title='bbox 3091 3557 3290 3611; x_wconf 91' lang='lat' dir='ltr'><strong>dudum</strong></span> <span class='ocrx_word' id='word_1_574' title='bbox 3319 3533 3562 3624; x_wconf 39' lang='lat' dir='ltr'><strong>optimis‘</strong></span> 
     </span>
    </p>
   </div>
   <div class='ocr_carea' id='block_1_79' title="bbox 1960 3646 3539 3718">
    <p class='ocr_par' dir='ltr' id='par_1_79' title="bbox 1960 3646 3539 3718">
     <span class='ocr_line' id='line_1_79' title="bbox 1960 3646 3539 3718; baseline -0.003 -14"><span class='ocrx_word' id='word_1_575' title='bbox 1960 3649 2205 3704; x_wconf 88' lang='lat' dir='ltr'><strong>consiliis</strong></span> <span class='ocrx_word' id='word_1_576' title='bbox 2233 3662 2358 3702; x_wconf 88' lang='lat' dir='ltr'><strong>ante</strong></span> <span class='ocrx_word' id='word_1_577' title='bbox 2395 3646 2557 3718; x_wconf 70' lang='grc'><strong>427</strong></span> <span class='ocrx_word' id='word_1_578' title='bbox 2584 3664 2615 3700; x_wconf 88' lang='lat' dir='ltr'><strong>a</strong></span> <span class='ocrx_word' id='word_1_579' title='bbox 2646 3647 2964 3710; x_wconf 89' lang='lat' dir='ltr'><strong>valuissent,</strong></span> <span class='ocrx_word' id='word_1_580' title='bbox 3013 3661 3076 3700; x_wconf 87' lang='lat' dir='ltr'><strong>ac</strong></span> <span class='ocrx_word' id='word_1_581' title='bbox 3115 3647 3382 3715; x_wconf 91' lang='lat' dir='ltr'><strong>quomodo</strong></span> <span class='ocrx_word' id='word_1_582' title='bbox 3419 3663 3539 3701; x_wconf 88' lang='lat' dir='ltr'><strong>ser-</strong></span> 
     </span>
    </p>
   </div>
   <div class='ocr_carea' id='block_1_80' title="bbox 1959 3735 3538 3808">
    <p class='ocr_par' dir='ltr' id='par_1_80' title="bbox 1959 3735 3538 3808">
     <span class='ocr_line' id='line_1_80' title="bbox 1959 3735 3538 3808; baseline -0.003 -14"><span class='ocrx_word' id='word_1_583' title='bbox 1959 3755 2090 3794; x_wconf 90' lang='lat' dir='ltr'><strong>vare</strong></span> <span class='ocrx_word' id='word_1_584' title='bbox 2119 3739 2434 3808; x_wconf 84' lang='lat' dir='ltr'><strong>servarique</strong></span> <span class='ocrx_word' id='word_1_585' title='bbox 2461 3738 2739 3800; x_wconf 90' lang='lat' dir='ltr'><strong>deberent,</strong></span> <span class='ocrx_word' id='word_1_586' title='bbox 2771 3737 2994 3792; x_wconf 79' lang='lat' dir='ltr'><strong>scirent.</strong></span> <span class='ocrx_word' id='word_1_587' title='bbox 3025 3735 3119 3792; x_wconf 92' lang='lat' dir='ltr'><strong>Sin</strong></span> <span class='ocrx_word' id='word_1_588' title='bbox 3152 3738 3220 3791; x_wconf 90' lang='lat' dir='ltr'><strong>ab</strong></span> <span class='ocrx_word' id='word_1_589' title='bbox 3247 3738 3374 3805; x_wconf 80' lang='lat' dir='ltr'><strong>ipsis</strong></span> <span class='ocrx_word' id='word_1_590' title='bbox 3405 3753 3538 3807; x_wconf 74' lang='lat' dir='ltr'><strong>pra:-</strong></span> 
     </span>
    </p>
   </div>
   <div class='ocr_carea' id='block_1_81' title="bbox 1959 3829 3539 3908">
    <p class='ocr_par' dir='ltr' id='par_1_81' title="bbox 1959 3829 3539 3908">
     <span class='ocr_line' id='line_1_81' title="bbox 1959 3829 3539 3908; baseline -0.003 -22"><span class='ocrx_word' id='word_1_591' title='bbox 1959 3831 2187 3886; x_wconf 86' lang='lat' dir='ltr'><strong>conibus</strong></span> <span class='ocrx_word' id='word_1_592' title='bbox 2214 3847 2278 3886; x_wconf 90' lang='lat' dir='ltr'><strong>ac</strong></span> <span class='ocrx_word' id='word_1_593' title='bbox 2316 3846 2573 3900; x_wconf 88' lang='lat' dir='ltr'><strong>responso</strong></span> <span class='ocrx_word' id='word_1_594' title='bbox 2617 3831 2798 3885; x_wconf 82' lang='lat' dir='ltr'><strong>exorsi</strong></span> <span class='ocrx_word' id='word_1_595' title='bbox 2836 3829 3193 3898; x_wconf 75' lang='lat' dir='ltr'><strong>iniunxerunt</strong></span> <span class='ocrx_word' id='word_1_596' title='bbox 3239 3829 3539 3908; x_wconf 83' lang='lat' dir='ltr'><strong>Athenien-</strong></span> 
     </span>
    </p>
   </div>
   <div class='ocr_carea' id='block_1_82' title="bbox 1959 3923 3542 3994">
    <p class='ocr_par' dir='ltr' id='par_1_82' title="bbox 1959 3923 3542 3994">
     <span class='ocr_line' id='line_1_82' title="bbox 1959 3923 3542 3994; baseline 0 -18"><span class='ocrx_word' id='word_1_597' title='bbox 1959 3923 2110 3977; x_wconf 88' lang='lat' dir='ltr'><strong>sibus</strong></span> <span class='ocrx_word' id='word_1_598' title='bbox 2143 3931 2199 3976; x_wconf 93' lang='lat' dir='ltr'><strong>ut</strong></span> <span class='ocrx_word' id='word_1_599' title='bbox 2232 3933 2506 3978; x_wconf 89' lang='lat' dir='ltr'><strong>certamen</strong></span> <span class='ocrx_word' id='word_1_600' title='bbox 2535 3939 2633 3994; x_wconf 89' lang='lat' dir='ltr'><strong>pro</strong></span> <span class='ocrx_word' id='word_1_601' title='bbox 2670 3923 2984 3979; x_wconf 79' lang='lat' dir='ltr'><strong>Graecorum</strong></span> <span class='ocrx_word' id='word_1_602' title='bbox 3017 3923 3265 3978; x_wconf 86' lang='lat' dir='ltr'><strong>libertate</strong></span> <span class='ocrx_word' id='word_1_603' title='bbox 3307 3923 3542 3977; x_wconf 86' lang='lat' dir='ltr'><strong>medita-</strong></span> 
     </span>
    </p>
   </div>
   <div class='ocr_carea' id='block_1_83' title="bbox 1960 4013 3539 4084">
    <p class='ocr_par' dir='ltr' id='par_1_83' title="bbox 1960 4013 3539 4084">
     <span class='ocr_line' id='line_1_83' title="bbox 1960 4013 3539 4084; baseline -0.001 -16"><span class='ocrx_word' id='word_1_604' title='bbox 1960 4024 2170 4078; x_wconf 89' lang='lat' dir='ltr'><strong>rentur,</strong></span> <span class='ocrx_word' id='word_1_605' title='bbox 2199 4029 2298 4068; x_wconf 87' lang='lat' dir='ltr'><strong>nec</strong></span> <span class='ocrx_word' id='word_1_606' title='bbox 2316 4013 2541 4083; x_wconf 83' lang='lat' dir='ltr'><strong>gloriam</strong></span> <span class='ocrx_word' id='word_1_607' title='bbox 2561 4029 2715 4069; x_wconf 88' lang='lat' dir='ltr'><strong>suam</strong></span> <span class='ocrx_word' id='word_1_608' title='bbox 2745 4015 3089 4083; x_wconf 89' lang='lat' dir='ltr'><strong>projicerent,</strong></span> <span class='ocrx_word' id='word_1_609' title='bbox 3117 4029 3291 4082; x_wconf 89' lang='lat' dir='ltr'><strong>neque</strong></span> <span class='ocrx_word' id='word_1_610' title='bbox 3315 4015 3539 4084; x_wconf 88' lang='lat' dir='ltr'><strong>abjectis</strong></span> 
     </span>
    </p>
   </div>
   <div class='ocr_carea' id='block_1_84' title="bbox 1961 4106 3538 4176">
    <p class='ocr_par' dir='ltr' id='par_1_84' title="bbox 1961 4106 3538 4176">
     <span class='ocr_line' id='line_1_84' title="bbox 1961 4106 3538 4176; baseline -0.003 -15"><span class='ocrx_word' id='word_1_611' title='bbox 1961 4109 2131 4161; x_wconf 83' lang='lat' dir='ltr'><strong>armis</strong></span> <span class='ocrx_word' id='word_1_612' title='bbox 2163 4108 2324 4162; x_wconf 89' lang='lat' dir='ltr'><strong>metui</strong></span> <span class='ocrx_word' id='word_1_613' title='bbox 2358 4107 2616 4163; x_wconf 88' lang='lat' dir='ltr'><strong>cederent</strong></span> <span class='ocrx_word' id='word_1_614' title='bbox 2647 4124 2662 4160; x_wconf 71' lang='lat'><strong>&#39;.</strong></span> <span class='ocrx_word' id='word_1_615' title='bbox 2699 4121 2885 4160; x_wconf 91' lang='lat' dir='ltr'><strong>verum</strong></span> <span class='ocrx_word' id='word_1_616' title='bbox 2919 4106 2985 4160; x_wconf 90' lang='lat' dir='ltr'><strong>iis</strong></span> <span class='ocrx_word' id='word_1_617' title='bbox 3015 4106 3308 4176; x_wconf 87' lang='lat' dir='ltr'><strong>resumptis</strong></span> <span class='ocrx_word' id='word_1_618' title='bbox 3337 4114 3538 4158; x_wconf 77' lang='lat' dir='ltr'><strong>metunt</strong></span> 
     </span>
    </p>
   </div>
   <div class='ocr_carea' id='block_1_85' title="bbox 1961 4201 3538 4272">
    <p class='ocr_par' dir='ltr' id='par_1_85' title="bbox 1961 4201 3538 4272">
     <span class='ocr_line' id='line_1_85' title="bbox 1961 4201 3538 4272; baseline -0.003 -16"><span class='ocrx_word' id='word_1_619' title='bbox 1961 4203 2281 4272; x_wconf 87' lang='lat' dir='ltr'><strong>abjicerent,</strong></span> <span class='ocrx_word' id='word_1_620' title='bbox 2314 4215 2476 4272; x_wconf 81' lang='lat' dir='ltr'><strong>atque</strong></span> <span class='ocrx_word' id='word_1_621' title='bbox 2505 4203 2607 4257; x_wconf 84' lang='lat' dir='ltr'><strong>hoc</strong></span> <span class='ocrx_word' id='word_1_622' title='bbox 2636 4203 2816 4272; x_wconf 90' lang='lat' dir='ltr'><strong>potius</strong></span> <span class='ocrx_word' id='word_1_623' title='bbox 2850 4201 3172 4270; x_wconf 75' lang='lat' dir='ltr'><strong>gravissime</strong></span> <span class='ocrx_word' id='word_1_624' title='bbox 3213 4207 3538 4261; x_wconf 88' lang='lat' dir='ltr'><strong>metuerent,</strong></span> 
     </span>
    </p>
   </div>
   <div class='ocr_carea' id='block_1_86' title="bbox 1959 4289 3542 4361">
    <p class='ocr_par' dir='ltr' id='par_1_86' title="bbox 1959 4289 3542 4361">
     <span class='ocr_line' id='line_1_86' title="bbox 1959 4289 3542 4361; baseline -0.004 -11"><span class='ocrx_word' id='word_1_625' title='bbox 1959 4310 2027 4350; x_wconf 90' lang='lat' dir='ltr'><strong>ne</strong></span> <span class='ocrx_word' id='word_1_626' title='bbox 2050 4294 2413 4350; x_wconf 88' lang='lat' dir='ltr'><strong>deterioribus</strong></span> <span class='ocrx_word' id='word_1_627' title='bbox 2438 4309 2538 4348; x_wconf 90' lang='lat' dir='ltr'><strong>nec</strong></span> <span class='ocrx_word' id='word_1_628' title='bbox 2585 4293 2743 4348; x_wconf 65' lang='lat' dir='ltr'><strong>avitae</strong></span> <span class='ocrx_word' id='word_1_629' title='bbox 2766 4293 3012 4361; x_wconf 74' lang='lat' dir='ltr'><strong>dignitati</strong></span> <span class='ocrx_word' id='word_1_630' title='bbox 3039 4291 3322 4353; x_wconf 83' lang='lat' dir='ltr'><strong>cederent;</strong></span> <span class='ocrx_word' id='word_1_631' title='bbox 3354 4289 3400 4342; x_wconf 91' lang='lat' dir='ltr'><strong>si</strong></span> <span class='ocrx_word' id='word_1_632' title='bbox 3437 4291 3542 4344; x_wconf 87' lang='lat' dir='ltr'><strong>hoc</strong></span> 
     </span>
    </p>
   </div>
   <div class='ocr_carea' id='block_1_87' title="bbox 1958 4386 3537 4446">
    <p class='ocr_par' dir='ltr' id='par_1_87' title="bbox 1958 4386 3537 4446">
     <span class='ocr_line' id='line_1_87' title="bbox 1958 4386 3537 4446; baseline -0.004 -5"><span class='ocrx_word' id='word_1_633' title='bbox 1958 4400 2052 4441; x_wconf 88' lang='lat' dir='ltr'><strong>eos</strong></span> <span class='ocrx_word' id='word_1_634' title='bbox 2087 4386 2246 4442; x_wconf 91' lang='lat' dir='ltr'><strong>modo</strong></span> <span class='ocrx_word' id='word_1_635' title='bbox 2269 4389 2332 4440; x_wconf 90' lang='lat' dir='ltr'><strong>ad</strong></span> <span class='ocrx_word' id='word_1_636' title='bbox 2363 4401 2650 4440; x_wconf 90' lang='lat' dir='ltr'><strong>commune</strong></span> <span class='ocrx_word' id='word_1_637' title='bbox 2689 4387 2755 4440; x_wconf 89' lang='lat' dir='ltr'><strong>de</strong></span> <span class='ocrx_word' id='word_1_638' title='bbox 2787 4398 2998 4439; x_wconf 88' lang='lat' dir='ltr'><strong>summa</strong></span> <span class='ocrx_word' id='word_1_639' title='bbox 3037 4397 3218 4436; x_wconf 87' lang='lat' dir='ltr'><strong>rerum</strong></span> <span class='ocrx_word' id='word_1_640' title='bbox 3261 4391 3537 4446; x_wconf 83' lang='lat' dir='ltr'><strong>certamen</strong></span> 
     </span>
    </p>
   </div>
   <div class='ocr_carea' id='block_1_88' title="bbox 1959 4468 3539 4540">
    <p class='ocr_par' dir='ltr' id='par_1_88' title="bbox 1959 4468 3539 4540">
     <span class='ocr_line' id='line_1_88' title="bbox 1959 4468 3539 4540; baseline -0.004 -10"><span class='ocrx_word' id='word_1_641' title='bbox 1959 4491 2251 4531; x_wconf 86' lang='lat' dir='ltr'><strong>occurrere</strong></span> <span class='ocrx_word' id='word_1_642' title='bbox 2295 4477 2602 4540; x_wconf 88' lang='lat' dir='ltr'><strong>voluerunt,</strong></span> <span class='ocrx_word' id='word_1_643' title='bbox 2640 4487 2693 4530; x_wconf 89' lang='lat' dir='ltr'><strong>et</strong></span> <span class='ocrx_word' id='word_1_644' title='bbox 2729 4482 2978 4529; x_wconf 88' lang='lat' dir='ltr'><strong>eventum</strong></span> <span class='ocrx_word' id='word_1_645' title='bbox 3018 4483 3355 4540; x_wconf 76' lang='lat' dir='ltr'><strong>exspectare,</strong></span> <span class='ocrx_word' id='word_1_646' title='bbox 3385 4468 3539 4538; x_wconf 89' lang='lat' dir='ltr'><strong>quasi</strong></span> 
     </span>
    </p>
   </div>
   <div class='ocr_carea' id='block_1_89' title="bbox 278 4550 1858 4636">
    <p class='ocr_par' dir='ltr' id='par_1_89' title="bbox 278 4555 1855 4636">
     <span class='ocr_line' id='line_1_89' title="bbox 278 4555 1855 4636; baseline 0.006 -29"><span class='ocrx_word' id='word_1_647' title='bbox 278 4555 375 4608; x_wconf 79' lang='grc' dir='ltr'><strong>καὶ</strong></span> <span class='ocrx_word' id='word_1_648' title='bbox 420 4557 692 4628; x_wconf 76' lang='grc' dir='ltr'>ἀφόρητον</span> <span class='ocrx_word' id='word_1_649' title='bbox 738 4563 1095 4630; x_wconf 83' lang='grc' dir='ltr'>νομίσαντας,</span> <span class='ocrx_word' id='word_1_650' title='bbox 1147 4560 1286 4627; x_wconf 78' lang='grc' dir='ltr'>εἶξαι</span> <span class='ocrx_word' id='word_1_651' title='bbox 1332 4566 1443 4627; x_wconf 89' lang='grc' dir='ltr'>τοῖς</span> <span class='ocrx_word' id='word_1_652' title='bbox 1499 4563 1708 4636; x_wconf 88' lang='grc' dir='ltr'>χείροσι</span> <span class='ocrx_word' id='word_1_653' title='bbox 1761 4567 1855 4619; x_wconf 76' lang='grc' dir='ltr'><strong>καὶ</strong></span> 
     </span>
    </p>
   </div>
   <div class='ocr_carea' id='block_1_90' title="bbox 1959 4550 3538 4636">
    <p class='ocr_par' dir='ltr' id='par_1_90' title="bbox 1964 4561 3538 4634">
     <span class='ocr_line' id='line_1_90' title="bbox 1964 4561 3538 4634; baseline -0.003 -16"><span class='ocrx_word' id='word_1_654' title='bbox 1964 4565 2014 4618; x_wconf 91' lang='lat' dir='ltr'><strong>in</strong></span> <span class='ocrx_word' id='word_1_655' title='bbox 2048 4575 2334 4633; x_wconf 90' lang='lat' dir='ltr'><strong>utramque</strong></span> <span class='ocrx_word' id='word_1_656' title='bbox 2366 4573 2572 4632; x_wconf 73' lang='lat' dir='ltr'><strong>partem</strong></span> <span class='ocrx_word' id='word_1_657' title='bbox 2611 4565 2794 4618; x_wconf 81' lang='lat' dir='ltr'><strong>felices</strong></span> <span class='ocrx_word' id='word_1_658' title='bbox 2822 4579 2977 4634; x_wconf 70' lang='lat' dir='ltr'><strong>reque</strong></span> <span class='ocrx_word' id='word_1_659' title='bbox 3009 4572 3195 4617; x_wconf 83' lang='lat' dir='ltr'><strong>essent</strong></span> <span class='ocrx_word' id='word_1_660' title='bbox 3219 4561 3408 4623; x_wconf 86' lang='lat' dir='ltr'><strong>futuri,</strong></span> <span class='ocrx_word' id='word_1_661' title='bbox 3433 4574 3538 4613; x_wconf 92' lang='lat' dir='ltr'><strong>non</strong></span> 
     </span>
    </p>
   </div>
   <div class='ocr_carea' id='block_1_91' title="bbox 278 4649 1858 4727">
    <p class='ocr_par' dir='ltr' id='par_1_91' title="bbox 278 4649 1858 4727">
     <span class='ocr_line' id='line_1_91' title="bbox 278 4649 1858 4727; baseline 0.008 -28"><span class='ocrx_word' id='word_1_662' title='bbox 278 4649 682 4720; x_wconf 71' lang='grc' dir='ltr'>παραχωρῆσαι</span> <span class='ocrx_word' id='word_1_663' title='bbox 714 4655 809 4704; x_wconf 79' lang='grc' dir='ltr'><strong>τοῦ</strong></span> <span class='ocrx_word' id='word_1_664' title='bbox 856 4656 1087 4724; x_wconf 84' lang='grc' dir='ltr'>πατρίου</span> <span class='ocrx_word' id='word_1_665' title='bbox 1139 4657 1455 4727; x_wconf 85' lang='grc' dir='ltr'>σχήματος,</span> <span class='ocrx_word' id='word_1_666' title='bbox 1490 4659 1536 4710; x_wconf 88' lang='grc' dir='ltr'><strong>εί</strong></span> <span class='ocrx_word' id='word_1_667' title='bbox 1567 4658 1738 4710; x_wconf 81' lang='grc' dir='ltr'>ταῦτα</span> <span class='ocrx_word' id='word_1_668' title='bbox 1769 4658 1858 4710; x_wconf 84' lang='grc' dir='ltr'><strong>λέ·-</strong></span> 
     </span>
    </p>
   </div>
   <div class='ocr_carea' id='block_1_92' title="bbox 1959 4649 3540 4727">
    <p class='ocr_par' dir='ltr' id='par_1_92' title="bbox 1959 4651 3540 4726">
     <span class='ocr_line' id='line_1_92' title="bbox 1959 4651 3540 4726; baseline -0.004 -17"><span class='ocrx_word' id='word_1_669' title='bbox 1959 4655 2112 4709; x_wconf 89' lang='lat' dir='ltr'><strong>video</strong></span> <span class='ocrx_word' id='word_1_670' title='bbox 2171 4657 2298 4726; x_wconf 91' lang='lat' dir='ltr'><strong>quid</strong></span> <span class='ocrx_word' id='word_1_671' title='bbox 2349 4659 2399 4710; x_wconf 91' lang='lat' dir='ltr'><strong>in</strong></span> <span class='ocrx_word' id='word_1_672' title='bbox 2452 4657 2553 4710; x_wconf 86' lang='lat' dir='ltr'><strong>bac</strong></span> <span class='ocrx_word' id='word_1_673' title='bbox 2603 4674 2661 4712; x_wconf 87' lang='lat' dir='ltr'><strong>re</strong></span> <span class='ocrx_word' id='word_1_674' title='bbox 2713 4657 2876 4710; x_wconf 83' lang='lat' dir='ltr'><strong>fuerit</strong></span> <span class='ocrx_word' id='word_1_675' title='bbox 2922 4654 3043 4708; x_wconf 89' lang='lat' dir='ltr'><strong>vilis</strong></span> <span class='ocrx_word' id='word_1_676' title='bbox 3089 4651 3396 4715; x_wconf 89' lang='lat' dir='ltr'><strong>ministerii,</strong></span> <span class='ocrx_word' id='word_1_677' title='bbox 3445 4659 3540 4704; x_wconf 85' lang='lat' dir='ltr'><strong>aut</strong></span> 
     </span>
    </p>
   </div>
   <div class='ocr_carea' id='block_1_93' title="bbox 277 4739 1858 4819">
    <p class='ocr_par' dir='ltr' id='par_1_93' title="bbox 277 4739 1858 4819">
     <span class='ocr_line' id='line_1_93' title="bbox 277 4739 1858 4819; baseline 0.008 -32"><span class='ocrx_word' id='word_1_678' title='bbox 277 4744 474 4804; x_wconf 64' lang='grc' dir='ltr'>γοντας</span> <span class='ocrx_word' id='word_1_679' title='bbox 507 4739 599 4790; x_wconf 77' lang='grc' dir='ltr'><strong>καὶ</strong></span> <span class='ocrx_word' id='word_1_680' title='bbox 633 4739 775 4793; x_wconf 76' lang='grc' dir='ltr'>οὕτω</span> <span class='ocrx_word' id='word_1_681' title='bbox 801 4749 1354 4817; x_wconf 82' lang='grc' dir='ltr'>παρεσκευασμένους</span> <span class='ocrx_word' id='word_1_682' title='bbox 1388 4747 1575 4818; x_wconf 62' lang='grc' dir='ltr'><strong>⁴ίγξίουν</strong></span> <span class='ocrx_word' id='word_1_683' title='bbox 1613 4750 1858 4819; x_wconf 86' lang='grc' dir='ltr'>ἀπαντᾷν</span> 
     </span>
    </p>
   </div>
   <div class='ocr_carea' id='block_1_94' title="bbox 1959 4739 3538 4819">
    <p class='ocr_par' dir='ltr' id='par_1_94' title="bbox 1959 4741 3538 4816">
     <span class='ocr_line' id='line_1_94' title="bbox 1959 4741 3538 4816; baseline -0.004 -15"><span class='ocrx_word' id='word_1_684' title='bbox 1959 4748 2226 4815; x_wconf 90' lang='lat' dir='ltr'><strong>quomodo</strong></span> <span class='ocrx_word' id='word_1_685' title='bbox 2281 4749 2394 4802; x_wconf 73' lang='lat' dir='ltr'><strong>haec</strong></span> <span class='ocrx_word' id='word_1_686' title='bbox 2433 4748 2814 4816; x_wconf 59' lang='lat' dir='ltr'><strong>gubernatoris</strong></span> <span class='ocrx_word' id='word_1_687' title='bbox 2867 4747 2978 4802; x_wconf 90' lang='lat' dir='ltr'><strong>sint</strong></span> <span class='ocrx_word' id='word_1_688' title='bbox 3027 4743 3254 4800; x_wconf 87' lang='lat' dir='ltr'><strong>consilio</strong></span> <span class='ocrx_word' id='word_1_689' title='bbox 3300 4741 3538 4797; x_wconf 82' lang='lat' dir='ltr'><strong>similia?</strong></span> 
     </span>
    </p>
   </div>
   <div class='ocr_carea' id='block_1_95' title="bbox 278 4829 1858 4910">
    <p class='ocr_par' dir='ltr' id='par_1_95' title="bbox 278 4829 1858 4910">
     <span class='ocr_line' id='line_1_95' title="bbox 278 4829 1858 4910; baseline 0.01 -32"><span class='ocrx_word' id='word_1_690' title='bbox 278 4829 372 4880; x_wconf 77' lang='grc' dir='ltr'>ἐπὶ</span> <span class='ocrx_word' id='word_1_691' title='bbox 399 4829 500 4894; x_wconf 80' lang='grc' dir='ltr'><strong>τὴν</strong></span> <span class='ocrx_word' id='word_1_692' title='bbox 539 4830 719 4900; x_wconf 86' lang='grc' dir='ltr'>κρίσιν</span> <span class='ocrx_word' id='word_1_693' title='bbox 751 4832 848 4903; x_wconf 80' lang='grc' dir='ltr'>τὴν</span> <span class='ocrx_word' id='word_1_694' title='bbox 885 4837 1012 4904; x_wconf 74' lang='grc' dir='ltr'>περὶ</span> <span class='ocrx_word' id='word_1_695' title='bbox 1039 4837 1148 4890; x_wconf 89' lang='grc' dir='ltr'><strong>τῶν</strong></span> <span class='ocrx_word' id='word_1_696' title='bbox 1177 4839 1313 4892; x_wconf 82' lang='grc' dir='ltr'>ὅλων</span> <span class='ocrx_word' id='word_1_697' title='bbox 1339 4839 1434 4894; x_wconf 80' lang='grc' dir='ltr'>καὶ</span> <span class='ocrx_word' id='word_1_698' title='bbox 1457 4839 1707 4910; x_wconf 83' lang='grc' dir='ltr'>δέχεσθαι</span> <span class='ocrx_word' id='word_1_699' title='bbox 1729 4839 1775 4872; x_wconf 75' lang='grc' dir='ltr'><strong>⁸ο</strong></span> <span class='ocrx_word' id='word_1_700' title='bbox 1799 4841 1858 4894; x_wconf 86' lang='grc' dir='ltr'>τὺ</span> 
     </span>
    </p>
   </div>
   <div class='ocr_carea' id='block_1_96' title="bbox 1959 4829 3532 4910">
    <p class='ocr_par' dir='ltr' id='par_1_96' title="bbox 1959 4833 3532 4910">
     <span class='ocr_line' id='line_1_96' title="bbox 1959 4833 3532 4910; baseline -0.003 -19"><span class='ocrx_word' id='word_1_701' title='bbox 1959 4838 2120 4894; x_wconf 84' lang='lat' dir='ltr'><strong>Vides</strong></span> <span class='ocrx_word' id='word_1_702' title='bbox 2145 4840 2308 4910; x_wconf 72' lang='lat' dir='ltr'><strong>igitur</strong></span> <span class='ocrx_word' id='word_1_703' title='bbox 2329 4853 2532 4908; x_wconf 87' lang='lat' dir='ltr'><strong>quanto</strong></span> <span class='ocrx_word' id='word_1_704' title='bbox 2551 4851 2768 4909; x_wconf 85' lang='lat' dir='ltr'><strong>superet</strong></span> <span class='ocrx_word' id='word_1_705' title='bbox 2789 4839 3202 4908; x_wconf 68' lang='lat' dir='ltr'><strong>gubernatorem</strong></span> <span class='ocrx_word' id='word_1_706' title='bbox 3230 4833 3532 4889; x_wconf 86' lang='lat' dir='ltr'><strong>intervallo.</strong></span> 
     </span>
    </p>
   </div>
   <div class='ocr_carea' id='block_1_97' title="bbox 277 4917 1858 5005">
    <p class='ocr_par' dir='ltr' id='par_1_97' title="bbox 277 4917 1854 5005">
     <span class='ocr_line' id='line_1_97' title="bbox 277 4917 1854 5005; baseline 0.011 -37"><span class='ocrx_word' id='word_1_707' title='bbox 277 4917 648 4988; x_wconf 79' lang='grc' dir='ltr'>ἐκϐησόμενον</span> <span class='ocrx_word' id='word_1_708' title='bbox 671 4921 745 4986; x_wconf 85' lang='grc' dir='ltr'>ὡς</span> <span class='ocrx_word' id='word_1_709' title='bbox 778 4926 863 4976; x_wconf 77' lang='grc' dir='ltr'>ἐπ’</span> <span class='ocrx_word' id='word_1_710' title='bbox 894 4928 1178 4997; x_wconf 78' lang='grc' dir='ltr'>ἀμφότερα</span> <span class='ocrx_word' id='word_1_711' title='bbox 1207 4930 1409 5000; x_wconf 84' lang='grc' dir='ltr'>ὁμοίως</span> <span class='ocrx_word' id='word_1_712' title='bbox 1433 4933 1854 5005; x_wconf 82' lang='grc' dir='ltr'>κερδανοῦντας,</span> 
     </span>
    </p>
   </div>
   <div class='ocr_carea' id='block_1_98' title="bbox 1959 4917 3538 5005">
    <p class='ocr_par' dir='ltr' id='par_1_98' title="bbox 1959 4931 3538 5002">
     <span class='ocr_line' id='line_1_98' title="bbox 1959 4931 3538 5002; baseline -0.003 -18"><span class='ocrx_word' id='word_1_713' title='bbox 1959 4933 2132 5002; x_wconf 85' lang='lat' dir='ltr'><strong>Atque</strong></span> <span class='ocrx_word' id='word_1_714' title='bbox 2174 4933 2208 4987; x_wconf 89' lang='lat' dir='ltr'><strong>ii</strong></span> <span class='ocrx_word' id='word_1_715' title='bbox 2245 4933 2463 5002; x_wconf 90' lang='lat' dir='ltr'><strong>quidem</strong></span> <span class='ocrx_word' id='word_1_716' title='bbox 2506 4942 2769 5002; x_wconf 87' lang='lat' dir='ltr'><strong>quotquot</strong></span> <span class='ocrx_word' id='word_1_717' title='bbox 2803 4931 2924 4985; x_wconf 90' lang='lat' dir='ltr'><strong>huic</strong></span> <span class='ocrx_word' id='word_1_718' title='bbox 2958 4937 3276 4999; x_wconf 86' lang='lat' dir='ltr'><strong>paruerunt,</strong></span> <span class='ocrx_word' id='word_1_719' title='bbox 3317 4942 3538 4996; x_wconf 81' lang='lat' dir='ltr'><strong>magna-</strong></span> 
     </span>
    </p>
   </div>
   <div class='ocr_carea' id='block_1_99' title="bbox 275 5009 1858 5095">
    <p class='ocr_par' dir='ltr' id='par_1_99' title="bbox 275 5009 1854 5095">
     <span class='ocr_line' id='line_1_99' title="bbox 275 5009 1854 5095; baseline 0.011 -34"><span class='ocrx_word' id='word_1_720' title='bbox 275 5009 376 5078; x_wconf 76' lang='grc' dir='ltr'><strong>οὐχ</strong></span> <span class='ocrx_word' id='word_1_721' title='bbox 419 5011 529 5080; x_wconf 83' lang='grc' dir='ltr'><strong>ὁρῶ</strong></span> <span class='ocrx_word' id='word_1_722' title='bbox 579 5014 701 5069; x_wconf 90' lang='grc' dir='ltr'>τίνα</span> <span class='ocrx_word' id='word_1_723' title='bbox 748 5018 902 5071; x_wconf 81' lang='grc' dir='ltr'>ταῦτ’</span> <span class='ocrx_word' id='word_1_724' title='bbox 936 5020 1051 5090; x_wconf 82' lang='grc' dir='ltr'>ἔχει</span> <span class='ocrx_word' id='word_1_725' title='bbox 1097 5021 1369 5075; x_wconf 77' lang='grc' dir='ltr'>διακονίαν</span> <span class='ocrx_word' id='word_1_726' title='bbox 1398 5024 1695 5095; x_wconf 82' lang='grc' dir='ltr'>ἀγεννῆ,ἣ</span> <span class='ocrx_word' id='word_1_727' title='bbox 1738 5025 1854 5088; x_wconf 88' lang='grc' dir='ltr'><strong>πῶς</strong></span> 
     </span>
    </p>
   </div>
   <div class='ocr_carea' id='block_1_100' title="bbox 1959 5009 3534 5095">
    <p class='ocr_par' dir='ltr' id='par_1_100' title="bbox 1962 5017 3534 5094">
     <span class='ocr_line' id='line_1_100' title="bbox 1962 5017 3534 5094; baseline -0.004 -17"><span class='ocrx_word' id='word_1_728' title='bbox 1962 5023 2092 5077; x_wconf 89' lang='lat' dir='ltr'><strong>nimi</strong></span> <span class='ocrx_word' id='word_1_729' title='bbox 2127 5023 2410 5094; x_wconf 63' lang='lat' dir='ltr'><strong>magnifice</strong></span> <span class='ocrx_word' id='word_1_730' title='bbox 2442 5025 2638 5078; x_wconf 88' lang='lat' dir='ltr'><strong>mortui</strong></span> <span class='ocrx_word' id='word_1_731' title='bbox 2680 5033 2826 5088; x_wconf 87' lang='lat' dir='ltr'><strong>sunt,</strong></span> <span class='ocrx_word' id='word_1_732' title='bbox 2867 5033 2921 5078; x_wconf 92' lang='lat' dir='ltr'><strong>et</strong></span> <span class='ocrx_word' id='word_1_733' title='bbox 2953 5021 3194 5076; x_wconf 89' lang='lat' dir='ltr'><strong>omnium</strong></span> <span class='ocrx_word' id='word_1_734' title='bbox 3226 5017 3534 5074; x_wconf 82' lang='lat' dir='ltr'><strong>Graecorum</strong></span> 
     </span>
    </p>
   </div>
   <div class='ocr_carea' id='block_1_101' title="bbox 276 5100 1858 5186">
    <p class='ocr_par' dir='ltr' id='par_1_101' title="bbox 276 5100 1854 5186">
     <span class='ocr_line' id='line_1_101' title="bbox 276 5100 1854 5186; baseline 0.011 -37"><span class='ocrx_word' id='word_1_735' title='bbox 276 5100 420 5152; x_wconf 71' lang='grc' dir='ltr'>ἔοικε</span> <span class='ocrx_word' id='word_1_736' title='bbox 454 5104 565 5166; x_wconf 77' lang='grc' dir='ltr'>τοῖς</span> <span class='ocrx_word' id='word_1_737' title='bbox 610 5106 702 5158; x_wconf 84' lang='grc' dir='ltr'>τοῦ</span> <span class='ocrx_word' id='word_1_738' title='bbox 753 5109 1091 5180; x_wconf 85' lang='grc' dir='ltr'>κυϐερνήτου</span> <span class='ocrx_word' id='word_1_739' title='bbox 1127 5112 1428 5182; x_wconf 88' lang='grc' dir='ltr'>λογισμοῖς.</span> <span class='ocrx_word' id='word_1_740' title='bbox 1485 5115 1644 5186; x_wconf 82' lang='grc' dir='ltr'>Ὀρᾷς</span> <span class='ocrx_word' id='word_1_741' title='bbox 1667 5115 1710 5147; x_wconf 84' lang='grc'><strong>⁸¹</strong></span> <span class='ocrx_word' id='word_1_742' title='bbox 1744 5117 1854 5185; x_wconf 84' lang='grc' dir='ltr'><strong>ὅσῳ</strong></span> 
     </span>
    </p>
   </div>
   <div class='ocr_carea' id='block_1_102' title="bbox 1959 5100 3536 5186">
    <p class='ocr_par' dir='ltr' id='par_1_102' title="bbox 1963 5111 3536 5185">
     <span class='ocr_line' id='line_1_102' title="bbox 1963 5111 3536 5185; baseline -0.004 -15"><span class='ocrx_word' id='word_1_743' title='bbox 1963 5116 2434 5185; x_wconf 64' lang='lat' dir='ltr'><strong>praeclarissimam</strong></span> <span class='ocrx_word' id='word_1_744' title='bbox 2484 5127 2708 5169; x_wconf 86' lang='lat' dir='ltr'><strong>mortem</strong></span> <span class='ocrx_word' id='word_1_745' title='bbox 2761 5115 3034 5179; x_wconf 88' lang='lat' dir='ltr'><strong>obierunt,</strong></span> <span class='ocrx_word' id='word_1_746' title='bbox 3087 5111 3393 5181; x_wconf 89' lang='lat' dir='ltr'><strong>sepulcrum</strong></span> <span class='ocrx_word' id='word_1_747' title='bbox 3439 5125 3536 5179; x_wconf 88' lang='lat' dir='ltr'><strong>pro</strong></span> 
     </span>
    </p>
   </div>
   <div class='ocr_carea' id='block_1_103' title="bbox 275 5190 1858 5278">
    <p class='ocr_par' dir='ltr' id='par_1_103' title="bbox 275 5190 1852 5278">
     <span class='ocr_line' id='line_1_103' title="bbox 275 5190 1852 5278; baseline 0.016 -38"><span class='ocrx_word' id='word_1_748' title='bbox 275 5190 367 5242; x_wconf 83' lang='grc' dir='ltr'><strong>τὸν</strong></span> <span class='ocrx_word' id='word_1_749' title='bbox 411 5195 752 5267; x_wconf 84' lang='grc' dir='ltr'>κυϐερνήτην</span> <span class='ocrx_word' id='word_1_750' title='bbox 793 5203 1158 5274; x_wconf 81' lang='grc' dir='ltr'>παρελήλυθε.</span> <span class='ocrx_word' id='word_1_751' title='bbox 1199 5207 1308 5260; x_wconf 69' lang='grc' dir='ltr'>Καὶ</span> <span class='ocrx_word' id='word_1_752' title='bbox 1347 5209 1456 5278; x_wconf 84' lang='grc' dir='ltr'>γάρ</span> <span class='ocrx_word' id='word_1_753' title='bbox 1487 5227 1568 5261; x_wconf 87' lang='grc' dir='ltr'><strong>τοι</strong></span> <span class='ocrx_word' id='word_1_754' title='bbox 1598 5211 1712 5262; x_wconf 81' lang='grc' dir='ltr'>ὅσοι</span> <span class='ocrx_word' id='word_1_755' title='bbox 1754 5210 1852 5277; x_wconf 84' lang='grc' dir='ltr'><strong>μὲν</strong></span> 
     </span>
    </p>
   </div>
   <div class='ocr_carea' id='block_1_104' title="bbox 1959 5190 3536 5278">
    <p class='ocr_par' dir='ltr' id='par_1_104' title="bbox 1967 5206 3536 5273">
     <span class='ocr_line' id='line_1_104' title="bbox 1967 5206 3536 5273; baseline -0.001 -15"><span class='ocrx_word' id='word_1_756' title='bbox 1967 5207 2183 5263; x_wconf 88' lang='lat' dir='ltr'><strong>virtutis</strong></span> <span class='ocrx_word' id='word_1_757' title='bbox 2237 5223 2584 5263; x_wconf 84' lang='lat' dir='ltr'><strong>monumento</strong></span> <span class='ocrx_word' id='word_1_758' title='bbox 2633 5208 2935 5273; x_wconf 85' lang='lat' dir='ltr'><strong>consecuti;</strong></span> <span class='ocrx_word' id='word_1_759' title='bbox 2989 5217 3043 5259; x_wconf 88' lang='lat' dir='ltr'><strong>et</strong></span> <span class='ocrx_word' id='word_1_760' title='bbox 3087 5218 3210 5261; x_wconf 88' lang='lat' dir='ltr'><strong>cum</strong></span> <span class='ocrx_word' id='word_1_761' title='bbox 3254 5206 3353 5258; x_wconf 91' lang='lat' dir='ltr'><strong>sub</strong></span> <span class='ocrx_word' id='word_1_762' title='bbox 3395 5213 3536 5258; x_wconf 85' lang='lat' dir='ltr'><strong>terra</strong></span> 
     </span>
    </p>
   </div>
   <div class='ocr_carea' id='block_1_105' title="bbox 274 5282 1858 5370">
    <p class='ocr_par' dir='ltr' id='par_1_105' title="bbox 274 5282 1853 5370">
     <span class='ocr_line' id='line_1_105' title="bbox 274 5282 1853 5370; baseline 0.015 -38"><span class='ocrx_word' id='word_1_763' title='bbox 274 5282 422 5335; x_wconf 83' lang='grc' dir='ltr'>τοῦτ’</span> <span class='ocrx_word' id='word_1_764' title='bbox 454 5287 976 5365; x_wconf 80' lang='grc' dir='ltr'>ἐπείσθησανάὑτῷ,</span> <span class='ocrx_word' id='word_1_765' title='bbox 1009 5301 1196 5367; x_wconf 75' lang='grc' dir='ltr'>σεμνοὶ</span> <span class='ocrx_word' id='word_1_766' title='bbox 1221 5303 1438 5370; x_wconf 86' lang='grc' dir='ltr'>σεμνῶς</span> <span class='ocrx_word' id='word_1_767' title='bbox 1463 5305 1691 5367; x_wconf 87' lang='grc' dir='ltr'>κεῖνται,</span> <span class='ocrx_word' id='word_1_768' title='bbox 1721 5303 1853 5356; x_wconf 78' lang='grc' dir='ltr'><strong>κάλ-</strong></span> 
     </span>
    </p>
   </div>
   <div class='ocr_carea' id='block_1_106' title="bbox 1959 5282 3538 5370">
    <p class='ocr_par' dir='ltr' id='par_1_106' title="bbox 1961 5295 3538 5368">
     <span class='ocr_line' id='line_1_106' title="bbox 1961 5295 3538 5368; baseline -0.004 -17"><span class='ocrx_word' id='word_1_769' title='bbox 1961 5298 2203 5367; x_wconf 85' lang='lat' dir='ltr'><strong>jaceant,</strong></span> <span class='ocrx_word' id='word_1_770' title='bbox 2240 5301 2409 5368; x_wconf 87' lang='lat' dir='ltr'><strong>ipsam</strong></span> <span class='ocrx_word' id='word_1_771' title='bbox 2438 5310 2764 5356; x_wconf 89' lang='lat' dir='ltr'><strong>conservant</strong></span> <span class='ocrx_word' id='word_1_772' title='bbox 2813 5310 3034 5362; x_wconf 87' lang='lat' dir='ltr'><strong>terram,</strong></span> <span class='ocrx_word' id='word_1_773' title='bbox 3083 5311 3184 5350; x_wconf 90' lang='lat' dir='ltr'><strong>nec</strong></span> <span class='ocrx_word' id='word_1_774' title='bbox 3232 5295 3298 5348; x_wconf 87' lang='lat' dir='ltr'><strong>ab</strong></span> <span class='ocrx_word' id='word_1_775' title='bbox 3325 5309 3385 5349; x_wconf 89' lang='lat' dir='ltr'><strong>ea</strong></span> <span class='ocrx_word' id='word_1_776' title='bbox 3423 5309 3538 5347; x_wconf 88' lang='lat' dir='ltr'><strong>ser-</strong></span> 
     </span>
    </p>
   </div>
   <div class='ocr_carea' id='block_1_107' title="bbox 275 5373 1858 5464">
    <p class='ocr_par' dir='ltr' id='par_1_107' title="bbox 275 5373 1850 5459">
     <span class='ocr_line' id='line_1_107' title="bbox 275 5373 1850 5459; baseline 0.013 -33"><span class='ocrx_word' id='word_1_777' title='bbox 275 5373 433 5429; x_wconf 90' lang='grc' dir='ltr'>λιστα</span> <span class='ocrx_word' id='word_1_778' title='bbox 455 5377 520 5449; x_wconf 82' lang='grc' dir='ltr'>δὴ</span> <span class='ocrx_word' id='word_1_779' title='bbox 553 5380 770 5436; x_wconf 77' lang='grc' dir='ltr'>πάντων</span> <span class='ocrx_word' id='word_1_780' title='bbox 811 5385 1080 5458; x_wconf 84' lang='grc' dir='ltr'>Ἑλλήνων</span> <span class='ocrx_word' id='word_1_781' title='bbox 1111 5391 1515 5454; x_wconf 82' lang='grc' dir='ltr'>καταλύσαντες</span> <span class='ocrx_word' id='word_1_782' title='bbox 1544 5393 1633 5445; x_wconf 83' lang='grc' dir='ltr'><strong>τὸν</strong></span> <span class='ocrx_word' id='word_1_783' title='bbox 1659 5392 1850 5459; x_wconf 81' lang='grc' dir='ltr'>αἰῶνα,</span> 
     </span>
    </p>
   </div>
   <div class='ocr_carea' id='block_1_108' title="bbox 1959 5373 3538 5464">
    <p class='ocr_par' dir='ltr' id='par_1_108' title="bbox 1963 5389 3538 5464">
     <span class='ocr_line' id='line_1_108' title="bbox 1963 5389 3538 5464; baseline -0.004 -22"><span class='ocrx_word' id='word_1_784' title='bbox 1963 5403 2183 5458; x_wconf 87' lang='lat' dir='ltr'><strong>vautur,</strong></span> <span class='ocrx_word' id='word_1_785' title='bbox 2216 5394 2286 5456; x_wconf 86' lang='lat' dir='ltr'><strong>ad</strong></span> <span class='ocrx_word' id='word_1_786' title='bbox 2318 5392 2536 5448; x_wconf 83' lang='lat' dir='ltr'><strong>Hesiodi</strong></span> <span class='ocrx_word' id='word_1_787' title='bbox 2561 5393 2973 5464; x_wconf 77' lang='lat' dir='ltr'><strong>appellationem</strong></span> <span class='ocrx_word' id='word_1_788' title='bbox 3004 5391 3250 5462; x_wconf 79' lang='lat' dir='ltr'><strong>proxime</strong></span> <span class='ocrx_word' id='word_1_789' title='bbox 3275 5389 3538 5443; x_wconf 83' lang='lat' dir='ltr'><strong>acceden-</strong></span> 
     </span>
    </p>
   </div>
   <div class='ocr_carea' id='block_1_109' title="bbox 1572 5523 2252 5582">
    <p class='ocr_par' dir='ltr' id='par_1_109' title="bbox 1572 5523 2252 5582">
     <span class='ocr_line' id='line_1_109' title="bbox 1572 5523 2252 5582; baseline 0.004 -4"><span class='ocrx_word' id='word_1_790' title='bbox 1572 5523 1656 5579; x_wconf 86' lang='lat' dir='ltr'><strong>VA</strong></span> <span class='ocrx_word' id='word_1_791' title='bbox 1672 5525 1807 5580; x_wconf 67' lang='grc' dir='ltr'><strong>ιςΙιΕ</strong></span> <span class='ocrx_word' id='word_1_792' title='bbox 1841 5525 2252 5582; x_wconf 83' lang='lat' dir='ltr'><strong>LECTIONES.</strong></span> 
     </span>
    </p>
   </div>
   <div class='ocr_carea' id='block_1_110' title="bbox 349 5601 3533 5687">
    <p class='ocr_par' dir='ltr' id='par_1_110' title="bbox 349 5601 3533 5687">
     <span class='ocr_line' id='line_1_110' title="bbox 349 5601 3533 5687; baseline 0.004 -31"><span class='ocrx_word' id='word_1_793' title='bbox 426 5607 972 5687; x_wconf 53' lang='lat' dir='ltr'><strong>napeivEtlnapdv1§</strong></span> <span class='ocrx_word' id='word_1_794' title='bbox 993 5615 1233 5687; x_wconf 31' lang='lat' dir='ltr'><strong>corraA.</strong></span> <span class='ocrx_word' id='word_1_795' title='bbox 1308 5617 1353 5652; x_wconf 73' lang='grc'><strong>⁸⁷</strong></span> <span class='ocrx_word' id='word_1_796' title='bbox 1379 5616 1550 5678; x_wconf 79' lang='grc' dir='ltr'>οὕτως</span> <span class='ocrx_word' id='word_1_797' title='bbox 1580 5618 1642 5670; x_wconf 88' lang='lat' dir='ltr'><strong>A.</strong></span> <span class='ocrx_word' id='word_1_798' title='bbox 1711 5618 1754 5650; x_wconf 76' lang='grc'><strong>⁸⁸</strong></span> <span class='ocrx_word' id='word_1_799' title='bbox 1788 5617 1950 5672; x_wconf 80' lang='grc' dir='ltr'>Ἀλλὰ</span> <span class='ocrx_word' id='word_1_800' title='bbox 1978 5613 2032 5670; x_wconf 88' lang='lat' dir='ltr'><strong>et</strong></span> <span class='ocrx_word' id='word_1_801' title='bbox 2073 5634 2192 5672; x_wconf 75' lang='lat' dir='ltr'><strong>mox</strong></span> <span class='ocrx_word' id='word_1_802' title='bbox 2225 5618 2488 5687; x_wconf 78' lang='grc' dir='ltr'>ἀπολογίᾳ</span> <span class='ocrx_word' id='word_1_803' title='bbox 2520 5633 2631 5672; x_wconf 89' lang='lat' dir='ltr'><strong>om.</strong></span> <span class='ocrx_word' id='word_1_804' title='bbox 2669 5617 2736 5672; x_wconf 80' lang='grc' dir='ltr'>Α.</span> <span class='ocrx_word' id='word_1_805' title='bbox 2813 5619 2858 5650; x_wconf 74' lang='grc'><strong><em>⁸³</em></strong></span> <span class='ocrx_word' id='word_1_806' title='bbox 2889 5617 3026 5687; x_wconf 78' lang='grc' dir='ltr'>ὑπὲρ</span> <span class='ocrx_word' id='word_1_807' title='bbox 3059 5614 3375 5687; x_wconf 75' lang='grc' dir='ltr'>Μιλτιάδου]</span> <span class='ocrx_word' id='word_1_808' title='bbox 3409 5609 3533 5687; x_wconf 53' lang='lat' dir='ltr'><strong>titl—</strong></span> 
     </span>
    </p>
   </div>
   <div class='ocr_carea' id='block_1_111' title="bbox 281 5670 3536 5812">
    <p class='ocr_par' dir='ltr' id='par_1_111' title="bbox 281 5670 3536 5812">
     <span class='ocr_line' id='line_1_111' title="bbox 281 5670 3536 5812; baseline 0.004 -91"><span class='ocrx_word' id='word_1_809' title='bbox 281 5670 470 5754; x_wconf 58' lang='lat'><strong>&quot;.1655;</strong></span> <span class='ocrx_word' id='word_1_810' title='bbox 500 5670 562 5726; x_wconf 78' lang='grc' dir='ltr'>Ᾱ.</span> <span class='ocrx_word' id='word_1_811' title='bbox 613 5678 657 5708; x_wconf 82' lang='grc' dir='ltr'><strong><em>το</em></strong></span> <span class='ocrx_word' id='word_1_812' title='bbox 681 5670 968 5768; x_wconf 63' lang='grc' dir='ltr'>Περίήδξει]</span> <span class='ocrx_word' id='word_1_813' title='bbox 1002 5699 1052 5751; x_wconf 80' lang='lat' dir='ltr'><strong>P-</strong></span> <span class='ocrx_word' id='word_1_814' title='bbox 1088 5685 1212 5740; x_wconf 61' lang='lat'><strong>266-</strong></span> <span class='ocrx_word' id='word_1_815' title='bbox 1276 5687 1321 5718; x_wconf 81' lang='grc'><strong>⁷¹</strong></span> <span class='ocrx_word' id='word_1_816' title='bbox 1350 5670 1686 5812; x_wconf 47' lang='lat' dir='ltr'><strong>Mauricius;</strong></span> <span class='ocrx_word' id='word_1_817' title='bbox 1716 5704 1766 5754; x_wconf 87' lang='lat' dir='ltr'><strong>p.</strong></span> <span class='ocrx_word' id='word_1_818' title='bbox 1795 5670 1948 5744; x_wconf 30' lang='lat'><strong>270.”</strong></span> <span class='ocrx_word' id='word_1_819' title='bbox 1975 5689 2020 5719; x_wconf 83' lang='lat'>&quot;</span> <span class='ocrx_word' id='word_1_820' title='bbox 2045 5670 2322 5760; x_wconf 75' lang='grc' dir='ltr'>προσήκει</span> <span class='ocrx_word' id='word_1_821' title='bbox 2449 5670 2495 5721; x_wconf 54' lang='grc' dir='ltr'><strong><em>ἦ</em></strong></span> <span class='ocrx_word' id='word_1_822' title='bbox 2521 5670 2759 5760; x_wconf 52' lang='grc' dir='ltr'>αίσγρῶς</span> <span class='ocrx_word' id='word_1_823' title='bbox 2793 5690 2839 5719; x_wconf 71' lang='grc'>⁷⁸</span> <span class='ocrx_word' id='word_1_824' title='bbox 2864 5670 3008 5756; x_wconf 82' lang='grc' dir='ltr'><strong>αὑτῷ</strong></span> <span class='ocrx_word' id='word_1_825' title='bbox 3038 5670 3147 5740; x_wconf 69' lang='lat' dir='ltr'><strong>ou.</strong></span> <span class='ocrx_word' id='word_1_826' title='bbox 3180 5690 3241 5739; x_wconf 79' lang='grc' dir='ltr'>Α.</span> <span class='ocrx_word' id='word_1_827' title='bbox 3318 5670 3375 5716; x_wconf 58' lang='grc' dir='ltr'>’ί</span> <span class='ocrx_word' id='word_1_828' title='bbox 3390 5670 3536 5736; x_wconf 76' lang='grc' dir='ltr'>όῑου.</span> 
     </span>
     <span class='ocr_line' id='line_1_112' title="bbox 281 5740 3533 5812; baseline -0.002 0"><span class='ocrx_word' id='word_1_829' title='bbox 281 5755 333 5812; x_wconf 78' lang='lat' dir='ltr'><strong>P-</strong></span> <span class='ocrx_word' id='word_1_830' title='bbox 364 5740 488 5812; x_wconf 61' lang='lat'><strong>214-</strong></span> <span class='ocrx_word' id='word_1_831' title='bbox 553 5746 599 5780; x_wconf 86' lang='grc'><strong>⁷⁶</strong></span> <span class='ocrx_word' id='word_1_832' title='bbox 631 5748 729 5801; x_wconf 82' lang='grc' dir='ltr'><strong>ἀλλ</strong></span> <span class='ocrx_word' id='word_1_833' title='bbox 777 5750 1002 5812; x_wconf 66' lang='grc' dir='ltr'>εκεινοςῑ</span> <span class='ocrx_word' id='word_1_834' title='bbox 1039 5769 1091 5812; x_wconf 87' lang='lat' dir='ltr'><strong>n.</strong></span> <span class='ocrx_word' id='word_1_835' title='bbox 1121 5755 1246 5811; x_wconf 73' lang='lat'><strong>280.</strong></span> <span class='ocrx_word' id='word_1_836' title='bbox 1323 5759 1435 5811; x_wconf 81' lang='lat' dir='ltr'><strong>&quot;si</strong></span> <span class='ocrx_word' id='word_1_837' title='bbox 1464 5757 1530 5812; x_wconf 75' lang='grc' dir='ltr'><strong>δ’]</strong></span> <span class='ocrx_word' id='word_1_838' title='bbox 1563 5773 1616 5812; x_wconf 91' lang='lat' dir='ltr'><strong>n.</strong></span> <span class='ocrx_word' id='word_1_839' title='bbox 1689 5759 1776 5812; x_wconf 86' lang='lat'><strong>8|.</strong></span> <span class='ocrx_word' id='word_1_840' title='bbox 1855 5758 1902 5791; x_wconf 74' lang='grc' dir='ltr'><strong>το</strong></span> <span class='ocrx_word' id='word_1_841' title='bbox 1930 5758 2244 5812; x_wconf 75' lang='grc' dir='ltr'>ἀπἀὐτῶν]</span> <span class='ocrx_word' id='word_1_842' title='bbox 2278 5760 2532 5812; x_wconf 70' lang='grc' dir='ltr'>ἁπάντων</span> <span class='ocrx_word' id='word_1_843' title='bbox 2559 5760 2622 5812; x_wconf 83' lang='grc' dir='ltr'>Α.</span> <span class='ocrx_word' id='word_1_844' title='bbox 2702 5760 2745 5792; x_wconf 75' lang='grc' dir='ltr'><strong>τ’</strong></span> <span class='ocrx_word' id='word_1_845' title='bbox 2777 5761 2837 5812; x_wconf 80' lang='grc' dir='ltr'>οὐ</span> <span class='ocrx_word' id='word_1_846' title='bbox 2869 5760 2936 5812; x_wconf 70' lang='grc' dir='ltr'><strong>τὰ</strong></span> <span class='ocrx_word' id='word_1_847' title='bbox 2970 5761 3052 5812; x_wconf 84' lang='lat' dir='ltr'><strong>A:</strong></span> <span class='ocrx_word' id='word_1_848' title='bbox 3086 5758 3223 5812; x_wconf 66' lang='grc' dir='ltr'>αὐτὰ</span> <span class='ocrx_word' id='word_1_849' title='bbox 3253 5772 3314 5812; x_wconf 84' lang='grc' dir='ltr'><strong>ς.</strong></span> <span class='ocrx_word' id='word_1_850' title='bbox 3387 5752 3533 5806; x_wconf 66' lang='lat'><strong>&quot;85’-</strong></span> 
     </span>
    </p>
   </div>
   <div class='ocr_carea' id='block_1_112' title="bbox 281 5745 3533 5831">
    <p class='ocr_par' dir='ltr' id='par_1_112' title="bbox 281 5745 3533 5831">
     <span class='ocr_line' id='line_1_113' title="bbox 281 5745 3533 5831; baseline -0.005 -10"><span class='ocrx_word' id='word_1_851' title='bbox 281 5745 488 5831; x_wconf 61' lang='lat' dir='ltr'><strong>?j</strong></span> <span class='ocrx_word' id='word_1_852' title='bbox 553 5746 599 5780; x_wconf 71' lang='grc'><strong>⁷⁸</strong></span> <span class='ocrx_word' id='word_1_853' title='bbox 767 5745 1091 5831; x_wconf 42' lang='grc' dir='ltr'><strong>-ἐ-κξῖνο-ἑῙΡ.</strong></span> <span class='ocrx_word' id='word_1_854' title='bbox 1121 5755 1246 5811; x_wconf 73' lang='grc'>280.</span> <span class='ocrx_word' id='word_1_855' title='bbox 1323 5759 1366 5789; x_wconf 82' lang='grc'><strong>⁷⁷</strong></span> <span class='ocrx_word' id='word_1_856' title='bbox 1388 5761 1435 5811; x_wconf 86' lang='grc' dir='ltr'><strong>εί</strong></span> <span class='ocrx_word' id='word_1_857' title='bbox 1464 5757 1531 5828; x_wconf 76' lang='grc' dir='ltr'><strong>δ’]</strong></span> <span class='ocrx_word' id='word_1_858' title='bbox 1562 5745 1776 5828; x_wconf 37' lang='lat' dir='ltr'><strong>pridi.</strong></span> <span class='ocrx_word' id='word_1_859' title='bbox 1855 5758 1902 5791; x_wconf 81' lang='grc'><strong>⁷⁸</strong></span> <span class='ocrx_word' id='word_1_860' title='bbox 1930 5745 2244 5831; x_wconf 70' lang='grc' dir='ltr'>ἁπάξιτῶν]</span> <span class='ocrx_word' id='word_1_861' title='bbox 2278 5745 2532 5815; x_wconf 55' lang='grc' dir='ltr'>ἀπόντων</span> <span class='ocrx_word' id='word_1_862' title='bbox 2559 5745 2664 5814; x_wconf 47' lang='lat' dir='ltr'><strong>AI&quot;</strong></span> <span class='ocrx_word' id='word_1_863' title='bbox 2702 5745 2757 5792; x_wconf 68' lang='grc' dir='ltr'><em>ἠ’</em></span> <span class='ocrx_word' id='word_1_864' title='bbox 2777 5761 2837 5812; x_wconf 80' lang='grc' dir='ltr'>οὐ</span> <span class='ocrx_word' id='word_1_865' title='bbox 2869 5760 2936 5812; x_wconf 69' lang='grc' dir='ltr'><strong>τὰ</strong></span> <span class='ocrx_word' id='word_1_866' title='bbox 2970 5745 3052 5812; x_wconf 74' lang='grc' dir='ltr'><strong>Ᾱε</strong></span> <span class='ocrx_word' id='word_1_867' title='bbox 3086 5758 3223 5812; x_wconf 66' lang='grc' dir='ltr'>αὐτὰ</span> <span class='ocrx_word' id='word_1_868' title='bbox 3253 5772 3314 5820; x_wconf 81' lang='grc' dir='ltr'><strong>ς.</strong></span> <span class='ocrx_word' id='word_1_869' title='bbox 3387 5752 3432 5784; x_wconf 83' lang='grc'><strong>⁸⁰</strong></span> <span class='ocrx_word' id='word_1_870' title='bbox 3449 5753 3533 5806; x_wconf 82' lang='grc' dir='ltr'><strong>δέ-</strong></span> 
     </span>
    </p>
   </div>
   <div class='ocr_carea' id='block_1_113' title="bbox 281 5809 1108 5894">
    <p class='ocr_par' dir='ltr' id='par_1_113' title="bbox 281 5809 1108 5894">
     <span class='ocr_line' id='line_1_114' title="bbox 281 5809 1108 5894; baseline 0.012 -31"><span class='ocrx_word' id='word_1_871' title='bbox 281 5809 474 5874; x_wconf 79' lang='grc' dir='ltr'>ξασθαι</span> <span class='ocrx_word' id='word_1_872' title='bbox 509 5831 570 5880; x_wconf 83' lang='grc' dir='ltr'><strong>ς.</strong></span> <span class='ocrx_word' id='word_1_873' title='bbox 643 5819 687 5851; x_wconf 84' lang='grc'><strong>⁸¹</strong></span> <span class='ocrx_word' id='word_1_874' title='bbox 717 5820 874 5893; x_wconf 81' lang='grc' dir='ltr'>ὁρᾷς]</span> <span class='ocrx_word' id='word_1_875' title='bbox 901 5809 1108 5894; x_wconf 68' lang='grc' dir='ltr'><strong>ρ.’Ξ84.</strong></span> 
     </span>
    </p>
   </div>
  </div>
