4124 6414
545 403 679 469 1551
1674 397 1935 457 ΡΙΙΟΤΙΙ
1960 394 2136 456 PATF

2238 394 2463 455 RCHAS
2490 395 2599 456 (ΖΡ.
3668 390 3813 456 1552

613 511 725 580 Ego
752 522 900 573 vero,
929 506 1194 577 siquidem
1247 506 1465 561 vincere
1511 504 1635 575 quis
1666 514 1869 574 posset,
1919 515 1975 557 υι
2010 518 2116 557 ιιοη

2304 505 2447 575 Ἐγὼ
2475 508 2541 573 δ’,
2565 509 2614 561 εἱ
2644 506 2742 577 μὲν
2767 501 2833 577 ἦν
2860 505 3049 576 ἕτερον
3071 504 3270 577 τρόπον
3293 505 3569 578 νικῆσαιῆ
3596 506 3691 560 καὶ
3711 525 3817 561 σω-

548 618 607 658 se
637 609 880 657 servaret
908 598 1077 667 prius,
1111 596 1313 665 aliquid
1344 610 1374 650 a
1400 604 1452 651 te
1500 595 1605 649 dici
1653 605 1940 665 putarem;
1999 608 2122 647 cum

2236 597 2389 669 θῆναι
2410 599 2472 650 τὸ
2497 597 2733 669 πρῶτον,
2760 598 2903 665 τάχα
2927 596 2993 650 ἄν
3013 614 3065 649 τι
3097 595 3227 667 [098
3261 595 3355 668 Η.]
3388 595 3614 661 τούτους
3654 596 3817 669 ᾣμην

542 702 723 747 autem
758 689 841 745 vel
893 688 1068 743 navali
1127 686 1311 755 praelio
1340 686 1690 748 vincendum,
1743 684 1826 739 vel
1879 682 2123 738 terrestri

2236 690 2356 752 τοὺς
2378 688 2570 757 λόγους
2602 685 2764 745 εἷναι.
2817 688 2947 741 Ὅτε
2976 687 3019 740 δ’
3057 682 3126 758 ἦν
3151 687 3361 757 αἵρεσις
3395 687 3428 757 ἢ
3460 687 3816 759 ναυμαχοῦν-

542 784 875 853 pereundum
906 781 1091 845 fuerit,
1116 794 1235 849 quae
1266 780 1382 833 hare
1404 777 1595 834 luisset
1620 775 1978 847 philosophia,
2000 790 2125 831 cum

2236 798 2329 845 τας
2383 781 2659 851 κρατεῖνῆ
2694 781 2834 834 κατά
2874 780 2976 850 γῆν
3043 779 3405 845 ἀπολωλέναι,
3470 781 3588 843 πῶς
3612 774 3682 851 ἧν
3706 780 3822 833 ῐσον

544 876 702 933 liceat
734 873 1272 946 magniﬁcentissime
1316 872 1549 935 servari,
1580 880 1783 925 temere
1827 868 2011 924 mori?
2046 868 2127 923 Ac

2236 872 2265 943 ἢ
2296 872 2379 937 τίς
2407 874 2441 941 ἡ
2474 872 2760 943 θαυμαστὴ
2830 871 3118 941 φιλοσοφία
3168 870 3423 924 τεθνάναι
3462 871 3664 943 μάτην,
3703 871 3822 935 ἐξόν

544 982 764 1037 prorsus
787 966 1038 1037 equidem
1068 980 1175 1021 non
1208 963 1476 1033 intelligo,
1512 976 1610 1017 cur
1634 962 1907 1017 terrestris
1957 961 2130 1016 victo-

2237 962 2377 1033 μετὰ
2443 963 2544 1033 τῆς
2606 963 2870 1033 μεγίστης
2924 961 3169 1028 εὐδοξίας
3222 961 3503 1032 σωθῆναις
3550 962 3728 1033 ἀρχὴν
3776 962 3821 1015 δ’

545 1062 624 1115 ria
652 1060 878 1130 pulchra
924 1060 1019 1123 sit,
1079 1056 1253 1126 turpis
1307 1055 1541 1119 marina,
1598 1053 1681 1109 vel
1740 1052 1910 1109 cassis
1967 1060 2130 1122 atque

2236 1055 2414 1124 ἔγωγε
2464 1056 2564 1109 οὑκ
2616 1055 2818 1109 ἐπινοῶ
2864 1054 2968 1108 ποῦ
3027 1054 3370 1125 διακέκριται
3420 1054 3565 1109 κατά
3588 1055 3691 1124 γῆν
3723 1056 3821 1125 μὲν

543 1154 752 1209 corium
783 1152 959 1221 magni
1006 1152 1116 1207 sint
1154 1148 1311 1220 pretii
1366 1147 1621 1203 rudentes
1684 1162 1747 1201 ac
1816 1144 1951 1199 remi
2011 1144 2130 1199 nul-

547 1244 669 1300 lius.

620 1502 818 1578 [Deest
865 1504 944 1556 δεῖ
986 1502 1278 1578 νομίζειν..
1307 1502 1570 1578 Κρανίαν,
1629 1515 1727 1578 ριξο
1774 1502 1923 1571 galea
1964 1500 2130 1565 dicit;

549 1571 755 1646 βύρσαν
805 1587 934 1627 vero
985 1588 1084 1646 pro
1145 1571 1524 1646 armis,‘q_uod
1583 1571 1734 1625 corio
1780 1582 2129 1646 tegerentur;

550 1639 713 1784 νήῗα,]
731 1643 904 1710 funes,
929 1639 1151 1705 κὼπεας
1208 1657 1335 1695 vero
1358 1682 1372 1707 ,
1402 1639 1554 1710 ligna
1594 1639 1903 1695 necessaria
1962 1642 2027 1693 ad
2059 1655 2136 1693 re-

550 1730 688 1768 mos.

550 1730 688 1768 IIIOS.

622 1804 716 1859 Sin
744 1814 855 1859 tota
908 1813 1025 1858 erat
1076 1813 1334 1873 occupata
1385 1812 1527 1858 terra
1558 1840 1573 1866 ,
1634 1803 1909 1856 exercitus
1964 1802 2135 1855 instar

551 1898 717 1952 maris
753 1897 1072 1958 inundabat,
1102 1897 1284 1950 omnia
1334 1894 1751 1961 diripiebantur,
1792 1908 1889 1947 nec
1942 1893 2023 1947 vel
2055 1909 2137 1946 rc-

553 1990 761 2059 spicere
807 1988 1024 2042 licebat.
1068 1987 1265 2041 Verum
1294 1986 1346 2040 in
1392 1985 1638 2055 angustia
1675 2000 1778 2038 non
1825 1983 2135 2054 Peloponnesi

549 2082 728 2142 modo,
753 2078 845 2133 sed
872 2078 1034 2132 etiam
1063 2077 1178 2148 spei
1207 2077 1488 2142 sedebant,
1519 2090 1617 2131 nec
1644 2091 1812 2144 usque
1840 2077 1921 2129 vel
1963 2086 2139 2129 terra-

552 2187 669 2226 rum
694 2171 776 2227 vel
800 2170 966 2226 maris
990 2170 1154 2237 futuri
1190 2169 1571 2236 credebantur,
1594 2183 1691 2225 cur
1720 2168 1795 2222 ita
1822 2168 1889 2223 de
1920 2168 2140 2224 Achivis

550 2280 617 2319 cx
642 2274 790 2321 turre
845 2264 1171 2335 iudicamus.

580 2555 596 2611 ἰ
638 2484 1068 2627 SProverbium:
1135 2493 1193 2541 ut
1245 2484 1493 2540 Priamus
1551 2494 1605 2540 et
1648 2484 1849 2541 Helena
1912 2499 1977 2539 ex
2021 2500 2139 2539 mu-

600 2571 647 2613 s.
1594 2566 1605 2584 ί

549 2566 647 2613 ris.
662 2566 672 2613 I
1594 2566 1605 2584 ’

623 2646 785 2703 Solus
825 2661 988 2716 porro
1026 2646 1107 2701 vel
1152 2647 1300 2703 inter
1349 2661 1549 2717 paucos
1588 2646 1879 2702 admodum
1926 2647 2138 2702 videtur

551 2737 657 2794 hoc
710 2737 913 2792 dictum
981 2736 1377 2792 Themistocles
1431 2738 1863 2806 comprobasse,
1941 2738 2140 2811 430a

551 2828 695 2899 quod
731 2842 851 2882 cum
916 2825 1132 2881 Alcaeus
1190 2836 1349 2895 poeta
1400 2826 1715 2896 protulisset
1770 2829 1922 2894 olim,
1986 2830 2139 2883 multi

556 2926 745 2987 postea
780 2925 1112 2985 usurparunt
1146 2934 1159 2970 :
1194 2930 1300 2970 non
1345 2915 1568 2984 lapides,
1599 2932 1705 2971 non
1733 2918 1899 2989 ligna,
1934 2935 2031 2975 nec
2061 2919 2139 2973 fa-

552 3010 774 3063 brorum
825 3016 997 3062 artem
1024 3008 1277 3062 civitates
1312 3007 1524 3061 eliicere
1562 3024 1574 3061 :
1608 3008 1702 3063 sed
1730 3010 1816 3062 ubi
1847 3010 1945 3063 viri
1989 3022 2135 3074 sunt,

552 3094 645 3165 qui
668 3108 728 3150 se
755 3094 901 3164 ipsos
926 3109 1144 3150 servare
1180 3094 1383 3159 norint,
1416 3095 1612 3149 ibidem
1644 3107 1699 3149 et
1734 3098 1894 3152 urbes
1924 3113 2045 3153 esse
2087 3111 2139 3154 et

555 3185 773 3239 mmnia.
810 3181 889 3237 lta
916 3184 960 3238 si
996 3198 1095 3238 suo
1144 3186 1405 3237 duntaxat
1456 3184 1686 3239 consilio
1747 3185 1832 3240 bis
1885 3186 1939 3241 in
1977 3188 2137 3244 rebus

554 3290 685 3331 usus
720 3284 866 3329 esset
898 3274 1311 3339 Themistocles,
1370 3289 1466 3328 cur
1503 3275 1625 3344 quis
1680 3275 1887 3331 diceret
1921 3277 1989 3332 ab
2042 3279 2133 3334 illo

553 3364 721 3421 fuisse
750 3365 1097 3421 accusatum?
1131 3368 1262 3419 Cum
1305 3377 1484 3421 autem
1528 3369 1661 3423 deus
1716 3384 1931 3439 quoque
1991 3372 2133 3427 idem

548 3457 797 3525 jusserit,
829 3458 956 3528 quid
980 3471 1366 3527 consequatur,
1406 3469 1463 3513 ut
1518 3460 1765 3529 equidem
1813 3476 2003 3517 vereor
2054 3464 2135 3517 di-

554 3569 683 3610 cere
715 3571 729 3609 :
758 3554 831 3608 ita
856 3553 1034 3624 quivis
1060 3553 1218 3608 facile
1248 3555 1516 3623 intelligit.
1553 3553 1946 3611 Themistocles
1984 3567 2134 3612 certe

555 3659 777 3715 prorsus
801 3643 1120 3700 absolvitur.
1156 3645 1307 3699 lluuc
1333 3646 1476 3700 enim
1516 3646 1561 3700 si
1592 3646 1856 3700 solverint
1910 3649 2133 3714 nodum,

556 3737 735 3792 Donec
775 3737 1010 3791 tribuant
1047 3736 1271 3791 honores
1315 3737 1569 3805 Apollini,
1617 3738 1769 3807 juxta
1820 3737 2134 3807 Delphicum

559 3830 848 3900 tripodem,
900 3844 1065 3899 quem
1095 3829 1164 3885 de
1228 3831 1485 3887 Barbarie
1554 3831 1870 3889 dedicaruut
1934 3834 2132 3902 Graeci,

556 3927 760 3979 stante.
816 3922 892 3976 Ac
918 3921 1049 3977 deus
1084 3922 1303 3992 quidem
1346 3923 1585 3978 divinam
1638 3926 1853 3980 vocavit
1909 3926 2136 3981 Salami-

559 4026 705 4075 nem,
745 4012 945 4083 quippe
978 4012 1045 4065 ad
1085 4026 1247 4081 quam
1310 4012 1515 4082 majora
1562 4028 1725 4084 quam
1779 4031 1878 4082 pro
1929 4016 2135 4072 viribus

558 4104 808 4159 humanis
830 4111 987 4158 erant
1020 4103 1161 4158 facta
1191 4105 1517 4175 peragenda.
1548 4104 1698 4160 Plato
1720 4116 1899 4161 autem
1942 4109 2134 4163 horum

557 4206 859 4260 auctorem;
902 4196 1104 4266 quique
1129 4194 1455 4252 Salaminem
1494 4196 1613 4252 illos
1635 4197 1881 4263 deduxit,
1932 4198 2136 4255 Graecis

558 4287 814 4344 nocuisse
849 4287 1002 4355 dicit,
1034 4287 1221 4343 neciis
1246 4288 1336 4357 qui
1379 4288 1644 4359 voluptati
1668 4290 1835 4360 plebis
1865 4294 2136 4349 subservi-

557 4388 698 4445 rent,
724 4379 1001 4434 meliorem
1055 4392 1278 4447 prorsus
1330 4380 1623 4437 exstitisse.
1656 4383 1834 4449 Quare
1868 4400 1989 4439 cum
2018 4393 2136 4455 post

556 4470 748 4523 navale
775 4467 1013 4537 pradiqu
1045 4476 1230 4523 essent
1274 4483 1463 4526 omnes
1504 4471 1556 4525 in
1606 4469 1867 4528 Isthmum
1902 4474 2133 4541 collecti,

2234 1149 2454 1219 νικῆσαι
2510 1148 2674 1200 καλὸν
2726 1144 2885 1210 εἶναι,
2920 1149 2979 1201 ἐν
3024 1147 3265 1220 θαλάττῃ
3286 1149 3330 1201 δ’
3360 1148 3608 1219 αἰσχρὸν,
3640 1148 3675 1219 ἢ
3721 1148 3820 1217 τὴν

2240 1240 2337 1309 μὲν
2398 1240 2627 1308 κρανίαν
2692 1240 2783 1292 καὶ
2849 1238 2947 1311 τὴν
2992 1239 3199 1311 βύρσαν
3239 1240 3436 1294 πολλοῦ
3462 1258 3609 1303 τινος
3655 1239 3819 1303 ἀξίαν

2237 1329 2399 1397 εἶναι,
2453 1336 2520 1384 τὰ
2562 1333 2617 1385 δὲ
2660 1333 2785 1395 νήῖα
2851 1332 2946 1385 καὶ
3003 1332 3129 1397 τοὺς
3186 1332 3408 1396 κωπέας
3453 1330 3613 1386 toﬁ“
3651 1332 3820 1403 μηδε-

2238 1427 2345 1488 νός.

2308 1516 2583 1587 Λείπειτδ
2613 1516 2694 1587 δεῖ
2752 1515 3016 1587 νομίζειν.
3073 1515 3319 1583 Κρανίαν
3367 1516 3464 1587 τὴν
3514 1533 3822 1587 περικεφα-

2237 1586 2396 1638 λαίαν
2429 1585 2838 1658 λέγει,ίβύρσαν
2861 1586 3005 1658 esse
3034 1586 3198 1658 ὅπλον
3257 1585 3493 1658 παράτδ
3510 1585 3655 1658 ἔχειν
3688 1586 3817 1656 βύρ-

2240 1674 2339 1727 σαν
2385 1658 2515 1725 περὶ
2565 1656 2720 1715 αὐτὸ,
2767 1658 2891 1725 νήῖα
2917 1656 2973 1709 δὲ
3004 1656 3072 1708 τὰ
3121 1656 3353 1727 σχοινία,
3409 1656 3633 1720 κωπέας
3660 1658 3814 1711 δὲτὰ

2242 1726 2372 1790 ξύλα
2396 1728 2467 1779 τὰ
2488 1728 2623 1797 πρὸς
2646 1727 2833 1789 κώπας
2858 1728 3165 1798 ἐπιτήδεια.

2309 1820 2373 1872 El
2403 1818 2503 1872 6’“
2530 1820 2715 1873 ἅπασα
2760 1819 2859 1891 μὲν
2889 1821 2922 1888 ἡ
2949 1819 3018 1888 γῆ
3067 1818 3419 1887 κατείληπτο,
3492 1819 3721 1888 ὲπέρρει
3767 1818 3824 1871 δὲ

2240 1911 2429 1981 ὥσπερ
2461 1910 2732 1981 θαλάττης
2779 1910 3064 1975 ὲπίκλυσις
3097 1912 3129 1982 ἠ
3159 1911 3413 1982 στρατιά,
3442 1910 3620 1965 πάντα
3646 1912 3707 1964 δὲ
3727 1912 3827 1980 ἄρ-

2237 2003 2334 2073 δην
2382 2002 2752 2074 ἀνηρπάζετο,
2797 2002 3125 2056 ἀναϐλέπειν
3153 2003 3209 2055 δὲ
3234 2003 3337 2056 οὐκ
3365 1998 3455 2074 ἦν,
3482 2003 3598 2056 ἀλλ’
3625 2005 3685 2057 ὲν
3715 2008 3827 2065 τοῖς

2242 2097 2448 2158 στενοῖς
2482 2095 2544 2148 ού
2575 2094 2677 2165 τῆς
2732 2095 3145 2166 Πελοποννήσου
3195 2096 3374 2163 μόνον,
3411 2096 3548 2150 ἀλλά
3594 2097 3693 2150 καὶ
3716 2096 3824 2149 τῶν

2240 2187 2469 2240 ἐλπίδων
2497 2186 2787 2257 ἐκάθηντο,
2834 2186 3097 2240 ἀπέκειτο
3128 2186 3185 2239 δὲ
3244 2188 3382 2257 μήτε
3415 2188 3519 2257 γῆς
3550 2188 3697 2259 μήτε
3722 2188 3822 2241 θαι

2239 2280 2439 2351 λάττης
2494 2273 2634 2333 εἶναι
2690 2278 2965 2350 μηδαμοῦ,
2990 2277 3043 2332 τί
3072 2278 3245 2334 ταῦτα
3270 2281 3397 2346 τοὺς
3428 2281 3685 2353 ’Δχαιοὺς
3714 2281 3823 2336 ἀπὸ

2242 2371 2331 2424 τοῦ
2364 2371 2580 2442 πύργου
2606 2371 2864 2442 κρίνομεν
2886 2389 2900 2439 ;

2240 2465 2614 2592 εῖεέἶέαφιμία·
2651 2463 2841 2536 ὥσπερ
2868 2464 2897 2518 ὁ
2949 2465 3194 2536 Πρίαμος
3226 2466 3291 2519 ἐκ
3319 2464 3414 2519 τοῦ
3463 2464 3711 2536 τείχουςξ
3737 2467 3829 2520 καὶ

2377 2553 2463 2592 νη.

2377 2553 2463 2605 νη.

2312 2628 2488 2691 Μόνος
2504 2626 2551 2659 ⁸⁸
2586 2626 2643 2680 δέ
2673 2644 2764 2698 μοι
2807 2627 2955 2681 δοκεῖ
2994 2627 3212 2682 πάντων
3243 2627 3602 2699 ἀνθρώπωνῆ
3632 2628 3828 2699 κομιδῇ

2239 2739 2304 2792 γε
2327 2724 2371 2756 ⁸¹
2395 2726 2453 2778 ἐν
2490 2722 2693 2793 ὀλίγοις
2721 2724 2892 2790 δεῖξαι
2936 2724 3313 2796 Θεμιστοκλῆς
3339 2725 3514 2797 ἀληθῆ
3542 2727 3636 2780 τὸν
3670 2725 3831 2794 λόγον

2239 2814 2390 2877 δντα,
2441 2814 2500 2868 δν
2545 2814 2712 2870 πάλαι
2769 2816 2868 2886 μὲν
2910 2815 3160 2879 ’Δλκαῖος
3184 2819 3229 2849 δ’
3288 2820 3317 2870 ὁ
3367 2818 3597 2887 ποιητὴς
3652 2814 3830 2883 εἶπεν,

2242 2907 2467 2979 ὕστερον
2495 2908 2551 2961 δὲ
2579 2909 2631 2962 οἱ
2695 2908 2883 2961 πολλοὶ
2929 2909 3342 2981 παραλαϐόντες
3396 2911 3722 2981 ἐχρήσαντο,
3755 2909 3829 2972 ὡς

2242 3001 2349 3073 ἄρα
2382 3002 2443 3054 οὐ
2478 3002 2616 3055 λίθοι
2673 3002 2794 3055 οὐδὲ
2849 3001 2982 3067 ξύλα
3036 3002 3159 3056 οὐδὲ
3221 3002 3383 3074 τέχνη
3446 3003 3720 3056 τεκτόνων
3773 3005 3829 3057 αί

2242 3096 2424 3158 πόλεις
2464 3091 2595 3159 εἷεν,
2655 3095 2768 3148 ἀλλ’
2816 3095 2950 3148 ὅπου
3013 3094 3132 3148 ποτ’
3163 3094 3227 3149 ἂν
3255 3089 3387 3147 ὦσιν
3413 3094 3606 3166 ἄνδρες
3633 3094 3827 3155 αὖτοὺς

2165 3218 2208 3276 C
2244 3190 2439 3255 σώζειν
2472 3190 2693 3255 εἰδότες,
2721 3190 2956 3244 ἐνταῦθα
2986 3190 3134 3243 xei."
3178 3189 3330 3260 τείχη
3374 3190 3469 3242 καὶ
3528 3188 3733 3252 πόλεις.
3765 3189 3829 3240 El

2242 3283 2338 3351 μὲν
2357 3282 2403 3313 ⁸⁸
2430 3277 2523 3334 οὖν
2564 3281 2727 3335 αὑτοῦ
2790 3281 2987 3353 γνώμῃ
3026 3281 3184 3351 μόνον
3214 3282 3260 3313 ⁸⁸
3294 3282 3423 3350 περὶ
3448 3280 3656 3333 τούτων
3702 3280 3827 3332 ὲκέ-

2234 3389 2403 3443 χρητο
2460 3372 2851 3442 Θεμιστοκλῆς,
2883 3372 3092 3425 ἐκείνου
3124 3389 3207 3436 τις
3230 3372 3296 3425 ἂν
3326 3356 3480 3424 εἶπεν
3528 3371 3695 3425 αὐτὸν
3726 3370 3823 3441 τὴν

2234 3464 2573 3535 κατηγορίαν
2630 3461 2992 3533 πεποιῆσθαι·
3039 3464 3160 3516 ἐπεὶ
3220 3463 3277 3515 δὲ
3346 3464 3441 3516 καὶ
3487 3462 3605 3525 θεὸς
3653 3459 3827 3514 ταῦτα

2236 3553 2442 3608 ἀνελὼν
2501 3556 2770 3622 φαίνεται,
2834 3556 2945 3623 ἐγὼ
2997 3555 3095 3624 μὲν
3156 3554 3299 3607 ὀκνῶ
3329 3554 3530 3621 λέγειν,
3560 3554 3667 3616 πᾶς
3685 3553 3729 3606 δ’
3762 3553 3825 3608 ἂν

2234 3662 2319 3709 τις
2343 3645 2497 3716 συνίη
2518 3646 2563 3677 ⁸⁸
2591 3646 2653 3699 τὸ
2672 3644 2877 3699 λοιπὸν·
2906 3648 2935 3699 ὁ
2959 3646 3004 3698 δ’
3031 3644 3123 3699 οὖν
3154 3645 3532 3715 Θεμιστοκλῆς
3558 3644 3827 3714 λαμπρῶς

2235 3737 2538 3806 ἀποφεύγει
2594 3737 2693 3809 τὴν
2748 3736 2951 3791 αἰτίαν.
3003 3737 3167 3790 Τουτὶ
3188 3736 3232 3768 ⁸⁷
3264 3734 3375 3807 γάρ
3420 3736 3481 3789 ἓν
3542 3736 3701 3807 μοι³⁶
3730 3736 3827 3805 τῆς

2237 3829 2469 3900 ἀπορίας
2515 3828 2863 3891 διαλύσαντες
2909 3827 3263 3899 σταθήτωσαν
3298 3828 3451 3899 παρὰ
3475 3829 3567 3881 τὶν
3596 3826 3828 3899 τρίποδα

2234 3921 2325 3974 τὸν
2353 3923 2412 3974 ὲν
2451 3921 2693 3989 Δελφοῖς·
2733 3922 2882 3986 Ἕως
2898 3920 2945 3953 ⁸⁸
2974 3918 3283 3991 ἐχέτωσαν·
3320 3920 3491 3990 τιμὰς
3511 3919 3614 3985 τὰς
3637 3920 3824 3983 αὐτὰς

2236 4017 2315 4080 τῷ
2354 4017 2695 4072 Ἀπόλλωνι.
2733 4018 2829 4070 Ὃν
2864 4015 3196 4087 οίἝλληνες
3240 4014 3348 4069 ἀπὸ
3380 4014 3490 4068 τῶν
3523 4013 3828 4085 Βαρϐάρων

2235 4112 2558 4180 ἀνέστησαν.
2592 4110 2738 4172 Ἕως
2762 4107 2807 4141 ⁸ο
2834 4109 2898 4162 ὲκ
2928 4106 3023 4162 τοῦ
3056 4107 3186 4170 τοὺς
3209 4106 3537 4179 Βαρϐάρους
3576 4123 3823 4159 καταπο-

2233 4202 2474 4272 λεμῆσαι
2502 4203 2595 4255 καὶ
2625 4201 2697 4254 τά
2729 4200 2955 4256 ἐκείνων
2977 4199 3264 4253 λαϐεῖν.⁹0
3289 4198 3447 4270 μὲν⁶¹
3484 4197 3669 4252 τοίνυν
3707 4197 3827 4259 θεὸς

2237 4292 2388 4348 θείαν
2419 4293 2713 4366 προσεῖπεν
2731 4290 2831 4364 τὴν
2861 4291 3164 4357 Σαλαμῖνα,
3200 4289 3276 4355 ὡς
3310 4290 3369 4342 ὲν
3394 4288 3561 4361 παύτῇ
3604 4287 3829 4359 μελλόν-

2235 4405 2343 4441 των
2375 4385 2551 4457 ἒργων
2586 4383 2806 4439 ἔσεσθαι
2858 4384 3185 4455 κρειττόνων
3210 4383 3245 4453 ἢ
3282 4380 3426 4436 κατὰ
3472 4383 3656 4436 πάντα
3694 4382 3826 4434 cav-

2237 4478 2506 4551 θρώπινα·
2540 4477 2767 4533 Πλάτων
2783 4476 2842 4530 δὲ
2882 4477 2969 4531 τὸν
2997 4476 3173 4529 ταῦτα
3206 4474 3681 4544 κατειργασμένον
3731 4472 3829 4526 καὶ

556 4571 612 4615 et
630 4573 697 4615 ex
723 4575 849 4614 arca
875 4558 1107 4630 Neptuni
1142 4560 1208 4615 de
1226 4561 1533 4633 principatu
1557 4565 1881 4620 sententiam
1911 4565 2136 4636 ferrent,

2243 4572 2334 4626 τὸν
2382 4570 2687 4644 κομίσαντα
2743 4569 2941 4632 αὐτοὺς
2986 4568 3065 4631 είς
3091 4566 3191 4638 τὴν
3250 4566 3532 4637 Σαλαμῖνα
3580 4565 3827 4636 λυμήνα-

558 4653 811 4723 quamvis
835 4653 889 4707 in
912 4666 976 4707 ea
1006 4652 1167 4708 liceat
1207 4652 1444 4725 aliquam
1472 4656 1668 4727 ingrati
1698 4659 1864 4714 animi
1909 4662 2141 4731 turpitu-

2240 4664 2363 4719 σθαί
2392 4681 2523 4735 φησι
2547 4666 2658 4727 τοῖς
2690 4662 2982 4734 πράγμασι
3008 4661 3103 4715 καὶ
3150 4659 3260 4713 τῶν
3291 4658 3427 4731 πρὸς
3458 4657 3657 4728 ἡδονὴν
3692 4657 3831 4728 ὑπη-

556 4746 735 4801 dinem
778 4746 1091 4803 Graecorum
1143 4762 1423 4813 accusare,
1480 4765 1771 4817 possumus
1838 4762 2018 4810 tamen
2076 4756 2136 4812 de

2241 4757 2544 4829 ρετούντων
2586 4754 2738 4810 οὐδὲν
2767 4752 3021 4824 γενέσθαι
3057 4752 3251 4823 βελτίω
3289 4752 3354 4807 ⁶².
3389 4750 3502 4804 Καὶ
3524 4749 3571 4782 ⁸⁸
3607 4748 3719 4820 γάρ
3749 4765 3830 4801 τοι

557 4846 756 4893 caetero
797 4850 1011 4909 gratum
1043 4840 1284 4893 animum
1320 4840 1567 4906 laudare,
1605 4857 1669 4898 ac
1708 4858 1805 4913 pro
1834 4844 2143 4902 Themisto-

557 4928 640 4983 cle
669 4930 971 4998 suscipere.
1020 4929 1156 4986 Cum
1211 4931 1353 4985 enim
1403 4932 1637 5001 scipsuiu
1686 4935 1916 5006 quisque
1971 4939 2144 5006 primo
2249 4943 2505 4997 ἁπάντων
2540 4981 2555 5003 ,

560 5020 832 5088 posuisset
892 5022 1032 5086 loco,
1099 5023 1401 5078 secundum
1464 5038 1654 5079 omnes
1716 5029 2140 5095 pr0nuntiarunt

558 5110 997 5167 Themistoclem.
1033 5112 1175 5184 Ergo
1204 5115 1269 5168 de
1290 5116 1598 5186 principatu
1644 5121 1936 5186 sententia,
1981 5137 2045 5177 ex
2074 5138 2137 5179 eo

559 5205 701 5275 quod
730 5217 814 5259 est
843 5207 1097 5262 omnibus
1119 5207 1172 5262 iu
1201 5216 1395 5261 natura
1433 5209 1596 5263 situm
1621 5220 1679 5265 ut
1714 5215 1984 5269 neminem
2014 5217 2137 5286 quis

561 5296 730 5365 magis
757 5313 916 5365 quam
946 5311 1006 5353 se
1057 5296 1266 5369 diligat,
1325 5300 1713 5370 pra'veniebat,
1766 5304 1992 5373 ideoque
2038 5323 2134 5363 nec

2244 4848 2381 4921 μετά
2429 4847 2530 4919 τὴν
2584 4847 2892 4917 ναυμαχίαν
2944 4842 3309 4913 συλλεγέντων
3354 4841 3433 4904 είς
3478 4838 3573 4893 τὸν
3618 4837 3828 4908 Ἰσθμὸν

2634 4942 2729 4995 καὶ
2812 4938 3086 5009 φερόντων
3158 4936 3255 5007 τὴν
3327 4934 3505 5004 ψῆφον
3566 4932 3675 4986 ἀπὸ
3732 4931 3827 4984 τοῦ

2246 5029 2436 5101 βωμοῦ
2491 5027 2585 5082 τοῦ
2648 5028 2993 5091 Πωσειδῶνος
3057 5027 3183 5098 περί
3243 5024 3349 5079 τῶν
3398 5023 3694 5094 ἀριστείων
3738 5021 3827 5083 ⁸⁸,

2244 5122 2408 5196 [1292
2438 5121 2531 5194 R.]
2571 5121 2746 5189 ἔξεστι
2810 5121 2910 5190 μέν
2961 5139 3017 5174 τι
3066 5119 3160 5173 καὶ
3224 5120 3479 5188 ἄγνωμον
3532 5114 3827 5169 ὲνταῦθα⁶⁸

2242 5215 2627 5287 κατηγορῆσαι
2642 5214 2765 5284 τῶν⁴
2781 5214 3071 5283 Ἑλλήνων,
3095 5212 3272 5279 ἔξεστι
3294 5210 3350 5264 δὲ
3368 5210 3414 5245 ⁸⁸
3436 5210 3497 5262 τὸ
3514 5207 3706 5261 λοιπὸν
3730 5206 3827 5276 τῆς

2242 5307 2666 5379 εὐγνωμοσύνης
2719 5306 3007 5383 ἐπαινέσαι
3038 5305 3134 5358 καί⁵
3153 5303 3339 5359 λαϐεῖν
3373 5301 3514 5371 ὑπὲρ
3561 5299 3827 5369 Θεμιστο-

1849 5444 2078 5501 νΛΙὶΙιΕ
2120 5446 2524 5503 LECTIONES.

631 5523 675 5556 ια
712 5525 868 5604 mp,
1022 5530 1073 5604 et
1102 5528 1169 5599 δ’]
1195 5545 1253 5604 _p.
1287 5530 1411 5587 557.
1453 5533 1533 5604 _”
1573 5531 1754 5604 μόνος]

1790 5549 1839 5608 p.
1876 5536 2001 5592 559.
2056 5541 2098 5572 ⁸⁸
2128 5556 2192 5608 γε
2216 5555 2326 5595 om.
2354 5541 2419 5594 A.
2498 5541 2544 5572 "
2577 5540 2686 5596 vid.
2713 5539 2931 5595 Kustcr.
2963 5538 3028 5592 ad
3070 5536 3221 5608 Suid.
3255 5551 3306 5590 v.
3329 5532 3594 5608 :Afﬂ't'og‘.‘
3621 5602 3636 5608 _
3662 5530 3830 5608 "aut

557 5605 680 5681 illum
712 5595 1024 5681 τείῖηιθιίμίε
1050 5600 1113 5652 Α.
1161 5595 1238 5631 ”⁸⁸
1267 5602 1469 5681 εἰᾼμὲν]
1504 5595 1754 5681 ρξὸἂᾷξ
1791 5595 1837 5637 ⁵⁵⁵
1879 5609 2040 5675 μόνον
2071 5595 2183 5665 om.
2213 5614 2278 5663 Α.
2358 5611 2405 5643 ⁸⁸
2436 5612 2606 5665 συνίει
2632 5612 2698 5667 Α.
2780 5612 2825 5643 ⁵⁷
2851 5608 3023 5681 τουτὶ]
3052 5625 3103 5679 p.
3125 5607 3265 5681 548._
3325 5595 3595 5681 figi-10F]
3619 5602 3742 5681 ἐμοὶ
3763 5603 3826 5654 Α·

554 5668 597 5696 ³⁰
616 5666 718 5729 ἕως
741 5697 811 5705 —
849 5668 1139 5722 Ἀπόλλωνι
1172 5686 1281 5724 om.
1314 5666 1378 5735 Α,

1418 5686 1538 5742 pust
1568 5674 1922 5750 διαλύσαντες
1958 5697 2004 5734 v.
2048 5681 2112 5734 10
2151 5684 2300 5750 ponit
2333 5701 2390 5747 ς.
2429 5684 2535 5747 ἓως
2570 5696 2749 5737 autem
2789 5697 2906 5735 esse
2969 5674 3183 5734 videtur
3214 5676 3341 5732 illud
3367 5675 3483 5750 ῇως
3513 5678 3594 5750 εἰς

3677 5689 3822 5740 γουν.

618 5712 716 5729 -..ν
860 5712 1139 5749 "tum..."
1314 5712 1378 5735 ..,
1418 5712 1538 5742 γυα-
1568 5712 1918 5741 u...uwuuvu:.5
1961 5712 2004 5734 ν.
2051 5712 2112 5734 ιν
2152 5712 2300 5750 νυιιιι
2333 5712 2390 5747 ε.
2430 5712 2531 5747 cur,
2570 5712 2749 5737 alltc"!
2789 5712 2906 5735 ('33C
2974 5712 3170 5734 \ruUtuI
3215 5712 3341 5732 unm
3378 5712 3480 5745 ’διντ
3514 5712 3589 5727 νιι
3645 5712 3657 5725 '
3687 5712 3822 5740 3""

555 5737 755 5822 “8:13?
801 5738 1015 5822 Βιξζειέηῤ
1049 5756 1135 5822 illi;
1169 5741 1785 5822 Pﬁelltiv._e|m._Par'is.
1868 5750 1912 5822 δέ)
1950 5750 2054 5814 ἕως
2082 5783 2147 5791 --
2181 5754 2361 5805 λαϐεῖν
2392 5771 2500 5807 um.
2530 5756 2594 5817 Α,
2624 5766 2745 5822 post
2776 5752 3038 5821 Ἕλληνες
3071 5766 3121 5803 v.
3151 5751 3228 5822 15
3254 5746 3403 5822 ponit
3430 5762 3494 5822 ς’.
3552 5744 3616 5822 _“
3648 5712 3677 5795 δ
3709 5741 3827 5822 μὲν]

557 5824 605 5871 p.
638 5807 761 5860 550.

554 5892 662 5932 om.
691 5878 754 5931 Α.
852 5881 895 5910 ⁸⁵
924 5878 1294 5938 ἐνταῦθαὐιιι.
1332 5878 1416 5937 Α(
1477 5886 1521 5916 ⁵⁸
1556 5886 1612 5939 δὲ
1645 5878 1758 5940 om.
1790 5888 1856 5942 Α.

840 5811 893 5893 ⁸⁸³-
916 5809 1130 5893 βελτίω]
1154 5811 1377 5893 βελτίω.
1406 5809 1643 5893 ῥίιξντον
1674 5818 1839 5886 πόρον
1888 5809 2220 5893 Ἀριστείδης
2248 5825 2402 5877 καλεῖ
2443 5828 2504 5878 Α.

2608 5814 2650 5855 δ’δ’
2687 5821 2799 5894 καὶ]
2830 5840 2879 5892 ι).
2914 5814 3041 5877 538.
3141 5821 3184 5853 ⁸³
3217 5814 3342 5889 περὶ
3390 5815 3499 5869 τῶν
3543 5814 3826 5886 ἀριστείων
