4124 6408
299 453 440 523 1553

1334 453 1859 516 BIBLIOTHECA.
1900 479 1969 489 --
2006 452 2169 513 COD.
2206 452 2566 517 CCXLVIII.

2206 343 2236 352 φ

302 571 514 634 κλέους.
541 568 813 635 Ἕκαστος
848 570 959 642 γὰρ
1003 565 1194 623 ἑαυτὸν
1227 566 1446 636 πρῶτον
1479 566 1685 637 φέρων,
1712 562 1892 618 δεύτε-

2002 572 2338 621 momentum
2368 563 2606 620 habebat
2627 562 2822 630 ullum,
2848 576 2948 620 nec
2981 570 3099 619 erat
3125 554 3281 619 venia
3318 560 3534 633 lndigna
3580 575 3593 605 =

302 665 413 733 ρον”
446 659 839 728 συνεξέπιπτον
894 664 1135 724 ἅπαντες
1185 659 1443 732 φέροντες
1498 657 1894 729 Θεμιστοκλέα.

300 751 375 807 Ἤ
405 753 506 825 μὲν
532 753 625 808 οὖν
665 753 761 808 τοῦ
806 754 1079 827 πρωτείου
1133 752 1335 824 ψῆφος,
1396 746 1573 821 οἶμαι,
1603 751 1699 805 τοῦ
1745 752 1891 806 πᾶσι

302 842 467 914 φύσει
517 844 929 916 συμϐεϐηκότος
974 841 1284 913 ἀνθρώποις
1336 838 1444 912 ἦν*
1475 840 1634 893 τοῦτο
1688 839 1747 893 δέ
1778 841 1897 893 ἐστι

306 937 512 1008 μηδένα
558 937 753 992 ἑαυτοῦ
809 938 1009 1007 μᾶλλον
1072 935 1273 1007 φιλεῖν⁸
1323 932 1465 987 ὥστε
1499 931 1624 987 οὔτε
1677 932 1897 1003 ἰσχυρὸν

301 1023 453 1097 εἶχεν
503 1026 628 1099 [699
665 1027 760 1100 IL]
812 1028 966 1082 οὐδὲν
1001 1025 1126 1081 οὕτε
1176 1024 1511 1096 συγγνώμης
1556 1023 1894 1094 ἀπήλλακτο.

314 1119 625 1191 Ἦδὲύπέρ
669 1119 779 1173 τῶν
824 1119 1094 1191 δευτέρων
1144 1118 1333 1189 σαφῶς
1382 1117 1482 1189 ἤδη
1528 1115 1801 1186 σύμϐολον
1828 1112 1898 1188 ἦν

302 1211 403 1280 τῆς
424 1209 705 1282 ἀληθείας,
735 1210 828 1265 καὶ
853 1211 937 1265 ὅτι
967 1210 1069 1263 οὐκ
1097 1204 1244 1279 εἶχον
1268 1208 1472 1278 ἑτέρως
1496 1206 1710 1260 θέσθαι.
1733 1207 1896 1260 Ὥστε

304 1305 353 1356 εί
386 1302 720 1375 προσείρητο
749 1303 808 1370 ἐξ
842 1303 1023 1374 ἀρχῆς
1084 1301 1291 1372 μηδένα
1323 1299 1517 1354 ἐαυτὸν
1554 1299 1743 1371 φέρειν
1779 1297 1896 1353 ἀλλ’

250 1430 255 1431 ν
304 1396 513 1467 ἕτερον,
578 1395 953 1467 Θεμιστοκλέα
1007 1395 1211 1458 πάντες
1241 1394 1411 1447 οίσειν
1460 1392 1706 1464 ἔμελλον,
1739 1392 1799 1445 ὃν
1832 1408 1896 1461 γε

305 1490 400 1542 καὶ
450 1487 653 1552 παντὸς
680 1488 842 1543 ἄλλου
864 1489 908 1521 ³⁷
939 1489 1050 1552 πᾶς
1071 1505 1156 1551 τις
1182 1487 1514 1557 προῠκρινεν
1565 1484 1768 1551 αὐτῶν,
1803 1485 1899 1538 καὶ

304 1580 505 1650 ὁμοίως
530 1580 595 1636 ἂν
612 1580 658 1613 ⁸⁸
705 1580 921 1652 πρῶτος
978 1580 1228 1650 ἐγίγνετο
1249 1579 1442 1652 ὥσπερ
1471 1578 1594 1632 τότε
1621 1576 1893 1649 δεύτερος.

305 1674 466 1727 οὕτω
487 1673 585 1729 καὶ
606 1672 702 1728 νῦν
721 1673 974 1745 δεύτερον
1004 1669 1148 1727 εἶναι
1164 1672 1538 1745 ψηφισάμενοι
1567 1670 1899 1743 προσόμοιον

304 1766 543 1832 ἐποίουν,
611 1766 801 1838 ὥσπερ
827 1765 894 1820 ἂν
924 1764 974 1820 εί
1018 1764 1235 1837 πρῶτον
1282 1762 1641 1835 ἐψηφίσαντο.
1685 1764 1759 1816 Οὐ
1792 1760 1899 1833 μὴν

300 1856 415 1910 οὐδ’
473 1855 648 1920 οὕτως
677 1856 900 1911 ἔλαττον
954 1856 1095 1929 ἔχων
1117 1854 1381 1928 ἀπῆλθεν,
1412 1854 1530 1909 ἀλλ’
1561 1853 1899 1925 ἀμφοτέροις

303 1947 547 2018 ἐνίκησε.
581 1946 665 2001 Τὰ
693 1948 792 2018 μὲν
811 1947 921 2020 γὰρ
951 1947 1147 2019 πρῶτα
1192 1947 1286 2002 καὶ
1319 1945 1475 2016 παρὰ
1504 1946 1607 2017 τῆς
1632 1943 1897 2017 ἀληθείας

302 2041 402 2093 καὶ
424 2040 554 2112 παρ’
578 2038 744 2095 αὑτοῦ
773 2039 955 2094 λαϐὼν
997 2037 1109 2113 εἶχε
1137 2039 1220 2111 (τὸ
1248 2040 1359 2111 γὰρ
1393 2038 1528 2094 αὐτὸ
1572 2041 1687 2104 τοῖς
1715 2037 1896 2104 ἄλλοις

305 2131 529 2204 ἐποίησε
593 2133 755 2204 μόνος
798 2133 910 2188 τῶν
967 2133 1146 2189 ἄλλων
1188 2132 1500 2203 δικαίως),
1546 2130 1619 2186 τὰ
1658 2131 1717 2186 δὲ
1775 2130 1898 2185 δεύ-

303 2240 439 2295 τερα
470 2223 574 2296 ἤδη
608 2224 1021 2298 συνεκεχώρητο
1037 2226 1103 2293 ⁸³,
1127 2225 1269 2279 ὥστε
1294 2225 1353 2293 ἐξ
1385 2224 1643 2281 ἁπάντων
1677 2225 1896 2298 πρῶτος

299 2311 393 2388 ἦν.
430 2316 612 2388 Ἐχων
635 2318 683 2350 ’θ
704 2316 761 2371 δὲ
782 2316 966 2387 λέγειν
1008 2317 1180 2372 πολλὰ
1208 2318 1305 2372 καὶ
1346 2317 1478 2389 περὶ
1528 2317 1639 2372 τῶν
1669 2314 1896 2386 ὕστερον

298 2407 467 2463 αὑτοῦ
524 2407 842 2480 συμφορῶν,
895 2409 990 2463 καὶ
1031 2409 1181 2472 ὅπως
1221 2407 1289 2463 ἂν
1347 2409 1496 2463 ἅπαν
1547 2407 1611 2461 τδ
1653 2409 1893 2482 πρᾶγμα

304 2497 732 2569 συνεσκευάσθη,
758 2498 854 2552 καὶ
883 2497 1067 2552 ὁποῖόν
1094 2514 1219 2551 τινα
1252 2500 1355 2552 κᾶν
1381 2496 1592 2560 τούτοις
1619 2496 1895 2567 παρέσχεν

301 2590 520 2656 ἐαυτὸν,
580 2589 884 2663 ἐϐουλόμην
920 2589 989 2645 ἂν
1034 2590 1096 2644 ἐν
1140 2588 1317 2662 τούτῳ
1371 2590 1563 2663 χρείας
1610 2584 1753 2644 εἶναι
1802 2589 1895 2642 τὸν

298 2683 455 2752 λόγον
492 2682 634 2738 ὥστε
660 2684 755 2737 καὶ
779 2685 923 2755 ιπερὶ
952 2682 1157 2738 τούτων
1178 2683 1424 2753 ἐπείγειν
1452 2679 1595 2737 εῖναι
1627 2682 1857 2738 διελθεῖν
1876 2698 1891 2713 ·

299 2771 457 2842 οἶμαι
503 2776 613 2844 γὰρ
651 2774 771 2828 οὐδὲ
789 2777 832 2806 ⁷⁸
865 2776 1176 2847 φαυλότερα
1194 2776 1239 2808 ⁷⁸
1278 2775 1387 2829 οὐδ’
1419 2775 1629 2830 ἐλάττω
1682 2773 1790 2831 τῶν
1819 2776 1895 2828 εί-

300 2867 556 2937 ρημένων
582 2866 698 2937 ἤδη
713 2867 887 2920 εἰπεῖν
924 2865 991 2921 ἂν
1021 2870 1152 2937 περὶ
1206 2866 1393 2922 αὐτοῦ.
1438 2867 1592 2922 Ἐπεὶ
1611 2868 1668 2922 δέ
1696 2870 1811 2939 ἅμα
1833 2884 1893 2920 τε

299 2962 406 3026 ἔξω
418 2961 519 3031 τῆς
542 2960 853 3026 ύποθέσεώς
883 2963 1000 3015 ἐστι
1033 2964 1124 3014 καὶ
1160 2962 1337 3033 μῆκος
1364 2962 1752 3033 ἐπεισέρχεται
1774 2964 1891 3027 τοῖς

298 3050 501 3117 λόγοις,
533 3050 859 3121 παραλείψω
890 3049 1085 3116 ταῦτα,
1112 3050 1366 3105 τοσοῦτον
1414 3052 1892 3124 ἐπιφθεγξάμενος

297 3144 394 3196 καὶ
427 3142 558 3213 περὶ
578 3141 768 3195 τούτου
802 3140 898 3194 τοῦ
929 3144 1153 3214 μέρους,
1180 3142 1263 3196 ὅτι
1289 3143 1478 3216 ἐπειδὴ
1498 3143 1544 3175 ⁷³
1578 3143 1687 3198 ἔδει
1720 3162 1890 3216 στρα-

293 3234 475 3289 τεύειν
520 3235 613 3289 ἐπὶ
664 3234 764 3307 τὴν
804 3234 1053 3302 Ἐλλάδα,
1091 3233 1389 3307 προύκρινε
1428 3236 1710 3310 τελευτᾷν,
1746 3236 1893 3309 ἔργῳ

300 3330 398 3399 μὲν
429 3328 599 3393 λύσας
647 3329 829 3381 πᾶσαν
869 3329 1075 3392 αἰτίαν,
1124 3328 1304 3395 δείξας
1333 3328 1390 3382 δὲ
1422 3329 1623 3384 ὁπόσου
1658 3331 1890 3400 τιμᾶται

296 3422 393 3486 τὰς
440 3421 705 3494 πρότερον
740 3422 970 3495 πράξεις
1016 3422 1111 3476 καὶ
1155 3421 1226 3477 τὰ
1250 3421 1649 3492 πολιτεύματα,
1682 3422 1777 3475 καὶ
1803 3423 1889 3476 ὅτι

294 3514 551 3568 οὐδέποτε
585 3514 729 3569 ἐκὼν
769 3510 912 3569 εἶναι
940 3513 1036 3567 τοῦ
1066 3512 1232 3567 καλοῦ
1256 3511 1469 3567 καὶτοῦ
1501 3514 1886 3586 προσήκοντος

294 3605 446 3660 οὐδὲν
474 3607 741 3678 πρότερον
794 3607 1105 3677 ποιήσεται,
1141 3606 1201 3660 ού
1231 3604 1465 3660 πλοῦτον
1487 3606 1554 3671 ⁷⁸,
1574 3607 1635 3661 ού
1672 3608 1888 3675 παῖδας,

292 3698 394 3750 οὔκ
420 3696 662 3763 ἐλπίδας,
681 3697 740 3751 οὐ
754 3696 853 3770 τὴν
870 3696 1145 3767 σωτηρίαν
1167 3697 1359 3769 αὐτήν.
1378 3696 1524 3765 Ἐγὼ
1534 3697 1579 3731 ⁷⁸
1610 3697 1711 3768 μὲν
1738 3696 1891 3769 οῐμαι

296 3788 390 3840 καὶ
447 3787 629 3858 ίερέας
661 3788 756 3842 καλ⁵
805 3787 1155 3859 ίερείας,καὶ
1199 3788 1347 3851 ὅστις
1394 3786 1553 3852 ἄλλος
1602 3788 1891 3861 Ἀθήνῃσιν

294 3879 516 3949 εὔχεται
533 3879 791 3953 δημοσίᾳ,
809 3879 1035 3951 τοῦτ’,ἃν
1065 3880 1291 3945 εἰκότως
1317 3879 1442 3933 καθ’
1466 3880 1696 3935 ἕκαστον
1716 3880 1890 3944 ἐτοςτθ

294 3970 433 4043 πρὸς
478 3972 788 4039 ἆπασιτοτς
840 3973 1020 4036 ἄλλοις
1068 3973 1493 4044 προσεύχεσθαι,
1552 3972 1692 4026 κατὰ
1750 3970 1881 4040 γοῦν

293 4063 537 4127 ἐκείνους
588 4064 715 4128 τοὺς
769 4064 1017 4135 χρόνους,
1062 4064 1160 4119 καὶ
1204 4064 1309 4129 ἕως
1352 4064 1498 4136 ἐξῆν,
1552 4062 1716 4134 φῦναί
1771 4081 1891 4118 τινα

293 4156 479 4219 αὐτοῖς
502 4154 670 4227 ἀνδρα
695 4156 880 4228 ὅμοιον
902 4155 1280 4226 Θεμιστοκλεῖ,
1313 4157 1408 4210 καὶ
1439 4156 1579 4226 μετὰ
1602 4156 1699 4226 τῆς
1721 4154 1890 4229 ἄλλης

294 4250 390 4301 καὶ
423 4249 569 4302 τοῦτ’
588 4250 831 4318 ἐνεγκεῖν
856 4249 953 4321 τὴν
983 4250 1087 4321 γῆν
1123 4248 1384 4319 τάγαθόν.
1420 4248 1631 4303 Ούκουν
1648 4248 1694 4280 ⁷⁷
1726 4249 1888 4303 ἐλάτ-

292 4357 370 4392 τω
395 4339 447 4408 γ’
477 4338 543 4392 ἂν
568 4338 794 4393 δνασθαί
840 4357 930 4410 μοι
955 4340 1258 4410 δοκοῦσινῆ
1291 4341 1340 4393 εί
1367 4339 1548 4393 πάντα
1577 4341 1661 4404 είς
1694 4340 1889 4393 ἑκατὸν

292 4433 385 4483 καὶ
414 4430 494 4485 ἔτι
521 4432 692 4486 πλείω
708 4432 809 4503 τῆς
838 4433 1020 4505 χώρας
1046 4433 1218 4503 αὐτῆς
1240 4433 1639 4505 ἐξενεγκούσης
1657 4434 1721 4487 ⁷⁸.
1760 4435 1888 4487 Ἀλ-

291 4523 400 4586 λως
423 4523 523 4593 μὲν
553 4523 733 4578 τοίνυν
781 4524 1096 4595 ᾐσχυνόμην
1127 4524 1306 4593 ἔγωγε
1344 4524 1439 4578 ἐπὶ
1470 4524 1747 4587 τοσούτοις
1792 4524 1889 4578 καὶ

2006 674 2193 715 verum
2227 672 2390 730 quam
2423 659 2490 713 de
2515 656 2777 713 secundis
2805 655 3053 712 ferebam
3095 656 3376 725 partibus;
3403 670 3467 712 ea
3500 672 3593 715 ve-

2006 750 2187 806 ritatis
2242 759 2363 805 erat
2402 749 2615 806 illustre
2665 748 3070 814 testimonium,
3131 764 3231 806 nec
3289 764 3387 806 eos
3436 750 3599 807 aliter

2004 857 2230 899 censere
2254 856 2412 912 posse
2437 842 2782 899 ostendebat.
2822 840 3167 913 Quapropter
3209 842 3253 898 si
3279 842 3594 913 praedictum

2007 934 2198 991 fuisset
2228 935 2404 1003 initio,
2438 950 2507 990 ne
2538 934 2662 1003 quis
2686 934 2789 989 sibi
2822 932 3056 1006 palmam
3090 933 3374 1003 tribueret,
3405 948 3596 991 omnes
3625 964 3630 970 ο

2005 1035 2163 1081 erant
2194 1023 2624 1081 Themistoclem
2682 1023 3108 1094 pronuntiaturi,
3167 1038 3329 1095 quem
3377 1024 3593 1094 quidem

2004 1117 2259 1173 omnibus
2307 1116 2430 1172 aliis
2475 1116 2835 1189 praeferebant
2876 1116 3116 1188 singuli:
3150 1131 3252 1173 nec
3295 1117 3451 1173 aliter
3478 1116 3595 1187 pri-

2006 1224 2148 1277 mus,
2176 1225 2239 1266 ac
2267 1220 2378 1266 tum
2423 1211 2693 1266 secundus
2738 1210 2953 1266 fuisset.
3016 1208 3282 1265 Similiter
3328 1216 3383 1265 et
3427 1222 3592 1270 nunc.

2003 1312 2295 1373 postquam
2362 1316 2486 1357 eum
2538 1302 2778 1359 secundo
2835 1309 3133 1372 posuerunt
3182 1301 3324 1368 loco,
3371 1296 3594 1370 perinde

2004 1392 2272 1459 fecerunt,
2314 1408 2378 1450 ac
2408 1395 2452 1448 si
2493 1394 2673 1465 primo
2706 1392 3037 1465 posuissent.
3107 1391 3492 1451 Verumtamen
3526 1404 3595 1447 ne

2003 1486 2086 1544 sic
2121 1487 2340 1558 quidem
2395 1486 2682 1543 inferiores
2751 1487 2875 1542 tulit
2930 1486 3130 1557 potius,
3184 1501 3345 1559 quam
3396 1485 3592 1560 ποὺ

2005 1589 2237 1651 utroque
2266 1580 2419 1637 vicit.
2453 1580 2591 1636 Nam
2617 1581 2790 1651 prima
2822 1579 3039 1651 quidem
3063 1589 3183 1635 erat
3208 1593 3238 1634 a
3260 1578 3511 1642 veritate,
3539 1588 3596 1633 et

2004 1688 2034 1729 a
2074 1674 2253 1743 seipso
2276 1682 2631 1742 consecutus,
2668 1672 3107 1744 quandoquidem
3133 1671 3273 1728 idem
3308 1669 3450 1743 quod
3475 1670 3591 1735 alii,

2005 1766 2153 1823 solus
2176 1767 2321 1838 juste
2347 1766 2594 1836 fecerat;
2633 1753 2874 1824 secunda
2901 1781 3033 1824 vero
3072 1765 3187 1836 jam
3229 1765 3280 1822 ei
3326 1776 3589 1821 concessa

2007 1860 2222 1916 fuerant
2262 1859 2343 1917 sic
2369 1869 2428 1915 ut
2458 1860 2605 1917 omni
2638 1860 2849 1917 ratione
2882 1862 3090 1933 primus
3120 1873 3286 1920 esset.
3344 1865 3412 1922 Et
3458 1879 3591 1938 quo-

1930 1937 1973 1992 Β
2002 1950 2147 2006 niam
2194 1950 2523 2020 posteriores
2552 1965 2770 2020 quoque
2792 1951 2975 2008 clades
3002 1952 3122 2024 ejus
3153 1968 3436 2011 recensere
3467 1937 3595 2026 pos-

1997 2054 2136 2107 sem,
2162 2056 2226 2098 ac
2251 2042 2522 2113 quomodo
2548 2048 2720 2097 totum
2751 2043 3027 2115 negotium
3064 2044 3228 2101 fuerit
3253 2046 3588 2113 confectum,

1996 2135 2323 2207 qualemque
2355 2134 2409 2190 in
2435 2134 2521 2190 his
2554 2135 2658 2192 iste
2692 2150 2751 2191 se
2785 2136 3097 2207 praebuerit,
3123 2136 3401 2196 declarare
3434 2157 3451 2197 :
3480 2139 3592 2195 vel-

1998 2231 2099 2288 lem
2128 2232 2382 2303 equidem
2421 2244 2541 2285 eam
2569 2232 2726 2288 nobis
2757 2230 2825 2287 ab
2855 2232 3106 2289 oratione
3128 2231 3308 2289 afferri
3342 2233 3586 2289 necessi-

1998 2331 2186 2391 tatem,
2211 2323 2458 2380 utetiam
2487 2323 2554 2379 de
2583 2321 2667 2380 his
2695 2330 2844 2379 esset
2875 2323 3185 2379 dicendum.
3226 2323 3359 2379 Nam
3398 2337 3462 2381 ea
3491 2337 3590 2379 nec

1998 2415 2222 2481 leviora,
2253 2415 2309 2471 ni
2342 2415 2523 2482 fallor,
2549 2415 2634 2470 vel
2664 2415 2874 2470 minora
2896 2413 3078 2471 forent
3107 2414 3172 2470 iis
3202 2431 3323 2487 quae
3343 2414 3455 2486 jam
3492 2428 3580 2470 re-

2004 2505 2112 2560 lata
2145 2513 2294 2560 sunt.
2357 2502 2560 2559 Verum
2607 2506 2864 2575 quoniam
2892 2513 2949 2561 et
2981 2513 3359 2578 argumentum
3420 2517 3585 2575 supe-

1997 2607 2141 2665 rant,
2170 2607 2226 2654 et
2263 2597 2489 2653 nimium
2520 2597 2725 2654 crescit
2751 2598 2950 2667 oratio,
2990 2599 3241 2653 omittam
3276 2613 3364 2663 ea.
3400 2606 3455 2653 et
3485 2599 3589 2653 hoc

1998 2700 2204 2746 tantum
2238 2692 2337 2746 hac
2359 2691 2525 2746 etiam
2548 2691 2615 2747 de
2644 2704 2706 2746 re
2737 2690 2955 2755 addam,
2989 2705 3113 2747 eum
3136 2698 3425 2761 postquam
3454 2705 3589 2747 con-

1995 2793 2078 2837 tra
2104 2781 2370 2837 Graeciam
2407 2781 2511 2836 fuit
2541 2781 2906 2849 militandum,
2954 2782 3088 2837 mori
3138 2781 3419 2851 maluisse,
3478 2797 3585 2853 qua

1995 2873 2213 2942 quidem
2266 2887 2325 2928 re
2358 2888 2479 2928 cum
2514 2874 2720 2930 crimen
2759 2888 2920 2929 omne
2956 2872 3222 2942 dissolvit,
3262 2883 3373 2929 tum
3406 2882 3589 2930 osten-

1996 2965 2075 3019 dit
2106 2963 2393 3021 manifeste
2455 2964 2647 3034 quanti
2700 2964 2912 3036 priores
2949 2972 3130 3034 gestas
3179 2977 3267 3019 res
3299 2972 3357 3019 et
3406 2964 3585 3033 reipu-

1995 3058 2151 3114 blicae
2210 3057 2737 3114 administrationem
2794 3056 3020 3124 faceret,
3076 3070 3178 3113 nec
3234 3070 3473 3127 unquam
3530 3070 3591 3111 se

1995 3151 2256 3207 scientem
2302 3149 2597 3220 quidquam
2626 3148 2831 3204 virtute
2862 3156 2916 3204 et
2966 3146 3143 3203 ollicio
3184 3148 3335 3218 prius
3377 3145 3590 3202 habitu-

1919 3283 1965 3344 Ο
2000 3258 2143 3309 rum,
2177 3257 2285 3298 non
2335 3241 2581 3307 divitias,
2640 3256 2748 3297 non
2802 3241 3027 3308 liberos,
3086 3255 3192 3296 non
3245 3254 3421 3311 spem,
3479 3255 3587 3294 non

1998 3337 2168 3406 ipsam
2210 3336 2465 3391 salutem.
2499 3334 2681 3404 Atque
2715 3334 2969 3389 existimo
3008 3332 3262 3402 equidem
3311 3342 3369 3388 et
3411 3347 3590 3389 sacer-

1991 3433 2168 3498 dotes,
2229 3440 2285 3485 et
2337 3429 2584 3502 quisquis
2620 3427 2761 3484 alius
2808 3427 3039 3484 Athenis
3088 3440 3279 3497 preces
3330 3425 3616 3490 faciebat,.

1994 3523 2192 3579 merito
2227 3530 2337 3576 tum
2393 3520 2619 3592 quidem
2654 3518 2869 3590 publice
2912 3518 3208 3589 quotannis
3260 3516 3367 3573 hoc
3418 3516 3590 3574 fuisse

1994 3616 2135 3671 inter
2174 3615 2277 3670 alia
2313 3622 2592 3682 oraturos,
2623 3620 2684 3667 ut
2731 3609 2930 3682 aliquis
2988 3611 3132 3681 apud
3174 3610 3324 3680 ipsos
3368 3607 3590 3663 Themi-

1992 3704 2153 3762 stocli
2216 3704 2411 3761 similis
2441 3713 2781 3770 nasceretur,
2812 3710 2869 3757 et
2910 3701 3053 3759 inter
3076 3710 3332 3757 caeterum
3358 3715 3590 3771 proven-

1996 3809 2110 3854 tum
2142 3799 2247 3854 hoc
2283 3799 2446 3854 etiam
2476 3797 2677 3854 bonum
2713 3804 2859 3851 terra
2893 3793 3264 3864 produceret..
3306 3791 3418 3851 Nec
3444 3794 3588 3851 enim

1993 3886 2263 3943 minorem
2295 3886 2553 3941 videntur
2595 3883 2729 3940 milii
2761 3883 2999 3939 fructum
3048 3883 3217 3941 fuisse
3256 3886 3585 3956 percepturi,

1994 3992 2156 4047 quam
2186 3977 2231 4033 si
2259 3977 2442 4032 omnia
2465 3991 2591 4031 cum
2638 3976 2966 4043 centesimo,
3016 3975 3101 4031 vel
3165 3977 3330 4032 etiam
3382 3978 3588 4050 majore

1994 4068 2181 4124 fenore
2237 4067 2387 4139 regio
2433 4066 2771 4137 protulisset.
2802 4067 2884 4123 Ac
2911 4068 3140 4138 puderet
3171 4084 3255 4123 me
3297 4082 3585 4138 propemo-

1993 4164 2140 4228 dum,
2182 4177 2306 4218 cum
2358 4170 2438 4216 tot
2464 4175 2528 4216 ac
2562 4162 2687 4216 talia
2736 4161 2987 4226 dixerim.
3020 4170 3185 4218 testes
3233 4162 3454 4232 insuper
3488 4161 3584 4217 ad-

1991 4252 2205 4319 hibere,
2248 4251 2356 4307 nisi
2390 4251 2553 4307 unius
2582 4261 2727 4308 esset
2774 4252 2994 4323 aliquod
3030 4261 3370 4309 momentum
3427 4252 3583 4309 testi-

1993 4342 2184 4407 monii,
2220 4343 2361 4411 quod
2408 4344 2795 4413 proferendum
2826 4360 3047 4402 censeo.
3110 4343 3403 4401 Videamus
3452 4359 3584 4414 ergo

1991 4435 2119 4503 quid
2166 4434 2461 4491 ιίΕεριιῑιιθε
2526 4435 2771 4491 Socratis
2827 4437 3050 4500 sodalis,
3112 4438 3356 4494 Platanis
3402 4448 3581 4494 autem

1991 4527 2421 4597 condiscipulus,
2449 4528 2648 4584 dixerit
2679 4547 2693 4584 :
2728 4529 2991 4595 Quoniam
3030 4532 3192 4601 igitur
3220 4529 3583 4587 Themistoclis

292 4614 560 4677 τοιούτοις
611 4616 723 4678 τοῖς
756 4616 1067 4687 εἰρημένοις
1134 4617 1377 4687 μάρτυσι
1435 4614 1883 4686 προσχρώμενος.

1994 4633 2155 4672 ausus
2184 4635 2237 4673 es
2269 4619 2428 4673 vitam
2452 4635 2684 4690 carpere,
2715 4620 2828 4676 vide
2849 4622 3059 4691 qualem
3091 4622 3361 4677 adoriaris
3387 4623 3578 4678 virum.

295 4708 454 4761 Ἔστι
482 4708 537 4762 δέ
568 4725 621 4762 τι
649 4707 922 4779 προύργου
953 4709 1082 4781 μιᾶς
1125 4710 1455 4783 μαρτυρίας,
1484 4709 1554 4779 ἢν
1574 4708 1656 4763 δεῖ
1674 4715 1880 4780 ’παρα-

294 4802 538 4873 σχέσθαι.
608 4800 946 4872 Σκεψώμεθα
1001 4802 1128 4872 δὴ⁷⁹
1189 4803 1317 4856 ποῖα
1367 4800 1505 4856 ἄττα
1554 4799 1706 4868 λέγει
1751 4801 1881 4872 περὶ

1992 4709 2184 4779 Itaque
2221 4711 2394 4782 cogita
2435 4713 2572 4767 unde
2610 4713 2689 4766 sol
2720 4714 2947 4781 oriatur,
2996 4722 3157 4784 atque
3209 4714 3298 4769 ubi
3351 4716 3579 4770 occidat.

1994 4799 2119 4856 Non
2170 4812 2270 4866 est,
2302 4804 2497 4874 inquit,
2555 4805 2651 4860 hoc
2681 4805 2912 4876 diﬁicile,
2945 4804 3222 4870 Socrates,
3251 4822 3582 4877 cognoscere.

292 4893 729 4964 Θεμιστοκλέους
755 4895 886 4964 ἡμῖν
935 4894 1198 4966 Αἰσχίνης
1221 4894 1268 4926 ⁸⁰
1315 4896 1345 4947 ό
1386 4893 1713 4965 Σωκράτους
1775 4893 1875 4965 μὲν
1914 4895 2154 4965 ἑταῖρος,
2184 4893 2472 4959 Πλάτωνος
2526 4896 2583 4950 δέ
2611 4900 3010 4970 συμφοιτητής.
3050 4898 3292 4969 Ἐπειδὴ
3373 4900 3585 4958 τοίνυν

294 4988 403 5044 τοῦ
423 4990 897 5060 Θεμιστοκλέους
918 4990 1065 5055 βίου
1092 4989 1605 5061 ἐπιλαμϐάνεσθαι
1627 4989 1991 5060 ἐτόλμησας,
2015 4992 2245 5061 σκέψαι
2272 4992 2376 5060 οἵῳ
2433 4993 2607 5061 ἀνδρὶ
2672 4994 2951 5065 ἐπιτιμᾷν
2989 4996 3278 5066 ἠξίωσας
3310 5013 3324 5028 ⁸

3405 4996 3581 5051 ἐνθυ-

291 5085 509 5151 [uidua
537 5082 648 5151 γὰρ
675 5083 718 5115 ⁸¹
746 5086 966 5139 ὁπόθεν
987 5086 1021 5139 ό
1052 5084 1225 5152 ἣλιος
1261 5084 1503 5152 ἀνίσχει
1559 5084 1657 5139 καί
1693 5085 1847 5139 ὅπου
1884 5084 2088 5140 δύεται
2103 5087 2172 5144 ⁸⁹.
2213 5087 2585 5155 Ἁλλόὺδὲν,
2609 5089 2747 5159 ἔφη.
2770 5092 3122 5159 χαλεπὸν-⁸³,
3170 5088 3235 5148 ὦ.
3255 5091 3579 5162 Σώκρατες,

295 5176 366 5230 τὰ
398 5174 641 5230 τοιαῦτα
677 5175 920 5230 ειδέναι.

364 5320 475 5375 Καὶ
502 5320 642 5392 μετὰ
670 5320 842 5376 πολλὰ
857 5320 994 5377 άλλα
1015 5321 1270 5393 ἐγκώμια
1319 5325 1519 5394 ἐπάγει
1546 5327 1640 5380 καὶ
1669 5326 1860 5382 ταῦτα·

2045 5326 2340 5395 POStquam
2373 5324 2840 5394 plurimaslaudcs
2882 5327 3020 5382 hanc
3038 5343 3252 5400 quoque
3292 5328 3575 5402 adjungit:

1573 5546 1803 5607 VARle
1833 5548 2244 5606 LECTIONES.

436 5705 829 5790 ἄλλουιοηιιρς
908 5707 952 5790 1“
975 5706 1071 5790 ⁸διν]
1105 5707 1168 5790 ἓν
1218 5707 1336 5790 τότε
1532 5712 1575 5743 ⁶⁹
1622 5709 2050 5790 συνεχώρητοὶς.
2143 5713 2409 5790 ζῇλέχων]
2463 5716 2701 5790 πλέω.
2780 5717 2820 5747 ⁷¹
2855 5716 3008 5790 οὐδὲν
3050 5719 3114 5771 Α.
3198 5718 3239 5749 τ’
3272 5716 3581 5790 φαυλότερα

291 5775 541 5854 οὐδ’-οφ.
584 5777 662 5854 A_._
724 5778 771 5854 '_”
811 5778 933 5829 ἐπεὶ
1180 5779 1239 5830 ού
1277 5779 1504 5854 πλοῦτον
1534 5797 1642 5836 out.
1679 5775 1782 5836 A."
1821 5775 2030 5854 ’⁷⁵Ϋῖἐγὼ]
2065 5800 2116 5851 p.
2143 5784 2267 5840 362.

980 5848 1025 5878 ⁷³
1058 5848 1451 5922 ἐξενεγκούσης
1490 5868 1597 5910 om.
1634 5854 1693 5908 A.
1776 5855 1817 5885 τ’
1858 5852 1920 5922 δὴ
1941 5848 1991 5907 Λ
2014 5848 2042 5908 ”;
2069 5848 2129 5909 ⁷δὲ
2166 5871 2222 5917 ς.

294 5850 445 5913 ponit
477 5848 541 5900 Α.
616 5848 662 5879 ’⁷
691 5846 903 5901 οὔκουν.

296 5924 430 5973 ιπον
454 5917 635 5971 δύεται
659 5935 765 5973 υιιι.
797 5924 860 5973 Α.
939 5918 984 5951 ⁸³
1013 5917 1491 5987 χαλεπὸνοιηζλ.

2368 5786 2424 5860 ’(⁸-
2446 5784 2565 5860 κα-ίν
2594 5786 2826 5860 ἕκαστον
2857 5785 2979 5860 ἔτος
3017 5796 3144 5860 post
3172 5784 3570 5860 προσεύχεσθαι

2304 5857 2623 5929 “Ais/jqu
2656 5874 2764 5915 om.
2796 5858 2860 5911 Δ.
2940 5857 2983 5888 ⁸⁸
3018 5857 3147 5930 γὰρ]
3177 5857 3240 5931 δὴ
3272 5860 3337 5914 ιτ.
3384 5857 3450 5889 ’⁸³
3484 5864 3567 5919 καί

3406 446 3411 451 ⁷
3446 450 3587 517 1554
3690 468 3699 476 ’
