4104 6460
377 366 398 431 1
409 365 506 430 557

1399 366 2007 428 ΒῘΒΜΕΥΓΗΕΟΑ.-
2024 366 2191 429 COD.
2225 365 2580 427 CCXLVIII.

3505 367 3642 433 1.358

372 499 482 535 των
519 477 646 552 περὶ
671 472 843 531 ταῦτα
888 477 932 510 ¹⁰
978 476 1418 550 ἁμαρτημάτων,
1461 479 1515 532 εἴ
1563 496 1626 533 τι
1661 480 1735 550 μὴ
1778 478 1952 543 καλῶς

2061 487 2314 545 suerunt,
2344 492 2444 532 nec
2481 476 2912 545 accuratissime,
2943 486 3207 547 nequeut
3241 477 3492 540 volebant
3526 493 3643 534 ma-

375 574 603 647 ὓστερον
634 571 767 646 μηδέ
793 571 870 637 ὡς
902 571 1010 645 χρὴ
1039 572 1305 647 γράφοιεν
1331 571 1415 641 ἐφ’
1435 572 1643 626 ἑαυτῶν
1668 573 1732 627 ⁸⁸.
1756 572 1896 625 Εἰδέ
1913 573 1956 604 ι’

376 668 452 737 μὴ
485 669 692 730 πάντας
709 666 1059 731 ἐπαίδευσαν,
1085 666 1218 737 μηδὲ
1239 665 1314 728 ὡς
1336 661 1446 718 οἶόν
1473 683 1530 718 τε
1564 665 1954 737 ἀκριϐέστατα,

374 756 543 826 [1296
572 755 664 830 8.]
691 755 812 828 μηδ’
853 757 930 821 ὡς
978 756 1210 825 μάλιστα
1235 755 1610 826 ἐϐουλήθησαν
1636 757 1701 823 ⁸³,
1725 757 1779 810 τί
1811 757 1871 809 τό
1893 773 1956 825 γε

375 849 716 919 ἐκπεφευγδς
760 848 864 919 τῆς
896 849 1119 902 ἐκείνων
1149 848 1487 920 προστασίας
1525 848 1592 902 ἄν
1625 865 1709 912 τις
1746 847 1951 919 τιθείη;

373 942 435 992 οὐ
466 942 575 1011 γὰρ
598 943 699 1011 τῆς
719 942 944 994 ἐκείνων
966 941 1182 1011 ὁμιλίας
1204 940 1362 994 τοῦτο
1385 938 1693 1005 ἀπώναντο,
1713 939 1830 992 ἀλλ’
1856 941 1956 995 οὐκ

372 1032 665 1087 ἀπώναντο
715 1033 940 1087 ἐκείνων
993 1032 1076 1086 ἔτι
1123 1049 1176 1086 τι
1208 1032 1369 1086 τοῦτό
1397 1049 1484 1101 γε.
1531 1031 1742 1086 Οὔκουν
1773 1031 1830 1098 ἐξ
1879 1025 1956 1086 ὧν

375 1125 666 1193 πῳσεὴον
697 1124 903 1188 αὐτοῖς,
932 1125 996 1178 ἐκ
1021 1122 1228 1179 τούτων
1248 1124 1520 1195 ἥμαρτον,
1549 1123 1666 1178 ἀλλ’
1708 1123 1768 1189 ἐξ
1790 1117 1865 1178 ὧν
1890 1122 1954 1176 οὐ

376 1219 685 1288 προσεῖχον,
735 1217 1190 1288 ἐπλημμέλησαν.
1245 1215 1434 1279 Οὕτως
1483 1214 1519 1269 ά
1552 1232 1615 1284 γε
1665 1215 1951 1270 ἐπείθοντο

375 1312 568 1378 σαφῶς
601 1311 690 1382 ἄρ’
743 1311 794 1365 oi
817 1311 1095 1375 πείθοντες
1146 1309 1364 1364 ἔπειθον
1412 1309 1612 1371 καλῶς.
1647 1310 1758 1381 Τὴν
1804 1308 1862 1362 δὲ
1910 1308 1954 1340 ⁸⁵

374 1401 664 1472 πολιτικὴν
692 1403 742 1456 εἰ
786 1402 860 1474 μὴ
902 1403 1106 1465 πάντας
1144 1401 1469 1454 ἐπαίδευσαν
1509 1398 1828 1470 Ἀθηναιους
1854 1399 1956 1453 Gs-

376 1495 672 1565 μιστοκλῆς
703 1495 797 1549 καὶ
831 1494 1106 1564 Περικλῆς
1141 1494 1238 1548 καὶ
1270 1492 1572 1562 Μιλτιάδης
1607 1492 1702 1545 καὶ
1734 1490 1951 1562 Κίμων,

375 1584 498 1654 μηδ’
532 1584 776 1648 ἅπαντας
810 1585 1010 1654 ἐφεξῆς
1040 1584 1283 1655 βελτίους
1305 1584 1571 1654 ἐποίησαν
1597 1582 1738 1636 κατὰ
1779 1581 1954 1649 φυλάς

370 1677 468 1730 καὶ
497 1677 617 1729 κατ’
642 1676 808 1748 ἄνδρα
842 1675 1030 1746 ῶσπερ
1059 1675 1324 1748 θεωρικὸν
1354 1675 1452 1746 τὴν
1491 1675 1802 1747 ἐπιστήμην
1831 1675 1950 1729 δια-

369 1767 653 1836 νέμοντες,
686 1762 785 1820 εῐθ’
821 1767 1099 1839 ὑπερφυές
1130 1785 1182 1821 τι
1219 1767 1464 1838 φήσομεν
1495 1767 1618 1820 κατ’
1649 1766 1828 1820 αὐτῶν
1861 1767 1954 1820 εὑ-

2062 571 2228 633 xime,
2253 585 2350 624 cur
2375 570 2426 624 id
2457 570 2602 639 quod
2626 569 2833 641 eli‘ugit,
2858 571 2925 625 ad
2951 571 3190 639 ipsorum
3213 571 3334 640 quis
3351 572 3642 641 magistros

2062 661 2310 718 referat?
2348 661 2455 716 Nec
2481 660 2625 716 enim
2652 661 2790 718 hunc
2809 662 3047 717 fructum
3071 679 3140 718 es
3171 662 3381 717 illorum
3411 678 3642 723 consue-

2061 754 2246 808 tudine
2297 762 2650 824 perceperant
2698 756 2894 820 potius,
2927 770 3088 824 quam
3139 770 3243 810 non
3270 753 3381 823 jam
3429 753 3484 809 id
3534 755 3642 812 illis

2061 855 2312 916 poterant
2351 857 2634 917 acceptum
2684 846 2851 902 ferre.
2889 847 3153 914 Quocirca
3207 863 3312 902 non
3352 847 3481 917 quia
3518 848 3642 904 illos

2061 941 2432 1009 attendebant,
2467 940 2790 1012 peccabant,
2822 940 2915 996 sed
2950 941 3073 1011 quia
3108 955 3213 996 non
3262 923 3650 1010 attendebant,

2060 1047 2231 1103 usque
2261 1049 2325 1090 eo
2353 1035 2441 1089 illa
2475 1050 2596 1106 qua:
2625 1033 3094 1106 persuadebantur
3133 1043 3283 1089 recte
3314 1035 3423 1089 illis
3445 1035 3644 1090 suade-

2060 1126 2213 1180 bant.
2231 1126 2454 1183 Civilem
2477 1143 2608 1183 vero
2634 1128 2916 1182 scientiam
2937 1124 3041 1180 nisi
3074 1124 3435 1182 Athenienses
3451 1139 3642 1183 omnes

2059 1216 2373 1283 docuerint,
2444 1216 2838 1275 Themistocles
2867 1257 2884 1284 ,
2935 1216 3196 1284 Pericles,
3265 1216 3535 1274 Miltiades
3585 1205 3646 1273 et

2056 1305 2272 1372 Cimon,
2301 1317 2464 1378 atque
2487 1320 2714 1363 cunctos
2737 1325 2803 1364 ex
2838 1308 3030 1365 ordine
3058 1307 3304 1364 tributim
3340 1322 3403 1364 ac
3431 1307 3640 1366 viritim

2059 1397 2309 1452 meliores
2341 1399 2710 1464 reddiderant,
2743 1398 2967 1455 scientia
3007 1399 3160 1469 quasi
3192 1397 3450 1455 theatrali
3479 1413 3644 1468 pecu—

2058 1488 2148 1542 nia
2181 1489 2491 1555 distributa,
2527 1505 2596 1546 ne
2635 1492 2778 1562 ipsos
2805 1492 3028 1562 quidem
3054 1508 3116 1548 ea
3152 1491 3206 1546 in
3240 1507 3299 1547 re
3323 1489 3644 1546 exeelluisse

2057 1580 2322 1639 dicemus.
2374 1581 2486 1638 Nec
2520 1583 2649 1640 illud
2685 1582 2994 1655 Protagorae
3047 1585 3122 1639 tui
3176 1584 3276 1641 tibi
3333 1582 3554 1648 sullicit,
3594 1581 3642 1637 si

2062 1673 2250 1745 vulgus
2266 1676 2350 1731 vol
2370 1690 2438 1730 ex
2459 1686 2613 1745 parte
2639 1677 2819 1748 aliqua
2857 1678 2926 1734 ad
2960 1678 3217 1734 virtutem
3248 1677 3640 1748 perduxerunt;

2059 1781 2244 1821 verum
2273 1766 2374 1821 nisi
2399 1770 2580 1823 omnia
2612 1785 2774 1840 quam
2797 1770 3104 1828 rectissime
3133 1769 3385 1841 populus,
3404 1777 3459 1826 et
3484 1766 3640 1840 quasi

371 1854 623 1924 ρηκέναι,
662 1855 737 1918 ῶς
779 1856 888 1911 οὐδ’
934 1857 1092 1911 αὐτοὶ
1150 1857 1392 1927 βελτίους
1438 1852 1579 1929 ἦσαν
1611 1856 1825 1918 οὐδενὸς
1873 1858 1952 1920 είς

2056 1858 2141 1912 vir
2176 1874 2316 1912 unus
2362 1860 2785 1928 administravit,
2832 1863 2884 1918 id
2915 1863 3027 1934 jam
3064 1863 3334 1934 praefectis
3380 1863 3639 1932 imputas.

369 1950 579 2017 ταῦτα;
609 1950 732 2024 [701
769 1952 862 2026 11.]
897 1954 990 2006 καὶ
1015 1953 1117 2006 οὐκ
1138 1953 1359 2023 ἀγαπᾷς
1383 1950 1445 2004 τὸ
1473 1952 1515 1984 ³⁸
1543 1951 1637 2004 τοῦ
1661 1950 1756 2003 σοῦ
1795 1953 1952 2022 Πρω-

370 2044 606 2114 ταγόρου
638 2045 701 2107 ³⁸,
738 2045 788 2097 εί
808 2047 900 2098 καὶ
926 2047 966 2077 ¹⁷
995 2045 1116 2099 καθ’
1139 2044 1363 2099 ὁσονοῦν
1407 2043 1786 2115 προύϐίϐασαν
1825 2047 1952 2106 τοὺς

371 2135 604 2198 πολλοὺς
632 2139 711 2200 είς
746 2137 806 2190 τὸ
839 2136 1066 2206 βέλτιον,
1115 2137 1234 2192 ἀλλ’
1264 2138 1312 2190 εί
1364 2137 1437 2208 μὴ
1470 2137 1648 2191 πάντα
1700 2138 1728 2189 ὁ
1779 2135 1952 2206 δῆμος

371 2227 732 2298 ἀνεγκλήτως
771 2229 866 2282 καὶ
890 2229 1077 2300 ὥσπερ
1107 2225 1188 2293 εἷς
1217 2230 1362 2299 ἀνὴρ
1412 2228 1772 2299 μετεχείρισε,
1804 2227 1950 2282 τοῦτ’

368 2318 470 2389 ἤδη
506 2319 649 2372 κατά
668 2319 777 2372 τῶν
811 2320 1130 2392 προστατῶν
1173 2319 1292 2372 ἐστί
1319 2337 1423 2373 σοι.
1447 2319 1512 2372 Τί
1545 2314 1638 2372 οὖν
1663 2317 1706 2350 ιθ
1736 2318 1950 2389 θαυμα-

372 2409 518 2474 στὸν,
553 2410 602 2462 εί
632 2411 874 2464 κάκεῖνοι
896 2412 1065 2466 πολλά
1091 2411 1185 2465 xai.
1209 2410 1423 2481 χρηστὰ
1449 2428 1510 2463 συ
1520 2409 1951 2480 μϐουλεύσαντες

381 2501 710 2574 Ἀθηναίοις,
749 2505 846 2558 καλ⁴
891 2506 1058 2559 πολλά
1083 2505 1194 2560 τῶν
1250 2504 1526 2576 δυσχερῶν
1579 2503 1948 2567 κωλύσαντες,

374 2591 449 2663 μὴ
501 2592 590 2647 διὰ
634 2595 823 2659 τέλους
855 2596 1049 2660 αὐτοὺς
1101 2595 1451 2667 ἠδυνήθησαν
1495 2598 1792 2665 κατασχεῖν
1827 2594 1950 2666 μηδ’

369 2684 615 2740 ἀθάνατα
641 2688 880 2752 ίάσαντο,
903 2688 1015 2742 ἀλλ’
1038 2689 1350 2760 ἡττήθησαν
1372 2689 1470 2758 τῆς
1499 2687 1673 2758 δήμου
1710 2686 1946 2756 φύσεως,

368 2783 478 2836 εἴτε
510 2783 601 2835 καὶ
628 2784 728 2854 τῆς
765 2785 948 2853 κοινῆς
981 2783 1284 2854 ἀνθρώπων
1311 2785 1350 2816 ¹⁹
1381 2785 1462 2837 δεῖ
1499 2783 1699 2848 λέγειν,
1733 2783 1828 2834 καὶ
1875 2782 1950 2854 μὴ

369 2874 702 2944 ἐδυνήθησαν
738 2875 784 2906 ⁸⁸
846 2874 1101 2939 καθάπαξ
1134 2877 1198 2927 ἐκ
1230 2874 1331 2944 τῆς
1362 2874 1569 2935 πόλεως
1601 2871 1805 2936 ἐξελεῖν
1835 2871 1950 2924 ἀδι-

371 2964 516 3031 κίαν,
557 2964 747 3036 ὥσπερ
783 2967 1018 3037 γεωργοὶ
1046 2966 1115 3020 τά
1146 2966 1521 3037 λυμαινόμενα
1551 2967 1617 3035 τῇ
1641 2964 1796 3036 χώρᾳ
1826 2963 1950 3017 καθ’

370 3056 604 3110 ἶκαστον
637 3057 882 3110 ἐνιαυτὸν
911 3058 1292 3120 ἐκκόπτοντες,
1324 3053 1423 3109 εἶτ’
1447 3055 1548 3109 οὑκ
1571 3054 1950 3124 ἐφικνούμενοι

369 3149 458 3202 διὰ
492 3149 694 3211 παντὸς
718 3147 807 3202 τοῦ
848 3148 1266 3221 [λυμαινομένου
1315 3147 1413 3219 τὴν
1455 3147 1640 3218 χώραν
1678 3145 1746 3218 ⁸³]
1781 3147 1950 3218 σπέρ-

377 3258 565 3311 ματος.
613 3242 682 3294 Ei
730 3241 912 3295 τοῦτον
946 3243 1040 3296 τὸν
1085 3242 1285 3313 τρόπον
1334 3242 1621 3301 κάκείνους
1669 3239 1953 3303 ἐθέλοντας

375 3334 660 3406 καθαίρειν
688 3335 732 3366 ¹¹
765 3336 861 3406 τὴν
886 3336 1043 3389 πόλιν
1063 3335 1295 3404 ἐξέφυγε
1327 3334 1420 3387 καὶ
1446 3333 1694 3403 ἐνέμεινε
1731 3332 1953 3404 σπέρμα

375 3428 672 3494 ἀναγκαῖον
693 3427 899 3490 ἀδικίας
923 3429 1018 3482 καὶ
1039 3426 1455 3498 ἀγνωμοσύνης,
1488 3426 1583 3479 καὶ
1615 3426 1675 3479 ού
1707 3429 1886 3479 πάντα
1907 3427 1953 3459 ³³

374 3521 688 3592 ὑπήκουσεν
713 3522 911 3586 αὐτοῖς.
942 3523 1057 3576 ἀλλ’
1087 3522 1235 3576 ἐστιν
1264 3521 1301 3576 ἀ
1333 3522 1426 3574 καὶ
1458 3520 1580 3574 καθ’
1613 3518 1776 3573 αὐτὸν
1803 3520 1832 3571 ὁ
1859 3518 1948 3590 δῆ-

378 3633 478 3684 μος
511 3614 885 3682 ὲὸουλεύσατο,
909 3615 1030 3669 τίνα
1053 3615 1211 3669 τοῦτο
1240 3616 1352 3678 τοῖς
1380 3614 1638 3684 ἀνδράσιν
1672 3611 1786 3682 ἔχει
1812 3629 1952 3682 (pau-

374 3708 670 3779 λότητα;ἢ
724 3709 776 3762 τί
829 3710 1015 3764 δεῖτά
1065 3709 1292 3763 ἐκείνων
1357 3709 1568 3778 ἑτέροις
1615 3705 1950 3776 λογίζεσθαι,

373 3801 564 3872 ῶσπερ
589 3801 654 3855 ἀν
682 3801 728 3832 ’δ
750 3803 798 3853 εί
837 3803 924 3856 καὶ
965 3803 1207 3864 στάσεως
1253 3800 1421 3870 οὔσης
1451 3801 1508 3852 ἐν
1537 3801 1604 3870 τῇ
1630 3799 1806 3862 πόλει,
1857 3799 1954 3851 καὶ

374 3891 582 3946 τούτων
638 3892 737 3961 τῆς
786 3891 973 3962 ἐτέρας
1025 3893 1345 3964 ἡγουμένων
1373 3896 1472 3961 τῆς
1514 3890 1623 3943 τῶν
1672 3891 1952 3953 ἐπιεικῶν,

375 3979 496 4036 εἶτα
521 3984 590 4036 τὰ
607 3984 716 4036 τῶν
743 3984 936 4053 ἐτέρων
961 3987 1338 4057 ἁμαρτήματα
1366 3985 1459 4038 καὶ
1489 3982 1598 4035 τῶν
1628 3985 1707 4046 είς
1731 3982 1954 4046 τούτους

377 4076 848 4147 πλημμελούντων
893 4079 1078 4142 αὐτοῖς
1131 4078 1343 4141 τούτοις
1397 4095 1483 4139 τις
1530 4078 1826 4150 προσετίθη
1884 4079 1950 4133 ’⁸.

375 4167 487 4221 Καὶ
515 4167 636 4220 τίνα
664 4167 778 4236 ἔχει
805 4167 957 4235 φύσιν
975 4170 1019 4200 ’⁸
1040 4169 1088 4221 οἳ
1110 4170 1246 4240 μήτε
1271 4169 1440 4240 ἔδρων
1469 4168 1642 4223 ταῦτα
1665 4171 1760 4223 καὶ
1789 4186 1958 4242 προσ-

377 4260 457 4314 ἐτι
505 4260 736 4313 κωλύειν
775 4258 984 4328 ὴξίουν;
1026 4261 1187 4315 Ἀλλά
1223 4264 1330 4331 μὴν
1364 4264 1406 4294 ’⁷
1434 4264 1486 4316 εί
1515 4280 1577 4328 γε
1606 4263 1743 4333 μηδέ
1768 4262 1956 4326 κακῶς

376 4350 642 4404 ἀκούσασι
679 4350 858 4414 καλῶς
897 4353 1035 4423 ἐχειν
1063 4352 1309 4421 οίήσεταί
1332 4371 1416 4417 τις
1445 4356 1562 4416 ταῖς
1593 4353 1784 4423 αύταῖς
1816 4354 1954 4426 χρή-

380 4445 576 4498 σασθαι
601 4445 791 4508 λαόαῖς
807 4488 819 4509 ,
859 4447 945 4498 καὶ
971 4445 1198 4510 ταύταις
1225 4446 1298 4516 μὴ
1322 4448 1414 4498 ἐπὶ
1439 4447 1484 4478 ’⁸
1514 4447 1590 4516 τῷ
1613 4447 1797 4511 κακῶς
1831 4449 1956 4501 ἀντ-

2052 1946 2192 2003 Num
2218 1967 2345 2020 ergo
2372 1952 2566 2007 mirum
2587 1955 2714 2021 erit,
2732 1954 2776 2010 si
2807 1968 2908 2011 nec
2935 1954 3171 2021 illi,cum
3196 1953 3361 2009 multa
3384 1955 3524 2010 bona
3546 1953 3645 2008 do-

2053 2041 2292 2098 cuissent
2310 2044 2671 2100 Athenienses
2695 2060 2758 2101 ac
2786 2060 2956 2102 noxas
2977 2045 3176 2101 multas
3205 2044 3638 2116 impedivissent,

2053 2149 2266 2204 semper
2294 2151 2388 2190 eos
2414 2138 2671 2194 cohibere
2699 2148 3016 2209 potuerunt,
3066 2154 3246 2210 neque
3278 2139 3497 2196 morbos
3531 2140 3640 2196 int-

2054 2228 2309 2283 mortales
2335 2239 2618 2296 curarunt,
2644 2233 2736 2286 sed
2779 2247 2809 2286 a
2840 2231 3019 2303 populi
3055 2243 3269 2301 natura,
3311 2233 3428 2289 sive
3456 2233 3640 2303 potius

2051 2319 2326 2374 communi
2383 2321 2661 2378 hominum
2715 2332 2844 2379 sunt
2897 2325 3063 2393 victi,
3137 2339 3241 2380 nec
3295 2325 3637 2396 iniquitatem

2052 2425 2275 2479 prorsus
2303 2427 2333 2467 e
2367 2413 2592 2470 civitate
2624 2423 2919 2485 potuerunt
2961 2416 3269 2487 exstirpare
3319 2432 3335 2472 :
3371 2414 3636 2486 quemad-

2053 2505 2270 2558 modum
2311 2519 2434 2560 cum
2485 2507 2740 2577 agricolae
2790 2508 3084 2577 quotannis
3139 2508 3258 2578 agri
3307 2508 3639 2564 detrimenta

2051 2597 2395 2659 exscindunt,
2440 2613 2539 2654 nec
2583 2614 2680 2670 per
2726 2609 2897 2656 totum
2952 2615 3137 2656 semen
3179 2607 3483 2670 penetrant.
3527 2597 3639 2654 Hoc

2053 2690 2213 2742 modo
2246 2690 2289 2744 si
2343 2700 2398 2745 et
2443 2689 2581 2756 illos,
2629 2705 2753 2747 cum
2795 2692 3070 2748 civitatem
3126 2707 3359 2762 purgare
3415 2692 3636 2758 vellent,

2049 2780 2247 2852 532a
2297 2779 2663 2838 necessarium
2709 2783 2989 2854 iniustitia:
3012 2795 3177 2855 atque
3225 2784 3424 2855 ingrati
3467 2782 3640 2840 animi

2052 2889 2237 2930 semen
2270 2872 2476 2946 eﬂ‘ugit,
2505 2883 2558 2929 et
2589 2877 2872 2943 remansit,
2908 2891 3010 2932 nec
3038 2877 3171 2948 ipsis
3191 2877 3645 2946 obtemperarunt

2052 2966 2256 3033 omnia,
2283 2967 2579 3037 quinetiam
2609 2983 2705 3038 per
2731 2984 2790 3025 se
2820 2969 3051 3041 populus
3074 2968 3333 3025 nonnulla
3355 2975 3640 3036 statueret,

2053 3074 2150 3112 cur
2185 3059 2297 3114 haec
2328 3061 2731 3130 improbitatem
2759 3061 2894 3118 viris
2925 3061 3176 3131 aii‘erant,
3227 3071 3324 3117 aut
3372 3060 3508 3131 ipsis
3540 3059 3644 3116 im-

2057 3160 2313 3218 putentur
2359 3153 2588 3209 aliena?
2623 3154 2788 3220 Quasi
2827 3155 2949 3225 quis
3003 3164 3196 3210 exorta
3243 3154 3536 3219 seditione,
3587 3161 3646 3212 et

2059 3243 2142 3297 bis
2188 3244 2398 3298 meliori
2446 3245 2588 3315 parti
2646 3245 2977 3315 praepositis,
3011 3255 3126 3300 tum
3174 3245 3402 3302 aliorum
3438 3247 3494 3300 in
3543 3245 3646 3302 hos

2057 3343 2279 3402 peccata
2332 3335 2419 3391 his
2462 3335 2596 3406 ipsis
2646 3338 2935 3393 tribueret.
2988 3337 3272 3406 Quomodo
3325 3347 3509 3393 autem
3570 3337 3646 3393 sit

2055 3440 2292 3494 a‘quum,
2331 3427 2427 3497 qui
2464 3443 2566 3484 nec
2602 3443 2667 3484 ea
2714 3427 2966 3495 fecerint,
3002 3438 3059 3486 et
3103 3430 3329 3501 insuper
3354 3429 3646 3501 prohibere

2055 3519 2346 3574 voluerint.
2387 3519 2539 3586 Quod
2571 3521 2615 3575 si
2657 3536 2760 3577 nec
2789 3535 2884 3576 eos
2924 3535 3156 3592 quorum
3203 3530 3289 3576 est
3339 3521 3479 3576 fama
3517 3519 3644 3576 laesa

2057 3612 2247 3668 iisdem
2279 3613 2492 3683 putabit
2539 3615 2688 3670 ansis
2719 3616 2796 3670 uti
2829 3616 3045 3681 debere,
3078 3617 3239 3685 idque
3279 3631 3384 3670 non
3427 3617 3494 3669 ad
3523 3630 3646 3670 ma-

2055 3705 2393 3761 ledicendum
2435 3707 2671 3763 vicissim
2719 3707 2814 3762 sed
2839 3717 2900 3762 ut
2944 3723 3005 3763 se
3029 3723 3125 3778 per
3167 3708 3303 3762 alios
3331 3708 3640 3774 absolvant,

2055 3798 2329 3867 quomodo
2379 3814 2502 3854 eum
2560 3799 2817 3870 probabit
2868 3799 2961 3871 qui
3017 3800 3168 3870 prior
3223 3800 3366 3854 nulla
3420 3809 3646 3856 coactus

2057 3889 2384 3946 necessitate
2424 3890 2724 3956 maledixit,
2775 3901 2834 3946 ut
2875 3907 2973 3962 per
3001 3907 3121 3962 qua:
3157 3893 3279 3947 illos
3309 3893 3522 3962 pejores
3561 3892 3646 3948 vi-

2056 3980 2170 4034 deri
2205 3982 2432 4036 curabat
2456 3981 2708 4037 dextrum
2759 3984 2890 4052 quid
2933 3995 3125 4054 putare
3150 3985 3402 4055 jusserit.
3455 3984 3648 4040 Enim-

2056 4088 2186 4128 vero
2223 4074 2506 4130 nesciebas
2543 4084 2596 4130 te
2630 4076 2714 4131 his
2749 4077 3055 4146 proverbiis
3094 4079 3289 4142 teneri,
3331 4079 3502 4148 ignem
3529 4094 3646 4133 ver-

2059 4165 2258 4228 berare,
2287 4161 2516 4232 lapidem
2544 4180 2784 4232 coquere,
2824 4181 2951 4220 aexa
2983 4168 3264 4221 seminare.
3316 4165 3469 4233 Quod
3490 4161 3648 4222 enim

2058 4256 2136 4310 illi
2188 4271 2254 4310 ex
2311 4257 2774 4313 admonitionibus
2801 4259 2908 4314 tuis
2956 4274 3022 4314 ac
3055 4259 3400 4314 sermonibus
3449 4260 3647 4318 luerall

2058 4359 2203 4416 sunt,
2236 4365 2398 4419 quam
2427 4364 2542 4404 rem
2564 4350 2648 4404 vel
2680 4349 2921 4405 divinam
2944 4350 3026 4406 vel
3055 4351 3343 4405 humanam
3374 4359 3496 4422 post
3517 4365 3648 4407 eum

2062 4442 2203 4496 diem
2234 4456 2342 4511 quo
2370 4441 2469 4497 tibi
2509 4457 2673 4498 aures
2715 4443 3028 4513 praebuerat
3057 4443 3369 4515 Dionysius,
3400 4443 3486 4500 vel
3521 4443 3646 4512 Dio,

383 4539 583 4602 ειπείν,
609 4537 724 4590 ἀλλ’
751 4539 843 4590 ἐπὶ
867 4536 944 4608 τῷ
965 4539 1054 4593 διὰ
1083 4540 1190 4593 τῶν
1219 4539 1432 4592 ἐκείνου
1482 4541 1550 4592 τά
1577 4541 1788 4593 ἑαυτῶν
1811 4542 1948 4594 ἀπο-

2058 4536 2259 4590 rectius
2299 4533 2752 4590 administrarunt
2780 4535 2794 4590 l
2824 4533 3000 4591 Tanto
3027 4545 3244 4592 nostros
3274 4551 3393 4603 nos,
3415 4551 3449 4592 ο
3469 4535 3646 4606 Plato,

377 4629 666 4695 λύσασθαι,
685 4629 802 4691 πῶς
825 4631 1099 4701 είρηκέναι
1119 4638 1164 4701 γ’
1197 4632 1242 4664 ’θ
1269 4632 1432 4684 αὐτὸν
1457 4632 1723 4702 πρότερον
1741 4632 1950 4698 κακῶς,

377 4721 412 4776 ἂ
446 4721 634 4792 μηδεὶς
664 4722 1008 4790 ἐπηνάγκαζε
1042 4725 1138 4777 καὶ
1164 4723 1232 4777 δι’
1266 4717 1342 4778 ὧν
1375 4724 1590 4795 χείρους
1636 4723 1771 4795 ᾤετο
1810 4725 1952 4778 ἐκεί-

380 4833 503 4879 νους
529 4815 828 4885 ἀποφῆναι,
857 4816 1022 4884 δεξιόν
1049 4835 1101 4870 τι
1123 4818 1365 4888 νομίζειν
1404 4817 1650 4871 κελεύσει
1685 4818 1728 4850 ³⁰
1758 4837 1772 4886 ;
1810 4819 1954 4872 Ἐλε-

379 4907 564 4976 λήθεις
595 4908 636 4939 ³³
666 4907 771 4976 ἄρα
808 4909 1000 4963 σαυτὸν
1043 4910 1286 4972 ἀπάσαις
1334 4913 1454 4974 ταῖς
1501 4911 1822 4982 παροιμίαις
1870 4912 1953 4963 ὲν-

380 5016 405 5053 ι
413 4999 471 5069 χό
479 5017 656 5068 μενος,
675 5003 754 5065 εἰς
779 5001 899 5070 πῦρ
915 5003 1137 5067 ξαίνων
1154 5002 1250 5056 καί
1276 5004 1450 5057 λίθον
1471 5003 1638 5071 ἕψων
1659 5003 1758 5057 καὶ
1782 5005 1951 5058 σπείο

371 5107 499 5156 ρων
523 5089 628 5155 τὰς
657 5089 888 5158 πέτρας.
918 5092 983 5143 Τί
1014 5092 1123 5162 γὰρ
1148 5090 1258 5146 τῶν
1291 5091 1398 5144 σῶν
1420 5090 1713 5144 νουθεσιῶν
1745 5093 1838 5144 καὶ
1868 5091 1951 5143 λό-

380 5197 491 5247 γων
512 5180 824 5250 ἀπήλαισαν
851 5185 1049 5237 ἐκεῖνοι
1074 5201 1088 5249 ;
1128 5183 1182 5236 τί
1213 5183 1319 5236 τῶν
1360 5183 1518 5236 θείων
1547 5183 1579 5253 ἢ
1608 5184 1714 5235 τῶν
1738 5183 1949 5254 ἀνθρω-

383 5273 554 5327 πίνων
587 5275 797 5343 ἄμεινον
829 5276 1272 5348 μετεχειρίσαντο
1294 5275 1628 5346 Διονύσιοςῆ
1659 5275 1796 5328 Δίων
1831 5277 1952 5345 μετ’

2054 4640 2216 4694 quam
2269 4634 2322 4678 tu
2370 4634 2510 4691 tuos,
2554 4624 2809 4679 meliores
2851 4623 3134 4680 edicimus.
3177 4625 3331 4692 Quod
3358 4626 3405 4682 si
3451 4625 3646 4682 horum

2052 4711 2287 4766 indolem
2328 4712 2479 4766 dices
2529 4712 2807 4767 meliorem
2859 4710 3046 4778 fuisse,
3104 4713 3209 4770 hac
3241 4729 3463 4786 quoque
3503 4714 3558 4770 in
3586 4728 3648 4771 re

2055 4815 2292 4860 nostram
2339 4805 2583 4860 declaras
2621 4805 2983 4875 prudentiam,
3025 4806 3118 4876 qui
3151 4821 3300 4877 spem
3332 4808 3385 4861 in
3425 4807 3510 4863 his
3541 4806 3644 4862 ali-

2052 4913 2215 4968 quam
2269 4899 2657 4968 posuerimus,
2711 4913 2834 4953 cum
2893 4906 2947 4952 tu
2997 4907 3110 4954 toto
3167 4900 3438 4955 erraveris
3480 4899 3644 4967 casio,

2059 4990 2276 5060 quando
2299 5006 2419 5043 cum
2452 4989 2558 5045 iiiis
2582 4990 2785 5045 utiliter
2815 4997 2870 5044 te
2905 4990 3308 5061 disputaturum
3339 4991 3643 5049 credidisti.

2062 5084 2264 5140 Deinde
2311 5083 2452 5138 sicut
2498 5097 2562 5139 ea
2593 5084 2647 5138 in
2678 5083 2877 5154 quibus
2919 5082 3056 5139 alios
3079 5085 3327 5140 vicerunt
3347 5084 3515 5140 indoli
3541 5083 3644 5140 tri-

2062 5179 2206 5244 buis,
2238 5179 2317 5234 sic
2353 5178 2515 5232 etiam
2564 5177 2610 5231 si
2653 5177 2779 5247 quid
2827 5175 2925 5231 tibi
2970 5176 3104 5232 satis
3149 5186 3353 5234 temere
3388 5177 3645 5235 videntur

2062 5273 2257 5342 egisse,
2299 5273 2402 5326 hoe
2449 5272 2624 5325 eidem
2672 5270 2836 5325 indoli
2871 5270 3077 5341 imputa
3106 5285 3125 5338 ;
3156 5286 3332 5342 neque
3354 5286 3477 5328 cum
3521 5284 3644 5342 qua:

1667 5413 1754 5471 VA
1765 5414 1903 5470 RIAI
1937 5401 2340 5469 LEC'ITONES.

452 5525 497 5558 ⁸⁸
527 5522 723 5602 fragm]
751 5526 878 5602 ιῦτά
910 5529 974 5602 A.
1049 5530 1090 5602 εί
1120 5528 1273 5602 ἐφ’ίΑ
1311 5546 1324 5583 :
1353 5529 1446 5598 ἀφ’
1475 5547 1566 5602 ςη
1606 5529 1655 5602 ⁸²ν
1681 5527 1823 5602 είδέ]
1853 5544 1903 5596 p.
1932 5529 2056 5602 571.
2123 5529 2180 5602 ν²⁸

1833 5595 1883 5670 p.
1916 5601 2039 5686 57}.
2119 5601 2161 5686 ι]
2186 5595 2640 5686 ἀνθρώπρνλτῶν
2661 5595 2962 5686 ἀνθρώπων
2990 5595 3084 5655 Ᾱξ
3129 5599 3182 5631 ἀ
3207 5595 3553 5686 ήδυχήθησαν
3578 5615 3638 5686 ς.

383 5671 424 5700 ³³
459 5670 589 5738 λυμ.
658 5670 755 5735 τὴν
795 5670 978 5741 χώραν
1039 5687 1149 5726 om.
1219 5672 1283 5726 Δ.
1375 5672 1420 5704 ¹⁹
1457 5671 1718 5741 καθαρεῖν
1767 5670 1813 5726 Α
1849 5689 1860 5724 :
1899 5670 2180 5742 καθαριεῖν
2238 5688 2296 5734 ς.

454 5735 744 5816 -προστιοῆ-
785 5740 965 5816 Δ.ιῗ
989 5741 1174 5816 φύσιν]
1233 5741 1397 5812 φύσιν
1451 5742 1625 5799 ταῦτα
1655 5743 1719 5800 Α.
1802 5743 1842 5773 ’⁷
1875 5741 2012 5798 ἀλλά
2044 5740 2195 5814 μὴν].

382 5599 446 5650 Α.
527 5597 912 5685 ¹⁶Πρωτιγόρα
940 5600 1006 5654 Α.
1074 5601 1114 5632 ¹⁷
1142 5601 1232 5653 καὶ
1256 5616 1362 5655 out.
1395 5597 1460 5656 Α.
1527 5600 1570 5631 ’⁸
1607 5601 1658 5653 τί
1682 5597 1813 5726 οὖνλ

383 5671 424 5700 ³³
459 5669 589 5726 λυμ.
658 5667 755 5726 τὴν
795 5687 978 5726 γωραν
1039 5687 1149 5726 om.
1219 5672 1283 5726 Δ.
1375 5672 1420 5704 ¹⁹
1457 5671 1718 5726 καθαρεῖν

460 5671 589 5738 λυμ.
658 5671 755 5741 τήν
795 5671 978 5741 χώραν
1039 5687 1149 5726 om.
1219 5672 1283 5726 Δ.
1375 5672 1420 5704 ¹⁹
1457 5671 1718 5741 καθαρεῖν

385 5810 423 5843 ³¹
451 5808 745 5883 ἐλελήθεις]
782 5824 819 5879 ι.
853 5811 979 5868 577.

2219 5525 2598 5601 ἠβουλήθηραγ
2627 5542 2689 5601 9-
2733 5523 2943 5601 ,ιῖτὴν
2963 5525 3043 5601 δὲ]
3071 5525 3277 5601 9-572:
3355 5527 3403 5601 fi
3423 5525 3486 5580 τὺ
3511 5529 3639 5584 add-

2376 5667 2637 5742 ”_1fav1a
2690 5669 2736 5722 Α
2788 5668 3017 5742 ε-πάντῃ
3068 5688 3133 5742 ς’,
3210 5667 3538 5742 τιμᾶν-οφ.

2299 5739 2345 5771 ³⁸
2373 5739 2466 5794 ἐπὶ
2524 5756 2632 5796 om.
2670 5745 2735 5797 A.
2814 5738 2858 5768 "
2889 5740 2940 5808 γ’
2973 5738 3082 5797 oin.
3108 5741 3176 5798 Α,
3255 5740 3300 5772 ³ο
3332 5739 3546 5795 κελεύει
3573 5741 3633 5797 Δ.
