  <div class='ocr_page' id='page_1' title='image "/cluster/home/n/w/nwhite01/storage/ocr_20150623/103/hvd.32044018872861/786.png"; bbox 0 0 4124 6446; ppageno 0'>
   <div class='ocr_carea' id='block_1_1' title="bbox 260 436 384 503">
    <p class='ocr_par' dir='ltr' id='par_1_1' title="bbox 260 436 384 503">
     <span class='ocr_line' id='line_1_1' title="bbox 260 436 384 503; baseline -0.008 -1"><span class='ocrx_word' id='word_1_1' title='bbox 260 436 384 503; x_wconf 81' lang='grc'><strong>1561</strong></span> 
     </span>
    </p>
   </div>
   <div class='ocr_carea' id='block_1_2' title="bbox 1284 441 2478 509">
    <p class='ocr_par' dir='ltr' id='par_1_2' title="bbox 1284 441 2478 509">
     <span class='ocr_line' id='line_1_2' title="bbox 1284 441 2478 509; baseline 0.003 -8"><span class='ocrx_word' id='word_1_2' title='bbox 1284 441 1806 506; x_wconf 81' lang='lat' dir='ltr'><strong>BIBLIOTHECA.</strong></span> <span class='ocrx_word' id='word_1_3' title='bbox 1828 468 1894 479; x_wconf 73' lang='grc'><strong>·’-</strong></span> <span class='ocrx_word' id='word_1_4' title='bbox 1918 444 2083 509; x_wconf 83' lang='lat' dir='ltr'><strong>COD.</strong></span> <span class='ocrx_word' id='word_1_5' title='bbox 2123 445 2478 508; x_wconf 70' lang='lat' dir='ltr'><strong>CCXLVIII.</strong></span> 
     </span>
    </p>
   </div>
   <div class='ocr_carea' id='block_1_3' title="bbox 3374 438 3516 506">
    <p class='ocr_par' dir='ltr' id='par_1_3' title="bbox 3374 438 3516 506">
     <span class='ocr_line' id='line_1_3' title="bbox 3374 438 3516 506; baseline -0.021 -1"><span class='ocrx_word' id='word_1_6' title='bbox 3374 438 3516 506; x_wconf 74' lang='grc'><strong>1562</strong></span> 
     </span>
    </p>
   </div>
   <div class='ocr_carea' id='block_1_4' title="bbox 250 548 1858 630">
    <p class='ocr_par' dir='ltr' id='par_1_4' title="bbox 250 548 1833 626">
     <span class='ocr_line' id='line_1_4' title="bbox 250 548 1833 626; baseline 0.002 -21"><span class='ocrx_word' id='word_1_7' title='bbox 250 551 428 619; x_wconf 72' lang='grc' dir='ltr'>ῥτιοῦν</span> <span class='ocrx_word' id='word_1_8' title='bbox 456 548 671 621; x_wconf 71' lang='grc' dir='ltr'>ὕϐρεως</span> <span class='ocrx_word' id='word_1_9' title='bbox 725 550 820 605; x_wconf 74' lang='grc' dir='ltr'><strong>καὶ</strong></span> <span class='ocrx_word' id='word_1_10' title='bbox 854 551 1145 621; x_wconf 75' lang='grc' dir='ltr'><strong>ἀσελγείας</strong></span> <span class='ocrx_word' id='word_1_11' title='bbox 1191 552 1447 609; x_wconf 79' lang='grc' dir='ltr'>ἀπέλιπε.</span> <span class='ocrx_word' id='word_1_12' title='bbox 1495 557 1604 609; x_wconf 73' lang='grc' dir='ltr'><strong>Καὶ</strong></span> <span class='ocrx_word' id='word_1_13' title='bbox 1639 557 1703 610; x_wconf 84' lang='grc' dir='ltr'><strong>σὺ</strong></span> <span class='ocrx_word' id='word_1_14' title='bbox 1735 555 1833 626; x_wconf 82' lang='grc' dir='ltr'>μὲν</span> 
     </span>
    </p>
   </div>
   <div class='ocr_carea' id='block_1_5' title="bbox 1962 548 3522 630">
    <p class='ocr_par' dir='ltr' id='par_1_5' title="bbox 1962 553 3522 628">
     <span class='ocr_line' id='line_1_5' title="bbox 1962 553 3522 628; baseline -0.002 -15"><span class='ocrx_word' id='word_1_15' title='bbox 1962 573 2088 628; x_wconf 67' lang='lat' dir='ltr'><strong>gere,</strong></span> <span class='ocrx_word' id='word_1_16' title='bbox 2125 558 2284 625; x_wconf 84' lang='lat' dir='ltr'><strong>idque</strong></span> <span class='ocrx_word' id='word_1_17' title='bbox 2327 558 2559 611; x_wconf 87' lang='lat' dir='ltr'><strong>alterum</strong></span> <span class='ocrx_word' id='word_1_18' title='bbox 2590 555 2846 622; x_wconf 89' lang='lat' dir='ltr'><strong>amicum,</strong></span> <span class='ocrx_word' id='word_1_19' title='bbox 2899 554 3096 628; x_wconf 58' lang='lat' dir='ltr'><strong>533a</strong></span> <span class='ocrx_word' id='word_1_20' title='bbox 3143 554 3350 609; x_wconf 92' lang='lat' dir='ltr'><strong>hostem</strong></span> <span class='ocrx_word' id='word_1_21' title='bbox 3382 553 3522 610; x_wconf 76' lang='lat' dir='ltr'><strong>alte-</strong></span> 
     </span>
    </p>
   </div>
   <div class='ocr_carea' id='block_1_6' title="bbox 252 638 1836 723">
    <p class='ocr_par' dir='ltr' id='par_1_6' title="bbox 252 638 1836 723">
     <span class='ocr_line' id='line_1_6' title="bbox 252 638 1836 723; baseline 0.002 -26"><span class='ocrx_word' id='word_1_22' title='bbox 252 642 401 723; x_wconf 75' lang='grc' dir='ltr'>οὐδὲν</span> <span class='ocrx_word' id='word_1_23' title='bbox 424 642 685 713; x_wconf 85' lang='grc' dir='ltr'>ὑϐρίσθης</span> <span class='ocrx_word' id='word_1_24' title='bbox 710 642 841 706; x_wconf 72' lang='grc' dir='ltr'>ἴσως</span> <span class='ocrx_word' id='word_1_25' title='bbox 868 659 883 675; x_wconf 75' lang='grc' dir='ltr'><strong>ο</strong></span> <span class='ocrx_word' id='word_1_26' title='bbox 914 645 944 697; x_wconf 81' lang='grc' dir='ltr'>ὁ</span> <span class='ocrx_word' id='word_1_27' title='bbox 971 644 1026 697; x_wconf 84' lang='grc' dir='ltr'>δὲ</span> <span class='ocrx_word' id='word_1_28' title='bbox 1050 638 1131 707; x_wconf 75' lang='grc' dir='ltr'>οἷς</span> <span class='ocrx_word' id='word_1_29' title='bbox 1161 646 1345 715; x_wconf 79' lang='grc' dir='ltr'>ἡγεῖτο</span> <span class='ocrx_word' id='word_1_30' title='bbox 1373 644 1635 716; x_wconf 75' lang='grc' dir='ltr'>ὑϐρίζειν,</span> <span class='ocrx_word' id='word_1_31' title='bbox 1666 647 1836 700; x_wconf 89' lang='grc' dir='ltr'>πλείω</span> 
     </span>
    </p>
   </div>
   <div class='ocr_carea' id='block_1_7' title="bbox 253 731 1835 811">
    <p class='ocr_par' dir='ltr' id='par_1_7' title="bbox 253 731 1835 811">
     <span class='ocr_line' id='line_1_7' title="bbox 253 731 1835 811; baseline 0.003 -22"><span class='ocrx_word' id='word_1_32' title='bbox 253 733 425 803; x_wconf 65' lang='grc' dir='ltr'>ταῦτα</span> <span class='ocrx_word' id='word_1_33' title='bbox 455 733 785 806; x_wconf 69' lang='grc' dir='ltr'>ἔπραττενῆ</span> <span class='ocrx_word' id='word_1_34' title='bbox 846 735 977 806; x_wconf 77' lang='lat'><strong>[703</strong></span> <span class='ocrx_word' id='word_1_35' title='bbox 1013 735 1107 808; x_wconf 74' lang='lat'><strong>[1.]</strong></span> <span class='ocrx_word' id='word_1_36' title='bbox 1158 737 1226 790; x_wconf 84' lang='grc' dir='ltr'><strong>δι’</strong></span> <span class='ocrx_word' id='word_1_37' title='bbox 1281 731 1357 791; x_wconf 82' lang='grc' dir='ltr'>ὧν</span> <span class='ocrx_word' id='word_1_38' title='bbox 1391 739 1509 810; x_wconf 73' lang='grc' dir='ltr'>ᾔδει</span> <span class='ocrx_word' id='word_1_39' title='bbox 1565 741 1835 811; x_wconf 84' lang='grc' dir='ltr'><strong>τιμήσων.</strong></span> 
     </span>
    </p>
   </div>
   <div class='ocr_carea' id='block_1_8' title="bbox 265 822 1836 904">
    <p class='ocr_par' dir='ltr' id='par_1_8' title="bbox 265 822 1836 904">
     <span class='ocr_line' id='line_1_8' title="bbox 265 822 1836 904; baseline 0.004 -24"><span class='ocrx_word' id='word_1_40' title='bbox 265 827 425 889; x_wconf 82' lang='grc' dir='ltr'>Ἀλλ’,</span> <span class='ocrx_word' id='word_1_41' title='bbox 462 822 507 881; x_wconf 81' lang='grc' dir='ltr'><strong>ὦ</strong></span> <span class='ocrx_word' id='word_1_42' title='bbox 535 829 580 859; x_wconf 74' lang='grc' dir='ltr'>θ’</span> <span class='ocrx_word' id='word_1_43' title='bbox 616 827 837 881; x_wconf 87' lang='grc' dir='ltr'>πάντων</span> <span class='ocrx_word' id='word_1_44' title='bbox 864 829 908 860; x_wconf 79' lang='grc'>⁸⁸</span> <span class='ocrx_word' id='word_1_45' title='bbox 936 828 1205 899; x_wconf 80' lang='grc' dir='ltr'>θαυμάσιε</span> <span class='ocrx_word' id='word_1_46' title='bbox 1233 831 1480 895; x_wconf 81' lang='grc' dir='ltr'><strong>Πλάτων,</strong></span> <span class='ocrx_word' id='word_1_47' title='bbox 1511 830 1587 904; x_wconf 82' lang='grc' dir='ltr'>μὴ</span> <span class='ocrx_word' id='word_1_48' title='bbox 1625 832 1694 887; x_wconf 85' lang='grc' dir='ltr'><strong>δι’</strong></span> <span class='ocrx_word' id='word_1_49' title='bbox 1725 834 1836 902; x_wconf 83' lang='grc' dir='ltr'><strong>ἁμ-</strong></span> 
     </span>
    </p>
   </div>
   <div class='ocr_carea' id='block_1_9' title="bbox 258 919 1838 992">
    <p class='ocr_par' dir='ltr' id='par_1_9' title="bbox 258 919 1838 992">
     <span class='ocr_line' id='line_1_9' title="bbox 258 919 1838 992; baseline 0.005 -20"><span class='ocrx_word' id='word_1_50' title='bbox 258 922 378 986; x_wconf 85' lang='grc' dir='ltr'>φοῖν</span> <span class='ocrx_word' id='word_1_51' title='bbox 405 919 559 985; x_wconf 78' lang='grc' dir='ltr'>ὤθει,</span> <span class='ocrx_word' id='word_1_52' title='bbox 593 920 692 973; x_wconf 78' lang='grc' dir='ltr'>καὶ</span> <span class='ocrx_word' id='word_1_53' title='bbox 714 920 887 975; x_wconf 83' lang='grc' dir='ltr'>ταῦτα</span> <span class='ocrx_word' id='word_1_54' title='bbox 910 921 971 975; x_wconf 85' lang='grc' dir='ltr'><strong>οὐ</strong></span> <span class='ocrx_word' id='word_1_55' title='bbox 997 922 1083 975; x_wconf 78' lang='grc' dir='ltr'><strong>διὰ</strong></span> <span class='ocrx_word' id='word_1_56' title='bbox 1116 922 1224 975; x_wconf 86' lang='grc' dir='ltr'><strong>τῶν</strong></span> <span class='ocrx_word' id='word_1_57' title='bbox 1262 923 1432 992; x_wconf 77' lang='grc' dir='ltr'>φίλων</span> <span class='ocrx_word' id='word_1_58' title='bbox 1464 925 1583 988; x_wconf 80' lang='grc' dir='ltr'>ἐνὸς</span> <span class='ocrx_word' id='word_1_59' title='bbox 1610 926 1704 979; x_wconf 72' lang='grc' dir='ltr'><strong>καὶ</strong></span> <span class='ocrx_word' id='word_1_60' title='bbox 1728 925 1838 980; x_wconf 91' lang='grc' dir='ltr'><strong>τῶν</strong></span> 
     </span>
    </p>
   </div>
   <div class='ocr_carea' id='block_1_10' title="bbox 256 1010 1839 1083">
    <p class='ocr_par' dir='ltr' id='par_1_10' title="bbox 256 1010 1839 1083">
     <span class='ocr_line' id='line_1_10' title="bbox 256 1010 1839 1083; baseline 0.004 -20"><span class='ocrx_word' id='word_1_61' title='bbox 256 1010 464 1083; x_wconf 71' lang='grc' dir='ltr'>ἐχθρῶν</span> <span class='ocrx_word' id='word_1_62' title='bbox 492 1011 558 1075; x_wconf 71' lang='grc'><strong>⁸⁸⁵,</strong></span> <span class='ocrx_word' id='word_1_63' title='bbox 613 1010 750 1065; x_wconf 74' lang='grc' dir='ltr'>ἀλλὰ</span> <span class='ocrx_word' id='word_1_64' title='bbox 794 1012 885 1065; x_wconf 81' lang='grc' dir='ltr'>διὰ</span> <span class='ocrx_word' id='word_1_65' title='bbox 919 1012 1119 1066; x_wconf 79' lang='grc' dir='ltr'><strong>σαυτοῦ</strong></span> <span class='ocrx_word' id='word_1_66' title='bbox 1159 1031 1219 1065; x_wconf 87' lang='grc' dir='ltr'><strong>τε</strong></span> <span class='ocrx_word' id='word_1_67' title='bbox 1267 1014 1313 1046; x_wconf 75' lang='grc'><strong>⁸⁸</strong></span> <span class='ocrx_word' id='word_1_68' title='bbox 1356 1015 1451 1068; x_wconf 77' lang='grc' dir='ltr'>καὶ</span> <span class='ocrx_word' id='word_1_69' title='bbox 1477 1015 1713 1083; x_wconf 74' lang='grc' dir='ltr'>ίτούτων,</span> <span class='ocrx_word' id='word_1_70' title='bbox 1747 1015 1839 1081; x_wconf 80' lang='grc' dir='ltr'><strong>οὓς</strong></span> 
     </span>
    </p>
   </div>
   <div class='ocr_carea' id='block_1_11' title="bbox 258 1100 1836 1177">
    <p class='ocr_par' dir='ltr' id='par_1_11' title="bbox 258 1100 1836 1177">
     <span class='ocr_line' id='line_1_11' title="bbox 258 1100 1836 1177; baseline 0.001 -20"><span class='ocrx_word' id='word_1_71' title='bbox 258 1103 461 1173; x_wconf 70' lang='grc' dir='ltr'>μᾶλλον</span> <span class='ocrx_word' id='word_1_72' title='bbox 490 1103 677 1172; x_wconf 82' lang='grc' dir='ltr'>φίλους</span> <span class='ocrx_word' id='word_1_73' title='bbox 704 1100 773 1174; x_wconf 80' lang='grc' dir='ltr'>ἦν</span> <span class='ocrx_word' id='word_1_74' title='bbox 800 1103 948 1168; x_wconf 85' lang='grc' dir='ltr'>είκὸς</span> <span class='ocrx_word' id='word_1_75' title='bbox 972 1104 1255 1174; x_wconf 79' lang='grc' dir='ltr'>ἡγεῖσθαι.</span> <span class='ocrx_word' id='word_1_76' title='bbox 1283 1106 1345 1158; x_wconf 81' lang='lat' dir='ltr'><strong>Ei</strong></span> <span class='ocrx_word' id='word_1_77' title='bbox 1374 1104 1432 1159; x_wconf 84' lang='grc' dir='ltr'><strong>δὲ</strong></span> <span class='ocrx_word' id='word_1_78' title='bbox 1486 1105 1582 1177; x_wconf 79' lang='grc' dir='ltr'>μὴ,</span> <span class='ocrx_word' id='word_1_79' title='bbox 1639 1106 1836 1159; x_wconf 86' lang='grc' dir='ltr'>σκόπει</span> 
     </span>
    </p>
   </div>
   <div class='ocr_carea' id='block_1_12' title="bbox 260 1194 1835 1268">
    <p class='ocr_par' dir='ltr' id='par_1_12' title="bbox 260 1194 1835 1268">
     <span class='ocr_line' id='line_1_12' title="bbox 260 1194 1835 1268; baseline 0.001 -20"><span class='ocrx_word' id='word_1_80' title='bbox 260 1194 337 1266; x_wconf 80' lang='grc' dir='ltr'><strong>μή</strong></span> <span class='ocrx_word' id='word_1_81' title='bbox 360 1195 388 1248; x_wconf 88' lang='grc' dir='ltr'><strong>ὅ</strong></span> <span class='ocrx_word' id='word_1_82' title='bbox 415 1213 470 1249; x_wconf 91' lang='grc' dir='ltr'><strong>τι</strong></span> <span class='ocrx_word' id='word_1_83' title='bbox 495 1195 812 1264; x_wconf 80' lang='grc' dir='ltr'>ἐγκαλέσεις</span> <span class='ocrx_word' id='word_1_84' title='bbox 841 1195 909 1260; x_wconf 81' lang='grc'><strong>⁸⁸,</strong></span> <span class='ocrx_word' id='word_1_85' title='bbox 933 1195 1049 1249; x_wconf 83' lang='grc' dir='ltr'>ἀλλ’</span> <span class='ocrx_word' id='word_1_86' title='bbox 1075 1195 1103 1248; x_wconf 82' lang='grc' dir='ltr'><strong>ὃ</strong></span> <span class='ocrx_word' id='word_1_87' title='bbox 1130 1212 1181 1249; x_wconf 89' lang='grc' dir='ltr'><strong>τι</strong></span> <span class='ocrx_word' id='word_1_88' title='bbox 1203 1195 1517 1268; x_wconf 82' lang='grc' dir='ltr'><strong>ἀπολογήσῃ</strong></span> <span class='ocrx_word' id='word_1_89' title='bbox 1553 1198 1835 1268; x_wconf 75' lang='grc' dir='ltr'><strong>πρότερον⁸</strong></span> 
     </span>
    </p>
   </div>
   <div class='ocr_carea' id='block_1_13' title="bbox 257 1287 1842 1359">
    <p class='ocr_par' dir='ltr' id='par_1_13' title="bbox 257 1287 1842 1359">
     <span class='ocr_line' id='line_1_13' title="bbox 257 1287 1842 1359; baseline 0.001 -19"><span class='ocrx_word' id='word_1_90' title='bbox 257 1287 496 1348; x_wconf 80' lang='grc' dir='ltr'>τοσαῦτά</span> <span class='ocrx_word' id='word_1_91' title='bbox 525 1289 643 1340; x_wconf 86' lang='grc' dir='ltr'>ἐστι</span> <span class='ocrx_word' id='word_1_92' title='bbox 696 1288 791 1340; x_wconf 80' lang='grc' dir='ltr'>καὶ</span> <span class='ocrx_word' id='word_1_93' title='bbox 833 1288 905 1342; x_wconf 82' lang='grc' dir='ltr'>τὰ</span> <span class='ocrx_word' id='word_1_94' title='bbox 940 1288 1027 1341; x_wconf 89' lang='grc' dir='ltr'>σά.</span> <span class='ocrx_word' id='word_1_95' title='bbox 1064 1288 1127 1341; x_wconf 85' lang='lat' dir='ltr'><strong>Ei</strong></span> <span class='ocrx_word' id='word_1_96' title='bbox 1159 1288 1204 1340; x_wconf 88' lang='grc' dir='ltr'>δ’</span> <span class='ocrx_word' id='word_1_97' title='bbox 1231 1289 1273 1321; x_wconf 76' lang='grc'><strong>⁸⁷</strong></span> <span class='ocrx_word' id='word_1_98' title='bbox 1330 1287 1501 1359; x_wconf 80' lang='grc' dir='ltr'>αὐτὴν</span> <span class='ocrx_word' id='word_1_99' title='bbox 1530 1289 1616 1357; x_wconf 80' lang='grc' dir='ltr'><strong>ἐφ’</strong></span> <span class='ocrx_word' id='word_1_100' title='bbox 1641 1289 1842 1359; x_wconf 79' lang='grc' dir='ltr'>ἑαυτῆς</span> 
     </span>
    </p>
   </div>
   <div class='ocr_carea' id='block_1_14' title="bbox 257 1379 1841 1451">
    <p class='ocr_par' dir='ltr' id='par_1_14' title="bbox 257 1379 1841 1451">
     <span class='ocr_line' id='line_1_14' title="bbox 257 1379 1841 1451; baseline 0.002 -20"><span class='ocrx_word' id='word_1_101' title='bbox 257 1379 336 1431; x_wconf 84' lang='grc' dir='ltr'>δεῖ</span> <span class='ocrx_word' id='word_1_102' title='bbox 370 1379 471 1450; x_wconf 78' lang='grc' dir='ltr'>τὴν</span> <span class='ocrx_word' id='word_1_103' title='bbox 506 1379 824 1451; x_wconf 83' lang='grc' dir='ltr'>προαίρεσιν</span> <span class='ocrx_word' id='word_1_104' title='bbox 880 1379 1174 1444; x_wconf 76' lang='grc' dir='ltr'><strong>ἐξετάζειν,</strong></span> <span class='ocrx_word' id='word_1_105' title='bbox 1206 1379 1447 1435; x_wconf 85' lang='grc' dir='ltr'>ἀναίτιον</span> <span class='ocrx_word' id='word_1_106' title='bbox 1505 1382 1604 1451; x_wconf 83' lang='grc' dir='ltr'><strong>μὲν</strong></span> <span class='ocrx_word' id='word_1_107' title='bbox 1652 1381 1714 1435; x_wconf 82' lang='grc' dir='ltr'><strong>τὸ</strong></span> <span class='ocrx_word' id='word_1_108' title='bbox 1747 1381 1841 1436; x_wconf 73' lang='grc' dir='ltr'><strong>σὺν</strong></span> 
     </span>
    </p>
   </div>
   <div class='ocr_carea' id='block_1_15' title="bbox 257 1469 1841 1545">
    <p class='ocr_par' dir='ltr' id='par_1_15' title="bbox 257 1469 1841 1545">
     <span class='ocr_line' id='line_1_15' title="bbox 257 1469 1841 1545; baseline 0.003 -21"><span class='ocrx_word' id='word_1_109' title='bbox 257 1469 503 1534; x_wconf 72' lang='grc' dir='ltr'>εἰκότως,</span> <span class='ocrx_word' id='word_1_110' title='bbox 532 1471 776 1525; x_wconf 80' lang='grc' dir='ltr'>ἀναίτιον</span> <span class='ocrx_word' id='word_1_111' title='bbox 804 1470 862 1525; x_wconf 82' lang='grc' dir='ltr'><strong>δὲ</strong></span> <span class='ocrx_word' id='word_1_112' title='bbox 900 1470 966 1525; x_wconf 78' lang='grc' dir='ltr'>ἐκ</span> <span class='ocrx_word' id='word_1_113' title='bbox 993 1469 1103 1524; x_wconf 89' lang='grc' dir='ltr'><strong>τῶν</strong></span> <span class='ocrx_word' id='word_1_114' title='bbox 1139 1469 1320 1526; x_wconf 81' lang='grc' dir='ltr'>αὐτῶν</span> <span class='ocrx_word' id='word_1_115' title='bbox 1358 1472 1451 1526; x_wconf 65' lang='grc' dir='ltr'>καὶ</span> <span class='ocrx_word' id='word_1_116' title='bbox 1470 1473 1533 1526; x_wconf 78' lang='grc' dir='ltr'>τὸ</span> <span class='ocrx_word' id='word_1_117' title='bbox 1551 1472 1841 1545; x_wconf 73' lang='grc' dir='ltr'>ἡμέτερον.</span> 
     </span>
    </p>
   </div>
   <div class='ocr_carea' id='block_1_16' title="bbox 258 1558 1843 1634">
    <p class='ocr_par' dir='ltr' id='par_1_16' title="bbox 258 1558 1843 1634">
     <span class='ocr_line' id='line_1_16' title="bbox 258 1558 1843 1634; baseline 0.004 -21"><span class='ocrx_word' id='word_1_118' title='bbox 258 1558 369 1613; x_wconf 77' lang='grc' dir='ltr'>Καὶ</span> <span class='ocrx_word' id='word_1_119' title='bbox 397 1558 660 1629; x_wconf 83' lang='grc' dir='ltr'><strong>πρόσεστι</strong></span> <span class='ocrx_word' id='word_1_120' title='bbox 693 1560 876 1615; x_wconf 79' lang='grc' dir='ltr'>καὶτὸ</span> <span class='ocrx_word' id='word_1_121' title='bbox 903 1560 1183 1632; x_wconf 81' lang='grc' dir='ltr'>κρατῆσαι</span> <span class='ocrx_word' id='word_1_122' title='bbox 1213 1561 1323 1616; x_wconf 91' lang='grc' dir='ltr'><strong>τῶν</strong></span> <span class='ocrx_word' id='word_1_123' title='bbox 1352 1564 1721 1634; x_wconf 84' lang='grc' dir='ltr'>πραγμάτων,</span> <span class='ocrx_word' id='word_1_124' title='bbox 1747 1565 1843 1620; x_wconf 74' lang='grc' dir='ltr'><strong>καὶ</strong></span> 
     </span>
    </p>
   </div>
   <div class='ocr_carea' id='block_1_17' title="bbox 257 1650 1836 1728">
    <p class='ocr_par' dir='ltr' id='par_1_17' title="bbox 257 1650 1836 1728">
     <span class='ocr_line' id='line_1_17' title="bbox 257 1650 1836 1728; baseline 0.003 -21"><span class='ocrx_word' id='word_1_125' title='bbox 257 1653 318 1707; x_wconf 79' lang='grc' dir='ltr'>τὸ</span> <span class='ocrx_word' id='word_1_126' title='bbox 351 1652 526 1724; x_wconf 78' lang='grc' dir='ltr'>μείζω</span> <span class='ocrx_word' id='word_1_127' title='bbox 579 1653 755 1710; x_wconf 80' lang='grc' dir='ltr'>ταῦτα</span> <span class='ocrx_word' id='word_1_128' title='bbox 786 1650 929 1709; x_wconf 75' lang='grc' dir='ltr'>εῖναι</span> <span class='ocrx_word' id='word_1_129' title='bbox 961 1655 1070 1710; x_wconf 88' lang='grc' dir='ltr'><strong>τῶν</strong></span> <span class='ocrx_word' id='word_1_130' title='bbox 1101 1672 1158 1708; x_wconf 88' lang='grc' dir='ltr'><strong>τε</strong></span> <span class='ocrx_word' id='word_1_131' title='bbox 1186 1655 1293 1709; x_wconf 82' lang='grc' dir='ltr'>ὑπὸ</span> <span class='ocrx_word' id='word_1_132' title='bbox 1336 1654 1429 1709; x_wconf 83' lang='grc' dir='ltr'>σοῦ</span> <span class='ocrx_word' id='word_1_133' title='bbox 1472 1656 1836 1728; x_wconf 78' lang='grc' dir='ltr'>σπουδαζομὲ-</span> 
     </span>
    </p>
   </div>
   <div class='ocr_carea' id='block_1_18' title="bbox 152 1735 1843 1823">
    <p class='ocr_par' dir='ltr' id='par_1_18' title="bbox 152 1735 1843 1823">
     <span class='ocr_line' id='line_1_18' title="bbox 152 1735 1843 1823; baseline 0.004 -28"><span class='ocrx_word' id='word_1_134' title='bbox 152 1820 163 1823; x_wconf 86' lang='lat'><strong>_</strong></span> <span class='ocrx_word' id='word_1_135' title='bbox 260 1760 367 1797; x_wconf 87' lang='grc' dir='ltr'><strong>νων</strong></span> <span class='ocrx_word' id='word_1_136' title='bbox 399 1735 475 1798; x_wconf 83' lang='grc' dir='ltr'>ὧν</span> <span class='ocrx_word' id='word_1_137' title='bbox 498 1760 560 1797; x_wconf 84' lang='grc' dir='ltr'><strong>τε</strong></span> <span class='ocrx_word' id='word_1_138' title='bbox 602 1743 758 1797; x_wconf 76' lang='grc' dir='ltr'>αὐτοὶ</span> <span class='ocrx_word' id='word_1_139' title='bbox 809 1743 1321 1816; x_wconf 83' lang='grc' dir='ltr'>προσεκρούσαμεν.</span> <span class='ocrx_word' id='word_1_140' title='bbox 1360 1746 1432 1801; x_wconf 81' lang='grc' dir='ltr'><strong>Σὺ</strong></span> <span class='ocrx_word' id='word_1_141' title='bbox 1464 1747 1565 1817; x_wconf 84' lang='grc' dir='ltr'><strong>μὲν</strong></span> <span class='ocrx_word' id='word_1_142' title='bbox 1593 1747 1771 1802; x_wconf 78' lang='grc' dir='ltr'>τοίνυν</span> <span class='ocrx_word' id='word_1_143' title='bbox 1797 1749 1843 1781; x_wconf 75' lang='grc'><strong>⁸⁸</strong></span> 
     </span>
    </p>
   </div>
   <div class='ocr_carea' id='block_1_19' title="bbox 259 1833 1843 1913">
    <p class='ocr_par' dir='ltr' id='par_1_19' title="bbox 259 1833 1843 1913">
     <span class='ocr_line' id='line_1_19' title="bbox 259 1833 1843 1913; baseline 0.004 -26"><span class='ocrx_word' id='word_1_144' title='bbox 259 1833 535 1905; x_wconf 71' lang='grc' dir='ltr'>ἐλέγχειεν</span> <span class='ocrx_word' id='word_1_145' title='bbox 564 1836 712 1906; x_wconf 76' lang='grc' dir='ltr'>ἡμᾶς</span> <span class='ocrx_word' id='word_1_146' title='bbox 731 1835 901 1902; x_wconf 80' lang='grc' dir='ltr'>ἀξιῶν</span> <span class='ocrx_word' id='word_1_147' title='bbox 935 1836 1031 1891; x_wconf 78' lang='grc' dir='ltr'>καὶ</span> <span class='ocrx_word' id='word_1_148' title='bbox 1060 1836 1203 1891; x_wconf 83' lang='grc' dir='ltr'>κατὰ</span> <span class='ocrx_word' id='word_1_149' title='bbox 1232 1837 1429 1892; x_wconf 79' lang='grc' dir='ltr'>σαυτοῦ</span> <span class='ocrx_word' id='word_1_150' title='bbox 1448 1838 1650 1908; x_wconf 85' lang='grc' dir='ltr'>λέγεις,</span> <span class='ocrx_word' id='word_1_151' title='bbox 1679 1841 1843 1913; x_wconf 79' lang='grc' dir='ltr'>ἡμεῖς</span> 
     </span>
    </p>
   </div>
   <div class='ocr_carea' id='block_1_20' title="bbox 1940 645 3523 716">
    <p class='ocr_par' dir='ltr' id='par_1_20' title="bbox 1940 645 3523 716">
     <span class='ocr_line' id='line_1_20' title="bbox 1940 645 3523 716; baseline -0.003 -11"><span class='ocrx_word' id='word_1_152' title='bbox 1940 651 2107 705; x_wconf 82' lang='lat' dir='ltr'><strong>rum?</strong></span> <span class='ocrx_word' id='word_1_153' title='bbox 2139 650 2335 705; x_wconf 82' lang='lat' dir='ltr'><strong>Verum</strong></span> <span class='ocrx_word' id='word_1_154' title='bbox 2379 650 2609 715; x_wconf 90' lang='lat' dir='ltr'><strong>teipsum</strong></span> <span class='ocrx_word' id='word_1_155' title='bbox 2636 657 2690 702; x_wconf 92' lang='lat' dir='ltr'><strong>et</strong></span> <span class='ocrx_word' id='word_1_156' title='bbox 2718 646 2816 702; x_wconf 89' lang='lat' dir='ltr'><strong>hos</strong></span> <span class='ocrx_word' id='word_1_157' title='bbox 2853 660 2994 714; x_wconf 90' lang='lat' dir='ltr'><strong>pete,</strong></span> <span class='ocrx_word' id='word_1_158' title='bbox 3024 660 3161 715; x_wconf 88' lang='lat' dir='ltr'><strong>quos</strong></span> <span class='ocrx_word' id='word_1_159' title='bbox 3212 645 3388 716; x_wconf 88' lang='lat' dir='ltr'><strong>potius</strong></span> <span class='ocrx_word' id='word_1_160' title='bbox 3423 645 3523 700; x_wconf 81' lang='lat' dir='ltr'><strong>de—</strong></span> 
     </span>
    </p>
   </div>
   <div class='ocr_carea' id='block_1_21' title="bbox 1939 735 3523 811">
    <p class='ocr_par' dir='ltr' id='par_1_21' title="bbox 1939 735 3523 811">
     <span class='ocr_line' id='line_1_21' title="bbox 1939 735 3523 811; baseline -0.005 -14"><span class='ocrx_word' id='word_1_161' title='bbox 1939 741 2107 797; x_wconf 86' lang='lat' dir='ltr'><strong>bebas</strong></span> <span class='ocrx_word' id='word_1_162' title='bbox 2162 757 2261 811; x_wconf 89' lang='lat' dir='ltr'><strong>pro</strong></span> <span class='ocrx_word' id='word_1_163' title='bbox 2308 740 2497 794; x_wconf 84' lang='lat' dir='ltr'><strong>amicis</strong></span> <span class='ocrx_word' id='word_1_164' title='bbox 2534 739 2755 793; x_wconf 85' lang='lat' dir='ltr'><strong>habere.</strong></span> <span class='ocrx_word' id='word_1_165' title='bbox 2801 736 3014 807; x_wconf 84' lang='lat' dir='ltr'><strong>Alioqui</strong></span> <span class='ocrx_word' id='word_1_166' title='bbox 3057 750 3162 791; x_wconf 92' lang='lat' dir='ltr'><strong>non</strong></span> <span class='ocrx_word' id='word_1_167' title='bbox 3225 745 3334 791; x_wconf 84' lang='lat' dir='ltr'><strong>tam</strong></span> <span class='ocrx_word' id='word_1_168' title='bbox 3393 735 3523 806; x_wconf 88' lang='lat' dir='ltr'><strong>quid</strong></span> 
     </span>
    </p>
   </div>
   <div class='ocr_carea' id='block_1_22' title="bbox 1940 827 3528 902">
    <p class='ocr_par' dir='ltr' id='par_1_22' title="bbox 1940 827 3528 902">
     <span class='ocr_line' id='line_1_22' title="bbox 1940 827 3528 902; baseline -0.004 -15"><span class='ocrx_word' id='word_1_169' title='bbox 1940 837 2201 896; x_wconf 88' lang='lat' dir='ltr'><strong>accuses&#39;,</strong></span> <span class='ocrx_word' id='word_1_170' title='bbox 2254 847 2414 902; x_wconf 87' lang='lat' dir='ltr'><strong>quam</strong></span> <span class='ocrx_word' id='word_1_171' title='bbox 2470 831 2597 901; x_wconf 92' lang='lat' dir='ltr'><strong>quid</strong></span> <span class='ocrx_word' id='word_1_172' title='bbox 2647 829 2797 899; x_wconf 87' lang='lat' dir='ltr'><strong>prius</strong></span> <span class='ocrx_word' id='word_1_173' title='bbox 2833 843 3059 884; x_wconf 84' lang='lat' dir='ltr'><strong>excuses</strong></span> <span class='ocrx_word' id='word_1_174' title='bbox 3101 829 3391 882; x_wconf 80' lang='lat' dir='ltr'><strong>videndum</strong></span> <span class='ocrx_word' id='word_1_175' title='bbox 3430 827 3528 882; x_wconf 87' lang='lat' dir='ltr'><strong>tibi</strong></span> 
     </span>
    </p>
   </div>
   <div class='ocr_carea' id='block_1_23' title="bbox 1944 918 3531 995">
    <p class='ocr_par' dir='ltr' id='par_1_23' title="bbox 1944 918 3531 995">
     <span class='ocr_line' id='line_1_23' title="bbox 1944 918 3531 995; baseline -0.003 -18"><span class='ocrx_word' id='word_1_176' title='bbox 1944 924 2125 989; x_wconf 90' lang='lat' dir='ltr'><strong>fuerit,</strong></span> <span class='ocrx_word' id='word_1_177' title='bbox 2176 925 2443 995; x_wconf 81' lang='lat' dir='ltr'><strong>siquidem</strong></span> <span class='ocrx_word' id='word_1_178' title='bbox 2473 933 2561 977; x_wconf 88' lang='lat' dir='ltr'><strong>tua</strong></span> <span class='ocrx_word' id='word_1_179' title='bbox 2614 935 2826 991; x_wconf 87' lang='lat' dir='ltr'><strong>quoque</strong></span> <span class='ocrx_word' id='word_1_180' title='bbox 2861 928 3007 973; x_wconf 86' lang='lat' dir='ltr'><strong>tanta</strong></span> <span class='ocrx_word' id='word_1_181' title='bbox 3037 928 3179 973; x_wconf 90' lang='lat' dir='ltr'><strong>sunt.</strong></span> <span class='ocrx_word' id='word_1_182' title='bbox 3213 918 3307 972; x_wconf 88' lang='lat' dir='ltr'><strong>Sin</strong></span> <span class='ocrx_word' id='word_1_183' title='bbox 3353 918 3531 987; x_wconf 85' lang='lat' dir='ltr'><strong>ipsum</strong></span> 
     </span>
    </p>
   </div>
   <div class='ocr_carea' id='block_1_24' title="bbox 1943 1007 3533 1086">
    <p class='ocr_par' dir='ltr' id='par_1_24' title="bbox 1943 1007 3533 1086">
     <span class='ocr_line' id='line_1_24' title="bbox 1943 1007 3533 1086; baseline -0.006 -14"><span class='ocrx_word' id='word_1_184' title='bbox 1943 1032 2039 1086; x_wconf 91' lang='lat' dir='ltr'><strong>per</strong></span> <span class='ocrx_word' id='word_1_185' title='bbox 2067 1031 2126 1073; x_wconf 89' lang='lat' dir='ltr'><strong>se</strong></span> <span class='ocrx_word' id='word_1_186' title='bbox 2152 1015 2603 1072; x_wconf 80' lang='lat' dir='ltr'><strong>causiderandum</strong></span> <span class='ocrx_word' id='word_1_187' title='bbox 2638 1022 2722 1067; x_wconf 84' lang='lat' dir='ltr'><strong>est</strong></span> <span class='ocrx_word' id='word_1_188' title='bbox 2752 1011 3062 1073; x_wconf 83' lang='lat' dir='ltr'><strong>consilium,</strong></span> <span class='ocrx_word' id='word_1_189' title='bbox 3094 1025 3193 1065; x_wconf 87' lang='lat' dir='ltr'><strong>nec</strong></span> <span class='ocrx_word' id='word_1_190' title='bbox 3228 1020 3376 1064; x_wconf 89' lang='lat' dir='ltr'><strong>tuum</strong></span> <span class='ocrx_word' id='word_1_191' title='bbox 3410 1007 3533 1063; x_wconf 85' lang='lat' dir='ltr'><strong>cul-</strong></span> 
     </span>
    </p>
   </div>
   <div class='ocr_carea' id='block_1_25' title="bbox 1943 1102 3525 1179">
    <p class='ocr_par' dir='ltr' id='par_1_25' title="bbox 1943 1102 3525 1179">
     <span class='ocr_line' id='line_1_25' title="bbox 1943 1102 3525 1179; baseline -0.006 -16"><span class='ocrx_word' id='word_1_192' title='bbox 1943 1109 2057 1178; x_wconf 84' lang='lat' dir='ltr'><strong>pari</strong></span> <span class='ocrx_word' id='word_1_193' title='bbox 2084 1108 2208 1179; x_wconf 88' lang='lat' dir='ltr'><strong>jure</strong></span> <span class='ocrx_word' id='word_1_194' title='bbox 2232 1116 2426 1177; x_wconf 91' lang='lat' dir='ltr'><strong>potest,</strong></span> <span class='ocrx_word' id='word_1_195' title='bbox 2456 1120 2555 1160; x_wconf 85' lang='lat' dir='ltr'><strong>nec</strong></span> <span class='ocrx_word' id='word_1_196' title='bbox 2578 1105 2738 1158; x_wconf 85' lang='lat' dir='ltr'><strong>etiam</strong></span> <span class='ocrx_word' id='word_1_197' title='bbox 2765 1102 2952 1158; x_wconf 89' lang='lat' dir='ltr'><strong>eadem</strong></span> <span class='ocrx_word' id='word_1_198' title='bbox 2977 1103 3043 1156; x_wconf 89' lang='lat' dir='ltr'><strong>de</strong></span> <span class='ocrx_word' id='word_1_199' title='bbox 3062 1117 3223 1158; x_wconf 84' lang='lat' dir='ltr'><strong>causa</strong></span> <span class='ocrx_word' id='word_1_200' title='bbox 3254 1110 3525 1166; x_wconf 90' lang='lat' dir='ltr'><strong>nostrum,</strong></span> 
     </span>
    </p>
   </div>
   <div class='ocr_carea' id='block_1_26' title="bbox 1944 1192 3536 1269">
    <p class='ocr_par' dir='ltr' id='par_1_26' title="bbox 1944 1192 3536 1269">
     <span class='ocr_line' id='line_1_26' title="bbox 1944 1192 3536 1269; baseline -0.003 -18"><span class='ocrx_word' id='word_1_201' title='bbox 1944 1215 2051 1269; x_wconf 90' lang='lat' dir='ltr'><strong>quo</strong></span> <span class='ocrx_word' id='word_1_202' title='bbox 2094 1201 2300 1254; x_wconf 85' lang='lat' dir='ltr'><strong>accedit</strong></span> <span class='ocrx_word' id='word_1_203' title='bbox 2348 1208 2403 1251; x_wconf 88' lang='lat' dir='ltr'><strong>ut</strong></span> <span class='ocrx_word' id='word_1_204' title='bbox 2438 1197 2550 1252; x_wconf 87' lang='lat' dir='ltr'><strong>voti</strong></span> <span class='ocrx_word' id='word_1_205' title='bbox 2598 1206 2871 1264; x_wconf 84' lang='lat' dir='ltr'><strong>computes</strong></span> <span class='ocrx_word' id='word_1_206' title='bbox 2922 1193 3046 1248; x_wconf 87' lang='lat' dir='ltr'><strong>facti</strong></span> <span class='ocrx_word' id='word_1_207' title='bbox 3089 1193 3281 1259; x_wconf 88' lang='lat' dir='ltr'><strong>simus,</strong></span> <span class='ocrx_word' id='word_1_208' title='bbox 3327 1200 3383 1246; x_wconf 91' lang='lat' dir='ltr'><strong>et</strong></span> <span class='ocrx_word' id='word_1_209' title='bbox 3420 1192 3536 1247; x_wconf 68' lang='lat' dir='ltr'><strong>haec</strong></span> 
     </span>
    </p>
   </div>
   <div class='ocr_carea' id='block_1_27' title="bbox 1947 1283 3533 1357">
    <p class='ocr_par' dir='ltr' id='par_1_27' title="bbox 1947 1283 3533 1357">
     <span class='ocr_line' id='line_1_27' title="bbox 1947 1283 3533 1357; baseline -0.005 -12"><span class='ocrx_word' id='word_1_210' title='bbox 1947 1302 2058 1345; x_wconf 92' lang='lat' dir='ltr'><strong>tum</strong></span> <span class='ocrx_word' id='word_1_211' title='bbox 2094 1292 2199 1346; x_wconf 89' lang='lat' dir='ltr'><strong>tuis</strong></span> <span class='ocrx_word' id='word_1_212' title='bbox 2230 1291 2443 1357; x_wconf 77' lang='lat' dir='ltr'><strong>studiis,</strong></span> <span class='ocrx_word' id='word_1_213' title='bbox 2490 1300 2599 1343; x_wconf 91' lang='lat' dir='ltr'><strong>tum</strong></span> <span class='ocrx_word' id='word_1_214' title='bbox 2639 1288 2840 1341; x_wconf 89' lang='lat' dir='ltr'><strong>nostris</strong></span> <span class='ocrx_word' id='word_1_215' title='bbox 2873 1285 3099 1341; x_wconf 77' lang='lat' dir='ltr'><strong>offensis</strong></span> <span class='ocrx_word' id='word_1_216' title='bbox 3132 1292 3264 1339; x_wconf 91' lang='lat' dir='ltr'><strong>sunt</strong></span> <span class='ocrx_word' id='word_1_217' title='bbox 3302 1283 3533 1352; x_wconf 85' lang='lat' dir='ltr'><strong>majora.</strong></span> 
     </span>
    </p>
   </div>
   <div class='ocr_carea' id='block_1_28' title="bbox 1943 1378 3536 1452">
    <p class='ocr_par' dir='ltr' id='par_1_28' title="bbox 1943 1378 3536 1452">
     <span class='ocr_line' id='line_1_28' title="bbox 1943 1378 3536 1452; baseline -0.003 -15"><span class='ocrx_word' id='word_1_218' title='bbox 1943 1383 2124 1452; x_wconf 83' lang='lat' dir='ltr'><strong>Quare</strong></span> <span class='ocrx_word' id='word_1_219' title='bbox 2154 1400 2277 1440; x_wconf 90' lang='lat' dir='ltr'><strong>cum</strong></span> <span class='ocrx_word' id='word_1_220' title='bbox 2305 1392 2360 1439; x_wconf 92' lang='lat' dir='ltr'><strong>tu</strong></span> <span class='ocrx_word' id='word_1_221' title='bbox 2390 1398 2486 1438; x_wconf 92' lang='lat' dir='ltr'><strong>nos</strong></span> <span class='ocrx_word' id='word_1_222' title='bbox 2526 1385 2854 1450; x_wconf 74' lang='lat' dir='ltr'><strong>redarguere</strong></span> <span class='ocrx_word' id='word_1_223' title='bbox 2899 1380 3107 1443; x_wconf 89' lang='lat' dir='ltr'><strong>studes,</strong></span> <span class='ocrx_word' id='word_1_224' title='bbox 3138 1378 3367 1448; x_wconf 91' lang='lat' dir='ltr'><strong>teipsum</strong></span> <span class='ocrx_word' id='word_1_225' title='bbox 3397 1390 3536 1447; x_wconf 90' lang='lat' dir='ltr'><strong>quo-</strong></span> 
     </span>
    </p>
   </div>
   <div class='ocr_carea' id='block_1_29' title="bbox 1944 1468 3537 1547">
    <p class='ocr_par' dir='ltr' id='par_1_29' title="bbox 1944 1468 3537 1547">
     <span class='ocr_line' id='line_1_29' title="bbox 1944 1468 3537 1547; baseline -0.006 -16"><span class='ocrx_word' id='word_1_226' title='bbox 1944 1490 2048 1547; x_wconf 89' lang='lat' dir='ltr'><strong>que</strong></span> <span class='ocrx_word' id='word_1_227' title='bbox 2076 1475 2274 1530; x_wconf 77' lang='lat' dir='ltr'><strong>refellis</strong></span> <span class='ocrx_word' id='word_1_228' title='bbox 2307 1494 2324 1533; x_wconf 89' lang='lat'><strong>:</strong></span> <span class='ocrx_word' id='word_1_229' title='bbox 2354 1490 2471 1537; x_wconf 83' lang='lat' dir='ltr'><strong>nos,</strong></span> <span class='ocrx_word' id='word_1_230' title='bbox 2496 1473 2620 1530; x_wconf 92' lang='lat' dir='ltr'><strong>dum</strong></span> <span class='ocrx_word' id='word_1_231' title='bbox 2651 1471 2806 1527; x_wconf 82' lang='lat' dir='ltr'><strong>nobis</strong></span> <span class='ocrx_word' id='word_1_232' title='bbox 2827 1470 3103 1541; x_wconf 81' lang='lat' dir='ltr'><strong>suppetias</strong></span> <span class='ocrx_word' id='word_1_233' title='bbox 3125 1468 3372 1532; x_wconf 88' lang='lat' dir='ltr'><strong>ferimus,</strong></span> <span class='ocrx_word' id='word_1_234' title='bbox 3390 1478 3537 1522; x_wconf 89' lang='lat' dir='ltr'><strong>tuam</strong></span> 
     </span>
    </p>
   </div>
   <div class='ocr_carea' id='block_1_30' title="bbox 1946 1560 3541 1638">
    <p class='ocr_par' dir='ltr' id='par_1_30' title="bbox 1946 1560 3541 1638">
     <span class='ocr_line' id='line_1_30' title="bbox 1946 1560 3541 1638; baseline -0.003 -18"><span class='ocrx_word' id='word_1_235' title='bbox 1946 1582 2164 1638; x_wconf 88' lang='lat' dir='ltr'><strong>quoque</strong></span> <span class='ocrx_word' id='word_1_236' title='bbox 2213 1583 2326 1623; x_wconf 86' lang='lat' dir='ltr'><strong>rem</strong></span> <span class='ocrx_word' id='word_1_237' title='bbox 2382 1568 2614 1637; x_wconf 80' lang='lat' dir='ltr'><strong>agimus.</strong></span> <span class='ocrx_word' id='word_1_238' title='bbox 2661 1564 2916 1631; x_wconf 83' lang='lat' dir='ltr'><strong>Quinimo</strong></span> <span class='ocrx_word' id='word_1_239' title='bbox 2965 1572 3053 1616; x_wconf 91' lang='lat' dir='ltr'><strong>tua</strong></span> <span class='ocrx_word' id='word_1_240' title='bbox 3098 1561 3341 1618; x_wconf 77' lang='lat' dir='ltr'><strong>defensio</strong></span> <span class='ocrx_word' id='word_1_241' title='bbox 3383 1560 3541 1616; x_wconf 85' lang='lat' dir='ltr'><strong>nobis</strong></span> 
     </span>
    </p>
   </div>
   <div class='ocr_carea' id='block_1_31' title="bbox 1949 1650 3542 1729">
    <p class='ocr_par' dir='ltr' id='par_1_31' title="bbox 1949 1650 3542 1729">
     <span class='ocr_line' id='line_1_31' title="bbox 1949 1650 3542 1729; baseline -0.003 -17"><span class='ocrx_word' id='word_1_242' title='bbox 1949 1672 2167 1729; x_wconf 89' lang='lat' dir='ltr'><strong>quoque</strong></span> <span class='ocrx_word' id='word_1_243' title='bbox 2198 1658 2474 1724; x_wconf 80' lang='lat' dir='ltr'><strong>convenit,</strong></span> <span class='ocrx_word' id='word_1_244' title='bbox 2518 1671 2707 1712; x_wconf 83' lang='lat' dir='ltr'><strong>verum</strong></span> <span class='ocrx_word' id='word_1_245' title='bbox 2744 1655 2838 1711; x_wconf 91' lang='lat' dir='ltr'><strong>tibi</strong></span> <span class='ocrx_word' id='word_1_246' title='bbox 2881 1670 2986 1711; x_wconf 90' lang='lat' dir='ltr'><strong>non</strong></span> <span class='ocrx_word' id='word_1_247' title='bbox 3037 1662 3135 1717; x_wconf 91' lang='lat' dir='ltr'><strong>tot,</strong></span> <span class='ocrx_word' id='word_1_248' title='bbox 3199 1662 3331 1722; x_wconf 90' lang='lat' dir='ltr'><strong>quot</strong></span> <span class='ocrx_word' id='word_1_249' title='bbox 3383 1650 3542 1708; x_wconf 88' lang='lat' dir='ltr'><strong>nobis</strong></span> 
     </span>
    </p>
   </div>
   <div class='ocr_carea' id='block_1_32' title="bbox 1946 1743 3540 1818">
    <p class='ocr_par' dir='ltr' id='par_1_32' title="bbox 1946 1743 3540 1818">
     <span class='ocr_line' id='line_1_32' title="bbox 1946 1743 3540 1818; baseline -0.004 -13"><span class='ocrx_word' id='word_1_250' title='bbox 1946 1756 2071 1806; x_wconf 86' lang='lat' dir='ltr'><strong>sunt</strong></span> <span class='ocrx_word' id='word_1_251' title='bbox 2103 1748 2437 1818; x_wconf 87' lang='lat' dir='ltr'><strong>adjnmenta.</strong></span> <span class='ocrx_word' id='word_1_252' title='bbox 2469 1746 2656 1816; x_wconf 82' lang='lat' dir='ltr'><strong>Itaque</strong></span> <span class='ocrx_word' id='word_1_253' title='bbox 2692 1754 2753 1800; x_wconf 86' lang='lat' dir='ltr'><strong>ut</strong></span> <span class='ocrx_word' id='word_1_254' title='bbox 2790 1744 2947 1801; x_wconf 87' lang='lat' dir='ltr'><strong>nobis</strong></span> <span class='ocrx_word' id='word_1_255' title='bbox 2975 1744 3097 1815; x_wconf 86' lang='lat' dir='ltr'><strong>quis</strong></span> <span class='ocrx_word' id='word_1_256' title='bbox 3122 1752 3332 1815; x_wconf 89' lang='lat' dir='ltr'><strong>parcat,</strong></span> <span class='ocrx_word' id='word_1_257' title='bbox 3358 1743 3540 1798; x_wconf 86' lang='lat' dir='ltr'><strong>incer-</strong></span> 
     </span>
    </p>
   </div>
   <div class='ocr_carea' id='block_1_33' title="bbox 1952 1835 3545 1907">
    <p class='ocr_par' dir='ltr' id='par_1_33' title="bbox 1952 1835 3545 1907">
     <span class='ocr_line' id='line_1_33' title="bbox 1952 1835 3545 1907; baseline -0.003 -11"><span class='ocrx_word' id='word_1_258' title='bbox 1952 1850 2067 1897; x_wconf 90' lang='lat' dir='ltr'><strong>tum</strong></span> <span class='ocrx_word' id='word_1_259' title='bbox 2101 1842 2174 1898; x_wconf 89' lang='lat' dir='ltr'><strong>sit</strong></span> <span class='ocrx_word' id='word_1_260' title='bbox 2195 1856 2263 1896; x_wconf 89' lang='lat' dir='ltr'><strong>an</strong></span> <span class='ocrx_word' id='word_1_261' title='bbox 2304 1849 2359 1897; x_wconf 90' lang='lat' dir='ltr'><strong>et</strong></span> <span class='ocrx_word' id='word_1_262' title='bbox 2386 1840 2481 1896; x_wconf 81' lang='lat' dir='ltr'><strong>tibi</strong></span> <span class='ocrx_word' id='word_1_263' title='bbox 2517 1841 2639 1907; x_wconf 88' lang='lat' dir='ltr'><strong>;sin</strong></span> <span class='ocrx_word' id='word_1_264' title='bbox 2673 1849 2724 1895; x_wconf 90' lang='lat' dir='ltr'><strong>te</strong></span> <span class='ocrx_word' id='word_1_265' title='bbox 2749 1838 3094 1905; x_wconf 86' lang='lat' dir='ltr'><strong>condemnet,</strong></span> <span class='ocrx_word' id='word_1_266' title='bbox 3127 1835 3283 1891; x_wconf 91' lang='lat' dir='ltr'><strong>nobis</strong></span> <span class='ocrx_word' id='word_1_267' title='bbox 3309 1835 3545 1891; x_wconf 80' lang='lat' dir='ltr'><strong>fortasse</strong></span> 
     </span>
    </p>
   </div>
   <div class='ocr_carea' id='block_1_34' title="bbox 261 1920 1858 2006">
    <p class='ocr_par' dir='ltr' id='par_1_34' title="bbox 261 1926 1843 2006">
     <span class='ocr_line' id='line_1_34' title="bbox 261 1926 1843 2006; baseline 0.005 -27"><span class='ocrx_word' id='word_1_268' title='bbox 261 1926 320 1980; x_wconf 80' lang='grc' dir='ltr'><strong>δὲ</strong></span> <span class='ocrx_word' id='word_1_269' title='bbox 348 1926 488 1998; x_wconf 75' lang='grc' dir='ltr'>ὑπὲρ</span> <span class='ocrx_word' id='word_1_270' title='bbox 538 1927 696 1998; x_wconf 78' lang='grc' dir='ltr'>ήμῶν</span> <span class='ocrx_word' id='word_1_271' title='bbox 725 1928 906 1983; x_wconf 85' lang='grc' dir='ltr'>αὐτῶν</span> <span class='ocrx_word' id='word_1_272' title='bbox 951 1928 1204 1998; x_wconf 82' lang='grc' dir='ltr'>λέγοντες</span> <span class='ocrx_word' id='word_1_273' title='bbox 1232 1930 1328 1984; x_wconf 80' lang='grc' dir='ltr'>καὶ</span> <span class='ocrx_word' id='word_1_274' title='bbox 1382 1932 1426 1964; x_wconf 75' lang='grc'>⁸⁸</span> <span class='ocrx_word' id='word_1_275' title='bbox 1454 1930 1516 1985; x_wconf 78' lang='grc' dir='ltr'><strong>τὸ</strong></span> <span class='ocrx_word' id='word_1_276' title='bbox 1559 1930 1654 1987; x_wconf 86' lang='grc' dir='ltr'>σδν</span> <span class='ocrx_word' id='word_1_277' title='bbox 1679 1932 1843 2006; x_wconf 84' lang='grc' dir='ltr'>θερα-</span> 
     </span>
    </p>
   </div>
   <div class='ocr_carea' id='block_1_35' title="bbox 1962 1920 3544 2006">
    <p class='ocr_par' dir='ltr' id='par_1_35' title="bbox 1962 1926 3544 1999">
     <span class='ocr_line' id='line_1_35' title="bbox 1962 1926 3544 1999; baseline -0.004 -12"><span class='ocrx_word' id='word_1_278' title='bbox 1962 1933 2166 1987; x_wconf 80' lang='lat' dir='ltr'><strong>veniam</strong></span> <span class='ocrx_word' id='word_1_279' title='bbox 2199 1931 2372 1987; x_wconf 85' lang='lat' dir='ltr'><strong>dabit.</strong></span> <span class='ocrx_word' id='word_1_280' title='bbox 2409 1930 2562 1999; x_wconf 85' lang='lat' dir='ltr'><strong>Quod</strong></span> <span class='ocrx_word' id='word_1_281' title='bbox 2597 1930 2644 1985; x_wconf 89' lang='lat' dir='ltr'><strong>si</strong></span> <span class='ocrx_word' id='word_1_282' title='bbox 2692 1943 2793 1983; x_wconf 89' lang='lat' dir='ltr'><strong>uec.</strong></span> <span class='ocrx_word' id='word_1_283' title='bbox 2842 1929 2998 1984; x_wconf 89' lang='lat' dir='ltr'><strong>nobis</strong></span> <span class='ocrx_word' id='word_1_284' title='bbox 3032 1937 3241 1998; x_wconf 89' lang='lat' dir='ltr'><strong>parcat,</strong></span> <span class='ocrx_word' id='word_1_285' title='bbox 3272 1926 3407 1982; x_wconf 86' lang='lat' dir='ltr'><strong>nihil</strong></span> <span class='ocrx_word' id='word_1_286' title='bbox 3437 1927 3544 1981; x_wconf 89' lang='lat' dir='ltr'><strong>erit</strong></span> 
     </span>
    </p>
   </div>
   <div class='ocr_carea' id='block_1_36' title="bbox 265 2017 1858 2094">
    <p class='ocr_par' dir='ltr' id='par_1_36' title="bbox 265 2017 1843 2092">
     <span class='ocr_line' id='line_1_36' title="bbox 265 2017 1843 2092; baseline 0.006 -21"><span class='ocrx_word' id='word_1_287' title='bbox 265 2017 530 2090; x_wconf 87' lang='grc' dir='ltr'>πεύομεν.</span> <span class='ocrx_word' id='word_1_288' title='bbox 570 2018 792 2074; x_wconf 79' lang='grc' dir='ltr'>Μᾶλλον</span> <span class='ocrx_word' id='word_1_289' title='bbox 826 2020 884 2074; x_wconf 76' lang='grc' dir='ltr'><strong>δὲ</strong></span> <span class='ocrx_word' id='word_1_290' title='bbox 927 2020 1031 2090; x_wconf 83' lang='grc' dir='ltr'>τῆς</span> <span class='ocrx_word' id='word_1_291' title='bbox 1087 2021 1189 2091; x_wconf 84' lang='grc' dir='ltr'><strong>μὲν</strong></span> <span class='ocrx_word' id='word_1_292' title='bbox 1242 2021 1343 2092; x_wconf 84' lang='grc' dir='ltr'>σῆς</span> <span class='ocrx_word' id='word_1_293' title='bbox 1394 2022 1695 2092; x_wconf 78' lang='grc' dir='ltr'><strong>ἀπολογίας</strong></span> <span class='ocrx_word' id='word_1_294' title='bbox 1746 2024 1843 2080; x_wconf 75' lang='grc' dir='ltr'>καὶ</span> 
     </span>
    </p>
   </div>
   <div class='ocr_carea' id='block_1_37' title="bbox 1962 2017 3541 2094">
    <p class='ocr_par' dir='ltr' id='par_1_37' title="bbox 1962 2017 3541 2094">
     <span class='ocr_line' id='line_1_37' title="bbox 1962 2017 3541 2094; baseline -0.005 -15"><span class='ocrx_word' id='word_1_295' title='bbox 1962 2023 2027 2080; x_wconf 85' lang='lat' dir='ltr'><strong>ibi</strong></span> <span class='ocrx_word' id='word_1_296' title='bbox 2076 2023 2447 2094; x_wconf 89' lang='lat' dir='ltr'><strong>sperandum:</strong></span> <span class='ocrx_word' id='word_1_297' title='bbox 2502 2036 2672 2091; x_wconf 89' lang='lat' dir='ltr'><strong>usque</strong></span> <span class='ocrx_word' id='word_1_298' title='bbox 2711 2035 2777 2077; x_wconf 89' lang='lat' dir='ltr'><strong>eo</strong></span> <span class='ocrx_word' id='word_1_299' title='bbox 2807 2020 3039 2076; x_wconf 75' lang='lat' dir='ltr'><strong>victoria</strong></span> <span class='ocrx_word' id='word_1_300' title='bbox 3067 2030 3249 2074; x_wconf 85' lang='lat' dir='ltr'><strong>nostra</strong></span> <span class='ocrx_word' id='word_1_301' title='bbox 3295 2018 3439 2073; x_wconf 86' lang='lat' dir='ltr'><strong>cedit</strong></span> <span class='ocrx_word' id='word_1_302' title='bbox 3486 2017 3541 2071; x_wconf 90' lang='lat' dir='ltr'><strong>in</strong></span> 
     </span>
    </p>
   </div>
   <div class='ocr_carea' id='block_1_38' title="bbox 264 2109 1858 2189">
    <p class='ocr_par' dir='ltr' id='par_1_38' title="bbox 264 2109 1835 2189">
     <span class='ocr_line' id='line_1_38' title="bbox 264 2109 1835 2189; baseline 0.006 -27"><span class='ocrx_word' id='word_1_303' title='bbox 264 2109 426 2180; x_wconf 67' lang='grc' dir='ltr'>ἡμεῖς</span> <span class='ocrx_word' id='word_1_304' title='bbox 454 2111 814 2183; x_wconf 82' lang='grc' dir='ltr'>μετέσχομεν,</span> <span class='ocrx_word' id='word_1_305' title='bbox 877 2112 962 2166; x_wconf 77' lang='grc' dir='ltr'>σοὶ</span> <span class='ocrx_word' id='word_1_306' title='bbox 1014 2112 1063 2168; x_wconf 84' lang='grc' dir='ltr'><strong>δ’</strong></span> <span class='ocrx_word' id='word_1_307' title='bbox 1093 2113 1193 2185; x_wconf 81' lang='grc' dir='ltr'><strong>οὐχ</strong></span> <span class='ocrx_word' id='word_1_308' title='bbox 1235 2114 1359 2168; x_wconf 83' lang='grc' dir='ltr'>ὅσον</span> <span class='ocrx_word' id='word_1_309' title='bbox 1397 2116 1533 2187; x_wconf 76' lang='grc' dir='ltr'>ἡμῖν</span> <span class='ocrx_word' id='word_1_310' title='bbox 1577 2116 1835 2189; x_wconf 77' lang='grc' dir='ltr'>ὑπάρχει.</span> 
     </span>
    </p>
   </div>
   <div class='ocr_carea' id='block_1_39' title="bbox 1962 2109 3544 2189">
    <p class='ocr_par' dir='ltr' id='par_1_39' title="bbox 1962 2109 3544 2184">
     <span class='ocr_line' id='line_1_39' title="bbox 1962 2109 3544 2184; baseline -0.008 -11"><span class='ocrx_word' id='word_1_311' title='bbox 1962 2128 2098 2173; x_wconf 73' lang='lat' dir='ltr'><strong>luunt</strong></span> <span class='ocrx_word' id='word_1_312' title='bbox 2116 2116 2481 2173; x_wconf 87' lang='lat' dir='ltr'><strong>commodum.</strong></span> <span class='ocrx_word' id='word_1_313' title='bbox 2509 2114 2841 2184; x_wconf 80' lang='lat' dir='ltr'><strong>Quapropter</strong></span> <span class='ocrx_word' id='word_1_314' title='bbox 2865 2111 3021 2167; x_wconf 81' lang='lat' dir='ltr'><strong>etiam</strong></span> <span class='ocrx_word' id='word_1_315' title='bbox 3054 2120 3147 2164; x_wconf 83' lang='lat' dir='ltr'><strong>tua</strong></span> <span class='ocrx_word' id='word_1_316' title='bbox 3179 2109 3410 2179; x_wconf 80' lang='lat' dir='ltr'><strong>require,</strong></span> <span class='ocrx_word' id='word_1_317' title='bbox 3437 2123 3544 2163; x_wconf 80' lang='lat' dir='ltr'><strong>non</strong></span> 
     </span>
    </p>
   </div>
   <div class='ocr_carea' id='block_1_40' title="bbox 264 2200 1858 2281">
    <p class='ocr_par' dir='ltr' id='par_1_40' title="bbox 264 2200 1838 2278">
     <span class='ocr_line' id='line_1_40' title="bbox 264 2200 1838 2278; baseline 0.006 -23"><span class='ocrx_word' id='word_1_318' title='bbox 264 2200 425 2257; x_wconf 81' lang='grc' dir='ltr'>Ὥστε</span> <span class='ocrx_word' id='word_1_319' title='bbox 458 2206 508 2257; x_wconf 81' lang='grc' dir='ltr'><strong>εί</strong></span> <span class='ocrx_word' id='word_1_320' title='bbox 540 2203 641 2275; x_wconf 69' lang='grc' dir='ltr'>μὲν</span> <span class='ocrx_word' id='word_1_321' title='bbox 669 2204 827 2277; x_wconf 86' lang='grc' dir='ltr'>ήμῶν</span> <span class='ocrx_word' id='word_1_322' title='bbox 860 2222 945 2270; x_wconf 90' lang='grc' dir='ltr'><strong>τις</strong></span> <span class='ocrx_word' id='word_1_323' title='bbox 977 2205 1245 2276; x_wconf 79' lang='grc' dir='ltr'>φείσεται,</span> <span class='ocrx_word' id='word_1_324' title='bbox 1275 2206 1471 2278; x_wconf 82' lang='grc' dir='ltr'>ἄδηλον</span> <span class='ocrx_word' id='word_1_325' title='bbox 1503 2208 1553 2262; x_wconf 88' lang='grc' dir='ltr'><strong>εί</strong></span> <span class='ocrx_word' id='word_1_326' title='bbox 1581 2208 1678 2263; x_wconf 76' lang='grc' dir='ltr'><strong>καὶ</strong></span> <span class='ocrx_word' id='word_1_327' title='bbox 1707 2208 1801 2264; x_wconf 86' lang='grc' dir='ltr'>σοῦ</span> <span class='ocrx_word' id='word_1_328' title='bbox 1824 2227 1838 2243; x_wconf 93' lang='grc'><strong>·</strong></span> 
     </span>
    </p>
   </div>
   <div class='ocr_carea' id='block_1_41' title="bbox 1962 2200 3193 2281">
    <p class='ocr_par' dir='ltr' id='par_1_41' title="bbox 1962 2202 3193 2281">
     <span class='ocr_line' id='line_1_41' title="bbox 1962 2202 3193 2281; baseline -0.006 -17"><span class='ocrx_word' id='word_1_329' title='bbox 1962 2226 2082 2267; x_wconf 71' lang='lat' dir='ltr'><strong>nea.</strong></span> <span class='ocrx_word' id='word_1_330' title='bbox 2104 2208 2284 2281; x_wconf 83' lang='lat' dir='ltr'><strong>lnquit</strong></span> <span class='ocrx_word' id='word_1_331' title='bbox 2310 2210 2378 2264; x_wconf 88' lang='lat' dir='ltr'><strong>ad</strong></span> <span class='ocrx_word' id='word_1_332' title='bbox 2411 2207 2701 2277; x_wconf 86' lang='lat' dir='ltr'><strong>quemdam</strong></span> <span class='ocrx_word' id='word_1_333' title='bbox 2732 2206 2942 2260; x_wconf 89' lang='lat' dir='ltr'><strong>Teucer</strong></span> <span class='ocrx_word' id='word_1_334' title='bbox 2962 2202 3193 2276; x_wconf 82' lang='lat'><strong>(93-95).</strong></span> 
     </span>
    </p>
   </div>
   <div class='ocr_carea' id='block_1_42' title="bbox 263 2290 3540 2372">
    <p class='ocr_par' dir='ltr' id='par_1_42' title="bbox 263 2290 3540 2372">
     <span class='ocr_line' id='line_1_42' title="bbox 263 2290 3540 2372; baseline 0.001 -28"><span class='ocrx_word' id='word_1_335' title='bbox 263 2290 387 2345; x_wconf 63' lang='lat' dir='ltr'><strong>ne:</strong></span> <span class='ocrx_word' id='word_1_336' title='bbox 415 2293 508 2347; x_wconf 82' lang='grc' dir='ltr'>σοῦ</span> <span class='ocrx_word' id='word_1_337' title='bbox 535 2310 620 2358; x_wconf 89' lang='grc' dir='ltr'><strong>τις</strong></span> <span class='ocrx_word' id='word_1_338' title='bbox 648 2294 970 2366; x_wconf 78' lang='grc' dir='ltr'>καταγνοίη,</span> <span class='ocrx_word' id='word_1_339' title='bbox 996 2297 1138 2367; x_wconf 83' lang='grc' dir='ltr'>τάχα</span> <span class='ocrx_word' id='word_1_340' title='bbox 1169 2297 1236 2351; x_wconf 83' lang='grc' dir='ltr'>ἂν</span> <span class='ocrx_word' id='word_1_341' title='bbox 1265 2300 1398 2369; x_wconf 79' lang='grc' dir='ltr'>ἡμῖν</span> <span class='ocrx_word' id='word_1_342' title='bbox 1424 2316 1488 2368; x_wconf 90' lang='grc' dir='ltr'><strong>γε</strong></span> <span class='ocrx_word' id='word_1_343' title='bbox 1522 2299 1782 2372; x_wconf 85' lang='grc' dir='ltr'>συγγνοίη</span> <span class='ocrx_word' id='word_1_344' title='bbox 1807 2316 1822 2333; x_wconf 79' lang='grc' dir='ltr'><strong>ο</strong></span> <span class='ocrx_word' id='word_1_345' title='bbox 1864 2300 1914 2355; x_wconf 89' lang='grc' dir='ltr'><strong>εί</strong></span> <span class='ocrx_word' id='word_1_346' title='bbox 1948 2301 1992 2355; x_wconf 86' lang='grc' dir='ltr'><strong>δ’</strong></span> <span class='ocrx_word' id='word_1_347' title='bbox 2019 2301 2092 2355; x_wconf 78' lang='grc' dir='ltr'><strong>αὖ</strong></span> <span class='ocrx_word' id='word_1_348' title='bbox 2147 2301 2270 2372; x_wconf 81' lang='grc' dir='ltr'>μηδ’</span> <span class='ocrx_word' id='word_1_349' title='bbox 2313 2301 2359 2334; x_wconf 77' lang='grc'>⁷⁸</span> <span class='ocrx_word' id='word_1_350' title='bbox 2389 2300 2548 2372; x_wconf 82' lang='grc' dir='ltr'>ἡμῶν</span> <span class='ocrx_word' id='word_1_351' title='bbox 2597 2300 2841 2369; x_wconf 87' lang='grc' dir='ltr'>φείσεται</span> <span class='ocrx_word' id='word_1_352' title='bbox 2870 2297 2913 2329; x_wconf 74' lang='grc'><strong>’⁷³</strong></span> <span class='ocrx_word' id='word_1_353' title='bbox 2981 2296 3144 2367; x_wconf 77' lang='grc' dir='ltr'>σχολῇ</span> <span class='ocrx_word' id='word_1_354' title='bbox 3218 2311 3282 2364; x_wconf 89' lang='grc' dir='ltr'><strong>γε</strong></span> <span class='ocrx_word' id='word_1_355' title='bbox 3310 2295 3361 2327; x_wconf 66' lang='grc' dir='ltr'><strong>τ’</strong></span> <span class='ocrx_word' id='word_1_356' title='bbox 3426 2290 3540 2348; x_wconf 82' lang='grc' dir='ltr'>σοῦ.</span> 
     </span>
    </p>
   </div>
   <div class='ocr_carea' id='block_1_43' title="bbox 264 2382 3546 2527">
    <p class='ocr_par' dir='ltr' id='par_1_43' title="bbox 264 2382 3546 2527">
     <span class='ocr_line' id='line_1_43' title="bbox 264 2382 3546 2527; baseline 0 -89"><span class='ocrx_word' id='word_1_357' title='bbox 264 2382 421 2527; x_wconf 59' lang='grc' dir='ltr'><strong>Οὕῖω</strong></span> <span class='ocrx_word' id='word_1_358' title='bbox 445 2384 507 2439; x_wconf 81' lang='grc' dir='ltr'>τὸ</span> <span class='ocrx_word' id='word_1_359' title='bbox 534 2386 691 2458; x_wconf 82' lang='grc' dir='ltr'>νικᾷν</span> <span class='ocrx_word' id='word_1_360' title='bbox 720 2387 871 2458; x_wconf 63' lang='grc' dir='ltr'><strong>¹ἡμᾶς</strong></span> <span class='ocrx_word' id='word_1_361' title='bbox 896 2386 1040 2459; x_wconf 82' lang='grc' dir='ltr'>ὑπὲρ</span> <span class='ocrx_word' id='word_1_362' title='bbox 1073 2386 1167 2441; x_wconf 83' lang='grc' dir='ltr'>σοῦ</span> <span class='ocrx_word' id='word_1_363' title='bbox 1202 2388 1436 2457; x_wconf 88' lang='grc' dir='ltr'>γίνεται.</span> <span class='ocrx_word' id='word_1_364' title='bbox 1476 2391 1631 2460; x_wconf 82' lang='grc' dir='ltr'>Πρὸς</span> <span class='ocrx_word' id='word_1_365' title='bbox 1657 2391 1844 2447; x_wconf 82' lang='grc' dir='ltr'>ταῦτα</span> <span class='ocrx_word' id='word_1_366' title='bbox 1868 2396 2084 2448; x_wconf 80' lang='grc' dir='ltr'>σκόπει</span> <span class='ocrx_word' id='word_1_367' title='bbox 2104 2394 2191 2463; x_wconf 76' lang='grc' dir='ltr'>μὴ</span> <span class='ocrx_word' id='word_1_368' title='bbox 2229 2393 2456 2463; x_wconf 80' lang='grc' dir='ltr'>τούμὸν</span> <span class='ocrx_word' id='word_1_369' title='bbox 2480 2392 2642 2448; x_wconf 73' lang='grc' dir='ltr'>ἀλλὰ</span> <span class='ocrx_word' id='word_1_370' title='bbox 2681 2390 2777 2445; x_wconf 80' lang='grc' dir='ltr'>καί</span> <span class='ocrx_word' id='word_1_371' title='bbox 2844 2388 2911 2443; x_wconf 81' lang='grc' dir='ltr'>τό</span> <span class='ocrx_word' id='word_1_372' title='bbox 2943 2389 3083 2454; x_wconf 76' lang='grc' dir='ltr'>σὺν,</span> <span class='ocrx_word' id='word_1_373' title='bbox 3124 2385 3368 2456; x_wconf 78' lang='grc' dir='ltr'>Τεῦκρος</span> <span class='ocrx_word' id='word_1_374' title='bbox 3438 2384 3546 2457; x_wconf 75' lang='grc' dir='ltr'>ἐφη</span> 
     </span>
     <span class='ocr_line' id='line_1_44' title="bbox 264 2491 447 2527; baseline 0 0"><span class='ocrx_word' id='word_1_375' title='bbox 264 2491 345 2527; x_wconf 82' lang='grc' dir='ltr'><strong>τιν</strong></span> <span class='ocrx_word' id='word_1_376' title='bbox 382 2492 397 2506; x_wconf 90' lang='grc'><strong>·</strong></span> <span class='ocrx_word' id='word_1_377' title='bbox 442 2514 447 2519; x_wconf 89' lang='grc'>.</span> 
     </span>
    </p>
   </div>
   <div class='ocr_carea' id='block_1_44' title="bbox 262 2491 447 2528">
    <p class='ocr_par' dir='ltr' id='par_1_44' title="bbox 262 2491 447 2528">
     <span class='ocr_line' id='line_1_45' title="bbox 262 2491 447 2528; baseline 0 -1"><span class='ocrx_word' id='word_1_378' title='bbox 262 2491 397 2528; x_wconf 85' lang='grc' dir='ltr'>τινι·</span> <span class='ocrx_word' id='word_1_379' title='bbox 442 2514 447 2519; x_wconf 89' lang='grc'><strong>-</strong></span> 
     </span>
    </p>
   </div>
   <div class='ocr_carea' id='block_1_45' title="bbox 271 2564 1858 2647">
    <p class='ocr_par' dir='ltr' id='par_1_45' title="bbox 271 2564 1843 2644">
     <span class='ocr_line' id='line_1_46' title="bbox 271 2564 1843 2644; baseline 0.004 -22"><span class='ocrx_word' id='word_1_380' title='bbox 271 2564 360 2633; x_wconf 81' lang='grc' dir='ltr'><strong>Τῷ</strong></span> <span class='ocrx_word' id='word_1_381' title='bbox 396 2569 791 2642; x_wconf 71' lang='grc' dir='ltr'>’Δγαμέμνονι</span> <span class='ocrx_word' id='word_1_382' title='bbox 818 2572 1187 2628; x_wconf 69' lang='grc' dir='ltr'>ὀνειδίσω-τι</span> <span class='ocrx_word' id='word_1_383' title='bbox 1214 2572 1283 2629; x_wconf 84' lang='grc' dir='ltr'>τὸ</span> <span class='ocrx_word' id='word_1_384' title='bbox 1312 2573 1490 2644; x_wconf 75' lang='grc' dir='ltr'>γένος</span> <span class='ocrx_word' id='word_1_385' title='bbox 1518 2573 1607 2628; x_wconf 88' lang='grc' dir='ltr'>ὅτι</span> <span class='ocrx_word' id='word_1_386' title='bbox 1638 2574 1843 2642; x_wconf 81' lang='grc' dir='ltr'>νόθον,</span> 
     </span>
    </p>
   </div>
   <div class='ocr_carea' id='block_1_46' title="bbox 1962 2564 3553 2647">
    <p class='ocr_par' dir='ltr' id='par_1_46' title="bbox 2027 2572 3553 2647">
     <span class='ocr_line' id='line_1_47' title="bbox 2027 2572 3553 2647; baseline -0.004 -18"><span class='ocrx_word' id='word_1_387' title='bbox 2027 2572 2421 2647; x_wconf 78' lang='lat' dir='ltr'><strong>Agamemnoni</strong></span> <span class='ocrx_word' id='word_1_388' title='bbox 2481 2572 2832 2643; x_wconf 80' lang='lat' dir='ltr'><strong>exprobranti</strong></span> <span class='ocrx_word' id='word_1_389' title='bbox 2893 2586 3062 2643; x_wconf 87' lang='lat' dir='ltr'><strong>genus</strong></span> <span class='ocrx_word' id='word_1_390' title='bbox 3117 2582 3373 2647; x_wconf 76' lang='lat' dir='ltr'><strong>tanquam</strong></span> <span class='ocrx_word' id='word_1_391' title='bbox 3414 2585 3553 2647; x_wconf 84' lang='lat' dir='ltr'><strong>_spu-</strong></span> 
     </span>
    </p>
   </div>
   <div class='ocr_carea' id='block_1_47' title="bbox 3347 2640 3521 2714">
    <p class='ocr_par' dir='ltr' id='par_1_47' title="bbox 3347 2640 3521 2714">
     <span class='ocr_line' id='line_1_48' title="bbox 3347 2640 3521 2714; baseline 0 -20"><span class='ocrx_word' id='word_1_392' title='bbox 3347 2640 3521 2714; x_wconf 87' lang='lat' dir='ltr'><strong>[rium</strong></span> 
     </span>
    </p>
   </div>
   <div class='ocr_carea' id='block_1_48' title="bbox 266 2692 1858 2806">
    <p class='ocr_par' dir='ltr' id='par_1_48' title="bbox 266 2726 1850 2801">
     <span class='ocr_line' id='line_1_49' title="bbox 266 2726 1850 2801; baseline 0.001 -20"><span class='ocrx_word' id='word_1_393' title='bbox 266 2726 367 2781; x_wconf 70' lang='lat' dir='ltr'><strong>atati.</strong></span> <span class='ocrx_word' id='word_1_394' title='bbox 405 2726 480 2799; x_wconf 79' lang='grc' dir='ltr'>μὴ</span> <span class='ocrx_word' id='word_1_395' title='bbox 508 2727 700 2799; x_wconf 82' lang='grc' dir='ltr'>βούλου</span> <span class='ocrx_word' id='word_1_396' title='bbox 726 2729 905 2785; x_wconf 84' lang='grc' dir='ltr'>πάντα</span> <span class='ocrx_word' id='word_1_397' title='bbox 933 2728 1492 2801; x_wconf 72' lang='grc' dir='ltr'>ἀκριϐῶςιέξετάζειν,</span> <span class='ocrx_word' id='word_1_398' title='bbox 1518 2728 1651 2799; x_wconf 85' lang='grc' dir='ltr'>μηδὲ</span> <span class='ocrx_word' id='word_1_399' title='bbox 1681 2728 1850 2799; x_wconf 87' lang='grc' dir='ltr'>τριῶν</span> 
     </span>
    </p>
   </div>
   <div class='ocr_carea' id='block_1_49' title="bbox 1962 2692 3542 2806">
    <p class='ocr_par' dir='ltr' id='par_1_49' title="bbox 1962 2692 3542 2806">
     <span class='ocr_line' id='line_1_50' title="bbox 3347 2692 3515 2714; baseline -0.006 -20"><span class='ocrx_word' id='word_1_400' title='bbox 3347 2692 3367 2714; x_wconf 56' lang='grc' dir='ltr'>ι</span> <span class='ocrx_word' id='word_1_401' title='bbox 3388 2692 3424 2694; x_wconf 60' lang='lat'><strong>,_</strong></span> 
     </span>
     <span class='ocr_line' id='line_1_51' title="bbox 1962 2692 3542 2806; baseline -0.004 -12"><span class='ocrx_word' id='word_1_402' title='bbox 1962 2752 2059 2794; x_wconf 91' lang='lat' dir='ltr'><strong>nec</strong></span> <span class='ocrx_word' id='word_1_403' title='bbox 2096 2740 2276 2793; x_wconf 83' lang='lat' dir='ltr'><strong>omnia</strong></span> <span class='ocrx_word' id='word_1_404' title='bbox 2300 2753 2499 2793; x_wconf 89' lang='lat' dir='ltr'><strong>conare</strong></span> <span class='ocrx_word' id='word_1_405' title='bbox 2527 2738 2768 2793; x_wconf 86' lang='lat' dir='ltr'><strong>studiose</strong></span> <span class='ocrx_word' id='word_1_406' title='bbox 2794 2739 3049 2804; x_wconf 87' lang='lat' dir='ltr'><strong>scrutari,</strong></span> <span class='ocrx_word' id='word_1_407' title='bbox 3080 2750 3257 2806; x_wconf 85' lang='lat' dir='ltr'><strong>neque</strong></span> <span class='ocrx_word' id='word_1_408' title='bbox 3280 2751 3403 2791; x_wconf 88' lang='lat' dir='ltr'><strong>cum</strong></span> <span class='ocrx_word' id='word_1_409' title='bbox 3439 2692 3542 2789; x_wconf 61' lang='lat' dir='ltr'><strong>tria</strong></span> 
     </span>
    </p>
   </div>
   <div class='ocr_carea' id='block_1_50' title="bbox 268 2815 1858 2898">
    <p class='ocr_par' dir='ltr' id='par_1_50' title="bbox 268 2815 1850 2892">
     <span class='ocr_line' id='line_1_52' title="bbox 268 2815 1850 2892; baseline 0.003 -20"><span class='ocrx_word' id='word_1_410' title='bbox 268 2815 437 2872; x_wconf 76' lang='grc' dir='ltr'>ὄντων</span> <span class='ocrx_word' id='word_1_411' title='bbox 458 2822 536 2883; x_wconf 80' lang='grc' dir='ltr'>εἰς</span> <span class='ocrx_word' id='word_1_412' title='bbox 556 2820 593 2875; x_wconf 78' lang='grc' dir='ltr'><strong>ἆ</strong></span> <span class='ocrx_word' id='word_1_413' title='bbox 616 2838 699 2881; x_wconf 85' lang='grc' dir='ltr'><strong>τις</strong></span> <span class='ocrx_word' id='word_1_414' title='bbox 719 2821 787 2875; x_wconf 83' lang='grc' dir='ltr'><strong>ἂν</strong></span> <span class='ocrx_word' id='word_1_415' title='bbox 807 2823 854 2854; x_wconf 84' lang='grc'><strong>⁷³</strong></span> <span class='ocrx_word' id='word_1_416' title='bbox 882 2821 1225 2892; x_wconf 71' lang='grc' dir='ltr'>βλέψειε,τῆς</span> <span class='ocrx_word' id='word_1_417' title='bbox 1254 2821 1503 2892; x_wconf 83' lang='grc' dir='ltr'>γνώμης,</span> <span class='ocrx_word' id='word_1_418' title='bbox 1520 2821 1630 2874; x_wconf 88' lang='grc' dir='ltr'><strong>τῶν</strong></span> <span class='ocrx_word' id='word_1_419' title='bbox 1651 2820 1850 2892; x_wconf 77' lang='grc' dir='ltr'>ἔργων,</span> 
     </span>
    </p>
   </div>
   <div class='ocr_carea' id='block_1_51' title="bbox 1962 2815 3553 2898">
    <p class='ocr_par' dir='ltr' id='par_1_51' title="bbox 1962 2826 3553 2898">
     <span class='ocr_line' id='line_1_53' title="bbox 1962 2826 3553 2898; baseline -0.004 -10"><span class='ocrx_word' id='word_1_420' title='bbox 1962 2832 2073 2889; x_wconf 90' lang='lat' dir='ltr'><strong>sint</strong></span> <span class='ocrx_word' id='word_1_421' title='bbox 2121 2830 2538 2898; x_wconf 85' lang='lat' dir='ltr'><strong>consideranda,</strong></span> <span class='ocrx_word' id='word_1_422' title='bbox 2584 2831 2817 2893; x_wconf 84' lang='lat' dir='ltr'><strong>animus,</strong></span> <span class='ocrx_word' id='word_1_423' title='bbox 2866 2828 3027 2896; x_wconf 86' lang='lat' dir='ltr'><strong>facta,</strong></span> <span class='ocrx_word' id='word_1_424' title='bbox 3051 2828 3303 2890; x_wconf 62' lang='lat' dir='ltr'><strong>fortuna),</strong></span> <span class='ocrx_word' id='word_1_425' title='bbox 3341 2826 3553 2881; x_wconf 87' lang='lat' dir='ltr'><strong>duobus</strong></span> 
     </span>
    </p>
   </div>
   <div class='ocr_carea' id='block_1_52' title="bbox 268 2912 1858 2992">
    <p class='ocr_par' dir='ltr' id='par_1_52' title="bbox 268 2912 1854 2987">
     <span class='ocr_line' id='line_1_54' title="bbox 268 2912 1854 2987; baseline -0.002 -18"><span class='ocrx_word' id='word_1_426' title='bbox 268 2913 371 2982; x_wconf 81' lang='grc' dir='ltr'><strong>τῆς</strong></span> <span class='ocrx_word' id='word_1_427' title='bbox 403 2912 594 2984; x_wconf 84' lang='grc' dir='ltr'>τύχης,</span> <span class='ocrx_word' id='word_1_428' title='bbox 640 2914 802 2983; x_wconf 74' lang='grc' dir='ltr'>ἀφεὶς</span> <span class='ocrx_word' id='word_1_429' title='bbox 852 2914 930 2968; x_wconf 85' lang='grc' dir='ltr'><strong>τὼ</strong></span> <span class='ocrx_word' id='word_1_430' title='bbox 980 2912 1090 2969; x_wconf 88' lang='grc' dir='ltr'>δύω</span> <span class='ocrx_word' id='word_1_431' title='bbox 1118 2913 1215 2969; x_wconf 80' lang='grc' dir='ltr'>τοῦ</span> <span class='ocrx_word' id='word_1_432' title='bbox 1265 2915 1449 2987; x_wconf 86' lang='grc' dir='ltr'>τρίτου</span> <span class='ocrx_word' id='word_1_433' title='bbox 1494 2914 1771 2985; x_wconf 87' lang='grc' dir='ltr'>λαμϐάνου</span> <span class='ocrx_word' id='word_1_434' title='bbox 1809 2912 1854 2966; x_wconf 86' lang='grc' dir='ltr'>θ’</span> 
     </span>
    </p>
   </div>
   <div class='ocr_carea' id='block_1_53' title="bbox 1962 2912 3548 2992">
    <p class='ocr_par' dir='ltr' id='par_1_53' title="bbox 1963 2918 3548 2992">
     <span class='ocr_line' id='line_1_55' title="bbox 1963 2918 3548 2992; baseline -0.006 -13"><span class='ocrx_word' id='word_1_435' title='bbox 1963 2924 2204 2989; x_wconf 77' lang='lat' dir='ltr'><strong>omissis,</strong></span> <span class='ocrx_word' id='word_1_436' title='bbox 2257 2925 2438 2992; x_wconf 84' lang='lat' dir='ltr'><strong>arripe</strong></span> <span class='ocrx_word' id='word_1_437' title='bbox 2491 2922 2746 2988; x_wconf 87' lang='lat' dir='ltr'><strong>tertium,</strong></span> <span class='ocrx_word' id='word_1_438' title='bbox 2780 2921 2933 2991; x_wconf 86' lang='lat' dir='ltr'><strong>cujus</strong></span> <span class='ocrx_word' id='word_1_439' title='bbox 2981 2922 3110 2975; x_wconf 88' lang='lat' dir='ltr'><strong>item</strong></span> <span class='ocrx_word' id='word_1_440' title='bbox 3149 2935 3275 2988; x_wconf 86' lang='lat' dir='ltr'><strong>pars</strong></span> <span class='ocrx_word' id='word_1_441' title='bbox 3313 2918 3548 2972; x_wconf 81' lang='lat' dir='ltr'><strong>maxima</strong></span> 
     </span>
    </p>
   </div>
   <div class='ocr_carea' id='block_1_54' title="bbox 271 3005 1858 3087">
    <p class='ocr_par' dir='ltr' id='par_1_54' title="bbox 271 3005 1857 3078">
     <span class='ocr_line' id='line_1_56' title="bbox 271 3005 1857 3078; baseline 0 -21"><span class='ocrx_word' id='word_1_442' title='bbox 271 3005 446 3060; x_wconf 84' lang='grc' dir='ltr'>ταῦτα</span> <span class='ocrx_word' id='word_1_443' title='bbox 500 3006 593 3060; x_wconf 73' lang='grc' dir='ltr'><strong>καὶ</strong></span> <span class='ocrx_word' id='word_1_444' title='bbox 627 3006 721 3059; x_wconf 79' lang='grc' dir='ltr'><strong>τοῦ</strong></span> <span class='ocrx_word' id='word_1_445' title='bbox 764 3006 961 3073; x_wconf 38' lang='grc' dir='ltr'>,τούτου</span> <span class='ocrx_word' id='word_1_446' title='bbox 1013 3006 1270 3060; x_wconf 86' lang='grc' dir='ltr'>πλείστου</span> <span class='ocrx_word' id='word_1_447' title='bbox 1303 3007 1502 3078; x_wconf 83' lang='grc' dir='ltr'>μέρους</span> <span class='ocrx_word' id='word_1_448' title='bbox 1553 3005 1675 3077; x_wconf 83' lang='grc' dir='ltr'>μεθ’</span> <span class='ocrx_word' id='word_1_449' title='bbox 1700 3005 1857 3075; x_wconf 86' lang='grc' dir='ltr'>ήμῶν</span> 
     </span>
    </p>
   </div>
   <div class='ocr_carea' id='block_1_55' title="bbox 1962 3005 3554 3087">
    <p class='ocr_par' dir='ltr' id='par_1_55' title="bbox 1967 3011 3554 3087">
     <span class='ocr_line' id='line_1_57' title="bbox 1967 3011 3554 3087; baseline -0.006 -14"><span class='ocrx_word' id='word_1_450' title='bbox 1967 3018 2249 3087; x_wconf 75' lang='lat' dir='ltr'><strong>nobiscum</strong></span> <span class='ocrx_word' id='word_1_451' title='bbox 2298 3014 2446 3069; x_wconf 87' lang='lat' dir='ltr'><strong>facit.</strong></span> <span class='ocrx_word' id='word_1_452' title='bbox 2499 3015 2711 3070; x_wconf 87' lang='lat' dir='ltr'><strong>Etenim</strong></span> <span class='ocrx_word' id='word_1_453' title='bbox 2746 3016 2789 3069; x_wconf 94' lang='lat' dir='ltr'><strong>si</strong></span> <span class='ocrx_word' id='word_1_454' title='bbox 2845 3014 2928 3068; x_wconf 90' lang='lat' dir='ltr'><strong>his</strong></span> <span class='ocrx_word' id='word_1_455' title='bbox 2970 3012 3125 3067; x_wconf 87' lang='lat' dir='ltr'><strong>initio</strong></span> <span class='ocrx_word' id='word_1_456' title='bbox 3171 3011 3395 3074; x_wconf 90' lang='lat' dir='ltr'><strong>relictis,</strong></span> <span class='ocrx_word' id='word_1_457' title='bbox 3454 3024 3554 3079; x_wconf 89' lang='lat' dir='ltr'><strong>pro</strong></span> 
     </span>
    </p>
   </div>
   <div class='ocr_carea' id='block_1_56' title="bbox 273 3095 1858 3170">
    <p class='ocr_par' dir='ltr' id='par_1_56' title="bbox 273 3095 1857 3170">
     <span class='ocr_line' id='line_1_58' title="bbox 273 3095 1857 3170; baseline 0.002 -21"><span class='ocrx_word' id='word_1_458' title='bbox 273 3095 444 3162; x_wconf 79' lang='grc' dir='ltr'>ϐντος.</span> <span class='ocrx_word' id='word_1_459' title='bbox 484 3098 545 3151; x_wconf 85' lang='lat' dir='ltr'><strong>Ei</strong></span> <span class='ocrx_word' id='word_1_460' title='bbox 568 3098 677 3168; x_wconf 84' lang='grc' dir='ltr'>γὰρ</span> <span class='ocrx_word' id='word_1_461' title='bbox 705 3099 853 3170; x_wconf 81' lang='grc' dir='ltr'>ἡμᾶς</span> <span class='ocrx_word' id='word_1_462' title='bbox 887 3097 991 3153; x_wconf 74' lang='grc' dir='ltr'>ἔδει</span> <span class='ocrx_word' id='word_1_463' title='bbox 1024 3098 1196 3152; x_wconf 80' lang='grc' dir='ltr'>ταῦτα</span> <span class='ocrx_word' id='word_1_464' title='bbox 1239 3099 1555 3168; x_wconf 85' lang='grc' dir='ltr'>προειδότας</span> <span class='ocrx_word' id='word_1_465' title='bbox 1591 3097 1651 3164; x_wconf 77' lang='grc' dir='ltr'><strong>ἐξ</strong></span> <span class='ocrx_word' id='word_1_466' title='bbox 1680 3096 1857 3168; x_wconf 82' lang='grc' dir='ltr'>ἀρχῆς</span> 
     </span>
    </p>
   </div>
   <div class='ocr_carea' id='block_1_57' title="bbox 1962 3095 3551 3170">
    <p class='ocr_par' dir='ltr' id='par_1_57' title="bbox 1966 3106 3551 3166">
     <span class='ocr_line' id='line_1_59' title="bbox 1966 3106 3551 3166; baseline -0.006 -1"><span class='ocrx_word' id='word_1_467' title='bbox 1966 3108 2172 3165; x_wconf 61' lang='grc' dir='ltr'><strong>ϐαρεῖα</strong></span> <span class='ocrx_word' id='word_1_468' title='bbox 2198 3123 2294 3162; x_wconf 84' lang='lat' dir='ltr'><strong>nos</strong></span> <span class='ocrx_word' id='word_1_469' title='bbox 2324 3108 2591 3162; x_wconf 78' lang='lat' dir='ltr'><strong>devovere</strong></span> <span class='ocrx_word' id='word_1_470' title='bbox 2620 3106 3019 3166; x_wconf 85' lang='lat' dir='ltr'><strong>dehoissemus,</strong></span> <span class='ocrx_word' id='word_1_471' title='bbox 3062 3119 3167 3158; x_wconf 90' lang='lat' dir='ltr'><strong>non</strong></span> <span class='ocrx_word' id='word_1_472' title='bbox 3204 3117 3421 3157; x_wconf 88' lang='lat' dir='ltr'><strong>eramus</strong></span> <span class='ocrx_word' id='word_1_473' title='bbox 3466 3116 3551 3156; x_wconf 57' lang='lat' dir='ltr'><strong>rev</strong></span> 
     </span>
    </p>
   </div>
   <div class='ocr_carea' id='block_1_58' title="bbox 275 3176 1856 3262">
    <p class='ocr_par' dir='ltr' id='par_1_58' title="bbox 275 3176 1856 3262">
     <span class='ocr_line' id='line_1_60' title="bbox 275 3176 1856 3262; baseline -0.001 -19"><span class='ocrx_word' id='word_1_474' title='bbox 275 3176 591 3259; x_wconf 77' lang='grc' dir='ltr'>ὲξεπίτηδες</span> <span class='ocrx_word' id='word_1_475' title='bbox 624 3190 765 3262; x_wconf 80' lang='grc' dir='ltr'>ὑπὲρ</span> <span class='ocrx_word' id='word_1_476' title='bbox 800 3190 899 3259; x_wconf 80' lang='grc' dir='ltr'>τῆς</span> <span class='ocrx_word' id='word_1_477' title='bbox 933 3190 1181 3254; x_wconf 82' lang='grc' dir='ltr'><strong>Ἑλλάδος</strong></span> <span class='ocrx_word' id='word_1_478' title='bbox 1217 3191 1366 3260; x_wconf 77' lang='grc' dir='ltr'>ἡμᾶς</span> <span class='ocrx_word' id='word_1_479' title='bbox 1403 3189 1602 3252; x_wconf 81' lang='grc' dir='ltr'>αὐτοὺς</span> <span class='ocrx_word' id='word_1_480' title='bbox 1641 3188 1856 3242; x_wconf 82' lang='grc' dir='ltr'>ἐπιδοῦ-</span> 
     </span>
    </p>
   </div>
   <div class='ocr_carea' id='block_1_59' title="bbox 276 3280 1863 3354">
    <p class='ocr_par' dir='ltr' id='par_1_59' title="bbox 276 3280 1863 3354">
     <span class='ocr_line' id='line_1_61' title="bbox 276 3280 1863 3354; baseline -0.001 -19"><span class='ocrx_word' id='word_1_481' title='bbox 276 3299 388 3346; x_wconf 89' lang='grc' dir='ltr'>ναι,</span> <span class='ocrx_word' id='word_1_482' title='bbox 421 3282 522 3336; x_wconf 88' lang='grc' dir='ltr'><strong>ούκ</strong></span> <span class='ocrx_word' id='word_1_483' title='bbox 576 3282 646 3336; x_wconf 84' lang='grc' dir='ltr'><strong>ἂν</strong></span> <span class='ocrx_word' id='word_1_484' title='bbox 696 3281 1059 3352; x_wconf 86' lang='grc' dir='ltr'>ὠκνήσαμεν,</span> <span class='ocrx_word' id='word_1_485' title='bbox 1097 3282 1205 3337; x_wconf 83' lang='grc' dir='ltr'>οὐδ’</span> <span class='ocrx_word' id='word_1_486' title='bbox 1242 3281 1559 3354; x_wconf 79' lang='grc' dir='ltr'>ἡττήθημεν</span> <span class='ocrx_word' id='word_1_487' title='bbox 1608 3280 1703 3334; x_wconf 83' lang='grc' dir='ltr'>τοῦ</span> <span class='ocrx_word' id='word_1_488' title='bbox 1753 3282 1863 3334; x_wconf 82' lang='grc' dir='ltr'><strong>Κό-</strong></span> 
     </span>
    </p>
   </div>
   <div class='ocr_carea' id='block_1_60' title="bbox 1969 3192 3550 3270">
    <p class='ocr_par' dir='ltr' id='par_1_60' title="bbox 1969 3192 3550 3270">
     <span class='ocr_line' id='line_1_62' title="bbox 1969 3192 3550 3270; baseline -0.004 -14"><span class='ocrx_word' id='word_1_489' title='bbox 1969 3202 2230 3266; x_wconf 75' lang='lat' dir='ltr'><strong>cusaturi,</strong></span> <span class='ocrx_word' id='word_1_490' title='bbox 2257 3214 2432 3270; x_wconf 90' lang='lat' dir='ltr'><strong>neque</strong></span> <span class='ocrx_word' id='word_1_491' title='bbox 2465 3200 2645 3255; x_wconf 81' lang='lat' dir='ltr'><strong>Codro</strong></span> <span class='ocrx_word' id='word_1_492' title='bbox 2690 3208 2894 3253; x_wconf 89' lang='lat' dir='ltr'><strong>tantum</strong></span> <span class='ocrx_word' id='word_1_493' title='bbox 2929 3198 3137 3252; x_wconf 87' lang='lat' dir='ltr'><strong>cessuri</strong></span> <span class='ocrx_word' id='word_1_494' title='bbox 3168 3217 3181 3252; x_wconf 92' lang='lat'>:</span> <span class='ocrx_word' id='word_1_495' title='bbox 3214 3205 3377 3265; x_wconf 84' lang='lat' dir='ltr'><strong>atque</strong></span> <span class='ocrx_word' id='word_1_496' title='bbox 3399 3194 3467 3250; x_wconf 83' lang='lat' dir='ltr'><strong>ad</strong></span> <span class='ocrx_word' id='word_1_497' title='bbox 3495 3192 3550 3250; x_wconf 89' lang='lat' dir='ltr'><strong>id</strong></span> 
     </span>
    </p>
   </div>
   <div class='ocr_carea' id='block_1_61' title="bbox 1970 3288 3558 3361">
    <p class='ocr_par' dir='ltr' id='par_1_61' title="bbox 1970 3288 3558 3361">
     <span class='ocr_line' id='line_1_63' title="bbox 1970 3288 3558 3361; baseline -0.003 -13"><span class='ocrx_word' id='word_1_498' title='bbox 1970 3302 2049 3358; x_wconf 89' lang='lat' dir='ltr'><strong>tu,</strong></span> <span class='ocrx_word' id='word_1_499' title='bbox 2099 3294 2284 3357; x_wconf 91' lang='lat' dir='ltr'><strong>credo,</strong></span> <span class='ocrx_word' id='word_1_500' title='bbox 2331 3292 2649 3346; x_wconf 82' lang='lat' dir='ltr'><strong>adhortatus</strong></span> <span class='ocrx_word' id='word_1_501' title='bbox 2682 3305 2856 3346; x_wconf 88' lang='lat' dir='ltr'><strong>esses.</strong></span> <span class='ocrx_word' id='word_1_502' title='bbox 2908 3291 3020 3361; x_wconf 82' lang='lat' dir='ltr'><strong>Age</strong></span> <span class='ocrx_word' id='word_1_503' title='bbox 3058 3304 3184 3345; x_wconf 90' lang='lat' dir='ltr'><strong>vero</strong></span> <span class='ocrx_word' id='word_1_504' title='bbox 3230 3296 3407 3343; x_wconf 90' lang='lat' dir='ltr'><strong>utrum</strong></span> <span class='ocrx_word' id='word_1_505' title='bbox 3451 3288 3558 3343; x_wconf 87' lang='lat' dir='ltr'><strong>hoc</strong></span> 
     </span>
    </p>
   </div>
   <div class='ocr_carea' id='block_1_62' title="bbox 276 3370 1858 3468">
    <p class='ocr_par' dir='ltr' id='par_1_62' title="bbox 276 3370 1858 3445">
     <span class='ocr_line' id='line_1_64' title="bbox 276 3370 1858 3445; baseline 0 -18"><span class='ocrx_word' id='word_1_506' title='bbox 276 3372 405 3441; x_wconf 83' lang='grc' dir='ltr'>δρου</span> <span class='ocrx_word' id='word_1_507' title='bbox 436 3374 689 3429; x_wconf 81' lang='grc' dir='ltr'>τοσοῦτον</span> <span class='ocrx_word' id='word_1_508' title='bbox 710 3393 723 3407; x_wconf 90' lang='grc'><strong>·</strong></span> <span class='ocrx_word' id='word_1_509' title='bbox 763 3377 858 3430; x_wconf 73' lang='grc' dir='ltr'>καὶ</span> <span class='ocrx_word' id='word_1_510' title='bbox 914 3375 979 3429; x_wconf 93' lang='grc' dir='ltr'><strong>σύ</strong></span> <span class='ocrx_word' id='word_1_511' title='bbox 1008 3375 1058 3443; x_wconf 89' lang='grc' dir='ltr'>γ’</span> <span class='ocrx_word' id='word_1_512' title='bbox 1104 3372 1171 3428; x_wconf 78' lang='grc' dir='ltr'>ἂν</span> <span class='ocrx_word' id='word_1_513' title='bbox 1212 3370 1365 3445; x_wconf 74' lang='grc' dir='ltr'>οἶμαι</span> <span class='ocrx_word' id='word_1_514' title='bbox 1395 3374 1569 3427; x_wconf 80' lang='grc' dir='ltr'>ταῦτα</span> <span class='ocrx_word' id='word_1_515' title='bbox 1603 3373 1858 3427; x_wconf 86' lang='grc' dir='ltr'>συνεϐού-</span> 
     </span>
    </p>
   </div>
   <div class='ocr_carea' id='block_1_63' title="bbox 1962 3370 3556 3468">
    <p class='ocr_par' dir='ltr' id='par_1_63' title="bbox 1968 3380 3556 3451">
     <span class='ocr_line' id='line_1_65' title="bbox 1968 3380 3556 3451; baseline -0.006 -10"><span class='ocrx_word' id='word_1_516' title='bbox 1968 3385 2274 3451; x_wconf 85' lang='lat' dir='ltr'><strong>maluisses,</strong></span> <span class='ocrx_word' id='word_1_517' title='bbox 2301 3392 2359 3437; x_wconf 92' lang='lat' dir='ltr'><strong>ut</strong></span> <span class='ocrx_word' id='word_1_518' title='bbox 2395 3382 2531 3438; x_wconf 80' lang='lat' dir='ltr'><strong>nihil</strong></span> <span class='ocrx_word' id='word_1_519' title='bbox 2564 3398 2593 3436; x_wconf 90' lang='lat' dir='ltr'><strong>a</strong></span> <span class='ocrx_word' id='word_1_520' title='bbox 2626 3382 2781 3435; x_wconf 71' lang='lat' dir='ltr'><strong>uoltis</strong></span> <span class='ocrx_word' id='word_1_521' title='bbox 2811 3392 3021 3450; x_wconf 85' lang='lat' dir='ltr'><strong>gestum</strong></span> <span class='ocrx_word' id='word_1_522' title='bbox 3066 3394 3303 3450; x_wconf 85' lang='lat' dir='ltr'><strong>unquam</strong></span> <span class='ocrx_word' id='word_1_523' title='bbox 3338 3380 3556 3445; x_wconf 85' lang='lat' dir='ltr'><strong>fuisset,</strong></span> 
     </span>
    </p>
   </div>
   <div class='ocr_carea' id='block_1_64' title="bbox 277 3463 1865 3539">
    <p class='ocr_par' dir='ltr' id='par_1_64' title="bbox 277 3463 1865 3539">
     <span class='ocr_line' id='line_1_66' title="bbox 277 3463 1865 3539; baseline -0.003 -18"><span class='ocrx_word' id='word_1_524' title='bbox 277 3467 496 3531; x_wconf 88' lang='grc' dir='ltr'>λευσας.</span> <span class='ocrx_word' id='word_1_525' title='bbox 524 3466 692 3539; x_wconf 78' lang='lat' dir='ltr'><strong>[i500</strong></span> <span class='ocrx_word' id='word_1_526' title='bbox 725 3464 820 3537; x_wconf 62' lang='lat' dir='ltr'><strong>IL]</strong></span> <span class='ocrx_word' id='word_1_527' title='bbox 868 3466 1043 3532; x_wconf 83' lang='grc' dir='ltr'>Ἐπεὶ,</span> <span class='ocrx_word' id='word_1_528' title='bbox 1098 3465 1231 3536; x_wconf 78' lang='grc' dir='ltr'>φέρε</span> <span class='ocrx_word' id='word_1_529' title='bbox 1259 3465 1396 3535; x_wconf 77' lang='grc' dir='ltr'>πρὸς</span> <span class='ocrx_word' id='word_1_530' title='bbox 1443 3463 1642 3533; x_wconf 84' lang='grc' dir='ltr'>φιλίου,</span> <span class='ocrx_word' id='word_1_531' title='bbox 1680 3464 1865 3536; x_wconf 74' lang='grc' dir='ltr'>πότερ’</span> 
     </span>
    </p>
   </div>
   <div class='ocr_carea' id='block_1_65' title="bbox 281 3557 1870 3632">
    <p class='ocr_par' dir='ltr' id='par_1_65' title="bbox 281 3557 1870 3632">
     <span class='ocr_line' id='line_1_67' title="bbox 281 3557 1870 3632; baseline -0.003 -16"><span class='ocrx_word' id='word_1_532' title='bbox 281 3560 349 3616; x_wconf 79' lang='grc' dir='ltr'>ἂν</span> <span class='ocrx_word' id='word_1_533' title='bbox 366 3562 413 3593; x_wconf 70' lang='grc'><strong>⁷⁸</strong></span> <span class='ocrx_word' id='word_1_534' title='bbox 437 3561 637 3632; x_wconf 84' lang='grc' dir='ltr'>μᾶλλον</span> <span class='ocrx_word' id='word_1_535' title='bbox 663 3558 986 3631; x_wconf 87' lang='grc' dir='ltr'>ἐϐουλήθης,</span> <span class='ocrx_word' id='word_1_536' title='bbox 1015 3562 1152 3631; x_wconf 89' lang='grc' dir='ltr'>μήτε</span> <span class='ocrx_word' id='word_1_537' title='bbox 1180 3561 1247 3613; x_wconf 85' lang='grc' dir='ltr'>τὰ</span> <span class='ocrx_word' id='word_1_538' title='bbox 1278 3557 1592 3629; x_wconf 82' lang='grc' dir='ltr'>πραχθέντα</span> <span class='ocrx_word' id='word_1_539' title='bbox 1624 3557 1691 3611; x_wconf 85' lang='grc' dir='ltr'><strong>δι’</strong></span> <span class='ocrx_word' id='word_1_540' title='bbox 1712 3557 1870 3629; x_wconf 87' lang='grc' dir='ltr'>ήμῶν</span> 
     </span>
    </p>
   </div>
   <div class='ocr_carea' id='block_1_66' title="bbox 284 3649 1869 3723">
    <p class='ocr_par' dir='ltr' id='par_1_66' title="bbox 284 3649 1869 3723">
     <span class='ocr_line' id='line_1_68' title="bbox 284 3649 1869 3723; baseline -0.001 -17"><span class='ocrx_word' id='word_1_541' title='bbox 284 3653 603 3723; x_wconf 81' lang='grc' dir='ltr'>πεπρᾶχθαι</span> <span class='ocrx_word' id='word_1_542' title='bbox 636 3656 700 3723; x_wconf 82' lang='grc' dir='ltr'>τῇ</span> <span class='ocrx_word' id='word_1_543' title='bbox 743 3652 917 3717; x_wconf 81' lang='grc' dir='ltr'>πόλει,</span> <span class='ocrx_word' id='word_1_544' title='bbox 952 3653 1089 3723; x_wconf 88' lang='grc' dir='ltr'>μήτε</span> <span class='ocrx_word' id='word_1_545' title='bbox 1121 3653 1202 3714; x_wconf 86' lang='grc' dir='ltr'><strong>είς</strong></span> <span class='ocrx_word' id='word_1_546' title='bbox 1230 3652 1379 3721; x_wconf 83' lang='grc' dir='ltr'>ἡμᾶς</span> <span class='ocrx_word' id='word_1_547' title='bbox 1403 3649 1609 3720; x_wconf 75' lang='grc' dir='ltr'>μηδένα</span> <span class='ocrx_word' id='word_1_548' title='bbox 1628 3649 1734 3704; x_wconf 90' lang='grc' dir='ltr'><strong>τῶν</strong></span> <span class='ocrx_word' id='word_1_549' title='bbox 1770 3668 1869 3704; x_wconf 87' lang='grc' dir='ltr'>πο-</span> 
     </span>
    </p>
   </div>
   <div class='ocr_carea' id='block_1_67' title="bbox 281 3741 1872 3816">
    <p class='ocr_par' dir='ltr' id='par_1_67' title="bbox 281 3741 1872 3816">
     <span class='ocr_line' id='line_1_69' title="bbox 281 3741 1872 3816; baseline -0.001 -20"><span class='ocrx_word' id='word_1_550' title='bbox 281 3744 451 3797; x_wconf 81' lang='grc' dir='ltr'>λιτῶν</span> <span class='ocrx_word' id='word_1_551' title='bbox 474 3744 804 3816; x_wconf 76' lang='grc' dir='ltr'>ἐξαμαρτεῖν</span> <span class='ocrx_word' id='word_1_552' title='bbox 825 3762 839 3809; x_wconf 91' lang='lat'><strong>;</strong></span> <span class='ocrx_word' id='word_1_553' title='bbox 861 3743 1057 3798; x_wconf 80' lang='grc' dir='ltr'>οὐκοῦν</span> <span class='ocrx_word' id='word_1_554' title='bbox 1080 3742 1259 3811; x_wconf 74' lang='grc' dir='ltr'>ἕτεροι</span> <span class='ocrx_word' id='word_1_555' title='bbox 1289 3741 1385 3793; x_wconf 80' lang='grc' dir='ltr'>καὶ</span> <span class='ocrx_word' id='word_1_556' title='bbox 1405 3743 1484 3802; x_wconf 86' lang='grc' dir='ltr'><strong>είς</strong></span> <span class='ocrx_word' id='word_1_557' title='bbox 1505 3742 1651 3810; x_wconf 79' lang='grc' dir='ltr'>ἡμᾶς</span> <span class='ocrx_word' id='word_1_558' title='bbox 1672 3741 1767 3795; x_wconf 78' lang='grc' dir='ltr'><strong>καὶ</strong></span> <span class='ocrx_word' id='word_1_559' title='bbox 1791 3743 1872 3805; x_wconf 82' lang='grc' dir='ltr'><strong>είς</strong></span> 
     </span>
    </p>
   </div>
   <div class='ocr_carea' id='block_1_68' title="bbox 288 3834 1869 3909">
    <p class='ocr_par' dir='ltr' id='par_1_68' title="bbox 288 3834 1869 3909">
     <span class='ocr_line' id='line_1_70' title="bbox 288 3834 1869 3909; baseline -0.002 -20"><span class='ocrx_word' id='word_1_560' title='bbox 288 3837 530 3901; x_wconf 75' lang='grc' dir='ltr'>ἐκείνους</span> <span class='ocrx_word' id='word_1_561' title='bbox 547 3837 790 3908; x_wconf 73' lang='grc' dir='ltr'>ἕμελλοψ</span> <span class='ocrx_word' id='word_1_562' title='bbox 812 3837 847 3909; x_wconf 81' lang='grc' dir='ltr'>ἢ</span> <span class='ocrx_word' id='word_1_563' title='bbox 870 3838 1094 3890; x_wconf 83' lang='grc' dir='ltr'>ἐκείνων</span> <span class='ocrx_word' id='word_1_564' title='bbox 1113 3852 1177 3905; x_wconf 88' lang='grc' dir='ltr'><strong>γε</strong></span> <span class='ocrx_word' id='word_1_565' title='bbox 1194 3836 1357 3889; x_wconf 73' lang='grc' dir='ltr'>ἕνεκα</span> <span class='ocrx_word' id='word_1_566' title='bbox 1375 3834 1513 3887; x_wconf 83' lang='grc' dir='ltr'>ὥστε</span> <span class='ocrx_word' id='word_1_567' title='bbox 1534 3834 1869 3905; x_wconf 85' lang='grc' dir='ltr'>πραχθῆναι,</span> 
     </span>
    </p>
   </div>
   <div class='ocr_carea' id='block_1_69' title="bbox 288 3920 1869 4000">
    <p class='ocr_par' dir='ltr' id='par_1_69' title="bbox 288 3920 1869 4000">
     <span class='ocr_line' id='line_1_71' title="bbox 288 3920 1869 4000; baseline -0.004 -16"><span class='ocrx_word' id='word_1_568' title='bbox 288 3930 383 3984; x_wconf 74' lang='grc' dir='ltr'>καὶ</span> <span class='ocrx_word' id='word_1_569' title='bbox 410 3929 585 3985; x_wconf 78' lang='grc' dir='ltr'>ταῦτα</span> <span class='ocrx_word' id='word_1_570' title='bbox 617 3930 669 3983; x_wconf 84' lang='grc' dir='ltr'><strong>εί</strong></span> <span class='ocrx_word' id='word_1_571' title='bbox 689 3930 797 3983; x_wconf 82' lang='grc' dir='ltr'>δέοι</span> <span class='ocrx_word' id='word_1_572' title='bbox 831 3929 1143 4000; x_wconf 82' lang='grc' dir='ltr'>συμϐῆναι;</span> <span class='ocrx_word' id='word_1_573' title='bbox 1192 3926 1337 3995; x_wconf 87' lang='grc' dir='ltr'><strong>Ἐγὼ</strong></span> <span class='ocrx_word' id='word_1_574' title='bbox 1376 3924 1475 3995; x_wconf 77' lang='grc' dir='ltr'>μὲν</span> <span class='ocrx_word' id='word_1_575' title='bbox 1500 3920 1653 3996; x_wconf 75' lang='grc' dir='ltr'>οἶμαι</span> <span class='ocrx_word' id='word_1_576' title='bbox 1674 3923 1869 3979; x_wconf 85' lang='grc' dir='ltr'>ταῦτα.</span> 
     </span>
    </p>
   </div>
   <div class='ocr_carea' id='block_1_70' title="bbox 287 4012 1870 4092">
    <p class='ocr_par' dir='ltr' id='par_1_70' title="bbox 287 4012 1870 4092">
     <span class='ocr_line' id='line_1_72' title="bbox 287 4012 1870 4092; baseline -0.006 -17"><span class='ocrx_word' id='word_1_577' title='bbox 287 4022 499 4075; x_wconf 83' lang='grc' dir='ltr'>Ούκοῦν</span> <span class='ocrx_word' id='word_1_578' title='bbox 528 4021 604 4075; x_wconf 79' lang='grc' dir='ltr'><strong>ὅτ’</strong></span> <span class='ocrx_word' id='word_1_579' title='bbox 646 4022 908 4092; x_wconf 75' lang='grc' dir='ltr'>ἀμφότερ’</span> <span class='ocrx_word' id='word_1_580' title='bbox 957 4020 1026 4075; x_wconf 81' lang='grc' dir='ltr'>ἂν</span> <span class='ocrx_word' id='word_1_581' title='bbox 1056 4020 1100 4052; x_wconf 80' lang='grc'><strong>⁷⁵</strong></span> <span class='ocrx_word' id='word_1_582' title='bbox 1131 4017 1302 4089; x_wconf 77' lang='grc' dir='ltr'>φαίης</span> <span class='ocrx_word' id='word_1_583' title='bbox 1350 4015 1556 4069; x_wconf 81' lang='grc' dir='ltr'>ἐθέλειν</span> <span class='ocrx_word' id='word_1_584' title='bbox 1591 4013 1790 4085; x_wconf 82' lang='grc' dir='ltr'>μᾶλλον</span> <span class='ocrx_word' id='word_1_585' title='bbox 1836 4012 1870 4083; x_wconf 80' lang='grc' dir='ltr'><strong>ἢ</strong></span> 
     </span>
    </p>
   </div>
   <div class='ocr_carea' id='block_1_71' title="bbox 295 4108 1871 4185">
    <p class='ocr_par' dir='ltr' id='par_1_71' title="bbox 295 4108 1871 4185">
     <span class='ocr_line' id='line_1_73' title="bbox 295 4108 1871 4185; baseline -0.003 -18"><span class='ocrx_word' id='word_1_586' title='bbox 295 4116 586 4185; x_wconf 70' lang='grc' dir='ltr'>μηδέτερα,</span> <span class='ocrx_word' id='word_1_587' title='bbox 623 4113 905 4185; x_wconf 82' lang='grc' dir='ltr'>ὁμολογεῖς</span> <span class='ocrx_word' id='word_1_588' title='bbox 944 4114 1039 4167; x_wconf 71' lang='grc' dir='ltr'><strong>καὶ</strong></span> <span class='ocrx_word' id='word_1_589' title='bbox 1075 4113 1189 4176; x_wconf 90' lang='grc' dir='ltr'>τοῖς</span> <span class='ocrx_word' id='word_1_590' title='bbox 1224 4110 1704 4179; x_wconf 84' lang='grc' dir='ltr'>πεπολιτευμένοις</span> <span class='ocrx_word' id='word_1_591' title='bbox 1737 4108 1871 4177; x_wconf 80' lang='grc' dir='ltr'>ἡμῖν</span> 
     </span>
    </p>
   </div>
   <div class='ocr_carea' id='block_1_72' title="bbox 291 4199 1872 4281">
    <p class='ocr_par' dir='ltr' id='par_1_72' title="bbox 291 4199 1872 4281">
     <span class='ocr_line' id='line_1_74' title="bbox 291 4199 1872 4281; baseline -0.008 -18"><span class='ocrx_word' id='word_1_592' title='bbox 291 4208 508 4263; x_wconf 74' lang='grc' dir='ltr'>ἅπαντα</span> <span class='ocrx_word' id='word_1_593' title='bbox 538 4210 574 4262; x_wconf 78' lang='grc' dir='ltr'><strong>ἃ</strong></span> <span class='ocrx_word' id='word_1_594' title='bbox 598 4209 868 4281; x_wconf 83' lang='grc' dir='ltr'>προσήκει</span> <span class='ocrx_word' id='word_1_595' title='bbox 895 4207 1197 4278; x_wconf 84' lang='grc' dir='ltr'>προσεῖναι,</span> <span class='ocrx_word' id='word_1_596' title='bbox 1228 4203 1320 4256; x_wconf 74' lang='grc' dir='ltr'>καὶ</span> <span class='ocrx_word' id='word_1_597' title='bbox 1349 4201 1607 4273; x_wconf 81' lang='grc' dir='ltr'>μειζόνως</span> <span class='ocrx_word' id='word_1_598' title='bbox 1639 4201 1706 4253; x_wconf 81' lang='grc' dir='ltr'>τὰ</span> <span class='ocrx_word' id='word_1_599' title='bbox 1735 4199 1872 4270; x_wconf 83' lang='grc' dir='ltr'>πρὸς</span> 
     </span>
    </p>
   </div>
   <div class='ocr_carea' id='block_1_73' title="bbox 293 4290 1870 4372">
    <p class='ocr_par' dir='ltr' id='par_1_73' title="bbox 293 4290 1870 4372">
     <span class='ocr_line' id='line_1_75' title="bbox 293 4290 1870 4372; baseline -0.006 -18"><span class='ocrx_word' id='word_1_600' title='bbox 293 4301 536 4368; x_wconf 74' lang='grc' dir='ltr'>εὐδοξίαν</span> <span class='ocrx_word' id='word_1_601' title='bbox 556 4302 603 4334; x_wconf 77' lang='grc'><strong>⁷⁶</strong></span> <span class='ocrx_word' id='word_1_602' title='bbox 630 4304 695 4372; x_wconf 80' lang='grc' dir='ltr'>τῇ</span> <span class='ocrx_word' id='word_1_603' title='bbox 738 4300 893 4352; x_wconf 85' lang='grc' dir='ltr'>πόλει</span> <span class='ocrx_word' id='word_1_604' title='bbox 943 4298 1044 4367; x_wconf 76' lang='grc' dir='ltr'>τῆς</span> <span class='ocrx_word' id='word_1_605' title='bbox 1087 4296 1266 4361; x_wconf 81' lang='grc' dir='ltr'>αἰτίας</span> <span class='ocrx_word' id='word_1_606' title='bbox 1324 4290 1483 4349; x_wconf 76' lang='grc' dir='ltr'>εἶναι.</span> <span class='ocrx_word' id='word_1_607' title='bbox 1523 4292 1645 4355; x_wconf 87' lang='grc' dir='ltr'>Πῶς</span> <span class='ocrx_word' id='word_1_608' title='bbox 1683 4291 1777 4345; x_wconf 76' lang='grc' dir='ltr'><strong>οὖν</strong></span> <span class='ocrx_word' id='word_1_609' title='bbox 1811 4293 1870 4345; x_wconf 83' lang='grc' dir='ltr'><strong>οὐ</strong></span> 
     </span>
    </p>
   </div>
   <div class='ocr_carea' id='block_1_74' title="bbox 289 4383 1874 4464">
    <p class='ocr_par' dir='ltr' id='par_1_74' title="bbox 289 4383 1874 4464">
     <span class='ocr_line' id='line_1_76' title="bbox 289 4383 1874 4464; baseline -0.007 -18"><span class='ocrx_word' id='word_1_610' title='bbox 289 4393 496 4455; x_wconf 78' lang='grc' dir='ltr'>δίκαιος</span> <span class='ocrx_word' id='word_1_611' title='bbox 527 4388 668 4464; x_wconf 77' lang='grc' dir='ltr'>ἦσθα</span> <span class='ocrx_word' id='word_1_612' title='bbox 696 4390 893 4460; x_wconf 81' lang='grc' dir='ltr'>μᾶλλον</span> <span class='ocrx_word' id='word_1_613' title='bbox 918 4391 1160 4442; x_wconf 86' lang='grc' dir='ltr'>ἐπαινεῖν</span> <span class='ocrx_word' id='word_1_614' title='bbox 1186 4388 1219 4458; x_wconf 81' lang='grc' dir='ltr'>ἢ</span> <span class='ocrx_word' id='word_1_615' title='bbox 1240 4387 1463 4457; x_wconf 71' lang='grc' dir='ltr'>ψέγειν;</span> <span class='ocrx_word' id='word_1_616' title='bbox 1508 4385 1593 4448; x_wconf 80' lang='grc' dir='ltr'>Ὡς</span> <span class='ocrx_word' id='word_1_617' title='bbox 1615 4384 1661 4439; x_wconf 86' lang='grc' dir='ltr'><strong>δ’</strong></span> <span class='ocrx_word' id='word_1_618' title='bbox 1684 4383 1874 4447; x_wconf 88' lang='grc' dir='ltr'>ἁπλῶς</span> 
     </span>
    </p>
   </div>
   <div class='ocr_carea' id='block_1_75' title="bbox 293 4477 1874 4551">
    <p class='ocr_par' dir='ltr' id='par_1_75' title="bbox 293 4477 1874 4551">
     <span class='ocr_line' id='line_1_77' title="bbox 293 4477 1874 4551; baseline -0.007 -12"><span class='ocrx_word' id='word_1_619' title='bbox 293 4488 465 4539; x_wconf 86' lang='grc' dir='ltr'>εἰπεῖν</span> <span class='ocrx_word' id='word_1_620' title='bbox 490 4485 558 4551; x_wconf 78' lang='grc'><strong>⁷⁷,</strong></span> <span class='ocrx_word' id='word_1_621' title='bbox 588 4484 690 4538; x_wconf 81' lang='grc' dir='ltr'>ποῦ</span> <span class='ocrx_word' id='word_1_622' title='bbox 713 4483 920 4536; x_wconf 86' lang='grc' dir='ltr'>δίκαιον</span> <span class='ocrx_word' id='word_1_623' title='bbox 956 4480 1149 4551; x_wconf 78' lang='grc' dir='ltr'>μόνους</span> <span class='ocrx_word' id='word_1_624' title='bbox 1186 4481 1437 4532; x_wconf 77' lang='grc' dir='ltr'>ἀπαιτεῖν</span> <span class='ocrx_word' id='word_1_625' title='bbox 1484 4478 1714 4541; x_wconf 78' lang='grc' dir='ltr'>εὐθύνας</span> <span class='ocrx_word' id='word_1_626' title='bbox 1746 4477 1874 4540; x_wconf 81' lang='grc' dir='ltr'>τοὺς</span> 
     </span>
    </p>
   </div>
   <div class='ocr_carea' id='block_1_76' title="bbox 292 4567 1874 4648">
    <p class='ocr_par' dir='ltr' id='par_1_76' title="bbox 292 4567 1874 4648">
     <span class='ocr_line' id='line_1_78' title="bbox 292 4567 1874 4648; baseline -0.007 -17"><span class='ocrx_word' id='word_1_627' title='bbox 292 4580 352 4631; x_wconf 81' lang='grc' dir='ltr'><strong>ού</strong></span> <span class='ocrx_word' id='word_1_628' title='bbox 387 4579 582 4648; x_wconf 84' lang='grc' dir='ltr'>μόνους</span> <span class='ocrx_word' id='word_1_629' title='bbox 630 4576 738 4627; x_wconf 87' lang='grc' dir='ltr'><strong>τῶν</strong></span> <span class='ocrx_word' id='word_1_630' title='bbox 772 4573 1115 4645; x_wconf 72' lang='grc' dir='ltr'>πραγμάτιον</span> <span class='ocrx_word' id='word_1_631' title='bbox 1147 4571 1391 4638; x_wconf 82' lang='grc' dir='ltr'>αἱτίους;</span> <span class='ocrx_word' id='word_1_632' title='bbox 1425 4568 1618 4623; x_wconf 77' lang='grc' dir='ltr'>οὔκουν</span> <span class='ocrx_word' id='word_1_633' title='bbox 1651 4567 1778 4631; x_wconf 83' lang='grc' dir='ltr'>τούς</span> <span class='ocrx_word' id='word_1_634' title='bbox 1810 4585 1874 4637; x_wconf 85' lang='grc' dir='ltr'><strong>γε</strong></span> 
     </span>
    </p>
   </div>
   <div class='ocr_carea' id='block_1_77' title="bbox 296 4658 1874 4740">
    <p class='ocr_par' dir='ltr' id='par_1_77' title="bbox 296 4658 1874 4740">
     <span class='ocr_line' id='line_1_79' title="bbox 296 4658 1874 4740; baseline -0.008 -18"><span class='ocrx_word' id='word_1_635' title='bbox 296 4671 542 4740; x_wconf 70' lang='grc' dir='ltr'>ἡνιόχους</span> <span class='ocrx_word' id='word_1_636' title='bbox 574 4666 875 4735; x_wconf 85' lang='grc' dir='ltr'>αίτιώμεθα</span> <span class='ocrx_word' id='word_1_637' title='bbox 898 4668 1025 4729; x_wconf 82' lang='grc' dir='ltr'>τοὺς</span> <span class='ocrx_word' id='word_1_638' title='bbox 1048 4666 1093 4696; x_wconf 73' lang='grc'><strong>⁷⁸</strong></span> <span class='ocrx_word' id='word_1_639' title='bbox 1119 4664 1178 4730; x_wconf 76' lang='grc' dir='ltr'><strong>ἐξ</strong></span> <span class='ocrx_word' id='word_1_640' title='bbox 1210 4662 1407 4734; x_wconf 85' lang='grc' dir='ltr'>ἀρχῆς,</span> <span class='ocrx_word' id='word_1_641' title='bbox 1443 4661 1509 4715; x_wconf 87' lang='grc' dir='ltr'><strong>ἂν</strong></span> <span class='ocrx_word' id='word_1_642' title='bbox 1534 4660 1722 4731; x_wconf 70' lang='grc' dir='ltr'>ἕτερος</span> <span class='ocrx_word' id='word_1_643' title='bbox 1746 4658 1874 4722; x_wconf 81' lang='grc' dir='ltr'>τοὺς</span> 
     </span>
    </p>
   </div>
   <div class='ocr_carea' id='block_1_78' title="bbox 1972 3471 3556 3543">
    <p class='ocr_par' dir='ltr' id='par_1_78' title="bbox 1972 3471 3556 3543">
     <span class='ocr_line' id='line_1_80' title="bbox 1972 3471 3556 3543; baseline -0.006 -10"><span class='ocrx_word' id='word_1_644' title='bbox 1972 3492 2075 3534; x_wconf 90' lang='lat' dir='ltr'><strong>nec</strong></span> <span class='ocrx_word' id='word_1_645' title='bbox 2102 3477 2155 3531; x_wconf 92' lang='lat' dir='ltr'><strong>in</strong></span> <span class='ocrx_word' id='word_1_646' title='bbox 2187 3491 2283 3532; x_wconf 89' lang='lat' dir='ltr'><strong>nos</strong></span> <span class='ocrx_word' id='word_1_647' title='bbox 2333 3475 2529 3531; x_wconf 84' lang='lat' dir='ltr'><strong>civium</strong></span> <span class='ocrx_word' id='word_1_648' title='bbox 2563 3475 2849 3543; x_wconf 81' lang='lat' dir='ltr'><strong>quisquam</strong></span> <span class='ocrx_word' id='word_1_649' title='bbox 2883 3480 3165 3542; x_wconf 83' lang='lat' dir='ltr'><strong>peccasset</strong></span> <span class='ocrx_word' id='word_1_650' title='bbox 3209 3471 3418 3543; x_wconf 83' lang='lat' dir='ltr'><strong>(itaque</strong></span> <span class='ocrx_word' id='word_1_651' title='bbox 3446 3478 3556 3524; x_wconf 90' lang='lat' dir='ltr'><strong>tam</strong></span> 
     </span>
    </p>
   </div>
   <div class='ocr_carea' id='block_1_79' title="bbox 1973 3564 3559 3639">
    <p class='ocr_par' dir='ltr' id='par_1_79' title="bbox 1973 3564 3559 3639">
     <span class='ocr_line' id='line_1_81' title="bbox 1973 3564 3559 3639; baseline -0.004 -14"><span class='ocrx_word' id='word_1_652' title='bbox 1973 3571 2026 3625; x_wconf 92' lang='lat' dir='ltr'><strong>in</strong></span> <span class='ocrx_word' id='word_1_653' title='bbox 2079 3587 2177 3626; x_wconf 90' lang='lat' dir='ltr'><strong>nos</strong></span> <span class='ocrx_word' id='word_1_654' title='bbox 2212 3586 2375 3639; x_wconf 86' lang='lat' dir='ltr'><strong>quam</strong></span> <span class='ocrx_word' id='word_1_655' title='bbox 2407 3570 2461 3624; x_wconf 92' lang='lat' dir='ltr'><strong>in</strong></span> <span class='ocrx_word' id='word_1_656' title='bbox 2512 3570 2651 3635; x_wconf 85' lang='lat' dir='ltr'><strong>illos,</strong></span> <span class='ocrx_word' id='word_1_657' title='bbox 2685 3577 2844 3622; x_wconf 86' lang='lat' dir='ltr'><strong>erant</strong></span> <span class='ocrx_word' id='word_1_658' title='bbox 2893 3568 2985 3621; x_wconf 87' lang='lat' dir='ltr'><strong>alii</strong></span> <span class='ocrx_word' id='word_1_659' title='bbox 3038 3564 3336 3635; x_wconf 85' lang='lat' dir='ltr'><strong>peccaturi)</strong></span> <span class='ocrx_word' id='word_1_660' title='bbox 3386 3579 3453 3617; x_wconf 90' lang='lat' dir='ltr'><strong>an</strong></span> <span class='ocrx_word' id='word_1_661' title='bbox 3498 3573 3559 3618; x_wconf 91' lang='lat' dir='ltr'><strong>ut</strong></span> 
     </span>
    </p>
   </div>
   <div class='ocr_carea' id='block_1_80' title="bbox 1974 3660 3560 3736">
    <p class='ocr_par' dir='ltr' id='par_1_80' title="bbox 1974 3660 3560 3736">
     <span class='ocr_line' id='line_1_82' title="bbox 1974 3660 3560 3736; baseline -0.006 -15"><span class='ocrx_word' id='word_1_662' title='bbox 1974 3667 2088 3721; x_wconf 52' lang='lat' dir='ltr'><strong>ha‘c</strong></span> <span class='ocrx_word' id='word_1_663' title='bbox 2113 3680 2350 3736; x_wconf 81' lang='lat' dir='ltr'><strong>quoque,</strong></span> <span class='ocrx_word' id='word_1_664' title='bbox 2382 3666 2426 3720; x_wconf 90' lang='lat' dir='ltr'><strong>si</strong></span> <span class='ocrx_word' id='word_1_665' title='bbox 2466 3664 2643 3718; x_wconf 87' lang='lat' dir='ltr'><strong>fuerat</strong></span> <span class='ocrx_word' id='word_1_666' title='bbox 2673 3677 2827 3733; x_wconf 79' lang='lat' dir='ltr'><strong>Opus,</strong></span> <span class='ocrx_word' id='word_1_667' title='bbox 2859 3677 2969 3731; x_wconf 92' lang='lat' dir='ltr'><strong>quo</strong></span> <span class='ocrx_word' id='word_1_668' title='bbox 3018 3662 3207 3716; x_wconf 73' lang='lat' dir='ltr'><strong>fierent</strong></span> <span class='ocrx_word' id='word_1_669' title='bbox 3241 3660 3355 3725; x_wconf 89' lang='lat' dir='ltr'><strong>illa,</strong></span> <span class='ocrx_word' id='word_1_670' title='bbox 3386 3660 3560 3714; x_wconf 89' lang='lat' dir='ltr'><strong>conti-</strong></span> 
     </span>
    </p>
   </div>
   <div class='ocr_carea' id='block_1_81' title="bbox 1973 3754 3563 3826">
    <p class='ocr_par' dir='ltr' id='par_1_81' title="bbox 1973 3754 3563 3826">
     <span class='ocr_line' id='line_1_83' title="bbox 1973 3754 3563 3826; baseline -0.004 -15"><span class='ocrx_word' id='word_1_671' title='bbox 1973 3757 2202 3826; x_wconf 85' lang='lat' dir='ltr'><strong>gissent.</strong></span> <span class='ocrx_word' id='word_1_672' title='bbox 2239 3756 2381 3821; x_wconf 54' lang='lat' dir='ltr'><strong>Haec,</strong></span> <span class='ocrx_word' id='word_1_673' title='bbox 2416 3754 2671 3821; x_wconf 86' lang='lat' dir='ltr'><strong>arbitror,</strong></span> <span class='ocrx_word' id='word_1_674' title='bbox 2706 3754 2915 3810; x_wconf 85' lang='lat' dir='ltr'><strong>malles.</strong></span> <span class='ocrx_word' id='word_1_675' title='bbox 2943 3754 3083 3824; x_wconf 86' lang='lat' dir='ltr'><strong>Ergo</strong></span> <span class='ocrx_word' id='word_1_676' title='bbox 3113 3767 3235 3806; x_wconf 90' lang='lat' dir='ltr'><strong>cum</strong></span> <span class='ocrx_word' id='word_1_677' title='bbox 3272 3762 3563 3819; x_wconf 87' lang='lat' dir='ltr'><strong>utrumque</strong></span> 
     </span>
    </p>
   </div>
   <div class='ocr_carea' id='block_1_82' title="bbox 1976 3846 3564 3918">
    <p class='ocr_par' dir='ltr' id='par_1_82' title="bbox 1976 3846 3564 3918">
     <span class='ocr_line' id='line_1_84' title="bbox 1976 3846 3564 3918; baseline -0.004 -15"><span class='ocrx_word' id='word_1_678' title='bbox 1976 3858 2027 3903; x_wconf 89' lang='lat' dir='ltr'><strong>te</strong></span> <span class='ocrx_word' id='word_1_679' title='bbox 2053 3864 2216 3918; x_wconf 90' lang='lat' dir='ltr'><strong>quam</strong></span> <span class='ocrx_word' id='word_1_680' title='bbox 2247 3857 2498 3903; x_wconf 88' lang='lat' dir='ltr'><strong>neutrum</strong></span> <span class='ocrx_word' id='word_1_681' title='bbox 2548 3847 2708 3901; x_wconf 89' lang='lat' dir='ltr'><strong>malle</strong></span> <span class='ocrx_word' id='word_1_682' title='bbox 2738 3846 2899 3911; x_wconf 86' lang='lat' dir='ltr'><strong>dicis,</strong></span> <span class='ocrx_word' id='word_1_683' title='bbox 2939 3862 3062 3902; x_wconf 91' lang='lat' dir='ltr'><strong>cum</strong></span> <span class='ocrx_word' id='word_1_684' title='bbox 3100 3846 3281 3900; x_wconf 87' lang='lat' dir='ltr'><strong>omnia</strong></span> <span class='ocrx_word' id='word_1_685' title='bbox 3311 3859 3432 3913; x_wconf 76' lang='lat' dir='ltr'><strong>qua:</strong></span> <span class='ocrx_word' id='word_1_686' title='bbox 3471 3860 3564 3898; x_wconf 86' lang='lat' dir='ltr'><strong>re-</strong></span> 
     </span>
    </p>
   </div>
   <div class='ocr_carea' id='block_1_83' title="bbox 1973 3936 3563 4011">
    <p class='ocr_par' dir='ltr' id='par_1_83' title="bbox 1973 3936 3563 4011">
     <span class='ocr_line' id='line_1_85' title="bbox 1973 3936 3563 4011; baseline 0 -20"><span class='ocrx_word' id='word_1_687' title='bbox 1973 3940 2329 4011; x_wconf 87' lang='lat' dir='ltr'><strong>quirebantur</strong></span> <span class='ocrx_word' id='word_1_688' title='bbox 2364 3941 2418 3994; x_wconf 93' lang='lat' dir='ltr'><strong>in</strong></span> <span class='ocrx_word' id='word_1_689' title='bbox 2457 3939 2989 3994; x_wconf 86' lang='lat' dir='ltr'><strong>administrationem</strong></span> <span class='ocrx_word' id='word_1_690' title='bbox 3019 3946 3256 3992; x_wconf 89' lang='lat' dir='ltr'><strong>nostram</strong></span> <span class='ocrx_word' id='word_1_691' title='bbox 3303 3936 3563 3992; x_wconf 80' lang='lat' dir='ltr'><strong>incidisse</strong></span> 
     </span>
    </p>
   </div>
   <div class='ocr_carea' id='block_1_84' title="bbox 1973 4027 3560 4100">
    <p class='ocr_par' dir='ltr' id='par_1_84' title="bbox 1973 4027 3560 4100">
     <span class='ocr_line' id='line_1_86' title="bbox 1973 4027 3560 4100; baseline -0.004 -15"><span class='ocrx_word' id='word_1_692' title='bbox 1973 4030 2276 4096; x_wconf 84' lang='lat' dir='ltr'><strong>confiteris,</strong></span> <span class='ocrx_word' id='word_1_693' title='bbox 2296 4041 2406 4084; x_wconf 88' lang='lat' dir='ltr'><strong>tum</strong></span> <span class='ocrx_word' id='word_1_694' title='bbox 2429 4030 2579 4100; x_wconf 89' lang='lat' dir='ltr'><strong>plura</strong></span> <span class='ocrx_word' id='word_1_695' title='bbox 2605 4030 2750 4097; x_wconf 91' lang='lat' dir='ltr'><strong>urbi,</strong></span> <span class='ocrx_word' id='word_1_696' title='bbox 2773 4029 2843 4089; x_wconf 82' lang='lat' dir='ltr'><strong>de</strong></span> <span class='ocrx_word' id='word_1_697' title='bbox 2867 4030 3063 4099; x_wconf 86' lang='lat' dir='ltr'><strong>quibus</strong></span> <span class='ocrx_word' id='word_1_698' title='bbox 3091 4027 3371 4097; x_wconf 77' lang='lat' dir='ltr'><strong>glorietur,</strong></span> <span class='ocrx_word' id='word_1_699' title='bbox 3396 4040 3560 4096; x_wconf 86' lang='lat' dir='ltr'><strong>quam</strong></span> 
     </span>
    </p>
   </div>
   <div class='ocr_carea' id='block_1_85' title="bbox 1973 4118 3562 4193">
    <p class='ocr_par' dir='ltr' id='par_1_85' title="bbox 1973 4118 3562 4193">
     <span class='ocr_line' id='line_1_87' title="bbox 1973 4118 3562 4193; baseline -0.003 -14"><span class='ocrx_word' id='word_1_700' title='bbox 1973 4124 2040 4179; x_wconf 88' lang='lat' dir='ltr'><strong>oh</strong></span> <span class='ocrx_word' id='word_1_701' title='bbox 2067 4138 2186 4193; x_wconf 71' lang='lat' dir='ltr'><strong>qum</strong></span> <span class='ocrx_word' id='word_1_702' title='bbox 2214 4121 2664 4193; x_wconf 84' lang='lat' dir='ltr'><strong>reprehendatur,</strong></span> <span class='ocrx_word' id='word_1_703' title='bbox 2700 4130 3011 4190; x_wconf 89' lang='lat' dir='ltr'><strong>suppetere.</strong></span> <span class='ocrx_word' id='word_1_704' title='bbox 3042 4120 3182 4187; x_wconf 86' lang='lat' dir='ltr'><strong>Quin</strong></span> <span class='ocrx_word' id='word_1_705' title='bbox 3214 4134 3344 4188; x_wconf 83' lang='lat' dir='ltr'><strong>ergo</strong></span> <span class='ocrx_word' id='word_1_706' title='bbox 3372 4118 3562 4174; x_wconf 86' lang='lat' dir='ltr'><strong>laudas</strong></span> 
     </span>
    </p>
   </div>
   <div class='ocr_carea' id='block_1_86' title="bbox 1975 4210 3566 4285">
    <p class='ocr_par' dir='ltr' id='par_1_86' title="bbox 1975 4210 3566 4285">
     <span class='ocr_line' id='line_1_88' title="bbox 1975 4210 3566 4285; baseline -0.003 -15"><span class='ocrx_word' id='word_1_707' title='bbox 1975 4216 2150 4285; x_wconf 85' lang='lat' dir='ltr'><strong>potius</strong></span> <span class='ocrx_word' id='word_1_708' title='bbox 2172 4230 2332 4285; x_wconf 90' lang='lat' dir='ltr'><strong>quam</strong></span> <span class='ocrx_word' id='word_1_709' title='bbox 2370 4216 2672 4282; x_wconf 85' lang='lat' dir='ltr'><strong>vituperas.</strong></span> <span class='ocrx_word' id='word_1_710' title='bbox 2703 4212 2943 4282; x_wconf 88' lang='lat' dir='ltr'><strong>Denique</strong></span> <span class='ocrx_word' id='word_1_711' title='bbox 2982 4227 3085 4267; x_wconf 85' lang='lat' dir='ltr'><strong>cur</strong></span> <span class='ocrx_word' id='word_1_712' title='bbox 3113 4212 3180 4266; x_wconf 87' lang='lat' dir='ltr'><strong>ab</strong></span> <span class='ocrx_word' id='word_1_713' title='bbox 3211 4212 3279 4265; x_wconf 87' lang='lat' dir='ltr'><strong>iis</strong></span> <span class='ocrx_word' id='word_1_714' title='bbox 3327 4210 3566 4265; x_wconf 78' lang='lat' dir='ltr'><strong>rationes</strong></span> 
     </span>
    </p>
   </div>
   <div class='ocr_carea' id='block_1_87' title="bbox 1976 4299 3566 4372">
    <p class='ocr_par' dir='ltr' id='par_1_87' title="bbox 1976 4299 3566 4372">
     <span class='ocr_line' id='line_1_89' title="bbox 1976 4299 3566 4372; baseline -0.002 -15"><span class='ocrx_word' id='word_1_715' title='bbox 1976 4302 2271 4372; x_wconf 86' lang='lat' dir='ltr'><strong>repetimus</strong></span> <span class='ocrx_word' id='word_1_716' title='bbox 2313 4303 2464 4367; x_wconf 88' lang='lat' dir='ltr'><strong>solis,</strong></span> <span class='ocrx_word' id='word_1_717' title='bbox 2498 4302 2592 4370; x_wconf 89' lang='lat' dir='ltr'><strong>qui</strong></span> <span class='ocrx_word' id='word_1_718' title='bbox 2636 4302 2736 4358; x_wconf 91' lang='lat' dir='ltr'><strong>soli</strong></span> <span class='ocrx_word' id='word_1_719' title='bbox 2782 4316 2966 4356; x_wconf 88' lang='lat' dir='ltr'><strong>rerum</strong></span> <span class='ocrx_word' id='word_1_720' title='bbox 3000 4310 3251 4356; x_wconf 86' lang='lat' dir='ltr'><strong>auctores</strong></span> <span class='ocrx_word' id='word_1_721' title='bbox 3288 4314 3397 4354; x_wconf 91' lang='lat' dir='ltr'><strong>non</strong></span> <span class='ocrx_word' id='word_1_722' title='bbox 3446 4299 3566 4354; x_wconf 86' lang='lat' dir='ltr'><strong>fue-</strong></span> 
     </span>
    </p>
   </div>
   <div class='ocr_carea' id='block_1_88' title="bbox 1976 4392 3559 4466">
    <p class='ocr_par' dir='ltr' id='par_1_88' title="bbox 1976 4392 3559 4466">
     <span class='ocr_line' id='line_1_90' title="bbox 1976 4392 3559 4466; baseline -0.003 -15"><span class='ocrx_word' id='word_1_723' title='bbox 1976 4402 2123 4451; x_wconf 91' lang='lat' dir='ltr'><strong>runt.</strong></span> <span class='ocrx_word' id='word_1_724' title='bbox 2170 4395 2302 4450; x_wconf 87' lang='lat' dir='ltr'><strong>Nam</strong></span> <span class='ocrx_word' id='word_1_725' title='bbox 2351 4410 2451 4451; x_wconf 90' lang='lat' dir='ltr'><strong>nec</strong></span> <span class='ocrx_word' id='word_1_726' title='bbox 2488 4395 2694 4465; x_wconf 88' lang='lat' dir='ltr'><strong>primos</strong></span> <span class='ocrx_word' id='word_1_727' title='bbox 2738 4394 3183 4466; x_wconf 75' lang='lat' dir='ltr'><strong>reprehendimus</strong></span> <span class='ocrx_word' id='word_1_728' title='bbox 3221 4392 3461 4463; x_wconf 75' lang='lat' dir='ltr'><strong>aurigas,</strong></span> <span class='ocrx_word' id='word_1_729' title='bbox 3511 4392 3559 4447; x_wconf 88' lang='lat' dir='ltr'><strong>si</strong></span> 
     </span>
    </p>
   </div>
   <div class='ocr_carea' id='block_1_89' title="bbox 1975 4486 3567 4561">
    <p class='ocr_par' dir='ltr' id='par_1_89' title="bbox 1975 4486 3567 4561">
     <span class='ocr_line' id='line_1_91' title="bbox 1975 4486 3567 4561; baseline -0.002 -18"><span class='ocrx_word' id='word_1_730' title='bbox 1975 4491 2099 4561; x_wconf 91' lang='lat' dir='ltr'><strong>quis</strong></span> <span class='ocrx_word' id='word_1_731' title='bbox 2133 4492 2351 4545; x_wconf 88' lang='lat' dir='ltr'><strong>eosdem</strong></span> <span class='ocrx_word' id='word_1_732' title='bbox 2395 4505 2563 4559; x_wconf 88' lang='lat' dir='ltr'><strong>equos</strong></span> <span class='ocrx_word' id='word_1_733' title='bbox 2608 4490 2746 4545; x_wconf 87' lang='lat' dir='ltr'><strong>alius</strong></span> <span class='ocrx_word' id='word_1_734' title='bbox 2780 4489 3077 4545; x_wconf 85' lang='lat' dir='ltr'><strong>deteriores</strong></span> <span class='ocrx_word' id='word_1_735' title='bbox 3143 4486 3338 4560; x_wconf 44' lang='lat'><strong>$33!:</strong></span> <span class='ocrx_word' id='word_1_736' title='bbox 3388 4486 3567 4542; x_wconf 88' lang='lat' dir='ltr'><strong>reddi-</strong></span> 
     </span>
    </p>
   </div>
   <div class='ocr_carea' id='block_1_90' title="bbox 1977 4579 3567 4654">
    <p class='ocr_par' dir='ltr' id='par_1_90' title="bbox 1977 4579 3567 4654">
     <span class='ocr_line' id='line_1_92' title="bbox 1977 4579 3567 4654; baseline -0.003 -16"><span class='ocrx_word' id='word_1_737' title='bbox 1977 4583 2135 4638; x_wconf 89' lang='lat' dir='ltr'><strong>derit.</strong></span> <span class='ocrx_word' id='word_1_738' title='bbox 2184 4583 2383 4639; x_wconf 82' lang='lat' dir='ltr'><strong>Verum</strong></span> <span class='ocrx_word' id='word_1_739' title='bbox 2442 4593 2499 4640; x_wconf 89' lang='lat' dir='ltr'><strong>et</strong></span> <span class='ocrx_word' id='word_1_740' title='bbox 2545 4583 2747 4654; x_wconf 82' lang='lat' dir='ltr'><strong>aurigae</strong></span> <span class='ocrx_word' id='word_1_741' title='bbox 2805 4596 3180 4653; x_wconf 87' lang='lat' dir='ltr'><strong>equorumque</strong></span> <span class='ocrx_word' id='word_1_742' title='bbox 3246 4579 3567 4649; x_wconf 88' lang='lat' dir='ltr'><strong>domitores,</strong></span> 
     </span>
    </p>
   </div>
   <div class='ocr_carea' id='block_1_91' title="bbox 1979 4671 3567 4744">
    <p class='ocr_par' dir='ltr' id='par_1_91' title="bbox 1979 4671 3567 4744">
     <span class='ocr_line' id='line_1_93' title="bbox 1979 4671 3567 4744; baseline -0.004 -16"><span class='ocrx_word' id='word_1_743' title='bbox 1979 4674 2220 4742; x_wconf 87' lang='lat' dir='ltr'><strong>magistri</strong></span> <span class='ocrx_word' id='word_1_744' title='bbox 2263 4674 2399 4729; x_wconf 83' lang='lat' dir='ltr'><strong>fiunt</strong></span> <span class='ocrx_word' id='word_1_745' title='bbox 2444 4673 2636 4744; x_wconf 90' lang='lat' dir='ltr'><strong>pluris,</strong></span> <span class='ocrx_word' id='word_1_746' title='bbox 2663 4688 2786 4728; x_wconf 90' lang='lat' dir='ltr'><strong>cum</strong></span> <span class='ocrx_word' id='word_1_747' title='bbox 2823 4673 2912 4728; x_wconf 89' lang='lat' dir='ltr'><strong>alii</strong></span> <span class='ocrx_word' id='word_1_748' title='bbox 2949 4671 3196 4728; x_wconf 86' lang='lat' dir='ltr'><strong>eamdem</strong></span> <span class='ocrx_word' id='word_1_749' title='bbox 3240 4678 3567 4739; x_wconf 89' lang='lat' dir='ltr'><strong>potestatem</strong></span> 
     </span>
    </p>
   </div>
   <div class='ocr_carea' id='block_1_92' title="bbox 293 4749 1858 4833">
    <p class='ocr_par' dir='ltr' id='par_1_92' title="bbox 293 4749 1858 4827">
     <span class='ocr_line' id='line_1_94' title="bbox 293 4749 1858 4827; baseline -0.006 -14"><span class='ocrx_word' id='word_1_750' title='bbox 293 4762 491 4823; x_wconf 67' lang='grc' dir='ltr'>αὐτοὺς</span> <span class='ocrx_word' id='word_1_751' title='bbox 527 4759 727 4821; x_wconf 80' lang='grc' dir='ltr'>ἵππους</span> <span class='ocrx_word' id='word_1_752' title='bbox 763 4754 1093 4827; x_wconf 76' lang='grc' dir='ltr'>παραλαϐὼν</span> <span class='ocrx_word' id='word_1_753' title='bbox 1136 4754 1361 4815; x_wconf 83' lang='grc' dir='ltr'>κακίους</span> <span class='ocrx_word' id='word_1_754' title='bbox 1394 4749 1687 4823; x_wconf 73' lang='grc' dir='ltr'>ἀποδείξῃο</span> <span class='ocrx_word' id='word_1_755' title='bbox 1740 4749 1858 4803; x_wconf 68' lang='grc' dir='ltr'><strong>ἀλλά</strong></span> 
     </span>
    </p>
   </div>
   <div class='ocr_carea' id='block_1_93' title="bbox 1962 4749 3569 4833">
    <p class='ocr_par' dir='ltr' id='par_1_93' title="bbox 1983 4758 3569 4833">
     <span class='ocr_line' id='line_1_95' title="bbox 1983 4758 3569 4833; baseline -0.005 -13"><span class='ocrx_word' id='word_1_756' title='bbox 1983 4767 2149 4831; x_wconf 89' lang='lat' dir='ltr'><strong>nacti,</strong></span> <span class='ocrx_word' id='word_1_757' title='bbox 2205 4781 2309 4819; x_wconf 88' lang='lat' dir='ltr'><strong>non</strong></span> <span class='ocrx_word' id='word_1_758' title='bbox 2353 4767 2543 4820; x_wconf 88' lang='lat' dir='ltr'><strong>eodem</strong></span> <span class='ocrx_word' id='word_1_759' title='bbox 2590 4766 2751 4820; x_wconf 89' lang='lat' dir='ltr'><strong>modo</strong></span> <span class='ocrx_word' id='word_1_760' title='bbox 2794 4778 2855 4820; x_wconf 90' lang='lat' dir='ltr'><strong>se</strong></span> <span class='ocrx_word' id='word_1_761' title='bbox 2901 4772 3117 4833; x_wconf 86' lang='lat' dir='ltr'><strong>gerunt,</strong></span> <span class='ocrx_word' id='word_1_762' title='bbox 3174 4759 3337 4830; x_wconf 88' lang='lat' dir='ltr'><strong>idque</strong></span> <span class='ocrx_word' id='word_1_763' title='bbox 3377 4758 3569 4812; x_wconf 87' lang='lat' dir='ltr'><strong>eodem</strong></span> 
     </span>
    </p>
   </div>
   <div class='ocr_carea' id='block_1_94' title="bbox 294 4841 1879 4923">
    <p class='ocr_par' dir='ltr' id='par_1_94' title="bbox 294 4841 1879 4923">
     <span class='ocr_line' id='line_1_96' title="bbox 294 4841 1879 4923; baseline -0.007 -17"><span class='ocrx_word' id='word_1_764' title='bbox 294 4853 392 4907; x_wconf 67' lang='grc' dir='ltr'>καὶ</span> <span class='ocrx_word' id='word_1_765' title='bbox 419 4852 620 4923; x_wconf 83' lang='grc' dir='ltr'>ἡνίοχοι</span> <span class='ocrx_word' id='word_1_766' title='bbox 653 4851 743 4904; x_wconf 77' lang='grc' dir='ltr'>καὶ</span> <span class='ocrx_word' id='word_1_767' title='bbox 776 4848 1125 4917; x_wconf 79' lang='grc' dir='ltr'>πωλοδάμναι</span> <span class='ocrx_word' id='word_1_768' title='bbox 1161 4845 1257 4901; x_wconf 74' lang='grc' dir='ltr'>καὶ</span> <span class='ocrx_word' id='word_1_769' title='bbox 1287 4843 1594 4898; x_wconf 80' lang='grc' dir='ltr'>διδάσκαλοι</span> <span class='ocrx_word' id='word_1_770' title='bbox 1619 4841 1879 4912; x_wconf 77' lang='grc' dir='ltr'>μειζόνως</span> 
     </span>
    </p>
   </div>
   <div class='ocr_carea' id='block_1_95' title="bbox 295 4933 1881 5015">
    <p class='ocr_par' dir='ltr' id='par_1_95' title="bbox 295 4933 1881 5015">
     <span class='ocr_line' id='line_1_97' title="bbox 295 4933 1881 5015; baseline -0.008 -18"><span class='ocrx_word' id='word_1_771' title='bbox 295 4944 695 5015; x_wconf 76' lang='grc' dir='ltr'>εὐδοκιμοῦσιν,</span> <span class='ocrx_word' id='word_1_772' title='bbox 715 4944 843 4996; x_wconf 82' lang='grc' dir='ltr'>ὅταν</span> <span class='ocrx_word' id='word_1_773' title='bbox 869 4940 976 4994; x_wconf 89' lang='grc' dir='ltr'><strong>τῶν</strong></span> <span class='ocrx_word' id='word_1_774' title='bbox 1002 4938 1180 4993; x_wconf 81' lang='grc' dir='ltr'>αὐτῶν</span> <span class='ocrx_word' id='word_1_775' title='bbox 1205 4935 1579 5008; x_wconf 75' lang='grc' dir='ltr'>ἓτεροικύριοι</span> <span class='ocrx_word' id='word_1_776' title='bbox 1608 4933 1881 4987; x_wconf 78' lang='grc' dir='ltr'>καθεστῶο</span> 
     </span>
    </p>
   </div>
   <div class='ocr_carea' id='block_1_96' title="bbox 295 5027 1882 5107">
    <p class='ocr_par' dir='ltr' id='par_1_96' title="bbox 295 5027 1882 5107">
     <span class='ocr_line' id='line_1_98' title="bbox 295 5027 1882 5107; baseline -0.007 -18"><span class='ocrx_word' id='word_1_777' title='bbox 295 5055 389 5098; x_wconf 76' lang='grc' dir='ltr'><strong>τες</strong></span> <span class='ocrx_word' id='word_1_778' title='bbox 412 5038 485 5107; x_wconf 83' lang='grc' dir='ltr'>μὴ</span> <span class='ocrx_word' id='word_1_779' title='bbox 507 5035 613 5088; x_wconf 87' lang='grc' dir='ltr'><strong>τῶν</strong></span> <span class='ocrx_word' id='word_1_780' title='bbox 632 5037 765 5089; x_wconf 86' lang='grc' dir='ltr'>ίσων</span> <span class='ocrx_word' id='word_1_781' title='bbox 785 5034 924 5100; x_wconf 79' lang='grc' dir='ltr'>ἄξιοι</span> <span class='ocrx_word' id='word_1_782' title='bbox 949 5033 1235 5100; x_wconf 79' lang='grc' dir='ltr'>γένωνται,</span> <span class='ocrx_word' id='word_1_783' title='bbox 1268 5030 1362 5083; x_wconf 75' lang='grc' dir='ltr'><strong>καὶ</strong></span> <span class='ocrx_word' id='word_1_784' title='bbox 1375 5028 1441 5099; x_wconf 83' lang='grc' dir='ltr'>νὴ</span> <span class='ocrx_word' id='word_1_785' title='bbox 1458 5028 1534 5080; x_wconf 76' lang='grc' dir='ltr'><strong>Δί’</strong></span> <span class='ocrx_word' id='word_1_786' title='bbox 1556 5027 1620 5081; x_wconf 84' lang='grc' dir='ltr'>ἄν</span> <span class='ocrx_word' id='word_1_787' title='bbox 1634 5027 1679 5058; x_wconf 74' lang='grc'><strong>⁷⁸</strong></span> <span class='ocrx_word' id='word_1_788' title='bbox 1708 5043 1771 5093; x_wconf 90' lang='grc' dir='ltr'><strong>γε</strong></span> <span class='ocrx_word' id='word_1_789' title='bbox 1788 5027 1882 5079; x_wconf 76' lang='grc' dir='ltr'>καὶ</span> 
     </span>
    </p>
   </div>
   <div class='ocr_carea' id='block_1_97' title="bbox 298 5117 1879 5196">
    <p class='ocr_par' dir='ltr' id='par_1_97' title="bbox 298 5117 1879 5196">
     <span class='ocr_line' id='line_1_99' title="bbox 298 5117 1879 5196; baseline -0.009 -12"><span class='ocrx_word' id='word_1_790' title='bbox 298 5130 443 5184; x_wconf 68' lang='grc' dir='ltr'>κατὰ</span> <span class='ocrx_word' id='word_1_791' title='bbox 468 5131 595 5193; x_wconf 82' lang='grc' dir='ltr'>τοὺς</span> <span class='ocrx_word' id='word_1_792' title='bbox 630 5128 825 5190; x_wconf 79' lang='grc' dir='ltr'>αὐτοὺς</span> <span class='ocrx_word' id='word_1_793' title='bbox 853 5126 1099 5196; x_wconf 83' lang='grc' dir='ltr'>χρόνους.</span> <span class='ocrx_word' id='word_1_794' title='bbox 1129 5123 1267 5193; x_wconf 83' lang='grc' dir='ltr'>Φέρε</span> <span class='ocrx_word' id='word_1_795' title='bbox 1302 5122 1365 5191; x_wconf 83' lang='grc' dir='ltr'><strong>δὴ</strong></span> <span class='ocrx_word' id='word_1_796' title='bbox 1387 5120 1432 5151; x_wconf 76' lang='grc' dir='ltr'><strong>⁸ο</strong></span> <span class='ocrx_word' id='word_1_797' title='bbox 1462 5118 1559 5172; x_wconf 75' lang='grc' dir='ltr'><strong>καὶ</strong></span> <span class='ocrx_word' id='word_1_798' title='bbox 1601 5118 1730 5188; x_wconf 79' lang='grc' dir='ltr'>περὶ</span> <span class='ocrx_word' id='word_1_799' title='bbox 1771 5117 1879 5170; x_wconf 88' lang='grc' dir='ltr'><strong>τῶν</strong></span> 
     </span>
    </p>
   </div>
   <div class='ocr_carea' id='block_1_98' title="bbox 300 5208 1882 5293">
    <p class='ocr_par' dir='ltr' id='par_1_98' title="bbox 300 5208 1882 5293">
     <span class='ocr_line' id='line_1_100' title="bbox 300 5208 1882 5293; baseline -0.009 -17"><span class='ocrx_word' id='word_1_800' title='bbox 300 5221 727 5293; x_wconf 80' lang='grc' dir='ltr'>συμϐεϐηκότων</span> <span class='ocrx_word' id='word_1_801' title='bbox 764 5217 942 5273; x_wconf 80' lang='grc' dir='ltr'>αὐτῶν</span> <span class='ocrx_word' id='word_1_802' title='bbox 971 5220 1084 5279; x_wconf 86' lang='grc' dir='ltr'>τοῖς</span> <span class='ocrx_word' id='word_1_803' title='bbox 1126 5213 1353 5284; x_wconf 86' lang='grc' dir='ltr'>ἀνδράσι</span> <span class='ocrx_word' id='word_1_804' title='bbox 1399 5210 1729 5281; x_wconf 77' lang='grc' dir='ltr'>σκεψώμεθα</span> <span class='ocrx_word' id='word_1_805' title='bbox 1787 5208 1882 5262; x_wconf 78' lang='grc' dir='ltr'>καὶ</span> 
     </span>
    </p>
   </div>
   <div class='ocr_carea' id='block_1_99' title="bbox 1980 4847 3569 4924">
    <p class='ocr_par' dir='ltr' id='par_1_99' title="bbox 1980 4847 3569 4924">
     <span class='ocr_line' id='line_1_101' title="bbox 1980 4847 3569 4924; baseline -0.004 -19"><span class='ocrx_word' id='word_1_806' title='bbox 1980 4861 2247 4922; x_wconf 88' lang='lat' dir='ltr'><strong>tempore.</strong></span> <span class='ocrx_word' id='word_1_807' title='bbox 2281 4854 2393 4924; x_wconf 87' lang='lat' dir='ltr'><strong>Age</strong></span> <span class='ocrx_word' id='word_1_808' title='bbox 2420 4868 2572 4921; x_wconf 86' lang='lat' dir='ltr'><strong>vero,</strong></span> <span class='ocrx_word' id='word_1_809' title='bbox 2608 4868 2731 4922; x_wconf 62' lang='lat' dir='ltr'><strong>quas</strong></span> <span class='ocrx_word' id='word_1_810' title='bbox 2771 4852 2904 4906; x_wconf 87' lang='lat' dir='ltr'><strong>viris</strong></span> <span class='ocrx_word' id='word_1_811' title='bbox 2934 4851 3018 4906; x_wconf 91' lang='lat' dir='ltr'><strong>his</strong></span> <span class='ocrx_word' id='word_1_812' title='bbox 3051 4849 3371 4914; x_wconf 87' lang='lat' dir='ltr'><strong>acciderint,</strong></span> <span class='ocrx_word' id='word_1_813' title='bbox 3402 4847 3569 4901; x_wconf 84' lang='lat' dir='ltr'><strong>etiam</strong></span> 
     </span>
    </p>
   </div>
   <div class='ocr_carea' id='block_1_100' title="bbox 1979 4939 3574 5011">
    <p class='ocr_par' dir='ltr' id='par_1_100' title="bbox 1979 4939 3574 5011">
     <span class='ocr_line' id='line_1_102' title="bbox 1979 4939 3574 5011; baseline -0.003 -16"><span class='ocrx_word' id='word_1_814' title='bbox 1979 4956 2378 5011; x_wconf 85' lang='lat' dir='ltr'><strong>percurramus.</strong></span> <span class='ocrx_word' id='word_1_815' title='bbox 2414 4941 2601 5011; x_wconf 85' lang='lat' dir='ltr'><strong>Neque</strong></span> <span class='ocrx_word' id='word_1_816' title='bbox 2645 4945 2788 4996; x_wconf 90' lang='lat' dir='ltr'><strong>enim</strong></span> <span class='ocrx_word' id='word_1_817' title='bbox 2826 4955 3015 4996; x_wconf 85' lang='lat' dir='ltr'><strong>omnes</strong></span> <span class='ocrx_word' id='word_1_818' title='bbox 3050 4942 3237 4994; x_wconf 84' lang='lat' dir='ltr'><strong>eodem</strong></span> <span class='ocrx_word' id='word_1_819' title='bbox 3275 4939 3435 4992; x_wconf 86' lang='lat' dir='ltr'><strong>modo</strong></span> <span class='ocrx_word' id='word_1_820' title='bbox 3473 4952 3574 5006; x_wconf 86' lang='lat' dir='ltr'><strong>po-</strong></span> 
     </span>
    </p>
   </div>
   <div class='ocr_carea' id='block_1_101' title="bbox 1980 5028 3575 5103">
    <p class='ocr_par' dir='ltr' id='par_1_101' title="bbox 1980 5028 3575 5103">
     <span class='ocr_line' id='line_1_103' title="bbox 1980 5028 3575 5103; baseline -0.002 -17"><span class='ocrx_word' id='word_1_821' title='bbox 1980 5032 2139 5103; x_wconf 84' lang='lat' dir='ltr'><strong>pulus</strong></span> <span class='ocrx_word' id='word_1_822' title='bbox 2182 5034 2590 5102; x_wconf 88' lang='lat' dir='ltr'><strong>condemnavit,</strong></span> <span class='ocrx_word' id='word_1_823' title='bbox 2619 5048 2793 5103; x_wconf 87' lang='lat' dir='ltr'><strong>neque</strong></span> <span class='ocrx_word' id='word_1_824' title='bbox 2822 5034 2875 5087; x_wconf 89' lang='lat' dir='ltr'><strong>id</strong></span> <span class='ocrx_word' id='word_1_825' title='bbox 2920 5032 2995 5086; x_wconf 89' lang='lat' dir='ltr'><strong>illi</strong></span> <span class='ocrx_word' id='word_1_826' title='bbox 3035 5028 3310 5086; x_wconf 90' lang='lat' dir='ltr'><strong>communi</strong></span> <span class='ocrx_word' id='word_1_827' title='bbox 3352 5028 3493 5083; x_wconf 46' lang='lat' dir='ltr'><strong>decrt</strong></span> <span class='ocrx_word' id='word_1_828' title='bbox 3514 5037 3575 5083; x_wconf 88' lang='lat' dir='ltr'><strong>to</strong></span> 
     </span>
    </p>
   </div>
   <div class='ocr_carea' id='block_1_102' title="bbox 1978 5116 3568 5195">
    <p class='ocr_par' dir='ltr' id='par_1_102' title="bbox 1978 5116 3568 5195">
     <span class='ocr_line' id='line_1_104' title="bbox 1978 5116 3568 5195; baseline -0.006 -16"><span class='ocrx_word' id='word_1_829' title='bbox 1978 5136 2107 5179; x_wconf 91' lang='lat' dir='ltr'><strong>sunt</strong></span> <span class='ocrx_word' id='word_1_830' title='bbox 2155 5125 2323 5194; x_wconf 88' lang='lat' dir='ltr'><strong>passi,</strong></span> <span class='ocrx_word' id='word_1_831' title='bbox 2371 5140 2545 5195; x_wconf 90' lang='lat' dir='ltr'><strong>neque</strong></span> <span class='ocrx_word' id='word_1_832' title='bbox 2598 5124 2759 5180; x_wconf 91' lang='lat' dir='ltr'><strong>etiam</strong></span> <span class='ocrx_word' id='word_1_833' title='bbox 2836 5138 3063 5192; x_wconf 87' lang='lat' dir='ltr'><strong>prorsus</strong></span> <span class='ocrx_word' id='word_1_834' title='bbox 3106 5134 3316 5175; x_wconf 86' lang='lat' dir='ltr'><strong>omnes.</strong></span> <span class='ocrx_word' id='word_1_835' title='bbox 3365 5116 3568 5174; x_wconf 78' lang='lat' dir='ltr'><strong>Verum</strong></span> 
     </span>
    </p>
   </div>
   <div class='ocr_carea' id='block_1_103' title="bbox 1980 5212 3570 5287">
    <p class='ocr_par' dir='ltr' id='par_1_103' title="bbox 1980 5212 3570 5287">
     <span class='ocr_line' id='line_1_105' title="bbox 1980 5212 3570 5287; baseline -0.004 -18"><span class='ocrx_word' id='word_1_836' title='bbox 1980 5213 2377 5272; x_wconf 86' lang='lat' dir='ltr'><strong>Themistocles</strong></span> <span class='ocrx_word' id='word_1_837' title='bbox 2437 5216 2655 5287; x_wconf 88' lang='lat' dir='ltr'><strong>quidem</strong></span> <span class='ocrx_word' id='word_1_838' title='bbox 2700 5224 2757 5270; x_wconf 89' lang='lat' dir='ltr'><strong>et</strong></span> <span class='ocrx_word' id='word_1_839' title='bbox 2809 5213 3003 5270; x_wconf 86' lang='lat' dir='ltr'><strong>Cimon</strong></span> <span class='ocrx_word' id='word_1_840' title='bbox 3051 5212 3377 5269; x_wconf 87' lang='lat' dir='ltr'><strong>ostracismo</strong></span> <span class='ocrx_word' id='word_1_841' title='bbox 3442 5216 3570 5263; x_wconf 86' lang='lat' dir='ltr'><strong>sunt</strong></span> 
     </span>
    </p>
   </div>
   <div class='ocr_carea' id='block_1_104' title="bbox 1576 5323 2259 5389">
    <p class='ocr_par' dir='ltr' id='par_1_104' title="bbox 1576 5323 2259 5389">
     <span class='ocr_line' id='line_1_106' title="bbox 1576 5323 2259 5389; baseline 0.016 -11"><span class='ocrx_word' id='word_1_842' title='bbox 1576 5323 1810 5379; x_wconf 65' lang='lat' dir='ltr'><strong>VARIAE</strong></span> <span class='ocrx_word' id='word_1_843' title='bbox 1849 5328 2259 5389; x_wconf 85' lang='lat' dir='ltr'><strong>LECTIONES.</strong></span> 
     </span>
    </p>
   </div>
   <div class='ocr_carea' id='block_1_105' title="bbox 373 5416 3175 5498">
    <p class='ocr_par' dir='ltr' id='par_1_105' title="bbox 373 5416 3175 5498">
     <span class='ocr_line' id='line_1_107' title="bbox 373 5416 3175 5498; baseline -0.004 -19"><span class='ocrx_word' id='word_1_844' title='bbox 373 5433 417 5464; x_wconf 69' lang='grc' dir='ltr'><strong>σι</strong></span> <span class='ocrx_word' id='word_1_845' title='bbox 446 5429 557 5485; x_wconf 81' lang='grc' dir='ltr'>ἀλλ’</span> <span class='ocrx_word' id='word_1_846' title='bbox 597 5421 665 5498; x_wconf 67' lang='grc' dir='ltr'><strong>ὦ]</strong></span> <span class='ocrx_word' id='word_1_847' title='bbox 697 5442 751 5494; x_wconf 87' lang='lat' dir='ltr'><strong>p.</strong></span> <span class='ocrx_word' id='word_1_848' title='bbox 777 5426 903 5498; x_wconf 73' lang='grc'><strong>587.</strong></span> <span class='ocrx_word' id='word_1_849' title='bbox 982 5426 1026 5458; x_wconf 83' lang='grc'>⁸³</span> <span class='ocrx_word' id='word_1_850' title='bbox 1053 5423 1269 5498; x_wconf 79' lang='grc' dir='ltr'>πάντων</span> <span class='ocrx_word' id='word_1_851' title='bbox 1295 5436 1408 5498; x_wconf 60' lang='lat' dir='ltr'><strong>om.</strong></span> <span class='ocrx_word' id='word_1_852' title='bbox 1432 5420 1509 5498; x_wconf 78' lang='lat' dir='ltr'><strong>_A.</strong></span> <span class='ocrx_word' id='word_1_853' title='bbox 1588 5416 1761 5498; x_wconf 44' lang='lat'><strong>“301‘:</strong></span> <span class='ocrx_word' id='word_1_854' title='bbox 1791 5422 1899 5498; x_wconf 70' lang='grc' dir='ltr'><strong>τῶν</strong></span> <span class='ocrx_word' id='word_1_855' title='bbox 1927 5424 2136 5498; x_wconf 78' lang='grc' dir='ltr'>ἐχθρῶν</span> <span class='ocrx_word' id='word_1_856' title='bbox 2169 5440 2279 5498; x_wconf 83' lang='lat' dir='ltr'><strong>om.</strong></span> <span class='ocrx_word' id='word_1_857' title='bbox 2303 5425 2389 5498; x_wconf 36' lang='lat' dir='ltr'><strong>ita</strong></span> <span class='ocrx_word' id='word_1_858' title='bbox 2446 5424 2590 5498; x_wconf 27' lang='lat' dir='ltr'><strong>“ire</strong></span> <span class='ocrx_word' id='word_1_859' title='bbox 2622 5436 2733 5498; x_wconf 71' lang='lat' dir='ltr'><strong>om.</strong></span> <span class='ocrx_word' id='word_1_860' title='bbox 2764 5423 2831 5475; x_wconf 86' lang='lat' dir='ltr'><strong>A.</strong></span> <span class='ocrx_word' id='word_1_861' title='bbox 2878 5420 2953 5498; x_wconf 26' lang='grc' dir='ltr'><strong>*ξ’</strong></span> <span class='ocrx_word' id='word_1_862' title='bbox 2977 5416 3175 5498; x_wconf 72' lang='grc' dir='ltr'>ἐγκαλέ</span> 
     </span>
    </p>
   </div>
   <div class='ocr_carea' id='block_1_106' title="bbox 298 5488 2108 5628">
    <p class='ocr_par' dir='ltr' id='par_1_106' title="bbox 298 5488 2108 5628">
     <span class='ocr_line' id='line_1_108' title="bbox 298 5488 2108 5574; baseline 0.003 -32"><span class='ocrx_word' id='word_1_863' title='bbox 298 5503 370 5574; x_wconf 71' lang='grc' dir='ltr'><strong>δ’]</strong></span> <span class='ocrx_word' id='word_1_864' title='bbox 412 5518 465 5571; x_wconf 73' lang='grc' dir='ltr'>ρ,</span> <span class='ocrx_word' id='word_1_865' title='bbox 501 5500 625 5555; x_wconf 79' lang='lat'><strong>589.</strong></span> <span class='ocrx_word' id='word_1_866' title='bbox 656 5488 665 5498; x_wconf 84' lang='grc'><em>”</em></span> <span class='ocrx_word' id='word_1_867' title='bbox 701 5488 748 5530; x_wconf 63' lang='grc' dir='ltr'><strong>δδ</strong></span> <span class='ocrx_word' id='word_1_868' title='bbox 786 5496 967 5550; x_wconf 90' lang='grc' dir='ltr'>τοίνυν</span> <span class='ocrx_word' id='word_1_869' title='bbox 1002 5509 1110 5547; x_wconf 86' lang='lat' dir='ltr'><strong>om.</strong></span> <span class='ocrx_word' id='word_1_870' title='bbox 1152 5496 1216 5547; x_wconf 86' lang='lat' dir='ltr'><strong>A.</strong></span> <span class='ocrx_word' id='word_1_871' title='bbox 1293 5491 1339 5523; x_wconf 81' lang='grc'><strong>⁶⁹</strong></span> <span class='ocrx_word' id='word_1_872' title='bbox 1360 5492 1454 5543; x_wconf 72' lang='grc' dir='ltr'>καὶ</span> <span class='ocrx_word' id='word_1_873' title='bbox 1480 5504 1591 5543; x_wconf 89' lang='lat' dir='ltr'><strong>om.</strong></span> <span class='ocrx_word' id='word_1_874' title='bbox 1629 5488 1694 5543; x_wconf 84' lang='lat' dir='ltr'><strong>A.</strong></span> <span class='ocrx_word' id='word_1_875' title='bbox 1736 5491 1895 5561; x_wconf 83' lang='grc' dir='ltr'>ήμῶν</span> <span class='ocrx_word' id='word_1_876' title='bbox 1930 5488 2108 5548; x_wconf 72' lang='grc' dir='ltr'>αὖτ’ῶν</span> 
     </span>
     <span class='ocr_line' id='line_1_109' title="bbox 298 5559 2107 5628; baseline 0.001 -11"><span class='ocrx_word' id='word_1_877' title='bbox 298 5574 368 5628; x_wconf 77' lang='grc' dir='ltr'>Α,</span> <span class='ocrx_word' id='word_1_878' title='bbox 445 5573 492 5604; x_wconf 71' lang='grc' dir='ltr'><strong>τ’</strong></span> <span class='ocrx_word' id='word_1_879' title='bbox 524 5568 613 5628; x_wconf 69' lang='grc' dir='ltr'>γε]</span> <span class='ocrx_word' id='word_1_880' title='bbox 645 5568 696 5628; x_wconf 83' lang='grc' dir='ltr'>γ’</span> <span class='ocrx_word' id='word_1_881' title='bbox 726 5569 791 5622; x_wconf 84' lang='grc' dir='ltr'>ἂν</span> <span class='ocrx_word' id='word_1_882' title='bbox 824 5568 891 5628; x_wconf 83' lang='grc' dir='ltr'>Α,</span> <span class='ocrx_word' id='word_1_883' title='bbox 922 5581 972 5620; x_wconf 89' lang='lat' dir='ltr'><strong>v.</strong></span> <span class='ocrx_word' id='word_1_884' title='bbox 1006 5564 1127 5619; x_wconf 87' lang='lat' dir='ltr'><strong>lihri</strong></span> <span class='ocrx_word' id='word_1_885' title='bbox 1162 5571 1280 5628; x_wconf 74' lang='lat' dir='ltr'><strong>post</strong></span> <span class='ocrx_word' id='word_1_886' title='bbox 1308 5560 1487 5613; x_wconf 86' lang='grc' dir='ltr'>τοίνυν</span> <span class='ocrx_word' id='word_1_887' title='bbox 1528 5574 1578 5611; x_wconf 87' lang='lat' dir='ltr'><strong>v.</strong></span> <span class='ocrx_word' id='word_1_888' title='bbox 1611 5559 1644 5612; x_wconf 90' lang='lat'><strong>9</strong></span> <span class='ocrx_word' id='word_1_889' title='bbox 1668 5572 1893 5628; x_wconf 87' lang='lat' dir='ltr'><strong>ponunt.</strong></span> <span class='ocrx_word' id='word_1_890' title='bbox 1972 5566 2018 5597; x_wconf 84' lang='grc'><strong>⁷³</strong></span> <span class='ocrx_word' id='word_1_891' title='bbox 2042 5564 2107 5619; x_wconf 82' lang='grc' dir='ltr'>ἂν</span> 
     </span>
    </p>
   </div>
   <div class='ocr_carea' id='block_1_107' title="bbox 1741 5578 1893 5617">
    <p class='ocr_par' dir='ltr' id='par_1_107' title="bbox 1741 5578 1893 5617">
     <span class='ocr_line' id='line_1_110' title="bbox 1741 5578 1893 5617; baseline 0.026 -5"><span class='ocrx_word' id='word_1_892' title='bbox 1741 5578 1893 5617; x_wconf 83' lang='grc' dir='ltr'>ιιιιηι.</span> 
     </span>
    </p>
   </div>
   <div class='ocr_carea' id='block_1_108' title="bbox 298 5559 1644 5641">
    <p class='ocr_par' dir='ltr' id='par_1_108' title="bbox 298 5559 1644 5641">
     <span class='ocr_line' id='line_1_111' title="bbox 298 5559 1644 5641; baseline -0.015 -12"><span class='ocrx_word' id='word_1_893' title='bbox 298 5559 370 5629; x_wconf 61' lang='grc' dir='ltr'>Δί</span> <span class='ocrx_word' id='word_1_894' title='bbox 412 5559 492 5604; x_wconf 77' lang='grc'><strong>’⁷⁸</strong></span> <span class='ocrx_word' id='word_1_895' title='bbox 524 5568 614 5641; x_wconf 80' lang='grc' dir='ltr'>γε]</span> <span class='ocrx_word' id='word_1_896' title='bbox 645 5568 696 5637; x_wconf 84' lang='grc' dir='ltr'>γ’</span> <span class='ocrx_word' id='word_1_897' title='bbox 726 5569 791 5622; x_wconf 83' lang='grc' dir='ltr'>ἂν</span> <span class='ocrx_word' id='word_1_898' title='bbox 824 5568 972 5641; x_wconf 85' lang='lat' dir='ltr'><strong>A,_v.</strong></span> <span class='ocrx_word' id='word_1_899' title='bbox 1006 5564 1127 5641; x_wconf 72' lang='lat' dir='ltr'><strong>lihri</strong></span> <span class='ocrx_word' id='word_1_900' title='bbox 1162 5560 1487 5641; x_wconf 48' lang='grc' dir='ltr'>ῃοξιποίνυν</span> <span class='ocrx_word' id='word_1_901' title='bbox 1523 5574 1578 5641; x_wconf 66' lang='lat' dir='ltr'><strong>v.</strong></span> <span class='ocrx_word' id='word_1_902' title='bbox 1611 5559 1644 5641; x_wconf 60' lang='grc' dir='ltr'><strong>ς)</strong></span> 
     </span>
    </p>
   </div>
   <div class='ocr_carea' id='block_1_109' title="bbox 3259 5416 3492 5448">
    <p class='ocr_par' dir='ltr' id='par_1_109' title="bbox 3259 5416 3492 5448">
     <span class='ocr_line' id='line_1_112' title="bbox 3259 5416 3492 5448; baseline -0.004 0"><span class='ocrx_word' id='word_1_903' title='bbox 3259 5419 3338 5448; x_wconf 69' lang='grc' dir='ltr'><strong>..Δ</strong></span> <span class='ocrx_word' id='word_1_904' title='bbox 3445 5416 3492 5447; x_wconf 71' lang='grc'><strong>6³1</strong></span> 
     </span>
    </p>
   </div>
   <div class='ocr_carea' id='block_1_110' title="bbox 2111 5415 3571 5636">
    <p class='ocr_par' dir='ltr' id='par_1_110' title="bbox 2111 5415 3571 5636">
     <span class='ocr_line' id='line_1_113' title="bbox 2111 5415 3571 5526; baseline -0.007 -49"><span class='ocrx_word' id='word_1_905' title='bbox 2111 5442 2136 5477; x_wconf 89' lang='grc' dir='ltr'><strong>ν</strong></span> <span class='ocrx_word' id='word_1_906' title='bbox 2169 5440 2279 5480; x_wconf 85' lang='grc' dir='ltr'>οιιι.</span> <span class='ocrx_word' id='word_1_907' title='bbox 2446 5424 2491 5456; x_wconf 75' lang='grc'><strong>⁸⁸</strong></span> <span class='ocrx_word' id='word_1_908' title='bbox 2532 5439 2590 5476; x_wconf 85' lang='grc' dir='ltr'><strong>τε</strong></span> <span class='ocrx_word' id='word_1_909' title='bbox 2622 5436 2733 5477; x_wconf 91' lang='lat' dir='ltr'><strong>om.</strong></span> <span class='ocrx_word' id='word_1_910' title='bbox 2764 5423 2831 5475; x_wconf 87' lang='lat' dir='ltr'><strong>A.</strong></span> <span class='ocrx_word' id='word_1_911' title='bbox 2908 5420 2953 5452; x_wconf 77' lang='lat'>“</span> <span class='ocrx_word' id='word_1_912' title='bbox 2977 5416 3281 5526; x_wconf 79' lang='grc' dir='ltr'>ἐγκαλέσης</span> <span class='ocrx_word' id='word_1_913' title='bbox 3305 5419 3368 5471; x_wconf 78' lang='grc' dir='ltr'><strong>Α.</strong></span> <span class='ocrx_word' id='word_1_914' title='bbox 3445 5416 3492 5447; x_wconf 79' lang='grc'><strong>⁸⁷</strong></span> <span class='ocrx_word' id='word_1_915' title='bbox 3521 5415 3571 5468; x_wconf 84' lang='grc' dir='ltr'><strong>εί</strong></span> 
     </span>
     <span class='ocr_line' id='line_1_114' title="bbox 2168 5490 3568 5563; baseline -0.006 -16"><span class='ocrx_word' id='word_1_916' title='bbox 2168 5495 2331 5548; x_wconf 86' lang='grc' dir='ltr'>αύτου</span> <span class='ocrx_word' id='word_1_917' title='bbox 2364 5494 2431 5549; x_wconf 90' lang='lat' dir='ltr'><strong>A.</strong></span> <span class='ocrx_word' id='word_1_918' title='bbox 2503 5495 2549 5525; x_wconf 84' lang='lat'><strong>&quot;°</strong></span> <span class='ocrx_word' id='word_1_919' title='bbox 2588 5490 2657 5546; x_wconf 82' lang='grc' dir='ltr'><strong>αὖ</strong></span> <span class='ocrx_word' id='word_1_920' title='bbox 2700 5509 2763 5561; x_wconf 89' lang='grc' dir='ltr'><strong>γε</strong></span> <span class='ocrx_word' id='word_1_921' title='bbox 2793 5490 2918 5563; x_wconf 72' lang='grc' dir='ltr'>μηδ’</span> <span class='ocrx_word' id='word_1_922' title='bbox 2952 5505 3014 5553; x_wconf 85' lang='grc' dir='ltr'>ς.</span> <span class='ocrx_word' id='word_1_923' title='bbox 3090 5490 3133 5522; x_wconf 74' lang='grc' dir='ltr'><strong>τι</strong></span> <span class='ocrx_word' id='word_1_924' title='bbox 3160 5503 3407 5557; x_wconf 82' lang='grc' dir='ltr'>φε.σεται</span> <span class='ocrx_word' id='word_1_925' title='bbox 3454 5500 3568 5539; x_wconf 77' lang='lat' dir='ltr'><strong>orn.</strong></span> 
     </span>
     <span class='ocr_line' id='line_1_115' title="bbox 2111 5493 3569 5636; baseline -0.009 -16"><span class='ocrx_word' id='word_1_926' title='bbox 2111 5493 2132 5636; x_wconf 71' lang='lat' dir='ltr'><strong>i</strong></span> <span class='ocrx_word' id='word_1_927' title='bbox 2171 5564 2265 5636; x_wconf 64' lang='lat' dir='ltr'><strong>atati</strong></span> <span class='ocrx_word' id='word_1_928' title='bbox 2294 5564 2361 5620; x_wconf 83' lang='lat' dir='ltr'><strong>A.</strong></span> <span class='ocrx_word' id='word_1_929' title='bbox 2425 5564 2499 5636; x_wconf 14' lang='lat' dir='ltr'><strong>_&#39;_‘A</strong></span> <span class='ocrx_word' id='word_1_930' title='bbox 2525 5564 2766 5636; x_wconf 60' lang='grc' dir='ltr'>πύτερονε</span> <span class='ocrx_word' id='word_1_931' title='bbox 2793 5566 2861 5636; x_wconf 25' lang='lat' dir='ltr'><strong>AA.</strong></span> <span class='ocrx_word' id='word_1_932' title='bbox 2891 5634 2899 5636; x_wconf 74' lang='lat'><strong><em>_</em></strong></span> <span class='ocrx_word' id='word_1_933' title='bbox 2939 5562 2985 5594; x_wconf 80' lang='grc'><strong>⁷⁸</strong></span> <span class='ocrx_word' id='word_1_934' title='bbox 3016 5558 3095 5636; x_wconf 45' lang='grc' dir='ltr'><strong>-ᾃν</strong></span> <span class='ocrx_word' id='word_1_935' title='bbox 3126 5559 3346 5636; x_wconf 40' lang='grc' dir='ltr'>ιιιΙιΙηΛ.</span> <span class='ocrx_word' id='word_1_936' title='bbox 3418 5556 3469 5636; x_wconf 54' lang='lat'><strong>1°</strong></span> <span class='ocrx_word' id='word_1_937' title='bbox 3501 5555 3569 5607; x_wconf 74' lang='grc' dir='ltr'>τὰ</span> 
     </span>
    </p>
   </div>
   <div class='ocr_carea' id='block_1_111' title="bbox 1972 5555 3569 5632">
    <p class='ocr_par' dir='ltr' id='par_1_111' title="bbox 1972 5555 3569 5632">
     <span class='ocr_line' id='line_1_116' title="bbox 1972 5555 3569 5632; baseline -0.008 -13"><span class='ocrx_word' id='word_1_938' title='bbox 1972 5566 2018 5597; x_wconf 85' lang='grc'><strong>⁷³</strong></span> <span class='ocrx_word' id='word_1_939' title='bbox 2042 5555 2132 5632; x_wconf 66' lang='grc' dir='ltr'><strong>ἂν]</strong></span> <span class='ocrx_word' id='word_1_940' title='bbox 2171 5564 2265 5619; x_wconf 75' lang='grc' dir='ltr'>καὶ</span> <span class='ocrx_word' id='word_1_941' title='bbox 2294 5564 2361 5620; x_wconf 83' lang='grc' dir='ltr'><strong>Λ.</strong></span> <span class='ocrx_word' id='word_1_942' title='bbox 2438 5564 2485 5596; x_wconf 70' lang='grc'><strong>⁷⁵</strong></span> <span class='ocrx_word' id='word_1_943' title='bbox 2525 5555 2766 5632; x_wconf 60' lang='grc' dir='ltr'>πότερόνδ</span> <span class='ocrx_word' id='word_1_944' title='bbox 2793 5555 2871 5616; x_wconf 59' lang='grc' dir='ltr'>λζ</span> <span class='ocrx_word' id='word_1_945' title='bbox 2939 5562 2985 5594; x_wconf 80' lang='grc'><strong>⁷⁸</strong></span> <span class='ocrx_word' id='word_1_946' title='bbox 3017 5558 3095 5632; x_wconf 68' lang='lat' dir='ltr'><strong>av</strong></span> <span class='ocrx_word' id='word_1_947' title='bbox 3126 5555 3346 5632; x_wconf 37' lang='lat' dir='ltr'><strong>addaA.</strong></span> <span class='ocrx_word' id='word_1_948' title='bbox 3418 5556 3469 5632; x_wconf 54' lang='grc'><strong>1⁸</strong></span> <span class='ocrx_word' id='word_1_949' title='bbox 3501 5555 3569 5607; x_wconf 73' lang='grc' dir='ltr'>τὰ</span> 
     </span>
    </p>
   </div>
   <div class='ocr_carea' id='block_1_112' title="bbox 299 5624 3563 5715">
    <p class='ocr_par' dir='ltr' id='par_1_112' title="bbox 299 5624 3563 5715">
     <span class='ocr_line' id='line_1_117' title="bbox 299 5624 3563 5715; baseline -0.004 -20"><span class='ocrx_word' id='word_1_950' title='bbox 299 5624 441 5715; x_wconf 56' lang='grc' dir='ltr'><strong>ἆρδς</strong></span> <span class='ocrx_word' id='word_1_951' title='bbox 479 5624 719 5715; x_wconf 57' lang='grc' dir='ltr'>εὐδοξίαν</span> <span class='ocrx_word' id='word_1_952' title='bbox 745 5653 855 5715; x_wconf 74' lang='lat' dir='ltr'><strong>om.</strong></span> <span class='ocrx_word' id='word_1_953' title='bbox 1009 5624 1175 5715; x_wconf 43' lang='grc' dir='ltr'><strong>ξ’],ὠξ</strong></span> <span class='ocrx_word' id='word_1_954' title='bbox 1201 5630 1462 5715; x_wconf 35' lang='lat' dir='ltr'><strong>{limit};</strong></span> <span class='ocrx_word' id='word_1_955' title='bbox 1491 5624 1683 5683; x_wconf 65' lang='grc' dir='ltr'>εἰπεῖν’</span> <span class='ocrx_word' id='word_1_956' title='bbox 1704 5630 1780 5701; x_wconf 86' lang='lat' dir='ltr'><strong>(p.</strong></span> <span class='ocrx_word' id='word_1_957' title='bbox 1812 5632 1939 5705; x_wconf 62' lang='grc'><strong>594)</strong></span> <span class='ocrx_word' id='word_1_958' title='bbox 1964 5649 2075 5690; x_wconf 89' lang='lat' dir='ltr'><strong>om.</strong></span> <span class='ocrx_word' id='word_1_959' title='bbox 2109 5624 2172 5691; x_wconf 77' lang='grc' dir='ltr'><strong>Ᾱ.</strong></span> <span class='ocrx_word' id='word_1_960' title='bbox 2212 5633 2443 5707; x_wconf 86' lang='grc' dir='ltr'>δίκαιον]</span> <span class='ocrx_word' id='word_1_961' title='bbox 2460 5634 2515 5689; x_wconf 80' lang='grc' dir='ltr'><strong>δὲ</strong></span> <span class='ocrx_word' id='word_1_962' title='bbox 2539 5624 2745 5689; x_wconf 73' lang='grc' dir='ltr'>δίκαιον</span> <span class='ocrx_word' id='word_1_963' title='bbox 2759 5624 2939 5689; x_wconf 55' lang='grc' dir='ltr'>ἄιαὶΔ.</span> <span class='ocrx_word' id='word_1_964' title='bbox 3016 5630 3063 5664; x_wconf 80' lang='grc'><strong>⁷⁸</strong></span> <span class='ocrx_word' id='word_1_965' title='bbox 3088 5630 3213 5694; x_wconf 78' lang='grc' dir='ltr'>τοὺς</span> <span class='ocrx_word' id='word_1_966' title='bbox 3244 5628 3287 5684; x_wconf 82' lang='grc' dir='ltr'><strong>Δ</strong></span> <span class='ocrx_word' id='word_1_967' title='bbox 3330 5644 3344 5684; x_wconf 90' lang='lat'><strong>:</strong></span> <span class='ocrx_word' id='word_1_968' title='bbox 3385 5624 3477 5691; x_wconf 82' lang='grc' dir='ltr'><strong>οὓς</strong></span> <span class='ocrx_word' id='word_1_969' title='bbox 3498 5639 3563 5689; x_wconf 88' lang='grc' dir='ltr'><strong>ς’.</strong></span> 
     </span>
    </p>
   </div>
   <div class='ocr_carea' id='block_1_113' title="bbox 301 5702 1334 5780">
    <p class='ocr_par' dir='ltr' id='par_1_113' title="bbox 301 5702 1334 5780">
     <span class='ocr_line' id='line_1_118' title="bbox 301 5702 1334 5780; baseline -0.009 -12"><span class='ocrx_word' id='word_1_970' title='bbox 301 5702 445 5768; x_wconf 53' lang='grc' dir='ltr'>’κᾶν</span> <span class='ocrx_word' id='word_1_971' title='bbox 470 5728 581 5769; x_wconf 86' lang='grc' dir='ltr'>οιιι.</span> <span class='ocrx_word' id='word_1_972' title='bbox 616 5702 688 5765; x_wconf 68' lang='grc' dir='ltr'><strong>Ἀ.</strong></span> <span class='ocrx_word' id='word_1_973' title='bbox 764 5708 812 5742; x_wconf 80' lang='grc'><strong>⁸⁸</strong></span> <span class='ocrx_word' id='word_1_974' title='bbox 840 5706 973 5780; x_wconf 78' lang='grc' dir='ltr'>φέρε</span> <span class='ocrx_word' id='word_1_975' title='bbox 1003 5702 1092 5777; x_wconf 80' lang='grc' dir='ltr'><strong>δὴ]</strong></span> <span class='ocrx_word' id='word_1_976' title='bbox 1117 5720 1169 5777; x_wconf 91' lang='lat' dir='ltr'><strong>p.</strong></span> <span class='ocrx_word' id='word_1_977' title='bbox 1210 5703 1334 5760; x_wconf 79' lang='grc'><strong>598.</strong></span> 
     </span>
    </p>
   </div>
   <div class='ocr_carea' id='block_1_114' title="bbox 1826 5794 2054 5857">
    <p class='ocr_par' dir='ltr' id='par_1_114' title="bbox 1826 5794 2054 5857">
     <span class='ocr_line' id='line_1_119' title="bbox 1826 5794 2054 5857; baseline 0.009 -6"><span class='ocrx_word' id='word_1_978' title='bbox 1826 5794 2054 5857; x_wconf 63' lang='grc' dir='ltr'><strong>ΝΟΤΑΕ.</strong></span> 
     </span>
    </p>
   </div>
   <div class='ocr_carea' id='block_1_115' title="bbox 380 5888 1961 5970">
    <p class='ocr_par' dir='ltr' id='par_1_115' title="bbox 380 5888 1961 5970">
     <span class='ocr_line' id='line_1_120' title="bbox 380 5888 1961 5970; baseline -0.011 -9"><span class='ocrx_word' id='word_1_979' title='bbox 380 5898 601 5970; x_wconf 65' lang='grc' dir='ltr'><strong>(θ’ὄοίιὸ)</strong></span> <span class='ocrx_word' id='word_1_980' title='bbox 626 5896 943 5967; x_wconf 81' lang='lat' dir='ltr'><strong>Quemdam,</strong></span> <span class='ocrx_word' id='word_1_981' title='bbox 975 5893 1434 5963; x_wconf 70' lang='lat' dir='ltr'><strong>Agamemnonem</strong></span> <span class='ocrx_word' id='word_1_982' title='bbox 1464 5892 1619 5962; x_wconf 67' lang='lat' dir='ltr'><strong>.ijace</strong></span> <span class='ocrx_word' id='word_1_983' title='bbox 1660 5888 1961 5959; x_wconf 80' lang='lat' dir='ltr'><strong>Sophoclis.</strong></span> 
     </span>
    </p>
   </div>
  </div>
