4124 6424
334 477 472 542 1565
1371 472 1900 535 BIBLIOTHECA.

2028 471 2190 538 COD.
2220 471 2581 536 CCXLVIII.
3467 465 3608 534 1566

330 590 519 658 ἄρχειν
543 585 637 639 καὶ
669 583 825 654 ἄγειν
854 584 976 637 ὅποι
1018 580 1260 652 βούλοιτο
1295 581 1542 647 ἑαυτούς.
1566 581 1730 637 Ἀλλὰ
1751 585 1771 614 ³
1804 581 1912 654 μὴν

2028 582 2216 637 vellent
2248 581 2446 637 ducere
2496 576 2781 649 iusserint.
2812 574 2954 645 Quin
2997 575 3042 634 si
3075 583 3128 633 et
3147 573 3422 647 prioribus
3447 577 3605 634 annis

331 681 419 728 ἱτε
447 675 652 727 καὶτὸν
677 672 987 743 ἔμπροσθεν
1019 671 1210 742 χρόνον
1263 671 1544 742 εὐδοκίμει
1581 671 1752 726 πολλὰ
1786 672 1914 741 ἐξῆς

2028 675 2200 730 multis
2260 675 2527 745 gratiosus
2594 671 2716 736 fuit,
2788 679 2843 727 et
2914 680 3037 742 post
3091 669 3603 726 condemnationem

333 768 430 834 ἐτη
454 765 496 831 ⁸,
539 765 632 816 καὶ
668 763 806 832 μετὰ
853 762 952 833 τὴν
998 759 1296 830 καταδίκην
1344 760 1604 830 μέγιστος
1651 761 1814 816 πάλιν
1846 758 1914 834 ἧν

333 858 442 910 τῶν
479 852 739 920 πολιτῶν,
770 853 887 917 πῶς
943 853 1042 906 ούκ
1092 852 1420 923 ἀμφοτέρων
1469 853 1631 907 ἕνεκα
1676 854 1916 926 ζηλωτός

334 954 474 1012 ἐστι,
506 950 602 1002 καὶ
635 947 734 1018 τῆς
789 946 966 1017 ἀρχῆς
1022 945 1115 999 καὶ
1143 945 1236 998 τοῦ
1285 945 1517 1012 τέλους;
1574 947 1650 999 Ού
1701 949 1811 1018 γὰρ
1859 946 1919 1000 τὸ

337 1039 712 1113 προσκροῦσαι
743 1040 854 1101 τοῖς
893 1037 1206 1108 ἔμπροσθεν
1245 1037 1642 1107 ἐπεσκότησεν,
1680 1039 1816 1092 ἀλλὰ
1857 1039 1920 1092 τὸ

338 1134 598 1206 τιμᾶσθαι
631 1133 769 1202 μετὰ
802 1131 960 1184 τοῦτο
998 1132 1180 1184 πᾶσαν
1211 1130 1607 1201 παρεγράψατο
1648 1130 1751 1202 τὴν
1783 1149 1920 1203 συμο

339 1227 533 1297 φοράν.
562 1225 637 1278 Οὐ
668 1223 778 1294 γὰρ
809 1223 871 1275 τὸ
901 1221 1066 1292 μέσον
1099 1221 1286 1292 κύριόν
1319 1223 1468 1277 ἐστιν
1489 1215 1775 1294 ’ἑκατέρων
1813 1223 1921 1278 τῶν

342 1338 358 1370 >
378 1318 568 1389 αιρῶν,
614 1316 750 1369 ἀλλὰ
791 1317 982 1386 κρατεί
1012 1313 1074 1367 τὸ
1109 1316 1521 1387 συναμφότερον
1546 1318 1567 1348 ⁵
1602 1316 1698 1369 τοῦ
1730 1316 1918 1387 μέσου.

345 1409 465 1460 Εἴτε
503 1408 612 1477 γὰρ
655 1408 768 1469 τοῖς
805 1403 1048 1476 πρώτοις
1086 1404 1165 1458 δεῖ
1209 1405 1412 1459 διδόναι
1440 1405 1540 1478 τὴν
1569 1407 1770 1478 ψῆφον,
1811 1409 1923 1460 ἐτι-

347 1502 484 1569 μᾶτο
520 1501 615 1554 ἀπ’
645 1501 666 1531 ⁸
718 1499 897 1570 ἀρχῆς
923 1514 938 1528 °
973 1498 1083 1552 εἴτε
1130 1501 1244 1562 τοῖς
1298 1496 1560 1570 ὕστερον,
1601 1500 1701 1554 οὐκ
1746 1501 1806 1554 ἐν
1841 1493 1923 1565 οἷς

344 1591 695 1659 κατέγνωσαν
726 1590 983 1661 ἔστησαν,
1016 1591 1155 1645 ἀλλὰ
1185 1594 1473 1664 προσεῖχον
1507 1592 1672 1646 πάλιν
1718 1593 1795 1657 ὡς
1823 1592 1924 1645 αύ-

343 1687 452 1740 τῶν
482 1687 737 1756 βελτίονι.
771 1687 878 1740 Καὶ
900 1687 1006 1757 μὴν
1039 1688 1138 1758 οὐχ
1171 1689 1295 1742 ὅσον
1329 1687 1424 1742 δύο
1451 1689 1568 1743 ἀνθ’
1597 1690 1715 1755 ἑνός
1752 1692 1921 1756 ἐστιν,

343 1778 458 1831 ἀλλ’
489 1779 572 1831 ὃτι
620 1778 714 1832 καὶ
765 1778 827 1832 τδ
879 1778 1084 1848 πλῆθος
1137 1779 1370 1839 ἑκάστου
1424 1780 1615 1851 χρόνου
1660 1780 1760 1835 οὐκ
1810 1783 1924 1836 ῐσον

343 1872 461 1924 οὐδὲ
491 1871 678 1939 ἐγγύς.
712 1873 823 1924 Ka‘t
858 1872 964 1942 μὴν
995 1873 1014 1905 ⁷
1053 1872 1177 1926 οὐδὲ
1211 1873 1336 1936 τοὺς
1369 1873 1632 1943 λαχόντας
1671 1873 1923 1937 ἅπαντας

2019 781 2232 820 rursum
2284 765 2552 818 maximus
2586 764 2781 828 evasit,
2821 763 3075 817 nimirum
3116 777 3178 817 ex
3204 769 3453 832 utroque,
3495 769 3603 816 tam

2018 856 2280 925 principio
2333 871 2494 926 quam
2528 857 2650 923 line,
2674 854 3024 909 admirandus
3053 853 3282 908 exstitit.
3326 852 3438 908 Nec
3457 851 3603 906 enim

2019 947 2222 1004 oti'cnsa
2285 965 2371 1004 res
2421 950 2630 1020 priores
2659 947 2994 1013 obscuravit,
3060 962 3246 1002 verum
3280 947 3457 1002 honor
3486 952 3607 1015 post

2022 1038 2231 1094 delatus
2284 1055 2497 1096 omnem
2567 1040 2763 1096 delevit
2838 1038 3220 1096 calamitatem.
3283 1036 3400 1093 Non
3460 1037 3604 1092 enim

2023 1132 2259 1188 medium
2321 1143 2529 1202 tempus
2594 1132 2780 1203 utique
2864 1140 3102 1202 praestat,
3179 1145 3364 1185 verum
3442 1129 3606 1186 simul

2027 1235 2321 1298 utrumque
2360 1227 2560 1283 medio.
2599 1225 2731 1281 Nam
2765 1227 2878 1282 sive
2911 1227 3096 1297 priora
3157 1224 3404 1291 secteris,
3438 1224 3492 1280 in
3512 1225 3606 1280 ho-

2025 1335 2158 1376 nore
2220 1321 2452 1388 primum
2507 1319 2627 1384 fuit,
2679 1320 2794 1375 sive
2817 1319 3142 1390 posteriora,
3171 1317 3223 1373 itt
3279 1319 3610 1373 condemna-

2023 1412 2170 1467 tione
2199 1427 2303 1467 non
2345 1412 2795 1481 perseverabant,
2855 1411 2951 1466 sed
3004 1425 3194 1466 rursus
3243 1419 3302 1465 ut
3341 1409 3606 1480 potiorem

2027 1508 2401 1563 attendebant.
2436 1504 2624 1575 Neque
2653 1520 2781 1561 vero
2839 1505 2943 1560 duo
3005 1505 3271 1560 duntaxat
3312 1503 3400 1558 uni
3437 1519 3606 1574 oppo-

2027 1610 2247 1666 nuntur,
2284 1615 2474 1655 verum
2537 1613 2606 1654 ne
2663 1597 2997 1670 singulorum
3049 1597 3266 1668 quidem
3307 1605 3606 1667 temporum

2027 1695 2258 1764 spatium
2291 1701 2374 1748 est
2420 1692 2530 1746 ullo
2572 1691 2728 1746 modo
2760 1691 2985 1761 aequale.
3019 1690 3273 1758 Quinimo
3304 1704 3402 1744 nec
3419 1701 3610 1744 omnes

2027 1801 2149 1840 eum
2201 1784 2411 1856 iudices
2441 1784 2836 1840 condemnasse
2861 1783 3113 1837 censendi
3146 1791 3291 1847 sunt,
3320 1781 3413 1835 sed
3446 1778 3609 1849 aliqui

2029 1879 2190 1934 etiam
2262 1875 2455 1932 Pericli
2508 1888 2655 1932 recte
2716 1875 3023 1942 suiIragrati
3077 1886 3225 1929 sunt.
3272 1873 3383 1930 Nos
3444 1872 3612 1944 igitur

342 1962 547 2016 οίεσθαι
577 1963 599 1994 ⁸
629 1961 736 2032 χρὴ
769 1962 1120 2030 καταγνῶναι
1179 1959 1277 2032 τὴν
1318 1963 1538 2042 γραφὴν
1584 1964 1772 2028 αὑτοῦ,
1803 1965 1918 2018 ἀλλ’

2033 1973 2284 2026 meliores
2315 1981 2475 2042 atque
2531 1972 2761 2039 optimos
2811 1969 3137 2024 reddiderat.
3188 1966 3326 2033 Quid
3373 1965 3439 2020 ad
3473 1965 3608 2031 haec,

344 2052 484 2110 εἷναί
535 2071 690 2117 τινας
722 2054 773 2108 οἳ
827 2054 922 2106 καὶ
966 2052 1046 2123 τῷ
1100 2054 1359 2123 Περικλεῖ
1412 2040 1594 2119 καλῶς
1642 2054 1929 2122 ποιοῦντες

343 2149 525 2202 ἔθεντο
542 2150 582 2199 ⁸.
626 2145 837 2200 Οὐκοῦν
864 2145 1088 2211 τούτους
1114 2162 1177 2214 γε
1211 2148 1254 2180 ¹⁰
1297 2146 1544 2217 βελτίους
1580 2165 1640 2200 τε
1673 2148 1770 2200 καὶ
1801 2149 1928 2219 βελ-

342 2241 558 2303 τίστους
594 2234 662 2310 ἦν
689 2236 1042 2306 πεποιηκώς.,
1067 2239 1260 2291 Καίτοι
1295 2238 1348 2291 τί
1378 2239 1420 2270 ¹¹
1458 2239 1727 2309 φήσομεν,
1752 2233 1796 2292 ὧ
1822 2240 1931 2293 τῶν

357 2333 627 2404 Ἐλλήνων
656 2333 864 2404 ἄριστε,
910 2330 1138 2400 πότερον
1177 2331 1401 2395 δικαίως
1429 2333 1510 2396 είς
1560 2334 1621 2386 σὲ
1650 2333 1758 2386 τότ’
1784 2333 1930 2386 ἐκεί-

343 2440 468 2487 νους
501 2421 676 2475 ταῦτα
705 2421 989 2492 τολμᾷν,ἢ
1025 2420 1084 2473 σὲ
1117 2420 1219 2490 τῆς
1252 2421 1478 2475 ἐκείνων
1522 2423 1722 2492 μανίας
1759 2424 1931 2478 ὑπεύ·

346 2517 503 2569 Ουνον
537 2510 708 2581 εἶναις
755 2515 869 2583 ἐγὼ
902 2516 1001 2585 μέν
1039 2515 1149 2585 γάρ
1178 2514 1458 2585 οὐδέτερον
1499 2516 1567 2570 ἂν
1598 2517 1786 2586 φαίην.
1818 2518 1930 2570 Kai.

349 2610 456 2677 μὴν
485 2609 596 2677 ἔχοι
631 2609 678 2675 γ’
709 2607 776 2660 ἄν
801 2625 884 2671 τις
907 2607 1032 2670 τοὺς
1057 2607 1182 2670 σοὺς
1199 2605 1389 2674 λόγους
1406 2609 1744 2677 ἀμυνόμενος
1767 2609 1929 2663 διπλᾶ

351 2700 603 2771 στρέφειν
630 2700 772 2752 κατὰ
794 2700 888 2753 σοῦ
911 2700 1006 2753 καὶ
1041 2699 1183 2751 κατὰ
1212 2699 1555 2770 Σωκράτους,
1584 2699 1659 2763 ὡς
1690 2702 1739 2754 εί
1766 2703 1857 2755 καὶ
1885 2703 1927 2735 ¹²

344 2791 414 2844 τὶ
441 2789 674 2859 μάλιστα
706 2789 906 2852 ἀδίκως
942 2789 1072 2859 ὑμῖν
1095 2788 1268 2842 ταῦτα
1296 2788 1597 2852 συνέϐαινε,
1629 2790 1831 2861 τρόπον
1863 2791 1927 2860 γέ

347 2897 468 2932 τινα
493 2881 562 2933 τὰ
594 2881 940 2951 προσήκοντα
983 2881 1275 2951 ἐπάσχετε,
1312 2881 1368 2934 εῐ
1406 2881 1511 2953 πέρ
1553 2898 1618 2950 γε
1653 2883 1926 2948 τοιούτους

347 2971 704 3026 ἁπεδείκνυτι
747 2971 842 3034 οὓς
876 2971 1214 3026 ἐπαιδεύετε.
1250 2971 1460 3025 Οὐκοῦν
1501 2975 1550 3026 εί
1594 2974 1694 3044 μὲν
1721 2973 1788 3028 τὰ
1817 2975 1926 3028 τῶν

348 3061 624 3133 ὀμιλητῶν
647 3063 1027 3134 ἁμαρτήματα
1053 3062 1164 3116 τῶν
1186 3064 1638 3134 προσεστηκότων
1658 3066 1776 3119 ἐστὶ¹
1797 3083 1927 3120 κατ-

347 3156 696 3225 ηγορήματα,
735 3153 935 3206 σαυτοῦ
972 3154 1066 3207 καὶ
1099 3151 1194 3206 τοῦ
1225 3153 1412 3222 ἐτέρου
1457 3154 1657 3223 μᾶλλον
1688 3153 1925 3226 κατηγό-

354 3261 530 3315 ρηκας
560 3246 592 3315 ἢ
630 3245 959 3308 Περικλέους
985 3261 1045 3296 τε
1075 3245 1120 3276 ¹³
1162 3245 1254 3298 atat
1307 3238 1382 3298 ὧν
1412 3246 1536 3299 οἴει.
1577 3244 1686 3299 Kal.
1716 3246 1782 3317 νὴ
1819 3247 1920 3311 Δί’,

351 3338 399 3388 εί
461 3335 662 3406 βούλει,
710 3336 772 3388 τὸ
813 3336 1015 3406 μᾶλλον
1069 3335 1275 3404 ἀφίημί
1330 3352 1414 3389 σοι
1460 3336 1541 3368 ¹⁸⁶
1597 3339 1683 3392 ὅτι
1733 3341 1790 3393 δὲ
1825 3341 1924 3412 οὐχ

346 3425 531 3499 ἧττον,
568 3429 752 3498 ἀρκεῖ.
803 3428 866 3480 Ei
914 3428 957 3480 δ’
992 3428 1151 3496 ὑμεῖς
1198 3427 1240 3458 ¹⁵
1297 3427 1486 3496 ἀθῶοι,
1530 3430 1817 3490 κάκείνους
1861 3434 1926 3486 ἐκ

346 3519 457 3574 τῶν
484 3520 664 3573 αὐτῶν
713 3519 858 3580 εἰκός
889 3521 1038 3573 ἐστιν
1064 3515 1224 3584 εἶναι,
1266 3522 1319 3575 ετ
1353 3521 1460 3593 πέρ
1488 3538 1553 3591 γε
1595 3524 1638 3556 ⁸⁸
1678 3523 1774 3577 τοῦ
1808 3525 1924 3578 τσου

352 3613 629 3682 μέμνησαι
655 3614 746 3664 καὶ⁸
784 3611 857 3682 μὴ
878 3612 1229 3683 ὑπερϐαίνεις
1257 3614 1355 3684 τὴν
1387 3617 1732 3687 γεωμετρίαν
1758 3614 1923 3672 ἑκών.

350 3699 464 3755 Εἶθ’
495 3704 554 3756 ὃν
591 3705 633 3735 ³⁷
656 3704 816 3765 αὐτὸς
855 3705 1073 3774 ἀφῆκας
1106 3706 1148 3738 ¹⁸
1185 3706 1253 3760 ἂν
1292 3708 1336 3739 ⁸⁸
1375 3707 1477 3777 τῆς
1512 3711 1712 3777 αἰτίας,
1737 3711 1925 3765 τοῦτον

347 3793 658 3858 διαϐάλλεις
704 3796 768 3847 ἐκ
815 3795 914 3862 τῆς
958 3795 1128 3864 αὐτῆς
1161 3795 1365 3866 ταύτης
1415 3798 1614 3860 αίτίας.
1642 3799 1754 3852 Kal.
1808 3799 1925 3864 πῶς

348 3885 450 3936 οὐκ
483 3886 682 3942 ἄτοπον
718 3885 862 3956 ἄλλῳ
895 3887 993 3956 μὲν
1033 3887 1100 3941 ἂν
1131 3886 1344 3955 λέγοντι
1384 3888 1459 3959 μὴ
1493 3889 1800 3956 πιστεύειν,
1831 3891 1927 3944 αὐ-

351 3974 443 4027 τὸν
468 3974 524 4028 δὲ
546 3979 903 4044 κατηγορεϊνς
931 3979 1037 4030 Ka‘t
1062 3977 1127 4029 δι’
1155 3977 1191 4030 ἃ.
1213 3977 1302 4031 τὸν
1323 3978 1551 4048 λέγοντα
1578 3979 1714 4049 ἡγοῦ
1735 3981 1923 4052 χείρω,

348 4065 438 4118 διὰ
456 4063 629 4118 ταῦτα
664 4067 934 4137 Περικλέα
964 4066 1154 4133 ἀξιοῦν
1182 4067 1387 4135 φαῦλον
1427 4069 1778 4140 νομίζεσθαις
1818 4071 1925 4124 Καὶ

346 4157 475 4220 τοὺς
507 4157 1060 4226 καταψηφισαμένους
1091 4161 1414 4230 αἰτιώμενον
1449 4163 1494 4193 ὀ
1537 4164 1684 4233 ἡμᾶς
1716 4164 1926 4219 πείθειν

351 4249 913 4316 συγκαταγινώσκειν,
941 4249 1130 4320 ὥσπερ
1162 4254 1398 4321 χρηστοῦ
1429 4253 1572 4317 τινὸς
1602 4254 1926 4325 πράγματος

353 4341 598 4410 μεθέξειν
634 4340 953 4410 μέλλοντας,
986 4342 1101 4395 ἀλλ’
1124 4345 1222 4413 οὺχ
1249 4341 1277 4395 δ
1328 4345 1452 4414 μηδ’
1478 4347 1709 4411 ἐκείνοις
1746 4349 1926 4413 καλῶς

350 4430 462 4502 εἶχε
491 4433 752 4502 ποιῆσαι;
796 4435 1038 4486 κάκεῖνοι
1068 4436 1166 4505 μὲν
1207 4436 1364 4489 αὐτοὶ
1393 4437 1488 4507 τὴν
1519 4439 1731 4491 ἑαυτῶν
1759 4458 1923 4493 κατα-

348 4523 500 4591 δίκην
532 4525 627 4594 οὐχ
660 4524 1070 4591 ὑπελογίσαντο,
1098 4525 1216 4577 ἀλλ’
1250 4527 1455 4595 ἐτίμων
1488 4528 1652 4580 πάλιν
1684 4529 1759 4592 ὡς
1788 4548 1922 4599 χρη-

2033 2060 2343 2116 Graecorum
2408 2063 2625 2132 optime,
2691 2060 2969 2116 dicemus?
3029 2059 3223 2115 Utrum
3283 2068 3428 2111 recte
3491 2055 3610 2112 illos

2033 2153 2146 2208 haec
2179 2154 2229 2207 in
2282 2164 2332 2206 te
2371 2154 2726 2215 commisisse,
2765 2168 2832 2206 an
2867 2161 2918 2206 te
2956 2151 3172 2205 illorum
3208 2164 3329 2203 esse
3388 2146 3609 2202 insania:

2035 2246 2231 2299 reum?
2280 2245 2544 2316 Equidem
2591 2255 2844 2300 neutrum
2909 2244 3158 2297 dixerim.
3220 2241 3606 2296 Verumtamen

2033 2346 2212 2404 posset
2256 2336 2452 2405 aliquis
2512 2335 2617 2389 tuis
2664 2335 2847 2389 verbis
2932 2337 3289 2403 respondens,
3361 2331 3607 2386 bifariam

2030 2434 2214 2479 contra
2259 2433 2312 2478 te
2336 2434 2390 2478 et
2428 2427 2709 2479 Socratem
2761 2424 2864 2477 hoc
2916 2431 3188 2492 torquere,
3254 2420 3411 2489 quasi
3464 2429 3609 2475 recte

2031 2511 2429 2583 quodammodo
2489 2513 2663 2579 vobis,
2726 2513 2976 2580 quamvis
3017 2509 3213 2584 4341)
3251 2511 3609 2582 injustissime

2031 2606 2144 2658 lucc
2183 2604 2512 2668 acciderint,
2549 2604 2989 2672 quandoquidem
3016 2604 3149 2656 tales
3179 2603 3467 2672 discipulos
3493 2615 3610 2671 pro-

2031 2696 2248 2752 tulistis.
2307 2696 2484 2763 Quare
2547 2698 2591 2752 si
2659 2696 2986 2750 asseclarum
3043 2708 3265 2764 peccata
3325 2695 3606 2764 praesidum

2029 2787 2238 2856 culpam
2288 2787 2547 2851 continet,
2588 2785 2814 2856 teipsum
2871 2795 2926 2842 et
2987 2786 3228 2842 sodalem
3287 2785 3482 2852 potius,
3517 2792 3611 2838 aut

2028 2879 2216 2934 saltem
2249 2893 2354 2934 non
2385 2879 2560 2933 minus
2609 2892 2770 2947 quam
2810 2876 3073 2932 Periclem
3119 2885 3175 2931 et
3229 2891 3364 2945 quos
3392 2875 3610 2930 volebas

2026 2971 2313 3026 accusasti.
2363 2969 2458 3024 Sin
2499 2983 2594 3024 vos
2638 2969 2769 3024 estis
2826 2970 3066 3024 insontes
3099 3007 3116 3034 ,
3155 2967 3343 3022 eodem
3399 2979 3612 3036 quoque

2027 3064 2102 3119 illi
2135 3064 2293 3118 modo
2321 3063 2518 3118 debent
2568 3077 2711 3127 esse,
2745 3062 3010 3131 siquidem
3068 3059 3392 3131 aequalitatis
3417 3059 3610 3113 memi-

2026 3154 2176 3218 nisti,
2234 3167 2331 3206 uec
2378 3150 2726 3220 geometriam
2779 3159 2970 3218 sponte
3006 3146 3416 3212 trausgrederis.
3470 3144 3610 3212 Ergo

2028 3258 2191 3314 quem
2259 3243 2376 3313 ipse
2421 3256 2449 3296 a
2496 3241 2726 3296 crimine
2771 3240 3119 3304 absolvisses,
3175 3254 3299 3292 eum
3365 3234 3614 3291 criminis

2026 3336 2265 3407 ejusdem
2301 3333 2714 3402 accusasiQuid
2778 3346 2958 3388 autem
3006 3331 3293 3387 absurdius
3327 3343 3488 3399 quam
3526 3323 3609 3380 al-

2027 3431 2127 3486 teri
2185 3429 2386 3484 dicenti
2447 3442 2553 3483 non
2600 3428 2858 3494 credere,
2917 3426 3092 3495 ipsum
3155 3420 3452 3477 accusare?
3495 3431 3615 3489 pro-

2024 3533 2144 3594 pter
2171 3536 2291 3591 qum
2339 3521 2609 3576 dicentem
2654 3519 2892 3590 peiorem
2951 3517 3094 3573 fores
3145 3515 3458 3579 habiturus,
3489 3527 3614 3583 pro-

2026 3622 2144 3685 pter
2191 3629 2252 3669 ea
2293 3613 2556 3669 Periclem
2589 3612 2728 3667 velle
2762 3609 3066 3679 improbum
3097 3605 3314 3662 videri?
3374 3605 3440 3658 Et
3485 3617 3610 3658 cum

2025 3721 2123 3763 eos
2151 3707 2242 3777 qui
2297 3706 2446 3762 illum
2522 3705 2954 3760 condemnarunt
3017 3699 3313 3770 improbes,
3379 3712 3478 3752 nos
3544 3696 3611 3750 ad

2025 3799 2260 3855 similem
2295 3795 2804 3854 condemnationem
2853 3793 3081 3857 hortari,
3108 3791 3262 3861 quasi
3288 3788 3361 3843 rei
3383 3785 3613 3856 alicujus

2023 3891 2338 3960 praeclarae,
2398 3896 2452 3943 et
2498 3903 2605 3942 non
2655 3886 2812 3955 ejus,
2871 3899 2989 3954 qua:
3029 3897 3130 3937 nec
3177 3881 3294 3935 illos
3332 3878 3610 3945 docuerit,

2024 3981 2315 4051 participes
2373 3978 2538 4034 futuri
2618 3978 2810 4032 simus.
2885 3973 2962 4028 Illi
3017 3987 3144 4028 vero
3196 3986 3350 4026 suam
3412 3969 3615 4024 conde-

2026 4072 2358 4125 mnationem
2396 4068 2496 4139 ipsi
2545 4083 2649 4122 non
2676 4073 3026 4129 excusarunt,
3064 4064 3156 4117 sed
3219 4075 3432 4114 rursum
3492 4068 3616 4112 tan-

2024 4179 2185 4234 quam
2248 4161 2478 4227 probum
2527 4169 2582 4216 et
2627 4160 2834 4230 justum
2866 4157 2919 4212 in
2978 4154 3149 4210 oculis
3205 4153 3620 4208 tuleruntznoa

2031 4270 2151 4310 eum
2199 4256 2284 4309 cui
2342 4253 2546 4308 nullum
2577 4265 2864 4321 possumus
2897 4248 3040 4303 aliud
3073 4246 3280 4301 crimen
3315 4245 3612 4314 imponere,

2023 4356 2243 4414 propter
2281 4345 2790 4401 condemnationem
2823 4336 3275 4396 contemnetuus?
3307 4335 3370 4390 Et
3404 4337 3623 4390 eorutn‘

2025 4436 2146 4490 dem
2202 4436 2478 4490 hominum
2520 4436 2760 4504 peccatis
2817 4435 3097 4497 nitemur,
3138 4439 3286 4484 recte
3313 4427 3454 4482 facta
3507 4440 3612 4481 non

2026 4527 2404 4583 attendemus?
2436 4526 2568 4581 Cum
2608 4525 2907 4595 praesertim
2960 4523 3175 4578 illorum
3204 4529 3422 4592 peccata
3445 4517 3617 4574 fatea-

353 4613 476 4665 στὺν
523 4615 616 4666 καὶ
651 4615 856 4667 δίκαιον
878 4631 893 4645 ο
928 4616 1088 4684 ἡμεῖς
1121 4615 1176 4667 δέ
1233 4609 1295 4668 οὗ
1333 4616 1498 4685 μηδὲν
1523 4617 1650 4670 ἄλλο
1690 4637 1922 4687 κατηγο-

2028 4637 2147 4674 mur
2174 4661 2190 4686 ,
2251 4631 2343 4675 aut
2399 4621 2574 4688 potius
2610 4633 2958 4674 accusemus.
2996 4617 3168 4684 Quam
3202 4618 3277 4683 id,
3333 4615 3556 4671 obsecro
3594 4653 3612 4678 .

352 4707 466 4774 ρεῖν
506 4706 724 4773 ἔχομεν,
769 4705 958 4758 τοῦτον
1013 4707 1352 4775 ἀτιμάσομεν
1381 4707 1468 4761 διὰ
1521 4708 1618 4778 τὴν
1659 4709 1815 4781 δίκην
1843 4711 1926 4775 ²¹;

350 4796 585 4849 καὶτῶν
637 4797 818 4849 αὐτῶν
875 4797 1086 4867 ἀνδρῶν
1134 4797 1161 4850 ὃ
1221 4798 1322 4867 μὲν
1377 4800 1668 4870 ἥμαρτον,
1714 4802 1930 4873 ἰσχυρὸν

352 4887 711 4956 ποιησόμεθα,
745 4888 780 4942 ἃ
833 4891 888 4942 δέ
919 4885 976 4942 εὖ
1017 4889 1340 4959 φρονοῦντες
1375 4891 1664 4961 ἔπραττον,
1697 4896 1756 4946 ἐν
1785 4897 1933 4950 οὐδε-

351 4978 438 5039 νος
499 4979 663 5050 μοίρᾳ
714 4981 976 5050 θήσομεν,
1024 4984 1119 5035 καὶ
1175 4981 1347 5036 ταῦτα
1409 4985 1806 5054 ὁμολογοῦντες
1857 4989 1932 5054 ὡς

351 5065 613 5135 ἥμαρτον,
645 5068 806 5139 [1504
838 5070 926 5143 IL]
959 5072 1159 5139 μᾶλλον
1189 5072 1246 5124 δὲ
1277 5076 1708 5144 κατηγοροῦντες
1727 5078 1801 5142 “;
1835 5080 1929 5132 καὶ

351 5158 471 5210 τίνα
512 5163 664 5212 ταῦτ’
697 5163 739 5192 ³³
775 5158 887 5231 εἶχε
930 5165 975 5193 ³⁵
1019 5163 1212 5230 λόγον;
1275 5164 1384 5231 ἐγὼ
1418 5167 1516 5234 μὲν
1559 5168 1657 5219 οὐκ
1703 5169 1925 5222 ἐπινοῶ.

354 5251 580 5307 Πλάτων
629 5257 674 5286 ³⁸
720 5255 777 5308 δέ
825 5257 926 5324 τὴν
961 5257 1250 5328 συμφορὰν
1293 5258 1646 5331 ὠς]70611.]
1686 5261 1927 5331 ἀδίκημα

2038 4713 2266 4767 rationis
2323 4712 2485 4768 habet
2545 4710 2828 4779 speciem?
2861 4710 3120 4778 Equidem
3190 4723 3295 4761 uun
3352 4707 3613 4776 intelligo.

2028 4804 2099 4857 At
2139 4802 2295 4858 Plato
2332 4803 2537 4858 cladem
2592 4818 2688 4871 pro
2741 4802 2936 4868 injuria
2987 4798 3260 4870 suggillat,
3289 4813 3412 4851 cum
3442 4797 3615 4852 [ortu-

2037 4911 2159 4948 natu
2195 4895 2395 4950 decreti
2445 4895 2561 4949 loca
2609 4893 2986 4957 considerans,
3018 4901 3135 4945 tum
3165 4890 3391 4944 aliorum
3423 4887 3615 4942 delicta
3699 4895 3715 4915 ι

2038 4988 2120 5041 his
2184 4988 2486 5056 imponens.
2546 4985 2601 5040 Si
2663 4999 2788 5039 vero
2856 4984 3011 5052 equis
3054 4979 3461 5037 calcitratttibus
3521 4994 3617 5034 eos

2037 5079 2125 5146 qui
2180 5077 2526 5131 condemnati
2593 5085 2718 5131 sunt
2767 5073 3013 5138 confert,
3062 5073 3264 5143 aliquid
3313 5086 3373 5127 se
3428 5078 3614 5128 contra

2042 5171 2165 5227 illos
2225 5174 2440 5239 gravius
2487 5172 2784 5226 arbitratur
2838 5171 3040 5225 dicere.
3107 5169 3258 5234 Quod
3309 5169 3352 5222 si
3424 5167 3621 5222 conde-

2037 5273 2282 5318 tnuautes
2314 5279 2438 5320 cum
2479 5265 2582 5318 diis
2613 5263 2895 5319 duodecim
2929 5261 3178 5318 conferre
3211 5268 3430 5328 possent
3475 5254 3614 5329 (96),

1703 5355 1936 5410 VAlilAS
1977 5356 2270 5413 LECTION
2281 5357 2381 5412 ES.

425 5441 446 5473 ³
469 5438 602 5512 and;
630 5439 758 5510 μὴν]
790 5459 841 5511 p.
868 5442 991 5497 605.
1068 5439 1090 5473 ⁸
1124 5440 1241 5513 ἔτη]
1275 5443 1354 5496 ἔτι
1389 5445 1449 5496 Α.
1548 5448 1570 5479 ⁸
1619 5463 1770 5516 συναι

355 5509 376 5540 ⁸
413 5510 617 5562 οἴεσθαι
654 5511 756 5581 χρὴ
788 5512 994 5576 πάντας
1033 5529 1092 5574 ς.
1171 5515 1192 5544 ⁹
1226 5512 1431 5581 ἔθεντο]
1468 5515 1770 5581 ἐψηφίσαντ

355 5512 376 5540 ⁸
413 5512 617 5562 οἴεσθαι
654 5512 756 5581 χρὴ
788 5512 994 5576 πάντας
1033 5529 1092 5574 ς.
1171 5515 1192 5544 ⁹
1226 5512 1431 5584 ἔθεντο]
1468 5512 1898 5586 ἐψηφίσαντοΑ.

353 5584 402 5632 εἰ
434 5598 494 5644 ς.
595 5582 638 5612 ³³
666 5598 724 5633 τε
759 5599 865 5635 om.
901 5585 967 5640 Α,
1046 5584 1088 5614 ³⁸
1123 5601 1204 5636 σοι
1250 5601 1356 5636 om.
1392 5580 1457 5637 A.
1539 5588 1579 5620 ¹⁶
1615 5589 1774 5644 ἡμεῖς
1803 5606 1862 5644 ς.

354 5667 462 5703 mtt.
524 5653 586 5705 Α.
665 5653 710 5682 ¹⁰
743 5651 1086 5725 αἰτιώμενον]
1137 5655 1374 5724 ἐώμενον
1406 5673 1551 5709 t‘nrr.

355 5722 400 5752 ³³
429 5720 570 5773 τοῦτ’
597 5723 662 5774 Α.
763 5723 805 5754 ³⁸
840 5719 985 5774 εἷνεν
1019 5727 1060 5774 Α
1099 5725 1252 5774 εὲγει
1287 5743 1346 5774 σ.
1426 5727 1469 5757 ’⁸
1502 5727 1546 5774 Π

429 5738 568 5773 τουτ
597 5738 662 5776 Α.

1539 5583 1579 5620 ’⁸
1615 5589 1774 5656 ἡμεῖς
1803 5606 1862 5652 ς.
1946 5590 1987 5621 ⁸⁸
2018 5606 2080 5658 γε
2097 5583 2223 5644 ὀιιι.
2262 5590 2323 5641 Α.
2404 5587 2443 5617 ¹⁷
2469 5583 2567 5639 εἷθ’
2606 5587 2685 5658 ὃν]
2721 5583 2934 5658 ρςόίὸ.
3018 5585 3060 5615 ¹⁸
3091 5587 3300 5658 άφῆκες
3335 5585 3399 5658 Α..

1597 5658 1640 5708 Α
1669 5674 1681 5709 :
1709 5659 2035 5726 αἰτιώμενος
2072 5676 2131 5722 ς.
2209 5663 2247 5692 ¹¹
2305 5658 2461 5726 δίκην
2489 5658 2530 5710 Α
2572 5676 2584 5711 :
2629 5657 2927 5726 καταδίκην
2956 5671 3016 5718 ς.

763 5723 805 5754 ³⁸
840 5719 985 5793 εἶχέν
1019 5719 1112 5779 Α’;
1140 5719 1252 5794 ἔχει
1287 5743 1346 5788 ς.
1426 5727 1469 5757 ’⁸
1502 5726 1747 5799 Πλάτων]
1780 5747 1831 5798 p.
1857 5719 1982 5785 415.

1548 5448 1570 5479 ⁵
1619 5448 2048 5550 συναμφότερον]
2094 5450 2374 5519 συμφέρον
2399 5448 2464 5501 Α.
2539 5450 2560 5480 ⁸
2591 5449 2683 5501 ἀπ’
2716 5451 2753 5500 Α
2791 5465 2803 5500 :
2837 5446 2894 5511 ἐξ
2928 5462 2988 5509 ς.
3064 5447 3083 5476 ’
3127 5446 3217 5498 καὶ
3245 5441 3375 5514 μὴν]
3407 5457 3457 5509 p.
3489 5439 3617 5497 406.

1548 5533 1804 5550 nmonnu—n
1842 5521 1868 5550 Δ
2004 5521 2017 5550 Ι
2087 5537 2147 5550 υρ
2181 5537 2265 5550 nn.
2339 5523 2366 5550 Δ
2476 5520 2514 5549 II
2549 5516 2752 5550 υκίιηυῖ
2792 5533 2822 5550 n
2884 5517 2974 5550 ᾹΙΙ
3110 5518 3153 5547 ι’
3190 5516 3232 5550 εἴ
3269 5514 3358 5550 νη]
3410 5514 3440 5550 Δ
3478 5529 3490 5542 ο
3523 5515 3612 5550 νη]

2087 5537 2148 5589 γε
2168 5514 2293 5571 ὐιυξ
2331 5523 2373 5570 Α
2476 5520 2514 5549 ¹¹
2549 5516 2753 5585 καίτοι]
2791 5533 2845 5584 p.
2879 5517 3005 5569 ΛΗ.
3110 5518 3153 5547 ¹¹
3187 5516 3234 5567 εί
3269 5514 3362 5566 καὶ
3403 5514 3442 5564 Α
3478 5529 3490 5563 :
3523 5515 3618 5564 καὶ

2119 5605 2197 5612 ,ω
2271 5590 2292 5612 Α
2404 5587 2443 5612 ιτ
2472 5583 2567 5612 ,τῆς
2609 5587 2685 5612 ου’]
2721 5604 2748 5612 .-
2819 5585 2912 5612 “2
3018 5585 3060 5612 In
3094 5587 3300 5612 Anz“..-
3343 5585 3366 5612 Λ
3480 5583 3519 5612 ΙΙ
3552 5583 3616 5612 ιι..

3550 5599 3616 5634 αν

3095 5651 3149 5686 ³³⁷
3174 5651 3513 5722 κατηγόρουν
3547 5655 3612 5706 Δ.

1847 5820 2077 5878 NOTAE.

387 5973 395 5982 ἱ
575 5898 654 5982 Dii
689 5919 918 5971 majores
947 5907 1227 5982 duodecim
1249 5924 1432 5982 Equos
1460 5913 1604 5982 apud
1645 5913 1924 5980 Apuleium

354 5971 557 6032 Ennius
600 5980 677 6030 sic
741 5989 979 6032 recenset
1013 5994 1024 6032 :
1058 5978 1215 6045 Juno,
1249 5971 1427 6048 Vcsta,
1457 5971 1709 6047 Minerva;
1733 5985 1917 6051 Ceres,

2039 5917 2228 5979 Diana,
2279 5915 2479 5976 Venus.
2539 5915 2701 5983 Mars,
2737 5911 3059 5978 Mercurius,
3099 5907 3268 5975 lovis,
3307 5905 3622 5979 Neptunus:

2037 5987 2324 6054 Vulcanus,
2368 5986 2575 6055 Apollo.
