  <div class='ocr_page' id='page_1' title='image "/cluster/home/n/w/nwhite01/storage/ocr_20150623/103/hvd.32044018872861/793.png"; bbox 0 0 4104 6458; ppageno 0'>
   <div class='ocr_carea' id='block_1_1' title="bbox 551 410 691 479">
    <p class='ocr_par' dir='ltr' id='par_1_1' title="bbox 551 410 691 479">
     <span class='ocr_line' id='line_1_1' title="bbox 551 410 691 479; baseline 0.021 -4"><span class='ocrx_word' id='word_1_1' title='bbox 551 410 691 479; x_wconf 80' lang='grc'><strong>1575</strong></span> 
     </span>
    </p>
   </div>
   <div class='ocr_carea' id='block_1_2' title="bbox 1648 407 2594 473">
    <p class='ocr_par' dir='ltr' id='par_1_2' title="bbox 1648 407 2594 473">
     <span class='ocr_line' id='line_1_2' title="bbox 1648 407 2594 473; baseline -0.002 0"><span class='ocrx_word' id='word_1_2' title='bbox 1648 411 1913 473; x_wconf 85' lang='lat' dir='ltr'><strong>PHOTII</strong></span> <span class='ocrx_word' id='word_1_3' title='bbox 1951 407 2456 472; x_wconf 76' lang='lat' dir='ltr'><strong>PATRIABCH/E</strong></span> <span class='ocrx_word' id='word_1_4' title='bbox 2484 409 2594 471; x_wconf 90' lang='lat' dir='ltr'><strong>CP.</strong></span> 
     </span>
    </p>
   </div>
   <div class='ocr_carea' id='block_1_3' title="bbox 3676 413 3811 477">
    <p class='ocr_par' dir='ltr' id='par_1_3' title="bbox 3676 413 3811 477">
     <span class='ocr_line' id='line_1_3' title="bbox 3676 413 3811 477; baseline 0 0"><span class='ocrx_word' id='word_1_5' title='bbox 3676 413 3811 477; x_wconf 76' lang='lat'><strong>1576</strong></span> 
     </span>
    </p>
   </div>
   <div class='ocr_carea' id='block_1_4' title="bbox 546 517 2142 600">
    <p class='ocr_par' dir='ltr' id='par_1_4' title="bbox 546 520 2122 600">
     <span class='ocr_line' id='line_1_4' title="bbox 546 520 2122 600; baseline -0.004 -18"><span class='ocrx_word' id='word_1_6' title='bbox 546 526 933 600; x_wconf 71' lang='lat' dir='ltr'><strong>lgnonnniam,</strong></span> <span class='ocrx_word' id='word_1_7' title='bbox 985 531 1148 593; x_wconf 83' lang='lat' dir='ltr'><strong>atque</strong></span> <span class='ocrx_word' id='word_1_8' title='bbox 1192 522 1327 578; x_wconf 87' lang='lat' dir='ltr'><strong>adeo</strong></span> <span class='ocrx_word' id='word_1_9' title='bbox 1373 520 1615 578; x_wconf 74' lang='lat' dir='ltr'><strong>Platonis</strong></span> <span class='ocrx_word' id='word_1_10' title='bbox 1665 524 1832 593; x_wconf 86' lang='lat' dir='ltr'><strong>ipsius</strong></span> <span class='ocrx_word' id='word_1_11' title='bbox 1884 523 2122 578; x_wconf 81' lang='lat' dir='ltr'><strong>cederet.</strong></span> 
     </span>
    </p>
   </div>
   <div class='ocr_carea' id='block_1_5' title="bbox 2245 517 3813 600">
    <p class='ocr_par' dir='ltr' id='par_1_5' title="bbox 2245 517 3813 594">
     <span class='ocr_line' id='line_1_5' title="bbox 2245 517 3813 594; baseline 0.006 -21"><span class='ocrx_word' id='word_1_12' title='bbox 2245 520 2341 573; x_wconf 71' lang='lat' dir='ltr'><strong>nor</strong></span> <span class='ocrx_word' id='word_1_13' title='bbox 2380 518 2576 589; x_wconf 78' lang='grc' dir='ltr'><strong>ἀτιμία</strong></span> <span class='ocrx_word' id='word_1_14' title='bbox 2608 517 2717 572; x_wconf 86' lang='grc' dir='ltr'><strong>τῶν</strong></span> <span class='ocrx_word' id='word_1_15' title='bbox 2754 518 2932 574; x_wconf 77' lang='grc' dir='ltr'>ἄλλων</span> <span class='ocrx_word' id='word_1_16' title='bbox 2990 522 3212 591; x_wconf 80' lang='grc' dir='ltr'>μᾶλλον,</span> <span class='ocrx_word' id='word_1_17' title='bbox 3258 523 3450 594; x_wconf 78' lang='grc' dir='ltr'>σχεδὸν</span> <span class='ocrx_word' id='word_1_18' title='bbox 3489 522 3669 579; x_wconf 86' lang='grc' dir='ltr'>δέτι⁸</span> <span class='ocrx_word' id='word_1_19' title='bbox 3720 531 3813 584; x_wconf 75' lang='grc' dir='ltr'>καὶ</span> 
     </span>
    </p>
   </div>
   <div class='ocr_carea' id='block_1_6' title="bbox 548 613 2133 686">
    <p class='ocr_par' dir='ltr' id='par_1_6' title="bbox 548 613 2133 686">
     <span class='ocr_line' id='line_1_6' title="bbox 548 613 2133 686; baseline -0.006 -9"><span class='ocrx_word' id='word_1_20' title='bbox 548 622 682 676; x_wconf 63' lang='grc' dir='ltr'><strong>δοίη</strong></span> <span class='ocrx_word' id='word_1_21' title='bbox 730 635 851 675; x_wconf 93' lang='lat' dir='ltr'><strong>cum</strong></span> <span class='ocrx_word' id='word_1_22' title='bbox 901 627 1152 686; x_wconf 89' lang='lat' dir='ltr'><strong>putamus</strong></span> <span class='ocrx_word' id='word_1_23' title='bbox 1196 630 1319 669; x_wconf 91' lang='lat' dir='ltr'><strong>eum</strong></span> <span class='ocrx_word' id='word_1_24' title='bbox 1370 630 1473 669; x_wconf 88' lang='lat' dir='ltr'><strong>non</strong></span> <span class='ocrx_word' id='word_1_25' title='bbox 1526 628 1702 681; x_wconf 81' lang='lat' dir='ltr'><strong>posse,</strong></span> <span class='ocrx_word' id='word_1_26' title='bbox 1738 615 1782 668; x_wconf 98' lang='lat' dir='ltr'><strong>si</strong></span> <span class='ocrx_word' id='word_1_27' title='bbox 1830 613 1953 683; x_wconf 84' lang='lat' dir='ltr'><strong>quis</strong></span> <span class='ocrx_word' id='word_1_28' title='bbox 1995 613 2133 668; x_wconf 80' lang='lat' dir='ltr'><strong>alius</strong></span> 
     </span>
    </p>
   </div>
   <div class='ocr_carea' id='block_1_7' title="bbox 550 703 2132 784">
    <p class='ocr_par' dir='ltr' id='par_1_7' title="bbox 550 703 2132 784">
     <span class='ocr_line' id='line_1_7' title="bbox 550 703 2132 784; baseline -0.008 -15"><span class='ocrx_word' id='word_1_29' title='bbox 550 714 752 784; x_wconf 89' lang='lat' dir='ltr'><strong>probus</strong></span> <span class='ocrx_word' id='word_1_30' title='bbox 798 711 1081 772; x_wconf 82' lang='lat' dir='ltr'><strong>habeatur,</strong></span> <span class='ocrx_word' id='word_1_31' title='bbox 1124 708 1292 775; x_wconf 89' lang='lat' dir='ltr'><strong>pluris</strong></span> <span class='ocrx_word' id='word_1_32' title='bbox 1348 707 1487 770; x_wconf 85' lang='lat' dir='ltr'><strong>fieri,</strong></span> <span class='ocrx_word' id='word_1_33' title='bbox 1530 706 1635 760; x_wconf 89' lang='lat' dir='ltr'><strong>tale</strong></span> <span class='ocrx_word' id='word_1_34' title='bbox 1670 706 1926 773; x_wconf 84' lang='lat' dir='ltr'><strong>quiddam</strong></span> <span class='ocrx_word' id='word_1_35' title='bbox 1968 703 2132 760; x_wconf 83' lang='lat' dir='ltr'><strong>effici-</strong></span> 
     </span>
    </p>
   </div>
   <div class='ocr_carea' id='block_1_8' title="bbox 550 797 2129 871">
    <p class='ocr_par' dir='ltr' id='par_1_8' title="bbox 550 797 2129 871">
     <span class='ocr_line' id='line_1_8' title="bbox 550 797 2129 871; baseline -0.009 -10"><span class='ocrx_word' id='word_1_36' title='bbox 550 821 689 861; x_wconf 79' lang='lat' dir='ltr'><strong>mus.</strong></span> <span class='ocrx_word' id='word_1_37' title='bbox 731 801 918 871; x_wconf 56' lang='lat' dir='ltr'><strong>Neque</strong></span> <span class='ocrx_word' id='word_1_38' title='bbox 948 800 1203 855; x_wconf 85' lang='lat' dir='ltr'><strong>convenit</strong></span> <span class='ocrx_word' id='word_1_39' title='bbox 1234 808 1575 855; x_wconf 89' lang='lat' dir='ltr'><strong>contractum</strong></span> <span class='ocrx_word' id='word_1_40' title='bbox 1608 812 1729 850; x_wconf 88' lang='lat' dir='ltr'><strong>cum</strong></span> <span class='ocrx_word' id='word_1_41' title='bbox 1773 797 1892 851; x_wconf 87' lang='lat' dir='ltr'><strong>aliis</strong></span> <span class='ocrx_word' id='word_1_42' title='bbox 1926 798 2129 861; x_wconf 88' lang='lat' dir='ltr'><strong>odium,</strong></span> 
     </span>
    </p>
   </div>
   <div class='ocr_carea' id='block_1_9' title="bbox 552 888 2131 968">
    <p class='ocr_par' dir='ltr' id='par_1_9' title="bbox 552 888 2131 968">
     <span class='ocr_line' id='line_1_9' title="bbox 552 888 2131 968; baseline -0.006 -15"><span class='ocrx_word' id='word_1_43' title='bbox 552 901 670 955; x_wconf 82' lang='lat' dir='ltr'><strong>fidei</strong></span> <span class='ocrx_word' id='word_1_44' title='bbox 722 899 862 968; x_wconf 88' lang='lat' dir='ltr'><strong>apud</strong></span> <span class='ocrx_word' id='word_1_45' title='bbox 916 897 1049 951; x_wconf 89' lang='lat' dir='ltr'><strong>alios</strong></span> <span class='ocrx_word' id='word_1_46' title='bbox 1082 897 1424 949; x_wconf 74' lang='lat' dir='ltr'><strong>occasionem</strong></span> <span class='ocrx_word' id='word_1_47' title='bbox 1478 892 1594 946; x_wconf 90' lang='lat' dir='ltr'><strong>fore</strong></span> <span class='ocrx_word' id='word_1_48' title='bbox 1642 892 1878 945; x_wconf 77' lang='lat' dir='ltr'><strong>rrrdere.</strong></span> <span class='ocrx_word' id='word_1_49' title='bbox 1910 888 2042 944; x_wconf 85' lang='lat' dir='ltr'><strong>Nam</strong></span> <span class='ocrx_word' id='word_1_50' title='bbox 2089 889 2131 944; x_wconf 89' lang='lat' dir='ltr'><strong>si</strong></span> 
     </span>
    </p>
   </div>
   <div class='ocr_carea' id='block_1_10' title="bbox 550 981 2133 1046">
    <p class='ocr_par' dir='ltr' id='par_1_10' title="bbox 550 981 2133 1046">
     <span class='ocr_line' id='line_1_10' title="bbox 550 981 2133 1046; baseline -0.008 0"><span class='ocrx_word' id='word_1_51' title='bbox 550 992 755 1046; x_wconf 79' lang='lat' dir='ltr'><strong>Platoni</strong></span> <span class='ocrx_word' id='word_1_52' title='bbox 792 1006 899 1046; x_wconf 84' lang='lat' dir='ltr'><strong>non</strong></span> <span class='ocrx_word' id='word_1_53' title='bbox 935 987 1328 1043; x_wconf 78' lang='lat' dir='ltr'><strong>tnalefaciendo</strong></span> <span class='ocrx_word' id='word_1_54' title='bbox 1359 984 1591 1039; x_wconf 85' lang='lat' dir='ltr'><strong>debitam</strong></span> <span class='ocrx_word' id='word_1_55' title='bbox 1632 984 1760 1038; x_wconf 83' lang='lat' dir='ltr'><strong>viris</strong></span> <span class='ocrx_word' id='word_1_56' title='bbox 1792 982 2001 1036; x_wconf 86' lang='lat' dir='ltr'><strong>laudem</strong></span> <span class='ocrx_word' id='word_1_57' title='bbox 2035 981 2133 1034; x_wconf 91' lang='lat' dir='ltr'><strong>tri-</strong></span> 
     </span>
    </p>
   </div>
   <div class='ocr_carea' id='block_1_11' title="bbox 550 1072 2134 1148">
    <p class='ocr_par' dir='ltr' id='par_1_11' title="bbox 550 1072 2134 1148">
     <span class='ocr_line' id='line_1_11' title="bbox 550 1072 2134 1148; baseline -0.009 -10"><span class='ocrx_word' id='word_1_58' title='bbox 550 1084 789 1148; x_wconf 80' lang='lat' dir='ltr'><strong>buimus,</strong></span> <span class='ocrx_word' id='word_1_59' title='bbox 819 1082 1045 1143; x_wconf 87' lang='lat' dir='ltr'><strong>nemini,</strong></span> <span class='ocrx_word' id='word_1_60' title='bbox 1068 1083 1250 1140; x_wconf 88' lang='lat' dir='ltr'><strong>credo,</strong></span> <span class='ocrx_word' id='word_1_61' title='bbox 1277 1076 1506 1130; x_wconf 86' lang='lat' dir='ltr'><strong>facimus</strong></span> <span class='ocrx_word' id='word_1_62' title='bbox 1529 1075 1804 1142; x_wconf 72' lang='lat' dir='ltr'><strong>iniuriam.</strong></span> <span class='ocrx_word' id='word_1_63' title='bbox 1842 1073 1963 1127; x_wconf 65' lang='lat' dir='ltr'><strong>Haec</strong></span> <span class='ocrx_word' id='word_1_64' title='bbox 1990 1072 2134 1125; x_wconf 86' lang='lat' dir='ltr'><strong>enim</strong></span> 
     </span>
    </p>
   </div>
   <div class='ocr_carea' id='block_1_12' title="bbox 551 1164 2132 1245">
    <p class='ocr_par' dir='ltr' id='par_1_12' title="bbox 551 1164 2132 1245">
     <span class='ocr_line' id='line_1_12' title="bbox 551 1164 2132 1245; baseline -0.006 -17"><span class='ocrx_word' id='word_1_65' title='bbox 551 1176 772 1245; x_wconf 88' lang='lat' dir='ltr'><strong>politica</strong></span> <span class='ocrx_word' id='word_1_66' title='bbox 807 1185 951 1240; x_wconf 90' lang='lat' dir='ltr'><strong>sunt,</strong></span> <span class='ocrx_word' id='word_1_67' title='bbox 1007 1174 1239 1227; x_wconf 87' lang='lat' dir='ltr'><strong>humana</strong></span> <span class='ocrx_word' id='word_1_68' title='bbox 1272 1184 1334 1223; x_wconf 89' lang='lat' dir='ltr'><strong>ac</strong></span> <span class='ocrx_word' id='word_1_69' title='bbox 1369 1168 1471 1222; x_wconf 87' lang='lat' dir='ltr'><strong>diis</strong></span> <span class='ocrx_word' id='word_1_70' title='bbox 1499 1169 1567 1221; x_wconf 83' lang='lat' dir='ltr'><strong>ab</strong></span> <span class='ocrx_word' id='word_1_71' title='bbox 1599 1168 1743 1220; x_wconf 89' lang='lat' dir='ltr'><strong>omni</strong></span> <span class='ocrx_word' id='word_1_72' title='bbox 1771 1181 1884 1220; x_wconf 62' lang='lat' dir='ltr'><strong>aevo</strong></span> <span class='ocrx_word' id='word_1_73' title='bbox 1915 1164 2132 1234; x_wconf 80' lang='lat' dir='ltr'><strong>placita.</strong></span> 
     </span>
    </p>
   </div>
   <div class='ocr_carea' id='block_1_13' title="bbox 556 1256 2135 1330">
    <p class='ocr_par' dir='ltr' id='par_1_13' title="bbox 556 1256 2135 1330">
     <span class='ocr_line' id='line_1_13' title="bbox 556 1256 2135 1330; baseline -0.009 -7"><span class='ocrx_word' id='word_1_74' title='bbox 556 1267 751 1323; x_wconf 86' lang='lat' dir='ltr'><strong>Verum</strong></span> <span class='ocrx_word' id='word_1_75' title='bbox 784 1268 828 1321; x_wconf 89' lang='lat' dir='ltr'><strong>si</strong></span> <span class='ocrx_word' id='word_1_76' title='bbox 861 1282 948 1321; x_wconf 84' lang='lat' dir='ltr'><strong>res</strong></span> <span class='ocrx_word' id='word_1_77' title='bbox 978 1273 1060 1319; x_wconf 86' lang='lat' dir='ltr'><strong>cst</strong></span> <span class='ocrx_word' id='word_1_78' title='bbox 1087 1263 1327 1330; x_wconf 87' lang='lat' dir='ltr'><strong>improba</strong></span> <span class='ocrx_word' id='word_1_79' title='bbox 1351 1260 1635 1329; x_wconf 78' lang='lat' dir='ltr'><strong>tragtedia,</strong></span> <span class='ocrx_word' id='word_1_80' title='bbox 1668 1269 1831 1326; x_wconf 81' lang='lat' dir='ltr'><strong>atque</strong></span> <span class='ocrx_word' id='word_1_81' title='bbox 1863 1256 2135 1326; x_wconf 56' lang='lat' dir='ltr'><strong>improbo.</strong></span> 
     </span>
    </p>
   </div>
   <div class='ocr_carea' id='block_1_14' title="bbox 555 1345 2135 1421">
    <p class='ocr_par' dir='ltr' id='par_1_14' title="bbox 555 1345 2135 1421">
     <span class='ocr_line' id='line_1_14' title="bbox 555 1345 2135 1421; baseline -0.011 -6"><span class='ocrx_word' id='word_1_82' title='bbox 555 1376 673 1415; x_wconf 87' lang='lat' dir='ltr'><strong>I&#39;ttm</strong></span> <span class='ocrx_word' id='word_1_83' title='bbox 706 1360 984 1414; x_wconf 77' lang='lat' dir='ltr'><strong>hoininum</strong></span> <span class='ocrx_word' id='word_1_84' title='bbox 1025 1353 1311 1421; x_wconf 84' lang='lat' dir='ltr'><strong>scriptum,</strong></span> <span class='ocrx_word' id='word_1_85' title='bbox 1357 1350 1478 1419; x_wconf 90' lang='lat' dir='ltr'><strong>quis</strong></span> <span class='ocrx_word' id='word_1_86' title='bbox 1523 1357 1572 1402; x_wconf 84' lang='lat' dir='ltr'><strong>te</strong></span> <span class='ocrx_word' id='word_1_87' title='bbox 1617 1348 1761 1401; x_wconf 85' lang='lat' dir='ltr'><strong>dicat</strong></span> <span class='ocrx_word' id='word_1_88' title='bbox 1800 1362 1924 1400; x_wconf 75' lang='lat' dir='ltr'><strong>csse</strong></span> <span class='ocrx_word' id='word_1_89' title='bbox 1970 1345 2135 1413; x_wconf 76' lang='lat' dir='ltr'><strong>tragi-</strong></span> 
     </span>
    </p>
   </div>
   <div class='ocr_carea' id='block_1_15' title="bbox 552 1433 2137 1514">
    <p class='ocr_par' dir='ltr' id='par_1_15' title="bbox 552 1433 2137 1514">
     <span class='ocr_line' id='line_1_15' title="bbox 552 1433 2137 1514; baseline -0.01 -9"><span class='ocrx_word' id='word_1_90' title='bbox 552 1450 719 1505; x_wconf 86' lang='lat' dir='ltr'><strong>cum?</strong></span> <span class='ocrx_word' id='word_1_91' title='bbox 752 1449 902 1514; x_wconf 93' lang='lat' dir='ltr'><strong>Quod</strong></span> <span class='ocrx_word' id='word_1_92' title='bbox 940 1444 1082 1498; x_wconf 83' lang='lat' dir='ltr'><strong>enim</strong></span> <span class='ocrx_word' id='word_1_93' title='bbox 1116 1441 1311 1512; x_wconf 57' lang='lat' dir='ltr'><strong>h37b</strong></span> <span class='ocrx_word' id='word_1_94' title='bbox 1341 1454 1562 1508; x_wconf 86' lang='lat' dir='ltr'><strong>prorsus</strong></span> <span class='ocrx_word' id='word_1_95' title='bbox 1588 1446 1671 1492; x_wconf 92' lang='lat' dir='ltr'><strong>est</strong></span> <span class='ocrx_word' id='word_1_96' title='bbox 1702 1444 1877 1504; x_wconf 80' lang='lat' dir='ltr'><strong>turpe,</strong></span> <span class='ocrx_word' id='word_1_97' title='bbox 1909 1436 1957 1488; x_wconf 89' lang='lat' dir='ltr'><strong>id</strong></span> <span class='ocrx_word' id='word_1_98' title='bbox 1995 1433 2137 1489; x_wconf 87' lang='lat' dir='ltr'><strong>nullo</strong></span> 
     </span>
    </p>
   </div>
   <div class='ocr_carea' id='block_1_16' title="bbox 555 1530 2138 1607">
    <p class='ocr_par' dir='ltr' id='par_1_16' title="bbox 555 1530 2138 1607">
     <span class='ocr_line' id='line_1_16' title="bbox 555 1530 2138 1607; baseline -0.013 -11"><span class='ocrx_word' id='word_1_99' title='bbox 555 1541 715 1596; x_wconf 85' lang='lat' dir='ltr'><strong>modo</strong></span> <span class='ocrx_word' id='word_1_100' title='bbox 758 1546 930 1607; x_wconf 82' lang='lat' dir='ltr'><strong>potest</strong></span> <span class='ocrx_word' id='word_1_101' title='bbox 976 1536 1264 1589; x_wconf 89' lang='lat' dir='ltr'><strong>honestum</strong></span> <span class='ocrx_word' id='word_1_102' title='bbox 1305 1530 1444 1583; x_wconf 84' lang='lat' dir='ltr'><strong>lieri.</strong></span> <span class='ocrx_word' id='word_1_103' title='bbox 1483 1530 1683 1583; x_wconf 90' lang='lat' dir='ltr'><strong>Deinde</strong></span> <span class='ocrx_word' id='word_1_104' title='bbox 1734 1542 1902 1600; x_wconf 80' lang='lat' dir='ltr'><strong>negas</strong></span> <span class='ocrx_word' id='word_1_105' title='bbox 1950 1540 2138 1596; x_wconf 90' lang='lat' dir='ltr'><strong>qucm-</strong></span> 
     </span>
    </p>
   </div>
   <div class='ocr_carea' id='block_1_17' title="bbox 552 1616 2133 1703">
    <p class='ocr_par' dir='ltr' id='par_1_17' title="bbox 552 1616 2133 1703">
     <span class='ocr_line' id='line_1_17' title="bbox 552 1616 2133 1703; baseline -0.012 -17"><span class='ocrx_word' id='word_1_106' title='bbox 552 1648 715 1703; x_wconf 89' lang='lat' dir='ltr'><strong>quam</strong></span> <span class='ocrx_word' id='word_1_107' title='bbox 752 1628 945 1682; x_wconf 81' lang='lat' dir='ltr'><strong>debere</strong></span> <span class='ocrx_word' id='word_1_108' title='bbox 994 1623 1272 1692; x_wconf 84' lang='lat' dir='ltr'><strong>improbos</strong></span> <span class='ocrx_word' id='word_1_109' title='bbox 1318 1620 1558 1683; x_wconf 87' lang='lat' dir='ltr'><strong>imitari,</strong></span> <span class='ocrx_word' id='word_1_110' title='bbox 1613 1618 1694 1672; x_wconf 89' lang='lat' dir='ltr'><strong>vel</strong></span> <span class='ocrx_word' id='word_1_111' title='bbox 1728 1619 1794 1671; x_wconf 85' lang='lat' dir='ltr'><strong>ad</strong></span> <span class='ocrx_word' id='word_1_112' title='bbox 1829 1616 2133 1685; x_wconf 72' lang='lat' dir='ltr'><strong>exemplum</strong></span> 
     </span>
    </p>
   </div>
   <div class='ocr_carea' id='block_1_18' title="bbox 554 1709 2135 1784">
    <p class='ocr_par' dir='ltr' id='par_1_18' title="bbox 554 1709 2135 1784">
     <span class='ocr_line' id='line_1_18' title="bbox 554 1709 2135 1784; baseline -0.013 -4"><span class='ocrx_word' id='word_1_113' title='bbox 554 1723 790 1780; x_wconf 87' lang='lat' dir='ltr'><strong>deterius</strong></span> <span class='ocrx_word' id='word_1_114' title='bbox 828 1734 886 1773; x_wconf 81' lang='lat' dir='ltr'><strong>se</strong></span> <span class='ocrx_word' id='word_1_115' title='bbox 918 1729 1271 1784; x_wconf 86' lang='lat' dir='ltr'><strong>componere;</strong></span> <span class='ocrx_word' id='word_1_116' title='bbox 1317 1727 1415 1765; x_wconf 85' lang='lat' dir='ltr'><strong>nec</strong></span> <span class='ocrx_word' id='word_1_117' title='bbox 1457 1712 1571 1779; x_wconf 86' lang='lat' dir='ltr'><strong>ipse</strong></span> <span class='ocrx_word' id='word_1_118' title='bbox 1619 1710 1719 1763; x_wconf 93' lang='lat' dir='ltr'><strong>hoc</strong></span> <span class='ocrx_word' id='word_1_119' title='bbox 1756 1709 1953 1777; x_wconf 84' lang='lat' dir='ltr'><strong>ubique</strong></span> <span class='ocrx_word' id='word_1_120' title='bbox 1998 1722 2135 1776; x_wconf 68' lang='lat' dir='ltr'><strong>prae-</strong></span> 
     </span>
    </p>
   </div>
   <div class='ocr_carea' id='block_1_19' title="bbox 555 1798 2135 1881">
    <p class='ocr_par' dir='ltr' id='par_1_19' title="bbox 555 1798 2135 1881">
     <span class='ocr_line' id='line_1_19' title="bbox 555 1798 2135 1881; baseline -0.013 -9"><span class='ocrx_word' id='word_1_121' title='bbox 555 1828 689 1881; x_wconf 84' lang='lat' dir='ltr'><strong>stas,</strong></span> <span class='ocrx_word' id='word_1_122' title='bbox 724 1827 907 1867; x_wconf 88' lang='lat' dir='ltr'><strong>verum</strong></span> <span class='ocrx_word' id='word_1_123' title='bbox 939 1808 1169 1862; x_wconf 74' lang='lat' dir='ltr'><strong>innitaris</strong></span> <span class='ocrx_word' id='word_1_124' title='bbox 1206 1804 1511 1873; x_wconf 78' lang='lat' dir='ltr'><strong>Sophistas,</strong></span> <span class='ocrx_word' id='word_1_125' title='bbox 1544 1801 1931 1873; x_wconf 75' lang='lat' dir='ltr'><strong>sycophantas,</strong></span> <span class='ocrx_word' id='word_1_126' title='bbox 1962 1798 2135 1853; x_wconf 90' lang='lat' dir='ltr'><strong>Thra-</strong></span> 
     </span>
    </p>
   </div>
   <div class='ocr_carea' id='block_1_20' title="bbox 2234 610 3811 694">
    <p class='ocr_par' dir='ltr' id='par_1_20' title="bbox 2234 610 3811 694">
     <span class='ocr_line' id='line_1_20' title="bbox 2234 610 3811 694; baseline 0.004 -29"><span class='ocrx_word' id='word_1_127' title='bbox 2234 610 2399 665; x_wconf 85' lang='grc' dir='ltr'>αύτοῦ</span> <span class='ocrx_word' id='word_1_128' title='bbox 2429 611 2739 673; x_wconf 82' lang='grc' dir='ltr'>Πλάτωνος.</span> <span class='ocrx_word' id='word_1_129' title='bbox 2786 612 2859 664; x_wconf 78' lang='grc' dir='ltr'><strong>Τὸ</strong></span> <span class='ocrx_word' id='word_1_130' title='bbox 2903 614 3050 685; x_wconf 90' lang='grc' dir='ltr'>γάρ⁷</span> <span class='ocrx_word' id='word_1_131' title='bbox 3086 617 3339 694; x_wconf 72' lang='grc' dir='ltr'>ἡγεῖσθαι</span> <span class='ocrx_word' id='word_1_132' title='bbox 3394 619 3637 688; x_wconf 81' lang='grc' dir='ltr'><strong>χρηστοῦ</strong></span> <span class='ocrx_word' id='word_1_133' title='bbox 3661 637 3811 687; x_wconf 81' lang='grc' dir='ltr'>τινος</span> 
     </span>
    </p>
   </div>
   <div class='ocr_carea' id='block_1_21' title="bbox 2232 700 3809 781">
    <p class='ocr_par' dir='ltr' id='par_1_21' title="bbox 2232 700 3809 781">
     <span class='ocr_line' id='line_1_21' title="bbox 2232 700 3809 781; baseline -0.001 -21"><span class='ocrx_word' id='word_1_134' title='bbox 2232 704 2392 760; x_wconf 76' lang='grc' dir='ltr'>ἄλλου</span> <span class='ocrx_word' id='word_1_135' title='bbox 2425 704 2708 773; x_wconf 78' lang='grc' dir='ltr'>κριθέντος</span> <span class='ocrx_word' id='word_1_136' title='bbox 2742 704 2817 774; x_wconf 80' lang='grc' dir='ltr'>μὴ</span> <span class='ocrx_word' id='word_1_137' title='bbox 2837 700 2975 758; x_wconf 76' lang='grc' dir='ltr'>εἶναι</span> <span class='ocrx_word' id='word_1_138' title='bbox 3004 708 3180 776; x_wconf 85' lang='grc' dir='ltr'>τούτῳ</span> <span class='ocrx_word' id='word_1_139' title='bbox 3206 708 3452 771; x_wconf 85' lang='grc' dir='ltr'>πλείονος</span> <span class='ocrx_word' id='word_1_140' title='bbox 3478 710 3619 781; x_wconf 79' lang='grc' dir='ltr'>ἀξίῳ</span> <span class='ocrx_word' id='word_1_141' title='bbox 3640 711 3809 777; x_wconf 70' lang='grc' dir='ltr'>δόξαι,</span> 
     </span>
    </p>
   </div>
   <div class='ocr_carea' id='block_1_22' title="bbox 2233 796 3809 871">
    <p class='ocr_par' dir='ltr' id='par_1_22' title="bbox 2233 796 3809 871">
     <span class='ocr_line' id='line_1_22' title="bbox 2233 796 3809 871; baseline 0.004 -20"><span class='ocrx_word' id='word_1_142' title='bbox 2233 797 2352 861; x_wconf 87' lang='grc' dir='ltr'><strong>πῶς</strong></span> <span class='ocrx_word' id='word_1_143' title='bbox 2379 797 2441 851; x_wconf 83' lang='grc' dir='ltr'>οὐ</span> <span class='ocrx_word' id='word_1_144' title='bbox 2496 796 2737 849; x_wconf 78' lang='grc' dir='ltr'>τοιοῦτόν</span> <span class='ocrx_word' id='word_1_145' title='bbox 2791 798 2976 864; x_wconf 64' lang='lat' dir='ltr'><strong>tactv;</strong></span> <span class='ocrx_word' id='word_1_146' title='bbox 3014 798 3090 851; x_wconf 88' lang='grc' dir='ltr'><strong>Οὑ</strong></span> <span class='ocrx_word' id='word_1_147' title='bbox 3123 798 3237 851; x_wconf 85' lang='grc' dir='ltr'>δεῖ⁸</span> <span class='ocrx_word' id='word_1_148' title='bbox 3298 800 3398 871; x_wconf 79' lang='grc' dir='ltr'>τὴν</span> <span class='ocrx_word' id='word_1_149' title='bbox 3460 802 3597 871; x_wconf 79' lang='grc' dir='ltr'>πρὸς</span> <span class='ocrx_word' id='word_1_150' title='bbox 3644 805 3809 868; x_wconf 72' lang='grc' dir='ltr'>τοῖις⁸</span> 
     </span>
    </p>
   </div>
   <div class='ocr_carea' id='block_1_23' title="bbox 2234 888 3811 965">
    <p class='ocr_par' dir='ltr' id='par_1_23' title="bbox 2234 888 3811 965">
     <span class='ocr_line' id='line_1_23' title="bbox 2234 888 3811 965; baseline 0.006 -24"><span class='ocrx_word' id='word_1_151' title='bbox 2234 888 2452 962; x_wconf 74' lang='grc' dir='ltr'>ἑτέρους</span> <span class='ocrx_word' id='word_1_152' title='bbox 2480 888 2779 959; x_wconf 82' lang='grc' dir='ltr'>ἀπέχθειαν</span> <span class='ocrx_word' id='word_1_153' title='bbox 2815 888 3059 958; x_wconf 74' lang='grc' dir='ltr'>νομίζειν</span> <span class='ocrx_word' id='word_1_154' title='bbox 3092 890 3347 961; x_wconf 79' lang='grc' dir='ltr'>ἀφορμὴν</span> <span class='ocrx_word' id='word_1_155' title='bbox 3379 892 3481 961; x_wconf 83' lang='grc' dir='ltr'>τῆς</span> <span class='ocrx_word' id='word_1_156' title='bbox 3520 895 3659 965; x_wconf 74' lang='grc' dir='ltr'>πρὸς</span> <span class='ocrx_word' id='word_1_157' title='bbox 3684 898 3811 960; x_wconf 71' lang='grc' dir='ltr'>τοὺς</span> 
     </span>
    </p>
   </div>
   <div class='ocr_carea' id='block_1_24' title="bbox 2236 976 3809 1052">
    <p class='ocr_par' dir='ltr' id='par_1_24' title="bbox 2236 976 3809 1052">
     <span class='ocr_line' id='line_1_24' title="bbox 2236 976 3809 1052; baseline 0.005 -19"><span class='ocrx_word' id='word_1_158' title='bbox 2236 981 2455 1052; x_wconf 77' lang='grc' dir='ltr'>ἐτέρους</span> <span class='ocrx_word' id='word_1_159' title='bbox 2490 982 2727 1043; x_wconf 87' lang='grc' dir='ltr'>πίστεως</span> <span class='ocrx_word' id='word_1_160' title='bbox 2758 976 2922 1033; x_wconf 72' lang='grc' dir='ltr'>εἶναι.</span> <span class='ocrx_word' id='word_1_161' title='bbox 2952 981 3014 1034; x_wconf 81' lang='lat' dir='ltr'><strong>Ei</strong></span> <span class='ocrx_word' id='word_1_162' title='bbox 3049 981 3159 1051; x_wconf 84' lang='grc' dir='ltr'>γὰρ</span> <span class='ocrx_word' id='word_1_163' title='bbox 3192 981 3289 1034; x_wconf 83' lang='grc' dir='ltr'>τοῦ</span> <span class='ocrx_word' id='word_1_164' title='bbox 3320 983 3363 1014; x_wconf 79' lang='grc'><strong><em>⁸⁸</em></strong></span> <span class='ocrx_word' id='word_1_165' title='bbox 3397 984 3663 1039; x_wconf 82' lang='grc' dir='ltr'>Πλάτωνα</span> <span class='ocrx_word' id='word_1_166' title='bbox 3708 1005 3809 1042; x_wconf 84' lang='grc' dir='ltr'>κα-</span> 
     </span>
    </p>
   </div>
   <div class='ocr_carea' id='block_1_25' title="bbox 2235 1071 3807 1147">
    <p class='ocr_par' dir='ltr' id='par_1_25' title="bbox 2235 1071 3807 1147">
     <span class='ocr_line' id='line_1_25' title="bbox 2235 1071 3807 1147; baseline 0.005 -22"><span class='ocrx_word' id='word_1_167' title='bbox 2235 1072 2330 1125; x_wconf 90' lang='grc' dir='ltr'>κόν</span> <span class='ocrx_word' id='word_1_168' title='bbox 2361 1089 2413 1123; x_wconf 90' lang='grc' dir='ltr'><strong>τι</strong></span> <span class='ocrx_word' id='word_1_169' title='bbox 2442 1072 2621 1139; x_wconf 82' lang='grc' dir='ltr'>λέγειν</span> <span class='ocrx_word' id='word_1_170' title='bbox 2659 1071 2949 1140; x_wconf 81' lang='grc' dir='ltr'><strong>ἀφιέμενοι</strong></span> <span class='ocrx_word' id='word_1_171' title='bbox 2997 1075 3109 1136; x_wconf 85' lang='grc' dir='ltr'>τοῖς</span> <span class='ocrx_word' id='word_1_172' title='bbox 3140 1074 3367 1145; x_wconf 82' lang='grc' dir='ltr'><strong>ἀνδράσι</strong></span> <span class='ocrx_word' id='word_1_173' title='bbox 3413 1076 3482 1128; x_wconf 84' lang='grc' dir='ltr'><strong>τά</strong></span> <span class='ocrx_word' id='word_1_174' title='bbox 3533 1077 3807 1147; x_wconf 72' lang='grc' dir='ltr'><strong>πρέποντα</strong></span> 
     </span>
    </p>
   </div>
   <div class='ocr_carea' id='block_1_26' title="bbox 2236 1159 3809 1239">
    <p class='ocr_par' dir='ltr' id='par_1_26' title="bbox 2236 1159 3809 1239">
     <span class='ocr_line' id='line_1_26' title="bbox 2236 1159 3809 1239; baseline 0.006 -26"><span class='ocrx_word' id='word_1_175' title='bbox 2236 1159 2622 1231; x_wconf 86' lang='grc' dir='ltr'>ἀπεδώκαμεν,</span> <span class='ocrx_word' id='word_1_176' title='bbox 2657 1164 2762 1215; x_wconf 86' lang='grc' dir='ltr'><strong>οὑκ</strong></span> <span class='ocrx_word' id='word_1_177' title='bbox 2790 1162 3101 1231; x_wconf 75' lang='grc' dir='ltr'><strong>ἀδικοῦμεν,</strong></span> <span class='ocrx_word' id='word_1_178' title='bbox 3136 1160 3292 1232; x_wconf 72' lang='grc' dir='ltr'>οἶμαι</span> <span class='ocrx_word' id='word_1_179' title='bbox 3320 1184 3335 1199; x_wconf 70' lang='grc' dir='ltr'><strong><em>υ</em></strong></span> <span class='ocrx_word' id='word_1_180' title='bbox 3383 1166 3557 1220; x_wconf 81' lang='grc' dir='ltr'>ταῦτα</span> <span class='ocrx_word' id='word_1_181' title='bbox 3582 1168 3690 1239; x_wconf 86' lang='grc' dir='ltr'><strong>γάρ</strong></span> <span class='ocrx_word' id='word_1_182' title='bbox 3719 1173 3809 1222; x_wconf 77' lang='grc' dir='ltr'>καὶ</span> 
     </span>
    </p>
   </div>
   <div class='ocr_carea' id='block_1_27' title="bbox 2238 1247 3810 1328">
    <p class='ocr_par' dir='ltr' id='par_1_27' title="bbox 2238 1247 3810 1328">
     <span class='ocr_line' id='line_1_27' title="bbox 2238 1247 3810 1328; baseline 0.005 -23"><span class='ocrx_word' id='word_1_183' title='bbox 2238 1252 2490 1306; x_wconf 82' lang='grc' dir='ltr'>πολιτικά</span> <span class='ocrx_word' id='word_1_184' title='bbox 2514 1254 2551 1283; x_wconf 84' lang='grc'>¹¹</span> <span class='ocrx_word' id='word_1_185' title='bbox 2586 1256 2680 1307; x_wconf 73' lang='grc' dir='ltr'>καὶ</span> <span class='ocrx_word' id='word_1_186' title='bbox 2715 1252 3033 1321; x_wconf 79' lang='grc' dir='ltr'>ἀνθρώπινα</span> <span class='ocrx_word' id='word_1_187' title='bbox 3092 1258 3183 1308; x_wconf 74' lang='grc' dir='ltr'>καὶ</span> <span class='ocrx_word' id='word_1_188' title='bbox 3220 1258 3363 1319; x_wconf 84' lang='grc' dir='ltr'>θεοῖς</span> <span class='ocrx_word' id='word_1_189' title='bbox 3392 1247 3699 1328; x_wconf 70' lang='grc' dir='ltr'><strong>ἀρέσκοντα</strong></span> <span class='ocrx_word' id='word_1_190' title='bbox 3750 1263 3810 1314; x_wconf 83' lang='grc' dir='ltr'>ὲκ</span> 
     </span>
    </p>
   </div>
   <div class='ocr_carea' id='block_1_28' title="bbox 2237 1343 3807 1422">
    <p class='ocr_par' dir='ltr' id='par_1_28' title="bbox 2237 1343 3807 1422">
     <span class='ocr_line' id='line_1_28' title="bbox 2237 1343 3807 1422; baseline 0.005 -26"><span class='ocrx_word' id='word_1_191' title='bbox 2237 1343 2331 1397; x_wconf 77' lang='grc' dir='ltr'>τοῦ</span> <span class='ocrx_word' id='word_1_192' title='bbox 2357 1344 2555 1408; x_wconf 80' lang='grc' dir='ltr'>παντὸς</span> <span class='ocrx_word' id='word_1_193' title='bbox 2586 1346 2800 1415; x_wconf 81' lang='grc' dir='ltr'>χρόνου.</span> <span class='ocrx_word' id='word_1_194' title='bbox 2856 1345 3053 1397; x_wconf 83' lang='grc' dir='ltr'><strong>’Λλλ’¹¹</strong></span> <span class='ocrx_word' id='word_1_195' title='bbox 3109 1348 3161 1400; x_wconf 77' lang='lat' dir='ltr'><strong>ef</strong></span> <span class='ocrx_word' id='word_1_196' title='bbox 3196 1348 3278 1400; x_wconf 88' lang='grc' dir='ltr'><strong>τοί</strong></span> <span class='ocrx_word' id='word_1_197' title='bbox 3336 1366 3402 1417; x_wconf 88' lang='grc' dir='ltr'><strong>γε</strong></span> <span class='ocrx_word' id='word_1_198' title='bbox 3437 1350 3644 1417; x_wconf 78' lang='grc' dir='ltr'>φαῦλόν</span> <span class='ocrx_word' id='word_1_199' title='bbox 3688 1368 3750 1419; x_wconf 88' lang='grc' dir='ltr'><strong>γε</strong></span> <span class='ocrx_word' id='word_1_200' title='bbox 3775 1356 3807 1422; x_wconf 75' lang='grc' dir='ltr'>ἡ</span> 
     </span>
    </p>
   </div>
   <div class='ocr_carea' id='block_1_29' title="bbox 2238 1436 3813 1513">
    <p class='ocr_par' dir='ltr' id='par_1_29' title="bbox 2238 1436 3813 1513">
     <span class='ocr_line' id='line_1_29' title="bbox 2238 1436 3813 1513; baseline 0.005 -25"><span class='ocrx_word' id='word_1_201' title='bbox 2238 1436 2515 1506; x_wconf 80' lang='grc' dir='ltr'><strong>τραγῳδία</strong></span> <span class='ocrx_word' id='word_1_202' title='bbox 2544 1437 2639 1489; x_wconf 81' lang='grc' dir='ltr'>καὶ</span> <span class='ocrx_word' id='word_1_203' title='bbox 2674 1437 2897 1506; x_wconf 80' lang='grc' dir='ltr'>φαύλων</span> <span class='ocrx_word' id='word_1_204' title='bbox 2948 1439 3272 1508; x_wconf 71' lang='grc' dir='ltr'>ἀνθρώπων,</span> <span class='ocrx_word' id='word_1_205' title='bbox 3332 1440 3451 1503; x_wconf 87' lang='grc' dir='ltr'><strong>πῶς</strong></span> <span class='ocrx_word' id='word_1_206' title='bbox 3510 1459 3569 1493; x_wconf 86' lang='grc' dir='ltr'><strong>σε</strong></span> <span class='ocrx_word' id='word_1_207' title='bbox 3627 1444 3813 1513; x_wconf 72' lang='grc' dir='ltr'>φῶμεν</span> 
     </span>
    </p>
   </div>
   <div class='ocr_carea' id='block_1_30' title="bbox 2239 1527 3812 1601">
    <p class='ocr_par' dir='ltr' id='par_1_30' title="bbox 2239 1527 3812 1601">
     <span class='ocr_line' id='line_1_30' title="bbox 2239 1527 3812 1601; baseline 0.005 -22"><span class='ocrx_word' id='word_1_208' title='bbox 2239 1527 2550 1597; x_wconf 82' lang='grc' dir='ltr'>τραγῳδίαν</span> <span class='ocrx_word' id='word_1_209' title='bbox 2586 1531 2791 1594; x_wconf 84' lang='grc' dir='ltr'>ποιεῖν;</span> <span class='ocrx_word' id='word_1_210' title='bbox 2819 1529 2879 1581; x_wconf 89' lang='grc' dir='ltr'><strong>οὑ</strong></span> <span class='ocrx_word' id='word_1_211' title='bbox 2907 1527 3017 1599; x_wconf 79' lang='grc' dir='ltr'><strong>γὰρ</strong></span> <span class='ocrx_word' id='word_1_212' title='bbox 3044 1530 3103 1581; x_wconf 86' lang='grc' dir='ltr'>τό</span> <span class='ocrx_word' id='word_1_213' title='bbox 3127 1548 3189 1598; x_wconf 86' lang='grc' dir='ltr'><strong>γε</strong></span> <span class='ocrx_word' id='word_1_214' title='bbox 3222 1530 3361 1594; x_wconf 88' lang='grc' dir='ltr'>ὅλως</span> <span class='ocrx_word' id='word_1_215' title='bbox 3392 1532 3622 1601; x_wconf 74' lang='grc' dir='ltr'>αἰσχρὸν</span> <span class='ocrx_word' id='word_1_216' title='bbox 3657 1535 3812 1587; x_wconf 75' lang='grc' dir='ltr'>οὐδα-</span> 
     </span>
    </p>
   </div>
   <div class='ocr_carea' id='block_1_31' title="bbox 2243 1620 3812 1696">
    <p class='ocr_par' dir='ltr' id='par_1_31' title="bbox 2243 1620 3812 1696">
     <span class='ocr_line' id='line_1_31' title="bbox 2243 1620 3812 1696; baseline 0.006 -25"><span class='ocrx_word' id='word_1_217' title='bbox 2243 1620 2359 1690; x_wconf 85' lang='grc' dir='ltr'><strong>μῶς</strong></span> <span class='ocrx_word' id='word_1_218' title='bbox 2384 1620 2464 1673; x_wconf 78' lang='grc' dir='ltr'>ἔνι</span> <span class='ocrx_word' id='word_1_219' title='bbox 2496 1621 2558 1691; x_wconf 80' lang='grc' dir='ltr'>δή</span> <span class='ocrx_word' id='word_1_220' title='bbox 2590 1638 2692 1673; x_wconf 91' lang='grc' dir='ltr'><strong>που</strong></span> <span class='ocrx_word' id='word_1_221' title='bbox 2725 1625 2949 1691; x_wconf 82' lang='grc' dir='ltr'>πόιῆσαι</span> <span class='ocrx_word' id='word_1_222' title='bbox 2980 1623 3183 1686; x_wconf 88' lang='grc' dir='ltr'>καλῶς.</span> <span class='ocrx_word' id='word_1_223' title='bbox 3218 1623 3324 1677; x_wconf 77' lang='grc' dir='ltr'><strong>Καὶ</strong></span> <span class='ocrx_word' id='word_1_224' title='bbox 3374 1624 3557 1693; x_wconf 86' lang='grc' dir='ltr'>λέγεις</span> <span class='ocrx_word' id='word_1_225' title='bbox 3591 1626 3690 1696; x_wconf 75' lang='grc' dir='ltr'>μὲν</span> <span class='ocrx_word' id='word_1_226' title='bbox 3741 1629 3812 1689; x_wconf 82' lang='grc' dir='ltr'>ὡς</span> 
     </span>
    </p>
   </div>
   <div class='ocr_carea' id='block_1_32' title="bbox 2239 1712 3811 1787">
    <p class='ocr_par' dir='ltr' id='par_1_32' title="bbox 2239 1712 3811 1787">
     <span class='ocr_line' id='line_1_32' title="bbox 2239 1712 3811 1787; baseline 0.005 -24"><span class='ocrx_word' id='word_1_227' title='bbox 2239 1714 2300 1764; x_wconf 83' lang='grc' dir='ltr'><strong>οὑ</strong></span> <span class='ocrx_word' id='word_1_228' title='bbox 2332 1712 2438 1783; x_wconf 80' lang='grc' dir='ltr'><strong>χρὴ</strong></span> <span class='ocrx_word' id='word_1_229' title='bbox 2469 1712 2751 1783; x_wconf 88' lang='grc' dir='ltr'>μιμεῖσθαι</span> <span class='ocrx_word' id='word_1_230' title='bbox 2804 1715 2931 1777; x_wconf 81' lang='grc' dir='ltr'>τοὺς</span> <span class='ocrx_word' id='word_1_231' title='bbox 2988 1715 3224 1783; x_wconf 77' lang='grc' dir='ltr'>φαύλους</span> <span class='ocrx_word' id='word_1_232' title='bbox 3281 1716 3391 1769; x_wconf 82' lang='grc' dir='ltr'>οὐδ’</span> <span class='ocrx_word' id='word_1_233' title='bbox 3417 1716 3460 1747; x_wconf 83' lang='grc'>¹⁸</span> <span class='ocrx_word' id='word_1_234' title='bbox 3518 1718 3811 1787; x_wconf 75' lang='grc' dir='ltr'>ἀφομοιοῦν</span> 
     </span>
    </p>
   </div>
   <div class='ocr_carea' id='block_1_33' title="bbox 2241 1804 3813 1880">
    <p class='ocr_par' dir='ltr' id='par_1_33' title="bbox 2241 1804 3813 1880">
     <span class='ocr_line' id='line_1_33' title="bbox 2241 1804 3813 1880; baseline 0.005 -23"><span class='ocrx_word' id='word_1_235' title='bbox 2241 1808 2354 1867; x_wconf 82' lang='grc' dir='ltr'>τοῖς</span> <span class='ocrx_word' id='word_1_236' title='bbox 2379 1806 2615 1876; x_wconf 83' lang='grc' dir='ltr'>χείροσιν</span> <span class='ocrx_word' id='word_1_237' title='bbox 2639 1804 2703 1867; x_wconf 70' lang='grc'><strong>³⁸,</strong></span> <span class='ocrx_word' id='word_1_238' title='bbox 2759 1806 2919 1868; x_wconf 81' lang='grc' dir='ltr'>αὑτὸς</span> <span class='ocrx_word' id='word_1_239' title='bbox 2968 1806 3012 1861; x_wconf 89' lang='grc' dir='ltr'>δ’</span> <span class='ocrx_word' id='word_1_240' title='bbox 3045 1808 3103 1858; x_wconf 86' lang='grc' dir='ltr'><strong>οὑ</strong></span> <span class='ocrx_word' id='word_1_241' title='bbox 3159 1808 3299 1863; x_wconf 80' lang='grc' dir='ltr'>πάνυ</span> <span class='ocrx_word' id='word_1_242' title='bbox 3336 1811 3441 1880; x_wconf 79' lang='grc' dir='ltr'>χρῇ</span> <span class='ocrx_word' id='word_1_243' title='bbox 3504 1810 3680 1880; x_wconf 81' lang='grc' dir='ltr'>τούτῳ</span> <span class='ocrx_word' id='word_1_244' title='bbox 3730 1810 3813 1865; x_wconf 68' lang='grc' dir='ltr'>διὰ.</span> 
     </span>
    </p>
   </div>
   <div class='ocr_carea' id='block_1_34' title="bbox 554 1889 2142 1980">
    <p class='ocr_par' dir='ltr' id='par_1_34' title="bbox 554 1889 2136 1980">
     <span class='ocr_line' id='line_1_34' title="bbox 554 1889 2136 1980; baseline -0.014 -17"><span class='ocrx_word' id='word_1_245' title='bbox 554 1906 893 1980; x_wconf 85' lang='lat' dir='ltr'><strong>symachum,</strong></span> <span class='ocrx_word' id='word_1_246' title='bbox 931 1914 1088 1969; x_wconf 93' lang='lat' dir='ltr'><strong>quem</strong></span> <span class='ocrx_word' id='word_1_247' title='bbox 1147 1897 1304 1964; x_wconf 77' lang='lat' dir='ltr'><strong>plane</strong></span> <span class='ocrx_word' id='word_1_248' title='bbox 1353 1895 1718 1961; x_wconf 88' lang='lat' dir='ltr'><strong>impudentem</strong></span> <span class='ocrx_word' id='word_1_249' title='bbox 1774 1889 1941 1945; x_wconf 78' lang='lat' dir='ltr'><strong>fuisse</strong></span> <span class='ocrx_word' id='word_1_250' title='bbox 1970 1892 2136 1954; x_wconf 86' lang='lat' dir='ltr'><strong>aiunt,</strong></span> 
     </span>
    </p>
   </div>
   <div class='ocr_carea' id='block_1_35' title="bbox 2245 1889 3810 1980">
    <p class='ocr_par' dir='ltr' id='par_1_35' title="bbox 2245 1897 3810 1972">
     <span class='ocr_line' id='line_1_35' title="bbox 2245 1897 3810 1972; baseline 0.005 -24"><span class='ocrx_word' id='word_1_251' title='bbox 2245 1897 2453 1960; x_wconf 77' lang='grc' dir='ltr'><strong>τέλους,</strong></span> <span class='ocrx_word' id='word_1_252' title='bbox 2507 1897 2643 1950; x_wconf 87' lang='grc' dir='ltr'><strong>ἀλλά</strong></span> <span class='ocrx_word' id='word_1_253' title='bbox 2701 1901 2842 1969; x_wconf 78' lang='grc' dir='ltr'>μιμῇ</span> <span class='ocrx_word' id='word_1_254' title='bbox 2900 1898 3182 1966; x_wconf 77' lang='grc' dir='ltr'>σοφιστὰς,</span> <span class='ocrx_word' id='word_1_255' title='bbox 3252 1904 3392 1972; x_wconf 81' lang='grc' dir='ltr'>μιμῇ</span> <span class='ocrx_word' id='word_1_256' title='bbox 3448 1906 3810 1971; x_wconf 74' lang='grc' dir='ltr'>συκοφάντας,</span> 
     </span>
    </p>
   </div>
   <div class='ocr_carea' id='block_1_36' title="bbox 557 1986 2140 2067">
    <p class='ocr_par' dir='ltr' id='par_1_36' title="bbox 557 1986 2140 2067">
     <span class='ocr_line' id='line_1_36' title="bbox 557 1986 2140 2067; baseline -0.011 -15"><span class='ocrx_word' id='word_1_257' title='bbox 557 1997 683 2067; x_wconf 80' lang='lat' dir='ltr'><strong>quia</strong></span> <span class='ocrx_word' id='word_1_258' title='bbox 732 2006 1005 2062; x_wconf 89' lang='lat' dir='ltr'><strong>nunquam</strong></span> <span class='ocrx_word' id='word_1_259' title='bbox 1052 1987 1271 2043; x_wconf 89' lang='lat' dir='ltr'><strong>erubuit</strong></span> <span class='ocrx_word' id='word_1_260' title='bbox 1304 2027 1319 2049; x_wconf 93' lang='lat'><strong>,</strong></span> <span class='ocrx_word' id='word_1_261' title='bbox 1350 1986 1635 2055; x_wconf 82' lang='lat' dir='ltr'><strong>jauitores,</strong></span> <span class='ocrx_word' id='word_1_262' title='bbox 1674 1999 1868 2053; x_wconf 86' lang='lat' dir='ltr'><strong>pueros</strong></span> <span class='ocrx_word' id='word_1_263' title='bbox 1917 1994 2140 2035; x_wconf 87' lang='lat' dir='ltr'><strong>cunctos</strong></span> 
     </span>
    </p>
   </div>
   <div class='ocr_carea' id='block_1_37' title="bbox 559 2074 2137 2156">
    <p class='ocr_par' dir='ltr' id='par_1_37' title="bbox 559 2074 2137 2156">
     <span class='ocr_line' id='line_1_37' title="bbox 559 2074 2137 2156; baseline -0.014 -11"><span class='ocrx_word' id='word_1_264' title='bbox 559 2089 801 2145; x_wconf 81' lang='lat' dir='ltr'><strong>homines</strong></span> <span class='ocrx_word' id='word_1_265' title='bbox 827 2084 958 2156; x_wconf 86' lang='lat'><strong>(98).</strong></span> <span class='ocrx_word' id='word_1_266' title='bbox 988 2083 1115 2145; x_wconf 80' lang='lat' dir='ltr'><strong>Sed,</strong></span> <span class='ocrx_word' id='word_1_267' title='bbox 1148 2090 1205 2133; x_wconf 92' lang='lat' dir='ltr'><strong>ut</strong></span> <span class='ocrx_word' id='word_1_268' title='bbox 1233 2081 1487 2141; x_wconf 84' lang='lat' dir='ltr'><strong>arbitror,</strong></span> <span class='ocrx_word' id='word_1_269' title='bbox 1507 2076 1750 2131; x_wconf 73' lang='lat' dir='ltr'><strong>Grzccum</strong></span> <span class='ocrx_word' id='word_1_270' title='bbox 1772 2074 1942 2137; x_wconf 91' lang='lat' dir='ltr'><strong>illum,</strong></span> <span class='ocrx_word' id='word_1_271' title='bbox 1965 2074 2137 2141; x_wconf 74' lang='lat' dir='ltr'><strong>facile,</strong></span> 
     </span>
    </p>
   </div>
   <div class='ocr_carea' id='block_1_38' title="bbox 555 2167 2139 2252">
    <p class='ocr_par' dir='ltr' id='par_1_38' title="bbox 555 2167 2139 2252">
     <span class='ocr_line' id='line_1_38' title="bbox 555 2167 2139 2252; baseline -0.011 -16"><span class='ocrx_word' id='word_1_272' title='bbox 555 2182 876 2252; x_wconf 77' lang='lat' dir='ltr'><strong>gratiosum,</strong></span> <span class='ocrx_word' id='word_1_273' title='bbox 910 2177 1115 2229; x_wconf 80' lang='lat' dir='ltr'><strong>varium</strong></span> <span class='ocrx_word' id='word_1_274' title='bbox 1168 2188 1232 2227; x_wconf 91' lang='lat' dir='ltr'><strong>ac</strong></span> <span class='ocrx_word' id='word_1_275' title='bbox 1264 2172 1529 2234; x_wconf 86' lang='lat' dir='ltr'><strong>divinum,</strong></span> <span class='ocrx_word' id='word_1_276' title='bbox 1567 2170 1706 2236; x_wconf 89' lang='lat' dir='ltr'><strong>quod</strong></span> <span class='ocrx_word' id='word_1_277' title='bbox 1744 2168 1927 2222; x_wconf 69' lang='lat' dir='ltr'><strong>adhaec</strong></span> <span class='ocrx_word' id='word_1_278' title='bbox 1956 2167 2139 2222; x_wconf 87' lang='lat' dir='ltr'><strong>omnia</strong></span> 
     </span>
    </p>
   </div>
   <div class='ocr_carea' id='block_1_39' title="bbox 557 2261 2143 2337">
    <p class='ocr_par' dir='ltr' id='par_1_39' title="bbox 557 2261 2143 2337">
     <span class='ocr_line' id='line_1_39' title="bbox 557 2261 2143 2337; baseline -0.01 -11"><span class='ocrx_word' id='word_1_279' title='bbox 557 2283 610 2326; x_wconf 87' lang='lat' dir='ltr'><strong>te</strong></span> <span class='ocrx_word' id='word_1_280' title='bbox 648 2270 815 2335; x_wconf 89' lang='lat' dir='ltr'><strong>ducit,</strong></span> <span class='ocrx_word' id='word_1_281' title='bbox 854 2267 1148 2337; x_wconf 78' lang='lat' dir='ltr'><strong>ingenium,</strong></span> <span class='ocrx_word' id='word_1_282' title='bbox 1185 2264 1338 2316; x_wconf 81' lang='lat' dir='ltr'><strong>fateri</strong></span> <span class='ocrx_word' id='word_1_283' title='bbox 1391 2272 1441 2315; x_wconf 89' lang='lat' dir='ltr'><strong>te</strong></span> <span class='ocrx_word' id='word_1_284' title='bbox 1491 2261 1651 2329; x_wconf 75' lang='lat' dir='ltr'><strong>cogit,</strong></span> <span class='ocrx_word' id='word_1_285' title='bbox 1705 2261 1895 2313; x_wconf 87' lang='lat' dir='ltr'><strong>horum</strong></span> <span class='ocrx_word' id='word_1_286' title='bbox 1925 2272 2143 2328; x_wconf 86' lang='lat' dir='ltr'><strong>quoque</strong></span> 
     </span>
    </p>
   </div>
   <div class='ocr_carea' id='block_1_40' title="bbox 556 2348 2140 2430">
    <p class='ocr_par' dir='ltr' id='par_1_40' title="bbox 556 2348 2140 2430">
     <span class='ocr_line' id='line_1_40' title="bbox 556 2348 2140 2430; baseline -0.009 -16"><span class='ocrx_word' id='word_1_287' title='bbox 556 2359 768 2430; x_wconf 79' lang='lat' dir='ltr'><strong>singula</strong></span> <span class='ocrx_word' id='word_1_288' title='bbox 815 2371 970 2411; x_wconf 91' lang='lat' dir='ltr'><strong>suum</strong></span> <span class='ocrx_word' id='word_1_289' title='bbox 1006 2354 1210 2408; x_wconf 88' lang='lat' dir='ltr'><strong>habere</strong></span> <span class='ocrx_word' id='word_1_290' title='bbox 1247 2367 1401 2405; x_wconf 90' lang='lat' dir='ltr'><strong>usum</strong></span> <span class='ocrx_word' id='word_1_291' title='bbox 1446 2366 1569 2404; x_wconf 90' lang='lat' dir='ltr'><strong>cum</strong></span> <span class='ocrx_word' id='word_1_292' title='bbox 1616 2360 1859 2417; x_wconf 86' lang='lat' dir='ltr'><strong>tempore</strong></span> <span class='ocrx_word' id='word_1_293' title='bbox 1885 2358 1939 2401; x_wconf 89' lang='lat' dir='ltr'><strong>et</strong></span> <span class='ocrx_word' id='word_1_294' title='bbox 1968 2348 2140 2416; x_wconf 71' lang='lat' dir='ltr'><strong>gratia</strong></span> 
     </span>
    </p>
   </div>
   <div class='ocr_carea' id='block_1_41' title="bbox 555 2439 2143 2520">
    <p class='ocr_par' dir='ltr' id='par_1_41' title="bbox 555 2439 2143 2520">
     <span class='ocr_line' id='line_1_41' title="bbox 555 2439 2143 2520; baseline -0.009 -14"><span class='ocrx_word' id='word_1_295' title='bbox 555 2451 929 2520; x_wconf 90' lang='lat' dir='ltr'><strong>conjunctum.</strong></span> <span class='ocrx_word' id='word_1_296' title='bbox 982 2448 1158 2513; x_wconf 80' lang='lat' dir='ltr'><strong>Atque</strong></span> <span class='ocrx_word' id='word_1_297' title='bbox 1212 2444 1313 2497; x_wconf 89' lang='lat' dir='ltr'><strong>hos</strong></span> <span class='ocrx_word' id='word_1_298' title='bbox 1362 2456 1553 2497; x_wconf 87' lang='lat' dir='ltr'><strong>omnes</strong></span> <span class='ocrx_word' id='word_1_299' title='bbox 1611 2439 1871 2508; x_wconf 76' lang='lat' dir='ltr'><strong>voluptati</strong></span> <span class='ocrx_word' id='word_1_300' title='bbox 1924 2440 2143 2493; x_wconf 86' lang='lat' dir='ltr'><strong>studere</strong></span> 
     </span>
    </p>
   </div>
   <div class='ocr_carea' id='block_1_42' title="bbox 556 2532 2140 2606">
    <p class='ocr_par' dir='ltr' id='par_1_42' title="bbox 556 2532 2140 2606">
     <span class='ocr_line' id='line_1_42' title="bbox 556 2532 2140 2606; baseline -0.01 -7"><span class='ocrx_word' id='word_1_301' title='bbox 556 2542 812 2599; x_wconf 75' lang='lat' dir='ltr'><strong>afﬁrmas.</strong></span> <span class='ocrx_word' id='word_1_302' title='bbox 849 2540 1043 2596; x_wconf 89' lang='lat' dir='ltr'><strong>Utrum</strong></span> <span class='ocrx_word' id='word_1_303' title='bbox 1089 2549 1140 2591; x_wconf 90' lang='lat' dir='ltr'><strong>tc</strong></span> <span class='ocrx_word' id='word_1_304' title='bbox 1187 2537 1350 2606; x_wconf 75' lang='lat' dir='ltr'><strong>igitur</strong></span> <span class='ocrx_word' id='word_1_305' title='bbox 1403 2535 1619 2599; x_wconf 85' lang='lat' dir='ltr'><strong>minus,</strong></span> <span class='ocrx_word' id='word_1_306' title='bbox 1668 2548 1736 2587; x_wconf 87' lang='lat' dir='ltr'><strong>an</strong></span> <span class='ocrx_word' id='word_1_307' title='bbox 1787 2532 1927 2601; x_wconf 89' lang='lat' dir='ltr'><strong>plus,</strong></span> <span class='ocrx_word' id='word_1_308' title='bbox 1979 2546 2140 2600; x_wconf 83' lang='lat' dir='ltr'><strong>quant</strong></span> 
     </span>
    </p>
   </div>
   <div class='ocr_carea' id='block_1_43' title="bbox 557 2625 2144 2704">
    <p class='ocr_par' dir='ltr' id='par_1_43' title="bbox 557 2625 2144 2704">
     <span class='ocr_line' id='line_1_43' title="bbox 557 2625 2144 2704; baseline -0.01 -14"><span class='ocrx_word' id='word_1_309' title='bbox 557 2638 767 2698; x_wconf 89' lang='lat' dir='ltr'><strong>deceat,</strong></span> <span class='ocrx_word' id='word_1_310' title='bbox 818 2646 1017 2704; x_wconf 89' lang='lat' dir='ltr'><strong>ponere</strong></span> <span class='ocrx_word' id='word_1_311' title='bbox 1049 2628 1336 2685; x_wconf 78' lang='lat' dir='ltr'><strong>dicemus?</strong></span> <span class='ocrx_word' id='word_1_312' title='bbox 1366 2627 1581 2681; x_wconf 87' lang='lat' dir='ltr'><strong>Etenim</strong></span> <span class='ocrx_word' id='word_1_313' title='bbox 1627 2625 1884 2693; x_wconf 82' lang='lat' dir='ltr'><strong>voluptati</strong></span> <span class='ocrx_word' id='word_1_314' title='bbox 1927 2636 2144 2691; x_wconf 79' lang='lat' dir='ltr'><strong>quoque</strong></span> 
     </span>
    </p>
   </div>
   <div class='ocr_carea' id='block_1_44' title="bbox 556 2713 2142 2801">
    <p class='ocr_par' dir='ltr' id='par_1_44' title="bbox 556 2713 2142 2801">
     <span class='ocr_line' id='line_1_44' title="bbox 556 2713 2142 2801; baseline -0.011 -17"><span class='ocrx_word' id='word_1_315' title='bbox 556 2739 749 2801; x_wconf 87' lang='lat' dir='ltr'><strong>poetas</strong></span> <span class='ocrx_word' id='word_1_316' title='bbox 780 2726 999 2781; x_wconf 87' lang='lat' dir='ltr'><strong>studere</strong></span> <span class='ocrx_word' id='word_1_317' title='bbox 1042 2721 1303 2776; x_wconf 85' lang='lat' dir='ltr'><strong>creditur.</strong></span> <span class='ocrx_word' id='word_1_318' title='bbox 1352 2719 1694 2787; x_wconf 83' lang='lat' dir='ltr'><strong>Quapropter</strong></span> <span class='ocrx_word' id='word_1_319' title='bbox 1729 2731 1847 2771; x_wconf 89' lang='lat' dir='ltr'><strong>cum</strong></span> <span class='ocrx_word' id='word_1_320' title='bbox 1902 2715 1954 2769; x_wconf 90' lang='lat' dir='ltr'><strong>id</strong></span> <span class='ocrx_word' id='word_1_321' title='bbox 2000 2713 2142 2782; x_wconf 87' lang='lat' dir='ltr'><strong>quod</strong></span> 
     </span>
    </p>
   </div>
   <div class='ocr_carea' id='block_1_45' title="bbox 558 2805 2139 2889">
    <p class='ocr_par' dir='ltr' id='par_1_45' title="bbox 558 2805 2139 2889">
     <span class='ocr_line' id='line_1_45' title="bbox 558 2805 2139 2889; baseline -0.011 -14"><span class='ocrx_word' id='word_1_322' title='bbox 558 2819 918 2889; x_wconf 85' lang='lat' dir='ltr'><strong>adjiciendum</strong></span> <span class='ocrx_word' id='word_1_323' title='bbox 958 2824 1076 2870; x_wconf 87' lang='lat' dir='ltr'><strong>erat</strong></span> <span class='ocrx_word' id='word_1_324' title='bbox 1110 2810 1282 2883; x_wconf 81' lang='grc'><strong>(99-1)</strong></span> <span class='ocrx_word' id='word_1_325' title='bbox 1330 2809 1531 2874; x_wconf 88' lang='lat' dir='ltr'><strong>aufers,</strong></span> <span class='ocrx_word' id='word_1_326' title='bbox 1567 2808 1742 2861; x_wconf 89' lang='lat' dir='ltr'><strong>minus</strong></span> <span class='ocrx_word' id='word_1_327' title='bbox 1772 2821 1932 2875; x_wconf 87' lang='lat' dir='ltr'><strong>quam</strong></span> <span class='ocrx_word' id='word_1_328' title='bbox 1965 2805 2139 2866; x_wconf 87' lang='lat' dir='ltr'><strong>decet,</strong></span> 
     </span>
    </p>
   </div>
   <div class='ocr_carea' id='block_1_46' title="bbox 559 2897 2144 2965">
    <p class='ocr_par' dir='ltr' id='par_1_46' title="bbox 559 2897 2144 2965">
     <span class='ocr_line' id='line_1_46' title="bbox 559 2897 2144 2965; baseline -0.012 1"><span class='ocrx_word' id='word_1_329' title='bbox 559 2912 718 2965; x_wconf 84' lang='lat' dir='ltr'><strong>dicis.</strong></span> <span class='ocrx_word' id='word_1_330' title='bbox 754 2906 889 2963; x_wconf 88' lang='lat' dir='ltr'><strong>Cum</strong></span> <span class='ocrx_word' id='word_1_331' title='bbox 921 2914 1098 2959; x_wconf 84' lang='lat' dir='ltr'><strong>autem</strong></span> <span class='ocrx_word' id='word_1_332' title='bbox 1133 2917 1199 2958; x_wconf 76' lang='lat' dir='ltr'><strong>ex</strong></span> <span class='ocrx_word' id='word_1_333' title='bbox 1246 2916 1311 2957; x_wconf 91' lang='lat' dir='ltr'><strong>eo</strong></span> <span class='ocrx_word' id='word_1_334' title='bbox 1353 2900 1713 2954; x_wconf 83' lang='lat' dir='ltr'><strong>adulationem</strong></span> <span class='ocrx_word' id='word_1_335' title='bbox 1763 2897 1869 2951; x_wconf 85' lang='lat' dir='ltr'><strong>illis</strong></span> <span class='ocrx_word' id='word_1_336' title='bbox 1902 2897 2144 2965; x_wconf 86' lang='lat' dir='ltr'><strong>impone-</strong></span> 
     </span>
    </p>
   </div>
   <div class='ocr_carea' id='block_1_47' title="bbox 561 2990 2145 3072">
    <p class='ocr_par' dir='ltr' id='par_1_47' title="bbox 561 2990 2145 3072">
     <span class='ocr_line' id='line_1_47' title="bbox 561 2990 2145 3072; baseline -0.011 -13"><span class='ocrx_word' id='word_1_337' title='bbox 561 3006 688 3070; x_wconf 80' lang='lat' dir='ltr'><strong>bat,</strong></span> <span class='ocrx_word' id='word_1_338' title='bbox 723 3003 841 3072; x_wconf 90' lang='lat' dir='ltr'><strong>plus</strong></span> <span class='ocrx_word' id='word_1_339' title='bbox 887 3000 1128 3071; x_wconf 89' lang='lat' dir='ltr'><strong>profecto</strong></span> <span class='ocrx_word' id='word_1_340' title='bbox 1156 3010 1317 3066; x_wconf 90' lang='lat' dir='ltr'><strong>quam</strong></span> <span class='ocrx_word' id='word_1_341' title='bbox 1370 2995 1746 3064; x_wconf 78' lang='lat' dir='ltr'><strong>requirebatur</strong></span> <span class='ocrx_word' id='word_1_342' title='bbox 1779 3001 1868 3045; x_wconf 89' lang='lat' dir='ltr'><strong>tua</strong></span> <span class='ocrx_word' id='word_1_343' title='bbox 1902 2990 2145 3044; x_wconf 87' lang='lat' dir='ltr'><strong>contine-</strong></span> 
     </span>
    </p>
   </div>
   <div class='ocr_carea' id='block_1_48' title="bbox 563 3080 2146 3154">
    <p class='ocr_par' dir='ltr' id='par_1_48' title="bbox 563 3080 2146 3154">
     <span class='ocr_line' id='line_1_48' title="bbox 563 3080 2146 3154; baseline -0.01 -5"><span class='ocrx_word' id='word_1_344' title='bbox 563 3096 653 3149; x_wconf 87' lang='lat' dir='ltr'><strong>bat</strong></span> <span class='ocrx_word' id='word_1_345' title='bbox 701 3092 897 3147; x_wconf 87' lang='lat' dir='ltr'><strong>oratio.</strong></span> <span class='ocrx_word' id='word_1_346' title='bbox 945 3089 1170 3144; x_wconf 82' lang='lat' dir='ltr'><strong>Peteras</strong></span> <span class='ocrx_word' id='word_1_347' title='bbox 1213 3086 1383 3152; x_wconf 89' lang='lat' dir='ltr'><strong>enim,</strong></span> <span class='ocrx_word' id='word_1_348' title='bbox 1435 3087 1519 3139; x_wconf 87' lang='lat' dir='ltr'><strong>vir</strong></span> <span class='ocrx_word' id='word_1_349' title='bbox 1563 3084 1842 3154; x_wconf 66' lang='lat' dir='ltr'><strong>praeclare,</strong></span> <span class='ocrx_word' id='word_1_350' title='bbox 1893 3080 2054 3135; x_wconf 86' lang='lat' dir='ltr'><strong>simul</strong></span> <span class='ocrx_word' id='word_1_351' title='bbox 2091 3088 2146 3133; x_wconf 88' lang='lat' dir='ltr'><strong>et</strong></span> 
     </span>
    </p>
   </div>
   <div class='ocr_carea' id='block_1_49' title="bbox 555 3174 2141 3254">
    <p class='ocr_par' dir='ltr' id='par_1_49' title="bbox 555 3174 2141 3254">
     <span class='ocr_line' id='line_1_49' title="bbox 555 3174 2141 3254; baseline -0.013 -14"><span class='ocrx_word' id='word_1_352' title='bbox 555 3186 780 3254; x_wconf 85' lang='lat' dir='ltr'><strong>juvenes</strong></span> <span class='ocrx_word' id='word_1_353' title='bbox 804 3183 869 3237; x_wconf 89' lang='lat' dir='ltr'><strong>ad</strong></span> <span class='ocrx_word' id='word_1_354' title='bbox 905 3180 1167 3249; x_wconf 82' lang='lat' dir='ltr'><strong>justitiam</strong></span> <span class='ocrx_word' id='word_1_355' title='bbox 1214 3178 1536 3241; x_wconf 79' lang='lat' dir='ltr'><strong>confortari,</strong></span> <span class='ocrx_word' id='word_1_356' title='bbox 1569 3186 1624 3230; x_wconf 90' lang='lat' dir='ltr'><strong>et</strong></span> <span class='ocrx_word' id='word_1_357' title='bbox 1652 3174 1959 3229; x_wconf 79' lang='lat' dir='ltr'><strong>senioribus</strong></span> <span class='ocrx_word' id='word_1_358' title='bbox 1987 3184 2141 3225; x_wconf 88' lang='lat' dir='ltr'><strong>suum</strong></span> 
     </span>
    </p>
   </div>
   <div class='ocr_carea' id='block_1_50' title="bbox 564 3262 2145 3335">
    <p class='ocr_par' dir='ltr' id='par_1_50' title="bbox 564 3262 2145 3335">
     <span class='ocr_line' id='line_1_50' title="bbox 564 3262 2145 3335; baseline -0.01 -6"><span class='ocrx_word' id='word_1_359' title='bbox 564 3276 820 3330; x_wconf 86' lang='lat' dir='ltr'><strong>tribuere.</strong></span> <span class='ocrx_word' id='word_1_360' title='bbox 853 3270 1065 3325; x_wconf 86' lang='lat' dir='ltr'><strong>Etenim</strong></span> <span class='ocrx_word' id='word_1_361' title='bbox 1103 3280 1160 3325; x_wconf 90' lang='lat' dir='ltr'><strong>ut</strong></span> <span class='ocrx_word' id='word_1_362' title='bbox 1194 3271 1401 3325; x_wconf 89' lang='lat' dir='ltr'><strong>laudari</strong></span> <span class='ocrx_word' id='word_1_363' title='bbox 1438 3284 1542 3322; x_wconf 90' lang='lat' dir='ltr'><strong>non</strong></span> <span class='ocrx_word' id='word_1_364' title='bbox 1576 3266 1897 3335; x_wconf 88' lang='lat' dir='ltr'><strong>potuissent,</strong></span> <span class='ocrx_word' id='word_1_365' title='bbox 1932 3262 2145 3317; x_wconf 88' lang='lat' dir='ltr'><strong>silentio</strong></span> 
     </span>
    </p>
   </div>
   <div class='ocr_carea' id='block_1_51' title="bbox 563 3356 2145 3436">
    <p class='ocr_par' dir='ltr' id='par_1_51' title="bbox 563 3356 2145 3436">
     <span class='ocr_line' id='line_1_51' title="bbox 563 3356 2145 3436; baseline -0.01 -15"><span class='ocrx_word' id='word_1_366' title='bbox 563 3377 744 3421; x_wconf 87' lang='lat' dir='ltr'><strong>tamen</strong></span> <span class='ocrx_word' id='word_1_367' title='bbox 772 3374 1018 3436; x_wconf 90' lang='lat' dir='ltr'><strong>poterant</strong></span> <span class='ocrx_word' id='word_1_368' title='bbox 1048 3363 1336 3435; x_wconf 80' lang='lat' dir='ltr'><strong>praeteriri,</strong></span> <span class='ocrx_word' id='word_1_369' title='bbox 1372 3373 1545 3429; x_wconf 81' lang='lat' dir='ltr'><strong>neque</strong></span> <span class='ocrx_word' id='word_1_370' title='bbox 1576 3357 1759 3412; x_wconf 88' lang='lat' dir='ltr'><strong>fueras</strong></span> <span class='ocrx_word' id='word_1_371' title='bbox 1788 3356 1856 3409; x_wconf 92' lang='lat' dir='ltr'><strong>ob</strong></span> <span class='ocrx_word' id='word_1_372' title='bbox 1884 3369 2001 3407; x_wconf 88' lang='lat' dir='ltr'><strong>eam</strong></span> <span class='ocrx_word' id='word_1_373' title='bbox 2031 3367 2145 3407; x_wconf 91' lang='lat' dir='ltr'><strong>rem</strong></span> 
     </span>
    </p>
   </div>
   <div class='ocr_carea' id='block_1_52' title="bbox 565 3443 2145 3512">
    <p class='ocr_par' dir='ltr' id='par_1_52' title="bbox 565 3443 2145 3512">
     <span class='ocr_line' id='line_1_52' title="bbox 565 3443 2145 3512; baseline -0.009 -1"><span class='ocrx_word' id='word_1_374' title='bbox 565 3459 831 3512; x_wconf 84' lang='lat' dir='ltr'><strong>rationem</strong></span> <span class='ocrx_word' id='word_1_375' title='bbox 916 3471 1021 3511; x_wconf 89' lang='lat' dir='ltr'><strong>nou</strong></span> <span class='ocrx_word' id='word_1_376' title='bbox 1095 3455 1383 3509; x_wconf 75' lang='lat' dir='ltr'><strong>relaturum</strong></span> <span class='ocrx_word' id='word_1_377' title='bbox 1445 3449 1797 3505; x_wconf 88' lang='lat' dir='ltr'><strong>accusandus.</strong></span> <span class='ocrx_word' id='word_1_378' title='bbox 1867 3443 1973 3500; x_wconf 89' lang='lat' dir='ltr'><strong>Sed</strong></span> <span class='ocrx_word' id='word_1_379' title='bbox 2039 3459 2145 3497; x_wconf 89' lang='lat' dir='ltr'><strong>non</strong></span> 
     </span>
    </p>
   </div>
   <div class='ocr_carea' id='block_1_53' title="bbox 567 3538 2146 3619">
    <p class='ocr_par' dir='ltr' id='par_1_53' title="bbox 567 3538 2146 3619">
     <span class='ocr_line' id='line_1_53' title="bbox 567 3538 2146 3619; baseline -0.008 -16"><span class='ocrx_word' id='word_1_380' title='bbox 567 3550 669 3604; x_wconf 93' lang='lat' dir='ltr'><strong>hoc</strong></span> <span class='ocrx_word' id='word_1_381' title='bbox 703 3548 936 3617; x_wconf 84' lang='lat' dir='ltr'><strong>aliquem</strong></span> <span class='ocrx_word' id='word_1_382' title='bbox 971 3549 1035 3602; x_wconf 91' lang='lat' dir='ltr'><strong>ad</strong></span> <span class='ocrx_word' id='word_1_383' title='bbox 1064 3547 1488 3619; x_wconf 82' lang='lat' dir='ltr'><strong>inlignationem</strong></span> <span class='ocrx_word' id='word_1_384' title='bbox 1521 3548 1860 3597; x_wconf 86' lang='lat' dir='ltr'><strong>commoveat</strong></span> <span class='ocrx_word' id='word_1_385' title='bbox 1891 3538 2146 3600; x_wconf 82' lang='lat' dir='ltr'><strong>maxime,</strong></span> 
     </span>
    </p>
   </div>
   <div class='ocr_carea' id='block_1_54' title="bbox 565 3631 2151 3713">
    <p class='ocr_par' dir='ltr' id='par_1_54' title="bbox 565 3631 2151 3713">
     <span class='ocr_line' id='line_1_54' title="bbox 565 3631 2151 3713; baseline -0.009 -16"><span class='ocrx_word' id='word_1_386' title='bbox 565 3644 710 3713; x_wconf 91' lang='lat' dir='ltr'><strong>quod</strong></span> <span class='ocrx_word' id='word_1_387' title='bbox 746 3640 894 3695; x_wconf 82' lang='lat' dir='ltr'><strong>Plato</strong></span> <span class='ocrx_word' id='word_1_388' title='bbox 922 3639 1234 3695; x_wconf 64' lang='lat' dir='ltr'><strong>Graecorum</strong></span> <span class='ocrx_word' id='word_1_389' title='bbox 1273 3638 1429 3692; x_wconf 83' lang='lat' dir='ltr'><strong>facile</strong></span> <span class='ocrx_word' id='word_1_390' title='bbox 1463 3636 1736 3705; x_wconf 86' lang='lat' dir='ltr'><strong>princeps,</strong></span> <span class='ocrx_word' id='word_1_391' title='bbox 1758 3642 1812 3686; x_wconf 93' lang='lat' dir='ltr'><strong>et</strong></span> <span class='ocrx_word' id='word_1_392' title='bbox 1838 3631 1929 3701; x_wconf 90' lang='lat' dir='ltr'><strong>qui</strong></span> <span class='ocrx_word' id='word_1_393' title='bbox 1958 3631 2151 3684; x_wconf 89' lang='lat' dir='ltr'><strong>merito</strong></span> 
     </span>
    </p>
   </div>
   <div class='ocr_carea' id='block_1_55' title="bbox 566 3721 2151 3805">
    <p class='ocr_par' dir='ltr' id='par_1_55' title="bbox 566 3721 2151 3805">
     <span class='ocr_line' id='line_1_55' title="bbox 566 3721 2151 3805; baseline -0.009 -17"><span class='ocrx_word' id='word_1_394' title='bbox 566 3734 860 3805; x_wconf 86' lang='lat' dir='ltr'><strong>plurimum</strong></span> <span class='ocrx_word' id='word_1_395' title='bbox 911 3733 1011 3787; x_wconf 89' lang='lat' dir='ltr'><strong>sibi</strong></span> <span class='ocrx_word' id='word_1_396' title='bbox 1049 3734 1272 3797; x_wconf 89' lang='lat' dir='ltr'><strong>tribuat,</strong></span> <span class='ocrx_word' id='word_1_397' title='bbox 1317 3726 1689 3797; x_wconf 75' lang='lat' dir='ltr'><strong>magnitudine</strong></span> <span class='ocrx_word' id='word_1_398' title='bbox 1724 3723 1953 3793; x_wconf 86' lang='lat' dir='ltr'><strong>quadam</strong></span> <span class='ocrx_word' id='word_1_399' title='bbox 1984 3730 2039 3775; x_wconf 82' lang='lat' dir='ltr'><strong>et</strong></span> <span class='ocrx_word' id='word_1_400' title='bbox 2071 3721 2151 3777; x_wconf 90' lang='lat' dir='ltr'><strong>in-</strong></span> 
     </span>
    </p>
   </div>
   <div class='ocr_carea' id='block_1_56' title="bbox 566 3814 2151 3895">
    <p class='ocr_par' dir='ltr' id='par_1_56' title="bbox 566 3814 2151 3895">
     <span class='ocr_line' id='line_1_56' title="bbox 566 3814 2151 3895; baseline -0.008 -15"><span class='ocrx_word' id='word_1_401' title='bbox 566 3826 707 3895; x_wconf 65' lang='lat' dir='ltr'><strong>genii</strong></span> <span class='ocrx_word' id='word_1_402' title='bbox 732 3825 981 3878; x_wconf 85' lang='lat' dir='ltr'><strong>libertate</strong></span> <span class='ocrx_word' id='word_1_403' title='bbox 1006 3824 1268 3891; x_wconf 85' lang='lat' dir='ltr'><strong>quosdam</strong></span> <span class='ocrx_word' id='word_1_404' title='bbox 1297 3834 1555 3876; x_wconf 88' lang='lat' dir='ltr'><strong>accusare</strong></span> <span class='ocrx_word' id='word_1_405' title='bbox 1582 3816 1782 3882; x_wconf 86' lang='lat' dir='ltr'><strong>voluit;</strong></span> <span class='ocrx_word' id='word_1_406' title='bbox 1811 3816 1904 3870; x_wconf 88' lang='lat' dir='ltr'><strong>sed</strong></span> <span class='ocrx_word' id='word_1_407' title='bbox 1931 3825 1983 3868; x_wconf 90' lang='lat' dir='ltr'><strong>et</strong></span> <span class='ocrx_word' id='word_1_408' title='bbox 2008 3814 2151 3885; x_wconf 91' lang='lat' dir='ltr'><strong>quod</strong></span> 
     </span>
    </p>
   </div>
   <div class='ocr_carea' id='block_1_57' title="bbox 569 3908 2154 3987">
    <p class='ocr_par' dir='ltr' id='par_1_57' title="bbox 569 3908 2154 3987">
     <span class='ocr_line' id='line_1_57' title="bbox 569 3908 2154 3987; baseline -0.009 -16"><span class='ocrx_word' id='word_1_409' title='bbox 569 3917 806 3972; x_wconf 92' lang='lat' dir='ltr'><strong>nonnulli</strong></span> <span class='ocrx_word' id='word_1_410' title='bbox 842 3917 1036 3972; x_wconf 89' lang='lat' dir='ltr'><strong>nullius</strong></span> <span class='ocrx_word' id='word_1_411' title='bbox 1064 3916 1219 3987; x_wconf 86' lang='lat' dir='ltr'><strong>pretii</strong></span> <span class='ocrx_word' id='word_1_412' title='bbox 1252 3915 1517 3975; x_wconf 86' lang='lat' dir='ltr'><strong>homines,</strong></span> <span class='ocrx_word' id='word_1_413' title='bbox 1562 3911 1664 3965; x_wconf 92' lang='lat' dir='ltr'><strong>hac</strong></span> <span class='ocrx_word' id='word_1_414' title='bbox 1694 3908 1979 3963; x_wconf 87' lang='lat' dir='ltr'><strong>occasione</strong></span> <span class='ocrx_word' id='word_1_415' title='bbox 2005 3920 2154 3961; x_wconf 80' lang='lat' dir='ltr'><strong>sum-</strong></span> 
     </span>
    </p>
   </div>
   <div class='ocr_carea' id='block_1_58' title="bbox 569 3995 2154 4079">
    <p class='ocr_par' dir='ltr' id='par_1_58' title="bbox 569 3995 2154 4079">
     <span class='ocr_line' id='line_1_58' title="bbox 569 3995 2154 4079; baseline -0.009 -17"><span class='ocrx_word' id='word_1_416' title='bbox 569 4020 680 4079; x_wconf 84' lang='lat' dir='ltr'><strong>pla,</strong></span> <span class='ocrx_word' id='word_1_417' title='bbox 710 4024 825 4063; x_wconf 85' lang='lat' dir='ltr'><strong>rem</strong></span> <span class='ocrx_word' id='word_1_418' title='bbox 862 4009 913 4063; x_wconf 90' lang='lat' dir='ltr'><strong>in</strong></span> <span class='ocrx_word' id='word_1_419' title='bbox 945 4005 1396 4062; x_wconf 84' lang='lat' dir='ltr'><strong>consuetudinem</strong></span> <span class='ocrx_word' id='word_1_420' title='bbox 1425 4003 1668 4066; x_wconf 86' lang='lat' dir='ltr'><strong>trahunt,</strong></span> <span class='ocrx_word' id='word_1_421' title='bbox 1698 4008 1860 4067; x_wconf 88' lang='lat' dir='ltr'><strong>atque</strong></span> <span class='ocrx_word' id='word_1_422' title='bbox 1892 3998 2054 4050; x_wconf 87' lang='lat' dir='ltr'><strong>etiam</strong></span> <span class='ocrx_word' id='word_1_423' title='bbox 2087 3995 2154 4049; x_wconf 84' lang='lat' dir='ltr'><strong>de</strong></span> 
     </span>
    </p>
   </div>
   <div class='ocr_carea' id='block_1_59' title="bbox 570 4083 2155 4170">
    <p class='ocr_par' dir='ltr' id='par_1_59' title="bbox 570 4083 2155 4170">
     <span class='ocr_line' id='line_1_59' title="bbox 570 4083 2155 4170; baseline -0.01 -15"><span class='ocrx_word' id='word_1_424' title='bbox 570 4100 945 4166; x_wconf 87' lang='lat' dir='ltr'><strong>Demosthene,</strong></span> <span class='ocrx_word' id='word_1_425' title='bbox 967 4115 1124 4170; x_wconf 85' lang='lat' dir='ltr'><strong>quem</strong></span> <span class='ocrx_word' id='word_1_426' title='bbox 1160 4112 1259 4167; x_wconf 73' lang='lat' dir='ltr'><strong>ego</strong></span> <span class='ocrx_word' id='word_1_427' title='bbox 1280 4094 1530 4149; x_wconf 79' lang='lat' dir='ltr'><strong>Mercurii</strong></span> <span class='ocrx_word' id='word_1_428' title='bbox 1557 4091 1697 4164; x_wconf 74' lang='grc'><strong>(2-5)</strong></span> <span class='ocrx_word' id='word_1_429' title='bbox 1729 4087 2009 4158; x_wconf 83' lang='lat' dir='ltr'><strong>cujusdam</strong></span> <span class='ocrx_word' id='word_1_430' title='bbox 2039 4083 2155 4140; x_wconf 89' lang='lat' dir='ltr'><strong>elo-</strong></span> 
     </span>
    </p>
   </div>
   <div class='ocr_carea' id='block_1_60' title="bbox 567 4175 2155 4263">
    <p class='ocr_par' dir='ltr' id='par_1_60' title="bbox 567 4175 2155 4263">
     <span class='ocr_line' id='line_1_60' title="bbox 567 4175 2155 4263; baseline -0.011 -15"><span class='ocrx_word' id='word_1_431' title='bbox 567 4194 786 4263; x_wconf 85' lang='lat' dir='ltr'><strong>quentis</strong></span> <span class='ocrx_word' id='word_1_432' title='bbox 820 4194 938 4247; x_wconf 90' lang='lat' dir='ltr'><strong>loco</strong></span> <span class='ocrx_word' id='word_1_433' title='bbox 984 4192 1038 4246; x_wconf 90' lang='lat' dir='ltr'><strong>in</strong></span> <span class='ocrx_word' id='word_1_434' title='bbox 1077 4201 1249 4245; x_wconf 88' lang='lat' dir='ltr'><strong>terras</strong></span> <span class='ocrx_word' id='word_1_435' title='bbox 1295 4186 1532 4240; x_wconf 87' lang='lat' dir='ltr'><strong>arbitror</strong></span> <span class='ocrx_word' id='word_1_436' title='bbox 1582 4180 1963 4245; x_wconf 87' lang='lat' dir='ltr'><strong>descendisse,</strong></span> <span class='ocrx_word' id='word_1_437' title='bbox 2018 4175 2155 4232; x_wconf 87' lang='lat' dir='ltr'><strong>nihil</strong></span> 
     </span>
    </p>
   </div>
   <div class='ocr_carea' id='block_1_61' title="bbox 573 4267 2155 4344">
    <p class='ocr_par' dir='ltr' id='par_1_61' title="bbox 573 4267 2155 4344">
     <span class='ocr_line' id='line_1_61' title="bbox 573 4267 2155 4344; baseline -0.008 -8"><span class='ocrx_word' id='word_1_438' title='bbox 573 4299 676 4337; x_wconf 91' lang='lat' dir='ltr'><strong>non</strong></span> <span class='ocrx_word' id='word_1_439' title='bbox 709 4284 908 4337; x_wconf 80' lang='lat' dir='ltr'><strong>audent</strong></span> <span class='ocrx_word' id='word_1_440' title='bbox 948 4279 1183 4335; x_wconf 71' lang='lat' dir='ltr'><strong>eﬂ‘ntire.</strong></span> <span class='ocrx_word' id='word_1_441' title='bbox 1218 4277 1349 4344; x_wconf 86' lang='lat' dir='ltr'><strong>Quis</strong></span> <span class='ocrx_word' id='word_1_442' title='bbox 1376 4288 1508 4329; x_wconf 86' lang='lat' dir='ltr'><strong>vero</strong></span> <span class='ocrx_word' id='word_1_443' title='bbox 1550 4272 1704 4326; x_wconf 86' lang='lat' dir='ltr'><strong>vivos</strong></span> <span class='ocrx_word' id='word_1_444' title='bbox 1736 4272 1836 4325; x_wconf 87' lang='lat' dir='ltr'><strong>hos</strong></span> <span class='ocrx_word' id='word_1_445' title='bbox 1866 4271 2026 4333; x_wconf 85' lang='lat' dir='ltr'><strong>ferat,</strong></span> <span class='ocrx_word' id='word_1_446' title='bbox 2059 4267 2155 4337; x_wconf 87' lang='lat' dir='ltr'><strong>qui</strong></span> 
     </span>
    </p>
   </div>
   <div class='ocr_carea' id='block_1_62' title="bbox 571 4362 2153 4446">
    <p class='ocr_par' dir='ltr' id='par_1_62' title="bbox 571 4362 2153 4446">
     <span class='ocr_line' id='line_1_62' title="bbox 571 4362 2153 4446; baseline -0.01 -15"><span class='ocrx_word' id='word_1_447' title='bbox 571 4376 770 4446; x_wconf 62' lang='lat' dir='ltr'><strong>saepius</strong></span> <span class='ocrx_word' id='word_1_448' title='bbox 809 4374 1180 4429; x_wconf 68' lang='lat' dir='ltr'><strong>soloecismum</strong></span> <span class='ocrx_word' id='word_1_449' title='bbox 1232 4367 1580 4425; x_wconf 89' lang='lat' dir='ltr'><strong>committunt</strong></span> <span class='ocrx_word' id='word_1_450' title='bbox 1632 4377 1793 4432; x_wconf 91' lang='lat' dir='ltr'><strong>quam</strong></span> <span class='ocrx_word' id='word_1_451' title='bbox 1838 4362 2153 4431; x_wconf 88' lang='lat' dir='ltr'><strong>loquuntur,</strong></span> 
     </span>
    </p>
   </div>
   <div class='ocr_carea' id='block_1_63' title="bbox 571 4449 2154 4533">
    <p class='ocr_par' dir='ltr' id='par_1_63' title="bbox 571 4449 2154 4533">
     <span class='ocr_line' id='line_1_63' title="bbox 571 4449 2154 4533; baseline -0.009 -14"><span class='ocrx_word' id='word_1_452' title='bbox 571 4464 706 4519; x_wconf 86' lang='lat' dir='ltr'><strong>alios</strong></span> <span class='ocrx_word' id='word_1_453' title='bbox 733 4473 1109 4527; x_wconf 88' lang='lat' dir='ltr'><strong>contemnunt,</strong></span> <span class='ocrx_word' id='word_1_454' title='bbox 1135 4468 1398 4533; x_wconf 86' lang='lat' dir='ltr'><strong>quantum</strong></span> <span class='ocrx_word' id='word_1_455' title='bbox 1431 4464 1590 4514; x_wconf 90' lang='lat' dir='ltr'><strong>erant</strong></span> <span class='ocrx_word' id='word_1_456' title='bbox 1619 4453 1719 4524; x_wconf 86' lang='lat' dir='ltr'><strong>ipsi</strong></span> <span class='ocrx_word' id='word_1_457' title='bbox 1752 4449 2154 4517; x_wconf 88' lang='lat' dir='ltr'><strong>contemnendi,</strong></span> 
     </span>
    </p>
   </div>
   <div class='ocr_carea' id='block_1_64' title="bbox 2244 1985 3811 2064">
    <p class='ocr_par' dir='ltr' id='par_1_64' title="bbox 2244 1985 3811 2064">
     <span class='ocr_line' id='line_1_64' title="bbox 2244 1985 3811 2064; baseline 0.004 -25"><span class='ocrx_word' id='word_1_458' title='bbox 2244 1991 2387 2058; x_wconf 77' lang='grc' dir='ltr'>μιμῇ</span> <span class='ocrx_word' id='word_1_459' title='bbox 2440 1985 2819 2059; x_wconf 78' lang='grc' dir='ltr'>[ἀναίσχυντον</span> <span class='ocrx_word' id='word_1_460' title='bbox 2842 1991 2884 2021; x_wconf 78' lang='grc' dir='ltr'>ί⁵</span> <span class='ocrx_word' id='word_1_461' title='bbox 2944 1991 3086 2044; x_wconf 85' lang='grc' dir='ltr'>πάνυ</span> <span class='ocrx_word' id='word_1_462' title='bbox 3121 1991 3311 2047; x_wconf 74' lang='grc' dir='ltr'>τοῦτόν</span> <span class='ocrx_word' id='word_1_463' title='bbox 3374 1990 3568 2061; x_wconf 79' lang='grc' dir='ltr'>φασιν]</span> <span class='ocrx_word' id='word_1_464' title='bbox 3605 1992 3811 2064; x_wconf 85' lang='grc' dir='ltr'>Θρασύ-</span> 
     </span>
    </p>
   </div>
   <div class='ocr_carea' id='block_1_65' title="bbox 2246 2078 3812 2154">
    <p class='ocr_par' dir='ltr' id='par_1_65' title="bbox 2246 2078 3812 2154">
     <span class='ocr_line' id='line_1_65' title="bbox 2246 2078 3812 2154; baseline 0.006 -25"><span class='ocrx_word' id='word_1_465' title='bbox 2246 2094 2418 2147; x_wconf 86' lang='grc' dir='ltr'>μαχον</span> <span class='ocrx_word' id='word_1_466' title='bbox 2449 2078 2539 2131; x_wconf 80' lang='grc' dir='ltr'>τὸν</span> <span class='ocrx_word' id='word_1_467' title='bbox 2570 2080 2915 2134; x_wconf 79' lang='grc' dir='ltr'>οὐδεπώποτε</span> <span class='ocrx_word' id='word_1_468' title='bbox 2940 2082 2981 2113; x_wconf 82' lang='grc'>¹⁶</span> <span class='ocrx_word' id='word_1_469' title='bbox 3039 2083 3463 2153; x_wconf 73' lang='grc' dir='ltr'>ἐρυθριάσαντα,</span> <span class='ocrx_word' id='word_1_470' title='bbox 3521 2084 3812 2154; x_wconf 78' lang='grc' dir='ltr'>θυρωροὺς,</span> 
     </span>
    </p>
   </div>
   <div class='ocr_carea' id='block_1_66' title="bbox 2244 2172 3815 2248">
    <p class='ocr_par' dir='ltr' id='par_1_66' title="bbox 2244 2172 3815 2248">
     <span class='ocr_line' id='line_1_66' title="bbox 2244 2172 3815 2248; baseline 0.006 -25"><span class='ocrx_word' id='word_1_471' title='bbox 2244 2172 2456 2238; x_wconf 88' lang='grc' dir='ltr'>παιδία,</span> <span class='ocrx_word' id='word_1_472' title='bbox 2515 2174 2743 2245; x_wconf 86' lang='grc' dir='ltr'>μυρίους</span> <span class='ocrx_word' id='word_1_473' title='bbox 2775 2177 2839 2228; x_wconf 85' lang='lat'><strong>&quot;.</strong></span> <span class='ocrx_word' id='word_1_474' title='bbox 2919 2176 3062 2229; x_wconf 83' lang='grc' dir='ltr'>Ἀλλ’</span> <span class='ocrx_word' id='word_1_475' title='bbox 3118 2172 3274 2248; x_wconf 80' lang='grc' dir='ltr'>οἶμαι</span> <span class='ocrx_word' id='word_1_476' title='bbox 3327 2179 3390 2231; x_wconf 83' lang='grc' dir='ltr'>τὸ</span> <span class='ocrx_word' id='word_1_477' title='bbox 3450 2178 3554 2247; x_wconf 77' lang='grc' dir='ltr'>τῆς</span> <span class='ocrx_word' id='word_1_478' title='bbox 3611 2179 3815 2247; x_wconf 79' lang='grc' dir='ltr'>φύσεως</span> 
     </span>
    </p>
   </div>
   <div class='ocr_carea' id='block_1_67' title="bbox 2257 2266 3815 2344">
    <p class='ocr_par' dir='ltr' id='par_1_67' title="bbox 2257 2266 3815 2344">
     <span class='ocr_line' id='line_1_67' title="bbox 2257 2266 3815 2344; baseline 0.008 -26"><span class='ocrx_word' id='word_1_479' title='bbox 2257 2266 2573 2337; x_wconf 82' lang='grc' dir='ltr'>Ἑλληνικὸν</span> <span class='ocrx_word' id='word_1_480' title='bbox 2606 2270 2702 2323; x_wconf 78' lang='grc' dir='ltr'>καὶ</span> <span class='ocrx_word' id='word_1_481' title='bbox 2722 2270 2943 2325; x_wconf 69' lang='grc' dir='ltr'>εὔκολον</span> <span class='ocrx_word' id='word_1_482' title='bbox 2974 2273 3068 2326; x_wconf 68' lang='grc' dir='ltr'>καὶ</span> <span class='ocrx_word' id='word_1_483' title='bbox 3097 2271 3291 2344; x_wconf 73' lang='grc' dir='ltr'>εὔχαρι</span> <span class='ocrx_word' id='word_1_484' title='bbox 3322 2274 3420 2327; x_wconf 76' lang='grc' dir='ltr'>καὶ</span> <span class='ocrx_word' id='word_1_485' title='bbox 3456 2276 3704 2328; x_wconf 74' lang='grc' dir='ltr'>ποικίλον</span> <span class='ocrx_word' id='word_1_486' title='bbox 3727 2277 3815 2330; x_wconf 72' lang='grc' dir='ltr'>καὶ</span> 
     </span>
    </p>
   </div>
   <div class='ocr_carea' id='block_1_68' title="bbox 2246 2358 3816 2437">
    <p class='ocr_par' dir='ltr' id='par_1_68' title="bbox 2246 2358 3816 2437">
     <span class='ocr_line' id='line_1_68' title="bbox 2246 2358 3816 2437; baseline 0.005 -26"><span class='ocrx_word' id='word_1_487' title='bbox 2246 2358 2411 2424; x_wconf 82' lang='grc' dir='ltr'>θεῖον,</span> <span class='ocrx_word' id='word_1_488' title='bbox 2442 2361 2527 2429; x_wconf 78' lang='grc' dir='ltr'><strong>ἐφ’</strong></span> <span class='ocrx_word' id='word_1_489' title='bbox 2561 2360 2779 2415; x_wconf 73' lang='grc' dir='ltr'>ἅπαντα</span> <span class='ocrx_word' id='word_1_490' title='bbox 2809 2362 2982 2416; x_wconf 82' lang='grc' dir='ltr'>ταῦτα</span> <span class='ocrx_word' id='word_1_491' title='bbox 3028 2365 3160 2432; x_wconf 82' lang='grc' dir='ltr'>ἄγον</span> <span class='ocrx_word' id='word_1_492' title='bbox 3190 2381 3271 2428; x_wconf 91' lang='grc' dir='ltr'><strong>σε,</strong></span> <span class='ocrx_word' id='word_1_493' title='bbox 3327 2369 3471 2417; x_wconf 81' lang='grc' dir='ltr'>ποιεῖ</span> <span class='ocrx_word' id='word_1_494' title='bbox 3525 2367 3816 2437; x_wconf 75' lang='grc' dir='ltr'>μαρτυρεῖν</span> 
     </span>
    </p>
   </div>
   <div class='ocr_carea' id='block_1_69' title="bbox 2245 2452 3818 2528">
    <p class='ocr_par' dir='ltr' id='par_1_69' title="bbox 2245 2452 3818 2528">
     <span class='ocr_line' id='line_1_69' title="bbox 2245 2452 3818 2528; baseline 0.004 -23"><span class='ocrx_word' id='word_1_495' title='bbox 2245 2452 2326 2505; x_wconf 86' lang='grc' dir='ltr'>ὃτι</span> <span class='ocrx_word' id='word_1_496' title='bbox 2361 2452 2687 2507; x_wconf 71' lang='grc' dir='ltr'>καὶτούτων</span> <span class='ocrx_word' id='word_1_497' title='bbox 2719 2455 2951 2509; x_wconf 77' lang='grc' dir='ltr'><strong>ἑκάστου</strong></span> <span class='ocrx_word' id='word_1_498' title='bbox 2982 2458 3178 2526; x_wconf 84' lang='grc' dir='ltr'>χρῆσίς</span> <span class='ocrx_word' id='word_1_499' title='bbox 3227 2458 3346 2510; x_wconf 80' lang='grc' dir='ltr'>ἐστι</span> <span class='ocrx_word' id='word_1_500' title='bbox 3380 2458 3574 2528; x_wconf 79' lang='grc' dir='ltr'>καιρὸν</span> <span class='ocrx_word' id='word_1_501' title='bbox 3630 2457 3818 2528; x_wconf 70' lang='grc' dir='ltr'>ἔχοντα</span> 
     </span>
    </p>
   </div>
   <div class='ocr_carea' id='block_1_70' title="bbox 2245 2541 3821 2617">
    <p class='ocr_par' dir='ltr' id='par_1_70' title="bbox 2245 2541 3821 2617">
     <span class='ocr_line' id='line_1_70' title="bbox 2245 2541 3821 2617; baseline 0.006 -22"><span class='ocrx_word' id='word_1_502' title='bbox 2245 2544 2339 2596; x_wconf 77' lang='grc' dir='ltr'>καὶ</span> <span class='ocrx_word' id='word_1_503' title='bbox 2364 2544 2523 2614; x_wconf 75' lang='grc' dir='ltr'>χάριν</span> <span class='ocrx_word' id='word_1_504' title='bbox 2559 2545 2795 2615; x_wconf 80' lang='grc' dir='ltr'>ἐμμελῆ.</span> <span class='ocrx_word' id='word_1_505' title='bbox 2832 2541 2965 2600; x_wconf 80' lang='grc' dir='ltr'>Εἶτα</span> <span class='ocrx_word' id='word_1_506' title='bbox 2990 2547 3033 2578; x_wconf 80' lang='grc'><strong>¹⁸</strong></span> <span class='ocrx_word' id='word_1_507' title='bbox 3081 2548 3260 2617; x_wconf 82' lang='grc' dir='ltr'>λέγεις</span> <span class='ocrx_word' id='word_1_508' title='bbox 3306 2549 3387 2601; x_wconf 81' lang='grc' dir='ltr'>ὅτι</span> <span class='ocrx_word' id='word_1_509' title='bbox 3435 2549 3640 2612; x_wconf 77' lang='grc' dir='ltr'>πάντες</span> <span class='ocrx_word' id='word_1_510' title='bbox 3684 2544 3821 2604; x_wconf 75' lang='grc' dir='ltr'>οὗτοι</span> 
     </span>
    </p>
   </div>
   <div class='ocr_carea' id='block_1_71' title="bbox 2244 2631 3817 2708">
    <p class='ocr_par' dir='ltr' id='par_1_71' title="bbox 2244 2631 3817 2708">
     <span class='ocr_line' id='line_1_71' title="bbox 2244 2631 3817 2708; baseline 0.004 -25"><span class='ocrx_word' id='word_1_511' title='bbox 2244 2631 2339 2684; x_wconf 79' lang='grc' dir='ltr'>τοῦ</span> <span class='ocrx_word' id='word_1_512' title='bbox 2369 2635 2409 2665; x_wconf 73' lang='grc' dir='ltr'><strong>ι’</strong></span> <span class='ocrx_word' id='word_1_513' title='bbox 2433 2634 2569 2701; x_wconf 81' lang='grc' dir='ltr'>πρὸς</span> <span class='ocrx_word' id='word_1_514' title='bbox 2602 2634 2794 2705; x_wconf 77' lang='grc' dir='ltr'>ἡδονὴν</span> <span class='ocrx_word' id='word_1_515' title='bbox 2814 2636 3160 2707; x_wconf 78' lang='grc' dir='ltr'>ὲξήρτηνται.</span> <span class='ocrx_word' id='word_1_516' title='bbox 3213 2638 3447 2707; x_wconf 80' lang='grc' dir='ltr'>Πότερ²⁰</span> <span class='ocrx_word' id='word_1_517' title='bbox 3471 2633 3566 2690; x_wconf 76' lang='grc' dir='ltr'>οὖν</span> <span class='ocrx_word' id='word_1_518' title='bbox 3603 2654 3662 2689; x_wconf 84' lang='grc' dir='ltr'><strong>σε</strong></span> <span class='ocrx_word' id='word_1_519' title='bbox 3712 2639 3817 2708; x_wconf 85' lang='grc' dir='ltr'>φῶ-</span> 
     </span>
    </p>
   </div>
   <div class='ocr_carea' id='block_1_72' title="bbox 2246 2721 3818 2801">
    <p class='ocr_par' dir='ltr' id='par_1_72' title="bbox 2246 2721 3818 2801">
     <span class='ocr_line' id='line_1_72' title="bbox 2246 2721 3818 2801; baseline 0.004 -27"><span class='ocrx_word' id='word_1_520' title='bbox 2246 2739 2348 2793; x_wconf 90' lang='grc' dir='ltr'><strong>μεν</strong></span> <span class='ocrx_word' id='word_1_521' title='bbox 2379 2721 2597 2775; x_wconf 81' lang='grc' dir='ltr'>ἔλαττον</span> <span class='ocrx_word' id='word_1_522' title='bbox 2630 2723 2726 2776; x_wconf 82' lang='grc' dir='ltr'>τοῦ</span> <span class='ocrx_word' id='word_1_523' title='bbox 2751 2724 2959 2789; x_wconf 81' lang='grc' dir='ltr'>δέοντος</span> <span class='ocrx_word' id='word_1_524' title='bbox 2992 2724 3173 2793; x_wconf 88' lang='grc' dir='ltr'>λέγειν</span> <span class='ocrx_word' id='word_1_525' title='bbox 3196 2725 3227 2795; x_wconf 81' lang='grc' dir='ltr'><strong>ἢ</strong></span> <span class='ocrx_word' id='word_1_526' title='bbox 3261 2727 3457 2793; x_wconf 81' lang='grc' dir='ltr'>πλέον;</span> <span class='ocrx_word' id='word_1_527' title='bbox 3481 2728 3565 2780; x_wconf 83' lang='grc' dir='ltr'>ὅτι</span> <span class='ocrx_word' id='word_1_528' title='bbox 3589 2728 3689 2797; x_wconf 87' lang='grc' dir='ltr'>μὲν</span> <span class='ocrx_word' id='word_1_529' title='bbox 3716 2729 3818 2801; x_wconf 79' lang='grc' dir='ltr'>γὰρ</span> 
     </span>
    </p>
   </div>
   <div class='ocr_carea' id='block_1_73' title="bbox 2246 2813 3817 2891">
    <p class='ocr_par' dir='ltr' id='par_1_73' title="bbox 2246 2813 3817 2891">
     <span class='ocr_line' id='line_1_73' title="bbox 2246 2813 3817 2891; baseline 0.005 -25"><span class='ocrx_word' id='word_1_530' title='bbox 2246 2813 2341 2867; x_wconf 74' lang='grc' dir='ltr'>καὶ</span> <span class='ocrx_word' id='word_1_531' title='bbox 2375 2814 2468 2868; x_wconf 80' lang='grc' dir='ltr'>τοῦ</span> <span class='ocrx_word' id='word_1_532' title='bbox 2500 2815 2635 2885; x_wconf 80' lang='grc' dir='ltr'>πρὸς</span> <span class='ocrx_word' id='word_1_533' title='bbox 2660 2816 2858 2887; x_wconf 73' lang='grc' dir='ltr'>ἡδονὴν</span> <span class='ocrx_word' id='word_1_534' title='bbox 2879 2817 3256 2889; x_wconf 70' lang='grc' dir='ltr'>φροντίζουσιν</span> <span class='ocrx_word' id='word_1_535' title='bbox 3275 2820 3323 2873; x_wconf 79' lang='grc' dir='ltr'><strong>οι</strong></span> <span class='ocrx_word' id='word_1_536' title='bbox 3351 2822 3595 2891; x_wconf 72' lang='grc' dir='ltr'>ποιηταὶ.</span> <span class='ocrx_word' id='word_1_537' title='bbox 3630 2820 3817 2891; x_wconf 49' lang='lat' dir='ltr'><strong>(Spolia.</strong></span> 
     </span>
    </p>
   </div>
   <div class='ocr_carea' id='block_1_74' title="bbox 2245 2905 3817 2981">
    <p class='ocr_par' dir='ltr' id='par_1_74' title="bbox 2245 2905 3817 2981">
     <span class='ocr_line' id='line_1_74' title="bbox 2245 2905 3817 2981; baseline 0.004 -24"><span class='ocrx_word' id='word_1_538' title='bbox 2245 2908 2423 2973; x_wconf 87' lang='grc' dir='ltr'>γεῖται</span> <span class='ocrx_word' id='word_1_539' title='bbox 2459 2922 2472 2935; x_wconf 78' lang='grc' dir='ltr'><strong>ο</strong></span> <span class='ocrx_word' id='word_1_540' title='bbox 2525 2905 2657 2959; x_wconf 83' lang='grc' dir='ltr'>ὥσθ’</span> <span class='ocrx_word' id='word_1_541' title='bbox 2704 2908 2829 2961; x_wconf 83' lang='grc' dir='ltr'>ὅσον</span> <span class='ocrx_word' id='word_1_542' title='bbox 2876 2909 3194 2979; x_wconf 88' lang='grc' dir='ltr'>προσθεῖναι</span> <span class='ocrx_word' id='word_1_543' title='bbox 3256 2910 3534 2981; x_wconf 82' lang='grc' dir='ltr'>προσῆκεν</span> <span class='ocrx_word' id='word_1_544' title='bbox 3552 2912 3625 2979; x_wconf 75' lang='grc'><strong>’⁸,</strong></span> <span class='ocrx_word' id='word_1_545' title='bbox 3682 2911 3817 2965; x_wconf 75' lang='grc' dir='ltr'>τοῦτ’</span> 
     </span>
    </p>
   </div>
   <div class='ocr_carea' id='block_1_75' title="bbox 2246 2998 3818 3072">
    <p class='ocr_par' dir='ltr' id='par_1_75' title="bbox 2246 2998 3818 3072">
     <span class='ocr_line' id='line_1_75' title="bbox 2246 2998 3818 3072; baseline 0.004 -20"><span class='ocrx_word' id='word_1_546' title='bbox 2246 2998 2461 3068; x_wconf 85' lang='grc' dir='ltr'>ἀφελὼν</span> <span class='ocrx_word' id='word_1_547' title='bbox 2488 2998 2707 3053; x_wconf 71' lang='grc' dir='ltr'>ἔλαττον</span> <span class='ocrx_word' id='word_1_548' title='bbox 2742 3002 2891 3072; x_wconf 84' lang='grc' dir='ltr'>παρὰ</span> <span class='ocrx_word' id='word_1_549' title='bbox 2918 3002 3060 3055; x_wconf 81' lang='grc' dir='ltr'>τοῦτ’</span> <span class='ocrx_word' id='word_1_550' title='bbox 3092 3002 3343 3072; x_wconf 70' lang='grc' dir='ltr'>εἴρηκας.</span> <span class='ocrx_word' id='word_1_551' title='bbox 3375 3004 3498 3056; x_wconf 82' lang='grc' dir='ltr'><strong>Ὀτι</strong></span> <span class='ocrx_word' id='word_1_552' title='bbox 3534 3003 3591 3057; x_wconf 84' lang='grc' dir='ltr'>δὲ</span> <span class='ocrx_word' id='word_1_553' title='bbox 3644 3005 3818 3069; x_wconf 80' lang='grc' dir='ltr'>αὑτοῖς</span> 
     </span>
    </p>
   </div>
   <div class='ocr_carea' id='block_1_76' title="bbox 2247 3090 3820 3164">
    <p class='ocr_par' dir='ltr' id='par_1_76' title="bbox 2247 3090 3820 3164">
     <span class='ocr_line' id='line_1_76' title="bbox 2247 3090 3820 3164; baseline 0.005 -21"><span class='ocrx_word' id='word_1_554' title='bbox 2247 3090 2539 3146; x_wconf 84' lang='grc' dir='ltr'>κολακείαν</span> <span class='ocrx_word' id='word_1_555' title='bbox 2576 3094 2926 3164; x_wconf 76' lang='grc' dir='ltr'>ὲπενηνόχεις</span> <span class='ocrx_word' id='word_1_556' title='bbox 2961 3095 3026 3146; x_wconf 76' lang='grc' dir='ltr'>ἐκ</span> <span class='ocrx_word' id='word_1_557' title='bbox 3077 3094 3268 3148; x_wconf 83' lang='grc' dir='ltr'>τούτου</span> <span class='ocrx_word' id='word_1_558' title='bbox 3294 3096 3365 3161; x_wconf 75' lang='grc'><strong>’⁸,</strong></span> <span class='ocrx_word' id='word_1_559' title='bbox 3422 3096 3542 3160; x_wconf 87' lang='grc' dir='ltr'><strong>πῶς</strong></span> <span class='ocrx_word' id='word_1_560' title='bbox 3580 3098 3681 3150; x_wconf 86' lang='grc' dir='ltr'><strong>οὑκ</strong></span> <span class='ocrx_word' id='word_1_561' title='bbox 3722 3099 3820 3164; x_wconf 76' lang='grc' dir='ltr'><strong>ἔξω</strong></span> 
     </span>
    </p>
   </div>
   <div class='ocr_carea' id='block_1_77' title="bbox 2246 3182 3817 3257">
    <p class='ocr_par' dir='ltr' id='par_1_77' title="bbox 2246 3182 3817 3257">
     <span class='ocr_line' id='line_1_77' title="bbox 2246 3182 3817 3257; baseline 0.005 -23"><span class='ocrx_word' id='word_1_562' title='bbox 2246 3182 2340 3234; x_wconf 84' lang='grc' dir='ltr'>τοῦ</span> <span class='ocrx_word' id='word_1_563' title='bbox 2373 3182 2583 3246; x_wconf 81' lang='grc' dir='ltr'>δέοντος</span> <span class='ocrx_word' id='word_1_564' title='bbox 2609 3184 2858 3254; x_wconf 74' lang='grc' dir='ltr'>εἴρηκας,</span> <span class='ocrx_word' id='word_1_565' title='bbox 2892 3184 2925 3255; x_wconf 81' lang='grc' dir='ltr'>ἢ</span> <span class='ocrx_word' id='word_1_566' title='bbox 2956 3185 3069 3247; x_wconf 88' lang='grc' dir='ltr'><strong>πῶς</strong></span> <span class='ocrx_word' id='word_1_567' title='bbox 3092 3186 3150 3239; x_wconf 86' lang='grc' dir='ltr'><strong>οὑ</strong></span> <span class='ocrx_word' id='word_1_568' title='bbox 3182 3185 3353 3257; x_wconf 82' lang='grc' dir='ltr'>ταύτῃ</span> <span class='ocrx_word' id='word_1_569' title='bbox 3405 3188 3569 3240; x_wconf 80' lang='grc' dir='ltr'>πλέον</span> <span class='ocrx_word' id='word_1_570' title='bbox 3616 3185 3684 3242; x_wconf 73' lang='grc' dir='ltr'>αὖ</span> <span class='ocrx_word' id='word_1_571' title='bbox 3730 3189 3817 3242; x_wconf 76' lang='grc' dir='ltr'>τοῦ</span> 
     </span>
    </p>
   </div>
   <div class='ocr_carea' id='block_1_78' title="bbox 2246 3273 3816 3350">
    <p class='ocr_par' dir='ltr' id='par_1_78' title="bbox 2246 3273 3816 3350">
     <span class='ocr_line' id='line_1_78' title="bbox 2246 3273 3816 3350; baseline 0.004 -22"><span class='ocrx_word' id='word_1_572' title='bbox 2246 3276 2455 3340; x_wconf 85' lang='grc' dir='ltr'>δέοντός</span> <span class='ocrx_word' id='word_1_573' title='bbox 2484 3278 2631 3332; x_wconf 76' lang='grc' dir='ltr'>ἐστιν</span> <span class='ocrx_word' id='word_1_574' title='bbox 2658 3277 2795 3347; x_wconf 75' lang='grc' dir='ltr'>ἔχων</span> <span class='ocrx_word' id='word_1_575' title='bbox 2815 3280 2843 3331; x_wconf 86' lang='grc' dir='ltr'>ὁ</span> <span class='ocrx_word' id='word_1_576' title='bbox 2868 3278 3059 3347; x_wconf 77' lang='grc' dir='ltr'>λόγος;</span> <span class='ocrx_word' id='word_1_577' title='bbox 3098 3278 3256 3348; x_wconf 81' lang='grc' dir='ltr'>Ἐξῆν</span> <span class='ocrx_word' id='word_1_578' title='bbox 3279 3279 3323 3310; x_wconf 81' lang='grc'><strong>⁸³</strong></span> <span class='ocrx_word' id='word_1_579' title='bbox 3351 3280 3479 3350; x_wconf 89' lang='grc' dir='ltr'><strong>γάρ,</strong></span> <span class='ocrx_word' id='word_1_580' title='bbox 3511 3273 3557 3334; x_wconf 79' lang='grc' dir='ltr'><strong>ὦ</strong></span> <span class='ocrx_word' id='word_1_581' title='bbox 3590 3285 3816 3349; x_wconf 78' lang='grc' dir='ltr'>γενναῖε,</span> 
     </span>
    </p>
   </div>
   <div class='ocr_carea' id='block_1_79' title="bbox 2248 3366 3819 3444">
    <p class='ocr_par' dir='ltr' id='par_1_79' title="bbox 2248 3366 3819 3444">
     <span class='ocr_line' id='line_1_79' title="bbox 2248 3366 3819 3444; baseline 0.003 -23"><span class='ocrx_word' id='word_1_582' title='bbox 2248 3369 2496 3431; x_wconf 75' lang='grc' dir='ltr'>καὶτοὺς</span> <span class='ocrx_word' id='word_1_583' title='bbox 2528 3370 2682 3432; x_wconf 85' lang='grc' dir='ltr'>νέους</span> <span class='ocrx_word' id='word_1_584' title='bbox 2713 3369 2958 3430; x_wconf 80' lang='grc' dir='ltr'>δικαίους</span> <span class='ocrx_word' id='word_1_585' title='bbox 2996 3366 3139 3423; x_wconf 83' lang='grc' dir='ltr'>εἶναι</span> <span class='ocrx_word' id='word_1_586' title='bbox 3192 3373 3525 3444; x_wconf 82' lang='grc' dir='ltr'>προτρέπειν</span> <span class='ocrx_word' id='word_1_587' title='bbox 3574 3374 3673 3426; x_wconf 83' lang='grc' dir='ltr'>καὶ</span> <span class='ocrx_word' id='word_1_588' title='bbox 3714 3376 3819 3437; x_wconf 83' lang='grc' dir='ltr'>τοῖς</span> 
     </span>
    </p>
   </div>
   <div class='ocr_carea' id='block_1_80' title="bbox 2249 3456 3818 3532">
    <p class='ocr_par' dir='ltr' id='par_1_80' title="bbox 2249 3456 3818 3532">
     <span class='ocr_line' id='line_1_80' title="bbox 2249 3456 3818 3532; baseline 0.004 -25"><span class='ocrx_word' id='word_1_589' title='bbox 2249 3456 2643 3528; x_wconf 78' lang='grc' dir='ltr'>πρεσϐυτέροις</span> <span class='ocrx_word' id='word_1_590' title='bbox 2682 3458 2751 3511; x_wconf 83' lang='grc' dir='ltr'>τὰ</span> <span class='ocrx_word' id='word_1_591' title='bbox 2796 3458 3081 3530; x_wconf 75' lang='grc' dir='ltr'>πρέποντα</span> <span class='ocrx_word' id='word_1_592' title='bbox 3110 3458 3422 3515; x_wconf 80' lang='grc' dir='ltr'>ἀποδοῦναι.</span> <span class='ocrx_word' id='word_1_593' title='bbox 3473 3462 3589 3515; x_wconf 79' lang='grc' dir='ltr'><strong>Καὶ</strong></span> <span class='ocrx_word' id='word_1_594' title='bbox 3637 3461 3745 3532; x_wconf 76' lang='grc' dir='ltr'>γὰρ</span> <span class='ocrx_word' id='word_1_595' title='bbox 3771 3462 3818 3514; x_wconf 85' lang='grc' dir='ltr'><strong>ει</strong></span> 
     </span>
    </p>
   </div>
   <div class='ocr_carea' id='block_1_81' title="bbox 2254 3544 3818 3619">
    <p class='ocr_par' dir='ltr' id='par_1_81' title="bbox 2254 3544 3818 3619">
     <span class='ocr_line' id='line_1_81' title="bbox 2254 3544 3818 3619; baseline 0.004 -23"><span class='ocrx_word' id='word_1_596' title='bbox 2254 3544 2418 3614; x_wconf 79' lang='grc' dir='ltr'>μηδὲν</span> <span class='ocrx_word' id='word_1_597' title='bbox 2438 3545 2656 3615; x_wconf 73' lang='grc' dir='ltr'>εἴχομεν</span> <span class='ocrx_word' id='word_1_598' title='bbox 2678 3546 2923 3601; x_wconf 74' lang='grc' dir='ltr'>ἐπαινεῖν</span> <span class='ocrx_word' id='word_1_599' title='bbox 2954 3547 3171 3613; x_wconf 79' lang='grc' dir='ltr'>αὐτοὺς,</span> <span class='ocrx_word' id='word_1_600' title='bbox 3206 3548 3323 3601; x_wconf 80' lang='grc' dir='ltr'>ἀλλ’</span> <span class='ocrx_word' id='word_1_601' title='bbox 3360 3549 3489 3619; x_wconf 77' lang='grc' dir='ltr'><strong>ἐξῆν</strong></span> <span class='ocrx_word' id='word_1_602' title='bbox 3543 3566 3609 3617; x_wconf 89' lang='grc' dir='ltr'><strong>γε</strong></span> <span class='ocrx_word' id='word_1_603' title='bbox 3660 3550 3818 3619; x_wconf 81' lang='grc' dir='ltr'>δήπου</span> 
     </span>
    </p>
   </div>
   <div class='ocr_carea' id='block_1_82' title="bbox 2252 3632 3818 3710">
    <p class='ocr_par' dir='ltr' id='par_1_82' title="bbox 2252 3632 3818 3710">
     <span class='ocr_line' id='line_1_82' title="bbox 2252 3632 3818 3710; baseline 0.003 -25"><span class='ocrx_word' id='word_1_604' title='bbox 2252 3636 2428 3705; x_wconf 77' lang='grc' dir='ltr'>σιωπῇ</span> <span class='ocrx_word' id='word_1_605' title='bbox 2448 3632 2758 3703; x_wconf 87' lang='grc' dir='ltr'>παρελθεῖν,</span> <span class='ocrx_word' id='word_1_606' title='bbox 2774 3634 2870 3687; x_wconf 75' lang='grc' dir='ltr'>καὶ</span> <span class='ocrx_word' id='word_1_607' title='bbox 2892 3636 2994 3689; x_wconf 83' lang='grc' dir='ltr'><strong>οὑκ</strong></span> <span class='ocrx_word' id='word_1_608' title='bbox 3010 3636 3233 3706; x_wconf 78' lang='grc' dir='ltr'>ἔμελλες</span> <span class='ocrx_word' id='word_1_609' title='bbox 3259 3636 3519 3707; x_wconf 80' lang='grc' dir='ltr'>ὀφλήσειν</span> <span class='ocrx_word' id='word_1_610' title='bbox 3551 3637 3718 3710; x_wconf 70' lang='grc'><strong>[1512</strong></span> <span class='ocrx_word' id='word_1_611' title='bbox 3736 3635 3818 3710; x_wconf 74' lang='lat'><strong>8.]</strong></span> 
     </span>
    </p>
   </div>
   <div class='ocr_carea' id='block_1_83' title="bbox 2252 3723 3819 3799">
    <p class='ocr_par' dir='ltr' id='par_1_83' title="bbox 2252 3723 3819 3799">
     <span class='ocr_line' id='line_1_83' title="bbox 2252 3723 3819 3799; baseline 0.005 -24"><span class='ocrx_word' id='word_1_612' title='bbox 2252 3723 2497 3792; x_wconf 87' lang='grc' dir='ltr'>ἀλογίου.</span> <span class='ocrx_word' id='word_1_613' title='bbox 2529 3724 2695 3778; x_wconf 86' lang='grc' dir='ltr'>Ἀλλά</span> <span class='ocrx_word' id='word_1_614' title='bbox 2720 3725 2828 3797; x_wconf 80' lang='grc' dir='ltr'>γὰρ</span> <span class='ocrx_word' id='word_1_615' title='bbox 2858 3726 2958 3797; x_wconf 89' lang='grc' dir='ltr'>οὑχ</span> <span class='ocrx_word' id='word_1_616' title='bbox 2991 3727 3073 3780; x_wconf 85' lang='grc' dir='ltr'>ὅτι</span> <span class='ocrx_word' id='word_1_617' title='bbox 3095 3728 3139 3759; x_wconf 72' lang='grc'><strong>’⁸</strong></span> <span class='ocrx_word' id='word_1_618' title='bbox 3161 3729 3385 3782; x_wconf 80' lang='grc' dir='ltr'>Πλάτων</span> <span class='ocrx_word' id='word_1_619' title='bbox 3425 3732 3455 3782; x_wconf 80' lang='grc' dir='ltr'>ὁ</span> <span class='ocrx_word' id='word_1_620' title='bbox 3484 3730 3597 3782; x_wconf 88' lang='grc' dir='ltr'><strong>τῶν</strong></span> <span class='ocrx_word' id='word_1_621' title='bbox 3644 3730 3819 3799; x_wconf 80' lang='grc' dir='ltr'>Ἑλλή-</span> 
     </span>
    </p>
   </div>
   <div class='ocr_carea' id='block_1_84' title="bbox 2252 3814 3819 3889">
    <p class='ocr_par' dir='ltr' id='par_1_84' title="bbox 2252 3814 3819 3889">
     <span class='ocr_line' id='line_1_84' title="bbox 2252 3814 3819 3889; baseline 0.005 -24"><span class='ocrx_word' id='word_1_622' title='bbox 2252 3830 2361 3866; x_wconf 91' lang='grc' dir='ltr'><strong>νων</strong></span> <span class='ocrx_word' id='word_1_623' title='bbox 2390 3814 2645 3867; x_wconf 80' lang='grc' dir='ltr'>τοσοῦτον</span> <span class='ocrx_word' id='word_1_624' title='bbox 2663 3816 2990 3887; x_wconf 80' lang='grc' dir='ltr'>ὑπερφέρων</span> <span class='ocrx_word' id='word_1_625' title='bbox 3046 3818 3390 3883; x_wconf 66' lang='grc' dir='ltr'>καὶνδικαίως</span> <span class='ocrx_word' id='word_1_626' title='bbox 3444 3820 3703 3888; x_wconf 83' lang='grc' dir='ltr'>μέγιστον</span> <span class='ocrx_word' id='word_1_627' title='bbox 3744 3821 3819 3889; x_wconf 78' lang='grc' dir='ltr'><strong>ἐφ’</strong></span> 
     </span>
    </p>
   </div>
   <div class='ocr_carea' id='block_1_85' title="bbox 2253 3903 3821 3981">
    <p class='ocr_par' dir='ltr' id='par_1_85' title="bbox 2253 3903 3821 3981">
     <span class='ocr_line' id='line_1_85' title="bbox 2253 3903 3821 3981; baseline 0.004 -26"><span class='ocrx_word' id='word_1_628' title='bbox 2253 3903 2433 3975; x_wconf 78' lang='grc' dir='ltr'>ἑαυτῷ</span> <span class='ocrx_word' id='word_1_629' title='bbox 2468 3907 2679 3975; x_wconf 80' lang='grc' dir='ltr'>φρονῶν</span> <span class='ocrx_word' id='word_1_630' title='bbox 2706 3907 3086 3978; x_wconf 81' lang='grc' dir='ltr'>κατηγορῆσαί</span> <span class='ocrx_word' id='word_1_631' title='bbox 3122 3925 3286 3981; x_wconf 85' lang='grc' dir='ltr'>τινων</span> <span class='ocrx_word' id='word_1_632' title='bbox 3336 3910 3541 3980; x_wconf 71' lang='grc' dir='ltr'>ἠξίωσε</span> <span class='ocrx_word' id='word_1_633' title='bbox 3610 3911 3821 3981; x_wconf 86' lang='grc' dir='ltr'>μεγέθει</span> 
     </span>
    </p>
   </div>
   <div class='ocr_carea' id='block_1_86' title="bbox 2252 3996 3821 4071">
    <p class='ocr_par' dir='ltr' id='par_1_86' title="bbox 2252 3996 3821 4071">
     <span class='ocr_line' id='line_1_86' title="bbox 2252 3996 3821 4071; baseline 0.004 -25"><span class='ocrx_word' id='word_1_634' title='bbox 2252 3996 2361 4049; x_wconf 68' lang='grc' dir='ltr'>τινὶ</span> <span class='ocrx_word' id='word_1_635' title='bbox 2388 3997 2482 4049; x_wconf 76' lang='grc' dir='ltr'>καὶ</span> <span class='ocrx_word' id='word_1_636' title='bbox 2509 3996 2725 4067; x_wconf 72' lang='grc' dir='ltr'>ἐξουσίᾳ</span> <span class='ocrx_word' id='word_1_637' title='bbox 2758 3998 2993 4065; x_wconf 87' lang='grc' dir='ltr'>φύσεως,</span> <span class='ocrx_word' id='word_1_638' title='bbox 3027 3998 3185 4052; x_wconf 79' lang='grc' dir='ltr'>τοῦτο</span> <span class='ocrx_word' id='word_1_639' title='bbox 3214 4000 3310 4053; x_wconf 78' lang='grc' dir='ltr'>καὶ</span> <span class='ocrx_word' id='word_1_640' title='bbox 3345 3999 3567 4071; x_wconf 75' lang='grc' dir='ltr'>μάλιστ’</span> <span class='ocrx_word' id='word_1_641' title='bbox 3594 4002 3660 4055; x_wconf 80' lang='grc' dir='ltr'><strong>ἀν</strong></span> <span class='ocrx_word' id='word_1_642' title='bbox 3679 4002 3727 4032; x_wconf 76' lang='grc'><strong>’⁸</strong></span> <span class='ocrx_word' id='word_1_643' title='bbox 3745 4018 3821 4064; x_wconf 88' lang='grc' dir='ltr'><strong>τις</strong></span> 
     </span>
    </p>
   </div>
   <div class='ocr_carea' id='block_1_87' title="bbox 2256 4085 3821 4162">
    <p class='ocr_par' dir='ltr' id='par_1_87' title="bbox 2256 4085 3821 4162">
     <span class='ocr_line' id='line_1_87' title="bbox 2256 4085 3821 4162; baseline 0.003 -21"><span class='ocrx_word' id='word_1_644' title='bbox 2256 4085 2711 4157; x_wconf 78' lang='grc' dir='ltr'>ἀγανακτήσειεν,</span> <span class='ocrx_word' id='word_1_645' title='bbox 2742 4088 2857 4144; x_wconf 85' lang='grc' dir='ltr'>ἀλλ’</span> <span class='ocrx_word' id='word_1_646' title='bbox 2890 4090 2973 4144; x_wconf 86' lang='grc' dir='ltr'>ὃτι</span> <span class='ocrx_word' id='word_1_647' title='bbox 3007 4091 3233 4145; x_wconf 72' lang='grc' dir='ltr'>καὶτῶν</span> <span class='ocrx_word' id='word_1_648' title='bbox 3262 4092 3460 4162; x_wconf 75' lang='grc' dir='ltr'>κομιδῇ</span> <span class='ocrx_word' id='word_1_649' title='bbox 3505 4109 3656 4156; x_wconf 83' lang='grc' dir='ltr'>τινες</span> <span class='ocrx_word' id='word_1_650' title='bbox 3681 4092 3821 4146; x_wconf 76' lang='grc' dir='ltr'>οὐδε-</span> 
     </span>
    </p>
   </div>
   <div class='ocr_carea' id='block_1_88' title="bbox 2255 4176 3824 4253">
    <p class='ocr_par' dir='ltr' id='par_1_88' title="bbox 2255 4176 3824 4253">
     <span class='ocr_line' id='line_1_88' title="bbox 2255 4176 3824 4253; baseline 0.004 -24"><span class='ocrx_word' id='word_1_651' title='bbox 2255 4176 2346 4241; x_wconf 85' lang='grc' dir='ltr'><strong>νδς</strong></span> <span class='ocrx_word' id='word_1_652' title='bbox 2376 4177 2544 4241; x_wconf 79' lang='grc' dir='ltr'>ἀξίων</span> <span class='ocrx_word' id='word_1_653' title='bbox 2565 4179 2609 4211; x_wconf 76' lang='grc'><strong><em>’⁸</em></strong></span> <span class='ocrx_word' id='word_1_654' title='bbox 2668 4178 2891 4251; x_wconf 78' lang='grc' dir='ltr'>ἀφορμῇ</span> <span class='ocrx_word' id='word_1_655' title='bbox 2922 4179 3095 4253; x_wconf 78' lang='grc' dir='ltr'>ταύτῃ</span> <span class='ocrx_word' id='word_1_656' title='bbox 3132 4181 3407 4253; x_wconf 83' lang='grc' dir='ltr'>χρώμενοι</span> <span class='ocrx_word' id='word_1_657' title='bbox 3448 4181 3685 4253; x_wconf 73' lang='grc' dir='ltr'>μελέτην</span> <span class='ocrx_word' id='word_1_658' title='bbox 3716 4183 3824 4253; x_wconf 40' lang='grc' dir='ltr'>,ἠδη</span> 
     </span>
    </p>
   </div>
   <div class='ocr_carea' id='block_1_89' title="bbox 2254 4269 3825 4345">
    <p class='ocr_par' dir='ltr' id='par_1_89' title="bbox 2254 4269 3825 4345">
     <span class='ocr_line' id='line_1_89' title="bbox 2254 4269 3825 4345; baseline 0.003 -24"><span class='ocrx_word' id='word_1_659' title='bbox 2254 4269 2317 4322; x_wconf 82' lang='grc' dir='ltr'>τὸ</span> <span class='ocrx_word' id='word_1_660' title='bbox 2344 4271 2577 4340; x_wconf 80' lang='grc' dir='ltr'>πρᾶγμα</span> <span class='ocrx_word' id='word_1_661' title='bbox 2606 4272 2954 4341; x_wconf 82' lang='grc' dir='ltr'>πεποίηνται,</span> <span class='ocrx_word' id='word_1_662' title='bbox 2986 4274 3081 4326; x_wconf 81' lang='grc' dir='ltr'>καὶ</span> <span class='ocrx_word' id='word_1_663' title='bbox 3135 4273 3377 4343; x_wconf 87' lang='grc' dir='ltr'>τολμῶσι</span> <span class='ocrx_word' id='word_1_664' title='bbox 3403 4276 3497 4326; x_wconf 74' lang='grc' dir='ltr'>καὶ</span> <span class='ocrx_word' id='word_1_665' title='bbox 3543 4275 3677 4345; x_wconf 78' lang='grc' dir='ltr'>περὶ</span> <span class='ocrx_word' id='word_1_666' title='bbox 3726 4277 3825 4344; x_wconf 58' lang='lat' dir='ltr'><strong>Anc</strong></span> 
     </span>
    </p>
   </div>
   <div class='ocr_carea' id='block_1_90' title="bbox 2260 4360 3824 4436">
    <p class='ocr_par' dir='ltr' id='par_1_90' title="bbox 2260 4360 3824 4436">
     <span class='ocr_line' id='line_1_90' title="bbox 2260 4360 3824 4436; baseline 0.003 -23"><span class='ocrx_word' id='word_1_667' title='bbox 2260 4360 2558 4432; x_wconf 76' lang='grc' dir='ltr'>μοσθένους</span> <span class='ocrx_word' id='word_1_668' title='bbox 2599 4363 2680 4433; x_wconf 84' lang='grc' dir='ltr'>(δν</span> <span class='ocrx_word' id='word_1_669' title='bbox 2731 4363 2844 4433; x_wconf 74' lang='grc' dir='ltr'><strong>ἐγὼ</strong></span> <span class='ocrx_word' id='word_1_670' title='bbox 2878 4365 3043 4436; x_wconf 86' lang='grc' dir='ltr'>φαίην</span> <span class='ocrx_word' id='word_1_671' title='bbox 3077 4364 3144 4421; x_wconf 78' lang='grc' dir='ltr'>ἂν</span> <span class='ocrx_word' id='word_1_672' title='bbox 3200 4364 3402 4435; x_wconf 84' lang='grc' dir='ltr'><strong>Ἐρμοῦ</strong></span> <span class='ocrx_word' id='word_1_673' title='bbox 3461 4365 3609 4430; x_wconf 79' lang='grc' dir='ltr'>τινὸς</span> <span class='ocrx_word' id='word_1_674' title='bbox 3656 4366 3824 4435; x_wconf 83' lang='grc' dir='ltr'>λογίου</span> 
     </span>
    </p>
   </div>
   <div class='ocr_carea' id='block_1_91' title="bbox 2256 4450 3825 4531">
    <p class='ocr_par' dir='ltr' id='par_1_91' title="bbox 2256 4450 3825 4531">
     <span class='ocr_line' id='line_1_91' title="bbox 2256 4450 3825 4531; baseline 0.003 -26"><span class='ocrx_word' id='word_1_675' title='bbox 2256 4450 2429 4507; x_wconf 85' lang='grc' dir='ltr'>τύπον</span> <span class='ocrx_word' id='word_1_676' title='bbox 2480 4455 2561 4517; x_wconf 82' lang='grc' dir='ltr'><strong>είς</strong></span> <span class='ocrx_word' id='word_1_677' title='bbox 2618 4454 2938 4526; x_wconf 85' lang='grc' dir='ltr'>ἀνθρώπους</span> <span class='ocrx_word' id='word_1_678' title='bbox 2990 4456 3291 4526; x_wconf 84' lang='grc' dir='ltr'>κατελθεῖν)</span> <span class='ocrx_word' id='word_1_679' title='bbox 3341 4458 3370 4511; x_wconf 86' lang='grc' dir='ltr'><strong>ὅ</strong></span> <span class='ocrx_word' id='word_1_680' title='bbox 3404 4475 3459 4511; x_wconf 89' lang='grc' dir='ltr'><strong>τι</strong></span> <span class='ocrx_word' id='word_1_681' title='bbox 3515 4458 3595 4518; x_wconf 76' lang='grc' dir='ltr'>ἂν,</span> <span class='ocrx_word' id='word_1_682' title='bbox 3634 4459 3825 4531; x_wconf 74' lang='grc' dir='ltr'>τύχωσι</span> 
     </span>
    </p>
   </div>
   <div class='ocr_carea' id='block_1_92' title="bbox 574 4540 2142 4630">
    <p class='ocr_par' dir='ltr' id='par_1_92' title="bbox 574 4540 2142 4622">
     <span class='ocr_line' id='line_1_92' title="bbox 574 4540 2142 4622; baseline -0.01 -12"><span class='ocrx_word' id='word_1_683' title='bbox 574 4554 629 4610; x_wconf 89' lang='lat' dir='ltr'><strong>in</strong></span> <span class='ocrx_word' id='word_1_684' title='bbox 682 4565 908 4610; x_wconf 68' lang='lat' dir='ltr'><strong>caeteros</strong></span> <span class='ocrx_word' id='word_1_685' title='bbox 962 4553 1284 4622; x_wconf 86' lang='lat' dir='ltr'><strong>anquirunt,</strong></span> <span class='ocrx_word' id='word_1_686' title='bbox 1329 4550 1383 4604; x_wconf 88' lang='lat' dir='ltr'><strong>in</strong></span> <span class='ocrx_word' id='word_1_687' title='bbox 1433 4560 1492 4603; x_wconf 83' lang='lat' dir='ltr'><strong>se</strong></span> <span class='ocrx_word' id='word_1_688' title='bbox 1537 4558 1847 4614; x_wconf 81' lang='lat' dir='ltr'><strong>nunquam;</strong></span> <span class='ocrx_word' id='word_1_689' title='bbox 1900 4540 2142 4596; x_wconf 76' lang='lat' dir='ltr'><strong>virtutem</strong></span> 
     </span>
    </p>
   </div>
   <div class='ocr_carea' id='block_1_93' title="bbox 2245 4540 3826 4630">
    <p class='ocr_par' dir='ltr' id='par_1_93' title="bbox 2262 4542 3826 4616">
     <span class='ocr_line' id='line_1_93' title="bbox 2262 4542 3826 4616; baseline 0.001 -19"><span class='ocrx_word' id='word_1_690' title='bbox 2262 4542 2625 4616; x_wconf 81' lang='grc' dir='ltr'>βλασφημεῖν.</span> <span class='ocrx_word' id='word_1_691' title='bbox 2652 4547 2847 4601; x_wconf 85' lang='grc' dir='ltr'>Καίτοι</span> <span class='ocrx_word' id='word_1_692' title='bbox 2872 4550 2958 4613; x_wconf 82' lang='grc' dir='ltr'><strong>τίς</strong></span> <span class='ocrx_word' id='word_1_693' title='bbox 2982 4548 3048 4603; x_wconf 81' lang='grc' dir='ltr'><strong>ἀν</strong></span> <span class='ocrx_word' id='word_1_694' title='bbox 3082 4549 3159 4609; x_wconf 75' lang='grc' dir='ltr'><strong>είς</strong></span> <span class='ocrx_word' id='word_1_695' title='bbox 3186 4548 3393 4612; x_wconf 80' lang='grc' dir='ltr'>ζῶντας</span> <span class='ocrx_word' id='word_1_696' title='bbox 3420 4548 3594 4602; x_wconf 82' lang='grc' dir='ltr'>τελῶν</span> <span class='ocrx_word' id='word_1_697' title='bbox 3632 4552 3826 4601; x_wconf 81' lang='grc' dir='ltr'>τούτων</span> 
     </span>
    </p>
   </div>
   <div class='ocr_carea' id='block_1_94' title="bbox 572 4636 2142 4718">
    <p class='ocr_par' dir='ltr' id='par_1_94' title="bbox 572 4637 2142 4718">
     <span class='ocr_line' id='line_1_94' title="bbox 572 4637 2142 4718; baseline -0.01 -12"><span class='ocrx_word' id='word_1_698' title='bbox 572 4649 872 4718; x_wconf 79' lang='lat' dir='ltr'><strong>extollunt,</strong></span> <span class='ocrx_word' id='word_1_699' title='bbox 920 4663 1026 4705; x_wconf 92' lang='lat' dir='ltr'><strong>non</strong></span> <span class='ocrx_word' id='word_1_700' title='bbox 1074 4654 1362 4710; x_wconf 79' lang='lat' dir='ltr'><strong>exercent;</strong></span> <span class='ocrx_word' id='word_1_701' title='bbox 1417 4642 1539 4713; x_wconf 73' lang='lat' dir='ltr'><strong>vagi</strong></span> <span class='ocrx_word' id='word_1_702' title='bbox 1592 4638 1948 4695; x_wconf 86' lang='lat' dir='ltr'><strong>obambulant</strong></span> <span class='ocrx_word' id='word_1_703' title='bbox 1986 4654 2001 4693; x_wconf 88' lang='lat'><strong>:</strong></span> <span class='ocrx_word' id='word_1_704' title='bbox 2045 4637 2142 4692; x_wconf 75' lang='lat' dir='ltr'><strong>vita</strong></span> 
     </span>
    </p>
   </div>
   <div class='ocr_carea' id='block_1_95' title="bbox 2245 4636 3825 4718">
    <p class='ocr_par' dir='ltr' id='par_1_95' title="bbox 2258 4636 3825 4710">
     <span class='ocr_line' id='line_1_95' title="bbox 2258 4636 3825 4710; baseline 0 -19"><span class='ocrx_word' id='word_1_705' title='bbox 2258 4636 2581 4707; x_wconf 86' lang='grc' dir='ltr'>ἀνάσχοιτο;</span> <span class='ocrx_word' id='word_1_706' title='bbox 2607 4636 2655 4689; x_wconf 80' lang='grc' dir='ltr'>οἳ</span> <span class='ocrx_word' id='word_1_707' title='bbox 2682 4637 2853 4692; x_wconf 87' lang='grc' dir='ltr'>πλείω</span> <span class='ocrx_word' id='word_1_708' title='bbox 2884 4640 2982 4709; x_wconf 81' lang='grc' dir='ltr'>μὲν</span> <span class='ocrx_word' id='word_1_709' title='bbox 3008 4639 3397 4704; x_wconf 75' lang='grc' dir='ltr'>σολοικίζουσιν</span> <span class='ocrx_word' id='word_1_710' title='bbox 3424 4640 3457 4710; x_wconf 72' lang='grc' dir='ltr'>ἢ</span> <span class='ocrx_word' id='word_1_711' title='bbox 3483 4640 3825 4708; x_wconf 81' lang='grc' dir='ltr'>φθέγγονται,</span> 
     </span>
    </p>
   </div>
   <div class='ocr_carea' id='block_1_96' title="bbox 573 4730 2142 4810">
    <p class='ocr_par' dir='ltr' id='par_1_96' title="bbox 573 4731 2142 4810">
     <span class='ocr_line' id='line_1_96' title="bbox 573 4731 2142 4810; baseline -0.008 -12"><span class='ocrx_word' id='word_1_712' title='bbox 573 4744 868 4799; x_wconf 73' lang='lat' dir='ltr'><strong>simulacra</strong></span> <span class='ocrx_word' id='word_1_713' title='bbox 903 4739 1307 4810; x_wconf 56' lang='lat' dir='ltr'><strong>carentum”);</strong></span> <span class='ocrx_word' id='word_1_714' title='bbox 1340 4732 1704 4798; x_wconf 84' lang='lat' dir='ltr'><strong>Hesiodifuci,</strong></span> <span class='ocrx_word' id='word_1_715' title='bbox 1740 4731 2049 4789; x_wconf 84' lang='lat' dir='ltr'><strong>Archilochi</strong></span> <span class='ocrx_word' id='word_1_716' title='bbox 2082 4731 2142 4787; x_wconf 80' lang='lat' dir='ltr'><strong>si-</strong></span> 
     </span>
    </p>
   </div>
   <div class='ocr_carea' id='block_1_97' title="bbox 2245 4730 3826 4810">
    <p class='ocr_par' dir='ltr' id='par_1_97' title="bbox 2262 4730 3826 4804">
     <span class='ocr_line' id='line_1_97' title="bbox 2262 4730 3826 4804; baseline 0.001 -22"><span class='ocrx_word' id='word_1_717' title='bbox 2262 4730 2573 4802; x_wconf 83' lang='grc' dir='ltr'>ὑπερορῶσι</span> <span class='ocrx_word' id='word_1_718' title='bbox 2602 4730 2660 4785; x_wconf 76' lang='grc' dir='ltr'>δὲ</span> <span class='ocrx_word' id='word_1_719' title='bbox 2698 4730 2809 4784; x_wconf 88' lang='grc' dir='ltr'><strong>τῶν</strong></span> <span class='ocrx_word' id='word_1_720' title='bbox 2862 4731 3036 4785; x_wconf 85' lang='grc' dir='ltr'>ἀλλων</span> <span class='ocrx_word' id='word_1_721' title='bbox 3075 4734 3200 4785; x_wconf 82' lang='grc' dir='ltr'>ὅσον</span> <span class='ocrx_word' id='word_1_722' title='bbox 3237 4734 3420 4797; x_wconf 83' lang='grc' dir='ltr'>αὑτοῖς</span> <span class='ocrx_word' id='word_1_723' title='bbox 3462 4733 3826 4804; x_wconf 79' lang='grc' dir='ltr'>ὑπερορᾶσθαι</span> 
     </span>
    </p>
   </div>
   <div class='ocr_carea' id='block_1_98' title="bbox 578 4821 2142 4901">
    <p class='ocr_par' dir='ltr' id='par_1_98' title="bbox 578 4822 2142 4901">
     <span class='ocr_line' id='line_1_98' title="bbox 578 4822 2142 4901; baseline -0.008 -12"><span class='ocrx_word' id='word_1_724' title='bbox 578 4837 718 4901; x_wconf 65' lang='lat' dir='ltr'><strong>inim,</strong></span> <span class='ocrx_word' id='word_1_725' title='bbox 754 4834 964 4890; x_wconf 87' lang='lat' dir='ltr'><strong>duabus</strong></span> <span class='ocrx_word' id='word_1_726' title='bbox 991 4832 1185 4888; x_wconf 84' lang='lat' dir='ltr'><strong>formis</strong></span> <span class='ocrx_word' id='word_1_727' title='bbox 1216 4843 1314 4899; x_wconf 91' lang='lat' dir='ltr'><strong>pro</strong></span> <span class='ocrx_word' id='word_1_728' title='bbox 1350 4827 1521 4881; x_wconf 88' lang='lat' dir='ltr'><strong>tribus</strong></span> <span class='ocrx_word' id='word_1_729' title='bbox 1550 4840 1730 4880; x_wconf 64' lang='lat' dir='ltr'><strong>vaccae</strong></span> <span class='ocrx_word' id='word_1_730' title='bbox 1760 4822 1978 4893; x_wconf 70' lang='lat' dir='ltr'><strong>tragica:</strong></span> <span class='ocrx_word' id='word_1_731' title='bbox 2016 4837 2142 4893; x_wconf 76' lang='lat' dir='ltr'><strong>pra:-</strong></span> 
     </span>
    </p>
   </div>
   <div class='ocr_carea' id='block_1_99' title="bbox 2245 4821 3825 4901">
    <p class='ocr_par' dir='ltr' id='par_1_99' title="bbox 2261 4821 3825 4894">
     <span class='ocr_line' id='line_1_99' title="bbox 2261 4821 3825 4894; baseline 0.002 -20"><span class='ocrx_word' id='word_1_732' title='bbox 2261 4824 2550 4893; x_wconf 77' lang='grc' dir='ltr'>προσήκει.</span> <span class='ocrx_word' id='word_1_733' title='bbox 2578 4821 2689 4874; x_wconf 73' lang='grc' dir='ltr'><strong>Καὶ</strong></span> <span class='ocrx_word' id='word_1_734' title='bbox 2722 4822 2848 4886; x_wconf 80' lang='grc' dir='ltr'>τοὺς</span> <span class='ocrx_word' id='word_1_735' title='bbox 2864 4824 2909 4856; x_wconf 78' lang='grc'><strong>⁸⁷</strong></span> <span class='ocrx_word' id='word_1_736' title='bbox 2944 4825 3043 4894; x_wconf 87' lang='grc' dir='ltr'>μὲν</span> <span class='ocrx_word' id='word_1_737' title='bbox 3090 4823 3286 4887; x_wconf 77' lang='grc' dir='ltr'>ἄλλους</span> <span class='ocrx_word' id='word_1_738' title='bbox 3319 4825 3688 4890; x_wconf 75' lang='grc' dir='ltr'>ἐξετάζουσιν,</span> <span class='ocrx_word' id='word_1_739' title='bbox 3742 4826 3825 4878; x_wconf 64' lang='grc' dir='ltr'><strong>αύι</strong></span> 
     </span>
    </p>
   </div>
   <div class='ocr_carea' id='block_1_100' title="bbox 578 4914 2142 4990">
    <p class='ocr_par' dir='ltr' id='par_1_100' title="bbox 578 4914 2142 4990">
     <span class='ocr_line' id='line_1_100' title="bbox 578 4914 2142 4990; baseline -0.008 -11"><span class='ocrx_word' id='word_1_740' title='bbox 578 4925 696 4979; x_wconf 91' lang='lat' dir='ltr'><strong>diti.</strong></span> <span class='ocrx_word' id='word_1_741' title='bbox 730 4923 831 4990; x_wconf 86' lang='lat' dir='ltr'><strong>Qui</strong></span> <span class='ocrx_word' id='word_1_742' title='bbox 862 4938 984 4977; x_wconf 88' lang='lat' dir='ltr'><strong>cmn</strong></span> <span class='ocrx_word' id='word_1_743' title='bbox 1016 4936 1075 4975; x_wconf 88' lang='lat' dir='ltr'><strong>se</strong></span> <span class='ocrx_word' id='word_1_744' title='bbox 1104 4919 1223 4976; x_wconf 83' lang='lat' dir='ltr'><strong>Jovi</strong></span> <span class='ocrx_word' id='word_1_745' title='bbox 1257 4926 1452 4987; x_wconf 77' lang='lat' dir='ltr'><strong>negent</strong></span> <span class='ocrx_word' id='word_1_746' title='bbox 1481 4917 1697 4977; x_wconf 78' lang='lat' dir='ltr'><strong>cedere,</strong></span> <span class='ocrx_word' id='word_1_747' title='bbox 1727 4914 1952 4981; x_wconf 81' lang='lat' dir='ltr'><strong>pecunia</strong></span> <span class='ocrx_word' id='word_1_748' title='bbox 1984 4920 2142 4967; x_wconf 89' lang='lat' dir='ltr'><strong>tanto-</strong></span> 
     </span>
    </p>
   </div>
   <div class='ocr_carea' id='block_1_101' title="bbox 2245 4914 3824 4990">
    <p class='ocr_par' dir='ltr' id='par_1_101' title="bbox 2260 4914 3824 4986">
     <span class='ocr_line' id='line_1_101' title="bbox 2260 4914 3824 4986; baseline -0.001 -19"><span class='ocrx_word' id='word_1_749' title='bbox 2260 4915 2385 4977; x_wconf 75' lang='grc' dir='ltr'>τοὺς</span> <span class='ocrx_word' id='word_1_750' title='bbox 2412 4914 2469 4966; x_wconf 80' lang='grc' dir='ltr'>δὲ</span> <span class='ocrx_word' id='word_1_751' title='bbox 2492 4916 2552 4967; x_wconf 89' lang='grc' dir='ltr'><strong>οὑ</strong></span> <span class='ocrx_word' id='word_1_752' title='bbox 2584 4914 2808 4969; x_wconf 85' lang='grc' dir='ltr'>πώποτε</span> <span class='ocrx_word' id='word_1_753' title='bbox 2842 4916 3085 4985; x_wconf 77' lang='grc' dir='ltr'>ἠξίωσαν</span> <span class='ocrx_word' id='word_1_754' title='bbox 3106 4918 3171 4970; x_wconf 75' lang='grc'><strong>³⁸.</strong></span> <span class='ocrx_word' id='word_1_755' title='bbox 3206 4917 3317 4969; x_wconf 74' lang='grc' dir='ltr'><strong>Καὶ</strong></span> <span class='ocrx_word' id='word_1_756' title='bbox 3367 4916 3694 4986; x_wconf 48' lang='grc' dir='ltr'>σεμνύνουσι</span> <span class='ocrx_word' id='word_1_757' title='bbox 3736 4916 3824 4986; x_wconf 79' lang='grc' dir='ltr'>μὲν</span> 
     </span>
    </p>
   </div>
   <div class='ocr_carea' id='block_1_102' title="bbox 578 5005 2142 5087">
    <p class='ocr_par' dir='ltr' id='par_1_102' title="bbox 578 5005 2142 5087">
     <span class='ocr_line' id='line_1_102' title="bbox 578 5005 2142 5087; baseline -0.008 -15"><span class='ocrx_word' id='word_1_758' title='bbox 578 5031 706 5087; x_wconf 89' lang='lat' dir='ltr'><strong>pere</strong></span> <span class='ocrx_word' id='word_1_759' title='bbox 740 5017 1053 5080; x_wconf 85' lang='lat' dir='ltr'><strong>vincuntur,</strong></span> <span class='ocrx_word' id='word_1_760' title='bbox 1085 5021 1141 5068; x_wconf 91' lang='lat' dir='ltr'><strong>et</strong></span> <span class='ocrx_word' id='word_1_761' title='bbox 1172 5010 1293 5065; x_wconf 87' lang='lat' dir='ltr'><strong>aliis</strong></span> <span class='ocrx_word' id='word_1_762' title='bbox 1323 5006 1689 5063; x_wconf 82' lang='lat' dir='ltr'><strong>convitiantur</strong></span> <span class='ocrx_word' id='word_1_763' title='bbox 1719 5022 1733 5059; x_wconf 90' lang='lat'><strong>:</strong></span> <span class='ocrx_word' id='word_1_764' title='bbox 1762 5019 1868 5058; x_wconf 91' lang='lat' dir='ltr'><strong>non</strong></span> <span class='ocrx_word' id='word_1_765' title='bbox 1896 5005 2038 5074; x_wconf 86' lang='lat' dir='ltr'><strong>quod</strong></span> <span class='ocrx_word' id='word_1_766' title='bbox 2076 5020 2142 5060; x_wconf 57' lang='lat' dir='ltr'><strong>re</strong></span> 
     </span>
    </p>
   </div>
   <div class='ocr_carea' id='block_1_103' title="bbox 2245 5005 3824 5087">
    <p class='ocr_par' dir='ltr' id='par_1_103' title="bbox 2263 5005 3824 5079">
     <span class='ocr_line' id='line_1_103' title="bbox 2263 5005 3824 5079; baseline 0.003 -21"><span class='ocrx_word' id='word_1_767' title='bbox 2263 5005 2363 5076; x_wconf 83' lang='grc' dir='ltr'>τὴν</span> <span class='ocrx_word' id='word_1_768' title='bbox 2392 5006 2617 5078; x_wconf 79' lang='grc' dir='ltr'>ἀρετὴν,</span> <span class='ocrx_word' id='word_1_769' title='bbox 2644 5008 2872 5062; x_wconf 81' lang='grc' dir='ltr'>ἀσκοῦσι</span> <span class='ocrx_word' id='word_1_770' title='bbox 2901 5009 2944 5062; x_wconf 88' lang='grc' dir='ltr'>δ’</span> <span class='ocrx_word' id='word_1_771' title='bbox 2994 5008 3078 5075; x_wconf 83' lang='grc' dir='ltr'>οὒ,</span> <span class='ocrx_word' id='word_1_772' title='bbox 3134 5012 3519 5079; x_wconf 84' lang='grc' dir='ltr'>περιέρχονται</span> <span class='ocrx_word' id='word_1_773' title='bbox 3561 5010 3620 5063; x_wconf 85' lang='grc' dir='ltr'>δὲ</span> <span class='ocrx_word' id='word_1_774' title='bbox 3665 5010 3824 5070; x_wconf 73' lang='grc' dir='ltr'>ἄλλως</span> 
     </span>
    </p>
   </div>
   <div class='ocr_carea' id='block_1_104' title="bbox 1874 5144 2553 5205">
    <p class='ocr_par' dir='ltr' id='par_1_104' title="bbox 1874 5144 2553 5205">
     <span class='ocr_line' id='line_1_104' title="bbox 1874 5144 2553 5205; baseline 0.006 -5"><span class='ocrx_word' id='word_1_775' title='bbox 1874 5144 2114 5201; x_wconf 68' lang='grc' dir='ltr'><strong>ἾΑΒΙᾸΞ.</strong></span> <span class='ocrx_word' id='word_1_776' title='bbox 2148 5146 2553 5205; x_wconf 83' lang='lat' dir='ltr'><strong>LECTIONES.</strong></span> 
     </span>
    </p>
   </div>
   <div class='ocr_carea' id='block_1_105' title="bbox 653 5256 3826 5369">
    <p class='ocr_par' dir='ltr' id='par_1_105' title="bbox 653 5256 3826 5369">
     <span class='ocr_line' id='line_1_105' title="bbox 653 5256 3826 5369; baseline -0.003 -47"><span class='ocrx_word' id='word_1_777' title='bbox 653 5267 747 5323; x_wconf 83' lang='grc' dir='ltr'>⁶δέ</span> <span class='ocrx_word' id='word_1_778' title='bbox 789 5266 926 5369; x_wconf 51' lang='grc' dir='ltr'>τιξδ⁹</span> <span class='ocrx_word' id='word_1_779' title='bbox 963 5267 1043 5321; x_wconf 76' lang='grc' dir='ltr'>ἔτι</span> <span class='ocrx_word' id='word_1_780' title='bbox 1080 5284 1143 5331; x_wconf 82' lang='grc' dir='ltr'>ς.</span> <span class='ocrx_word' id='word_1_781' title='bbox 1216 5266 1237 5299; x_wconf 85' lang='grc'><strong>⁷</strong></span> <span class='ocrx_word' id='word_1_782' title='bbox 1265 5264 1374 5336; x_wconf 79' lang='grc' dir='ltr'>γὰρ</span> <span class='ocrx_word' id='word_1_783' title='bbox 1417 5276 1527 5317; x_wconf 89' lang='lat' dir='ltr'><strong>om.</strong></span> <span class='ocrx_word' id='word_1_784' title='bbox 1596 5260 1663 5315; x_wconf 85' lang='lat' dir='ltr'><strong>A.</strong></span> <span class='ocrx_word' id='word_1_785' title='bbox 1743 5259 1765 5290; x_wconf 82' lang='grc'><strong>⁸</strong></span> <span class='ocrx_word' id='word_1_786' title='bbox 1796 5259 1856 5311; x_wconf 87' lang='grc' dir='ltr'><strong>οὑ</strong></span> <span class='ocrx_word' id='word_1_787' title='bbox 1876 5256 1977 5329; x_wconf 86' lang='grc' dir='ltr'>δεῖ]</span> <span class='ocrx_word' id='word_1_788' title='bbox 2008 5275 2060 5327; x_wconf 91' lang='lat' dir='ltr'><strong>p.</strong></span> <span class='ocrx_word' id='word_1_789' title='bbox 2120 5259 2244 5314; x_wconf 71' lang='grc'><strong>486.</strong></span> <span class='ocrx_word' id='word_1_790' title='bbox 2322 5260 2344 5291; x_wconf 86' lang='grc'><strong>⁹</strong></span> <span class='ocrx_word' id='word_1_791' title='bbox 2373 5260 2508 5345; x_wconf 70' lang='grc' dir='ltr'>τοὺς</span> <span class='ocrx_word' id='word_1_792' title='bbox 2527 5276 2634 5315; x_wconf 90' lang='lat' dir='ltr'><strong>om.</strong></span> <span class='ocrx_word' id='word_1_793' title='bbox 2690 5262 2755 5316; x_wconf 84' lang='lat' dir='ltr'><strong>A.</strong></span> <span class='ocrx_word' id='word_1_794' title='bbox 2795 5262 2838 5293; x_wconf 80' lang='grc'><strong>¹⁰</strong></span> <span class='ocrx_word' id='word_1_795' title='bbox 2872 5260 2965 5314; x_wconf 79' lang='grc' dir='ltr'>τοῦ</span> <span class='ocrx_word' id='word_1_796' title='bbox 2996 5260 3038 5313; x_wconf 83' lang='grc' dir='ltr'><strong>Α</strong></span> <span class='ocrx_word' id='word_1_797' title='bbox 3075 5276 3088 5311; x_wconf 89' lang='lat'><strong>:</strong></span> <span class='ocrx_word' id='word_1_798' title='bbox 3124 5260 3211 5312; x_wconf 79' lang='grc' dir='ltr'>τὸν</span> <span class='ocrx_word' id='word_1_799' title='bbox 3251 5277 3309 5323; x_wconf 85' lang='grc' dir='ltr'>ς.</span> <span class='ocrx_word' id='word_1_800' title='bbox 3395 5260 3433 5289; x_wconf 87' lang='grc'>¹¹</span> <span class='ocrx_word' id='word_1_801' title='bbox 3459 5261 3550 5312; x_wconf 79' lang='grc' dir='ltr'>καὶ</span> <span class='ocrx_word' id='word_1_802' title='bbox 3590 5258 3826 5313; x_wconf 77' lang='grc' dir='ltr'>πολιτικᾶ</span> 
     </span>
     <span class='ocr_line' id='line_1_106' title="bbox 653 5329 3826 5369; baseline 0 0"><span class='ocrx_word' id='word_1_803' title='bbox 653 5356 666 5369; x_wconf 80' lang='lat'><strong>.</strong></span> <span class='ocrx_word' id='word_1_804' title='bbox 717 5343 742 5369; x_wconf 76' lang='grc' dir='ltr'><strong>Α</strong></span> <span class='ocrx_word' id='word_1_805' title='bbox 874 5342 894 5369; x_wconf 77' lang='grc' dir='ltr'><strong>ι</strong></span> <span class='ocrx_word' id='word_1_806' title='bbox 926 5338 1062 5369; x_wconf 69' lang='lat' dir='ltr'><strong>nm</strong></span> <span class='ocrx_word' id='word_1_807' title='bbox 1114 5353 1144 5369; x_wconf 77' lang='grc' dir='ltr'>η</span> <span class='ocrx_word' id='word_1_808' title='bbox 1202 5336 1300 5369; x_wconf 67' lang='lat' dir='ltr'><strong>“tu</strong></span> <span class='ocrx_word' id='word_1_809' title='bbox 1385 5335 1427 5367; x_wconf 76' lang='lat' dir='ltr'><strong>II</strong></span> <span class='ocrx_word' id='word_1_810' title='bbox 1452 5332 1561 5369; x_wconf 59' lang='lat' dir='ltr'><strong>nam</strong></span> <span class='ocrx_word' id='word_1_811' title='bbox 1647 5331 1691 5363; x_wconf 71' lang='grc' dir='ltr'>ιδ</span> <span class='ocrx_word' id='word_1_812' title='bbox 1715 5330 1955 5369; x_wconf 71' lang='lat' dir='ltr'><strong>vcfonmu</strong></span> <span class='ocrx_word' id='word_1_813' title='bbox 1988 5346 2073 5369; x_wconf 87' lang='lat' dir='ltr'><strong>nm</strong></span> <span class='ocrx_word' id='word_1_814' title='bbox 2138 5334 2168 5369; x_wconf 85' lang='grc' dir='ltr'><strong>Δ</strong></span> <span class='ocrx_word' id='word_1_815' title='bbox 2260 5331 2303 5363; x_wconf 73' lang='grc' dir='ltr'><strong><em>η</em></strong></span> <span class='ocrx_word' id='word_1_816' title='bbox 2327 5331 2519 5369; x_wconf 66' lang='grc' dir='ltr'><strong>ἀυηίκν</strong></span> <span class='ocrx_word' id='word_1_817' title='bbox 2574 5348 2610 5369; x_wconf 70' lang='grc' dir='ltr'><strong>π</strong></span> <span class='ocrx_word' id='word_1_818' title='bbox 2656 5349 2686 5369; x_wconf 74' lang='grc' dir='ltr'><strong>η-</strong></span> <span class='ocrx_word' id='word_1_819' title='bbox 2741 5348 2904 5369; x_wconf 72' lang='grc' dir='ltr'><strong>ηνυτου</strong></span> <span class='ocrx_word' id='word_1_820' title='bbox 2931 5347 3015 5369; x_wconf 83' lang='lat' dir='ltr'><strong>nul</strong></span> <span class='ocrx_word' id='word_1_821' title='bbox 3068 5334 3098 5369; x_wconf 80' lang='grc' dir='ltr'><strong>Δ</strong></span> <span class='ocrx_word' id='word_1_822' title='bbox 3179 5330 3220 5361; x_wconf 71' lang='grc' dir='ltr'>ιθ</span> <span class='ocrx_word' id='word_1_823' title='bbox 3250 5329 3502 5369; x_wconf 67' lang='grc' dir='ltr'>ω’,δέπητκ</span> <span class='ocrx_word' id='word_1_824' title='bbox 3551 5331 3580 5369; x_wconf 61' lang='grc' dir='ltr'><strong>Α</strong></span> <span class='ocrx_word' id='word_1_825' title='bbox 3678 5331 3826 5369; x_wconf 74' lang='lat' dir='ltr'><strong>&quot;nu-</strong></span> 
     </span>
    </p>
   </div>
   <div class='ocr_carea' id='block_1_106' title="bbox 578 5329 3827 5410">
    <p class='ocr_par' dir='ltr' id='par_1_106' title="bbox 578 5329 3827 5410">
     <span class='ocr_line' id='line_1_107' title="bbox 578 5329 3827 5410; baseline -0.004 -14"><span class='ocrx_word' id='word_1_826' title='bbox 578 5343 774 5397; x_wconf 75' lang='lat' dir='ltr'><strong>om.A.</strong></span> <span class='ocrx_word' id='word_1_827' title='bbox 846 5329 905 5410; x_wconf 46' lang='lat' dir='ltr'><strong>if</strong></span> <span class='ocrx_word' id='word_1_828' title='bbox 925 5338 1064 5410; x_wconf 80' lang='grc' dir='ltr'>ἀλλ’]</span> <span class='ocrx_word' id='word_1_829' title='bbox 1092 5329 1165 5410; x_wconf 25' lang='lat' dir='ltr'><strong>ip.</strong></span> <span class='ocrx_word' id='word_1_830' title='bbox 1197 5329 1355 5410; x_wconf 30' lang='lat'><strong>{89;</strong></span> <span class='ocrx_word' id='word_1_831' title='bbox 1385 5335 1427 5367; x_wconf 80' lang='grc'><strong><em>⁸³</em></strong></span> <span class='ocrx_word' id='word_1_832' title='bbox 1452 5332 1584 5410; x_wconf 51' lang='grc' dir='ltr'>οὑδς.</span> <span class='ocrx_word' id='word_1_833' title='bbox 1647 5330 1955 5410; x_wconf 28' lang='grc' dir='ltr'>¹ξμχείροσιν</span> <span class='ocrx_word' id='word_1_834' title='bbox 1988 5346 2094 5410; x_wconf 74' lang='lat' dir='ltr'><strong>qm.</strong></span> <span class='ocrx_word' id='word_1_835' title='bbox 2259 5331 2303 5410; x_wconf 35' lang='lat' dir='ltr'><strong>l“</strong></span> <span class='ocrx_word' id='word_1_836' title='bbox 2327 5329 2540 5410; x_wconf 66' lang='lat' dir='ltr'><strong>dvaicr&#39;x.</strong></span> <span class='ocrx_word' id='word_1_837' title='bbox 2574 5348 2706 5410; x_wconf 63' lang='lat' dir='ltr'><strong>rt_._&#39;c.</strong></span> <span class='ocrx_word' id='word_1_838' title='bbox 2741 5348 2904 5410; x_wconf 75' lang='grc' dir='ltr'>φασιν</span> <span class='ocrx_word' id='word_1_839' title='bbox 2931 5347 3038 5410; x_wconf 65' lang='lat' dir='ltr'><strong>quin.</strong></span> <span class='ocrx_word' id='word_1_840' title='bbox 3063 5334 3127 5410; x_wconf 34' lang='grc' dir='ltr'><strong>Α..</strong></span> <span class='ocrx_word' id='word_1_841' title='bbox 3179 5329 3505 5410; x_wconf 31' lang='lat' dir='ltr'><strong>“labefacta.</strong></span> <span class='ocrx_word' id='word_1_842' title='bbox 3542 5331 3609 5383; x_wconf 77' lang='grc' dir='ltr'><strong>Α.</strong></span> <span class='ocrx_word' id='word_1_843' title='bbox 3678 5331 3827 5410; x_wconf 55' lang='lat' dir='ltr'><strong>&quot;Jac-</strong></span> 
     </span>
    </p>
   </div>
   <div class='ocr_carea' id='block_1_107' title="bbox 581 5399 3826 5482">
    <p class='ocr_par' dir='ltr' id='par_1_107' title="bbox 581 5399 3826 5482">
     <span class='ocr_line' id='line_1_108' title="bbox 581 5399 3826 5482; baseline -0.004 -18"><span class='ocrx_word' id='word_1_844' title='bbox 581 5412 752 5482; x_wconf 86' lang='grc' dir='ltr'>ρίους,</span> <span class='ocrx_word' id='word_1_845' title='bbox 788 5408 978 5482; x_wconf 74' lang='grc' dir='ltr'>παιδία</span> <span class='ocrx_word' id='word_1_846' title='bbox 994 5399 1064 5482; x_wconf 53' lang='lat' dir='ltr'><strong>gf</strong></span> <span class='ocrx_word' id='word_1_847' title='bbox 1189 5402 1588 5482; x_wconf 36' lang='grc' dir='ltr'><strong>εἱταμρηιιεξιἒ</strong></span> <span class='ocrx_word' id='word_1_848' title='bbox 1641 5402 1709 5482; x_wconf 41' lang='grc'><strong>,³⁵</strong></span> <span class='ocrx_word' id='word_1_849' title='bbox 1734 5399 1828 5482; x_wconf 63' lang='grc' dir='ltr'>τος)</span> <span class='ocrx_word' id='word_1_850' title='bbox 1854 5415 1968 5482; x_wconf 69' lang='lat' dir='ltr'><strong>om.</strong></span> <span class='ocrx_word' id='word_1_851' title='bbox 1998 5399 2063 5453; x_wconf 86' lang='lat' dir='ltr'><strong>A.</strong></span> <span class='ocrx_word' id='word_1_852' title='bbox 2100 5401 2179 5482; x_wconf 41' lang='lat'><strong>.’°</strong></span> <span class='ocrx_word' id='word_1_853' title='bbox 2203 5401 2432 5482; x_wconf 57' lang='grc' dir='ltr'>ποτερρν</span> <span class='ocrx_word' id='word_1_854' title='bbox 2465 5399 2971 5482; x_wconf 47' lang='grc' dir='ltr'>Ᾱζη²¹“προσῆκεν]</span> <span class='ocrx_word' id='word_1_855' title='bbox 3013 5400 3161 5482; x_wconf 38' lang='grc' dir='ltr'>,πρὸς</span> <span class='ocrx_word' id='word_1_856' title='bbox 3214 5401 3326 5482; x_wconf 46' lang='grc' dir='ltr'><strong>Α...</strong></span> <span class='ocrx_word' id='word_1_857' title='bbox 3346 5400 3607 5482; x_wconf 47' lang='grc' dir='ltr'>’δ’τούτου</span> <span class='ocrx_word' id='word_1_858' title='bbox 3640 5400 3732 5452; x_wconf 81' lang='grc' dir='ltr'>τοῦ</span> 
     </span>
    </p>
   </div>
   <div class='ocr_carea' id='block_1_108' title="bbox 591 5469 3809 5555">
    <p class='ocr_par' dir='ltr' id='par_1_108' title="bbox 591 5469 3809 5555">
     <span class='ocr_line' id='line_1_109' title="bbox 591 5469 3809 5555; baseline -0.005 -20"><span class='ocrx_word' id='word_1_859' title='bbox 591 5469 637 5515; x_wconf 56' lang='grc'><strong>⁵³</strong></span> <span class='ocrx_word' id='word_1_860' title='bbox 661 5469 817 5555; x_wconf 68' lang='grc' dir='ltr'><strong>ἐξῆν]</strong></span> <span class='ocrx_word' id='word_1_861' title='bbox 848 5497 903 5551; x_wconf 89' lang='lat' dir='ltr'><strong>p.</strong></span> <span class='ocrx_word' id='word_1_862' title='bbox 926 5469 1050 5535; x_wconf 74' lang='grc'><strong>510.</strong></span> <span class='ocrx_word' id='word_1_863' title='bbox 1133 5478 1179 5509; x_wconf 71' lang='grc'><strong>’⁸</strong></span> <span class='ocrx_word' id='word_1_864' title='bbox 1211 5469 1449 5547; x_wconf 71' lang='grc' dir='ltr'>οὐχ’ῧτι]</span> <span class='ocrx_word' id='word_1_865' title='bbox 1478 5473 1600 5543; x_wconf 68' lang='grc' dir='ltr'><strong>οὐχὶ</strong></span> <span class='ocrx_word' id='word_1_866' title='bbox 1628 5473 1694 5527; x_wconf 82' lang='grc' dir='ltr'><strong>Α.</strong></span> <span class='ocrx_word' id='word_1_867' title='bbox 1772 5470 1817 5501; x_wconf 79' lang='grc'>¹⁸</span> <span class='ocrx_word' id='word_1_868' title='bbox 1851 5470 1917 5523; x_wconf 78' lang='grc' dir='ltr'>ἂν</span> <span class='ocrx_word' id='word_1_869' title='bbox 1945 5485 2054 5524; x_wconf 91' lang='lat' dir='ltr'><strong>om.</strong></span> <span class='ocrx_word' id='word_1_870' title='bbox 2085 5471 2151 5525; x_wconf 84' lang='lat' dir='ltr'><strong>A.</strong></span> <span class='ocrx_word' id='word_1_871' title='bbox 2218 5471 2263 5501; x_wconf 81' lang='grc'>⁸⁸</span> <span class='ocrx_word' id='word_1_872' title='bbox 2296 5471 2461 5537; x_wconf 77' lang='grc' dir='ltr'>ἀξίων</span> <span class='ocrx_word' id='word_1_873' title='bbox 2491 5469 2804 5535; x_wconf 66' lang='grc' dir='ltr'>οὑδενὺςς.</span> <span class='ocrx_word' id='word_1_874' title='bbox 2840 5469 2909 5501; x_wconf 64' lang='grc'><strong>’⁸⁷</strong></span> <span class='ocrx_word' id='word_1_875' title='bbox 2941 5469 3033 5524; x_wconf 75' lang='grc' dir='ltr'>καὶ</span> <span class='ocrx_word' id='word_1_876' title='bbox 3060 5469 3208 5533; x_wconf 87' lang='grc' dir='ltr'>τούς.</span> <span class='ocrx_word' id='word_1_877' title='bbox 3283 5469 3327 5502; x_wconf 75' lang='grc'><strong>³⁸</strong></span> <span class='ocrx_word' id='word_1_878' title='bbox 3356 5470 3596 5538; x_wconf 74' lang='grc' dir='ltr'>ἠξίωσαν</span> <span class='ocrx_word' id='word_1_879' title='bbox 3628 5486 3735 5523; x_wconf 91' lang='lat' dir='ltr'><strong>om.</strong></span> <span class='ocrx_word' id='word_1_880' title='bbox 3770 5470 3809 5520; x_wconf 79' lang='grc' dir='ltr'><strong>Δ</strong></span> 
     </span>
    </p>
   </div>
   <div class='ocr_carea' id='block_1_109' title="bbox 2075 5610 2305 5669">
    <p class='ocr_par' dir='ltr' id='par_1_109' title="bbox 2075 5610 2305 5669">
     <span class='ocr_line' id='line_1_110' title="bbox 2075 5610 2305 5669; baseline 0.017 -4"><span class='ocrx_word' id='word_1_881' title='bbox 2075 5610 2305 5669; x_wconf 70' lang='lat' dir='ltr'><strong>NOTAE.</strong></span> 
     </span>
    </p>
   </div>
   <div class='ocr_carea' id='block_1_110' title="bbox 582 5699 3813 5845">
    <p class='ocr_par' dir='ltr' id='par_1_110' title="bbox 582 5699 3813 5845">
     <span class='ocr_line' id='line_1_111' title="bbox 651 5699 3813 5830; baseline -0.004 -65"><span class='ocrx_word' id='word_1_882' title='bbox 651 5708 766 5779; x_wconf 84' lang='lat'><strong>(98)</strong></span> <span class='ocrx_word' id='word_1_883' title='bbox 800 5710 1048 5765; x_wconf 85' lang='lat' dir='ltr'><strong>Audaces</strong></span> <span class='ocrx_word' id='word_1_884' title='bbox 1096 5708 1165 5763; x_wconf 84' lang='lat' dir='ltr'><strong>ad</strong></span> <span class='ocrx_word' id='word_1_885' title='bbox 1215 5705 1354 5763; x_wconf 89' lang='lat' dir='ltr'><strong>ostia</strong></span> <span class='ocrx_word' id='word_1_886' title='bbox 1399 5703 1684 5774; x_wconf 88' lang='lat' dir='ltr'><strong>ponimus,</strong></span> <span class='ocrx_word' id='word_1_887' title='bbox 1721 5711 1780 5756; x_wconf 91' lang='lat' dir='ltr'><strong>ut</strong></span> <span class='ocrx_word' id='word_1_888' title='bbox 1833 5701 2018 5756; x_wconf 85' lang='lat' dir='ltr'><strong>ﬁdeles</strong></span> <span class='ocrx_word' id='word_1_889' title='bbox 2060 5716 2162 5755; x_wconf 81' lang='lat' dir='ltr'><strong>cu-</strong></span> <span class='ocrx_word' id='word_1_890' title='bbox 2340 5703 2493 5830; x_wconf 51' lang='lat' dir='ltr'><strong>(2-32l</strong></span> <span class='ocrx_word' id='word_1_891' title='bbox 2513 5704 2810 5785; x_wconf 75' lang='lat' dir='ltr'><strong>Mercurius</strong></span> <span class='ocrx_word' id='word_1_892' title='bbox 2841 5704 2980 5760; x_wconf 87' lang='lat' dir='ltr'><strong>alter</strong></span> <span class='ocrx_word' id='word_1_893' title='bbox 3008 5703 3275 5773; x_wconf 82' lang='lat' dir='ltr'><strong>proverbii</strong></span> <span class='ocrx_word' id='word_1_894' title='bbox 3303 5703 3481 5773; x_wconf 84' lang='lat' dir='ltr'><strong>specie</strong></span> <span class='ocrx_word' id='word_1_895' title='bbox 3513 5717 3663 5771; x_wconf 86' lang='lat' dir='ltr'><strong>supr.</strong></span> <span class='ocrx_word' id='word_1_896' title='bbox 3684 5699 3813 5755; x_wconf 88' lang='lat' dir='ltr'><strong>Pbot</strong></span> 
     </span>
     <span class='ocr_line' id='line_1_112' title="bbox 582 5774 2880 5845; baseline -0.003 -10"><span class='ocrx_word' id='word_1_897' title='bbox 582 5781 782 5836; x_wconf 83' lang='lat' dir='ltr'><strong>stodes.</strong></span> <span class='ocrx_word' id='word_1_898' title='bbox 1436 5843 1443 5845; x_wconf 11' lang='grc' dir='ltr'>ξ</span> <span class='ocrx_word' id='word_1_899' title='bbox 1830 5842 1863 5845; x_wconf 40' lang='grc' dir='ltr'>η</span> <span class='ocrx_word' id='word_1_900' title='bbox 2341 5775 2415 5845; x_wconf 73' lang='grc'><strong>(4)</strong></span> <span class='ocrx_word' id='word_1_901' title='bbox 2500 5791 2610 5831; x_wconf 92' lang='lat' dir='ltr'><strong>om.</strong></span> <span class='ocrx_word' id='word_1_902' title='bbox 2639 5774 2785 5832; x_wconf 86' lang='lat' dir='ltr'><strong>lhad.</strong></span> <span class='ocrx_word' id='word_1_903' title='bbox 2821 5774 2880 5845; x_wconf 82' lang='grc' dir='ltr'><strong>ψ.</strong></span> 
     </span>
    </p>
   </div>
   <div class='ocr_carea' id='block_1_111' title="bbox 649 5842 1962 5921">
    <p class='ocr_par' dir='ltr' id='par_1_111' title="bbox 649 5842 1962 5921">
     <span class='ocr_line' id='line_1_113' title="bbox 649 5842 1962 5921; baseline -0.008 -15"><span class='ocrx_word' id='word_1_904' title='bbox 649 5851 828 5921; x_wconf 71' lang='lat'><strong>(99-1)</strong></span> <span class='ocrx_word' id='word_1_905' title='bbox 858 5848 1156 5921; x_wconf 86' lang='lat' dir='ltr'><strong>Oportebat</strong></span> <span class='ocrx_word' id='word_1_906' title='bbox 1185 5846 1330 5903; x_wconf 86' lang='lat' dir='ltr'><strong>enim</strong></span> <span class='ocrx_word' id='word_1_907' title='bbox 1363 5843 1595 5914; x_wconf 82' lang='lat' dir='ltr'><strong>adjicere</strong></span> <span class='ocrx_word' id='word_1_908' title='bbox 1621 5842 1962 5898; x_wconf 71' lang='lat' dir='ltr'><strong>sectantibus.</strong></span> 
     </span>
    </p>
   </div>
  </div>
