4104 6420
194 484 209 497 λ’
238 486 378 554 1571

1285 483 1810 553 BIBLIOTHECA.
1843 517 1911 529 --
1940 491 2101 554 COD.
2132 492 2489 555 CCXLVIII.

3365 494 3504 563 1578

236 596 449 674 βροτῶν
479 593 673 653 εἴδωλα
701 595 1014 670 καμόντων,
1060 596 1303 654 Ἡσιόδου
1330 602 1595 683 κηφῆνες,
1639 604 1824 675 Ἀρχιο

1938 606 2073 678 ipsas
2111 605 2546 672 condemnarint,
2577 605 2670 661 sed
2698 608 2821 678 quia
2855 624 2977 667 cum
3005 609 3156 682 paria
3192 609 3373 668 facere
3398 628 3505 669 non

232 690 398 761 λόχου
473 687 721 760 πίθηκοι,
774 687 870 743 δύο
934 689 1150 762 μορφὰς
1206 689 1425 761 ἔχοντες
1477 693 1599 747 ἀντὶ
1649 691 1820 765 τριῶν

230 780 339 851 τῆς
356 778 629 852 τραγικῆς
655 778 799 850 βοός.
828 780 892 834 Οἳ
922 780 1031 833 τοῦ
1045 780 1144 852 μὲν
1187 780 1311 847 Διὸς
1344 780 1464 855 [711
1507 782 1577 837 Η.
1604 783 1621 855 j
1670 780 1822 838 οὐδὲν

233 872 455 946 χείρους
484 874 648 944 φασὶν
677 869 840 940 εἶναι,
867 875 961 928 τοῦ
984 874 1039 928 δὲ
1073 875 1275 929 όϐολοῦ-
1314 874 1571 930 τοσοῦτον
1610 876 1821 949 ἡττῶν-

231 984 362 1022 ται·
392 967 721 1031 ὀνειδίζουσι
742 966 799 1022 δὲ
827 969 942 1033 τοῖς
967 968 1149 1033 ἀλλοις
1167 968 1235 1036 ”,
1254 969 1315 1022 ού
1340 968 1450 1023 τῶν
1476 971 1822 1043 πραγμάτων

233 1061 675 1127 κατεγνωκότες,
741 1059 879 1115 ἀλλά
934 1061 1255 1127 φθονοῦντες
1309 1062 1391 1116 ὅτι
1444 1063 1597 1117 αὐτοὶ
1650 1062 1823 1134 ταῦτα

233 1151 505 1224 πράττειν
524 1151 571 1185 ⁸⁸
596 1153 658 1206 ού
687 1152 966 1208 δύνανται.
995 1153 1057 1207 El
1082 1153 1138 1207 δέ
1176 1170 1261 1216 τις
1309 1153 1491 1207 αὐτῶν
1539 1154 1671 1221 περὶ
1723 1156 1822 1227 τῆς

234 1245 576 1316 ἐγκρατείας
626 1244 1031 1315 διαλεγομένων
1096 1246 1407 1317 ἀπαντικρῦ
1460 1246 1623 1316 σταίη
1685 1246 1823 1318 ἔχων

234 1336 517 1407 ἔνθρυπτα
546 1338 641 1392 καὶ
677 1340 1005 1409 στρεπτοὺς,
1038 1338 1363 1393 ἐκϐάλλουσι
1420 1337 1520 1409 τὴν
1576 1336 1823 1406 γλῶτταν

233 1430 432 1499 ὥσπερ
462 1430 799 1494 όΜενέλεως
848 1430 911 1483 τὸ
961 1430 1137 1499 ξίφος.
1190 1429 1375 1501 Αὐτὴν
1439 1430 1539 1501 μὲν
1572 1430 1681 1501 γάρ
1727 1430 1825 1483 ὲάν

236 1521 397 1575 ἴδωσι
426 1523 528 1593 τὴν
558 1522 804 1592 Ἑλένην,
860 1521 1082 1594 Ἑλένην
1118 1523 1295 1593 λέγωί
1348 1523 1687 1595 θεράπαιναν
1727 1524 1826 1595 μὲν

236 1609 335 1668 οὖν
391 1614 584 1668 ὁποίαν
636 1614 861 1684 ἐποίησε
914 1605 1223 1686 Μένανδρος
1269 1613 1369 1685 τὴν
1426 1615 1688 1686 Φρυγίαν,
1749 1616 1827 1687 τῷ

235 1705 355 1758 ὄντι
373 1706 600 1759 παιδιὰν
632 1706 998 1776 ἀποφαίνουσι
1028 1706 1156 1771 τοὺς
1201 1708 1481 1777 Σατύρους
1515 1706 1610 1761 τοῦ
1658 1708 1829 1777 Σοφο-

238 1794 452 1859 κλέους.
504 1796 566 1849 Οἳ
585 1796 629 1828 ³³
679 1796 757 1865 τῷ
791 1796 890 1868 μὲν
942 1798 1273 1869 ἀποστερεῖν
1332 1800 1611 1853 κοινωνεῖν
1656 1797 1829 1869 ὄνομα

1921 700 2168 770 possint,
2219 700 2484 756 invident.
2542 697 2697 767 Quod
2746 701 2792 756 si
2851 701 3052 775 me
3094 703 3219 773 quis
3264 704 3396 773 ipsis
3442 706 3511 762 de

1922 789 2259 847 continentia
2316 790 2717 860 disputantibus
2766 792 3046 863 oppositus
3097 793 3379 862 placentas
3430 794 3509 867 (5)

1920 872 2171 938 ostendat
2217 891 2271 938 et
2320 883 2573 950 monilia,
2633 882 2870 955 linguam
2931 884 3242 952 demittunt,
3295 895 3359 941 ut
3412 901 3511 943 en-

1922 989 2037 1031 sem
2088 970 2364 1031 Menelaus
2426 973 2529 1047 (6).
2577 973 2713 1030 Nam
2764 975 2809 1031 si
2858 974 3117 1032 Helenam
3162 978 3381 1034 videant
3432 979 3513 1049 ip-

1922 1081 2071 1134 sam,
2134 1066 2395 1122 Helenam
2452 1068 2668 1123 autem!
2734 1069 2781 1124 si
2845 1067 2931 1124 vel
2988 1070 3239 1124 ancillam
3295 1070 3509 1141 qualem

1926 1158 2079 1214 tinxit
2128 1158 2422 1216 Menander
2459 1160 2773 1232 Phrygiam,
2834 1160 3117 1231 Sophoclis
3156 1171 3369 1232 satyros
3419 1176 3509 1217 re-

1924 1265 2052 1307 vera
2096 1266 2194 1321 pro
2236 1252 2444 1309 ludicro
2497 1263 2691 1309 curant
2739 1253 2951 1309 haberi.
3007 1253 3108 1321 Qui
3151 1256 3511 1323 privationem

1925 1352 2124 1399 vocant
2181 1343 2618 1399 communionem
2678 1344 2789 1415 (7);
2845 1344 3104 1399 invidiam
3161 1352 3347 1399 autem
3393 1343 3513 1413 phi-

1925 1435 2267 1505 losophiam,
2342 1443 2399 1491 et
2473 1435 2711 1506 inopiam
2790 1435 3033 1505 pecuniae
3118 1443 3510 1505 contemptum.

1925 1527 2062 1584 Cum
2143 1536 2324 1582 autem
2400 1528 2791 1583 humanitatem
2871 1528 3268 1597 profiteantur,
3338 1527 3517 1582 nemi-

1930 1632 2049 1673 nem
2094 1618 2349 1687 juverunt
2378 1633 2640 1689 nnquam,
2684 1628 2741 1673 et
2786 1619 2877 1688 qui
2912 1618 3081 1674 voluit
3126 1618 3261 1689 ipsis
3292 1618 3391 1683 uti,
3421 1630 3515 1673 eos

1930 1707 2209 1764 infestant.
2262 1709 2331 1763 Et
2375 1709 2512 1765 alios
2556 1709 2776 1780 quidem
2830 1709 2921 1763 vix
2970 1718 3321 1766 occurrentes
3370 1708 3515 1779 aspi-

1930 1798 2100 1866 ciunt,
2136 1799 2361 1854 divitum
2412 1809 2588 1855 autem
2623 1802 2796 1871 gratia
2851 1801 2917 1856 ad
2954 1800 3091 1857 fines
3137 1803 3373 1873 regionis
3419 1816 3516 1856 oc-

235 1887 506 1953 τίθενται,
546 1885 627 1959 τῷ
656 1889 715 1943 δὲ
763 1887 979 1959 φθονεῖν
1026 1890 1360 1960 φιλοσοφεῖν,
1398 1889 1479 1962 τῷ
1519 1889 1566 1943 δ’
1601 1889 1830 1960 ἀπορεῖν

1938 1900 2179 1956 currunt,
2213 1893 2668 1961 quemadmodum
2698 1894 2938 1966 Prhyges
2972 1903 3196 1964 propter
3224 1894 3391 1951 oleas.
3420 1894 3507 1949 Et-

238 1980 523 2052 ύπερορᾷν
548 1981 871 2053 χρημάτων.
906 1981 1401 2053 Ἐπαγγελλόμενοι
1430 1960 1487 2034 δὲ
1521 1980 1827 2053 φιλανθρω-

1938 1980 2081 2035 enim
2114 1981 2168 2036 hi
2198 1992 2346 2051 sunt,
2380 1984 2475 2056 qui
2511 1960 2897 2055 impudentiam
2926 1960 2990 2039 et
3024 1960 3285 2040 oii‘ensam
3328 1995 3519 2055 putant

240 2073 374 2127 πίαν
400 2074 619 2145 ὤνησαν
650 2077 749 2146 μὲν
770 2075 962 2130 οὐδένα
986 2074 1229 2141 πώποτε,
1251 2074 1619 2147 ὲπηρεάξουσι
1640 2074 1697 2129 δὲ
1715 2077 1825 2141 τοῖς

238 2168 575 2245 χρωμένοις.
634 2169 749 2224 Καὶ
781 2170 908 2232 τοὺς
951 2169 1048 2239 μὲν
1097 2167 1291 2231 ἀλλους
1326 2166 1434 2221 οὐδ’
1470 2166 1829 2229 ἀπαντῶντας

237 2265 436 2339 ὁρῶσι,
485 2266 595 2321 τῶν
618 2262 674 2320 δὲ
704 2263 977 2319 πλουσίων
1033 2260 1196 2316 ἕνεκα
1252 2261 1332 2324 είς
1372 2258 1470 2331 τὴν
1528 2258 1829 2330 ὑπεροριόιν

238 2356 597 2427 ἀπαίρουσιν,
627 2355 816 2428 ῶσπερ
850 2355 900 2409 οἱ
943 2353 1153 2424 Φρύγες
1210 2353 1258 2407 οί
1287 2348 1396 2406 τῶν
1435 2348 1632 2404 ἐλαιῶν
1668 2348 1831 2402 ἕνεκα

239 2447 342 2516 τῆς
370 2447 660 2519 συλλογῆς,
686 2449 735 2501 οἳ
757 2449 851 2502 καὶ
870 2447 915 2479 ⁹¹
941 2441 1446 2518 προσιόντωνεύθὺς
1466 2441 1746 2512 ὤσφροντο
1763 2440 1828 2493 ³³.

284 2532 405 2592 ύτοι
431 2540 475 2571 ³⁸
514 2538 623 2609 γάρ
638 2540 683 2571 ⁸⁸
718 2541 858 2593 είσιν
883 2540 931 2591 οῖ
968 2538 1068 2610 τὴν
1100 2538 1195 2608 μὲν
1247 2535 1631 2606 ἀναισχυντίαν
1678 2532 1831 2587 ἐλευσ-

243 2630 437 2703 θερίαν
472 2630 806 2702 νομίζοντες,
860 2631 921 2684 τὸ
965 2628 1013 2684 δ’
1052 2628 1456 2699 ἀπεχθάνεσθαι
1515 2627 1832 2699 παρῤησιά·

243 2722 458 2787 ζεσθαι,
507 2723 569 2775 τὸ
615 2721 673 2776 δὲ
723 2721 1029 2793 λαμϐάνειν
1091 2718 1659 2790 φιλανθρωπεύεσθαι.
1740 2718 1833 2782 El;

240 2813 395 2867 τοῦθ’
420 2815 467 2846 ³⁸
499 2814 695 2886 ἥκουσι
738 2815 839 2884 τῆς
864 2813 908 2846 ³⁷
951 2813 1165 2883 σοφίας,
1212 2812 1351 2865 ὥστε
1379 2810 1641 2882 ἀργύριον
1670 2810 1770 2880 μὲν
1791 2810 1834 2842 ³⁸

242 2907 307 2959 ού
368 2909 726 2978 πράττονται,
780 2907 1049 2979 ἀργυρίου
1072 2907 1115 2939 ⁸⁸
1163 2903 1281 2959 δ’δο
1317 2903 1484 2969 ἀξίως
1533 2901 1834 2973 λαμϐάνειν

242 2998 595 3053 ἐπίστανται.
634 2999 757 3054 Κᾶν
787 3000 885 3071 μέν
902 3017 965 3069 γε
997 2998 1135 3070 τύχῃ
1170 3014 1255 3063 τις
1306 2997 1529 3050 ἔλαττον
1591 2997 1833 3067 πέμψας,

242 3091 540 3161 ἐνέμειναν
569 3090 649 3161 τῷ
675 3091 944 3163 δόγματιισ
971 3091 1037 3145 ἂν
1060 3090 1114 3144 δὲ
1143 3090 1431 3163 ἁδρότερον
1457 3086 1517 3143 τὸ
1538 3087 1580 3120 ⁴¹
1614 3089 1838 3143 σακκίον

242 3184 437 3248 αὐτοῖς
461 3184 506 3216 δ’
528 3186 694 3256 φανῇ,
719 3185 962 3256 Γοργόνα
992 3184 1238 3255 Περσεὺς
1265 3180 1617 3255 ἐχειρώσατο.
1648 3183 1771 3247 Τοῖς
1793 3184 1837 3215 ³³

242 3279 307 3331 ὲν
338 3276 678 3349 Παλαιστίνῃ
704 3276 991 3331 δυσσεϐέσι
1028 3276 1389 3346 παραπλήσια
1418 3276 1543 3340 τοὺς
1575 3276 1832 3347 τρόπους.

242 3368 365 3423 Καὶ
395 3370 506 3441 γὰρ
542 3370 775 3433 ἐκείνοις
807 3368 953 3422 τοῦτ’
996 3366 1115 3422 ἔστι
1174 3368 1441 3439 σύμϐολον
1496 3368 1594 3437 τῆς
1646 3369 1837 3421 δυσσε-

245 3458 430 3524 ϐείας,
464 3460 548 3513 ὅτι
601 3447 728 3522 τοὺς
778 3457 1062 3529 κρείττους
1098 3458 1157 3510 ού
1195 3457 1509 3528 νομίζουσι·
1549 3459 1643 3511 καὶ
1693 3449 1839 3512 οὗτοι

240 3552 457 3624 τρόπον
494 3550 616 3605 τινὰ
640 3552 911 3620 ἀφεστᾶσι
941 3551 1049 3604 τῶν
1096 3550 1387 3623 Ἑλλήνων,
1423 3549 1622 3621 μᾶλλον
1652 3551 1707 3605 δὲ
1748 3552 1842 3604 καὶ

245 3642 476 3698 πάντων
499 3641 607 3696 τῶν
642 3642 968 3713 κρειττόνων
986 3641 1051 3708 ⁸⁸,
1077 3641 1145 3695 τά
1181 3643 1280 3712 μὲν
1328 3640 1463 3697 ἀλλα
1512 3642 1845 3713 ἀφωνότεροι

246 3737 357 3806 τῆς
395 3738 557 3799 σκιᾶς
586 3737 686 3805 τῆς
742 3733 975 3799 ἑαυτῶν,
1010 3734 1229 3788 ἐπειδὰν
1284 3733 1342 3787 δέ
1400 3751 1553 3799 τινας
1609 3734 1843 3788 είπεῖνδδ

249 3824 445 3889 κακῶς
484 3812 583 3898 δέᾑ
607 3823 1078 3891 κα¹ιδιαϐαλεῖν⁶⁶,
1115 3823 1194 3895 τῷ
1243 3823 1542 3895 Δωδωναίῳ
1596 3824 1696 3895 μὲν
1746 3824 1847 3877 ούκ

248 3920 321 3973 ἂν
346 3920 600 3982 εἰκάσαις
635 3918 833 3981 αὐτοὺς
866 3917 1104 3988 χαλκείῳ
1128 3935 1141 3947 ·
1182 3917 1257 3989 μὴ
1288 3916 1419 3987 γάρ,
1455 3909 1500 3970 ὦ
1550 3915 1688 3971 Ζεῦί
1723 3919 1846 3979 ταῖς

247 4012 308 4066 δὲ
338 4012 535 4082 ἐμπίσι
563 4012 685 4075 ταῖς
714 4012 772 4064 ὲν
809 4008 888 4081 τῷ
941 4009 1118 4082 σκότῳ
1174 4007 1524 4080 βομϐούσαις.
1562 4006 1849 4077 Συγκατα-

255 4106 472 4178 πρᾶξαι
505 4105 605 4176 μέν
633 4122 688 4158 τι
746 4103 855 4157 τῶν
922 4102 1151 4157 δεόντων
1199 4103 1455 4157 ἁπάντων
1488 4100 1532 4133 ⁸⁷
1576 4101 1848 4173 ἀχρηστό-

248 4215 434 4262 τατοι,
463 4197 707 4270 διορύξαι
734 4196 789 4249 δὲ
811 4195 989 4250 οἰκίαν
1010 4195 1106 4250 καὶ
1118 4196 1370 4267 ταράξαι,
1397 4194 1491 4248 καὶ
1514 4193 1850 4267 συγκροῦσαι

251 4293 384 4354 τοὺς
412 4288 562 4342 ἔνδον
602 4287 740 4359 πρὸς
769 4285 1063 4357 ἀλλήλους,
1095 4286 1191 4339 καὶ
1228 4285 1400 4356 φῆσαι
1436 4284 1595 4339 πάντ’
1652 4282 1851 4347 αὐτοὺς

251 4384 584 4453 διοικήσειν,
622 4382 842 4437 πάντων
899 4377 1217 4433 δεινότατοι.
1283 4375 1628 4441 Καταδύντες
1682 4374 1739 4428 δὲ
1770 4377 1850 4439 είς

253 4477 385 4539 τοὺς
422 4474 712 4547 χηραμοὺς
741 4476 858 4527 ἐκεῖ
887 4473 957 4527 τά
987 4471 1277 4542 θαυμαστά
1334 4472 1666 4541 σοφίζονται,
1724 4471 1851 4541 σκιᾷ

256 4588 370 4624 τινι
425 4568 609 4637 λόγοις
660 4565 1036 4628 ἀνασπῶντες,
1082 4565 1187 4633 ἔφη
1237 4562 1333 4618 ό⁸⁸
1392 4561 1690 4633 Σοφοκλῆς,
1761 4561 1852 4614 τὸν

1936 2086 2058 2127 esse
2088 2072 2419 2141 libertatem,
2445 2074 2836 2130 humanitatem
2867 2073 2922 2128 in
2952 2073 3268 2137 accipiendo
3288 2083 3515 2141 ponunt.

1937 2162 2114 2231 Quid?
2139 2166 2281 2235 quod
2318 2166 2384 2219 ad
2423 2179 2541 2219 eam
2578 2164 2916 2235 ,sapientiam
2942 2170 3310 2235 pervenerunt
3335 2168 3394 2216 ut
3423 2176 3521 2230 pe-

1938 2256 2153 2311 cuniam
2203 2270 2313 2311 non
2355 2255 2595 2326 exigant,
2627 2256 2771 2325 quod
2814 2263 2996 2311 autem
3027 2254 3312 2325 pecuniam
3355 2254 3517 2319 valet,

1939 2346 2188 2417 accipere
2222 2345 2425 2413 norint,
2458 2346 2511 2400 in
2557 2346 2825 2401 sententia
2870 2354 3217 2417 perseverent
3247 2364 3260 2402 :
3293 2345 3375 2401 sin
3405 2351 3522 2399 tur-

1939 2437 2115 2508 gidior
2146 2437 2221 2493 sit
2262 2436 2483 2495 eﬂectus
2521 2439 2771 2495 sacculus
2804 2438 3112 2510 Gorgonem
3145 2440 3350 2508 ceperit
3390 2437 3523 2493 Per-

1939 2544 2085 2585 sens.
2123 2527 2238 2586 Non
2272 2528 2434 2585 alieni
2481 2530 2549 2586 ab
2579 2520 2869 2598 impio‘rum
2896 2530 3313 2587 Palaestinorum
3356 2528 3523 2583 mori-

1938 2620 2061 2676 bus.
2094 2618 2227 2675 Nam
2252 2631 2306 2676 et
2334 2620 2409 2676 illi
2441 2621 2543 2677 hoc
2572 2619 2775 2675 habent
2801 2620 3090 2690 impietatis
3118 2620 3353 2689 signum,
3380 2619 3525 2689 quod

1941 2715 2070 2768 deos
2096 2727 2218 2768 esse
2241 2728 2352 2767 non
2382 2722 2592 2783 putent,
2618 2721 2781 2782 atque
2805 2710 2861 2766 hi
2888 2728 2918 2767 a
2946 2711 3172 2781 Graecis,
3203 2720 3366 2781 atque
3390 2711 3527 2766 adeo

1941 2806 2099 2861 bonis
2142 2804 2395 2861 omnibus
2444 2804 2842 2875 quodammodo
2892 2804 3248 2871 dissentiunt,
3289 2805 3341 2858 in
3397 2803 3528 2858 reli-

1941 2897 2063 2966 quis
2115 2894 2335 2965 quidem
2383 2894 2544 2950 rebus
2588 2893 2779 2949 umbra
2825 2908 2923 2949 sua
2971 2893 3149 2961 magis
3198 2890 3332 2947 muti
3360 2908 3377 2946 :
3405 2906 3526 2945 cum

1944 2998 2123 3041 autem
2158 2986 2353 3056 aliquis
2378 2984 2751 3039 criminandus
2796 2992 2852 3038 et
2876 2982 3285 3039 calumniandus
3307 2989 3411 3046 est,
3438 2981 3532 3036 vix

1943 3081 2037 3134 aeri
2071 3078 2371 3146 Dodonaeo,
2406 3094 2596 3135 verum
2645 3076 2906 3133 culicibus
2950 3076 3131 3147 potius
3188 3076 3245 3130 in
3290 3075 3532 3131 tenebris

1944 3171 2410 3244 perstrepentibus
2445 3170 2782 3237 conferendi,
2813 3171 2878 3225 ad
2922 3185 3035 3226 rem
3070 3167 3306 3224 maxime
3346 3182 3533 3223 neces-

1945 3274 2145 3327 sariam
2194 3271 2554 3341 peragendam
2589 3268 2826 3325 maxime
2865 3268 3102 3335 inuliles,
3137 3265 3204 3321 ad
3240 3266 3384 3322 aedes
3410 3279 3533 3336 per-

1946 3367 2222 3436 forandas,
2243 3380 2297 3426 et
2328 3369 2725 3441 perturbandos
2753 3377 2915 3440 atque
2944 3368 3084 3423 inter
3107 3382 3165 3423 se
3187 3366 3535 3422 committen-

1941 3463 2041 3518 dos
2095 3462 2447 3527 domesticos,
2484 3474 2809 3531 omnemque
2856 3458 3385 3514 administrationem
3428 3456 3536 3512 sibi

1944 3554 2334 3624 armgandam,
2381 3553 2625 3609 omnium
2687 3552 2979 3624 aptissimi.
3041 3551 3149 3605 Sed
3198 3550 3253 3606 in
3312 3548 3538 3604 latibula

1946 3647 2213 3703 submersi
2278 3646 2525 3701 miranda
2576 3645 2825 3716 quaedam
2886 3643 3410 3706 comminiscuntur,
3467 3643 3536 3695 ad

1949 3739 2197 3793 umbram
2231 3737 2422 3795 nescio
2451 3752 2613 3807 quam
2651 3739 2813 3793 verba
2850 3744 3184 3803 eructantes,
3217 3734 3392 3805 inquit
3435 3732 3539 3788 So-

1948 3831 2190 3902 phocles,
2230 3831 2571 3887 anthericum
2619 3838 2904 3895 metentes,
2935 3828 3232 3884 funiculum
3277 3828 3332 3883 in
3370 3841 3539 3881 arena

1950 3933 2258 3989 nectentes,
2290 3923 2449 3977 telam
2490 3922 2675 3978 nescio
2707 3937 2869 3991 quam
2902 3928 3228 3977 retexentes.
3262 3919 3541 3986 Quantum

1950 4018 2096 4073 enim
2123 4017 2175 4071 in
2197 4015 2463 4086 sapientia
2484 4014 3145 4086 proﬁciunt,tantumdem
3164 4012 3418 4067 amittunt
3436 4010 3540 4082 (8),

1953 4124 2281 4180 magnopere
2311 4108 2414 4165 sibi
2450 4108 2744 4179 placentes,
2772 4123 2895 4163 cum
2932 4106 3217 4162 rhetoricas
3246 4103 3542 4159 maledixe--

1952 4206 2082 4269 rint,
2128 4204 2285 4275 quasi
2327 4218 2433 4258 non
2464 4202 2628 4259 etiam
2665 4202 2848 4258 famuli
2881 4201 3079 4275 4386
3109 4215 3272 4272 saepe,
3302 4215 3364 4255 ac
3397 4215 3541 4270 pra:-

1954 4297 2141 4352 sertim
2168 4297 2465 4367 magistrae,
2496 4295 2746 4351 dominos
2783 4296 2923 4349 intra
2956 4296 3143 4350 dentes
3167 4294 3541 4350 exsecrentur.

1954 4387 2261 4455 Quinetiam
2285 4395 2501 4458 satyrus
2526 4385 2603 4457 (9)
2627 4385 2849 4456 quidam
2880 4386 3127 4440 scenicus
3152 4384 3280 4440 olim
3302 4395 3387 4439 est
3411 4383 3546 4439 Her-

1954 4478 2060 4534 culi
2092 4478 2445 4547 imprecatus,
2477 4476 2543 4529 ad
2579 4475 2736 4546 cujus
2776 4475 3071 4530 adventum
3106 4472 3390 4529 confestim
3425 4488 3548 4529 suc-

1955 4569 2159 4625 cubuit.
2188 4567 2299 4624 Nec
2323 4568 2598 4623 immerito
2628 4568 2882 4623 videntur
2914 4568 3044 4622 mihi
3082 4566 3293 4621 cunctis
3325 4565 3550 4620 maledi-

258 4661 532 4732 ἁνθέρικα
572 4658 900 4727 θερίζοντες,
944 4657 1005 4710 τὸ
1025 4657 1068 4688 δ’
1122 4658 1185 4709 ὲκ
1231 4656 1329 4724 τῆς
1378 4653 1565 4725 ἄμμου
1618 4650 1834 4723 σχοινίοι

1959 4677 2105 4729 cere,
2137 4661 2573 4733 quandoquidem
2623 4663 2722 4716 hac
2764 4675 2821 4714 re
2865 4658 3154 4730 plurtmu’m
3206 4659 3406 4725 valent,
3454 4659 3550 4727 qui

263 4756 585 4819 πλέκοντες,
620 4753 722 4806 οὐκ
756 4748 851 4804 οἶδ’
880 4752 1064 4804 ὅντινα
1106 4748 1255 4802 ἱστὸν
1312 4746 1636 4809 ἀναλύοντες
1664 4762 1677 4776 ’
1726 4746 1834 4798 ὅσοι

1957 4764 2016 4811 ιιι
2059 4754 2261 4809 nullius
2300 4753 2534 4808 hominis
2570 4752 2900 4808 mentionem
2944 4750 3166 4814 faciant,
3199 4748 3338 4805 male
3366 4756 3549 4802 tamen

261 4848 374 4917 γὰρ
400 4845 467 4899 ἂν
507 4844 829 4916 προκόψωσι
858 4843 956 4913 τῆς
1016 4840 1227 4910 σοφίας,
1274 4836 1526 4891 τοσοῦτον
1582 4836 1834 4904 ἀνταφαι-

1957 4845 2143 4900 dicunt
2166 4842 2370 4911 omnia,
2400 4842 2471 4897 ita
2496 4842 2638 4911 quod
2663 4841 2935 4899 habent‘in
2960 4840 3193 4896 medium
3228 4838 3536 4896 conferunt.

264 4938 445 5009 ρούσι,
487 4934 759 5006 μεγάλα⁸⁰
791 4929 1137 5004 φρονοῦντες,
1172 4930 1267 4983 ιάν
1298 4924 1595 5000 ῥητορικὴν
1655 4923 1829 4979 είπωσ

1956 4938 2137 5007 Atque
2203 4934 2367 4990 etiam
2432 4934 2858 5005 pulcherrimum
2922 4933 3285 5005 philosophiae
3347 4946 3553 4986 nomen

263 5026 475 5090 κακῶς,
510 5024 677 5097 [1515
707 5020 802 5094 IL]
833 5021 1021 5091 ὥσπερ
1044 5015 1137 5073 οὖν
1169 5019 1262 5072 καὶ
1308 5018 1435 5080 τοὺς
1481 5015 1702 5079 δούλους
1735 5017 1834 5078 τοῖς

1959 5032 2062 5088 sibi
2090 5031 2355 5095 tribuunt,
2381 5029 2535 5101 quasi
2565 5028 2743 5083 locum
2769 5028 2823 5081 in
2853 5022 3065 5083 theatro
3087 5033 3551 5097 praeoccupasent.

262 5117 560 5180 δεσπόταις
616 5114 709 5168 ὑπ’
740 5113 951 5167 ’ὀδόντα
993 5111 1035 5145 ⁵¹
1069 5108 1332 5172 πολλάκις
1390 5106 1834 5177 καταρωμένους1

1962 5125 2141 5195 Atque
2190 5122 2467 5192 equidem,
2503 5129 2557 5176 et
2602 5119 2812 5174 Platoni
2859 5120 3101 5176 debitum
3139 5120 3400 5175 honorem
3453 5116 3555 5172 tri-

266 5214 361 5265 καὶ
398 5211 634 5283 μάλιστα
660 5208 789 5271 τοὺς
821 5205 1115 5276 μαστιγίας
1148 5202 1350 5257 αὐτῶν.
1387 5199 1525 5270 Ἤδη
1557 5200 1614 5252 δέ
1636 5216 1719 5263 τις
1757 5199 1834 5252 κα⁴

1968 5221 2084 5285 bui,
2114 5228 2171 5275 et
2218 5218 2463 5272 virorum
2496 5213 2747 5284 dignitati
2787 5227 2944 5283 opem
2979 5212 3075 5267 tuli
3120 5228 3227 5268 non
3259 5210 3553 5281 ignaviter.

1564 5313 1800 5370 VARIIE
1841 5308 2247 5371 LECTIONES.

367 5422 387 5450 ’
423 5421 535 5482 τοῖς
563 5417 753 5479 κακοῖς
769 5415 948 5486 ἄλλοις
978 5432 1039 5486 ς.
1104 5410 1637 5486 ἐ’-ταῦτα-πράττειν
1665 5413 1726 5486 ού
1764 5415 1808 5465 Λ
1835 5428 1868 5486 .j
1890 5411 2154 5486 πράττειν
2189 5405 2361 5486 ταύτα
2389 5421 2452 5486 ετ
2511 5401 2552 5434 ³¹
2578 5399 2662 5486 εἳ]
2687 5392 2838 5483 οὗτοι
3019 5399 3075 5486 2
3112 5399 3163 5486 οῖ
3190 5398 3341 5486 xui.“
3371 5397 3415 5486 ’ξ
3445 5395 3559 5449 ὥσ-

272 5469 824 5563 maxum-1r
864 5469 1030 5563 ριξρῖ]
1066 5499 1126 5563 ρ..
1156 5484 1280 5563 διδ,
1349 5469 1517 5563 "id?
1554 5498 1663 5563 ρςη.
1689 5484 1796 5563 ρ.-
1828 5485 1872 5514 ιο
1912 5469 2055 5563 τὸν.»
2088 5482 2167 5563 ξιτ
2199 5478 2363 5563 «eos
2389 5475 2547 5563 61s..
2576 5469 2995 5563 'Iﬁiit’E-Az.
3018 5470 3217 5563 ξιμὲγο
3264 5469 3557 5563 riam-

276 5538 401 5632 ξίῐέ
728 5555 799 5627 δι]
820 5538 1030 5632 ρους
1160 5554 1221 5606 τδ
1248 5555 1290 5606 Α
1643 5553 1826 5632 amre
1848 5554 2053 5632 om:
2099 5550 2144 5580 ιι
2178 5551 2289 5632 ’ξοῖς
2318 5546 2393 5615 (ρ.
2425 5540 2553 5632 διιι
2605 5538 2999 5632 δίκρειττάτευι
3022 5538 3218 5632 one-
3264 5539 3309 5571 "
3336 5539 3459 5632 tua
3487 5538 3557 5632 ρο-

272 5619 319 5663 δθ
346 5628 658 5688 διαϐάλλειν
672 5628 738 5682 Α.
780 5619 863 5658 ’⁸⁷
894 5627 1154 5680 ἁπάντων
1175 5639 1287 5679 om.
1317 5619 1416 5678 Af
1471 5623 1517 5654 "
1545 5626 1573 5677 ό
1598 5640 1708 5680 om.
1731 5626 1797 5678 A.
1878 5625 1921 5656 δ’
1959 5623 2076 5692 θερ.
2116 5620 2210 5673 καὶ
2233 5619 2293 5671 τὸ
2339 5632 2399 5679 ς.

1789 5713 2025 5771 NOTAE.

2046 5804 2124 5875 (8)
2153 5802 2255 5875 l’cr
2282 5800 2479 5856 malam
2512 5801 2748 5875 ipsorum
2778 5798 3124 5875 sententiam.

349 5862 1025 5956 {Eiiﬁu'iaiﬁééhéf'qﬁa
1422 5950 1457 5956 __
1500 5952 1509 5956 _
1973 5945 2012 5956 _
2049 5862 2421 5956 (92;Satyrus
2476 5862 2733 5943 quidam,
2794 5884 2899 5926 non
2951 5869 3095 5926 enim
3158 5867 3375 5939 genium
3427 5862 3560 5920 dicit

353 5945 431 6029 (7)
465 5958 578 6012 Hoc
600 5945 1059 6024 -repreltendendo
1100 5945 1375 6007 Platonem
1406 5950 1558 6007 dicit.
1973 5945 2193 6002 Bacchi.

494 6052 769 6111 Ρλτειοι..
806 6047 926 6109 Gn.
958 6045 1112 6107 Clll.
3122 6028 3196 6090 50
3238 6040 3241 6043 '

2508 5614 2553 5646 ⁸⁰
2587 5610 2733 5684 μέγα
2764 5630 2825 5676 ς.
2900 5614 2945 5646 ⁵⁸
2977 5610 3069 5667 ὑπ’
3110 5611 3298 5665 ὀδόντα
3342 5624 3453 5664 om.
3483 5611 3554 5668 A.

352 5820 431 5887 (5)
461 5815 779 5887 Utrumque
806 5813 1025 5887 species
1051 5812 1331 5887 placentae.
