4104 6398
634 398 771 466 1579
1784 398 2045 459 ΡΗΟΤΙΙ
2085 399 2222 458 ΡΑΤ

2327 399 2591 459 ΑΗΩΗᾹΞ
2629 400 2735 460 CP.
3763 405 3898 469 1580

630 511 785 581 Quod
814 509 857 566 si
890 510 1014 584 quis
1054 510 1171 566 haec
1207 507 1445 565 refutare
1477 517 1677 582 potest,
1707 509 1751 563 si
1792 509 1843 563 id
1873 509 2061 565 eadem
2095 524 2212 564 ser-

2327 511 2558 582 Σάτυρος
2587 511 2696 565 τῶν
2724 511 2815 565 ἐπὶ
2842 514 3046 585 σκηνῆς
3094 514 3445 585 κατηράσατο
3500 514 3580 587 τῷ
3618 514 3897 587 Ἡρακλεῖ,

628 615 751 660 vata
799 603 928 658 mihi
983 601 1384 669 benevolentia,
1444 618 1551 675 qua
1607 601 1887 657 Platonem
1930 614 2031 669 ego
2085 616 2205 656 sum

2327 600 2504 672 array
2541 603 2708 673 ἔκυψε
2766 606 3085 677 προσιόντος
3133 605 3285 661 κάτω
3314 608 3361 639 ⁸¹
3414 608 3646 671 εἰκότως
3692 608 3750 662 δέ
3808 627 3899 679 μοι

628 703 973 769 prosecutus,
1012 694 1224 763 fecerit,
1268 710 1391 751 eum
1435 710 1535 768 ego
1580 711 1727 753 nunc
1752 704 1808 752 et
1842 694 1895 750 in
1924 705 2205 766 posterum

2327 695 2589 749 5οκοῦσι⁸³
2620 696 2806 760 κακῶς
2838 696 3083 763 ἅπαντας
3112 698 3293 768 λέγειν
3308 698 3355 733 ⁸⁸
3376 715 3393 732 ο
3424 700 3563 753 πολὺ
3580 697 3695 771 γὰρ
3719 701 3898 766 αὐτοῖς

628 790 861 845 amicum
894 804 1001 844 non
1029 790 1242 845 hostem
1274 790 1553 859 iudicabo.

2327 788 2407 842 τοῦ
2431 788 2759 861 πράγματος
2790 792 3090 863 περίεστιν,
3125 794 3177 848 οἵ
3207 810 3273 861 γε
3289 792 3392 848 κᾶν
3425 792 3663 864 μηδενὸς
3684 793 3897 862 ἀνθρὼ-

628 901 748 945 πων
784 884 1189 956 μεμνήσωνται,
1250 886 1469 954 λέγουσι
1533 887 1578 941 δ’
1637 885 1673 940 ἃ.
1711 887 1928 955 λέγουσι
1972 885 2179 949 κακῶς·
2210 884 2351 938 ὥστε
2382 885 2476 956 ἀφ’
2504 879 2580 940 ὧν
2613 887 2797 958 έχουσι
2820 890 3155 961 χαρίζονται.
3182 885 3316 945 Εἶτα
3364 891 3427 945 τὸ
3474 890 3760 945 κάλλιπον
3792 891 3896 944 τῶν

628 973 915 1047 ὀνομάτων
955 976 1140 1039 αὐτοῖς
1195 976 1489 1043 τέθεινται,
1546 976 1885 1046 φιλοσοφίαν,
1950 974 2141 1045 ὥσπερ
2199 973 2327 1029 θέαν
2365 977 2885 1047 προκατειληφότες.
2936 977 3079 1047 Ἐγὼ
3103 979 3149 1011 ⁸⁸
3185 981 3284 1051 μὲν
3334 979 3429 1034 οῦν
3478 978 3613 1053 [712
3654 979 3747 1052 IL]
3806 983 3896 1037 καὶ

630 1068 882 1124 Πλάτωνι
911 1068 1008 1137 τὴν
1038 1070 1423 1141 προσήκουσαν
1478 1069 1643 1141 τιμὴν
1668 1069 1963 1141 ἀπένειμα,
2029 1070 2125 1124 καὶ
2165 1071 2279 1133 τοῖς
2318 1070 2543 1141 ἀνδράσι
2587 1073 2654 1126 τά
2699 1074 2981 1144 πρέποντα
3010 1074 3309 1147 ἐϐοήθησα,
3347 1076 3444 1129 καὶ
3492 1074 3618 1146 οὐχὶ
3657 1080 3896 1147 προηκά-

632 1183 760 1235 μην.
802 1165 864 1218 Εί
926 1163 984 1215 δέ
1030 1181 1114 1227 τις
1190 1167 1236 1197 ⁸⁸
1260 1164 1538 1218 ἀντειπεῖν
1606 1164 1721 1235 ἔχει
1762 1165 1996 1229 τούτοις,
2049 1164 2333 1234 φυλάττων
2387 1165 2512 1237 ἐμοὶ
2560 1167 2661 1238 τὴν
2719 1168 2841 1241 ῐσην
2885 1169 3162 1241 εὐφημίαν
3208 1150 3451 1240 ὃσηνπερ
3489 1167 3603 1237 ἐγὼ
3630 1168 3894 1237 Πλάτωνι,

628 1256 840 1321 τοῦτον,
882 1255 1123 1325 ὲγὼίκαὶ
1161 1254 1255 1309 νῦν
1315 1256 1409 1309 καὶ
1469 1254 1698 1327 ὕστερον
1737 1256 1910 1327 φίλον,
1962 1257 2062 1310 οὐκ
2096 1255 2287 1327 ἐχθρὸν
2326 1256 2497 1328 κρίνω
2518 1258 2585 1313 ⁸⁷.

1284 1372 1561 1430 CCXLIX.

1002 1486 1262 1553 Excerpta
1292 1500 1319 1539 ε
1356 1482 1478 1538 Vita
1514 1482 1853 1556 Pythagorw.

701 1596 956 1668 Legimus
978 1606 1034 1651 et
1081 1594 1251 1649 Vitam
1282 1594 1631 1666 Pythagora.

700 1710 947 1779 Excepit,
1007 1708 1204 1778 inquit,
1269 1709 1496 1764 docendi
1554 1725 1784 1765 munere
1852 1710 2211 1783 Pythagoram

2996 1380 3176 1436 ΣΜΘ.

2815 1495 3166 1561 Πυθαγόρου
3197 1494 3358 1559 βίος.

2402 1602 2745 1673 Ἀνεγνώσθη
2780 1606 3129 1675 Πυθαγόρου
3158 1607 3320 1674 βίος.

2388 1716 2511 1769 Ὅτι
2544 1715 2729 1782 ἔνατος
2747 1718 2795 1751 ⁸⁸
2841 1719 2951 1773 ἀπὸ
3006 1721 3327 1793 Πυθαγόρου
3390 1723 3639 1795 διάδοχος
3688 1725 3897 1794 γέγονε.

600 1880 601 1883 η
633 1800 787 1855 Plato
816 1815 992 1855 nonus
1020 1812 1324 1866 successor,
1349 1800 1600 1871 Archytae
1631 1800 1867 1857 senioris
1892 1800 2209 1869 discipulus,

2327 1806 2470 1875 Ψησὶ.
2508 1806 2755 1873 Πλάτων.
2790 1809 3052 1881 ’Λρχύτου
3079 1811 3175 1866 τοῦ
3219 1813 3605 1885 πρεσϐυτέρου
3656 1815 3899 1887 μαθητὴς

631 1895 876 1948 decimus
918 1892 1261 1949 Aristoteles.
1328 1889 1651 1964 Pythagora:
1696 1903 1878 1949 autem
1939 1892 2212 1962 discipuli,

2314 1895 2628 1965 γενόμενος,
2648 1897 2875 1963 δέκατος
2902 1899 2961 1953 δὲ
2997 1900 3405 1974 Ἀριστοτέλης.
3462 1904 3588 1958 Τῶν
3619 1905 3680 1958 δὲ
3724 1906 3901 1958 Πυθα-

630 1986 720 2055 qui
778 1984 1218 2056 contemplationi
1264 1984 1435 2040 dediti
1486 1995 1667 2049 erant,
1708 1984 1975 2040 Sebastici
2022 1982 2099 2056 [id
2133 1992 2217 2040 est

2327 1986 2479 2057 γόρου
2508 1990 2557 2041 οἱ
2589 1989 2690 2059 μὲν
2707 1985 2849 2061 ἦσαν
2876 1993 3007 2063 περὶ
3044 1992 3143 2064 τὴν
3176 1993 3415 2066 θεωρίαν
3458 1995 3895 2065 καταγινόμενοο,

628 2076 725 2149 pii]
772 2077 947 2133 vocati
1006 2085 1166 2143 sunt;
1212 2078 1305 2147 qui
1357 2076 1503 2131 circa
1556 2077 1794 2131 humana
1839 2086 2212 2140 versarentur,

630 2174 883 2240 Politici;
933 2176 1023 2244 qui
1075 2172 1368 2239 mathesin,
1419 2170 1794 2241 geometriam,
1824 2167 2215 2224 astronomiam

630 2275 899 2332 amarent,
953 2264 1361 2331 Mathematici;
1408 2264 1502 2334 qui
1561 2262 1858 2318 familiares
1905 2263 1956 2316 ei
2004 2268 2216 2324 essent,

630 2356 1018 2429 Pythagorici:
1053 2356 1364 2426 horumque
1406 2354 1649 2424 discipuli
1699 2353 2058 2425 Pythagorei;
2094 2353 2218 2422 qui-

630 2465 738 2519 que
784 2450 944 2504 aliter
975 2449 1316 2505 extrinsecus
1349 2463 1472 2503 eum
1525 2446 1895 2511 imitarentur,
1938 2445 2218 2516 Pythago-

633 2543 802 2596 ristm.
828 2539 1031 2596 Omnes
1066 2540 1117 2595 hi
1151 2539 1478 2595 animalibus
1505 2538 1872 2605 abstinentes,
1905 2547 2057 2593 certo
2082 2546 2219 2593 tem—

634 2649 763 2702 pore
791 2650 822 2690 e
874 2633 1111 2689 victimis
1137 2633 1271 2688 solis
1304 2632 1611 2703 gustabant.
1642 2630 1870 2686 Centum
1903 2640 1955 2683 et
1984 2638 2223 2699 quatuor

633 2726 838 2781 vixisse
894 2724 1052 2780 annis
1110 2724 1281 2779 fertur
1353 2723 1715 2794 Pythagoras,
1765 2730 1821 2777 et
1867 2720 2223 2777 Mnesarchus

633 2821 930 2876 etiamnum
958 2819 1177 2890 juvenis
1228 2835 1370 2875 unus
1415 2818 1649 2872 ﬁliorum
1697 2816 1928 2882 obiisse;
1960 2818 2225 2872 successit

637 2914 765 2969 huic
787 2911 1079 2984 Telauges,
1117 2911 1360 2982 Saraque
1388 2919 1441 2965 et
1468 2908 1608 2981 Myia
1642 2908 1787 2963 illius
1819 2908 1963 2973 ﬁliae,
2002 2910 2226 2979 ipsaque

636 3006 881 3073 Theano,
924 3019 1029 3060 non
1062 3003 1329 3074 discipula
1369 3004 1556 3069 modo,
1592 3017 1780 3057 verum
1822 3011 1877 3057 et
1912 3002 2023 3057 tilia
2057 3002 2227 3057 fuisse

635 3105 1029 3155 memorantur.
1080 3094 1369 3161 Diﬁ‘erunt,
1415 3104 1475 3149 ut.
1513 3094 1666 3148 aiunt
1717 3092 2067 3164 Pythagorei,
2106 3093 2228 3146 uui-

2326 2078 2488 2150 οἵπερ
2544 2081 2837 2136 ἐκαλοῦντο
2868 2082 3209 2149 Σεσαστικοὶ,
3245 2087 3296 2139 οί
3321 2086 3379 2140 δὲ
3404 2088 3537 2158 περὶ
3583 2082 3669 2141 τάῆ
3692 2086 3898 2159 ἀνθρώ-

2320 2185 2473 2235 πινα,
2514 2171 2675 2243 οἵπερ
2700 2174 2994 2230 ἐκαλοῦντο
3018 2176 3323 2244 Πολιτικοὶ,
3348 2178 3399 2231 oi
3428 2178 3484 2232 δὲ
3528 2180 3664 2249 περὶ
3700 2179 3772 2231 τὰ
3800 2197 3900 2249 μα-

2319 2259 2561 2330 θήματα.
2611 2264 2964 2337 γεωμετρικὰ
3013 2267 3108 2319 καὶ
3139 2266 3537 2339 ἀπρονομικά.
3577 2267 3740 2339 οἷπερ
3774 2270 3897 2322 έκα-

2318 2350 2509 2407 λοῦντο
2537 2354 2951 2427 Μαθηματικοί.
2980 2359 3094 2413 Kal
3125 2360 3174 2414 οί
3210 2361 3309 2430 μὲν
3336 2360 3382 2393 "
3411 2359 3565 2431 αύτῷ
3602 2360 3685 2431 τῷ
3726 2361 3902 2415 Πυθα-

2321 2448 2460 2520 γόρᾳ
2497 2451 2884 2522 συγγενόμενοι
2899 2453 2945 2485 ⁸⁸
2989 2453 3283 2509 ἐκαλοῦντο
3327 2455 3728 2528 Πυθαγορικοὶ,
3757 2458 3807 2509 οἱ
3846 2456 3901 2509 δὲ

2319 2539 2527 2594 τούτων
2572 2543 2816 2614 μαθηταὶ
2848 2543 3234 2615 Πυθαγόρειοι,
3285 2547 3335 2600 oi
3384 2546 3441 2600 δὲ
3475 2546 3654 2610 άλλως
3708 2546 3903 2611 tanta»

2323 2632 2565 2705 ζηλωταὶ
2636 2635 3066 2707 Πυθαγορισταί.
3132 2638 3451 2709 Ἀπείχοντο
3509 2639 3571 2693 δὲ
3646 2638 3906 2710 ἐμψύχων

2324 2725 2416 2778 καὶ
2469 2724 2610 2779 κατά
2675 2725 2869 2795 καιρὸν
2904 2726 3151 2796 1μόνον⁶¹
3208 2726 3410 2781 θυσιῶν
3458 2727 3733 2796 ἐγεύοντο.
3786 2728 3905 2780 Ὀτι

2325 2816 2519 2869 ἑκατὸν
2552 2817 2645 2870 καὶ
2673 2818 2958 2889 τεσσάρων
2987 2818 3207 2889 λέγεται
3242 2820 3380 2874 ἐτῶν
3402 2820 3448 2852 ⁶¹
3498 2820 3759 2891 ἐζηκέναι
3817 2819 3906 2874 τὸν

2334 2906 2678 2979 Πυθαγόραν.
2735 2909 2846 2962 Kal
2897 2911 2926 2963 ό
2978 2910 3076 2981 μὲν
3110 2911 3442 2982 Μνήσαρχος
3491 2905 3574 2970 εἷς
3627 2909 3741 2963 τῶν
3774 2908 3906 2963 υῑῶν

2326 2998 2490 3052 αὐτοῦ
2522 2998 2741 3068 λέγεται
2777 2999 3041 3073 νεώτερος
3070 3002 3418 3075 τελευτῆσαι,
3456 3003 3754 3073 Τηλαυγὴς
3800 3002 3856 3057 δὲ
3877 3005 3905 3057 ὁ

2326 3088 2517 3161 ἔτερος
2546 3090 2839 3159 διεδέξατο,
2871 3093 2967 3147 καὶ
2992 3093 3206 3166 Αίσάρα
3223 3094 3270 3127 ⁸³
3298 3096 3394 3149 καὶ
3440 3096 3592 3150 Μυῖα
3629 3096 3690 3150 αἱ
3739 3095 3904 3164 θυγα-

636 3200 721 3249 tas
752 3198 807 3246 et
849 3204 1017 3245 unum
1046 3206 1059 3243 :
1090 3188 1269 3243 unitas
1302 3188 1517 3258 quidem
1567 3187 1619 3240 in
1652 3185 1813 3241 rebus
1841 3200 1961 3255 quae
1993 3183 2093 3240 sub
2136 3184 2220 3239 in-

2327 3181 2501 3252 τέρες.
2533 3182 2643 3236 Kal
2668 3185 2702 3255 ἠ
2734 3183 2923 3238 Θεανὼ
2950 3184 3008 3239 δὲ
3054 3186 3278 3256 λέγεται
3311 3188 3373 3241 οὐ
3430 3187 3713 3260 μαθήτρια
3752 3190 3901 3260 μόνον

637 3284 915 3339 tellectum
962 3281 1187 3345 cadunt,
1240 3280 1308 3334 ab
1341 3280 1408 3335 iis
1437 3278 1766 3346 collocatur;
1800 3292 1967 3332 unum
2002 3292 2132 3333 vero
2166 3276 2220 3332 in

637 3376 770 3444 ipsis
805 3372 1069 3441 numeris,
1116 3379 1174 3427 et
1211 3372 1401 3427 eodem
1449 3370 1609 3426 modo
1654 3370 1761 3425 duo
1816 3368 1871 3423 in
1921 3368 2223 3424 numeratis

637 3467 953 3523 dualitatem
1008 3464 1278 3519 inﬁnitam
1318 3463 1633 3534 perhibent.
1671 3461 1863 3517 Unitas
1893 3461 2109 3531 quidem
2138 3475 2223 3515 se-

639 3559 873 3614 cundum
909 3556 1281 3627 aequalitatem
1314 3565 1370 3611 et
1400 3556 1637 3611 medium
1665 3554 1901 3609 sumitur
1936 3574 1949 3610 :
1987 3554 2224 3608 dualitas

638 3660 820 3705 autem
874 3649 1172 3705 secundum
1224 3646 1692 3718 exsuperantiam,
1750 3646 1801 3700 id
1848 3646 1991 3715 quod
2044 3645 2223 3698 minus

639 3754 741 3798 est.
777 3742 971 3813 Itaque
995 3742 1230 3796 medium
1273 3749 1325 3793 ct
1357 3739 1552 3793 modus
1587 3753 1691 3792 non
1736 3745 1964 3807 possunt
1994 3734 2110 3806 plus
2133 3742 2227 3789 aut

639 3838 819 3890 minus
848 3834 984 3901 ﬁeri,
1015 3834 1109 3888 sed
1133 3846 1387 3888 excessus
1404 3829 1603 3903 ma
1632 3839 1686 3885 et
1712 3828 1978 3893 defectus,
2018 3843 2138 3882 cum
2170 3827 2223 3880 in

640 3926 913 3980 inﬁnitum
955 3922 1275 3995 procedant,
1317 3932 1480 3991 atque
1511 3921 1638 3976 ideo
1666 3928 2017 3975 asseruerunt
2047 3918 2223 3972 duali-

643 4028 807 4074 tatem
838 4017 1128 4073 inﬁnitam.
1162 4017 1230 4072 Et
1256 4015 1388 4073 licet
1430 4015 1616 4072 omnia
1648 4028 1679 4069 e
1704 4012 1935 4068 monade
1964 4022 2019 4067 et
2045 4010 2224 4068 duali-

641 4120 753 4166 tate
810 4111 862 4165 in
914 4123 1170 4165 numeros
1210 4108 1469 4173 referant,
1515 4106 1812 4177 omniaque
1844 4119 1965 4175 quae
2005 4112 2225 4159 exstant

642 4217 929 4258 numerum
968 4201 1263 4273 appellent,
1314 4201 1525 4257 decimo
1569 4210 1747 4255 tamen
1780 4210 2038 4252 numerus
2071 4210 2225 4251 com-

642 4298 843 4368 pletur.
905 4296 1163 4352 Decimus
1211 4308 1341 4350 vero
1385 4293 1444 4348 ﬁt
1493 4309 1522 4347 a
1561 4300 1797 4363 quatuor
1831 4290 1987 4344 nobis
2033 4288 2226 4343 ordine

643 4386 1063 4442 numerantibus
1106 4383 1369 4439 numeris.
1428 4380 1637 4437 Idcirco
1672 4392 1888 4435 omnem
1939 4391 2223 4431 numerum

642 4478 1051 4552 quaternarium
1083 4475 1375 4545 appellant.
1418 4474 1619 4529 Tribus
1654 4485 1871 4542 quoque
1902 4467 2227 4525 asserebant

643 4570 822 4626 modis
853 4568 1037 4638 seipso
1086 4566 1364 4649 hominem
1400 4564 1676 4620 meliorem
1708 4561 1844 4617 ﬁeri.
1883 4558 2071 4614 Primo
2099 4572 2223 4615 cum

646 4668 751 4724 diis
794 4662 1154 4735 colloquendo
1197 4676 1213 4716 :
1252 4660 1605 4716 accedentem
1643 4656 1789 4712 enim
1842 4655 1908 4710 ad
1945 4668 2041 4711 eos
2097 4665 2225 4710 tunc

646 4756 992 4826 potissimum
1022 4753 1092 4810 ab
1120 4752 1268 4810 omni
1302 4765 1360 4807 se
1394 4749 1662 4805 maleﬁcio
1688 4747 1967 4803 abstinere
1998 4759 2224 4802 necesse

646 4859 752 4914 est,
776 4858 831 4904 et
855 4847 1035 4918 quoad
1058 4845 1174 4913 ejus
1200 4844 1314 4901 ﬁeri
1348 4850 1525 4913 potest
1547 4839 1657 4894 Deo
1684 4835 1995 4893 assimilari.
2021 4834 2227 4891 Deinde

645 4941 783 4996 bene
818 4940 883 4995 de
908 4939 1031 4995 aliis
1063 4935 1324 4993 merendo
1350 4951 1367 4989 :
1402 4933 1494 4988 Dei
1526 4932 1670 4986 enim
1713 4931 1817 4985 hoc
1844 4930 2119 4999 proprium
2145 4939 2227 4984 est

646 5034 700 5088 in
732 5046 904 5102 eoque
934 5030 1104 5107 Deum
1135 5029 1399 5084 imitatur.
1430 5024 1617 5079 Tertio
1644 5021 1879 5091 denique
1902 5021 2179 5076 moriendo
2214 5038 2225 5073 :

648 5124 695 5180 si
731 5123 875 5179 enim
921 5121 1155 5185 animus,
1206 5120 1297 5189 qui
1350 5118 1402 5173 in
1456 5117 1563 5171 vita
1618 5116 1733 5185 ipsa
1763 5122 1850 5169 est
1894 5112 2019 5168 vita:
2048 5126 2231 5173 causa,

2325 3273 2462 3329 ἀλλά
2488 3275 2583 3328 καὶ
2616 3276 2713 3346 μία
2738 3276 2848 3329 τῶν
2878 3276 3199 3349 θυγατέρων
3224 3279 3393 3333 αὑτοῦ
3430 3275 3597 3334 εἶναι.
3619 3280 3748 3333 Ὅτι
3795 3280 3901 3333 δια-

2328 3368 2518 3440 φέρειν
2551 3368 2740 3438 ἐλεγον
2772 3371 2822 3423 οἱ
2840 3368 2958 3424 ἀπὸ
2987 3372 3306 3444 Πυθαγόρου
3328 3373 3537 3444 μονάδα
3562 3374 3657 3427 καὶ
3686 3372 3765 3427 ἓν.
3794 3372 3900 3427 Μο-

2326 3459 2423 3523 νὰς
2443 3460 2542 3531 μὲν
2564 3463 2673 3531 γὰρ
2703 3462 2838 3533 παρ’
2866 3463 3052 3528 αὐτοῖς
3078 3465 3365 3535 ἐνομίζετο
3392 3466 3427 3537 ἡ
3453 3466 3512 3519 ὲν
3546 3468 3663 3530 τοῖς
3703 3469 3901 3537 νοητοῖς

2326 3552 2482 3615 οὖσα,
2512 3554 2569 3606 ἓν
2587 3554 2645 3607 δὲ
2674 3555 2733 3607 τὸ
2760 3557 2818 3608 έν
2851 3558 2961 3620 τοῖς
2985 3556 3242 3627 ἀριθμοῖς
3265 3574 3279 3588 ⁸
3312 3558 3519 3627 ὁμοίως
3539 3559 3599 3613 δὲ
3616 3558 3821 3613 καὶδύο
3844 3558 3901 3612 τὸ

2326 3644 2385 3696 ἐν
2400 3646 2513 3707 τοῖς
2543 3644 2889 3717 ἀριθμητοῖς.
2926 3646 3153 3716 Ἔλεγον
3174 3648 3232 3701 δὲ
3253 3649 3351 3718 τὴν
3372 3649 3545 3704 δυάδα
3562 3650 3608 3682 ⁸⁸
3638 3650 3896 3722 ἀόριστον,

2327 3733 2460 3804 ὃτιή
2484 3734 2583 3805 μὲν
2612 3737 2779 3805 μονὰς
2797 3737 2939 3791 κατά
2955 3736 3053 3809 τὴν
3088 3738 3309 3810 ἰσότητα
3340 3740 3437 3793 καὶ
3458 3740 3519 3794 τὺ
3538 3741 3741 3812 μέτρον
3768 3741 3897 3812 λαμ-

2330 3826 2575 3892 ϐάνεται,
2589 3828 2623 3897 ἡ
2638 3827 2694 3881 δὲ
2712 3828 2845 3894 δυὰς
2871 3830 2991 3884 καθ’
3006 3831 3108 3884 ὑπε
3118 3830 3317 3901 ρϐολὴν
3334 3832 3431 3886 καὶ
3448 3831 3713 3903 ἔλλειψιν.
3733 3834 3899 3887 Μεσό-

2328 3937 2427 3990 της
2444 3919 2543 3990 μὲν
2563 3914 2657 3974 οῦν
2682 3922 2777 3975 καὶ
2821 3922 3019 3993 μέτρον
3038 3923 3098 3976 ού
3122 3922 3343 3977 δύναται
3374 3923 3579 3995 μᾶλλον
3624 3926 3722 3978 καὶ
3751 3920 3901 3996 ἦττον

2328 4010 2617 4080 γενέσθαι·
2654 4012 2777 4081 ἡδὲ
2826 4012 3101 4085 ὑπερϐολὴ
3155 4014 3251 4069 καὶ
3297 4014 3538 4084 ἔλλειψις
3587 4014 3776 4083 ἐπειδὴ
3819 4014 3902 4068 ἐπ’

2328 4106 2555 4175 ἄπειρον
2589 4107 2903 4177 προχωρεῖ,
2939 4105 3030 4159 διὰ
3057 4104 3217 4161 τοῦτο
3242 4107 3497 4179 ἀόριστον
3526 4106 3703 4177 αὐτὴν
3728 4108 3905 4173 ελεγον

2327 4195 2515 4251 δυάδα.
2550 4196 2661 4251 Kal
2684 4196 2871 4268 ἐπειδὴ
2902 4196 3083 4252 πάντα
3116 4198 3196 4260 είς
3221 4197 3349 4259 τοὺς
3392 4195 3669 4269 ἀριθμοὺς
3710 4196 3907 4266 ἀνῆγον

2330 4285 2392 4338 ἐκ
2447 4304 2506 4339 τε
2551 4286 2651 4357 τῆς
2688 4288 2919 4357 μονάδος
2969 4288 3065 4341 καὶ
3112 4290 3213 4359 τῆς
3255 4287 3469 4355 δυάδος,
3517 4290 3613 4342 καὶ
3662 4291 3732 4342 τὰ
3783 4288 3909 4340 ὄντα

2330 4378 2509 4433 πάντα
2572 4379 2904 4450 ἀριθμοὺςη
2962 4379 3412 4450 προσηγόρευον,
3484 4380 3514 4431 ό
3571 4379 3629 4432 δὲ
3685 4379 3909 4450 ἀριθμὸς

2332 4470 2752 4542 συμπληροῦται
2789 4473 2900 4537 τοῖς
2930 4470 3085 4536 δέκα,
3132 4472 3162 4525 ό
3211 4471 3269 4524 δὲ
3319 4470 3451 4524 δέκα
3507 4470 3764 4534 σύνθεσις
3804 4470 3908 4523 τῶν

2331 4562 2621 4636 τεσσάρων
2650 4563 2793 4617 κατά
2832 4563 2894 4616 τὸ
2928 4561 3056 4632 ἑξῆς
3090 4561 3469 4634 ἀριθμούντων
3496 4560 3681 4632 ἡμῶν,
3710 4562 3804 4614 καὶ
3827 4560 3911 4613 διὰ

2331 4655 2493 4710 τοῦτο
2523 4654 2615 4709 τὸν
2644 4653 2880 4726 ἀριθμὸν
2917 4653 3097 4708 πάντα
3129 4654 3433 4724 τετρακτὺν
3465 4649 3909 4720 ἔλεγον.Ἒλεγον

2331 4748 2390 4801 δὲ
2424 4746 2520 4801 τδν
2552 4746 2841 4819 ἄνθρωπον
2870 4744 3038 4801 αὐτὸν
3088 4743 3284 4800 ἑαυτοῦ
3341 4743 3536 4814 βελτίω
3573 4742 3721 4797 κατά
3766 4743 3912 4813 τρεῖς

2332 4838 2569 4910 τρόπους
2607 4837 2876 4908 γίνεσθαι,
2910 4836 3128 4909 πρῶτον
3173 4836 3275 4909 μὲν
3304 4839 3369 4909 τῇ
3404 4835 3653 4908 δμιλίᾳ⁶⁸
3683 4836 3749 4905 τῇ
3780 4834 3915 4905 πρὸς

2339 4930 2466 4993 τοὺς
2500 4930 2657 4993 θεοὺς
2698 4930 2934 5001 (ἀνάγκη
2968 4930 3079 5002 γάρ
3132 4928 3518 5001 προσίοντας⁶⁷
3564 4928 3748 4991 αὐτοῖς
3798 4926 3915 4979 κατ’

2340 5022 2520 5073 έκεῖνο
2557 5019 2752 5091 καιροῦ
2783 5018 3117 5092 χωρίζεσθαι
3139 5020 3339 5082 αὐτοὺς
3368 5020 3552 5089 πάσης
3584 5019 3812 5083 κακίας,
3842 5017 3917 5079 είς

2342 5111 2571 5181 δύναμιν
2593 5112 2913 5183 ὁμοιοῦντας
2930 5111 2977 5144 ⁸⁸
3010 5112 3237 5175 ἑαυτοὺς
3264 5109 3343 5182 τῷ
3367 5109 3546 5181 Θεῷ),
3580 5109 3838 5180 δεύτερον
3862 5110 3918 5162 ὲν

1959 5225 2196 5283 ἾΑΒΙΑΞ
2237 5224 2642 5283 LECTIONES.

719 5333 766 5363 "
800 5328 974 5402 κάτω]
996 5330 1167 5384 κάτω.
1194 5324 1499 5402 σάτυρος-δ’
1528 5324 1698 5402 ὅστις·
1725 5322 1799 5402 ούΔ
1817 5322 1925 5392 γὰρ
1945 5320 2049 5402 Δτὸν
2073 5320 2477 5402 δαίμονα-λέγει
2498 5320 2591 5373 τοῦ
2618 5321 2886 5402 διονυσίου
2920 5322 2984 5375 Α.
3118 5338 3233 5402 μοι⁸
3250 5319 3607 5402 δοκοῦσιριη.
3760 5318 3923 5402 ’διλέο

646 5402 792 5472 γειν]
836 5396 1057 5470 λέγᾱυσι
1107 5403 1171 5455 Α.
1232 5401 1277 5432 ⁸⁸
1317 5396 1426 5472 ἐγὼ

647 5547 760 5600 vita
793 5543 893 5613 Pyt

650 5557 760 5600 vna
793 5557 1021 5645 rytnag.
1051 5557 1140 5598 ea.
1176 5557 1337 5595 nuste

650 5616 897 5672 llolsten.
1005 5616 1020 5645 ¹
1068 5612 1247 5683 μόνων
1277 5628 1337 5673 ς.

651 5671 811 5755 σάρα.
874 5684 919 5717 ⁸⁵
945 5671 1113 5738 δυάδα
1142 5680 1211 5755 Α.
1243 5671 1448 5755 μονάδα
1487 5695 1548 5741 ς’.
1692 5674 1925 5755 ἀριθμὸν
1952 5671 2149 5755 Suidas
2174 5689 2226 5728 ν.

1318 5390 1534 5519 ςγὼΙΛρ.
1568 5392 1694 5448 524.
1753 5392 1800 5423 ³⁸
1818 5390 1903 5455 τις
1932 5391 1977 5445 Α
2011 5410 2025 5444 :
2055 5408 2109 5444 τι
2147 5390 2208 5455 ς.
2284 5393 2326 5425 ⁸⁷
2360 5408 2481 5461 quae
2532 5402 2656 5459 post
2697 5391 2870 5460 κρίνω
2912 5408 2953 5455 ς
2983 5390 3152 5455 addit,
3179 5390 3534 5473 ἀλλαντρπὼλ

1318 5486 1385 5519 ωε
1471 5461 1759 5519 ουκανικά.
1807 5477 1917 5517 om.
1982 5462 2091 5517 AC.
2160 5462 2206 5494 ⁵⁸
2237 5461 2459 5519 ἔννατος
2516 5477 2579 5519 ς’.
2633 5462 2751 5514 "oi
2791 5462 2891 5519 μὲν
2914 5478 3000 5519 an.
3046 5460 3110 5515 L.
3150 5460 3534 5519 Holstentumt

646 5476 717 5529 τὰ
770 5472 897 5542 λεγό
946 5489 1042 5526 ενα
1099 5472 1385 5533 ἰδιωτικῶς
1438 5472 1759 5527 λουκανικά,
1807 5477 1917 5517 om.
1982 5472 2091 5517 au.
2160 5472 2206 5494 "
2237 5472 2459 5525 εννατος
2516 5477 2579 5524 ς’.
2633 5472 2679 5494 ⁸·
2704 5472 2751 5514 οι
2791 5472 2891 5532 μέν
2914 5478 3000 5532 ap.
3046 5472 3110 5515 ιλ.
3150 5472 3488 5517 ﬂolstentum
3523 5472 3826 5531 (Porphyr.
3856 5472 3915 5513 ac

647 5547 760 5617 vita
793 5490 1021 5617 Ρνιιῗεεο
1051 5542 1140 5617 ed.-
1174 5540 1391 5595 κυειετ·
1428 5554 1481 5617 9.»
1506 5536 1620 5617 .56)-
1669 5534 1727 5617 ἔτ
1760 5532 2166 5617 συγγινόμεγρι.
2189 5531 2823 5617 ,διξίάθεν-,.[¹.υθαγόρα
2866 5534 2996 5601 (νοιο
3030 5534 3168 5617 ἣν·
3194 5532 3320 5617 ἓδδο
3348 5529 3915 5617 ὲὲὶν,γενβξιενοι..ξιξς

2243 5605 2311 5727 i‘t’

1430 5603 1473 5640 δ’
1502 5603 1639 5661 ὲτῶν
1669 5603 1889 5671 λέγεται
1919 5620 1979 5667 ς.
2061 5603 2107 5636 ⁸³
2136 5603 2239 5657 Δίσ

2796 5409 2870 5444 νω
2912 5408 2953 5455 ς
2983 5388 3152 5455 addit,
3179 5390 3534 5445 ἀλλαντοπὼλ
3577 5407 3603 5452 ς
3652 5391 3683 5442 ὁ
3723 5388 3920 5443 πωλῶν

2791 5462 2891 5532 μὲν
2914 5478 3000 5532 ap.
3046 5460 3110 5515 L.
3150 5460 3488 5532 Holstenium
3523 5406 3826 5532 (Porphyr.
3856 5461 3920 5513 de

2315 5620 2349 5655 a
2380 5602 2657 5673 Bentleius
2697 5599 2948 5673 re'spous.
2980 5603 3043 5656 ad
3081 5599 3231 5673 Boyl.
3261 5617 3315 5672 p.
3348 5599 3454 5656 215
3476 5599 3721 5673 Lennep.
3743 5599 3917 5673 ;_lib_ri

2312 5672 2525 5753 pteptb,‘
2545 5672 2670 5743 ἀριθ
2680 5669 3117 5753 μδνξτετραδετὺν
3138 5669 3304 5728 idem.
3325 5669 3676 5753 Τετρακτύςζ
3738 5670 3919 5753 “.μὲν

648 5739 835 5834 ὁμιλία
863 5756 930 5834 τῇ
961 5755 1098 5834 πρὸς
1124 5739 1258 5834 (θεὸν
1316 5739 1511 5834 Suidas
1542 5762 1592 5834 ν.
1621 5739 1944 5834 ’ἀνθρώπος
2000 5744 2181 5807 αὐτὸς.
2261 5739 2693 5815 ⁶⁷”πρόσιόντάς.’
2759 5744 2805 5776 ⁵⁸
2839 5739 3159 5816 ὁμοιοῦντας
3192 5759 3339 5801 corr.
3371 5743 3414 5799 Δ
3435 5739 3467 5798 ⁷;
3497 5740 3595 5796 τὸν
3617 5739 3916 5814 προσιόντι

651 5815 1028 5895 -ί-ὀμοιοῦντα
1062 5815 1258 5879 Suidas
1290 5830 1364 5887 et,
1400 5819 1603 5875 omisso
1633 5815 1722 5869 τὸν
1758 5833 1819 5879 ς.
