4124 6400
306 431 443 501 1581

1380 443 1905 507 BIBLIOTHECA.
1968 471 2015 481 -
2053 446 2218 510 COD.
2265 448 2559 511 CCXLIX.

3415 450 3435 512 ι
3448 452 3551 518 582

290 550 370 621 τῷ
396 542 458 605 εῦ
483 549 659 605 ποιεῖν
703 549 864 622 (Θεοῦ
891 554 1002 628 γάρ
1036 554 1195 611 τοῦτο
1221 555 1317 610 καὶ
1350 555 1500 622 θείας
1530 560 1863 632 μιμήσεως),
1892 616 1896 624 ε

1992 563 2249 620 iaululum
2303 581 2334 620 a
2389 576 2617 636 corpore
2693 572 2996 634 Separatus,
3069 567 3250 640 seipso
3307 573 3552 627 renditur

288 642 474 713 τρίτον
509 644 569 697 ὲν
601 643 679 713 τῷ
711 644 1080 717 ἀποθνήσκειν
1100 665 1113 679 ·
1143 648 1192 700 εί
1222 648 1331 719 γὰρ
1361 652 1507 705 κατά
1548 652 1713 706 ποσόν
1743 671 1797 706 τι
1835 654 1869 723 ἡ

1992 654 2213 711 nelior:
2261 656 2529 727 siquidem
2565 657 2616 711 in
2667 657 2874 713 somnis
2922 674 3019 729 per
3062 658 3356 728 Insomnia,
3398 674 3454 719 et
3490 663 3547 719 in

289 732 439 806 ψυχὴ
481 735 577 789 τοῦ
629 734 885 807 σώματος
925 742 983 795 ὲν
1028 741 1106 813 τῷ
1138 742 1237 813 ζῇν
1260 742 1321 796 τὸ
1354 743 1519 809 ζῶον,
1572 743 1737 816 [1516
1774 744 1872 818 11.]

293 827 638 899 χωριζομένη
697 829 925 901 βελτίων
976 833 1183 902 γίνεται
1231 835 1473 907 ἑαυτῆς,
1530 836 1588 889 ἐν
1644 854 1706 892 τε
1760 839 1875 903 τοῖς

293 915 486 982 ὕπνοις
533 920 676 975 κατά
712 922 842 987 τοὺς
887 924 1131 989 ὀνείρους
1172 926 1267 980 καὶ
1317 927 1374 979 ἐν
1418 928 1539 989 ταῖς
1584 928 1875 983 ὲκστάσεσι

293 1008 403 1063 τῶν
435 1011 609 1066 νόσων
648 1015 886 1085 μαντικὴ
914 1016 1146 1084 γίνεται,
1178 1017 1359 1089 πολλῷ
1390 1017 1521 1091 [715
1544 1018 1638 1092 11.]
1674 1021 1876 1091 μᾶλλον

299 1105 629 1175 βελτιοῦται,
659 1108 789 1163 ὅταν
817 1109 1001 1165 τέλεον
1030 1111 1277 1184 χωρισθῇ
1307 1114 1415 1169 ἀπὸ
1466 1113 1562 1168 τοῦ
1600 1113 1872 1185 σώματος.

296 1198 420 1253 ’Ότι
452 1199 551 1271 τὴν
588 1200 796 1271 μονάδα
822 1202 1042 1258 πάντων
1076 1204 1250 1277 ἀρχὴν
1280 1205 1465 1275 ἔλεγον
1490 1206 1875 1277 Πυθαγόρειοι,

293 1291 419 1344 ἐπεὶ
446 1292 509 1345 τὺ
544 1293 643 1363 μὲν
671 1298 900 1367 σημεῖον
930 1297 1108 1369 ἀρχὴν
1141 1298 1326 1368 ελεγον
1359 1298 1661 1368 γραμμῆς,
1694 1297 1793 1367 τὴν
1819 1297 1877 1351 δὲ

294 1381 577 1450 ἐπιπέδου,
614 1385 674 1439 τὸ
699 1387 755 1440 δὲ
785 1387 881 1442 τοῦ
912 1390 1077 1459 τριχῆ
1113 1389 1404 1444 διαστατοῦ
1436 1389 1557 1460 ήτοι
1601 1388 1875 1459 σώματος.

298 1472 409 1526 Τοῦ
446 1475 505 1527 δὲ
534 1479 769 1545 σημείου
797 1483 1257 1551 προεπινοεῖταιή
1290 1481 1479 1550 μονὰς,
1514 1480 1657 1533 ὥστε
1675 1481 1719 1513 ⁸⁸
1737 1480 1879 1551 ἀρχὴ

295 1564 406 1619 τῶν
441 1569 713 1639 σωμάτων
744 1573 777 1641 ή
810 1573 976 1641 μονάς
997 1589 1013 1605 ·
1049 1572 1191 1626 ῶστε
1221 1573 1290 1627 τὰ
1334 1560 1563 1643 σώματα
1605 1572 1785 1627 πάντα
1816 1575 1881 1626 ἐκ

295 1658 396 1726 τῆς
445 1660 675 1727 μονάδος
721 1662 1036 1734 γεγένηται.
1089 1663 1213 1716 Ὀτι
1264 1664 1314 1716 οί
1359 1663 1722 1735 Πυθαγόρειοι
1772 1663 1881 1717 τῶν

297 1747 562 1821 ἐμψύχων
586 1752 902 1823 ἀπείχοντο,
928 1756 1025 1825 τὴν
1062 1754 1489 1825 μετεμψύχωσιν
1514 1755 1769 1826 ἀφρόνως
1803 1754 1881 1818 ὡς

297 1839 477 1912 ἀληθῆ
532 1841 1033 1914 ὑπολαμϐάνοντες,
1091 1846 1184 1898 καὶ
1239 1846 1322 1900 ὅτι
1373 1845 1443 1899 τὰ
1486 1846 1711 1901 τοιαῦτα
1771 1847 1881 1900 τῶν

301 1932 615 2004 βρωμάτων
649 1912 883 2005 παχύνει
916 1936 1008 1990 τὸν
1046 1937 1193 2002 νοῦν,
1223 1936 1611 2008 τροφιμώτερα
1634 1937 1762 1990 ὄντα
1785 1936 1881 1990 καὶ
1913 1912 1954 1965 Β

301 2025 504 2097 πολλὴν
528 2026 779 2081 ἀνάδοσιν
808 2028 1088 2083 ποιοῦντα.
1111 2029 1209 2083 Διά
1234 2026 1396 2082 τοῦτο
1425 2028 1521 2080 καὶ
1540 2026 1634 2081 τοῦ
1667 2028 1880 2097 κυάμου

303 2117 596 2187 ἀπείχοντο
617 2160 631 2183 ,
661 2120 742 2174 ὅτι
778 2119 1031 2193 φυσώδης
1056 2120 1153 2174 καὶ
1176 2121 1610 2192 τροφιμώτατος.
1647 2119 1758 2172 Καὶ
1786 2119 1882 2174 άλ-

300 2206 403 2271 λας
435 2208 492 2260 δέ
518 2225 672 2269 τινας
704 2209 888 2273 αίτίας
921 2210 1143 2273 πλείους
1172 2209 1546 2271 ἀποδιδόασιν,
1591 2208 1648 2261 αῖ
1684 2207 1882 2267 αὐτοὺς

302 2299 498 2368 ἐνῆγον
526 2300 826 2371 ἀπέχεσθαι
853 2302 967 2356 τῶν
990 2306 1239 2374 κυάμων.
1275 2303 1398 2357 Ὀτι
1427 2301 1520 2355 τὸν
1550 2300 1881 2372 Πυθαγόραν

304 2389 475 2445 πολλά
521 2408 655 2461 φασι
670 2393 718 2426 ὀ
765 2397 1071 2466 προειπεῖν,
1107 2396 1204 2448 καὶ
1247 2395 1427 2450 πάντα
1476 2394 1729 2466 ἐκϐῆναι.
1762 2394 1885 2448 Ὀτι

305 2480 407 2554 τὴν
456 2484 554 2554 μὲν
601 2484 944 2558 θεωρητικὴν
999 2487 1095 2542 καὶ
1138 2489 1376 2559 φυσικὴν
1426 2487 1698 2542 Πλάτωνά
1751 2503 1885 2556 φασι

308 2576 457 2643 παρά
489 2576 597 2630 τῶν
630 2578 689 2631 ὲν
728 2578 931 2651 Ἰταλίᾳ
955 2578 1343 2650 Πυθαγορείων
1377 2578 1666 2649 ἐκμαθεῖν,
1695 2579 1796 2651 τὴν
1826 2577 1885 2633 δὲ

1974 747 2287 804 exstasibus
2332 748 2662 815 morborum,
2718 748 2988 804 divinator
3044 751 3122 819 ﬁt,
3179 752 3355 808 multo
3416 769 3550 810 sane

1978 847 2106 894 tunc
2154 840 2503 911 praestantior
2543 843 2724 909 seipso
2770 840 2851 907 iit,
2902 856 3028 897 cum
3055 842 3167 911 jam
3209 855 3487 915 postremo
3520 862 3553 903 e

1975 946 2207 1002 corpore
2258 935 2534 1005 migravit.
2577 934 2733 1006 Apud
2784 936 3002 992 eosdem
3030 936 3315 993 exordium
3367 952 3551 994 rerum

1977 1025 2220 1080 omnium
2253 1035 2337 1081 est
2363 1026 2566 1092 unitas,
2604 1026 2801 1083 deinde
2831 1038 3087 1098 punctum
3121 1028 3334 1084 initium
3372 1030 3551 1096 lineae,

1977 1117 2116 1173 linea
2147 1118 2478 1189 superﬁciei,
2513 1129 2569 1175 et
2608 1119 2927 1190 superﬁcies
2973 1121 3203 1191 triplicis
3241 1121 3295 1177 in
3332 1124 3554 1193 quanti-

1978 1216 2091 1263 tate
2129 1208 2509 1274 dimensionis,
2538 1207 2644 1275 vel,
2687 1217 2747 1263 ut
2781 1217 2999 1275 vocant,
3044 1211 3316 1281 corporis.
3354 1209 3553 1267 Verum

1979 1308 2110 1355 ante
2138 1308 2395 1369 punctum
2443 1299 2822 1370 cognoscimus
2852 1301 3168 1357 monadem.
3220 1303 3400 1368 Quare
3429 1317 3557 1359 cor-

1980 1405 2171 1459 porum
2226 1392 2445 1447 initium
2487 1400 2573 1449 est
2622 1394 2827 1460 unitas,
2879 1394 3021 1451 sicut
3047 1396 3232 1450 omnia
3258 1410 3487 1465 corpora
3524 1410 3557 1451 e

1983 1484 2211 1535 monade
2237 1494 2653 1550 componuntur.
2681 1484 2903 1549 Adhaec,
2953 1495 3175 1555 propter
3199 1484 3559 1555 transmigra-

1985 1572 2183 1627 tionem
2218 1572 2541 1636 animarum,
2594 1588 2755 1644 quam
2808 1576 2977 1630 stulto
3022 1589 3153 1631 sane
3196 1575 3429 1630 consilio
3466 1590 3558 1630 ve-

1984 1677 2097 1716 ram
2155 1673 2368 1731 putant,
2408 1664 2475 1718 ab
2520 1665 2777 1721 animatis
2836 1667 3142 1731 abstinent;
3193 1666 3389 1722 deinde
3432 1667 3558 1736 quia

1984 1751 2256 1822 ingenium
2290 1764 2541 1823 gravant,
2574 1755 2646 1810 ob
2692 1755 2918 1811 nimium
2962 1756 3355 1813 nutrimentum
3399 1765 3454 1813 et
3479 1756 3564 1811 di-

1985 1845 2310 1912 gestioncm.
2366 1843 2510 1911 Quin
2540 1856 2595 1901 et
2640 1844 2795 1902 fabas
2825 1862 2934 1903 non
2970 1849 3167 1914 edunt,
3199 1848 3426 1903 nimium
3470 1861 3562 1902 sc-

1987 1935 2223 1990 cuudum
2269 1950 2365 1991 eos
2406 1936 2671 1992 iuﬂationi
2715 1938 3006 2004 obnoxias,
3048 1951 3105 1995 et
3135 1939 3297 1994 nimis
3327 1940 3560 2002 alentes,

1988 2026 2217 2094 aliisque
2279 2027 2347 2081 de
2398 2028 2599 2091 causis,
2666 2045 2789 2099 quae
2841 2028 3091 2085 labarum
3159 2044 3310 2084 esum
3374 2029 3566 2098 prohi-
3617 2073 3620 2077 .

1990 2117 2154 2170 beant
2181 2116 2313 2187 (10).
2348 2116 2587 2173 Plurima
2631 2119 2969 2191 Pythagoras
3010 2118 3330 2191 praedixisse
3370 2118 3563 2179 fertur.

1991 2219 2043 2265 et
2088 2213 2269 2266 omnia
2327 2213 2616 2269 accidisse.
2677 2214 2957 2271 Platonem
3017 2230 3047 2268 a
3102 2212 3460 2286 Pythagoreis
3510 2212 3564 2266 in

1991 2298 2139 2354 Italia
2171 2304 2567 2372 speculativam
2599 2316 2653 2361 et
2675 2307 2957 2377 physicam
2984 2307 3157 2372 aiunt,
3190 2314 3245 2362 et
3275 2320 3305 2360 a
3343 2304 3570 2363 Socrate

1989 2392 2222 2447 ethicam
2253 2394 2550 2463 didicisse;
2585 2397 2727 2468 apud
2768 2395 3044 2452 Zenonem
3075 2412 3227 2463 vero,
3260 2405 3319 2454 et
3343 2395 3571 2452 Parme-

1991 2483 2169 2538 nidem
2201 2483 2418 2543 Eleatas
2448 2487 2799 2542 fundamenta
2840 2488 3042 2558 logices
3065 2488 3286 2559 iecisse,
3334 2487 3429 2558 qui
3455 2502 3572 2544 om-

1990 2590 2086 2630 nes
2116 2591 2147 2631 e
2176 2575 2494 2650 Pythagorae
2518 2579 2702 2641 schola
2730 2579 2959 2651 profecti
2990 2589 3141 2635 sunt.

306 2667 501 2740 ἠθικὴν
546 2672 780 2742 μάλιστα
827 2673 980 2744 παρὰ
1027 2674 1374 2744 Σωκράτους.
1403 2672 1516 2744 Τῆς
1546 2672 1605 2726 δὲ
1652 2672 1881 2741 λογικῆς
1920 2668 2215 2741 σπέρματα
2260 2672 2593 2728 καταϐαλεῖν
2641 2673 2792 2745 αὐτῷ
2846 2674 3070 2744 Ζήνωνα
3137 2671 3231 2726 καὶ
3295 2670 3573 2743 Παρμενί-

306 2760 467 2832 δηντί
494 2764 622 2826 τοὺς
663 2763 949 2829 Ἐλεάταςο
983 2766 1081 2820 καὶ
1120 2760 1265 2821 οῦτοι
1289 2766 1347 2821 δὲ
1371 2767 1470 2837 τῆς
1512 2763 1885 2836 Πυθαγορείου
1920 2757 2063 2834 ἦσαν
2087 2762 2394 2834 διατριϐῆς.

383 2852 508 2906 Ὅτι
552 2856 586 2921 ἠ
632 2851 779 2923 ὄψις,
828 2853 973 2908 κατὰ
1016 2854 1347 2927 Πυθαγόραν
1372 2855 1469 2909 καὶ
1506 2854 1770 2910 Πλάτωνα
1798 2852 1893 2907 καὶ

324 2941 726 3016 Ἀριστοτέλην,
756 2945 867 2999 τῶν
894 2942 1106 3000 δώδεκα
1139 2945 1447 3017 χρωμάτων
1494 2946 1613 2999 ἐστὶ
1647 2943 1889 3016 κριτική,

311 3033 505 3088 λευκοῦ
535 3037 633 3090 καὶ
660 3037 891 3108 μέλανος
916 3039 1012 3093 καὶ
1043 3038 1156 3092 τῶν
1195 3037 1424 3109 μεταξὺ,
1452 3036 1671 3105 ξανθοῦ,
1705 3036 1890 3107 φαιοῦ,

311 3124 516 3195 ὠχροῦ,
534 3125 793 3197 ἐρυθροῦ,
821 3129 1049 3193 κυανοῦ,
1081 3126 1373 3199 ἁλουργοῦ,
1397 3126 1674 3199 λαμπροῦ,
1701 3126 1893 3198 ὀρφνί-

311 3219 488 3273 von".
527 3218 595 3272 Ἦ
632 3219 691 3273 δὲ
720 3221 861 3293 ἀκοὴ
912 3223 1135 3293 κριτική
1172 3221 1322 3275 ἐστιν
1353 3219 1502 3285 ὀξέος
1552 3220 1649 3274 καὶ
1697 3218 1893 3291 βαρέος

313 3309 574 3379 φθόγγου.
607 3310 674 3365 Ἦ
706 3311 763 3365 δὲ
793 3312 1061 3384 δσφρησις
1090 3314 1313 3387 κριτική
1364 3313 1581 3369 εὐωδῶν
1626 3315 1721 3368 καὶ
1765 3313 1893 3366 δυσ-

314 3402 465 3458 ωδῶν
487 3404 676 3474 ὀσμῶν
702 3406 931 3460 καὶτῶν
964 3406 1170 3477 μεταξὺ
1201 3408 1266 3460 ὲκ
1283 3408 1331 3440 ⁷⁸
1360 3407 1689 3478 σηπομένων
1718 3423 1777 3460 τε
1800 3409 1896 3461 καί

317 3493 738 3573 βρεχομένουνῆ
775 3496 1097 3567 τηκομένων
1128 3496 1163 3567 ἢ
1199 3495 1703 3567 θυμιαζομένωντδ.
1750 3496 1815 3549 Ἦ
1839 3496 1898 3551 δὲ

312 3588 501 3658 γεῦσις
534 3591 758 3661 κριτική
784 3591 959 3643 ὲστιη
983 3589 1231 3658 γλυκέων
1253 3606 1314 3643 τε
1345 3591 1441 3644 καὶ
1468 3589 1683 3661 πικρῶν
1707 3589 1898 3660 χυμῶν

312 3680 410 3733 καὶ
445 3680 552 3734 τῶν
591 3680 798 3751 μεταξὺ
843 3680 1036 3734 πέντε·
1070 3680 1211 3735 ἑπτὰ
1262 3682 1371 3752 γάρ
1424 3682 1566 3735 εἰσιν
1618 3681 1671 3735 οί
1735 3681 1900 3751 χυμοὶ

314 3772 540 3838 πάντες,
591 3772 819 3841 γλυκὺς,
866 3771 1084 3843 πικρὸς,
1134 3772 1282 3837 ὀξὺς,
1338 3773 1559 3844 δριμὺς,
1604 3773 1896 3844 σομφδςτθ,

313 3863 535 3928 ἀλυκὸς,
563 3864 855 3935 στρυφνός.
890 3864 956 3919 Ἠ
985 3863 1043 3918 δὲ
1077 3864 1191 3936 ἁφὴ
1217 3856 1481 3919 πλειόνων
1512 3865 1629 3918 ἐστὶ
1651 3864 1896 3937 κριτική,

313 3951 428 4010 οἷον
468 3956 683 4028 βαρέων
712 3958 807 4012 καὶ
822 3956 867 3991 ⁷⁷
895 3956 1117 4028 κούφων
1162 3956 1389 4011 καὶτῶν
1423 3955 1649 4028 μεταξὺ,
1680 3956 1900 4027 θερμῶν

315 4065 374 4102 τε
402 4049 501 4102 καὶ
526 4047 757 4120 ψυχρῶν
784 4050 881 4103 καὶ
912 4050 1023 4103 τῶν
1047 4049 1277 4120 μεταξὺ,
1297 4048 1548 4120 τραχέων
1562 4049 1606 4081 ⁷⁸
1620 4050 1715 4102 καὶ
1740 4048 1901 4103 λείων

319 4141 414 4194 καὶ
443 4138 554 4194 τῶν
590 4139 795 4209 μεταξὺ
815 4140 882 4205 τ’,
915 4140 1098 4212 ξηρῶν
1125 4141 1221 4194 καὶ
1250 4139 1437 4212 ὑγρῶν
1465 4141 1561 4195 καὶ
1589 4141 1701 4195 τῶν
1732 4158 1902 4212 μετα-

319 4230 405 4294 ξύ.
439 4231 551 4285 Καὶ
582 4232 639 4284 αί
678 4230 776 4301 μὲν
806 4228 854 4283 δ’
884 4230 1173 4300 αἰσθήσεις
1204 4228 1260 4282 ἐν
1289 4230 1412 4283 te”
1443 4231 1510 4301 τῇ
1541 4230 1753 4301 κεφαλῇ
1796 4232 1903 4284 εἰσι

320 4324 421 4377 καὶ
465 4320 729 4387 ιδιάζουσι
776 4322 1245 4393 ιιιτερικλείονταιθι
1287 4321 1577 4392 ὀργάνοις·
1620 4322 1656 4391 ή
1698 4321 1755 4375 δὲ
1791 4321 1904 4394 ἁφὴ

321 4415 415 4468 καὶ
443 4414 533 4469 διὰ
561 4414 666 4485 τῆς
690 4416 941 4486 κεφαλῆς
971 4414 1068 4470 καὶ
1094 4414 1164 4468 δι’
1188 4415 1314 4468 ὅλου
1332 4414 1379 4447 ⁸³
1406 4413 1504 4467 τοῦ
1528 4413 1781 4484 σώματος
1814 4430 1906 4468 κε-

322 4503 563 4575 χώρηκε,
611 4505 706 4559 καὶ
732 4504 849 4559 ἐστι
894 4503 1049 4575 κοινὴ
1092 4503 1279 4575 πάσης
1316 4503 1647 4575 αἰσθήσεως,
1700 4504 1903 4575 μᾶλλον

318 4597 375 4652 δὲ
426 4597 568 4652 κατὰ
627 4599 727 4661 τὰς
782 4600 970 4669 χεῖρας
1022 4596 1318 4669 δηλοτέραν
1333 4598 1381 4629 ⁸³
1438 4597 1738 4669 παρέχεται
1804 4596 1903 4667 τὴν
1938 4626 1982 4681 D

324 4688 527 4759 κρίσιν.

392 4780 519 4833 Ὀτι
554 4779 763 4834 δώδεκα
796 4780 976 4847 τάξεις
1018 4782 1183 4852 φησὶν
1226 4777 1365 4836 εἶναι
1398 4783 1456 4836 ἐν
1486 4781 1564 4853 τῷ
1608 4780 1823 4854 οὐρανῷ
1836 4782 1906 4847 ⁸⁸,

324 4871 551 4945 πρώτην
592 4875 689 4929 καὶ
733 4874 1055 4940 ὲξωτάτω⁸⁵
1081 4876 1181 4945 τὴν
1216 4875 1430 4947 ἀπλανῆ
1474 4877 1731 4947 σφαῖραν,
1782 4876 1839 4929 ὲν

322 4967 475 5021 ἐστιν
502 4967 532 5020 ὅ
556 4983 617 5020 τε
645 4967 864 5037 πρῶτος
893 4967 1028 5031 Θεὸς
1054 4968 1152 5022 καὶ
1176 4968 1225 5021 οί
1258 4969 1438 5038 νοητοὶ
1469 4968 1604 5033 θεοὶ,
1632 4969 1708 5033 ὡς
1746 4967 1900 5040 Ἀρι-

324 5059 565 5113 metu
592 5059 760 5122 δοκεῖ,
797 5060 938 5113 κατά
968 5059 1025 5113 δὲ
1056 5059 1316 5113 Πλάτωνα
1358 5061 1413 5113 αί
1449 5058 1581 5114 ίδέαι
1606 5076 1618 5089 ·
1656 5059 1795 5132 μετὰ
1840 5058 1895 5112 δὲ

2071 2851 2239 2908 Juxta
2269 2852 2615 2928 Pythagorae,
2656 2857 2922 2923 Platonis,
2955 2866 3010 2913 et
3033 2857 3339 2915 Aristotelis
3364 2859 3577 2931 opinio—

1999 2958 2144 3010 nem,
2191 2946 2476 3004 duodecim
2527 2950 2800 3008 coloribus
2833 2951 3030 3025 4391»
3089 2951 3279 3007 oculus
3342 2951 3575 3022 judicat,

2000 3034 2067 3088 de
2100 3035 2248 3101 albo,
2288 3045 2345 3091 et
2383 3038 2561 3109 nigro,
2598 3048 2653 3095 et
2681 3040 2749 3096 de
2784 3042 2999 3097 caeteris
3038 3040 3368 3108 interiectis,
3408 3038 3574 3102 ﬂavo.

2000 3125 2175 3193 fusco,
2226 3129 2448 3199 pallido,
2487 3132 2673 3200 rubro,
2727 3133 2981 3201 caeruleo,
3030 3146 3334 3204 purpureo,
3388 3131 3574 3195 rutilo.

1999 3231 2053 3277 et
2084 3223 2248 3280 luteo.
2289 3224 2369 3282 De
2419 3237 2576 3282 acuta
2609 3237 2663 3283 et
2696 3228 2845 3299 gravi
2874 3241 3010 3283 voce
3042 3225 3309 3298 judicium
3345 3226 3453 3282 fert
3484 3241 3579 3281 au-

1998 3318 2095 3373 ris.
2132 3316 2405 3376 Odoratus
2431 3321 2604 3377 bonos
2639 3332 2693 3377 et
2718 3323 2887 3377 malos
2906 3320 3075 3378 sentit
3103 3320 3326 3387 odores,
3364 3328 3418 3375 et
3444 3320 3580 3374 alios

1997 3409 2266 3479 putridos,
2326 3412 2605 3477 humidos,
2671 3413 2923 3483 liquidos,
3002 3420 3321 3484 vaporatos.
3386 3410 3577 3468 Gustui

2000 3499 2177 3555 dulcia
2226 3504 2447 3573 sapiunt
2498 3512 2554 3559 et
2593 3519 2807 3569 amara,
2857 3513 2911 3558 et
2956 3503 3062 3559 alia
3108 3504 3351 3575 quinque
3376 3501 3575 3559 media.

1998 3589 2055 3645 ln
2088 3592 2405 3649 universum
2453 3603 2632 3650 autem
2674 3604 2879 3664 septem
2934 3601 3060 3647 sunt
3090 3607 3333 3664 sapores,
3384 3590 3579 3658 dulcis,

2001 3695 2243 3750 amarus,
2302 3697 2484 3753 asper,
2546 3683 2756 3749 acidus,
2813 3682 2994 3738 mollis
3047 3681 3246 3747 salsus,
3307 3688 3583 3735 austeros.

2001 3773 2372 3831 Plurimorum
2416 3791 2616 3832 ecusor
2642 3786 2728 3833 est
2760 3784 2958 3832 tactus.
3001 3774 3199 3847 Tangit
3224 3773 3368 3829 enim
3398 3772 3584 3844 gravia

2002 3876 2058 3922 et
2080 3867 2245 3933 levia,
2280 3875 2483 3938 etquae
2515 3871 2658 3923 inter
2696 3869 2809 3923 haec
2840 3877 3008 3933 sunt;
3042 3866 3213 3921 calida
3250 3867 3379 3921 item
3407 3874 3461 3919 et
3488 3863 3586 3919 fri-

2003 3959 2148 4028 gida,
2173 3967 2228 4015 et
2261 3973 2383 4029 quae
2409 3958 2769 4027 iuterjacent;
2817 3959 2950 4014 dura
2983 3969 3040 4013 et
3069 3957 3272 4021 mollia,
3311 3964 3365 4012 et
3391 3956 3586 4011 borum

2005 4051 2216 4119 media;
2257 4051 2424 4115 sicca,
2473 4060 2530 4107 et
2567 4050 2812 4117 humida,
2856 4060 2912 4105 et
2949 4065 3070 4121 qua:
3100 4049 3395 4105 intersunt.
3441 4048 3589 4103 Reli-

2005 4144 2097 4213 qui
2146 4143 2366 4214 quidem
2412 4152 2649 4212 quatuor
2691 4155 2885 4196 sensus
2930 4140 2981 4195 itt
3032 4140 3149 4196 solo
3176 4140 3356 4210 capite
3391 4139 3588 4195 statio-

2004 4252 2127 4291 nem
2160 4236 2383 4301 habent,
2425 4242 2481 4289 et
2524 4233 2744 4303 propria
2801 4242 3074 4302 occupant
3102 4246 3331 4304 organa.
3356 4230 3466 4287 Sed
3493 4244 3590 4300 per

2006 4337 2190 4398 caput,
2242 4336 2297 4382 et
2342 4334 2516 4381 totum
2569 4339 2773 4394 corpus
2834 4324 3047 4379 habitat
3101 4332 3303 4392 tactus,
3357 4321 3589 4392 aliisque

2007 4421 2263 4478 sensibus
2290 4417 2600 4474 communis
2625 4425 2708 4472 est
2737 4432 2752 4469 :
2802 4416 2857 4471 in
2882 4415 3132 4472 manibus
3156 4423 3335 4473 autem
3360 4428 3589 4486 praeser-

2009 4518 2105 4573 tim
2147 4515 2229 4568 vis
2260 4511 2407 4566 illius
2435 4508 2659 4564 emicat.

2083 4783 2353 4848 Asserunt
2394 4779 2619 4849 insuper
2657 4774 2940 4832 duodecim
2982 4775 3145 4831 orbes
3179 4775 3231 4829 in
3280 4773 3419 4829 caelo
3449 4786 3589 4837 esse,

2006 4884 2062 4932 et
2093 4875 2336 4946 primum
2371 4870 2585 4942 quidem
2613 4880 2670 4924 et
2702 4866 3129 4923 remotissimum
3158 4866 3585 4925 ﬁrmamentum.

2006 4967 2098 5023 ubi
2135 4975 2190 5023 et
2224 4980 2477 5020 summus
2519 4963 2676 5023 Deus,
2708 4958 3001 5028 caeterique
3048 4955 3404 5026 intelligentia
3452 4969 3593 5025 pra!-

2006 5059 2104 5114 diti
2146 5058 2241 5123 dii,
2279 5069 2341 5112 ut
2382 5067 2538 5112 vorat
2580 5049 2920 5115 Aristoteles,
2955 5058 3048 5104 aut
3075 5048 3373 5105 secundum
3399 5047 3585 5104 Plato—

1575 5211 1806 5268 vama:
1855 5209 2266 5288 LECTIONqs.

396 5322 605 5397 sol-bace
638 5323 806 5397 μονςς
834 5336 952 5397 -οᾲιῃ,
1091 5323 1169 5397 ’⁷ο
1196 5339 1333 5397 φησι
1363 5324 1430 5381 Α,
1478 5325 1980 5397 ,κτινπαραμενείδην
2009 5326 2073 5381 Α.

321 5396 403 5465 Ανι
433 5393 492 5465 ἒξ
516 5411 576 5457 ς.
608 5392 719 5448 om.
744 5392 969 5465 §uid_as.
1012 5394 1059 5426 ”
1085 5392 1447 5465 θυμιωμένων
1471 5392 1693 5451 Suitlas.

1773 5398 1817 5428 ⁷⁵
1836 5389 1952 5449 ἐστι
1984 5406 2038 5451 et
2066 5398 2116 5449 οἱ
2149 5407 2201 5451 et
2235 5389 2437 5455 πάντες
2468 5407 2579 5446 om.
2616 5389 2832 5444 Suitlas.

3117 5320 3164 5353 ⁷³
3199 5320 3264 5372 ἐκ
3291 5320 3334 5372 Β
3354 5328 3406 5374 et
3438 5332 3591 5373 corr.

2152 5326 2196 5357 τ’
2226 5322 2450 5395 ὀρφνίου
2509 5320 2707 5377 Suidas
2735 5335 2786 5375 ν.
2831 5321 3014 5389 Ὀψις.
3117 5320 3164 5353 ⁷³
3199 5320 3264 5372 ἐκ
3291 5320 3406 5374 Bet
3438 5332 3591 5373 corr.

2152 5407 2209 5463 et,
2235 5395 2437 5455 πάντες
2468 5407 2579 5463 out.
2616 5389 2832 5463 Suitlas.
2870 5391 2957 5463 _""
2981 5388 3210 5463 σομφδς]
3239 5390 3444 5463 σευφὺς
3467 5406 3602 5463 3%-

324 5464 424 5531 φδς
450 5464 663 5518 Suidas.
741 5463 783 5493 '"
815 5462 909 5516 καὶ
937 5474 1060 5519 ante
1090 5459 1307 5534 κοῦφων
1349 5466 1550 5534 sumpsi
1588 5480 1618 5519 a
1659 5466 1872 5529 Suida.,

324 5536 370 5567 ’⁸
390 5533 638 5583 τοαγάων
669 5533 764 5583 καλ¹
790 5533 840 5583 λ.
863 5534 959 5583 καὶ
988 5535 1095 5583 τῶν
1125 5552 1182 5583 ιι.
1217 5551 1327 5583 om.
1355 5535 1419 5583 A-
1495 5536 1539 5567 7’
1566 5537 1663 5583 καὶ
1695 5536 1803 5583 τῶν
1832 5553 1895 5583 us

2017 5483 2127 5521 om.
2155 5461 2266 5519 οἷον
2301 5473 2357 5519 et
2389 5462 2607 5534 θερμῶν
2640 5479 2698 5513 τε
2726 5462 2821 5513 καὶ
2853 5459 3076 5532 ψυχρῶν
3099 5459 3208 5515 καῖ’
3228 5460 3338 5512 τῶν
3364 5459 3595 5583 μεταξύ.

1992 5539 2031 5583 ἕὺ
2054 5552 2163 5583 nm-
2199 5536 2419 5583 Suidas.
2497 5534 2541 5564 ⁸ο
2574 5548 2633 5583 τε
2657 5546 2769 5583 om.
2818 5530 3035 5583 Suidas.
3115 5530 3163 5563 ⁸⁸
3195 5546 3362 5583 περικ
3401 5528 3441 5583 .l
3504 5530 3595 5582 καὶ

324 5536 370 5567 ’⁸
390 5533 639 5605 τραχέων
669 5533 764 5605 καὶ
790 5533 840 5587 λ.
863 5534 959 5605 καὶ
988 5535 1095 5587 τῶν
1123 5552 1182 5604 μ.
1217 5551 1331 5605 om.
1355 5535 1419 5590 Α.
1475 5533 1539 5567 ί⁷⁹
1566 5537 1663 5589 καὶ
1695 5536 1803 5588 τῶν

333 5671 429 5729 καὶ
477 5671 704 5747 πρώτην
733 5691 795 5738 ς’.
864 5673 910 5706 ⁸⁵
946 5675 1223 5745 ὲξωτάτην
1247 5692 1314 5740 ς.

325 5536 370 5567 ’⁸
390 5536 638 5657 τραχέων
669 5536 764 5615 καὶ
790 5536 840 5587 λ.
863 5536 959 5585 καὶ
988 5536 1095 5587 τῶν
1123 5552 1182 5604 μ.
1217 5551 1327 5589 om.
1355 5536 1419 5618 Α..
1495 5536 1539 5567 ⁷⁸
1566 5537 1663 5589 καὶ
1695 5536 1803 5588 τῶν
1831 5553 1895 5605 με

325 5621 494 5677 περικ
531 5642 547 5657 .
574 5601 826 5677 _Sutdas.
867 5604 957 5677 ,ξε
980 5605 1111 5677 ὀλου
1151 5619 1260 5658 om.
1314 5604 1531 5661 Suidas.
1609 5606 1654 5638 ⁸³
1686 5605 1896 5677 δηλοτέε

1992 5539 2031 5602 ib
2054 5552 2163 5591 om.
2199 5536 2419 5589 Sttidas.
2497 5536 2541 5564 ⁸⁰
2574 5550 2597 5585 τ

2011 5610 2053 5660 Α
2080 5626 2092 5661 :
2120 5605 2399 5676 ἐπιδηλοτέ
2408 5622 2509 5674 ραν
2538 5620 2597 5668 ς.

2497 5528 2541 5564 ⁸ο
2574 5548 2633 5585 τε
2657 5546 2769 5602 om.
2818 5528 3035 5602 sumas.
3115 5530 3177 5602 “A
3195 5528 3441 5602 περικλ.]
3486 5530 3600 5602 Δκαὶ

2674 5601 2720 5632 ⁸⁸
2757 5603 2816 5654 έν
2850 5600 2927 5673 τῷ
2975 5600 3189 5672 οὐρανῷ
3247 5595 3599 5670 φησινέἶναο.

1846 5769 2074 5826 ΝΟΤᾸΕ.

403 5887 516 5961 (10)
541 5889 624 5948 Μ)
648 5891 905 5947 animalis
927 5900 981 5948 et
1012 5890 1148 5947 fabis
1170 5904 1266 5946 cur
1287 5890 1615 5958 abstineant,
1648 5890 1771 5948 vide
1798 5887 2153 5957 Porphyrium
2195 5896 2248 5944 et
2275 5887 2540 5958 Agellium
2571 5885 2666 5941 lib.
2700 5901 2774 5950 tv,
2807 5897 2924 5953 cap.
2955 5880 3037 5937 11.
