4104 6424
319 418 452 492 1585

1350 420 1872 485 BIBLIOTHECA.
1902 443 1969 455 —
1996 419 2158 479 COD.
2189 417 2483 479 CCXLIX.

3410 402 3555 496 1586'

310 543 527 611 λᾶγουσι
555 514 878 612 τὴνύωχὴν,
914 539 1021 594 κάν
1049 557 1193 604 τινες
1240 539 1320 603 είς
1346 539 1438 593 τὸν
1473 537 1875 610 Ἀριστοτέλους

1980 536 2132 591 tinet.
2173 534 2310 590 Nam
2359 536 2572 592 suntin
2608 542 2806 598 mundo
2847 541 2945 611 dii,
2984 551 3218 615 quatuor
3250 547 3541 617 elementa,

309 639 434 691 νοῦν
462 636 563 690 οὐκ
594 627 1029 706 ὲμϐἀθύνοντεςσ
1074 632 1275 704 θνητὴν
1317 630 1522 702 αύτὴν⁷
1562 628 1875 701 νομίζουσιν

309 728 471 782 αὑτὸν
499 726 699 794 λέγειν.
735 724 856 778 ὀτι
886 726 914 777 ὁ
940 718 1224 795 ἄνθρωπος
1255 720 1450 793 μικρὸς
1480 721 1685 792 κόσμος
1718 720 1875 789 λέγε-

309 837 400 874 ται
435 817 534 889 ούχ
573 817 690 872 ὃτιθ
723 819 788 871 ὲκ
816 816 925 869 τῶν
964 816 1241 885 τεσσάρων
1274 813 1553 884 στοιχείων
1596 809 1877 880 σύγκειται

308 911 490 984 (τοῦτο
512 908 621 980 γὰρ
645 908 739 962 καλ⁵
769 907 1000 962 ἕκαστον
1025 906 1135 959 τῶν
1168 904 1321 968 ζώων
1363 906 1457 957 καὶ
1492 903 1635 957 τῶν⁹
1664 902 1878 955 εὐτελε·

309 1003 566 1071 στάτων),
596 1000 711 1055 ἀλλ’
734 1001 814 1054 δτι
844 997 972 1071 [715
1010 997 1098 1070 ﬂ.)
1135 998 1315 1060 πάσας
1348 996 1461 1067 ἔχει
1487 996 1588 1060 τὰς
1633 995 1732 1049 τοῦ
1780 995 1876 1048 κό-

310 1110 451 1164 σμου
481 1092 754 1162 δυνάμεις,
797 1091 886 1143 Ἐν
930 1090 1037 1159 γὰρ
1082 1088 1158 1156 τῷ
1203 1087 1393 1157 κόσμῳ
1423 1087 1529 1140 εἰσὶ
1580 1086 1725 1150 θεοὶ,
1761 1084 1877 1139 ἐστι

308 1184 494 1241 καὶτὰ
527 1184 768 1256 τέσσαρα
812 1185 1071 1252 στοιχεῖα,
1102 1181 1217 1234 ἔστι
1246 1180 1434 1233 καὶτὰ
1454 1180 1501 1212 ¹⁰
1543 1179 1712 1247 ἄλογα
1740 1177 1875 1245 ζῶα,

308 1278 426 1330 ἐστι
458 1278 555 1330 καὶ
583 1274 726 1345 φυτὰ
746 1290 762 1307 ο
801 1274 980 1334 πάσας
1007 1273 1062 1325 δὲ
1088 1272 1293 1335 ταύτας
1322 1270 1421 1333 τὰς
1462 1270 1719 1340 δυνάμεις
1762 1269 1876 1340 ἔχει

308 1369 339 1420 ό
364 1366 677 1437 ἄνθρωπος.
707 1364 858 1434 Ἔχει
886 1364 993 1433 γὰρ
1032 1362 1184 1417 θείαν
1217 1362 1312 1434 μὲν
1336 1362 1563 1432 δύναμιν
1595 1360 1692 1432 τὴν
1729 1360 1877 1427 λογι-

308 1455 435 1527 κὴν,
468 1453 581 1526 ἔχει
609 1453 708 1523 τὴν
732 1454 843 1506 τῶν
880 1453 1159 1521 στοιχείων
1186 1451 1369 1520 φύσιν,
1391 1451 1489 1520 τὴν
1513 1448 1811 1522 θρεπτικὴν
1831 1449 1874 1481 ⁸⁸

308 1550 403 1603 καὶ
428 1545 730 1618 αὐξητικὴν
750 1547 843 1601 καὶ
870 1545 963 1599 τοῦ
988 1544 1173 1616 ὁμοίου
1195 1545 1542 1615 γεννητικὴν.
1562 1544 1649 1598 Ἐν
1671 1544 1877 1614 ἑκάστῃ

306 1636 365 1689 δὲ
391 1635 598 1689 τούτων
627 1635 892 1700 λείπεται,
926 1638 1020 1688 καὶ
1063 1631 1252 1705 ὥσπερ
1300 1636 1330 1687 ό
1371 1630 1667 1697 πένταθλος
1697 1635 1878 1697 πάσας

307 1728 449 1799 ἔχων
474 1728 575 1791 τὰς
618 1728 874 1798 δυνάμεις
905 1727 1016 1780 τῶν
1044 1725 1373 1798 ἀθλημάτων
1390 1728 1434 1759 ¹’
1461 1724 1520 1782 ὲν
1545 1727 1748 1798 ἑκάστῃ
1779 1728 1878 1797 ἦτ-

305 1836 418 1873 των
444 1820 564 1872 ιστὶ
584 1817 678 1872 τσῦ
723 1819 782 1871 ἓν
812 1834 866 1871 τι
912 1817 1319 1887 ἐπιτηδεύοντος
1339 1858 1356 1885 ,
1385 1816 1529 1870 οὕτω
1570 1818 1663 1870 καὶ
1712 1818 1741 1869 ὁ
1782 1816 1875 1870 άν-

308 1910 527 1982 θρωπος
570 1909 751 1972 πάσας
782 1907 923 1980 ίχων
956 1909 1055 1973 τὰς
1077 1908 1335 1980 δυνάμεις
1366 1910 1425 1962 ἐν
1456 1910 1658 1977 ἑκάστῃ
1691 1906 1873 1960 λείπει

306 2018 418 2057 ται.
450 1991 655 2056 Ἧττον
676 2002 722 2034 ¹⁵
746 2001 845 2072 μὲν
882 2001 992 2073 γὰρ
1020 2000 1213 2070 ἔχομεν
1254 2000 1354 2071 τὴν
1394 1999 1620 2071 λογικὴν
1647 1998 1876 2068 δύναμιν

308 2095 454 2165 ἥπερ
480 2096 530 2148 oi
560 2091 690 2159 Osci,
740 2093 928 2147 καὶτὰ
954 2088 1063 2145 τῶν
1091 2093 1369 2162 στοιχείων
1416 2091 1616 2160 ὁμοίως
1646 2086 1808 2161 ἦττον
1841 2091 1874 2161 ἢ

308 2189 510 2251 ἐκεῖνα,
540 2186 635 2240 καὶ
662 2186 753 2241 τὸν
774 2184 945 2255 θυμὸν
971 2184 1067 2238 καὶ
1097 2183 1393 2254 ἐπιθυμίαν
1422 2183 1739 2254 ἐνδεέστερα
1769 2182 1877 2236 τῶν

307 2278 366 2329 ὲν
390 2278 502 2338 τοῖς
532 2274 768 2342 ἀλόγοις,
818 2274 912 2327 καὶ
954 2273 1054 2344 τὴν
1100 2271 1400 2343 θρεπτικὴν
1446 2274 1541 2325 καὶ
1574 2272 1877 2342 αὐξητικὴν

306 2368 537 2437 δύναμιν
556 2364 956 2436 ἔλαττονμένας
987 2363 1098 2418 τῶν
1140 2365 1197 2417 ἐν
1222 2367 1334 2427 τοῖς
1365 2366 1572 2433 φυτοῖς.
1619 2363 1783 2415 Ὅθεν
1813 2365 1877 2416 ὲκ

310 2459 570 2513 ποικίλων
597 2457 877 2528 δυνάμεων
906 2455 1241 2519 συνεστῶτες
1271 2453 1608 2526 δύσχρηστον
1636 2454 1727 2507 τὸν
1762 2453 1876 2524 βίον

310 2552 527 2622 ἔχομεν.
557 2550 828 2603 Ἕκαστσν
856 2548 965 2622 γὰρ
994 2547 1105 2601 τῶν
1136 2547 1312 2601 ἄλλων
1358 2547 1465 2600 ὑπὸ
1498 2548 1629 2617 μιᾶς
1664 2546 1878 2615 φύσεως

307 2642 631 2708 οίακίζσται,
680 2642 843 2711 ἡμεῖς
885 2641 944 2695 δὲ
991 2639 1095 2694 ὑπὸ
1136 2640 1245 2693 τῶν
1288 2640 1560 2709 διαφόρων
1595 2640 1877 2708 δυνάμεων

312 2734 577 2809 [ιδεοεω
602 2731 1007 2800 ἀντισταύμεθα,
1035 2726 1146 2784 οἷον
1169 2730 1299 2783 ποτὲ
1333 2730 1430 2799 μὲν
1462 2730 1566 2782 ὑπὸ
1594 2730 1688 2782 τοῦ
1717 2730 1875 2782 Θείου

309 2827 623 2897 ἀναγόμεθα
655 2826 747 2877 ἐπὶ
774 2826 842 2878 τὰ
862 2824 905 2854 ¹⁴
925 2823 1181 2897 κρείττω,
1212 2822 1340 2875 ποτὲ
1369 2820 1425 2874 δὲ
1454 2821 1547 2874 τοῦ
1577 2820 1878 2892 θηριώδους

308 2917 773 2989 ἐπικρατήσαντος
822 2915 915 2968 ἐπὶ
947 2915 1015 2967 τὰ
1048 2914 1246 2984 χείρω·
1300 2914 1502 2983 ὁμοίως
1552 2913 1610 2967 δὲ
1644 2915 1740 2967 καὶ
1784 2916 1878 2968 ἐπὶ

308 3006 420 3061 τῶν
446 3005 617 3059 ἄλλων
641 3004 945 3075 δυνάμεων.
984 3004 1112 3057 Ἐὰν
1137 2999 1231 3056 οὖν
1260 3018 1344 3065 τις
1382 3003 1695 3076 θεραπεύσῃ
1726 3004 1787 3057 τὸ
1821 3006 1880 3058 ὲν

311 3102 444 3171 ἡμῖν
472 3098 647 3163 Θεῖον,
678 3098 866 3170 ὥσπερ
904 3098 1120 3167 ἡνίοχον
1149 3098 1493 3168 ἐγρηγορότα
1525 3097 1619 3149 καὶ
1650 3098 1879 3167 ἐπιστή-

1976 627 2155 694 bruta,
2180 628 2399 696 plantm.
2440 627 2549 684 Has
2577 642 2764 687 omnes
2793 634 3061 703 potentias
3100 638 3336 707 possidet
3363 640 3547 708 homo,

1975 719 2135 775 habet
2159 721 2419 777 rationem
2451 732 2547 792 pro
2582 724 2759 778 divina
2786 729 3005 797 virtute,
3034 730 3196 786 habet
3226 746 3326 802 pro
3358 744 3549 789 natura

1974 811 2360 868 elementorum
2385 817 2629 870 movendi
2654 817 2782 886 vim,
2800 814 2964 891 440
2984 823 3010 874 b
3038 826 3335 887 crescendi,
3359 827 3550 895 suique

1976 904 2206 959 similem
2241 904 2637 975 productricem
2676 926 2691 964 :
2721 909 2947 977 singulis
2978 913 3061 968 his
3088 913 3311 970 inferior
3338 928 3440 971 est.
3471 917 3548 970 Ac

1976 996 2427 1065 quemadmodum
2470 1001 2779 1065 pentathlns
2808 1012 2995 1057 omnes
3051 1004 3253 1060 habens
3294 1008 3544 1072 virtutes,

1979 1090 2032 1140 in
2063 1086 2287 1150 singulis
2323 1098 2501 1143 tamen
2541 1090 2715 1143 minor
2744 1101 2827 1146 est
2867 1107 2951 1155 eo,
2988 1094 3079 1162 qui
3119 1110 3283 1149 unum
3321 1096 3535 1163 aliquod

1976 1188 2251 1230 certamen
2283 1176 2445 1232 callet
2474 1195 2487 1231 :
2515 1179 2585 1232 ita
2619 1188 2671 1232 et
2704 1179 2862 1235 homo
2905 1197 3093 1237 omnes
3126 1184 3328 1238 habens
3374 1186 3547 1239 virtu-

1978 1276 2079 1334 tes,
2117 1269 2169 1322 in
2194 1270 2418 1338 singulis
2462 1268 2731 1340 sigillatim
2763 1284 3067 1341 superatur.
3112 1273 3367 1328 Minorem
3401 1277 3544 1329 enim

1977 1359 2202 1414 rationis
2234 1374 2386 1414 nsum
2423 1362 2680 1417 habemus
2706 1379 2863 1431 quam
2899 1365 2997 1431 ipsi
3047 1365 3142 1429 dii,
3174 1376 3228 1421 et
3275 1366 3451 1420 minus
3481 1368 3549 1422 de

1976 1448 2257 1505 elementis
2280 1464 2438 1519 quam
2469 1453 2577 1519 ipsa
2610 1452 2894 1507 elementa.
2928 1454 3205 1523 Cupiditas
3236 1465 3289 1510 et
3326 1456 3545 1509 iracun-

1977 1542 2061 1595 dia
2111 1550 2292 1595 uostra
2346 1543 2521 1596 minor
2572 1559 2730 1611 quam
2783 1545 3062 1597 brutorum
3092 1562 3106 1599 :
3136 1561 3164 1598 a
3215 1546 3415 1615 plantis
3440 1562 3543 1598 uu-

1980 1634 2174 1688 triendi
2212 1642 2268 1687 et
2294 1633 2638 1688 accrescendi
2670 1635 2930 1704 qualitate
2958 1637 3247 1690 vincimur.
3277 1635 3455 1702 Quare
3476 1645 3547 1690 'ut

1977 1742 2009 1781 e
2031 1727 2195 1782 variis
2230 1727 2508 1794 compositi
2547 1727 2727 1797 rebus.
2759 1728 2920 1781 vitam
2964 1742 3083 1797 quae
3112 1744 3252 1796 aegre
3287 1731 3549 1782 traduca-

1981 1828 2069 1872 tur
2111 1819 2390 1873 habemus.
2450 1818 2569 1873 Alia
2630 1794 2774 1872 enim
2831 1794 3011 1872 omnia
3068 1820 3135 1873 ab
3171 1794 3285 1872 una
3338 1829 3545 1873 tantum

1980 1918 2169 1963 natura
2203 1920 2482 1979 reguntur,
2515 1924 2612 1965 nos
2647 1926 2771 1965 vero
2804 1912 3049 1965 homines
3084 1911 3248 1965 variis
3274 1910 3547 1978 qualitati-

1976 1999 2121 2053 tibns
2143 2000 2515 2066 distrahimur,
2556 2009 2633 2064 ut,
2664 2016 2806 2054 nunc
2839 2016 2867 2054 a
2907 2003 3005 2055 deo
3035 2002 3301 2055 trahimur
3331 2002 3395 2055 ad
3433 2016 3547 2053 tne-

1978 2090 2132 2156 liora,
2170 2106 2310 2145 nunc
2358 2093 2606 2146 vincente
2636 2093 2683 2145 vi
2740 2092 2961 2146 animali
2995 2093 3061 2145 ad
3114 2092 3423 2156 deteriora;
3468 2093 3547 2145 sic

1976 2193 2031 2237 et
2062 2185 2113 2238 in
2139 2186 2348 2239 caeteris
2380 2186 2656 2255 potentiis.
2694 2186 2751 2240 Si
2794 2188 2913 2254 quis
2954 2186 3115 2254 igitur
3149 2186 3375 2240 coluerit
3407 2184 3548 2255 quod

1976 2279 2030 2332 in
2060 2278 2211 2330 nobis
2234 2278 2362 2345 ipsis
2391 2276 2627 2332 divinum
2659 2287 2760 2340 est,
2808 2279 2983 2332 instar
3024 2276 3449 2348 anrlgm'vigilis
3484 2290 3549 2329 ac

1978 2371 2155 2442 periti,
2198 2371 2394 2439 poterit
2433 2370 2661 2439 singulis
2696 2371 3007 2436 virtutibus,
3056 2370 3430 2439 permistione,
3468 2369 3550 2421 itt-

1976 2477 2160 2531 qnam,
2188 2463 2598 2524 elementorum,
2636 2464 2736 2526 ira,
2777 2464 3096 2531 cupiditate,
3129 2461 3424 2528 habituque
3464 2474 3552 2512 ra-

1979 2548 2143 2608 tionis
2176 2565 2413 2622 experte,
2445 2554 2620 2623 quoad
2666 2568 2762 2622 par
2802 2562 2880 2606 est
2920 2554 3017 2607 uti.
3054 2552 3429 2605 Dillicilliuuuu
3470 2558 3556 2603 es:

1978 2652 2212 2718 seipsum
2252 2664 2427 2713 nosse,
2465 2650 2709 2718 quamvis
2750 2646 2910 2701 facile
2950 2647 3234 2700 videatur:
3267 2644 3407 2714 quod
3452 2644 3555 2713 Py-

1980 2741 2075 2795 thii
2104 2740 2364 2809 Apollinis
2393 2754 2515 2793 esse
2543 2739 2744 2801 dicunt,
2794 2737 2919 2791 licet
2955 2736 3019 2788 ad
3051 2735 3333 2791 Chilonem
3385 2747 3551 2786 umnn

1977 2846 2008 2885 e
2033 2840 2236 2899 septem
2269 2830 2605 2899 sapientibus
2635 2827 2893 2882 referant.
2930 2825 3037 2881 Nos
3074 2832 3254 2878 autem
3284 2823 3553 2880 hortatur,

1980 2932 2041 2979 ut
2079 2924 2328 2992 quisque,
2370 2923 2498 2991 quid
2538 2922 2731 2990 possit,
2792 2926 3104 2987 cognoscat.
3152 2914 3257 2971 Sed
3299 2912 3429 2967 nihil
3472 2917 3557 2965 est

1982 3017 2145 3081 aliud,
2178 3032 2327 3070 nosse
2362 3032 2415 3068 se
2443 3016 2634 3081 ipsum,
2676 3028 2835 3082 quam
2873 3011 3037 3064 totius
3082 3007 3264 3061 mundi
3303 3014 3548 3058 naturain

1983 3122 2164 3170 nosse,
2197 3108 2335 3176 quod
2367 3107 2482 3161 siue
2508 3104 2842 3176 philosophia
2875 3103 2989 3157 fieri
3024 3117 3127 3155 non
3163 3107 3359 3169 potest,
3386 3096 3556 3166 quod-

314 3208 454 3263 μονα
482 3193 820 3262 ιπιστήσας,
856 3192 1144 3261 δυνήσεται
1192 3190 1398 3260 ἑκάστῃ
1433 3188 1542 3241 τῶν
1577 3187 1752 3242 ἄλλων
1792 3189 1877 3242 δυ-

1985 3215 2090 3271 que
2122 3201 2261 3253 Deus
2283 3214 2385 3252 nos
2421 3206 2623 3250 mouet.
2651 3195 2985 3262 Cognitionis
3016 3200 3137 3247 octo
3161 3201 3281 3245 sunt
3311 3202 3505 3257 organa
3538 3205 3552 3241 :

310 3286 528 3355 νάμεων
557 3284 639 3347 είς
679 3284 801 3337 δέον
825 3280 1153 3354 χρήσασθαι,
1183 3278 1250 3351 τῇ
1276 3297 1333 3333 τε
1360 3280 1554 3351 κράσει
1588 3281 1732 3350 φημὶ
1769 3280 1880 3333 τῶν

314 3376 593 3447 στοιχείων
614 3373 813 3445 καὶτῷ
835 3372 991 3445 θυμῷ
1020 3373 1116 3426 καὶ
1139 3374 1205 3443 τῇ
1240 3372 1506 3442 ἐπιθυμίᾳ
1540 3373 1633 3425 καὶ
1655 3374 1721 3442 τῇ
1755 3371 1879 3443 ὀρέ-

314 3470 417 3537 ξει.
458 3465 530 3523 re
573 3467 703 3537 γοῦν
732 3466 909 3539 γνῶθι
937 3467 1186 3529 σαυτὸν,
1234 3464 1423 3519 δοκοῦν
1468 3468 1668 3537 ῥᾷστον
1717 3462 1877 3531 εἶναι,

311 3561 531 3616 πάντων
556 3556 675 3612 ἐστὶ
704 3555 1120 3628 χαλεπώτατον
1165 3555 1193 3608 ὃ
1242 3555 1333 3608 καί
1365 3572 1499 3624 φασι
1541 3556 1637 3608 τοῦ
1676 3555 1877 3609 Πυθίου

312 3650 453 3707 εἶναι
470 3651 819 3714 Ἀπόλλωνος,
844 3650 894 3702 si
924 3649 1018 3702 καὶ
1045 3649 1124 3712 είς
1151 3644 1365 3702 Χίλωνα
1396 3649 1504 3701 τῶν
1529 3648 1667 3702 ἑπτά
1698 3648 1882 3718 σοφῶν

310 3746 409 3798 ἕνα
437 3743 501 3797 τὸ
539 3742 869 3811 ἀπόφθεγμα
911 3741 1266 3812 ἀναφέρουσι.
1332 3742 1596 3811 Παραινεῖ
1647 3742 1694 3793 δ’
1744 3743 1879 3809 ἡμῖν

310 3836 517 3905 γνῶναι
555 3833 654 3905 τὴν
695 3833 903 3887 ἑαυτῶν
929 3830 1180 3904 δύναμιν.
1215 3832 1288 3885 Τὸ
1313 3832 1372 3886 δὲ
1406 3831 1629 3901 γνῶναι
1662 3831 1881 3885 ἑαυτὸν

308 3929 465 3984 οὐδὲν
493 3928 620 3983 άλλο
647 3926 847 3997 ἱστὶνῆ
876 3926 973 3997 τὴν
992 3925 1036 3972 ¹.⁸
1066 3925 1161 3979 τοῦ
1189 3925 1504 3997 σύμπαντος
1530 3926 1737 3994 κόσμου
1770 3924 1874 3993 φύ-

312 4038 403 4075 σιν
424 4019 650 4090 τνῶναι.
677 4018 849 4071 Τοῦτο
876 4017 934 4071 δὲ
962 4016 1222 4071 ἀδύνατον
1253 4016 1382 4070 ἄνευ
1414 4016 1508 4068 τοῦ
1541 4015 1874 4085 φιλοσοφεῖν·

307 4115 452 4185 ὅπερ
479 4114 614 4185 ἡμῖν
637 4112 666 4166 ὁ
688 4110 820 4174 Θεὸς
854 4112 1128 4180 παραινεῖ.
1161 4110 1284 4161 Ὅτι
1314 4105 1565 4177 γνώσεως
1599 4107 1743 4161 ὀκτώ
1777 4124 1882 4175 φαο

311 4227 399 4265 σιν
443 4208 668 4280 όργανα,
719 4205 995 4277 αἴσθησιν,
1046 4202 1364 4275 φαντασίαν,
1411 4202 1627 4272 τέχνην,
1696 4201 1878 4269 δόξαν,

311 4302 598 4374 φρόνησιν,
639 4301 974 4370 ἐπιστήμην,
1027 4298 1240 4367 σοφίαν,
1274 4294 1417 4349 νοῦν.
1463 4293 1680 4348 Τούτων
1725 4292 1883 4347 κοινά

313 4394 416 4463 μέν
441 4394 590 4446 ἐστιν
622 4391 755 4461 ημῖν
785 4390 921 4461 πρὸς
945 4390 1014 4444 τὰ
1038 4388 1157 4443 θεῖα
1182 4390 1346 4458 τέχνη
1381 4387 1473 4440 καὶ
1494 4388 1761 4459 φρόνησις
1783 4385 1880 4440 καὶ

310 4483 589 4554 ἐπιστήμη
618 4483 712 4536 καὶ
738 4483 881 4548 νοῦς,
932 4481 1069 4553 πρὸς
1100 4480 1158 4533 δὲ
1186 4481 1254 4533 τὰ
1286 4480 1455 4547 ἄλογα
1488 4479 1740 4548 αῖσθησις
1780 4480 1875 4533 καὶ

1982 3305 2197 3353 sensus,
2227 3288 2559 3359 imaginatio,
2589 3301 2701 3350 ars,
2731 3284 2935 3354 Opinio,
2973 3281 3277 3353 prudentia,
3304 3279 3554 3338 scientia,

1983 3381 2267 3449 εθβῖυηιῖθν
2324 3366 2495 3434 uicus.
2553 3379 2761 3441 Artem,
2818 3375 3185 3445 prudentiam,
3248 3371 3554 3435 scientiam,

1984 3480 2238 3535 mentem,
2274 3484 2615 3525 Communem
2649 3485 2769 3523 cum
2802 3469 2904 3522 diis
2937 3467 3216 3521 habemus.
3249 3463 3476 3518 Sensum
3502 3472 3559 3513 et

1985 3564 2423 3633 imaginationem
2465 3577 2581 3614 cum
2635 3561 2841 3614 bestiis.
2897 3558 3063 3612 Nobis
3123 3564 3301 3609 autem
3352 3554 3557 3608 solutu-

1984 3658 2144 3708 modo
2175 3654 2388 3721 propria
2411 3663 2491 3706 est
2518 3652 2721 3719 opinio.
2765 3650 2970 3704 Sensus
3004 3657 3088 3704 est
3120 3647 3285 3701 fallax
3321 3645 3556 3715 cognitio
3647 3712 3655 3720 ’

1983 3764 2078 3818 per
2102 3762 2316 3814 corpus.
2348 3743 2667 3815 lmagiuatio
2693 3752 2868 3797 n'iotus
2894 3744 3109 3812 quidam
3140 3743 3194 3794 in
3227 3740 3426 3794 animo.
3452 3738 3556 3791 Ars

1983 3848 2065 3893 est
2092 3839 2304 3891 habitus
2332 3852 2455 3890 cum
2491 3838 2700 3889 ratione
2724 3835 2973 3889 laborans
2999 3851 3013 3897 ;
3040 3832 3262 3887 additur
3288 3831 3412 3894 hoc,
3436 3845 3557 3883 cum

1983 3930 2202 3992 ratione,
2235 3913 2367 3997 quia
2411 3927 2572 3981 etiam
2618 3941 2815 3980 aranea
2852 3936 3133 3996 operatur,
3189 3934 3556 3977 verumtamen

1982 4020 2101 4076 sine
2148 4022 2376 4074 ratione.
2419 4017 2710 4073 Prudentia
2751 4027 2833 4072 est
2878 4018 3114 4081 habitus,
3162 4017 3253 4085 qui
3304 4016 3355 4068 in
3398 4014 3559 4068 rebus

1984 4127 2131 4168 recte
2178 4112 2497 4183 peragendis
2546 4112 2877 4166 continetur.
2932 4108 3169 4163 Scientia
3222 4114 3303 4161 est
3342 4106 3557 4159 habitus

1981 4221 2167 4261 eorum
2196 4220 2314 4275 quae
2343 4220 2558 4272 semper
2587 4214 2642 4258 et
2673 4202 2926 4257 similiter
2958 4202 3145 4255 eadem
3176 4198 3410 4253 fuerunt.
3458 4195 3557 4250 Sa-

1982 4300 2180 4371 pientia
2217 4299 2565 4369 plurimarum
2616 4309 2906 4350 causarum
2954 4292 3212 4364 cognitio.
3256 4290 3404 4345 Mens
3456 4290 3558 4343 ini-

1985 4393 2118 4446 tium
2144 4401 2197 4443 et
2227 4391 2345 4446 lous
2373 4390 2548 4444 omnis
2578 4388 2725 4442 boni.
2757 4385 2893 4442 Tres
2937 4396 3062 4442 sunt
3099 4383 3390 4438 docilitatis
3436 4397 3561 4451 par-

1987 4494 2066 4537 tes
2100 4499 2114 4537 :
2153 4481 2394 4546 solertia,
2460 4480 2714 4533 memoria
2772 4488 2826 4533 et
2896 4476 3096 4547 ingenii
3151 4478 3254 4530 vis.
3306 4473 3557 4528 Memoria

313 4570 618 4648 φαντασία·
645 4574 774 4628 ἴδιον
801 4572 857 4627 δὲ
893 4572 1050 4645 ἡμῶν
1080 4572 1296 4644 μόνονη
1327 4571 1476 4639 δόξα.
1511 4572 1665 4625 Ἔστι
1700 4571 1757 4625 δὲ
1790 4570 1877 4623 αἴ-

1981 4573 2180 4646 Μια
2225 4571 2457 4626 custodit
2488 4583 2550 4623 ea
2592 4584 2711 4639 quae
2762 4568 3033 4637 quondam
3061 4566 3181 4635 quis
3227 4564 3433 4618 didicit.
3469 4559 3561 4613 V.s

315 4670 503 4741 σθησις
536 4669 635 4743 μὲν
662 4667 862 4736 γνῶσις
884 4665 1086 4737 ψευδὴς
1107 4663 1197 4719 διὰ
1226 4664 1501 4733 σώματος,
1529 4664 1801 4734 φαντασία
1823 4662 1880 4716 δὲ

312 4765 524 4832 κίνησις
545 4763 602 4815 ὲν
621 4761 768 4831 ψυχῇ
792 4800 806 4825 ,
848 4759 1014 4829 τέχνη
1039 4757 1097 4810 δὲ
1122 4756 1237 4822 ἕξις
1266 4755 1527 4827 ποιητικὴ
1553 4755 1693 4825 μετὰ
1721 4754 1880 4823 λόγου

313 4857 401 4928 (τὸ
419 4855 477 4910 δέ
500 4853 651 4924 μετὰ
669 4852 918 4923 uid-rev“
948 4851 1309 4921 πρόσκειται,
1343 4849 1425 4903 ὅτι
1454 4850 1548 4902 καὶ
1580 4850 1607 4901 ό
1635 4847 1881 4919 ἀράχνης

313 4947 478 5013 ποιεῖ,
512 4948 626 5002 ἀλλ’
657 4946 718 4999 οὐ
759 4945 896 5017 μετὰ
923 4944 1107 5015 λόγου)
1128 4976 1145 5005 ς
1175 4942 1435 5014 φρόνησις
1460 4942 1517 4995 δὲ
1543 4938 1655 5007 ἕξις
1687 4952 1882 5010 προαι-

318 5040 505 5114 ρετικὴ
533 5041 632 5111 τῆς
658 5038 719 5093 ὲν
745 5040 857 5102 τοῖς
885 5041 1153 5111 πρακτοῖς
1183 5036 1499 5109 ὀρθότητος,
1525 5034 1802 5103 ἐπιστήμη
1827 5032 1883 5085 δὲ

312 5130 423 5198 ἕξις
466 5131 577 5186 τῶν
603 5131 693 5187 ἀεὶ
736 5130 879 5184 κατὰ
922 5130 991 5183 τὰ
1023 5130 1164 5184 αὐτὰ
1195 5130 1291 5183 καὶ⁵
1332 5127 1594 5188 ὡσαύτως
1626 5124 1882 5194 ἐχόντων,

318 5225 477 5293 σοφία
528 5224 586 5277 δὲ
629 5224 909 5294 ἐπιστήμη
955 5221 1065 5276 τῶν
1109 5222 1342 5292 πρώτων
1392 5217 1603 5281 αἰτίων,
1657 5214 1783 5278 νοῦς
1824 5214 1882 5267 δὲ

314 5316 455 5387 αρχὴ
481 5316 576 5369 καὶ
606 5314 757 5386 πηγὴ
801 5316 1019 5368 πάντων
1046 5313 1157 5367 τῶν
1187 5311 1389 5366 καλῶν.
1420 5310 1545 5363 Ὅτι
1572 5308 1703 5379 τρία
1737 5308 1880 5376 μέρη

316 5408 598 5480 ιθμαθίας,
631 5408 905 5479 ἀγχίνοια,
936 5408 1151 5479 μνήμη,
1184 5402 1622 5476 ὀξύτης.Μνήμη
1650 5402 1750 5472 μὲν
1785 5397 1878 5454 οὖν

1988 4667 2187 4738 ingenii
2212 4675 2295 4719 est
2326 4663 2655 4732 intelligendi
2680 4661 2960 4716 velocitas.
2999 4658 3230 4713 Solertia
3263 4664 3347 4710 est
3377 4668 3441 4708 ex
3473 4655 3560 4717 iis,

1986 4774 2107 4831 quae
2130 4759 2253 4828 quis
2285 4756 2496 4819 didicit,
2547 4766 2609 4808 ea
2651 4754 2979 4822 investigare
3028 4763 3147 4821 qua:
3200 4762 3302 4802 non
3357 4746 3562 4800 didicit.

1987 4848 2114 4903 Tria
2161 4854 2289 4902 sunt
2321 4860 2443 4915 qua:
2483 4844 2606 4898 eteii
2660 4844 2878 4897 nomine
2920 4842 3173 4896 dicuntur
3213 4856 3228 4894 :
3266 4837 3441 4907 primo
3473 4835 3567 4888 lir-

1987 4946 2357 5001 mamentum;
2395 4933 2638 4989 secando
2667 4933 2925 4987 distantia
2951 4932 3041 4986 illa
3066 4944 3185 4999 quae
3216 4938 3301 4983 est
3321 4942 3349 4981 a
3384 4927 3568 4980 iirmao

1988 5039 2169 5085 mento
2220 5026 2481 5097 usquead
2527 5025 2742 5090 lunam;
2794 5025 2957 5079 tertio
2988 5023 3274 5077 universus
3311 5020 3563 5081 mundus,

1985 5125 2209 5189 caelum,
2242 5122 2487 5192 inquam,
2534 5129 2590 5177 et
2620 5131 2784 5174 terra.
2827 5117 3042 5186 Optima
3081 5124 3136 5170 et
3174 5113 3410 5184 pessima
3442 5119 3569 5163 nata

1986 5193 2140 5281 sunt:
2173 5216 2370 5285 inquit,
2422 5215 2487 5267 ad
2531 5227 2747 5281 semper
2775 5210 3131 5278 operandnm,
3176 5209 3317 5262 Deus
3358 5205 3572 5260 scilicet

1988 5317 2044 5363 et
2097 5308 2310 5376 plantae.
2356 5305 2499 5361 Dens
2544 5306 2711 5369 enim,
2751 5317 2807 5358 et
2838 5318 2959 5373 qua:
3009 5302 3095 5355 illa
3147 5301 3390 5371 proxima
3422 5306 3568 5358 sunt,

1989 5411 2171 5459 mente
2205 5411 2257 5457 et
2284 5401 2495 5456 ratione
2542 5413 2755 5469 semper
2798 5407 3133 5469 operantur;
3181 5396 3419 5463 itemque
3452 5406 3571 5462 ger-

1560 5591 1644 5648 VA
1658 5591 1791 5647 ιιιίΕ
1830 5586 2232 5647 LECTIONES.

387 5725 657 5814 [ἑμόαθέ]
677 5727 1027 5814 ξμϐαίνοντες
1152 5732 1220 5814 ..⁷
1248 5710 1418 5814 αύτῇν
1450 5732 1575 5814 add.
1752 5731 2004 5814 feel-6n
2036 5732 2079 5786 A
2120 5749 2131 5785 :
2160 5729 2260 5814 Oé‘X
2297 5729 2406 5799 ἄρα
2442 5745 2517 5814 Ξ.
2554 5726 2737 5814 ’θυμέ
2779 5724 3126 5814 Holstenium
3149 5725 3250 5814 οὐκ
3303 5723 3410 5814 ἄρα
3466 5720 3561 5774 ὅτι.

319 5806 339 5834 ⁸
363 5801 477 5855 τῶν
523 5801 654 5856 add.
680 5803 744 5855 Α.
824 5802 868 5835 ¹⁶
900 5802 969 5856 τὰ
992 5812 1115 5856 ante
1145 5801 1315 5870 άλογα
1341 5801 1488 5856 deest
1524 5805 1821 5857 Holstenio.

321 5874 466 5941 ponit
495 5888 555 5938 ς.
634 5871 676 5904 ⁸⁸
703 5872 849 5943 ἠττω
872 5890 931 5939 ς’.

1903 5804 1943 5834 ’ί
1977 5802 2275 5873 τρεπτικὴν
2301 5818 2360 5873 ς.

1013 5874 1053 5904 ⁸⁸
1082 5873 1149 5927 τὰ
1194 5868 1399 5928 ειιιιοκ
1436 5874 1529 5927 ἐπὶ
1567 5875 1668 5927 add
1701 5877 1766 5927 A.
1843 5874 1886 5906 ¹⁸
1912 5868 2027 5943 τὴν
2046 5888 2153 5927 om.
2182 5868 2245 5924 Α.
2326 5872 2369 5903 ¹⁶
2407 5870 2469 5923 τὸ
2500 5870 2555 5924 δὲ
2590 5869 2728 5942 μετὰ
2756 5869 2911 5938 λόγου
2961 5882 3071 5924 om.
3108 5868 3174 5924 A.

2442 5799 2484 5829 "
2513 5792 2634 5852 τῶν
2648 5798 2976 5867 ἀθλημάτων
3010 5806 3132 5866 post
3163 5792 3571 5867 ἐπιτηδεύοντας
