4104 6410
562 402 698 471 1587

1109 401 1373 463 ΡΗΟΤΙΙ
1412 402 1918 463 ΡΑΤΒΙΑΒΟΗᾹΞ
1957 402 2065 461 CP.
2105 402 2143 460 Β

2247 400 2607 463 LIOTHECA
2656 424 2724 436 —
2752 396 2917 459 COD.
2954 395 3247 457 CCXLIX.

3688 393 3834 459 15$

561 521 708 573 mina
748 536 762 573 :
800 531 922 572 nam
956 522 1116 571 nocte
1161 524 1215 571 et
1260 516 1349 571 die
1386 516 1720 571 nutriuntur.
1765 514 1879 570 Non
1933 530 2143 585 semper

2247 516 2362 570 ἐστὶ
2385 516 2615 587 τήρησις
2661 507 2735 567 ὧν
2769 510 2938 581 ἔμαθέ
2973 527 3078 575 τις,
3106 508 3302 579 ὀξύτης
3332 508 3389 562 δὲ
3413 506 3457 541 ⁸⁷
3509 508 3540 577 ἡ
3585 506 3829 577 ταχύτης

563 618 747 664 autem
790 608 951 663 homo
982 608 1036 663 in
1068 622 1253 678 opere,
1279 622 1452 677 neque
1481 607 1640 663 bruta
1688 606 2010 671 animantia,
2044 608 2136 663 sed

562 700 744 755 medio
783 714 921 770 pene
946 707 1189 769 tempore
1236 698 1532 763 dormiunt,
1565 709 1618 753 et
1648 697 1957 767 quiescunt.
1991 696 2142 754 Grae-

562 806 658 847 cos
709 792 785 845 ait
836 791 1077 847 moribus
1125 790 1387 846 barbaros
1436 803 1649 859 semper
1706 804 2027 859 superasse,
2072 790 2140 843 ob

563 887 883 952 temperiem
907 883 1051 938 aeris
1075 898 1183 953 quo
1207 882 1425 949 vivunt;
1454 881 1685 951 Scythas
1700 896 1828 936 vero
1852 890 1907 936 et
1928 879 2142 935 Ethio-

564 990 684 1045 pes,
735 974 854 1031 illos
900 973 1102 1045 frigore
1143 975 1351 1030 scilicet
1404 983 1652 1037 vexatos,
1717 973 1816 1028 hos
1860 987 1986 1027 vero
2018 980 2141 1027 cute

566 1077 697 1121 :estu
732 1073 954 1121 exustos
997 1074 1052 1121 et
1103 1065 1375 1135 ingentem
1410 1064 1550 1119 inter
1580 1064 1818 1120 calorem
1857 1072 1912 1118 et
1946 1064 2140 1119 humo-

566 1172 681 1211 rem
720 1158 950 1221 alentes,
978 1158 1105 1227 quia
1152 1156 1291 1214 male
1339 1166 1697 1224 temperatum
1729 1155 1925 1210 malum
1962 1155 2140 1210 sortiti

567 1257 715 1313 sunt,
745 1249 1014 1304 violentos
1034 1256 1088 1303 et
1113 1248 1345 1303 audaces
1371 1262 1587 1317 semper
1622 1246 1916 1302 exstitisse.
1944 1244 2034 1301 Sic
2063 1246 2144 1299 vi-

565 1342 754 1396 cissim
784 1356 877 1397 eos
906 1342 994 1411 qui
1035 1341 1225 1395 media:
1247 1356 1397 1395 zonae
1426 1349 1481 1395 et
1507 1340 1783 1395 montibus
1807 1339 1970 1393 vicini
1994 1346 2141 1404 sunt,

568 1436 635 1489 de
686 1436 947 1503 temperie
1000 1434 1102 1488 loci
1139 1434 1300 1500 illius,
1347 1434 1433 1488 cui
1485 1435 1733 1497 subsunt,
1793 1431 2137 1500 participare.

567 1523 801 1593 Ideoque
824 1524 896 1578 ait
920 1523 1095 1589 Plato,
1130 1522 1350 1579 Graecos
1389 1523 1702 1592 disciplinas
1727 1537 1862 1593 quas
1890 1537 1919 1575 a
1944 1520 2145 1575 Barba-

566 1614 645 1669 ris
706 1616 1037 1684 acceperint,
1094 1630 1187 1670 eas
1245 1614 1435 1669 melius
1486 1613 1747 1682 proferre,
1808 1623 1863 1669 et
1911 1615 2145 1672 maxime

568 1707 952 1763 Athenienses.
1014 1707 1354 1776 Quapropter
1414 1707 1489 1759 rei
1544 1705 1753 1761 bellica:
1803 1714 1858 1760 et
1918 1708 2139 1775 picturae

568 1798 727 1867 primi
760 1800 1073 1853 inventores
1110 1797 1393 1856 exsﬁterc,
1432 1805 1487 1849 et
1515 1795 1692 1851 omnis
1746 1795 1878 1850 artis
1922 1797 2144 1851 mecha-

2238 610 2338 679 τῆς
2385 609 2651 671 διανοίας,
2682 604 2933 675 ἀγχίνοια
2973 604 3051 667 δὲ,
3087 603 3147 667 ἐξ
3192 596 3265 656 ὧν
3308 601 3478 673 ἔμαθέ
3527 618 3634 664 τις,
3661 600 3698 653 ἀ
3748 600 3828 669 μὴ

2240 701 2409 773 ἔμαθε
2439 701 2688 772 θηρεύων
2705 698 2901 755 ⁸⁸.”Οτι
2930 698 2959 751 ὁ
2986 695 3215 768 οὐρανὸς
3248 696 3453 766 τριχῶς
3498 694 3740 761 λέγεται,
3770 692 3828 744 ἓν

2244 793 2342 863 μὲν
2371 792 2507 862 αὑτὴ
2530 792 2571 822 ¹⁹
2602 792 2635 861 ὴ
2669 789 2916 859 ἀπλανὴς
2946 791 3170 858 σφαῖρα,
3197 786 3452 857 δεύτερον
3485 784 3613 858 [716
3647 784 3745 854 [1.]
3770 785 3829 836 τὸ

2240 883 2349 937 ἀπὸ
2380 884 2481 954 τῆς
2511 881 2789 945 ἀπλανοῦς
2819 879 3058 950 σφαίρας
3091 878 3255 950 μέχρι
3297 882 3396 949 τῆς
3447 877 3680 947 σελήνης
3709 876 3828 929 6rd—

2244 993 2449 1046 στημα,
2484 974 2668 1045 τρίτον
2699 975 2727 1027 ὁ
2757 973 2979 1043 σύμπας
3008 972 3234 1040 κόσμος,
3260 972 3288 1023 ὁ
3316 970 3548 1042 οὐρανός
3574 985 3715 1039 φημι
3739 970 3826 1023 καὶ

2242 1069 2376 1140 ἡγῆ
2411 1068 2677 1139 ἆμαοὌτι
2721 1065 2932 1134 πέφυκέ
2982 1081 3115 1133 φησι
3164 1064 3235 1116 τά
3274 1064 3583 1117 τελεώτατα
3628 1058 3723 1115 καῖ
3761 1063 3823 1115 τὰ

2244 1162 2491 1233 χείριστα
2512 1160 2598 1214 ἀεὶ
2629 1160 2891 1230 ἐνεργεῖν.
2920 1157 3104 1212 Ταῦτα
3141 1155 3198 1210 δέ
3228 1157 3345 1209 ἐστι
3376 1157 3511 1219 Θεὸς
3542 1158 3639 1209 καὶ
3664 1158 3820 1226 φυτά.

2247 1254 2314 1309 Ὅ
2338 1272 2397 1307 τε
2418 1253 2527 1324 γάρ
2554 1252 2687 1318 Θεὸς
2711 1252 2850 1307 κατά
2874 1252 2967 1307 τὸν
2989 1252 3113 1305 νυῦν
3141 1251 3239 1305 καὶ
3262 1251 3353 1305 τὸν
3376 1251 3536 1319 λόγον
3566 1252 3655 1305 ἀεὶ
3678 1255 3825 1322 ἐνερ-

2244 1350 2351 1415 γεῖ,
2379 1348 2473 1400 καὶ⁵
2504 1346 2573 1401 τὰ
2600 1346 2828 1416 πλησίον
2858 1344 3023 1399 αὑτοῦ
3062 1344 3212 1410 ὄντα,
3262 1344 3358 1397 καὶ
3391 1344 3556 1399 πάλιν
3586 1345 3657 1398 τά
3687 1345 3824 1413 φυτά

2244 1436 2333 1489 ἀεὶ
2368 1436 2605 1505 ἐνεργεῖ·
2641 1435 2903 1505 τρέφεται
2937 1435 3046 1505 γὰρ
3078 1433 3296 1505 νύκτωρ
3330 1452 3388 1487 τε
3419 1435 3515 1488 καὶ
3548 1434 3822 1505 μεθ’ήμέ-

2246 1526 2439 1595 ραν.¹0
2470 1525 2528 1578 δὲ
2560 1525 2848 1596 ἄνθρωπος
2878 1526 2978 1578 οὑκ
3015 1524 3104 1578 ἀεὶ
3149 1526 3379 1595 ἐνεργεῖ,
3406 1525 3531 1579 οὐδὲ
3560 1526 3631 1580 τὰ
3662 1526 3823 1594 ἀλογα

2245 1616 2387 1681 ζῶα,
2420 1617 2557 1671 ἀλλά
2591 1617 2777 1687 σχεδὸν
2822 1616 2914 1671 τὸν
2968 1618 3140 1687 ἡμίση
3161 1617 3207 1648 ’⁸
3236 1619 3429 1688 χρόνον
3475 1618 3729 1673 καθεύδει
3768 1637 3823 1673 τε

2244 1710 2340 1763 καὶ
2365 1708 2779 1780 ἡσυχάζει.”οτι
2825 1710 2875 1762 oi
2907 1708 3168 1777 Ἕλληνες
3213 1709 3302 1762 ἀεὶ
3338 1709 3597 1779 ἀμείνους
3624 1710 3695 1763 τὰ
3722 1710 3819 1781 ἢθη

2244 1800 2350 1855 τῶν
2383 1800 2694 1871 βαρϐάρων,
2722 1801 2797 1865 ὡς
2847 1802 2945 1871 τὴν
2993 1799 3262 1871 εὔκρατον
3292 1800 3593 1865 οίκοῦντες.
3623 1801 3820 1855 Σκύθαι

568 1890 702 1944 nicae
743 1901 797 1944 et
827 1888 1099 1952 militaris,
1141 1888 1413 1952 oratoriae,
1457 1896 1510 1941 et
1545 1886 1981 1954 disciplinarum.
2021 1886 2140 1943 Non

2247 1890 2298 1943 δὲ
2330 1892 2425 1945 καὶ
2452 1890 2729 1954 Αἰθίοπες,
2760 1893 2810 1944 oi
2849 1891 2949 1961 μὲν
2977 1890 3082 1944 ὑπὸ
3107 1892 3309 1962 κρύους
3340 1891 3719 1962 ἐνοχλούμενοι
3737 1934 3753 1957 ,
3779 1893 3823 1944 ei

566 1982 750 2050 igitur,
778 1990 836 2036 ut
863 1981 993 2044 dixi,
1023 1980 1328 2035 adventitize
1349 1979 1575 2034 Athenis
1611 1990 1735 2032 sunt
1761 1979 2023 2043 scientiae,
2047 1980 2142 2034 sed

566 2075 763 2128 ibidem
807 2084 997 2127 natura
1046 2072 1242 2135 insitae,
1286 2071 1447 2139 idque
1476 2084 1543 2126 ex
1575 2085 1699 2125 aere
1731 2071 1877 2125 tenui
1908 2078 1962 2125 et
1988 2084 2141 2140 puro,

565 2177 622 2219 ut
659 2182 763 2220 nou
813 2168 986 2223 solum
1033 2180 1231 2223 terram
1286 2177 1533 2223 attenuet
1573 2167 1760 2237 (quam
1811 2166 1880 2221 ob
1924 2180 2143 2220 causam

564 2258 726 2311 etiam
755 2259 961 2315 sterilis
992 2271 1076 2315 est
1122 2260 1344 2327 Attica),
1381 2260 1475 2314 sed
1520 2268 1575 2313 et
1604 2258 1821 2329 ingenia
1868 2257 2142 2313 hominum

563 2350 780 2403 subtilia
812 2352 1021 2407 reddet.
1058 2351 1185 2407 Inde
1216 2351 1487 2422 contingit
1524 2361 1741 2405 tenuem
1774 2350 1991 2419 quidem
2018 2364 2142 2403 aera

567 2450 726 2494 terrae
758 2456 975 2508 nocere,
1007 2442 1241 2512 ingeniis
1272 2456 1398 2496 vero
1431 2442 1711 2511 prodesse.
1757 2438 1952 2494 Etesiae
1996 2439 2139 2493 venti

564 2531 944 2586 ardentissimo
983 2532 1187 2586 :rstatis
1244 2540 1482 2598 tempore
1515 2528 1665 2593 ﬂant,
1696 2529 1799 2582 hac
1829 2529 1894 2581 de
1926 2542 2093 2581 causa
2125 2542 2140 2580 :

564 2622 643 2677 sol
668 2623 778 2691 jam
826 2623 1094 2686 sublimis,
1139 2633 1194 2677 ct
1226 2639 1255 2677 a
1309 2622 1441 2677 locis
1483 2620 1926 2675 tneridiunalibus
1961 2620 2025 2673 ad
2054 2634 2143 2672 se-

564 2713 928 2780 ptentrionem
978 2730 1297 2777 conversus.
1324 2713 1485 2769 solvit
1528 2713 1748 2767 humida
1784 2714 1849 2767 ad
1899 2715 2141 2777 boream,

564 2820 685 2873 qua:
714 2806 890 2860 soluta
927 2821 1132 2870 aerem,
1170 2807 1363 2860 deinde
1408 2815 1602 2860 ventus
1650 2805 1875 2874 gignunt
1908 2820 1978 2859 :e
2010 2818 2145 2874 quo-

565 2911 687 2950 rum
724 2914 949 2951 numero
966 2899 1225 2953 etetesize
1254 2908 1401 2963 sunt,
1433 2914 1461 2952 e
1483 2897 1680 2967 spiritu
1710 2897 1937 2957 scilicet,
1966 2896 2054 2964 qui
2078 2911 2143 2949 ex

566 2989 802 3044 humidis
828 2990 1019 3045 solutis
1050 2991 1115 3044 ad
1140 2992 1563 3059 septentrionem
1612 2988 1807 3060 “1b
1840 2989 2035 3042 oritur.
2066 2988 2143 3042 Ad

565 3082 840 3149 oppositas
870 3098 996 3138 vero
1030 3083 1216 3153 plagas
1245 3083 1633 3139 meridionales
1675 3082 1944 3145 feruntur,
1974 3095 2146 3149 ecquo

2244 1980 2301 2034 δὲ
2354 1980 2459 2033 ὑπο
2501 1979 2738 2044 θάλπους
2787 1980 3169 2051 πυκνουμένης
3215 1980 3319 2050 τῆς
3366 1981 3694 2051 ἐπιφανείας
3737 1980 3821 2034 τοῦ

2246 2072 2498 2142 σώματος
2521 2113 2536 2137 ,
2587 2074 2681 2126 καὶ
2722 2072 3244 2143 ἀπολαμϐανομένου
3295 2074 3447 2137 ἐντὸς
3489 2073 3585 2127 τοῦ
3628 2074 3821 2144 θερμοῦ

2244 2165 2439 2217 πολλοῦ
2474 2163 2687 2219 καὶτοῦ
2718 2165 2884 2236 ὑγροῦ
2905 2207 2918 2230 ,
2947 2165 3009 2218 τὸ
3051 2165 3350 2237 δύσκρατον
3398 2166 3498 2218 ἐκλ
3524 2162 3785 2236 ,ρῶσαντο
3804 2181 3817 2194 ·

2245 2256 2533 2325 συμϐαίνει
2561 2251 2654 2309 οὖν
2683 2258 2957 2328 ίτητικοὺς
3005 2258 3099 2311 καὶ
3143 2257 3363 2329 θρασεῖς
3394 2250 3541 2310 εἶναι
3585 2256 3703 2318 τοὺς
3743 2257 3818 2308 οίο

2244 2346 2477 2407 κοῧντας
2493 2338 2550 2399 έν
2576 2347 2809 2411 ἐκείνοις
2834 2352 2948 2412 τοῖς
2974 2349 3179 2413 τόποις.
3198 2348 3507 2416 ’Δναλὸγως
3532 2348 3589 2401 δὲ
3610 2348 3703 2400 καὶ
3722 2348 3811 2401 oi“

2243 2436 2337 2489 τοῦ
2384 2437 2549 2507 μέσου
2594 2438 2690 2491 καὶ
2716 2438 2824 2489 τῶν
2852 2438 3038 2508 ἀκρων
3065 2439 3346 2509 ἐγγυτέρω
3374 2438 3530 2502 ὄντες
3563 2439 3667 2506 τῆς
3701 2437 3823 2506 κρά-

2246 2547 2383 2593 σεως
2414 2530 2524 2583 τῶν
2555 2532 2976 2602 παρακειμένων
3015 2533 3197 2597 αύτοῖς
3244 2534 3557 2604 μετέχουσι.
3586 2533 3682 2587 Διὸ
3711 2536 3817 2597 καὶ,

2244 2620 2317 2683 ὡς
2348 2620 2375 2672 ὁ
2410 2620 2635 2674 Πλάτων
2685 2622 2934 2690 φησὶν,ὃ
2965 2640 3019 2675 τι
3067 2622 3133 2676 ἂν
3182 2625 3277 2677 καὶ
3328 2624 3477 2694 παρὰ
3528 2623 3823 2694 Βαρϐάρων

2250 2711 2481 2783 μάθημα
2529 2714 2767 2767 λάϐωσιν
2813 2716 2864 2767 οἱ
2898 2715 3188 2784 Ἕλληνες,
3220 2715 3377 2769 τοῦτο
3411 2716 3639 2787 ἄμεινον
3667 2717 3828 2784 ἐκφέ-

2250 2819 2400 2871 ρουσι
2423 2844 2437 2866 ,
2466 2804 2702 2873 μάλιστα
2730 2804 2785 2858 δὲ
2812 2805 2921 2857 τῶν
2950 2805 3126 2859 ἄλλων
3162 2806 3431 2876 Ἐλλήνων
3457 2808 3505 2859 oi
3530 2808 3819 2876 Ἀθηναῖοι.

2247 2896 2444 2963 Διόπερ
2504 2897 2599 2949 καὶ
2652 2899 3011 2966 στρατηγικοὶ
3069 2898 3390 2967 γεγένηνται
3447 2898 3690 2969 ἀρχῆθεν
3737 2901 3823 2951 καὶ

2246 2987 2528 3057 γραφικῆς
2555 2988 2829 3056 εὑρετικοὶ
2876 2990 2969 3041 καὶ
3016 2990 3196 3058 πάσης
3235 2989 3431 3059 τέχνης
3466 2988 3740 3059 βαναύσου
3770 3006 3823 3041 τε

2247 3077 2343 3130 καὶ
2396 3077 2720 3146 πολεμικῆς,
2768 3077 2848 3130 ἔτι
2887 3078 2944 3131 δὲ
2996 3079 3090 3133 καὶ
3130 3079 3306 3147 λόγων
3334 3080 3430 3134 καὶ
3468 3081 3824 3151 μαθημάτων.

566 3171 743 3226 delata
794 3172 849 3227 in
909 3174 1208 3229 altissimos
1257 3172 1551 3243 IEtIiiopiae
1601 3181 1811 3227 montes
1871 3172 2142 3227 decidunt.

2248 3168 2338 3221 Διὸ
2366 3170 2461 3222 καὶ
2488 3171 2595 3223 οὐδ’
2622 3171 2946 3231 ἐπείσακτός
2981 3173 3152 3233 ἐστιν,
3198 3170 3275 3235 ὡς
3307 3174 3481 3226 εἰπεῖν
3506 3213 3523 3238 ,
3558 3174 3590 3241 ὴ
3626 3173 3832 3225 παιδεία

566 3263 699 3316 Cum
729 3273 906 3319 autem
929 3265 1247 3321 condensati
1269 3273 1325 3320 et
1350 3263 1663 3333 frequentes
1692 3262 1913 3326 fuerint,
1938 3261 2143 3331 pluvias

2255 3262 2311 3311 ἐν
2346 3262 2465 3323 ταῖς
2489 3260 2762 3331 Ἀθήναις,
2813 3263 2929 3315 ἀλλ’
2955 3263 3021 3316 ἐκ
3068 3263 3285 3331 φύσεως
3341 3264 3701 3334 ὑπάρχουσα,
3746 3264 3833 3317 τοῦ

568 3365 778 3420 creant,
814 3372 845 3413 e
889 3357 1086 3425 quibus
1134 3358 1322 3412 aestivo
1368 3366 1610 3427 tempore
1641 3354 1925 3426 Nilus(ll)
1959 3362 2150 3409 auctus

565 3449 822 3510 exundat.
859 3465 923 3504 ex
974 3451 1301 3505 australibus
1345 3449 1502 3517 locis,
1544 3457 1599 3504 et
1634 3447 1803 3503 aridis
1857 3445 2147 3516 profluens,

568 3540 822 3609 idemque
881 3543 1201 3598 Aristoteles
1252 3542 1624 3612 investigando
1684 3540 1967 3610 comperit.
2030 3539 2151 3607 Ipse

565 3633 708 3686 enim
767 3634 964 3702 ingenii
1023 3636 1340 3706 praestantia
1396 3637 1500 3690 hoc
1556 3632 1962 3704 deprehendit,
2026 3646 2147 3686 cum

567 3737 779 3793 Equum
810 3738 1053 3795 putasset
1076 3728 1442 3783 Alexandrum
1473 3726 1820 3781 Macedonem
1850 3726 1915 3778 ad
1946 3738 2008 3778 ea
2032 3724 2151 3777 loca

526 3846 529 3848 -
570 3816 810 3882 mittere,
848 3827 903 3870 ut
938 3816 1111 3872 oculis
1152 3831 1370 3871 causam
1409 3814 1727 3871 incrementi
1768 3812 1869 3867 Nili
1912 3810 2151 3867 ﬂuminis

565 3921 940 3977 cognosceret.
974 3910 1269 3979 Propterea
1299 3909 1499 3964 asserit
1528 3907 1631 3962 hoc
1663 3921 1768 3961 non
1794 3904 2024 3975 amplius
2053 3904 2151 3956 du-

566 4000 713 4055 bium
746 4016 887 4057 esse.
931 4002 1089 4057 Clare
1135 4002 1281 4057 enim
1316 4010 1461 4069 patet
1509 4014 1540 4054 e
1591 3998 1787 4069 pluviis
1831 3995 2039 4066 augeri.
2086 3993 2152 4049 Et

566 4107 700 4148 sane
734 4095 928 4148 mirum
953 4094 1098 4162 quod
1136 4094 1189 4149 in
1219 4093 1352 4148 locis
1384 4091 1675 4161 AithiOpiae
1705 4088 1942 4143 maxime
1965 4088 2149 4154 siccis,

568 4185 657 4240 ubi
717 4201 990 4256 nunquam
1040 4187 1215 4243 hiems
1273 4195 1357 4241 est
1413 4197 1586 4253 neque
1631 4182 1847 4251 pluvia,
1912 4189 2151 4250 tempore

566 4275 771 4329 aestatis
800 4276 1104 4360 densissimi
1144 4276 1397 4329 oriuntur
1427 4275 1650 4328 imbres.

2254 3350 2494 3404 τοιούτου
2549 3352 2711 3423 ἀέρος
2762 3354 3074 3423 ίσχνοτάτου
3104 3356 3257 3419 ὄντος
3286 3356 3379 3408 καὶ
3422 3356 3829 3426 καθαρωτάτου,

2252 3441 2328 3505 ὡς
2370 3443 2444 3512 μὴ
2498 3445 2669 3512 μόνην
2719 3444 2817 3515 τὴν
2864 3448 2968 3517 γῆν
3014 3446 3298 3500 λεπτύνειν
3329 3446 3414 3515 (δι’
3445 3449 3511 3517 ῆν
3541 3448 3721 3501 αἰτίαν
3747 3447 3832 3499 καὶ

2253 3531 2664 3604 λεπτόγεως¹²ή
2687 3534 2949 3606 Ἀττικὴ),
2971 3534 3126 3608 [1521
3159 3537 3248 3609 8.]
3270 3538 3404 3591 ἀλλά
3426 3539 3519 3591 καὶ
3542 3540 3640 3601 τάς
3664 3539 3833 3608 ψυχὰς

2252 3624 2361 3677 τῶν
2390 3624 2695 3695 ἀνθρώπων
2718 3643 2732 3657 ο
2764 3628 3057 3697 συμϐαίνει
3084 3631 3193 3700 γὰρ
3218 3631 3310 3683 τὸν
3336 3630 3530 3683 λεπτὸν
3564 3631 3707 3701 ἀέρα
3744 3632 3836 3701 τὴν

2256 3718 2356 3787 μὲν
2379 3719 2482 3788 γῆν
2518 3720 2798 3789 βλάπτειν,
2826 3722 2924 3785 τὰς
2946 3722 3005 3776 δὲ
3032 3723 3209 3794 ψυχάς
3234 3724 3617 3793 ὠφελεῖν.”οτι
3644 3726 3691 3777 οἱ
3714 3724 3835 3792 ὲτήο

2256 3810 2430 3862 σιαι¹³
2479 3811 2701 3865 πνέουσι
2748 3813 2891 3868 κατά
2936 3815 3029 3870 τὸν
3076 3816 3270 3887 καιρὸν
3324 3816 3419 3869 τοῦ
3476 3816 3835 3885 ἀκμαιοτάτου

2255 3900 2445 3973 θέρους
2490 3904 2557 3957 δι’
2588 3905 2774 3959 αίτίαν
2830 3906 3111 3978 τοιαύτην.
3147 3910 3206 3962 Ὀ
3237 3910 3391 3979 ἥλιος
3440 3910 3836 3981 μετεωρότερος

2256 3997 2353 4049 καὶ
2385 3996 2493 4051 ἀπὸ
2521 3997 2629 4051 τῶν
2664 4000 3051 4070 μεσημϐρινῶν
3097 4002 3280 4055 τόπων
3318 4002 3723 4073 ἀρκτικώτερος
3751 4018 3833 4067 γι-

2253 4089 2474 4160 νόμενος
2500 4090 2618 4145 λύει
2647 4092 2714 4146 τά
2748 4093 2891 4165 ὑγρά
2921 4096 2992 4147 τὰ
3013 4095 3071 4147 ἐν
3094 4097 3214 4157 ταῖς
3239 4094 3461 4165 ἄρκτοις
3478 4113 3491 4125 ·
3526 4096 3759 4165 λυόμενα
3780 4095 3833 4146 δὲ

2253 4181 2432 4237 ταῦτα
2485 4183 2821 4254 ἐξαεροῦται,
2877 4186 3248 4257 ἐξαερουμένα
3291 4188 3347 4241 δὲ
3402 4188 3835 4258 πνευματοῶτιιι,

2251 4275 2346 4328 καὶ
2393 4276 2459 4328 ἐκ
2511 4276 2714 4331 τούτων
2754 4276 2996 4347 γίνονται
3042 4280 3093 4333 οἱ
3141 4280 3354 4351 ἐτήσιαι
3386 4280 3614 4350 ἄνεμοι,
3646 4279 3839 4332 ἐκτῶν

568 4365 896 4436 πνευμάτων
944 4359 1052 4419 τῶν
1070 4367 1114 4397 ³⁸
1155 4365 1263 4418 ἀπὸ
1313 4364 1411 4433 τῆς
1464 4361 1671 4424 λύσεως
1718 4360 1825 4414 τῶν
1872 4359 2148 4431 ἀρκτικῶν
2189 4362 2372 4434 ὑγρῶν
2415 4367 2737 4437 γινομένων.
2765 4368 3024 4440 Φέρονται
3053 4369 3182 4437 γοῦν
3224 4371 3317 4424 ἐπὶ
3381 4374 3510 4434 τοὺς
3575 4370 3841 4432 ἐναντίους

565 4459 801 4522 τόπους,
835 4459 962 4521 τοὺς
994 4456 1420 4527 μεσημϐρινούς.
1438 4454 1582 4507 Ἐκεῖ
1612 4453 1676 4523 δὴ
1703 4450 1878 4505 ταῦτα
1921 4450 2265 4523 ἐκφερόμενα
2308 4457 2647 4525 προσπίπτει
2704 4462 2819 4522 τοῖς
2887 4459 3247 4530 ὑψηλοτάτοις
3291 4459 3442 4529 ὄρεσι
3500 4462 3599 4528 τῆς
3659 4459 3842 4512 Αἰθιο-

568 4548 719 4613 πίας,
752 4551 847 4602 καὶ
894 4548 1064 4601 πολλὰ
1109 4549 1204 4600 καὶ
1252 4547 1422 4617 ἁθρόα
1470 4546 1732 4614 γινόμενα
1777 4542 2149 4622 ἀπεργάζεται
2189 4543 2411 4609 ὑετούςο
2440 4548 2536 4601 καὶ
2565 4550 2630 4603 ἐκ
2657 4550 2766 4603 τῶν
2810 4551 2981 4605 ὑετῶν
3005 4551 3213 4604 τούτων
3244 4553 3272 4603 ὁ
3314 4551 3511 4613 Νεῖλος
3576 4552 3841 4621 πλημμυ-

571 4646 658 4713 ρεῖ
684 4641 779 4695 τοῦ
811 4642 1024 4711 θέρους,
1072 4639 1178 4693 ἀπὸ
1224 4638 1332 4692 τῶν
1385 4634 1778 4706 μεσημϐρινῶν
1829 4633 1925 4685 καὶ
1976 4631 2157 4703 ξηρῶν
2195 4633 2376 4687 τόπων
2426 4637 2585 4704 ῥέων.
2630 4641 2741 4693 Καὶ
2792 4640 2952 4693 τοῦτο
3006 4640 3391 4712 Ἀριστοτέλης
3458 4641 3844 4711 ἐπραγματεύο

571 4752 736 4792 σατο·
770 4734 930 4797 αὐτὸς
979 4733 1087 4803 γάρ
1136 4732 1241 4784 ἀπὸ
1288 4714 1388 4798 τῆς
1422 4728 1637 4797 φύσεως
1668 4726 1814 4796 ἔργῳ
1842 4726 2185 4794 κατενόησεν,
2229 4726 2469 4793 ἀξιώσας
2502 4728 2717 4800 πέμψαι
2763 4731 2855 4786 τὸν
2898 4731 3251 4804 Ἀλέξανδρον
3306 4732 3398 4786 τὸν
3431 4733 3716 4786 Μακεδόνα
3759 4733 3847 4797 εἰς

569 4829 813 4891 ἐκείνους
845 4828 973 4889 τοὺς
1013 4825 1211 4887 τόπους
1257 4823 1350 4875 καὶ
1394 4820 1515 4889 ὄψει
1560 4820 1661 4887 τὴν
1710 4817 1887 4871 αἰτίαν
1918 4817 2019 4887 τῆς
2058 4817 2153 4871 τοῦ
2194 4819 2390 4873 Νείλου
2436 4823 2719 4895 αὐξήσεως
2793 4826 3155 4897 παραλαϐεῖν.
3224 4824 3315 4878 Διό
3359 4842 3524 4895 φησιν
3569 4827 3645 4888 ὡς
3687 4825 3849 4878 τοῦτο

568 4923 755 4977 οὐκέτι
799 4920 1095 4993 πρόϐλημά
1131 4921 1311 4973 ἐστιν’
1342 4914 1499 4986 ὤφθη
1543 4914 1652 4985 γάρ
1701 4911 1951 4983 φανερῶς
1983 4912 2064 4965 ὅτι
2092 4912 2152 4978 ἐξ
2191 4914 2360 4968 ὑετῶν
2410 4915 2539 4988 [717
2569 4917 2663 4990 il.]
2713 4919 2900 4985 αὔξει,
2938 4922 3033 4975 καὶ
3074 4920 3136 4974 τὸ
3180 4919 3504 4991 παράδοξον,
3578 4920 3721 4973 ὅτι¹³
3783 4921 3853 4973 ὲν

571 5018 685 5078 ut;
732 5014 1047 5087 ξηροτάτοις
1090 5013 1277 5074 τόποις
1320 5010 1422 5079 τῆς
1467 5005 1783 5071 Αἰθιοπίας,
1816 5008 1873 5058 ἐν
1906 4999 1987 5068 οἷς
2024 5003 2156 5058 οὔτε
2197 5005 2405 5078 χειμὼν
2432 5008 2558 5063 οὔτε
2600 5010 2743 5083 ὕδωρ
2788 5014 2929 5080 ἐστὶ,
2956 5012 3243 5084 ξυμϐαίνει
3278 5012 3372 5067 τοῦ
3450 5011 3640 5084 θέρους
3686 5011 3860 5065 πλεί-

577 5124 735 5171 στους
773 5107 963 5170 ὑετοὺς
1003 5104 1268 5174 γίνεσθαι.

1845 5187 2075 5242 νΑΙὶΙᾹΞ
2131 5186 2425 5243 LECTION
2435 5187 2537 5244 ES.

660 5315 702 5345 "
734 5312 814 5365 δὲ.
895 5311 937 5342 ⁸⁸
992 5308 1520 5381 θρηνεύωνᾲτεολιῑυξ
1560 5304 1765 5381 _Suidas
1793 5319 1843 5357 ν.
1882 5304 2193 5381 ΔἈγχίνους
2229 5313 2294 5381 et
2347 5304 2560 5381 Μνήμη
2617 5302 2736 5381 τῇδὲ
2790 5303 2850 5355 τὸ
2906 5304 2966 5368 ἐξ
3018 5297 3094 5381 ὧν
3150 5301 3322 5381 suae;
3375 5263 3768 5381 (inpatientem!
3801 5297 3857 5381 ,ει

583 5384 659 5455 μὴ
691 5364 914 5454 ἔμαθεν.
950 5364 1259 5455 Iiois'tenius
1290 5379 1346 5455 se
1370 5378 1430 5430 τὸ
1462 5377 1521 5455 ἐξ
1545 5374 1835 5455 ἂᾼμὴξμ.
1879 5364 2148 5455 θηρεύειν.
2177 5364 2185 5365 ί
2228 5364 2560 5455 ¹⁹λαὺτηίςί
2633 5375 2677 5405 ²⁰
2708 5374 2881 5455 ἥμισυ
2916 5364 2975 5440 ς’.
3054 5375 3096 5407 ¹¹
3130 5364 3194 5427 οἵ
3216 5376 3281 5428 A.
3318 5394 3332 5425 :
3376 5373 3409 5441 ή
3590 5372 3634 5402 ³³
3658 5368 3855 5422 λεπτά·

579 5444 735 5525 γεῶξ
758 5457 904 5507 ἐστιν
935 5455 967 5524 ἡ
1004 5470 1065 5517 ς.
1143 5450 1189 5481 ²³
1221 5451 1428 5520 ἐτήσιοι
1464 5444 1549 5502 Α.
1608 5447 1652 5477 ³³
1681 5444 1788 5499 τῶν
1821 5455 1942 5498 ante
1973 5445 2079 5497 ἀπὸ
2116 5460 2225 5497 om.
2268 5446 2334 5497 A.
2413 5444 2457 5475 ’⁸
2490 5446 2570 5497 ὅτι
2605 5460 2716 5498 om.
2750 5445 2815 5498 A.

2062 5557 2288 5613 NOT/E.

657 5683 770 5749 (ll)
804 5680 936 5735 Vide
994 5678 1462 5751 Theophylactum
1506 5676 1883 5743 Simocattam,
1939 5674 2008 5728 De
2048 5674 2153 5726 vita
2200 5670 2441 5730 Mauritii
2484 5676 2634 5745 imp.,
2684 5675 2776 5729 lin.
2832 5674 2883 5740 7,
2936 5682 3199 5740 extremo,
3244 5670 3603 5735 Herodotum,
3662 5667 3853 5722 Malam

587 5765 641 5810 et
672 5752 970 5823 ἀνώνυμον.

2192 5882 2251 5892 ...-
