4108 6334
2138 424 2362 429 ““““““
2503 424 2583 429 “““
2632 424 2654 429 “
2967 424 3018 429 “
3075 422 3356 456 “·““⁹“---““
3375 420 3520 454 '—

315 460 800 468 --—-_-——-.-—
835 460 982 466 —-
1019 458 1148 465 ___-_
1353 450 3238 461 ’Μ
3357 450 3378 453 ”“

1540 586 1707 631 ANNO
1750 586 1978 631 DOMINI
2021 585 2296 629 DCCCXX.

768 752 1943 922 SEDULIUS
2083 751 3057 918 SCOTUS.

1369 1133 1809 1214 NOTITIA
1884 1129 2464 1211 HISTORICA.

1473 1306 1714 1371 (Fabric,
1738 1305 1867 1359 Bibl.
1891 1306 2025 1360 med.
2046 1311 2100 1359 et
2119 1305 2204 1358 inf.
2229 1304 2361 1371 Lat.)

277 1557 287 1568 ’
357 1562 609 1621 Sedulius
633 1561 837 1631 junior,
866 1559 1085 1614 natione
1114 1555 1583 1631 Scotus,_dubium_
1611 1571 1680 1611 an
1707 1557 1754 1612 is
1771 1556 1865 1627 qui
1893 1570 1947 1631 Α
2039 1557 2093 1611 4.
2133 1556 2281 1631 qus
2310 1556 2374 1611 de
2397 1555 2665 1631 {tegimine
2702 1557 3004 1631 principum
3017 1558 3213 1631 habuit
3240 1560 3553 1628 Goldastus,

285 1652 376 1691 an.
405 1635 503 1689 721
530 1626 758 1690 concilio
781 1631 1026 1686 Romano
1047 1628 1391 1698 subscripsit,
1418 1643 1487 1680 an
1516 1626 1673 1698 alius,
1704 1643 1866 1698 quem

283 1705 651 1775 Hepidamuus
681 1701 979 1775 monachus
1008 1695 1373 1775 Sangallensis
1416 1698 1472 1752 in
1502 1695 1770 1775 Chronico
1796 1697 1867 1775 ad

286 1768 384 1829 an:
401 1775 503 1831 818
546 1774 751 1853 clarum
784 1771 950 1853 fuisse
993 1768 1195 1853 narrat.
1224 1768 1499 1853 Incertum
1546 1768 1713 1823 etiam
1749 1768 1865 1839 epi-

285 1859 480 1913 scopus
511 1860 579 1897 an
605 1842 887 1914 presbyter
900 1841 1091 1922 fuerit.
1121 1840 1250 1909 Ejus
1272 1840 1539 1920 habemus
1566 1855 1579 1891 :
1691 1907 1703 1919 .

298 1982 332 1988 _
360 1912 838 1988 l.__Collectane_um
866 1928 970 1988 sive
1016 1908 1456 1988 Egplanauonem
1499 1925 1553 1988 tn
1600 1907 1867 1978 Epistolas

289 1981 470 2059 Pauli,
498 1984 553 2037 in
588 1998 695 2059 qua
725 1981 1019 2059 Gregorius
1040 1979 1284 2059 yagnus,
1321 1979 1569 2059 quamvis
1605 1993 1869 2059 .supre's‘so

288 2046 528 2118 nomine,
554 2046 774 2105 citatur.
804 2046 1014 2118 Prodiit
1040 2046 1265 2101 Basilea:
1288 2046 1746 2118 apudllenricum
1762 2047 1869 2118 Pe-

283 2122 356 2175 tri
380 2114 523 2178 1528'
546 2128 604 2175 et
631 2117 791 2182 1554,
817 2117 983 2181 in-8°,
1010 2130 1111 2172 nec
1152 2130 1261 2171 non
1290 2115 1344 2169 in
1375 2114 1725 2170 Bibliothecis
1761 2115 1866 2169 Pa-

284 2198 458 2245 trum.

354 2260 412 2313 2.
455 2259 788 2314 Collectanea
814 2256 872 2311 in
897 2254 1208 2309 Mattha’um
1250 2253 1352 2308 sub
1394 2253 1614 2308 nomine
1662 2253 1869 2308 Sedulii

280 2326 440 2384 Scoti
469 2330 603 2383 citat
641 2326 956 2381 Sirmondus
988 2325 1055 2379 ad
1087 2322 1297 2379 Sidonii
1338 2322 1665 2391 Apollinaris
1693 2323 1865 2391 Epist.

283 2414 367 2462 ix,
390 2398 445 2463 4,
478 2400 533 2452 in
558 2397 776 2467 quibus,
801 2393 1022 2467 Labbeq
1052 2401 1209 2467 teste,
1244 2392 1560 2467 Gregorius,
1604 2392 1862 2459 Isidorus,

285 2461 438 2537 Beda
456 2475 513 2537 et
538 2461 651 2537 ipse
674 2479 888 2537 quoque
917 2461 1682 2537 Seduliusnseuior’allegatur.

358 2536 413 2590 5.
455 2531 825 2590 ϐοήιιηεηίανὶἶ
854 2535 910 2587 in
937 2542 1103 2588 artem
1148 2532 1425 2601 Eutychii,
1456 2531 1596 2601 teSte
1645 2531 1867 2601 Usscrio

287 2605 344 2661 in
378 2606 517 2661 Bibl.
543 2605 801 2660 Thuanea
844 2604 1080 2658 fuerunt.
1112 2601 1203 2657 Sic
1225 2598 1439 2672 quoque
1464 2600 1682 2672 sedulio
1710 2598 1865 2672 Com-

287 2676 530 2730 mentarii
557 2676 613 2745 in
636 2675 860 2745 primum
884 2674 974 2728 alii
996 2671 1278 2745 secundum
1317 2680 1484 2727 artem
1507 2671 1707 2728 Donati
1734 2680 1784 2726 et
1808 2671 1888 2744 in,

287 2745 464 2816 majus
490 2742 730 2799 volumen
757 2742 1023 2799 Prisciani
1046 2743 1379 2799 tribuuntur.

1970 1638 2107 1684 teste
2138 1626 2377 1683 Labbco.
2406 1626 2659 1682 Sedulius
2702 1626 2767 1683 de
2816 1626 3099 1683 rectoribus
3140 1629 3454 1687 Christianis
3502 1626 3553 1689 et

1970 1699 2388 1774 conuenientibus
2419 1697 2858 1774 regulis,_quibus
2886 1707 2962 1751 est
2994 1700 3288 1774 respublica
3327 1703 3421 1757 rite
3459 1720 3556 1774 gu-

1971 1769 2255 1833 bernanda,
2302 1767 2501 1838 Lipsiae
2546 1767 2700 1833 1619,
2748 1769 2909 1833 in-8°,
2945 1767 3123 1825 editus
3157 1767 3491 1828 memoratur
3523 1790 3555 1829 a

1970 1839 2220 1895 Fabricio
2248 1848 2457 1894 nostro.
2500 1838 2776 1894 Freherus
2816 1840 2883 1894 ad
2928 1838 3151 1895 Petrum
3190 1842 3257 1895 dc
3284 1841 3459 1898 Andlo
3489 1845 3557 1901 de

1969 1910 2202 1979 Imperio
2248 1910 2515 1975 Romano,
2542 1908 2616 1974 II,
2652 1910 2736 1974 16,
2775 1909 2965 1965 scribit
3004 1924 3062 1964 se
3106 1926 3194 1965 an.
3242 1912 3380 1966 1612
3410 1916 3555 1971 hunc

1971 1980 2171 2051 librum
2215 1979 2481 2038 ἀνέκδοτον
2517 1979 2584 2034 ad
2614 1980 2823 2051 prelum
2865 1994 3083 2049 parare.
3121 1981 3201 2035 Ex
3232 1982 3348 2051 ejus
3378 1982 3559 2039 libello

1972 2050 2037 2103 de
2068 2048 2384 2105 Christianis
2424 2048 2729 2115 rectoribus,
2757 2067 2805 2106 c.
2831 2048 2885 2114 8,
2910 2058 3033 2115 octo
3060 2048 3289 2107 disticha
3335 2054 3557 2109 adducit

1970 2118 2227 2192 l‘licolaus
2254 2120 2502 2192 Cusanus
2530 2121 2596 2174 de
2607 2112 3008 2192 Concordantia
3032 2121 3317 2192 catholica,
3344 2123 3553 2192 praefat.

2123 2205 2185 2243 ιιι
2213 2189 2569 2313 ὶὲὃκὲοιιιωὶυθ
2601 2188 2869 2245 Sichardii
2892 2191 2957 2245 de
2977 2186 3362 2247 Jurisdictioné
3386 2194 3557 2265 impe-

2004 2276 2019 2311 I
2077 2276 2113 2313 ι.
2150 2275 2204 2313 n.
2344 2297 2358 2311 .

2004 2275 2113 2325 tau,
2150 2275 2204 2329 p.
2233 2275 2358 2313 oon.

2042 2350 2179 2405 Vide
2222 2348 2534 2413 Usscrium,
2569 2347 2754 2472 Antiq.
2794 2348 3001 2405 Eccles.
3030 2349 3352 2417 Britannic,
3381 2368 3433 2407 c.
3466 2355 3557 2419 16.

2046 2418 2318 2472 Oudinum
2343 2428 2490 2472 tomo
2518 2419 2593 2472 II.
2625 2433 2679 2472 ι).
2743 2418 2797 2472 6.

1968 2428 2025 2476 et
2046 2418 2318 2474 Oudinum
2343 2428 2490 2474 tomo
2518 2419 2561 2473 II
2578 2458 2593 2484 ,
2624 2433 2679 2489 p.
2706 2418 2797 2473 26.

2037 2509 2637 2593 Psalteriumﬁmcu'm
2667 2509 3177 2593 Sedulii_cuju§dam
3204 2510 3353 2593 δεοέί
3370 2528 3555 2593 _manu

1967 2583 2227 2652 scriptum
2279 2589 2525 2636 recenset
2566 2580 2729 2636 Bern.
2765 2580 2834 2637 de
2868 2579 3250 2649 Montl’aucon,
3290 2582 3554 2657 Palaeogr.

1974 2651 2149 2707 Graec.
2175 2651 2263 2720 Ill,
2288 2652 2339 2717 7,
2369 2666 2425 2721 p.
2448 2651 2575 2707 236.

300 2899 3550 2938 Μαί-Μ

1066 3046 1150 3105 ω
1279 3033 1993 3208 sm)qu
2066 3030 2583 3147 soon

419 3268 1231 3433 (ἶθΙῶΕῦΤΑΝΕΑ
1338 3274 1469 3431 ΙΝ
1575 3271 1865 3431 θΜΝΕ

2052 3273 2163 3426 Β.
2281 3270 2641 3433 PAULI
2756 3264 3405 3442 EPISMAS.

1562 3548 1711 3610 (Bibl.
1735 3551 1840 3601 vet.
1862 3546 2017 3608 Patr.,
2036 3550 2155 3599 tom.
2178 3547 2286 3613 VI.)

1706 3674 2157 3694 ﬂ

1159 3975 1272 4056 IN
1326 3973 1911 4057 EPISTOLAM
1968 3975 2105 4056 AD
2161 3972 2672 4055 ROMANOS.

1713 4142 2157 4163 -

372 4188 413 4251 θ
805 4226 1031 4285 CAPUT
1068 4226 1360 4286 PRIMUM.

358 4319 563 4375 Paulus
610 4335 787 4375 servus
836 4319 966 4375 Iesu
1013 4320 1241 4388 Christi,
1288 4328 1499 4376 vocatus
1562 4320 1862 4393 Apostolus.

284 4411 581 4468 Sciendum
619 4420 706 4466 est
730 4411 873 4481 quod
914 4412 969 4468 in
1002 4413 1269 4484 prooemio
1303 4412 1635 4484 septiformis
1672 4412 1867 4469 divisio

284 4502 562 4559 elucescit.
614 4501 799 4557 Primo
847 4518 1084 4574 namque
1125 4503 1192 4560 de
1238 4504 1417 4574 scipso
1460 4503 1717 4573 loquitur.
1764 4502 1866 4559 Se-

285 4595 486 4659 cundo,
530 4593 867 4662 evangelium
902 4593 997 4649 Dei
1042 4610 1150 4649 non
1206 4609 1375 4666 parva
1429 4594 1589 4649 laude
1634 4594 1863 4650 attollit.

286 4685 495 4751 Tertio,
548 4685 900 4740 mediatorem
943 4686 1041 4743 Dei
1090 4695 1145 4742 et
1197 4687 1514 4754 hominum,
1567 4688 1865 4743 secundum

282 4785 575 4845 utramque
620 4776 921 4831 divinitatis
968 4785 1024 4832 et
1070 4778 1428 4834 humanitatis
1473 4778 1863 4846 substantiam,

282 4868 502 4939 magnis
528 4867 745 4922 laudum
780 4869 1037 4938 praadicat
1063 4870 1371 4940 pmconiis.
1397 4868 1621 4937 Quarto,
1652 4879 1869 4940 aposto-

283 4959 377 5013 lici
409 4957 589 5029 gregis
628 4956 952 5014 electionem
995 4959 1351 5015 demonstrat.
1378 4959 1602 5027 Quinto,
1633 4976 1863 5031 genera-

281 5047 395 5102 lem
421 5048 664 5119 gentium
706 5047 772 5102 ad
803 5047 966 5103 ﬁdem
990 5047 1193 5105 Christi
1220 5051 1557 5107 vocationem
1602 5051 1861 5107 declarat.

284 5136 476 5203 Sexto,
510 5137 800 5208 specialem
829 5138 1199 5194 Romanorum
1220 5143 1562 5199 vocationem
1603 5143 1861 5199 ostendit.

282 5228 531 5298 Septimo
567 5231 709 5298 loco,
736 5233 965 5303 gratiam
989 5241 1045 5288 et
1067 5247 1280 5303 pacem,
1308 5250 1429 5303 qure
1455 5245 1582 5292 sunt
1615 5238 1753 5292 dona
1779 5252 1862 5293 se-

277 5319 555 5391 ptiformis
597 5323 854 5394 Spiritus,
883 5325 1141 5381 Romanre
1178 5326 1436 5382 Ecclesia:
1472 5344 1505 5383 a
1538 5328 1650 5384 Deo
1675 5328 1861 5395 Patre,

276 5418 345 5467 et
379 5411 603 5470 Domino
632 5412 763 5471 Iesu
791 5414 1008 5473 Christo
1033 5419 1279 5488 praestari
1310 5419 1743 5476 desiderabiliter
1769 5436 1865 5477 ex-

275 5512 456 5575 optat.
482 5506 597 5563 Hac
624 5508 890 5564 divisione
918 5512 1215 5580 przemissa,
1242 5528 1385 5568 nunc
1411 5513 1477 5568 ad
1508 5512 1750 5584 singulas
1782 5512 1863 5582 ip-

1897 4242 1945 4301 Β
1972 4237 2057 4286 est
2085 4229 2141 4285 in
2186 4226 2412 4285 Actibus
2441 4226 2843 4298 apostolorum,
2889 4244 3034 4287 nunc
3074 4232 3275 4292 Pauus
3317 4230 3550 4300 dicatur.

1969 4319 2279 4376 Invenimus
2317 4318 2375 4373 in
2411 4316 2709 4391 Scripturis
2750 4320 2970 4389 divinis,
3010 4327 3373 4394 quorumdam
3401 4324 3552 4391 vete-

1970 4426 2093 4465 rum
2142 4410 2427 4464 immutata
2480 4409 2740 4465 vocabula
2780 4419 2890 4466 :-ut
2939 4427 3009 4467 ex
3043 4416 3277 4483 ubram,
3325 4432 3555 4481 vocatus

1967 4497 2273 4565 Abraham;
2312 4513 2378 4553 ex
2426 4498 2603 4564 Sarai,
2651 4500 2818 4567 Sara;
2846 4509 2902 4556 et
2939 4517 3007 4557 ex
3037 4502 3229 4572 Iacob,
3268 4506 3439 4566 Israel
3493 4512 3553 4569 In

1968 4588 2275 4662 Evangeliis
2299 4604 2515 4661 quoque
2540 4606 2607 4645 ex
2636 4591 2872 4657 Simone,
2906 4592 3132 4662 Petrus;
3164 4609 3221 4654 et
3250 4597 3344 4655 ﬁlii
3383 4602 3554 4660 Zebe-

1967 4681 2088 4748 dzei,
2122 4681 2218 4736 ﬁlii
2251 4681 2475 4736 tonitrui
2516 4682 2812 4751 nuncupati
2839 4691 3003 4738 sunt:
3041 4687 3137 4742 sed
3165 4685 3285 4745 hac
3314 4705 3382 4746 ex
3409 4706 3553 4762 prae-

1967 4779 2122 4843 cepto
2151 4772 2247 4826 Dei
2296 4771 2439 4827 facta
2472 4771 2719 4842 legimus.
2764 4771 3042 4843 Nusquam
3075 4791 3209 4834 vero
3244 4795 3376 4852 erga
3405 4781 3550 4837 Pau-

1966 4861 2078 4915 lum
2119 4860 2427 4917 invenimus
2471 4860 2579 4916 tale
2607 4861 2808 4932 aliquid
2839 4870 3069 4935 gestum.
3097 4866 3177 4924 De
3201 4883 3309 4939 qua
3342 4886 3403 4927 re
3430 4874 3549 4944 qui-

1964 4950 2194 5006 busdam
2223 4951 2400 5005 visum
2444 4957 2531 5006 est
2574 4951 2720 5021 quod
2768 4951 2922 5008 Pauli
2969 4959 3324 5026 proconsulis,
3381 4974 3545 5030 quem

1965 5045 2105 5114 apud
2131 5042 2371 5115 Cyprum
2417 5042 2620 5099 Christi
2666 5044 2794 5099 ﬁdei
2834 5046 3175 5119 subiecerat,
3224 5051 3546 5112 vocabulum

1965 5134 2068 5189 sibi
2097 5133 2387 5204 Apostolus
2419 5134 2733 5205 sumpserit,
2766 5137 2909 5207 quod
2946 5154 3048 5194 nec
3081 5153 3182 5195 nos
3210 5139 3429 5209 quidem
3457 5160 3548 5201 us-

1964 5241 2285 5297 quequaque
2313 5226 2684 5283 evacuandum
2710 5236 3001 5299 putamus:
3033 5238 3214 5284 tamen
3242 5233 3369 5302 quia
3397 5236 3546 5293 nulla

1963 5320 2089 5376 talis
2113 5320 2169 5374 in
2200 5318 2498 5390 Scripturis
2520 5320 2718 5376 divinis
2745 5322 3078 5380 consuetudo
3104 5322 3541 5394 deprehenditur,

1963 5414 2136 5485 magis
2183 5429 2248 5469 ex
2280 5414 2366 5469 his
2393 5430 2515 5485 qua:
2541 5414 2599 5470 in
2630 5416 2878 5487 exemplo
2905 5414 3108 5471 nostris
3149 5429 3295 5485 sunt,
3326 5420 3546 5479 absolu-

1962 5507 2161 5562 tionem
2208 5521 2532 5576 quaeramus.
2561 5506 2872 5563 Invenimus
2914 5505 3080 5578 igitur
3119 5508 3429 5582 aliquantus
3459 5514 3548 5571 bi-

272 5598 403 5654 sius
451 5600 701 5669 procemii
753 5601 1212 5670 particularitatcs
1248 5596 1630 5660 ‘enucleandas
1676 5603 1862 5658 venia-
1888 5610 1933 5674 α
1963 5598 2072 5665 nis,
2096 5597 2232 5653 alios
2256 5604 2437 5652 autem
2468 5599 2635 5655 ternis
2661 5614 2790 5654 usos
2823 5613 2943 5654 esse
2976 5601 3304 5669 nominibus,
3336 5610 3398 5658 ut
3439 5601 3545 5661 Sa-

272 5701 431 5745 mus.
454 5688 636 5745 Prima
682 5691 865 5761 itaque
899 5692 1053 5747 nobis
1078 5694 1303 5762 quaestio
1329 5695 1397 5749 de
1434 5693 1653 5749 nomine
1692 5692 1858 5763 ipsius
1962 5691 2267 5757 Iomonem,
2296 5692 2545 5749 eumdem
2584 5691 2765 5757 ldida;
2812 5689 3149 5759 Sedechiam,
3183 5696 3541 5767 eamdemque

272 5776 440 5835 Pauli
480 5781 694 5837 videtur
721 5793 1014 5851 exsurgere
1041 5802 1052 5837 :
1086 5782 1196 5839 Cur
1232 5784 1277 5839 is
1322 5785 1415 5856 qui
1460 5784 1655 5865 Saulus
1684 5783 1859 5841 dictus
1910 5818 1915 5853 ;
1964 5783 2237 5852 Joachim;
2269 5782 2472 5851 Osiam,
2500 5785 2749 5841 eumdem
2780 5793 2834 5841 et
2860 5785 3132 5853 Azariam,
3161 5787 3402 5859 aliosque
3426 5787 3542 5858 plu-

685 5874 960 5936 PATROL.
1016 5874 1179 5937 CIII.

2222 5930 2225 5935 .
3104 5881 3134 5941 1
