4108 6334
563 339 634 396 ts
1719 350 1727 361 υ
1951 346 2223 407 SEDULII
2259 349 2454 409 soon
3345 312 3348 314 ⁷
3750 364 3820 422 ts

561 461 739 529 vobis,
769 461 824 517 id
876 469 978 529 est,
1005 461 1264 520 Romanis
1293 463 1650 534 apostolatum
1693 462 2138 532 accepimus.Vo-
2161 469 2216 528 Α
2239 467 2505 520 mirantur
2527 466 2593 521 de
2619 464 3028 522 conversatione
3059 465 3322 537 gentium,
3354 475 3409 526 et
3437 471 3579 542 quod
3606 471 3662 528 in
3692 490 3814 532 om-

558 556 694 611 catis
741 556 956 608 sanctis.
1001 555 1117 610 Hoc
1145 564 1248 612 est.
1305 557 1507 612 sanctis
1548 555 1832 611 vocatione
1863 553 1979 620 Dei,
2025 570 2135 610 non

558 645 756 702 merito
798 644 950 700 facti.

630 740 814 795 Gratia
862 741 999 796 vobis
1034 752 1082 794 et
1124 758 1228 810 pas:
1273 759 1305 795 a
1344 741 1451 795 Deo
1489 740 1671 805 Patre,
1703 748 1750 794 et
1787 740 2014 794 Domino
2043 755 2135 793 no-

555 841 664 888 stra
698 830 1081 898 JesuChristo.
1105 832 1237 885 lllud
1275 829 1807 885 animadvertendum
1848 839 1950 893 est,
1991 828 2136 897 quod

553 932 610 979 et
639 924 691 977 in
721 923 1088 992 superioribus
1125 930 1178 977 et
1212 924 1262 975 in
1293 924 1542 992 praesenti
1581 929 1844 975 commate
1884 921 2130 989 eclipses,

550 1013 608 1068 id
645 1022 745 1077 est,
777 1013 1020 1067 defectus
1051 1015 1479 1068 necessariarum
1524 1013 1818 1066 dictionum
1847 1026 1967 1065 esse
2010 1026 2134 1065 nos-

549 1112 768 1156 cuntur.
804 1103 990 1172 Itaque
1035 1104 1265 1173 utplena
1292 1104 1618 1157 constructio
1661 1111 1912 1158 constare
1946 1110 2130 1170 queat,

551 1197 671 1267 ipsa
707 1198 994 1250 verborum
1051 1198 1218 1251 series
1266 1197 1318 1250 in
1356 1197 1594 1250 ordinem
1645 1197 1722 1250 sic
1766 1195 2126 1263 disponatur:

551 1285 666 1357 Ego
697 1284 899 1340 Paulus
935 1304 1110 1340 servus
1152 1285 1344 1340 Christi
1381 1285 1529 1351 Jesu,
1561 1297 1772 1339 vocatus
1827 1286 2128 1356 Apostolus,

549 1383 606 1428 et
644 1383 839 1429 caetera
872 1390 989 1443 qua:
1019 1376 1445 1445 subsequuntur,
1477 1383 1855 1444 postremoque
1899 1375 2132 1428 subinte-

554 1476 710 1520 ratur
741 1484 754 1520 :
785 1483 978 1536 precor
1000 1468 1084 1521 vel
1110 1477 1325 1536 exopto,
1349 1468 1777 1536 multiplicentur
1829 1469 2000 1537 gratia
2039 1483 2127 1520 vo—

547 1558 627 1612 bis
687 1567 733 1611 et
777 1575 881 1628 pax
929 1576 961 1611 a
1014 1558 1122 1612 Deo
1169 1555 1332 1611 Patre
1381 1568 1578 1622 nostra,
1644 1568 1693 1612 et
1735 1557 1959 1611 Domino
1997 1557 2127 1611 Jesu

545 1650 784 1706 Christo.
826 1650 1064 1706 Gratiam
1113 1658 1169 1705 et
1202 1666 1390 1721 pacem
1421 1666 1543 1704 cum
1574 1650 1658 1704 his
1691 1651 1822 1704 dicit
1857 1665 1996 1714 esse,
2034 1650 2126 1718 qui

546 1749 694 1796 recte
713 1742 940 1795 credunt
967 1759 979 1794 :
1013 1743 1206 1812 gratia,
1235 1757 1340 1809 qua
1370 1756 1398 1793 a
1425 1741 1664 1809 peccatis
1705 1739 1931 1794 absoluti
1959 1747 2120 1794 sunt:

543 1849 647 1902 pax
687 1849 839 1897 vero,
880 1833 1005 1901 quia
1035 1849 1101 1887 ex
1147 1833 1326 1902 impiis
1350 1831 1680 1886 reconciliati
1709 1841 1835 1886 sunt
1860 1829 2129 1885 Creatori-

540 1923 686 1977 Benc
716 1924 944 1994 gratiam
965 1931 1019 1977 et
1046 1938 1234 1992 pacem
1259 1923 1551 1987 connectit,
1583 1938 1709 1976 nam
1736 1938 1905 1976 vacua
1949 1922 2125 1991 prima

542 2016 660 2070 sine
697 2016 897 2082 altera;
936 2031 1044 2084 pax
1071 2015 1214 2068 enim
1242 2015 1492 2068 observat
1537 2015 1784 2084 gratiam.
1818 2013 1859 2066 Α
1884 2013 1993 2067 Deo
2023 2013 2127 2066 Pa-

543 2116 621 2162 tre
654 2099 850 2164 nostro.
878 2109 1045 2163 Deum
1079 2107 1297 2161 Patrem
1333 2114 1578 2161 nostrum
1609 2107 1738 2160 dicit
1762 2116 1981 2176 propter
2017 2104 2127 2158 ori-

537 2204 716 2273 ginem
755 2210 1016 2265 nostram,
1069 2200 1159 2268 qui
1186 2201 1254 2253 ab
1292 2199 1406 2268 ipso
1433 2199 1599 2253 creati
1628 2212 1833 2260 sumus,
1882 2202 1938 2250 et
1965 2193 2123 2262 cujus

535 2307 637 2346 nos
678 2291 772 2345 ﬁlii
803 2306 988 2345 sumus
1015 2290 1321 2356 adoptione.
1354 2287 1421 2339 Et
1463 2286 1683 2339 Domino
1723 2286 1851 2338 Jesu
1892 2283 2120 2338 Christo.

537 2382 814 2436 Christum
855 2388 1035 2433 autem
1085 2380 1394 2441 Dominum,
1439 2378 1563 2446 quia
1597 2375 1713 2444 ejus
1747 2377 2008 2447 sanguine
2033 2392 2124 2431 re-

538 2472 739 2542 dempti
767 2486 953 2526 sumus
987 2469 1082 2523 ﬁlii
1123 2470 1236 2524 Dei.
1269 2469 1453 2524 Gratia
1486 2469 1628 2522 dicta
1666 2476 1747 2522 est
1776 2469 1843 2523 ab
1879 2468 2127 2537 ethymo—

540 2566 703 2637 logia,
735 2566 933 2634 gratim
955 2564 1098 2619 enim
1124 2564 1533 2634 interpretatur
1558 2561 1858 2632 plenitudo,
1887 2561 2029 2630 quod
2051 2561 2124 2614 si-

537 2655 758 2725 gniﬁcat
777 2655 1119 2716 charitatem,
1139 2655 1264 2724 quia
1285 2654 1564 2724 plenitudo
1591 2653 1725 2723 legis
1749 2653 1986 2713 charitas
2006 2659 2116 2707 est.

611 2742 870 2809 Primum,
892 2745 1098 2816 quidem
1120 2745 1320 2814 gratias
1351 2761 1448 2814 ago
1499 2744 1602 2798 Deo
1625 2760 1756 2798 meo.
1780 2743 1958 2797 Finita
1985 2758 2122 2815 prae-

533 2837 736 2894 fatione
765 2846 889 2892 ante
910 2839 1090 2893 omnia
1114 2838 1368 2907 gaudium
1413 2853 1568 2891 suum
1620 2845 1868 2900 testatur,
1910 2843 1970 2889 ut
1995 2844 2121 2905 pote

535 2931 778 3002 gentium
815 2929 1125 3000 Apostolus,
1174 2930 1319 2999 quod
1356 2944 1478 2984 cum
1509 2928 1737 2983 Romani
1797 2936 2027 2998 regnent
2063 2927 2117 2982 in

531 3023 755 3086 mundo,
789 3020 1133 3088 subjecerunt
1161 3035 1219 3075 se
1247 3021 1369 3075 ﬁdei
1409 3019 1729 3074 Christiana:
1763 3036 1776 3071 :
1805 3035 1931 3072 nam
1972 3017 2117 3073 fama

532 3111 660 3167 ﬁdei
702 3112 914 3167 illorum
941 3111 1217 3183 proiectus
1236 3121 1353 3166 erat
1379 3111 1690 3176 multorum,
1734 3111 1825 3180 qui
1863 3110 2117 3164 videbant

2237 572 2359 612 nem
2404 565 2606 611 terram
2634 558 2800 612 exivit
2843 556 3209 626 apostolorum
3243 559 3446 616 Christi
3472 566 3809 632 praedicatio.

2235 647 2418 701 Potest
2455 655 2635 701 tamen
2677 655 2732 702 et
2771 648 2845 702 ita
2875 647 3122 720 intelligi,
3166 650 3311 718 quod
3341 652 3473 707 ﬁdes
3519 654 3621 710 ista
3652 672 3814 726 quam

2235 737 2462 791 Romani
2489 739 2706 802 habent,
2733 739 2848 807 ipsa
2875 739 3171 808 eademque
3199 741 3288 806 sit,
3319 750 3374 796 et
3402 759 3508 798 non
3537 747 3667 814 alia,
3695 765 3814 818 qua:

2235 829 2290 883 in
2337 830 2585 883 universo
2646 830 2844 896 mundo
2880 831 3234 885 annuntiatur
3276 841 3332 888 et
3384 836 3641 904 creditur,
3693 856 3813 910 qua:

2197 971 2200 974 .
2235 933 2343 972 non
2368 919 2541 972 solum
2571 919 2623 972 in
2657 919 2836 982 terris,
2865 920 2959 974 sed
2985 929 3040 974 et
3063 920 3119 974 in
3145 920 3297 976 caelis
3327 925 3668 992 praedicatur.
3699 927 3813 982 Deo

2234 1026 2367 1063 meo.
2411 1010 2744 1066 Blandientis
2773 1012 2997 1068 aﬁ‘ectus
3030 1021 3134 1079 est,
3163 1015 3305 1082 quod
3333 1031 3672 1074 communem
3706 1022 3812 1077 Do-

2234 1101 2439 1154 minum
2476 1102 2739 1167 omnium,
2774 1103 2960 1173 gratim
2993 1104 3363 1174 magnitudine
3394 1122 3546 1161 suum
3575 1117 3628 1163 et
3655 1108 3811 1177 quasi

2231 1196 2508 1264 pr0prium
2549 1197 2781 1251 senserit
2827 1197 3018 1251 Deum.
3063 1197 3468 1253 Observandum
3511 1217 3642 1257 sane
3685 1213 3806 1270 est,

2233 1287 2354 1354 quia
2385 1286 2450 1340 ad
2482 1288 2584 1341 hoc
2609 1288 2752 1356 quod
2783 1287 2937 1354 dixit,
2972 1289 3197 1358 primum
3217 1291 3426 1359 quidem
3456 1295 3656 1360 gratias
3686 1312 3807 1364 ago,

2231 1393 2568 1447 consequens
2597 1387 2715 1432 erat
2754 1388 2814 1432 ut
2841 1380 3083 1434 diceret:
3115 1380 3380 1435 Secundo.
3413 1382 3519 1438 Sed
3553 1388 3803 1453 praedixi-

2230 1486 2352 1526 mus
2375 1473 2440 1526 de
2470 1473 2830 1526 locutionibus
2855 1473 3033 1527 minus
3064 1473 3249 1536 ﬁnitis,
3273 1475 3378 1529 nisi
3403 1475 3541 1531 forte
3565 1479 3812 1533 videatur

2231 1562 2286 1616 in
2315 1578 2379 1616 eo
2419 1563 2602 1629 reddi,
2642 1580 2765 1617 cum
2795 1564 2925 1619 dicit
2959 1582 2972 1620 :
3015 1564 3154 1619 Nolo
3200 1575 3372 1621 autem
3413 1568 3657 1637 ignorare
3699 1583 3806 1636 vos,

2231 1654 2441 1722 fratres.

2303 1745 2465 1800 Testis
2493 1748 2630 1800 enim
2657 1747 2784 1800 mihi
2807 1756 2884 1801 est
2908 1747 3048 1802 Deus
3076 1750 3160 1802 cui
3182 1749 3346 1803 servio
3371 1749 3427 1802 in
3455 1751 3642 1820 spiritu
3669 1767 3804 1805 meo.

2154 1822 2202 1882 Β
2230 1835 2288 1889 ln
2331 1836 2523 1905 spiritu
2558 1852 2698 1902 meo,
2729 1838 2922 1906 inquit,
2949 1853 3056 1893 non
3084 1838 3139 1893 in
3176 1839 3588 1894 circumcisione
3620 1857 3809 1895 manu-

2226 1928 2391 1993 facta,
2417 1944 2590 1997 neque
2630 1930 2684 1984 in
2710 1931 3010 1986 neomeniis
3033 1940 3088 1986 et
3116 1933 3364 1997 sabbato,
3402 1942 3457 1988 et
3482 1923 3808 1991 discretione

2225 2035 2495 2084 escarum,
2526 2021 2621 2074 sed
2651 2021 2705 2074 in
2735 2022 2929 2090 spiritu
2959 2036 3100 2086 meo,
3133 2022 3186 2076 id
3214 2031 3314 2086 est,
3348 2022 3402 2075 in
3437 2032 3654 2078 mente:
3682 2025 3807 2092 quia

2225 2111 2366 2163 enim
2414 2109 2558 2165 Deus
2589 2111 2810 2179 spiritus
2838 2119 2941 2176 est,
2981 2112 3172 2180 spiritu
3209 2111 3294 2166 vel
3321 2111 3500 2166 animo
3542 2113 3700 2167 debet
3730 2114 3806 2168 illi

2223 2201 2436 2254 serviri.
2468 2199 2535 2254 In
2577 2200 2840 2270 evangelio
2879 2199 3010 2254 Filii
3054 2202 3186 2270 ejus.
3218 2200 3329 2256 Hoc
3363 2212 3473 2267 est,
3504 2216 3612 2256 non
3655 2202 3712 2256 in
3742 2218 3806 2256 eo

2224 2289 2366 2360 quod
2392 2289 2600 2361 Moyses
2628 2305 2814 2345 servus
2839 2290 3080 2357 tradidit,
3106 2291 3199 2346 sed
3223 2291 3277 2346 in
3303 2306 3368 2346 eo
3398 2291 3542 2361 quod
3568 2292 3808 2348 dilectis-

2223 2383 2391 2436 simus
2414 2380 2579 2435 Filius
2607 2381 2808 2436 docuit.

2295 2471 2448 2536 Quod
2484 2471 2594 2525 sine
2637 2472 3020 2526 intermissione
3058 2473 3367 2528 mentionem
3411 2475 3566 2529 vestri
3612 2475 3806 2544 faciam

2222 2562 2277 2614 in
2306 2560 2546 2614 omnibus
2589 2560 2914 2615 orationibus
2949 2563 3095 2618 meis.
3127 2563 3268 2618 Dicit
3293 2563 3621 2632 Apostolus:
3657 2565 3806 2621 Sem-

2221 2665 2314 2720 per
2341 2649 2582 2720 gaudete,
2607 2651 2716 2704 sine
2744 2651 3125 2708 intermissione
3152 2665 3314 2708 orate.
3342 2655 3474 2721 Quis
3497 2663 3678 2712 autem
3709 2672 3804 2728 p0-

2223 2746 2328 2793 test
2363 2738 2439 2793 ita
2468 2752 2681 2809 semper
2720 2754 2901 2807 orare,
2930 2749 2984 2796 et
3011 2742 3128 2798 sine
3169 2742 3383 2799 defectu
3409 2743 3495 2799 vel
3529 2745 3803 2801 intermis-

2220 2829 2373 2885 sione
2399 2831 2652 2899 precibus
2683 2831 2958 2899 insistere,
2987 2843 3046 2888 ut
3075 2849 3176 2889 nec
3202 2835 3472 2891 alimentis
3499 2837 3797 2902 sumendis,

2220 2930 2313 2976 aut
2347 2922 2646 2977 dormiendi
2689 2929 2900 2992 tempus
2939 2924 3172 2978 habeat?
3198 2924 3307 2978 Aut
3344 2940 3472 2997 ergo
3511 2925 3801 2981 dicendum

2219 3020 2321 3078 est,
2345 3028 2468 3068 eum
2495 3028 2707 3083 semper
2728 3029 2888 3070 orare
2911 3022 2965 3070 et
2992 3030 3095 3071 non
3125 3015 3375 3083 deﬁcere,
3403 3017 3494 3072 o‘ui
3517 3017 3800 3073 canonicis

2217 3103 2550 3159 orationibus
2576 3105 2817 3174 quotidie
2839 3106 2994 3176 juxta
3023 3107 3188 3162 ritum
3219 3108 3606 3163 ecclesiasticae
3635 3108 3799 3164 tradi-

530 3204 805 3275 principes
845 3219 971 3258 suos
999 3202 1170 3258 factos
1208 3220 1330 3258 esse
1355 3202 1709 3258 Christianos.
1737 3201 1950 3257 Gratias
1985 3216 2116 3271 ergo
2145 3174 2188 3237 C
2222 3197 2398 3260 tionis,
2436 3197 2770 3266 psalmodiis,
2813 3199 3170 3267 precibusque
3202 3200 3474 3255 consuetis
3514 3199 3800 3256 Dominum

532 3309 594 3350 se
645 3294 775 3348 dicit
843 3295 953 3348 Deo
1023 3310 1119 3348 suo
1169 3309 1327 3364 agere
1387 3294 1684 3358 duntaxat,
1750 3294 1878 3362 quia
1938 3293 2116 3347 adhuc

531 3383 746 3438 illorum
781 3399 888 3438 non
909 3393 1027 3439 erat
1051 3385 1224 3454 plene.
1271 3385 1380 3438 Deo
1429 3402 1561 3438 meo.
1607 3383 1807 3438 Natura
1831 3385 1972 3437 Deus
1999 3398 2115 3437 om-

531 3477 681 3531 nium
713 3484 816 3543 est,
850 3478 1046 3532 merito
1065 3485 1119 3531 et
1139 3478 1414 3531 voluntate
1443 3491 1756 3545 paucorum,
1777 3483 1838 3529 ut
1863 3483 1946 3531 est
1972 3475 2113 3529 Deus

529 3568 825 3633 Abraham,
855 3569 1152 3622 secundum
1189 3568 1331 3636 quod
1354 3569 1442 3622 hic
1463 3583 1619 3621 suum
1650 3566 1893 3620 nominat
1921 3567 2109 3620 Deum.

531 3659 713 3714 Prima
742 3675 847 3714 vox
885 3660 1078 3728 incipit
1101 3676 1131 3712 a
1164 3659 1463 3730 gratiarum
1489 3659 1728 3724 actione;
1770 3658 1880 3729 agit
1921 3665 2102 3711 autem

531 3755 644 3809 Deo
665 3755 866 3825 gratias
884 3769 983 3824 per
1009 3753 1303 3819 Christum,
1326 3753 1793 3822 velutpontiﬁcem
1817 3767 2068 3822 magnum
2095 3769 2108 3805 :

534 3853 750 3915 Oportet
765 3845 908 3898 enim
936 3845 1077 3899 scire
1097 3860 1238 3908 eum,
1272 3844 1364 3913 qui
1388 3843 1503 3897 vult
1530 3842 1728 3896 offerre
1775 3840 2105 3895 sacriﬁcium

537 3935 670 4000 Deo,
697 3935 839 4005 quod
862 3949 958 4003 per
984 3949 1176 3988 manus
1201 3933 1474 4004 pontiﬁcis
1494 3931 1654 3986 debet
1681 3929 1897 3985 oﬁ'erre.
1930 3927 2039 3982 Sed
2058 3937 2111 3981 ct

529 4029 634 4084 hoc
677 4029 819 4098 quod
850 4028 1022 4082 dixit:
1057 4027 1167 4082 Deo
1199 4044 1332 4092 meo,
1374 4041 1481 4080 non
1519 4033 1602 4080 est
1629 4024 1801 4079 otiose
1846 4020 2114 4089 accipien-

527 4119 653 4173 dum
681 4138 692 4172 :
720 4135 826 4173 non
851 4118 994 4173 enim
1019 4133 1121 4172 vox
1147 4119 1250 4173 ista
1276 4125 1452 4187 potest
1478 4131 1620 4181 esse,
1645 4115 1749 4169 nisi
1775 4120 2110 4177 sanctorum,

528 4225 759 4280 quorum
787 4209 929 4265 Deus
949 4209 1168 4274 dicitur,
1195 4209 1334 4263 sicut
1356 4209 1498 4262 Deus
1517 4206 1810 4270 Abraham,
1829 4204 1914 4259 vel
1937 4202 2109 4268 Isaac,

525 4299 609 4352 vel
654 4296 850 4364 Iacob;
880 4314 988 4351 non
1027 4298 1171 4352 enim
1199 4305 1378 4366 potest
1415 4297 1583 4351 Deum
1628 4310 1784 4349 suum
1813 4293 1994 4349 dicere
2039 4292 2108 4357 is,

523 4390 610 4443 cui
638 4398 832 4444 venter
858 4390 997 4443 Deus
1044 4397 1145 4453 est,
1172 4397 1264 4441 aut
1291 4388 1377 4442 cui
1415 4387 1582 4457 gloria
1625 4385 1805 4441 sreculi
1833 4394 1886 4440 et
1915 4398 2110 4455 pompa

524 4480 818 4544 mundana,
847 4487 940 4532 aut
965 4478 1208 4549 potentia
1252 4493 1433 4533 rerum
1465 4479 1791 4533 caducarum
1837 4477 1977 4530 Deus
2004 4483 2106 4529 est.

522 4568 794 4639 Quidquid
841 4571 1211 4639 unusquisque
1251 4585 1408 4639 supra
1458 4577 1656 4624 caetera
1702 4569 1864 4630 colit,
1896 4567 1998 4620 hoc
2028 4564 2104 4618 illi

521 4660 665 4714 Deus
703 4668 806 4714 est.
841 4659 946 4715 Sed
975 4661 1252 4714 videamus
1293 4660 1508 4729 quidem
1546 4673 1642 4728 pro
1671 4673 1778 4727 quo
1817 4655 2106 4725 Apostolus

521 4751 723 4821 gratias
749 4760 873 4822 agat
903 4752 1010 4806 Deo
1059 4767 1176 4806 suo.
1215 4750 1505 4816 Quoniam,
1537 4750 1730 4817 inquit,
1758 4748 1888 4817 ﬁdes
1937 4757 2106 4801 vestra

521 4845 868 4898 annuntiatur
896 4845 951 4896 in
981 4844 1217 4898 universo
1248 4841 1465 4894 mundo.
1513 4839 1569 4894 Si
1601 4839 1918 4909 simpliciter
1958 4839 2104 4893 acci-

519 4935 762 5006 piamus,
811 4935 917 4989 hoc
964 4934 1179 4988 videtur
1231 4931 1512 5001 designare
1559 4930 1703 4999 quod
1753 4929 1937 4983 multis
1971 4929 2104 4984 locis

423 5066 428 5070 .
519 5024 727 5090 mundi,
757 5025 862 5080 hoc
889 5032 991 5089 est,
1024 5031 1204 5087 terrm,
1235 5035 1421 5074 eorum
1449 5020 1539 5089 qui
1571 5020 1753 5073 Romae
1796 5027 1922 5107 sunt
1968 5019 2102 5076 ﬁdes

517 5120 574 5167 et
599 5114 786 5185 religio
833 5113 1177 5184 praedicetur.
1213 5109 1270 5164 Si
1307 5124 1436 5164 vero
1471 5109 1526 5163 in
1557 5110 1659 5163 hoc
1703 5109 1822 5163 loco
1868 5110 2102 5167 mundus

517 5202 828 5277 designatur
852 5204 945 5273 qui
968 5218 1032 5257 ex
1061 5201 1199 5258 coelo
1235 5208 1446 5255 constat
1467 5209 1523 5256 et
1552 5209 1697 5256 terra
1738 5200 2101 5273 omnibusque

516 5308 638 5362 qua:
678 5294 732 5347 in
777 5293 854 5346 eis
894 5299 1054 5356 sunt,
1096 5298 1274 5361 potest
1304 5289 1468 5344 etiam
1500 5290 1628 5346 illud
1659 5291 1914 5360 intelligi,
1957 5291 2100 5362 quod

517 5383 760 5438 Virtutes
805 5383 871 5436 de
916 5383 1112 5450 quibus
1148 5381 1362 5448 dicitur,
1407 5385 1534 5452 quia
1579 5383 1831 5454 gaudium
1875 5383 2099 5436 habeant

516 5488 671 5542 super
713 5487 819 5526 uno
860 5481 1130 5542 peccatore
1178 5474 1533 5544 ptenitentiam
1581 5483 1763 5545 agente
1809 5473 1960 5544 (Luc.
1985 5473 2100 5546 xv),

517 5559 687 5615 multo
715 5562 886 5633 magis
910 5563 978 5618 de
1005 5566 1418 5621 conversatione
1443 5574 1500 5621 et
1525 5565 1631 5622 ﬁde
1659 5580 1873 5638 quoque
1904 5566 2103 5621 Roma-

517 5666 710 5706 norum
739 5652 1012 5722 laetantur,
1037 5659 1414 5713 nuntiantibus
1435 5660 1535 5714 sibi
1552 5658 1778 5730 angelis,
1795 5659 1886 5727 qui
1916 5673 2101 5713 ascen-

518 5744 654 5800 dunt
681 5755 737 5803 et
761 5747 1092 5818 descendunt
1121 5754 1185 5809 ad
1214 5754 1432 5825 Filium.
1452 5756 1706 5821 hominis,
1744 5763 1797 5809 ct
1828 5755 1924 5825 ipsi
1958 5757 2101 5812 enim

2134 4529 2188 4590 D

2215 3293 2436 3347 laudare
2478 3301 2534 3346 et
2589 3307 2782 3363 rogare
2823 3307 2931 3347 non
2979 3292 3208 3348 desistit.
3263 3293 3331 3346 Et
3379 3293 3485 3348 hoc
3529 3302 3614 3349 est
3658 3293 3802 3363 quod

2214 3383 2501 3438 Psalmista
2546 3383 2805 3438 dicebat:
2849 3382 3162 3438 Benedicam
3214 3381 3499 3438 Dominum
3550 3384 3608 3436 in
3655 3381 3801 3436 omni

2214 3488 2458 3546 tempore,
2487 3494 2688 3547 semper
2715 3477 2832 3532 laus
2862 3477 2973 3547 ejus
3007 3478 3062 3531 in
3096 3493 3184 3530 ore
3211 3493 3324 3530 meo
3369 3474 3544 3545 (Psal.
3575 3473 3797 3546 xxxm).

2212 3569 2319 3623 Aut
2345 3577 2492 3625 certe
2519 3570 2702 3624 omnia
2750 3585 2870 3640 quae
2891 3569 3072 3638 justus
3100 3568 3396 3624 secundum
3439 3567 3610 3622 Deum
3660 3565 3802 3637 gerit

2213 3672 2268 3720 et
2297 3663 2446 3730 dicit,
2487 3663 2556 3718 ad
2603 3663 2907 3718 orationem
2949 3677 3070 3718 esse
3114 3660 3408 3731 reputanda
3452 3677 3464 3714 :
3513 3658 3606 3730 qui
3651 3657 3796 3712 enim

2206 3756 2386 3826 justus
2414 3766 2516 3824 est,
2546 3757 2663 3812 sine
2705 3756 3105 3813 intermissione
3149 3769 3267 3823 quae
3289 3751 3437 3822 justa
3486 3760 3612 3806 sunt
3654 3749 3798 3820 agit,

2211 3862 2310 3914 per
2356 3849 2458 3902 hoc
2503 3848 2618 3902 sine
2665 3847 3067 3902 intermissione
3090 3843 3272 3913 justus
3317 3842 3524 3908 orabit,
3553 3855 3654 3896 nec
3697 3855 3796 3894 un-

2213 3949 2377 4002 quam
2424 3935 2491 3990 ab
2546 3935 2792 3988 oratione
2837 3933 3108 3996 cessabit,
3165 3931 3279 3986 sive
3326 3930 3505 4000 justus
3550 3943 3670 3983 esse
3701 3928 3796 3983 de-

2215 4023 2391 4078 sistet.

2287 4114 2599 4179 Obsecrans,
2643 4113 2688 4167 si
2724 4113 3004 4184 quomodo.
3035 4111 3094 4166 1d
3127 4119 3244 4176 est,
3289 4109 3468 4181 aliqua
3497 4126 3676 4176 causa,
3708 4111 3794 4167 vel

2215 4205 2452 4276 qualibet
2481 4205 2767 4260 occasione
2793 4204 2876 4258 vel
2913 4204 3141 4257 ratione.
3171 4201 3356 4271 Itaque
3389 4201 3650 4257 voluntati
3676 4203 3796 4274 ejus

2215 4298 2354 4352 sicut
2382 4297 2593 4352 occasio
2621 4297 2744 4350 data
2785 4303 2896 4359 est,
2938 4304 2997 4349 ut
3028 4302 3249 4348 coactus
3289 4293 3586 4364 appellaret
3623 4295 3796 4350 Caesa-

2214 4404 2348 4450 rem,
2385 4388 2463 4441 sic
2504 4387 2764 4454 dirigetur
2803 4400 2868 4438 ex
2902 4385 3082 4454 aliqua
3114 4399 3298 4448 causa,
3333 4384 3443 4439 Deo
3473 4384 3702 4449 volente,
3735 4393 3794 4438 ut

2215 4478 2462 4546 impleret
2519 4477 2855 4547 pr0positum
2908 4476 3200 4531 voluntatis
3264 4491 3393 4530 suae.
3449 4474 3691 4545 Denique
3737 4475 3794 4530 in

2213 4565 2494 4637 naufragio
2537 4567 2713 4637 posito
2752 4565 2926 4621 astitit
2967 4565 3247 4630 Dominus,
3290 4566 3476 4621 dicens
3509 4583 3523 4620 :
3556 4564 3685 4619 Noli
3722 4564 3792 4618 ti-

2210 4676 2382 4724 mere,
2427 4660 2560 4713 sicut
2596 4661 2732 4713 enim
2776 4658 3084 4728 testiﬁcatus
3116 4675 3168 4712 es
3212 4659 3266 4711 in
3307 4656 3685 4728 Hierosolymis
3730 4657 3794 4712 de

2209 4768 2313 4816 me,
2353 4753 2428 4804 ita
2462 4760 2509 4806 et
2545 4751 2744 4806 Romw.
2790 4753 3079 4808 Videamus
3120 4760 3298 4806 autem
3347 4750 3490 4820 quod
3521 4750 3670 4815 dicit,
3707 4749 3793 4803 cui

2208 4844 2375 4897 servio
2407 4845 2462 4897 in
2488 4845 2671 4915 spiritu
2704 4860 2835 4897 meo.
2869 4843 3087 4898 Servire
3111 4843 3166 4896 in
3200 4843 3416 4912 spiritu,
3448 4842 3624 4898 simile
3657 4841 3790 4895 mihi

2207 4932 2423 4988 videtur
2450 4949 2592 4998 esse,
2626 4933 2734 4988 imo
2760 4940 2816 4988 et
2856 4933 3086 5002 amplius
3129 4933 3345 5003 aliquod
3373 4948 3531 5001 quam
3562 4930 3792 4984 adorare

2211 5028 2264 5082 in
2293 5028 2516 5098 spiritu;
2544 5042 2668 5080 nam
2705 5026 2932 5080 adorare
2959 5025 3081 5094 quis
3106 5017 3283 5094 potest
3307 5023 3422 5078 sine
3449 5019 3667 5086 aﬂ'ectu,
3699 5021 3790 5076 de-

2211 5119 2414 5174 servire
2440 5134 2572 5173 vero
2598 5116 2715 5185 ejus
2743 5125 2848 5183 est,
2873 5133 3034 5187 quem
3066 5116 3386 5183 constringit
3414 5112 3657 5167 aﬁ‘ectus.
3687 5113 3792 5169 De-

2210 5208 2377 5263 servit
2411 5222 2540 5277 ergo
2567 5207 2855 5278 Apostolus
2886 5207 2999 5262 Deo
3033 5220 3139 5259 non
3170 5217 3413 5271 corpore,
3444 5217 3545 5257 nec
3583 5203 3787 5271 anima,

2211 5299 2305 5352 sed
2335 5299 2556 5353 meliore
2588 5300 2668 5354 sui
2695 5307 2868 5370 parte,
2899 5298 2952 5353 id
2983 5305 3083 5360 est,
3118 5295 3332 5365 spiritu.
3363 5294 3488 5351 Haec
3514 5296 3657 5352 enim
3684 5298 3789 5352 tria

2207 5404 2330 5444 esse
2368 5389 2422 5444 in
2466 5391 2682 5446 homine
2727 5392 2971 5460 designat
3009 5388 3077 5444 ad
3117 5387 3626 5442 Thessalonicenses
3656 5387 3790 5442 scri-

2205 5482 2362 5548 bens,
2400 5498 2521 5536 cum
2571 5483 2703 5537 dicit
2739 5497 2752 5534 :
2790 5479 2857 5534 Ut
2903 5483 3164 5552 integrum
3199 5496 3386 5550 corpus
3421 5487 3690 5544 nostrum,
3737 5487 3787 5533 et

2208 5573 2406 5637 anima,
2437 5581 2485 5626 et
2517 5573 2750 5642 spiritus,
2792 5573 2847 5624 in
2876 5572 2960 5624 die
2991 5572 3206 5625 Domini
3238 5572 3403 5624 nostri
3432 5570 3562 5625 Jesu
3590 5568 3788 5625 Christi

2204 5674 2454 5718 servetur.
2482 5665 2546 5718 Et
2575 5664 2760 5718 Daniel
2792 5664 2923 5719 dicit
2947 5683 2958 5716 :
2995 5663 3256 5727 Laudate,
3287 5665 3501 5734 spiritus
3524 5672 3571 5718 et
3594 5665 3786 5717 animm

2207 5758 2486 5822 iustorum,
2510 5754 2805 5808 Dominum.
2837 5751 3142 5814 Prosperum
3167 5754 3266 5808 iter
3286 5754 3503 5808 habeam
3527 5754 3583 5808 in
3604 5751 3786 5808 volun-
