  <div class='ocr_page' id='page_1' title='image "/cluster/home/n/w/nwhite01/storage/ocr_20150623/103/hvd.32044015466816/014.png"; bbox 0 0 4108 6334; ppageno 0'>
   <div class='ocr_carea' id='block_1_1' title="bbox 280 322 3544 453">
    <p class='ocr_par' dir='ltr' id='par_1_1' title="bbox 280 322 3544 453">
     <span class='ocr_line' id='line_1_1' title="bbox 280 322 3544 453; baseline 0 -23"><span class='ocrx_word' id='word_1_1' title='bbox 280 362 353 419; x_wconf 73' lang='lat'><strong>47</strong></span> <span class='ocrx_word' id='word_1_2' title='bbox 1371 322 1700 431; x_wconf 66' lang='lat' dir='ltr'><strong>comm</strong></span> <span class='ocrx_word' id='word_1_3' title='bbox 1742 323 1809 430; x_wconf 74' lang='lat' dir='ltr'><strong>in</strong></span> <span class='ocrx_word' id='word_1_4' title='bbox 1848 370 2063 429; x_wconf 85' lang='lat' dir='ltr'><strong>EPIST.</strong></span> <span class='ocrx_word' id='word_1_5' title='bbox 2105 371 2196 429; x_wconf 77' lang='lat' dir='ltr'><strong>AD</strong></span> <span class='ocrx_word' id='word_1_6' title='bbox 2232 372 2396 433; x_wconf 74' lang='lat' dir='ltr'><strong>non.</strong></span> <span class='ocrx_word' id='word_1_7' title='bbox 3479 389 3544 453; x_wconf 68' lang='grc' dir='ltr'><strong>,ε</strong></span> 
     </span>
    </p>
   </div>
   <div class='ocr_carea' id='block_1_2' title="bbox 278 464 3541 584">
    <p class='ocr_par' dir='ltr' id='par_1_2' title="bbox 278 464 3541 584">
     <span class='ocr_line' id='line_1_2' title="bbox 278 464 3541 584; baseline 0.011 -49"><span class='ocrx_word' id='word_1_8' title='bbox 278 489 391 536; x_wconf 72' lang='lat' dir='ltr'><strong>tate</strong></span> <span class='ocrx_word' id='word_1_9' title='bbox 414 475 512 536; x_wconf 88' lang='lat' dir='ltr'><strong>Dei</strong></span> <span class='ocrx_word' id='word_1_10' title='bbox 549 477 785 540; x_wconf 83' lang='lat' dir='ltr'><strong>veniendi</strong></span> <span class='ocrx_word' id='word_1_11' title='bbox 812 482 881 541; x_wconf 91' lang='lat' dir='ltr'><strong>ad</strong></span> <span class='ocrx_word' id='word_1_12' title='bbox 915 500 1021 543; x_wconf 81' lang='lat' dir='ltr'><strong>vos.</strong></span> <span class='ocrx_word' id='word_1_13' title='bbox 1063 484 1201 544; x_wconf 88' lang='lat' dir='ltr'><strong>Puto</strong></span> <span class='ocrx_word' id='word_1_14' title='bbox 1224 492 1368 560; x_wconf 89' lang='lat' dir='ltr'><strong>quod</strong></span> <span class='ocrx_word' id='word_1_15' title='bbox 1411 494 1577 548; x_wconf 86' lang='lat' dir='ltr'><strong>etiam</strong></span> <span class='ocrx_word' id='word_1_16' title='bbox 1620 495 1725 549; x_wconf 90' lang='lat' dir='ltr'><strong>hoc</strong></span> <span class='ocrx_word' id='word_1_17' title='bbox 1751 490 1865 546; x_wconf 92' lang='lat' dir='ltr'><strong>vult</strong></span> <span class='ocrx_word' id='word_1_18' title='bbox 1890 493 2267 550; x_wconf 79' lang='lat' dir='ltr'><strong>Aostenditur</strong></span> <span class='ocrx_word' id='word_1_19' title='bbox 2306 508 2403 563; x_wconf 89' lang='lat' dir='ltr'><strong>per</strong></span> <span class='ocrx_word' id='word_1_20' title='bbox 2442 488 2544 550; x_wconf 81' lang='lat' dir='ltr'><strong>hoc</strong></span> <span class='ocrx_word' id='word_1_21' title='bbox 2585 490 2637 552; x_wconf 97' lang='lat' dir='ltr'><strong>id</strong></span> <span class='ocrx_word' id='word_1_22' title='bbox 2674 492 2839 554; x_wconf 87' lang='lat' dir='ltr'><strong>etiam</strong></span> <span class='ocrx_word' id='word_1_23' title='bbox 2886 515 3029 559; x_wconf 80' lang='lat' dir='ltr'><strong>curae</strong></span> <span class='ocrx_word' id='word_1_24' title='bbox 3070 498 3182 561; x_wconf 86' lang='lat' dir='ltr'><strong>Deo</strong></span> <span class='ocrx_word' id='word_1_25' title='bbox 3224 507 3390 567; x_wconf 83' lang='lat' dir='ltr'><strong>fuisse</strong></span> <span class='ocrx_word' id='word_1_26' title='bbox 3430 528 3541 584; x_wconf 87' lang='lat' dir='ltr'><strong>quo</strong></span> 
     </span>
    </p>
   </div>
   <div class='ocr_carea' id='block_1_3' title="bbox 287 570 1864 653">
    <p class='ocr_par' dir='ltr' id='par_1_3' title="bbox 287 570 1864 653">
     <span class='ocr_line' id='line_1_3' title="bbox 287 570 1864 653; baseline 0.007 -26"><span class='ocrx_word' id='word_1_27' title='bbox 287 570 542 644; x_wconf 89' lang='lat' dir='ltr'><strong>intelligi,</strong></span> <span class='ocrx_word' id='word_1_28' title='bbox 581 577 707 645; x_wconf 88' lang='lat' dir='ltr'><strong>quia</strong></span> <span class='ocrx_word' id='word_1_29' title='bbox 738 593 846 634; x_wconf 90' lang='lat' dir='ltr'><strong>non</strong></span> <span class='ocrx_word' id='word_1_30' title='bbox 883 596 1097 651; x_wconf 85' lang='lat' dir='ltr'><strong>semper</strong></span> <span class='ocrx_word' id='word_1_31' title='bbox 1139 582 1352 638; x_wconf 80' lang='lat' dir='ltr'><strong>itineris</strong></span> <span class='ocrx_word' id='word_1_32' title='bbox 1392 585 1725 653; x_wconf 77' lang='lat' dir='ltr'><strong>prosperitas</strong></span> <span class='ocrx_word' id='word_1_33' title='bbox 1767 583 1864 638; x_wconf 86' lang='lat' dir='ltr'><strong>Dei</strong></span> 
     </span>
    </p>
   </div>
   <div class='ocr_carea' id='block_1_4' title="bbox 288 664 1866 745">
    <p class='ocr_par' dir='ltr' id='par_1_4' title="bbox 288 664 1866 745">
     <span class='ocr_line' id='line_1_4' title="bbox 288 664 1866 745; baseline 0.008 -27"><span class='ocrx_word' id='word_1_34' title='bbox 288 664 559 722; x_wconf 74' lang='lat' dir='ltr'><strong>voluntate</strong></span> <span class='ocrx_word' id='word_1_35' title='bbox 587 669 884 739; x_wconf 85' lang='lat' dir='ltr'><strong>perﬁcitur.</strong></span> <span class='ocrx_word' id='word_1_36' title='bbox 912 672 1155 745; x_wconf 82' lang='lat' dir='ltr'><strong>Denique</strong></span> <span class='ocrx_word' id='word_1_37' title='bbox 1188 683 1245 729; x_wconf 86' lang='lat' dir='ltr'><strong>et</strong></span> <span class='ocrx_word' id='word_1_38' title='bbox 1269 675 1490 730; x_wconf 84' lang='lat' dir='ltr'><strong>Balaam</strong></span> <span class='ocrx_word' id='word_1_39' title='bbox 1531 675 1637 730; x_wconf 87' lang='lat' dir='ltr'><strong>iter</strong></span> <span class='ocrx_word' id='word_1_40' title='bbox 1675 675 1866 730; x_wconf 83' lang='lat' dir='ltr'><strong>habuit</strong></span> 
     </span>
    </p>
   </div>
   <div class='ocr_carea' id='block_1_5' title="bbox 285 763 1863 838">
    <p class='ocr_par' dir='ltr' id='par_1_5' title="bbox 285 763 1863 838">
     <span class='ocr_line' id='line_1_5' title="bbox 285 763 1863 838; baseline 0.006 -27"><span class='ocrx_word' id='word_1_41' title='bbox 285 769 601 827; x_wconf 87' lang='lat' dir='ltr'><strong>prosperum</strong></span> <span class='ocrx_word' id='word_1_42' title='bbox 639 763 801 817; x_wconf 89' lang='lat' dir='ltr'><strong>eundi</strong></span> <span class='ocrx_word' id='word_1_43' title='bbox 830 765 898 819; x_wconf 89' lang='lat' dir='ltr'><strong>ad</strong></span> <span class='ocrx_word' id='word_1_44' title='bbox 921 764 1101 832; x_wconf 88' lang='lat' dir='ltr'><strong>Balac,</strong></span> <span class='ocrx_word' id='word_1_45' title='bbox 1126 775 1188 822; x_wconf 89' lang='lat' dir='ltr'><strong>ut</strong></span> <span class='ocrx_word' id='word_1_46' title='bbox 1221 768 1567 823; x_wconf 87' lang='lat' dir='ltr'><strong>malediceret</strong></span> <span class='ocrx_word' id='word_1_47' title='bbox 1605 765 1863 838; x_wconf 90' lang='lat' dir='ltr'><strong>populum</strong></span> 
     </span>
    </p>
   </div>
   <div class='ocr_carea' id='block_1_6' title="bbox 282 845 1862 930">
    <p class='ocr_par' dir='ltr' id='par_1_6' title="bbox 282 845 1862 930">
     <span class='ocr_line' id='line_1_6' title="bbox 282 845 1862 930; baseline 0.009 -29"><span class='ocrx_word' id='word_1_48' title='bbox 282 845 478 915; x_wconf 80' lang='lat' dir='ltr'><strong>Israel,</strong></span> <span class='ocrx_word' id='word_1_49' title='bbox 510 850 607 906; x_wconf 89' lang='lat' dir='ltr'><strong>sed</strong></span> <span class='ocrx_word' id='word_1_50' title='bbox 644 867 752 907; x_wconf 90' lang='lat' dir='ltr'><strong>non</strong></span> <span class='ocrx_word' id='word_1_51' title='bbox 766 854 902 910; x_wconf 69' lang='lat' dir='ltr'><strong>ofuit</strong></span> <span class='ocrx_word' id='word_1_52' title='bbox 938 856 1026 912; x_wconf 90' lang='lat' dir='ltr'><strong>illa</strong></span> <span class='ocrx_word' id='word_1_53' title='bbox 1065 874 1132 914; x_wconf 82' lang='lat' dir='ltr'><strong>ex</strong></span> <span class='ocrx_word' id='word_1_54' title='bbox 1166 859 1441 915; x_wconf 81' lang='lat' dir='ltr'><strong>voluntate</strong></span> <span class='ocrx_word' id='word_1_55' title='bbox 1490 860 1588 914; x_wconf 87' lang='lat' dir='ltr'><strong>Dei</strong></span> <span class='ocrx_word' id='word_1_56' title='bbox 1632 874 1862 930; x_wconf 90' lang='lat' dir='ltr'><strong>prospe-</strong></span> 
     </span>
    </p>
   </div>
   <div class='ocr_carea' id='block_1_7' title="bbox 282 939 1862 1023">
    <p class='ocr_par' dir='ltr' id='par_1_7' title="bbox 282 939 1862 1023">
     <span class='ocr_line' id='line_1_7' title="bbox 282 939 1862 1023; baseline 0.008 -29"><span class='ocrx_word' id='word_1_57' title='bbox 282 939 451 1007; x_wconf 84' lang='lat' dir='ltr'><strong>ritas;</strong></span> <span class='ocrx_word' id='word_1_58' title='bbox 502 950 559 999; x_wconf 87' lang='lat' dir='ltr'><strong>et</strong></span> <span class='ocrx_word' id='word_1_59' title='bbox 609 945 767 1002; x_wconf 87' lang='lat' dir='ltr'><strong>multi</strong></span> <span class='ocrx_word' id='word_1_60' title='bbox 814 948 871 1004; x_wconf 91' lang='lat' dir='ltr'><strong>in</strong></span> <span class='ocrx_word' id='word_1_61' title='bbox 912 949 1075 1006; x_wconf 87' lang='lat' dir='ltr'><strong>rebus</strong></span> <span class='ocrx_word' id='word_1_62' title='bbox 1134 952 1317 1007; x_wconf 81' lang='lat' dir='ltr'><strong>saeculi</strong></span> <span class='ocrx_word' id='word_1_63' title='bbox 1377 952 1652 1023; x_wconf 88' lang='lat' dir='ltr'><strong>prosperis</strong></span> <span class='ocrx_word' id='word_1_64' title='bbox 1703 959 1862 1006; x_wconf 89' lang='lat' dir='ltr'><strong>utun-</strong></span> 
     </span>
    </p>
   </div>
   <div class='ocr_carea' id='block_1_8' title="bbox 282 1037 1863 1114">
    <p class='ocr_par' dir='ltr' id='par_1_8' title="bbox 282 1037 1863 1114">
     <span class='ocr_line' id='line_1_8' title="bbox 282 1037 1863 1114; baseline 0.007 -28"><span class='ocrx_word' id='word_1_65' title='bbox 282 1037 371 1086; x_wconf 87' lang='lat' dir='ltr'><strong>tur</strong></span> <span class='ocrx_word' id='word_1_66' title='bbox 424 1037 766 1093; x_wconf 85' lang='lat' dir='ltr'><strong>successibus</strong></span> <span class='ocrx_word' id='word_1_67' title='bbox 788 1078 806 1106; x_wconf 93' lang='lat'><strong>,</strong></span> <span class='ocrx_word' id='word_1_68' title='bbox 858 1047 915 1095; x_wconf 89' lang='lat' dir='ltr'><strong>et</strong></span> <span class='ocrx_word' id='word_1_69' title='bbox 969 1040 1244 1097; x_wconf 78' lang='lat' dir='ltr'><strong>exsultant</strong></span> <span class='ocrx_word' id='word_1_70' title='bbox 1294 1042 1350 1096; x_wconf 91' lang='lat' dir='ltr'><strong>in</strong></span> <span class='ocrx_word' id='word_1_71' title='bbox 1412 1041 1863 1114; x_wconf 88' lang='lat' dir='ltr'><strong>prosperitatibus</strong></span> 
     </span>
    </p>
   </div>
   <div class='ocr_carea' id='block_1_9' title="bbox 279 1123 1865 1205">
    <p class='ocr_par' dir='ltr' id='par_1_9' title="bbox 279 1123 1865 1205">
     <span class='ocr_line' id='line_1_9' title="bbox 279 1123 1865 1205; baseline 0.008 -29"><span class='ocrx_word' id='word_1_72' title='bbox 279 1123 423 1191; x_wconf 88' lang='lat' dir='ltr'><strong>suis,</strong></span> <span class='ocrx_word' id='word_1_73' title='bbox 465 1125 560 1181; x_wconf 89' lang='lat' dir='ltr'><strong>sed</strong></span> <span class='ocrx_word' id='word_1_74' title='bbox 614 1141 724 1184; x_wconf 89' lang='lat' dir='ltr'><strong>non</strong></span> <span class='ocrx_word' id='word_1_75' title='bbox 772 1136 857 1186; x_wconf 88' lang='lat' dir='ltr'><strong>est</strong></span> <span class='ocrx_word' id='word_1_76' title='bbox 910 1130 1034 1189; x_wconf 84' lang='lat' dir='ltr'><strong>talis</strong></span> <span class='ocrx_word' id='word_1_77' title='bbox 1092 1132 1425 1205; x_wconf 87' lang='lat' dir='ltr'><strong>prosperitas</strong></span> <span class='ocrx_word' id='word_1_78' title='bbox 1470 1147 1540 1189; x_wconf 78' lang='lat' dir='ltr'><strong>ex</strong></span> <span class='ocrx_word' id='word_1_79' title='bbox 1586 1131 1865 1189; x_wconf 81' lang='lat' dir='ltr'><strong>voluntate</strong></span> 
     </span>
    </p>
   </div>
   <div class='ocr_carea' id='block_1_10' title="bbox 279 1211 1769 1293">
    <p class='ocr_par' dir='ltr' id='par_1_10' title="bbox 279 1211 1769 1293">
     <span class='ocr_line' id='line_1_10' title="bbox 279 1211 1769 1293; baseline 0.017 -26"><span class='ocrx_word' id='word_1_80' title='bbox 279 1211 399 1269; x_wconf 89' lang='lat' dir='ltr'><strong>Dei.</strong></span> <span class='ocrx_word' id='word_1_81' title='bbox 1762 1286 1769 1293; x_wconf 94' lang='lat'><strong>.</strong></span> 
     </span>
    </p>
   </div>
   <div class='ocr_carea' id='block_1_11' title="bbox 347 1302 1863 1385">
    <p class='ocr_par' dir='ltr' id='par_1_11' title="bbox 347 1302 1863 1385">
     <span class='ocr_line' id='line_1_11' title="bbox 347 1302 1863 1385; baseline 0.009 -28"><span class='ocrx_word' id='word_1_82' title='bbox 347 1302 599 1361; x_wconf 92' lang='lat' dir='ltr'><strong>Desidero</strong></span> <span class='ocrx_word' id='word_1_83' title='bbox 626 1310 764 1364; x_wconf 90' lang='lat' dir='ltr'><strong>enim</strong></span> <span class='ocrx_word' id='word_1_84' title='bbox 789 1327 963 1369; x_wconf 79' lang='lat' dir='ltr'><strong>maere</strong></span> <span class='ocrx_word' id='word_1_85' title='bbox 988 1329 1097 1369; x_wconf 80' lang='lat' dir='ltr'><strong>vos.</strong></span> <span class='ocrx_word' id='word_1_86' title='bbox 1127 1313 1267 1382; x_wconf 86' lang='lat' dir='ltr'><strong>Quid</strong></span> <span class='ocrx_word' id='word_1_87' title='bbox 1291 1323 1377 1371; x_wconf 90' lang='lat' dir='ltr'><strong>est</strong></span> <span class='ocrx_word' id='word_1_88' title='bbox 1403 1315 1548 1385; x_wconf 89' lang='lat' dir='ltr'><strong>quod</strong></span> <span class='ocrx_word' id='word_1_89' title='bbox 1576 1331 1701 1371; x_wconf 92' lang='lat' dir='ltr'><strong>cum</strong></span> <span class='ocrx_word' id='word_1_90' title='bbox 1726 1316 1863 1371; x_wconf 88' lang='lat' dir='ltr'><strong>scri-</strong></span> 
     </span>
    </p>
   </div>
   <div class='ocr_carea' id='block_1_12' title="bbox 270 1394 1859 1478">
    <p class='ocr_par' dir='ltr' id='par_1_12' title="bbox 270 1394 1859 1478">
     <span class='ocr_line' id='line_1_12' title="bbox 270 1394 1859 1478; baseline 0.009 -30"><span class='ocrx_word' id='word_1_91' title='bbox 270 1394 383 1464; x_wconf 90' lang='lat' dir='ltr'><strong>ptis</strong></span> <span class='ocrx_word' id='word_1_92' title='bbox 405 1396 523 1453; x_wconf 91' lang='lat' dir='ltr'><strong>illos</strong></span> <span class='ocrx_word' id='word_1_93' title='bbox 553 1400 786 1471; x_wconf 78' lang='lat' dir='ltr'><strong>corrigat</strong></span> <span class='ocrx_word' id='word_1_94' title='bbox 809 1412 865 1458; x_wconf 92' lang='lat' dir='ltr'><strong>et</strong></span> <span class='ocrx_word' id='word_1_95' title='bbox 894 1419 926 1459; x_wconf 91' lang='lat' dir='ltr'><strong>a</strong></span> <span class='ocrx_word' id='word_1_96' title='bbox 962 1407 1167 1461; x_wconf 85' lang='lat' dir='ltr'><strong>carnali</strong></span> <span class='ocrx_word' id='word_1_97' title='bbox 1198 1422 1361 1462; x_wconf 90' lang='lat' dir='ltr'><strong>sensu</strong></span> <span class='ocrx_word' id='word_1_98' title='bbox 1388 1404 1691 1473; x_wconf 88' lang='lat' dir='ltr'><strong>abstrahat,</strong></span> <span class='ocrx_word' id='word_1_99' title='bbox 1718 1423 1859 1478; x_wconf 71' lang='lat' dir='ltr'><strong>prae-</strong></span> 
     </span>
    </p>
   </div>
   <div class='ocr_carea' id='block_1_13' title="bbox 270 1488 1860 1557">
    <p class='ocr_par' dir='ltr' id='par_1_13' title="bbox 270 1488 1860 1557">
     <span class='ocr_line' id='line_1_13' title="bbox 270 1488 1860 1557; baseline 0.01 -16"><span class='ocrx_word' id='word_1_100' title='bbox 270 1488 505 1544; x_wconf 83' lang='lat' dir='ltr'><strong>sentiam</strong></span> <span class='ocrx_word' id='word_1_101' title='bbox 531 1506 687 1547; x_wconf 88' lang='lat' dir='ltr'><strong>suam</strong></span> <span class='ocrx_word' id='word_1_102' title='bbox 715 1497 1081 1553; x_wconf 82' lang='lat' dir='ltr'><strong>necessariam</strong></span> <span class='ocrx_word' id='word_1_103' title='bbox 1111 1500 1278 1556; x_wconf 88' lang='lat' dir='ltr'><strong>dicit?</strong></span> <span class='ocrx_word' id='word_1_104' title='bbox 1299 1499 1414 1556; x_wconf 86' lang='lat' dir='ltr'><strong>Nisi</strong></span> <span class='ocrx_word' id='word_1_105' title='bbox 1439 1500 1597 1557; x_wconf 85' lang='lat' dir='ltr'><strong>aliter</strong></span> <span class='ocrx_word' id='word_1_106' title='bbox 1625 1502 1769 1557; x_wconf 86' lang='lat' dir='ltr'><strong>dicta</strong></span> <span class='ocrx_word' id='word_1_107' title='bbox 1792 1502 1860 1557; x_wconf 92' lang='lat' dir='ltr'><strong>ad</strong></span> 
     </span>
    </p>
   </div>
   <div class='ocr_carea' id='block_1_14' title="bbox 268 1579 1859 1658">
    <p class='ocr_par' dir='ltr' id='par_1_14' title="bbox 268 1579 1859 1658">
     <span class='ocr_line' id='line_1_14' title="bbox 268 1579 1859 1658; baseline 0.009 -24"><span class='ocrx_word' id='word_1_108' title='bbox 268 1579 421 1637; x_wconf 88' lang='lat' dir='ltr'><strong>aliud</strong></span> <span class='ocrx_word' id='word_1_109' title='bbox 450 1582 622 1639; x_wconf 88' lang='lat' dir='ltr'><strong>solent</strong></span> <span class='ocrx_word' id='word_1_110' title='bbox 666 1589 812 1657; x_wconf 84' lang='lat' dir='ltr'><strong>rapi,</strong></span> <span class='ocrx_word' id='word_1_111' title='bbox 854 1590 995 1646; x_wconf 89' lang='lat' dir='ltr'><strong>sicut</strong></span> <span class='ocrx_word' id='word_1_112' title='bbox 1033 1591 1101 1647; x_wconf 90' lang='lat' dir='ltr'><strong>ab</strong></span> <span class='ocrx_word' id='word_1_113' title='bbox 1136 1593 1405 1649; x_wconf 64' lang='lat' dir='ltr'><strong>haereticis</strong></span> <span class='ocrx_word' id='word_1_114' title='bbox 1434 1593 1515 1658; x_wconf 93' lang='lat' dir='ltr'><strong>ﬁt,</strong></span> <span class='ocrx_word' id='word_1_115' title='bbox 1564 1594 1686 1649; x_wconf 88' lang='lat' dir='ltr'><strong>ideo</strong></span> <span class='ocrx_word' id='word_1_116' title='bbox 1715 1594 1859 1651; x_wconf 88' lang='lat' dir='ltr'><strong>desi-</strong></span> 
     </span>
    </p>
   </div>
   <div class='ocr_carea' id='block_1_15' title="bbox 267 1674 1855 1756">
    <p class='ocr_par' dir='ltr' id='par_1_15' title="bbox 267 1674 1855 1756">
     <span class='ocr_line' id='line_1_15' title="bbox 267 1674 1855 1756; baseline 0.011 -32"><span class='ocrx_word' id='word_1_117' title='bbox 267 1687 301 1724; x_wconf 89' lang='lat' dir='ltr'><strong>u</strong></span> <span class='ocrx_word' id='word_1_118' title='bbox 327 1681 446 1727; x_wconf 85' lang='lat' dir='ltr'><strong>erat</strong></span> <span class='ocrx_word' id='word_1_119' title='bbox 466 1674 647 1730; x_wconf 87' lang='lat' dir='ltr'><strong>videre</strong></span> <span class='ocrx_word' id='word_1_120' title='bbox 665 1692 781 1744; x_wconf 89' lang='lat' dir='ltr'><strong>eos,</strong></span> <span class='ocrx_word' id='word_1_121' title='bbox 805 1687 866 1734; x_wconf 93' lang='lat' dir='ltr'><strong>ut</strong></span> <span class='ocrx_word' id='word_1_122' title='bbox 887 1696 1127 1751; x_wconf 73' lang='lat' dir='ltr'><strong>praesens</strong></span> <span class='ocrx_word' id='word_1_123' title='bbox 1147 1682 1446 1739; x_wconf 89' lang='lat' dir='ltr'><strong>doctrinam</strong></span> <span class='ocrx_word' id='word_1_124' title='bbox 1468 1686 1855 1756; x_wconf 82' lang='lat' dir='ltr'><strong>evangelicam,</strong></span> 
     </span>
    </p>
   </div>
   <div class='ocr_carea' id='block_1_16' title="bbox 259 1763 1856 1855">
    <p class='ocr_par' dir='ltr' id='par_1_16' title="bbox 259 1763 1856 1855">
     <span class='ocr_line' id='line_1_16' title="bbox 259 1763 1856 1855; baseline 0.011 -39"><span class='ocrx_word' id='word_1_125' title='bbox 259 1774 434 1819; x_wconf 83' lang='lat' dir='ltr'><strong>sensu</strong></span> <span class='ocrx_word' id='word_1_126' title='bbox 457 1781 563 1834; x_wconf 92' lang='lat' dir='ltr'><strong>quo</strong></span> <span class='ocrx_word' id='word_1_127' title='bbox 586 1769 793 1837; x_wconf 87' lang='lat' dir='ltr'><strong>scribit,</strong></span> <span class='ocrx_word' id='word_1_128' title='bbox 824 1773 1024 1855; x_wconf 77' lang='lat' dir='ltr'><strong>tradat,</strong></span> <span class='ocrx_word' id='word_1_129' title='bbox 1046 1782 1109 1830; x_wconf 92' lang='lat' dir='ltr'><strong>ut</strong></span> <span class='ocrx_word' id='word_1_130' title='bbox 1134 1763 1309 1847; x_wconf 80' lang='lat' dir='ltr'><strong>magis</strong></span> <span class='ocrx_word' id='word_1_131' title='bbox 1339 1775 1443 1830; x_wconf 87' lang='lat' dir='ltr'><strong>illis</strong></span> <span class='ocrx_word' id='word_1_132' title='bbox 1467 1776 1739 1846; x_wconf 88' lang='lat' dir='ltr'><strong>proﬁciat,</strong></span> <span class='ocrx_word' id='word_1_133' title='bbox 1765 1777 1856 1833; x_wconf 91' lang='lat' dir='ltr'><strong>ad-</strong></span> 
     </span>
    </p>
   </div>
   <div class='ocr_carea' id='block_1_17' title="bbox 1964 583 3543 663">
    <p class='ocr_par' dir='ltr' id='par_1_17' title="bbox 1964 583 3543 663">
     <span class='ocr_line' id='line_1_17' title="bbox 1964 583 3543 663; baseline 0.018 -32"><span class='ocrx_word' id='word_1_134' title='bbox 1964 583 2332 653; x_wconf 88' lang='lat' dir='ltr'><strong>unusquisque</strong></span> <span class='ocrx_word' id='word_1_135' title='bbox 2358 586 2721 654; x_wconf 88' lang='lat' dir='ltr'><strong>apostolorum</strong></span> <span class='ocrx_word' id='word_1_136' title='bbox 2746 591 2832 645; x_wconf 92' lang='lat' dir='ltr'><strong>vel</strong></span> <span class='ocrx_word' id='word_1_137' title='bbox 2859 592 3055 651; x_wconf 87' lang='lat' dir='ltr'><strong>debeat</strong></span> <span class='ocrx_word' id='word_1_138' title='bbox 3086 597 3182 663; x_wconf 91' lang='lat' dir='ltr'><strong>ire,</strong></span> <span class='ocrx_word' id='word_1_139' title='bbox 3208 598 3293 654; x_wconf 89' lang='lat' dir='ltr'><strong>vel</strong></span> <span class='ocrx_word' id='word_1_140' title='bbox 3315 616 3422 656; x_wconf 88' lang='lat' dir='ltr'><strong>non</strong></span> <span class='ocrx_word' id='word_1_141' title='bbox 3449 583 3543 659; x_wconf 86' lang='lat' dir='ltr'><strong>de-</strong></span> 
     </span>
    </p>
   </div>
   <div class='ocr_carea' id='block_1_18' title="bbox 1961 668 3540 758">
    <p class='ocr_par' dir='ltr' id='par_1_18' title="bbox 1961 668 3540 758">
     <span class='ocr_line' id='line_1_18' title="bbox 1961 668 3540 758; baseline 0.017 -35"><span class='ocrx_word' id='word_1_142' title='bbox 1961 670 2106 724; x_wconf 87' lang='lat' dir='ltr'><strong>beat.</strong></span> <span class='ocrx_word' id='word_1_143' title='bbox 2135 668 2246 725; x_wconf 88' lang='lat' dir='ltr'><strong>Cur</strong></span> <span class='ocrx_word' id='word_1_144' title='bbox 2270 683 2450 729; x_wconf 91' lang='lat' dir='ltr'><strong>autem</strong></span> <span class='ocrx_word' id='word_1_145' title='bbox 2482 678 2785 746; x_wconf 88' lang='lat' dir='ltr'><strong>prohibitus</strong></span> <span class='ocrx_word' id='word_1_146' title='bbox 2810 684 2926 738; x_wconf 89' lang='lat' dir='ltr'><strong>est?</strong></span> <span class='ocrx_word' id='word_1_147' title='bbox 2949 683 3074 741; x_wconf 88' lang='lat' dir='ltr'><strong>Ideo</strong></span> <span class='ocrx_word' id='word_1_148' title='bbox 3101 690 3231 758; x_wconf 88' lang='lat' dir='ltr'><strong>quia</strong></span> <span class='ocrx_word' id='word_1_149' title='bbox 3270 690 3540 751; x_wconf 86' lang='lat' dir='ltr'><strong>Dominus</strong></span> 
     </span>
    </p>
   </div>
   <div class='ocr_carea' id='block_1_19' title="bbox 1963 758 3541 842">
    <p class='ocr_par' dir='ltr' id='par_1_19' title="bbox 1963 758 3541 842">
     <span class='ocr_line' id='line_1_19' title="bbox 1963 758 3541 842; baseline 0.017 -28"><span class='ocrx_word' id='word_1_150' title='bbox 1963 758 2166 814; x_wconf 87' lang='lat' dir='ltr'><strong>sciebat</strong></span> <span class='ocrx_word' id='word_1_151' title='bbox 2201 762 2480 832; x_wconf 89' lang='lat' dir='ltr'><strong>imperitos</strong></span> <span class='ocrx_word' id='word_1_152' title='bbox 2505 770 2683 825; x_wconf 89' lang='lat' dir='ltr'><strong>adhuc</strong></span> <span class='ocrx_word' id='word_1_153' title='bbox 2710 771 3006 842; x_wconf 72' lang='lat' dir='ltr'><strong>Romanos,</strong></span> <span class='ocrx_word' id='word_1_154' title='bbox 3037 786 3093 833; x_wconf 89' lang='lat' dir='ltr'><strong>et</strong></span> <span class='ocrx_word' id='word_1_155' title='bbox 3121 781 3370 838; x_wconf 88' lang='lat' dir='ltr'><strong>mittebat</strong></span> <span class='ocrx_word' id='word_1_156' title='bbox 3397 782 3541 841; x_wconf 89' lang='lat' dir='ltr'><strong>Pau-</strong></span> 
     </span>
    </p>
   </div>
   <div class='ocr_carea' id='block_1_20' title="bbox 1962 849 3555 944">
    <p class='ocr_par' dir='ltr' id='par_1_20' title="bbox 1962 849 3555 944">
     <span class='ocr_line' id='line_1_20' title="bbox 1962 849 3555 944; baseline 0.018 -42"><span class='ocrx_word' id='word_1_157' title='bbox 1962 849 2072 903; x_wconf 93' lang='lat' dir='ltr'><strong>lum</strong></span> <span class='ocrx_word' id='word_1_158' title='bbox 2101 852 2169 905; x_wconf 89' lang='lat' dir='ltr'><strong>ad</strong></span> <span class='ocrx_word' id='word_1_159' title='bbox 2198 853 2356 921; x_wconf 86' lang='lat' dir='ltr'><strong>alios,</strong></span> <span class='ocrx_word' id='word_1_160' title='bbox 2382 865 2441 911; x_wconf 91' lang='lat' dir='ltr'><strong>ut</strong></span> <span class='ocrx_word' id='word_1_161' title='bbox 2468 858 2683 916; x_wconf 85' lang='lat' dir='ltr'><strong>interim</strong></span> <span class='ocrx_word' id='word_1_162' title='bbox 2712 866 3031 933; x_wconf 89' lang='lat' dir='ltr'><strong>paratiores.</strong></span> <span class='ocrx_word' id='word_1_163' title='bbox 3064 867 3130 924; x_wconf 88' lang='lat' dir='ltr'><strong>Ut</strong></span> <span class='ocrx_word' id='word_1_164' title='bbox 3168 870 3393 944; x_wconf 87' lang='lat' dir='ltr'><strong>aliquem</strong></span> <span class='ocrx_word' id='word_1_165' title='bbox 3425 866 3555 944; x_wconf 58' lang='grc' dir='ltr'><em>[να-ἐ</em></span> 
     </span>
    </p>
   </div>
   <div class='ocr_carea' id='block_1_21' title="bbox 1961 943 3542 1021">
    <p class='ocr_par' dir='ltr' id='par_1_21' title="bbox 1961 943 3542 1021">
     <span class='ocr_line' id='line_1_21' title="bbox 1961 943 3542 1021; baseline 0.017 -27"><span class='ocrx_word' id='word_1_166' title='bbox 1961 951 2101 996; x_wconf 89' lang='lat' dir='ltr'><strong>ctum</strong></span> <span class='ocrx_word' id='word_1_167' title='bbox 2124 943 2343 1000; x_wconf 86' lang='lat' dir='ltr'><strong>habeam</strong></span> <span class='ocrx_word' id='word_1_168' title='bbox 2368 949 2424 1003; x_wconf 88' lang='lat' dir='ltr'><strong>in</strong></span> <span class='ocrx_word' id='word_1_169' title='bbox 2453 952 2611 1007; x_wconf 82' lang='lat' dir='ltr'><strong>vobis.</strong></span> <span class='ocrx_word' id='word_1_170' title='bbox 2640 953 2790 1012; x_wconf 84' lang='lat' dir='ltr'><strong>Unde</strong></span> <span class='ocrx_word' id='word_1_171' title='bbox 2816 958 2962 1013; x_wconf 90' lang='lat' dir='ltr'><strong>velut</strong></span> <span class='ocrx_word' id='word_1_172' title='bbox 2996 943 3289 1019; x_wconf 82' lang='lat' dir='ltr'><strong>multarum</strong></span> <span class='ocrx_word' id='word_1_173' title='bbox 3327 943 3542 1021; x_wconf 88' lang='lat' dir='ltr'><strong>divitia-</strong></span> 
     </span>
    </p>
   </div>
   <div class='ocr_carea' id='block_1_22' title="bbox 1961 1035 3538 1124">
    <p class='ocr_par' dir='ltr' id='par_1_22' title="bbox 1961 1035 3538 1124">
     <span class='ocr_line' id='line_1_22' title="bbox 1961 1035 3538 1124; baseline 0.015 -36"><span class='ocrx_word' id='word_1_174' title='bbox 1961 1047 2085 1088; x_wconf 88' lang='lat' dir='ltr'><strong>rum</strong></span> <span class='ocrx_word' id='word_1_175' title='bbox 2124 1035 2348 1105; x_wconf 90' lang='lat' dir='ltr'><strong>cupidus</strong></span> <span class='ocrx_word' id='word_1_176' title='bbox 2373 1038 2591 1109; x_wconf 72' lang='lat' dir='ltr'><strong>Paulus,</strong></span> <span class='ocrx_word' id='word_1_177' title='bbox 2630 1057 2921 1119; x_wconf 78' lang='lat' dir='ltr'><strong>congregat</strong></span> <span class='ocrx_word' id='word_1_178' title='bbox 2961 1048 3169 1110; x_wconf 84' lang='lat' dir='ltr'><strong>fructus</strong></span> <span class='ocrx_word' id='word_1_179' title='bbox 3207 1069 3275 1109; x_wconf 80' lang='lat' dir='ltr'><strong>ex</strong></span> <span class='ocrx_word' id='word_1_180' title='bbox 3310 1053 3538 1124; x_wconf 74' lang='lat' dir='ltr'><strong>Graecis,</strong></span> 
     </span>
    </p>
   </div>
   <div class='ocr_carea' id='block_1_23' title="bbox 1960 1132 3541 1203">
    <p class='ocr_par' dir='ltr' id='par_1_23' title="bbox 1960 1132 3541 1203">
     <span class='ocr_line' id='line_1_23' title="bbox 1960 1132 3541 1203; baseline 0.016 -24"><span class='ocrx_word' id='word_1_181' title='bbox 1960 1136 2251 1200; x_wconf 76' lang='lat' dir='ltr'><strong>wngregat</strong></span> <span class='ocrx_word' id='word_1_182' title='bbox 2288 1146 2355 1185; x_wconf 82' lang='lat' dir='ltr'><strong>ex</strong></span> <span class='ocrx_word' id='word_1_183' title='bbox 2384 1132 2652 1201; x_wconf 89' lang='lat' dir='ltr'><strong>barbaris,</strong></span> <span class='ocrx_word' id='word_1_184' title='bbox 2686 1145 2791 1193; x_wconf 87' lang='lat' dir='ltr'><strong>etc.</strong></span> <span class='ocrx_word' id='word_1_185' title='bbox 2821 1136 3022 1196; x_wconf 87' lang='lat' dir='ltr'><strong>Verum</strong></span> <span class='ocrx_word' id='word_1_186' title='bbox 3051 1143 3152 1199; x_wconf 90' lang='lat' dir='ltr'><strong>hos</strong></span> <span class='ocrx_word' id='word_1_187' title='bbox 3193 1160 3384 1203; x_wconf 89' lang='lat' dir='ltr'><strong>omnes</strong></span> <span class='ocrx_word' id='word_1_188' title='bbox 3426 1145 3541 1203; x_wconf 85' lang='lat' dir='ltr'><strong>fru-</strong></span> 
     </span>
    </p>
   </div>
   <div class='ocr_carea' id='block_1_24' title="bbox 1958 1215 3542 1310">
    <p class='ocr_par' dir='ltr' id='par_1_24' title="bbox 1958 1215 3542 1310">
     <span class='ocr_line' id='line_1_24' title="bbox 1958 1215 3542 1310; baseline 0.016 -39"><span class='ocrx_word' id='word_1_189' title='bbox 1958 1222 2079 1271; x_wconf 92' lang='lat' dir='ltr'><strong>ctus</strong></span> <span class='ocrx_word' id='word_1_190' title='bbox 2107 1215 2264 1303; x_wconf 80' lang='lat' dir='ltr'><strong>aﬁ‘ert</strong></span> <span class='ocrx_word' id='word_1_191' title='bbox 2286 1219 2507 1288; x_wconf 88' lang='lat' dir='ltr'><strong>Paulus,</strong></span> <span class='ocrx_word' id='word_1_192' title='bbox 2545 1226 2637 1295; x_wconf 91' lang='lat' dir='ltr'><strong>qui</strong></span> <span class='ocrx_word' id='word_1_193' title='bbox 2665 1235 2924 1299; x_wconf 87' lang='lat' dir='ltr'><strong>tanquam</strong></span> <span class='ocrx_word' id='word_1_194' title='bbox 2959 1233 3165 1302; x_wconf 91' lang='lat' dir='ltr'><strong>palmes</strong></span> <span class='ocrx_word' id='word_1_195' title='bbox 3202 1235 3375 1294; x_wconf 91' lang='lat' dir='ltr'><strong>bonus</strong></span> <span class='ocrx_word' id='word_1_196' title='bbox 3413 1254 3542 1310; x_wconf 83' lang='lat' dir='ltr'><strong>per-</strong></span> 
     </span>
    </p>
   </div>
   <div class='ocr_carea' id='block_1_25' title="bbox 1960 1298 3540 1397">
    <p class='ocr_par' dir='ltr' id='par_1_25' title="bbox 1960 1298 3540 1397">
     <span class='ocr_line' id='line_1_25' title="bbox 1960 1298 3540 1397; baseline 0.018 -38"><span class='ocrx_word' id='word_1_197' title='bbox 1960 1298 2145 1362; x_wconf 82' lang='lat' dir='ltr'><strong>manet</strong></span> <span class='ocrx_word' id='word_1_198' title='bbox 2188 1308 2242 1363; x_wconf 91' lang='lat' dir='ltr'><strong>in</strong></span> <span class='ocrx_word' id='word_1_199' title='bbox 2295 1312 2404 1367; x_wconf 87' lang='lat' dir='ltr'><strong>vite</strong></span> <span class='ocrx_word' id='word_1_200' title='bbox 2446 1329 2595 1381; x_wconf 91' lang='lat' dir='ltr'><strong>vera,</strong></span> <span class='ocrx_word' id='word_1_201' title='bbox 2638 1333 2760 1386; x_wconf 69' lang='lat' dir='ltr'><strong>qua:</strong></span> <span class='ocrx_word' id='word_1_202' title='bbox 2786 1298 2879 1376; x_wconf 82' lang='lat' dir='ltr'><strong>est</strong></span> <span class='ocrx_word' id='word_1_203' title='bbox 2927 1321 3194 1393; x_wconf 86' lang='lat' dir='ltr'><strong>Christus,</strong></span> <span class='ocrx_word' id='word_1_204' title='bbox 3240 1343 3401 1397; x_wconf 91' lang='lat' dir='ltr'><strong>quem</strong></span> <span class='ocrx_word' id='word_1_205' title='bbox 3431 1329 3540 1386; x_wconf 80' lang='lat' dir='ltr'><strong>fre-</strong></span> 
     </span>
    </p>
   </div>
   <div class='ocr_carea' id='block_1_26' title="bbox 1960 1398 3540 1493">
    <p class='ocr_par' dir='ltr' id='par_1_26' title="bbox 1960 1398 3540 1493">
     <span class='ocr_line' id='line_1_26' title="bbox 1960 1398 3540 1493; baseline 0.019 -43"><span class='ocrx_word' id='word_1_206' title='bbox 1960 1398 2215 1466; x_wconf 88' lang='lat' dir='ltr'><strong>quentius</strong></span> <span class='ocrx_word' id='word_1_207' title='bbox 2244 1400 2399 1458; x_wconf 82' lang='lat' dir='ltr'><strong>Pater</strong></span> <span class='ocrx_word' id='word_1_208' title='bbox 2438 1417 2631 1477; x_wconf 88' lang='lat' dir='ltr'><strong>purgat</strong></span> <span class='ocrx_word' id='word_1_209' title='bbox 2657 1410 2912 1479; x_wconf 88' lang='lat' dir='ltr'><strong>agricola,</strong></span> <span class='ocrx_word' id='word_1_210' title='bbox 2943 1422 3000 1469; x_wconf 89' lang='lat' dir='ltr'><strong>et</strong></span> <span class='ocrx_word' id='word_1_211' title='bbox 3020 1416 3142 1474; x_wconf 91' lang='lat' dir='ltr'><strong>ideo</strong></span> <span class='ocrx_word' id='word_1_212' title='bbox 3165 1408 3399 1477; x_wconf 84' lang='lat' dir='ltr'><strong>fructum</strong></span> <span class='ocrx_word' id='word_1_213' title='bbox 3424 1423 3540 1493; x_wconf 89' lang='lat' dir='ltr'><strong>plu-</strong></span> 
     </span>
    </p>
   </div>
   <div class='ocr_carea' id='block_1_27' title="bbox 1959 1489 3537 1577">
    <p class='ocr_par' dir='ltr' id='par_1_27' title="bbox 1959 1489 3537 1577">
     <span class='ocr_line' id='line_1_27' title="bbox 1959 1489 3537 1577; baseline 0.019 -36"><span class='ocrx_word' id='word_1_214' title='bbox 1959 1489 2156 1545; x_wconf 88' lang='lat' dir='ltr'><strong>rimum</strong></span> <span class='ocrx_word' id='word_1_215' title='bbox 2197 1491 2376 1560; x_wconf 75' lang='lat' dir='ltr'><strong>aﬁ‘ert,</strong></span> <span class='ocrx_word' id='word_1_216' title='bbox 2417 1508 2611 1569; x_wconf 86' lang='lat' dir='ltr'><strong>purgat</strong></span> <span class='ocrx_word' id='word_1_217' title='bbox 2642 1515 2766 1555; x_wconf 89' lang='lat' dir='ltr'><strong>eum</strong></span> <span class='ocrx_word' id='word_1_218' title='bbox 2809 1502 2864 1557; x_wconf 90' lang='lat' dir='ltr'><strong>in</strong></span> <span class='ocrx_word' id='word_1_219' title='bbox 2896 1504 3189 1577; x_wconf 90' lang='lat' dir='ltr'><strong>laboribus,</strong></span> <span class='ocrx_word' id='word_1_220' title='bbox 3216 1512 3273 1567; x_wconf 90' lang='lat' dir='ltr'><strong>in</strong></span> <span class='ocrx_word' id='word_1_221' title='bbox 3308 1489 3537 1570; x_wconf 78' lang='lat' dir='ltr'><strong>tribula-</strong></span> 
     </span>
    </p>
   </div>
   <div class='ocr_carea' id='block_1_28' title="bbox 1961 1581 3535 1675">
    <p class='ocr_par' dir='ltr' id='par_1_28' title="bbox 1961 1581 3535 1675">
     <span class='ocr_line' id='line_1_28' title="bbox 1961 1581 3535 1675; baseline 0.02 -41"><span class='ocrx_word' id='word_1_222' title='bbox 1961 1581 2212 1649; x_wconf 89' lang='lat' dir='ltr'><strong>tionibus,</strong></span> <span class='ocrx_word' id='word_1_223' title='bbox 2239 1585 2293 1638; x_wconf 90' lang='lat' dir='ltr'><strong>in</strong></span> <span class='ocrx_word' id='word_1_224' title='bbox 2316 1590 2801 1656; x_wconf 87' lang='lat' dir='ltr'><strong>persecutionibus.</strong></span> <span class='ocrx_word' id='word_1_225' title='bbox 2820 1584 2958 1653; x_wconf 86' lang='lat' dir='ltr'><strong>Sunt</strong></span> <span class='ocrx_word' id='word_1_226' title='bbox 2983 1602 3127 1657; x_wconf 91' lang='lat' dir='ltr'><strong>enim</strong></span> <span class='ocrx_word' id='word_1_227' title='bbox 3146 1603 3237 1659; x_wconf 89' lang='lat' dir='ltr'><strong>alii</strong></span> <span class='ocrx_word' id='word_1_228' title='bbox 3261 1606 3535 1675; x_wconf 86' lang='lat' dir='ltr'><strong>palmites,</strong></span> 
     </span>
    </p>
   </div>
   <div class='ocr_carea' id='block_1_29' title="bbox 1958 1672 3538 1756">
    <p class='ocr_par' dir='ltr' id='par_1_29' title="bbox 1958 1672 3538 1756">
     <span class='ocr_line' id='line_1_29' title="bbox 1958 1672 3538 1756; baseline 0.02 -32"><span class='ocrx_word' id='word_1_229' title='bbox 1958 1673 2048 1741; x_wconf 92' lang='lat' dir='ltr'><strong>qui</strong></span> <span class='ocrx_word' id='word_1_230' title='bbox 2090 1672 2144 1727; x_wconf 91' lang='lat' dir='ltr'><strong>in</strong></span> <span class='ocrx_word' id='word_1_231' title='bbox 2186 1674 2295 1730; x_wconf 89' lang='lat' dir='ltr'><strong>vite</strong></span> <span class='ocrx_word' id='word_1_232' title='bbox 2340 1677 2556 1746; x_wconf 89' lang='lat' dir='ltr'><strong>quidem</strong></span> <span class='ocrx_word' id='word_1_233' title='bbox 2599 1695 2953 1754; x_wconf 88' lang='lat' dir='ltr'><strong>permanent,</strong></span> <span class='ocrx_word' id='word_1_234' title='bbox 2998 1689 3235 1749; x_wconf 84' lang='lat' dir='ltr'><strong>fructum</strong></span> <span class='ocrx_word' id='word_1_235' title='bbox 3261 1672 3397 1754; x_wconf 71' lang='lat' dir='ltr'><strong>vero</strong></span> <span class='ocrx_word' id='word_1_236' title='bbox 3428 1716 3538 1756; x_wconf 90' lang='lat' dir='ltr'><strong>non</strong></span> 
     </span>
    </p>
   </div>
   <div class='ocr_carea' id='block_1_30' title="bbox 1957 1758 3539 1862">
    <p class='ocr_par' dir='ltr' id='par_1_30' title="bbox 1957 1758 3539 1862">
     <span class='ocr_line' id='line_1_30' title="bbox 1957 1758 3539 1862; baseline 0.022 -48"><span class='ocrx_word' id='word_1_237' title='bbox 1957 1758 2157 1830; x_wconf 86' lang='lat' dir='ltr'><strong>ferunt,</strong></span> <span class='ocrx_word' id='word_1_238' title='bbox 2187 1766 2280 1819; x_wconf 91' lang='lat' dir='ltr'><strong>sed</strong></span> <span class='ocrx_word' id='word_1_239' title='bbox 2307 1777 2433 1823; x_wconf 89' lang='lat' dir='ltr'><strong>sunt</strong></span> <span class='ocrx_word' id='word_1_240' title='bbox 2456 1771 2614 1839; x_wconf 89' lang='lat' dir='ltr'><strong>aridi,</strong></span> <span class='ocrx_word' id='word_1_241' title='bbox 2644 1776 2737 1843; x_wconf 90' lang='lat' dir='ltr'><strong>qui</strong></span> <span class='ocrx_word' id='word_1_242' title='bbox 2761 1776 3013 1835; x_wconf 87' lang='lat' dir='ltr'><strong>dicuntur</strong></span> <span class='ocrx_word' id='word_1_243' title='bbox 3037 1798 3068 1836; x_wconf 91' lang='lat' dir='ltr'><strong>a</strong></span> <span class='ocrx_word' id='word_1_244' title='bbox 3092 1784 3253 1843; x_wconf 87' lang='lat' dir='ltr'><strong>Patre</strong></span> <span class='ocrx_word' id='word_1_245' title='bbox 3277 1788 3335 1844; x_wconf 90' lang='lat' dir='ltr'><strong>in</strong></span> <span class='ocrx_word' id='word_1_246' title='bbox 3355 1791 3539 1862; x_wconf 87' lang='lat' dir='ltr'><strong>ignem</strong></span> 
     </span>
    </p>
   </div>
   <div class='ocr_carea' id='block_1_31' title="bbox 258 1846 3547 1942">
    <p class='ocr_par' dir='ltr' id='par_1_31' title="bbox 258 1846 3547 1942">
     <span class='ocr_line' id='line_1_31' title="bbox 258 1846 3547 1942; baseline 0.024 -79"><span class='ocrx_word' id='word_1_247' title='bbox 258 1850 397 1908; x_wconf 58' lang='lat' dir='ltr'><strong>dius</strong></span> <span class='ocrx_word' id='word_1_248' title='bbox 424 1854 590 1926; x_wconf 59' lang='lat' dir='ltr'><strong>signis</strong></span> <span class='ocrx_word' id='word_1_249' title='bbox 630 1859 894 1919; x_wconf 53' lang='lat' dir='ltr'><strong>virtutum</strong></span> <span class='ocrx_word' id='word_1_250' title='bbox 939 1849 1059 1934; x_wconf 61' lang='lat' dir='ltr'><strong>uae</strong></span> <span class='ocrx_word' id='word_1_251' title='bbox 1102 1867 1276 1937; x_wconf 61' lang='lat' dir='ltr'><strong>magis</strong></span> <span class='ocrx_word' id='word_1_252' title='bbox 1303 1868 1681 1925; x_wconf 53' lang='lat' dir='ltr'><strong>aucmrmwm</strong></span> <span class='ocrx_word' id='word_1_253' title='bbox 1724 1870 1855 1926; x_wconf 65' lang='lat' dir='ltr'><strong>dam</strong></span> <span class='ocrx_word' id='word_1_254' title='bbox 1881 1846 1929 1907; x_wconf 88' lang='lat' dir='ltr'><strong>B</strong></span> <span class='ocrx_word' id='word_1_255' title='bbox 1956 1853 2119 1908; x_wconf 89' lang='lat' dir='ltr'><strong>mitti.</strong></span> <span class='ocrx_word' id='word_1_256' title='bbox 2146 1853 2405 1913; x_wconf 79' lang='lat' dir='ltr'><strong>Fructum</strong></span> <span class='ocrx_word' id='word_1_257' title='bbox 2435 1861 2596 1930; x_wconf 90' lang='lat' dir='ltr'><strong>dicit,</strong></span> <span class='ocrx_word' id='word_1_258' title='bbox 2636 1866 2923 1926; x_wconf 87' lang='lat' dir='ltr'><strong>ministerii</strong></span> <span class='ocrx_word' id='word_1_259' title='bbox 2952 1874 3035 1929; x_wconf 90' lang='lat' dir='ltr'><strong>sui</strong></span> <span class='ocrx_word' id='word_1_260' title='bbox 3078 1877 3354 1938; x_wconf 80' lang='lat' dir='ltr'><strong>ctelestem</strong></span> <span class='ocrx_word' id='word_1_261' title='bbox 3376 1846 3547 1942; x_wconf 44' lang='lat' dir='ltr'><strong>“mer-4</strong></span> 
     </span>
    </p>
   </div>
   <div class='ocr_carea' id='block_1_32' title="bbox 256 1940 1857 2031">
    <p class='ocr_par' dir='ltr' id='par_1_32' title="bbox 256 1940 1857 2031">
     <span class='ocr_line' id='line_1_32' title="bbox 256 1940 1857 2031; baseline 0.012 -35"><span class='ocrx_word' id='word_1_262' title='bbox 256 1940 457 2012; x_wconf 67' lang='lat' dir='ltr'><strong>signis.</strong></span> <span class='ocrx_word' id='word_1_263' title='bbox 481 1944 619 2001; x_wconf 88' lang='lat' dir='ltr'><strong>Cum</strong></span> <span class='ocrx_word' id='word_1_264' title='bbox 648 1959 831 2006; x_wconf 87' lang='lat' dir='ltr'><strong>autem</strong></span> <span class='ocrx_word' id='word_1_265' title='bbox 863 1953 1035 2009; x_wconf 89' lang='lat' dir='ltr'><strong>dicit:</strong></span> <span class='ocrx_word' id='word_1_266' title='bbox 1067 1953 1134 2008; x_wconf 91' lang='lat' dir='ltr'><strong>Ut</strong></span> <span class='ocrx_word' id='word_1_267' title='bbox 1173 1957 1398 2025; x_wconf 84' lang='lat' dir='ltr'><strong>gratiam</strong></span> <span class='ocrx_word' id='word_1_268' title='bbox 1437 1959 1578 2013; x_wconf 81' lang='lat' dir='ltr'><strong>vobis</strong></span> <span class='ocrx_word' id='word_1_269' title='bbox 1605 1961 1857 2031; x_wconf 87' lang='lat' dir='ltr'><strong>spiritua-</strong></span> 
     </span>
    </p>
   </div>
   <div class='ocr_carea' id='block_1_33' title="bbox 251 2029 1857 2106">
    <p class='ocr_par' dir='ltr' id='par_1_33' title="bbox 251 2029 1857 2106">
     <span class='ocr_line' id='line_1_33' title="bbox 251 2029 1857 2106; baseline 0.013 -21"><span class='ocrx_word' id='word_1_270' title='bbox 251 2029 368 2087; x_wconf 77' lang='lat' dir='ltr'><strong>lem</strong></span> <span class='ocrx_word' id='word_1_271' title='bbox 410 2036 722 2093; x_wconf 88' lang='lat' dir='ltr'><strong>ministrem.</strong></span> <span class='ocrx_word' id='word_1_272' title='bbox 752 2040 1043 2097; x_wconf 87' lang='lat' dir='ltr'><strong>Carnalem</strong></span> <span class='ocrx_word' id='word_1_273' title='bbox 1082 2044 1205 2099; x_wconf 91' lang='lat' dir='ltr'><strong>illos</strong></span> <span class='ocrx_word' id='word_1_274' title='bbox 1230 2061 1448 2101; x_wconf 89' lang='lat' dir='ltr'><strong>sensum</strong></span> <span class='ocrx_word' id='word_1_275' title='bbox 1476 2058 1754 2105; x_wconf 85' lang='lat' dir='ltr'><strong>assecutos</strong></span> <span class='ocrx_word' id='word_1_276' title='bbox 1784 2052 1857 2106; x_wconf 89' lang='lat' dir='ltr'><strong>si-</strong></span> 
     </span>
    </p>
   </div>
   <div class='ocr_carea' id='block_1_34' title="bbox 249 2123 1860 2207">
    <p class='ocr_par' dir='ltr' id='par_1_34' title="bbox 249 2123 1860 2207">
     <span class='ocr_line' id='line_1_34' title="bbox 249 2123 1860 2207; baseline 0.011 -31"><span class='ocrx_word' id='word_1_277' title='bbox 249 2123 672 2197; x_wconf 72' lang='lat' dir='ltr'><strong>gniﬁcat,-quia</strong></span> <span class='ocrx_word' id='word_1_278' title='bbox 697 2129 798 2185; x_wconf 92' lang='lat' dir='ltr'><strong>sub</strong></span> <span class='ocrx_word' id='word_1_279' title='bbox 827 2133 1046 2186; x_wconf 89' lang='lat' dir='ltr'><strong>nomine</strong></span> <span class='ocrx_word' id='word_1_280' title='bbox 1070 2132 1275 2189; x_wconf 89' lang='lat' dir='ltr'><strong>Christi</strong></span> <span class='ocrx_word' id='word_1_281' title='bbox 1303 2150 1411 2190; x_wconf 89' lang='lat' dir='ltr'><strong>non</strong></span> <span class='ocrx_word' id='word_1_282' title='bbox 1439 2136 1529 2191; x_wconf 91' lang='lat' dir='ltr'><strong>illa</strong></span> <span class='ocrx_word' id='word_1_283' title='bbox 1555 2152 1674 2207; x_wconf 79' lang='lat' dir='ltr'><strong>qua:</strong></span> <span class='ocrx_word' id='word_1_284' title='bbox 1702 2137 1860 2194; x_wconf 92' lang='lat' dir='ltr'><strong>Chri-</strong></span> 
     </span>
    </p>
   </div>
   <div class='ocr_carea' id='block_1_35' title="bbox 245 2214 1860 2296">
    <p class='ocr_par' dir='ltr' id='par_1_35' title="bbox 245 2214 1860 2296">
     <span class='ocr_line' id='line_1_35' title="bbox 245 2214 1860 2296; baseline 0.012 -31"><span class='ocrx_word' id='word_1_285' title='bbox 245 2220 385 2267; x_wconf 82' lang='lat' dir='ltr'><strong>stus</strong></span> <span class='ocrx_word' id='word_1_286' title='bbox 414 2214 673 2271; x_wconf 90' lang='lat' dir='ltr'><strong>docuerat</strong></span> <span class='ocrx_word' id='word_1_287' title='bbox 714 2217 932 2275; x_wconf 85' lang='lat' dir='ltr'><strong>fuerant</strong></span> <span class='ocrx_word' id='word_1_288' title='bbox 965 2224 1224 2289; x_wconf 87' lang='lat' dir='ltr'><strong>assecuti,</strong></span> <span class='ocrx_word' id='word_1_289' title='bbox 1255 2225 1351 2280; x_wconf 90' lang='lat' dir='ltr'><strong>sed</strong></span> <span class='ocrx_word' id='word_1_290' title='bbox 1384 2240 1449 2281; x_wconf 90' lang='lat' dir='ltr'><strong>ea</strong></span> <span class='ocrx_word' id='word_1_291' title='bbox 1490 2243 1611 2296; x_wconf 76' lang='lat' dir='ltr'><strong>qua:</strong></span> <span class='ocrx_word' id='word_1_292' title='bbox 1642 2228 1860 2285; x_wconf 79' lang='lat' dir='ltr'><strong>fuerant</strong></span> 
     </span>
    </p>
   </div>
   <div class='ocr_carea' id='block_1_36' title="bbox 239 2296 1853 2380">
    <p class='ocr_par' dir='ltr' id='par_1_36' title="bbox 239 2296 1853 2380">
     <span class='ocr_line' id='line_1_36' title="bbox 239 2296 1853 2380; baseline 0.013 -26"><span class='ocrx_word' id='word_1_293' title='bbox 239 2296 313 2353; x_wconf 86' lang='lat' dir='ltr'><strong>Ju</strong></span> <span class='ocrx_word' id='word_1_294' title='bbox 332 2301 471 2358; x_wconf 67' lang='lat' dir='ltr'><strong>daeis</strong></span> <span class='ocrx_word' id='word_1_295' title='bbox 518 2307 729 2362; x_wconf 91' lang='lat' dir='ltr'><strong>tradita.</strong></span> <span class='ocrx_word' id='word_1_296' title='bbox 781 2309 856 2362; x_wconf 78' lang='lat' dir='ltr'><strong>4d</strong></span> <span class='ocrx_word' id='word_1_297' title='bbox 901 2311 1291 2380; x_wconf 81' lang='lat' dir='ltr'><strong>conﬁrmandos</strong></span> <span class='ocrx_word' id='word_1_298' title='bbox 1336 2332 1443 2369; x_wconf 84' lang='lat' dir='ltr'><strong>vos.</strong></span> <span class='ocrx_word' id='word_1_299' title='bbox 1490 2314 1615 2372; x_wconf 67' lang='lat' dir='ltr'><strong>Htec</strong></span> <span class='ocrx_word' id='word_1_300' title='bbox 1651 2319 1853 2374; x_wconf 84' lang='lat' dir='ltr'><strong>conﬁr-</strong></span> 
     </span>
    </p>
   </div>
   <div class='ocr_carea' id='block_1_37' title="bbox 241 2393 1857 2477">
    <p class='ocr_par' dir='ltr' id='par_1_37' title="bbox 241 2393 1857 2477">
     <span class='ocr_line' id='line_1_37' title="bbox 241 2393 1857 2477; baseline 0.012 -31"><span class='ocrx_word' id='word_1_301' title='bbox 241 2393 436 2447; x_wconf 84' lang='lat' dir='ltr'><strong>malio</strong></span> <span class='ocrx_word' id='word_1_302' title='bbox 469 2402 578 2450; x_wconf 88' lang='lat' dir='ltr'><strong>tres</strong></span> <span class='ocrx_word' id='word_1_303' title='bbox 624 2411 885 2467; x_wconf 88' lang='lat' dir='ltr'><strong>personas</strong></span> <span class='ocrx_word' id='word_1_304' title='bbox 918 2402 1147 2470; x_wconf 85' lang='lat' dir='ltr'><strong>requirit</strong></span> <span class='ocrx_word' id='word_1_305' title='bbox 1181 2421 1194 2457; x_wconf 94' lang='lat'><strong>:</strong></span> <span class='ocrx_word' id='word_1_306' title='bbox 1236 2404 1544 2476; x_wconf 88' lang='lat' dir='ltr'><strong>adjuvantis</strong></span> <span class='ocrx_word' id='word_1_307' title='bbox 1585 2407 1716 2477; x_wconf 91' lang='lat' dir='ltr'><strong>Dei,</strong></span> <span class='ocrx_word' id='word_1_308' title='bbox 1753 2411 1857 2466; x_wconf 84' lang='lat' dir='ltr'><strong>mi—</strong></span> 
     </span>
    </p>
   </div>
   <div class='ocr_carea' id='block_1_38' title="bbox 241 2480 1854 2565">
    <p class='ocr_par' dir='ltr' id='par_1_38' title="bbox 241 2480 1854 2565">
     <span class='ocr_line' id='line_1_38' title="bbox 241 2480 1854 2565; baseline 0.014 -30"><span class='ocrx_word' id='word_1_309' title='bbox 241 2480 549 2539; x_wconf 83' lang='lat' dir='ltr'><strong>nistrantis</strong></span> <span class='ocrx_word' id='word_1_310' title='bbox 600 2487 877 2555; x_wconf 90' lang='lat' dir='ltr'><strong>apostoli,</strong></span> <span class='ocrx_word' id='word_1_311' title='bbox 930 2480 1272 2562; x_wconf 69' lang='lat' dir='ltr'><strong>accipientis</strong></span> <span class='ocrx_word' id='word_1_312' title='bbox 1302 2496 1506 2565; x_wconf 91' lang='lat' dir='ltr'><strong>populi.</strong></span> <span class='ocrx_word' id='word_1_313' title='bbox 1570 2498 1854 2557; x_wconf 88' lang='lat' dir='ltr'><strong>Consolari</strong></span> 
     </span>
    </p>
   </div>
   <div class='ocr_carea' id='block_1_39' title="bbox 243 2576 1851 2662">
    <p class='ocr_par' dir='ltr' id='par_1_39' title="bbox 243 2576 1851 2662">
     <span class='ocr_line' id='line_1_39' title="bbox 243 2576 1851 2662; baseline 0.013 -34"><span class='ocrx_word' id='word_1_314' title='bbox 243 2582 446 2630; x_wconf 76' lang='lat' dir='ltr'><strong>autem</strong></span> <span class='ocrx_word' id='word_1_315' title='bbox 486 2591 544 2632; x_wconf 89' lang='lat' dir='ltr'><strong>se</strong></span> <span class='ocrx_word' id='word_1_316' title='bbox 599 2576 729 2633; x_wconf 91' lang='lat' dir='ltr'><strong>dicit</strong></span> <span class='ocrx_word' id='word_1_317' title='bbox 779 2594 903 2635; x_wconf 88' lang='lat' dir='ltr'><strong>cum</strong></span> <span class='ocrx_word' id='word_1_318' title='bbox 950 2581 1091 2651; x_wconf 90' lang='lat' dir='ltr'><strong>illis,</strong></span> <span class='ocrx_word' id='word_1_319' title='bbox 1140 2584 1189 2641; x_wconf 92' lang='lat' dir='ltr'><strong>si</strong></span> <span class='ocrx_word' id='word_1_320' title='bbox 1235 2587 1641 2657; x_wconf 88' lang='lat' dir='ltr'><strong>apprehendant</strong></span> <span class='ocrx_word' id='word_1_321' title='bbox 1689 2591 1851 2662; x_wconf 83' lang='lat' dir='ltr'><strong>spiri-</strong></span> 
     </span>
    </p>
   </div>
   <div class='ocr_carea' id='block_1_40' title="bbox 245 2664 454 2721">
    <p class='ocr_par' dir='ltr' id='par_1_40' title="bbox 245 2664 454 2721">
     <span class='ocr_line' id='line_1_40' title="bbox 245 2664 454 2721; baseline 0.005 -3"><span class='ocrx_word' id='word_1_322' title='bbox 245 2664 454 2721; x_wconf 84' lang='lat' dir='ltr'><strong>tualia.</strong></span> 
     </span>
    </p>
   </div>
   <div class='ocr_carea' id='block_1_41' title="bbox 314 2752 1854 2846">
    <p class='ocr_par' dir='ltr' id='par_1_41' title="bbox 314 2752 1854 2846">
     <span class='ocr_line' id='line_1_41' title="bbox 314 2752 1854 2846; baseline 0.016 -37"><span class='ocrx_word' id='word_1_323' title='bbox 314 2752 446 2811; x_wconf 73' lang='lat' dir='ltr'><strong>J’er</strong></span> <span class='ocrx_word' id='word_1_324' title='bbox 469 2774 586 2813; x_wconf 87' lang='lat' dir='ltr'><strong>eam</strong></span> <span class='ocrx_word' id='word_1_325' title='bbox 611 2777 728 2832; x_wconf 80' lang='lat' dir='ltr'><strong>qua:</strong></span> <span class='ocrx_word' id='word_1_326' title='bbox 772 2762 991 2819; x_wconf 80' lang='lat' dir='ltr'><strong>inuicem</strong></span> <span class='ocrx_word' id='word_1_327' title='bbox 1019 2774 1094 2821; x_wconf 86' lang='lat' dir='ltr'><strong>est</strong></span> <span class='ocrx_word' id='word_1_328' title='bbox 1137 2767 1318 2836; x_wconf 83' lang='lat' dir='ltr'><strong>ﬁdem.</strong></span> <span class='ocrx_word' id='word_1_329' title='bbox 1360 2768 1476 2828; x_wconf 81' lang='lat' dir='ltr'><strong>Hoc</strong></span> <span class='ocrx_word' id='word_1_330' title='bbox 1518 2781 1625 2840; x_wconf 86' lang='lat' dir='ltr'><strong>est,</strong></span> <span class='ocrx_word' id='word_1_331' title='bbox 1652 2782 1713 2830; x_wconf 90' lang='lat' dir='ltr'><strong>ut</strong></span> <span class='ocrx_word' id='word_1_332' title='bbox 1754 2791 1854 2846; x_wconf 89' lang='lat' dir='ltr'><strong>per</strong></span> 
     </span>
    </p>
   </div>
   <div class='ocr_carea' id='block_1_42' title="bbox 246 2852 1849 2934">
    <p class='ocr_par' dir='ltr' id='par_1_42' title="bbox 246 2852 1849 2934">
     <span class='ocr_line' id='line_1_42' title="bbox 246 2852 1849 2934; baseline 0.016 -33"><span class='ocrx_word' id='word_1_333' title='bbox 246 2863 606 2906; x_wconf 79' lang='lat' dir='ltr'><strong>communem</strong></span> <span class='ocrx_word' id='word_1_334' title='bbox 634 2852 796 2909; x_wconf 92' lang='lat' dir='ltr'><strong>ﬁdem</strong></span> <span class='ocrx_word' id='word_1_335' title='bbox 826 2856 1061 2914; x_wconf 90' lang='lat' dir='ltr'><strong>invicem</strong></span> <span class='ocrx_word' id='word_1_336' title='bbox 1086 2862 1448 2919; x_wconf 88' lang='lat' dir='ltr'><strong>consolemur.</strong></span> <span class='ocrx_word' id='word_1_337' title='bbox 1482 2866 1634 2934; x_wconf 88' lang='lat' dir='ltr'><strong>Quod</strong></span> <span class='ocrx_word' id='word_1_338' title='bbox 1668 2878 1849 2926; x_wconf 87' lang='lat' dir='ltr'><strong>autem</strong></span> 
     </span>
    </p>
   </div>
   <div class='ocr_carea' id='block_1_43' title="bbox 246 2938 1853 3029">
    <p class='ocr_par' dir='ltr' id='par_1_43' title="bbox 246 2938 1853 3029">
     <span class='ocr_line' id='line_1_43' title="bbox 246 2938 1853 3029; baseline 0.015 -36"><span class='ocrx_word' id='word_1_339' title='bbox 246 2938 395 2995; x_wconf 81' lang='lat' dir='ltr'><strong>dicit</strong></span> <span class='ocrx_word' id='word_1_340' title='bbox 420 2959 433 2995; x_wconf 92' lang='lat'><strong>:</strong></span> <span class='ocrx_word' id='word_1_341' title='bbox 468 2939 537 2995; x_wconf 88' lang='lat' dir='ltr'><strong>Ut</strong></span> <span class='ocrx_word' id='word_1_342' title='bbox 579 2942 793 3015; x_wconf 82' lang='lat' dir='ltr'><strong>aliquod</strong></span> <span class='ocrx_word' id='word_1_343' title='bbox 819 2949 1029 3004; x_wconf 83' lang='lat' dir='ltr'><strong>tradam</strong></span> <span class='ocrx_word' id='word_1_344' title='bbox 1055 2952 1195 3007; x_wconf 83' lang='lat' dir='ltr'><strong>vobis</strong></span> <span class='ocrx_word' id='word_1_345' title='bbox 1220 2954 1416 3010; x_wconf 89' lang='lat' dir='ltr'><strong>donum</strong></span> <span class='ocrx_word' id='word_1_346' title='bbox 1445 2960 1743 3029; x_wconf 85' lang='lat' dir='ltr'><strong>spirituale,</strong></span> <span class='ocrx_word' id='word_1_347' title='bbox 1773 2962 1853 3017; x_wconf 88' lang='lat' dir='ltr'><strong>vi—</strong></span> 
     </span>
    </p>
   </div>
   <div class='ocr_carea' id='block_1_44' title="bbox 246 3028 1848 3119">
    <p class='ocr_par' dir='ltr' id='par_1_44' title="bbox 246 3028 1848 3119">
     <span class='ocr_line' id='line_1_44' title="bbox 246 3028 1848 3119; baseline 0.015 -36"><span class='ocrx_word' id='word_1_348' title='bbox 246 3028 419 3084; x_wconf 68' lang='lat' dir='ltr'><strong>detur</strong></span> <span class='ocrx_word' id='word_1_349' title='bbox 446 3031 689 3089; x_wconf 90' lang='lat' dir='ltr'><strong>indicare</strong></span> <span class='ocrx_word' id='word_1_350' title='bbox 717 3051 839 3093; x_wconf 91' lang='lat' dir='ltr'><strong>esse</strong></span> <span class='ocrx_word' id='word_1_351' title='bbox 866 3038 1071 3109; x_wconf 91' lang='lat' dir='ltr'><strong>aliquid</strong></span> <span class='ocrx_word' id='word_1_352' title='bbox 1099 3043 1243 3113; x_wconf 89' lang='lat' dir='ltr'><strong>quod</strong></span> <span class='ocrx_word' id='word_1_353' title='bbox 1270 3046 1468 3102; x_wconf 90' lang='lat' dir='ltr'><strong>donum</strong></span> <span class='ocrx_word' id='word_1_354' title='bbox 1513 3028 1733 3119; x_wconf 89' lang='lat' dir='ltr'><strong>quidem</strong></span> <span class='ocrx_word' id='word_1_355' title='bbox 1758 3053 1848 3119; x_wconf 88' lang='lat' dir='ltr'><strong>sit,</strong></span> 
     </span>
    </p>
   </div>
   <div class='ocr_carea' id='block_1_45' title="bbox 247 3127 1849 3206">
    <p class='ocr_par' dir='ltr' id='par_1_45' title="bbox 247 3127 1849 3206">
     <span class='ocr_line' id='line_1_45' title="bbox 247 3127 1849 3206; baseline 0.016 -32"><span class='ocrx_word' id='word_1_356' title='bbox 247 3136 367 3176; x_wconf 83' lang='lat' dir='ltr'><strong>non</strong></span> <span class='ocrx_word' id='word_1_357' title='bbox 391 3128 570 3179; x_wconf 90' lang='lat' dir='ltr'><strong>tamen</strong></span> <span class='ocrx_word' id='word_1_358' title='bbox 600 3127 903 3196; x_wconf 89' lang='lat' dir='ltr'><strong>spirituale,</strong></span> <span class='ocrx_word' id='word_1_359' title='bbox 928 3140 988 3186; x_wconf 89' lang='lat' dir='ltr'><strong>ut</strong></span> <span class='ocrx_word' id='word_1_360' title='bbox 1017 3134 1238 3203; x_wconf 67' lang='lat' dir='ltr'><strong>nuptiae,</strong></span> <span class='ocrx_word' id='word_1_361' title='bbox 1262 3136 1482 3206; x_wconf 74' lang='lat' dir='ltr'><strong>divitiae,</strong></span> <span class='ocrx_word' id='word_1_362' title='bbox 1510 3149 1564 3194; x_wconf 89' lang='lat' dir='ltr'><strong>et</strong></span> <span class='ocrx_word' id='word_1_363' title='bbox 1586 3141 1849 3199; x_wconf 80' lang='lat' dir='ltr'><strong>fortitudo</strong></span> 
     </span>
    </p>
   </div>
   <div class='ocr_carea' id='block_1_46' title="bbox 250 3215 1849 3299">
    <p class='ocr_par' dir='ltr' id='par_1_46' title="bbox 250 3215 1849 3299">
     <span class='ocr_line' id='line_1_46' title="bbox 250 3215 1849 3299; baseline 0.015 -32"><span class='ocrx_word' id='word_1_364' title='bbox 250 3215 523 3283; x_wconf 63' lang='lat' dir='ltr'><strong>tun-poris,</strong></span> <span class='ocrx_word' id='word_1_365' title='bbox 566 3227 621 3272; x_wconf 87' lang='lat' dir='ltr'><strong>et</strong></span> <span class='ocrx_word' id='word_1_366' title='bbox 651 3218 840 3275; x_wconf 81' lang='lat' dir='ltr'><strong>formae</strong></span> <span class='ocrx_word' id='word_1_367' title='bbox 886 3222 1072 3291; x_wconf 89' lang='lat' dir='ltr'><strong>decor,</strong></span> <span class='ocrx_word' id='word_1_368' title='bbox 1119 3240 1453 3299; x_wconf 87' lang='lat' dir='ltr'><strong>regnumque</strong></span> <span class='ocrx_word' id='word_1_369' title='bbox 1494 3239 1783 3290; x_wconf 88' lang='lat' dir='ltr'><strong>terrestre:</strong></span> <span class='ocrx_word' id='word_1_370' title='bbox 1816 3251 1849 3291; x_wconf 90' lang='lat' dir='ltr'><strong>a</strong></span> 
     </span>
    </p>
   </div>
   <div class='ocr_carea' id='block_1_47' title="bbox 251 3302 1854 3396">
    <p class='ocr_par' dir='ltr' id='par_1_47' title="bbox 251 3302 1854 3396">
     <span class='ocr_line' id='line_1_47' title="bbox 251 3302 1854 3396; baseline 0.015 -38"><span class='ocrx_word' id='word_1_371' title='bbox 251 3302 364 3361; x_wconf 87' lang='lat' dir='ltr'><strong>Deo</strong></span> <span class='ocrx_word' id='word_1_372' title='bbox 405 3307 556 3361; x_wconf 89' lang='lat' dir='ltr'><strong>enim</strong></span> <span class='ocrx_word' id='word_1_373' title='bbox 598 3311 764 3365; x_wconf 90' lang='lat' dir='ltr'><strong>etiam</strong></span> <span class='ocrx_word' id='word_1_374' title='bbox 791 3312 906 3369; x_wconf 72' lang='lat' dir='ltr'><strong>haec</strong></span> <span class='ocrx_word' id='word_1_375' title='bbox 935 3314 1225 3372; x_wconf 87' lang='lat' dir='ltr'><strong>donantur.</strong></span> <span class='ocrx_word' id='word_1_376' title='bbox 1256 3319 1411 3375; x_wconf 88' lang='lat' dir='ltr'><strong>Beati</strong></span> <span class='ocrx_word' id='word_1_377' title='bbox 1455 3331 1585 3378; x_wconf 91' lang='lat' dir='ltr'><strong>sunt</strong></span> <span class='ocrx_word' id='word_1_378' title='bbox 1613 3340 1744 3396; x_wconf 88' lang='lat' dir='ltr'><strong>ergo</strong></span> <span class='ocrx_word' id='word_1_379' title='bbox 1776 3326 1854 3382; x_wconf 91' lang='lat' dir='ltr'><strong>illi</strong></span> 
     </span>
    </p>
   </div>
   <div class='ocr_carea' id='block_1_48' title="bbox 255 3397 1852 3485">
    <p class='ocr_par' dir='ltr' id='par_1_48' title="bbox 255 3397 1852 3485">
     <span class='ocr_line' id='line_1_48' title="bbox 255 3397 1852 3485; baseline 0.014 -35"><span class='ocrx_word' id='word_1_380' title='bbox 255 3397 455 3465; x_wconf 89' lang='lat' dir='ltr'><strong>quibus</strong></span> <span class='ocrx_word' id='word_1_381' title='bbox 490 3400 829 3471; x_wconf 88' lang='lat' dir='ltr'><strong>spiritualem</strong></span> <span class='ocrx_word' id='word_1_382' title='bbox 873 3407 1109 3476; x_wconf 87' lang='lat' dir='ltr'><strong>gratiam</strong></span> <span class='ocrx_word' id='word_1_383' title='bbox 1148 3411 1366 3467; x_wconf 89' lang='lat' dir='ltr'><strong>tradere</strong></span> <span class='ocrx_word' id='word_1_384' title='bbox 1407 3412 1521 3469; x_wconf 89' lang='lat' dir='ltr'><strong>vult</strong></span> <span class='ocrx_word' id='word_1_385' title='bbox 1562 3414 1852 3485; x_wconf 87' lang='lat' dir='ltr'><strong>Apostolus</strong></span> 
     </span>
    </p>
   </div>
   <div class='ocr_carea' id='block_1_49' title="bbox 255 3490 1850 3578">
    <p class='ocr_par' dir='ltr' id='par_1_49' title="bbox 255 3490 1850 3578">
     <span class='ocr_line' id='line_1_49' title="bbox 255 3490 1850 3578; baseline 0.014 -35"><span class='ocrx_word' id='word_1_386' title='bbox 255 3490 322 3544; x_wconf 89' lang='lat' dir='ltr'><strong>ad</strong></span> <span class='ocrx_word' id='word_1_387' title='bbox 367 3491 842 3552; x_wconf 88' lang='lat' dir='ltr'><strong>conﬁrmationem</strong></span> <span class='ocrx_word' id='word_1_388' title='bbox 883 3497 1032 3567; x_wconf 89' lang='lat' dir='ltr'><strong>ﬁdei,</strong></span> <span class='ocrx_word' id='word_1_389' title='bbox 1065 3509 1124 3556; x_wconf 92' lang='lat' dir='ltr'><strong>ut</strong></span> <span class='ocrx_word' id='word_1_390' title='bbox 1155 3502 1300 3559; x_wconf 89' lang='lat' dir='ltr'><strong>ultra</strong></span> <span class='ocrx_word' id='word_1_391' title='bbox 1329 3506 1541 3575; x_wconf 88' lang='lat' dir='ltr'><strong>parvuli</strong></span> <span class='ocrx_word' id='word_1_392' title='bbox 1583 3524 1689 3564; x_wconf 90' lang='lat' dir='ltr'><strong>non</strong></span> <span class='ocrx_word' id='word_1_393' title='bbox 1722 3511 1850 3578; x_wconf 91' lang='lat' dir='ltr'><strong>sint,</strong></span> 
     </span>
    </p>
   </div>
   <div class='ocr_carea' id='block_1_50' title="bbox 256 3583 1853 3667">
    <p class='ocr_par' dir='ltr' id='par_1_50' title="bbox 256 3583 1853 3667">
     <span class='ocr_line' id='line_1_50' title="bbox 256 3583 1853 3667; baseline 0.014 -34"><span class='ocrx_word' id='word_1_394' title='bbox 256 3594 433 3650; x_wconf 88' lang='lat' dir='ltr'><strong>neque</strong></span> <span class='ocrx_word' id='word_1_395' title='bbox 480 3583 929 3643; x_wconf 82' lang='lat' dir='ltr'><strong>circumferantur</strong></span> <span class='ocrx_word' id='word_1_396' title='bbox 976 3593 1124 3647; x_wconf 91' lang='lat' dir='ltr'><strong>omni</strong></span> <span class='ocrx_word' id='word_1_397' title='bbox 1168 3603 1330 3650; x_wconf 87' lang='lat' dir='ltr'><strong>vento</strong></span> <span class='ocrx_word' id='word_1_398' title='bbox 1376 3596 1654 3654; x_wconf 70' lang='lat' dir='ltr'><strong>doctrinm.</strong></span> <span class='ocrx_word' id='word_1_399' title='bbox 1699 3599 1853 3667; x_wconf 86' lang='lat' dir='ltr'><strong>Quod</strong></span> 
     </span>
    </p>
   </div>
   <div class='ocr_carea' id='block_1_51' title="bbox 258 3674 1852 3762">
    <p class='ocr_par' dir='ltr' id='par_1_51' title="bbox 258 3674 1852 3762">
     <span class='ocr_line' id='line_1_51' title="bbox 258 3674 1852 3762; baseline 0.016 -39"><span class='ocrx_word' id='word_1_400' title='bbox 258 3686 384 3725; x_wconf 88' lang='lat' dir='ltr'><strong>cum</strong></span> <span class='ocrx_word' id='word_1_401' title='bbox 428 3674 518 3739; x_wconf 89' lang='lat' dir='ltr'><strong>sit,</strong></span> <span class='ocrx_word' id='word_1_402' title='bbox 564 3676 762 3735; x_wconf 88' lang='lat' dir='ltr'><strong>Paulus</strong></span> <span class='ocrx_word' id='word_1_403' title='bbox 809 3688 865 3734; x_wconf 90' lang='lat' dir='ltr'><strong>et</strong></span> <span class='ocrx_word' id='word_1_404' title='bbox 906 3682 1020 3751; x_wconf 91' lang='lat' dir='ltr'><strong>ipse</strong></span> <span class='ocrx_word' id='word_1_405' title='bbox 1050 3686 1477 3743; x_wconf 90' lang='lat' dir='ltr'><strong>consolationem</strong></span> <span class='ocrx_word' id='word_1_406' title='bbox 1523 3692 1685 3760; x_wconf 90' lang='lat' dir='ltr'><strong>capit,</strong></span> <span class='ocrx_word' id='word_1_407' title='bbox 1717 3708 1852 3762; x_wconf 92' lang='lat' dir='ltr'><strong>opus</strong></span> 
     </span>
    </p>
   </div>
   <div class='ocr_carea' id='block_1_52' title="bbox 261 3766 1847 3853">
    <p class='ocr_par' dir='ltr' id='par_1_52' title="bbox 261 3766 1847 3853">
     <span class='ocr_line' id='line_1_52' title="bbox 261 3766 1847 3853; baseline 0.014 -35"><span class='ocrx_word' id='word_1_408' title='bbox 261 3779 423 3820; x_wconf 89' lang='lat' dir='ltr'><strong>suum</strong></span> <span class='ocrx_word' id='word_1_409' title='bbox 458 3766 676 3825; x_wconf 90' lang='lat' dir='ltr'><strong>ﬁrmum</strong></span> <span class='ocrx_word' id='word_1_410' title='bbox 704 3781 759 3827; x_wconf 90' lang='lat' dir='ltr'><strong>et</strong></span> <span class='ocrx_word' id='word_1_411' title='bbox 788 3775 982 3831; x_wconf 90' lang='lat' dir='ltr'><strong>stabile</strong></span> <span class='ocrx_word' id='word_1_412' title='bbox 1010 3776 1223 3845; x_wconf 90' lang='lat' dir='ltr'><strong>videns,</strong></span> <span class='ocrx_word' id='word_1_413' title='bbox 1264 3788 1320 3834; x_wconf 92' lang='lat' dir='ltr'><strong>et</strong></span> <span class='ocrx_word' id='word_1_414' title='bbox 1363 3781 1440 3836; x_wconf 91' lang='lat' dir='ltr'><strong>illi</strong></span> <span class='ocrx_word' id='word_1_415' title='bbox 1476 3785 1847 3853; x_wconf 89' lang='lat' dir='ltr'><strong>consolantur,</strong></span> 
     </span>
    </p>
   </div>
   <div class='ocr_carea' id='block_1_53' title="bbox 259 3857 1421 3943">
    <p class='ocr_par' dir='ltr' id='par_1_53' title="bbox 259 3857 1421 3943">
     <span class='ocr_line' id='line_1_53' title="bbox 259 3857 1421 3943; baseline 0.015 -33"><span class='ocrx_word' id='word_1_416' title='bbox 259 3857 382 3926; x_wconf 90' lang='lat' dir='ltr'><strong>quia</strong></span> <span class='ocrx_word' id='word_1_417' title='bbox 406 3861 720 3928; x_wconf 73' lang='lat' dir='ltr'><strong>apostolica:</strong></span> <span class='ocrx_word' id='word_1_418' title='bbox 746 3867 935 3936; x_wconf 77' lang='lat' dir='ltr'><strong>gratiae</strong></span> <span class='ocrx_word' id='word_1_419' title='bbox 957 3876 1084 3923; x_wconf 91' lang='lat' dir='ltr'><strong>sunt</strong></span> <span class='ocrx_word' id='word_1_420' title='bbox 1106 3870 1421 3943; x_wconf 90' lang='lat' dir='ltr'><strong>participes.</strong></span> 
     </span>
    </p>
   </div>
   <div class='ocr_carea' id='block_1_54' title="bbox 327 3948 1851 4041">
    <p class='ocr_par' dir='ltr' id='par_1_54' title="bbox 327 3948 1851 4041">
     <span class='ocr_line' id='line_1_54' title="bbox 327 3948 1851 4041; baseline 0.016 -39"><span class='ocrx_word' id='word_1_421' title='bbox 327 3948 472 4004; x_wconf 86' lang='lat' dir='ltr'><strong>Nolo</strong></span> <span class='ocrx_word' id='word_1_422' title='bbox 517 3961 693 4008; x_wconf 90' lang='lat' dir='ltr'><strong>autem</strong></span> <span class='ocrx_word' id='word_1_423' title='bbox 733 3973 820 4011; x_wconf 81' lang='lat' dir='ltr'><strong>vos</strong></span> <span class='ocrx_word' id='word_1_424' title='bbox 859 3959 1126 4030; x_wconf 88' lang='lat' dir='ltr'><strong>ignorare,</strong></span> <span class='ocrx_word' id='word_1_425' title='bbox 1154 3960 1370 4032; x_wconf 82' lang='lat' dir='ltr'><strong>fratres,</strong></span> <span class='ocrx_word' id='word_1_426' title='bbox 1399 3967 1525 4036; x_wconf 87' lang='lat' dir='ltr'><strong>quia</strong></span> <span class='ocrx_word' id='word_1_427' title='bbox 1557 3985 1693 4040; x_wconf 79' lang='lat' dir='ltr'><strong>stepe</strong></span> <span class='ocrx_word' id='word_1_428' title='bbox 1727 3987 1851 4041; x_wconf 87' lang='lat' dir='ltr'><strong>pro-</strong></span> 
     </span>
    </p>
   </div>
   <div class='ocr_carea' id='block_1_55' title="bbox 255 4043 1849 4129">
    <p class='ocr_par' dir='ltr' id='par_1_55' title="bbox 255 4043 1849 4129">
     <span class='ocr_line' id='line_1_55' title="bbox 255 4043 1849 4129; baseline 0.014 -35"><span class='ocrx_word' id='word_1_429' title='bbox 255 4043 405 4110; x_wconf 84' lang='lat' dir='ltr'><strong>posui</strong></span> <span class='ocrx_word' id='word_1_430' title='bbox 431 4046 605 4100; x_wconf 80' lang='lat' dir='ltr'><strong>venire</strong></span> <span class='ocrx_word' id='word_1_431' title='bbox 634 4047 703 4101; x_wconf 89' lang='lat' dir='ltr'><strong>ad</strong></span> <span class='ocrx_word' id='word_1_432' title='bbox 727 4065 841 4116; x_wconf 85' lang='lat' dir='ltr'><strong>vos,</strong></span> <span class='ocrx_word' id='word_1_433' title='bbox 867 4059 915 4105; x_wconf 90' lang='lat' dir='ltr'><strong>et</strong></span> <span class='ocrx_word' id='word_1_434' title='bbox 939 4053 1230 4123; x_wconf 80' lang='lat' dir='ltr'><strong>prohibitus</strong></span> <span class='ocrx_word' id='word_1_435' title='bbox 1254 4072 1370 4110; x_wconf 88' lang='lat' dir='ltr'><strong>sum</strong></span> <span class='ocrx_word' id='word_1_436' title='bbox 1389 4074 1551 4128; x_wconf 86' lang='lat' dir='ltr'><strong>usque</strong></span> <span class='ocrx_word' id='word_1_437' title='bbox 1572 4060 1763 4129; x_wconf 87' lang='lat' dir='ltr'><strong>adhuc,</strong></span> <span class='ocrx_word' id='word_1_438' title='bbox 1790 4070 1849 4117; x_wconf 85' lang='lat' dir='ltr'><strong>ut</strong></span> 
     </span>
    </p>
   </div>
   <div class='ocr_carea' id='block_1_56' title="bbox 255 4134 1847 4215">
    <p class='ocr_par' dir='ltr' id='par_1_56' title="bbox 255 4134 1847 4215">
     <span class='ocr_line' id='line_1_56' title="bbox 255 4134 1847 4215; baseline 0.014 -28"><span class='ocrx_word' id='word_1_439' title='bbox 255 4134 485 4207; x_wconf 85' lang='lat' dir='ltr'><strong>aliquem</strong></span> <span class='ocrx_word' id='word_1_440' title='bbox 512 4139 750 4209; x_wconf 84' lang='lat' dir='ltr'><strong>fructum</strong></span> <span class='ocrx_word' id='word_1_441' title='bbox 787 4143 1008 4199; x_wconf 87' lang='lat' dir='ltr'><strong>habeam</strong></span> <span class='ocrx_word' id='word_1_442' title='bbox 1045 4147 1102 4201; x_wconf 90' lang='lat' dir='ltr'><strong>in</strong></span> <span class='ocrx_word' id='word_1_443' title='bbox 1130 4147 1290 4215; x_wconf 81' lang='lat' dir='ltr'><strong>vobis,</strong></span> <span class='ocrx_word' id='word_1_444' title='bbox 1316 4149 1448 4203; x_wconf 84' lang='lat' dir='ltr'><strong>sicut</strong></span> <span class='ocrx_word' id='word_1_445' title='bbox 1477 4159 1526 4205; x_wconf 90' lang='lat' dir='ltr'><strong>et</strong></span> <span class='ocrx_word' id='word_1_446' title='bbox 1557 4151 1611 4205; x_wconf 88' lang='lat' dir='ltr'><strong>in</strong></span> <span class='ocrx_word' id='word_1_447' title='bbox 1649 4155 1847 4210; x_wconf 74' lang='lat' dir='ltr'><strong>ctrteris</strong></span> 
     </span>
    </p>
   </div>
   <div class='ocr_carea' id='block_1_57' title="bbox 255 4227 1847 4314">
    <p class='ocr_par' dir='ltr' id='par_1_57' title="bbox 255 4227 1847 4314">
     <span class='ocr_line' id='line_1_57' title="bbox 255 4227 1847 4314; baseline 0.013 -34"><span class='ocrx_word' id='word_1_448' title='bbox 255 4228 515 4296; x_wconf 80' lang='lat' dir='ltr'><strong>gentibus,</strong></span> <span class='ocrx_word' id='word_1_449' title='bbox 538 4227 737 4287; x_wconf 65' lang='lat' dir='ltr'><strong>Graecis</strong></span> <span class='ocrx_word' id='word_1_450' title='bbox 783 4251 846 4288; x_wconf 87' lang='lat' dir='ltr'><strong>ac</strong></span> <span class='ocrx_word' id='word_1_451' title='bbox 873 4234 1136 4305; x_wconf 88' lang='lat' dir='ltr'><strong>barbaris,</strong></span> <span class='ocrx_word' id='word_1_452' title='bbox 1157 4240 1478 4309; x_wconf 83' lang='lat' dir='ltr'><strong>sapientibus</strong></span> <span class='ocrx_word' id='word_1_453' title='bbox 1508 4258 1570 4295; x_wconf 87' lang='lat' dir='ltr'><strong>ac</strong></span> <span class='ocrx_word' id='word_1_454' title='bbox 1598 4244 1847 4314; x_wconf 86' lang='lat' dir='ltr'><strong>insipien-</strong></span> 
     </span>
    </p>
   </div>
   <div class='ocr_carea' id='block_1_58' title="bbox 257 4316 1845 4402">
    <p class='ocr_par' dir='ltr' id='par_1_58' title="bbox 257 4316 1845 4402">
     <span class='ocr_line' id='line_1_58' title="bbox 257 4316 1845 4402; baseline 0.013 -33"><span class='ocrx_word' id='word_1_455' title='bbox 257 4316 395 4371; x_wconf 84' lang='lat' dir='ltr'><strong>tibus</strong></span> <span class='ocrx_word' id='word_1_456' title='bbox 417 4318 621 4373; x_wconf 86' lang='lat' dir='ltr'><strong>debitor</strong></span> <span class='ocrx_word' id='word_1_457' title='bbox 643 4338 777 4377; x_wconf 86' lang='lat' dir='ltr'><strong>sum.</strong></span> <span class='ocrx_word' id='word_1_458' title='bbox 804 4322 994 4397; x_wconf 88' lang='lat' dir='ltr'><strong>Itaque</strong></span> <span class='ocrx_word' id='word_1_459' title='bbox 1012 4327 1154 4398; x_wconf 87' lang='lat' dir='ltr'><strong>quod</strong></span> <span class='ocrx_word' id='word_1_460' title='bbox 1178 4321 1238 4383; x_wconf 72' lang='lat' dir='ltr'><strong>in</strong></span> <span class='ocrx_word' id='word_1_461' title='bbox 1258 4345 1339 4384; x_wconf 91' lang='lat' dir='ltr'><strong>me</strong></span> <span class='ocrx_word' id='word_1_462' title='bbox 1363 4342 1655 4402; x_wconf 89' lang='lat' dir='ltr'><strong>promptum</strong></span> <span class='ocrx_word' id='word_1_463' title='bbox 1681 4344 1777 4402; x_wconf 88' lang='lat' dir='ltr'><strong>est,</strong></span> <span class='ocrx_word' id='word_1_464' title='bbox 1798 4343 1845 4390; x_wconf 91' lang='lat' dir='ltr'><strong>et</strong></span> 
     </span>
    </p>
   </div>
   <div class='ocr_carea' id='block_1_59' title="bbox 254 4408 1847 4497">
    <p class='ocr_par' dir='ltr' id='par_1_59' title="bbox 254 4408 1847 4497">
     <span class='ocr_line' id='line_1_59' title="bbox 254 4408 1847 4497; baseline 0.013 -37"><span class='ocrx_word' id='word_1_465' title='bbox 254 4408 393 4463; x_wconf 76' lang='lat' dir='ltr'><strong>vobis</strong></span> <span class='ocrx_word' id='word_1_466' title='bbox 418 4410 510 4481; x_wconf 88' lang='lat' dir='ltr'><strong>qui</strong></span> <span class='ocrx_word' id='word_1_467' title='bbox 534 4410 716 4469; x_wconf 79' lang='lat' dir='ltr'><strong>Romae</strong></span> <span class='ocrx_word' id='word_1_468' title='bbox 735 4416 861 4471; x_wconf 87' lang='lat' dir='ltr'><strong>estis</strong></span> <span class='ocrx_word' id='word_1_469' title='bbox 881 4417 1259 4490; x_wconf 78' lang='lat' dir='ltr'><strong>euangelizare.</strong></span> <span class='ocrx_word' id='word_1_470' title='bbox 1281 4420 1380 4476; x_wconf 88' lang='lat' dir='ltr'><strong>Est</strong></span> <span class='ocrx_word' id='word_1_471' title='bbox 1403 4423 1621 4487; x_wconf 77' lang='lat' dir='ltr'><strong>quidem</strong></span> <span class='ocrx_word' id='word_1_472' title='bbox 1649 4425 1847 4497; x_wconf 87' lang='lat' dir='ltr'><strong>hyper-</strong></span> 
     </span>
    </p>
   </div>
   <div class='ocr_carea' id='block_1_60' title="bbox 253 4497 1845 4592">
    <p class='ocr_par' dir='ltr' id='par_1_60' title="bbox 253 4497 1845 4592">
     <span class='ocr_line' id='line_1_60' title="bbox 253 4497 1845 4592; baseline 0.014 -39"><span class='ocrx_word' id='word_1_473' title='bbox 253 4497 417 4556; x_wconf 89' lang='lat' dir='ltr'><strong>baton</strong></span> <span class='ocrx_word' id='word_1_474' title='bbox 448 4502 504 4556; x_wconf 90' lang='lat' dir='ltr'><strong>in</strong></span> <span class='ocrx_word' id='word_1_475' title='bbox 549 4503 655 4561; x_wconf 91' lang='lat' dir='ltr'><strong>hoc</strong></span> <span class='ocrx_word' id='word_1_476' title='bbox 687 4506 827 4576; x_wconf 92' lang='lat' dir='ltr'><strong>loco,</strong></span> <span class='ocrx_word' id='word_1_477' title='bbox 869 4518 1031 4566; x_wconf 90' lang='lat' dir='ltr'><strong>estet</strong></span> <span class='ocrx_word' id='word_1_478' title='bbox 1057 4511 1344 4569; x_wconf 89' lang='lat' dir='ltr'><strong>locutionis</strong></span> <span class='ocrx_word' id='word_1_479' title='bbox 1372 4513 1620 4572; x_wconf 84' lang='lat' dir='ltr'><strong>defectio.</strong></span> <span class='ocrx_word' id='word_1_480' title='bbox 1660 4516 1720 4573; x_wconf 91' lang='lat' dir='ltr'><strong>Si</strong></span> <span class='ocrx_word' id='word_1_481' title='bbox 1746 4519 1845 4592; x_wconf 88' lang='lat' dir='ltr'><strong>hy-</strong></span> 
     </span>
    </p>
   </div>
   <div class='ocr_carea' id='block_1_61' title="bbox 252 4594 1839 4675">
    <p class='ocr_par' dir='ltr' id='par_1_61' title="bbox 252 4594 1839 4675">
     <span class='ocr_line' id='line_1_61' title="bbox 252 4594 1839 4675; baseline 0.016 -31"><span class='ocrx_word' id='word_1_482' title='bbox 252 4594 533 4660; x_wconf 86' lang='lat' dir='ltr'><strong>perbaton,</strong></span> <span class='ocrx_word' id='word_1_483' title='bbox 566 4595 672 4652; x_wconf 87' lang='lat' dir='ltr'><strong>hoc</strong></span> <span class='ocrx_word' id='word_1_484' title='bbox 699 4599 859 4655; x_wconf 90' lang='lat' dir='ltr'><strong>modo</strong></span> <span class='ocrx_word' id='word_1_485' title='bbox 883 4602 1112 4659; x_wconf 90' lang='lat' dir='ltr'><strong>reddere</strong></span> <span class='ocrx_word' id='word_1_486' title='bbox 1139 4620 1427 4675; x_wconf 85' lang='lat' dir='ltr'><strong>possumus</strong></span> <span class='ocrx_word' id='word_1_487' title='bbox 1452 4625 1465 4661; x_wconf 88' lang='lat'><strong>:</strong></span> <span class='ocrx_word' id='word_1_488' title='bbox 1494 4607 1631 4665; x_wconf 87' lang='lat' dir='ltr'><strong>Nolo</strong></span> <span class='ocrx_word' id='word_1_489' title='bbox 1656 4618 1839 4668; x_wconf 89' lang='lat' dir='ltr'><strong>autem</strong></span> 
     </span>
    </p>
   </div>
   <div class='ocr_carea' id='block_1_62' title="bbox 253 4677 1838 4769">
    <p class='ocr_par' dir='ltr' id='par_1_62' title="bbox 253 4677 1838 4769">
     <span class='ocr_line' id='line_1_62' title="bbox 253 4677 1838 4769; baseline 0.016 -36"><span class='ocrx_word' id='word_1_490' title='bbox 253 4677 507 4749; x_wconf 87' lang='lat' dir='ltr'><strong>ignorare</strong></span> <span class='ocrx_word' id='word_1_491' title='bbox 534 4699 653 4753; x_wconf 90' lang='lat' dir='ltr'><strong>vos,</strong></span> <span class='ocrx_word' id='word_1_492' title='bbox 677 4686 895 4757; x_wconf 80' lang='lat' dir='ltr'><strong>fratres,</strong></span> <span class='ocrx_word' id='word_1_493' title='bbox 920 4692 1046 4761; x_wconf 89' lang='lat' dir='ltr'><strong>quia</strong></span> <span class='ocrx_word' id='word_1_494' title='bbox 1076 4709 1217 4765; x_wconf 64' lang='lat' dir='ltr'><strong>saepe</strong></span> <span class='ocrx_word' id='word_1_495' title='bbox 1243 4699 1503 4769; x_wconf 90' lang='lat' dir='ltr'><strong>proposui</strong></span> <span class='ocrx_word' id='word_1_496' title='bbox 1542 4701 1731 4757; x_wconf 90' lang='lat' dir='ltr'><strong>venire</strong></span> <span class='ocrx_word' id='word_1_497' title='bbox 1770 4703 1838 4759; x_wconf 92' lang='lat' dir='ltr'><strong>ad</strong></span> 
     </span>
    </p>
   </div>
   <div class='ocr_carea' id='block_1_63' title="bbox 253 4775 1838 4854">
    <p class='ocr_par' dir='ltr' id='par_1_63' title="bbox 253 4775 1838 4854">
     <span class='ocr_line' id='line_1_63' title="bbox 253 4775 1838 4854; baseline 0.017 -30"><span class='ocrx_word' id='word_1_498' title='bbox 253 4785 369 4836; x_wconf 89' lang='lat' dir='ltr'><strong>vos,</strong></span> <span class='ocrx_word' id='word_1_499' title='bbox 403 4781 466 4828; x_wconf 91' lang='lat' dir='ltr'><strong>ut</strong></span> <span class='ocrx_word' id='word_1_500' title='bbox 496 4775 729 4847; x_wconf 89' lang='lat' dir='ltr'><strong>aliquem</strong></span> <span class='ocrx_word' id='word_1_501' title='bbox 756 4779 995 4838; x_wconf 83' lang='lat' dir='ltr'><strong>fructum</strong></span> <span class='ocrx_word' id='word_1_502' title='bbox 1041 4785 1273 4842; x_wconf 85' lang='lat' dir='ltr'><strong>habeam</strong></span> <span class='ocrx_word' id='word_1_503' title='bbox 1314 4787 1371 4843; x_wconf 90' lang='lat' dir='ltr'><strong>in</strong></span> <span class='ocrx_word' id='word_1_504' title='bbox 1410 4790 1582 4854; x_wconf 90' lang='lat' dir='ltr'><strong>vobis,</strong></span> <span class='ocrx_word' id='word_1_505' title='bbox 1614 4792 1757 4848; x_wconf 89' lang='lat' dir='ltr'><strong>sicut</strong></span> <span class='ocrx_word' id='word_1_506' title='bbox 1783 4802 1838 4852; x_wconf 91' lang='lat' dir='ltr'><strong>et</strong></span> 
     </span>
    </p>
   </div>
   <div class='ocr_carea' id='block_1_64' title="bbox 252 4860 1834 4952">
    <p class='ocr_par' dir='ltr' id='par_1_64' title="bbox 252 4860 1834 4952">
     <span class='ocr_line' id='line_1_64' title="bbox 252 4860 1834 4952; baseline 0.016 -37"><span class='ocrx_word' id='word_1_507' title='bbox 252 4860 308 4916; x_wconf 91' lang='lat' dir='ltr'><strong>in</strong></span> <span class='ocrx_word' id='word_1_508' title='bbox 347 4866 562 4921; x_wconf 66' lang='lat' dir='ltr'><strong>caeteris</strong></span> <span class='ocrx_word' id='word_1_509' title='bbox 592 4871 861 4940; x_wconf 89' lang='lat' dir='ltr'><strong>gentibus,</strong></span> <span class='ocrx_word' id='word_1_510' title='bbox 892 4873 1095 4933; x_wconf 71' lang='lat' dir='ltr'><strong>Graecis</strong></span> <span class='ocrx_word' id='word_1_511' title='bbox 1121 4886 1177 4932; x_wconf 89' lang='lat' dir='ltr'><strong>et</strong></span> <span class='ocrx_word' id='word_1_512' title='bbox 1203 4878 1474 4949; x_wconf 87' lang='lat' dir='ltr'><strong>barbaris,</strong></span> <span class='ocrx_word' id='word_1_513' title='bbox 1498 4882 1834 4952; x_wconf 89' lang='lat' dir='ltr'><strong>sapientibus</strong></span> 
     </span>
    </p>
   </div>
   <div class='ocr_carea' id='block_1_65' title="bbox 250 4955 1834 5044">
    <p class='ocr_par' dir='ltr' id='par_1_65' title="bbox 250 4955 1834 5044">
     <span class='ocr_line' id='line_1_65' title="bbox 250 4955 1834 5044; baseline 0.018 -37"><span class='ocrx_word' id='word_1_514' title='bbox 250 4960 305 5008; x_wconf 91' lang='lat' dir='ltr'><strong>et</strong></span> <span class='ocrx_word' id='word_1_515' title='bbox 334 4955 733 5030; x_wconf 90' lang='lat' dir='ltr'><strong>insipientibus,</strong></span> <span class='ocrx_word' id='word_1_516' title='bbox 759 4973 816 5020; x_wconf 90' lang='lat' dir='ltr'><strong>et</strong></span> <span class='ocrx_word' id='word_1_517' title='bbox 842 4968 1146 5036; x_wconf 88' lang='lat' dir='ltr'><strong>prohibitus</strong></span> <span class='ocrx_word' id='word_1_518' title='bbox 1174 4986 1293 5026; x_wconf 92' lang='lat' dir='ltr'><strong>sum</strong></span> <span class='ocrx_word' id='word_1_519' title='bbox 1321 4987 1492 5044; x_wconf 90' lang='lat' dir='ltr'><strong>usque</strong></span> <span class='ocrx_word' id='word_1_520' title='bbox 1514 4977 1706 5033; x_wconf 89' lang='lat' dir='ltr'><strong>adhuc.</strong></span> <span class='ocrx_word' id='word_1_521' title='bbox 1731 4977 1834 5034; x_wconf 90' lang='lat' dir='ltr'><strong>De-</strong></span> 
     </span>
    </p>
   </div>
   <div class='ocr_carea' id='block_1_66' title="bbox 251 5043 1833 5136">
    <p class='ocr_par' dir='ltr' id='par_1_66' title="bbox 251 5043 1833 5136">
     <span class='ocr_line' id='line_1_66' title="bbox 251 5043 1833 5136; baseline 0.016 -36"><span class='ocrx_word' id='word_1_522' title='bbox 251 5043 413 5104; x_wconf 73' lang='lat' dir='ltr'><strong>iectio</strong></span> <span class='ocrx_word' id='word_1_523' title='bbox 436 5065 568 5107; x_wconf 90' lang='lat' dir='ltr'><strong>vero</strong></span> <span class='ocrx_word' id='word_1_524' title='bbox 593 5054 917 5113; x_wconf 90' lang='lat' dir='ltr'><strong>elocutionis</strong></span> <span class='ocrx_word' id='word_1_525' title='bbox 944 5060 1047 5115; x_wconf 89' lang='lat' dir='ltr'><strong>hoc</strong></span> <span class='ocrx_word' id='word_1_526' title='bbox 1069 5062 1230 5117; x_wconf 86' lang='lat' dir='ltr'><strong>modo</strong></span> <span class='ocrx_word' id='word_1_527' title='bbox 1256 5043 1657 5136; x_wconf 86' lang='lat' dir='ltr'><strong>adimplebitur,</strong></span> <span class='ocrx_word' id='word_1_528' title='bbox 1686 5069 1741 5124; x_wconf 90' lang='lat' dir='ltr'><strong>in</strong></span> <span class='ocrx_word' id='word_1_529' title='bbox 1766 5085 1833 5127; x_wconf 90' lang='lat' dir='ltr'><strong>eo</strong></span> 
     </span>
    </p>
   </div>
   <div class='ocr_carea' id='block_1_67' title="bbox 249 5138 1826 5228">
    <p class='ocr_par' dir='ltr' id='par_1_67' title="bbox 249 5138 1826 5228">
     <span class='ocr_line' id='line_1_67' title="bbox 249 5138 1826 5228; baseline 0.016 -36"><span class='ocrx_word' id='word_1_530' title='bbox 249 5138 339 5193; x_wconf 86' lang='lat' dir='ltr'><strong>ubi</strong></span> <span class='ocrx_word' id='word_1_531' title='bbox 369 5140 529 5197; x_wconf 88' lang='lat' dir='ltr'><strong>dicit:</strong></span> <span class='ocrx_word' id='word_1_532' title='bbox 551 5144 621 5199; x_wconf 83' lang='lat' dir='ltr'><strong>Et</strong></span> <span class='ocrx_word' id='word_1_533' title='bbox 646 5147 701 5201; x_wconf 87' lang='lat' dir='ltr'><strong>in</strong></span> <span class='ocrx_word' id='word_1_534' title='bbox 734 5150 937 5204; x_wconf 66' lang='lat' dir='ltr'><strong>ceteris</strong></span> <span class='ocrx_word' id='word_1_535' title='bbox 958 5151 1217 5220; x_wconf 87' lang='lat' dir='ltr'><strong>gentibus,</strong></span> <span class='ocrx_word' id='word_1_536' title='bbox 1246 5151 1443 5212; x_wconf 60' lang='lat' dir='ltr'><strong>Graecis</strong></span> <span class='ocrx_word' id='word_1_537' title='bbox 1466 5175 1529 5212; x_wconf 89' lang='lat' dir='ltr'><strong>ac</strong></span> <span class='ocrx_word' id='word_1_538' title='bbox 1567 5159 1826 5228; x_wconf 84' lang='lat' dir='ltr'><strong>barbaris,</strong></span> 
     </span>
    </p>
   </div>
   <div class='ocr_carea' id='block_1_68' title="bbox 248 5232 1829 5325">
    <p class='ocr_par' dir='ltr' id='par_1_68' title="bbox 248 5232 1829 5325">
     <span class='ocr_line' id='line_1_68' title="bbox 248 5232 1829 5325; baseline 0.018 -43"><span class='ocrx_word' id='word_1_539' title='bbox 248 5232 568 5300; x_wconf 80' lang='lat' dir='ltr'><strong>sapientibus</strong></span> <span class='ocrx_word' id='word_1_540' title='bbox 612 5246 660 5292; x_wconf 91' lang='lat' dir='ltr'><strong>et</strong></span> <span class='ocrx_word' id='word_1_541' title='bbox 703 5238 1087 5310; x_wconf 84' lang='lat' dir='ltr'><strong>insipientibus,</strong></span> <span class='ocrx_word' id='word_1_542' title='bbox 1129 5244 1342 5302; x_wconf 88' lang='lat' dir='ltr'><strong>videtur</strong></span> <span class='ocrx_word' id='word_1_543' title='bbox 1388 5249 1605 5318; x_wconf 87' lang='lat' dir='ltr'><strong>deesse,</strong></span> <span class='ocrx_word' id='word_1_544' title='bbox 1642 5255 1829 5325; x_wconf 81' lang='lat' dir='ltr'><strong>quibus</strong></span> 
     </span>
    </p>
   </div>
   <div class='ocr_carea' id='block_1_69' title="bbox 247 5322 1832 5418">
    <p class='ocr_par' dir='ltr' id='par_1_69' title="bbox 247 5322 1832 5418">
     <span class='ocr_line' id='line_1_69' title="bbox 247 5322 1832 5418; baseline 0.018 -41"><span class='ocrx_word' id='word_1_545' title='bbox 247 5322 453 5380; x_wconf 86' lang='lat' dir='ltr'><strong>debitor</strong></span> <span class='ocrx_word' id='word_1_546' title='bbox 479 5345 596 5384; x_wconf 87' lang='lat' dir='ltr'><strong>sum</strong></span> <span class='ocrx_word' id='word_1_547' title='bbox 618 5345 637 5383; x_wconf 91' lang='lat'><strong><em>:</em></strong></span> <span class='ocrx_word' id='word_1_548' title='bbox 667 5340 728 5388; x_wconf 92' lang='lat' dir='ltr'><strong>ut</strong></span> <span class='ocrx_word' id='word_1_549' title='bbox 768 5334 840 5389; x_wconf 90' lang='lat' dir='ltr'><strong>sit</strong></span> <span class='ocrx_word' id='word_1_550' title='bbox 870 5335 992 5392; x_wconf 90' lang='lat' dir='ltr'><strong>talis</strong></span> <span class='ocrx_word' id='word_1_551' title='bbox 1036 5339 1369 5394; x_wconf 88' lang='lat' dir='ltr'><strong>consuetudo</strong></span> <span class='ocrx_word' id='word_1_552' title='bbox 1406 5341 1536 5413; x_wconf 83' lang='grc' dir='ltr'><strong>[Αι.,</strong></span> <span class='ocrx_word' id='word_1_553' title='bbox 1564 5322 1832 5418; x_wconf 85' lang='lat' dir='ltr'><strong>composi-</strong></span> 
     </span>
    </p>
   </div>
   <div class='ocr_carea' id='block_1_70' title="bbox 249 5418 1830 5502">
    <p class='ocr_par' dir='ltr' id='par_1_70' title="bbox 249 5418 1830 5502">
     <span class='ocr_line' id='line_1_70' title="bbox 249 5418 1830 5502; baseline 0.015 -29"><span class='ocrx_word' id='word_1_554' title='bbox 249 5418 347 5492; x_wconf 89' lang='lat' dir='ltr'><strong>tio]</strong></span> <span class='ocrx_word' id='word_1_555' title='bbox 383 5440 396 5476; x_wconf 88' lang='lat'><strong>:</strong></span> <span class='ocrx_word' id='word_1_556' title='bbox 431 5423 586 5480; x_wconf 89' lang='lat' dir='ltr'><strong>Sicut</strong></span> <span class='ocrx_word' id='word_1_557' title='bbox 626 5425 862 5484; x_wconf 79' lang='lat' dir='ltr'><strong>fructum</strong></span> <span class='ocrx_word' id='word_1_558' title='bbox 889 5430 1062 5487; x_wconf 90' lang='lat' dir='ltr'><strong>habeo</strong></span> <span class='ocrx_word' id='word_1_559' title='bbox 1089 5440 1144 5488; x_wconf 86' lang='lat' dir='ltr'><strong>et</strong></span> <span class='ocrx_word' id='word_1_560' title='bbox 1174 5432 1229 5487; x_wconf 93' lang='lat' dir='ltr'><strong>in</strong></span> <span class='ocrx_word' id='word_1_561' title='bbox 1255 5436 1489 5502; x_wconf 61' lang='lat' dir='ltr'><strong>caeteris,</strong></span> <span class='ocrx_word' id='word_1_562' title='bbox 1530 5436 1733 5496; x_wconf 83' lang='lat' dir='ltr'><strong>Graecis</strong></span> <span class='ocrx_word' id='word_1_563' title='bbox 1775 5452 1830 5497; x_wconf 91' lang='lat' dir='ltr'><strong>et</strong></span> 
     </span>
    </p>
   </div>
   <div class='ocr_carea' id='block_1_71' title="bbox 248 5513 1828 5599">
    <p class='ocr_par' dir='ltr' id='par_1_71' title="bbox 248 5513 1828 5599">
     <span class='ocr_line' id='line_1_71' title="bbox 248 5513 1828 5599; baseline 0.014 -31"><span class='ocrx_word' id='word_1_564' title='bbox 248 5513 521 5584; x_wconf 83' lang='lat' dir='ltr'><strong>barbaris,</strong></span> <span class='ocrx_word' id='word_1_565' title='bbox 567 5522 900 5592; x_wconf 85' lang='lat' dir='ltr'><strong>sapientibus</strong></span> <span class='ocrx_word' id='word_1_566' title='bbox 928 5533 985 5579; x_wconf 89' lang='lat' dir='ltr'><strong>et</strong></span> <span class='ocrx_word' id='word_1_567' title='bbox 1020 5526 1416 5596; x_wconf 88' lang='lat' dir='ltr'><strong>insipientibus,</strong></span> <span class='ocrx_word' id='word_1_568' title='bbox 1458 5530 1654 5599; x_wconf 88' lang='lat' dir='ltr'><strong>quibus</strong></span> <span class='ocrx_word' id='word_1_569' title='bbox 1681 5534 1828 5591; x_wconf 89' lang='lat' dir='ltr'><strong>debi-</strong></span> 
     </span>
    </p>
   </div>
   <div class='ocr_carea' id='block_1_72' title="bbox 248 5612 1828 5691">
    <p class='ocr_par' dir='ltr' id='par_1_72' title="bbox 248 5612 1828 5691">
     <span class='ocr_line' id='line_1_72' title="bbox 248 5612 1828 5691; baseline 0.014 -32"><span class='ocrx_word' id='word_1_570' title='bbox 248 5612 334 5659; x_wconf 87' lang='lat' dir='ltr'><strong>tor</strong></span> <span class='ocrx_word' id='word_1_571' title='bbox 378 5624 495 5664; x_wconf 90' lang='lat' dir='ltr'><strong>sum</strong></span> <span class='ocrx_word' id='word_1_572' title='bbox 541 5630 555 5664; x_wconf 88' lang='lat'><strong>:</strong></span> <span class='ocrx_word' id='word_1_573' title='bbox 587 5614 662 5667; x_wconf 88' lang='lat' dir='ltr'><strong>ita</strong></span> <span class='ocrx_word' id='word_1_574' title='bbox 697 5615 837 5684; x_wconf 87' lang='lat' dir='ltr'><strong>quod</strong></span> <span class='ocrx_word' id='word_1_575' title='bbox 871 5617 928 5671; x_wconf 84' lang='lat' dir='ltr'><strong>in</strong></span> <span class='ocrx_word' id='word_1_576' title='bbox 963 5633 1044 5670; x_wconf 89' lang='lat' dir='ltr'><strong>me</strong></span> <span class='ocrx_word' id='word_1_577' title='bbox 1071 5625 1175 5683; x_wconf 83' lang='lat' dir='ltr'><strong>est,</strong></span> <span class='ocrx_word' id='word_1_578' title='bbox 1212 5629 1481 5691; x_wconf 87' lang='lat' dir='ltr'><strong>promptus</strong></span> <span class='ocrx_word' id='word_1_579' title='bbox 1516 5638 1632 5675; x_wconf 86' lang='lat' dir='ltr'><strong>sum</strong></span> <span class='ocrx_word' id='word_1_580' title='bbox 1670 5626 1828 5680; x_wconf 87' lang='lat' dir='ltr'><strong>etiam</strong></span> 
     </span>
    </p>
   </div>
   <div class='ocr_carea' id='block_1_73' title="bbox 248 5701 1827 5789">
    <p class='ocr_par' dir='ltr' id='par_1_73' title="bbox 248 5701 1827 5789">
     <span class='ocr_line' id='line_1_73' title="bbox 248 5701 1827 5789; baseline 0.013 -36"><span class='ocrx_word' id='word_1_581' title='bbox 248 5701 390 5755; x_wconf 77' lang='lat' dir='ltr'><strong>vobis</strong></span> <span class='ocrx_word' id='word_1_582' title='bbox 417 5705 508 5774; x_wconf 89' lang='lat' dir='ltr'><strong>qui</strong></span> <span class='ocrx_word' id='word_1_583' title='bbox 545 5704 728 5761; x_wconf 64' lang='lat' dir='ltr'><strong>Roma?</strong></span> <span class='ocrx_word' id='word_1_584' title='bbox 754 5710 895 5774; x_wconf 87' lang='lat' dir='ltr'><strong>estis,</strong></span> <span class='ocrx_word' id='word_1_585' title='bbox 933 5710 1309 5781; x_wconf 78' lang='lat' dir='ltr'><strong>euangelizare,</strong></span> <span class='ocrx_word' id='word_1_586' title='bbox 1331 5723 1380 5767; x_wconf 88' lang='lat' dir='ltr'><strong>et</strong></span> <span class='ocrx_word' id='word_1_587' title='bbox 1409 5712 1540 5785; x_wconf 84' lang='lat' dir='ltr'><strong>[Al.,</strong></span> <span class='ocrx_word' id='word_1_588' title='bbox 1565 5715 1678 5789; x_wconf 86' lang='lat' dir='ltr'><strong>sed]</strong></span> <span class='ocrx_word' id='word_1_589' title='bbox 1707 5736 1827 5788; x_wconf 88' lang='lat' dir='ltr'><strong>pro-</strong></span> 
     </span>
    </p>
   </div>
   <div class='ocr_carea' id='block_1_74' title="bbox 247 5789 1824 5879">
    <p class='ocr_par' dir='ltr' id='par_1_74' title="bbox 247 5789 1824 5879">
     <span class='ocr_line' id='line_1_74' title="bbox 247 5789 1824 5879; baseline 0.013 -36"><span class='ocrx_word' id='word_1_590' title='bbox 247 5789 446 5850; x_wconf 84' lang='lat' dir='ltr'><strong>hioitus</strong></span> <span class='ocrx_word' id='word_1_591' title='bbox 500 5814 640 5854; x_wconf 89' lang='lat' dir='ltr'><strong>sum.</strong></span> <span class='ocrx_word' id='word_1_592' title='bbox 677 5798 958 5872; x_wconf 85' lang='lat' dir='ltr'><strong>Siquidem</strong></span> <span class='ocrx_word' id='word_1_593' title='bbox 1001 5817 1033 5859; x_wconf 83' lang='lat' dir='ltr'><strong>a</strong></span> <span class='ocrx_word' id='word_1_594' title='bbox 1078 5803 1193 5859; x_wconf 87' lang='lat' dir='ltr'><strong>Deo</strong></span> <span class='ocrx_word' id='word_1_595' title='bbox 1235 5812 1454 5875; x_wconf 87' lang='lat' dir='ltr'><strong>putetur</strong></span> <span class='ocrx_word' id='word_1_596' title='bbox 1500 5806 1824 5879; x_wconf 87' lang='lat' dir='ltr'><strong>prohibitus,</strong></span> 
     </span>
    </p>
   </div>
   <div class='ocr_carea' id='block_1_75' title="bbox 1955 1945 3540 2043">
    <p class='ocr_par' dir='ltr' id='par_1_75' title="bbox 1955 1945 3540 2043">
     <span class='ocr_line' id='line_1_75' title="bbox 1955 1945 3540 2043; baseline 0.021 -43"><span class='ocrx_word' id='word_1_597' title='bbox 1955 1945 2163 2002; x_wconf 85' lang='lat' dir='ltr'><strong>cedem.</strong></span> <span class='ocrx_word' id='word_1_598' title='bbox 2195 1946 2343 2004; x_wconf 81' lang='lat' dir='ltr'><strong>Sicut</strong></span> <span class='ocrx_word' id='word_1_599' title='bbox 2377 1962 2426 2007; x_wconf 88' lang='lat' dir='ltr'><strong>et</strong></span> <span class='ocrx_word' id='word_1_600' title='bbox 2462 1954 2518 2009; x_wconf 88' lang='lat' dir='ltr'><strong>in</strong></span> <span class='ocrx_word' id='word_1_601' title='bbox 2552 1960 2753 2014; x_wconf 77' lang='lat' dir='ltr'><strong>cteteris</strong></span> <span class='ocrx_word' id='word_1_602' title='bbox 2778 1965 3035 2033; x_wconf 86' lang='lat' dir='ltr'><strong>gentibus.</strong></span> <span class='ocrx_word' id='word_1_603' title='bbox 3073 1968 3335 2043; x_wconf 80' lang='lat' dir='ltr'><strong>Exemplo</strong></span> <span class='ocrx_word' id='word_1_604' title='bbox 3377 1984 3540 2033; x_wconf 64' lang='lat' dir='ltr'><strong>caete-</strong></span> 
     </span>
    </p>
   </div>
   <div class='ocr_carea' id='block_1_76' title="bbox 1956 2041 3539 2128">
    <p class='ocr_par' dir='ltr' id='par_1_76' title="bbox 1956 2041 3539 2128">
     <span class='ocr_line' id='line_1_76' title="bbox 1956 2041 3539 2128; baseline 0.023 -40"><span class='ocrx_word' id='word_1_605' title='bbox 1956 2049 2141 2092; x_wconf 89' lang='lat' dir='ltr'><strong>rarum</strong></span> <span class='ocrx_word' id='word_1_606' title='bbox 2166 2041 2433 2110; x_wconf 88' lang='lat' dir='ltr'><strong>gentium;</strong></span> <span class='ocrx_word' id='word_1_607' title='bbox 2462 2050 2765 2119; x_wconf 89' lang='lat' dir='ltr'><strong>promptior</strong></span> <span class='ocrx_word' id='word_1_608' title='bbox 2783 2054 2930 2110; x_wconf 89' lang='lat' dir='ltr'><strong>enim</strong></span> <span class='ocrx_word' id='word_1_609' title='bbox 2959 2056 3022 2112; x_wconf 90' lang='lat' dir='ltr'><strong>ﬁt</strong></span> <span class='ocrx_word' id='word_1_610' title='bbox 3045 2060 3169 2128; x_wconf 91' lang='lat' dir='ltr'><strong>quis</strong></span> <span class='ocrx_word' id='word_1_611' title='bbox 3195 2041 3262 2118; x_wconf 85' lang='lat' dir='ltr'><strong>ad</strong></span> <span class='ocrx_word' id='word_1_612' title='bbox 3290 2080 3405 2121; x_wconf 90' lang='lat' dir='ltr'><strong>rem</strong></span> <span class='ocrx_word' id='word_1_613' title='bbox 3431 2068 3539 2125; x_wconf 89' lang='lat' dir='ltr'><strong>sibi</strong></span> 
     </span>
    </p>
   </div>
   <div class='ocr_carea' id='block_1_77' title="bbox 1899 2127 3536 2215">
    <p class='ocr_par' dir='ltr' id='par_1_77' title="bbox 1899 2127 3536 2215">
     <span class='ocr_line' id='line_1_77' title="bbox 1899 2127 3536 2215; baseline 0.024 -40"><span class='ocrx_word' id='word_1_614' title='bbox 1899 2204 1908 2215; x_wconf 38' lang='lat' dir='ltr'><strong>I</strong></span> <span class='ocrx_word' id='word_1_615' title='bbox 1958 2127 2233 2195; x_wconf 86' lang='lat' dir='ltr'><strong>traditam,</strong></span> <span class='ocrx_word' id='word_1_616' title='bbox 2264 2131 2311 2185; x_wconf 90' lang='lat' dir='ltr'><strong>si</strong></span> <span class='ocrx_word' id='word_1_617' title='bbox 2347 2132 2424 2187; x_wconf 88' lang='lat' dir='ltr'><strong>illi</strong></span> <span class='ocrx_word' id='word_1_618' title='bbox 2452 2137 2650 2195; x_wconf 88' lang='lat' dir='ltr'><strong>multos</strong></span> <span class='ocrx_word' id='word_1_619' title='bbox 2691 2143 2873 2200; x_wconf 89' lang='lat' dir='ltr'><strong>videat</strong></span> <span class='ocrx_word' id='word_1_620' title='bbox 2906 2127 3191 2208; x_wconf 73' lang='lat' dir='ltr'><strong>assentire.</strong></span> <span class='ocrx_word' id='word_1_621' title='bbox 3218 2154 3296 2210; x_wconf 91' lang='lat' dir='ltr'><strong>De</strong></span> <span class='ocrx_word' id='word_1_622' title='bbox 3333 2155 3536 2215; x_wconf 71' lang='lat' dir='ltr'><strong>Judteis</strong></span> 
     </span>
    </p>
   </div>
   <div class='ocr_carea' id='block_1_78' title="bbox 1958 2220 3539 2305">
    <p class='ocr_par' dir='ltr' id='par_1_78' title="bbox 1958 2220 3539 2305">
     <span class='ocr_line' id='line_1_78' title="bbox 1958 2220 3539 2305; baseline 0.024 -39"><span class='ocrx_word' id='word_1_623' title='bbox 1958 2221 2138 2269; x_wconf 87' lang='lat' dir='ltr'><strong>autem</strong></span> <span class='ocrx_word' id='word_1_624' title='bbox 2171 2220 2358 2286; x_wconf 88' lang='lat' dir='ltr'><strong>tacuit,</strong></span> <span class='ocrx_word' id='word_1_625' title='bbox 2387 2223 2516 2291; x_wconf 89' lang='lat' dir='ltr'><strong>quia</strong></span> <span class='ocrx_word' id='word_1_626' title='bbox 2559 2230 2820 2299; x_wconf 88' lang='lat' dir='ltr'><strong>magister</strong></span> <span class='ocrx_word' id='word_1_627' title='bbox 2864 2238 3108 2305; x_wconf 87' lang='lat' dir='ltr'><strong>gentium</strong></span> <span class='ocrx_word' id='word_1_628' title='bbox 3133 2251 3270 2298; x_wconf 90' lang='lat' dir='ltr'><strong>erat.</strong></span> <span class='ocrx_word' id='word_1_629' title='bbox 3312 2245 3463 2301; x_wconf 85' lang='lat' dir='ltr'><strong>Sicut</strong></span> <span class='ocrx_word' id='word_1_630' title='bbox 3488 2256 3539 2303; x_wconf 89' lang='lat' dir='ltr'><strong>et</strong></span> 
     </span>
    </p>
   </div>
   <div class='ocr_carea' id='block_1_79' title="bbox 1955 2302 3539 2404">
    <p class='ocr_par' dir='ltr' id='par_1_79' title="bbox 1955 2302 3539 2404">
     <span class='ocr_line' id='line_1_79' title="bbox 1955 2302 3539 2404; baseline 0.024 -50"><span class='ocrx_word' id='word_1_631' title='bbox 1955 2302 2011 2355; x_wconf 87' lang='lat' dir='ltr'><strong>in</strong></span> <span class='ocrx_word' id='word_1_632' title='bbox 2056 2307 2257 2360; x_wconf 72' lang='lat' dir='ltr'><strong>caeteris</strong></span> <span class='ocrx_word' id='word_1_633' title='bbox 2298 2311 2536 2377; x_wconf 90' lang='lat' dir='ltr'><strong>gentibus</strong></span> <span class='ocrx_word' id='word_1_634' title='bbox 2566 2326 2588 2365; x_wconf 88' lang='lat'><strong><em>:</em></strong></span> <span class='ocrx_word' id='word_1_635' title='bbox 2624 2302 2973 2391; x_wconf 71' lang='lat' dir='ltr'><strong>subauditur,</strong></span> <span class='ocrx_word' id='word_1_636' title='bbox 3017 2327 3201 2384; x_wconf 90' lang='lat' dir='ltr'><strong>habeo.</strong></span> <span class='ocrx_word' id='word_1_637' title='bbox 3255 2330 3539 2404; x_wconf 80' lang='lat' dir='ltr'><strong>Sapientes</strong></span> 
     </span>
    </p>
   </div>
   <div class='ocr_carea' id='block_1_80' title="bbox 1956 2397 3538 2496">
    <p class='ocr_par' dir='ltr' id='par_1_80' title="bbox 1956 2397 3538 2496">
     <span class='ocr_line' id='line_1_80' title="bbox 1956 2397 3538 2496; baseline 0.023 -49"><span class='ocrx_word' id='word_1_638' title='bbox 1956 2402 2135 2450; x_wconf 87' lang='lat' dir='ltr'><strong>autem</strong></span> <span class='ocrx_word' id='word_1_639' title='bbox 2167 2397 2287 2454; x_wconf 91' lang='lat' dir='ltr'><strong>illos</strong></span> <span class='ocrx_word' id='word_1_640' title='bbox 2317 2401 2481 2471; x_wconf 91' lang='lat' dir='ltr'><strong>dicit,</strong></span> <span class='ocrx_word' id='word_1_641' title='bbox 2523 2406 2617 2476; x_wconf 90' lang='lat' dir='ltr'><strong>qui</strong></span> <span class='ocrx_word' id='word_1_642' title='bbox 2646 2412 2935 2470; x_wconf 90' lang='lat' dir='ltr'><strong>mundanis</strong></span> <span class='ocrx_word' id='word_1_643' title='bbox 2976 2419 3277 2478; x_wconf 89' lang='lat' dir='ltr'><strong>rationibus</strong></span> <span class='ocrx_word' id='word_1_644' title='bbox 3303 2397 3502 2482; x_wconf 69' lang='lat' dir='ltr'><strong>eruditi</strong></span> <span class='ocrx_word' id='word_1_645' title='bbox 3521 2468 3538 2496; x_wconf 86' lang='lat'><strong>,</strong></span> 
     </span>
    </p>
   </div>
   <div class='ocr_carea' id='block_1_81' title="bbox 1954 2488 3541 2589">
    <p class='ocr_par' dir='ltr' id='par_1_81' title="bbox 1954 2488 3541 2589">
     <span class='ocr_line' id='line_1_81' title="bbox 1954 2488 3541 2589; baseline 0.022 -49"><span class='ocrx_word' id='word_1_646' title='bbox 1954 2488 2227 2556; x_wconf 89' lang='lat' dir='ltr'><strong>sapientes</strong></span> <span class='ocrx_word' id='word_1_647' title='bbox 2255 2503 2520 2550; x_wconf 89' lang='lat' dir='ltr'><strong>vocantur</strong></span> <span class='ocrx_word' id='word_1_648' title='bbox 2545 2497 2601 2553; x_wconf 92' lang='lat' dir='ltr'><strong>in</strong></span> <span class='ocrx_word' id='word_1_649' title='bbox 2630 2502 2849 2569; x_wconf 75' lang='lat' dir='ltr'><strong>saeculo,</strong></span> <span class='ocrx_word' id='word_1_650' title='bbox 2877 2506 3005 2561; x_wconf 86' lang='lat' dir='ltr'><strong>dum</strong></span> <span class='ocrx_word' id='word_1_651' title='bbox 3035 2520 3129 2565; x_wconf 87' lang='lat' dir='ltr'><strong>aut</strong></span> <span class='ocrx_word' id='word_1_652' title='bbox 3156 2512 3391 2571; x_wconf 89' lang='lat' dir='ltr'><strong>siderum</strong></span> <span class='ocrx_word' id='word_1_653' title='bbox 3421 2532 3541 2589; x_wconf 88' lang='lat' dir='ltr'><strong>spe-</strong></span> 
     </span>
    </p>
   </div>
   <div class='ocr_carea' id='block_1_82' title="bbox 1954 2576 3539 2670">
    <p class='ocr_par' dir='ltr' id='par_1_82' title="bbox 1954 2576 3539 2670">
     <span class='ocr_line' id='line_1_82' title="bbox 1954 2576 3539 2670; baseline 0.021 -37"><span class='ocrx_word' id='word_1_654' title='bbox 1954 2576 2223 2638; x_wconf 87' lang='lat' dir='ltr'><strong>culatores</strong></span> <span class='ocrx_word' id='word_1_655' title='bbox 2251 2592 2397 2652; x_wconf 89' lang='lat' dir='ltr'><strong>sunt,</strong></span> <span class='ocrx_word' id='word_1_656' title='bbox 2424 2596 2519 2644; x_wconf 86' lang='lat' dir='ltr'><strong>aut</strong></span> <span class='ocrx_word' id='word_1_657' title='bbox 2557 2594 2850 2661; x_wconf 88' lang='lat' dir='ltr'><strong>mensuris,</strong></span> <span class='ocrx_word' id='word_1_658' title='bbox 2887 2605 2981 2652; x_wconf 89' lang='lat' dir='ltr'><strong>aut</strong></span> <span class='ocrx_word' id='word_1_659' title='bbox 3014 2603 3277 2670; x_wconf 89' lang='lat' dir='ltr'><strong>numeris,</strong></span> <span class='ocrx_word' id='word_1_660' title='bbox 3306 2616 3399 2663; x_wconf 87' lang='lat' dir='ltr'><strong>aut</strong></span> <span class='ocrx_word' id='word_1_661' title='bbox 3429 2576 3539 2666; x_wconf 60' lang='lat' dir='ltr'><strong>arti</strong></span> 
     </span>
    </p>
   </div>
   <div class='ocr_carea' id='block_1_83' title="bbox 1953 2675 3534 2761">
    <p class='ocr_par' dir='ltr' id='par_1_83' title="bbox 1953 2675 3534 2761">
     <span class='ocr_line' id='line_1_83' title="bbox 1953 2675 3534 2761; baseline 0.022 -37"><span class='ocrx_word' id='word_1_662' title='bbox 1953 2675 2318 2741; x_wconf 69' lang='lat' dir='ltr'><strong>grammatica:</strong></span> <span class='ocrx_word' id='word_1_663' title='bbox 2362 2679 2613 2750; x_wconf 84' lang='lat' dir='ltr'><strong>student,</strong></span> <span class='ocrx_word' id='word_1_664' title='bbox 2659 2695 2751 2740; x_wconf 90' lang='lat' dir='ltr'><strong>aut</strong></span> <span class='ocrx_word' id='word_1_665' title='bbox 2787 2688 3105 2761; x_wconf 74' lang='lat' dir='ltr'><strong>rhetoricae,</strong></span> <span class='ocrx_word' id='word_1_666' title='bbox 3147 2704 3241 2751; x_wconf 91' lang='lat' dir='ltr'><strong>aut</strong></span> <span class='ocrx_word' id='word_1_667' title='bbox 3294 2700 3534 2759; x_wconf 68' lang='lat' dir='ltr'><strong>musicae.</strong></span> 
     </span>
    </p>
   </div>
   <div class='ocr_carea' id='block_1_84' title="bbox 1954 2761 3540 2852">
    <p class='ocr_par' dir='ltr' id='par_1_84' title="bbox 1954 2761 3540 2852">
     <span class='ocr_line' id='line_1_84' title="bbox 1954 2761 3540 2852; baseline 0.022 -37"><span class='ocrx_word' id='word_1_668' title='bbox 1954 2761 2360 2852; x_wconf 80' lang='lat' dir='ltr'><strong>Bequirendum</strong></span> <span class='ocrx_word' id='word_1_669' title='bbox 2390 2778 2476 2827; x_wconf 91' lang='lat' dir='ltr'><strong>est</strong></span> <span class='ocrx_word' id='word_1_670' title='bbox 2501 2779 2772 2844; x_wconf 91' lang='lat' dir='ltr'><strong>quomodo</strong></span> <span class='ocrx_word' id='word_1_671' title='bbox 2791 2780 3082 2852; x_wconf 82' lang='lat' dir='ltr'><strong>Apostolus</strong></span> <span class='ocrx_word' id='word_1_672' title='bbox 3108 2785 3304 2846; x_wconf 64' lang='lat' dir='ltr'><strong>Graecis</strong></span> <span class='ocrx_word' id='word_1_673' title='bbox 3336 2802 3386 2847; x_wconf 91' lang='lat' dir='ltr'><strong>et</strong></span> <span class='ocrx_word' id='word_1_674' title='bbox 3423 2794 3540 2849; x_wconf 83' lang='lat' dir='ltr'><strong>bar-</strong></span> 
     </span>
    </p>
   </div>
   <div class='ocr_carea' id='block_1_85' title="bbox 1954 2851 3539 2953">
    <p class='ocr_par' dir='ltr' id='par_1_85' title="bbox 1954 2851 3539 2953">
     <span class='ocr_line' id='line_1_85' title="bbox 1954 2851 3539 2953; baseline 0.023 -48"><span class='ocrx_word' id='word_1_675' title='bbox 1954 2851 2115 2922; x_wconf 85' lang='lat' dir='ltr'><strong>baris,</strong></span> <span class='ocrx_word' id='word_1_676' title='bbox 2158 2861 2478 2928; x_wconf 84' lang='lat' dir='ltr'><strong>sapientibus</strong></span> <span class='ocrx_word' id='word_1_677' title='bbox 2522 2874 2571 2920; x_wconf 88' lang='lat' dir='ltr'><strong>et</strong></span> <span class='ocrx_word' id='word_1_678' title='bbox 2603 2851 2962 2939; x_wconf 82' lang='lat' dir='ltr'><strong>insipientibus</strong></span> <span class='ocrx_word' id='word_1_679' title='bbox 3007 2876 3211 2933; x_wconf 90' lang='lat' dir='ltr'><strong>debitor</strong></span> <span class='ocrx_word' id='word_1_680' title='bbox 3254 2892 3348 2939; x_wconf 84' lang='lat' dir='ltr'><strong>est.</strong></span> <span class='ocrx_word' id='word_1_681' title='bbox 3398 2884 3539 2953; x_wconf 90' lang='lat' dir='ltr'><strong>Quid</strong></span> 
     </span>
    </p>
   </div>
   <div class='ocr_carea' id='block_1_86' title="bbox 1953 2945 3535 3032">
    <p class='ocr_par' dir='ltr' id='par_1_86' title="bbox 1953 2945 3535 3032">
     <span class='ocr_line' id='line_1_86' title="bbox 1953 2945 3535 3032; baseline 0.021 -34"><span class='ocrx_word' id='word_1_682' title='bbox 1953 2945 2097 3001; x_wconf 89' lang='lat' dir='ltr'><strong>enim</strong></span> <span class='ocrx_word' id='word_1_683' title='bbox 2122 2950 2190 3003; x_wconf 89' lang='lat' dir='ltr'><strong>ab</strong></span> <span class='ocrx_word' id='word_1_684' title='bbox 2230 2950 2360 3020; x_wconf 87' lang='lat' dir='ltr'><strong>ipsis</strong></span> <span class='ocrx_word' id='word_1_685' title='bbox 2388 2968 2671 3027; x_wconf 89' lang='lat' dir='ltr'><strong>acceperat</strong></span> <span class='ocrx_word' id='word_1_686' title='bbox 2705 2964 2845 3019; x_wconf 91' lang='lat' dir='ltr'><strong>unde</strong></span> <span class='ocrx_word' id='word_1_687' title='bbox 2872 2966 2951 3022; x_wconf 91' lang='lat' dir='ltr'><strong>eis</strong></span> <span class='ocrx_word' id='word_1_688' title='bbox 2980 2968 3189 3025; x_wconf 88' lang='lat' dir='ltr'><strong>debitor</strong></span> <span class='ocrx_word' id='word_1_689' title='bbox 3217 2945 3535 3032; x_wconf 47' lang='lat' dir='ltr'><strong>ﬁerct‘fAr-</strong></span> 
     </span>
    </p>
   </div>
   <div class='ocr_carea' id='block_1_87' title="bbox 1952 3035 3535 3127">
    <p class='ocr_par' dir='ltr' id='par_1_87' title="bbox 1952 3035 3535 3127">
     <span class='ocr_line' id='line_1_87' title="bbox 1952 3035 3535 3127; baseline 0.022 -36"><span class='ocrx_word' id='word_1_690' title='bbox 1952 3035 2126 3092; x_wconf 88' lang='lat' dir='ltr'><strong>bitror</strong></span> <span class='ocrx_word' id='word_1_691' title='bbox 2167 3040 2395 3100; x_wconf 89' lang='lat' dir='ltr'><strong>diversis</strong></span> <span class='ocrx_word' id='word_1_692' title='bbox 2437 3047 2652 3117; x_wconf 88' lang='lat' dir='ltr'><strong>quidem</strong></span> <span class='ocrx_word' id='word_1_693' title='bbox 2681 3055 2929 3122; x_wconf 88' lang='lat' dir='ltr'><strong>gentibus</strong></span> <span class='ocrx_word' id='word_1_694' title='bbox 2975 3058 3098 3116; x_wconf 90' lang='lat' dir='ltr'><strong>inde</strong></span> <span class='ocrx_word' id='word_1_695' title='bbox 3125 3060 3372 3120; x_wconf 83' lang='lat' dir='ltr'><strong>eﬁ‘ectum</strong></span> <span class='ocrx_word' id='word_1_696' title='bbox 3413 3076 3535 3127; x_wconf 83' lang='lat' dir='ltr'><strong>eSse</strong></span> 
     </span>
    </p>
   </div>
   <div class='ocr_carea' id='block_1_88' title="bbox 1954 3127 3536 3230">
    <p class='ocr_par' dir='ltr' id='par_1_88' title="bbox 1954 3127 3536 3230">
     <span class='ocr_line' id='line_1_88' title="bbox 1954 3127 3536 3230; baseline 0.023 -49"><span class='ocrx_word' id='word_1_697' title='bbox 1954 3127 2270 3199; x_wconf 76' lang='lat' dir='ltr'><strong>debitorem,</strong></span> <span class='ocrx_word' id='word_1_698' title='bbox 2301 3136 2427 3207; x_wconf 89' lang='lat' dir='ltr'><strong>quia</strong></span> <span class='ocrx_word' id='word_1_699' title='bbox 2458 3141 2697 3198; x_wconf 90' lang='lat' dir='ltr'><strong>omnium</strong></span> <span class='ocrx_word' id='word_1_700' title='bbox 2726 3148 2967 3215; x_wconf 86' lang='lat' dir='ltr'><strong>gentium</strong></span> <span class='ocrx_word' id='word_1_701' title='bbox 3008 3151 3205 3225; x_wconf 88' lang='lat' dir='ltr'><strong>linguis</strong></span> <span class='ocrx_word' id='word_1_702' title='bbox 3231 3157 3411 3230; x_wconf 87' lang='lat' dir='ltr'><strong>eloqui</strong></span> <span class='ocrx_word' id='word_1_703' title='bbox 3440 3177 3536 3217; x_wconf 90' lang='lat' dir='ltr'><strong>ac-</strong></span> 
     </span>
    </p>
   </div>
   <div class='ocr_carea' id='block_1_89' title="bbox 1954 3221 3534 3313">
    <p class='ocr_par' dir='ltr' id='par_1_89' title="bbox 1954 3221 3534 3313">
     <span class='ocr_line' id='line_1_89' title="bbox 1954 3221 3534 3313; baseline 0.023 -41"><span class='ocrx_word' id='word_1_704' title='bbox 1954 3221 2097 3313; x_wconf 84' lang='lat' dir='ltr'><strong>cepit</strong></span> <span class='ocrx_word' id='word_1_705' title='bbox 2122 3225 2353 3294; x_wconf 83' lang='lat' dir='ltr'><strong>gratiam</strong></span> <span class='ocrx_word' id='word_1_706' title='bbox 2384 3227 2616 3300; x_wconf 89' lang='lat' dir='ltr'><strong>Spiritus</strong></span> <span class='ocrx_word' id='word_1_707' title='bbox 2646 3238 2841 3293; x_wconf 90' lang='lat' dir='ltr'><strong>sancti.</strong></span> <span class='ocrx_word' id='word_1_708' title='bbox 2881 3240 3027 3313; x_wconf 85' lang='lat' dir='ltr'><strong>Ergo</strong></span> <span class='ocrx_word' id='word_1_709' title='bbox 3051 3221 3264 3302; x_wconf 76' lang='lat' dir='ltr'><strong>debitor</strong></span> <span class='ocrx_word' id='word_1_710' title='bbox 3284 3221 3534 3308; x_wconf 79' lang='lat' dir='ltr'><strong>omnibus</strong></span> 
     </span>
    </p>
   </div>
   <div class='ocr_carea' id='block_1_90' title="bbox 1954 3310 3537 3414">
    <p class='ocr_par' dir='ltr' id='par_1_90' title="bbox 1954 3310 3537 3414">
     <span class='ocr_line' id='line_1_90' title="bbox 1954 3310 3537 3414; baseline 0.021 -49"><span class='ocrx_word' id='word_1_711' title='bbox 1954 3310 2061 3367; x_wconf 87' lang='lat' dir='ltr'><strong>illis</strong></span> <span class='ocrx_word' id='word_1_712' title='bbox 2107 3313 2357 3385; x_wconf 71' lang='lat' dir='ltr'><strong>edicitur,</strong></span> <span class='ocrx_word' id='word_1_713' title='bbox 2390 3337 2623 3391; x_wconf 89' lang='lat' dir='ltr'><strong>quorum</strong></span> <span class='ocrx_word' id='word_1_714' title='bbox 2671 3343 2833 3386; x_wconf 89' lang='lat' dir='ltr'><strong>causa</strong></span> <span class='ocrx_word' id='word_1_715' title='bbox 2866 3310 3074 3405; x_wconf 78' lang='lat' dir='ltr'><strong>accepit</strong></span> <span class='ocrx_word' id='word_1_716' title='bbox 3111 3352 3143 3392; x_wconf 94' lang='lat' dir='ltr'><strong>a</strong></span> <span class='ocrx_word' id='word_1_717' title='bbox 3186 3337 3299 3395; x_wconf 90' lang='lat' dir='ltr'><strong>Deo</strong></span> <span class='ocrx_word' id='word_1_718' title='bbox 3340 3340 3537 3414; x_wconf 65' lang='lat' dir='ltr'><strong>lingua</strong></span> 
     </span>
    </p>
   </div>
   <div class='ocr_carea' id='block_1_91' title="bbox 1954 3407 3538 3503">
    <p class='ocr_par' dir='ltr' id='par_1_91' title="bbox 1954 3407 3538 3503">
     <span class='ocr_line' id='line_1_91' title="bbox 1954 3407 3538 3503; baseline 0.02 -45"><span class='ocrx_word' id='word_1_719' title='bbox 1954 3407 2224 3463; x_wconf 89' lang='lat' dir='ltr'><strong>notitiam.</strong></span> <span class='ocrx_word' id='word_1_720' title='bbox 2269 3408 2617 3481; x_wconf 89' lang='lat' dir='ltr'><strong>Sapientibus</strong></span> <span class='ocrx_word' id='word_1_721' title='bbox 2658 3428 2840 3476; x_wconf 88' lang='lat' dir='ltr'><strong>autem</strong></span> <span class='ocrx_word' id='word_1_722' title='bbox 2892 3422 3124 3482; x_wconf 75' lang='lat' dir='ltr'><strong>efﬁcitur</strong></span> <span class='ocrx_word' id='word_1_723' title='bbox 3170 3429 3398 3498; x_wconf 89' lang='lat' dir='ltr'><strong>debitor,</strong></span> <span class='ocrx_word' id='word_1_724' title='bbox 3421 3407 3538 3503; x_wconf 42' lang='lat' dir='ltr'><strong>vper</strong></span> 
     </span>
    </p>
   </div>
   <div class='ocr_carea' id='block_1_92' title="bbox 1953 3496 3537 3590">
    <p class='ocr_par' dir='ltr' id='par_1_92' title="bbox 1953 3496 3537 3590">
     <span class='ocr_line' id='line_1_92' title="bbox 1953 3496 3537 3590; baseline 0.018 -40"><span class='ocrx_word' id='word_1_725' title='bbox 1953 3496 2058 3551; x_wconf 91' lang='lat' dir='ltr'><strong>hoc</strong></span> <span class='ocrx_word' id='word_1_726' title='bbox 2086 3502 2229 3570; x_wconf 91' lang='lat' dir='ltr'><strong>quod</strong></span> <span class='ocrx_word' id='word_1_727' title='bbox 2269 3506 2478 3574; x_wconf 88' lang='lat' dir='ltr'><strong>accepit</strong></span> <span class='ocrx_word' id='word_1_728' title='bbox 2507 3510 2827 3580; x_wconf 90' lang='lat' dir='ltr'><strong>sapientiam</strong></span> <span class='ocrx_word' id='word_1_729' title='bbox 2870 3515 2923 3570; x_wconf 91' lang='lat' dir='ltr'><strong>in</strong></span> <span class='ocrx_word' id='word_1_730' title='bbox 2952 3521 3211 3590; x_wconf 89' lang='lat' dir='ltr'><strong>mysterio</strong></span> <span class='ocrx_word' id='word_1_731' title='bbox 3251 3496 3537 3589; x_wconf 73' lang='lat' dir='ltr'><strong>abscondi-</strong></span> 
     </span>
    </p>
   </div>
   <div class='ocr_carea' id='block_1_93' title="bbox 1956 3594 3535 3680">
    <p class='ocr_par' dir='ltr' id='par_1_93' title="bbox 1956 3594 3535 3680">
     <span class='ocr_line' id='line_1_93' title="bbox 1956 3594 3535 3680; baseline 0.019 -40"><span class='ocrx_word' id='word_1_732' title='bbox 1956 3594 2085 3654; x_wconf 89' lang='lat' dir='ltr'><strong>tam,</strong></span> <span class='ocrx_word' id='word_1_733' title='bbox 2121 3606 2285 3660; x_wconf 90' lang='lat' dir='ltr'><strong>quam</strong></span> <span class='ocrx_word' id='word_1_734' title='bbox 2322 3596 2579 3665; x_wconf 81' lang='lat' dir='ltr'><strong>perfectis</strong></span> <span class='ocrx_word' id='word_1_735' title='bbox 2602 3609 2658 3656; x_wconf 92' lang='lat' dir='ltr'><strong>et</strong></span> <span class='ocrx_word' id='word_1_736' title='bbox 2689 3605 3020 3672; x_wconf 89' lang='lat' dir='ltr'><strong>sapientibus</strong></span> <span class='ocrx_word' id='word_1_737' title='bbox 3060 3610 3389 3680; x_wconf 89' lang='lat' dir='ltr'><strong>loqueretur.</strong></span> <span class='ocrx_word' id='word_1_738' title='bbox 3416 3613 3535 3680; x_wconf 91' lang='lat' dir='ltr'><strong>Quo</strong></span> 
     </span>
    </p>
   </div>
   <div class='ocr_carea' id='block_1_94' title="bbox 1952 3679 3535 3778">
    <p class='ocr_par' dir='ltr' id='par_1_94' title="bbox 1952 3679 3535 3778">
     <span class='ocr_line' id='line_1_94' title="bbox 1952 3679 3535 3778; baseline 0.021 -49"><span class='ocrx_word' id='word_1_739' title='bbox 1952 3679 2113 3732; x_wconf 90' lang='lat' dir='ltr'><strong>modo</strong></span> <span class='ocrx_word' id='word_1_740' title='bbox 2137 3693 2319 3736; x_wconf 88' lang='lat' dir='ltr'><strong>autem</strong></span> <span class='ocrx_word' id='word_1_741' title='bbox 2346 3694 2400 3739; x_wconf 89' lang='lat' dir='ltr'><strong>et</strong></span> <span class='ocrx_word' id='word_1_742' title='bbox 2439 3687 2853 3756; x_wconf 87' lang='lat' dir='ltr'><strong>insipientibus?</strong></span> <span class='ocrx_word' id='word_1_743' title='bbox 2879 3694 2937 3749; x_wconf 91' lang='lat' dir='ltr'><strong>In</strong></span> <span class='ocrx_word' id='word_1_744' title='bbox 2967 3712 3075 3766; x_wconf 93' lang='lat' dir='ltr'><strong>quo</strong></span> <span class='ocrx_word' id='word_1_745' title='bbox 3112 3701 3389 3769; x_wconf 62' lang='lat' dir='ltr'><strong>patientiae</strong></span> <span class='ocrx_word' id='word_1_746' title='bbox 3413 3722 3535 3778; x_wconf 87' lang='lat' dir='ltr'><strong>gra-</strong></span> 
     </span>
    </p>
   </div>
   <div class='ocr_carea' id='block_1_95' title="bbox 1953 3768 3534 3869">
    <p class='ocr_par' dir='ltr' id='par_1_95' title="bbox 1953 3768 3534 3869">
     <span class='ocr_line' id='line_1_95' title="bbox 1953 3768 3534 3869; baseline 0.022 -49"><span class='ocrx_word' id='word_1_747' title='bbox 1953 3768 2085 3823; x_wconf 90' lang='lat' dir='ltr'><strong>tiam</strong></span> <span class='ocrx_word' id='word_1_748' title='bbox 2109 3777 2165 3824; x_wconf 91' lang='lat' dir='ltr'><strong>et</strong></span> <span class='ocrx_word' id='word_1_749' title='bbox 2203 3771 2627 3844; x_wconf 86' lang='lat' dir='ltr'><strong>longanimitatis</strong></span> <span class='ocrx_word' id='word_1_750' title='bbox 2664 3783 2901 3853; x_wconf 90' lang='lat' dir='ltr'><strong>accepit;</strong></span> <span class='ocrx_word' id='word_1_751' title='bbox 2946 3768 3169 3846; x_wconf 76' lang='lat' dir='ltr'><strong>summa:</strong></span> <span class='ocrx_word' id='word_1_752' title='bbox 3208 3768 3534 3869; x_wconf 44' lang='lat' dir='ltr'><strong>etenimvpa-</strong></span> 
     </span>
    </p>
   </div>
   <div class='ocr_carea' id='block_1_96' title="bbox 1952 3857 2949 3936">
    <p class='ocr_par' dir='ltr' id='par_1_96' title="bbox 1952 3857 2949 3936">
     <span class='ocr_line' id='line_1_96' title="bbox 1952 3857 2949 3936; baseline 0.02 -24"><span class='ocrx_word' id='word_1_753' title='bbox 1952 3857 2155 3915; x_wconf 70' lang='lat' dir='ltr'><strong>tientite</strong></span> <span class='ocrx_word' id='word_1_754' title='bbox 2182 3861 2326 3918; x_wconf 82' lang='lat' dir='ltr'><strong>ferre</strong></span> <span class='ocrx_word' id='word_1_755' title='bbox 2354 3865 2721 3936; x_wconf 91' lang='lat' dir='ltr'><strong>insipientium</strong></span> <span class='ocrx_word' id='word_1_756' title='bbox 2752 3883 2949 3932; x_wconf 89' lang='lat' dir='ltr'><strong>motus.</strong></span> 
     </span>
    </p>
   </div>
   <div class='ocr_carea' id='block_1_97' title="bbox 2024 3948 3530 4047">
    <p class='ocr_par' dir='ltr' id='par_1_97' title="bbox 2024 3948 3530 4047">
     <span class='ocr_line' id='line_1_97' title="bbox 2024 3948 3530 4047; baseline 0.022 -44"><span class='ocrx_word' id='word_1_757' title='bbox 2024 3948 2149 4006; x_wconf 90' lang='lat' dir='ltr'><strong>Non</strong></span> <span class='ocrx_word' id='word_1_758' title='bbox 2186 3955 2324 4009; x_wconf 89' lang='lat' dir='ltr'><strong>enim</strong></span> <span class='ocrx_word' id='word_1_759' title='bbox 2382 3958 2626 4015; x_wconf 88' lang='lat' dir='ltr'><strong>erubesco</strong></span> <span class='ocrx_word' id='word_1_760' title='bbox 2664 3980 2822 4034; x_wconf 86' lang='lat' dir='ltr'><strong>super</strong></span> <span class='ocrx_word' id='word_1_761' title='bbox 2866 3969 3212 4042; x_wconf 85' lang='lat' dir='ltr'><strong>evangelium.</strong></span> <span class='ocrx_word' id='word_1_762' title='bbox 3266 3973 3380 4033; x_wconf 85' lang='lat' dir='ltr'><strong>Hoc</strong></span> <span class='ocrx_word' id='word_1_763' title='bbox 3423 3988 3530 4047; x_wconf 88' lang='lat' dir='ltr'><strong>est,</strong></span> 
     </span>
    </p>
   </div>
   <div class='ocr_carea' id='block_1_98' title="bbox 1949 4042 3531 4136">
    <p class='ocr_par' dir='ltr' id='par_1_98' title="bbox 1949 4042 3531 4136">
     <span class='ocr_line' id='line_1_98' title="bbox 1949 4042 3531 4136; baseline 0.02 -39"><span class='ocrx_word' id='word_1_764' title='bbox 1949 4042 2093 4099; x_wconf 91' lang='lat' dir='ltr'><strong>sicut</strong></span> <span class='ocrx_word' id='word_1_765' title='bbox 2116 4046 2334 4116; x_wconf 89' lang='lat' dir='ltr'><strong>quidam</strong></span> <span class='ocrx_word' id='word_1_766' title='bbox 2362 4050 2612 4109; x_wconf 89' lang='lat' dir='ltr'><strong>doctores</strong></span> <span class='ocrx_word' id='word_1_767' title='bbox 2639 4056 3050 4130; x_wconf 89' lang='lat' dir='ltr'><strong>erubescebant,</strong></span> <span class='ocrx_word' id='word_1_768' title='bbox 3091 4065 3184 4136; x_wconf 90' lang='lat' dir='ltr'><strong>qui</strong></span> <span class='ocrx_word' id='word_1_769' title='bbox 3225 4042 3531 4127; x_wconf 81' lang='lat' dir='ltr'><strong>doctrinam</strong></span> 
     </span>
    </p>
   </div>
   <div class='ocr_carea' id='block_1_99' title="bbox 1947 4134 3528 4231">
    <p class='ocr_par' dir='ltr' id='par_1_99' title="bbox 1947 4134 3528 4231">
     <span class='ocr_line' id='line_1_99' title="bbox 1947 4134 3528 4231; baseline 0.018 -41"><span class='ocrx_word' id='word_1_770' title='bbox 1947 4134 2225 4192; x_wconf 71' lang='lat' dir='ltr'><strong>cmlestem</strong></span> <span class='ocrx_word' id='word_1_771' title='bbox 2272 4139 2537 4211; x_wconf 88' lang='lat' dir='ltr'><strong>adjunctis</strong></span> <span class='ocrx_word' id='word_1_772' title='bbox 2590 4146 2866 4206; x_wconf 88' lang='lat' dir='ltr'><strong>miraculis</strong></span> <span class='ocrx_word' id='word_1_773' title='bbox 2921 4134 3278 4213; x_wconf 82' lang='lat' dir='ltr'><strong>corroborare</strong></span> <span class='ocrx_word' id='word_1_774' title='bbox 3332 4161 3528 4231; x_wconf 88' lang='lat' dir='ltr'><strong>nequi-</strong></span> 
     </span>
    </p>
   </div>
   <div class='ocr_carea' id='block_1_100' title="bbox 1944 4225 3531 4316">
    <p class='ocr_par' dir='ltr' id='par_1_100' title="bbox 1944 4225 3531 4316">
     <span class='ocr_line' id='line_1_100' title="bbox 1944 4225 3531 4316; baseline 0.021 -38"><span class='ocrx_word' id='word_1_775' title='bbox 1944 4225 2099 4281; x_wconf 84' lang='lat' dir='ltr'><strong>bant.</strong></span> <span class='ocrx_word' id='word_1_776' title='bbox 2135 4226 2314 4285; x_wconf 85' lang='lat' dir='ltr'><strong>Virtus</strong></span> <span class='ocrx_word' id='word_1_777' title='bbox 2339 4237 2478 4288; x_wconf 86' lang='lat' dir='ltr'><strong>enim</strong></span> <span class='ocrx_word' id='word_1_778' title='bbox 2497 4234 2598 4291; x_wconf 88' lang='lat' dir='ltr'><strong>Dei</strong></span> <span class='ocrx_word' id='word_1_779' title='bbox 2626 4250 2726 4306; x_wconf 87' lang='lat' dir='ltr'><strong>est,</strong></span> <span class='ocrx_word' id='word_1_780' title='bbox 2742 4249 2847 4297; x_wconf 90' lang='lat' dir='ltr'><strong>etc.</strong></span> <span class='ocrx_word' id='word_1_781' title='bbox 2875 4242 3030 4300; x_wconf 86' lang='lat' dir='ltr'><strong>Nulla</strong></span> <span class='ocrx_word' id='word_1_782' title='bbox 3051 4246 3224 4316; x_wconf 89' lang='lat' dir='ltr'><strong>major</strong></span> <span class='ocrx_word' id='word_1_783' title='bbox 3245 4225 3531 4311; x_wconf 44' lang='lat' dir='ltr'><strong>virtus—est</strong></span> 
     </span>
    </p>
   </div>
   <div class='ocr_carea' id='block_1_101' title="bbox 1947 4324 3531 4408">
    <p class='ocr_par' dir='ltr' id='par_1_101' title="bbox 1947 4324 3531 4408">
     <span class='ocr_line' id='line_1_101' title="bbox 1947 4324 3531 4408; baseline 0.019 -36"><span class='ocrx_word' id='word_1_784' title='bbox 1947 4333 2107 4387; x_wconf 89' lang='lat' dir='ltr'><strong>quam</strong></span> <span class='ocrx_word' id='word_1_785' title='bbox 2133 4336 2271 4391; x_wconf 69' lang='lat' dir='ltr'><strong>quae,</strong></span> <span class='ocrx_word' id='word_1_786' title='bbox 2300 4324 2509 4382; x_wconf 90' lang='lat' dir='ltr'><strong>devicta</strong></span> <span class='ocrx_word' id='word_1_787' title='bbox 2535 4340 2727 4400; x_wconf 91' lang='lat' dir='ltr'><strong>morte,</strong></span> <span class='ocrx_word' id='word_1_788' title='bbox 2760 4335 2965 4391; x_wconf 91' lang='lat' dir='ltr'><strong>homini</strong></span> <span class='ocrx_word' id='word_1_789' title='bbox 2992 4340 3260 4408; x_wconf 90' lang='lat' dir='ltr'><strong>perditam</strong></span> <span class='ocrx_word' id='word_1_790' title='bbox 3294 4345 3531 4402; x_wconf 87' lang='lat' dir='ltr'><strong>reddidit</strong></span> 
     </span>
    </p>
   </div>
   <div class='ocr_carea' id='block_1_102' title="bbox 1946 4413 3527 4492">
    <p class='ocr_par' dir='ltr' id='par_1_102' title="bbox 1946 4413 3527 4492">
     <span class='ocr_line' id='line_1_102' title="bbox 1946 4413 3527 4492; baseline 0.016 -26"><span class='ocrx_word' id='word_1_791' title='bbox 1946 4413 2137 4479; x_wconf 85' lang='lat' dir='ltr'><strong>vitam,</strong></span> <span class='ocrx_word' id='word_1_792' title='bbox 2162 4419 2412 4484; x_wconf 89' lang='lat' dir='ltr'><strong>quamvis</strong></span> <span class='ocrx_word' id='word_1_793' title='bbox 2438 4420 2730 4480; x_wconf 91' lang='lat' dir='ltr'><strong>incredulis</strong></span> <span class='ocrx_word' id='word_1_794' title='bbox 2761 4425 3046 4485; x_wconf 91' lang='lat' dir='ltr'><strong>inﬁrmitas</strong></span> <span class='ocrx_word' id='word_1_795' title='bbox 3075 4431 3393 4489; x_wconf 82' lang='lat' dir='ltr'><strong>videbatur?</strong></span> <span class='ocrx_word' id='word_1_796' title='bbox 3418 4435 3527 4492; x_wconf 88' lang='lat' dir='ltr'><strong>De-</strong></span> 
     </span>
    </p>
   </div>
   <div class='ocr_carea' id='block_1_103' title="bbox 1947 4490 3527 4607">
    <p class='ocr_par' dir='ltr' id='par_1_103' title="bbox 1947 4490 3527 4607">
     <span class='ocr_line' id='line_1_103' title="bbox 1947 4490 3527 4607; baseline 0.014 -47"><span class='ocrx_word' id='word_1_797' title='bbox 1947 4490 2140 4563; x_wconf 87' lang='lat' dir='ltr'><strong>ﬁniens</strong></span> <span class='ocrx_word' id='word_1_798' title='bbox 2162 4523 2295 4580; x_wconf 88' lang='lat' dir='ltr'><strong>ergo</strong></span> <span class='ocrx_word' id='word_1_799' title='bbox 2323 4511 2454 4582; x_wconf 88' lang='lat' dir='ltr'><strong>quid</strong></span> <span class='ocrx_word' id='word_1_800' title='bbox 2487 4512 2559 4568; x_wconf 89' lang='lat' dir='ltr'><strong>sit</strong></span> <span class='ocrx_word' id='word_1_801' title='bbox 2579 4517 2947 4588; x_wconf 83' lang='lat' dir='ltr'><strong>evangelium,</strong></span> <span class='ocrx_word' id='word_1_802' title='bbox 2977 4524 3309 4590; x_wconf 88' lang='lat' dir='ltr'><strong>pronuntiat.</strong></span> <span class='ocrx_word' id='word_1_803' title='bbox 3347 4522 3527 4607; x_wconf 78' lang='lat' dir='ltr'><strong>Virtus</strong></span> 
     </span>
    </p>
   </div>
   <div class='ocr_carea' id='block_1_104' title="bbox 1943 4601 3525 4687">
    <p class='ocr_par' dir='ltr' id='par_1_104' title="bbox 1943 4601 3525 4687">
     <span class='ocr_line' id='line_1_104' title="bbox 1943 4601 3525 4687; baseline 0.014 -33"><span class='ocrx_word' id='word_1_804' title='bbox 1943 4603 2084 4656; x_wconf 89' lang='lat' dir='ltr'><strong>enim</strong></span> <span class='ocrx_word' id='word_1_805' title='bbox 2112 4601 2213 4657; x_wconf 86' lang='lat' dir='ltr'><strong>Dei</strong></span> <span class='ocrx_word' id='word_1_806' title='bbox 2239 4612 2340 4671; x_wconf 87' lang='lat' dir='ltr'><strong>est,</strong></span> <span class='ocrx_word' id='word_1_807' title='bbox 2366 4605 2562 4675; x_wconf 89' lang='lat' dir='ltr'><strong>inquit,</strong></span> <span class='ocrx_word' id='word_1_808' title='bbox 2586 4609 2642 4662; x_wconf 89' lang='lat' dir='ltr'><strong>in</strong></span> <span class='ocrx_word' id='word_1_809' title='bbox 2666 4609 2889 4665; x_wconf 87' lang='lat' dir='ltr'><strong>salutem</strong></span> <span class='ocrx_word' id='word_1_810' title='bbox 2925 4613 3067 4668; x_wconf 90' lang='lat' dir='ltr'><strong>omni</strong></span> <span class='ocrx_word' id='word_1_811' title='bbox 3093 4616 3343 4672; x_wconf 85' lang='lat' dir='ltr'><strong>credenti.</strong></span> <span class='ocrx_word' id='word_1_812' title='bbox 3366 4601 3525 4687; x_wconf 84' lang='lat' dir='ltr'><strong>Quod</strong></span> 
     </span>
    </p>
   </div>
   <div class='ocr_carea' id='block_1_105' title="bbox 1945 4694 3524 4777">
    <p class='ocr_par' dir='ltr' id='par_1_105' title="bbox 1945 4694 3524 4777">
     <span class='ocr_line' id='line_1_105' title="bbox 1945 4694 3524 4777; baseline 0.012 -29"><span class='ocrx_word' id='word_1_813' title='bbox 1945 4702 2123 4749; x_wconf 85' lang='lat' dir='ltr'><strong>autem</strong></span> <span class='ocrx_word' id='word_1_814' title='bbox 2157 4694 2295 4751; x_wconf 80' lang='lat' dir='ltr'><strong>dixit</strong></span> <span class='ocrx_word' id='word_1_815' title='bbox 2332 4699 2476 4768; x_wconf 91' lang='lat' dir='ltr'><strong>quod</strong></span> <span class='ocrx_word' id='word_1_816' title='bbox 2506 4701 2678 4757; x_wconf 89' lang='lat' dir='ltr'><strong>virtus</strong></span> <span class='ocrx_word' id='word_1_817' title='bbox 2704 4702 2801 4759; x_wconf 90' lang='lat' dir='ltr'><strong>Dei</strong></span> <span class='ocrx_word' id='word_1_818' title='bbox 2827 4716 2911 4761; x_wconf 92' lang='lat' dir='ltr'><strong>est</strong></span> <span class='ocrx_word' id='word_1_819' title='bbox 2937 4706 2992 4762; x_wconf 90' lang='lat' dir='ltr'><strong>in</strong></span> <span class='ocrx_word' id='word_1_820' title='bbox 3016 4707 3269 4777; x_wconf 91' lang='lat' dir='ltr'><strong>salutem,</strong></span> <span class='ocrx_word' id='word_1_821' title='bbox 3310 4711 3524 4767; x_wconf 90' lang='lat' dir='ltr'><strong>videtur</strong></span> 
     </span>
    </p>
   </div>
   <div class='ocr_carea' id='block_1_106' title="bbox 1941 4786 3523 4872">
    <p class='ocr_par' dir='ltr' id='par_1_106' title="bbox 1941 4786 3523 4872">
     <span class='ocr_line' id='line_1_106' title="bbox 1941 4786 3523 4872; baseline 0.013 -33"><span class='ocrx_word' id='word_1_822' title='bbox 1941 4786 2260 4854; x_wconf 89' lang='lat' dir='ltr'><strong>ostendere,</strong></span> <span class='ocrx_word' id='word_1_823' title='bbox 2293 4792 2438 4859; x_wconf 92' lang='lat' dir='ltr'><strong>quod</strong></span> <span class='ocrx_word' id='word_1_824' title='bbox 2485 4791 2556 4846; x_wconf 91' lang='lat' dir='ltr'><strong>sit</strong></span> <span class='ocrx_word' id='word_1_825' title='bbox 2591 4794 2774 4865; x_wconf 90' lang='lat' dir='ltr'><strong>aliqua</strong></span> <span class='ocrx_word' id='word_1_826' title='bbox 2804 4797 2973 4855; x_wconf 90' lang='lat' dir='ltr'><strong>virtus</strong></span> <span class='ocrx_word' id='word_1_827' title='bbox 3016 4799 3114 4856; x_wconf 89' lang='lat' dir='ltr'><strong>Dei</strong></span> <span class='ocrx_word' id='word_1_828' title='bbox 3151 4817 3272 4872; x_wconf 66' lang='lat' dir='ltr'><strong>quae</strong></span> <span class='ocrx_word' id='word_1_829' title='bbox 3294 4817 3402 4859; x_wconf 89' lang='lat' dir='ltr'><strong>non</strong></span> <span class='ocrx_word' id='word_1_830' title='bbox 3447 4803 3523 4860; x_wconf 90' lang='lat' dir='ltr'><strong>sit</strong></span> 
     </span>
    </p>
   </div>
   <div class='ocr_carea' id='block_1_107' title="bbox 1942 4880 3563 4956">
    <p class='ocr_par' dir='ltr' id='par_1_107' title="bbox 1942 4880 3563 4956">
     <span class='ocr_line' id='line_1_107' title="bbox 1942 4880 3563 4956; baseline 0.012 -23"><span class='ocrx_word' id='word_1_831' title='bbox 1942 4880 2010 4935; x_wconf 91' lang='lat' dir='ltr'><strong>ad</strong></span> <span class='ocrx_word' id='word_1_832' title='bbox 2033 4880 2286 4949; x_wconf 90' lang='lat' dir='ltr'><strong>salutem,</strong></span> <span class='ocrx_word' id='word_1_833' title='bbox 2311 4884 2407 4939; x_wconf 90' lang='lat' dir='ltr'><strong>sed</strong></span> <span class='ocrx_word' id='word_1_834' title='bbox 2435 4884 2504 4941; x_wconf 90' lang='lat' dir='ltr'><strong>ad</strong></span> <span class='ocrx_word' id='word_1_835' title='bbox 2526 4887 2883 4956; x_wconf 90' lang='lat' dir='ltr'><strong>perditionem</strong></span> <span class='ocrx_word' id='word_1_836' title='bbox 2908 4906 2922 4946; x_wconf 90' lang='lat'><strong>:</strong></span> <span class='ocrx_word' id='word_1_837' title='bbox 2945 4892 3086 4949; x_wconf 89' lang='lat' dir='ltr'><strong>sicut</strong></span> <span class='ocrx_word' id='word_1_838' title='bbox 3112 4895 3167 4949; x_wconf 91' lang='lat' dir='ltr'><strong>in</strong></span> <span class='ocrx_word' id='word_1_839' title='bbox 3190 4893 3415 4951; x_wconf 89' lang='lat' dir='ltr'><strong>Psalmis</strong></span> <span class='ocrx_word' id='word_1_840' title='bbox 3442 4896 3521 4953; x_wconf 88' lang='lat' dir='ltr'><strong>le-</strong></span> <span class='ocrx_word' id='word_1_841' title='bbox 3559 4934 3563 4939; x_wconf 47' lang='lat'><strong>.</strong></span> 
     </span>
    </p>
   </div>
   <div class='ocr_carea' id='block_1_108' title="bbox 1941 4961 3518 5051">
    <p class='ocr_par' dir='ltr' id='par_1_108' title="bbox 1941 4961 3518 5051">
     <span class='ocr_line' id='line_1_108' title="bbox 1941 4961 3518 5051; baseline 0.013 -26"><span class='ocrx_word' id='word_1_842' title='bbox 1941 4972 2085 5043; x_wconf 89' lang='lat' dir='ltr'><strong>gitur</strong></span> <span class='ocrx_word' id='word_1_843' title='bbox 2113 4991 2127 5027; x_wconf 88' lang='lat'><strong>:</strong></span> <span class='ocrx_word' id='word_1_844' title='bbox 2157 4972 2226 5029; x_wconf 90' lang='lat' dir='ltr'><strong>In</strong></span> <span class='ocrx_word' id='word_1_845' title='bbox 2252 4961 2441 5031; x_wconf 78' lang='lat' dir='ltr'><strong>virtute</strong></span> <span class='ocrx_word' id='word_1_846' title='bbox 2467 4988 2559 5032; x_wconf 89' lang='lat' dir='ltr'><strong>tua</strong></span> <span class='ocrx_word' id='word_1_847' title='bbox 2603 4979 2843 5051; x_wconf 83' lang='lat' dir='ltr'><strong>disperde</strong></span> <span class='ocrx_word' id='word_1_848' title='bbox 2877 4984 3032 5051; x_wconf 83' lang='lat' dir='ltr'><strong>illos;</strong></span> <span class='ocrx_word' id='word_1_849' title='bbox 3060 4986 3236 5045; x_wconf 85' lang='lat' dir='ltr'><strong>virtus</strong></span> <span class='ocrx_word' id='word_1_850' title='bbox 3268 4988 3412 5043; x_wconf 89' lang='lat' dir='ltr'><strong>enim</strong></span> <span class='ocrx_word' id='word_1_851' title='bbox 3458 4989 3518 5046; x_wconf 85' lang='lat' dir='ltr'><strong>in</strong></span> 
     </span>
    </p>
   </div>
   <div class='ocr_carea' id='block_1_109' title="bbox 1939 5062 3518 5151">
    <p class='ocr_par' dir='ltr' id='par_1_109' title="bbox 1939 5062 3518 5151">
     <span class='ocr_line' id='line_1_109' title="bbox 1939 5062 3518 5151; baseline 0.012 -34"><span class='ocrx_word' id='word_1_852' title='bbox 1939 5062 2165 5121; x_wconf 85' lang='lat' dir='ltr'><strong>dextera</strong></span> <span class='ocrx_word' id='word_1_853' title='bbox 2193 5075 2277 5122; x_wconf 90' lang='lat' dir='ltr'><strong>est</strong></span> <span class='ocrx_word' id='word_1_854' title='bbox 2303 5083 2407 5138; x_wconf 92' lang='lat' dir='ltr'><strong>qua</strong></span> <span class='ocrx_word' id='word_1_855' title='bbox 2446 5068 2736 5140; x_wconf 87' lang='lat' dir='ltr'><strong>salvamur,</strong></span> <span class='ocrx_word' id='word_1_856' title='bbox 2776 5083 2836 5130; x_wconf 90' lang='lat' dir='ltr'><strong>ut</strong></span> <span class='ocrx_word' id='word_1_857' title='bbox 2870 5075 3044 5133; x_wconf 90' lang='lat' dir='ltr'><strong>virtus</strong></span> <span class='ocrx_word' id='word_1_858' title='bbox 3074 5078 3130 5133; x_wconf 90' lang='lat' dir='ltr'><strong>in</strong></span> <span class='ocrx_word' id='word_1_859' title='bbox 3170 5092 3277 5148; x_wconf 90' lang='lat' dir='ltr'><strong>qua</strong></span> <span class='ocrx_word' id='word_1_860' title='bbox 3307 5079 3518 5151; x_wconf 86' lang='lat' dir='ltr'><strong>disper-</strong></span> 
     </span>
    </p>
   </div>
   <div class='ocr_carea' id='block_1_110' title="bbox 1939 5156 2547 5223">
    <p class='ocr_par' dir='ltr' id='par_1_110' title="bbox 1939 5156 2547 5223">
     <span class='ocr_line' id='line_1_110' title="bbox 1939 5156 2547 5223; baseline 0.012 -12"><span class='ocrx_word' id='word_1_861' title='bbox 1939 5156 2040 5223; x_wconf 91' lang='lat' dir='ltr'><strong>dit,</strong></span> <span class='ocrx_word' id='word_1_862' title='bbox 2068 5159 2286 5215; x_wconf 90' lang='lat' dir='ltr'><strong>sinistra</strong></span> <span class='ocrx_word' id='word_1_863' title='bbox 2320 5162 2547 5218; x_wconf 89' lang='lat' dir='ltr'><strong>dicatur.</strong></span> 
     </span>
    </p>
   </div>
   <div class='ocr_carea' id='block_1_111' title="bbox 1934 5250 3509 5335">
    <p class='ocr_par' dir='ltr' id='par_1_111' title="bbox 1934 5250 3509 5335">
     <span class='ocr_line' id='line_1_111' title="bbox 1934 5250 3509 5335; baseline 0.012 -31"><span class='ocrx_word' id='word_1_864' title='bbox 1934 5267 1940 5295; x_wconf 59' lang='lat'><em>4</em></span> <span class='ocrx_word' id='word_1_865' title='bbox 2008 5250 2229 5307; x_wconf 75' lang='lat' dir='ltr'><strong>Iustitia</strong></span> <span class='ocrx_word' id='word_1_866' title='bbox 2248 5256 2385 5309; x_wconf 86' lang='lat' dir='ltr'><strong>enim</strong></span> <span class='ocrx_word' id='word_1_867' title='bbox 2406 5256 2505 5311; x_wconf 86' lang='lat' dir='ltr'><strong>Dei</strong></span> <span class='ocrx_word' id='word_1_868' title='bbox 2546 5259 2805 5328; x_wconf 77' lang='lat' dir='ltr'><strong>reveletur</strong></span> <span class='ocrx_word' id='word_1_869' title='bbox 2827 5263 2883 5316; x_wconf 87' lang='lat' dir='ltr'><strong>in</strong></span> <span class='ocrx_word' id='word_1_870' title='bbox 2909 5278 2987 5326; x_wconf 91' lang='lat' dir='ltr'><strong>eo,</strong></span> <span class='ocrx_word' id='word_1_871' title='bbox 3019 5276 3083 5315; x_wconf 78' lang='lat' dir='ltr'><strong>ea:</strong></span> <span class='ocrx_word' id='word_1_872' title='bbox 3109 5260 3214 5330; x_wconf 80' lang='lat' dir='ltr'><strong>ﬁde</strong></span> <span class='ocrx_word' id='word_1_873' title='bbox 3250 5263 3305 5317; x_wconf 84' lang='lat' dir='ltr'><strong>in</strong></span> <span class='ocrx_word' id='word_1_874' title='bbox 3332 5265 3509 5335; x_wconf 83' lang='lat' dir='ltr'><strong>ﬁdem.</strong></span> 
     </span>
    </p>
   </div>
   <div class='ocr_carea' id='block_1_112' title="bbox 1938 5339 3510 5422">
    <p class='ocr_par' dir='ltr' id='par_1_112' title="bbox 1938 5339 3510 5422">
     <span class='ocr_line' id='line_1_112' title="bbox 1938 5339 3510 5422; baseline 0.01 -26"><span class='ocrx_word' id='word_1_875' title='bbox 1938 5339 2156 5400; x_wconf 69' lang='lat' dir='ltr'><strong>Iustitia</strong></span> <span class='ocrx_word' id='word_1_876' title='bbox 2191 5344 2287 5400; x_wconf 90' lang='lat' dir='ltr'><strong>Dei</strong></span> <span class='ocrx_word' id='word_1_877' title='bbox 2316 5355 2418 5411; x_wconf 89' lang='lat' dir='ltr'><strong>est,</strong></span> <span class='ocrx_word' id='word_1_878' title='bbox 2451 5349 2577 5417; x_wconf 89' lang='lat' dir='ltr'><strong>quia</strong></span> <span class='ocrx_word' id='word_1_879' title='bbox 2606 5353 2747 5420; x_wconf 92' lang='lat' dir='ltr'><strong>quod</strong></span> <span class='ocrx_word' id='word_1_880' title='bbox 2787 5351 3051 5422; x_wconf 87' lang='lat' dir='ltr'><strong>promisit,</strong></span> <span class='ocrx_word' id='word_1_881' title='bbox 3099 5353 3260 5408; x_wconf 85' lang='lat' dir='ltr'><strong>dedit.</strong></span> <span class='ocrx_word' id='word_1_882' title='bbox 3297 5355 3510 5411; x_wconf 83' lang='lat' dir='ltr'><strong>Judteo.</strong></span> 
     </span>
    </p>
   </div>
   <div class='ocr_carea' id='block_1_113' title="bbox 1937 5433 3509 5516">
    <p class='ocr_par' dir='ltr' id='par_1_113' title="bbox 1937 5433 3509 5516">
     <span class='ocr_line' id='line_1_113' title="bbox 1937 5433 3509 5516; baseline 0.01 -28"><span class='ocrx_word' id='word_1_883' title='bbox 1937 5433 2193 5490; x_wconf 89' lang='lat' dir='ltr'><strong>Credenti</strong></span> <span class='ocrx_word' id='word_1_884' title='bbox 2238 5438 2381 5506; x_wconf 90' lang='lat' dir='ltr'><strong>quod</strong></span> <span class='ocrx_word' id='word_1_885' title='bbox 2427 5439 2478 5493; x_wconf 89' lang='lat' dir='ltr'><strong>ei</strong></span> <span class='ocrx_word' id='word_1_886' title='bbox 2531 5442 2779 5510; x_wconf 88' lang='lat' dir='ltr'><strong>promisit</strong></span> <span class='ocrx_word' id='word_1_887' title='bbox 2831 5442 2974 5497; x_wconf 90' lang='lat' dir='ltr'><strong>Deus</strong></span> <span class='ocrx_word' id='word_1_888' title='bbox 3028 5445 3316 5516; x_wconf 88' lang='lat' dir='ltr'><strong>prophetas</strong></span> <span class='ocrx_word' id='word_1_889' title='bbox 3363 5462 3509 5503; x_wconf 90' lang='lat' dir='ltr'><strong>suos.</strong></span> 
     </span>
    </p>
   </div>
   <div class='ocr_carea' id='block_1_114' title="bbox 1935 5525 3510 5605">
    <p class='ocr_par' dir='ltr' id='par_1_114' title="bbox 1935 5525 3510 5605">
     <span class='ocr_line' id='line_1_114' title="bbox 1935 5525 3510 5605; baseline 0.006 -23"><span class='ocrx_word' id='word_1_890' title='bbox 1935 5525 2150 5584; x_wconf 87' lang='lat' dir='ltr'><strong>Justum</strong></span> <span class='ocrx_word' id='word_1_891' title='bbox 2194 5529 2454 5585; x_wconf 91' lang='lat' dir='ltr'><strong>Dominus</strong></span> <span class='ocrx_word' id='word_1_892' title='bbox 2484 5532 2679 5600; x_wconf 89' lang='lat' dir='ltr'><strong>probat</strong></span> <span class='ocrx_word' id='word_1_893' title='bbox 2723 5547 2788 5585; x_wconf 77' lang='lat' dir='ltr'><strong>ea:</strong></span> <span class='ocrx_word' id='word_1_894' title='bbox 2832 5530 2937 5600; x_wconf 86' lang='lat' dir='ltr'><strong>ﬁde</strong></span> <span class='ocrx_word' id='word_1_895' title='bbox 2977 5531 3070 5586; x_wconf 88' lang='lat' dir='ltr'><strong>Dei</strong></span> <span class='ocrx_word' id='word_1_896' title='bbox 3125 5536 3510 5605; x_wconf 80' lang='lat' dir='ltr'><strong>promittentis,</strong></span> 
     </span>
    </p>
   </div>
   <div class='ocr_carea' id='block_1_115' title="bbox 1934 5622 3525 5692">
    <p class='ocr_par' dir='ltr' id='par_1_115' title="bbox 1934 5622 3525 5692">
     <span class='ocr_line' id='line_1_115' title="bbox 1934 5622 3525 5692; baseline 0.007 -18"><span class='ocrx_word' id='word_1_897' title='bbox 1934 5622 1991 5675; x_wconf 89' lang='lat' dir='ltr'><strong>in</strong></span> <span class='ocrx_word' id='word_1_898' title='bbox 2018 5622 2175 5691; x_wconf 83' lang='lat' dir='ltr'><strong>ﬁdem</strong></span> <span class='ocrx_word' id='word_1_899' title='bbox 2206 5623 2441 5679; x_wconf 86' lang='lat' dir='ltr'><strong>hominis</strong></span> <span class='ocrx_word' id='word_1_900' title='bbox 2495 5624 2784 5679; x_wconf 84' lang='lat' dir='ltr'><strong>credentis.</strong></span> <span class='ocrx_word' id='word_1_901' title='bbox 2827 5624 3046 5680; x_wconf 74' lang='lat' dir='ltr'><strong>Iustitia</strong></span> <span class='ocrx_word' id='word_1_902' title='bbox 3096 5627 3194 5682; x_wconf 91' lang='lat' dir='ltr'><strong>Dei</strong></span> <span class='ocrx_word' id='word_1_903' title='bbox 3224 5627 3525 5692; x_wconf 69' lang='lat' dir='ltr'><strong>reveletur.</strong></span> 
     </span>
    </p>
   </div>
   <div class='ocr_carea' id='block_1_116' title="bbox 1935 5714 3510 5791">
    <p class='ocr_par' dir='ltr' id='par_1_116' title="bbox 1935 5714 3510 5791">
     <span class='ocr_line' id='line_1_116' title="bbox 1935 5714 3510 5791; baseline 0.006 -24"><span class='ocrx_word' id='word_1_904' title='bbox 1935 5714 2037 5781; x_wconf 90' lang='lat' dir='ltr'><strong>Qui</strong></span> <span class='ocrx_word' id='word_1_905' title='bbox 2081 5717 2257 5771; x_wconf 90' lang='lat' dir='ltr'><strong>credit</strong></span> <span class='ocrx_word' id='word_1_906' title='bbox 2284 5732 2535 5772; x_wconf 90' lang='lat' dir='ltr'><strong>veracem</strong></span> <span class='ocrx_word' id='word_1_907' title='bbox 2570 5717 2738 5770; x_wconf 90' lang='lat' dir='ltr'><strong>Deum</strong></span> <span class='ocrx_word' id='word_1_908' title='bbox 2787 5718 2998 5774; x_wconf 89' lang='lat' dir='ltr'><strong>dedisse</strong></span> <span class='ocrx_word' id='word_1_909' title='bbox 3047 5721 3190 5791; x_wconf 90' lang='lat' dir='ltr'><strong>quod</strong></span> <span class='ocrx_word' id='word_1_910' title='bbox 3238 5722 3510 5791; x_wconf 89' lang='lat' dir='ltr'><strong>promisit,</strong></span> 
     </span>
    </p>
   </div>
   <div class='ocr_carea' id='block_1_117' title="bbox 1932 5807 3512 5885">
    <p class='ocr_par' dir='ltr' id='par_1_117' title="bbox 1932 5807 3512 5885">
     <span class='ocr_line' id='line_1_117' title="bbox 1932 5807 3512 5885; baseline 0.003 -22"><span class='ocrx_word' id='word_1_911' title='bbox 1932 5808 2036 5865; x_wconf 86' lang='lat' dir='ltr'><strong>hoc</strong></span> <span class='ocrx_word' id='word_1_912' title='bbox 2060 5818 2248 5869; x_wconf 80' lang='lat' dir='ltr'><strong>contra</strong></span> <span class='ocrx_word' id='word_1_913' title='bbox 2267 5807 2481 5877; x_wconf 66' lang='lat' dir='ltr'><strong>Iudaeos</strong></span> <span class='ocrx_word' id='word_1_914' title='bbox 2497 5808 2738 5881; x_wconf 87' lang='lat' dir='ltr'><strong>loquitur</strong></span> <span class='ocrx_word' id='word_1_915' title='bbox 2758 5811 2848 5883; x_wconf 91' lang='lat' dir='ltr'><strong>qui</strong></span> <span class='ocrx_word' id='word_1_916' title='bbox 2866 5820 3064 5885; x_wconf 85' lang='lat' dir='ltr'><strong>negant</strong></span> <span class='ocrx_word' id='word_1_917' title='bbox 3083 5827 3205 5869; x_wconf 87' lang='lat' dir='ltr'><strong>esse</strong></span> <span class='ocrx_word' id='word_1_918' title='bbox 3230 5811 3512 5877; x_wconf 74' lang='lat' dir='ltr'><strong>Christum</strong></span> 
     </span>
    </p>
   </div>
  </div>
