4108 6334
513 348 591 406 19
1894 330 2125 390 SEDULI

2227 331 2399 390 iCOTI
2610 369 2617 375 υ
3703 325 3777 380 9.0

514 478 677 534 quem
703 460 979 533 promisit;
991 459 1141 515 Sicut
1171 459 1424 529 scriptum
1452 454 1629 512 αλια
1649 451 1903 508 Habacuc
1926 447 2081 502 vide-
2109 442 2297 508 ADeo
2336 452 2536 516 potest,
2567 456 2666 516 per
2687 441 3057 515 conjecturam
3079 447 3366 506 creature,
3392 436 3544 493 verbi
3577 438 3774 509 gratia,

517 551 663 607 licet.
694 553 880 606 Justus
913 567 978 606 ea;
1020 550 1149 620 ﬁde,
1169 548 1224 605 id
1256 556 1362 614 est,
1408 563 1516 602 non
1545 560 1613 600 ex
1642 543 1896 615 operibus
1936 541 2092 611 legis,

529 641 665 696 Vivit
696 642 925 714 (llnbac.
957 641 1055 712 11),
1082 642 1187 695 hoc
1228 648 1334 702 est,
1378 646 1697 709 praesentem
1727 635 1895 687 vitam
1921 631 2092 698 ducit,

517 736 604 790 vel
641 737 805 790 vitam
848 743 1109 791 aeternam
1155 732 1407 802 acquirit.
1455 729 1625 784 Aliter
1657 725 1949 781 secundum
1991 722 2092 776 Pil.

518 828 561 897 -ι-
586 826 805 879 Iustitia
836 823 936 878 Dei
954 833 1051 879 est.
1085 822 1235 890 Quod
1260 821 1468 891 justum
1494 818 1697 880 fuerat,
1728 825 1791 870 ut
1810 830 1918 885 quo
1940 814 2098 868 modo

519 918 805 974 Abraham
846 916 1075 971 credens
1132 930 1199 969 ex
1249 912 1519 984 gentibus,
1574 925 1673 980 per
1722 907 1891 962 solam
1938 904 2098 959 ﬁdem

516 1007 845 1081 iustiﬁcatus
871 1014 977 1071 est,
1010 1008 1087 1060 ita
1113 1003 1295 1060 cmteri
1334 1000 1493 1055 ﬁdem
1518 997 1632 1067 ejus
1674 999 1966 1059 imitantes,
1990 992 2098 1049 sal-

520 1108 803 1155 varentur.
837 1098 922 1153 Ea:
947 1097 1053 1167 ﬁde
1081 1088 1354 1150 Abraham
1393 1111 1404 1145 :
1435 1090 1503 1145 In
1530 1090 1691 1160 ﬁdem
1717 1088 1950 1143 hominis
1979 1100 2099 1140 cre-

524 1192 735 1258 dentis;
763 1192 878 1248 sive
898 1189 1083 1259 ex/ide
1107 1186 1297 1251 Judaei,
1333 1185 1390 1239 in
1418 1183 1522 1253 fide
1552 1182 1768 1253 gentilis
1799 1200 1811 1235 :
1846 1181 1967 1235 ideo
2004 1195 2114 1246 an-s

523 1292 641 1339 tem
678 1299 743 1338 ea:
771 1291 829 1338 et
853 1283 908 1336 in
938 1274 1150 1351 posuit,
1191 1285 1253 1331 ut
1290 1276 1593 1346 tautologia:
1635 1273 1826 1327 vitium
1870 1271 2105 1326 declina-

2194 543 2338 611 quod
2364 540 2459 605 sit,
2499 548 2555 593 et
2593 537 2738 606 quod
2770 537 2946 606 justus
2980 533 3052 587 sit
3093 542 3149 587 et
3189 531 3572 601 omnipotens:
3604 537 3787 586 osten-

2196 634 2330 689 dens
2369 648 2491 687 esse
2514 630 2717 701 aliquid
2742 631 2839 683 Dei
2865 626 3009 697 quod
3040 636 3225 683 notum
3253 626 3325 679 sit
3356 632 3411 679 et
3434 623 3635 693 aliquid
3666 621 3785 691 ejus

2197 727 2342 798 quod
2369 726 2611 797 ignotum
2660 724 2749 779 sit.
2784 723 3029 791 Ignotum
3077 720 3181 774 hoc
3229 718 3323 772 Dei
3376 717 3787 787 intelligendum

2198 826 2302 883 est,
2342 834 2462 872 cum
2511 816 2652 870 ratio
2684 811 3006 868 substantim
3058 811 3176 881 ejus
3207 809 3318 891 vel.
3342 816 3583 872 naturae,
3631 806 3788 875 cujus

2199 926 2320 981 quae
2355 910 2425 964 sit
2452 908 2781 979 proprietas,
2808 913 2937 976 puto
2967 902 3111 974 quod
3137 917 3246 957 non
3277 900 3450 955 solum
3489 914 3590 953 nos
3614 897 3790 952 homi-

2199 1017 2319 1067 nes,
2353 990 2447 1056 sed
2469 1008 2523 1054 et
2554 1014 2770 1053 omnem
2801 997 2970 1051 lateat
2994 1003 3321 1050 creaturam.
3353 988 3496 1047 Deus
3517 992 3655 1046 enim
3680 989 3789 1046 illis
3838 994 3841 995 ⁷

2200 1080 2573 1161 manifestavit.
2602 1088 2661 1143 1d
2701 1096 2807 1153 est,
2832 1082 3202 1142 manifestavit
3225 1099 3307 1147 se.
3335 1078 3466 1139 dum
3496 1096 3632 1153 opus
3661 1078 3792 1136 fecit

2202 1201 2301 1257 per
2321 1183 2464 1255 quod
2498 1183 2669 1254 possit
2700 1180 2940 1252 agnosci.

2275 1274 2575 1331 Invisibilia
2620 1274 2757 1328 enim
2784 1272 2970 1340 ipsius,
3000 1289 3033 1325 a
3076 1276 3319 1323 creatura
3362 1266 3568 1330 mundi,
3597 1279 3690 1335 per
3729 1255 3797 1317 ea.

526 1385 628 1429 ret.
674 1360 891 1427 Justitia
919 1371 1015 1425 Dei
1048 1370 1102 1423 in
1128 1367 1409 1439 evangelio
1444 1366 1732 1429 revelatur,
1760 1378 1857 1433 per
1878 1363 1930 1417 id
1962 1361 2106 1432 quod
2205 1384 2321 1439 qua:
2369 1366 2512 1435 facta
2567 1373 2720 1429 sunt,
2775 1361 3038 1417 intellecta
3083 1350 3487 1431 perspiciuntur.
3532 1355 3648 1410 Hoc
3682 1361 3783 1417 est,

525 1465 596 1521 ad
626 1465 853 1520 salutem
892 1463 1071 1517 nullus
1116 1462 1384 1530 excipitur
1428 1460 1650 1525 venire,
1698 1458 1812 1513 sive
1868 1454 2104 1520 Iudaeus,
2206 1457 2464 1528 mysteria
2493 1454 2724 1509 obscura
2772 1467 2882 1506 suae
2907 1450 3146 1504 virtutis.
3200 1442 3495 1503 Sciendum
3530 1454 3613 1500 est
3646 1443 3794 1515 quod

526 1560 641 1645 sive
661 1558 903 1620 Graecus,
932 1557 1045 1611 sive
1070 1556 1364 1620 barbarus;
1408 1569 1531 1608 nam
1563 1551 1814 1606 omnibus
1837 1548 1969 1603 dicit
1992 1545 2111 1601 8³1-
2207 1549 2296 1604 hic
2321 1545 2606 1601 invisibilia
2636 1560 2756 1614 qua:
2784 1542 3026 1598 nominat
3061 1541 3126 1595 de
3157 1539 3454 1603 creaturis,
3485 1535 3788 1607 spiritualia

524 1638 721 1703 vator:
755 1646 927 1702 Venite
954 1646 1023 1700 ad
1061 1662 1164 1710 me,
1194 1661 1371 1698 omnes
1399 1642 1488 1714 qui
1528 1641 1800 1706 laboratis,
1824 1648 1869 1693 et
1898 1655 1991 1709 ego
2023 1653 2107 1691 re-
2210 1639 2336 1693 alibi
2357 1638 2520 1703 dicit;
2553 1638 2778 1706 ideoque
2801 1624 3007 1689 addidit
3038 1652 3049 1687 :
3090 1630 3420 1702 Sempiterna
3460 1644 3662 1700 quoque
3692 1628 3798 1681 vir-

524 1736 703 1808 ﬁciam
745 1754 831 1791 vos
857 1736 1073 1808 (Matth.
1104 1735 1180 1807 ιι)
1215 1754 1226 1790 ;
1268 1733 1559 1788 Revelatur
1589 1730 1801 1800 justitia
1831 1729 1960 1794 Dei,
1989 1742 2114 1798 qua:
2213 1738 2296 1783 tus
2323 1730 2437 1799 ejus
2469 1718 2531 1782 ac
2572 1728 2840 1782 divinitas.
2882 1724 3069 1779 Virtus
3115 1731 3199 1779 est
3241 1738 3347 1792 qua
3397 1719 3632 1775 instituit
3676 1734 3796 1788 qua:

525 1830 741 1885 obtecta
768 1829 917 1899 prius
948 1828 1228 1883 velabatur
1256 1826 1311 1880 in
1360 1825 1506 1898 lege;
1557 1823 1829 1879 reveletur
1866 1821 2011 1876 enim
2056 1820 2111 1874 in
2139 1813 2189 1875 Β
2215 1828 2522 1884 nouerant,
2551 1832 2765 1889 quaque
2805 1815 2987 1872 omnia
3018 1813 3189 1885 regit;
3240 1811 3495 1867 divinitas
3540 1817 3643 1873 est,
3691 1821 3797 1877 qua

526 1919 614 1975 his
652 1919 744 1989 qui
788 1934 856 1974 ex
894 1919 998 1974 ﬁde
1043 1919 1255 1974 Veteris
1293 1896 1624 1972 Testamenti
1676 1914 1747 1968 ad
1786 1911 1947 1967 ﬁdem
1985 1909 2114 1965 novi
2211 1912 2388 1982 replet
2419 1911 2690 1965 universa.
2727 1906 2851 1961 Non
2886 1906 3375 1977 magni/icaverunt.
3409 1899 3543 1968 Quia
3574 1913 3679 1952 nec
3710 1896 3795 1951 di-

528 2009 807 2082 Evangelii
826 2008 1101 2075 ’veniunt;
1148 2016 1204 2064 et
1233 2024 1356 2064 cum
1409 2008 1462 2062 in
1494 2004 1840 2076 Evangelium
1867 2001 2115 2066 veniunt,

531 2115 599 2154 ex
626 2100 731 2156 ﬁde
756 2100 908 2173 legis,
937 2100 990 2154 in
1024 2099 1186 2156 ﬁdem
1215 2098 1416 2155 Christi
1443 2098 1767 2168 diriguntur.
1797 2092 1985 2147 Justus
2020 2106 2117 2145 au-

533 2202 643 2250 tem
691 2208 843 2248 meus
877 2209 946 2248 ex
972 2191 1079 2247 ﬁde
1102 2193 1255 2259 vivit,
1299 2192 1353 2247 id
1383 2198 1491 2256 est,
1529 2188 1740 2244 Veteris
1769 2194 1824 2240 et
1847 2183 1989 2238 Novi.
2014 2183 2117 2238 Te-

535 2285 791 2341 stamenti
844 2303 857 2339 :
909 2300 1037 2339 nam
1087 2285 1318 2339 alterum
1362 2284 1479 2338 sine
1533 2281 1703 2335 altero
1750 2276 2118 2345 integritatem

533 2381 661 2435 vitae
679 2396 787 2435 non
804 2380 987 2435 habet.
1015 2379 1190 2434 Aliter
1217 2395 1282 2433 ex
1306 2378 1410 2447 ﬁde
1430 2374 1863 2447 praedicandum,
1884 2372 1938 2424 in
1958 2370 2118 2438 ﬁdem

537 2470 894 2525 credentium.
949 2469 1076 2525 Sive
1110 2478 1173 2524 ut
1225 2468 1554 2539 Augustinus
1599 2466 1855 2535 exponit,
1908 2479 1971 2517 ex
2015 2461 2121 2532 ﬁde

536 2563 829 2618 verborum
863 2562 1061 2634 quibus
1096 2576 1241 2616 nunc
1287 2561 1557 2617 credimus
1588 2558 1737 2628 quod
1775 2555 2013 2610 nondum
2042 2553 2122 2609 vi—

540 2652 750 2717 demus,
776 2652 832 2707 in
861 2652 1021 2721 ﬁdem
1048 2667 1253 2718 rerum,
1279 2668 1383 2723 qua
1432 2651 1485 2705 in
1521 2659 1787 2705 aeternum
1814 2646 1959 2718 quod
1979 2660 2123 2701 nunc

540 2744 831 2812 credimus,
864 2746 1248 2803 obtinebimus.
1280 2745 1458 2813 Quare
1484 2759 1592 2799 non
1619 2744 1782 2798 homo
1809 2740 1893 2795 vel
1931 2739 2016 2792 vir
2056 2753 2124 2792 ex

542 2838 650 2894 ﬁde
676 2839 861 2895 vivere
895 2840 1055 2905 dixit,
1077 2839 1200 2895 ideo
1228 2854 1295 2895 ne
1316 2839 1633 2910 reprobaret
1651 2851 1814 2908 opera
1838 2836 1964 2891 dum
1994 2834 2124 2889 huc»

543 2949 714 3004 usque
740 2933 901 2991 ﬁdem
920 2943 977 2991 et
1001 2936 1232 3007 gratiam
1259 2935 1678 3000 commendavit,
1704 2934 1792 2989 hic
1824 2946 1954 2986 vero
1992 2942 2125 2999 opus

544 3026 869 3093 ostenditur,
912 3027 1135 3083 dicens:
1164 3025 1349 3083 Justus
1384 3035 1485 3093 est,
1520 3027 1625 3083 ﬁde
1652 3027 1839 3092 viret;
1874 3025 2002 3095 quia
2040 3023 2128 3093 ju-

545 3127 690 3175 stum
719 3120 938 3186 indicat,
967 3121 1109 3176 bona
1130 3135 1292 3190 opera
1319 3121 1628 3176 habentem.

2216 2021 2379 2076 gnum
2428 2000 2691 2059 honorem
2733 2000 2843 2055 Deo
2884 1992 3167 2054 dederunt.
3201 1995 3303 2049 Aut
3332 1994 3541 2065 gratias"
3564 1997 3799 2062 egerunt.

2214 2096 2324 2152 Pro
2344 2113 2409 2151 eo
2431 2095 2573 2166 quod
2608 2093 2741 2148 tales
2779 2090 2909 2146 facti
2934 2098 3079 2155 sunt,
3113 2096 3174 2144 ut
3200 2089 3369 2143 Deum
3395 2092 3614 2158 possent
3635 2096 3800 2153 agno.-

2219 2205 2391 2251 scere,
2423 2189 2470 2243 si
2514 2186 2729 2241 vellent.
2780 2181 2882 2238 Sed
2932 2189 3251 2236 evanuerunt
3292 2172 3349 2233 in
3394 2172 3801 2247 cogitationibus

2220 2281 2351 2336 suis.
2383 2280 2485 2334 Per
2514 2276 2897 2347 cogitationum
2924 2288 3147 2328 suarum
3189 2271 3482 2325 vanitatem
3527 2266 3653 2320 dum
3698 2263 3805 2317 lcr-

2222 2386 2342 2427 mas
2387 2378 2441 2424 et
2474 2368 2737 2439 imagines
2766 2380 3057 2434 corporeus
3084 2362 3367 2430 requirunt
3393 2359 3444 2413 in
3475 2355 3607 2420 Deo,
3640 2354 3804 2408 inse.

2222 2461 2470 2532 metipsis
2499 2460 2593 2515 Dei
2630 2459 2918 2527 imaginem
2945 2455 3291 2527 perdiderunt
3336 2469 3348 2504 :
3403 2465 3538 2519 quos
3568 2446 3806 2501 Anthro-

2223 2552 2600 2625 pomorphitas
2633 2548 2990 2605 ecclesiastici
3026 2546 3129 2600 viri
3163 2544 3337 2600 solent
3383 2540 3679 2596 nominare.
3708 2535 3810 2590 0b-

2225 2656 2477 2700 cwcatum
2519 2651 2593 2698 est
2638 2642 2888 2713 insipiens
2932 2655 3024 2694 cor
3064 2654 3265 2693 eorum.
3311 2634 3647 2689 Recedentes
3672 2644 3702 2683 a
3730 2627 3809 2681 lu-

2226 2739 2373 2794 mine
2398 2737 2644 2792 veritatis
2681 2734 2971 2804 sapientes,
3001 2732 3158 2803 quasi
3200 2729 3293 2799 qui
3321 2726 3654 2782 invenissent
3676 2734 3809 2791 quo—

2227 2831 2390 2886 modo
2435 2829 2720 2885 invisibilis
2749 2828 2892 2883 Deus
2925 2842 3023 2897 per
3063 2824 3416 2880 simulacrum
3460 2803 3673 2874 visibile
3722 2828 3811 2868 co-

2229 2922 2453 2978 leretur.
2504 2919 2666 2975 Stulti
2695 2919 2824 2989 facti
2864 2926 3004 2972 sunt.
3056 2915 3175 2972 Non
3205 2912 3569 2982 intelligentes
3610 2904 3811 2961 nullam

2230 3016 2639 3073 similitudinem
2677 3013 2881 3068 habere
2925 3017 3198 3066 mortuum
3240 3002 3580 3065 immortalis,
3614 3009 3668 3054 et
3694 3011 3813 3052 cor-

2232 3107 2486 3179 ruptibile
2531 3105 2845 3176 sempiterni
2890 3100 3204 3158 conditoris.
3237 3095 3497 3166 Quamvis
3522 3092 3589 3147 ad
3627 3099 3815 3145 omnes

616 3211 896 3269 Revelatur
936 3216 1075 3268 enim
1101 3216 1184 3268 ira
1226 3214 1325 3268 Dei
1356 3214 1421 3268 de
1446 3213 1592 3268 εωιο.
1638 3211 1790 3268 Sicut
1814 3211 1876 3267 in
1913 3211 2005 3266 illo
2034 3211 2126 3281 qui
2156 3182 2207 3250 α
2237 3200 2484 3256 homines
2507 3197 2701 3265 quibus
2732 3195 2874 3248 inest
2896 3191 3158 3247 naturalis
3186 3189 3343 3251 ratio,
3373 3183 3610 3240 maxime
3637 3189 3814 3235 tamen

549 3303 953 3375 creditjustitia
999 3305 1095 3360 Dei
1135 3305 1429 3370 revelatur,
1465 3314 1526 3359 ut
1580 3320 1741 3375 supra
1780 3303 2122 3369 memoravit,

549 3392 625 3450 ita
659 3402 716 3450 et
748 3396 807 3450 in
840 3410 905 3451 eo
960 3397 1054 3466 qui
1102 3410 1210 3451 non
1269 3398 1445 3452 credit
1483 3398 1562 3451 ira
1616 3397 1717 3451 Dei
1743 3396 2015 3452 reveletur
2062 3396 2129 3467 de

552 3485 711 3543 cmlo.
757 3488 1069 3544 Auctoritas
1114 3489 1451 3545 celsitudinis
1486 3491 1590 3546 hoc
1643 3491 1764 3546 loco
1803 3489 2127 3554 ostenditur,

552 3579 633 3635 sie
653 3588 736 3635 est
770 3580 901 3637 illud
941 3597 956 3635 :
1007 3579 1170 3637 Pater
1192 3592 1386 3649 noster,
1416 3587 1505 3655 qui
1533 3601 1588 3639 es
1631 3587 1686 3639 in
1730 3585 1869 3639 caelis
1898 3582 2126 3655 (Matth.

540 3670 661 3741 ,vt).
702 3670 794 3728 Sic
821 3690 835 3727 :
863 3671 1029 3728 Omne
1055 3674 1239 3729 datum
1265 3677 1521 3746 optimum
1538 3687 1591 3731 et
1618 3690 1769 3731 omne
1796 3676 1993 3730 donum
2013 3690 2132 3747 per-

542 3763 749 3833 fectum
798 3764 1077 3823 desursum
1103 3778 1214 3833 est,
1254 3768 1570 3825 descendens
1607 3786 1645 3824 α
1682 3770 1843 3826 Patre
1872 3771 2131 3825 luminum

557 3853 766 3925 (Iacob.
795 3854 858 3926 1).
906 3856 986 3911 Ita
1012 3867 1068 3912 et
1091 3858 1238 3929 justa
1263 3860 1526 3931 vindicta,
1550 3861 1651 3931 qui
1678 3862 1758 3915 ira
1807 3862 1903 3917 Dei
1945 3863 2133 3931 appel-

555 3943 718 4009 latur,
748 3961 857 4000 non
900 3948 1003 4002 nisi
1029 3948 1103 4004 de
1136 3952 1357 4021 superni
1383 3950 1583 4020 iudicis
1606 3952 1803 4006 throno
1831 3951 2130 4006 descendit.

555 4035 640 4091 lra
669 4036 993 4094 Deividetur
1021 4040 1292 4097 interdum
1316 4043 1489 4098 virtus
1520 4044 1633 4114 ipsa
1661 4056 1781 4113 quae
1802 4046 1998 4112 praeest
2019 4051 2135 4112 poe-

557 4145 751 4186 narum
768 4132 1052 4199 ministris,
1066 4143 1251 4206 etquae
1271 4137 1529 4206 supplicia
1548 4136 1710 4191 infert
1734 4136 2134 4206 peccatoribus,

561 4223 684 4310 dici.
704 4221 974 4282 Interdum
993 4229 1306 4284 tentationis
1336 4228 1555 4285 alliictiu
1581 4230 1663 4283 ira
1686 4229 1780 4284 Dei
1802 4230 2135 4295 nominatur,

560 4315 700 4371 sicut
726 4316 828 4374 Job
847 4319 1013 4376 dicit:
1036 4319 1131 4375 Ira
1155 4321 1255 4376 Dei
1281 4321 1337 4375 in
1358 4337 1574 4392 corpore
1601 4320 1756 4376 meo?
1781 4322 1851 4376 Et
1873 4322 1998 4391 quia
2027 4322 2140 4392 spi-

559 4409 777 4466 ritualia
825 4414 1117 4483 nequitia,
1162 4415 1449 4471 adversum
1485 4428 1606 4486 quae
1650 4416 1811 4471 nobis
1860 4424 2138 4472 certamen

560 4508 669 4566 est,
699 4502 752 4555 in
790 4502 1102 4560 cmlestibus
1144 4521 1265 4561 esse
1298 4506 1586 4575 dicuntur,
1638 4516 2034 4579 consequenter
2082 4508 2139 4561 in

563 4607 659 4648 eos
686 4593 778 4661 qui
807 4594 881 4650 ab
905 4597 990 4650 his
1018 4607 1343 4667 separantur
1371 4600 1449 4655 ira
1500 4601 1599 4657 Dei
1652 4602 1719 4656 de
1766 4598 1905 4657 etelo
1941 4601 2139 4655 dicitur

558 4681 827 4753 iaculari;
855 4684 925 4740 In
968 4696 1175 4743 omnem
1198 4691 1535 4763 impietatem.
1568 4692 1625 4747 ld
1666 4699 1788 4758 est,
1829 4691 2136 4746 Iudaeorum

563 4782 622 4832 et
656 4776 915 4847 gentium.
962 4779 1234 4850 Impietas,
1278 4783 1333 4837 in
1370 4783 1549 4838 Deum.
1585 4795 1814 4854 peccare
1862 4791 1947 4838 est
1978 4802 1991 4838 :
2035 4783 2137 4838 ini-

565 4870 785 4940 quitas,
843 4872 900 4927 in
944 4873 1195 4931 homines
1243 4893 1257 4929 :
1317 4877 1375 4930 in
1420 4876 1591 4931 Deum
1646 4891 1775 4948 ergo
1830 4883 1889 4931 et
1940 4876 1996 4931 in
2041 4876 2139 4931 ho-

564 4961 740 5017 mines
801 4973 1030 5034 peccant
1087 4967 1178 5038 qui
1228 4967 1497 5022 veritatem
1557 4968 1612 5022 in
1678 4968 1954 5038 iniquimte
2009 4967 2142 5021 deti-

565 5064 707 5108 nent.
738 5053 854 5112 Non
902 5057 1063 5123 dixit,
1095 5059 1241 5128 quod
1274 5074 1385 5114 non
1434 5058 1635 5114 habent
1688 5060 1998 5126 veritatem,
2051 5062 2146 5116 sed

562 5147 851 5203 veritatem
907 5165 1071 5220 quam
1121 5151 1339 5225 sciunt,
1391 5154 1447 5207 in
1510 5153 1797 5223 iniquitate
1858 5154 2142 5220 detinent;

564 5252 694 5293 nam
750 5242 1039 5298 veritatem
1096 5245 1328 5299 nominis
1389 5246 1485 5300 Dei
1558 5246 1612 5300 in
1680 5245 1945 5315 iniustitia
2006 5247 2146 5303 indi-

562 5345 684 5402 gna:
727 5334 970 5389 materiai
1008 5335 1251 5392 detinent
1284 5336 1568 5393 idolorum.
1602 5338 1743 5404 Quia
1781 5339 1923 5411 quod
1962 5347 2144 5393 notum

564 5432 642 5479 est
665 5423 781 5479 Dei.
814 5424 1017 5482 Notitia
1042 5428 1137 5483 Dei
1165 5427 1446 5484 manifesta
1470 5440 1643 5485 estex
1675 5429 1879 5486 fabrica
1919 5430 2139 5496 mundi;

562 5522 627 5571 ut
649 5516 794 5571 enim
815 5516 978 5585 Deus,
1001 5520 1095 5590 qui
1122 5529 1318 5575 natura
1351 5521 1635 5578 invisibilis
1659 5530 1775 5588 est,
1799 5522 1971 5593 possit
1993 5520 2140 5587 sciri,

564 5623 700 5677 opus
721 5607 923 5666 factum
950 5612 1020 5669 ab
1046 5627 1113 5668 eo
1132 5620 1233 5680 est,
1261 5614 1404 5684 quod
1428 5613 1677 5683 opiﬁcem
1706 5615 2021 5670 visibilitate
2044 5628 2141 5684 sua

560 5702 957 5774 manifestaret,
984 5714 1045 5762 ut
1068 5721 1167 5777 per
1212 5682 1419 5762 certum
1448 5682 1712 5762 incertum
1759 5714 1944 5777 posset
1988 5682 2141 5760 sciri.‘

561 5792 705 5863 Quia
746 5798 886 5869 quod
929 5808 1111 5858 notum
1137 5807 1210 5857 ut
1234 5797 1352 5857 Dei.
1379 5798 1439 5858 ιιι
1466 5806 1572 5871 est,
1600 5798 1748 5872 quod
1789 5798 2045 5870 cognosci
2072 5796 2141 5852 de

2233 3294 2350 3350 haec
2398 3296 2643 3360 spectant
2678 3288 2746 3342 ad
2782 3284 3053 3355 sapientes
3089 3282 3247 3351 hujus
3276 3277 3478 3341 mundi,
3509 3283 3564 3328 et
3600 3288 3694 3328 eos
3722 3268 3817 3339 qui

2230 3382 2537 3457 philosophi
2586 3379 2956 3442 nominantur,
3000 3374 3196 3445 quibus
3231 3370 3500 3442 praecipue
3535 3371 3816 3421 creaturas

2232 3477 2418 3532 mundi
2472 3482 2529 3530 et
2579 3472 2762 3529 omnia
2811 3486 2932 3540 qua:
2971 3470 3027 3522 in
3083 3482 3149 3522 eo
3194 3464 3334 3520 facta
3382 3469 3509 3517 sunt
3549 3459 3819 3514 discutere

2234 3567 2520 3637 disciplina
2552 3573 2658 3629 est,
2678 3572 2733 3619 et
2761 3578 2857 3634 per
2886 3563 3001 3616 haec
3027 3573 3147 3630 quae
3177 3557 3428 3612 videntur
3450 3568 3513 3607 ea
3548 3562 3666 3619 quae
3709 3559 3821 3597 non

2234 3635 2489 3715 videntur
2518 3658 2730 3712 ratione
2772 3654 3050 3723 colligere.
3094 3648 3164 3703 Et
3216 3650 3546 3702 mutaverunt
3595 3635 3819 3709 gloriam

2234 3752 2548 3809 immortalis
2587 3750 2707 3805 Dei.
2745 3749 2860 3804 Hoc
2924 3756 3030 3811 est,
3066 3757 3265 3798 nomen
3320 3746 3376 3793 et
3426 3737 3686 3791 honorem
3723 3725 3820 3781 Dei

2237 3849 2395 3906 idolis
2417 3850 2714 3909 dederunt;
2742 3860 2775 3898 a
2808 3843 2932 3898 vivo
2978 3839 3119 3895 enim
3161 3835 3271 3889 Deo
3299 3828 3645 3888 recedentes,
3678 3833 3825 3875 mor-

2238 3943 2346 3997 tuis
2378 3940 2579 3993 favent.
2644 3935 2813 3989 Primi
2855 3933 3000 3987 enim
3050 3922 3333 4002 Babylonii
3386 3920 3556 3973 Deum
3592 3926 3824 3968 vocave-

2238 4027 2707 4098 ruut‘ﬁgmentum
2745 4021 2908 4085 Belis,
2943 4000 3177 4072 hominis
3214 4008 3450 4070 mortui,
3498 4004 3588 4072 qui
3619 4000 3797 4071 princi

2238 4129 2423 4195 patum
2448 4117 2649 4174 dicitur
2673 4114 2725 4167 in
2759 4112 2840 4167 eis
2869 4109 3064 4180 egisse.
3090 4100 3387 4158 Coluerunt
3409 4104 3465 4151 et
3492 4100 3818 4163 serpentem,

2242 4184 2565 4273 draconem,
2617 4219 2779 4274 quem
2827 4199 3026 4255 occidit
3054 4192 3273 4257 Daniel,
3303 4191 3464 4245 homo
3492 4186 3618 4250 Dei,
3671 4184 3823 4253 cujus

2243 4299 2655 4361 similitudinem
2682 4295 2903 4349 habent.
2953 4286 3195 4360 [Egyptii
3231 4282 3481 4339 colebant
3511 4276 3811 4348 quadrupe-

2243 4398 2393 4457 dem,
2405 4406 2565 4461 quem
2596 4388 2849 4443 dicebant
2872 4382 3051 4454 Apim,
3080 4381 3135 4434 in
3161 4375 3569 4434 similitudinem
3596 4385 3775 4426 vacca:
3806 4386 3819 4423 :

2246 4484 2393 4558 quod
2435 4483 2636 4538 malum
2679 4479 2923 4534 imitatus
2952 4484 3036 4531 est
3081 4472 3398 4535 Jeroboam;
3453 4476 3510 4523 et
3537 4465 3822 4527 volucres,

2164 4548 2218 4621 δ
2244 4548 2373 4651 quia
2423 4576 2679 4632 chronica
2727 4587 2884 4633 sacra
2938 4568 3209 4624 habebant
3237 4562 3453 4635 pagani,
3495 4559 3547 4614 id
3582 4565 3714 4651 est,
3766 4560 3829 4608 ut

2244 4649 2427 4743 dquila
2456 4668 2629 4734 Jovis,
2660 4664 2913 4739 graculus
2943 4671 2998 4718 et
3038 4660 3229 4717 cornix
3250 4657 3543 4713 diceretur.
3569 4649 3680 4706 Sed
3702 4649 3828 4702 bre-

2243 4766 2405 4830 viter,
2437 4773 2493 4819 et
2519 4762 2667 4818 omni
2694 4761 2748 4814 in
2768 4772 2938 4813 unum
2964 4754 3191 4811 collecta
3213 4748 3525 4805 deﬁnitione
3550 4744 3822 4799 dicamus:

2243 4862 2487 4918 Adorare
2535 4857 2701 4912 alium
2743 4855 2913 4909 Deum
2954 4857 3152 4920 praeter
3176 4844 3419 4909 Patrem,
3444 4848 3497 4896 et
3526 4838 3744 4903 Filium,
3772 4841 3829 4891 et

2246 4956 2509 5028 Spiritum
2543 4962 2811 5016 sanctum,
2846 4944 3142 5016 impietatis
3183 4941 3397 4998 crimen.
3418 4943 3527 4992 est.

2320 5049 2545 5119 PrOpter
2564 5046 2699 5118 quod
2724 5040 2943 5097 tradidit
2971 5038 3090 5093 illos
3122 5036 3265 5090 Deus
3291 5034 3347 5085 in
3364 5025 3624 5119 desideria
3652 5022 3828 5077 cordis

2247 5116 2448 5199 eorum.
2473 5116 2769 5195 lstiiautem
2783 5140 3057 5188 vertentes
3084 5144 3143 5185 se
3158 5145 3189 5180 a
3218 5125 3349 5184 Deo,
3368 5117 3551 5175 traditi
3576 5124 3703 5170 sunt
3717 5116 3829 5169 dia-

2243 5235 2390 5292 bolo.
2423 5233 2664 5289 Tradere
2694 5232 2798 5286 hoc
2822 5238 2906 5283 est
2955 5223 3291 5296 permittere,
3321 5230 3435 5269 non.
3456 5211 3706 5274 incitare,
3734 5215 3829 5263 aut

2246 5329 2634 5392 immittere,trt
2650 5338 2713 5379 ea
2743 5338 2863 5392 qua:
2879 5321 2933 5375 in
2956 5313 3238 5374 desideriis
3259 5308 3629 5378 conciperent,
3645 5302 3830 5373 exple-

2249 5429 2375 5476 rent
2408 5419 2466 5473 in
2498 5432 2682 5487 opere.
2716 5414 2820 5469 Per
2849 5413 2952 5466 hoc
2979 5408 3121 5478 quod
3147 5406 3436 5463 deserunt,
3466 5398 3752 5452 traduntur
3774 5392 3827 5447 in

2249 5510 2518 5568 desideria
2532 5482 2714 5563 cordis
2742 5503 2845 5558 sui.
2864 5499 3016 5566 Quali
3030 5495 3235 5568 judicio
3265 5505 3393 5563 erga
3422 5485 3721 5543 divinitatis
3744 5482 3830 5537 usi

2247 5615 2377 5668 sunt
2400 5600 2823 5660 venerationem,
2847 5592 2974 5646 dum
3007 5591 3101 5645 Dei
3126 5582 3549 5655 incorruptibilis
3578 5579 3827 5652 gloriam,

2247 5705 2318 5757 ad
2356 5700 2528 5754 foedas
2557 5703 2612 5749 et
2641 5691 2891 5759 indignas
2924 5687 3200 5741 deducunt
3225 5679 3505 5734 hominum
3532 5685 3586 5729 et
3622 5674 3830 5727 anima-

2244 5795 2382 5854 lium
2414 5790 2635 5854 fomns,
2690 5780 2789 5841 tati
2826 5778 2997 5839 etiam
3041 5789 3174 5848 erga
3226 5779 3550 5841 semetipsos
3604 5770 3828 5843 utantur
