4108 6334
309 291 378 350 ﬂ
1415 282 1747 343 COLLECT.
1790 281 1858 337 IN
1898 279 2115 338 EPIST.
2157 278 2248 335 AD
2285 279 2454 337 ROM.
2816 272 2821 275 ¹
3511 276 3588 334 22

312 407 452 473 vine,
499 411 561 460 ut
588 403 938 461 rationabiles
979 402 1236 459 homines
1263 401 1450 456 vivant
1481 416 1636 456 more
1672 397 1892 455 irratios
1921 394 1979 461 Α
1998 406 2116 451 sum
2153 395 2448 467 reprobum.
2486 392 2629 449 Deus
2657 391 2929 448 neminem
2966 390 3149 459 tradit,
3180 389 3275 446 sed
3302 387 3585 461 relinquit,

313 496 576 557 nabiliutn
628 495 951 551 beluarum.
980 493 1115 549 Item
1169 492 1502 564 Augustinus
1551 491 1616 546 in-
1656 489 1803 545 libro
1826 487 1897 542 de
1997 505 2100 545 nec
2127 488 2351 559 adjuvat
2369 504 2501 544 eum
2531 489 2633 558 qni-
2681 494 2893 557 peccat.
2930 483 3177 556 Reptetos
3212 485 3367 538 omni
3393 483 3588 555 iniqui-

313 589 501 648 Gratia
547 588 683 652 Dei,
709 597 764 644 et
806 588 977 643 libero
1024 584 1297 642 Arbitrio.
1343 581 1639 654 Propterea
1677 580 1902 635 tradidit
1997 591 2103 637 tate
2147 592 2195 637 et
2252 583 2477 637 malitia.
2541 580 2879 651 Principales
2930 593 3127 634 causas
3175 578 3415 633 ostendit
3464 592 3589 633 esse

312 683 435 739 illos
456 682 605 738 Deus
629 684 685 738 in
703 681 967 737 desideria
990 682 1165 735 cordis
1189 694 1397 733 eorum.
1424 675 1711 745 Seriptum.
1728 682 1821 728 est
1840 672 1909 726 in
1997 674 2239 731 manium
2267 675 2541 730 vitiorum.
2579 673 2827 729 Joannes
2866 671 3319 742 Metropolitanus
3352 671 3468 725 haec
3511 670 3591 725 di-

316 777 639 835 Proverbiis'
666 774 971 831 Saiomonis
1011 788 1025 827 :
1073 769 1225 826 Sicut
1265 771 1487 840 impetus
1522 782 1675 838 aqua;
1706 767 1900 819 siccor

2001 765 2125 821 ait:
2168 764 2441 836 lniquitas
2470 774 2564 821 est
2594 765 2849 836 generale
2895 780 3105 821 nomen.
3154 765 3332 820 omnis
3377 763 3590 835 peccati

316 871 455 940 regis
498 869 555 922 in
594 879 756 921 ruens
795 865 904 920 Dei
938 879 955 915 :
986 876 1301 934 quorum
1333 861 1578 925 voluerit,
1624 856 1899 913 inclinabit
2000 857 2073 913 a1)
2104 856 2347 927 origine;
2394 872 2527 912 nanr
2549 858 2797 928 quisquis
2842 857 2916 912 de
2955 857 3211 926 asqtritate
3242 866 3473 921 naturae,
3502 854 3591 911 vel

314 962 483 1017 illum.
501 961 575 1014 Et
596 960 663 1015 in=
681 956 928 1027 Epistolis
948 954 1099 1010 Pauli
1149 954 1224 1008 ad
1261 952 1537 1009 Romnos
1569 967 1587 1004 ει
1614 948 1907 1019 Propterea
1999 947 2388 1004 mandatorum
2406 948 2501 1004 Dei
2541 949 2758 1015 labitur,
2788 948 3005 1018 iniquus
3033 948 3235 1004 dicitur
3260 966 3273 1000 :
3303 948 3455 1003 unde
3488 946 3592 1002 ini-

319 1053 540 1110 tradidit
575 1052 706 1107 illo:
724 1051 865 1105 huc
910 1050 974 1104 in
1013 1047 1305 1113 desideria,
1327 1054 1432 1102 etc.
1481 1044 1587 1099 His
1616 1051 1674 1099 el
1702 1041 1902 1097 talibus

318 1148 648 1206 testimoniis
700 1145 1005 1201 divinorum
1039 1141 1403 1213 eloquiorum,
1457 1138 1621 1202 satis,
1637 1143 1909 1207 quantum

314 1238 1010 1305 existimo,.manifeetawr,-
1019 1234 1237 1304 operari
1265 1233 1437 1288 Deum
1460 1232 1517 1286 in
1533 1229 1789 1286 cordibus
1805 1228 1913 1282 ho-

319 1333 533 1387 minum
556 1330 625 1385 ad
662 1328 1001 1383 inclinandus
1024 1340 1223 1381 eorum.
1243 1324 1549 1378 voluntates
1579 1330 1904 1389 quocunque

317 1424 569 1488 voluerit,
586 1422 699 1477 sive
724 1421 791 1475 ad
816 1421 957 1476 bona
974 1432 1075 1490 pro
1097 1432 1193 1473 sua
1212 1418 1481 1472 immensa
1504 1408 1909 1474 misericordias

320 1515 436 1571 sive
459 1515 529 1570 ad
552 1514 693 1569 mala
710 1512 1035 1584 premeritis
1058 1526 1244 1567 eorum
1264 1526 1278 1564 :
1291 1508 1691 1580 judicio‘autem
1701 1501 1909 1558 suoaliw

319 1607 539 1678 (plaudo
558 1614 767 1677 aperto,
793 1604 1097 1675 aliquamdo‘
1108 1603 1356 1668 occulto,
1379 1615 1594 1671 semper
1620 1594 1909 1664 autemjus

319 1707 427 1754 sto.
442 1699 521 1753 Ac
542 1697 1007 1767 per'hoo,.quaudo
1035 1696 1212 1765 legitis
1229 1695 1283 1749 in
1300 1693 1499 1748 divinis
1523 1690 1733 1762 litteris.
1746 1704 1777 1743 a
1797 1688 1911 1743 Dee

322 1789 517 1845 seduci
549 1789 818 1855 homines,
845 1796 941 1844 aut
958 1787 1215 1853 obtundit,
1244 1793 1340 1840 aut
1354 1782 1598 1840 obturari
1625 1781 1795 1837 corda
1814 1794 1910 1836 eu-

323 1894 468 1949 rnrn‘,
487 1882 653 1939 nolite
679 1882 1292 1951 (hibitare'przecessisse
1309 1878 1455 1933 mala
1469 1877 1667 1932 merita
1692 1887 1909 1940 eorum,

322 1984 383 2029 ut
397 1975 544 2044 justo
555 1981 891 2044 paterentm'.
910 1972 977 2025 Dn
1007 1969 1513 2035 isnmwnditiaﬁuze
1538 1974 1629 2022 ess
1650 1967 1706 2020 in
1735 1965 1909 2035 turpi-

319 2064 422 2122 bus
451 2064 748 2136 mysteriis,
778 2069 840 2117 ult
868 2059 1213 2116 contumeliis
1243 2056 1482 2113 afﬁciant
1508 2068 1745 2125 corpora
1788 2069 1935 2121 sua,-

322 2160 451 2218 dum
488 2160 594 2217 sibi
626 2161 682 2214 in
729 2156 1091 2213 sacramentis
1118 2153 1392 2209 idolorum
1420 2150 1663 2205 cauteria
1712 2155 1767 2205 et
1813 2142 1913 2202 bu-

318 2252 534 2306 stiones
594 2248 845 2320 inﬂigunt
873 2288 888 2313 ,
935 2253 994 2300 ut
1059 2244 1221 2314 quasi
1278 2249 1523 2296 amentes
1579 2239 1687 2310 ipsi
1734 2238 1795 2293 in
1854 2246 1915 2293 se

320 2354 551 2396 suorum
590 2340 699 2395 sint
741 2338 981 2392 vindices
1017 2333 1356 2391 delictorum.
1413 2329 1518 2397 Qui
1562 2338 1914 2384 commutare-

320 2444 447 2488 runt
469 2434 735 2488 veritatem
758 2430 856 2485 Dei
876 2430 937 2485 in
953 2428 1305 2482 mendacium.
1331 2418 1446 2479 Hoc
1469 2429 1573 2488 est,
1592 2434 1795 2477 nomen
1812 2420 1918 2476 Dei

321 2525 416 2596 qui
452 2539 616 2580 verus
641 2532 747 2590 est,
779 2523 1044 2578 dederunt
1074 2521 1157 2576 his
1200 2519 1295 2590 qui
1343 2532 1457 2572 non
1497 2523 1625 2571 sunt
1650 2515 1746 2581 dii,
1778 2512 1914 2585 lapi-

324 2616 482 2672 dibus
532 2615 741 2671 scilicet
766 2622 819 2668 et
845 2613 1030 2685 lignis,
1055 2620 1218 2683 atque
1246 2608 1501 2666 metallis.
1545 2606 1654 2676 Qui
1692 2606 1913 2663 simula-

323 2722 477 2764 crum
507 2706 655 2773 colit,
695 2706 965 2763 convertit
990 2705 1283 2761 veritatem“
1303 2702 1401 2758 Dei
1432 2702 1488 2756 in
1523 2700 1906 2782 mendacium;
1932 2718 1936 2723 ’

323 2812 451 2852 nam
479 2810 632 2853 mare
643 2796 847 2852 veritas
868 2805 975 2861 est,
992 2796 1094 2852 hoc
1121 2804 1227 2861 est,
1244 2808 1372 2851 vera
1392 2802 1642 2850 creatura
1673 2811 1686 2847 :
1712 2782 1949 2864 Neptu-'

323 2902 427 2943 nus
448 2895 627 2943 autem
656 2886 1018 2954 mendacium,
1048 2885 1259 2943 factum
1280 2889 1349 2943 ab
1378 2882 1617 2953 homine,
1651 2898 1921 2942 conversa

324 2978 555 3035 veritate
583 2974 678 3034 Dei
714 2979 775 3034 in
808 2976 1173 3046 mendacium,
1216 2979 1344 3051 quia
1377 2979 1520 3035 Deus
1554 2977 1685 3033 fecit
1739 2988 1909 3043 mare,

325 3070 490 3127 homo
525 3079 713 3126 autem
738 3070 1095 3128 simulacrum
1119 3068 1373 3143 Neptuni.
1412 3068 1483 3125 Et
1512 3069 1820 3137 coluerunt,
1864 3072 1945 3124 et”

324 3168 621 3223 servierunt
652 3176 917 3223 creatura!
959 3168 1133 3240 potius
1189 3180 1347 3240 quam
1404 3162 1666 3223 Creatori.
1697 3158 1759 3223 id
1804 3172 1911 3233 est,

324 3272 439 3314 non
471 3258 646 3316 solum
690 3254 1015 3327 diluerunt,
1072 3260 1167 3316 sed
1215 3260 1385 3315 etiam
1418 3260 1746 3316 servierunt.
1808 3258 1925 3317 Sed

325 3351 637 3423 quicunque
653 3338 883 3419 alicujus
912 3357 1175 3406 creatum
1202 3350 1497 3422 cupiditate
1521 3352 1778 3419 vincitur,
1810 3351 1915 3422 ipsi

326 3445 527 3511 servit;
560 3459 592 3498 a
616 3458 724 3516 quo
750 3444 897 3499 enim
926 3445 1050 3516 quis
1080 3452 1369 3516 superatus
1391 3450 1495 3512 cst‘,
1525 3445 1686 3516 hujus
1711 3455 1767 3503 et
1793 3461 1914 3503 scr-

324 3552 425 3595 vus
451 3546 553 3594 est.
606 3535 717 3604 Qui"
732 3546 808 3594 est
849 3534 1147 3594 (ienedt‘ctus
1178 3540 1232 3595 in
1259 3539 1475 3597 alecula.
1514 3538 1611 3597 Cui
1639 3542 1685 3597 si
1711 3541 1916 3598 servis-

327 3642 472 3698 sent,
503 3641 560 3689 et
587 3634 691 3706 ipsi
718 3633 837 3692 ﬁeri
862 3632 1135 3692 benedicti
1174 3637 1229 3692 in
1258 3637 1455 3693 saecula
1488 3637 1815 3710 potuissent.

402 3718 548 3777 Nam
564 3723 769 3794 femina:
789 3743 972 3781 eorum
985 3727 1393 3784 immutaverunt
1416 3728 1713 3784 naturalem
1736 3747 1916 3798 usum,

322 3816 381 3871 in
409 3832 530 3870 eum
581 3833 734 3871 usum
765 3818 855 3890 qui
900 3828 977 3873 est
1018 3829 1204 3874 contra
1249 3830 1525 3875 naturam.
1556 3817 1750 3875 O'mnia
1796 3836 1942 3891 per—-

328 3916 607 3965 verterunt
633 3908 687 3964 in
729 3908 898 3966 Deum
939 3913 1216 3982 perversi;
1268 3927 1445 3983 neque
1480 3913 1628 3968 enim
1667 3913 1916 3970 ordinem

325 4009 535 4057 natura:
570 4017 790 4057 servare
818 4010 1091 4073 poterant,
1134 4004 1227 4074 qui
1256 4012 1467 4061 naturae
1512 3994 1916 4077 derel'iquerant

325 4102 624 4149 auctorem.
658 4092 911 4150 Similiter
930 4106 1104 4150 autem
1133 4105 1181 4151 et
1203 4096 1448 4164 masculi,
1473 4095 1651 4153 relicto
1680 4096 1914 4153 naturali

324 4201 424 4239 usu
452 4183 687 4254 feminae.
728 4185 905 4241 Aliam
934 4187 1063 4244 dare
1091 4179 1325 4244 Satanas
1358 4188 1527 4260 legem
1573 4204 1687 4245 non
1711 4196 1911 4259 potest,

325 4275 432 4330 nisi
459 4284 520 4329 ut
544 4291 805 4331 concessa
832 4284 888 4332 et
912 4276 1060 4332 licita
1087 4274 1142 4333 i’n
1170 4274 1333 4333 alium
1358 4279 1604 4335 ordinem
1634 4287 1829 4346 vertat,
1854 4286 1916 4334 ut

326 4365 453 4421 dum
486 4364 644 4423 aliter
680 4366 819 4423 ﬁunt
850 4382 1011 4438 quam
1040 4385 1305 4426 concessa
1334 4380 1480 4437 sunt,
1512 4379 1738 4443 peccata
1780 4372 1909 4427 sint.

329 4456 682 4514 Exarserunt.
715 4460 859 4525 Quia
904 4452 1179 4516 ell‘renata.
1207 4454 1375 4519 libido
1420 4463 1641 4519 modum
1695 4476 1914 4518 scrvare
1939 4498 1996 4560 Β

326 4564 435 4604 non
482 4550 653 4605 novit.
684 4550 754 4604 Et
795 4551 1083 4606 mercedem
1133 4570 1292 4626 quam
1337 4554 1566 4624 oportuit
1595 4554 1789 4609 erroris
1831 4555 1925 4610 sui

326 4641 383 4694 in
426 4639 717 4710 semetipsis
773 4641 1101 4713 recipientes.
1166 4643 1484 4714 Oportuisse
1536 4659 1645 4698 non
1693 4651 1776 4699 est
1825 4660 1918 4700 ve-

328 4731 469 4786 ritus
497 4731 677 4787 dicere
711 4731 1025 4803 Apostolus,
1064 4742 1123 4789 ut
1145 4736 1238 4806 qui
1264 4743 1530 4791 creatura:
1552 4735 1732 4806 potius
1754 4732 1918 4808 quam

326 4820 579 4878 Creatori
603 4824 931 4893 servierunt,
956 4828 1149 4882 erroris
1172 4828 1255 4882 sui
1277 4820 1563 4883 mercedem
1580 4868 1595 4894 ,
1622 4844 1731 4884 non
1762 4828 1918 4885 inviti

325 4913 448 4970 haec
483 4915 659 4986 turpia
694 4918 971 4989 patiendo,
1004 4920 1101 4974 sed
1139 4918 1372 4976 libenter
1401 4918 1683 4989 faciendo,
1715 4940 1917 4995 recepe-

326 5014 450 5058 runt
473 5018 491 5056 :
513 5005 721 5076 judicio
749 5009 958 5064 scilicet
987 5026 1093 5064 non
1136 5005 1363 5081 alicujus
1402 5013 1641 5070 hominis
1672 5014 1915 5071 immun-

328 5094 537 5153 dissimi
552 5114 714 5168 quem
740 5100 867 5155 talia
886 5092 1236 5167 delectarent,
1264 5104 1357 5158 sed
1375 5104 1665 5176 justissimi
1701 5104 1798 5162 Dei
1823 5108 1919 5179 qui

328 5188 555 5245 tradidit
598 5190 719 5247 illos
734 5194 787 5247 in
813 5193 1097 5263 passiones
1118 5194 1518 5265 ignominianut
1547 5199 1782 5255 crimina
1811 5199 1920 5255 cri-

326 5280 569 5337 m’nibus
592 5281 1018 5353 vindicarentur,
1048 5296 1104 5341 et
1140 5284 1400 5357 supplicia
1430 5292 1773 5359 peccantium
1807 5309 1919 5349 non

325 5373 438 5428 sint
466 5382 757 5443 tormenta,
783 5379 877 5434 sed
902 5376 1235 5437 incrementa
1257 5383 1534 5439 vitiorum.
1561 5380 1630 5439 Et
1653 5387 1789 5441 sicut
1811 5404 1918 5443 non

324 5465 674 5536 probaverunt
699 5468 868 5525 Deum
904 5472 1095 5528 habere
1116 5475 1169 5529 in
1191 5476 1401 5531 notitia.
1435 5476 1552 5532 Non
1580 5480 1914 5549 nescierunt,

327 5557 422 5611 sed
473 5559 696 5615 minime
745 5565 1155 5633 probaverunt:
1200 5568 1290 5623 ille
1328 5569 1471 5625 enim
1515 5572 1707 5641 probat
1745 5573 1916 5629 Deum

327 5648 531 5707 habere
562 5653 615 5707 in
655 5656 869 5723 notitia,
916 5660 1008 5730 qui
1047 5676 1260 5733 semper
1288 5662 1434 5717 illum
1462 5672 1781 5733 prmsentcm
1818 5666 1913 5721 lia-

327 5740 487 5814 bcns,
513 5759 744 5816 peccare
770 5764 882 5843 non
901 5752 1084 5812 audet.
1122 5752 1368 5814 Tradidit
1402 5752 1523 5814 illos
1545 5754 1689 5815 Deus
1721 5757 1777 5813 in
1796 5774 1915 5815 seu—
1968 5827 1973 5833 _

2002 1042 2182 1112 quitus
2200 1039 2349 1095 dicta
2369 1048 2473 1105 est,
2501 1041 2659 1109 quasi
2677 1040 2989 1110 inaetmitas:
3024 1038 3236 1102 Malitia
3256 1054 3408 1104 vero,
3436 1037 3593 1108 quasi

2003 1136 2177 1205 major
2202 1134 2335 1189 latio
2361 1151 2374 1186 :
2408 1134 2629 1188 molitur
2657 1134 2833 1200 enim,
2857 1134 2947 1192 vel-
2972 1134 3145 1205 magis
3168 1134 3284 1189 vult
3304 1149 3467 1204 quam
3498 1148 3596 1189 ne-

2004 1244 2163 1285 cesse
2210 1238 2312 1285 est.
2351 1226 2670 1283 Form'catio
2700 1230 2847 1285 dicta
2879 1239 2981 1295 est,
3018 1230 3175 1300 quasi
3210 1232 3398 1284 formae
3428 1245 3596 1284 neca-

2005 1320 2102 1386 tio,
2132 1337 2229 1391 per
2249 1336 2410 1391 quam
2440 1319 2615 1375 forma
2646 1322 2787 1375 bona
2826 1321 3092 1377 naturalis
3125 1322 3319 1376 animae
3347 1329 3593 1377 necatur.

1982 1400 2325 1469 ‘Fornicatio
2350 1420 2638 1468 autemest
2663 1428 2693 1466 a
2722 1412 2964 1482 legitimo
2977 1411 3229 1482 coniugio
3250 1410 3395 1467 foras
3423 1412 3603 1467 exire.

2007 1503 2350 1574 Impudieitia
2399 1513 2485 1561 est
2510 1493 2799 1574 peccatum-
2822 1504 3116 1575 publicum,
3142 1513 3201 1560 et
3219 1520 3594 1576 perseverans.

2009 1596 2255 1652 Avaritia
2300 1598 2451 1654 dicta
2481 1607 2567 1653 est
2607 1599 2769 1669 quasi
2813 1598 2881 1653 ab
2924 1613 3061 1653 auro
3086 1608 3355 1670 respectu.
3386 1599 3607 1653 Avarus

2012 1689 2232 1757 ἀερίων,
2262 1692 2420 1762 quasi
2450 1692 2640 1748 avidus
2664 1691 2802 1747 auri.
2841 1689 3061 1745 Invidia
3078 1694 3165 1747 est
3200 1691 3383 1747 odium
3412 1692 3604 1747 alienae

1934 1760 1984 1822 Β
2012 1760 2307 1839 felicitatis.
2343 1783 2706 1838 Homicidium
2735 1791 2821 1839 est
2849 1783 3157 1839 innocentis
3202 1784 3423 1839 occisio.
3466 1781 3608 1838 Con-

2011 1878 2173 1934 tentia
2206 1885 2311 1943 est,
2353 1876 2443 1933 ubi
2473 1892 2587 1932 non
2609 1877 2823 1932 ratione
2848 1875 3074 1948 aliquid,
3106 1876 3207 1931 sed
3247 1876 3415 1931 animi
3442 1875 3609 1946 perti-

2011 1974 2170 2029 nacia
2195 1972 2527 2039 defenditur;
2557 1968 2658 2028 ubi?
2690 1985 2796 2026 non
2832 1979 2942 2026 tam
2972 1971 3175 2026 veritas
3208 1971 3493 2041 quaeritur,
3512 1967 3615 2038 sed

2013 2064 2242 2118 intentio
2264 2063 2539 2134 fatigatur.
2567 2063 2953 2118 Contentiosus
2999 2071 3088 2118 est
3118 2064 3221 2133 qui
3244 2062 3450 2133 aliquid
3477 2072 3608 2116 con-

2015 2160 2103 2207 tra
2131 2155 2522 2209 conscientiam
2551 2170 2717 2209 suam
2745 2154 2939 2208 nititur
2970 2153 3278 2209 defensare.
3327 2153 3496 2208 Dolus
3522 2160 3617 2209 estr

2016 2244 2228 2299 occulta
2273 2245 2499 2309 malitia,
2546 2245 2765 2300 blandis
2791 2244 3136 2301 sermonibus
3161 2245 3426 2300 adornata
3488 2242 3613 2299 Μα-

2015 2332 2233 2404 ligm'tas
2258 2341 2343 2389 est
2377 2334 2601 2389 malitias
2625 2348 2781 2404 opus,
2815 2335 2960 2393 dicta
2985 2354 3016 2392 a
3046 2336 3190 2393 male
3236 2334 3465 2406 agendo.
3502 2332 3643 2389 Su»

2015 2439 2282 2480 surrones.
2326 2425 2753 2484 Murmuratores
2778 2443 2888 2484 non
2934 2430 2991 2485 in
3043 2428 3260 2493 faciem,
3293 2427 3388 2482 sed
3432 2426 3486 2480 in
3515 2442 3613 2480 au-

2018 2534 2132 2575 rem
2156 2519 2459 2591 loquentes.
2492 2519 2602 2576 Deo
2629 2519 2869 2577 odibiles.
2895 2520 3043 2576 Nihil
3068 2521 3217 2576 enim
3245 2526 3329 2575 est
3362 2528 3470 2572 tam
3495 2517 3614 2572 odi-

2016 2614 2127 2670 bile
2156 2614 2268 2670 Deo
2308 2628 2471 2684 quam
2521 2614 2839 2683 idololatrte.
2887 2612 3268 2670 Contumeliosi
3323 2618 3471 2677 sunt,
3519 2608 3619 2679 qui

2017 2705 2234 2761 veloces
2284 2713 2412 2761 sunt
2455 2705 2511 2761 in
2540 2705 2719 2761 verbis
2767 2704 3002 2776 injurias.
3042 2704 3303 2776 Superbia
3330 2712 3415 2759 est
3458 2715 3616 2758 amor

2019 2798 2212 2854 alienae
2263 2797 2622 2864 excellentiae,
2657 2798 2751 2870 qui
2798 2796 2915 2854 vult
2965 2796 3291 2870 supergredi
3337 2795 3484 2868 quod
3529 2802 3618 2851 est

2020 2908 2186 2965 super
2212 2908 2290 2949 se.
2317 2891 2625 2950 Inventores
2645 2894 2929 2950 malorum.
2961 2894 3098 2963 Quia
3123 2908 3340 2966 semper
3362 2891 3616 2965 superbia

2020 2985 2297 3057 excogitat
2349 2992 2406 3040 et
2452 2984 2659 3041 invenit
2705 2986 2895 3041 mala:
2939 2988 3081 3042 sicut
3132 2992 3322 3041 auctor
3350 2983 3616 3054 superbia:

2021 3093 2122 3149 per
2166 3078 2467 3134 elationem
2506 3092 2671 3133 suam
2693 3077 2903 3135 invenit
2948 3079 3053 3135 sibi
3082 3078 3287 3133 malum
3319 3076 3463 3148 quod
3489 3084 3621 3131 ante

2022 3182 2140 3224 non
2154 3166 2350 3223 fuerat.
2382 3164 2572 3224 Elatus
2611 3172 2788 3223 autem
2810 3168 3030 3236 dicitur,
3061 3169 3152 3241 qui
3176 3184 3235 3224 se
3257 3168 3431 3240 iactat
3452 3178 3617 3239 super

2022 3270 2337 3318 mensuram
2378 3273 2551 3317 suam.
2594 3261 2731 3319 Item
2756 3256 2891 3318 elati
2904 3270 3051 3330 sunt,
3079 3262 3181 3332 qui
3202 3274 3271 3317 se
3285 3261 3494 3333 jactant
3521 3256 3625 3314 had

2020 3355 2152 3412 bere
2184 3355 2329 3427 qhod
2357 3366 2472 3411 non'
2507 3355 2731 3413 habent.
2782 3352 3107 3411 Parentibus
3150 3360 3275 3410 non'
3298 3353 3613 3409 obedientes.

2021 3447 2151 3505 Veri
2195 3458 2450 3520 parentes
2473 3450 2603 3505 sunt
2624 3449 2716 3520 qui
2741 3463 2841 3521 per
2880 3460 3066 3505 semen
3096 3445 3247 3504 verbi
3272 3452 3535 3519 generant
3561 3445 3623 3500 in

2018 3540 2203 3598 lucem'
2227 3550 2282 3597 et
2314 3543 2482 3597 vitam
2510 3550 2789 3599 aeternam.
2821 3540 3159 3613 Insipientes.
3187 3536 3577 3608 Incompasitos
3596 3547 3616 3586 :

2018 3630 2382 3690 Inordinatos.
2424 3634 2527 3702 Qui
2550 3630 2752 3689 afontc
2799 3632 3080 3701 sapientiae
3109 3634 3481 3692 recesserunt,
3521 3640 3619 3681 ne-

2020 3738 2176 3782 cesse
2223 3734 2309 3780 est
2359 3735 2421 3779 ut
2473 3723 2781 3779 inordinate
2822 3721 3091 3777 ferantur.
3144 3719 3275 3776 Sine
3313 3714 3612 3789 aﬁ'ectioue.

2020 3808 2248 3871 A'ﬂ‘ccti‘o
2277 3823 2362 3872 est
2385 3810 2707 3887 adimpletio
2727 3814 3035 3871 charitatis.
3068 3810 3207 3871 Sine
3226 3810 3612 3868 misericordia.

2020 3902 2303 3978 Quomodo
2331 3908 2479 3965 enim
2508 3908 2741 3966 aliorum
2778 3914 3039 3982 poterunt
3083 3906 3353 3975 misereri,
3381 3906 3473 3978 qui
3507 3902 3616 3961 sibi

2021 4000 2273 4060 c'rudel‘cs
2301 4010 2448 4059 sunt.
3218 3996 3221 3997 ⁷

2093 4093 2276 4149 Tertio
2322 4094 2627 4150 inve‘n.mus
2662 4091 2731 4148 ab
2756 4091 3015 4166 Apostolo
3054 4091 3292 4163 positum
3325 4109 3338 4147 :
3373 4089 3618 4145 Tradidit

2019 4184 2160 4244 illos.
2190 4187 2259 4242 Et
2286 4188 2475 4258 primm
2518 4188 2737 4268 quidem
2768 4187 3079 4243 traditionis
3131 4201 3322 4242 causas
3367 4182 3612 4240 addidit:

2023 4279 2163 4346 Quia
2186 4296 2301 4333 cum
2329 4282 2688 4352 cognovissent
2710 4278 2901 4345 Deum,
2920 4295 3024 4334 non
3054 4278 3191 4333 sicut
3210 4278 3381 4332 D'eum
3412 4275 3616 4345 magni-

2020 4364 2333 4439 ﬁcaverunt,
2364 4377 2470 4426 etc.
2517 4369 2742 4442 Propter
2779 4370 2927 4442 quod
2943 4411 2958 4436 ,
2988 4369 3207 4439 inquit,
3230 4366 3445 4421 tradidit
3495 4364 3615 4418 illos

2020 4462 2165 4517 Deus
2202 4463 2257 4517 in
2281 4462 2541 4517 desideria
2567 4463 2740 4517 cordis
2760 4478 2974 4527 eorum,
3015 4468 3120 4516 etc.
3155 4458 3417 4514 Secunda:
3449 4454 3616 4511 tradi-

2020 4555 2190 4611 tionis
2215 4569 2438 4611 causam
2482 4554 2697 4609 videtur
2722 4555 3084 4625 praemittere,
3116 4568 3241 4608 cum
3270 4551 3404 4608 dicit
3430 4569 3443 4604 :
3476 4548 3617 4615 Quia

2022 4657 2471 4706 commutaverunt
2506 4648 2777 4704 veritatem
2826 4647 2927 4703 Dei
2976 4649 3036 4725 in
3071 4645 3424 4701 mendacium.
3481 4640 3618 4695 Pro—

2020 4747 2139 4814 pter
2166 4742 2285 4809 hoc,
2319 4740 2425 4809 ait,
2454 4740 2675 4795 tradidit
2701 4739 2821 4795 illos
2869 4739 3014 4795 Deus
3050 4740 3108 4793 in
3140 4739 3411 4811 passiones
3460 4736 3615 4805 igno-

2022 4836 2202 4891 minia:
2229 4847 2249 4889 :
2280 4849 2401 4906 qua:
2430 4841 2611 4889 tamen
2642 4832 2879 4889 secunda
2911 4830 3131 4887 traditio
3152 4828 3492 4904 gravioribus
3521 4825 3618 4882 ﬂa-

2026 4921 2176 5001 gitiis
2225 4926 2440 4983 videtur
2492 4925 2727 4982 obnoxia
2782 4944 2795 4981 :
2850 4925 3052 4981 etenim
3098 4923 3343 4996 femimc,
3394 4919 3614 4990 inquit,

2027 5036 2212 5077 eorum
2271 5022 2602 5074 mutaverunt
2659 5016 2956 5073 naturalem
3013 5032 3197 5082 usum,
3252 5020 3357 5069 etc.
3416 5010 3616 5066 Tertiae

2028 5098 2245 5183 quoque
2272 5110 2578 5166 traditionis
2607 5125 2803 5165 causas
2839 5110 3055 5166 videtur
3083 5110 3238 5172 dare,
3264 5118 3390 5161 cum
3441 5103 3572 5159 dicit
3598 5121 3610 5157 :

2028 5200 2103 5259 Et
2157 5203 2291 5259 sicut
2350 5220 2455 5258 non
2491 5202 2841 5275 probaverunt
2887 5201 3059 5257 Deum
3114 5198 3304 5253 habere
3348 5198 3415 5252 in
3474 5197 3616 5251 noti-

2029 5278 2134 5359 tia,
2177 5293 2399 5349 tradidit
2435 5292 2554 5349 illos
2602 5293 2746 5349 Deus
2793 5295 2849 5348 in
2907 5289 3181 5362 reprobum
3227 5301 3457 5352 sensum,
3503 5291 3612 5342 etc.

2029 5386 2236 5463 verum
2282 5387 2657 5443 distinctiones
2708 5386 2825 5441 istae
2857 5394 3177 5450 causarum,
3215 5398 3323 5438 non
3360 5379 3499 5437 mihi“
3532 5377 3619 5435 vi-

1962 5552 1963 5555 ,
2028 5482 2229 5540 dentur
2253 5496 2552 5554 congruere
2577 5480 2713 5537 satis
2738 5482 2805 5536 ad
2828 5496 2893 5536 ea
2919 5494 3038 5549 quae
3065 5479 3292 5552 singulis
3310 5478 3613 5549 quibuque

2027 5574 2267 5645 subjecta
2287 5580 2413 5627 sunt
2432 5571 2679 5626 crimina.
2697 5569 2974 5638 Quomodo
2992 5570 3137 5625 enim
3158 5567 3488 5641 turpioribus
3504 5574 3613 5621 tra—

2026 5666 2171 5721 ditur
2204 5662 2421 5735 ﬂagitiis
2450 5663 2497 5717 is
2522 5663 2615 5732 qui
2640 5668 2940 5715 creatorem
2972 5661 3229 5726 deseruit,
3254 5660 3425 5729 magis
3445 5670 3612 5728 quam

2025 5755 2116 5815 ille
2144 5754 2242 5828 qui
2284 5752 2512 5828 gloriam
2537 5748 2964 5839 incorruptibilis
2995 5751 3093 5815 Dei
3132 5749 3424 5837 mutaverit
3454 5747 3511 5804 in
3535 5744 3611 5802 si-
