4108 6334
509 392 580 449 εδ
1899 386 2076 444 SEDU

2172 436 2173 441 η
2210 385 2407 445 SCOTI
3690 386 3765 442 24

508 507 869 564 militudinem
899 505 1150 579 imaginis
1178 504 1548 578 corruptibilis
1574 502 1844 569 hominis,
1889 510 1945 557 et
1985 516 2080 557 vo—
2106 504 2437 572 Apeccator
2481 503 2823 571 peccatorem
2874 497 2954 553 tui
3006 495 3239 553 similem
3283 494 3522 566 judicas,
3563 506 3770 568 quanto

507 601 740 669 lucrum,
774 609 830 658 et
849 597 1261 672 quadrupedum
1284 640 1299 665 ,
1347 608 1402 655 et
1445 596 1790 668 serpentum?
1815 594 1923 649 Aut
1955 608 2086 664 quo-

508 694 668 750 modo
694 706 857 761 supra
884 697 1175 760 utrumque
1195 690 1411 754 horum,
1438 687 1586 743 velut
1610 685 1843 741 examini
1867 684 2082 739 cuidam

506 786 797 842 traduntur
845 783 1130 848 malorum,
1160 780 1341 869 hiqui
1381 796 1486 833 non
1521 777 1866 849 probaverunt
1912 773 2082 829 Deum

482 878 694 932 'habere
716 878 771 932 in
807 876 1035 931 notitia?
1064 868 1233 946 Magis
1281 873 1460 942 itaque
1492 868 1625 924 mihi
1676 868 1928 923 videntur
1965 876 2097 921 om-‘

506 985 605 1025 nes
641 970 725 1025 hae
770 983 946 1024 causae
973 984 1093 1038 qua:
1122 964 1499 1022 traditionibus
1537 960 1772 1032 singulis}
1798 958 2109 1029 proferunv

507 1070 623 1129 tur,
672 1063 724 1117 in
753 1048 920 1117 unum
968 1060 1373 1125 coacervandze,
1402 1065 1458 1115 et
1487 1072 1704 1114 rursum
1733 1056 2080 1112 traditionum

504 1152 713 1223 species
748 1152 800 1206 in
830 1168 1014 1218 unum,
1046 1160 1107 1206 ut
1132 1140 1281 1207 verbi
1310 1165 1476 1205 causa
1504 1150 1579 1203 ita
1609 1148 1893 1202 dicamus-:
1924 1145 2079 1212 Quod

503 1252 945 1297 commutaverunt
991 1242 1212 1313 gloriam
1252 1238 1662 1310 incorruptibilis
1706 1236 1805 1292 Dei
1842 1238 1899 1291 in
1926 1238 2077 1291 simi-

503 1335 778 1389 litudinem
834 1331 1479 1405 imaginis-corruptibilis
1528 1331 1754 1385 hominis
1769 1337 1909 1397 ,'et,
1950 1331 2078 1401 quia

501 1433 946 1481 commutauerunt
982 1425 1249 1480 ueritatem
1295 1422 1395 1476 Dei
1448 1422 1501 1476 in
1552 1421 1884 1476 mendacium
1920 1433 1939 1472 :
1978 1427 2033 1475 et
2057 1459 2075 1485 ,

502 1533 594 1572 nec
642 1516 989 1586 probaverunt
1032 1513 1198 1568 Deum
1253 1512 1445 1566 habere
1494 1511 1551 1566 in
1590 1511 1818 1575 notitia;
1864 1518 2076 1580 propter

498 1610 610 1663 hac
631 1608 813 1664 omnia
842 1605 1071 1668 tradidit
1097 1619 1183 1659 eos
1208 1604 1351 1659 Deus
1394 1603 1451 1656 in
1494 1601 1756 1657 desideria
1781 1599 1954 1655 cordis
1980 1616 2071 1654 eo-

500 1715 650 1764 rum;
677 1707 732 1754 et
760 1698 978 1753 tradidit
1006 1698 1061 1750 in
1103 1696 1372 1766 passiones
1418 1694 1738 1764 ignominiaa,
1774 1699 1829 1746 et
1855 1691 2073 1745 tradidit

497 1789 616 1845 illos
646 1790 783 1845 Deus
811 1776 875 1844 in
896 1788 1169 1859 reprobum
1194 1803 1421 1851 sensum,
1448 1794 1506 1838 ut
1554 1784 1783 1852 facerent
1824 1799 1942 1854 qua:
1967 1800 2073 1838 non

498 1880 926 1950 conveniunt,qui
947 1886 1095 1933 erant
1121 1875 1299 1945 repleti
1323 1875 1465 1929 omni
1484 1873 1755 1944 iniquitate
1775 1881 1824 1927 et
1846 1871 2073 1939 malitia,

497 1978 555 2026 et
586 1970 800 2025 caeteris
839 1984 959 2040 quae
983 1968 1182 2038 scripta
1212 1974 1336 2022 sunt
1360 1965 1534 2020 malis.
1559 1964 1618 2018 In
1648 1964 1734 2019 his
1763 1974 1941 2019 autem
1971 1964 2072 2018 tri-

496 2064 599 2120 bus
619 2065 902 2119 universas
930 2061 1228 2132 impietatis
1255 2060 1464 2130 species
1488 2072 1839 2113 enumerasse
1861 2056 2074 2110 videtur

495 2154 809 2224 Apostolus,
842 2152 927 2208 vel
950 2167 1139 2209 eorum
1184 2150 1277 2221 qui
1320 2148 1462 2204 idola
1511 2147 1716 2212 colunt,
1762 2145 1849 2202 vel
1883 2160 2073 2200 eorum

494 2249 587 2317 qui
611 2256 877 2303 creatura:
908 2246 1218 2301 deserviunt
1261 2241 1443 2312 potius
1478 2255 1642 2310 quam
1662 2237 1926 2303 Creatori,
1958 2237 2076 2293 sive

494 2352 702 2402 eorum,
733 2337 826 2407 qui
855 2350 962 2391 non
991 2335 1357 2404 probaverunt
1393 2330 1560 2384 Deum
1609 2328 1810 2384 habere
1842 2327 1896 2380 in
1933 2326 2075 2382 noti-

495 2432 591 2485 tia.
636 2430 696 2484 ιιι
736 2444 965 2500 quorum
994 2427 1175 2497 primo
1220 2424 1375 2480 titulo
1417 2422 1725 2493 promiscue
1756 2419 1980 2491 pagani;
2016 2419 2072 2473 in

494 2521 599 2576 alio
648 2521 918 2591 sapientes
972 2533 1162 2573 eorum
1219 2522 1275 2571 et
1320 2513 1627 2586 philosophi
1683 2511 2067 2582 designantur:

491 2620 617 2683 putt
646 2610 790 2682 quod
816 2610 917 2664 hoc
939 2608 1100 2662 tertio
1125 2605 1429 2661 iudicentur
1457 2601 1718 2668 hazretici,
1752 2600 1836 2655 vel
1863 2607 2073 2654 creato-

497 2716 611 2756 rem
661 2701 831 2755 Deum
878 2705 1163 2769 negantes,
1207 2696 1294 2751 vel
1337 2696 1577 2751 diversas
1608 2691 1972 2762 blasphemias
2017 2691 2072 2745 in

494 2790 781 2846 Excelsum
805 2789 1104 2859 loquentes.
1131 2786 1349 2843 Certum
1401 2793 1486 2840 est
1513 2790 1692 2838 autem
1725 2782 1867 2851 quod
1911 2779 2073 2849 siqui-

495 2883 617 2939 dem
645 2881 927 2937 tradiderit
955 2881 1096 2935 Deus
1121 2879 1207 2949 vel
1236 2879 1293 2933 in
1335 2876 1603 2932 desideria
1647 2874 1856 2940 cordis,
1886 2873 1970 2927 vel
2017 2873 2071 2927 in

491 2975 773 3046 passiones
798 2972 1122 3044 ignominiae,
1151 2971 1237 3026 vel
1262 2970 1316 3024 iu
1339 2968 1626 3039 reprobum
1658 2979 1896 3028 sensum,
1937 2977 2069 3019 con-

491 3067 640 3122 tinuo
660 3067 716 3121 in
752 3080 817 3121 eo
842 3066 932 3135 qui
964 3063 1195 3118 traditur
1219 3075 1374 3133 seges
1414 3059 1703 3114 criminum
1732 3062 1940 3126 surgat.

563 3156 666 3223 Qui
691 3172 808 3210 cum
821 3155 1089 3226 justitiam
1111 3151 1210 3207 Dei
1235 3151 1524 3221 cognorint,
1558 3165 1659 3202 non
1683 3145 2068 3210 intellexerunt,

494 3253 598 3308 hoc
627 3260 735 3317 est,
766 3249 951 3307 oculos
971 3249 1175 3304 habent
1197 3254 1253 3302 et
1278 3260 1387 3301 non
1412 3244 1628 3309 vident;
1671 3256 1781 3296 non
1817 3239 1961 3295 enim
1989 3238 2073 3293 in-

496 3342 820 3398 tellexerunt
847 3340 984 3396 tales
1014 3354 1045 3393 a
1068 3339 1202 3405 Deo,
1225 3337 1329 3393 etsi
1352 3351 1460 3392 non
1505 3333 1559 3388 in
1582 3330 1865 3402 praesenti,
1891 3336 2074 3384 tamen

496 3435 551 3488 in
576 3432 756 3488 futuro
778 3446 899 3488 esse
921 3430 1240 3501 puniendos.
1276 3425 1400 3481 Non
1421 3423 1591 3479 solum
1608 3422 1698 3493 qui
1729 3421 1952 3492 faciunt,
1981 3418 2074 3474 sed

493 3529 652 3584 etiam
676 3528 766 3599 qui
796 3526 1127 3581 consentiunt
1168 3519 1499 3592 facientibus.
1549 3516 1687 3571 Sunt
1734 3514 1955 3585 quidam
1980 3511 2074 3582 qui

494 3633 552 3673 se
606 3632 727 3672 reos
767 3631 875 3671 non
926 3621 1135 3684 putant,
1167 3612 1214 3667 si
1265 3625 1371 3665 non
1424 3614 1714 3678 operentur
1763 3620 1884 3676 quae
1928 3601 2072 3659 mala

494 3717 653 3775 sunt,
681 3707 984 3763 assentiunt
1011 3711 1191 3783 autem
1215 3700 1558 3756 facientibus.
1585 3697 1867 3753 Assentire
1894 3701 2075 3749 autem
2099 3766 2103 3771 ἢ

495 3802 816 3858 facientibus
844 3807 949 3864 est,
970 3798 1016 3853 si
1038 3811 1161 3852 cum
1181 3796 1304 3866 quis
1331 3793 1504 3865 possit
1540 3788 1956 3862 reprehendere,
1986 3795 2071 3842 ta-

497 3904 653 3951 ceat:
701 3901 761 3948 ut
788 3891 1012 3947 audiens
1054 3887 1291 3951 fabulas,
1327 3884 1604 3948 aduletur;
1655 3886 1712 3935 et
1736 3879 1812 3933 ita
1862 3886 1968 3944 est,
2014 3885 2078 3931 ut

497 3987 591 4056 qui
629 3984 868 4041 fomitem
902 3982 1144 4053 prmbent
1189 3976 1401 4034 delictis
1455 3988 1665 4039 eorum,
1721 3970 1942 4041 dignum
1988 3975 2076 4023 est

497 4085 558 4129 ut
585 4075 700 4144 pari
747 4073 974 4128 crimine
1013 4071 1092 4127 rei
1139 4068 1461 4125 habeantur.
1513 4064 1652 4119 Sunt
1680 4060 1811 4117 item
1848 4059 1940 4115 alii
1983 4059 2076 4129 qui

498 4180 609 4219 non
635 4164 808 4218 solum
831 4160 1037 4217 faciunt
1061 4159 1223 4225 mala,
1252 4159 1348 4214 sed
1369 4156 1533 4211 etiam
1565 4150 1910 4209 consentiunt
1935 4148 2076 4204 male

498 4253 824 4311 facientibus
863 4251 1102 4323 :duplcx
1139 4266 1266 4321 ergo
1308 4250 1503 4305 borum
1556 4242 1800 4315 nequitia
1850 4248 1964 4307 est;
2000 4239 2077 4295 illi

498 4343 641 4397 enim
693 4358 801 4398 non
829 4351 940 4398 tam
990 4340 1117 4396 mali
1155 4347 1279 4395 sunt
1309 4338 1401 4409 qui
1424 4336 1649 4401 faciunt,
1675 4339 1730 4388 et
1756 4329 2077 4388 facientibus

499 4436 898 4491 contradicunt.

1122 4579 1347 4637 CAPUT
1384 4578 1446 4634 ll.

491 4812 723 4884 judicas.
751 4807 1017 4876 Quoniam
1046 4803 1334 4859 facientem
1363 4799 1595 4870 maligna
1641 4805 1697 4851 et
1728 4794 2076 4852 consentien-

498 4913 609 4960 tem
650 4900 970 4958 facientibus
1016 4904 1192 4951 morte
1238 4895 1427 4965 dignos
1453 4889 1715 4955 ostendit,

499 4996 590 5066 qui
640 4992 769 5049 facit
796 4999 851 5047 et
880 5006 987 5045 non
1031 4985 1299 5043 consentit
1353 4978 1673 5037 facientibus
1714 4975 1966 5032 excusari
2018 4989 2077 5029 se

499 5103 658 5159 posse
684 5092 917 5157 putaret,
945 5084 1105 5163 docet
1129 5074 1498 5147 hujuscemodi
1528 5068 1922 5127 inexcusabiles
1950 5082 2072 5122 esse

496 5190 804 5255 propterea,
842 5179 967 5249 quia
1001 5158 1110 5230 non
1160 5165 1546 5227 consentieudo
1580 5161 1919 5227 facientibus,
1975 5158 2073 5215 sed

498 5252 671 5345 magis
698 5271 991 5345 judicando
1041 5267 1162 5322 illos
1211 5277 1269 5318 se
1301 5263 1357 5316 in
1407 5258 1493 5313 his
1531 5255 1760 5326 judicat,
1801 5254 1927 5322 quia
1956 5252 2073 5307 haec

498 5370 615 5440 ipse
642 5368 755 5438 agit
783 5379 901 5436 qua!
927 5363 983 5417 in
1015 5359 1118 5416 illis
1142 5358 1381 5412 damnat.

568 5434 778 5515 Scimus
800 5434 973 5508 autem
995 5448 1242 5520 quoniam
1274 5442 1536 5512 judicium
1563 5437 1657 5492 Dei
1685 5446 1761 5491 est
1784 5434 2067 5491 secundum

495 5549 784 5604 ueritatem.
816 5542 915 5597 Hic
935 5547 1202 5593 terrorem
1230 5530 1441 5593 incutit,
1469 5537 1528 5583 ut
1553 5542 1713 5598 quem
1736 5524 2070 5580 incuriosum

500 5640 576 5695 illi
604 5640 809 5699 dicunt,
843 5633 944 5686 iste
964 5626 1136 5683 malos
1168 5621 1462 5679 secundum
1496 5619 1777 5675 veritatem
1807 5614 1901 5669 Dei
1927 5615 2071 5669 dicat

493 5729 881 5799 iudicaturum,
910 5721 1013 5774 hoc
1037 5724 1119 5773 est
1157 5713 1499 5772 severissime
1528 5708 1752 5765 reddere
1777 5704 2069 5762 secundum

500 5795 809 5883 mensuram
834 5798 1274 5890 uniuscujusque,
1310 5821 1419 5866 non
1462 5815 1704 5879 parcere.
1746 5797 1806 5858 Si
1836 5795 1979 5855 enim
2010 5802 2069 5853 tu

2186 592 2362 661 magis
2391 590 2534 646 Deus
2550 590 2732 660 justus
2759 598 2814 645 te
2835 588 3100 660 judicabit
3129 587 3434 657 injustam?
3463 588 3773 646 Secundum

2184 683 2473 737 veritatem.
2521 680 2828 737 Humanum
2880 679 3027 735 enim
3068 679 3335 748 judicium
3384 680 3568 736 multis
3594 682 3770 737 modis

2183 771 2567 841 corrumpitur,
2612 784 2815 835 amore,
2871 769 3016 835 odio,
3056 769 3272 835 timore,
3328 770 3579 825 avaritia.
3613 768 3770 841 Saepe

2175 860 2421 932 iudicum
2450 862 2732 934 integritas
2778 860 3034 928 violatur,
3065 870 3123 916 et
3147 870 3338 917 contra
3356 860 3584 930 iustitia:
3602 877 3767 933 regu-

2183 952 2292 1007 lam
2315 953 2589 1008 interdum
2609 952 2981 1007 misericordia
3009 951 3323 1007 inclinatur.
3354 950 3489 1007 lllud
3518 960 3604 1008 est
3622 951 3771 1023 quod

2182 1043 2239 1098 in
2290 1046 2395 1100 hoc
2429 1044 2550 1101 loco
2594 1045 2807 1100 videtur
2850 1044 3062 1101 ostendi
3088 1043 3217 1114 quia
3245 1044 3415 1100 solius
3441 1044 3540 1100 Dei
3575 1045 3647 1100 sit
3676 1058 3769 1100 se-

2181 1139 2417 1194 cundum
2468 1139 2754 1194 veritatem
2782 1139 3067 1210 judicium.
3124 1137 3265 1193 Sunt
3312 1139 3457 1195 enim
3519 1139 3769 1210 quaedam

2179 1245 2301 1301 qua:
2323 1228 2735 1283 committuntur
2761 1244 2924 1299 opere
2944 1229 3161 1299 quidem
3182 1229 3349 1295 malo,
3374 1228 3556 1284 animo
3582 1239 3768 1285 autem

2182 1336 2292 1376 non
2320 1318 2464 1374 malo
2497 1337 2509 1372 :
2537 1326 2599 1373 ut
2625 1318 2670 1374 si
2703 1318 2844 1389 quis,
2868 1318 3023 1373 verbi
3059 1333 3242 1384 causa,
3274 1318 3626 1374 homicidium
3655 1334 3763 1373 non

2178 1409 2457 1465 voluntate
2504 1408 2870 1474 commiserit;
2926 1416 2983 1462 et
3032 1407 3138 1463 alia
3172 1407 3310 1474 fiunt
3356 1422 3521 1477 opere
3548 1408 3767 1478 quidem

2177 1499 2347 1566 bono,
2389 1498 2484 1554 sed
2534 1498 2717 1552 animo
2742 1513 2853 1552 non
2881 1496 3024 1551 bono
3056 1511 3071 1551 :
3107 1504 3167 1551 ut
3192 1498 3239 1552 si
3289 1497 3413 1567 quis
3454 1497 3767 1552 misericor-

2178 1592 2322 1647 diam
2375 1605 2484 1645 non
2532 1605 2632 1660 pro
2675 1588 2931 1643 mandato
2977 1587 3094 1654 Dei,
3123 1589 3219 1643 sed
3272 1596 3333 1643 ut
3386 1587 3634 1643 laudetur
3695 1589 3764 1644 ab

2178 1680 2491 1737 hominibus
2520 1678 2723 1745 faciat;
2772 1678 2875 1732 alia
2904 1693 3037 1733 vero
3066 1685 3201 1733 ‘sunt
3227 1677 3283 1731 in
3321 1677 3519 1748 quibus
3548 1678 3666 1734 sive
3707 1679 3766 1734 in

2180 1771 2344 1833 bono,
2375 1760 2487 1825 sive
2516 1770 2571 1823 in
2593 1768 2756 1833 malo,
2788 1766 3001 1822 animus
3022 1782 3147 1821 cum
3170 1780 3335 1836 opere
3355 1768 3683 1834 concordat;
3709 1774 3765 1822 et

2104 1861 2153 1921 B
2180 1862 2309 1932 quia
2332 1860 2497 1916 corda
2524 1858 2804 1913 hominum
2831 1872 2992 1912 nosse
3018 1855 3186 1911 solius
3230 1855 3328 1911 Dei
3352 1864 3459 1923 est,
3481 1864 3539 1912 et
3565 1857 3764 1913 mentis

2177 1957 2388 2007 secreta
2415 1962 2731 2020 agnoscere,
2764 1946 2967 2001 idcirco
2995 1946 3111 2016 ipse
3139 1945 3288 2002 solus
3309 1954 3398 2003 est
3422 1948 3516 2018 qui
3564 1961 3761 2003 secun-

2177 2040 2613 2098 dum‘veritatem
2634 2045 2813 2108 potest
2830 2037 3032 2091 habere
3049 2035 3331 2105 judicium.

2246 2132 2538 2188 Existimas
2564 2139 2761 2195 autem,
2794 2145 2825 2183 ο
2866 2129 3041 2182 homo.
3089 2126 3204 2182 Hoc
3244 2134 3349 2193 est,
3390 2127 3633 2198 nunquid
3663 2128 3763 2184 tibi

2175 2235 2402 2277 examen
2428 2219 2615 2273 datum
2645 2225 2730 2272 est
2750 2215 2836 2271 vel
2866 2222 3109 2286 potestas
3127 2215 3409 2286 judicandi
3430 2216 3495 2270 de
3522 2215 3682 2270 malis
3707 2223 3764 2270 et

2176 2311 2397 2380 stupris,
2425 2324 2549 2363 cum
2599 2307 2787 2363 eadem
2836 2305 2970 2375 agis,
3007 2311 3062 2358 et
3097 2319 3207 2359 non
3256 2311 3340 2359 est
3368 2304 3463 2373 qui
3513 2304 3581 2359 de
3613 2312 3663 2359 te
3694 2304 3764 2359 ad

2173 2417 2413 2473 praesens
2431 2399 2674 2472 judicet?
2726 2397 2963 2468 Effugies
2979 2395 3248 2466 judicium
3274 2395 3395 2449 Dei.
3428 2394 3547 2449 Non
3574 2396 3764 2464 utique

2175 2495 2231 2548 in
2260 2492 2444 2548 futuro
2490 2490 2705 2546 evades.
2754 2488 2835 2540 An
2880 2486 3090 2540 divitias
3122 2485 3368 2539 bonitatis
3417 2485 3554 2554 ejus,
3592 2494 3643 2540 et
3668 2502 3762 2556 pa-

2176 2585 2390 2648 tientiw,
2435 2591 2485 2637 et
2524 2579 2939 2652 longanimitatis
2994 2576 3327 2631 contemnis?
3368 2575 3578 2631 Divitiae
3607 2575 3762 2630 boni-

2178 2673 2304 2728 tatis
2347 2671 2464 2737 Dei,
2492 2669 2688 2739 quibus
2716 2667 2857 2722 bona
2880 2680 2979 2737 pro
3000 2664 3158 2721 malis
3198 2666 3309 2720 dat.
3337 2664 3605 2741 Patientia
3634 2679 3762 2719 vero

2175 2771 2279 2829 cst,
2309 2777 2415 2832 qua
2444 2768 2761 2831 peccatores
2790 2759 3083 2829 impunitos
3120 2756 3387 2826 patienter
3409 2755 3652 2811 converti
3680 2764 3764 2811 to-

2174 2860 2331 2915 lerat.
2366 2856 2771 2927 Longauimitas
2816 2863 2921 2920 est,
2968 2869 3076 2924 qua
3106 2852 3323 2924 longum
3367 2851 3601 2921 spatium
3640 2864 3759 2921 pm-

2174 2948 2416 3004 nitentize
2443 2949 2552 3004 dat.
2579 2947 2805 3002 Divitias
2828 2945 3092 3001 bonitatis
3121 2943 3211 2998 ille
3240 2957 3533 3014 agnoscere
3563 2950 3758 3012 potest,

2174 3039 2269 3107 qui
2297 3037 2608 3093 considerat
2644 3043 2845 3107 quanta
2888 3034 2946 3089 in
2969 3033 3131 3089 terris
3153 3032 3297 3088 mala
3324 3032 3564 3103 quotidie
3586 3031 3761 3103 homi-

2176 3146 2276 3186 nes
2329 3140 2541 3200 gerant,
2594 3139 2775 3184 tamen
2813 3129 2900 3183 bis
2949 3127 3120 3182 Deum
3166 3125 3553 3195 producentem
3593 3122 3762 3178 solem

2103 3209 2148 3272 C
2181 3237 2339 3278 suum
2361 3220 2620 3292 quotidie,
2643 3228 2699 3274 et
2722 3219 2934 3290 pluvias
2960 3217 3387 3272 ministrantem.
3420 3212 3760 3268 Sustentatio

2177 3329 2327 3379 vero,
2375 3312 2462 3369 vel
2490 3310 2891 3384 longanimitas,
2925 3324 2989 3364 ac
3015 3306 3279 3379 patientia
3322 3305 3376 3359 in
3408 3306 3514 3359 hoc
3551 3304 3763 3359 videtur

2179 3404 2409 3468 differre,
2447 3404 2590 3473 quod
2620 3402 2713 3472 qui
2742 3401 3056 3456 inﬁrmitate
3090 3398 3262 3470 magis
3286 3413 3452 3468 quam
3485 3395 3763 3467 proposito

2178 3497 2518 3567 delinquunt,
2547 3492 2841 3549 sustentari
2885 3491 3137 3546 dicuntur
3166 3507 3181 3543 :
3212 3489 3306 3560 qui
3331 3503 3466 3543 vero
3492 3486 3761 3558 pertinaci

2178 3595 2361 3643 mente
2385 3585 2535 3640 velut
2564 3583 2825 3639 insultant
2866 3582 2921 3636 in
2942 3580 3155 3636 delictis
3176 3580 3313 3645 suis,
3338 3579 3608 3649 patienter
3630 3576 3764 3632 ferri

2177 3677 2393 3734 dicendi
2414 3684 2560 3751 sunt.
2588 3675 2694 3731 Sed
2716 3675 2860 3730 sicut
2878 3673 3060 3728 omnia
3084 3672 3140 3726 in
3162 3686 3419 3731 mensura
3445 3669 3574 3724 fecit
3597 3667 3760 3731 Deus,

2178 3781 2233 3827 et
2253 3772 2492 3842 pondere
2517 3777 2572 3824 ct
2595 3782 2843 3835 numero,
2874 3766 2950 3820 ita
2976 3764 3137 3821 etiam
3161 3762 3440 3833 patientim
3466 3759 3583 3828 ejus
3612 3767 3762 3814 certa

2176 3844 2433 3916 mensura
2460 3868 2565 3915 eSt.
2600 3859 2678 3913 Tu
2700 3868 2873 3913 autem
2910 3854 3196 3910 secundum
3218 3853 3490 3915 duritiam,
3517 3858 3565 3903 et
3582 3851 3773 3924 impne:

2178 3952 2346 4005 nitens
2371 3966 2482 4003 cor.
2506 3949 2887 4017 lmpunitatem
2913 3958 3137 4013 sperans
3161 3948 3508 4009 peccatorum
3536 3953 3645 3991 non
3673 3952 3761 3991 so-

2177 4042 2286 4096 lum
2327 4041 2508 4107 durat,
2559 4033 2991 4093 inconversibilis
3024 4040 3080 4087 et
3130 4027 3592 4085 incontrcctabilis
3644 4041 3761 4080 ma-

2177 4146 2333 4199 nens,
2361 4130 2456 4186 sed
2508 4131 2685 4185 adhuc
2717 4132 2925 4196 peccat,
2973 4135 3196 4177 securus
3223 4118 3366 4188 quod
3394 4132 3502 4172 non
3532 4117 3603 4172 sit
3625 4116 3760 4173 ultio

2176 4223 2377 4279 futura.
2428 4220 2534 4277 Cor
2576 4220 2768 4276 durum
2794 4217 2852 4271 in
2890 4211 3189 4284 Scripturis
3233 4210 3338 4265 dici
3368 4209 3600 4275 videtur,
3633 4226 3759 4265 cum

2177 4329 2332 4371 mens
2373 4314 2631 4374 humana,
2670 4306 2817 4362 velut
2863 4318 2989 4361 cera
3032 4318 3064 4357 a
3099 4300 3301 4372 frigore
3330 4297 3632 4368 iniquitatis
3661 4298 3759 4353 ob-

2176 4408 2387 4472 stricta,
2436 4400 2773 4474 signaculum
2828 4397 3079 4469 imaginis
3127 4394 3325 4450 divinae
3377 4408 3486 4448 non
3535 4393 3750 4463 recipit.

2179 4496 2528 4553 Thesaurizas
2577 4493 2670 4547 tibi
2712 4491 2869 4545 iram.
2920 4487 3092 4557 Hujus
3137 4486 3288 4543 verbi
3338 4486 3393 4540 in
3458 4483 3758 4554 Scripturis

2098 4562 2155 4624 Β
2180 4588 2601 4658 significantiam
2646 4584 2917 4654 triplicem
2962 4581 3193 4653 legimus
3223 4599 3237 4635 :
3273 4578 3473 4635 dicitur
3501 4578 3646 4633 enim
3700 4577 3758 4635 in

1720 4722 1749 4761 ο
1787 4703 1958 4759 omni,
1989 4702 2079 4772 qui
2108 4686 2111 4689 ’
2180 4680 2471 4753 Evangelia
2499 4681 2782 4734 thesauros
2813 4689 2938 4730 esse
2976 4673 3238 4743 quosdam
3264 4670 3321 4726 in
3351 4668 3535 4734 terris,
3563 4668 3619 4721 in
3648 4682 3759 4736 quo

2178 4773 2430 4845 prohibet
2464 4770 2725 4826 Dominus
2767 4765 3252 4839 thesaurizari;et
3291 4761 3426 4816 alios
3473 4762 3758 4815 thesauros

1745 4850 1814 4942 ᾖε
1862 4885 2002 4939 τοι-ιο
2031 4883 2078 4938 is
2180 4870 2234 4923 in
2278 4865 2417 4923 ctelo
2439 4864 2595 4936 jubet
2644 4861 2828 4918 fideles
2856 4859 3187 4921 recondere;
3238 4864 3292 4911 et
3321 4854 3413 4909 hic
3446 4867 3593 4908 nunc
3619 4850 3759 4921 Apo-

2178 4959 2348 5017 stolus
2376 4959 2507 5014 dicit
2533 4958 2627 5013 irae
2654 4956 2958 5012 thesauros.
2996 4951 3079 5005 lra
3102 4957 3283 5005 autem
3308 4946 3404 5002 Dei
3434 4944 3570 5001 nihil
3611 4942 3759 4998 aliud

2177 5067 2339 5122 quam
2379 5052 2527 5122 justa
2576 5048 2816 5103 vindicta
2872 5043 3208 5114 intelligitur.
3254 5037 3569 5096 Crassitudo
3626 5050 3758 5090 vero

2177 5144 2357 5201 cordis
2381 5151 2484 5208 est,
2509 5141 2601 5197 ubi
2622 5138 2834 5195 subtilis
2858 5142 2913 5191 et
2934 5131 3231 5205 spiritualis
3258 5127 3625 5198 intelligentiae
3648 5140 3759 5180 non

2103 5249 2108 5252 '
2177 5237 2437 5308 recipitur
2460 5248 2671 5291 sensus.
2697 5230 2801 5297 Qui
2825 5228 3002 5284 reddet
3025 5224 3305 5293 unicuique
3329 5219 3613 5275 secundum
3637 5232 3760 5287 ope-

2177 5346 2240 5382 ra
2269 5344 2386 5382 sua.
2437 5323 2729 5380 Sciendum
2773 5320 2921 5391 quod
2947 5333 3015 5372 ex
3046 5312 3283 5370 Jeremia
3324 5308 3613 5379 Apostolus
3651 5308 3758 5361 hoc

2181 5416 2552 5474 testimonium
2573 5412 2865 5485 sumpserit
2885 5408 3021 5480 (Jer.
3044 5403 3197 5475 xxv).
3226 5401 3359 5456 Illud
3381 5398 3524 5469 quod
3552 5400 3604 5453 in
3623 5398 3759 5452 Eze-

2180 5511 2353 5568 chiele
2375 5509 2636 5578 scriptum
2653 5514 2755 5572 est,
2777 5502 2903 5558 huic
2918 5496 3198 5577 sententiae
3217 5494 3428 5547 videtur
3442 5488 3751 5557 adversari;

2181 5602 2312 5657 dicit
2343 5574 2503 5655 enim—
2534 5616 2548 5652 :
2595 5596 2726 5651 Cum
2755 5591 2938 5645 avertit
2966 5574 3020 5642 se
3042 5588 3218 5656 justus
3248 5601 3279 5637 a
3297 5581 3510 5653 justitia
3547 5597 3667 5645 sua,
3706 5585 3758 5633 et

2180 5693 2357 5762 fecerit
2397 5689 2720 5761 iniquitatem
2761 5678 3046 5735 secundum
3074 5689 3249 5728 omnes
3279 5671 3579 5742 iniquitates
3623 5682 3757 5737 quas

2180 5788 2300 5861 fecit
2323 5785 2552 5857 iniquus,
2575 5790 2750 5836 omnes
2764 5768 2988 5846 justitice
3008 5766 3120 5838 ejus
3141 5780 3271 5838 quas
3293 5761 3471 5835 fecerit
3494 5776 3596 5815 non
3619 5771 3758 5813 cont-
