4108 6334
326 330 397 396 25
914 419 938 437 .
1430 332 1762 393 COLLECT.
1802 333 1874 390 IN
1907 331 2126 393 EPIST.
2167 337 2259 394 AD
2298 334 2463 396 ROM.
3515 348 3590 409 go

328 452 760 511 memorabuntur
805 452 861 508 in
890 443 1042 522 lapsu
1078 447 1214 521 ejus,
1241 466 1342 521 quo
1373 449 1552 520 lapsus
1579 461 1654 505 est
1682 466 1702 506 :
1733 450 1824 505 sed
1850 450 1907 503 in
1932 448 1987 508 A
2009 448 2211 507 bonum
2239 459 2339 519 est,
2363 451 2634 521 justitiam
2677 447 2884 526 diligat,
2930 449 3359 516 misericordiam
3381 468 3585 533 teneat,

328 545 557 620 peccatis
586 544 676 617 qui
699 544 946 613 peccavit,
968 543 1025 598 in
1054 543 1178 614 ipsis
1210 541 1696 624 morietur(Ezech.
1726 540 1906 611 xml).

330 637 389 691 In
419 650 529 707 quo
568 634 783 689 videtur
810 630 1376 701 latenterhujusmodi
1408 631 1701 686 inseruisse
1750 630 1911 687 inteb

327 729 554 793 lectum,
585 734 644 781 ut
673 727 718 781 si
747 724 885 781 forte
910 740 1016 780 non
1060 724 1353 780 secundum
1380 738 1569 779 omnes
1595 722 1909 792 iniquitates

330 837 467 892 quas
495 818 623 875 fecit
652 819 889 888 iniquus,
933 818 1123 873 fecerit
1148 819 1351 888 justus,
1386 833 1494 872 non
1543 831 1731 871 omnes
1752 814 1921 889 justi-_

331 919 420 973 tiae
450 915 566 984 ejus
605 915 673 970 de
706 915 966 970 memoria
995 913 1327 968 auferantur.
1357 910 1456 965 His
1486 911 1694 983 quidem
1714 911 1805 981 qui
1829 925 1910 964 se-

329 1008 559 1063 cundum
583 1007 891 1077 patientiam
922 1006 1041 1059 boni
1075 1004 1245 1074 operis
1283 1001 1526 1073 gloriam,
1559 1012 1608 1056 et
1635 1002 1905 1066 honorem,

327 1108 377 1152 et
436 1098 879 1167 incorruptionem
924 1101 1190 1165 quierunt,
1230 1094 1387 1147 vitam
1441 1102 1708 1147 wternam.
1772 1089 1908 1146 Boni

327 1189 509 1259 operis
558 1204 772 1244 merces
799 1201 896 1258 per
938 1186 1257 1257 patientiam
1281 1193 1649 1256 exspectatur,
1683 1184 1825 1254 quod
1852 1184 1907 1238 in

325 1281 581 1353 praesenti
621 1281 732 1335 vita
774 1294 883 1334 non
918 1278 1189 1342 redditur;
1221 1292 1320 1348 per
1348 1276 1510 1332 iidem
1538 1276 1682 1330 enim
1713 1274 1905 1329 ambu-

324 1371 522 1439 lamus,
566 1380 621 1426 et
649 1387 757 1449 non
785 1386 884 1441 per
910 1370 1146 1441 speciem
1177 1387 1190 1422 :
1217 1367 1534 1439 patientiam
1568 1375 1749 1421 autem
1780 1364 1908 1421 boni

325 1464 508 1534 operis
550 1463 606 1519 in
638 1461 744 1518 illis
773 1475 894 1517 esse
928 1469 1139 1516 certum
1165 1467 1271 1526 est,
1298 1458 1390 1528 qui
1423 1473 1623 1529 agones
1647 1465 1704 1514 et
1732 1466 1909 1513 certa-

322 1555 475 1628 mina
522 1551 823 1623 perferunt.
856 1548 1112 1605 Gloriam.
1163 1550 1337 1605 Decus
1364 1547 1553 1605 formae
1594 1565 1699 1628 qua
1735 1546 1909 1604 sancti

324 1626 606 1717 fulgebunt
657 1645 797 1701 sicut
840 1643 939 1699 sol.
979 1641 1269 1697 Honorem.
1321 1640 1581 1696 Filiorum
1638 1626 1757 1706 Dei,
1801 1655 1908 1709 quo

323 1741 460 1795 nihil
488 1748 573 1797 est
597 1738 791 1809 majus,
820 1753 919 1809 per
953 1753 1116 1809 quem
1142 1737 1308 1792 etiam
1337 1736 1557 1805 angelos
1581 1732 1907 1803 judicabant

325 1833 541 1905 (Matth.
570 1832 713 1904 xm).
759 1831 1239 1902 Incorruplionem.
1290 1828 1429 1884 Vitae
1458 1828 1664 1883 scilicet
1708 1841 1903 1898 perpe-

324 1931 449 1979 tuae.
481 1924 770 1995 Signanter
793 1932 973 1997 autem
999 1922 1206 1976 addidit
1226 1920 1711 1990 incorruptionem,
1735 1935 1911 1991 prOp-s

328 2023 409 2068 ter
437 2014 883 2069 indiscretionem
913 2010 1191 2067 saecularis
1230 2009 1415 2078 gloriae
1457 2018 1621 2079 atque
1660 2009 1904 2076 honoris,

321 2107 415 2177 qui
438 2103 809 2174 corruptibilis
833 2110 937 2157 est.

396 2195 497 2250 His
523 2205 698 2249 autem
723 2194 813 2264 qui
844 2209 908 2248 ex
937 2190 1266 2246 contentione
1302 2198 1447 2243 sunt.
1494 2188 1756 2254 Subaudi,
1787 2188 1906 2243 erit.

317 2285 384 2341 In
411 2285 610 2340 divinis
633 2283 926 2352 Scripturis
947 2280 1294 2352 aegritudines
1316 2280 1511 2334 animae
1532 2287 1907 2345 numerantur,

319 2378 418 2433 sed
446 2393 586 2431 unus
630 2391 696 2430 ex
723 2374 934 2430 cieteris
981 2373 1207 2445 languor
1239 2380 1344 2439 est,
1384 2379 1440 2427 et
1464 2372 1658 2426 anima:
1687 2371 1908 2442 quidem

320 2472 612 2542 pessimus.
660 2469 947 2525 Contentio
1006 2467 1202 2522 animm
1254 2465 1602 2538 intelligenda
1652 2473 1756 2532 est,
1810 2479 1910 2535 per

321 2578 487 2633 quam
535 2576 694 2616 omne
740 2576 876 2630 opus
905 2574 1132 2630 pravum
1162 2558 1387 2629 geritur,
1410 2546 1518 2627 per
1546 2571 1711 2626 quam
1738 2556 1910 2611 haere-

321 2668 410 2709 ses
439 2661 758 2718 nascuntur,
786 2666 886 2722 per
929 2665 1095 2721 quam
1128 2649 1423 2705 schismata
1451 2656 1507 2703 et
1541 2647 1725 2703 omnia
1754 2662 1910 2702 scan-

323 2741 443 2798 dala
475 2756 595 2812 qua:
621 2742 677 2796 in
711 2740 956 2819 ecclesiis
982 2739 1118 2795 ﬁunt
1149 2758 1163 2794 :
1198 2740 1325 2795 dum
1353 2739 1606 2795 videlicet
1639 2739 1731 2819 qui
1770 2739 1911 2810 apud

322 2834 647 2905 semetipsos
674 2818 969 2904 prudentw
1001 2841 1147 2900 sunt,
1204 2840 1260 2887 et
1296 2833 1352 2887 in
1382 2841 1679 2902 conspectu
1706 2818 1803 2888 suo
1824 2849 1909 2888 sa-

321 2927 552 2997 pientes,
586 2926 847 2996 quidquid
875 2925 1095 2980 libuerit
1122 2940 1220 2995 pro
1261 2924 1379 2995 lege
1414 2923 1728 2980 defendunt.
1762 2923 1910 2993 Dini-

323 3018 475 3071 dunt.
505 3015 619 3071 Hoc
644 3025 745 3082 est,
794 3032 903 3071 non
944 3015 1195 3081 credunt,
1243 3012 1327 3069 vel
1379 3031 1487 3070 non
1537 3014 1819 3079 obedinnt,
1850 3020 1912 3069 ut

325 3107 588 3177 Origenes
619 3109 715 3162 ait.
788 3106 1030 3161 Veritati.
1054 3107 1111 3162 ld
1139 3115 1239 3171 est,
1276 3107 1535 3161 doctrinae
1561 3106 1901 3176 evangelicae.

325 3198 560 3254 Credunt
606 3208 781 3252 autem
819 3197 1103 3268 iniquitati.
1133 3196 1247 3251 [loc
1280 3206 1385 3262 est,
1418 3195 1752 3251 idololatriae.
1792 3194 1910 3266 Ipse

324 3293 620 3358 cruciatus,
651 3292 745 3362 qui
773 3307 840 3345 ex
869 3290 1125 3359 praedicta
1152 3288 1482 3344 conscientia
1528 3290 1721 3343 anima:
1759 3289 1912 3345 incu-

324 3389 478 3455 titur,
526 3390 609 3442 ira
639 3386 971 3457 appellatur;
1003 3384 1294 3454 indignatio
1322 3385 1468 3439 enim
1500 3383 1670 3453 ipsius
1698 3384 1793 3439 ira:
1826 3390 1912 3437 tu-

324 3496 448 3535 mor
472 3481 692 3551 quidam
729 3486 834 3543 est,
863 3484 919 3532 et
954 3492 1052 3547 per
1080 3475 1288 3545 singula
1323 3491 1549 3546 quaeque
1594 3474 1904 3540 commotio,

323 3581 387 3628 ut
414 3574 486 3638 si,
524 3573 676 3627 verbi
717 3571 911 3643 gratia,
956 3569 1172 3639 aliquod
1212 3570 1510 3640 pessimum
1537 3567 1733 3624 vulnus
1770 3568 1909 3623 iram

324 3679 618 3735 ponamus,
642 3661 800 3731 hujus
829 3671 1011 3716 autem
1039 3670 1217 3715 tumor
1244 3671 1298 3716 et
1328 3660 1587 3715 distentio
1611 3659 1911 3730 indignatio

325 3754 573 3810 vulneris
596 3755 910 3826 appellatur.
943 3754 1235 3808 Tribulatio
1260 3770 1411 3820 vero,
1440 3770 1603 3823 quam
1627 3755 1912 3824 subsequi-

326 3855 420 3901 tur
450 3849 717 3917 angustia,
757 3861 865 3900 non
915 3853 1000 3900 est
1047 3844 1242 3899 similis
1286 3844 1527 3914 putanda
1562 3843 1639 3897 illi
1682 3842 1910 3897 tribula-

328 3941 484 4005 tioni,
515 3938 582 3993 de
608 3954 714 4008 qua
737 3939 868 3993 dicit
891 3937 1182 4008 Apostolus
1209 3954 1221 3989 :
1256 3934 1690 4003 Quiatribulatio
1711 3936 1912 4005 patien—

325 4032 459 4084 tiam
489 4038 736 4100 operatur
770 4028 947 4101 (Rom.
995 4028 1049 4099 v)
1080 4027 1228 4084 :rilla
1272 4028 1415 4083 enim
1464 4025 1587 4081 talis
1631 4025 1912 4080 tribulatio

327 4120 641 4191 angustiam
664 4134 773 4173 non
801 4120 966 4174 habet
995 4119 1434 4188 subsequentem.
1469 4116 1538 4170 In
1566 4132 1767 4170 omnem
1796 4116 1913 4170 ani-

326 4222 491 4262 mam.
516 4208 712 4263 Anima
735 4224 834 4278 pro
856 4216 969 4263 toto
990 4208 1208 4262 homine
1231 4209 1450 4274 dicitur,
1477 4208 1616 4263 sicut
1637 4208 1691 4261 in
1713 4206 1914 4263 Genesi

329 4298 561 4370 legimus
616 4297 782 4355 Jacob
828 4314 952 4354 cum
1002 4299 1341 4370 septuaginta
1377 4307 1435 4353 et
1480 4314 1574 4354 sex
1626 4298 1912 4354 animabus

329 4391 624 4464 Egyptum
655 4394 926 4448 introisse.
946 4376 951 4381 ’
975 4389 1159 4447 Gloria
1185 4401 1380 4459 autem,
1413 4398 1519 4448 etc.
1569 4391 1669 4448 Hic
1694 4398 1915 4447 contra-

330 4484 413 4538 ria
464 4480 835 4553 superiOribus
882 4491 1226 4554 Opponuntur
1272 4502 1285 4537 :
1336 4498 1462 4537 nam
1505 4481 1676 4555 gloria
1719 4491 1910 4539 contra

328 4573 488 4639 iram,
511 4575 680 4628 honor
703 4581 785 4630 est
811 4581 998 4629 contra
1029 4575 1461 4645 indignationem,
1490 4583 1545 4629 et
1570 4576 1713 4644 quod
1743 4591 1910 4646 supra

328 4664 792 4734 incorruptionem,
841 4664 930 4720 hic
957 4681 1135 4734 pacem
1180 4664 1431 4735 appellat.
1488 4663 1782 4720 Sciendum
1826 4672 1912 4719 est

328 4756 476 4825 quod
507 4756 703 4826 triplex
726 4756 920 4812 divisio
949 4757 1001 4811 in
1026 4758 1111 4811 his
1137 4758 1420 4812 sententiis
1445 4757 1687 4826 Apostoli
1716 4758 1906 4813 claret.

328 4844 471 4900 Nam
500 4847 616 4900 veri
647 4845 941 4903 Christiani
974 4863 1097 4903 cum
1146 4848 1301 4903 bonis
1344 4849 1598 4917 operibus
1650 4848 1704 4901 in
1734 4848 1910 4917 primo

328 4940 525 4995 ordine
559 4949 851 5010 ponuntur,
881 4941 973 4997 ubi
1015 4941 1146 4997 dicit
1175 4960 1187 4996 :
1223 4941 1323 4996 His
1365 4942 1454 5012 qui
1505 4941 1791 4995 secundum
1816 4956 1912 5011 pa-

329 5033 571 5086 tientiam
614 5034 732 5087 boni
761 5036 951 5105 operis,
992 5042 1095 5089 etc.
1146 5035 1202 5090 In
1232 5035 1468 5092 secundo
1503 5050 1634 5091 vero
1661 5034 1800 5102 loco,
1828 5035 1911 5090 in-

329 5124 581 5179 credulos
606 5131 660 5178 et
705 5125 901 5196 impios
938 5126 1143 5196 absque
1198 5126 1355 5181 bonis
1379 5127 1633 5197 operibus
1668 5142 1736 5183 ex
1764 5135 1912 5182 utro-

331 5229 437 5283 que
461 5256 477 5280 ,
502 5216 705 5270 sive'ex
729 5215 977 5284 Iudaico,
1010 5218 1125 5272 sive
1164 5232 1228 5271 ex
1264 5218 1449 5287 gentili
1480 5220 1678 5290 populo
1706 5220 1908 5291 posuit,

331 5305 519 5360 dicens
550 5320 566 5359 :
605 5306 708 5362 His
752 5319 928 5363 autem
966 5311 1057 5381 qui
1100 5324 1164 5363 ea:
1194 5312 1541 5376 contentione,
1574 5321 1682 5368 etc.
1727 5312 1911 5367 Tertio

329 5405 515 5452 autem
556 5396 677 5453 loco
704 5400 1031 5465 incredulos,
1077 5416 1198 5456 cum
1225 5400 1384 5455 bonis
1425 5407 1605 5456 tamen
1634 5403 1907 5472 operibus,
1942 5470 1943 5475 η

329 5498 401 5542 ex
425 5484 715 5553 Gentibus,
755 5490 841 5544 vel
882 5487 1081 5544 Judaeis
1131 5489 1438 5555 collocavit,
1467 5490 1653 5544 dicens
1682 5508 1694 5542 :
1728 5489 1910 5546 Gloria

331 5584 511 5630 autem
557 5586 607 5631 et
651 5579 819 5632 honor
843 5588 890 5633 et
917 5573 1039 5650 pax,
1069 5586 1173 5635 etc.
1211 5581 1397 5635 Potest
1430 5580 1575 5633 enim
1603 5578 1721 5634 ﬁeri
1747 5588 1805 5633 ut
1844 5596 1912 5635 ex

333 5666 421 5723 his
460 5670 555 5740 qui
607 5671 659 5724 in
689 5671 803 5741 lege
837 5682 983 5737 sunt,
1039 5674 1085 5728 si
1129 5674 1249 5742 quis
1298 5673 1654 5744 persuasione
1695 5673 1912 5742 quidem

332 5766 612 5823 communi
649 5765 864 5826 Christo
895 5784 998 5826 non
1045 5770 1236 5838 credit,
1282 5778 1535 5842 operetur
1562 5778 1741 5827 tamen
1767 5770 1911 5843 quod

1932 4534 1992 4594 D

2015 543 2336 600 charitatem
2373 552 2429 599 et
2456 545 2841 600 continentiam
2872 556 3074 614 servet,
3109 551 3431 608 modestiam
3454 554 3592 612 leni-

2014 643 2289 704 tatemque
2324 636 2613 704 custodiat,
2638 646 2802 707 atque
2828 654 2989 695 omne
3013 654 3149 710 opus
3167 640 3367 699 bonum
3391 659 3587 715 opere-

2013 732 2119 791 tur,
2158 725 2249 780 hic
2277 727 2441 782 etiam
2479 727 2523 782 si
2576 727 2742 782 vitam
2785 743 2895 785 non
2940 730 3139 787 habeat
3179 741 3460 802 aeternam,
3496 736 3592 807 qui

2011 812 2241 868 credens
2284 814 2387 870 soli
2435 815 2545 870 Deo
2584 831 2736 881 vero,
2783 832 2891 872 non
2933 819 3107 874 credit
3145 818 3256 875 lilio
3298 819 3415 890 ejus
3460 822 3592 880 Jesu

2011 903 2231 961 Christo
2278 920 2440 975 quem
2472 907 2642 974 misit,
2672 915 2849 964 tamen
2899 910 3070 980 gloria
3108 926 3333 983 operum
3363 915 3498 986 ejus,
3537 923 3596 971 et

2008 998 2185 1071 honor
2212 1003 2267 1052 et
2290 1012 2394 1067 pax
2426 1002 2624 1067 poterit
2654 1015 2760 1055 non
2786 1000 2985 1071 perire.
3026 1001 3135 1058 Sed
3164 1012 3219 1059 et
3247 1003 3490 1073 Graecus,
3536 1006 3592 1061 id

2010 1097 2112 1156 est,
2143 1089 2380 1162 gentilis,
2418 1090 2513 1159 qui
2540 1106 2661 1146 cum
2691 1092 2879 1164 legem
2928 1108 3036 1149 non
3079 1094 3295 1163 habeat,
3333 1096 3448 1166 ipse
3485 1096 3591 1152 sibi

2008 1191 2092 1239 est
2134 1183 2243 1250 lex,
2273 1182 2567 1238 ostendens
2593 1199 2729 1254 opus
2754 1184 2889 1256 legis
2914 1186 2969 1241 in
2998 1187 3159 1242 corde
3188 1202 3309 1254 suo,
3338 1188 3441 1244 iste
3465 1188 3593 1245 licet

2010 1279 2219 1334 alienus
2269 1279 2520 1334 videatur
2551 1293 2582 1332 a
2610 1278 2723 1333 vita
2761 1288 2987 1346 teterna,
3034 1281 3126 1351 qui
3154 1296 3262 1337 non
3298 1282 3594 1338 crediderit

2009 1368 2248 1436 Christo,
2272 1376 2327 1425 et
2349 1370 2554 1425 intrare
2582 1384 2690 1424 non
2717 1371 2888 1441 possit
2911 1372 2966 1425 in
2995 1388 3159 1443 regna
3188 1374 3469 1440 caelorum,
3499 1374 3593 1445 qui

2011 1470 2233 1517 renatus
2268 1476 2376 1516 non
2416 1471 2500 1517 est
2535 1477 2603 1517 ex
2635 1477 2774 1531 aqua
2803 1470 2857 1517 et
2903 1462 3108 1534 Spiritu
3135 1477 3345 1534 sancto,
3377 1466 3592 1523 videtur

2009 1563 2190 1609 tamen
2219 1553 2361 1623 quod
2386 1568 2485 1623 per
2513 1554 2631 1608 haec
2662 1568 2783 1622 quae
2811 1553 3067 1609 dicuntur
3092 1555 3160 1610 ab
3186 1555 3461 1626 Apostolo,
3496 1556 3595 1612 bo—

2007 1662 2201 1702 norum
2233 1661 2456 1717 operum
2487 1646 2734 1716 gloriam,
2758 1654 2815 1702 et
2848 1647 3133 1715 honorem,
3168 1658 3225 1705 et
3253 1665 3443 1722 pacem
3469 1664 3594 1721 per-

2010 1738 2138 1792 dere
2164 1738 2379 1807 penitus
2410 1752 2518 1792 non
2566 1738 2755 1808 possit.
2810 1735 3055 1793 Dubitari
3085 1739 3253 1811 igitur
3301 1755 3409 1798 non
3438 1751 3591 1812 puto,

2007 1828 2152 1897 quod
2192 1829 2238 1884 is
2278 1828 2370 1897 qui
2410 1844 2509 1898 pro
2532 1828 2676 1885 malo
2708 1843 2872 1899 opere
2897 1830 3247 1885 condemnari
3281 1833 3589 1897 meruisset,

2009 1920 2153 1975 idem
2197 1920 2243 1975 si
2282 1928 2539 1991 operatus
2586 1931 2670 1977 est
2713 1936 2847 1992 opus
2894 1921 3116 1987 bonum,
3152 1923 3595 1979 remuneratione

2008 2011 2136 2066 boni
2182 2012 2363 2082 eperis
2409 2013 2605 2083 dignus
2650 2014 2901 2068 habetur.
2934 2011 3098 2069 Vides
3136 2015 3284 2083 enim
3323 2014 3594 2070 dicentem

2009 2100 2326 2168 APostolum
2364 2120 2378 2155 :
2411 2103 2548 2170 Quia
2578 2120 2754 2159 omnes
2792 2122 2899 2160 non
2938 2114 3080 2161 stare
3105 2114 3304 2177 oportet
3343 2116 3464 2163 ante
3493 2108 3594 2162 tri-

2013 2189 2174 2244 bunal
2213 2188 2429 2258 Christi,
2472 2202 2528 2246 ut
2579 2202 2802 2263 reportet
2846 2198 3199 2268 unusquisque
3236 2200 3452 2269 propria
3478 2188 3596 2253 cor;

2008 2283 2151 2353 poris
2172 2282 2277 2347 sui,
2298 2291 2453 2353 prout
2473 2286 2651 2355 gessit,
2674 2285 2779 2339 sive
2799 2284 3009 2353 bonum,
3033 2288 3141 2342 sive
3159 2287 3380 2344 malum.
3401 2288 3593 2344 Iudico

2009 2374 2239 2444 primum
2263 2383 2310 2427 et
2336 2371 2538 2429 Grteco.
2573 2373 2801 2444 Semper
2821 2373 3065 2432 Judaeum
3095 2380 3372 2449 anteponit
3398 2395 3598 2450 praero-

2011 2463 2191 2536 gativa
2215 2473 2452 2534 patrum,
2485 2474 2546 2519 ut
2572 2473 2667 2519 aut
2695 2473 2986 2523 coronetur
3026 2468 3202 2538 prius,
3235 2475 3329 2523 aut
3369 2470 3596 2525 damne-

1992 2565 2122 2629 tur,
2145 2556 2238 2626 qui
2259 2556 2485 2610 credens
2507 2564 2727 2627 propter
2747 2557 3025 2613 Abraham
3052 2557 3463 2640 honorilicatior
3487 2568 3591 2627 est,

2012 2647 2255 2704 dillidens
2278 2649 2433 2718 pejus
2454 2647 2770 2704 tractandus
2795 2657 2900 2717 est,
2930 2650 3023 2720 qui
3044 2650 3246 2706 donum
3268 2652 3595 2722 promissum

2010 2740 2256 2809 patribus
2305 2738 2587 2811 refugavit.
2632 2739 2730 2795 Vel
2773 2738 2959 2797 Judtco
3003 2741 3241 2812 primum
3268 2743 3424 2811 dixit,
3468 2744 3597 2814 quia

2011 2831 2161 2900 prius
2189 2830 2392 2885 credita
2421 2839 2547 2886 sunt
2571 2831 2652 2886 eis
2691 2831 2906 2903 eloquia
2926 2832 3064 2898 .Dei;
3092 2832 3342 2889 Graecum
3381 2848 3596 2905 quoque

2012 2921 2309 2990 subjunxit,
2341 2930 2562 2993 prapter
2607 2924 2929 2994 sapientiam
2956 2923 3160 2980 Graecis
3189 2926 3463 2982 traditam.
3499 2924 3597 2980 Ira

2011 3023 2114 3081 est,
2143 3030 2251 3070 non
2281 3017 2330 3071 ei
2360 3018 2453 3086 qui
2476 3016 2709 3087 judicat,
2734 3017 2830 3072 sed
2859 3018 2911 3073 ei
2940 3010 3343 3088 qui'judicatur,
3374 3018 3501 3073 dum
3526 3018 3599 3074 sit

2014 3121 2160 3161 reus.
2199 3106 2364 3161 Irasci
2394 3106 2539 3161 enim
2567 3107 2766 3163 dicitur
2792 3107 2959 3175 Deus,
2982 3117 3043 3163 ut
3076 3109 3448 3165 vindicaturus
3474 3124 3595 3165 cre-

1937 3167 1982 3230 C
2014 3197 2192 3253 datur.
2229 3196 2363 3251 Nam
2396 3198 2491 3252 Dei
2529 3206 2725 3252 natura
2763 3199 2832 3255 ab
2858 3200 2943 3255 his
2970 3200 3313 3270 passionibus
3340 3200 3599 3258 immunis

2011 3298 2113 3356 est,
2145 3297 2282 3345 etut
2307 3306 2417 3345 non
2444 3290 2617 3345 solum
2662 3291 2846 3359 irasci,
2877 3293 2971 3349 sed
3006 3300 3062 3348 et
3087 3292 3364 3350 vindicare
3403 3294 3595 3350 creda-

2013 3390 2121 3448 tur,
2153 3380 2367 3451 adjecit,
2411 3392 2459 3437 et
2501 3384 2815 3455 indignatio.
2850 3385 3120 3456 Angustite
3149 3402 3278 3442 vero
3305 3394 3452 3454 sunt,
3481 3386 3601 3457 qui-

2011 3478 2110 3533 bus
2133 3477 2401 3532 sententia
2438 3479 2767 3534 constrictus
2797 3478 3142 3535 tribulabitur
3170 3480 3225 3535 in
3249 3494 3433 3551 poena.
3462 3479 3597 3546 Qui-

2012 3588 2213 3642 cunque
2255 3571 2392 3625 enim
2418 3573 2529 3626 sine
2549 3572 2659 3643 lege
2688 3582 3053 3643 peccaverunt.
3081 3572 3487 3642 Requirendum
3513 3579 3601 3628 est

2010 3671 2194 3718 utrum
2223 3663 2291 3718 de
2329 3664 2443 3718 sola
2492 3664 2663 3733 Moysi
2710 3664 2828 3733 lege
2867 3663 3274 3732 intelligendum
3308 3663 3401 3729 sit,
3424 3678 3504 3733 an
3531 3663 3599 3719 de

2011 3754 2129 3822 lege
2158 3753 2386 3818 Christi,
2415 3753 2502 3807 vel
2529 3753 2696 3808 etiam
2726 3753 2794 3808 de
2826 3766 3144 3823 quacunque
3179 3755 3417 3810 humana
3457 3753 3594 3827 lege,

2014 3844 2115 3899 sub
2157 3860 2263 3913 qua
2290 3859 2734 3916 unumquemque
2766 3844 3077 3900 mortalium
3099 3845 3281 3900 vivere
3311 3846 3596 3918 contingit,

2012 3952 2120 4006 quo
2141 3938 2438 3991 secundum
2462 3936 2632 4007 ipsam
2649 3934 2882 4005 judicari
2905 3936 3077 4006 possit
3093 3936 3186 4007 qui
3212 3937 3268 3991 in
3290 3951 3353 3991 ea
3377 3943 3615 4006 peccat;'

2014 4044 2084 4083 an
2103 4029 2196 4100 qui
2224 4036 2384 4084 extra
2411 4029 2583 4085 solam
2613 4028 2785 4101 Moysi
2814 4028 3010 4100 legem,
3037 4029 3251 4085 etiamsi
3277 4029 3455 4100 aliqua
3481 4030 3601 4100 lege

2012 4121 2183 4187 vivat,
2231 4121 2381 4176 velut
2420 4130 2577 4175 extra
2620 4121 2794 4192 legem
2846 4122 3074 4191 positus,
3127 4137 3250 4177 cum
3290 4128 3600 4193 peccaverit

2012 4220 2221 4282 pereat.
2269 4210 2404 4265 Nam
2463 4211 2580 4281 ipse
2625 4209 2902 4281 apostolus
2928 4210 3148 4278 Paulus,
3181 4225 3321 4275 cum,
3351 4210 3482 4266 dicit
3512 4210 3599 4267 his

2015 4303 2109 4374 qui
2137 4302 2253 4358 sine
2274 4301 2392 4373 lege
2416 4309 2596 4368 erant,
2631 4317 2689 4357 se
2718 4310 2978 4371 tanquam
3018 4302 3137 4358 sine
3164 4302 3284 4374 lege
3309 4316 3429 4357 esse
3454 4301 3600 4373 (cum

2014 4392 2131 4447 sine
2171 4391 2289 4463 lege
2310 4391 2428 4477 .Dei
2452 4406 2561 4446 non
2591 4400 2755 4459 esset,
2780 4392 2873 4447 sed
2912 4392 2969 4446 in
3012 4392 3131 4462 lege
3173 4396 3320 4447 esset
3351 4389 3596 4459 Christi),

2018 4482 2254 4538 ostendit
2268 4497 2327 4537 se
2346 4483 2401 4537 in
2422 4482 2539 4554 lege
2559 4483 2779 4553 quidem
2798 4482 2968 4553 Moysi
2988 4497 3095 4537 non
3112 4496 3252 4547 esse,
3277 4495 3397 4537 esse
3417 4489 3599 4536 tamen

2016 4577 2073 4631 in
2095 4576 2212 4648 lege
2235 4572 2458 4630 Christi.
2483 4574 2590 4629 Per
2607 4574 2770 4645 legem
2783 4574 3183 4643 judicabuntur.
3210 4572 3408 4645 Utique
3427 4574 3518 4645 qui
3541 4573 3599 4628 in

2016 4667 2133 4739 lege
2160 4665 2362 4722 Christi
2394 4672 2501 4731 est,
2549 4680 2648 4735 per
2678 4665 2850 4735 legem
2897 4665 3121 4733 Christi,
3150 4672 3208 4721 et
3245 4666 3339 4737 qui
3379 4666 3434 4720 in
3481 4664 3600 4735 lege

2017 4755 2187 4827 Moysi
2211 4772 2309 4826 per
2333 4756 2507 4827 legem
2535 4755 2703 4827 Moysi
2717 4754 3071 4825 judicabitur.
3098 4764 3159 4832 ut
3181 4764 3385 4827 pereat.
3414 4752 3600 4825 Neque

2018 4847 2109 4916 qui
2137 4849 2236 4902 sub
2257 4847 2376 4918 lege
2403 4846 2604 4903 Christi
2639 4854 2747 4913 est,
2768 4848 3014 4917 quamvis
3038 4848 3202 4903 etiam
3225 4847 3467 4903 subditus
3489 4845 3596 4917 legi

2020 4938 2188 5011 Moysi
2214 4939 2485 5006 videatur,
2530 4939 2764 5008 judicari
2802 4948 2985 4995 tamen
3013 4940 3309 4996 secundum
3348 4954 3467 4993 eam
3496 4953 3597 5008 pu-

2018 5032 2213 5087 tandus
2248 5040 2355 5099 est,
2386 5048 2485 5088 cur
2511 5047 2617 5087 non
2649 5031 2721 5087 sit
2750 5031 3123 5099 circumcisus,
3156 5030 3242 5086 vel
3279 5045 3377 5085 cur
3403 5029 3597 5086 sabba-

2017 5130 2133 5176 tum
2161 5138 2269 5177 non
2302 5130 2483 5193 servet
2512 5142 2525 5177 :
2552 5124 2697 5193 quod
2734 5132 2790 5179 et
2822 5124 2865 5179 si
2905 5123 3061 5193 juxta
3086 5122 3254 5193 Moysi
3296 5120 3467 5193 legem
3498 5138 3596 5193 pu-

2020 5213 2214 5269 tandus
2250 5221 2335 5269 est
2371 5213 2630 5283 judicari,
2662 5216 2957 5271 secundum
2994 5215 3098 5269 hoc
3133 5212 3276 5281 quod
3302 5211 3389 5268 lex
3437 5213 3599 5284 spiri-

2019 5306 2180 5362 tualis
2233 5316 2317 5362 est
2341 5305 2693 5377 judicabitur.
2742 5307 2815 5361 Hi
2861 5307 3099 5378 peribunt
3122 5313 3171 5358 et
3188 5304 3593 5373 judicabantur.

2021 5399 2200 5456 Unum
2226 5399 2399 5455 voluit
2440 5399 2687 5470 intelligi,
2728 5399 2853 5469 quia
2885 5397 2976 5467 qui
3004 5395 3165 5487 perit,
3195 5410 3292 5467 per
3330 5395 3596 5467 judicium

2019 5492 2116 5548 Dei
2141 5493 2305 5563 perit,
2334 5500 2390 5547 et
2417 5493 2507 5561 qui
2526 5492 2821 5563 judicatur,
2847 5496 3099 5559 peccator
3125 5489 3287 5560 perit.

2090 5584 2221 5640 Cum
2244 5587 2380 5641 enim
2404 5595 2575 5657 gentes
2601 5603 2716 5656 qua:
2739 5584 2898 5654 legem
2922 5600 3025 5638 non
3048 5584 3259 5650 habent,
3280 5582 3597 5638 naturaliter

2018 5693 2082 5731 ea
2094 5675 2348 5746 quazlegis
2364 5685 2485 5730 sunt
2500 5676 2721 5745 faciunt,
2741 5673 2998 5742 ejusmodi
3018 5672 3179 5745 legem
3203 5690 3307 5728 non
3327 5672 3590 5737 habentes,

2017 5769 2118 5845 ipsi
2142 5769 2239 5826 sibi
2265 5777 2387 5825 sunt
2409 5769 2512 5824 lex.
2538 5767 2616 5824 Ne
2635 5766 2757 5840 quis
2781 5765 2923 5827 forte
2951 5768 3157 5828 diceret
3184 5786 3198 5826 :
3226 5766 3425 5841 Legem
3459 5779 3591 5843 gen-
