4108 6334
512 218 583 276 27
1356 230 1357 233 ‘
1885 211 2167 271 SEDULII
2193 211 2390 271 SCOTl
3688 214 3767 274 9⁸

512 340 598 392 tes
620 348 729 392 non
757 332 981 399 habent,
1004 329 1072 387 ad
1089 344 1251 401 quam
1289 330 1521 388 formam
1547 337 1801 403 poterunt
1812 331 2085 403 judicari?
2108 331 2165 395 Λ
2186 347 2308 388 rum
2344 330 2729 404 apostolorum,
2778 336 2836 387 et
2876 330 3119 387 omnium
3154 329 3398 388 ﬁdelium
3420 332 3768 404 dispensata-

511 420 629 493 Qui
653 424 939 482 ostntduttt
980 438 1117 495 opus
1157 423 1293 494 legis
1309 425 1559 495 scriptum
1601 424 1657 479 in
1683 423 1924 479 cordibus
1951 426 2081 480 suis.

515 518 745 576 Certum
787 524 873 574 eet
915 510 1067 587 quod
1106 524 1294 586 gentes
1343 526 1467 585 quae
1503 515 1677 586 regem
1705 527 1813 568 non
1866 513 2084 580 habent,

512 610 839 666 naturaliter
862 620 989 679 φιτ
1010 606 1147 677 legis
1170 616 1299 663 sunt
1323 607 1525 673 facere,
1555 620 1660 661 non
1692 614 1788 677 pro
1826 606 2086 675 sabbatis,

511 702 599 757 vel
650 699 949 757 ueumeniis
972 698 1242 766 dicuntur,
1275 700 1363 754 vel
1384 697 1667 754 sacrificiis
1696 708 1816 769 qua!
1863 699 1917 754 in
1972 698 2090 769 lege

513 793 721 863 scripta
764 796 891 848 sunt
921 810 937 846 :
974 788 1095 846 Non
1120 792 1264 845 enim
1308 792 1420 846 haec
1468 789 1553 843 lex
1584 789 1638 844 in
1666 790 1921 845 cordibus
1958 806 2089 862 gen-

517 883 657 939 tium
679 882 880 939 dicitur
901 894 1024 939 esse
1049 882 1281 954 scripta;
1313 880 1415 936 sed
1446 882 1550 936 hoc
1580 888 1667 936 est
1691 883 1836 952 quod
1864 891 2088 937 natura-

513 972 645 1029 liter
686 973 893 1029 sentire
914 979 1158 1044 possunt,
1190 962 1336 1026 verbi
1365 970 1560 1042 gratia,
1600 982 1672 1027 ne
1713 971 2087 1040 homicidium,

511 1080 584 1121 ne
616 1062 943 1121 adulterium
969 1060 1191 1129 faciant,
1214 1076 1282 1119 ne
1308 1062 1576 1131 furentur,
1612 1076 1683 1120 ne
1704 1063 1902 1120 falsum
1931 1065 2089 1120 testi-

512 1157 759 1213 monium
794 1156 1002 1222 dicunt,
1041 1160 1102 1211 ut
1124 1155 1393 1211 honorent
1412 1162 1625 1226 patrem
1664 1163 1727 1212 et
1752 1160 2003 1222 matrem,
2036 1162 2090 1211 et

508 1246 708 1304 horum
990 1244 1263 1302 fortassis
1280 1252 1336 1302 et
1360 1250 1506 1317 quod
1534 1246 1677 1303 Deus
1700 1263 1839 1302 unus
1862 1247 2091 1303 Creator

506 1340 585 1397 sit
624 1340 888 1406 omnium,
926 1337 1186 1408 scriptum
1216 1337 1277 1392 in
1299 1336 1552 1394 cordibus
1599 1338 1872 1410 gentium;
1914 1341 2089 1411 magis

509 1435 697 1486 tamen
734 1428 866 1485 mihi
891 1426 1301 1495 videnturhaec,
1324 1442 1451 1499 quae
1470 1428 1528 1482 in'
1547 1429 1711 1484 corde
1737 1430 1939 1499 scripta
1967 1446 2089 1488 esse

511 1520 783 1586 dicuntur,
823 1516 1147 1590 evangelicis
1188 1517 1397 1589 legibus
1426 1520 1740 1587 convenire,
1770 1520 1863 1575 ubi
1893 1532 2088 1578 cuncta

510 1611 583 1666 ad
611 1609 917 1665 naturalem
939 1607 1250 1665 relertmtur
1275 1609 1583 1680 mquitatem
1613 1628 1627 1664 :
1660 1611 1795 1681 quid
1820 1611 1966 1666 enim
1991 1626 2090 1666 na-

2188 439 2309 479 rum
2355 423 2491 478 tanti
2541 421 2887 478 sacramenti.
2930 418 3047 477 Non
3093 436 3283 477 omnes
3312 421 3388 477 illi
3428 425 3768 495 evangelium

2188 514 2648 584 conscripserunt,
2672 512 2766 569 sed
2794 521 2973 567 tamen
2997 526 3188 568 omnes
3208 510 3548 585 evangelium
3576 516 3771 585 praedi-

2188 589 2479 672 caverunt;
2536 616 2844 660 narratores
2892 605 3090 676 quippe
3122 603 3415 671 dictorum,
3478 604 3768 674 factorum,

2186 696 2456 767 passionis
2511 696 3035 765 resurrectionisque
3088 695 3314 764 Christi,
3369 699 3589 770 proprie
3639 699 3771 755 dicti

2184 796 2316 844 sum
2338 789 2702 859 evangi-listre.

2257 877 2321 935 Si
2338 886 2515 933 autem
2535 889 2590 932 tu
2615 872 2838 933 Iudaeus
2856 879 3261 949 cognominaris.
3287 874 3424 935 Hinc
3437 882 3775 936 convertitur
3857 881 3872 890 '

2182 968 2262 1025 ad
2282 964 2518 1035 Judzeos,
2538 971 2739 1026 docens
2762 984 2947 1042 opere,
2977 987 3081 1027 non
3106 971 3324 1025 nomine
3342 979 3550 1026 tantum
3575 973 3775 1027 debere

2189 1075 2310 1117 esse
2335 1060 2599 1127 Judaeum,
2623 1076 2853 1132 eumque
2876 1078 2997 1117 esse
3017 1077 3223 1127 verum,
3252 1061 3407 1132 cujus
3431 1063 3643 1117 occulta
3664 1063 3774 1116 sint

2188 1154 2349 1211 bona.
2401 1154 2709 1210 Notandum
2739 1161 2824 1210 cst
2851 1154 2994 1224 quod
3024 1169 3133 1209 non
3163 1153 3301 1209 dixit
3330 1170 3346 1207 :
3377 1150 3436 1207 Si
3480 1161 3535 1207 tu
3556 1151 3773 1208 Indicus

2189 1259 2290 1313 es;
2338 1247 2434 1302 sed
2478 1247 2699 1301 Juda’us
2747 1246 3152 1317 cognominat-is,
3203 1247 3330 1316 quia
3374 1262 3483 1300 non
3510 1244 3651 1300 idem
3692 1244 3779 1299 est

2191 1351 2313 1394 esse
2353 1332 2621 1405 Iudzeum,
2651 1347 2706 1393 et
2733 1338 3113 1409 cognuminari‘
3155 1335 3399 1392 Iudaeum
3431 1357 3445 1392 :
3476 1339 3603 1408 quia
3646 1352 3775 1392 vere

2192 1426 2281 1484 ille
2305 1437 2389 1483 est
2419 1420 2657 1494 Iudazus,
2700 1427 2793 1498 qui
2820 1428 2875 1481 in
2912 1428 3125 1483 occulto
3153 1427 3509 1483 circumcisus
3547 1435 3633 1482 est
3662 1427 3785 1523 (τὶν-1

2190 1519 2524 1575 cumcisione
2574 1519 2784 1585 cordis;
2818 1518 2912 1589 qui
2967 1519 3195 1590 spiritu,
3239 1535 3347 1574 non
3377 1519 3555 1574 littera
3600 1518 3777 1590 legem

2192 1611 2429 1666 custodit
2454 1627 2469 1677 ;
2501 1610 2655 1681 cujus
2696 1611 2814 1665 laus
2837 1625 2945 1666 non
2976 1608 3043 1665 ab
3081 1610 3408 1675 hominibus,
3437 1610 3541 1666 sed
3563 1624 3630 1665 ex
3660 1604 3772 1664 Deo

508 1701 781 1757 turalibus
805 1700 1061 1758 sensibus
1089 1701 1404 1773 proximius,
1441 1712 1603 1772 quam
1636 1710 1699 1758 ut
1734 1716 1855 1774 quae
1901 1703 2092 1759 nolunt
2116 1695 2165 1755 Β
2191 1711 2295 1760 est.
2328 1701 2397 1757 Et
2443 1703 2720 1774 requiescis
2745 1703 2801 1757 in
2830 1701 2958 1773 lege.
2988 1701 3053 1757 Id
3072 1710 3177 1769 est,
3209 1714 3432 1757 securus
3460 1717 3519 1757 es
3552 1702 3606 1756 in
3630 1702 3771 1772 lege.

509 1791 613 1848 sibi
645 1791 763 1849 ﬁeri
806 1792 1072 1859 homines,
1121 1792 1241 1848 haec
1276 1806 1347 1849 ne
1380 1792 1587 1848 faciant
1614 1792 1768 1848 aliis?
1797 1791 1925 1864 Legi
1961 1808 2092 1850 vero

508 1881 677 1954 Moysi
705 1884 1041 1939 concordare
1074 1882 1162 1939 lex
1186 1883 1453 1939 naturalis
1480 1884 1783 1939 secundum
1814 1884 2089 1953 spiritum,

508 1982 617 2027 non
678 1974 974 2029 secundum
1023 1973 1269 2030 litteram
1312 1981 1493 2045 potest
1536 1973 1701 2029 τὴωο
1758 1984 1941 2029 autem
2004 1974 2093 2030 lex

508 2063 712 2134 scripta
742 2070 845 2130 est,
880 2076 995 2119 non
1015 2068 1340 2131 atramento,
1372 2064 1474 2120 sed
1498 2060 1704 2134 Spiritu
1735 2061 1835 2119 Dei
1860 2064 1991 2120 vivi.
2021 2063 2093 2120 In

507 2154 773 2209 cordibus.
804 2155 1094 2211 Sciendum
1123 2162 1208 2212 est
1227 2162 1406 2211 sum
1433 2155 1749 2211 rationalem
1775 2157 1971 2210 animat
1989 2157 2094 2210 vir-

506 2251 677 2301 tutem
702 2258 801 2301 eor
820 2248 996 2304 solere
1023 2249 1313 2304 nominari.
1338 2249 1486 2318 Opus
1509 2249 1646 2320 legis
1674 2258 1758 2303 est
1783 2248 1936 2313 tldes,
1964 2250 2099 2319 quia

506 2339 655 2407 Quod
680 2340 907 2394 mandat
932 2340 1016 2395 le!
1048 2340 1197 2394 ultro
1220 2338 1369 2405 facit,
1399 2347 1459 2394 ut
1493 2341 1682 2395 credat
1705 2340 1761 2395 in
1789 2336 2088 2395 Christum.

509 2428 884 2483 Testitnouism
912 2432 1045 2501 ipsis
1069 2430 1317 2486 reddente
1329 2433 1647 2486 conscientia
1666 2446 1866 2496 eorum,
1892 2441 1943 2487 et
1956 2432 2097 2486 inter

504 2535 562 2575 se
580 2522 801 2576 inuicem
810 2521 1214 2594 cogitationibus
1229 2526 1615 2593 accusantium,
1637 2535 1731 2581 aut
1743 2520 1900 2582 eiiam
1914 2527 2093 2597 defen-

506 2610 765 2668 dentibus.
782 2613 1317 2686 Quodadprazsentis
1338 2617 1463 2673 vitae
1477 2618 1833 2690 cogitationes
1854 2621 2093 2689 pertine-

506 2716 569 2757 re
597 2704 832 2771 videtur,
863 2719 989 2762 eum
1012 2708 1141 2776 quid
1180 2706 1501 2774 faciendum,
1533 2710 1621 2765 vel
1647 2724 1755 2765 non
1786 2710 2098 2767 faciendum

504 2793 604 2859 sit,
632 2794 843 2850 diutina
877 2796 1275 2855 deliberatione
1306 2800 1625 2872 cogitamus,
1669 2810 1727 2857 et
1769 2802 2003 2857 invicem
2033 2818 2100 2859 se

2189 1788 2262 1849 Et
2289 1794 2534 1865 gloriaris
2565 1794 2619 1847 in
2662 1792 2793 1847 Deo.
2825 1792 3088 1847 Cloriaris
3111 1796 3164 1847 te
3194 1791 3365 1847 solum
3392 1806 3554 1847 nosse
3580 1786 3774 1856 Deum,

2189 1883 2415 1954 ejusque
2440 1898 2735 1954 agnoscere
2762 1883 3114 1938 voluntatem.
3138 1882 3208 1937 Et
3234 1883 3424 1954 probas
3453 1896 3569 1954 qua!
3594 1880 3775 1936 utilio-

2192 1982 2253 2028 ra
2281 1984 2422 2029 sunt.
2454 1973 2533 2029 Ita
2568 1978 2631 2029 ut
2670 1990 2777 2030 non
2827 1975 3000 2031 solum
3031 1991 3151 2046 qua:
3180 1977 3289 2032 sint
3317 1977 3455 2030 bona
3483 1976 3646 2041 scias,
3685 1990 3776 2029 ve-

2190 2083 2311 2123 rum
2338 2067 2504 2122 etiam
2530 2084 2649 2137 quae
2690 2069 2799 2124 sint
2830 2069 3054 2124 meliora
3100 2076 3157 2123 et
3206 2068 3426 2122 utiliora
3474 2066 3773 2121 discemus.

2192 2158 2427 2230 Conﬁdis
2457 2161 2676 2231 teipsum
2718 2178 2830 2215 esse
2869 2160 3055 2216 ducem
3095 2177 3372 2215 cwcorum.
3406 2156 3643 2227 Quorum
3675 2158 3776 2212 ob-

2191 2262 2469 2311 8curatum
2510 2263 2595 2310 est
2643 2250 2822 2309 lumen
2855 2254 2909 2308 in
2958 2252 3195 2309 tenebris
3249 2252 3584 2323 ignorantiae.
3635 2246 3778 2304 Insi-

2190 2344 2442 2416 pientium
2470 2344 2806 2400 eruditorent.
2830 2342 3177 2399 Erudientem
3224 2344 3408 2409 rudes,
3440 2342 3533 2412 qui
3565 2342 3778 2411 sapien-

2192 2438 2326 2493 tiam
2372 2454 2481 2493 non
2540 2438 2759 2493 habent.
2840 2436 3153 2508 Magistrum
3207 2435 3517 2506 infantium.
3566 2434 3624 2490 Id
3668 2442 3774 2500 est,

2190 2526 2559 2599 parvulorum,
2605 2535 2766 2583 aetate
2832 2526 2919 2582 vel
2968 2542 3150 2583 sensu.
3214 2524 3502 2580 Habentem
3550 2524 3777 2595 formam

2190 2618 2443 2673 scientiw.
2479 2617 2567 2672 Ad
2611 2633 2776 2689 quam
2814 2632 3029 2689 semper
3078 2618 3376 2689 respiciens
3427 2631 3613 2671 errare
3667 2631 3775 2671 non

2190 2709 2389 2781 possis.
2443 2707 2546 2775 Qui
2586 2726 2708 2781 ergo
2748 2710 2900 2764 doces
2946 2708 3111 2763 alium
3136 2749 3153 2775 ,
3200 2709 3422 2780 teipsum
3462 2724 3564 2762 non
3602 2706 3775 2762 doces.

2195 2799 2458 2857 Similiter
2486 2808 2542 2857 et
2574 2802 2822 2875 gentibus
2848 2801 3060 2858 dixerat
3088 2818 3103 2857 :
3133 2800 3239 2868 Qui
3268 2802 3403 2856 enim
3445 2798 3608 2855 alium
3630 2801 3781 2871 judi-

506 2885 925 2958 oogitutionibus
944 2890 1343 2958 accusantibus,
1366 2892 1493 2963 quia
1514 2893 1870 2965 cogitationes
1891 2903 2099 2950 nostra!
2192 2906 2303 2959 cas,
2344 2892 2567 2962 teipsum
2595 2892 2929 2948 condemnas.
2961 2893 3063 2962 Qui
3092 2893 3146 2948 in
3188 2893 3306 2964 lege
3333 2892 3597 2963 quiescis,
3617 2907 3651 2947 o
3682 2890 3777 2947 Ju-

505 2987 668 3035 oruut
720 2980 783 3036 in
817 2981 913 3037 die
948 2980 1138 3054 iudicii
1177 2992 1304 3039 ante
1337 2984 1527 3041 oculos
1564 2994 1803 3053 nostros,
1834 2994 2092 3058 tanquam
2195 2980 2329 3050 (lace,
2360 2999 2459 3039 cur
2488 2985 2885 3057 transgrederis
2910 2984 3127 3056 legem?
3150 2982 3253 3052 Qui
3291 2984 3541 3055 gloriaris
3568 2984 3620 3038 in
3644 2978 3779 3050 Deo,

504 3075 757 3145 quaedam
777 3074 1018 3133 historiae
1043 3081 1452 3151 cognoscendae,
1487 3081 1629 3139 sicut
1660 3084 1923 3154 scriptum
1957 3091 2043 3140 εει
2072 3104 2085 3140 ε
2116 3061 2171 3127 C
2193 3088 2363 3147 quare
2392 3076 2686 3133 inhonorus
2710 3076 2900 3145 Deum,
2931 3077 3058 3132 dum
3104 3076 3475 3132 testimonium
3499 3072 3614 3144 eius
3635 3068 3785 3145 quod

504 3164 741 3236 Argiet»
761 3174 831 3235 te,
857 3177 908 3224 et
929 3176 1160 3225 statuam
1188 3171 1341 3228 illum
1369 3182 1550 3229 contra
1572 3175 1762 3246 faciem
1789 3185 1956 3231 tuam.
1985 3175 2095 3234 Sed

505 3258 809 3314 notandum
825 3268 910 3316 est
931 3263 1079 3332 quod
1101 3263 1206 3320 hoc
1229 3260 1423 3321 inloco
1445 3266 1683 3334 schema,
1715 3268 1860 3337 quod
1882 3290 2093 3347 χρονισ-

505 3347 600 3420 ρὸς
627 3347 849 3419 dicitur,
888 3351 1084 3420 elucet,
1116 3366 1221 3425 per
1250 3369 1410 3426 quam
1437 3348 1674 3427 speciem
1705 3359 1920 3414 diversa
1956 3368 2093 3414 tem-

504 3450 643 3507 Ρθη
668 3449 778 3510 pro
797 3442 927 3499 aliis
946 3446 1278 3517 temporibus
1304 3458 1615 3519 ponuntur;
1652 3464 1778 3529 nam
1806 3449 2092 3522 participia

502 3534 797 3601 praesulis
820 3536 1083 3605 temporis
1127 3552 1233 3608 pro
1264 3535 1435 3595 futuri
1488 3543 1750 3614 temporis
1792 3543 2092 3614 participiis

500 3622 707 3691 posuit,
760 3625 951 3682 dicens
997 3644 1013 3681 :
1066 3627 1486 3701 flagitationibus
1543 3634 1932 3701 accusantibus,
1997 3644 2093 3690 aut

502 3711 666 3767 etiam
696 3713 1114 3785 defendentibus,
1160 3736 1259 3790 pro
1288 3726 1614 3780 accusaturis
1665 3743 1728 3781 ac
1771 3727 2087 3798 defensuris.

2193 3170 2340 3226 dedit
2368 3169 2506 3225 Filio
2535 3186 2651 3237 suo,
2702 3186 2811 3226 non
2861 3169 3098 3241 recipis?
3130 3169 3249 3240 Ipse
3278 3169 3425 3226 enim
3470 3169 3644 3225 dixit:
3675 3167 3778 3225 Hic

2190 3271 2268 3317 est
2296 3259 2347 3316 F
2348 3262 2472 3317 ilius
2497 3280 2641 3318 meus
2664 3263 2885 3318 dilectus
2908 3260 3125 3337 (Matth.
3152 3261 3260 3336 ut)‘.
3294 3261 3396 3331 Qui
3418 3263 3560 3319 nosti
3588 3262 3777 3318 volun-

2192 3360 2360 3411 tatem
2402 3353 2539 3425 ejus,
2575 3370 2746 3426 quare
2787 3372 2897 3412 non
2944 3355 3289 3428 obtemperas
3333 3350 3785 3421 voluntati‘iQui

2190 3446 2382 3519 probas
2432 3448 2670 3517 utiliora,
2700 3460 2870 3521 qu‘are
2916 3452 3128 3506 inutilia
3158 3450 3417 3508 sectaris?
3464 3448 3583 3505 Dux
3607 3462 3777 3504 cmen-

2193 3553 2335 3605 rum,
2369 3541 2637 3610 quomodo
2666 3540 2808 3595 viam
2851 3557 2960 3597 non
2990 3542 3141 3598 vides
3182 3541 3428 3597 rectam?
3451 3538 3501 3595 si
3528 3538 3672 3594 enim
3700 3538 3781 3593 vi-

2196 3627 2355 3685 deres
2403 3647 2501 3709 per
2545 3631 2715 3702 ipsam
2769 3632 2960 3705 utique
3009 3633 3340 3690 ambulares.
3387 3629 3446 3688 Si
3486 3630 3665 3686 lumen
3718 3645 3785 3685 es

2192 3722 2443 3793 aliorum,
2484 3741 2654 3798 quare
2683 3742 2791 3783 non
2814 3727 3003 3798 abjicis
3028 3744 3192 3801 Opera
3221 3722 3608 3783 tenebrarum?
3628 3721 3777 3778 Eru-

575 3801 649 3857 Itt
684 3805 771 3859 die
795 3822 917 3861 cunt
937 3808 1199 3877 iudicabit
1239 3810 1495 3871 Dominus
1542 3818 1749 3874 occulta
1796 3821 2087 3877 hominum.
2190 3816 2334 3874 ditor
2371 3823 2746 3893 insipientium,
2771 3832 2833 3880 ut
2855 3827 2985 3896 quid
3022 3827 3274 3880 timorem
3302 3824 3533 3886 Domini,
3580 3821 3675 3892 qui
3697 3827 3782 3876 est

505 3890 638 3950 Due
662 3897 1025 3969 cogitationes
1047 3901 1103 3956 in
1134 3902 1355 3961 homine
1386 3921 1444 3962 se
1476 3911 1807 3966 accusabunt
1834 3911 2086 3978 invicem,
2191 3909 2411 3965 initium
2449 3890 2748 3981 sapientiae,
2813 3890 3119 3984 reliquisti?
3166 3914 3422 3983 Magister
3470 3890 3787 3980 infantium,

505 3984 649 4041 bona
672 3996 729 4044 et
749 3991 893 4046 mala
916 4009 931 4045 :
954 3993 1094 4049 bona
1123 4008 1341 4055 accusat
1369 4000 1587 4069 malam,
1612 4004 1735 4075 quia
1760 4006 2092 4062 contradixit
2191 4002 2463 4071 quomodo
2491 4016 2627 4072 puer
2670 4018 2731 4059 es
2763 4004 2960 4059 sensu?
3008 4002 3113 4070 Qui
3158 4005 3319 4058 habes
3346 4003 3573 4073 formam
3614 4004 3781 4058 scien-

504 4077 756 4147 κείρω
786 4083 929 4138 mals
974 4084 1177 4142 iterum
1200 4098 1422 4147 accusat
1447 4090 1667 4162 bonam,
1700 4098 1827 4167 quia
1858 4112 1963 4155 non
1998 4116 2089 4156 se-
2190 4091 2298 4159 tias,
2326 4103 2373 4148 et
2403 4094 2635 4150 veritatis
2663 4096 2720 4150 in
2762 4094 2890 4166 lege,
2920 4111 3087 4166 quare
3116 4109 3216 4150 nec
3244 4096 3356 4165 ipse
3380 4094 3646 4166 sequeris,
3675 4111 3793 4169 nec,

507 4178 632 4223 asta
677 4179 765 4226 est
802 4181 862 4228 ut
889 4177 1079 4232 sensit.
1115 4176 1341 4237 Rectum
1364 4184 1627 4255 judicium
1661 4189 1756 4244 Dei
1783 4190 1907 4259 quis
1935 4190 2093 4248 dubi-
2191 4182 2327 4241 alios
2360 4187 2598 4257 pessimo
2645 4188 2896 4259 exemplo
2936 4187 3202 4258 perimis?
3258 4187 3329 4242 Et
3382 4189 3471 4259 qui
3517 4188 3774 4259 pra’dicas

507 4269 606 4331 tet,
643 4267 736 4322 ubi
787 4280 1131 4329 accusaturus
1172 4285 1228 4330 et
1274 4276 1584 4337 defensores
1637 4280 1985 4351 adhibentur,
2036 4288 2095 4341 et
2192 4290 2298 4329 non
2335 4275 2644 4345 furandum,
2677 4284 2734 4331 tu
2758 4277 3046 4333 adventum
3094 4286 3150 4333 et
3175 4280 3521 4348 praesentiam
3549 4276 3779 4344 Christi,

509 4358 863 4449 conscientias
890 4365 1103 4420 testes?
1143 4364 1249 4424 Sed
1279 4371 1557 4427 sciendum
1596 4376 1743 4444 quod
1767 4392 1875 4432 non
1900 4376 2089 4449 utique
2116 4424 2166 4449 ἢ
2192 4368 2283 4437 qui
2325 4367 2379 4421 in
2407 4367 2660 4423 universo
2688 4368 2887 4424 mundo
2920 4367 3139 4438 ellulsit,
3194 4367 3415 4426 furaris.
3472 4370 3772 4424 Mmcharis.

507 4445 613 4503 ἰὴ
634 4450 993 4522 cogitationes
1011 4464 1131 4527 quae
1160 4466 1288 4516 tunc
1312 4424 1629 4532 na~.centur:
1649 4466 1733 4522 vel
1755 4424 2090 4523 accusabunt
2114 4424 2168 4485 Β
2191 4457 2308 4513 Non
2334 4467 2417 4514 est
2444 4468 2627 4515 autem
2667 4466 2771 4515 una
2802 4463 3015 4518 moecha
3039 4479 3053 4529 ;
3084 4478 3212 4518 nam
3240 4471 3412 4519 totum
3444 4458 3595 4533 quod
3615 4462 3775 4517 debet

508 4538 763 4606 animam,
794 4542 877 4599 vel
922 4543 1229 4615 defendent,
1268 4552 1369 4607 sed
1396 4552 1513 4611 istae
1558 4572 1679 4627 quae
1706 4574 1851 4612 nunc
1876 4557 2086 4611 suntin
2189 4547 2307 4604 Deo
2341 4549 2547 4615 anima,
2581 4550 2627 4605 si
2657 4550 2818 4607 alicui
2855 4563 3054 4624 praeter
3097 4554 3269 4609 Deum
3297 4554 3608 4619 reddiderit,
3641 4568 3776 4607 mm-

508 4632 697 4700 ttohis;
734 4649 857 4691 cum
883 4638 1049 4707 enim,
1093 4640 1209 4698 sive
1232 4642 1395 4710 bona,
1430 4648 1544 4703 sive
1587 4647 1727 4702 mala
1765 4648 2088 4720 cogitamus,
2188 4639 2405 4694 chatur.
2437 4639 2543 4706 Qui
2587 4659 2745 4714 negas
2784 4645 3169 4700 maritandum.
3206 4644 3339 4700 Tam
3365 4660 3530 4716 grave
3568 4643 3775 4698 adnue-

506 4723 655 4780 velut
688 4726 741 4781 in
769 4730 999 4798 ceteris,
1048 4734 1128 4789 ita
1169 4734 1221 4791 in
1260 4736 1424 4793 corde
1452 4746 1640 4794 nostro
1684 4744 1797 4793 tam
1822 4741 2088 4795 bonarum

506 4830 671 4887 quam
708 4820 970 4879 malarum
997 4826 1382 4897 cogitationum
1412 4836 1553 4884 notae
1582 4829 1825 4899 quaedam
1854 4837 1909 4884 et
1932 4829 2090 4899 signa

507 4910 900 4983 relinquentur,
950 4928 1070 4987 qua!
1098 4918 1151 4973 in
1200 4920 1414 4975 occulto
1444 4936 1585 4975 nunc
1611 4922 1850 4991 pectoris
1887 4923 2087 4991 posita,

506 5001 567 5058 in
601 5003 689 5059 illa
722 5006 809 5063 die
834 5007 1062 5064 revelari
1091 5009 1364 5077 dicuntur,
1400 5027 1431 5066 a
1461 5011 1607 5067 nullo
1641 5012 1764 5075 alio,
1801 5011 1905 5066 nisi
1929 5013 1997 5067 ab
2022 5028 2089 5070 eo

2189 4727 2332 4782 rium
2356 4731 2674 4798 committis,
2703 4742 2763 4787 ut
2804 4734 3107 4790 adulterum
3130 4749 3350 4789 sensum
3376 4733 3572 4790 litterae
3598 4733 3774 4789 intro-

2194 4810 2363 4876 d‘ucas
2406 4820 2473 4875 ad
2507 4838 2851 4896 synagogam,
2890 4835 2944 4880 et
2969 4825 3203 4881 collocas
3230 4840 3351 4881 eam
3381 4840 3503 4881 cum
3532 4825 3664 4894 legis
3688 4825 3776 4879 lit—

2192 4919 2308 4967 tera
2335 4929 2454 4984 quce
2489 4913 2622 4971 foris
2650 4926 2755 4982 est,
2780 4934 2903 4972 cum
2930 4918 3193 4988 scriptum
3224 4918 3290 4974 de
3317 4934 3380 4973 ea
3408 4918 3555 4988 legas
3588 4934 3601 4969 :
3634 4914 3776 4981 Quia

2193 5004 2363 5058 ortt‘nis
2394 5003 2563 5074 gloria
2596 5004 2726 5073 ﬁlia:
2767 5007 2902 5078 regis
2942 5007 3273 5062 intrinsecus.
3306 5003 3409 5072 Qui
3451 5003 3774 5061 abominaris

2189 5093 2359 5161 idola,
2417 5097 2749 5167 sacrilegium
2795 5099 3093 5154 committis.
3124 5099 3321 5153 Verum
3366 5090 3460 5153 Dei
3492 5096 3780 5167 templum,

2192 5186 2341 5256 quod
2362 5196 2445 5243 est
2465 5185 2715 5244 Christus
2738 5180 2914 5255 Iesus,
2939 5188 3177 5251 violans;
3209 5187 3446 5242 solvistis
3466 5187 3609 5243 enim
3642 5195 3775 5243 tem-

505 5096 600 5166 qui
655 5100 801 5156 solus
843 5110 1024 5173 potest
1072 5104 1281 5160 occulta
1323 5105 1602 5160 hominum
1645 5105 1787 5161 scire
1816 5120 1830 5159 :
1857 5120 2089 5176 quorum

506 5189 783 5261 signorum
836 5210 1030 5252 causas
1084 5208 1191 5253 n0n
1242 5197 1411 5253 latere
1462 5197 1657 5266 Deum,
1693 5198 1858 5255 etiam
1901 5208 2088 5255 nostra

506 5285 840 5341 conscientia
892 5288 1209 5355 testabitur;
1283 5289 1426 5358 quod
1470 5288 1734 5359 judicium
1787 5290 2087 5347 secundum

2192 5276 2337 5350 plum
2360 5276 2505 5349 quod
2526 5279 2579 5333 in
2602 5278 2776 5335 tribus
2796 5278 2983 5334 diebus
3006 5276 3440 5331 resuscitandum
3462 5285 3545 5333 est
3573 5276 3658 5333 his
3679 5276 3775 5348 qui

504 5376 843 5448 evangelium
874 5376 1047 5443 Pauli,
1094 5374 1198 5434 hoc
1250 5391 1350 5443 est,
1381 5383 1527 5453 quod
1563 5374 1761 5439 Paulus
1801 5384 2093 5439 annuntiat
2191 5374 2441 5429 ενεάυηῑ·
2476 5371 2583 5429 δεξά
2612 5380 2667 5429 ει
2704 5372 2795 5444 qni
2832 5387 2897 5426 ει
2927 5370 3043 5440 Ῑθεθ
3071 5376 3125 5424 εί
3157 5369 3437 5440 Ρνοριιθῐίε
3465 5385 3776 5427 κΐωοιηῐι

503 5482 605 5541 per
629 5465 814 5523 JeSum
840 5466 1115 5524 Christum
1160 5472 1251 5528 lict
1279 5488 1292 5526 :
1323 5472 1486 5532 Pam
1510 5476 1655 5533 enim
1711 5476 1965 5532 ηεηιῑηεηι
1987 5478 2087 5548 ju-
2190 5465 2467 5522 Christum
2498 5465 2937 5536 pronuntiantem
2965 5458 3199 5527 furatur,
3230 5472 3285 5518 et
3305 5463 3543 5518 occultat
3567 5478 3635 5518 ne
3674 5478 3774 5533 po-

507 5555 671 5623 dicat,
701 5557 792 5611 sed
836 5572 985 5612 omne
1016 5561 1279 5630 judicium
1331 5568 1473 5625 dedit
1516 5566 1678 5625 Filio.
1724 5570 1877 5638 Quod
1905 5578 2086 5623 autem
2190 5561 2352 5632 pulus
2395 5561 2600 5626 audiat,
2638 5568 2693 5615 ct
2738 5559 2945 5626 credat,
2980 5559 3321 5631 sacrilegium
3367 5556 3677 5620 committit,
3720 5560 3778 5608 et

507 5655 628 5706 erat
665 5648 896 5718 apostoli
919 5648 1075 5712 Pauli
1102 5660 1460 5736 evangelium,
1510 5663 1615 5722 hoc
1661 5663 1826 5724 etiam
1865 5670 2089 5720 caetero-

2192 5667 2327 5741 vere
2340 5653 2629 5743 atemplum
2674 5650 2773 5711 Dei
2822 5652 3029 5725 violat;
3078 5652 3213 5712 item
3235 5713 3250 5726 ,
3272 5665 3493 5724 quoque
3538 5649 3631 5708 hic
3681 5644 3778 5722 qui
