4108 6334
317 334 391 406 es
1412 350 1745 408 censor.
1781 350 1853 408 IN
1889 351 2109 409 nrts'r.
2144 352 2238 409 sn
2275 353 2441 441 non.
3496 360 3568 424 so

322 458 737 532 cognominatur
783 460 1016 543 Judreus,
1066 469 1123 518 et
1170 460 1431 533 gloriatur
1456 462 1511 515 in
1548 463 1729 518 littera
1756 462 1889 533 legis
1915 464 1971 527 Α
1993 464 2134 517 bitur
2154 464 2242 519 ille
2273 467 2338 520 de
2365 480 2547 536 genere
2566 481 2684 530 suo,
2736 467 2861 537 quia
2887 474 3253 524 testamentum
3278 468 3389 538 ’Dei
3416 470 3569 526 dissi-

324 551 516 623 Moysi,
561 553 942 621 pravarieator
989 550 1123 624 legis
1151 554 1394 625 arguitur
1420 570 1542 608 cum
1588 570 1694 609 non
1722 553 1895 608 credit

324 634 561 696 Christo.
616 639 967 714 Sacrilegium
1026 652 1109 698 est
1148 642 1290 712 quod
1347 643 1562 714 proprie
1613 645 1668 698 in
1725 644 1895 698 Deum

325 731 701 799 committitur,
747 733 901 803 quasi
956 735 1285 789 sacrosancti
1330 735 1564 791 violatio.
1622 734 1725 790 Per
1762 735 1895 789 istos

323 843 452 897 ergo
510 829 644 885 tales
698 830 790 899 qui
820 830 1070 889 dicuntur
1116 829 1289 885 Judmi
1340 838 1396 885 et
1445 846 1553 885 non
1603 838 1745 893 sunt,
1799 844 1897 884 no-

322 934 450 973 men
493 919 593 974 Dei
621 919 1026 990 blasphematur
1051 920 1192 975 inter
1215 929 1427 992 gentes,
1455 936 1565 975 non
1596 920 1767 975 solum
1796 934 1895 989 pro

324 1010 578 1079 operibus
604 1026 791 1066 eorum
817 1012 1085 1081 pessimis,
1112 1011 1207 1066 sed
1234 1019 1288 1067 et
1314 1018 1534 1082 prepter
1558 1008 1819 1065 humilem
1841 1016 1896 1065 et

324 1090 587 1166 deiectam
612 1100 1017 1170 intelligentiam
1048 1117 1211 1171 quam
1235 1101 1434 1155 habent
1461 1101 1516 1154 in
1544 1099 1661 1171 lege
1687 1108 1743 1156 et
1765 1112 1895 1169 pro-

322 1191 501 1260 phetis
529 1206 545 1246 :
578 1192 799 1247 ridicula
830 1193 992 1247 etiam
1021 1193 1074 1248 in
1103 1193 1236 1263 ipsis
1272 1190 1523 1263 gentibus
1566 1192 1722 1258 ﬁunt,
1771 1206 1895 1247 eum

323 1281 456 1351 legis
509 1282 743 1338 litteram
790 1292 1074 1352 sequentes
1127 1284 1313 1339 dicunt
1355 1283 1480 1339 :Ne
1524 1283 1785 1354 tetigeris,
1827 1298 1895 1338 ne

323 1372 644 1441 gnszaveris,
685 1387 753 1428 ne
785 1374 1255 1428 contaminaveris.

395 1460 601 1515 Nomen
629 1464 765 1516 enim
792 1461 886 1516 Dei
909 1480 1001 1534 per
1020 1478 1106 1518 vos
1133 1463 1520 1535 blasphematur
1544 1465 1680 1518 inter
1697 1472 1892 1534 gentes.

323 1536 438 1606 iloe
459 1551 577 1607 ideo
604 1552 741 1607 dixit
765 1552 948 1619 Isaias,
974 1555 1100 1623 quia
1129 1571 1324 1610 nomen
1354 1556 1444 1610 Dei
1477 1557 1886 1625 blasphematur

321 1636 467 1695 inter
486 1650 690 1710 gentes,
735 1658 840 1697 non
880 1643 1051 1699 solum
1084 1660 1183 1714 pro
1210 1646 1467 1715 operibus
1505 1662 1694 1701 eorum
1725 1645 1897 1716 pessi-

321 1732 448 1796 mis,
476 1734 570 1788 sed
594 1726 807 1805 quando
828 1728 1040 1791 Iudaeos
1066 1752 1164 1806 pro
1191 1737 1444 1793 obnoxiis
1469 1738 1581 1794 suis
1604 1737 1896 1794 tradendos

1993 557 2134 624 parit
2163 554 2314 623 (Gen.
2347 555 2503 626 xvu).
2546 553 2664 610 Non
2701 571 2801 611 nos
2822 564 2999 612 tamen
3040 554 3212 614 latere
3238 559 3396 615 debet
3420 564 3565 631 quod

1994 644 2050 699 in
2080 645 2201 700 aliis
2228 648 2623 718 exemplaribus
2656 664 2763 702 non
2799 647 3065 705 habemus
3100 652 3358 721 positum,
3384 662 3567 706 octava

1996 734 2098 788 die.
2139 733 2270 789 item
2319 737 2374 791 in
2420 736 2657 794 Levitico
2700 740 2960 809 scriptum
2990 749 3110 795 est:
3150 732 3220 794 Et
3250 740 3454 796 locutus
3491 752 3567 796 est

1993 823 2249 880 Dominus
2272 828 2339 880 ad
2371 827 2585 898 Moysen
2627 829 2801 884 dicens
2834 844 2852 881 :
2876 824 3110 902 Loquere
3137 828 3264 900 ﬁliis
3303 822 3494 897 Israel,
3519 840 3567 885 et

1994 916 2135 970 dices
2165 917 2233 973 ad
2262 934 2347 971 eos
2370 932 2391 970 ;
2418 918 2615 975 Mulier
2638 938 2958 993 qua’cunque
2988 924 3273 994 susceperit
3298 940 3489 986 semen,
3520 932 3568 977 et

1993 1009 2243 1077 pepererit
2278 1009 2593 1076 masculum,
2627 1012 2898 1067 immunda
2916 1015 3013 1067 erit
3048 1024 3243 1083 septem
3274 1014 3453 1069 diebus
3492 1032 3571 1069 se-

1994 1097 2223 1151 cundum
2263 1099 2371 1153 dies
2398 1099 2722 1171 purgationis
2769 1104 2883 1174 ejus
2921 1105 3194 1160 immunda
3232 1107 3355 1171 erit,
3398 1114 3446 1159 et
3482 1100 3568 1159 die

1995 1197 2177 1242 octava
2218 1188 2621 1244 circumcidetur
2653 1208 2776 1247 caro
2823 1195 3067 1264 prwputii
3104 1194 3237 1265 ejus,
3266 1204 3315 1248 et
3350 1193 3567 1264 triginta

1995 1279 2176 1333 diebus
2207 1276 2401 1334 sedebit
2427 1281 2483 1334 in
2523 1283 2779 1352 sanguine
2807 1302 2903 1339 suo
2930 1280 3224 1339 immunda.
3251 1276 3362 1340 Nec
3407 1279 3567 1339 dubi-

1998 1370 2097 1424 tari
2128 1368 2194 1425 de
2230 1366 2334 1427 hoc
2374 1380 2553 1442 potest
2588 1374 2730 1444 quod
2760 1391 2868 1430 non
2910 1374 3081 1430 solent
3110 1390 3297 1431 semen
3337 1368 3570 1430 Abrahze

1996 1470 2052 1516 et
2071 1462 2393 1518 vernaculus
2416 1476 2610 1519 servus
2634 1465 2778 1519 domi
2812 1467 3046 1535 genitus,
3078 1473 3352 1536 praecepto
3390 1462 3570 1536 gentis

1995 1552 2163 1618 illius,
2190 1563 2246 1609 et
2270 1555 2495 1625 pecunia
2518 1564 2729 1627 emptus
2765 1557 2833 1611 ab
2858 1554 3177 1628 alienigenis
3210 1552 3563 1613 circumcide-

1994 1640 2174 1711 batur,
2202 1645 2295 1699 sed
2317 1645 2621 1715 quicunque
2643 1662 2764 1700 cum
2791 1642 2991 1701 Iudaeis
3008 1646 3224 1717 iudaice
3258 1647 3460 1718 pascha
3485 1644 3564 1701 l'e-

1997 1746 2170 1801 cerat,
2213 1722 2526 1792 circumcidi
2570 1735 2819 1791 debebat.
2863 1734 3136 1791 Hactenus
3175 1738 3331 1792 nobis
3370 1737 3437 1791 de
3468 1735 3575 1791 cir-

321 1839 427 1877 non
488 1825 858 1891 advertebant,
911 1820 1005 1883 sed
1057 1828 1216 1883 idolis
1265 1829 1378 1884 suis
1423 1829 1624 1884 dabant
1672 1829 1891 1900 glorias,
1921 1813 1972 1874 Β
1999 1824 2331 1883 cumcisione
2357 1827 2563 1883 carnali
2603 1843 2702 1898 pro
2733 1825 2940 1881 viribus
2981 1824 3187 1882 dictum
3214 1826 3303 1881 sit.
3327 1825 3438 1898 Age
3460 1826 3574 1897 jam

321 1912 472 1983 quasi
504 1914 597 1984 qui
635 1908 942 1969 Judmorum
991 1917 1161 1970 Deum
1189 1910 1455 1972 vicissent
1479 1919 1533 1971 in
1562 1916 1797 1987 Judaeis;
1840 1926 1894 1975 et

320 2008 564 2073 tempore
589 2003 955 2075 apostolorum
977 1998 1073 2057 Dei
1104 2020 1299 2060 nomen
1331 2006 1807 2076 blasphemabatur
1837 2004 1894 2065 in

316 2086 556 2159 Christo,
600 2094 726 2163 quia
776 2094 1123 2150 credentibus
1159 2092 1414 2165 gentibus
1452 2094 1623 2152 Judaei
1669 2100 1896 2154 suadere

314 2183 631 2243 nitebantur
657 2184 930 2242 Christum
959 2201 1071 2240 non
1094 2184 1379 2240 dicendum
1428 2189 1621 2253 Deum,
1665 2196 1726 2242 ut
1755 2189 1898 2245 blas-

313 2279 535 2349 phemia
565 2277 802 2349 gentium
846 2274 913 2329 ab
947 2270 1151 2330 Judaeis
1179 2276 1495 2331 auctoribus
1530 2278 1601 2332 sit
1629 2276 1891 2346 profecta.

314 2367 468 2423 Sicut
514 2368 764 2438 scriptum
812 2375 907 2420 est.
967 2365 1362 2434 Praeposterato
1401 2367 1590 2422 ordine
1629 2377 1758 2422 ante
1798 2383 1896 2437 po-

314 2460 425 2513 suit
468 2458 835 2514 testimonium
862 2471 1028 2526 quam
1075 2457 1280 2512 diceret
1317 2458 1616 2528 scriptum:
1644 2458 1720 2512 ita
1749 2460 1894 2513 enim

316 2548 549 2623 dicentis
574 2564 753 2605 sermo
787 2547 1024 2619 dilapsus
1058 2556 1165 2614 est,
1198 2559 1257 2603 ut
1278 2548 1422 2620 quod
1465 2565 1532 2605 ex
1562 2549 1781 2620 propria
1813 2550 1895 2605 in-

316 2642 559 2698 tentione
583 2640 818 2706 dicebat,
841 2643 1032 2697 eodem
1055 2657 1216 2697 sensu
1245 2642 1508 2713 scriptum
1538 2643 1593 2697 in
1629 2644 1893 2713 propheta

314 2736 601 2805 reperiret.
635 2734 925 2791 Sciendum
950 2743 1036 2789 est
1060 2732 1175 2789 haec
1202 2728 1503 2804 apostolum
1532 2749 1631 2804 per
1662 2734 1892 2789 ironiam

315 2829 499 2883 dicere
539 2829 607 2883 ad
649 2827 894 2894 Judazos;
924 2842 1098 2897 neque
1135 2828 1280 2883 enim
1330 2842 1456 2883 vere
1498 2827 1793 2898 requiescit
1837 2829 1893 2882 in

315 2918 451 2990 lege,
477 2930 532 2975 et
559 2920 820 2992 gloriatur
841 2920 895 2974 in
923 2919 1055 2985 Deo,
1079 2928 1134 2974 et
1156 2918 1348 2989 probat
1378 2918 1593 2973 utiliora
1623 2919 1739 2973 haec
1772 2932 1893 2988 quae

315 3020 622 3068 enumerat.
684 3012 917 3068 Possunt
976 3019 1157 3067 tamen
1211 3012 1325 3067 haec
1373 3011 1565 3066 eadem
1622 3011 1894 3066 haereticis

316 3103 531 3173 aptari;
581 3102 685 3173 ipsi
727 3102 872 3157 enim
907 3100 1203 3157 Christiani
1249 3103 1623 3168 nominantur,
1666 3110 1724 3158 et
1756 3119 1892 3159 non-

314 3193 445 3251 nulli
481 3210 686 3257 eorum,
726 3192 845 3264 lege
872 3192 1142 3259 instructi,
1171 3194 1421 3249 doctores
1454 3208 1513 3249 se
1553 3209 1674 3249 esse
1711 3210 1888 3252 caeco-

315 3298 437 3340 rum
462 3294 517 3341 et
540 3286 830 3356 magistros
857 3284 1143 3339 infantium
1166 3301 1224 3340 se
1249 3300 1370 3341 esse
1389 3288 1736 3356 proﬁtentur,
1758 3305 1891 3360 pro-

315 3368 511 3430 bantes
548 3376 765 3431 utiliora
795 3391 915 3447 quae
953 3374 1122 3431 latere
1165 3376 1233 3433 ab
1273 3376 1658 3432 ecclesiasticis
1686 3378 1890 3435 dicunt.

319 3466 426 3522 Sed
453 3468 543 3523 isti
574 3469 826 3538 quoniam
868 3468 1114 3523 furantur
1137 3468 1303 3525 verba
1340 3480 1396 3525 et
1431 3472 1771 3528 intellectum
1793 3487 1890 3527 eo-

316 3573 440 3613 rum
460 3574 714 3630 perversa
739 3561 1074 3630 expositione
1103 3572 1390 3633 usurpant,
1424 3558 1729 3621 adulterum
1765 3566 1892 3621 ﬁdei

323 3664 543 3705 sensum
568 3652 634 3705 ad
655 3667 905 3722 sponsam
938 3642 1237 3708 Eeclesiam
1268 3655 1469 3710 Christi
1498 3658 1548 3711 in
1574 3660 1752 3729 regios
1774 3660 1895 3714 tha-

316 3736 494 3796 lamos
517 3741 791 3798 inducunt.
823 3743 989 3799 Recte
1017 3744 1085 3800 ad
1109 3760 1204 3800 eos
1231 3745 1431 3800 dicitur
1457 3764 1470 3800 :
1497 3746 1603 3812 Qui
1632 3750 1890 3817 prmdieas

317 3849 419 3886 non
451 3833 761 3902 furandum,
806 3835 1040 3905 furoris;
1079 3836 1168 3906 qui
1197 3834 1329 3890 dicis
1375 3852 1481 3890 non
1507 3837 1888 3907 iniec/tandum,

317 3926 629 3992 inme/raris;
656 3932 704 3981 et
727 3928 813 3999 qui
849 3928 1171 3982 abominaris
1190 3928 1369 3995 idola,
1393 3929 1728 4001 sacrilegium
1756 3949 1895 3987 som-

315 4017 501 4081 mittis,
548 4018 783 4086 pretiosa
835 4034 965 4073 vasa
993 4018 1061 4074 de
1108 4018 1307 4090 templo
1350 4018 1470 4085 Dei,
1518 4020 1572 4075 id
1612 4029 1719 4087 est,
1750 4037 1892 4078 verae

316 4107 439 4161 ﬁdei
469 4109 793 4179 margaritas
820 4111 885 4166 de
926 4108 1223 4180 Seripturis
1253 4111 1456 4167 sanctis
1495 4111 1759 4168 furantes.
1787 4113 1893 4169 Per

316 4216 453 4270 quos
474 4208 531 4255 et
556 4216 751 4256 nomen
786 4203 885 4259 Dei
922 4203 1328 4272 blasphematur
1351 4205 1496 4261 inter
1522 4215 1731 4276 gentes,
1760 4208 1888 4263 dum

315 4309 473 4354 casta
495 4309 553 4355 et
573 4299 797 4356 honesta
828 4300 1085 4356 Ecclesiae
1122 4300 1223 4356 Dei
1246 4303 1495 4373 dogmata
1523 4303 1797 4373 corruptis
1826 4318 1890 4360 ac

317 4392 566 4462 turpibus
599 4392 873 4447 maculant
906 4394 1174 4449 hmretiea:
1197 4394 1479 4464 pravitatis
1518 4394 1815 4449 erroribus.

386 4481 729 4538 Circumcisio
757 4484 967 4555 quidem
989 4484 1219 4555 prodest,
1242 4485 1289 4538 si
1318 4483 1483 4554 legem
1514 4485 1801 4541 custodias.
1829 4486 1886 4541 In

1994 1920 2292 1977 secundum
2329 1938 2451 1979 eam
2495 1938 2615 1999 qua:
2661 1922 2793 1977 dicit
2815 1922 2942 1991 quia
2994 1921 3081 1976 lex
3122 1921 3425 1992 spiritualis
3468 1926 3573 1986 est,

1996 2013 2127 2083 quid
2151 2014 2314 2068 etiam
2356 2014 2662 2085 allegoricis
2700 2013 2909 2084 legibus
2937 2013 3004 2068 de
3034 2028 3099 2068 ea
3130 2012 3470 2068 sentiendum
3505 2009 3577 2067 sit

1995 2101 2300 2157 videamus.
2330 2101 2672 2158 Circumcisio
2701 2103 2910 2173 quidem
2939 2103 3173 2174 prodest,
3211 2103 3259 2157 si
3293 2096 3456 2172 legem
3492 2095 3577 2155 ob-

1996 2209 2164 2247 serves
2185 2206 2203 2243 :
2225 2193 2274 2246 si
2296 2201 2473 2246 autem
2507 2194 2880 2274 prwvaricator
2912 2193 3038 2264 legis
3070 2195 3167 2259 sis,
3191 2202 3299 2248 etc.
3324 2190 3571 2273 Circum-

1994 2282 2139 2336 cisio'
2173 2289 2261 2336 est
2294 2298 2364 2337 ex
2406 2282 2629 2350 genitali
2682 2284 2949 2348 membro,
2979 2300 3076 2352 per
3114 2284 3257 2352 quod
3305 2278 3577 2336 successio

1995 2372 2216 2427 humani
2244 2372 2463 2443 generis
2487 2380 2543 2426 et
2561 2370 2795 2427 carnalis
2813 2386 3051 2442 prepago
3074 2373 3438 2437 ministratur,
3461 2385 3576 2425 am-

1994 2475 2188 2536 putare
2211 2466 2451 2536 aliquam
2480 2474 2695 2535 partem
2722 2482 2734 2518 :
2757 2478 2857 2534 per
2886 2464 2989 2519 hoc
3024 2478 3154 2534 ergo
3180 2460 3413 2531 iudicari
3443 2458 3580 2530 (igu-

1994 2556 2189 2612 raliter
2220 2570 2367 2622 reor,
2396 2554 2784 2626 amputandum
2814 2568 2935 2609 esse
2965 2553 3033 2607 ab
3057 2552 3263 2617 anima,
3287 2547 3332 2606 si
3363 2566 3468 2620 qua
3496 2548 3573 2604 illi

1995 2661 2061 2701 ex
2110 2647 2383 2702 consortio
2413 2646 2593 2701 carnis
2628 2645 2871 2700 adhaeret
2907 2642 3215 2714 impuritas,
3244 2630 3413 2712 siqui
3454 2655 3574 2695 eam

1994 2735 2236 2791 libidinis
2260 2736 2584 2792 malesuada:
2622 2750 2813 2792 sensus
2838 2734 3066 2791 obtexit.
3100 2732 3240 2799 Quid
3272 2741 3455 2787 autem
3487 2747 3575 2787 es-

1994 2836 2078 2882 set
2112 2827 2353 2893 absurdi,
2382 2828 2427 2882 si
2456 2828 2526 2883 ad
2550 2827 2932 2883 discretionem
2964 2833 3284 2880 caaterarum
3308 2824 3570 2895 gentium,

1994 2917 2227 2988 populus
2250 2916 2342 2985 qui
2364 2917 2464 2971 sub
2490 2917 2605 2986 lege
2628 2917 2721 2971 Dei
2747 2915 3151 2979 instituebatur,
3174 2914 3453 2984 proprium
3478 2906 3575 2967 ali-

1995 3012 2139 3083 quod
2162 3018 2401 3081 gestaret
2424 3010 2661 3082 insigne.
2683 3008 2752 3065 Et
2773 3004 2823 3063 si
2844 3007 3157 3064 necessaria
3184 3006 3301 3061 visa
3324 3012 3410 3061 est
3442 3019 3572 3075 par-
3606 3037 3610 3045 τ

1997 3103 2068 3158 tis
2105 3102 2333 3173 alicujus
2373 3100 2691 3173 amputatio,
2725 3098 2855 3169 quid
2903 3106 3014 3152 tam
3068 3095 3397 3152 conveniens
3444 3086 3571 3159 fuit,

1995 3212 2157 3267 quam
2201 3211 2324 3252 eam
2353 3195 2598 3251 invenire
2633 3208 2755 3266 quae
2796 3192 3081 3248 videbatur
3104 3193 3361 3255 obscena,
3391 3196 3447 3243 et
3483 3186 3573 3242 illa

1995 3288 2231 3355 auferre,
2265 3304 2496 3360 quorum
2549 3284 2839 3342 diminutio
2888 3284 3024 3341 nihil
3052 3282 3121 3338 ad
3165 3280 3399 3339 otlicium
3445 3295 3570 3336 cor-

1990 3381 2141 3451 poris
2184 3380 2499 3450 impediret?
2530 3376 2690 3446 Quod
2705 3392 2834 3433 vero
2858 3376 3080 3448 quidam
3126 3373 3333 3438 dicunt,
3374 3371 3499 3442 quia
3525 3370 3572 3426 si

1992 3473 2307 3529 necessaria
2327 3487 2436 3527 non
2457 3479 2579 3526 erat
2598 3486 2729 3541 pars
2751 3469 2837 3524 illa
2859 3467 3110 3533 membri,
3137 3465 3252 3521 ﬁeri
3275 3480 3306 3519 a
3329 3470 3575 3519 creatore

1990 3580 2100 3621 non
2128 3564 2311 3620 debuit
2336 3582 2349 3618 :
2381 3564 2428 3619 si
2463 3570 2644 3617 autem
2684 3558 2991 3615 necessaria
3032 3551 3175 3611 facta
3204 3562 3309 3618 est,
3340 3566 3449 3606 non
3472 3550 3568 3605 de-

1992 3653 2086 3711 bet
2118 3650 2340 3717 aul‘erri,
2388 3653 2786 3719 interrogemus
2816 3664 2911 3703 eos
2951 3655 3007 3701 et
3051 3661 3173 3710 nos,
3225 3643 3275 3698 si
3316 3653 3569 3695 necessa-

1994 3745 2131 3798 riam
2178 3745 2365 3798 dicunt
2406 3742 2643 3797 ﬁliorum
2694 3739 3145 3810 procreationem.
3196 3733 3572 3790 Necessarium

1993 3836 2110 3892 sine
2140 3833 2304 3889 dubio
2326 3831 2746 3903 respondebunt.
2775 3824 2949 3886 Erunt
2972 3844 3101 3899 ergo
3127 3824 3443 3914 culpabiles,
3474 3822 3569 3895 qui

1993 3925 2338 3982 continentiae
2363 3934 2419 3980 et
2451 3923 2780 3996 virginitatis
2802 3922 3050 3986 obtentu,
3079 3917 3389 3975 necessaria
3415 3923 3575 3970 natu-

1993 4032 2068 4073 ra:
2091 4031 2198 4071 non
2227 4015 2563 4081 ministrant,
2591 4024 2647 4071 et
2671 4022 2831 4070 erunt
2863 4011 3088 4083 cogendi
3116 4011 3187 4065 ad
3219 4008 3435 4081 nuptias
3456 4023 3572 4065 om-

1993 4121 2089 4161 nes
2112 4106 2203 4174 qui
2234 4107 2531 4161 seeundum
2563 4104 2839 4175 Evangelii
2875 4101 3022 4173 leges
3041 4102 3343 4172 semetipsos
3377 4106 3575 4154 castra-

1990 4206 2174 4253 uerunt
2220 4208 2436 4267 propter
2469 4212 2685 4268 regnum
2733 4195 2848 4249 Dei.
2895 4188 2961 4247 In
2984 4208 3199 4248 summa
3226 4207 3356 4246 vero
3389 4190 3572 4246 dicen-

1991 4286 2117 4339 dum
2163 4294 2271 4351 est,
2296 4284 2441 4355 quod
2479 4285 2620 4341 sicut
2640 4284 2807 4339 multa
2856 4284 3169 4339 necessaria
3194 4290 3356 4337 erant
3390 4281 3570 4351 bapti-

1990 4386 2167 4431 smata
2195 4384 2323 4430 ante
2360 4378 2689 4446 baptismum
2731 4375 2967 4440 Christi;
2999 4383 3057 4430 et
3100 4372 3283 4428 multa:
3309 4372 3571 4442 puriﬁca-

1991 4467 2189 4531 tiones,
2212 4475 2502 4537 antequam
2543 4468 2851 4539 puriﬁcatio
2880 4483 2979 4538 per
3014 4466 3278 4536 Spiritum
3321 4472 3570 4520 sanctum

390 4529 724 4538 _-.--..--.---
757 4529 965 4555 ,--_-..-
989 4529 1219 4555 νηην,
1243 4529 1287 4538 --
1319 4529 1482 4554 --,-..-
1515 4529 1801 4541 ,πη--.η
1829 4529 1886 4541 ...

313 4573 511 4630 Genesi
539 4576 802 4646 scriptum
825 4576 1000 4647 primo
1026 4577 1091 4632 de
1112 4576 1524 4631 circumcisione
1549 4577 1888 4644 mandatum,

1992 4560 2175 4627 ﬁeret;
2204 4570 2258 4615 et
2275 4529 2457 4615 multae
2482 4529 2698 4626 hostias,
2717 4529 3020 4631 anteqnam
3035 4574 3145 4615 una
3169 4559 3367 4623 hostia,
3396 4570 3566 4628 agnus

316 4682 438 4721 eum
466 4682 727 4738 responsa
757 4669 1017 4723 darentur
1052 4668 1118 4722 ad
1141 4667 1437 4731 Abraham,
1469 4668 1573 4723 hoc
1594 4669 1752 4723 modo
1777 4685 1791 4722 :
1817 4668 1889 4723 Et

313 4756 449 4810 dixit
478 4756 732 4812 Dominus
760 4757 830 4811 ad
870 4758 1135 4812 Abraham
1159 4772 1178 4811 :
1210 4756 1288 4810 Tu
1327 4766 1507 4812 autem
1525 4766 1890 4812 testamentum

310 4860 490 4900 meum
509 4846 761 4912 seruabis,
784 4855 837 4901 et
859 4863 1010 4902 autne
1030 4864 1191 4917 genus
1213 4857 1365 4901 tuum
1386 4856 1505 4918 post
1530 4857 1582 4901 te
1600 4848 1655 4901 in
1679 4862 1893 4917 genero-

311 4936 479 4991 tiones
503 4946 658 5003 tuas;
685 4938 854 4992 ethoc
872 4947 949 4992 est
981 4947 1347 4993 testamentum
1376 4938 1517 5009 quod
1549 4937 1783 5007 disposui
1813 4938 1892 4992 in-

311 5039 389 5085 ter
416 5048 499 5086 me
535 5042 585 5085 et
625 5046 759 5087 vos:
790 5030 1206 5085 Circumcidetur
1240 5048 1390 5086 omne
1416 5030 1766 5085 masculinum
1805 5044 1890 5085 ue-

309 5134 501 5189 strum,
529 5134 577 5179 st
600 5123 981 5179 circumcidens
1005 5138 1216 5177 carnem
1244 5124 1491 5195 prwputii
1512 5125 1689 5188 uestri,
1718 5132 1767 5177 et
1787 5123 1889 5177 erit

309 5218 367 5272 in
408 5220 560 5288 signo
589 5218 885 5272 testamenti
925 5217 1061 5270 inter
1098 5231 1179 5268 me
1222 5224 1269 5268 et
1300 5230 1426 5281 uos;
1450 5225 1498 5271 et
1533 5231 1664 5288 puer
1697 5224 1880 5269 octauo

308 5310 395 5364 die
425 5308 831 5364 circumcidetur
850 5309 909 5364 in
939 5307 1114 5370 vobis;
1147 5304 1315 5359 omnis
1354 5305 1620 5359 masculus
1654 5306 1888 5376 ingene-

307 5400 604 5457 rationibus
642 5401 846 5465 uestris,
884 5398 1197 5455 vernaculus
1232 5405 1280 5451 et
1308 5397 1530 5467 pecunia
1562 5406 1795 5467 emptus,
1817 5396 1882 5452 ab

309 5492 551 5547 omnibus
577 5490 706 5562 ﬁliis
752 5490 1185 5560 alienigenarum,
1209 5496 1263 5542 et
1295 5486 1385 5557 qui
1432 5501 1535 5539 non
1588 5495 1662 5539 est
1705 5502 1770 5540 ea
1806 5503 1887 5541 se-

309 5584 449 5638 mine
482 5592 596 5643 tuo,
636 5580 1037 5636 circumsidetur
1059 5593 1077 5630 :
1099 5588 1147 5633 et
1175 5580 1274 5633 erit
1317 5585 1679 5632 testamentum
1715 5591 1886 5631 meum

309 5688 469 5744 super
494 5690 707 5728 carnem
729 5683 967 5729 vestram.
1009 5670 1304 5736 Masculus,
1331 5671 1423 5743 qui
1454 5685 1556 5724 non
1583 5669 1742 5739 fuerit
1768 5670 1885 5743 {cir-

311 5765 574 5829 cumcisus
592 5766 657 5831 in
670 5779 831 5845 eam
850 5762 1099 5840 praemii
1123 5762 1209 5848 sui
1232 5762 1545 5848 discatque,
1569 5765 1886 5849 extermina-

1987 4651 2405 4718 immaculatus,
2465 4652 2819 4723 semetipsum
2864 4652 3007 4722 patri
3060 4650 3283 4707 oll‘erret
3330 4649 3564 4705 hostiam

1986 4741 2239 4799 Christus
2271 4744 2387 4798 :ita
2431 4744 2596 4798 etiam
2646 4744 2841 4800 multis
2875 4742 3382 4800 circmneisionibus
3431 4754 3567 4810 opus

1990 4836 2113 4904 fuit,
2140 4853 2425 4909 usquequo
2462 4855 2570 4894 una
2610 4840 2667 4895 in
2695 4839 2912 4895 Christo
2951 4837 3297 4894 circumcisio
3312 4834 3564 4890 omnibus

1987 4928 2335 4995 traderetur;
2370 4938 2427 4985 et
2462 4930 2758 4985 multorum
2804 4929 3091 5000 sanguinis
3123 4926 3323 4982 eﬂ'usio
3341 4938 3567 4993 praises

1989 5023 2080 5087 sit,
2110 5039 2394 5094 nsquequo
2424 5039 2523 5095 per
2546 5025 2705 5080 unius
2734 5026 3049 5097 sanguinein
3084 5020 3324 5079 omium
3355 5018 3566 5073 redem-

1986 5114 2104 5184 ptio
2133 5113 2309 5170 tieret.
2337 5114 2493 5182 Quod
2531 5124 2719 5172 autem
2749 5124 2939 5171 octaua
2967 5114 3055 5170 die
3083 5108 3426 5167 circumcisio
3467 5109 3565 5166 da-

1985 5204 2169 5270 batur,
2210 5205 2341 5259 illud
2390 5205 2667 5276 designari
2703 5207 2941 5261 arbitror
2987 5201 3129 5273 quod
3169 5200 3420 5272 praesenti
3445 5201 3566 5270 qui-

1986 5297 2110 5352 dem
2139 5297 2341 5351 sarculu
2366 5297 2663 5365 septimana
2690 5297 2944 5366 deputata
2977 5299 3081 5347 est.
3114 5290 3352 5348 Octavus
3376 5299 3561 5346 autem

1990 5390 2107 5445 dies
2132 5388 2299 5444 futuri
2327 5389 2511 5446 saeculi
2541 5389 2852 5461 mysterium
2874 5393 3050 5451 tenet;
3085 5385 3307 5441 illorum
3330 5398 3461 5455 ergo
3480 5391 3566 5440 est

1992 5483 2343 5540 circumcisio
2364 5484 2678 5555 spiritualis,
2703 5482 2794 5551 qui
2822 5481 3001 5535 futuro
3027 5479 3224 5536 seculo
3246 5477 3485 5533 militant
3506 5476 3563 5531 in

1991 5590 2099 5646 quo
2136 5590 2311 5646 neque
2340 5577 2566 5641 nubent,
2613 5587 2787 5641 neque
2824 5571 3113 5636 nubentur,
3152 5580 3209 5626 et
3235 5582 3465 5639 (piorum
3504 5567 3563 5622 iu

1992 5669 2154 5724 terris
2179 5667 2570 5723 ambulantium
2615 5665 2668 5718 in
2690 5663 2843 5719 caelis
2871 5670 2956 5720 est
2980 5661 3342 5720 conversatio.
3375 5658 3563 5715 Scien-

1989 5765 2135 5847 dum
2155 5770 2245 5845 est
2256 5760 2565 5845 secundum
2930 5757 3038 5820 duo
3063 5764 3269 5832 genera
3302 5764 3429 5831 esse
