4058 6336
503 352 563 415 ει
1888 330 2156 393 senum
2194 326 2389 391 scen
3683 329 3759 386 sa

508 466 894 526 cumcisiouum
919 480 934 517 :
958 451 1141 516 cordis
1188 454 1531 513 circumcisio
1574 459 1677 517 est,
1722 448 1858 506 nihil
1903 447 2075 504 sordi-
2100 452 2153 513 Α
2175 446 2493 501 abscindere
2520 442 2649 499 vitia
2679 450 2743 499 et-
2767 454 2986 499 cessare
3029 454 3060 496 a
3088 439 3248 497 malis
3283 441 3759 502 circumcisionem

512 559 661 623 dum,
689 554 821 611 nihil
848 553 1123 624 indignum
1151 548 1353 605 sentire
1380 546 1447 601 de
1470 544 1601 611 ﬁde;
1630 541 1810 598 carnis
1832 540 2074 609 fcircum-

509 649 644 705 cisio
664 654 767 713 est,
811 644 945 700 nihil
990 640 1350 705 immundum,
1400 638 1535 693 nihil
1563 636 1984 693 contaminatum
2022 633 2078 688 in

508 754 672 812 opere
701 736 973 808 gestisque
1013 732 1374 795 committere,
1405 728 1699 784 secundum
1744 723 2079 780 Ezechielem

509 830 601 903 qui
625 828 782 883 dicit:
803 824 986 880 Omnis
1007 822 1153 893 ﬁlius
1178 820 1467 891 alienigena
1483 815 1879 872 incircumcisus
1901 812 2077 878 corde,

508 931 557 976 et
591 918 993 974 incircumcisus
1037 930 1213 989 carne,
1264 928 1367 965 non
1395 908 1613 964 intrabit
1656 907 1713 961 in
1754 914 1939 960 sancta
1964 919 2081 957 mea

511 1012 727 1083 (Ezech.
773 1008 949 1080 xuv).
977 1005 1242 1062 Jeremias
1286 1003 1363 1057 ait
1390 1020 1403 1055 :
1428 1000 1564 1054 Ecce
1599 997 1918 1053 circumcisa:
1959 1002 2083 1049 sunt

511 1120 666 1158 aures
687 1111 869 1157 vestra:
894 1099 1111 1171 (Jerem.
1138 1095 1237 1169 vi),
1267 1095 1370 1150 hoc
1396 1099 1499 1158 est,
1524 1106 1591 1146 ne
1625 1089 1889 1159 recipiant
1908 1085 2085 1142 obtre-

510 1196 819 1251 ctationem.
855 1193 969 1248 Hoc
997 1199 1175 1246 autem
1210 1186 1370 1243 modo
1398 1193 1453 1239 et
1475 1182 1889 1239 incircumcisus
1923 1179 2082 1236 labiis

512 1284 729 1352 dicitur,
757 1285 849 1355 qui
888 1298 993 1337 non
1018 1278 1421 1336 circumciderit
1444 1275 1858 1345 blasphemiam,
1884 1272 2086 1329 scurri-

512 1376 743 1442 litatem,
777 1374 1158 1445 turpiloquium
1196 1371 1262 1425 de
1301 1384 1397 1425 ore
1427 1384 1544 1434 suo,
1575 1367 1667 1437 qui
1696 1382 1804 1421 non
1841 1364 2085 1436 posuerit

513 1465 810 1521 custodiam
835 1464 918 1519 ori
964 1478 1084 1526 suo,
1119 1469 1174 1516 et
1216 1460 1415 1515 ostium
1459 1456 1884 1513 circumstantia:
1917 1456 2078 1512 labiis

513 1555 648 1621 suis,
680 1555 771 1624 qui
804 1569 913 1609 non
945 1552 1109 1607 etiam
1135 1564 1165 1603 a
1195 1549 1362 1604 verbo
1383 1548 1559 1604 otioso
1581 1544 1982 1601 circumciderit
2016 1559 2081 1600 os

513 1659 689 1699 suum.
711 1642 1135 1700 .Incircumcisus
1164 1638 1427 1710 praeputio
1453 1637 1636 1692 carnis
1666 1650 1777 1691 sua:
1807 1634 2008 1691 dicitur
2039 1634 2086 1691 is

515 1738 608 1807 qui
633 1735 1088 1809 erga._naturalem
1125 1733 1326 1788 coitum
1361 1729 1772 1786 immoderatius
1800 1734 1856 1783 et
1899 1728 2089 1782 intem-

514 1792 796 1897 perantius
830 1824 1015 1881 efﬂuit.
1038 1821 1196 1879 Jesus
1220 1821 1362 1877 ﬁlius
1391 1820 1560 1886 Nave,
1585 1835 1653 1875 ex
1691 1827 1960 1890 praecepto
1982 1817 2088 1873 Do-
2112 1792 2161 1853 Β

516 1919 651 1973 mini
710 1917 852 1973 ﬁlios
900 1914 1068 1971 lsrael
1137 1913 1375 1969 secundo
1428 1910 1833 1967 circumcidisse
1900 1908 2089 1964 cultris

516 2007 693 2064 saxeis
742 2013 1099 2072 memoratur,
1130 2003 1273 2073 quod
1315 2003 1502 2072 utique
1534 2009 1797 2071 quantum
1835 2000 1903 2055 ad
1947 1999 2090 2055 litte-

518 2112 636 2152 ram
662 2104 891 2166 spectat,
927 2094 1259 2165 impossibile
1289 2092 1434 2148 factu
1461 2092 1707 2157 videtur;
1739 2089 1907 2145 semel
1941 2089 2089 2145 enim

518 2188 874 2244 circumcisus
894 2187 949 2241 in
981 2199 1144 2242 carne
1173 2185 1442 2256 praeputii,
1470 2182 1600 2253 quid
1641 2181 1884 2236 invenire
1917 2181 2093 2250 possit

517 2279 754 2334 secundo
788 2277 1129 2333 circumcisio
1154 2276 1299 2345 quod
1347 2274 1621 2329 auferret?
1645 2272 1754 2328 Sed
1795 2273 1937 2327 hanc
1960 2270 2093 2326 ditii-

517 2367 774 2424 cultatem
799 2367 993 2423 melius
1021 2367 1239 2436 quidam
1267 2365 1520 2435 eXplanat
1546 2365 1730 2419 dicens
1763 2381 1776 2417 :
1802 2365 2003 2420 Verum
2026 2363 2092 2419 de

519 2458 929 2513 circumcisione
955 2457 1081 2527 quia
1112 2471 1292 2511 sermo
1316 2463 1400 2510 est
1447 2454 1579 2510 libet
1622 2455 1897 2524 inquirere
1924 2469 2093 2524 quare

518 2546 728 2617 Moyses
767 2547 899 2618 ipse,
933 2546 1026 2616 qui
1072 2546 1246 2617 legem
1291 2545 1724 2601 circumcisionis
1767 2537 2092 2615 patribus'a

516 2636 630 2692 Deo
664 2638 846 2692 datam
873 2644 930 2691 et
963 2635 1067 2692 sibi
1092 2636 1253 2692 toties
1284 2635 1607 2691 inculcatam
1637 2633 1828 2702 refert,
1855 2642 1970 2692 toto
1997 2635 2093 2691 du-

519 2734 672 2782 catus
717 2726 802 2782 sui
860 2734 1101 2795 tempore
1151 2725 1425 2780 neminem
1477 2724 1793 2780 circumcidi
1839 2724 2090 2791 voluerit,

515 2827 714 2887 praeter
735 2832 900 2871 unum
923 2815 1259 2871 solummodo
1278 2814 1450 2870 ﬁlium
1479 2830 1636 2870 suum
1660 2814 1905 2881 Gersam,
1930 2830 2093 2885 quem

518 2916 693 2963 mater
719 2907 965 2979 Sepliora
1001 2915 1214 2978 arrepta
1247 2914 1402 2979 petra
1435 2906 1774 2972 acutissima,
1808 2921 1877 2960 ne
1924 2920 1956 2959 a
1988 2905 2093 2961 Do-

520 3000 668 3055 mino
697 2999 974 3079 feriretur,
998 3001 1381 3056 circumcidit?
1401 2999 1461 3056 Si
1489 3014 1677 3056 omnes
1703 3000 1793 3070 qui
1827 2999 1880 3053 in
1909 3013 2092 3055 eremo

517 3091 632 3145 nati
662 3078 787 3145 sunt
811 3107 842 3145 a
870 3088 1033 3146 Josue
1062 3090 1528 3147 circumcidendos
1558 3090 1859 3161 reliquerit,
1881 3078 2105 3146 morem

517 3183 768 3239 videlicet
806 3183 1063 3240 divinitus
1091 3185 1437 3255 imperatum,
1460 3152 1868 3255 quadringentis
1891 3192 1949 3239 et
1973 3185 2088 3253 fsex
2116 3152 2161 3216 Ο

519 3275 677 3329 annis
709 3274 1076 3342 observatum,
1124 3277 1280 3331 annis
1306 3276 1665 3347 quadraginta
1700 3275 1969 3331 continuis
2012 3276 2094 3330 in-

520 3367 848 3435 termittens,
878 3383 1221 3439 nequaquam
1239 3370 1345 3425 hoc
1369 3368 1596 3436 frustra,
1628 3370 1722 3424 sed
1748 3384 1945 3439 magno
1976 3383 2095 3440 my-

520 3458 686 3513 sterio
711 3459 815 3514 hoc
847 3460 1053 3515 factum
1082 3461 1426 3517 crediderim.
1454 3459 1664 3531 Moyses
1685 3460 1829 3516 enim
1865 3461 2095 3516 circum-

518 3546 775 3604 cisionem
814 3550 1095 3619 praedicat,
1131 3552 1227 3606 sed
1261 3548 1423 3606 Josue
1458 3549 1690 3621 perﬁcit.
1730 3548 1867 3616 Quia
1894 3547 1978 3602 les:
2003 3565 2096 3619 per

520 3635 735 3707 Moysen
762 3639 887 3694 data
917 3649 1011 3706 est,
1060 3641 1230 3711 gratia
1271 3651 1446 3696 autem
1484 3650 1531 3694 et
1558 3640 1747 3695 veritas
1780 3656 1873 3710 per
1913 3639 2095 3693 Jesum

519 3723 782 3781 Christum
804 3728 949 3797 facta
974 3739 1071 3796 est,
1111 3731 1355 3800 nihilque
1387 3730 1634 3800 proderit
1668 3729 1851 3784 littera
1875 3727 2092 3797 iubens,

522 3815 626 3869 nisi
654 3816 889 3871 adfuerit
912 3821 1086 3888 gratia
1123 3819 1339 3888 iuvans.
1372 3819 1639 3874 Omnibus
1670 3819 1855 3888 itaque
1895 3820 2095 3873 nostris

522 3904 694 3973 gratia
746 3904 1045 3962 Salvatoris
1088 3909 1234 3962 vitiis
1285 3916 1412 3963 tunc
1459 3909 1514 3963 in
1562 3908 1719 3964 nobis
1766 3908 2093 3978 completur,

521 3992 664 4060 quod
694 3992 747 4047 in
767 3991 894 4048 Jesu
922 3993 1070 4053 Nave
1096 3996 1359 4065 scriptum
1382 4003 1465 4051 est
1496 4014 1509 4050 :
1539 3996 1713 4051 Hodie
1742 4014 1775 4051 a
1821 3997 1960 4053 vobis
1986 3997 2098 4051 abs-

522 4081 642 4135 tulit
674 4084 1007 4154 opprobrium
1044 4085 1283 4158 rEgypti.
1334 4087 1633 4158 Opprobria
1674 4102 1906 4158 namque
1932 4088 2098 4160 Egy-

521 4172 599 4239 pti
622 4187 805 4227 secum
831 4173 937 4228 fert
964 4175 1012 4230 is
1047 4176 1138 4246 qui
1173 4176 1228 4230 in
1263 4176 1505 4233 Ecclesia
1530 4177 1742 4249 positus
1768 4185 1824 4233 et
1846 4178 1945 4233 sub
1968 4176 2097 4234 Iesu

521 4260 657 4316 duce
686 4261 944 4331 militans,
975 4263 1258 4337 Egyptios
1286 4282 1466 4323 mores
1493 4276 1549 4324 et
1580 4279 1758 4324 motus
1780 4268 1944 4324 animi
1970 4270 2098 4325 bar-

521 4352 682 4409 baros
717 4370 826 4411 non
874 4364 1136 4429 amputat.
1174 4355 1516 4414 Circumcisio
1544 4360 1752 4429 quidem
1778 4360 2006 4432 prodest,
2050 4359 2096 4415 si

519 4440 681 4549 legem
718 4444 971 4502 observes.
999 4447 1129 4516 Quae
1163 4448 1235 4505 sit
1274 4448 1619 4506 circumcisio
1649 4466 1811 4521 quam
1835 4452 2092 4523 prodesse
2114 4488 2169 4549 Β

520 4532 672 4598 dicit,
703 4536 788 4588 vel
813 4552 933 4604 qua:
970 4539 1059 4593 lex
1098 4539 1468 4596 custodiatur?
1508 4541 1655 4607 Haec,
1683 4551 1744 4596 ut
1777 4542 1988 4610 opinor,
2004 4549 2089 4597 est

520 4623 864 4679 circumcisio
883 4642 1045 4694 quam
1066 4630 1323 4697 prodesse
1343 4632 1474 4686 dicit
1488 4631 1798 4700 Apostolus,
1847 4631 1891 4684 si
1912 4630 2085 4701 legem

520 4715 730 4781 litterae,
753 4716 904 4785 cuius
924 4724 979 4771 et
1003 4719 1470 4776 circumcisionem
1500 4720 1881 4792 [circumcisio
1901 4720 2007 4794 est]
2029 4722 2087 4777 in

521 4823 702 4874 carne,
717 4822 825 4863 non
838 4808 1048 4877 recipit,
1062 4812 1155 4864 sed
1173 4810 1343 4881 legem
1357 4812 1602 4880 spiritus,
1616 4813 1914 4867 secundum
1924 4827 2087 4883 quam

521 4898 921 4955 circumciditur
940 4901 1120 4955 corde.
1139 4900 1338 4956 Littera
1358 4905 1494 4958 enim
1519 4904 1728 4971 occidit,
1747 4904 1961 4976 spiritus
1986 4922 2086 4960 au-

520 4996 621 5041 tem
640 4988 865 5058 viviﬁcat
888 4987 973 5059 (Il
989 4986 1112 5043 Cor.
1128 4990 1237 5063 ιιι),
1256 4993 1380 5062 quia
1400 5002 1457 5048 et
1474 4994 1559 5048 lex
1596 4994 1689 5051 Dei
1724 5010 1831 5051 non
1860 4994 2093 5052 refertur

520 5084 825 5132 atramento
868 5077 1089 5147 scripta,
1129 5080 1224 5135 sed
1271 5081 1439 5153 digito
1477 5084 1591 5152 Dei,
1639 5085 1732 5155 qui
1761 5093 1845 5141 est
1870 5087 2094 5158 spiritus

521 5165 659 5236 ejus,
690 5175 747 5221 et
790 5183 896 5223 non
927 5169 980 5224 in
1009 5169 1207 5225 tabulis
1235 5170 1481 5242 lapideis,
1514 5176 1611 5231 sed
1655 5176 1711 5231 in
1742 5178 1940 5234 tabulis
1970 5193 2094 5233 cor-

520 5259 622 5315 dis.
650 5259 848 5314 Verum
870 5270 1048 5330 potest
1075 5263 1231 5319 nobis
1263 5264 1447 5334 obiici,
1487 5267 1629 5337 quod
1654 5270 1700 5325 si
1726 5270 1828 5325 ista
1857 5271 2093 5327 circum-

520 5350 651 5405 cisio
684 5366 791 5417 non
830 5351 932 5406 alia
983 5354 1297 5426 intelligitur
1332 5371 1495 5426 quam
1538 5360 1703 5415 animi
1744 5362 1994 5433 purgatio
2026 5367 2093 5436 ζει

521 5439 750 5511 abiectio
781 5442 1054 5510 vitiorum,
1101 5446 1370 5516 quomodo
1410 5447 1560 5503 addit
1598 5451 1797 5517 adhuc,
1846 5452 1919 5506 ita
1960 5468 2089 5522 pro-

523 5532 680 5587 desse
716 5533 1019 5603 huiusmodi
1054 5538 1553 5607 circumcisionem,
1603 5542 1649 5597 si
1691 5543 1864 5613 legem
1909 5554 2090 5600 custo—

523 5622 659 5689 dias,
701 5640 822 5680 cum
836 5626 973 5711 .baec
1012 5629 1129 5700 ipsa
1175 5634 1534 5702 circumcisio,
1570 5634 1675 5689 nisi
1714 5649 1779 5690 ex
1813 5635 1948 5706 legis
1993 5635 2088 5690 ob-

525 5715 798 5775 servantia
835 5716 952 5775 ﬁeri
977 5736 1085 5804 non
1114 5722 1392 5785 videatur?
1421 5722 1529 5783 Sed
1563 5726 1798 5797 intuere,
1829 5740 1899 5783 ne
1944 5724 2087 5784 forte

2178 540 2445 611 signiﬁcet
2470 552 2486 592 :
2517 551 2785 609 agereque
2808 551 2930 606 quae
2966 532 3109 591 bona
3139 542 3267 591 sunt
3298 544 3354 592 et
3399 535 3610 594 efﬁcere
3636 551 3760 609 qua

2175 631 2419 703 perfecta
2445 637 2593 695 sunt,
2626 626 2897 683 custodire
2923 626 2994 682 sit
3015 625 3219 697 legem;
3241 640 3417 697 neque
3440 628 3585 682 enim
3612 627 3670 682 in
3693 641 3761 683 eo

2176 719 2440 792 perfectio
2459 728 2545 774 est
2575 719 2621 773 si
2665 725 2911 773 cessetur
2944 731 2976 770 a
3011 715 3178 781 malo,
3225 716 3321 772 sed
3347 716 3405 772 in
3437 729 3504 772 eo
3530 717 3577 773 si
3598 732 3765 788 agan-

2179 818 2269 865 tur
2293 810 2454 876 bona,
2475 807 2632 877 iuxta
2665 807 3171 878 Psalmographum,
3204 808 3298 879 qui
3327 808 3403 863 ait
3429 823 3445 863 :
3471 808 3695 864 Declina
3726 825 3764 865 α

2181 902 2342 968 malo,
2387 910 2435 956 et
2458 901 2545 971 fac
2584 901 2777 955 bonum
2802 899 2973 972 (Psal.
3000 897 3210 971 xxxvi).
3242 897 3444 955 Verum
3476 902 3765 958 considera

2182 990 2227 1046 si
2264 990 2438 1059 possit
2481 990 2588 1044 hoc
2626 990 2682 1044 in
2721 989 2841 1044 loco
2869 996 2923 1044 et
2971 988 3062 1044 ille
3098 987 3407 1044 intellectus
3438 987 3673 1057 admitti,
3702 999 3767 1047 ut

2180 1080 2393 1137 dicatur
2442 1081 2608 1136 etiam
2639 1088 2763 1151 post
2804 1081 3096 1137 adventum
3135 1078 3340 1136 Christi
3381 1081 3618 1137 carnalis
3657 1082 3769 1149 eis)

2181 1174 2461 1241 cumcisio,
2502 1189 2623 1245 quae
2664 1188 2731 1229 ex
2773 1172 2897 1244 lege'
2934 1172 3348 1240 observabatur,
3370 1173 3631 1244 prodesse
3667 1176 3771 1235 ali--

2182 1265 2314 1336 quid
2343 1264 2773 1320 custodientibus
2805 1264 2997 1336 legem,
3031 1264 3329 1321 secundum
3356 1264 3461 1321 hoc
3490 1266 3638 1338 quod
3662 1266 3743 1323 ini

2182 1356 2259 1411 tio
2285 1355 2409 1411 ﬁdei
2439 1346 2639 1410 nostra;
2677 1355 2855 1410 adhuc
2880 1370 2911 1410 a
2959 1355 3308 1411 credentibus
3347 1357 3764 1434 observabatur,

2178 1455 2244 1502 ut
2271 1447 2326 1502 in
2350 1446 2572 1502 Actibus
2594 1446 2959 1516 apostolorum
2979 1446 3225 1514 docetur,
3250 1447 3335 1504 vel
3360 1447 3555 1504 Petrus
3576 1449 3633 1505 in
3653 1449 3764 1506 dis-

2184 1539 2425 1595 cretione
2460 1539 2728 1604 ciborum,
2776 1537 2861 1593 vel
2905 1538 3106 1593 Paulus
3151 1538 3209 1594 in
3247 1539 3529 1597 sacriﬁciis
3570 1557 3771 1613 purga-

2185 1629 2347 1684 tionis
2388 1628 2605 1685 fecisse.
2652 1627 2762 1685 Sed
2792 1628 2920 1684 illud
2951 1627 3334 1685 attendendum
3382 1638 3467 1687 est
3514 1632 3659 1701 quod
3699 1631 3774 1689 ad

2188 1718 2407 1777 Galatas
2444 1723 2713 1789 scribens,
2752 1722 2867 1778 ait:
2896 1721 2955 1777 Si
3006 1722 3480 1791 circumcidamini,
3527 1722 3771 1782 Christus

2190 1813 2332 1868 vobis
2375 1812 2508 1867 nihil
2545 1812 2777 1884 proderit
2818 1809 3019 1883 (Galat.
3043 1810 3121 1882 v).
3152 1812 3308 1880 Quod
3344 1813 3422 1868 ita
3456 1822 3537 1873 est
3573 1814 3774 1870 intelli-

2190 1907 2442 1977 gendum,
2472 1902 2618 1974 quod
2650 1902 2785 1958 nihil
2810 1901 3032 1972 prodest
3071 1902 3416 1959 circumcisio
3453 1904 3545 1960 his
3569 1905 3664 1975 qui
3703 1921 3775 1962 ex

2188 2007 2253 2047 ea
2281 1999 2476 2061 putant
2507 1992 2710 2064 aliquid
2728 1992 3135 2067 iustiﬁcationis
3170 1995 3393 2062 assumi,
3419 1996 3647 2066 prodest
3669 2013 3772 2053 au—

2188 2091 2298 2139 tem
2319 2084 2406 2139 his
2429 2084 2522 2153 qui
2554 2093 2750 2154 putant
2787 2085 2890 2141 sibi
2917 2086 2985 2141 ad
3004 2084 3282 2141 Christum
3308 2087 3635 2144 veniendum
3660 2104 3777 2146 non

2190 2188 2311 2229 esse
2338 2174 2384 2229 si
2414 2174 2496 2230 eis
2532 2174 2922 2231 circumcidere
2954 2175 3095 2232 ﬁlios
3119 2176 3406 2232 vitaretur.
3428 2177 3599 2234 Erant
3625 2179 3774 2235 enim

2191 2263 2435 2318 nonnulli
2465 2265 2522 2320 in
2551 2264 2724 2320 initiis
2748 2264 2842 2334 qui
2875 2265 3346 2321 circumcisionem
3374 2265 3526 2323 velut
3560 2267 3778 2339 insigne

2192 2354 2539 2435 vernaculum
2588 2356 2766 2426 gentis
2803 2370 2913 2411 suae
2951 2355 3120 2411 nimio
3149 2368 3335 2412 amore
3367 2364 3672 2426 servarent,
3718 2367 3778 2417 et

2191 2447 2442 2518 impediri
2469 2449 2793 2507 videbantur
2833 2464 2867 2506 a
2900 2450 3026 2519 ﬁde,
3057 2451 3103 2507 si
3124 2451 3232 2508 hoc
3270 2451 3351 2509 eis
3375 2451 3643 2508 vitaretur
3666 2466 3777 2523 quo

2191 2555 2378 2597 carere
2416 2558 2525 2598 non
2571 2550 2842 2613 poterant.
2893 2542 3238 2599 Circumcisio
3279 2543 3491 2615 quidem
3538 2542 3773 2615 prodest.

2190 2631 2374 2688 Potest
2417 2633 2526 2690 dici
2551 2650 2583 2691 e
2618 2643 2812 2691 contra
2843 2653 2857 2690 :
2888 2633 2946 2691 Si
2990 2636 3234 2706 prodest,
3266 2651 3365 2692 cur
3402 2636 3778 2707 praetermitti-

2191 2723 2313 2779 tur?
2338 2721 2445 2779 Sed
2462 2724 2707 2795 prodest,
2738 2724 2785 2780 si
2814 2725 2990 2796 legem
3016 2724 3318 2792 custodias;
3347 2726 3578 2781 tenenda
3607 2726 3778 2798 igitur

2191 2816 2535 2872 circumcisio
2561 2824 2665 2883 est,
2696 2825 2752 2873 et
2788 2825 2848 2871 ut
2876 2817 3045 2888 possit
3068 2818 3351 2888 prodesse,
3384 2817 3651 2874 servanda
3690 2824 3781 2874 est

2190 2905 2296 2962 lex.
2338 2900 2845 2964 Circumcisionem'
2870 2924 2971 2980 pro
3010 2923 3207 2981 genere
3249 2910 3431 2980 posuit
3468 2909 3773 2977 Abraham,

2192 2999 2318 3068 quia
2346 3013 2413 3054 ex
2448 2999 2723 3055 Abraham
2746 2999 3087 3055 circumcisio
3111 3018 3123 3054 :
3158 3000 3262 3056 hoc
3284 3001 3428 3056 enim
3456 3001 3555 3069 ait,
3583 3008 3648 3056 ut
3675 3000 3774 3058 do-

2192 3098 2312 3146 ceat
2333 3098 2461 3147 tunc
2486 3092 2746 3163 prodesse
2771 3092 2952 3163 generi
2978 3090 3272 3158 Abraham,
3302 3092 3349 3148 si
3376 3092 3465 3148 lex
3494 3101 3771 3161 servetur,

2191 3181 2248 3237 id
2290 3189 2395 3248 est,
2455 3181 2502 3238 si
2532 3182 2589 3237 in
2621 3181 2838 3238 Christo
2884 3183 3158 3250 credatur,
3209 3183 3302 3252 qui
3351 3183 3653 3253 promissus
3685 3192 3776 3239 est

2190 3271 2461 3327 Abrahae:
2489 3272 2536 3328 si
2594 3280 2775 3330 autem
2830 3273 2952 3344 quis
2987 3288 3099 3329 non
3154 3273 3330 3330 credit
3376 3273 3434 3328 in
3468 3272 3774 3344 Christum,

2193 3369 2564 3433 transgressor
2591 3371 2676 3418 est
2692 3362 2849 3435 legis.

2264 3452 2328 3509 Si
2357 3462 2533 3509 autem
2576 3455 2951 3525 praevaricator
2994 3454 3123 3527 legis
3161 3455 3256 3522 sis,
3306 3456 3637 3511 circumcisio
3677 3464 3774 3512 tua

2192 3545 2508 3615 prwputium
2538 3545 2683 3615 facta
2720 3557 2815 3602 est.
2861 3547 2975 3603 Hoc
3017 3555 3120 3613 est,
3159 3547 3345 3620 gentili
3371 3548 3564 3605 similis
3593 3547 3775 3605 factus

2193 3650 2274 3701 es,
2305 3651 2412 3691 non
2439 3635 2665 3692 credens
2700 3638 2755 3692 in
2785 3653 2909 3694 eum
2930 3638 3023 3710 qui
3056 3640 3209 3710 signo
3247 3639 3680 3697 circumcisionis
3708 3639 3776 3695 ﬁ-

2193 3723 2299 3779 lius
2341 3725 2640 3795 promissus
2664 3733 2747 3781 est
2780 3725 3031 3783 Abrahae.
3062 3726 3199 3784 illud
3238 3727 3638 3784 observandum
3663 3737 3772 3799 est,

2195 3815 2335 3882 quod
2356 3830 2479 3869 cum
2507 3816 2753 3882 dixisset,
2778 3818 3104 3872 circumcisio
3127 3817 3333 3889 quidem
3362 3818 3595 3888 prodest,
3626 3819 3675 3874 si
3696 3818 3775 3875 le-

2195 3917 2307 3971 gem
2340 3902 2628 3970 custodias,
2657 3920 2764 3960 non
2787 3905 2937 3960 addit
2992 3924 3006 3959 :
3046 3903 3103 3961 Si
3127 3916 3303 3960 autem
3330 3919 3437 3960 non
3466 3907 3770 3975 custodias,

2194 3991 2686 4063 sicutconsequens
2706 3995 2987 4063 videatur;
3019 3998 3113 4053 sed
3139 3997 3215 4052 ait
3243 4014 3257 4051 :
3285 3995 3345 4052 Si
3364 4006 3539 4052 autem
3564 4014 3775 4068 praeva-

2194 4080 2391 4139 ricator
2418 4086 2489 4140 sis
2516 4085 2664 4158 legis.
2706 4086 2766 4142 In
2801 4102 2909 4159 quo
2938 4088 3084 4144 aliud
3104 4089 3339 4145 ostendit
3362 4103 3482 4145 esse
3512 4104 3621 4145 non
3667 4105 3770 4146 cu-

2194 4174 2398 4230 stodire
2415 4174 2609 4247 legem,
2634 4176 2779 4233 aliud
2803 4179 3151 4247 praevaricari
3177 4178 3373 4251 legem,
3402 4194 3529 4235 nam
3556 4186 3613 4236 et
3630 4178 3774 4236 Pau-

2193 4262 2279 4320 lus
2307 4264 2421 4335 ipse
2442 4281 2551 4322 non
2573 4281 2787 4339 semper
2805 4269 2981 4341 legem
3001 4270 3256 4337 custodit,
3286 4286 3561 4341 nunquam
3588 4280 3771 4329 tamen

2192 4360 2576 4426 praevaricator
2615 4369 2702 4416 est
2746 4361 2898 4432 legis.
2934 4361 3181 4419 Custodit
3219 4378 3349 4435 ergo
3385 4363 3558 4435 legem
3598 4366 3645 4422 is
3674 4367 3772 4437 qui

2194 4448 2491 4504 secundum
2519 4450 2757 4507 litteram
2777 4454 3043 4521 custodit;
3069 4462 3125 4510 et
3145 4454 3193 4510 is
3214 4455 3605 4525 praevaricatur
3622 4471 3770 4525 eam,

2193 4535 2287 4605 qui
2324 4538 2622 4607 spiritalem
2661 4541 2779 4612 eius
2816 4557 2924 4599 non
2949 4551 3098 4599 tenet
3123 4558 3362 4600 sensum.
3396 4543 3475 4612 Si,
3518 4560 3649 4616 ergo
3689 4546 3773 4602 in-

2193 4625 2328 4695 quit,
2373 4631 2750 4697 praevaricator
2788 4633 2861 4687 sis
2891 4632 3037 4705 legis,
3076 4649 3182 4690 non
3227 4636 3436 4707 agendo
3473 4640 3594 4706 qua:
3623 4637 3773 4695 bona

2194 4723 2341 4784 sunt,
2378 4718 2706 4776 circumcisio
2748 4732 2841 4775 tua
2877 4724 3189 4794 praeputium
3234 4724 3378 4794 facta
3417 4732 3516 4789 est,
3541 4724 3671 4781 dum
3714 4735 3772 4783 et

2193 4805 2297 4863 hoc
2323 4809 2444 4877 tibi,
2468 4813 2611 4881 quod
2643 4812 2917 4868 abstinere
2944 4828 2976 4868 a
3004 4813 3147 4868 malo
3166 4815 3316 4871 visus
3337 4830 3419 4883 es,
3448 4830 3617 4885 opera
3640 4815 3769 4873 ﬁdei

2194 4906 2251 4954 et
2284 4899 2509 4971 iustitiae
2546 4918 2654 4957 non
2694 4903 2889 4974 agenti,
2918 4903 2986 4960 ad
3043 4904 3418 4961 inﬁdelitatem
3461 4914 3767 4976 reputatur.

2191 4988 2379 5061 Neque
2405 4993 2550 5048 enim
2573 4993 2829 5064 possibile
2863 5004 2946 5051 est
2978 4995 3138 5053 alicui
3168 4997 3445 5053 carnalem
3477 4998 3769 5055 circumci-

2192 5081 2399 5138 sionem
2424 5097 2629 5138 rursus~
2658 5083 2715 5138 in
2743 5087 3063 5157 praeputium
3098 5088 3261 5154 verti,
3287 5101 3414 5143 cum
3455 5090 3645 5161 utique
3673 5090 3772 5146 ab-

2192 5174 2333 5230 scisa
2374 5188 2503 5231 caro
2526 5177 2774 5247 przeputii
2800 5178 2941 5235 ultra
2980 5180 3285 5235 redire'non
3305 5180 3498 5249 possit.
3536 5181 3770 5252 Dignum

2192 5273 2434 5335 estergo
2477 5272 2533 5321 et
2569 5268 2853 5326 evidenter
2891 5270 3228 5342 intelligitur,
3261 5272 3405 5341 quod
3432 5272 3767 5327 continentia

2195 5355 2325 5410 mali
2357 5358 2538 5428 operis
2562 5374 2682 5428 quae
2702 5376 2801 5431 per
2840 5361 3305 5417 circumcisionem
3329 5362 3683 5433 signiﬁcatur,
3718 5361 3769 5416 si

2194 5460 2360 5516 opera
2387 5449 2511 5505 ﬁdei
2546 5466 2653 5506 non
2693 5452 2911 5517 habeat,
2934 5452 3000 5506 ad
3042 5452 3433 5509 immunditiam
3463 5456 3764 5524 reputctur.

2278 5537 2336 5595 Si
2362 5541 2523 5611 igitur
2549 5540 3108 5612 prazputiumjustitias
3127 5542 3252 5614 legis
3280 5542 3563 5608 custodiat,
3590 5557 3765 5597 nonne

2192 5636 2504 5707 prteputium
2538 5633 2680 5689 illius
2720 5632 2776 5686 in
2818 5633 3263 5691 circumcisionem
3289 5633 3652 5706 reputabitur?
3670 5630 3770 5688 Ju-

2190 5725 2339 5784 stitia
2361 5724 2580 5781 moralis
2603 5721 2721 5778 loco
2741 5729 2825 5779 est
2847 5723 3001 5797 legis.
3025 5724 3136 5783 Lex
3162 5726 3305 5782 enim
3327 5724 3578 5797 generale
3594 5737 3775 5803 voca"
