4108 6334
289 391 362 449 55
1395 375 1726 435 COLLECT.
1767 371 1835 430 IN
1870 369 2086 428 EPIST.
2122 370 2214 426 AD
2250 369 2416 427 ROM.
3475 377 3546 434 δι

285 479 740 570 δυιιιιηέὲιιςιίιὶςι
785 474 914 556 vero
961 495 1097 568 legis
1140 510 1269 567 pars
1295 500 1400 550 est.
1432 493 1688 549 Continet
1719 491 1865 546 enim

1969 484 2298 539 cumcisionis
2315 485 2339 537 ἱ)
2358 482 2562 538 Dehinc
2593 482 2752 539 tertio
2780 483 2898 540 loco
2917 460 3298 556 objectionem,
3333 501 3455 558 quae
3476 488 3545 542 ab

288 597 378 652 lex
401 594 664 664 justitias,
696 600 752 648 et
784 592 1010 662 judicia,
1041 599 1095 644 et
1125 588 1402 651 mandata,
1441 593 1496 640 et
1519 583 1867 652 iustiﬁcatio-

290 703 409 751 nes,
435 685 676 754 aliasque
705 696 868 752 quam
902 680 1170 752 plurimas
1198 678 1426 750 species.
1457 675 1526 730 Et
1552 675 1691 729 bene
1718 671 1867 727 addit

287 778 452 848 legem
487 775 759 846 perﬁciens
784 787 802 824 :
830 772 920 826 ille
969 772 1113 826 enim
1145 770 1236 840 qui
1286 767 1582 824 secundum
1627 764 1866 818 litteram

288 867 442 931 vivit,
489 864 762 920 custodire
809 862 1007 916 dicitur
1036 861 1240 929 legem;
1271 859 1372 914 iste
1420 866 1599 912 autem
1635 855 1726 925 qui
1777 869 1866 909 se-

287 956 522 1012 cundum
566 955 834 1024 spiritum,
874 944 1134 1024 perlicere
1161 968 1174 1003 :
1202 950 1440 1006 custodit
1466 956 1644 1002 autem
1695 948 1866 1017 legem

286 1046 524 1104 carnalis
551 1045 788 1110 Iudaeus,
809 1044 1020 1115 perlicit
1049 1051 1230 1098 autem
1264 1040 1586 1112 spiritualis,
1612 1045 1668 1094 et
1689 1039 1780 1108 qui
1811 1039 1867 1092 in

286 1139 501 1195 occulto
527 1137 744 1193 Iudaeus
788 1145 889 1191 est.
933 1136 1000 1190 Et
1032 1134 1294 1207 judicabit
1318 1142 1387 1201 te,
1421 1149 1538 1204 qua:
1570 1149 1634 1187 ea:
1675 1142 1866 1186 natura

287 1242 382 1287 est.
413 1220 652 1298 Credens
672 1227 903 1298 gentilis,
934 1227 1068 1282 duce
1094 1234 1290 1280 natura
1317 1226 1373 1279 in
1407 1224 1703 1290 Christum,
1731 1239 1865 1278 con-

290 1297 570 1380 demﬁabit
595 1297 860 1386 Judaeum,
895 1321 983 1375 cui
1014 1319 1099 1374 lex
1130 1318 1458 1389 promiserat
1487 1316 1780 1381 Christum,
1813 1323 1868 1370 et

290 1414 581 1467 adventum
634 1410 728 1465 Dei
773 1409 993 1464 credere
1035 1407 1226 1461 noluit.
1263 1405 1365 1470 Qui
1408 1422 1500 1475 per
1546 1404 1774 1458 litteram
1815 1414 1865 1458 et

290 1502 735 1556 circumcisionem
778 1501 1150 1594 prtevaricator
1177 1497 1304 1568 legis
1329 1512 1401 1551 es.
1442 1495 1568 1550 Sive
1609 1497 1736 1557 dum
1781 1487 1874 1550 lit-i

291 1601 420 1646 terae
455 1588 920 1645 circumcisioiiem
958 1589 1204 1653 sectaris,
1241 1588 1710 1642 circumcisiouem
1757 1588 1852 1658 spi-

291 1682 428 1736 ritus
462 1681 706 1749 accipere
731 1679 1077 1750 dedignaris:
1113 1679 1227 1735 sive
1271 1695 1379 1734 non
1419 1678 1696 1748 sequendo
1722 1677 1862 1747 quod

291 1772 380 1827 lex
400 1771 555 1837 dixit,
583 1773 685 1826 hoc
705 1779 804 1836 est,
835 1779 894 1824 ut
921 1770 1140 1826 Christo
1165 1770 1391 1825 credens
1418 1785 1605 1825 veram
1633 1770 1841 1826 circum

1976 576 2285 630 adversario
2319 576 2641 645 prmcedenti
2689 577 3032 646 responsioni
3077 579 3238 649 objici
3295 587 3545 649 poterat,

1975 679 2072 732 per
2112 665 2304 735 peusin
2343 665 2615 736 pr0ponit,
2640 679 2843 735 perque
2889 666 3158 736 apocrisin
3191 667 3332 721 mira
3367 667 3546 722 brevi-

1975 763 2088 810 tate
2135 755 2354 823 refutat,
2415 758 2818 813 dicens:Absit.
2863 757 3027 827 Cujus
3075 759 3407 815 brevissima:
3461 774 3548 814 re-

1975 850 2297 918 sponsionis,
2331 851 2696 907 invincibilem
2739 851 3203 908 confirmationem
3240 852 3544 916 subintulit,

1974 939 2200 994 dicens:
2231 939 2326 993 Est
2371 940 2507 994 enim
2555 941 2696 995 Deus
2733 958 2911 1008 verax,
2957 944 3125 997 omnis
3179 953 3354 997 autem
3393 943 3544 995 homo

1972 1031 2217 1084 mendam.
2249 1029 2355 1086 Sed
2377 1039 2437 1084 ut
2462 1031 2578 1100 ipsa
2616 1027 2953 1089 confirmatio
2992 1035 3367 1090 robustissima
3394 1034 3546 1089 vide-

1973 1128 2144 1187 retur,
2185 1121 2495 1176 Davidicam
2541 1122 2810 1191 subjunxit
2838 1126 3184 1192 sententiam,
3228 1125 3369 1180 sicut
3415 1125 3549 1180 scri-

1971 1218 2123 1278 ptum
2142 1218 2226 1265 est
2253 1225 2267 1264 :
2304 1209 2370 1264 Ut
2388 1212 2700 1281 justiﬁceris
2721 1215 2778 1267 in
2798 1216 3119 1269 sermonibus
3137 1215 3239 1268 tuis
3270 1213 3442 1285 (Psal.
3468 1213 3545 1286 ι).

1971 1301 2040 1356 Et
2076 1303 2190 1357 haec
2215 1302 2435 1371 quidem
2469 1312 2728 1373 quantum
2759 1306 2826 1360 ad
2856 1307 3101 1362 ordinem
3133 1307 3542 1361 sententiarum.

1970 1392 2291 1462 Apostolica:
2323 1395 2698 1464 disputationis
2733 1397 3053 1465 profundius
3101 1397 3390 1452 interiores
3425 1411 3543 1451 me-

1970 1485 2144 1540 dullas
2167 1487 2549 1556 perserutanti,
2578 1502 2686 1541 non
2717 1487 2771 1540 in
2800 1488 3100 1556 prolatione
3119 1489 3428 1551 verborum,
3453 1486 3548 1541 sed

1970 1578 2026 1633 in
2059 1578 2259 1632 virtute
2303 1593 2560 1632 sensuum
2611 1579 2720 1633 duo
2762 1579 3082 1648 principalia
3109 1579 3543 1650 syllogismorum

1970 1684 2190 1742 genera,
2230 1671 2605 1742 cathegoricus
2643 1671 2916 1737 videlicet,
2963 1679 3128 1740 atque
3167 1660 3547 1742 hypotheticus

1971 1743 2330 1836 syllogismus,
2374 1763 2531 1834 quasi
2567 1764 2671 1819 duo
2694 1763 2937 1819 deliciosi
2968 1764 3166 1833 pisces,
3198 1771 3388 1832 sponte
3430 1776 3549 1817 sese

290 1863 547 1917 cisionem
572 1863 846 1932 acciperes
872 1863 1072 1926 cordis,
1097 1863 1163 1915 de
1197 1877 1304 1931 qua
1330 1861 1592 1930 scriptum
1622 1861 1675 1914 in
1701 1861 1820 1931 lege
1843 1873 1860 1912 :
1889 1846 1938 1906 Β
1965 1856 2162 1910 mentis
2183 1856 2461 1911 obtutibus
2484 1855 2738 1910 oll'erunt.
2782 1855 2972 1924 Itaque
3011 1853 3412 1924 cathegoricum
3442 1851 3550 1922 syl-

288 1952 358 2006 In
383 1951 674 2007 novissimis
717 1951 896 2004 diebus
925 1949 1270 2020 Lcircumcidet
1303 1949 1443 2002 Deus
1465 1952 1574 2001 ‘cor
1601 1958 1772 2012 tuum,
1817 1958 1865 2003 et

288 2043 500 2096 seminis
559 2041 656 2107 tui,
715 2039 784 2092 ad
838 2039 1120 2090 Dominum
1172 2037 1340 2089 Deum
1389 2046 1536 2088 tuum
1580 2038 1866 2090 amandum

287 2133 470 2203 (Deut.
501 2130 652 2204 xxx).
684 2130 751 2183 Et
782 2127 979 2182 iterum
1005 2145 1017 2179 :
1053 2124 1424 2179 Circumcidite
1461 2141 1548 2178 vos
1569 2125 1679 2178 Deo
1702 2135 1866 2178 vestro

285 2222 473 2294 (Deut.
520 2221 598 2292 ι).
655 2220 723 2274 Ει
777 2217 1042 2272 Jeremias
1083 2233 1097 2268 :
1140 2213 1508 2269 Circumcidite
1550 2218 1867 2286 prceputium

283 2311 464 2366 cordis
490 2310 644 2364 vestri
673 2307 885 2379 (Jerem.
910 2304 1006 2376 Iv).
1029 2304 1163 2359 Item
1201 2303 1412 2374 Moyses
1433 2303 1548 2358 ait:
1579 2301 1868 2357 Circumci-

286 2403 424 2457 detis
447 2401 697 2455 duritiam
717 2397 886 2452 cordis
902 2397 1074 2452 vestri.
1097 2396 1501 2452 Circumcidere
1513 2411 1628 2460 cor,
1653 2396 1864 2450 sublata

287 2494 487 2552 nebula
531 2491 868 2564 ignorantiae,
905 2504 1198 2560 agnoscere
1247 2497 1332 2544 est
1382 2497 1679 2545 auctorem.
1710 2489 1864 2557 Quod

287 2592 467 2640 autem
490 2583 547 2638 in
575 2583 667 2638 tali
701 2583 945 2637 membro
967 2581 1516 2647 circumcidebantur,
1552 2581 1669 2636 haec
1696 2596 1862 2637 causa

283 2683 368 2731 est
395 2675 592 2746 prima,
625 2689 695 2729 ne
722 2673 867 2728 aliud
896 2674 1201 2728 membrum
1231 2682 1326 2728 aut
1349 2673 1524 2729 debile
1555 2673 1731 2740 ﬁeret,
1769 2681 1863 2728 aut

285 2776 464 2838 turpe,
493 2767 638 2838 quod
663 2766 879 2836 publice
907 2767 1214 2834 videretur;
1258 2767 1386 2821 item
1421 2774 1646 2838 propter
1671 2767 1862 2838 gratiae

283 2857 717 2929 promissionem,
758 2858 813 2911 in
841 2872 947 2928 qua
988 2864 1108 2912 erat
1144 2872 1242 2927 per
1294 2858 1605 2913 castitatem
1641 2859 1864 2929 placen-

285 2951 431 3006 dum.
463 2949 560 3004 Cui
601 2949 718 3004 laus
752 2966 858 3004 non
882 2967 948 3005 ea;
974 2950 1288 3006 hominibus.
1329 2950 1442 3007 Hoc
1487 2959 1590 3017 est,
1619 2953 1710 3021 qui
1753 2966 1862 3006 non

282 3049 508 3111 possunt
533 3041 804 3110 inspicere
829 3041 1165 3112 spiritualem
1192 3042 1683 3098 circumcisionem.
1719 3041 1859 3108 Quid

281 3151 404 3204 ergo
443 3134 668 3206 amplius
713 3133 1194 3192 Judwo?Vldetur
1219 3151 1399 3192 sermo
1436 3134 1763 3206 apostolicus
1802 3134 1859 3188 in

1967 1949 2249 2020 logismum
2279 1951 2381 2006 hoc
2427 1951 2586 2006 modo
2616 1952 2994 2006 conteximus:
3029 1950 3216 2006 Omnis
3245 1949 3458 2003 veracis
3489 1947 3549 2001 tl:

1970 2039 2313 2093 dem‘nullius
2341 2041 2695 2095 incredulitas
2724 2041 3039 2106 evacuabit;
3073 2041 3214 2094 Deus
3246 2046 3424 2092 autem
3457 2052 3550 2090 ve-

1969 2142 2068 2180 rax
2098 2136 2180 2181 est
2207 2147 2218 2180 :
2252 2130 2349 2204 Dei
2379 2131 2542 2198 igitur
2580 2131 2742 2185 ﬁdem
2787 2132 2989 2186 nullius
3035 2131 3386 2186 incredulitas
3419 2145 3548 2184 eva-

1968 2219 2171 2272 cuabit.
2201 2218 2296 2273 Vel
2324 2220 2427 2273 hoc
2456 2221 2831 2285 modo:Absit,
2863 2231 2922 2274 ut
2947 2223 3124 2275 omnis
3150 2222 3360 2276 veracis
3384 2220 3545 2274 fidem

1967 2306 2270 2376 aliquorum
2313 2309 2659 2364 incredulitas
2697 2319 2952 2376 evacuet;
2983 2313 3124 2366 Deus
3163 2322 3342 2366 autem
3383 2325 3549 2365 verax

1966 2405 2049 2452 est
2079 2414 2091 2449 :
2121 2397 2263 2452 absit
2289 2397 2473 2468 itaque
2507 2408 2566 2453 ut
2591 2399 2688 2454 Dei
2728 2400 2888 2454 ﬁdem
2929 2401 3230 2470 aliquorum
3258 2401 3552 2456 increduli-

1965 2496 2051 2545 tas
2094 2497 2339 2544 evacuet.
2382 2490 2516 2545 Item
2565 2491 2900 2562 hypothetici
2950 2492 3246 2563 syllogismi
3297 2492 3551 2548 nexilitas

1965 2579 2069 2634 hoc
2106 2579 2294 2635 ordine
2331 2587 2652 2636 contexatur
2680 2599 2693 2636 :
2722 2581 2779 2636 Si
2808 2583 2950 2636 Deus
2979 2597 3146 2636 verax
3197 2590 3301 2649 est,
3341 2581 3547 2652 aliquo-

1964 2685 2087 2724 rum
2120 2669 2473 2726 incredulitas
2501 2671 2664 2726 ﬁdem
2718 2673 2814 2728 Dei
2859 2688 2968 2727 non
2996 2672 3299 2728 evacuabit.
3329 2671 3446 2728 Non
3469 2682 3556 2729 est
3607 2713 3615 2717 ‹

1965 2758 2149 2828 itaque
2177 2759 2530 2816 dubitandum
2555 2761 2699 2831 quod
2741 2763 2799 2817 in
2849 2762 3162 2833 apostolicis
3192 2763 3372 2829 dictis,
3405 2764 3552 2818 velut

1963 2852 2020 2907 in
2045 2851 2470 2922 profundissima
2504 2855 2702 2925 abysso
2728 2855 3097 2925 disputatoria:
3125 2854 3442 2924 disciplinae,
3469 2863 3552 2910 ta-

1966 2945 2049 3002 les
2097 2947 2409 3002 suavissimi
2454 2948 2634 3018 pisces
2683 2956 2900 3002 tranare
2946 2963 3054 3002 non
3107 2948 3373 3012 desinant,
3417 2963 3554 3016 quos

1963 3045 2239 3093 amatores
2296 3037 2574 3108 sapientia
2617 3037 2939 3108 gratissimae
2992 3036 3190 3092 mentis
3253 3037 3414 3090 hamo
3460 3050 3551 3089 ca-

1915 3148 1928 3162 °
1961 3131 2137 3200 piunt.
2190 3130 2234 3186 Ο
2287 3130 2550 3186 mirabilis
2585 3129 2952 3199 profunditas!
3001 3128 3045 3186 Ο
3092 3128 3283 3183 mellea
3324 3127 3547 3191 ﬂuenta,

283 3225 624 3281 dialecticam
660 3226 956 3281 incurrisse
983 3227 1282 3293 rationem;
1312 3243 1487 3298 neque
1512 3228 1617 3282 hoc
1652 3227 1859 3282 miran-
1885 3219 1932 3284 C
1961 3223 2182 3295 Hyblaeo
2218 3230 2438 3279 nectare
2467 3224 2738 3279 dulciora!
2770 3223 2814 3280 Ο
2844 3239 3043 3278 novum
3081 3238 3332 3292 saporem
3356 3237 3418 3276 ex
3453 3237 3551 3290 pa-

284 3312 410 3365 dum
435 3329 449 3365 :
477 3327 628 3377 nam,
677 3321 739 3366 ut
765 3312 956 3367 beatus
982 3311 1345 3385 Hieronymus
1379 3313 1478 3378 ait,
1511 3311 1776 3383 quidquid
1805 3313 1861 3367 in

281 3402 480 3457 saeculo
529 3402 846 3472 dogmatum
888 3419 1272 3473 perversorum
1321 3412 1425 3471 est,
1476 3405 1735 3474 quicquid
1792 3405 1862 3460 ad

281 3503 556 3547 terrenam
580 3493 874 3564 scientiam
911 3495 1168 3564 pertinet,
1198 3503 1253 3550 et
1285 3502 1507 3564 putatur
1534 3509 1654 3550 esse
1699 3494 1863 3550 robu-

282 3592 448 3650 stum,
477 3587 581 3640 hoc
613 3585 893 3640 dialectica
940 3594 1060 3640 arte
1088 3587 1438 3652 subvertitur,
1475 3594 1530 3640 et
1571 3587 1743 3641 instar
1780 3588 1864 3642 in-

283 3676 464 3732 cendii
498 3677 555 3730 in
580 3677 785 3732 cineres
814 3676 1129 3747 favillasque
1162 3677 1491 3744 dissolvitur,
1516 3686 1577 3732 ut
1600 3679 1864 3747 probetur

283 3767 462 3834 nihili,
488 3767 632 3838 quod
653 3768 944 3838 putabatur
977 3784 1100 3824 esse
1145 3768 1521 3824 fortissimum.
1550 3769 1646 3823 Est
1683 3776 1865 3823 autem

281 3860 566 3916 dialectica
609 3869 964 3930 cognomento
1011 3859 1204 3933 logica,
1243 3875 1364 3930 qua:
1409 3858 1865 3929 disputationibus

285 3949 660 4008 subtilissimis
699 3965 763 4005 ac
807 3949 1082 4017 brevibus,
1113 3964 1245 4006 vera
1277 3956 1582 4019 sequestrat
1617 3963 1649 4004 a
1688 3947 1860 4015 falsis,

283 4044 435 4114 cujus
481 4042 781 4112 disciplinae
819 4041 1184 4098 veracissimis
1211 4040 1667 4111 disputationibus
1721 4055 1864 4112 saepe

278 4134 570 4204 Apostolus
605 4133 879 4205 proponit,
929 4134 1176 4200 assumit,
1207 4132 1494 4189 confirmat
1529 4141 1694 4203 atque
1733 4147 1867 4187 cou-

282 4225 468 4290 cludit,
508 4239 629 4294 quae
667 4226 876 4296 species
920 4226 1140 4296 proprie
1187 4225 1322 4280 artis
1363 4223 1660 4279 dialecticae
1703 4231 1865 4292 atque

281 4317 570 4372 rhetoricae
617 4325 764 4373 sunt.
798 4317 904 4372 Sed
947 4317 1078 4372 dicit
1105 4315 1471 4387 aliquis:Nec
1510 4324 1694 4386 partes
1734 4317 1864 4384 ipsa:

282 4405 744 4477 syllogismorum,
772 4419 875 4461 nec
893 4406 1113 4462 nomina
1131 4406 1492 4478 schematum,
1515 4419 1616 4460 nec
1635 4404 1741 4459 alia
1765 4405 1866 4459 hu-

279 4499 578 4569 juscemodi
617 4499 890 4556 ullatenus
924 4498 1274 4554 inveniuntur
1310 4499 1366 4553 in
1396 4496 1678 4567 Apostolo.
1708 4496 1869 4552 Inve-

283 4588 507 4647 niuntur
535 4592 715 4662 plane,
737 4607 846 4647 non
880 4589 1149 4648 etllatione
1171 4591 1486 4656 verborum,
1529 4589 1625 4645 sed
1663 4589 1717 4644 in
1748 4589 1864 4644 vir-
1889 4575 1944 4636 Ῑ)

286 4693 398 4739 tute
423 4695 701 4739 sensuum.
732 4683 885 4738 Sicut
911 4683 1055 4738 enim
1075 4683 1201 4738 vina
1235 4684 1291 4738 in
1321 4682 1540 4748 vilibus,
1579 4697 1785 4738 messes
1808 4682 1864 4737 in

284 4777 512 4840 semine,
534 4776 752 4831 frondes
778 4777 833 4831 in
861 4775 1159 4840 radicibus,
1187 4775 1409 4830 nucleos
1435 4774 1866 4845 contemplamur

283 4866 338 4920 in
371 4866 620 4932 nucibus,
649 4866 727 4921 sic
750 4874 806 4920 et
849 4865 916 4920 de
941 4865 1362 4936 profundissima
1394 4866 1612 4936 abysso,
1644 4866 1866 4921 delicio-

284 4973 374 5014 sus
399 4956 566 5027 piscis
608 4958 910 5027 attingitur,
935 4957 1026 5026 qui
1070 4965 1197 5012 ante
1225 4956 1532 5026 captionem
1565 4971 1716 5010 suam
1757 4958 1862 5012 hu-

259 5037 460 5104 'manis
480 5048 652 5103 oculis
676 5064 784 5104 non
810 5055 1056 5117 apparet.
1087 5046 1279 5102 Merito
1301 5062 1429 5117 ergo
1457 5046 1692 5103 dicimus
1720 5063 1861 5115 esse,

283 5143 426 5212 quod
453 5141 804 5197 nihilominus
837 5140 891 5194 in
929 5139 1130 5193 virtute
1157 5140 1440 5194 sentimus.

896 5251 1122 5310 CAPUT
1171 5251 1256 5306 III.

358 5348 500 5415 Quid
531 5365 654 5420 ergo
679 5346 903 5418 amplius
927 5345 1120 5400 Judazo
1146 5344 1264 5400 est?
1285 5343 1558 5410 Quantum
1595 5344 1760 5415 igitur
1775 5344 1872 5398 da-

288 5449 376 5496 tur
404 5440 657 5512 intelligi,
692 5441 746 5494 in
778 5441 880 5494 hac
911 5436 1209 5508 apostolica
1232 5435 1554 5490 dissertione
1579 5435 1696 5488 duae
1746 5450 1869 5504 spe-

291 5534 400 5588 cies
452 5532 826 5603 principaliter
875 5531 1138 5595 eminent,
1187 5543 1308 5599 qum
1341 5525 1531 5582 Graece
1577 5536 1761 5587 πεῦσις·
1813 5535 1868 5581 et

289 5626 592 5699 ἀπόκρισις,
621 5623 814 5679 Latine
860 5623 1234 5693 percunctatio
1263 5630 1318 5676 et
1367 5619 1649 5689 responsio
1683 5619 1866 5688 appel-

290 5717 471 5773 lantur
501 5736 515 5772 :
540 5725 729 5780 πεῦσις
757 5717 975 5787 quidem
998 5717 1052 5771 in
1080 5732 1145 5772 eo
1171 5716 1313 5786 quod
1344 5713 1616 5784 pr0ponit,
1647 5712 1864 5768 dicens:

295 5809 436 5876 Quid
478 5829 601 5884 ergo
626 5812 818 5868 Judteo
861 5803 1086 5882 amplius
1114 5820 1212 5879 est,
1238 5818 1330 5864 aut
1372 5825 1490 5880 qua:
1531 5806 1732 5862 utilitas
1767 5808 1871 5861 cir-

1967 3316 2251 3372 radisiacis
2299 3315 2540 3372 fontibus
2568 3316 2807 3372 caelestis
2854 3315 3242 3386 Hierosolyma:
3267 3313 3556 3384 terrigenis

1967 3407 2216 3462 allatum!
2249 3407 2294 3463 Ο
2326 3407 2411 3462 Iac
2437 3408 2808 3478 parvulorum,
2838 3407 3071 3462 solidum
3114 3405 3439 3475 sapientium
3474 3403 3554 3458 ci-

1964 3498 2113 3564 bum,
2144 3496 2413 3553 medelam
2434 3513 2726 3569 :egrorum,
2750 3512 3103 3566 mensamque
3122 3495 3382 3550 refertam
3405 3492 3552 3548 omni

1965 3589 2120 3658 copia
2157 3588 2456 3644 bonorum!
2501 3587 2598 3643 His
2639 3586 3006 3658 praegustatis,
3048 3601 3192 3641 nunc
3233 3585 3302 3639 ad
3346 3581 3554 3652 singula

1966 3679 2282 3750 exponenda
2312 3693 2656 3733 recurramus

2037 3792 2096 3847 In
2125 3793 2228 3848 hoc
2255 3791 2454 3846 Paulus
2471 3789 2634 3863 ﬁvelut
2673 3789 2878 3846 arbiter
2904 3789 3126 3861 quidam
3158 3788 3301 3845 inter
3335 3788 3550 3846 Judaeos

1967 3883 2212 3938 residens
2267 3890 2324 3938 et
2379 3881 2638 3948 Graecos,
2700 3881 2756 3936 id
2811 3889 2933 3949 est,
2987 3881 3128 3937 inter
3183 3896 3276 3938 eos
3330 3883 3422 3953 qui
3485 3883 3554 3938 de

1966 3972 2217 4044 gentibus
2274 3972 2543 4037 credunt,
2618 3972 2733 4028 sive
2794 3974 2860 4028 de
2925 3973 3378 4043 promissionibus
3433 3989 3552 4030 me—

1966 4073 2183 4130 morat,
2250 4065 2364 4120 sive
2410 4065 2477 4120 de
2520 4065 2738 4136 pcenis,
2800 4065 2869 4119 ad
2944 4073 3233 4136 utrumque
3293 4065 3551 4136 populum

1968 4156 2158 4212 dividit
2212 4153 2473 4210 verbum.
2530 4155 2694 4210 Verbi
2761 4155 2977 4227 gratia,
3032 4171 3155 4211 cum
3209 4155 3340 4211 dicit
3391 4173 3403 4208 :
3454 4155 3554 4210 His

1967 4258 2139 4303 autem
2185 4249 2274 4318 qui
2324 4265 2389 4302 ex
2429 4249 2755 4302 contentione
2808 4258 2929 4303 sunt
2960 4289 2974 4313 ,
3020 4249 3111 4319 qui
3179 4247 3417 4318 difﬁdunt
3474 4265 3555 4302 ve-

1969 4339 2150 4403 ritati;
2193 4337 2521 4393 credentibus
2564 4348 2737 4392 autem
2766 4339 3054 4409 iniquitati,
3083 4339 3189 4403 ira,
3224 4348 3272 4391 et
3312 4328 3554 4407 indigna-

1971 4431 2062 4494 tio,
2101 4429 2390 4493 tribulatio,
2435 4439 2485 4482 et
2525 4430 2789 4499 angustia,
2842 4430 2899 4482 in
2919 4445 3121 4482 omnem
3174 4429 3408 4481 animam
3456 4428 3552 4481 lto-

1970 4522 2126 4575 minis
2149 4522 2412 4592 operantis
2455 4520 2676 4585 malum,
2715 4520 2896 4574 ,Ιαάωί
2921 4521 3148 4590 primum
3179 4531 3224 4573 et
3254 4517 3443 4574 Graeci.
3479 4519 3556 4573 De

1978 4613 2431 4685 promissionibus
2483 4628 2614 4688 vero
2663 4611 2940 4683 subjungit
2986 4629 2998 4665 :
3047 4609 3233 4666 Gloria
3281 4622 3452 4666 autem
3505 4619 3552 4664 et

1972 4707 2139 4759 honor
2189 4713 2237 4759 et
2281 4720 2408 4774 pax,
2455 4703 2595 4757 omni
2650 4704 2886 4774 aperanti
2935 4703 3145 4770 bonum,
3201 4701 3396 4756 ludam
3446 4702 3555 4772 pri-

1972 4815 2114 4852 mum
2150 4807 2197 4852 et
2228 4795 2429 4851 erco.
2467 4796 2675 4851 Rursus
2717 4797 2781 4851 de
2806 4796 3055 4866 gentibus
3091 4797 3268 4850 dicere
3297 4795 3549 4849 videtur:

1975 4890 2281 4960 Quicunque
2307 4889 2441 4942 enim
2472 4889 2583 4942 sine
2612 4887 2719 4958 lege
2744 4897 3110 4958 peccaverunt,
3143 4888 3253 4941 sine
3282 4885 3390 4954 lege
3417 4887 3555 4955 peri-

1975 4982 2120 5036 bunt.
2147 4981 2212 5034 Et
2241 4981 2435 5034 iterum
2467 4979 2532 5032 de
2559 4979 2929 5033 circumcisis:
2952 4979 3022 5032 Et
3046 4979 3340 5050 quicunque
3363 4977 3417 5029 in
3445 4975 3552 5046 lege
3627 5010 3632 5015 -

1971 5080 2345 5144 peccaverunt,
2383 5087 2475 5140 per
2512 5068 2671 5139 legem
2720 5069 3122 5139 judicabunmr.
3165 5067 3372 5120 Rursus
3423 5083 3554 5122 vero

1973 5175 2162 5237 gentes
2184 5166 2419 5230 elevans,
2450 5165 2580 5218 dicit
2608 5183 2619 5217 :
2653 5163 2783 5218 Cum
2828 5165 2965 5217 enim
2993 5171 3196 5232 gentes,
3239 5177 3356 5230 quae
3391 5160 3553 5232 legem

1971 5275 2077 5311 non
2105 5256 2316 5321 habent,
2348 5254 2663 5308 naturaliter
2685 5271 2802 5326 qua:
2824 5253 2948 5324 legis
2969 5260 3087 5306 sunt
3115 5251 3337 5320 faciunt,
3367 5253 3554 5322 hujus-

1973 5350 2113 5404 modi
2147 5349 2310 5419 legem
2341 5365 2443 5402 non
2469 5348 2712 5402 habentes
2738 5348 2838 5417 ipsi
2863 5347 2961 5398 sibi
2986 5353 3106 5398 sunt
3130 5342 3233 5410 lex,
3265 5345 3354 5416 qui
3377 5355 3552 5400 osten-

1974 5443 2100 5496 dunt
2127 5458 2254 5512 opus
2277 5440 2402 5511 legis
2426 5443 2678 5511 scriptum
2701 5443 2755 5494 in
2779 5439 3045 5502 cordibus,
3069 5446 3172 5493 etc.
3199 5439 3264 5493 Et
3284 5456 3352 5495 ne
3374 5440 3554 5494 videa-

1972 5541 2059 5587 tur
2087 5532 2282 5585 nimius
2312 5547 2430 5586 esse
2462 5531 2513 5584 in
2548 5528 3003 5598 increpationibus
3043 5527 3350 5583 Judteorum
3384 5529 3551 5583 dicit:

1971 5623 2313 5678 Circumcisio
2340 5622 2568 5692 prodest,
2591 5622 2637 5674 si
2658 5620 2817 5688 legem
2839 5619 3118 5672 custodiat.
3140 5617 3245 5672 Sed
3269 5619 3464 5673 iterum
3486 5633 3554 5673 ne

1973 5713 2146 5783 erigat
2171 5727 2264 5766 eos
2300 5711 2392 5781 qui
2422 5712 2646 5764 nimium
2677 5708 2732 5760 in
2755 5708 3168 5763 circumcisione
3207 5707 3508 5778 gloriantur
3535 5720 3550 5759 :

1917 5806 1925 5814 “
1974 5803 2214 5860 addidit:
2245 5799 2303 5857 Si
2329 5810 2503 5856 autem
2531 5798 2904 5870 praevaricator
2927 5797 3077 5874 legis,
3104 5795 3430 5852 circumcisio
3456 5804 3549 5851 tua
