4108 6334
410 317 427 353 αι
515 333 585 389 59
836 388 843 391 Α
1670 294 1675 297 “
1906 316 2093 376 SEDU]

2212 316 2409 375 SCOTI
2656 294 2662 300 ’
3708 320 3781 380 to

516 441 660 514 plius
682 440 884 500 habere
908 440 1226 505 confirmat,
1263 437 1310 494 si
1336 436 1426 494 hic
1453 436 1683 492 multum
1715 433 1917 490 habere
1944 448 2091 490 com-
2116 432 2171 492 Α
2192 430 2307 485 cari
2334 445 2441 485 non
2473 436 2652 501 potest
2683 447 2696 483 :
2729 429 2823 485 sed
2848 443 2971 485 cum
3006 428 3200 485 exierit
3230 430 3296 486 de
3330 443 3589 503 corpore,
3621 442 3679 491 et
3710 435 3783 495 de

518 532 816 588 memorat?
843 530 1063 585 Causati
1082 530 1221 583 enim
1238 545 1440 583 sumus.
1459 528 1571 583 Hoc
1594 536 1696 593 est,
1725 527 1888 581 certis
1913 528 2093 582 causis

519 621 874 678 ostendimus.
920 620 980 675 In
1022 621 1127 676 hac
1159 619 1401 691 Epistola
1447 619 1644 674 Paulus
1703 618 1849 673 velut
1889 618 2094 673 arbiter

520 713 741 782 quidam
766 713 907 767 inter
935 709 1150 767 Iudaeos
1175 717 1231 767 et
1254 719 1443 782 gentes
1472 709 1691 765 residet.
1717 708 1975 765 Probavit
2006 723 2095 763 er-

521 818 610 874 go,
646 803 863 859 Graecos
890 803 1128 872 quidem,
1163 803 1219 859 id
1242 811 1325 859 est
1354 801 1612 875 gentiles,
1662 817 1783 869 esse
1831 801 1933 857 sub
1966 816 2095 871 pec-

519 899 641 948 cato
671 907 795 947 cum
824 894 900 947 ait
928 909 941 946 :
970 893 1215 949 Dicentes
1240 896 1377 949 enim
1404 911 1458 949 se
1476 894 1732 966 sapientes
1750 933 1765 960 ,
1794 893 1941 949 stulti
1967 894 2095 963 facti

517 989 660 1049 sunt,
687 992 736 1037 et
760 993 1089 1039 mutaverunt
1116 983 1337 1056 gloriam
1378 984 1786 1056 incorruptibilis
1822 984 1957 1051 Dei,
1986 994 2089 1040 etc.

516 1070 730 1129 Iudaeos
756 1089 905 1142 vero,
935 1091 1059 1131 cum
1085 1076 1216 1131 dicit
1243 1095 1256 1131 :
1290 1075 1352 1133 Si
1383 1086 1558 1131 autem
1577 1086 1634 1130 tu
1654 1075 1877 1132 Judteus
1904 1093 2095 1148 cogno-

517 1165 757 1230 minaris,
793 1174 842 1221 et
866 1168 1141 1238 requiescis
1163 1169 1220 1222 in
1239 1167 1376 1239 lege,
1399 1176 1503 1224 etc.
1535 1168 1686 1223 Sicut
1727 1169 1980 1239 scriptum
2018 1178 2093 1223 est

516 1255 641 1325 quia
669 1272 774 1310 non
792 1267 867 1312 est
886 1259 1065 1327 justus
1084 1259 1381 1330 quisquam,
1409 1269 1513 1314 etc.
1546 1259 1612 1314 Hi
1638 1267 1761 1315 octo
1784 1250 1974 1315 versus
2002 1275 2097 1315 ne-

516 1358 623 1412 que
670 1347 811 1415 apud
848 1346 1122 1414 Hebraeos,
1164 1364 1340 1420 neque
1384 1349 1525 1419 apud
1576 1363 1899 1420 quemquam
1942 1364 2097 1418 repe-

514 1436 731 1490 riuntur
755 1436 1133 1507 interpretum,
1159 1455 1335 1510 neque
1358 1441 1501 1510 apud
1528 1440 1672 1510 ipsos
1712 1441 1805 1510 qui
1835 1457 1939 1495 Lxx
1983 1442 2096 1497 edi-

514 1526 717 1581 tionem
741 1528 943 1584 habent
972 1531 1247 1603 vulgatam
1274 1550 1286 1585 :
1314 1542 1369 1587 et
1410 1534 1670 1602 quaeritur
1702 1550 1733 1588 a
1771 1534 2096 1604 quibusdam

511 1631 612 1674 cur
642 1621 927 1691 Apostolus
953 1627 1021 1681 ad
1050 1625 1326 1681 Romanos
1352 1627 1547 1682 horum
1579 1626 1711 1682 facit
1738 1630 2090 1698 memoriam;

511 1712 877 1771 nescientibus
903 1716 981 1772 de.
997 1716 1227 1773 diversis
1250 1706 1656 1789 Scripturarum
1676 1719 1828 1785 locis,
1850 1729 1902 1774 et
1924 1721 2098 1776 maxi-

2193 522 2320 577 vitre
2347 520 2508 591 hujus
2534 537 2704 593 agone
2746 521 3079 576 discesserit.
3119 521 3271 578 Unde
3315 523 3669 582 Ecclesiastes
3704 530 3784 586 ait

2194 610 2335 685 (cap.
2365 611 2439 685 IV)
2476 631 2489 667 :
2530 612 2598 666 Et
2645 611 2858 665 laudavi
2899 628 3073 666 omnes
3113 613 3391 682 defunctos
3442 616 3534 685 qui
3579 621 3783 674 mortui

2193 714 2316 759 sunt
2336 706 2504 775 magis
2528 720 2686 776 quam
2714 705 2852 758 vivos
2896 705 2987 775 qui
3023 705 3196 761 adhuc
3231 706 3441 772 vivunt,
3475 709 3568 762 sed
3593 709 3782 765 melior
3824 748 3829 749 ν

2193 811 2351 867 super
2372 804 2619 866 utrosque
2643 794 2732 865 qui
2768 794 3002 849 nondum
3030 803 3186 851 natus
3230 805 3344 862 est,
3384 798 3510 867 quia
3550 800 3781 867 quicun-

2194 902 2300 959 que
2342 887 2527 942 minor
2567 894 2653 943 est
2700 888 2758 941 in
2799 901 2966 959 regno
2993 887 3123 953 Dei,
3159 887 3334 958 major
3365 897 3442 943 est
3474 906 3566 957 eo,
3592 892 3687 961 qui
3722 890 3781 947 in

2196 992 2424 1048 corpore
2453 985 2557 1033 est.

2269 1067 2394 1124 Non
2423 1078 2499 1124 est
2526 1069 2847 1141 intelligens,
2877 1086 2981 1126 non
3018 1080 3091 1126 est
3124 1072 3392 1142 requirens
3424 1071 3614 1129 Deum.
3641 1073 3783 1141 Quia

2196 1176 2304 1216 non
2341 1160 2627 1233 intelligit,
2657 1176 2767 1216 non
2807 1161 3069 1232 requirit;
3112 1162 3228 1218 sive
3265 1163 3387 1219 ideo
3434 1179 3545 1220 non
3577 1165 3783 1222 intelli-

2196 1252 2302 1324 git,
2341 1253 2468 1322 quia
2504 1267 2611 1307 non
2651 1251 2916 1322 requirit,
2956 1251 3099 1308 Deus
3125 1262 3306 1309 autem
3341 1255 3621 1325 quaeritur,
3653 1271 3784 1313 cum

2196 1342 2312 1412 ejus
2339 1343 2593 1399 voluntas
2628 1344 2940 1413 inquiritur.
2984 1344 3178 1400 Omnes
3206 1346 3621 1404 declinaverunt.
3657 1350 3784 1406 Non

2197 1436 2395 1492 dicitur
2452 1436 2787 1503 declinasse,
2842 1437 2948 1493 nisi
3008 1438 3056 1493 is
3109 1438 3203 1507 qui
3262 1439 3550 1509 aliquando
3586 1443 3645 1497 iu
3690 1446 3784 1499 via

2198 1535 2347 1583 recta
2384 1528 2569 1594 stetit,
2609 1536 2819 1583 naturae
2858 1527 3139 1584 rationalis
3161 1544 3315 1600 -opus
3348 1546 3380 1585 a
3420 1533 3532 1588 Deo
3577 1532 3785 1591 factum

2197 1626 2325 1681 est,
2364 1616 2458 1672 sed
2495 1617 2590 1687 qui
2645 1619 2713 1673 ab
2762 1618 2864 1674 hac
2910 1619 2979 1673 ad
3028 1619 3221 1675 laevum
3270 1624 3479 1692 peccati
3520 1626 3636 1680 iter
3685 1628 3785 1683 de-

2198 1708 2376 1774 torsit,
2402 1709 2596 1763 merito
2618 1725 2764 1764 nunc
2787 1710 2987 1765 dicitur
3015 1711 3331 1778 declinasse,
3359 1714 3498 1770 sicut
3521 1714 3693 1771 Adam
3717 1719 3787 1774 de

510 1817 600 1860 me
619 1805 957 1863 psalmorum
984 1812 1084 1865 hos
1101 1826 1221 1866 esse
1251 1818 1525 1876 genus,“
1545 1812 1848 1881 apostolum
1868 1811 2094 1867 paulum
2126 1794 2175 1854 B
2202 1799 2442 1871 paradisi
2464 1800 2551 1854 via
2575 1809 2723 1855 recta
2759 1801 2828 1855 ad
2868 1816 3066 1871 pravas
3106 1803 3331 1859 semitas
3365 1805 3675 1861 declinavit.
3704 1807 3787 1864 Si-

510 1895 565 1950 in
608 1896 806 1954 divinis
857 1898 1153 1971 Scripturis
1206 1903 1671 1968 eruditissimum,
1710 1904 1854 1973 quod
1883 1904 2099 1959 volebat

508 1986 848 2055 exprimere,
898 1990 1025 2046 hinc
1055 1992 1181 2048 inde
1209 1993 1452 2063 singulos
1480 1992 1567 2049 vel
1600 1993 1757 2049 binos
1801 1994 2097 2049 versiculos

507 2076 747 2132 texuisse
777 2096 789 2132 :
822 2078 967 2134 sicut
987 2082 1163 2136 omnis
1187 2097 1324 2153 pene
1357 2083 1433 2138 adv
1452 2082 1726 2139 Romanos
1761 2083 2001 2153 Epistola
2030 2084 2098 2140 de

507 2169 926 2227 veteri.structa
954 2182 1037 2230 est
1066 2175 1452 2241 Instrumento,
1491 2176 1571 2231 sic
1619 2183 1675 2229 et
1708 2176 1812 2230 hoc
1851 2176 2097 2231 testimo-

505 2261 657 2316 nium
695 2264 761 2318 de
785 2263 1016 2322 Psalmis
1041 2276 1098 2324 et
1127 2268 1268 2323 Isaia
1299 2276 1615 2323 contextum
1659 2275 1761 2322 est.
1804 2266 1943 2321 Nam
1990 2267 2098 2322 duo

504 2353 668 2423 primi
708 2370 940 2411 versus:
971 2357 1286 2428 Sepulcrum
1326 2366 1510 2428 patens
1559 2366 1634 2411 est
1670 2367 1851 2428 guttur
1875 2374 2055 2412 eorum
2076 2371 2095 2409 :

504 2441 724 2512 Linguis
753 2445 863 2499 suis
890 2444 1070 2500 dolose
1100 2447 1325 2518 agebant
1354 2446 1527 2516 quinti
1557 2447 1752 2518 psalmi
1782 2456 1928 2503 sunt.
1963 2449 2097 2504 Illud

506 2539 688 2587 autem
715 2535 858 2604 quod
905 2536 1188 2607 sequitur:
1228 2536 1497 2593 Venenum
1527 2539 1771 2611 aspidum
1813 2540 1910 2595 sub
1943 2540 2097 2595 labiis

503 2637 708 2691 eorum,
738 2640 941 2681 cxxxtx
965 2626 1163 2696 psalmi
1184 2634 1288 2683 est.
1320 2627 1666 2699 Rursumque
1692 2631 1837 2700 quod
1862 2629 2093 2685 dicitur:

508 2713 747 2781 Quorum
769 2732 828 2772 os
846 2716 1213 2774 maledictione
1228 2729 1279 2774 et
1299 2720 1656 2799 amaritudine
1682 2738 1894 2792 plenum
1916 2730 2015 2788 est,
2030 2722 2098 2777 de

502 2819 651 2862 nono
684 2807 893 2878 psalmo
935 2817 1212 2880 sumptum
1246 2820 1349 2867 est.
1391 2812 1527 2867 Tres
1575 2821 1758 2868 autem
1800 2814 2097 2870 versiculos

505 2898 601 2968 qui
630 2909 930 2970 sequuntur
955 2920 968 2956 :
1014 2900 1220 2958 Veloces
1248 2904 1403 2975 pedes
1432 2920 1634 2973 eorum,
1656 2920 1848 2976 usque,
1882 2923 2097 2967 non.co—

503 3000 794 3061 gnouerunt
812 3032 828 3058 ,
870 2992 926 3047 in
966 2992 1105 3050 Isaia
1129 2995 1393 3066 propheta
1416 2997 1617 3068 reperi.
1652 2996 1889 3054 Ultimus
1915 3006 2096 3054 autem

502 3092 715 3148 versus,
743 3082 799 3138 id
823 3092 909 3139 est
932 3093 1181 3152 octavus,
1211 3086 1334 3142 Non
1361 3097 1437 3142 est
1462 3088 1621 3143 timor
1639 3088 1737 3144 Dei
1765 3098 1885 3145 ante
1915 3089 2093 3146 oculos

2199 1892 2329 1955 mul.
2371 1891 2487 1948 Hoc
2516 1900 2601 1948 est
2639 1892 2810 1948 Judaei
2837 1901 2894 1948 et
2927 1902 3134 1963 gentes.
3165 1894 3409 1951 Inutiles.
3442 1896 3545 1964 Qui
3572 1898 3787 1954 inutilia

2200 1991 2497 2038 sectantur.
2539 1982 2663 2036 Non
2683 1991 2758 2036 est
2782 1983 2872 2053 qui
2900 1983 3063 2053 faciat
3095 1984 3305 2039 bonum.
3336 1984 3393 2040 Si
3428 2002 3536 2043 non
3570 1999 3655 2044 est
3689 1989 3788 2058 qui

2199 2073 2363 2129 faciat
2386 2076 2611 2141 bonum,
2638 2074 2909 2144 quomodo
2932 2072 3156 2131 inferius
3178 2077 3354 2147 arguit
3390 2077 3601 2146 plebem
3628 2094 3786 2135 suam

2200 2167 2524 2221 devorantes
2549 2206 2564 2231 ,
2618 2174 2674 2219 et
2732 2166 2952 2235 inopum
3008 2166 3292 2222 consilium
3345 2168 3784 2237 considerantes,

2198 2255 2353 2324 plebs
2375 2256 2522 2310 enim
2546 2255 2644 2311 Dei
2668 2270 2777 2311 non
2798 2264 2939 2323 erat,
2955 2256 3001 2312 si
3024 2257 3224 2314 bonum
3238 2272 3349 2314 non
3374 2259 3631 2317 faciebat.
3656 2261 3786 2317 Non

2200 2354 2275 2399 est
2300 2345 2439 2401 enim
2454 2347 2543 2416 qui
2569 2346 2732 2416 faciat
2759 2347 2971 2415 bonum,
3002 2348 3106 2404 hoc
3131 2356 3215 2404 est
3239 2349 3542 2420 perfectum
3560 2358 3616 2407 et
3645 2353 3786 2408 inte-

2199 2450 2356 2506 grum
2381 2436 2603 2491 bonum.
2642 2435 2703 2491 Si
2747 2445 2928 2494 autem
2949 2440 3292 2509 requiramus
3314 2442 3409 2512 qui
3438 2442 3512 2498 sit
3531 2459 3660 2501 vere
3682 2444 3785 2501 bo-
3822 2445 3839 2459 ⁸

2198 2541 2322 2593 nus,
2356 2526 2402 2582 is
2423 2525 2515 2595 qui
2538 2525 2671 2582 dicit
2703 2543 2716 2579 :
2750 2525 2865 2599 Ego
2887 2545 3004 2583 sum
3034 2526 3228 2586 Pastor
3267 2531 3431 2587 bonus
3476 2531 3660 2603 (Joan.
3702 2533 3785 2606 x).

2199 2616 2375 2688 Usque
2401 2617 2471 2671 ad
2498 2633 2681 2672 unum.
2710 2618 2807 2673 Vel
2837 2635 2960 2674 cum
2984 2621 3103 2692 ipso
3130 2637 3238 2678 uno
3256 2631 3435 2694 potest
3454 2623 3707 2696 intelligi,
3724 2634 3788 2683 ut

2199 2708 2381 2764 nullus
2436 2709 2719 2764 hominum
2777 2711 3102 2781 excipiatur,
3154 2714 3241 2769 vel
3285 2724 3482 2786 prater
3508 2732 3698 2785 unum,
3725 2726 3791 2773 ut

2198 2802 2501 2872 accipiatur
2548 2801 2814 2859 Dominus
2867 2802 3138 2872 Christus,
3183 2806 3327 2862 sicut
3370 2808 3600 2865 dicimus
3636 2810 3792 2867 :lste

2198 2911 2327 2967 ager
2353 2909 2527 2967 usque
2557 2896 2629 2951 ad
2655 2910 2809 2952 mare
2834 2906 2938 2965 est,
2966 2913 3076 2955 non
3103 2900 3292 2971 utique
3320 2902 3480 2958 simul
3508 2912 3790 2976 computa-

2197 3003 2321 3044 mus
2346 2996 2401 3042 et
2428 3003 2599 3043 mare.
2623 2986 2935 3059 Sepulcrum
2957 2998 3143 3061 patens
3158 3001 3233 3047 est
3256 3001 3436 3064 guttur
3456 2996 3657 3048 eo'rum.
3681 2993 3789 3050 Pa-

2198 3089 2322 3136 tens
2349 3088 2533 3135 autem
2559 3080 2869 3152 sepulcrum
2923 3082 3175 3138 dicuntur
3208 3083 3266 3139 hi
3295 3085 3387 3155 qui
3419 3085 3790 3144 immunditias

503 3184 706 3237 eorum,
737 3170 793 3226 in
821 3188 968 3228 xxxv
992 3174 1185 3245 psalmi
1208 3177 1475 3247 principio
1504 3184 1608 3234 est.
1637 3179 1774 3236 Illud
1800 3180 1967 3235 etiam
2000 3196 2096 3238 ne-
2120 3152 2165 3216 c
2199 3189 2326 3230 suas
2375 3174 2433 3228 in
2478 3173 2765 3244 propatulo
2793 3173 3014 3230 habent.
3048 3175 3145 3230 Vel
3172 3152 3468 3246 sepulcrum
3492 3190 3674 3249 patens
3711 3188 3787 3235 est

505 3264 745 3344 cessatio
774 3253 1022 3323 ducimus
1061 3269 1458 3327 admonendum
1480 3314 1495 3338 ,
1542 3273 1688 3344 quod
1724 3275 1779 3329 in
1824 3276 2098 3333 nonnullis

505 3341 909 3426 exemplaribus
935 3373 998 3414 ea
1030 3375 1152 3430 quae
1178 3341 1603 3431 subsequuntur,
1642 3379 1707 3419 ex
1755 3364 1966 3436 integro
2016 3367 2099 3421 in-

502 3448 796 3505 veniuntur
841 3452 1041 3522 posita.
1086 3452 1145 3508 In
1188 3453 1393 3512 Graecis
1428 3465 1613 3512 autem
1658 3456 1799 3529 pene
1846 3461 2101 3519 omnibus

503 3552 613 3594 non
632 3540 862 3610 amplius
886 3543 943 3598 in
968 3559 1068 3599 xm
1095 3545 1308 3614 psalmo
1329 3562 1497 3617 quam
1514 3565 1686 3619 usque
1710 3551 1775 3606 ad
1800 3551 1950 3607 illum
1970 3567 2095 3608 ver-

503 3630 736 3707 siculum
761 3633 1022 3704 scriptum
1041 3644 1128 3692 est
1153 3655 1165 3691 :
1200 3636 1328 3692 Non
1347 3650 1423 3694 est
1444 3643 1536 3711 qui
1561 3642 1723 3711 faciat
1752 3644 1960 3712 bonum,
1993 3665 2099 3703 non

504 3732 581 3779 est
608 3742 770 3796 usque
805 3727 874 3781 ad
913 3745 1097 3783 unum.
1148 3728 1259 3786 Sed
1288 3733 1433 3803 quod
1467 3734 1606 3789 dixit
1633 3736 1941 3807 Apostolus,
1972 3742 2098 3811 quia

505 3831 612 3870 non
649 3828 723 3871 est
745 3819 926 3887 justus
950 3822 1228 3892 quisquam
1249 3864 1264 3890 ,
1303 3830 1409 3879 nan
1433 3833 1511 3879 est
1542 3825 1861 3898 intelligens,
1885 3846 1990 3884 non
2019 3840 2095 3885 est

506 3907 775 3978 requirens
801 3907 993 3978 Deum,
1023 3927 1131 3967 non
1159 3913 1365 3970 eisdem
1402 3918 1745 3973 sermonibus
1786 3919 2095 3975 invenietur

507 3996 565 4052 in
608 3998 848 4069 psalmo,
881 4001 976 4056 sed
1018 4002 1108 4057 alii
1136 4014 1537 4075 permutantur,
1582 4007 1672 4062 alii
1719 4017 2090 4074 assumuntur,

508 4085 601 4142 alii
636 4088 1036 4160 relinquuntur,
1066 4093 1375 4165 diligentius
1398 4103 1531 4167 puto
1553 4097 1802 4152 inchoari
1832 4097 2092 4169 apostoli-

508 4191 629 4233 cam
677 4183 1091 4251 auctoritatem,
1140 4194 1200 4240 ut
1246 4203 1371 4242 cum
1426 4187 1721 4258 Scripturae
1772 4189 2096 4244 testimoniis

507 4270 769 4326 utendum
806 4271 994 4341 fuerit,
1043 4280 1265 4331 sensum
1309 4277 1484 4349 magis
1529 4292 1598 4332 ex
1637 4292 1704 4331 ea
1743 4291 1904 4346 quam
1930 4279 2094 4334 verba

509 4363 787 4433 capiamus
813 4386 826 4420 :
856 4368 960 4424 hoc
983 4369 1184 4423 etenim
1204 4369 1261 4424 in
1282 4369 1590 4441 Evangeliis
1609 4369 1811 4426 factum
1835 4370 2093 4443 frequen-

507 4462 593 4509 ter
620 4456 881 4514 invenies.
905 4459 966 4513 In
994 4462 1155 4517 tertio
1181 4462 1392 4517 decimo
1423 4462 1586 4535 igitur
1605 4465 1815 4535 psalmo
1842 4467 1917 4522 ita
1954 4467 2091 4521 scri-

505 4552 655 4615 ptum
684 4556 767 4601 est
793 4566 805 4600 :
838 4548 1094 4604 Dominus
1116 4551 1180 4605 de
1205 4552 1330 4606 caelo
1353 4556 1617 4625 prospexit
1638 4572 1794 4626 super
1820 4555 1961 4625 ﬁlios
1990 4557 2088 4609 ho-

507 4639 730 4704 minum,
785 4647 842 4691 ut
888 4639 1080 4693 videret
1128 4642 1175 4695 si
1208 4654 1282 4697 est
1322 4644 1641 4716 intelligens,
1685 4656 1776 4699 aut
1822 4646 2090 4717 requirens

508 4726 697 4781 Deum.
742 4726 809 4781 Et
847 4727 1058 4783 videtur
1102 4730 1244 4785 idem
1287 4748 1476 4789 sensus
1500 4734 1707 4789 servari
1745 4734 1992 4789 etiamin
2024 4750 2090 4791 eo

511 4820 654 4889 quod
681 4818 968 4889 Apostolus
992 4823 1170 4891 posuit
1194 4842 1206 4878 :
1241 4823 1366 4878 Non
1396 4835 1471 4878 est
1500 4825 1793 4896 intelligens
1811 4867 1827 4892 ,
1882 4843 1985 4880 non
2015 4836 2090 4883 est

512 4910 774 4981 requirens
822 4910 1010 4965 Deum.
1059 4912 1126 4966 Et
1172 4913 1314 4981 quod
1360 4914 1746 4969 dixeritzNon
1798 4926 1875 4970 est
1910 4917 2089 4986 justus

509 5002 803 5072 quisquam,
839 5010 990 5075 puto,
1026 5018 1092 5058 ex
1124 5019 1191 5057 eo
1222 5006 1513 5074 sumpserit
1547 5007 1643 5062 ubi
1674 5009 1934 5077 scriptum
1965 5017 2086 5064 est:

513 5091 638 5146 Non
666 5103 741 5146 est
766 5094 854 5164 qui
877 5094 1040 5165 faciat
1069 5096 1283 5161 bonum,
1312 5113 1417 5149 non
1441 5106 1514 5151 est
1536 5115 1698 5170 usque
1723 5100 1791 5153 ad
1820 5117 2003 5155 unum.
2030 5102 2089 5157 In

511 5196 619 5252 quo
647 5183 810 5238 etiam
846 5186 893 5239 si
926 5202 1104 5241 sermo
1138 5185 1352 5240 videtur
1380 5190 1645 5257 converti,
1682 5205 1873 5246 sensus
1909 5201 2089 5249 tamen

512 5288 651 5327 unus
681 5284 945 5330 servatur.
984 5276 1103 5330 Non
1132 5287 1210 5331 est
1228 5278 1409 5347 justus
1428 5282 1723 5352 quisquam.
1760 5284 1839 5339 Ac
1868 5286 1912 5340 si
1945 5286 2090 5343 dice-

512 5371 597 5420 ret
622 5381 635 5417 :
669 5362 792 5417 Non
819 5375 894 5419 est
918 5369 1007 5437 qui
1038 5367 1202 5436 faciat
1223 5369 1434 5437 bonum,
1463 5374 1555 5441 qui
1588 5374 1729 5430 idem
1755 5391 1945 5432 sensus
1968 5385 2085 5446 est,

511 5455 640 5512 licet
675 5457 958 5513 dissimilia
983 5462 1147 5515 verba
1194 5463 1321 5517 sint.
1352 5464 1646 5535 Explanari
1689 5478 1869 5525 autem
1910 5479 2091 5541 potest

513 5550 659 5617 quod
685 5548 821 5603 dixit
846 5569 858 5603 :
889 5551 1012 5606 Non
1032 5564 1104 5608 est
1119 5556 1299 5625 justus
1340 5559 1636 5631 quisquam,
1666 5562 1751 5617 vel
1793 5564 1937 5633 quod
1971 5564 2046 5618 ait
2071 5581 2084 5618 :

517 5641 641 5695 Non
680 5642 1061 5713 justi/imbitur
1102 5649 1158 5703 in
1199 5663 1472 5721 conspectu
1515 5654 1627 5725 ejus
1673 5657 1840 5710 omnis
1881 5659 2086 5726 vivens,

514 5734 643 5805 quia
684 5736 854 5793 donec
902 5739 1025 5810 quis
1050 5740 1182 5796 vivit
1216 5742 1271 5798 in
1297 5758 1525 5814 corpore
1556 5746 1694 5815 isto,
1722 5747 1879 5817 plene
1898 5746 2089 5817 justifi-

2114 4513 2170 4576 D

2198 3276 2381 3337 guttur
2400 3282 2604 3333 eorum,
2638 3266 2743 3323 hoc
2772 3275 2877 3334 est,
2898 3266 3073 3322 fetore
3093 3268 3357 3323 doctrinae
3383 3277 3440 3325 et
3463 3271 3788 3328 adulationis

2205 3374 2317 3415 suae
2335 3360 2715 3416 contaminans
2739 3368 2795 3415 et
2821 3360 3153 3417 interﬁciens
3180 3360 3478 3419 audientes.
3497 3364 3622 3420 Ideo
3640 3365 3788 3421 enim

2200 3453 2517 3523 sepulcrum
2542 3451 2833 3524 diligenter
2861 3451 3150 3520 clauditur,
3179 3468 3247 3510 ne
3276 3454 3453 3511 adhuc
3480 3456 3791 3511 viventibus

2197 3540 2563 3595 exhalationis
2587 3555 2699 3596 suae
2724 3548 2945 3612 generet
2965 3551 3193 3612 pestem.
3225 3542 3442 3615 Linguis
3470 3544 3579 3599 suis
3607 3543 3790 3600 dolose

2198 3634 2441 3705 agebant.
2472 3632 2633 3688 Dolus
2658 3641 2763 3701 est,
2793 3648 2917 3690 cum
2941 3633 3088 3691 aliud
3114 3635 3238 3706 quis
3261 3634 3440 3707 lingua
3465 3634 3707 3705 loquitur
3729 3642 3788 3691 et

2204 3727 2351 3781 aliud
2378 3729 2543 3783 corde
2573 3727 2802 3784 volutat.
2848 3727 3112 3785 Venenum
3136 3730 3400 3801 aspidum.
3434 3728 3788 3802 Sicut-morsu

2198 3823 2467 3893 serpentis
2490 3839 2762 3878 venenum
2785 3834 2985 3893 corpus
3010 3824 3291 3890 interimit,
3307 3823 3382 3878 ita
3397 3838 3612 3879 morsus
3631 3821 3787 3878 verbi

2196 3914 2451 3968 venenati
2480 3914 2673 3969 fraude
2698 3916 2937 3969 animum
2968 3921 3130 3969 necat
3154 3928 3170 3966 :
3200 3910 3341 3968 bene
3385 3914 3591 3967 addidit
3645 3913 3791 3984 aspi-

2196 4004 2343 4071 dum,
2371 4004 2499 4074 quia
2546 4005 2743 4058 horum
2770 4003 3102 4073 serpentium
3141 4003 3437 4073 pessimum
3464 4001 3639 4057 fertur
3665 4018 3789 4061 esse

2196 4111 2484 4152 venenum.
2520 4095 2632 4151 Sub
2655 4095 2808 4149 labiis
2837 4110 3037 4149 eorum.
3082 4093 3197 4149 Hoc
3222 4101 3325 4160 est,
3350 4093 3406 4148 in
3432 4093 3613 4149 corde.
3640 4094 3787 4161 Quo-

2198 4202 2317 4240 rum
2346 4202 2402 4240 os
2428 4184 2799 4239 maledictione
2821 4193 2871 4239 et
2901 4184 3257 4239 amaritudine
3300 4182 3511 4256 plenum
3538 4194 3634 4239 est.
3663 4184 3784 4242 Non

2197 4288 2282 4335 est
2315 4279 2478 4335 unius
2506 4280 2723 4350 generis
2764 4278 3093 4346 maledictio,
3140 4277 3400 4350 quidquid
3445 4278 3591 4334 enim
3639 4278 3784 4335 malo

2195 4378 2321 4425 voto
2348 4371 2565 4434 dicitur,
2597 4367 2946 4424 maledictum
2993 4369 3311 4441 appellatur.
3359 4368 3678 4425 Amaritudo
3698 4377 3785 4426 est

2196 4462 2473 4517 contraria
2505 4460 2775 4515 dulcedini
2801 4462 3092 4516 verborum
3110 4460 3227 4528 Dei,
3245 4460 3611 4517 maledictioni
3632 4475 3783 4516 ama.

2199 4553 2377 4608 ritudo
2433 4553 2799 4623 conjungitur,
2855 4555 2982 4624 quia
3010 4569 3077 4609 ex
3115 4555 3406 4611 iracundia:
3432 4544 3554 4611 felle
3581 4555 3778 4625 depro-

2196 4645 2366 4698 mitur
2402 4664 2414 4699 :
2453 4660 2550 4714 per
2577 4644 2911 4700 iracundiam
2942 4646 3088 4701 enim
3114 4662 3179 4701 ac
3219 4646 3460 4702 furorem
3502 4647 3572 4701 ad
3610 4646 3780 4703 male-

2198 4736 2484 4792 dicendum
2524 4736 2705 4808 lingua
2753 4739 3115 4809 compellitur.
3146 4737 3358 4795 Veloces
3388 4741 3542 4812 pedes
3574 4756 3776 4796 eorum.

2196 4829 2311 4884 Iloc
2339 4837 2443 4896 est,
2475 4830 2691 4900 impigri
2720 4830 2789 4886 ad
2838 4831 3041 4885 malum
3091 4838 3148 4886 et
3176 4831 3244 4885 ad
3271 4831 3562 4888 homicidia
3586 4847 3779 4903 perpe-

2198 4921 2411 4976 tranda.
2442 4921 2613 4976 Pedes
2637 4922 2743 4977 hoc
2766 4920 2884 4977 loco
2909 4922 3029 4978 illos
3052 4923 3309 4995 intellige,
3337 4926 3405 4981 de
3428 4924 3625 4994 quibus
3645 4924 3780 4981 dicit

2197 5012 2494 5084 Propheta:
2515 5013 2622 5067 Mei
2648 5022 2823 5069 autem
2847 5031 2975 5085 pene
2994 5017 3121 5070 moti
3141 5026 3261 5070 sunt
3274 5017 3427 5086 pedes
3448 5015 3564 5088 (Ps.
3581 5019 3775 5091 Lxxu).

2201 5104 2313 5159 Hoc
2343 5114 2427 5159 est
2467 5106 2750 5160 consilium
2778 5122 2886 5177 quo
2938 5108 3149 5177 agimus
3179 5108 3282 5161 iter
3307 5108 3451 5161 vitae.
3482 5108 3565 5161 Ad
3600 5110 3779 5179 effun-

2199 5197 2427 5253 dendum
2452 5200 2781 5268 sanguinem.
2813 5198 2964 5255 Sicut
2992 5199 3260 5254 homicida
3314 5200 3511 5255 dicitur
3566 5202 3654 5258 ille
3684 5205 3778 5274 qui

2196 5304 2392 5358 corpus
2414 5288 2483 5343 ab
2508 5289 2686 5343 anima
2710 5299 2947 5360 separat,
2974 5304 3071 5358 per
3111 5304 3274 5358 quam
3328 5289 3664 5359 vivificatur;
3700 5294 3776 5349 ita

2197 5384 2362 5438 etiam
2391 5383 2674 5438 verissime
2698 5385 2853 5438 vivus
2879 5382 2966 5435 ille
2991 5380 3260 5437 homicida
3282 5382 3539 5437 dicendus
3560 5391 3666 5450 est,
3681 5386 3777 5455 qui

2197 5475 2432 5530 animam
2465 5490 2495 5528 a
2522 5489 2650 5530 vera
2681 5475 2791 5529 vita
2819 5480 3057 5542 separat,
3091 5473 3234 5543 quod
3260 5482 3344 5529 est
3370 5475 3530 5529 Deus.
3565 5474 3779 5530 Contri-

2197 5566 2267 5620 tio
2295 5575 2341 5620 et
2373 5566 2655 5635 infelicitas
2702 5568 2757 5620 in
2786 5566 2880 5620 viis
2910 5582 3111 5619 eorum.
3140 5565 3291 5621 Illam
3334 5567 3466 5621 dicit
3492 5568 3779 5623 contritio-

2198 5673 2343 5723 nem,
2371 5673 2474 5726 qua
2500 5666 2812 5728 peccatores
2835 5665 3116 5713 conterere
3136 5656 3322 5729 iugum
3346 5658 3558 5713 Domini
3583 5658 3775 5715 dicun-
3852 5728 3859 5734 .

2198 5758 2305 5815 tur,
2333 5758 2390 5806 et
2415 5750 2679 5820 projicere
2706 5764 2736 5805 a
2780 5749 3085 5806 cervicibus
3127 5749 3260 5806 suis.
3316 5748 3629 5819 Infelicitas,
3668 5763 3779 5820 qua
