4108 6334
302 368 368 422 ιι
1399 362 1728 423 COLLECT.
1768 363 1838 420 1N
1875 360 2092 421 EPIST.
2133 362 2225 418 AD
2258 333 2426 421 non.
3483 364 3556 421 te

305 485 476 539 miser
502 483 664 538 homo
692 479 913 537 euectus
941 487 1044 546 est,
1072 479 1239 536 etiam
1275 477 1481 547 infelix,
1535 480 1627 549 qui
1675 494 1797 534 cum
1827 478 1881 532 in
1909 482 1962 543 Α
1985 491 2093 534 non
2135 475 2308 533 solum
2359 472 2790 543 concupiscimus
2834 481 2893 528 et
2930 487 3237 544 peccamus,
3267 474 3361 530 sed
3391 477 3556 532 etiam

307 575 516 630 honore
536 580 682 628 esset
704 586 813 626 non
842 569 1128 636 intellexit,
1150 578 1494 640 comparatus
1506 575 1588 624 est
1601 567 1881 637 jumentis,

307 672 363 719 et
387 662 582 718 similis
608 661 784 716 factus
811 668 895 716 est.
922 659 1048 716 illis.
1078 659 1149 714 Et
1179 660 1314 714 viam
1366 659 1513 730 pacis
1544 674 1649 712 non
1698 674 1887 728 cogno-

307 761 515 819 verunt,
533 769 640 806 non
659 760 735 807 est
761 751 915 806 timor
933 750 1033 805 Dei
1061 758 1180 804 ante
1207 748 1384 803 oculos
1405 764 1604 803 eorum.
1620 747 1678 801 in
1697 747 1886 802 timore

309 847 406 902 Dei
433 846 614 901 omnia
637 844 940 911 conclusit;
997 843 1089 913 qui
1145 842 1189 898 si
1244 843 1340 897 Dei
1395 842 1647 896 timorem
1675 854 1888 910 semper

309 946 436 994 ante
463 937 650 993 oculos
695 937 1035 1000 habuissent,
1083 949 1192 990 non
1246 934 1433 1004 utique
1492 932 1882 1003 deliquissent:

309 1043 484 1100 neque
509 1030 655 1086 enim
681 1029 842 1105 audet
871 1043 1060 1084 servus
1087 1040 1317 1098 peccare
1344 1031 1610 1096 praesente
1637 1023 1884 1088 domino;

308 1134 486 1190 neque
513 1120 640 1190 quia
667 1120 798 1175 dicit
827 1135 842 1174 :
876 1117 1068 1173 Omnes
1090 1116 1504 1181 declinaverunt,
1536 1121 1703 1170 totam
1730 1113 1886 1184 peni-

308 1221 398 1268 tus
423 1210 638 1282 plebem
658 1209 946 1283 signilicat,
977 1209 1072 1265 sed
1100 1209 1242 1263 hanc
1265 1216 1476 1278 partem
1501 1205 1674 1277 plebis
1700 1205 1756 1258 in
1781 1219 1890 1275 qua

309 1321 498 1362 omnes
521 1304 649 1360 mali
677 1320 737 1361 se
763 1305 1114 1360 condiderant
1156 1319 1170 1356 :
1230 1315 1443 1372 semper
1471 1299 1615 1354 enim
1647 1299 1754 1352 duo
1793 1311 1890 1366 po-

307 1397 419 1469 puli
443 1403 568 1452 sunt
592 1396 646 1450 in
675 1411 782 1450 una
805 1395 978 1466 plebe.
1010 1391 1216 1448 Scimus
1241 1401 1416 1446 autem
1461 1390 1709 1462 quoniam
1742 1405 1888 1459 qua:-

307 1504 511 1557 cunque
531 1485 616 1541 lex
630 1485 880 1558 loquitur,
916 1485 998 1539 his
1020 1485 1110 1555 qui
1138 1485 1197 1538 in
1221 1482 1331 1554 lege
1353 1491 1500 1548 sunt,
1531 1481 1780 1552 loquitur.
1811 1479 1891 1534 Nc

308 1579 552 1634 dicerent
595 1575 764 1632 Judaei
809 1576 925 1631 haec
958 1575 1014 1630 in
1045 1573 1253 1646 psalmo
1281 1574 1349 1630 de
1376 1573 1626 1645 gentibus
1677 1578 1889 1626 tantum

310 1671 474 1735 dicta,
507 1669 744 1725 ostendit
769 1683 887 1739 qua:
909 1668 964 1722 in
991 1667 1108 1738 lege
1128 1667 1271 1721 dicta
1298 1672 1442 1730 sunt,
1462 1665 1548 1720 his
1579 1663 1673 1734 qui
1698 1663 1752 1718 in
1775 1661 1892 1733 lege

309 1769 454 1828 sunt,
503 1761 628 1816 dici.
671 1759 942 1827 Quaaritur
965 1772 1098 1814 sane
1123 1755 1393 1826 quomodo
1436 1752 1606 1808 Judaei
1655 1751 1893 1808 dixerint

309 1869 419 1908 non
441 1868 558 1909 esse
592 1855 784 1920 Deum,
813 1859 875 1908 ut
904 1853 960 1907 in
993 1851 1173 1907 fronte
1203 1850 1371 1920 ipsius
1397 1848 1591 1920 psalmi
1637 1847 1837 1918 legitur
1869 1863 1882 1900 :
1913 1842 1964 1903 Β

313 1943 459 1998 Dixit
481 1945 733 2014 insipiens
755 1944 812 1997 in
837 1943 994 1997 corde
1021 1959 1138 2006 suo,
1169 1940 1292 1995 Non
1312 1948 1387 1994 est
1425 1939 1567 1992 Deus
1591 1935 1708 2009 (Ps.
1740 1935 1883 2009 xm),

311 2051 421 2092 non
448 2037 635 2106 utique
657 2036 848 2098 verbo,
877 2035 970 2087 sed
999 2045 1160 2101 Opere
1184 2044 1199 2083 :
1229 2045 1357 2085 nam
1382 2044 1540 2098 quem
1568 2027 1891 2083 confitentur

305 2139 365 2181 se
384 2141 570 2191 nosse,
596 2125 757 2180 factis
786 2129 964 2178 autem
993 2127 1212 2190 negant.
1247 2118 1380 2172 lllud
1406 2125 1586 2173 autem
1606 2117 1888 2171 attenden-

305 2219 435 2274 dum
479 2218 605 2287 quia
631 2215 824 2286 psalmi
865 2214 974 2268 sint
1019 2211 1448 2280 supplementum
1478 2208 1613 2278 legis
1649 2228 1660 2262 :
1691 2207 1891 2262 idcirco

302 2310 638 2380 psalmorum
659 2306 998 2370 testimoniis,
1029 2303 1183 2374 quasi
1240 2301 1564 2357 auctoritate
1618 2300 1800 2370 legali,
1824 2299 1891 2354 ad

304 2415 402 2455 eos
429 2397 784 2454 confutandos
813 2396 1003 2450 utitur.
1037 2393 1106 2448 Ut
1133 2411 1281 2448 omne
1311 2409 1368 2448 os
1399 2391 1721 2446 obstruatur.
1765 2388 1885 2444 Non

306 2487 482 2545 solum
514 2487 771 2559 gentium,
802 2486 899 2541 sed
945 2493 1001 2541 et
1024 2483 1356 2549 Judmorum,
1391 2483 1518 2538 dum
1555 2478 1666 2536 non
1688 2479 1891 2535 habent

307 2582 451 2636 unde
479 2595 536 2636 se
559 2580 877 2652 glorientur.
906 2577 976 2631 Et
1022 2577 1260 2632 subditus
1307 2576 1403 2645 ﬁat
1453 2575 1622 2630 omnis
1661 2572 1890 2628 mundus

307 2673 440 2728 Deo.
475 2672 615 2726 Dum
667 2685 858 2726 omnes
897 2669 1142 2740 indigent
1188 2667 1565 2723 misericordia
1619 2665 1736 2730 Dei,
1781 2673 1892 2719 tam

308 2765 505 2831 Judaei,
532 2780 692 2834 quam
724 2763 917 2819 Graeci.
942 2762 1049 2817 Aut
1077 2762 1324 2818 subditus
1343 2761 1427 2833 sit
1455 2759 1633 2816 omnis
1660 2759 1893 2813 mundus

308 2857 440 2922 Deo,
470 2856 659 2911 humili
691 2856 900 2912 scilicet
941 2853 1282 2910 confessione
1340 2860 1713 2925 peccatorum.
1753 2849 1893 2916 Quia

312 2966 417 3004 non
433 2947 820 3018 justiﬁcabitur
843 2963 906 3001 ea:
935 2945 1174 3017 operibus
1203 2944 1330 3019 legis
1361 2944 1528 2998 omnis
1570 2959 1693 2996 caro
1715 2954 1892 2994 coram

310 3042 446 3113 ipso.
471 3039 646 3110 Opera
660 3039 966 3110 legis,dicit
994 3037 1482 3103 circumcisionem,
1505 3044 1562 3089 et
1587 3035 1892 3095 sabbatum,

310 3142 368 3189 et
395 3142 616 3187 caeteras
643 3131 1013 3197 caeremonias,
1044 3145 1164 3202 quae
1185 3144 1293 3184 non
1327 3138 1436 3182 tam
1491 3127 1561 3181 ad
1599 3124 1890 3196 justitiam,

1986 570 2346 640 approbamus
2372 577 2594 638 peccata
2623 583 2637 622 :
2667 566 2723 621 in
2753 565 2871 638 lege
2893 581 3196 639 pugnamus
3211 567 3444 637 publice,
3463 569 3558 623 sed

1985 657 2279 725 vincimur;
2313 659 2367 714 in
2397 658 2567 729 gratia
2594 673 2895 729 pugnamus
2919 667 2975 714 et
3018 660 3315 728 vincimus;
3344 659 3400 715 in
3427 676 3562 732 pace

1985 751 2130 807 nulla
2154 767 2332 823 pugna
2374 752 2497 806 erit.
2547 747 2745 821 Joseph
2781 751 2833 806 in
2886 767 3163 809 carcerem
3204 753 3406 809 missus
3455 761 3559 820 est,

1987 842 2112 898 licet
2150 858 2250 913 per
2303 842 2650 909 calumniam,
2697 852 2753 898 et
2799 843 3082 913 pincerna,
3121 852 3178 901 et
3204 853 3393 916 pastor
3421 843 3564 901 Pha-

1987 934 2172 990 raonis
2196 948 2359 988 causa
2385 935 2591 1004 peccati
2614 935 2668 990 in
2699 950 2918 991 carcere
2966 937 3101 991 trusi
3127 945 3274 1005 sunt,
3296 939 3566 1007 quomodo

1988 1044 2119 1100 ergo
2143 1028 2383 1084 latebant
2405 1029 2660 1100 peccata?
2687 1028 2904 1100 Triplex
2925 1031 3142 1101 quidem
3163 1039 3246 1087 est
3273 1031 3383 1098 lex,
3410 1031 3485 1086 ita
3503 1040 3569 1085 ut

1986 1121 2162 1190 prima
2210 1135 2340 1190 pars
2369 1119 2436 1174 de
2475 1131 2817 1177 sacramento
2863 1112 3162 1178 divinitatis
3203 1122 3301 1177 Dei
3350 1123 3450 1189 sit;
3480 1137 3568 1180 se-

1989 1211 2164 1266 cunda
2197 1217 2379 1266 autem
2407 1225 2530 1279 qua:
2555 1212 2804 1282 congruit
2825 1209 2928 1283 legi
2971 1212 3224 1279 naturali,
3257 1197 3377 1284 qua:
3401 1214 3568 1269 inter-

1989 1302 2149 1358 dicit:
2177 1302 2342 1358 tertia
2359 1317 2491 1359 vero
2518 1301 2606 1357 lex
2632 1303 2921 1372 factorum,
2953 1305 3008 1360 id
3031 1315 3136 1372 εει,
3165 1306 3414 1373 sabbata,
3439 1321 3568 1362 neo-

1990 1395 2204 1462 meniaa,
2231 1394 2594 1461 circumcisio,
2619 1405 2726 1452 etc.
2749 1397 2878 1453 Haec
2896 1407 2983 1454 est
3007 1415 3136 1471 ergo
3163 1399 3250 1456 lex
3275 1399 3564 1468 naturalis,

1989 1503 2110 1560 qua:
2131 1505 2230 1560 per
2251 1489 2468 1560 Moysen
2489 1491 2685 1560 partim
2708 1491 2960 1546 roborata
2983 1501 3086 1559 est,
3105 1494 3303 1563 partim
3333 1493 3572 1549 auctori-

1991 1588 2158 1636 tatem
2189 1582 2397 1651 accepit
2425 1583 2482 1636 in
2511 1582 2656 1637 vitiis
2684 1583 3000 1640 cohibendis
3026 1603 3039 1638 :
3072 1585 3257 1655 itaque
3284 1585 3372 1642 lex
3400 1584 3570 1656 Moysi

1989 1686 2273 1748 peccatum
2298 1677 2517 1748 quidem
2547 1678 2821 1749 cognitum
2846 1678 2994 1745 fecit,
3035 1693 3144 1736 non
3169 1680 3315 1750 quod
3351 1679 3568 1740 lateret.

1992 1770 2134 1824 sicut
2162 1769 2293 1833 dixi,
2328 1769 2423 1824 sed
2449 1769 2686 1825 ostendit
2721 1777 2947 1840 peccata
2981 1767 3115 1840 'qua‘.
3142 1771 3296 1837 ﬁunt,
3322 1787 3431 1828 non
3460 1773 3566 1828 im-

1988 1875 2132 1931 pune
2153 1859 2334 1916 futura
2354 1861 2498 1932 apud
2523 1861 2713 1928 Deum,
2739 1862 2842 1918 hoc
2857 1878 2987 1934 ergo
3002 1871 3087 1919 est
3105 1863 3251 1934 quod
3275 1863 3362 1920 lex
3383 1874 3572 1922 osten-

1990 1952 2088 2007 dit.
2121 1951 2384 2024 Origenes
2409 1953 2484 2007 ait
2512 1953 2580 2009 de
2607 1953 2764 2024 lege:
2791 1953 2943 2009 Sicut
2969 1954 3083 2024 ipse
3124 1953 3335 2024 justitia
3361 1963 3459 2021 est,
3503 1970 3572 2013 ex

1990 2058 2099 2112 quo
2120 2058 2309 2100 omnes
2327 2043 2458 2112 justi
2486 2045 2712 2110 ﬁunt,et
2737 2046 2961 2112 veritas,
2986 2056 3042 2101 et
3071 2047 3206 2114 vita,
3233 2063 3300 2103 ex
3324 2063 3432 2118 qua
3456 2063 3576 2103 om-

1991 2147 2091 2188 nes
2116 2135 2332 2200 vivunt;
2364 2136 2440 2188 ita
2471 2145 2526 2188 et
2547 2136 2662 2204 ipse
2688 2135 2776 2189 lex
2797 2146 2900 2202 est,
2928 2152 2995 2191 ex
3021 2152 3127 2206 qua
3155 2153 3344 2194 omnes
3372 2139 3430 2193 in
3458 2137 3577 2210 lege

1991 2235 2122 2283 sunt
2159 2247 2172 2282 :
2201 2228 2384 2284 veniet
2409 2243 2540 2298 ergo
2567 2228 2633 2282 ad
2655 2227 2938 2296 judicium.
2970 2245 3079 2284 non
3109 2239 3367 2298 tanquam
3395 2231 3489 2300 qui
3518 2230 3576 2284 in

1991 2317 2110 2389 lege
2130 2319 2222 2385 sit,
2253 2319 2348 2374 sed
2378 2328 2638 2399 tanquam
2662 2321 2754 2390 qui
2779 2320 2864 2375 lex
2893 2320 2983 2376 sit.
3002 2320 3362 2387 Quaerendum
3390 2328 3573 2376 utrum

1987 2407 2122 2479 justi
2164 2411 2264 2465 sub
2309 2411 2425 2482 lege
2455 2412 2596 2477 sint;
2625 2412 2692 2467 ad
2722 2415 2864 2483 quod
2910 2416 3344 2484 respondendum
3380 2434 3394 2468 :
3423 2414 3579 2470 Sicut

1987 2500 2124 2574 justi
2153 2502 2264 2558 Deo
2293 2502 2495 2558 subditi
2522 2512 2663 2568 sunt,
2713 2505 2960 2575 sicutque
3008 2505 3152 2560 Deus
3203 2505 3290 2560 lex
3329 2512 3443 2570 est,
3499 2505 3577 2559 ita

1994 2606 2212 2664 quoque
2233 2593 2408 2648 sancti
2434 2593 2539 2666 legi
2555 2603 2680 2650 sunt
2704 2596 2928 2667 subjecti
2949 2597 3161 2652 :czeteri
3182 2611 3310 2652 vero
3331 2596 3579 2652 Mosaicae

1994 2685 2098 2758 legi
2124 2702 2231 2742 non
2260 2687 2586 2753 subduntur,
2633 2703 2760 2742 nam
2791 2697 2847 2744 et
2870 2688 3160 2758 Apostolus
3196 2689 3273 2744 ait
3307 2707 3318 2742 :
3351 2687 3476 2743 Non
3501 2697 3579 2744 est

1989 2779 2140 2850 justo
2173 2779 2258 2834 lex
2279 2781 2471 2851 posita.
2511 2780 2668 2834 Nunc
2710 2791 2885 2836 autem
2914 2783 3026 2837 sine
3071 2782 3181 2854 lege
3217 2783 3432 2853 justitia
3479 2782 3580 2837 Dei

1996 2872 2283 2941 manifesta
2313 2881 2408 2926 est.
2425 2870 2645 2926 Justitia
2675 2871 2771 2927 Dei
2795 2880 2882 2926 est
2905 2872 3260 2929 sanctiﬁcatio
3282 2886 3380 2942 per
3393 2871 3577 2938 ﬁdem,

1999 2968 2055 3014 et
2081 2960 2329 3016 remissio
2355 2968 2723 3030 peccatorum.
2765 2958 2892 3016 Sine
2919 2962 3046 3033 lege.
3099 2962 3321 3018 Sabbati
3349 2963 3576 3029 scilicet,

1997 3060 2052 3107 et
2100 3052 2548 3119 circumcisionis,
2599 3061 2655 3108 et
2700 3054 3022 3120 neomeniaz,
3061 3061 3116 3109 et
3142 3054 3392 3110 vindictae
3425 3074 3438 3110 :
3469 3071 3579 3113 non

1999 3151 2184 3199 tamen
2215 3145 2332 3199 sine
2352 3152 2690 3200 sacramento
2710 3144 3010 3200 divinitatis
3033 3145 3149 3211 Dei,
3209 3146 3407 3217 quippe
3453 3163 3575 3202 cum

311 3239 475 3295 quam
504 3223 572 3278 ad
597 3223 780 3279 carnis
799 3221 1039 3276 Ῑῖειίιίδω
1060 3219 1405 3292 Imminemet
1429 3237 1441 3272 ε
1471 3217 1597 3288 (ιιιὶα
1611 3231 1710 3288 Per
1724 3215 1886 3270 ﬁdem
1909 3194 1959 3286 .C
1985 3230 2200 3303 justitia
2230 3234 2326 3289 Dei
2362 3235 2428 3290 de
2454 3244 2796 3291 sacramento
2819 3234 2918 3291 Dei
2939 3236 3032 3292 sit.
3075 3194 3369 3306 Testilicdti
3387 3255 3480 3309 per
3504 3239 3579 3295 le-

314 3318 557 3374 decrevit
604 3316 750 3373 Deus
784 3317 1096 3389 justiﬁeare,
1120 3317 1385 3381 homines,
1413 3328 1521 3370 non
1544 3328 1642 3384 per
1669 3313 1840 3384 legem
1873 3331 1886 3367 :

313 3410 361 3466 si
387 3410 480 3480 qui
509 3411 654 3466 enim
684 3411 740 3465 in
769 3411 942 3465 veteri
989 3409 1108 3481 lege
1144 3407 1280 3478 justi
1323 3417 1498 3475 erant,
1530 3423 1638 3462 non
1665 3407 1769 3462 nisi
1794 3422 1892 3477 per

312 3502 543 3573 gratiam
590 3500 872 3570 iustiﬁcati
921 3508 1066 3556 sunt.
1119 3499 1346 3556 Omnem
1395 3515 1634 3565 carnem,
1676 3513 1891 3554 omnem

315 3593 590 3649 hominem
637 3593 795 3659 dixit,
845 3600 905 3647 ut
932 3601 1015 3648 est
1056 3592 1188 3648 illud
1219 3611 1234 3647 :
1263 3593 1333 3647 Et
1360 3593 1548 3648 videbit
1575 3594 1742 3648 omnis
1769 3609 1892 3647 caro

317 3682 553 3738 salutare
573 3683 668 3738 Dei
698 3683 849 3755 (Luc.
879 3683 986 3757 ιιι).
1017 3683 1125 3740 Sed
1150 3692 1207 3740 et
1233 3685 1336 3740 hoc
1387 3685 1528 3755 quod
1557 3685 1783 3750 addidit,
1811 3701 1894 3739 co-

319 3791 435 3828 ram
477 3775 612 3846 ipso,
656 3791 762 3830 non
815 3775 988 3831 otiose
1029 3775 1421 3846 accipiendum,
1467 3776 1592 3845 quia
1641 3773 1784 3830 aliud
1812 3782 1897 3829 est

313 3866 602 3937 iustiﬁcari
634 3883 817 3923 coram
844 3867 978 3933 Deo,
1001 3868 1146 3922 aliud
1188 3883 1372 3924 coram
1410 3867 1740 3932 hominibus,
1792 3867 1895 3922 hoc

318 3965 424 4022 εει,
455 3956 522 4010 ad
548 3957 1003 4028 comparationem
1031 3957 1260 4013 aliorum
1287 3957 1586 4023 hominum,
1604 3964 1781 4026 potest
1803 3956 1895 4026 qui

319 4045 657 4101 emendatius
675 4046 895 4111 vixerit,
917 4046 1098 4116 justus
1112 4046 1282 4102 videri
1301 4063 1316 4112 ;
1344 4047 1412 4100 ad
1437 4046 1896 4117 comparationem

319 4143 501 4191 autem
532 4136 647 4203 Dei,
681 4151 788 4192 non
817 4138 989 4192 solum
1016 4138 1179 4194 homo
1221 4153 1329 4193 non
1368 4139 1774 4210 justiﬁcabitur,
1803 4136 1897 4192 sed

318 4231 458 4286 sicut
477 4228 578 4285 Job
605 4231 737 4286 dicit
767 4229 978 4286 :Stellar
1006 4240 1180 4285 autem
1202 4248 1306 4285 non
1331 4240 1452 4285 sunt
1480 4230 1694 4284 munda:
1719 4245 1897 4283 coram

318 4323 431 4392 ipso
464 4320 605 4394 (Job.
639 4321 789 4394 xxv),
848 4337 968 4392 quae
1017 4322 1206 4391 utique
1247 4337 1433 4376 coram
1477 4321 1634 4375 nobis
1686 4317 1900 4373 mundae

316 4426 464 4482 sunt,
489 4417 592 4472 hoc
620 4425 724 4483 est,
755 4416 822 4473 ad
865 4417 1322 4486 comparationem
1371 4415 1651 4470 hominum
1687 4413 1900 4467 munda:

316 4511 606 4566 habentur.
626 4509 907 4580 Perlegem
923 4511 1062 4564 enim
1083 4510 1310 4580 cognitio
1327 4509 1545 4580 peccati.
1570 4507 1687 4562 Non
1707 4505 1900 4561 remis-

317 4601 417 4666 sio,
443 4617 546 4656 nec
573 4601 772 4656 ablatio
796 4609 1163 4672 peccatorum,
1181 4599 1275 4656 sed
1303 4600 1559 4672 cognitio.
1593 4598 1720 4654 Ideo
1741 4599 1889 4654 enim

316 4708 412 4762 per
441 4693 611 4763 legem
638 4693 768 4763 quid
817 4693 889 4748 sit
939 4701 1221 4762 peccatum
1266 4691 1596 4762 agnoscitur,
1649 4689 1774 4758 quia
1835 4689 1889 4742 in

317 4784 640 4840 oblivionem
663 4786 800 4840 ierat
825 4785 910 4841 lex
937 4794 1142 4840 natura:
1167 4805 1181 4839 :
1211 4793 1336 4839 ante
1383 4793 1563 4840 autem
1593 4783 1784 4853 legem,
1819 4783 1898 4836 le-

317 4874 476 4929 viora
507 4890 729 4947 qumque
758 4893 864 4933 non
917 4879 1382 4950 cognoscebantur
1427 4891 1546 4933 esse
1576 4884 1817 4947 peccata,
1843 4875 1897 4930 id

320 4976 426 5034 est,
461 4983 582 5038 quae
605 4968 725 5024 aliis
748 4984 856 5024 non
894 4972 1180 5037 nocebant,
1229 4977 1290 5025 ut
1336 4968 1790 5040 concupiscentia,
1843 4973 1899 5021 et

317 5059 575 5126 ebrietas,
617 5067 674 5114 et
723 5068 917 5115 caetera
958 5059 1284 5131 hujusmodi.
1341 5059 1580 5116 Sollicite
1614 5059 1748 5113 satis
1777 5057 1894 5112 haec

316 5152 542 5224 legenda
571 5161 715 5221 sunt,
744 5165 805 5209 ut
830 5168 1007 5224 neque
1055 5154 1142 5208 lex
1199 5155 1268 5208 ab
1299 5151 1558 5224 apostolis
1591 5149 1895 5220 improbata

316 5246 586 5314 videatur,
616 5263 788 5319 neque
818 5263 1008 5304 eorum
1035 5247 1266 5302 liberum
1315 5245 1603 5300 arbitrium
1631 5244 1702 5299 sit
1752 5243 1898 5298 abla-

319 5344 454 5391 tum.
486 5337 675 5408 Itaque
697 5348 933 5414 quatuor
953 5340 1086 5394 istos
1115 5335 1316 5410 gradus
1345 5336 1575 5390 hominis
1603 5335 1898 5406 distingua-

317 5441 440 5481 mus
469 5444 482 5480 :
515 5437 642 5482 ante
670 5428 868 5500 legem,
897 5428 996 5484 sub
1023 5427 1164 5500 lege,
1197 5427 1298 5483 sub
1350 5425 1546 5496 gratia,
1597 5427 1698 5480 sub
1742 5441 1894 5495 pace.

317 5517 459 5576 Ante
500 5521 692 5592 legem,
741 5524 987 5593 sequitur
1015 5523 1509 5593 concupiscentiam
1553 5522 1766 5587 carnis;
1801 5521 1900 5576 sub

319 5610 460 5685 lege,
487 5617 722 5671 trahitur
749 5617 817 5672 ab
837 5632 932 5684 ea;
967 5620 1068 5674 sub
1095 5619 1292 5690 gratia,
1322 5633 1424 5673 nec
1459 5617 1736 5688 sequimur
1757 5631 1896 5684 eam,

321 5721 421 5762 nec
449 5710 715 5765 trahimur
744 5713 811 5767 ab
840 5728 936 5777 ea;
968 5713 1019 5767 in
1045 5727 1197 5783 pace,
1225 5711 1372 5766 nulla
1406 5719 1490 5768 est
1515 5711 1900 5782 concupiscen-

322 5798 399 5855 tia
432 5801 631 5856 carnis.
689 5801 829 5856 Ante
866 5816 993 5874 ergo
1044 5802 1217 5873 legem
1271 5817 1380 5858 non
1405 5804 1736 5873 pugnamus,
1773 5803 1896 5874 quia

719 5893 996 5955 Ρλτιιοι..
1032 5894 1190 5959 Cll].

1993 3344 2108 3398 gem
2146 3335 2196 3382 et
2237 3327 2536 3398 prophetas.
2568 3328 2694 3384 ldeo
2723 3328 2827 3384 hoc
2883 3329 3090 3384 addidit
3129 3342 3198 3384 ne
3245 3329 3576 3401 indulgentia

1994 3423 2340 3488 peccatorum
2365 3426 2558 3474 contra
2587 3417 2760 3489 legem
2789 3420 3058 3488 videatur,
3089 3421 3286 3492 quippe
3307 3437 3427 3491 qua:
3446 3422 3575 3477 olim

1997 3509 2055 3564 in
2080 3510 2198 3580 lege
2226 3511 2496 3582 promissa
2517 3521 2602 3568 est
2627 3511 2810 3567 futura
2859 3528 2978 3570 esse
3005 3529 3102 3584 per
3139 3516 3428 3570 adventum
3462 3515 3580 3570 Sal-

1995 3605 2219 3658 vatoris.
2245 3603 2368 3659 Ideo
2401 3612 2582 3658 autem
2603 3602 2812 3672 justitia
2835 3603 2932 3658 Dei
2959 3603 3100 3658 dicta
3143 3611 3250 3668 est,
3282 3619 3402 3673 qum
3425 3605 3577 3659 vide-

1997 3699 2090 3746 tur
2114 3706 2235 3746 esse
2256 3692 2652 3756 misericordia,
2679 3692 2803 3760 quia
2829 3691 2896 3745 de
2914 3691 3269 3760 promissione
3281 3691 3444 3746 habet
3465 3693 3576 3747 ori-

1999 3782 2182 3852 ginem
2209 3798 2222 3834 :
2252 3788 2308 3835 et
2333 3781 2624 3850 promissio
2650 3779 2766 3846 Dei,
2793 3796 2914 3836 cum
2951 3781 3195 3836 redditur
3217 3782 3449 3852 justitia,
3477 3783 3573 3838 Dei

1999 3872 2220 3927 dicitur.
2253 3871 2473 3926 Justitia
2494 3882 2668 3926 autem
2695 3871 2791 3926 Dei
2813 3889 2904 3943 per
2929 3873 3088 3943 ﬁdem
3118 3873 3248 3929 Jesu
3288 3873 3484 3930 Christi
3516 3877 3572 3930 in

1998 3982 2177 4020 omnes
2203 3975 2251 4019 et
2279 3957 2434 4037 super
2454 3982 2631 4021 omnes
2659 3967 2750 4038 qui
2777 3967 2992 4022 credunt
3036 3969 3092 4021 in
3127 3985 3266 4022 eum.
3297 3969 3354 4024 In
3383 3984 3573 4026 omnes

1999 4053 2214 4110 Judzeos
2240 4063 2295 4110 et
2323 4054 2562 4121 Grzecos,
2591 4063 2854 4124 quantum
2903 4056 2970 4111 ad
3024 4056 3307 4113 interiores
3336 4059 3576 4129 ipsorum

2000 4145 2210 4200 animas
2255 4145 2511 4216 pertinet.
2567 4145 2635 4200 Et
2683 4161 2846 4216 super
2893 4163 3100 4215 omnes,
3151 4150 3254 4205 hoc
3283 4158 3387 4216 est,
3419 4167 3570 4222 super

2000 4249 2229 4304 corpora
2256 4235 2475 4291 lavacro
2500 4251 2656 4292 sacro
2695 4237 3054 4307 baptismatis.
3085 4238 3272 4304 Aliter,
3307 4241 3361 4294 in
3391 4256 3580 4297 omnes

2000 4325 2232 4392 Judzeos,
2283 4335 2338 4381 et
2386 4342 2549 4396 super
2595 4342 2801 4393 omnes,
2851 4329 3032 4394 idest,
3061 4338 3246 4399 gentes
3271 4340 3327 4384 et
3351 4332 3576 4400 gentiles

2001 4416 2697 4493 pepulos..Requirendum
2745 4434 2873 4474 sane
2923 4434 3089 4488 quare
3127 4419 3182 4474 in
3213 4423 3580 4491 superioribus

2004 4507 2201 4563 dixerit
2227 4507 2536 4578 Apostolus,
2569 4509 2675 4564 Per
2710 4511 2870 4582 legem
2897 4513 3034 4566 enim
3081 4513 3437 4583 manifestatio
3464 4533 3582 4585 pec-

2005 4601 2133 4668 cati,
2170 4617 2307 4655 nunc
2341 4602 2452 4656 sine
2482 4601 2590 4672 lege
2601 4603 2816 4672 justitia
2852 4603 2951 4658 Dei
2989 4606 3194 4675 cognita
3214 4615 3309 4661 est.
3333 4606 3416 4663 Ad
3438 4609 3581 4679 quod

2003 4691 2453 4762 dicendum,quia
2480 4709 2632 4747 omne
2651 4694 2790 4764 quod
2818 4693 3186 4762 manifestatur
3211 4695 3304 4750 lux
3325 4706 3418 4750 est.
3448 4696 3580 4751 Pec-

2003 4792 2206 4851 catum,
2257 4786 2384 4855 quia
2432 4785 2525 4840 lux
2573 4795 2813 4854 nonest,
2873 4801 2979 4841 non
3032 4788 3428 4854 manifestatur,
3485 4790 3581 4843 sed

2005 4879 2318 4949 agnoscitur
2348 4898 2362 4933 :
2394 4880 2600 4935 idcirco
2649 4886 2703 4934 et
2748 4879 2802 4933 in
2833 4879 3201 4950 superioribus
3251 4879 3579 4949 agnitionem

2003 4971 2212 5040 peccati
2235 4972 2412 5041 aptius
2437 4971 2660 5026 dixerit.
2685 4969 2874 5025 Omnes
2903 4973 3041 5025 enim
3060 4977 3416 5040 peccaverunt.
3442 4968 3580 5040 Sup-

1999 5059 2088 5130 ple
2119 5059 2456 5130 originaliter
2488 5060 2541 5114 in
2570 5059 2763 5125 Adam,
2790 5068 2844 5115 et
2867 5061 3098 5131 propria:
3125 5058 3414 5114 voluntatis
3442 5075 3580 5128 pra:-

2002 5151 2323 5206 varicantia.
2370 5151 2440 5204 Et
2482 5160 2626 5222 egent
2681 5150 2850 5222 gloria
2887 5151 3006 5204 Dei.
3043 5150 3102 5204 ld
3124 5156 3225 5213 est,
3253 5148 3428 5217 gratia
3457 5150 3577 5218 Dei,

2003 5251 2096 5321 qui
2151 5265 2260 5306 non
2308 5251 2510 5306 habent
2543 5265 2697 5305 suam
2741 5251 2990 5321 gloriam,
3039 5249 3165 5317 quia
3209 5249 3380 5305 creati
3429 5260 3574 5308 sunt.

2003 5341 2292 5412 Justiﬁcati
2314 5343 2498 5412 gratis.
2524 5341 2638 5398 Hoc
2660 5351 2763 5408 est,
2795 5343 2910 5396 sine
2930 5339 3052 5394 ullis
3100 5341 3354 5409 operibus
3377 5357 3580 5414 prince-

2005 5433 2280 5497 deutibus,
2309 5449 2408 5503 per
2422 5433 2747 5502 baptismum
2772 5431 2941 5502 gratis
2961 5437 3185 5499 peccata
3212 5431 3451 5488 donavit.
3472 5431 3580 5488 Per

2003 5524 2424 5595 redemptionem.
2440 5523 2554 5591 Qua
2569 5541 2668 5580 nos
2677 5521 2904 5578 redemit
2915 5534 3012 5575 suo
3027 5523 3286 5593 sanguine
3300 5523 3366 5578 de
3380 5532 3574 5590 morte,

2000 5615 2092 5687 qui
2139 5630 2236 5686 per
2275 5625 2556 5686 peccatum
2608 5613 2805 5669 venditi
2856 5611 3160 5683 fueramus,
3217 5615 3343 5670 licet
3392 5631 3578 5670 sumus

2000 5709 2200 5764 nostris
2225 5709 2440 5764 alienati
2470 5708 2537 5763 ab
2563 5721 2627 5762 eo
2647 5704 2874 5760 delictis.
2898 5705 3146 5762 Christus
3169 5715 3349 5761 autem
3370 5721 3470 5761 nos
3495 5719 3580 5760 re-

2000 5801 2188 5870 demit,
2206 5800 2438 5857 oﬂ'erens
2453 5816 2509 5856 se
2530 5813 2627 5869 pro
2642 5796 2798 5853 nobis
2814 5815 2827 5851 :
2844 5799 3091 5869 permisit
3110 5797 3253 5854 enim
3271 5811 3329 5853 se
3345 5794 3576 5870 [morti],
