4108 6334
533 655 753 744 habere
777 673 1187 756 gloriamapud
1212 671 1409 734 Deum,
1453 680 1562 721 non
1594 675 1726 733 ergo
1749 655 2023 714 Abraham
2051 667 2118 706 ex

537 747 806 849 operibus.
831 772 965 844 legis
1007 765 1334 839 iustiﬁcatus
1375 766 1475 815 est.
1528 755 1634 811 Per
1676 765 1891 808 omnem
1938 747 2120 813 itaque

536 834 684 926 hunc
739 834 948 922 textum
993 834 1287 931 Apostolus
1338 853 1441 906 hoc
1484 845 1698 901 videtur
1745 843 1927 898 dicere
1979 834 2121 906 quod

538 961 658 1016 duae
685 957 930 1028 quaedam
964 951 1074 1007 sint
1110 941 1547 1020 justiﬁcationes,
1583 947 1812 1006 quarum
1849 941 2014 984 unam
2053 939 2120 978 ex

537 1049 793 1122 operibus
817 1045 1083 1109 nominat,
1113 1042 1276 1097 aliam
1301 1051 1430 1093 vero
1452 1050 1521 1090 ex
1542 1031 1648 1087 ﬁde
1672 1048 1687 1097 ;
1722 1035 1777 1083 et
1809 1025 1970 1081 aliam
1998 1021 2120 1092 qui-

539 1111 662 1195 dem
688 1152 811 1210 quae
835 1151 906 1193 ex
931 1134 1188 1204 operibus
1223 1136 1328 1195 est,
1361 1125 1493 1182 dicit
1529 1121 1731 1178 habere
1759 1117 1977 1187 quidem
2005 1111 2122 1184 glo-

540 1233 701 1298 riam,
735 1231 830 1287 sed
867 1229 923 1284 in
965 1225 1274 1294 semetipsa,
1321 1236 1430 1276 non
1475 1215 1616 1289 apud
1656 1213 1828 1268 Deum
1859 1227 1872 1264 :
1904 1217 1967 1263 ut
1997 1213 2126 1278 pote

540 1324 683 1394 apud
716 1321 1093 1393 inspicientem
1126 1315 1293 1372 corda
1324 1311 1622 1372 hominum,
1655 1313 1711 1360 et
1738 1303 2002 1359 scientem
2031 1296 2126 1367 qui

540 1393 717 1475 credit
755 1418 813 1474 in
839 1415 1073 1480 occulto,
1099 1421 1155 1469 et
1195 1410 1289 1481 qui
1323 1422 1429 1462 non
1465 1401 1655 1460 credit.
1684 1399 1754 1454 Et
1780 1397 1902 1452 ideo
1927 1393 2126 1449 merito

541 1510 684 1580 apud
720 1507 892 1564 solum
918 1505 1089 1560 Deum
1117 1502 1284 1558 habet
1309 1496 1554 1570 gloriam,
1596 1489 1691 1561 qui
1717 1487 1970 1544 affectum
1997 1481 2126 1538 ﬁdei

543 1600 662 1670 ejus
683 1597 930 1671 pervidet
955 1596 1012 1652 in
1038 1592 1286 1650 occultis.

613 1693 754 1762 Quid
801 1676 939 1747 enim
967 1687 1241 1758 Scriptura
1280 1682 1447 1737 dicit?
1480 1681 1560 1734 Ac
1605 1676 1653 1733 si
1695 1676 1920 1737 diceret,
1952 1671 2126 1725 luter—

541 1759 796 1859 rogemus
844 1780 1204 1849 Scripturam.
1259 1771 1494 1829 Credidit
1536 1767 1805 1822 Abraham
1845 1763 1977 1818 Deo.
2028 1759 2130 1814 Hic

543 1895 722 1938 scrmo
765 1893 836 1934 ex
875 1873 1076 1931 Genesi
1108 1869 1360 1934 sumitur,
1409 1867 1502 1921 ubi
1547 1879 1659 1920 non
1701 1860 1999 1923 Abraham,

543 1971 747 2025 Abram
788 1965 923 2022 dicit
969 1964 1037 2018 ad
1060 1962 1231 2017 Deum
1265 1976 1280 2015 :
1329 1956 1592 2024 Quoniam
1629 1969 1736 2007 non
1772 1948 1964 2005 dedisti
2001 1945 2130 2000 mihi

544 2076 740 2125 semen,
763 2058 848 2112 hic
882 2051 1195 2112 vernaculus
1221 2066 1369 2105 meus
1395 2044 1725 2103 hisreditabit
1751 2059 1854 2097 me.
1900 2040 1971 2095 Et
1999 2038 2132 2093 dixit

545 2149 803 2204 Dominus
854 2145 924 2200 ad
970 2159 1089 2198 eum
1118 2159 1137 2196 :
1169 2137 1390 2209 Respice
1438 2136 1508 2190 ad
1556 2131 1773 2197 caelum,
1823 2138 1872 2184 et
1917 2141 2134 2182 numera

545 2237 760 2304 stellas,
787 2236 848 2292 -εἱ
886 2233 1122 2307 potueris
1161 2222 1501 2285 dinumerare
1536 2238 1643 2288 eas,
1675 2230 1726 2275 et
1762 2220 1838 2273 ait
1876 2217 1945 2272 ad
1985 2228 2134 2270 eum:

548 2330 637 2386 Sic
680 2331 780 2385 erit
818 2343 994 2382 semen
1037 2333 1208 2378 tuum.
1252 2320 1325 2374 Et
1354 2315 1578 2372 credidit
1619 2311 1887 2366 Abraham
1927 2307 2056 2372 Deo,
2089 2313 2138 2359 et

549 2426 849 2490 reputatum
888 2424 963 2470 est
1001 2415 1051 2468 ei
1093 2412 1163 2466 ad
1197 2407 1470 2480 justitiam
1513 2401 1669 2474 (Gen.
1697 2398 1811 2472 xv).
1858 2397 1928 2452 Ei
1967 2403 2140 2451 autem

547 2511 642 2582 qui
685 2516 933 2580 operatur
969 2520 1168 2559 merces
1213 2499 1501 2557 secundum
1543 2493 1789 2567 gratiam.
1849 2489 1988 2558 Quia
2031 2504 2140 2545 non

549 2581 628 2659 illi
657 2601 826 2674 gratis
861 2600 1090 2656 donatur
1129 2591 1472 2664 justiﬁeatio,
1520 2587 1618 2645 sed
1656 2599 1868 2642 merces
1898 2581 2143 2638 redditur

551 2708 778 2767 operum
827 2689 1204 2762 pristinorum.
1265 2683 1336 2738 Et
1402 2698 1520 2738 vero
1570 2680 1661 2751 qui
1717 2694 1822 2732 non
1873 2683 2140 2746 aperatur.

550 2764 971 2842 convertentem
1023 2776 1253 2848 impium
1302 2788 1402 2845 per
1450 2771 1624 2828 solam
1669 2768 1833 2824 ﬁdem
1878 2764 2145 2836 justiﬁcat

554 2876 718 2941 Deus,
757 2887 866 2928 non
898 2887 996 2942 per
1037 2883 1204 2941 opera
1241 2867 1404 2934 bona,
1435 2881 1556 2937 quae
1595 2878 1705 2918 non
1745 2859 1936 2916 habuit
1968 2857 2142 2928 prius,

557 2966 802 3038 alioquin
850 2979 951 3036 per
1004 2960 1302 3034 impietatis
1363 2971 1530 3028 opera
1576 2953 1754 3010 fuerat
1815 2950 2141 3023 puniendus.

555 3055 826 3115 Hocdicit
849 3055 978 3126 quia
1012 3054 1130 3110 sine
1159 3051 1421 3123 operibus
1449 3047 1585 3119 legis
1610 3044 1852 3102 credenti
1896 3042 2063 3112 impio
2091 3040 2147 3095 in

556 3150 857 3214 Christum,
909 3152 1190 3216 reputatur
1235 3137 1517 3209 ﬁdes-ejus
1562 3137 1633 3192 ad
1669 3134 1958 3207 justitiam,
2006 3132 2149 3187 sicut

1921 349 2193 412 SEDULII
2232 348 2430 406 SCOTI

3712 323 3787 382 ιε

2222 837 2331 895 tur,
2377 843 2499 883 cum
2543 824 2751 880 nullum
2787 817 2960 891 possit
2997 812 3258 869 Dominus
3292 809 3566 880 imputare
3605 819 3803 876 pecca-

2221 930 2359 978 tum.
2417 920 2682 990 lniquitas
2715 929 2849 972 sane
2883 928 2914 967 a
2937 917 3163 980 peccato
3191 906 3334 960 hanc
3357 901 3524 956 habet
3549 898 3804 955 diﬁ'eren-

2225 1015 2374 1079 tiam,
2418 989 2561 1083 quod
2601 1008 2858 1078 iniquitas
2894 1004 2952 1058 in
2978 1001 3065 1056 his
3097 996 3299 1053 dicitur
3327 1009 3449 1064 quae
3481 1000 3673 1048 contra
3720 989 3802 1044 le-

2224 1122 2347 1180 gem
2380 1103 2795 1161 committuntur
2826 1115 2838 1150 :
2873 1096 3019 1150 unde
3049 1099 3104 1147 et
3127 1089 3349 1146 Graecus
3384 1099 3565 1141 sermo
3593 1084 3806 1153 ἀνομίαν

2223 1175 2458 1270 appellat
2507 1193 2878 1264 iniquitatem,
2930 1187 3035 1241 hoc
3087 1189 3203 1248 est,
3251 1179 3395 1250 quod
3448 1175 3810 1232 committitur

2226 1266 2419 1344 contra
2451 1285 2625 1356 legem
2650 1299 2663 1334 :
2692 1288 2973 1352 peccatum
3001 1289 3132 1330 vero
3161 1271 3329 1328 etiam
3361 1267 3511 1332 illud,
3542 1266 3588 1321 si
3617 1273 3810 1321 contra

2227 1380 2372 1451 quod
2410 1385 2603 1432 natura
2629 1375 2804 1438 docet,
2841 1378 2896 1425 et
2921 1364 3254 1424 conscientia
3283 1361 3483 1433 arguit,
3520 1358 3810 1427 delinqua—

2226 1481 2334 1528 tur.
2358 1468 2640 1524 Beatitudo
2667 1481 2788 1536 ergo
2811 1462 2942 1517 lucc.
2972 1458 3033 1514 ld
3056 1463 3158 1522 est,
3185 1451 3435 1510 remissio
3461 1456 3815 1520 peccatorum

2225 1576 2324 1634 per
2350 1557 2532 1615 ﬁdem.
2573 1555 2642 1610 In
2667 1549 3064 1608 circumcisione
3089 1552 3264 1600 manet
3297 1550 3526 1606 tantum,
3555 1557 3625 1593 an
3653 1538 3817 1592 etiam

2227 1631 2285 1709 in
2308 1649 2600 1724 prwputio?
2627 1647 2708 1701 Ac
2735 1644 2782 1700 si
2821 1647 3007 1712 aperte
3035 1638 3243 1694 diceret
3269 1652 3283 1688 :
3323 1632 3386 1688 In
3412 1631 3659 1700 utrisque
3691 1643 3816 1683 ma-

2228 1719 2341 1810 net,
2383 1719 2510 1812 quia
2546 1738 2721 1794 tribus
2761 1733 2971 1804 legibus
3017 1731 3133 1784 haec
3174 1723 3455 1781 beatitudo
3499 1719 3815 1781 ascribitur,

2033 1810 2128 1911 ἐξά
2155 1825 2206 1886 Β
2231 1837 2348 1893 vult
2400 1810 2568 1889 istam
2613 1825 3005 1886 beatitudinem
3067 1819 3240 1876 tribus
3290 1813 3628 1885 temporibus
3671 1810 3819 1865 desi-

2236 1944 2424 2002 gnare,
2453 1933 2680 1987 naturae,
2711 1915 3160 1980 circumCisionis,
3186 1906 3632 1967 Christianitatis.
3663 1903 3818 1956 Dici-

2235 1995 2353 2073 mus
2383 2016 2540 2070 enim.
2582 2012 2699 2067 Hoc
2725 2019 2833 2076 est,
2861 2021 3023 2064 sensu
3058 2003 3192 2075 legis
3229 2000 3523 2072 loquimur.
3555 1995 3825 2065 Reputata

2236 2119 2311 2165 est
2337 2109 2467 2178 ﬁdes
2493 2103 2718 2160 Abraha:
2753 2101 2821 2155 ad
2853 2098 3141 2170 justitiam.
3175 2093 3377 2150 Omnes
3412 2082 3559 2145 enim
3593 2077 3825 2141 Conﬁte-t

2237 2219 2361 2260 mur
2387 2209 2444 2258 et
2479 2197 2873 2261 consentimus,
2909 2201 2971 2249 ut
2995 2190 3142 2264 quod
3174 2187 3315 2243 ratio
3341 2187 3408 2242 de
3431 2183 3710 2239 Abraham
3741 2180 3827 2234 in-

2239 2293 2472 2358 venerit,
2503 2295 2609 2348 hoc
2632 2288 2700 2344 de
2725 2287 2936 2344 caeteris
2977 2285 3351 2341 observemus.
3389 2277 3474 2334 Ab
3500 2274 3710 2346 origine
3743 2273 3828 2327 in-

2241 2384 2391 2454 cipit,
2415 2389 2476 2437 ut
2497 2394 2714 2437 omnem
2735 2375 3241 2449 tergiversationem
3257 2367 3618 2426 cavillationis
3640 2362 3827 2420 exclu-

2243 2453 2355 2543 dat,
2380 2487 2501 2546 quae
2519 2473 2644 2544 quia
2665 2487 2697 2527 a
2717 2471 2894 2542 capite
2915 2465 3244 2530 excluditur,
3268 2477 3377 2518 non
3396 2461 3561 2515 habet
3582 2457 3726 2512 unde
3752 2453 3832 2508 ἰίι-

2245 2568 2408 2638 cipiat
2430 2565 2611 2622 facere
2624 2562 2996 2635 quastionem.
3019 2555 3294 2625 Quomodo
3317 2571 3439 2624 ergo
3460 2553 3708 2622 deputata
3728 2555 3828 2611 est,

2244 2661 2300 2714 in
2322 2658 2734 2722 circumcisione,
2760 2672 2831 2710 an
2850 2654 2908 2708 in
2936 2649 3235 2724 praeputio?
3261 2647 3377 2701 Hoc
3402 2653 3505 2711 est,
3547 2642 3835 2696 videamus

2244 2760 2427 2806 utrum
2475 2747 2818 2805 circumcisio
2868 2760 2936 2799 ex
2980 2741 3218 2812 iustitia,
3265 2754 3338 2792 an
3377 2734 3590 2808 justitia
3619 2748 3687 2786 ex
3725 2732 3835 2805 cir-

2247 2839 2578 2897 cumcisione
2613 2839 2684 2893 sit
2711 2846 2858 2892 nata.
2894 2833 2965 2887 Et
2993 2833 3202 2903 signum
3240 2828 3439 2898 accepit
3471 2823 3837 2879 circumcisio-

2247 2935 2348 2988 nis.
2393 2932 2472 2988 Ne
2517 2931 2761 2987 dicerent
2804 2941 2958 2998 ergo,
3003 2921 3284 2995 Superﬂue
3337 2916 3692 2975 circumcisus
3725 2921 3833 2979 est,

2249 3025 2460 3096 signum
2487 3023 2568 3077 ait
2593 3035 2716 3078 esse
2737 3019 2986 3089 iustitiae,
3010 3031 3118 3071 non
3146 3020 3518 3084 augmentum.

2322 3117 2666 3189 Signaculum
2703 3114 2900 3184 accepit
2927 3104 3176 3181 justitiw.
3209 3106 3359 3162 Illius
3397 3118 3559 3175 quam
3585 3098 3840 3173 praeputit

556 3242 791 3299 Abrahae
817 3257 830 3294 :
858 3248 914 3296 et
939 3196 1043 3294 hbe
1085 3237 1294 3308 justum
1339 3196 1447 3289 est:
1492 3196 1727 3286 Credere
1769 3196 1953 3279 autem
1991 3237 2103 3277 non
2125 3232 2153 3262 α
2180 3213 2229 3279 C
2260 3211 2394 3267 ﬁdes
2433 3209 2678 3265 meruit:
2713 3216 2826 3262 tam
2867 3206 3014 3262 enim
3061 3201 3305 3273 perfecta
3341 3199 3443 3255 fuit
3480 3205 3535 3253 et
3569 3196 3836 3268 pretiosa,

2302 3307 2305 3308 ,
2382 3299 2392 3308 .
2575 3298 2589 3308 _
2952 3301 2962 3308 ,
3166 3307 3172 3308 ί
3224 3305 3336 3308 Mi
3571 3301 3655 3308 μ’
3680 3284 3836 3308 ’,ΜΛ

558 3332 856 3390 voluntatis
883 3338 967 3386 est
1004 3348 1017 3383 :
1054 3284 1232 3398 neque
1277 3325 1424 3380 enim
1449 3325 1632 3394 potest
1667 3315 1788 3388 cogi
1815 3315 1884 3370 ad
1922 3313 1977 3369 id
2004 3312 2149 3384 quod
2186 3329 2196 3338 υ
2252 3307 2314 3355 ut
2351 3298 2688 3370 signaculum
2735 3301 3036 3351 mereretur
3073 3310 3084 3344 :
3127 3305 3340 3361 semper
3379 3289 3529 3346 enim
3571 3301 3659 3341 res
3680 3284 3843 3356 plena

561 3424 913 3482 manifestum
961 3437 1070 3478 non
1117 3377 1231 3486 ξεί,
1281 3417 1380 3472 sed
1425 3377 1707 3469 invitatur.
1734 3377 2150 3476 "Quamob-rem
2255 3393 2522 3465 signatur.
2568 3390 2696 3447 Sive
2731 3398 2794 3446 ut
2835 3388 3144 3445 ostenderet
3183 3386 3308 3456 quia
3341 3384 3522 3454 justus
3573 3388 3629 3437 et
3665 3377 3845 3434 ﬁdelis

561 3514 991 3574 assentientibus
1050 3469 1290 3583 praemiis
1360 3503 1701 3562 adiciendus
1733 3469 1846 3567 est,
1904 3497 2048 3555 sicut
2097 3503 2153 3551 et
2255 3494 2420 3577 esset,
2465 3487 2560 3556 qui
2602 3483 2841 3540 dolorem
2882 3481 2984 3537 sibi
3018 3481 3273 3536 mandato
3302 3478 3398 3532 Dei
3430 3490 3537 3531 non
3568 3469 3843 3536 dubitavit

565 3562 919 3574 ”υ⁹ν⁸⁵’“ν“””“⁶”
931 3562 988 3569 *⁷
1051 3562 1107 3583 ιν-
1121 3562 1282 3565 "—'"’"
1832 3562 1841 3567 .

565 3613 862 3677 Abraham,
889 3609 982 3680 qui
1010 3605 1158 3678 quod
1191 3619 1300 3660 non
1327 3601 1484 3668 vidit,
1512 3596 1760 3654 credidit.
1987 3640 1990 3643 .
2137 3636 2140 3640 .
2256 3567 2480 3641 inferre,
2521 3590 2631 3632 non
2662 3581 2860 3645 putans
2900 3587 3020 3628 esse
3055 3569 3407 3642 superﬂuum,
3431 3566 3575 3638 quod
3600 3579 3630 3618 a
3657 3562 3844 3618 scien-

2268 3671 2296 3680 "
2496 3666 2538 3680 "
2639 3667 2651 3679 '
2773 3665 2786 3677 '
2830 3665 2844 3680 ‘
2903 3665 2916 3680 ‘
2976 3671 2988 3680 ι
3054 3679 3057 3680 ν
3173 3661 3306 3680 μέρ--ι
3354 3674 3453 3680 -ΑΑ
3487 3653 3844 3680 ---3ΑζᾹ----

638 3653 862 3677 ,ιιι-ιω,
930 3653 982 3665 ...
1051 3653 1158 3662 ..ντ-
1193 3653 1300 3660 ----_
1526 3653 1533 3654 ,
1587 3653 1621 3654 η

638 3653 944 3764 δεδαπάαῆ
972 3653 1298 3772 ρῖοροείιατη
1326 3695 1512 3767 gratim
1532 3691 1649 3747 Dei,
1678 3691 1740 3747 Id
1764 3696 1870 3756 est,
1900 3702 2010 3761 quo
2033 3702 2156 3762 sm-
2259 3671 2458 3726 tiarum
2496 3666 2729 3724 Domino
2768 3665 3063 3736 jubebatur
3105 3680 3118 3715 ε
3167 3661 3310 3718 sicut
3354 3674 3456 3716 nec
3487 3653 3845 3727 parricidium

566 3799 640 3854 tis
687 3793 972 3867 proposuit
1019 3804 1118 3861 per
1163 3787 1334 3844 solam
1358 3784 1544 3841 ﬁdem
1592 3781 1867 3838 dimittere
1907 3786 2153 3852 peccata.

570 3892 717 3949 Sicut
751 3888 923 3943 Dauid
964 3886 1125 3951 dicit,
1170 3881 1450 3938 Beatitudo
1491 3877 1737 3942 hominis,
1769 3882 1876 3931 etc.
1916 3872 2159 3928 Beatitu-

573 3983 756 4037 dinem
783 3976 1046 4043 hominis,
1075 3973 1454 4030 remissionem
1489 3975 1836 4040 peccatorum
1871 3978 1968 4034 per
1992 3961 2157 4016 ﬁdem

574 4069 844 4141 appellat:
870 4080 1067 4137 magna
1090 4062 1368 4120 beatitudo
1417 4067 1521 4124 est,
1568 4059 1684 4114 sine
1709 4057 1898 4109 labore
1939 4051 2074 4122 legis
2107 4057 2163 4104 et

573 4139 927 4230 pienitentize,
972 4155 1070 4210 Dei
1111 4152 1342 4225 gratiam
1384 4149 1498 4206 sola
1542 4147 1646 4202 ﬁde
1690 4141 2014 4215 promereri.
2056 4139 2162 4194 lni-

579 4227 716 4304 tium
736 4245 1027 4317 iustiﬁcari
1045 4259 1076 4299 a
1097 4244 1228 4309 Deo,
1260 4240 1394 4296 ﬁdes
1405 4246 1487 4295 est
1507 4237 1600 4308 qui
1621 4232 1787 4308 [quae]
1815 4231 1986 4287 credit
2000 4229 2054 4283 in
2077 4227 2165 4296 ju-

580 4339 928 4405 stiﬁcantem,
961 4344 1017 4393 et
1051 4336 1171 4391 haec
1192 4333 1325 4389 ﬁdes
1361 4346 1483 4387 cum
1506 4326 1802 4399 iustiﬁcata
1831 4322 2012 4386 fuerit,
2044 4328 2166 4374 tan-

579 4446 746 4503 quam
786 4429 945 4485 radix
990 4426 1164 4482 imbre
1210 4430 1462 4493 suscepto
1499 4420 1672 4474 haeret
1709 4417 1765 4471 in
1800 4413 1996 4470 anima:
2027 4410 2162 4474 solo,

579 4527 644 4574 ut
677 4534 801 4576 cum
839 4531 940 4588 per
981 4515 1158 4587 legem
1183 4513 1282 4569 Dei
1332 4508 1504 4566 excoli
1550 4506 1795 4579 cmperit,
1850 4516 2065 4559 rursum
2109 4506 2165 4553 in

580 4623 706 4665 eam
760 4614 992 4678 surgunt
1050 4603 1206 4669 rami,
1263 4602 1358 4673 qui
1417 4599 1628 4656 fructus
1682 4609 1906 4666 operum
1963 4591 2162 4645 ferant.

582 4707 703 4765 Non
725 4721 855 4780 ergo
889 4721 958 4762 ex
984 4704 1242 4777 operibus
1279 4701 1433 4757 radix
1464 4696 1712 4768 iustitiae,
1751 4691 1846 4746 sed
1881 4704 1949 4742 ex
1987 4683 2170 4763 radice

575 4772 817 4871 iustitia;
835 4772 1044 4854 fructus
1086 4808 1315 4867 operum
1353 4787 1584 4846 crescit:
1612 4783 1703 4839 illa
1740 4779 1946 4836 scilicet
1989 4772 2172 4831 radice

577 4867 823 4960 justitiaa,
851 4888 941 4945 cui
965 4888 1110 4943 Deus
1138 4889 1423 4952 acceptam
1457 4876 1562 4931 fert
1584 4871 1854 4942 justitiam
1891 4867 2010 4922 sine
2043 4879 2171 4934 ope-

585 4985 757 5040 ribus.
789 4952 942 5038 Deati
965 4995 1192 5053 quorum
1227 4975 1464 5031 remissa:
1491 4974 1614 5023 sunt
1651 4955 1976 5032 iniquitates.
2019 4952 2172 5022 Quod

587 5073 906 5140 remittitur,
936 5087 1047 5128 non
1083 5075 1320 5128 tenetur,
1361 5071 1418 5116 et
1439 5057 1584 5129 quod
1612 5053 1831 5124 tegitur,
1862 5062 1970 5102 non
2001 5058 2168 5116 appa-

587 5174 697 5232 ret,
723 5173 778 5221 et
804 5136 1005 5220 idcirco
1028 5160 1252 5216 minime
1282 5155 1600 5223 imputatur.
1627 5145 1765 5201 Vide
1791 5141 1836 5197 si
1861 5145 2041 5212 potest
2069 5136 2172 5192 iste
2245 5197 2251 5204 υ

590 5227 723 5311 ordo
751 5254 809 5309 in
844 5253 1028 5308 anima
1058 5262 1168 5304 una
1195 5245 1496 5310 eademque
1537 5233 1786 5305 intelligi,
1812 5239 1872 5286 ut
1906 5230 2030 5300 quia
2071 5227 2173 5282 ini—
2245 5287 2249 5290 _

589 5335 729 5400 tium
776 5351 861 5399 est
909 5334 1276 5396 conversionis
1323 5330 1541 5396 animae,
1594 5324 1737 5381 mala
1776 5320 2169 5390 derelinquere,

592 5444 814 5508 propter
840 5434 944 5486 hoc
979 5426 1325 5496 iniquitatum
1361 5419 1739 5477 remissionem
1776 5418 2053 5468 mereatur
2084 5417 2193 5462 ac—'

595 5500 796 5596 cipere.
843 5520 980 5575 Cum
1003 5525 1190 5573 autem
1214 5515 1443 5586 cmperit
1470 5512 1612 5568 bona
1640 5507 1842 5571 facere,
1869 5502 2020 5560 velut
2063 5500 2176 5555 sin-

595 5590 721 5688 gula
742 5625 970 5681 (rumne
1008 5626 1127 5681 quae
1154 5613 1549 5681 praecesserant
1578 5601 1723 5684 mala
1759 5597 1918 5656 bonis
1945 5590 2181 5650 recenti-

599 5710 700 5762 bus
720 5706 1004 5777 obtegens,
1032 5715 1087 5762 et
1113 5704 1568 5762 abundantiorem
1594 5699 1864 5756 bonorum
1892 5702 2179 5750 numerum

677 5829 704 5857 ι
743 5815 869 5872 Νοη
902 5817 1116 5876 videtur
1143 5816 1466 5876 redundare.

2260 3761 2493 3821 credidit
2539 3760 2801 3831 impium,
2855 3758 3000 3829 quod
3047 3754 3170 3810 fons
3220 3756 3555 3823 praeceperat
3601 3742 3842 3817 pietatis.

2260 3855 2594 3913 Profundam
2633 3853 2688 3909 in
2722 3850 2809 3906 his
2834 3848 2988 3904 Pauli
3031 3843 3351 3916 sapientiam
3380 3835 3842 3906 contemplamur:

2264 3946 2510 4002 fortassis
2547 3943 2693 3999 enim
2733 3940 3006 4008 aliquibus
3047 3936 3297 3990 eumdem
3326 3943 3633 3985 sermonem
3662 3925 3851 3980 dicere

2264 4037 2556 4098 videretur,
2582 4032 2758 4096 idest,
2805 4030 3018 4097 signum
3067 4034 3121 4080 et
3156 4019 3489 4092 signaculum
3523 4034 3539 4070 :
3575 4015 3670 4069 sed
3710 4011 3851 4068 mihi

2246 4137 2495 4198 uterque
2549 4137 2731 4181 sermo
2783 4121 3011 4176 multam
3064 4118 3206 4172 inter
3260 4130 3318 4170 se
3373 4113 3586 4167 videtur
3644 4111 3851 4165 habere

2247 4216 2646 4286 diﬁ'erentiam.
2689 4212 2916 4284 Signum
2943 4220 3177 4278 namque
3213 4204 3430 4271 dicitur,
3466 4216 3592 4258 cum
3618 4215 3717 4271 per
3742 4199 3851 4253 hoc

2269 4310 2413 4381 quod
2437 4308 2672 4373 videtur,
2701 4282 2846 4358 aliud
2882 4299 3088 4370 aliquid
3117 4297 3387 4352 indicatur
3432 4312 3445 4348 :
3489 4282 3666 4356 sicuti,
3695 4287 3851 4344 verbi

2271 4379 2466 4469 gratia,
2496 4398 2562 4452 de
2589 4396 2706 4464 ipso
2731 4392 2960 4448 Domino
3003 4389 3060 4443 in
3087 4386 3381 4458 Evangelio
3429 4384 3666 4440 dicitur:
3711 4379 3850 4433 Ecce

2269 4490 2353 4542 hic
2374 4487 2572 4558 positus
2593 4493 2669 4540 est
2706 4474 2762 4538 in
2793 4484 3023 4548 ruinam,
3049 4489 3097 4534 et
3123 4481 3180 4534 in
3201 4476 3629 4532 resurrectionem
3657 4469 3852 4525 multo-

2191 4564 2246 4625 D
2274 4593 2408 4643 rum,
2451 4583 2497 4630 et
2528 4576 2586 4628 in
2623 4574 2830 4644 signum
2869 4573 2954 4626 cui
2988 4569 3379 4625 contradicetur
3407 4563 3558 4636 (Luc.
3587 4559 3648 4630 ιι)
3681 4578 3694 4613 :
3723 4573 3850 4614 con-

2245 4670 2641 4726 .tradicebatur
2687 4666 2856 4732 enim,
2907 4665 2962 4719 in
3002 4677 3110 4733 quo
3147 4659 3397 4716 Christus
3433 4660 3678 4717 venerat,
3727 4649 3853 4720 quia

2277 4762 2423 4819 aliud
2453 4761 2510 4818 in
2549 4777 2613 4817 eo
2643 4760 2950 4824 videbatur,
2982 4765 3039 4811 et
3071 4753 3219 4809 aliud
3258 4747 3677 4818 intelligebatur.
3696 4740 3853 4808 .Caro

2279 4854 2620 4918 cernebatur,
2669 4858 2724 4906 et
2763 4849 2906 4904 Deus
2949 4844 3291 4902 credebatur.
3347 4837 3439 4894 Sic
3478 4850 3606 4906 ergo
3647 4830 3857 4900 accepit

2275 4943 2553 5000 Abraham
2591 4943 2828 5012 signum,
2869 4944 2925 4993 et
2951 4937 3094 5007 quod
3139 4940 3284 4990 esset
3319 4931 3532 5002 signum
3569 4927 3626 4981 in
3659 4936 3852 4980 conse-

2245 5090 2250 5095 .
2279 5036 2570 5108 quentibus
2602 5033 2734 5087 dicit
2771 5047 2784 5084 :
2817 5025 3266 5089 circumcisionis,
3299 5020 3494 5091 inquit,
3539 5025 3594 5072 et
3618 5013 3858 5071 ostendit

2279 5128 2407 5200 quia
2455 5125 2688 5182 carnalis
2737 5131 2867 5179 tunc
2906 5120 2998 5176 illa
3042 5113 3415 5180 circumcisio,
3471 5110 3687 5179 signum
3739 5111 3860 5159 erat

2279 5218 2574 5290 spiritualis
2609 5212 3058 5278 circumcisionis,
3099 5222 3219 5278 quae
3257 5219 3367 5261 non
3401 5203 3457 5257 in
3486 5212 3651 5256 carne
3688 5195 3863 5252 susei-

2278 5289 2448 5384 pitur,
2479 5313 2574 5368 sed
2617 5310 2674 5366 in
2723 5302 3094 5372 corde-Quod
3134 5289 3466 5361 vero‘dixit,
3505 5289 3860 5364 signaculum,

2281 5408 2355 5462 ita
2406 5405 2813 5476 intelligendum
2859 5384 2991 5471 puto
3037 5412 3050 5450 :
3089 5391 3425 5465 signaculum
3472 5388 3681 5444 dicitur
3716 5391 3862 5456 quod

2241 5536 2244 5540 -
2282 5496 2442 5552 alicui
2481 5496 2559 5551 rei
2593 5492 2870 5550 servandae
2907 5502 3007 5558 pro
3044 5495 3289 5555 tempore
3321 5479 3580 5538 custodiae
3607 5476 3861 5549 ponitur:

2281 5589 2551 5663 quomodo
2584 5587 2753 5650 alius,
2787 5581 2890 5636 nisi
2931 5581 3048 5651 ipse
3075 5578 3168 5650 qui
3202 5576 3506 5648 impressit,
3548 5573 3743 5630 debeat
3776 5582 3864 5624 re-

2285 5657 2518 5755 signare.
2577 5680 2679 5734 Per
2731 5674 2873 5732 istud
2917 5672 3063 5730 enim
3113 5667 3484 5742 signaculum,
3533 5670 3596 5720 ut
3643 5657 3864 5732 exponit
