4108 6334
299 451 370 508 49
1403 443 1739 501 COLLECT.
1763 414 1850 498 VIN
1885 440 2104 499 EPIST.
2144 441 2236 496 AD
2273 439 2436 497 non.
3484 443 3557 504 ω

299 560 609 635 Apostolus,
642 557 854 628 justitia
888 557 1032 626 ﬁdei,
1066 573 1230 628 quam
1273 559 1328 613 in
1362 559 1630 629 prazputio
1669 558 1879 628 positus
1905 563 1959 624 Α
1982 556 2127 611 enim
2167 556 2251 610 lex
2287 554 2572 623 factorum,
2614 555 2671 611 id
2699 568 2808 622 est,
2840 558 3146 616 observatio
3185 562 3552 634 sabbatorum,

299 653 573 709 Abraham
616 651 862 720 accipere
903 651 1124 716 meruit,
1161 649 1439 721 judicatur
1474 658 1531 704 et
1568 658 1724 720 pater
1755 663 1878 704 esse

300 744 592 802 multarum
629 742 888 813 gentium.
919 741 988 798 Et
1025 750 1086 796 ut
1115 742 1292 796 adhuc
1337 741 1574 810 apertius
1617 740 1685 795 de
1725 740 1878 810 signo

298 850 356 899 et
393 839 670 914 signaculo
711 839 1062 905 disseramus,
1104 854 1230 895 cum
1269 839 1484 910 signum
1513 838 1605 903 sit,
1643 844 1704 891 ut
1732 835 1876 890 dixi-

299 951 441 1001 mus,
486 934 580 990 ubi
625 932 896 988 indicatur
939 930 1141 1002 aliquid
1175 946 1274 1002 per
1309 931 1415 987 hoc
1453 930 1597 1002 quod
1629 929 1874 994 videtur;

244 1019 249 1022 ’
300 1028 641 1101 signaculum
665 1042 819 1093 vero,
844 1026 936 1082 ubi
961 1025 1229 1081 clauditur
1255 1025 1461 1096 aliquid
1489 1033 1544 1081 et
1565 1039 1673 1080 non
1697 1029 1875 1093 patet:

297 1125 478 1190 potest
528 1116 694 1171 etiam
749 1117 825 1170 ita
879 1114 1104 1185 intelligi
1154 1115 1297 1185 quod
1343 1113 1603 1185 mysteria
1650 1112 1707 1167 in
1761 1111 1878 1182 lege

299 1207 727 1278 etpatriarchis
773 1205 1190 1271 adumbrantur,
1237 1197 1654 1276 hujusmodique
1697 1209 1874 1269 erant,

297 1315 418 1372 quze
459 1308 516 1354 et
551 1299 718 1370 signis
762 1298 1048 1353 indicanda
1090 1305 1306 1363 essent,
1349 1296 1746 1369 consignaculis
1781 1296 1879 1352 ob-

299 1392 583 1447 servanda.
622 1389 774 1457 Quod
801 1405 931 1460 ergo
975 1389 1143 1461 signis
1179 1389 1469 1444 indicanda
1498 1395 1676 1455 erant,
1703 1388 1760 1442 in
1789 1387 1879 1443 his

297 1484 389 1553 qui
419 1477 713 1536 credebant
741 1496 808 1536 ex
835 1480 1104 1552 gentibus,
1136 1479 1352 1552 signum
1379 1478 1653 1548 accepisse
1678 1477 1878 1533 dicitur

295 1575 589 1630 Abraham.
657 1572 808 1639 Quod
853 1587 985 1627 vero
1043 1572 1130 1627 his
1174 1586 1242 1626 ex
1304 1569 1718 1626 circumcisione
1766 1565 1890 1625 non'

295 1674 452 1720 erant
503 1663 794 1729 credituri,
847 1662 1183 1718 observanda
1234 1671 1390 1718 erant
1443 1669 1497 1717 et
1551 1661 1872 1732 obtegenda,

295 1757 630 1830 signaculum
666 1757 941 1828 accepisse
974 1758 1193 1823 dicitur,
1228 1759 1372 1829 quod
1401 1757 1741 1829 signaculum
1767 1757 1875 1812 uti-

296 1866 402 1920 que
435 1849 525 1904 illo
555 1850 609 1904 in
636 1858 878 1920 tempore
904 1849 1292 1920 designabitur,
1326 1865 1449 1904 cum
1473 1849 1529 1904 in
1562 1849 1872 1905 novissimis

1983 651 2420 717 neomeniarum,
2470 651 2930 721 circumcisionis,
2979 669 3226 710 escarum
3275 657 3555 726 discretio,

1983 745 2234 800 animalis
2272 748 2474 802 mortui
2514 746 2749 818 sanguis,
2778 749 3021 805 mustelae
3061 750 3387 806 observatio.
3437 749 3556 807 Non

1980 852 2195 892 omnem
2253 840 2751 908 praevaricationem
2813 842 3138 912 generaliter
3186 843 3242 898 in
3290 844 3395 899 hoc
3435 843 3557 900 loco

1982 929 2268 984 annuntiat
2314 930 2656 1000 appellatam,
2712 933 2806 988 sed
2839 934 2956 1004 ejus
2984 935 3076 1004 qui
3117 935 3172 989 in
3207 935 3323 1007 lege
3349 937 3558 1006 positus

1981 1019 2288 1091 deliquerit,
2336 1029 2396 1074 ut
2437 1025 2656 1092 gravius
2703 1025 2954 1081 delictum
3003 1027 3252 1082 videatur
3297 1028 3414 1096 ejus
3461 1029 3556 1100 qui

1979 1127 2078 1183 per
2114 1113 2288 1184 legem
2328 1115 2633 1184 prohibitus
2664 1127 2872 1187 peccat,
2925 1135 3084 1190 quam
3129 1121 3245 1190 ejus
3280 1123 3372 1192 qui
3411 1122 3558 1179 nulla

1979 1204 2096 1276 lege
2122 1204 2286 1260 fuerit
2311 1209 2693 1266 commonitus.
2725 1210 2857 1266 Ideo
2885 1223 3057 1268 autem
3087 1232 3151 1268 ex
3174 1216 3298 1284 ﬁde.
3343 1217 3556 1272 Subau-

1981 1298 2150 1365 ditur,
2177 1300 2420 1356 haaredes
2450 1311 2591 1357 sunt.
2642 1300 2712 1357 Ut
2744 1307 3031 1360 secundum
3054 1310 3280 1378 gratiam
3307 1310 3465 1379 ﬁrma
3490 1312 3558 1365 sit
3616 1367 3621 1373 κ

1979 1390 2275 1458 promissio.
2323 1390 2507 1446 Firma
2553 1407 2675 1448 esse
2717 1410 2826 1450 non
2862 1404 3042 1465 potest
3075 1401 3218 1453 omni
3255 1400 3458 1455 homini
3492 1416 3560 1455 ex

1979 1480 2125 1533 omni
2154 1489 2312 1549 gente
2341 1483 2649 1551 promissio,
2677 1485 2782 1540 nisi
2812 1485 2977 1542 fuerit
2999 1503 3065 1544 ex
3093 1489 3219 1556 ﬁde,
3249 1491 3376 1560 quia
3406 1492 3559 1562 origo

1977 1570 2352 1639 promissionis
2385 1589 2452 1628 ex
2489 1574 2594 1630 ﬁde
2622 1585 2728 1643 est,
2764 1592 2872 1633 non
2910 1594 2978 1635 ex
3007 1579 3146 1652 lege,
3177 1585 3303 1654 quia
3333 1587 3425 1656 qui
3461 1587 3561 1642 sub

1979 1662 2097 1734 lege
2135 1673 2280 1732 sunt,
2313 1666 2393 1721 rei
2429 1676 2554 1722 sunt
2579 1686 2592 1725 :
2617 1671 2905 1740 promissio
2943 1681 3127 1729 autem
3164 1676 3272 1732 reis
3301 1678 3417 1733 dari
3452 1693 3560 1734 non

1976 1762 2176 1824 potest.
2242 1755 2383 1822 Quia
2427 1768 2630 1829 patrem
2681 1762 2968 1818 multarum
3011 1768 3242 1836 gentium
3289 1772 3441 1839 posui
3486 1779 3556 1826 te.

1978 1841 2094 1899 Hoc
2141 1853 2243 1912 est,
2294 1861 2403 1902 non
2446 1856 2655 1905 tantum
2692 1852 2853 1906 unius
2889 1854 3102 1922 generis
3149 1855 3384 1912 lsraelis.
3414 1852 3562 1914 ‘Ante

295 1938 486 1995 diebus
504 1947 790 2010 postquam
811 1939 1091 2006 plenitudo
1117 1938 1355 2006 gentium
1384 1939 1672 2004 introierit,
1697 1938 1874 1993 omnis
1903 1923 1951 1983 B
1978 1932 2168 1989 Deum.
2218 1937 2382 1994 Recte
2420 1940 2646 1996 attendit
2687 1959 2754 1998 ex
2797 1960 2893 2000 sua
2939 1946 3380 2017 interpretatione
3420 1951 3562 2022 Apo-

293 2031 463 2087 Israel
498 2030 680 2084 salvus
705 2029 796 2083 ﬁet
843 2045 857 2082 :
899 2027 1106 2082 idcirco
1147 2035 1273 2082 ante
1301 2027 1579 2082 Abraham
1605 2027 1876 2098 justiﬁca-

297 2131 385 2176 tur
421 2122 477 2176 in
511 2121 637 2187 ﬁde,
664 2120 794 2174 dum
821 2119 1000 2174 adhuc
1032 2118 1389 2174 circumcisus
1425 2127 1588 2184 esset,
1614 2125 1668 2172 ct
1693 2125 1882 2187 postea

291 2211 723 2278 circumciditur,
758 2218 819 2264 ut
857 2209 1233 2264 ostenderetur
1266 2209 1445 2280 primo
1481 2218 1640 2280 pater
1669 2207 1883 2264 futurus

289 2302 592 2356 multarum
626 2301 887 2372 gentium,
916 2307 973 2354 et
993 2308 1184 2370 postea
1213 2313 1403 2354 eorum
1428 2300 1520 2371 qui
1547 2315 1614 2354 ex
1641 2300 1875 2355 circum-

289 2392 502 2447 cisione
527 2391 784 2446 credituri
811 2397 940 2446 sunt
964 2408 976 2444 :
1001 2405 1178 2462 neque
1202 2389 1348 2445 enim
1376 2390 1433 2446 hi
1461 2389 1554 2460 qui
1580 2388 1880 2444 secundum

291 2500 515 2542 carnem
560 2492 856 2540 nascuntur
895 2498 965 2540 ex
990 2482 1287 2548 Abraham,
1342 2482 1440 2537 ﬁlii
1468 2481 1747 2536 Abraham
1798 2481 1880 2536 di-

291 2579 451 2634 cendi
492 2584 639 2642 sunt,
677 2575 784 2631 nisi
819 2575 982 2632 ﬁdem
1022 2582 1079 2630 et
1104 2589 1269 2644 opera
1289 2573 1567 2628 Abraham
1604 2572 1874 2628 habeant:

291 2669 528 2725 eﬁicitur
581 2684 710 2742 ergo
743 2668 1030 2738 utriusque
1081 2666 1296 2738 generis
1315 2669 1322 2672 ’“
1341 2672 1516 2736 pater.
1568 2664 1695 2720 Non
1738 2665 1879 2718 enim

292 2781 385 2837 per
420 2763 583 2834 legem
618 2762 917 2832 promissio.
957 2759 1093 2828 Quia
1128 2759 1418 2830 promissio
1446 2775 1568 2829 quae
1606 2757 1753 2813 facta
1795 2765 1881 2814 est

291 2856 590 2921 Abraham,
612 2870 722 2909 non
751 2869 819 2910 ex
847 2852 1018 2924 Moysi
1041 2853 1159 2923 lege
1186 2853 1503 2907 constiterat
1543 2868 1556 2905 :
1581 2858 1707 2906 ante
1733 2850 1879 2906 enim

294 2924 458 3021 quam
480 2948 690 3020 Moyses
738 2947 1012 3020 legislator
1057 2947 1334 3010 existeret,
1360 2945 1620 3000 Dominus
1645 2944 1880 3001 Abrahae

295 3042 430 3096 dixit
453 3059 464 3093 :
491 3040 874 3095 Benedicentur
901 3040 957 3093 in
984 3049 1032 3093 te
1057 3056 1232 3093 omnes
1252 3039 1414 3092 tribus
1440 3048 1610 3105 terrm,
1640 3039 1743 3093 hoc
1772 3045 1876 3105 est,

293 3129 564 3185 htcredem
601 3135 807 3184 tactum
833 3143 956 3184 esse
1003 3130 1167 3184 totius
1193 3127 1398 3183 mundi.
1447 3125 1516 3182 Ut
1545 3128 1712 3184 haeres
1747 3136 1880 3183 esset

294 3221 497 3274 mundi.
541 3220 666 3275 Sive
702 3227 763 3274 ut
800 3221 856 3274 in
896 3221 1101 3276 semine
1135 3219 1271 3289 ejus,
1310 3219 1453 3289 quod
1490 3227 1573 3274 est
1605 3218 1875 3289 Christus,

1982 2024 2150 2079 stolus
2179 2038 2298 2082 ante
2317 2029 2507 2084 Deum.
2552 2031 2649 2086 Cui
2683 2035 2973 2091 credidisti.
3007 2038 3122 2094 Hoc
3149 2049 3252 2107 est,
3280 2051 3434 2112 pater
3466 2058 3563 2113 p0-

1983 2115 2119 2169 situs
2143 2126 2226 2170 est
2250 2119 2544 2176 multarum
2569 2125 2827 2194 gentium,
2856 2137 2981 2185 ante
3001 2130 3169 2187 Deum
3197 2135 3282 2189 cui
3311 2136 3559 2192 credidit.

1981 2206 2174 2273 Aliter,
2218 2218 2276 2264 ut
2309 2226 2476 2266 unum
2499 2213 2668 2269 Deum
2707 2217 2898 2273 doceat
2939 2223 3200 2288 omnium,
3231 2225 3470 2296 loquitur
3496 2229 3563 2283 ad

1983 2303 2229 2372 gentiles,
2256 2305 2534 2374 Abraham
2567 2309 2927 2378 justiﬁcatum
2966 2331 3087 2373 esse
3121 2328 3247 2376 ante
3283 2323 3476 2390 Deum,
3508 2325 3565 2379 in

1982 2408 2142 2464 quem
2169 2404 2356 2467 gentes
2389 2401 2636 2470 credunt,
2671 2415 2731 2459 ut
2759 2407 2833 2460 sit
2867 2408 2991 2466 talis
3020 2426 3231 2478 sensus,
3263 2415 3349 2469 cui
3384 2417 3567 2472 credi-

1981 2483 2130 2552 disti,
2167 2502 2200 2542 o
2226 2489 2442 2560 gentilis
2481 2494 2718 2564 popule:
2751 2499 2844 2566 qui
2887 2501 3126 2556 viviﬁcat
3171 2512 3430 2573 mortuos,
3476 2508 3567 2564 hic

1981 2585 2227 2634 mortuos
2261 2583 2330 2637 ad
2364 2588 2735 2654 generandum
2775 2591 2956 2660 ducit,
2995 2602 3057 2648 ut
3093 2600 3348 2666 praesenti
3389 2615 3565 2656 causae

1981 2673 2290 2765 conveniat.
2335 2675 2450 2733 Hoc
2487 2679 2632 2736 dicto
2671 2682 2738 2736 ad
2777 2683 2940 2765 ﬁdem
2974 2687 3206 2744 Abrahae
3251 2699 3439 2763 gentes
3484 2695 3570 2749 in-

1980 2761 2140 2830 vitat,
2172 2765 2266 2836 qui
2301 2782 2425 2824 cum
2457 2780 2604 2826 esset
2635 2773 2688 2827 in
2733 2761 3019 2847 praeputio,
3065 2761 3294 2839 credens
3330 2785 3442 2841 Deo
3480 2787 3570 2858 ju-

1981 2855 2252 2914 stiﬁcatus
2286 2866 2372 2916 est
2406 2876 2532 2917 cum
2575 2879 2672 2919 sua
2711 2868 2940 2941 conjuge
2983 2889 2995 2925 :
3034 2887 3157 2928 cum
3197 2875 3342 2930 enim
3386 2855 3570 2933 esstmt

1981 2963 2140 3005 senes
2165 2953 2345 3020 ambo,
2372 2956 2690 3014 revixerunt
2717 2959 2811 3026 ita,
2842 2970 2901 3016 ut
2928 2979 3036 3019 non
3063 2965 3328 3024 ditﬁderet
3354 2971 3569 3027 habitu-

1981 3056 2104 3097 rum
2141 3059 2201 3100 se
2235 3060 2303 3100 ex
2337 3045 2474 3102 Sara
2513 3048 2705 3119 ﬁlium,
2744 3068 2908 3124 quam
2964 3058 3204 3115 sterilem
3239 3062 3474 3130 sciebat,
3512 3065 3568 3120 in

1981 3147 2088 3202 qua
2120 3132 2234 3203 jam
2273 3135 2449 3193 ﬂuxus
2489 3141 2836 3200 muliebrium
2886 3157 3095 3206 natura:
3139 3151 3430 3210 defecerat.
3494 3155 3569 3212 Et

1981 3227 2181 3282 vocavit
2208 3245 2291 3285 ea.
2331 3229 2390 3286 Id
2413 3241 2516 3300 est,
2555 3235 2766 3292 viscera
2792 3239 3110 3308 muliebria,
3143 3259 3265 3316 quae
3303 3262 3414 3303 non
3441 3260 3570 3304 sunt

271 3315 744 3371 ‘benedicerentur
769 3330 959 3369 omnes
993 3321 1199 3386 gentes,
1229 3327 1350 3384 quae
1376 3322 1501 3369 sunt
1538 3313 1676 3368 datae
1715 3312 1794 3368 illi
1819 3313 1874 3369 in
1903 3291 1950 3356 (ἶ
1980 3315 2212 3373 fecunda
2257 3321 2484 3378 scilicet.
2543 3324 2816 3399 Tanquam
2862 3348 2944 3386 ea.
3000 3291 3115 3390 Ηοὲ
3146 3291 3282 3404 ζει,
3327 3338 3562 3396 viscera.

293 3407 666 3462 haereditatem
712 3421 742 3460 a
777 3405 939 3461 Patre
979 3422 991 3458 :
1030 3406 1143 3460 sive
1190 3411 1248 3458 ut
1293 3419 1419 3459 cum
1463 3418 1530 3458 eo
1560 3404 1877 3458 recumbant

297 3505 488 3568 gentes
519 3497 573 3551 in
602 3511 771 3567 regno
795 3497 1075 3552 caelorum.
1107 3495 1170 3552 Si
1193 3496 1330 3550 enim
1360 3496 1450 3568 qui
1475 3511 1541 3549 ea:
1574 3493 1684 3566 lege
1709 3494 1877 3549 licere-

297 3587 390 3642 des
427 3595 568 3642 sunt.
604 3587 662 3643 Si
699 3588 776 3642 illi
807 3588 944 3654 soli,
983 3595 1044 3641 ut
1080 3603 1177 3644 vos
1214 3586 1397 3655 vultis,
1428 3585 1734 3642 Circumcisi
1758 3586 1874 3642 hae-

299 3675 462 3731 redes
495 3685 638 3742 sunt,
673 3693 781 3732 non
815 3677 1058 3747 implevit
1083 3676 1230 3732 Deus
1262 3677 1591 3747 promissum
1618 3676 1872 3740 Abrahaa,

299 3775 362 3822 ut
394 3775 550 3837 pater
574 3777 716 3824 esset
743 3769 1036 3824 multarum
1067 3769 1307 3840 gentium
1334 3785 1347 3821 :
1378 3774 1434 3823 et
1461 3769 1508 3823 si
1537 3768 1610 3822 ita
1637 3775 1740 3831 est,
1763 3765 1876 3835 jam

297 3863 573 3918 videbitur
617 3864 727 3919 Deo
777 3866 894 3920 sine
941 3879 1106 3920 causa
1160 3863 1473 3920 credidisse.
1526 3863 1659 3918 Illud
1711 3865 1877 3918 etiam

299 3956 579 4011 sciendum
616 3958 759 4025 quod
796 3959 938 4013 sicut
974 3972 1082 4012 non
1115 3971 1183 4012 ex
1221 3957 1340 4029 lege
1378 3957 1548 4028 Moysi
1588 3958 1877 4028 promissio

298 4043 443 4099 facta
482 4053 568 4100 est
600 4046 667 4100 ad
687 4045 978 4114 Abraham,
1030 4047 1106 4102 ita
1155 4063 1257 4103 nec
1303 4064 1401 4118 per
1429 4047 1602 4118 legem
1649 4057 1875 4115 naturae,

300 4139 395 4191 sed
432 4151 532 4206 per
570 4137 743 4208 legem
783 4135 908 4192 ﬁdei
942 4137 1232 4206 iustiﬁcari
1259 4141 1575 4208 promeruit.
1621 4139 1877 4208 Quamvis

297 4227 444 4283 enim
472 4228 560 4281 lex
597 4237 804 4284 naturze
833 4230 900 4284 de
927 4233 1070 4284 bono
1100 4237 1154 4284 et
1177 4229 1320 4284 malo
1347 4231 1716 4286 testimonium
1757 4230 1880 4286 red-

297 4319 422 4385 dat,
476 4321 773 4375 secundum
818 4321 1078 4391 judicium
1127 4322 1503 4390 conscientiae,
1553 4332 1731 4378 tamen
1774 4323 1880 4396 legi

298 4411 425 4466 ﬁdei
460 4425 567 4466 non
601 4420 782 4482 potest
817 4413 1123 4484 exaaquari,
1161 4428 1268 4484 qua
1302 4413 1413 4470 Deo
1444 4414 1676 4468 credidit
1700 4414 1877 4468 Abra-

297 4502 450 4569 ham,
480 4511 536 4558 et
560 4502 848 4570 justiﬁcari
886 4505 1100 4570 meruit,
1128 4513 1291 4577 atque
1329 4505 1538 4560 amicus
1566 4505 1663 4560 Dei
1693 4506 1878 4576 appel-

299 4593 423 4647 lari.
466 4592 576 4646 Lex
612 4594 749 4647 enim
792 4595 927 4648 iram
959 4605 1223 4664 operatur.
1273 4595 1343 4650 Ut
1367 4595 1582 4665 penitus
1628 4596 1878 4651 ostendat

300 4696 410 4737 non
439 4691 624 4755 posset
648 4683 939 4753 iustiﬁcari
964 4687 1238 4742 hominem
1266 4703 1363 4758 per
1383 4687 1577 4757 legem,
1602 4689 1715 4754 sed,
1741 4690 1882 4746 sicut

301 4785 431 4828 ante
454 4775 626 4842 ponit,
650 4790 747 4844 per
773 4775 952 4831 ﬁdem.
983 4776 1100 4832 Non
1123 4779 1204 4832 ira
1233 4793 1361 4850 ergo
1379 4777 1466 4833 lex
1490 4786 1592 4845 est,
1622 4780 1719 4834 sed
1743 4781 1882 4836 iram

300 4873 562 4935 Operatur
594 4869 860 4936 peccanti,
894 4869 946 4922 id
986 4877 1068 4924 est
1100 4884 1317 4939 poenam
1352 4884 1461 4925 non
1497 4871 1757 4941 agnoscit,
1789 4871 1885 4926 sed

300 4957 544 5012 vindicat
568 4973 582 5011 :
603 4974 761 5030 poena
793 4975 924 5015 vero
951 4977 1049 5031 per
1086 4962 1219 5016 iram
1247 4970 1555 5033 generatur,
1592 4964 1674 5018 ira
1701 4972 1882 5021 autem

304 5050 552 5106 nascitur
576 5067 643 5106 cx
667 5059 915 5122 peccato.
963 5053 1060 5108 Vel
1085 5072 1097 5107 :
1124 5055 1236 5110 Lex
1265 5055 1410 5110 enim
1439 5055 1578 5111 iram
1605 5065 1881 5126 operatur,

303 5146 431 5213 quia
475 5145 564 5200 lex
605 5162 715 5202 non
755 5148 923 5203 donat
959 5157 1203 5218 peccata,
1244 5152 1335 5206 sed
1375 5152 1626 5220 damnat;
1670 5161 1724 5210 et
1762 5153 1884 5210 ideo

303 5250 411 5289 non
471 5244 626 5306 potes
685 5253 876 5295 omnes
922 5247 1110 5311 gentes
1164 5241 1304 5296 ﬁlios
1352 5242 1627 5300 Abraham
1683 5245 1882 5314 facere,

304 5325 399 5394 qui
433 5327 730 5387 secundum
755 5329 899 5399 quod
917 5345 1106 5385 omnes
1132 5330 1234 5385 sub
1250 5343 1472 5402 peccato
1500 5335 1703 5390 inventi
1738 5344 1882 5403 sunt,

305 5433 494 5473 omnes
523 5427 683 5475 erant
708 5421 896 5492 utique
927 5423 1185 5495 puniendi
1216 5442 1229 5479 :
1259 5423 1392 5480 ﬁdes
1421 5435 1622 5493 autem,
1651 5427 1887 5483 dimissis

307 5523 406 5578 per
441 5511 672 5580 gratiam
706 5515 966 5584 peccatis,
1005 5531 1194 5571 omnes
1233 5517 1515 5572 credentes
1548 5517 1688 5574 ﬁlios
1723 5519 1886 5574 etﬁcit

307 5600 562 5657 Abrahae.
621 5602 721 5658 Ubi
769 5607 907 5661 enim
956 5625 1059 5663 non
1104 5619 1180 5664 est
1225 5607 1328 5676 lex,
1369 5627 1461 5664 nec
1500 5612 1881 5682 praevaricatio.

311 5687 425 5746 Hoc
452 5700 560 5761 est,
588 5693 814 5752 sublatis
853 5699 962 5753 reis
987 5699 1053 5754 de
1076 5707 1345 5770 potestate
1371 5701 1527 5773 legis,
1557 5701 1681 5757 data
1706 5703 1880 5769 venia,

313 5785 692 5853 prtevaricatio
722 5788 868 5844 nulla
893 5799 976 5846 est
1000 5808 1012 5844 :
1031 5790 1311 5860 justiﬁcati
1337 5794 1482 5850 enim
1511 5802 1637 5849 sunt
1663 5795 1754 5866 qui
1789 5811 1888 5866 per

315 5877 817 5943 praevaricationem
872 5882 1005 5954 legis
1056 5883 1270 5943 fuerant
1316 5896 1660 5958 peccatores;
1710 5898 1890 5948 cessat

1981 3406 2114 3474 Qua:
2141 3420 2283 3466 sunt.
2338 3412 2505 3470 Partu
2534 3417 2786 3476 videlicet
2810 3421 3057 3492 fecunda,
3084 3433 3145 3480 ut
3167 3425 3404 3484 Cethura
3431 3429 3563 3486 fuit:

1977 3504 2222 3571 quamvis
2276 3505 2333 3560 in
2380 3508 2646 3580 principio
2690 3516 2913 3572 creandi
2961 3528 3251 3576 vocaverat
3291 3537 3413 3591 qua:
3453 3538 3565 3579 non

1976 3601 2152 3662 erant,
2186 3599 2458 3653 etstatim
2493 3615 2614 3657 esse
2645 3615 2948 3674 creperum,
2977 3616 3159 3663 tamen
3191 3611 3280 3669 hic
3301 3601 3428 3681 quia
3452 3613 3570 3682 jam

1977 3698 2086 3739 non
2109 3693 2283 3752 erant,
2311 3689 2392 3743 eis
2417 3697 2664 3760 tempora
2689 3696 2984 3762 generandi
3012 3701 3247 3756 vocavit.

2051 3774 2156 3842 Qui
2196 3788 2380 3834 contra
2418 3798 2561 3852 spem
2607 3785 2664 3838 in
2701 3803 2844 3857 spem
2881 3790 3121 3847 credidit.
3175 3793 3376 3851 Contra
3415 3798 3570 3869 spem

1978 3873 2188 3924 natura:
2225 3879 2345 3925 erat
2379 3879 2440 3926 ut
2475 3881 2694 3932 centum
2730 3891 2996 3934 annorum
3030 3881 3194 3940 homo
3233 3900 3302 3942 ex
3339 3886 3568 3945 muliere

1977 3972 2132 4028 aeque
2169 3957 2283 4028 jam
2321 3960 2496 4030 fessa,
2546 3980 2668 4036 quae
2719 3969 2884 4025 etiam
2931 3972 2988 4026 in
3029 3972 3315 4044 juventute
3361 3981 3568 4038 sterilis

1976 4049 2198 4118 fuisset,
2240 4069 2424 4111 semen
2463 4073 2622 4114 suum
2661 4060 2802 4117 sicut
2851 4064 3037 4121 stellas
3075 4068 3200 4124 caeli
3247 4077 3302 4125 et
3345 4086 3570 4130 arenam

1979 4145 2148 4200 maris
2177 4147 2424 4204 crederet
2458 4166 2580 4208 esse
2615 4152 2876 4212 futurum.
2913 4158 3049 4216 Cum
3089 4178 3198 4219 non
3227 4179 3377 4236 spem
3403 4168 3568 4225 habet

1979 4239 2274 4308 generandi
2313 4240 2621 4312 Abraham,
2673 4249 2846 4304 credit
2891 4251 3003 4308 Deo
3021 4294 3036 4319 ,
3096 4271 3324 4326 sperans
3376 4270 3568 4318 contra

1981 4346 2131 4400 spem
2168 4350 2427 4403 generare
2456 4354 2534 4405 se,
2572 4343 2751 4400 sciens
2782 4348 2967 4402 omnia
3008 4365 3166 4420 posse
3193 4354 3383 4410 Deum.
3431 4357 3568 4415 Item

1982 4427 2278 4481 secundum
2307 4429 2460 4486 alios.
2490 4432 2594 4498 Qui
2620 4437 2844 4506 viviﬁcat
2865 4449 3117 4496 mortuos.
3141 4443 3198 4498 Id
3210 4453 3294 4500 est
3314 4458 3570 4517 peccato-

1982 4529 2091 4582 res,
2116 4517 2208 4585 qui
2234 4521 2530 4575 secundum
2560 4523 2873 4588 interiorem
2897 4529 3173 4588 hominem
3195 4538 3395 4593 mortui
3419 4549 3563 4595 sunt.

2054 4606 2125 4661 Et
2152 4611 2347 4664 vocavit
2369 4628 2450 4666 ea.
2483 4612 2598 4669 Hoc
2628 4626 2731 4682 est,
2760 4633 2961 4689 genera
2987 4624 3250 4694 gentium,
3282 4636 3341 4684 ut
3371 4630 3482 4687 sint
3508 4633 3566 4688 in

1984 4695 2109 4790 ﬁde.
2141 4697 2410 4772 Tanquam
2433 4719 2494 4757 ea
2520 4721 2636 4776 qua:
2660 4717 2802 4761 sunt.
2833 4708 2894 4765 Id
2918 4719 3022 4778 est,
3055 4721 3309 4786 tanquam
3333 4721 3569 4790 patriar-

1983 4788 2134 4856 chas,
2181 4799 2237 4845 et
2282 4795 2595 4863 prophetas,
2643 4806 2698 4854 et
2739 4801 3032 4872 apostolos,
3074 4807 3167 4877 qui
3204 4788 3352 4866 sunt
3368 4813 3423 4868 in
3458 4813 3566 4871 ﬁde

1984 4879 2247 4952 perfecta,
2272 4885 2572 4941 constituit.

1992 5031 2004 5038 _
2058 4972 2184 5028 Non
2229 4978 2581 5034 consideravit
2628 4999 2816 5054 corpus
2855 5003 3011 5043 suum
3049 4995 3388 5047 emortuum."
3418 4992 3568 5054 Nihil

1985 5073 2196 5120 naturae
2230 5069 2538 5126 considerat
2581 5072 2739 5142 ﬁdes,
2772 5079 2898 5147 quia
2944 5082 3370 5151 omnipotentem
3414 5090 3567 5146 novit

1986 5169 2109 5210 eum
2138 5157 2229 5226 qui
2259 5159 2413 5214 dixit.
2455 5160 2725 5229 Quaeritur
2772 5171 3042 5238 quomodo
3067 5171 3345 5230 Abraham
3384 5191 3565 5236 emor-

1987 5254 2082 5302 tuo
2117 5263 2345 5319 corpore
2374 5251 2441 5307 de
2465 5252 2703 5311 Cethura
2738 5258 2879 5317 ﬁlios
2915 5263 3183 5332 genuerit,
3217 5267 3310 5337 qui
3338 5269 3405 5327 de
3427 5271 3564 5330 Sara

1987 5346 2112 5393 ante
2145 5355 2252 5395 non
2284 5343 2482 5410 potuit.
2536 5345 2742 5406 Idcirco
2778 5366 2908 5420 ergo
2945 5353 3012 5407 de
3037 5351 3171 5410 Sara
3209 5374 3319 5415 non
3353 5365 3563 5434 genuit,

1987 5431 2114 5502 quia
2148 5441 2359 5490 vetusta
2397 5444 2513 5491 erat
2552 5447 2606 5493 et
2637 5441 2838 5498 sterilis
2872 5460 2886 5499 :
2931 5444 2985 5497 in
3032 5444 3122 5501 illa
3153 5463 3282 5507 vero
3316 5431 3472 5523 quasi

1984 5520 2185 5591 juvene
2234 5539 2397 5583 cursu
2445 5537 2654 5586 naturae
2702 5530 2862 5587 facile
2909 5536 3086 5603 potuit
3131 5520 3411 5609 generare.
3469 5545 3567 5604 Sic

1992 5613 2127 5670 solvi
2161 5616 2299 5672 solet
2328 5628 2382 5675 et
2416 5620 2518 5677 ista
2544 5625 2771 5693 quaestio
2797 5643 2809 5678 :
2837 5626 2988 5693 Quod
3014 5631 3345 5690 de‘Cethura
3370 5648 3565 5708 postea

1993 5710 2179 5780 genuit
2198 5710 2475 5804 Abraham
2516 5717 2674 5782 ﬁlios,
2709 5719 2833 5788 quia
2877 5722 3075 5779 donum
3117 5727 3369 5799 gignendi
3416 5737 3564 5804 quod

1992 5815 2023 5854 a
2058 5800 2286 5860 Domino
2327 5807 2554 5876 accepit,
2592 5808 2755 5864 etiam
2793 5822 2917 5884 post
2951 5816 3158 5873 obitum
3189 5819 3338 5876 Sara:
3376 5800 3564 5882 uror-is

1991 5893 2212 5950 mansit.
2256 5896 2389 5954 Item
2422 5898 2789 5963 Ambrosius:
2822 5909 2948 5966 Non
2984 5914 3329 5971 consideravit
3372 5935 3560 5992 corpus
