4108 6334
529 406 590 465 5i
1060 394 1065 397 ’
1924 400 2108 460 ΞΕΒΠ]

2230 399 2425 458 soon
3721 406 3792 467 δα

529 532 682 572 suum
711 521 1003 573 emortuum
1038 528 1055 566 :
1088 515 1339 573 hortatur
1371 524 1560 585 gentes
1596 515 1662 571 ad
1687 514 1826 569 hanc
1853 512 1978 568 ﬁdei
2009 512 2103 567 ﬁr—
2131 513 2185 576 Α
2206 526 2392 581 pacem
2420 510 2518 568 Dei
2544 509 2810 579 venimus,
2835 512 3051 582 quando
3080 512 3341 569 adversus
3369 511 3641 570 diabolum
3663 530 3793 591 per.

532 600 800 674 mitatem,
831 616 891 661 ut
918 607 1015 661 Dei
1049 607 1464 681 promissionem
1496 614 1548 661 et
1582 605 1809 676 gratiam
1846 604 1963 661 sine
2007 603 2105 658 ali-

530 720 638 791 qua
664 702 1020 775 ambiguitate
1044 702 1367 789 suscipiant,
1393 703 1566 758 securi
1589 701 1834 775 exemplo
1855 699 2103 756 Abrahzr.

530 794 811 867 Quomodo
848 794 895 850 is
926 794 1198 850 videbitur
1233 792 1465 851 emortui
1503 792 1764 864 corporis,
1809 793 1899 863 qui
1938 792 2107 851 multo

531 889 715 946 senior
739 886 961 944 effectus
992 902 1154 956 quam
1180 895 1309 941 tunc
1340 892 1475 949 erat,
1506 874 1559 939 et
1586 899 1809 943 uxorem
1842 884 2105 955 accipere,

529 987 586 1036 et
633 994 727 1035 sex
774 977 975 1034 liberos
1019 984 1313 1049 procreare
1353 974 1567 1045 possit?
1627 974 1815 1046 Itaque
1864 975 2109 1033 dicamus

527 1068 805 1127 Abraham
835 1082 943 1124 non
977 1064 1309 1123 inﬁrmitatis
1338 1072 1662 1130 emortuum,
1692 1065 1788 1121 sed
1813 1064 2105 1120 secundum

530 1160 681 1215 illam
724 1159 976 1215 virtutem
1014 1152 1359 1221 sanctor‘um,
1401 1144 1501 1210 ibit
1538 1152 1592 1209 in
1636 1150 1726 1210 illo
1764 1155 2109 1210 inortiiicatio

528 1251 693 1306 etiam
732 1250 1135 1313 membrorum,
1170 1242 1299 1301 'nam
1346 1242 1455 1303 non
1502 1238 1832 1300 incitabatur
1872 1238 2107 1312 luxuria,

528 1358 636 1397 non
685 1343 946 1398 urebatur
995 1332 1216 1395 libidine
1246 1358 1258 1392 :
1284 1332 1392 1395 hoc
1430 1338 1571 1392 idem
1603 1346 1723 1393 erat
1756 1346 1811 1393 et
1853 1336 1908 1392 in
1950 1336 2105 1403 Sara,

528 1436 655 1504 quia
685 1431 995 1488 defecerant
1034 1422 1339 1485 muliebria.
1381 1428 1502 1483 Non
1531 1436 1650 1483 erat
1682 1428 1737 1482 in
1766 1424 1856 1481 illa
1889 1426 2109 1481 lascivia

529 1523 790 1587 mulieris,
822 1528 915 1577 aut
950 1516 1356 1577 incontinentis:
1389 1516 1616 1585 solutio,
1653 1528 1827 1587 neque
1868 1516 1921 1571 in
1949 1532 2109 1571 usum

526 1612 765 1670 libidinis
799 1606 1277 1684 praecipitabantur
1304 1608 1480 1664 inviti.
1524 1604 1631 1663 Sed
1660 1610 1714 1663 et
1761 1617 1817 1662 tu
1847 1606 1890 1664 si
1923 1604 2111 1664 morti-

525 1701 658 1759 ﬁcas
686 1701 930 1758 membra
961 1711 1075 1767 tua,
1102 1702 1223 1771 qua:
1260 1702 1386 1756 sunt
1412 1715 1574 1779 super
1606 1705 1807 1753 terram
1835 1716 1848 1752 :
1877 1698 1922 1754 si
1965 1698 2112 1769 abje-

523 1800 611 1848 cto
638 1791 785 1847 omni
813 1790 1029 1846 fervore
1052 1789 1312 1856 libidinis,
1337 1792 1644 1844 emortuum
1675 1800 1872 1861 corpus
1901 1803 2108 1851 serves,

2210 600 2473 668 sistimus,
2503 608 2558 658 et
2602 601 2818 674 quando
2845 602 3131 659 adversum
3180 604 3360 659 carnis
3396 605 3523 660 vitia
3568 598 3795 675 dimica-

2209 706 2350 747 mus.
2383 691 2452 748 Et
2477 694 2603 763 quia
2629 693 2891 750 Dominus
2923 694 3081 751 Iesus
3122 694 3280 763 hujus
3320 698 3506 768 gratiae
3550 700 3797 760 minister

2210 790 2313 850 est,
2341 797 2438 855 per
2466 784 2642 853 ipsum
2664 784 2936 855 paciﬁcati
2966 801 3151 841 sumus
3182 786 3310 840 Deo.

2282 862 2389 926 Per
2413 878 2565 949 quem
2595 888 2860 929 accessum
2903 869 3150 931 habemus
3191 892 3284 945 per
3308 874 3468 953 fidem
3489 875 3544 933 in
3566 879 3796 949 gratiam

2210 965 2389 1019 istam.
2416 960 2530 1020 Hoc
2559 974 2675 1034 est,
2723 981 2821 1039 per
2858 966 3016 1041 quem
3058 966 3450 1025 accesserimus
3485 968 3673 1045 prope,
3703 972 3795 1051 qui

2210 1058 2427 1115 eramus
2476 1055 2653 1129 longe.
2706 1054 2988 1127 Quomodo
3030 1060 3309 1117 accessum
3360 1059 3656 1129 habeamus
3697 1073 3798 1137 per

2211 1146 2497 1205 Dominum
2528 1160 2773 1208 nostrum
2823 1142 3006 1207 Iesum
3040 1150 3351 1219 Christum,
3402 1154 3517 1227 ipse
3550 1148 3799 1213 Salvator

2212 1243 2320 1297 ait:
2348 1236 2462 1321 Ego
2491 1250 2607 1297 sum
2631 1241 2845 1311 ostium,
2870 1261 3018 1300 nemo
3042 1245 3181 1299 venit
3211 1240 3280 1299 ad
3313 1238 3551 1313 Patrem,
3575 1246 3679 1302 nisi
3704 1256 3801 1323 per

2211 1350 2296 1387 me
2345 1326 2539 1404 (Joan.
2571 1328 2659 1407 χ).
2692 1324 2799 1389 Sed
2837 1328 3119 1389 videamus
3166 1333 3325 1405 quale
3354 1334 3439 1390 est
3474 1337 3702 1402 Ostium,
3740 1348 3799 1394 ut

2216 1424 2456 1491 sciamus
2484 1417 2675 1499 quales
2702 1439 2823 1480 esse
2862 1422 3096 1481 debeant
3114 1424 3205 1496 qui
3232 1423 3439 1481 intrant
3464 1438 3563 1499 per
3594 1422 3798 1501 ipsum,

2212 1526 2267 1574 et
2295 1515 2570 1573 accessum
2600 1510 2805 1574 habent
2834 1518 2901 1574 ad
2924 1514 3176 1591 gratiam.
3208 1516 3358 1574 Istud
3379 1517 3576 1576 ostium
3597 1521 3802 1579 veritas

2211 1621 2326 1668 est:
2356 1617 2411 1675 et
2438 1606 2484 1669 si
2512 1602 2713 1669 ostium
2738 1612 2960 1680 veritas,
2993 1627 3100 1666 non
3134 1616 3359 1685 possunt
3393 1612 3617 1671 introire
3643 1628 3801 1668 men-

2213 1694 2396 1758 daces.
2426 1696 2495 1758 Et
2524 1718 2778 1757 rursum:
2819 1694 2965 1758 istud
3003 1696 3200 1758 ostium
3224 1698 3436 1773 justitia
3474 1710 3575 1768 est,
3616 1712 3671 1758 et
3704 1719 3804 1777 per

2211 1792 2408 1851 ostium
2424 1792 2649 1865 iustitia:
2678 1811 2783 1850 non
2804 1788 3184 1871 ingrediuntur
3204 1791 3408 1867 injusti.
3435 1790 3580 1851 Istud
3599 1792 3803 1851 oSli'utn

522 1891 578 1939 ct
624 1882 787 1940 nullis
831 1882 1126 1939 Obnoxiam
1169 1878 1351 1949 ἥῑῖἰε,
1400 1882 1556 1963 Ρὸῐέε
1600 1880 1862 1954 generare
1917 1876 2103 1947 Isaac.
2137 1868 2186 1931 Β
2212 1875 2384 1946 dicit:
2425 1876 2624 1955 Discite
2653 1906 2684 1942 a
2714 1906 2817 1957 me,
2849 1868 2979 1961 quia
3007 1889 3147 1947 mitis
3174 1907 3307 1955 sum,
3335 1888 3383 1945 et
3418 1885 3628 1947 humilis
3646 1892 3804 1948 corde

523 1975 667 2046 quod
696 1982 781 2032 est
806 1975 1083 2046 gaudium.
1114 1970 1188 2030 Et
1212 1972 1306 2031 hic
1341 1984 1424 2030 est
1455 1975 1667 2047 primus
1700 1972 1909 2030 fructus
1952 1974 2111 2045 spiri-

523 2076 636 2131 tus,
667 2070 847 2138 poten
885 2079 1071 2122 semen
1098 2068 1250 2121 tuu'm
1285 2066 1340 2122 et
1380 2082 1544 2141 opera
1581 2062 1874 2129 ascendere
1906 2069 1957 2127 in
1991 2083 2106 2125 coe-

523 2158 657 2223 lum,
707 2164 763 2213 et
809 2156 1022 2213 efﬁcere
1057 2162 1223 2228 opera
1272 2157 1429 2224 lucis,
1475 2169 1530 2215 et
1579 2152 1863 2216 stellarum
1915 2148 2111 2230 fulgori

522 2248 903 2320 splendor-igne
949 2248 1210 2315 conferri,
1258 2252 1317 2303 ut
1361 2264 1487 2305 cum
1536 2244 1651 2305 dies
1698 2246 2112 2305 resurrectionis

523 2339 776 2405 adfuerit,
806 2347 1069 2409 tanquam
1111 2336 1265 2394 stella
1307 2337 1527 2395 differas
1564 2339 1619 2393 in
1660 2338 1933 2393 claritate.
1982 2334 2113 2392 Am-

520 2432 664 2502 plius
698 2426 879 2487 adhuc
916 2430 1276 2501 diconpotes,
1312 2430 1358 2486 si
1396 2435 1507 2485 tam
1548 2440 1721 2500 purus
1759 2436 1957 2496 mente,
1998 2439 2111 2487 tam

523 2526 745 2576 sanctus
782 2532 1046 2590 corpore,
1084 2528 1195 2574 tam
1241 2520 1624 2577 immaculatus
1670 2520 1881 2575 actibus
1919 2518 2108 2588 fueris,

527 2610 692 2666 etiam
743 2610 919 2681 ipsum
958 2620 1223 2679 generare
1260 2609 1570 2677 Christum,
1618 2609 1915 2675 secundum
1961 2594 2110 2664 illum

526 2702 620 2773 qui
643 2701 862 2758 dicebat
889 2719 902 2756 :
930 2699 1119 2757 Fitiobi
1149 2702 1253 2756 ἠεξ
1281 2716 1414 2773 quos
1445 2703 1636 2756 iterum
1660 2702 1919 2773 parturit),
1948 2701 2111 2756 donec

524 2796 781 2868 {ametur
816 2791 1061 2850 Christus
1107 2795 1164 2849 in
1204 2794 1346 2849 uobis
1396 2792 1541 2867 (Gai.
1566 2792 1680 2866 tr);
1728 2800 1784 2849 et
1829 2792 2112 2863 sicutipse

522 2884 785 2943 Dominus
818 2884 997 2943 dicit:
1036 2885 1141 2954 Qui
1174 2885 1355 2956 fecerit
1397 2878 1721 2941 voluntatem
1762 2876 1945 2941 Patris
1986 2884 2107 2952 met,

522 2978 612 3050 qui
639 2981 697 3034 in
724 2978 866 3034 etatis
894 2988 992 3045 est,
1017 2978 1101 3033 his
1124 2988 1203 3033 est
1226 2988 1371 3032 meus
1401 2977 1583 3048 frater,
1607 2988 1760 3032 soror
1782 2980 1834 3032 et
1863 2984 2049 3031 Mater.

605 3068 729 3126 Non
754 3070 911 3126 hmit
938 3068 1251 3141 diﬁide‘utiu.
1296 3065 1409 3124 Nec
1436 3068 1503 3123 de
1530 3075 1813 3124 senectute
1835 3065 2111 3139 possibili-

521 3164 655 3220 tatis
687 3165 792 3219 nee
838 3162 906 3219 de
952 3161 1325 3233 magnitudine
1365 3158 1751 3231 promissionis
1802 3158 2104 3215 dubitavit:

522 3260 627 3312 nee
669 3248 816 3312 enim
842 3252 983 3310 ﬁdes
1011 3227 1178 3309 habet
1204 3227 1497 3319 meritum,
1545 3262 1668 3308 cum
1697 3251 1937 3307 humana
1965 3245 2105 3306 ratio
2135 3227 2181 3299 Ο

518 3349 715 3419 probet
736 3347 1189 3419 experimentum.

594 3440 740 3495 9am
785 3437 1013 3510 giarium
1062 3434 1192 3493 Deo.
1241 3434 1522 3507 Tanquam
1561 3435 1628 3491 de
1663 3442 1920 3507 percepto
1963 3434 2106 3490 dono

521 3535 727 3606 gratias
751 3532 939 3605 agetis.
975 3529 1099 3585 Non
1127 3538 1200 3585 est
1227 3539 1402 3585 autem
1423 3530 1673 3600 scriptum
1700 3538 1914 3599 propter
1934 3522 2106 3598 ipsum

521 3632 748 3679 tantum.
780 3620 899 3677 Hoc
925 3627 1032 3688 est,
1052 3634 1166 3675 non
1192 3626 1254 3675 ut
1279 3616 1399 3690 eius
1426 3617 1588 3674 ﬁdem
1621 3616 1791 3674 solam
1818 3612 2103 3681 sciremus,

523 3718 620 3774 sed
647 3725 707 3772 ut
732 3715 848 3786 ejus
872 3714 1032 3786 quasi
1061 3712 1235 3784 patris
1255 3712 1535 3768 imitemur
1554 3708 1885 3780 exemplum,
1914 3710 2041 3781 quia
2056 3708 2108 3765 si

520 3818 624 3863 nos
660 3806 742 3861 ita
766 3794 1059 3863 credamus
1095 3796 1208 3859 Deo
1236 3809 1297 3858 ut
1317 3801 1411 3857 ilie
1446 3798 1714 3869 Credidit,
1742 3801 1908 3857 etiam
1950 3801 2108 3858 nubis

522 3897 867 3969 reputabitur
894 3894 1031 3952 ﬁdes
1053 3895 1125 3951 ad
1143 3892 1433 3966 justitiam.
1470 3890 1590 3951 {ioc
1611 3896 1773 3950 modo
1798 3896 2109 3963 competen-

521 3997 610 4046 ter
635 3989 910 4044 videbitur
939 3986 1126 4044 habita
1170 3987 1503 4058 comparatio
1542 3986 1670 4043 ﬁdei
1712 3985 1985 4041 Abraham
2008 4027 2022 4051 ,
2050 3988 2109 4040 et

521 4092 711 4137 eorum
728 4079 825 4150 qui
841 4078 1075 4135 credunt
1095 4079 1152 4134 in
1174 4092 1321 4134 eum.
1337 4077 1446 4145 Qui
1467 4077 1735 4133 suscitavit
1755 4072 1937 4131 Iesum
1956 4072 2108 4131 Citri-

521 4181 679 4228 καίνει
710 4170 848 4241 Quia
874 4171 1021 4242 quod
1048 4171 1139 4226 ille
1183 4170 1424 4227 futurum
1464 4168 1731 4237 Credidit,
1772 4169 1916 4224 sicut
1950 4164 2016 4224 de
2040 4182 2108 4224 'eo

519 4266 784 4323 Domitius
802 4265 965 4320 dicit:
990 4263 1132 4331 Quia
1158 4260 1425 4319 Abraham
1450 4273 1599 4335 pater
1619 4268 1787 4317 vester
1809 4260 2105 4327 exsultabit,

522 4367 580 4414 att
608 4356 805 4412 sideret
827 4354 965 4411 diem
984 4366 1184 4422 meum,
1208 4364 1257 4410 et
1295 4356 1426 4410 vidit
1446 4397 1460 4422 ,
1496 4364 1545 4409 et
1583 4350 1791 4424 quam
1822 4358 1899 4409 est
1922 4352 2104 4426 (Ionii.

519 4450 663 4525 vui),
694 4465 727 4506 a
749 4450 910 4507 nobis
926 4450 1169 4506 creditur
1184 4448 1409 4504 factum.
1428 4447 1533 4514 Qui
1552 4447 1781 4503 traditus
1807 4457 1881 4501 est
1900 4454 2111 4519 propter

518 4542 711 4597 deticta
740 4552 941 4597 nostra.
980 4540 1053 4597 Ut
1074 4540 1328 4597 ostendat
1346 4538 1491 4609 quod
1516 4552 1580 4593 ea
1598 4554 1699 4610 pro
1721 4536 1919 4609 quibus
1945 4534 2104 4590 Chri-

520 4644 638 4691 stus
680 4634 915 4688 traditus
944 4641 1062 4698 est,
1112 4632 1275 4687 etiam
1314 4645 1417 4685 nos
1442 4629 1738 4685 abhorrere
1764 4628 2024 4683 debemus
2051 4632 2107 4679 et

520 4725 787 4797 abjioere:
814 4724 1090 4795 quomodo
1110 4724 1257 4777 enim
1290 4720 1523 4776 alienum
1551 4719 1709 4774 nobis
1743 4726 1799 4772 et
1824 4716 2104 4770 inimicum

524 4817 741 4873 ducitur
763 4826 925 4872 omne
950 4814 1232 4886 peceatum
1251 4853 1265 4877 ,
1292 4822 1394 4883 pro
1430 4824 1542 4882 quo
1569 4806 1899 4877 Redemptor
1923 4816 2108 4863 noster

520 4910 752 4965 traditus
780 4914 1114 4963 memoratur
1150 4906 1204 4960 in
1239 4902 1515 4958 mortem?
1555 4899 1859 4955 Resurreatit
1895 4906 2106 4971 propter

517 4996 950 5073 ratiﬁcation”
972 5004 1229 5050 nostrum.
1262 4992 1531 5049 Justiﬁcat
1564 4989 1814 5046 Christus
1849 5004 1944 5045 eos
1983 4996 2105 5044 tan-

522 5093 823 5157 tummodo,
852 5091 946 5161 qui
971 5100 1166 5144 novatn
1206 5087 1379 5141 vitam
1419 5081 1669 5155 exemplo
1690 5078 2105 5139 resurrectionis

522 5182 695 5254 ipsius
715 5186 1091 5249 susceperunt,
1106 5183 1162 5233 et
1182 5184 1394 5230 vetusta
1424 5174 1702 5246 iniustitia:
1727 5183 1888 5243 atque
1908 5173 2106 5244 iniqui-

520 5275 651 5330 tatis
682 5272 1018 5334 indumenta,
1045 5268 1193 5323 velut
1218 5278 1440 5322 causam
1468 5265 1682 5331 mortis,
1717 5264 1994 5336 abjiciuht.

1144 5378 1375 5435 CAPUT
1409 5379 1478 5435 Ἴ.

588 5471 879 5543 Justiﬁcati
906 5471 1065 5542 igitur
1092 5488 1155 5526 ea:
1175 5472 1279 5541 ﬁde
1298 5489 1480 5532 pacem
1520 5470 1767 5527 habemus
1805 5470 1874 5526 ad
1898 5470 2068 5526 Deum
2089 5512 2105 5540 ,

518 5580 612 5640 per
630 5564 914 5620 Dominum
942 5570 1178 5617 nostrum
1217 5562 1401 5619 Jesum
1439 5561 1722 5619 Christum.
1770 5563 2107 5620 Pertractata

520 5668 703 5722 causa,
729 5653 855 5725 quia
885 5667 1046 5710 nemo
1068 5662 1253 5711 eorum
1285 5672 1353 5712 ex
1384 5656 1638 5727 operibus
1658 5654 1989 5724 justifieatus
2011 5656 2102 5722 sit,

522 5748 617 5804 sed
638 5760 826 5803 omnes
860 5758 926 5803 ex
955 5745 1081 5816 fide,
1118 5750 1263 5820 quod
1310 5749 1557 5821 exemplo
1587 5748 1859 5805 Abraham
1889 5749 2102 5820 probat,

520 5848 712 5915 pacein
733 5837 936 5894 habere
957 5850 1051 5895 eos
1077 5838 1329 5895 hortatur
1354 5839 1421 5895 ad
1450 5839 1639 5894 Deum.
1668 5836 1818 5894 Tunc
1848 5839 2019 5907 magis
2046 5840 2102 5895 in

2213 1972 2426 2055 (Matth.
2449 1976 2549 2051 xi).
2575 1974 2681 2036 Per
2697 1976 2898 2039 ostium
2914 1994 3043 2051 ergo
3064 1974 3386 2038 humilitatis
3411 1984 3466 2036 et
3490 1978 3805 2047 mansuetu-

2211 2062 2373 2139 dinis,
2402 2087 2504 2130 nec
2534 2060 2827 2129 iracundus
2854 2058 3180 2144 ingreditur,
3210 2087 3312 2128 nec
3341 2062 3622 2145 superbus.

2285 2150 2353 2219 In
2383 2169 2486 2236 qua
2521 2174 2745 2221 stamus.
2774 2152 2899 2230 ideo
2931 2158 3069 2229 dixit
3094 2172 3331 2233 stantes,
3380 2166 3507 2237 quia
3525 2159 3802 2235 iacuimus

2212 2254 2379 2325 prius,
2446 2244 2515 2307 Et
2571 2246 2864 2327 gloriantur
2912 2252 2968 2319 in
3021 2271 3110 2329 spe
3160 2246 3347 2326 gloriae
3396 2244 3631 2327 ﬁliorum
3682 2252 3798 2311 Dei.

2200 2340 2522 2407 'Gloriamur
2556 2354 2661 2400 nos
2701 2358 2925 2414 sperare
2966 2334 3196 2417 gloriam
3240 2337 3473 2403 ﬁliorum
3520 2336 3650 2415 Dei,
3693 2362 3803 2420 qua

2202 2424 2337 2507 justi
2360 2428 2633 2508 fulgebunt
2654 2428 2790 2495 sicut
2814 2430 2893 2499 sol
2911 2436 2966 2495 in
2996 2442 3156 2507 regno
3184 2427 3365 2499 Patris
3391 2453 3570 2501 eorum
3586 2426 3800 2510 (Matth.

2211 2528 2358 2601 xm),
2385 2541 2441 2583 et
2466 2538 2627 2585 erunt
2650 2518 2797 2587 sicut
2825 2518 2998 2602 angeli
3022 2521 3117 2583 Dei
3138 2521 3193 2583 in
3210 2517 3366 2585 caelo.
3388 2520 3565 2584 Movet
3593 2524 3678 2584 ine
3704 2544 3801 2584 cur

2214 2642 2321 2683 non
2351 2614 2547 2681 dixerit
2574 2639 2632 2679 se
2661 2610 2880 2693 gloriari
2914 2612 2967 2678 in
2997 2614 3169 2695 gloria
3206 2613 3325 2689 Dei,
3360 2622 3450 2677 sed
3476 2614 3530 2677 in
3575 2622 3665 2692 spe
3684 2614 3801 2692 glo-

2213 2700 2307 2769 ria:
2350 2702 2468 2781 Dei,
2514 2713 2569 2768 in
2619 2729 2727 2784 quo
2767 2713 2957 2768 deesse
2990 2703 3211 2785 ‘quidem
3240 2708 3442 2784 aliquid
3476 2706 3801 2775 elocutionis

2212 2796 2448 2873 videtur,
2478 2794 2551 2858 ita
2582 2810 2641 2858 ut
2671 2794 2950 2863 subaudiri
2984 2801 3196 2870 debeat,
3219 2797 3277 2863 in
3304 2817 3398 2877 spe
3421 2790 3667 2857 videndae
3686 2799 3801 2873 glo-

2211 2892 2306 2950 ria:
2336 2884 2452 2950 Dei.
2485 2892 2609 2948 Non
2636 2888 2806 2947 solum
2833 2900 3008 2947 autem
3045 2890 3174 2967 hac,
3217 2886 3307 2947 sed
3338 2900 3387 2946 et
3427 2890 3719 2963 gloriamur
3743 2889 3801 2944 iit

2211 2980 2657 3040 tribulationibus.
2690 2981 2807 3039 Non
2836 2981 3011 3038 solum
3034 2980 3090 3037 in
3120 2973 3304 3054 gl'Oi'iaé
3346 2970 3475 3057 'spé,
3511 2974 3607 3036 bie'd
3633 2980 3799 3034 etiam

2212 3080 2268 3136 in
2304 3075 2678 3137 saluberrimis
2704 3072 3146 3134 tribulationibus
3171 3075 3484 3148 gloriamur,
3508 3074 3565 3129 in
3586 3071 3801 3147 magni—

2216 3163 2457 3235 tudinem
2502 3168 2851 3239 praemiorum
2889 3177 3206 3242 sperantes,
3239 3167 3380 3234 sicut
3411 3162 3643 3241 Iacobus
3681 3166 3796 3220 ait:

2213 3252 2381 3325 omne
2409 3254 2662 3332 gaudium
2688 3258 2982 3315 existimate
3000 3300 3016 3326 ,
3053 3276 3170 3314 cum
3208 3260 3263 3313 in
3292 3256 3598 3313 tentationes
3625 3254 3801 3314 varias

2210 3346 2499 3417 incideritis
2526 3350 2581 3427 (J
2586 3348 2734 3409 acab.
2772 3350 2834 3427 ι).
2864 3346 3019 3409 Unde
3041 3358 3096 3408 et
3111 3354 3301 3423 optare
3320 3348 3580 3408 debemus
3597 3349 3800 3427 aliquid

2207 3449 2322 3527 pati
2360 3463 2463 3521 pro
2492 3446 2713 3503 nomine
2740 3439 2987 3527 Domini,
3016 3452 3078 3500 ut
3103 3442 3447 3517 acquiramus
3473 3442 3539 3499 de
3576 3439 3801 3498 tribula-

2208 3540 2357 3615 tione
2385 3530 2623 3603 ﬁnienda
2647 3535 2935 3610 praemium
2956 3526 3260 3603 inﬁnitum:
3290 3528 3627 3593 considerato
3652 3526 3800 3595 enim

2208 3616 2466 3700 praemio,
2497 3624 2705 3684 nullum
2740 3631 3031 3702 possumus
3054 3624 3377 3700 condignum
3408 3624 3673 3693 aestimare
3712 3618 3797 3683 la-

2210 3722 2418 3778 borem.
2448 3714 2726 3783 Habemus
2751 3734 2881 3793 ergo
2906 3712 3046 3775 unde
3068 3712 3390 3792 gloriemur:
3433 3728 3626 3785 magna
3650 3713 3798 3770 enim

2210 3803 2381 3885 gloria
2409 3824 2492 3870 est
2526 3810 2593 3871 de
2621 3812 2746 3870 imis
2773 3810 2841 3868 ad
2883 3813 3093 3869 summa
3121 3812 3397 3879 crescere,
3437 3806 3493 3865 et
3525 3807 3592 3863 de
3626 3800 3800 3869 nihilo

2211 3902 2277 3962 ad
2310 3904 2547 3961 maxima
2575 3904 2878 3978 pervenire,
2913 3894 2979 3961 de
3000 3900 3132 3959 limo
3166 3902 3233 3958 ad
3255 3902 3471 3967 coelum,
3502 3902 3557 3957 et
3590 3898 3655 3956 de
3686 3913 3800 3954 scr-

2209 3986 2379 4053 vitute
2420 3990 2486 4051 ad
2532 3998 2788 4066 regnum:
2822 3992 2867 4050 si
2913 3982 3267 4057 tamen'omui
3312 3991 3493 4046 saeculi
3529 3988 3701 4060 gloria
3743 3990 3803 4047 ct

2205 4084 2548 4160 jucunditate
2579 4094 2907 4157 contempta,
2944 4086 2997 4139 in
3026 4078 3118 4139 illo
3140 4078 3278 4151 solo,
3314 4078 3456 4152 quod
3489 4076 3646 4136 nobis
3670 4082 3801 4152 pro-

2211 4179 2463 4245 mittitur,
2498 4177 2822 4250 gloriemur:
2847 4184 2902 4231 et
2929 4175 2975 4233 si
2999 4170 3102 4230 hoc
3134 4165 3349 4241 feceris,
3378 4166 3482 4228 tale
3506 4178 3609 4241 est,
3635 4172 3798 4255 quale

2211 4272 2255 4328 si
2279 4271 2425 4342 quis,
2443 4285 2660 4325 nummo
2674 4262 2926 4341 plumbeo
2945 4262 3278 4338 contempto,
3299 4280 3568 4338 gemmam
3588 4263 3795 4335 regiam

2210 4368 2591 4431 consequatur.
2630 4356 2951 4427 Quanquam
2984 4370 3085 4412 nec
3110 4356 3188 4413 sic
3219 4356 3289 4411 sit
3326 4354 3487 4426 digna
3515 4364 3790 4425 compara-

2213 4454 2310 4518 tio,
2334 4452 2460 4522 quia
2485 4450 2572 4506 his
2604 4449 2851 4522 quamvis
2874 4449 3108 4520 pretium
3135 4444 3321 4515 distét,
3338 4456 3521 4505 manet
3547 4446 3791 4515 utrisque

2210 4541 2585 4615 comparatio:
2618 4540 2689 4597 ibi
2721 4554 2849 4596 vero
2867 4534 3374 4612 incorruptibilibus
3398 4535 3788 4607 corruptibilia,

2212 4638 2268 4687 et
2297 4632 2515 4686 mternis
2540 4630 2746 4687 caduca
2792 4632 3215 4701 comparantur:
3264 4618 3495 4684 Scientes
3532 4626 3671 4697 quod
3697 4623 3795 4677 tri-

2215 4723 2413 4779 bulatio
2431 4724 2739 4796 patientiam
2761 4733 3031 4797 operatur.
3073 4720 3189 4779 Hoc
3234 4722 3348 4786 est,
3391 4708 3793 4774 tribulationem

2212 4816 2527 4888 patientiam
2566 4815 2814 4888 operari,
2864 4814 2910 4870 si
2957 4812 3237 4869 tribulatio
3280 4812 3396 4883 ipsa
3436 4812 3642 4865 motum
3684 4810 3791 4863 'non

2212 4906 2451 4977 patiatur
2480 4905 2835 4970 infirmitatis,
2864 4908 2957 4958 aut
2988 4896 3358 4959 dubitationis.

2285 4995 2553 5052 Patientia
2582 4998 2719 5053 enim
2751 4997 3133 5067 probationem.
3164 4993 3298 5062 Quia
3323 4982 3580 5064 patientia
3600 4988 3647 5046 'si
3671 4988 3794 5047 talis

2210 5088 2396 5157 fuerit,
2429 5088 2645 5159 qualem
2675 5084 2831 5152 dixit,
2856 5086 3011 5141 ﬁrma
3048 5074 3317 5141 videbitur
3345 5083 3617 5155 probatio,
3649 5081 3793 5137 unde

2213 5178 2468 5237 Salamon
2500 5178 2612 5234 ait:
2666 5176 2804 5233 Vasa
2830 5179 2982 5250 ﬁguli
3011 5177 3194 5250 probat
3226 5174 3436 5244 (ornans,
3477 5183 3527 5229 et
3558 5173 3792 5227 homines

2204 5274 2378 5344 justas
2402 5271 2618 5326 tentorio
2648 5264 2842 5343 (Eccli.
2876 5268 3069 5339 κείνη).

2285 5382 2537 5438 Probatio
2563 5391 2736 5438 autem
2770 5397 2932 5453 spem.
2976 5379 3110 5449 Spes
3148 5392 3278 5441 ,vero
3317 5376 3447 5449 quia
3488 5376 3789 5449 probatur,

2213 5476 2427 5532 videtur
2458 5490 2556 5532 nec
2582 5474 2855 5530 immerito
2876 5471 2983 5526 dici
3009 5489 3020 5524 :
3065 5469 3260 5541 dignus
3281 5457 3427 5533 enim
3452 5467 3623 5539 scitur
3640 5481 3793 5522 acce—

2209 5575 2402 5638 pturus
2453 5565 2945 5621 remunerationem
2998 5562 3052 5616 in
3101 5577 3270 5632 regno
3318 5544 3431 5614 Dei.
3488 5544 3792 5615 Tribulatio

2211 5667 2521 5716 sanctorum
2546 5657 2761 5727 proprie
2783 5662 2885 5720 est,
2912 5654 3202 5724 impiorum
3230 5668 3361 5711 vero
3385 5659 3439 5709 et
3463 5652 3790 5724 injustoruna

2209 5738 2419 5822 ﬂagella
2445 5749 2819 5820 appellantur:
2861 5747 3101 5817 Denique
3143 5746 3199 5800 in
3238 5745 3452 5817 psalmo
3493 5745 3575 5803 sic
3617 5744 3787 5800 dicit.

2211 5836 2396 5898 Μυιια»
2426 5840 2787 5901 tribulatione;
2804 5839 3070 5907 justorum
3094 5836 3268 5913 (Psal.
3309 5834 3527 5912 xxxm).
3556 5836 3641 5898 De
3670 5836 3790 5893 istis
