4108 6334
262 442 329 498 57
1365 431 1698 492 COLLECT.
1735 432 1808 489 1N
1844 431 2067 490 EPIST.
2106 433 2198 488 an
2234 429 2402 489 non.
3246 416 3249 419 ’
3454 437 3524 494 ss

255 557 524 613 debantur
551 572 563 608 :
592 566 720 608 nam
746 535 976 610 multum
1008 553 1260 621 interest,
1281 551 1428 624 quod
1457 550 1533 606 ibi
1557 551 1614 605 in
1638 564 1828 606 omnes
1846 551 1910 616 ‘A
1933 549 2090 602 unius
2117 547 2345 603 hominis
2373 556 2668 618 peccatores
2700 546 2970 602 constituti
3009 558 3132 602 sunt
3162 545 3340 615 multi,
3370 550 3445 604 ita
3473 562 3523 606 et

255 647 502 705 homines
525 645 662 700 dixit
693 645 1057 716 pertransisse
1086 653 1370 717 peccatum
1401 661 1414 697 :
1448 642 1540 697 hic
1563 656 1695 696 vero
1737 640 1832 695 do-

255 754 384 796 num
412 746 467 793 et
511 737 739 808 gratiam
768 735 896 792 Jesu
925 736 1128 792 Christi
1177 737 1232 790 in
1261 736 1443 807 plures
1495 731 1828 799 abundasse,

253 847 378 889 cum
394 838 448 886 et
473 845 663 885 omnes
677 830 923 885 homines
952 831 1134 901 plures
1159 829 1554 900 intelliguntur,
1573 836 1630 882 et
1646 827 1832 897 plures

255 921 454 977 multos
480 919 704 990 intelligi
731 918 838 974 non
866 918 1082 974 videtur
1103 919 1419 984 absurdum,
1451 917 1685 971 maxime
1709 931 1834 971 cum

253 1013 312 1068 in
341 1011 691 1082 sequentibus
721 1010 864 1065 dicat
892 1009 1128 1079 apertius
1155 1026 1170 1063 :
1205 1007 1356 1064 Sicut
1397 1025 1490 1078 per
1520 1008 1675 1062 unius
1704 1006 1836 1060 deli-

251 1113 395 1160 ctum
419 1120 594 1158 omnes
627 1103 861 1157 homines
920 1104 978 1157 in
1021 1101 1524 1166 condemnationem,
1549 1101 1624 1154 sic
1653 1109 1700 1155 et
1743 1116 1836 1170 per

250 1201 410 1254 unius
440 1197 707 1268 justitiam
727 1212 901 1251 omnes
916 1196 1151 1250 homines
1171 1195 1228 1248 in
1243 1193 1679 1264 justificationem
1691 1192 1830 1246 vitas.

250 1292 323 1347 Et
349 1299 411 1346 ut
427 1290 736 1345 evidentius
763 1289 1096 1352 ostenderet,
1126 1301 1317 1342 omnes
1332 1286 1603 1351 homines,
1627 1294 1681 1341 et
1699 1285 1836 1340 mul—

251 1392 338 1438 tos
370 1380 619 1436 homines
647 1379 789 1434 idem
843 1393 983 1444 esse,
1013 1377 1162 1433 addit
1204 1377 1325 1430 his:
1357 1374 1505 1430 Sicut
1557 1375 1697 1429 enim
1743 1390 1836 1445 per

248 1472 653 1528 inobedientiam
677 1471 833 1525 unius
855 1478 1152 1540 peccatores
1188 1467 1457 1522 constituti
1487 1475 1608 1520 sunt
1639 1464 1830 1531 multi,

247 1567 325 1620 sic
349 1574 398 1619 et
431 1582 524 1636 per
551 1565 707 1618 unius
743 1563 1093 1618 obedientiam
1130 1561 1268 1632 justi
1298 1560 1681 1615 constituentur
1701 1556 1838 1612 mul-

247 1659 326 1728 ti;
362 1655 508 1728 quad
544 1656 792 1727 superius
819 1671 1008 1712 omnes
1053 1655 1301 1710 homines
1325 1653 1540 1709 dixerat
1563 1693 1578 1718 ,
1631 1650 1722 1706 hic
1746 1665 1836 1706 eo-

248 1749 373 1803 dem
411 1764 572 1804 sensu
603 1747 800 1803 multos
837 1747 1159 1802 nominavit.
1193 1746 1253 1802 Si
1279 1744 1422 1801 enim
1452 1744 1522 1799 ob
1547 1742 1708 1798 unius
1747 1743 1840 1798 de-

249 1837 436 1892 lictum
466 1836 620 1892 multi
648 1837 848 1892 mortui
873 1845 1018 1902 sunt,
1050 1845 1164 1892 etc.
1212 1835 1286 1892 Ut
1310 1833 1643 1906 intelligatur
1664 1874 1679 1899 ,
1730 1849 1837 1888 non

1932 658 2025 713 per
2084 643 2241 695 unius
2304 641 2646 696 obeditionem
2719 641 2856 711 justi
2909 641 3289 696 constituentur
3346 643 3522 698 multi.

1935 715 2091 786 Sicut
2123 731 2369 800 exemplo
2394 730 2770 786 inobedientia:
2809 730 2940 786 Adae
2961 740 3323 801 peccaverunt
3343 732 3524 800 multi,

1932 825 2010 880 ita
2039 832 2095 879 et
2130 822 2332 878 Christi
2359 823 2680 878 obedientiae
2704 822 3074 893 justifieantur
3096 823 3272 878 multi.
3303 823 3526 880 Grande

1934 931 2064 989 ergo
2088 915 2295 970 crimen
2322 915 2696 972 inobedientia‘.
2743 924 2826 971 est
2854 957 2869 983 ,
2921 916 3066 986 quod
3090 924 3272 972 tantos
3302 915 3524 972 occidit.

1935 1009 2043 1066 Lex
2072 1018 2248 1064 autem
2275 1008 2611 1064 .subintravit
2632 1051 2646 1076 ,
2681 1020 2737 1064 ut
2765 1010 3057 1066 abundaret
3104 1021 3394 1083 peccatum.
3446 1009 3528 1067 Ne

1935 1101 2176 1156 dicerent
2203 1097 2374 1154 Judmi
2404 1117 2416 1154 :
2448 1099 2555 1155 Sed
2599 1101 2754 1156 nobis
2796 1111 3018 1171 peccata
3073 1102 3296 1181 dimisit.
3360 1101 3480 1157 Non
3508 1143 3526 1169 ,

1935 1193 2129 1264 inquit,
2165 1192 2315 1248 venit
2345 1199 2570 1263 peccata
2595 1193 2886 1261 dimittere,
2913 1194 3009 1249 sed
3037 1195 3415 1250 demonstrare
3437 1196 3526 1250 de-

1935 1285 2083 1352 licta,
2115 1293 2170 1341 et
2217 1285 2346 1340 dum
2377 1283 2614 1339 scienter
2657 1273 3116 1356 peccatur,c(epit
3136 1285 3411 1342 abundare
3437 1286 3529 1340 de-

1935 1378 2121 1434 lictum
2148 1396 2160 1433 :
2193 1393 2260 1432 ac
2284 1377 2330 1432 si
2365 1376 2585 1442 diceret,
2610 1375 2683 1431 Ut
2713 1375 2887 1442 video,
2912 1376 2995 1431 lex
3018 1385 3241 1446 peccata
3268 1391 3378 1432 non
3405 1377 3530 1432 abs-

1935 1474 2082 1540 tulit,
2125 1473 2220 1528 sed
2250 1471 2465 1541 adjecit,
2497 1487 2606 1527 non
2637 1479 2817 1526 tamen
2845 1488 2944 1527 suo
2971 1473 3126 1539 vitio,
3163 1473 3260 1528 sed
3288 1473 3528 1528 illorum.

1939 1563 2268 1618 Subintravit
2315 1571 2517 1629 autem,
2544 1564 2651 1619 hoc
2690 1570 2795 1629 est,
2826 1563 3005 1618 subito
3043 1565 3302 1630 intravit,
3352 1571 3407 1620 et
3453 1565 3532 1620 ita

1939 1653 2189 1724 contigit,
2213 1661 2274 1709 ut
2297 1653 2601 1708 abundaret
2649 1651 2908 1708 delictum
2935 1671 2947 1707 :
2977 1653 3105 1723 quia
3132 1654 3386 1708 inimicus
3410 1653 3532 1724 plus

1938 1745 2168 1812 exarsit,
2203 1744 2394 1800 videns
2435 1743 2675 1798 hominis
2701 1759 2890 1799 curam
2943 1743 3146 1800 habere
3195 1746 3365 1800 Deum
3397 1785 3412 1812 ,
3471 1754 3534 1802 ut

1938 1834 2093 1889 illum
2116 1834 2282 1891 etiam
2326 1850 2426 1906 per
2445 1834 2622 1905 legem
2648 1849 2801 1890 reum
2825 1832 3062 1900 faceret,
3109 1850 3177 1890 ne
3225 1835 3334 1892 Deo
3362 1835 3532 1906 aspici

249 1926 422 1996 magis
453 1925 510 1980 in
539 1925 763 1990 multos,
801 1940 926 1980 cum
969 1924 1142 1994 iniqui
1189 1924 1363 1994 magis
1388 1923 1545 1978 multi
1586 1924 1697 1978 sint
1741 1924 1834 1992 qui
1863 1920 1911 1982 B
1937 1935 2258 1982 mereretur.
2325 1925 2498 1980 Aliter
2534 1942 2548 1979 :
2581 1931 2641 1978 ut
2693 1925 2994 1980 abundaret
3042 1924 3344 1991 delictum;
3401 1941 3527 1979 nam

250 2016 670 2082 damnabuntur,
697 2016 793 2071 sed
814 2014 988 2085 magis
1018 2015 1311 2070 abundavit
1337 2032 1352 2068 :
1385 2015 1512 2084 quia
1538 2015 1714 2069 in-his
1740 2016 1836 2084 qui

248 2122 349 2176 per
383 2107 662 2164 Christum
706 2107 1050 2162 redimuntur
1074 2106 1630 2176 temporaliter,valet
1660 2106 1834 2161 forma

247 2199 442 2253 mortis
465 2214 533 2252 ex
544 2197 737 2252 Adam.
751 2195 811 2251 In
830 2204 1093 2252 aeternum
1107 2206 1290 2252 autem
1306 2195 1509 2251 valebit
1523 2197 1648 2252 vita:
1663 2196 1839 2251 forma

245 2308 349 2362 per
373 2291 668 2348 Christum.
697 2290 954 2359 Quamvis
981 2307 1112 2362 ergo
1133 2331 1150 2357 ,
1199 2291 1409 2362 inquit,
1445 2290 1619 2346 Adam
1672 2291 1840 2347 futuri

247 2384 427 2443 forma
454 2387 544 2451 sit,
575 2401 604 2439 e
633 2385 906 2440 contrario
933 2392 1118 2439 tamen
1147 2383 1270 2454 plus
1316 2392 1540 2454 praestat
1583 2383 1836 2439 Christus

249 2479 332 2534 eis
359 2477 452 2547 qui
490 2477 792 2548 regenerati
825 2484 970 2541 sunt,
1009 2490 1173 2546 quam
1197 2475 1276 2530 eis
1324 2484 1585 2532 nocuerat
1605 2476 1698 2531 ille
1746 2491 1839 2547 ge-

251 2558 610 2627 neratis.-Sed
641 2586 746 2625 non
767 2569 903 2624 sicut
929 2567 1180 2622 delictum
1201 2609 1216 2634 ,
1268 2570 1343 2623 ita
1367 2578 1415 2623 et
1447 2569 1644 2624 donum
1668 2583 1686 2621 :
1711 2569 1837 2638 quia

251 2677 398 2717 mors
423 2662 641 2731 quidem
666 2661 828 2716 unius
877 2659 1074 2716 delicto
1103 2651 1353 2732 regnavit
1384 2676 1484 2733 per
1505 2677 1693 2717 unum.
1734 2661 1838 2729 Qui

254 2763 433 2810 autem
478 2751 866 2808 abundantiam
915 2752 1104 2822 gratiae
1133 2759 1190 2808 et
1222 2752 1348 2808 doni
1393 2750 1837 2822 justiﬁeationem

253 2847 541 2917 accipiunt,
567 2861 676 2901 non
704 2845 879 2901 solum
907 2844 1051 2899 ultra
1077 2860 1187 2900 non
1212 2852 1404 2918 regnat
1433 2846 1489 2900 in
1536 2846 1618 2902 eis
1648 2861 1796 2901 mors
1819 2887 1834 2909 ,

253 2938 394 3008 quod
427 2944 481 2992 et
510 2936 684 3007 ipsum
723 2936 911 3006 utique
938 2951 1046 2992 non
1075 2951 1259 3006 parvae
1295 2943 1440 2992 esset
1475 2937 1692 3010 gratite,
1744 2936 1839 2993 sed

255 3039 308 3086 et
343 3030 446 3084 alia
505 3029 614 3085 duo
671 3030 752 3086 eis
788 3029 1042 3086 feruntur
1091 3031 1272 3086 bona:
1302 3047 1504 3098 unum,
1554 3033 1698 3102 quod
1739 3047 1841 3102 pro

252 3128 426 3176 morte
455 3120 511 3174 in
555 3121 636 3177 eis
671 3129 864 3190 regnat
918 3119 1076 3178 Jesus
1115 3121 1393 3190 Christus;
1451 3122 1594 3178 aliud
1620 3164 1636 3190 ,
1695 3125 1840 3194 quod

251 3214 415 3268 etiam
452 3213 556 3284 ipsi
585 3214 890 3285 regnabunt
936 3229 1036 3284 per
1089 3229 1257 3269 unum
1310 3213 1494 3270 Jesum
1537 3213 1835 3271 Christum.

1943 2018 2303 2074 abundantius
2331 2027 2386 2073 et
2424 2017 2779 2088 perniciosius
2807 2027 2910 2084 est,
2942 2017 3158 2087 quando
3200 2016 3268 2071 ab
3307 2016 3529 2072 .sciente

1941 2119 1997 2166 et
2057 2109 2449 2179 praivaricante
2512 2117 2791 2179 peccatur.
2847 2108 2984 2163 Nam
3036 2108 3359 2179 prohibente
3413 2107 3534 2178 lege

1941 2200 2232 2256 violentius
2268 2207 2525 2269 peccatur
2553 2239 2570 2266 ,
2620 2214 2795 2268 quam,
2817 2199 2863 2254 si
2911 2197 3057 2252 nulla
3098 2199 3217 2269 lege
3260 2198 3533 2268 prohibita

1941 2291 2367 2349 committantur.
2398 2291 2509 2344 Lex
2554 2300 2732 2344 autem
2787 2290 3098 2344 subintravit
3125 2329 3140 2356 ,
3194 2290 3282 2345 lex
3329 2290 3534 2346 scilicet

1941 2387 2333 2452 membrorum,
2367 2399 2676 2455 repugnans
2703 2382 2808 2454 legi
2836 2382 3052 2438 mentis.
3081 2382 3202 2453 Ipsa
3237 2398 3366 2453 ergo
3406 2383 3534 2438 sub-

1941 2482 2165 2539 intravit
2201 2479 2307 2550 legi
2357 2486 2602 2543 naturae,
2657 2484 2719 2533 ut
2751 2477 3052 2532 abundaret
3105 2474 3379 2530 delictum.
3427 2473 3530 2528 Ubi

1941 2583 2116 2629 autem
2143 2570 2426 2626 abundavit
2455 2568 2702 2624 delictum
2727 2608 2744 2636 ,
2787 2565 3230 2638 superabundavit
3255 2575 3304 2621 et
3330 2565 3525 2636 gratia.

1941 2666 2097 2723 Sicut
2119 2667 2193 2721 ait
2215 2665 2506 2721 Salvator:
2540 2663 2638 2719 Cui
2665 2663 2783 2734 plus
2823 2663 3126 2727 dimittitur,
3150 2659 3376 2732 amplius
3403 2658 3532 2713 dili-

1941 2760 2014 2830 git
2047 2757 2200 2832 (Luc.
2233 2756 2354 2829 vn).
2391 2754 2675 2811 Manifesta
2704 2761 2788 2810 est
2813 2753 2959 2809 enim
2990 2752 3264 2823 quantitas
3287 2750 3531 2822 peccati,

1941 2859 2001 2906 ut
2053 2849 2285 2905 sciretur
2333 2848 2520 2921 gratia:
2557 2845 2892 2918 magnitudo.
2939 2844 3037 2900 Est
3086 2850 3269 2898 autem
3308 2841 3528 2912 grandis

1942 2939 2457 3012 superabundantia,
2483 2939 2628 3010 quod
2654 2938 2746 2994 ubi
2773 2943 3063 3009 peceatum
3112 2933 3219 2990 fuit
3269 2943 3324 2988 et
3350 2947 3531 2997 mors,

1943 3035 2018 3090 ibi
2045 3049 2192 3090 nunc
2219 3042 2303 3089 est
2335 3033 2532 3105 gratia,
2555 3041 2612 3088 et
2651 3031 2889 3101 justitia,
2919 3040 2976 3086 et
3006 3030 3118 3084 vita
3171 3036 3392 3084 aeterna.
3427 3027 3534 3082 Su-

1942 3129 2320 3199 perabundavit
2363 3129 2561 3200 gratia.
2600 3126 2813 3183 Donum
2861 3125 2956 3180 Dei
3012 3123 3254 3180 omnium
3306 3129 3528 3193 peccata

1943 3223 2206 3290 contexit,
2235 3232 2296 3278 ut
2323 3222 2520 3278 diaboli
2549 3221 2808 3276 invidiam
2835 3219 2972 3275 nihil
2999 3217 3295 3290 profecisse
3318 3216 3546 3288 doceat.

253 3302 386 3360 Cum
413 3320 543 3376 ergo
587 3305 899 3361 necessario
928 3305 1045 3362 haec
1090 3305 1147 3360 in
1172 3321 1266 3362 eos
1318 3308 1593 3375 eveniunt,
1621 3309 1676 3365 id
1707 3318 1791 3365 est
1817 3350 1833 3377 ,
1864 3287 1910 3351 (ἶ
1943 3287 2414 3384 Superabundavit
2438 3327 2568 3381 ergo
2589 3312 2787 3383 gratia,
2819 3311 2946 3382 quia
2965 3287 3248 3383 peccatum
3280 3307 3350 3361 ad
3387 3313 3527 3360 tem-

253 3403 309 3449 ut
330 3410 555 3465 regnum
603 3397 797 3454 mortis
823 3396 1084 3469 effugiant
1133 3406 1189 3453 et
1213 3414 1314 3470 pro
1340 3409 1515 3456 morte
1547 3409 1736 3473 regnet
1785 3403 1840 3458 in

249 3488 330 3543 eis
355 3487 639 3544 Christus:
676 3488 786 3544 imo
819 3496 880 3543 ut
910 3503 1037 3545 cum
1062 3503 1128 3545 eo
1174 3489 1278 3559 ipsi
1320 3498 1548 3562 regnent
1577 3491 1635 3546 in
1685 3492 1798 3551 vita
1820 3533 1837 3560 ,

250 3577 600 3634 manifestum
626 3585 711 3635 est
739 3580 996 3650 quoniam
1018 3595 1128 3636 non
1155 3581 1226 3636 sit
1268 3580 1525 3638 delictum
1549 3583 1627 3638 ita
1654 3591 1715 3640 ut
1739 3585 1837 3641 do-

249 3685 406 3725 num.
436 3668 634 3725 Volens
655 3678 837 3727 autem
863 3651 1154 3743 Apestolus
1177 3675 1469 3736 ostendere
1489 3683 1696 3746 quanto
1725 3693 1843 3733 ma-

243 3760 369 3831 jora
397 3777 499 3832 per
525 3759 795 3824 Christum
815 3764 998 3820 anima
1027 3765 1240 3836 recipit,
1273 3779 1438 3836 quam
1460 3766 1717 3822 amiserat
1745 3781 1845 3839 per

249 3854 444 3919 Adam,
467 3841 792 3925 frequentat
819 3856 952 3913 istos
1002 3872 1316 3924 sermones,
1366 3865 1428 3912 ut
1475 3857 1622 3914 dicat
1671 3858 1844 3917 multo

251 3950 427 4019 magis
455 3956 510 4004 et
539 3949 924 4005 abundantiam
950 3951 1153 4022 gratiae,
1188 3958 1246 4006 et
1280 3949 1449 4018 doni,
1497 3958 1554 4006 et
1583 3950 1840 4020 iustitiae,

251 4048 306 4096 et
340 4042 642 4112 regnabunt
678 4057 775 4114 per
794 4058 961 4097 unum
981 4040 1167 4099 Jesum
1197 4042 1476 4099 Christum
1512 4045 1684 4114 gratia
1721 4045 1839 4112 Dei,

251 4150 373 4207 quae
423 4137 662 4207 pertinet
707 4137 776 4192 ad
807 4138 1182 4194 remissionem
1227 4145 1572 4210 peccatorum
1603 4155 1701 4211 per
1752 4141 1844 4195 ba.

251 4230 563 4300 ptismum:
609 4231 810 4286 donum
862 4231 1188 4288 abundantia
1251 4233 1558 4288 donationis
1609 4231 1844 4303 Spiritus

252 4323 458 4388 sancti,
483 4324 608 4394 quia
640 4324 808 4379 multa
836 4337 961 4380 sunt
990 4325 1158 4396 ipsius
1190 4326 1350 4382 dona.
1388 4325 1530 4382 Nam
1571 4327 1836 4396 judicium

251 4417 460 4486 quidem
486 4433 551 4470 ex
599 4434 704 4471 uno
731 4418 789 4471 in
815 4417 1299 4473 condemnationem
1327 4431 1347 4471 .'
1383 4418 1556 4489 gratia
1581 4426 1754 4473 autem
1774 4434 1839 4473 ea:

252 4511 432 4566 multis
453 4510 656 4566 delictis
686 4513 742 4565 in
777 4512 1232 4583 justi/icationem.
1283 4513 1366 4568 Ex
1412 4527 1521 4568 uno
1546 4526 1676 4584 ergo
1714 4512 1846 4584 quid

255 4603 359 4657 nisi
403 4602 638 4658 delicto?
664 4602 790 4672 quia
820 4603 1102 4673 sequitur:
1134 4601 1522 4658 Gratiaautem
1556 4619 1622 4658 ea:
1653 4593 1836 4657 multis

253 4696 458 4751 delictis
487 4699 543 4750 in
582 4696 1054 4767 justiﬁcationem;
1086 4696 1356 4766 quomodo
1382 4711 1449 4751 ex
1501 4711 1612 4751 uno
1641 4695 1838 4752 delicto

255 4788 312 4842 in
341 4786 882 4842 condemnationem?
907 4787 1010 4842 nisi
1039 4787 1165 4857 quia
1201 4786 1302 4840 fuit
1335 4785 1402 4840 ad
1435 4786 1842 4840 condemnatio-

254 4893 386 4934 nem
415 4877 573 4932 etiam
588 4894 754 4933 unum
781 4878 1044 4950 originale
1071 4885 1370 4950 peceatum,
1401 4878 1544 4948 quod
1568 4878 1623 4932 in
1651 4893 1840 4934 omnes

252 4973 506 5030 homines
531 4974 868 5043 pertransiit.
905 4971 1092 5027 Gratia
1119 4988 1249 5028 vero
1295 4973 1415 5027 ideo
1446 4989 1512 5027 ex
1544 4971 1724 5027 multis
1753 4973 1843 5026 de-

254 5069 394 5123 lictis
421 5069 478 5121 in
514 5067 976 5137 justiﬁcationem,
1007 5065 1132 5135 quia
1157 5081 1262 5119 non
1292 5063 1466 5119 solum
1496 5063 1630 5119 illud
1683 5063 1843 5118 solvit

256 5159 402 5230 quod
427 5156 764 5229 originaliter
789 5156 1044 5221 trahitur,
1077 5155 1172 5209 sed
1202 5155 1367 5209 etiam
1398 5161 1593 5210 caetera
1639 5169 1760 5225 qua:
1787 5154 1844 5208 in

255 5259 490 5319 utroque
516 5249 737 5304 homine
763 5256 912 5303 motu
955 5245 1187 5318 propria:
1215 5243 1508 5300 voluntatis
1546 5245 1839 5300 adduntur.

253 5343 426 5416 Igitur
454 5342 594 5398 sicut
623 5355 723 5412 per
771 5340 935 5395 unius
981 5338 1232 5395 delictum
1287 5351 1477 5391 omnes
1507 5336 1757 5391 homines
1787 5336 1842 5390 in

256 5436 794 5501 condemnationem,
854 5432 1148 5498 subaudis,
1213 5437 1622 5501 pervenerunt:
1665 5427 1843 5484 nullus

256 5530 404 5586 enim
433 5528 736 5592 hominum,
781 5524 885 5580 nisi
920 5539 1020 5594 per
1046 5523 1242 5589 Adam,
1275 5519 1510 5576 trahitur
1536 5519 1601 5574 ad
1624 5519 1845 5602 damna-

258 5623 568 5688 tionem,de
595 5637 711 5692 qua.
722 5634 822 5690 per
845 5619 1122 5673 lavacrum
1145 5612 1572 5688 regenerationis
1601 5611 1850 5667 homines

257 5714 579 5778 liberantur,
607 5721 664 5768 et
686 5711 866 5767 nullus
890 5707 1168 5765 hominum
1212 5705 1280 5761 ab
1308 5705 1409 5760 hac
1455 5702 1800 5759 damnatione
1828 5743 1844 5769 ,

256 5807 364 5864 nisi
405 5823 505 5878 per
550 5805 828 5861 Christum
886 5801 1182 5857 liberatur:
1213 5798 1443 5868 ideoque
1497 5809 1565 5850 ex
1615 5800 1848 5864 utraque

257 5908 418 5972 parte
439 5901 570 5958 dicti
598 5906 725 5956 sunt
751 5909 958 5954 omnes.
983 5891 1134 5951 Sicut
1161 5889 1298 5946 enim
1324 5904 1417 5962 per
1443 5883 1847 5944 inobedientiam

1863 4645 1917 4706 D

1938 3419 2040 3476 pus
2080 3403 2346 3476 regnavit,
2377 3403 2553 3474 gratia
2601 3410 2782 3458 autem
2832 3401 2888 3457 in
2936 3409 3233 3456 :eternum:
3263 3397 3360 3454 Dei
3386 3397 3530 3453 enim

1940 3502 2024 3552 est
2049 3509 2276 3566 regnum
2300 3495 2475 3566 gratia
2503 3503 2764 3567 regnante
2787 3533 2805 3563 ,
2850 3492 2994 3551 sicut
3043 3489 3246 3549 diaboli
3303 3503 3531 3561 regnum

1941 3597 2063 3644 erat
2088 3595 2315 3661 peccato
2346 3595 2626 3662 regnante.

2063 3691 2070 3696 '
2595 3677 2829 3736 CAPUT
2866 3675 2957 3733 VI.

2015 3770 2157 3838 Quid
2175 3786 2297 3841 ergo
2319 3770 2590 3825 dicemus?
2627 3769 2953 3824 manebimus
2988 3767 3045 3824 in
3067 3773 3302 3840 peccato,
3327 3773 3387 3822 ut
3409 3782 3533 3840 gra-

1943 3862 2020 3916 tia
2065 3861 2335 3915 abundet?
2378 3859 2644 3928 Quoniam
2686 3859 2937 3931 superius
2971 3859 3228 3926 dixerat,
3272 3858 3399 3930 quia
3433 3857 3526 3912 ubi

1943 3951 2228 4007 abundavit
2250 3962 2539 4024 peccatum,
2567 3951 3007 4022 superabundavit
3068 3951 3262 4022 gratia.
3291 3949 3526 4005 Nascen-

1945 4049 2056 4099 tem
2081 4059 2146 4100 ex
2192 4045 2296 4100 hoc
2345 4043 2700 4114 quaestionem
2753 4059 2899 4098 nunc
2935 4041 3038 4098 sibi
3073 4042 3192 4115 ipse
3233 4041 3528 4112 proponit:

1943 4137 2088 4209 Ergo
2119 4135 2458 4206 peccandum
2486 4144 2591 4204 est,
2639 4144 2700 4191 ut
2727 4134 2901 4207 gratia
2941 4135 3065 4205 plus
3101 4133 3374 4189 abundet?
3421 4131 3528 4186 Sed

1944 4213 2336 4286 absolutionem
2357 4229 2522 4284 citam
2553 4227 2869 4298 quaestionis
2916 4225 3174 4291 ostendit,
3206 4238 3328 4278 cum
3357 4222 3525 4278 dicit:

1945 4321 2112 4376 Absit.
2144 4321 2210 4376 Et
2250 4321 2506 4376 continuo
2542 4321 2812 4375 rationem
2840 4317 3102 4387 subjecit,
3159 4325 3406 4371 mortuos
3447 4314 3526 4368 di-

1945 4429 2075 4470 cens
2100 4420 2323 4483 peccato
2351 4427 2468 4479 eos,
2501 4413 2559 4466 in
2584 4412 2782 4482 quibus
2808 4410 3102 4466 abundavit
3129 4407 3323 4477 gratia.

2019 4504 2163 4560 Nam
2183 4505 2272 4575 qui
2293 4503 2486 4558 mortui
2515 4519 2696 4557 sumus
2717 4509 2961 4573 peccato,
3001 4498 3262 4572 quomodo
3307 4495 3533 4569 amplius

1948 4599 2172 4654 vivemus
2193 4597 2250 4651 in
2282 4595 2383 4649 eo?
2420 4594 2547 4649 Vult
2586 4602 2697 4648 tam
2732 4592 2948 4647 ﬁrmum
3001 4605 3123 4646 esse
3161 4590 3489 4662 baptizatum
3513 4629 3531 4654 ,

1946 4698 2165 4759 tamque
2191 4685 2494 4758 perfectum
2519 4727 2535 4753 ,
2583 4683 2737 4756 quasi
2775 4682 2868 4754 qui
2919 4697 3146 4754 peccare
3182 4697 3292 4738 non
3342 4679 3528 4752 possit.

1949 4780 2374 4852 Superveniente
2403 4778 2579 4850 gratia
2609 4777 2708 4833 Dei
2742 4792 2840 4848 per
2868 4774 3164 4841 Christum,
3193 4781 3249 4829 et
3281 4774 3335 4828 in
3377 4770 3534 4827 nobis

1946 4889 2044 4944 per
2070 4872 2232 4928 ﬁdem
2257 4872 2471 4926 lavacro
2485 4868 2744 4941 spirituali
2764 4875 3042 4939 regnante,
3060 4865 3324 4937 cmpimus
3348 4862 3530 4917 vivere

1952 4967 2080 5032 Deo,
2111 4963 2309 5019 mortui
2333 4971 2514 5016 autem
2540 4969 2784 5032 peccato,
2813 4959 2905 5029 qui
2949 4966 3034 5015 est
3062 4955 3327 5012 diabolus.
3379 4952 3532 5007 Sicut

1951 5056 2063 5114 Deo
2111 5055 2295 5110 vivere
2323 5054 2522 5109 dicitur
2549 5054 2596 5109 is
2623 5054 2717 5124 qui
2746 5052 3045 5109 secundum
3071 5049 3404 5105 voluntatem
3432 5045 3531 5102 Dei

1953 5146 2102 5212 vivit,
2129 5147 2202 5200 ita
2239 5152 2295 5200 et
2343 5152 2570 5215 peccato
2593 5145 2776 5199 vivere
2807 5143 3006 5200 dicitur
3031 5141 3078 5196 is
3114 5138 3206 5209 qui
3236 5135 3532 5193 secundum

1949 5237 2275 5291 voluntatem
2298 5236 2525 5304 peccati,
2554 5234 2608 5290 id
2630 5243 2713 5290 est
2741 5235 2957 5298 diaboli,
2987 5231 3138 5286 vivit.

2020 5328 2102 5382 An
2129 5327 2408 5397 ignoratis,
2441 5326 2654 5396 fratres,
2685 5326 2810 5396 quia
2853 5325 3146 5395 quicunque
3172 5320 3426 5393 baptizati
3447 5339 3534 5376 su-

1949 5437 2064 5475 mus
2090 5425 2146 5474 in
2175 5417 2383 5474 Christo
2419 5419 2568 5485 Iesu,
2592 5419 2646 5473 in
2674 5427 2894 5472 mortem
2943 5415 3107 5486 ipsius
3157 5415 3409 5487 baptizati
3441 5432 3530 5469 su-

1949 5513 2105 5568 mus?
2138 5511 2379 5568 Observa
2405 5510 2718 5583 diligentius
2745 5509 2989 5564 ordinem
3017 5505 3284 5562 dictorum
3315 5514 3368 5561 et
3397 5519 3528 5560 con-

1947 5605 2285 5675 sequentiam
2310 5621 2322 5658 :
2350 5612 2631 5675 comparat
2650 5603 2796 5657 enim
2825 5608 3077 5667 mortem,
3092 5616 3212 5671 quae
3238 5615 3338 5672 per
3356 5598 3528 5653 Adam

1947 5705 2088 5765 erat,
2113 5696 2234 5752 vitae
2263 5711 2382 5766 quae
2415 5711 2516 5766 per
2541 5694 2813 5750 Christum
2843 5699 2947 5759 est,
2979 5702 3034 5748 et
3069 5692 3237 5748 dicit:
3267 5689 3392 5745 Non
3424 5690 3530 5744 sic-

1947 5798 2006 5845 ut
2034 5788 2300 5855 delictum,
2342 5788 2418 5842 ita
2445 5795 2492 5842 et
2515 5785 2732 5840 donum.
2767 5784 2834 5840 Et
2882 5784 3014 5841 item
3060 5792 3185 5855 post
3212 5784 3328 5838 haec
3353 5780 3430 5835 ait
3454 5778 3532 5836 le-

1946 5898 2068 5958 gem
2091 5882 2483 5944 subintravisse
2506 5921 2523 5952 ,
2567 5887 2649 5938 ut‘
2675 5879 2974 5939 abundaret
3007 5885 3289 5961 peccatum
3309 5869 3333 5932 ’ς
3362 5875 3530 5932 abun-
