4108 6334
550 398 623 461 59
1954 387 2226 459 SEDUJJI
2261 386 2461 446 SCOTI
2746 446 2755 456 ,
3738 385 3809 442 60

550 516 713 572 dante
744 525 872 570 vero
886 517 1129 583 peccato,
1157 506 1621 581 superabundasse
1656 507 1906 578 gratiam.
1955 505 2023 560 Et
2066 506 2120 560 in
2145 505 2202 567 Α
2222 504 2337 573 ipsa
2371 502 2583 560 novitas
2610 500 2917 561 innovanda
2953 506 3061 570 est,
3101 506 3163 559 ut
3184 511 3461 570 nunquam
3488 497 3562 557 sit
3588 503 3807 572 quando

549 604 637 661 bis
665 602 824 659 solvit
852 601 990 672 quod
1022 601 1305 655 videbatur
1329 614 1449 654 esse
1474 597 1832 664 contrarium,
1860 605 1916 652 et
1942 596 2074 651 dicit
2101 610 2116 649 :

553 695 657 762 Qui
680 696 817 749 enim
841 694 1035 749 mortui
1061 708 1240 748 sumus
1279 699 1509 762 peccato,
1531 688 1789 760 quomodo
1811 687 2034 743 vivemus
2062 685 2121 739 in

548 778 648 840 eo?
676 782 872 841 Veiens
897 782 1058 839 rebus
1106 781 1239 857 ipsis
1268 782 1553 838 ostendere
1581 770 1710 851 quid
1755 779 1827 834 sit
1852 786 2119 833 mortuum

550 891 668 930 esse
686 884 933 946 peccato,
951 870 1172 931 dicens:
1202 874 1283 929 An
1308 873 1581 945 ignoratis,
1607 868 1817 943 fratres,
1852 878 1957 925 etc.
1980 886 1996 935 ;
2029 869 2121 924 do-

549 980 676 1021 cens
708 980 807 1039 per
835 962 969 1032 haec,
1002 966 1129 1036 quia
1163 965 1208 1020 si
1239 964 1359 1036 quis
1410 960 1560 1035 prius
1618 969 1844 1033 peccato
1872 960 1943 1016 sit
1977 968 2122 1014 mor—

546 1056 694 1123 tuus,
716 1054 766 1111 is
790 1057 1095 1114 necessario
1128 1058 1182 1111 in
1209 1056 1475 1128 baptismo
1494 1053 1837 1125 consepultus
1860 1062 1947 1107 est
1967 1050 2123 1109 Chri-

548 1154 653 1203 sto.
687 1146 745 1202 Si
770 1164 900 1203 vero
925 1164 1030 1203 non
1078 1156 1203 1204 ante
1231 1148 1353 1218 quis
1378 1147 1609 1202 moritur
1628 1153 1871 1217 peccato,
1896 1161 2000 1199 non
2025 1159 2122 1215 po-

550 1238 655 1292 test
701 1236 917 1308 sepeliri
956 1240 1075 1294 eum
1102 1234 1321 1295 Christo
1352 1257 1364 1292 :
1396 1252 1554 1292 nemo
1612 1236 1754 1292 enim
1783 1232 1970 1292 vivens
2027 1233 2124 1289 ali-

551 1327 766 1394 quando
787 1325 1075 1400 sepelitur:
1091 1322 1244 1398 Quod
1289 1329 1337 1385 si
1368 1342 1477 1385 non
1521 1327 1781 1399 sepelitur
1808 1344 1929 1383 cum
1966 1322 2121 1383 Chri-

548 1424 635 1474 sto
654 1460 668 1485 ,
710 1435 809 1477 nec
844 1416 1079 1493 legitime
1102 1414 1433 1493 baptizatur.
1485 1416 1553 1475 Et
1582 1418 1792 1476 intuere
1815 1419 2124 1492 diligentius

548 1506 725 1566 adhuc
743 1514 1185 1585 consequentiam
1208 1510 1421 1582 mystici
1447 1511 1686 1576 ordinis;
1731 1524 1943 1565 morere
1970 1509 2123 1581 prius

547 1607 789 1670 peccato,
804 1608 864 1658 ut
880 1601 1056 1676 possis
1079 1620 1201 1659 cum
1223 1602 1442 1659 Christo
1458 1602 1673 1673 sepeliri
1701 1621 1713 1656 :
1741 1611 1958 1659 mortuo
1974 1598 2119 1657 enim

547 1692 1103 1764 sepultura-debetur.
1141 1693 1202 1751 Si
1259 1696 1404 1752 enim
1452 1695 1589 1751 vivis
1640 1694 1821 1753 adhuc
1870 1702 2119 1769 peccato,

547 1780 869 1863 oensepeliri
895 1803 1003 1843 non
1034 1788 1187 1859 potes
1214 1782 1452 1856 Christo,
1481 1804 1583 1845 nec
1609 1788 1664 1845 in
1712 1804 1852 1845 novo
1889 1782 2004 1857 ejus
2033 1804 2121 1844 se-

2217 595 2337 653 haec
2378 596 2652 653 innovatio
2674 604 2785 657 non
2814 602 3090 666 augescat.
3121 588 3458 665 Baptismum
3496 593 3686 667 itaque
3722 609 3811 653 re-

2218 688 2566 744 surrectionis
2597 687 2789 756 pignus
2822 696 2907 742 est
2928 694 2982 742 et
3012 686 3211 757 imago,
3244 694 3300 742 et
3336 684 3459 745 ideo
3494 700 3593 758 per
3615 701 3811 759 aquam

2220 777 2524 833 celebratur
2546 796 2564 833 :
2596 786 2655 832 ut
2710 778 2849 834 sicut
2880 794 3019 848 aqua
3048 778 3237 834 sordes
3260 778 3463 845 abluit,
3522 776 3597 834 ita
3632 788 3686 836 et
3713 795 3814 837 nos

2217 886 2316 941 per
2334 870 2663 941 baptismum
2690 868 2756 926 ab
2778 870 2927 931 omni
2950 876 3177 943 peccato
3205 867 3528 940 spiritaliter
3553 878 3815 943 purgatos

2219 970 2277 1017 et
2297 962 2581 1023 innovatus
2610 963 2915 1021 credamus.
2945 960 3002 1017 Si
3028 961 3170 1017 enim
3193 957 3534 1035 complantati
3564 950 3695 1031 facti
3725 976 3815 1017 su-

2220 1069 2337 1108 mus
2387 1053 2719 1115 similitudini
2775 1042 2960 1111 mortis
3003 1054 3139 1124 ejus.
3168 1052 3307 1121 Quid
3343 1051 3814 1127 estcomplantari

2223 1144 2560 1201 similitudini
2612 1145 2803 1202 mortis
2839 1144 3078 1202 Christi?
3106 1160 3212 1217 quo
3258 1144 3405 1201 velut
3429 1144 3672 1217 plantam
3717 1145 3818 1201 ali-

2222 1231 2377 1304 cujus
2400 1236 2633 1295 ostendit
2655 1245 2883 1297 mortem
2906 1235 3128 1305 Christi,
3153 1232 3242 1293 cui
3280 1252 3380 1295 nos
3410 1225 3818 1308 complantatos

2222 1320 2337 1383 vult
2366 1344 2508 1386 nunc
2538 1345 2661 1389 esse
2689 1344 2759 1384 ex
2784 1344 2947 1386 succo
2974 1330 3177 1389 radicis
3235 1328 3381 1399 ejus:
3413 1327 3569 1387 radix
3614 1318 3819 1402 quippe

2224 1433 2573 1476 succrescens
2596 1410 2861 1490 producat
2880 1416 3330 1490 ramos'justitiaa,
3364 1429 3419 1485 et
3448 1420 3661 1485 fructus
3684 1406 3820 1479 ade-

2225 1519 2313 1565 rat
2344 1511 2485 1565 vitae.
2516 1509 2670 1578 Quod
2714 1509 2757 1566 si
2792 1511 2876 1566 vis
2906 1511 2971 1566 de
3021 1509 3316 1582 Seripturis
3353 1524 3647 1583 agnoscere
3695 1526 3821 1582 qua:

2223 1605 2295 1660 sit
2322 1604 2426 1661 ista
2444 1604 2629 1675 planta
2652 1603 2744 1663 cui
2781 1594 3130 1677 complautati
3159 1618 3280 1660 esse
3314 1588 3593 1670 debemus,
3627 1611 3682 1659 et
3718 1618 3818 1659 cu-

2217 1696 2308 1767 jus
2331 1698 2547 1769 generis
2584 1697 2768 1763 arbor,
2800 1697 2925 1753 audi
2953 1686 3083 1768 quid
3108 1688 3178 1759 de
3212 1695 3478 1767 sapientia
3510 1684 3772 1757 scribitur
3799 1705 3816 1742 :

2224 1789 2424 1854 Arbor,
2447 1788 2643 1861 inquit,
2667 1789 2791 1845 vitae
2819 1797 2905 1846 est
2926 1789 3177 1849 omnibus
3200 1786 3545 1858 sperantibus
3576 1786 3632 1847 in
3666 1794 3821 1855 se,et

546 1872 735 1945 pulcro
772 1877 1045 1946 collocari,
1072 1879 1198 1951 quia
1228 1889 1384 1937 vetus
1414 1881 1577 1946 homo
1614 1888 1740 1936 tuus
1764 1879 1921 1949 vivit,
1937 1888 1991 1939 et
2017 1895 2125 1937 non
2153 1864 2201 1926 Β
2228 1879 2319 1951 qui
2358 1880 2634 1941 conﬁdunt
2672 1880 2732 1941 in
2760 1895 2826 1937 ea
2858 1887 3121 1953 tanquam
3166 1880 3221 1943 in
3262 1879 3494 1939 Domino
3523 1897 3536 1934 :
3566 1877 3819 1939 Christus

545 1973 727 2035 potest
756 1969 812 2021 in
845 1968 1089 2027 novitate
1116 1966 1415 2038 ambulare,
1442 1971 1496 2026 in
1518 1961 1738 2028 Christo
1765 1970 1916 2039 Jesu,
1939 1969 1992 2027 id
2019 1978 2123 2038 est,

546 2057 603 2112 in
633 2061 849 2117 nomine
873 2055 999 2121 Jesu
1024 2060 1243 2120 Christi.
1269 2064 1337 2133 In
1379 2075 1545 2120 morte
1575 2056 1741 2136 ipsius
1763 2064 2013 2136 baptizati
2039 2082 2127 2119 su-

544 2150 683 2203 mus.
736 2148 850 2205 Hoc
898 2160 982 2207 est
1028 2152 1085 2208 in
1133 2150 1539 2210 similitudinem
1596 2155 1790 2211 mortis
1837 2153 1973 2227 ejus.
2015 2154 2129 2210 Cur

542 2236 833 2308 Apostolus
882 2244 952 2299 de
993 2243 1261 2316 baptismo
1313 2254 1461 2304 nunc
1514 2242 1765 2317 loquens,
1795 2257 1851 2304 et
1906 2246 1972 2305 de
2000 2238 2129 2304 Jesu

544 2327 770 2397 dixerit,
808 2333 1099 2405 consepulti
1134 2354 1317 2392 sumus
1360 2355 1456 2409 per
1508 2334 1846 2410 baptismum,
1890 2349 1945 2395 et
1984 2357 2125 2395 nun-

541 2437 702 2492 quam
743 2423 905 2491 dixit,
951 2424 1168 2485 Christo
1197 2426 1560 2502 conbaptizati
1597 2428 1826 2488 sumus?
1873 2448 1995 2491 cum
2022 2434 2130 2488 uti-

543 2522 649 2580 que
672 2528 778 2568 non
809 2515 1101 2572 haberetur
1129 2517 1431 2592 legitimum
1453 2520 1742 2593 baptisma,
1773 2520 1876 2579 nisi
1900 2525 2004 2580 sub
2033 2540 2128 2580 no-

543 2603 690 2659 mine
755 2605 1058 2664 Trinitatis.
1122 2606 1231 2667 Sed
1279 2606 1486 2669 intuere
1537 2616 1878 2686 prudcntiam
1924 2612 2124 2673 Pauli:

543 2697 976 2769 quandoquidem
1014 2702 1067 2757 in
1106 2704 1361 2774 prmsenti
1399 2702 1519 2763 loco
1568 2718 1814 2765 nontam
1871 2708 2124 2783 baptismi

543 2788 807 2844 rationem
842 2808 1005 2865 quam
1047 2795 1239 2855 mortis
1273 2794 1477 2855 Christi
1521 2796 1792 2858 discutere
1842 2804 2124 2875 cupiebat,

544 2879 614 2935 ad
644 2880 797 2953 cujus
822 2882 1230 2943 Similitudinem
1260 2887 1425 2946 etiam
1454 2907 1553 2948 nos
1582 2893 1835 2949 suaderet
1869 2894 2009 2951 mori
2036 2897 2128 2953 de-

542 2971 672 3030 bere
699 2980 941 3045 peccato,
968 2988 1024 3035 et
1043 2976 1363 3054 consepeliri
1390 2983 1625 3043 Christo.
1652 2986 1721 3043 Et
1742 3004 1849 3044 non
1882 2998 2003 3045 erat
2029 2991 2129 3045 uti-

543 3082 648 3139 que
680 3071 1007 3129 conveniens
1032 3076 1205 3132 utubi
1237 3076 1304 3135 de
1328 3087 1503 3135 morte
1543 3078 1776 3147 dicebat,
1800 3082 1885 3137 vel
1912 3080 2128 3139 Patrem

544 3158 872 3228 nominaret,
902 3163 987 3219 vel
1014 3160 1280 3235 Spiritum
1312 3179 1578 3226 sauctmn.
1619 3170 1846 3228 Verbum
1875 3191 1999 3230 caro
2045 3175 2129 3246 fa-

2230 1987 2358 2044 ergo
2378 1971 2553 2029 virtus
2580 1971 2696 2047 Dei,
2723 1980 2777 2029 et
2800 1966 2901 2030 Dei
2928 1972 3214 2045 sapientia,
3233 1971 3352 2043 ipse
3381 1979 3464 2030 est
3480 1970 3644 2029 arbor
3668 1970 3817 2038 vitae,

2227 2063 2313 2118 cui
2360 2063 2718 2133 complantari
2764 2063 3062 2130 debemus.
3110 2070 3165 2120 et
3201 2077 3347 2127 novo
3397 2062 3629 2133 quodam
3655 2069 3826 2132 atque

2228 2154 2445 2215 amabili
2470 2156 2631 2222 dono,
2670 2170 2823 2219 mors
2846 2153 2993 2215 illius
3018 2155 3179 2219 nobis
3217 2156 3344 2217 vita
3369 2155 3534 2217 arbor
3566 2152 3820 2221 edicitur.

2228 2246 2418 2305 Omnis
2456 2248 2639 2320 planta
2665 2249 2861 2307 hiemis
2904 2256 3147 2321 tempore
3172 2256 3430 2314 mortem,
3458 2247 3823 2309 resurrectio-

2226 2353 2351 2397 nem
2374 2332 2519 2395 veris
2546 2341 2864 2415 exspectat:
2892 2338 2943 2395 si
2969 2354 3099 2413 ergo
3126 2346 3182 2395 et
3209 2353 3309 2394 nos
3336 2326 3391 2395 in
3413 2326 3617 2395 Christi
3645 2344 3824 2391 morte

2226 2430 2580 2502 complantati
2618 2448 2826 2500 sumus,
2852 2431 2912 2489 in
2935 2420 3117 2493 hieme
3139 2422 3323 2491 saeculi
3349 2416 3466 2502 eius
3503 2438 3558 2489 et
3577 2442 3823 2499 prasen-

2224 2523 2299 2579 tis
2323 2524 2469 2591 vitae,
2492 2523 2658 2580 etiam
2706 2522 2773 2579 ad
2801 2521 3044 2581 futurum
3074 2536 3172 2581 ver
3229 2508 3571 2587 inveniemur
3615 2518 3828 2576 fructus

2218 2614 2447 2686 justitia:
2480 2632 2548 2672 ex
2601 2615 2774 2687 ipsius
2820 2614 3004 2672 radice
3046 2602 3406 2695 proferentes.
3442 2610 3614 2670 Simul
3649 2619 3699 2668 et
3744 2629 3831 2667 re-

2225 2708 2567 2765 surrectionis
2591 2708 2808 2764 erimus.
2840 2707 3049 2780 Duplex
3079 2706 3403 2780 intelligitur
3452 2704 3785 2765 resurrectio
3804 2745 3823 2771 ,
3847 2752 3850 2755 .

2225 2818 2358 2871 una,
2383 2809 2564 2857 mente
2590 2809 2645 2859 et
2681 2800 2962 2873 proposito
2992 2815 3057 2857 ac
3096 2800 3209 2867 ﬁde
3238 2815 3365 2865 .cum
3414 2797 3631 2857 Christo
3656 2812 3686 2852 a
3717 2806 3831 2853 ter-

2224 2896 2374 2953 renis
2400 2894 2758 2968 resurgimus,
2785 2904 2846 2950 ut
2870 2894 3110 2955 cmlestia
3128 2894 3461 2967 cogitemus;
3492 2891 3687 2957 altera,
3704 2907 3830 2963 quae

2227 2987 2499 3059 generalis
2519 2986 2761 3043 omnium
2795 2987 2902 3045 erit
2927 2987 2983 3043 in
3011 3001 3176 3051 carne
3212 2985 3562 3049 resurrectio.
3604 2982 3731 3038 Vel:
3758 2983 3826 3040 Si

2230 3079 2370 3134 enim
2403 3077 2763 3146 complantati,
2790 3085 2898 3135 etc.
2907 3119 2925 3147 ,
2960 3076 3016 3133 id
3040 3084 3142 3145 est,
3160 3076 3211 3132 si
3240 3077 3299 3135 in
3345 3060 3616 3147 baptismo
3642 3075 3828 3133 omnia

2233 3169 2367 3224 vitia
2396 3160 2766 3245 deposuimus,
2789 3176 3138 3242 resurgentes
3165 3167 3222 3226 in
3250 3167 3512 3235 novitate,
3541 3174 3599 3223 et
3632 3166 3703 3223 de
3727 3181 3832 3223 ca:-

544 3258 685 3305 ctum
706 3260 800 3317 est,
825 3261 879 3309 et
905 3257 1101 3313 merito
1126 3258 1219 3314 'ubi
1247 3275 1374 3316 caro
1395 3271 1501 3332 est,
1529 3262 1604 3318 ibi
1634 3264 1699 3320 de
1722 3264 1897 3321 morte
1928 3237 2128 3322 tracta-
2155 3237 2201 3301 (ἶ
2231 3270 2351 3317 tero
2378 3237 2486 3317 non
2515 3275 2823 3331 peccemus,
2848 3237 3007 3314 simul
3036 3268 3084 3314 et
3125 3258 3521 3317 resurrectionis
3574 3250 3719 3312 illius
3755 3259 3831 3312 si-

543 3347 652 3394 tur.
710 3340 767 3397 Si
797 3345 993 3401 mortui
1024 3358 1210 3404 sumus
1234 3360 1456 3421 peccato
1507 3360 1563 3408 et
1588 3355 1885 3426 consepulti
1943 3368 2129 3413 sumus

545 3428 782 3501 Christo,
810 3446 866 3493 et
895 3442 1335 3499 consurreximus
1382 3461 1504 3500 cum
1532 3462 1617 3513 eo,
1642 3451 1953 3506 necessario
1981 3452 2130 3509 vide-

544 3523 696 3581 hitur
747 3532 1044 3586 secundum
1088 3535 1227 3590 hanc
1279 3535 1509 3594 formam
1558 3540 1809 3613 ostendi,
1860 3546 2130 3614 quomodo

542 3618 708 3672 etiam
725 3634 845 3674 cum
865 3621 981 3691 ipso
1010 3630 1120 3680 tres
1148 3626 1265 3691 dies
1279 3636 1342 3697 et
1370 3638 1480 3703 tres
1494 3639 1679 3689 noctes
1708 3632 1763 3688 in
1786 3635 1949 3691 corde
1972 3646 2130 3694 terrae

543 3707 806 3767 fuerimus
833 3715 1049 3783 sepulti,
1081 3725 1137 3773 et
1161 3710 1285 3773 vide
1336 3720 1385 3774 'si
1412 3723 1682 3792 possimus
1711 3734 1819 3781 tres
1848 3726 1963 3783 dies
2002 3744 2131 3785 eon-

545 3800 980 3876 séptlitiCht‘i‘stb
1010 3808 1213 3866 facere.
1269 3810 1403 3868 Cum
1453 3815 1668 3886 plenam
1692 3814 1975 3874 Trinitatis
2002 3837 2131 3877 eon-

545 3900 840 3959 fcssionem
869 3906 1115 3976 capimus
1145 3926 1156 3961 :
1186 3906 1278 3962 lux
1332 3910 1477 3965 enim
1530 3910 1713 3980 Pater,
1740 3922 1795 3968 et
1822 3915 1875 3969 in
1927 3915 2131 3975 lumine

545 3990 683 4069 ejus,
712 3995 802 4064 qui
832 3998 915 4050 est
937 3992 1105 4053 Filius
1126 4039 1142 4065 ,
1196 3996 1377 4057 lumen
1408 4001 1652 4059 videmus
1698 4003 1960 4075 Spiritum
2004 4021 2131 4063 san-

547 4088 713 4139 ctum.
751 4082 1038 4153 Faciamus
1070 4098 1250 4147 autem
1284 4100 1339 4147 et
1362 4100 1473 4148 tres
1500 4103 1709 4161 noctes,
1741 4110 1863 4150 cum
1888 4097 2131 4153 tenebra-

549 4191 668 4229 rum
699 4174 1021 4246 ignorantia,
1049 4178 1267 4237 Patrem
1300 4200 1406 4240 una
1432 4202 1556 4240 cum
1580 4184 1880 4254 mendacio,
1898 4191 2041 4260 quod
2064 4207 2131 4246 ex

547 4281 612 4323 eo
638 4275 825 4324 natum
864 4273 948 4326 est
975 4270 1263 4330 calcamus.
1298 4274 1404 4331 Sed
1442 4286 1497 4332 et
1543 4277 1704 4334 tertio
1734 4268 1853 4334 loco
1880 4281 2129 4351 spiritum

547 4361 748 4418 erroris
776 4362 1121 4433 destruimus,
1159 4360 1249 4439 qui
1286 4366 1514 4439 inspirat
1547 4370 2050 4447 pseudoprophetis,
2076 4385 2133 4430 ut

546 4452 727 4508 dicant
754 4474 765 4507 :
795 4452 921 4511 Haec
970 4455 1099 4512 dicit
1126 4456 1404 4527 Dominus,
1434 4476 1555 4531 cum
1586 4458 1846 4521 Dominus
1878 4482 1983 4522 non
2031 4469 2132 4523 mi—

546 4546 635 4606 sit.
663 4548 816 4607 Sicut
844 4546 1093 4611 Christus
1136 4548 1385 4611 triduana
1429 4566 1607 4613 morte
1653 4561 1902 4630 sepulcro
1940 4554 2129 4615 condi-

548 4652 636 4699 tus
668 4641 787 4712 fuit,
817 4643 889 4699 ita
914 4654 968 4700 et
990 4663 1090 4704 nos
1118 4649 1261 4703 intra
1295 4663 1469 4720 aqum,
1504 4648 1558 4707 id
1588 4660 1692 4717 est,
1727 4652 1868 4705 intra
1901 4652 2129 4722 cognita:

547 4745 755 4792 natura:
795 4753 905 4797 suze
936 4738 1081 4795 trina
1106 4736 1375 4796 mersione
1410 4740 1681 4811 dispositi,
1734 4742 1859 4797 dum
1907 4742 2131 4796 descen-

547 4828 743 4896 dimus,
776 4831 1099 4901 sepelimur;
1142 4826 1269 4888 dum
1291 4832 1639 4905 emergimus,
1671 4834 2013 4887 suscitamur.
2043 4830 2130 4887 Vi—

547 4923 641 4978 des
674 4922 803 4993 quid
832 4916 995 4980 distet
1021 4924 1162 4980 inter
1208 4940 1362 4994 aqure
1388 4925 1637 4994 interque
1668 4923 1901 4994 Spiritus
1955 4923 2129 4977 sancti

546 5016 934 5086 operationem,
956 5032 1059 5091 per
1086 5033 1248 5088 quam
1279 5016 1731 5072 deducividemus
1756 5015 1808 5070 in
1838 5014 2127 5081 tumulum,

544 5122 641 5177 per
666 5109 915 5179 spiritum
952 5110 1243 5181 praeparari
1274 5111 1567 5181 probamus
1615 5111 1682 5165 ad
1707 5124 1953 5179 regnum,
1978 5110 2054 5163 ita
2078 5118 2127 5163 et

546 5216 639 5255 nos
668 5202 723 5256 in
754 5202 978 5256 novitate
1005 5203 1122 5256 vita:
1147 5202 1492 5257 ambulemus.
1538 5200 1757 5257 Novitas
1786 5209 1967 5255 autem
1996 5201 2123 5255 vita:

546 5301 630 5349 est
657 5295 748 5351 ubi
777 5303 1015 5351 veterem
1036 5294 1312 5352 hominem
1343 5309 1468 5349 cum
1496 5294 1706 5350 actibus
1737 5291 1853 5362 ejus
1879 5292 2128 5362 deposui—

545 5402 690 5453 mus,
725 5396 781 5442 et
810 5389 1079 5445 induimus
1112 5404 1311 5444 n0vum
1354 5389 1652 5453 hominem,
1680 5387 1772 5458 qui
1831 5387 2126 5440 secundum

546 5476 715 5534 Deum
742 5487 960 5534 creatus
995 5485 1107 5544 est,
1156 5486 1212 5534 et
1238 5480 1331 5549 qui
1363 5487 1658 5533 renovatur
1713 5478 1769 5532 in
1798 5476 2124 5547 agnitionem

540 5567 663 5635 Dei,
697 5568 993 5624 secundum
1047 5568 1337 5636 imaginem
1383 5566 1541 5637 ejus,
1611 5568 1701 5638 qui
1750 5568 1955 5624 creavit
2004 5582 2127 5627 eum

548 5660 773 5734 (Coloss.
798 5657 904 5732 ut).
934 5659 1091 5715 Sicut
1116 5668 1296 5715 autem
1327 5668 1476 5717 vetus
1500 5676 1715 5730 semper
1740 5660 2048 5725 veteraseit,
2077 5667 2133 5715 et

548 5757 615 5810 de
639 5757 727 5811 die
767 5756 824 5811 in
866 5753 1008 5807 diem
1038 5767 1254 5824 semper
1282 5757 1547 5813 vetustior
1567 5754 1833 5820 edicitur,
1858 5754 1932 5809 ita
1957 5760 2012 5811 et
2036 5768 2131 5807 no-

546 5862 649 5917 vus
672 5847 762 5903 hic
790 5858 1005 5916 semper
1034 5842 1341 5916 innovatur,
1365 5849 1698 5920 etquotidie,
1727 5848 1773 5905 si
1801 5846 1905 5905 dici
1926 5852 2129 5917 potest,

2231 3352 2379 3409 miles
2404 3350 2599 3407 erimus
2617 3394 2631 3419 ,
2660 3352 2714 3407 in
2766 3351 3010 3424 corporis
3041 3342 3253 3409 scilicet
3282 3350 3451 3424 gloria
3473 3392 3489 3418 ,
3519 3365 3627 3409 non
3662 3351 3717 3407 in
3745 3350 3830 3405 di-

2231 3444 2476 3500 vinitatis
2504 3453 2717 3499 natura.
2770 3434 3004 3511 Scientes
3030 3444 3155 3515 quia
3203 3453 3347 3507 uetus
3370 3443 3527 3509 homo
3554 3452 3729 3503 noster
3753 3443 3832 3497 si-

2231 3534 2342 3591 mul
2369 3534 2655 3605 cruciﬁxus
2682 3543 2778 3588 est.
2804 3531 2974 3590 Vetus
3004 3521 3169 3593 homo
3207 3543 3393 3593 noster
3446 3522 3828 3609 intelligendus

2231 3634 2313 3681 est
2334 3626 2445 3680 vita
2470 3623 2622 3697 prior
2646 3641 2812 3697 quam
2838 3625 3090 3683 duximus
3118 3626 3167 3680 in
3198 3614 3456 3699 peccatis,
3486 3626 3639 3698 cujus
3661 3624 3825 3681 tinem

2233 3726 2287 3772 et
2310 3714 2881 3785 interitumfacimus,
2912 3714 3005 3774 ubi
3038 3708 3329 3790 recipi-mus
3374 3718 3429 3779 in
3456 3717 3617 3781 nobis
3660 3715 3827 3775 ﬁdem

2231 3810 2411 3865 crucis
2450 3810 2675 3875 Christi,
2704 3825 2804 3882 per
2833 3816 2993 3883 quam
3029 3804 3103 3867 ita
3151 3810 3444 3875 destruitur
3474 3824 3672 3881 corpus
3700 3823 3832 3882 pec-

2231 3896 2361 3979 cati,
2385 3912 2445 3959 ut
2474 3905 2717 3958 membra
2750 3913 2957 3969 nostra,
2983 3920 3103 3974 quas
3135 3904 3443 3967 serviebant
3460 3909 3715 3973 peccato,
3736 3900 3828 3963 nl-

2231 3996 2316 4049 t'ra
2346 3993 2396 4048 ei
2436 4009 2541 4049 non
2577 3993 2836 4059 serviant,
2880 3994 2973 4049 sed
3000 3984 3133 4049 Deo.
3167 3988 3339 4053 Simul
3389 3991 3676 4060 cruciﬁxus
3720 4004 3828 4057 est.

2232 4084 2455 4142 Scilicet.
2484 4086 2611 4141 Deo.
2638 4078 2747 4139 Per
2779 4082 3107 4157 baptismum
3148 4100 3271 4141 cum
3322 4080 3540 4151 Christo
3566 4092 3619 4140 te
3646 4087 3829 4144 cruci-

2232 4180 2398 4234 ﬁxum
2425 4178 2688 4252 intelligo,
2716 4178 2809 4250 qui
2833 4176 3137 4234 membrum
3161 4172 3228 4235 de
3253 4192 3482 4250 corpore
3504 4172 3622 4247 ejus
3649 4168 3827 4239 factus

2232 4290 2314 4339 es,
2342 4282 2397 4330 ct
2424 4273 2511 4330 ille
2549 4273 2766 4343 quidem
2798 4264 3079 4327 innoxium
3114 4286 3311 4343 corpus
3336 4269 3610 4340 appendit,
3639 4276 3698 4323 ut
3728 4284 3825 4323 nn—

2233 4368 2384 4423 xium
2415 4366 2716 4440 suspendas
2747 4364 2777 4435 ᾳ
2806 4362 2955 4420 vitiis
2985 4378 2999 4418 :
3033 4362 3085 4418 in
3136 4378 3244 4433 quo
3297 4358 3554 4432 mysterio
3611 4354 3823 4433 Moyses

2234 4466 2541 4531 serpentem
2576 4470 2785 4511 aaneum
2823 4454 2878 4510 in
2909 4448 3123 4509 deserto
3155 4448 3435 4521 suspendit
3457 4446 3646 4521 (Num.
3681 4450 3818 4523 xxx).

2236 4551 2300 4605 Ut
2330 4553 2636 4607 destruatur
2662 4552 2850 4618 corpus
2896 4545 3115 4618 peccati.
3170 4540 3242 4599 Ut
3292 4541 3825 4612 destruatureorpus

2230 4652 2476 4699 nostrum
2508 4658 2538 4695 a
2574 4634 2834 4695 servitute
2872 4635 3118 4707 peccati,
3151 4641 3210 4688 ut
3240 4630 3338 4689 ﬁat
3362 4628 3692 4702 mancipium
3733 4630 3826 4703 ju-

2233 4734 2415 4798 stitiaa,
2450 4730 2594 4802 quod
2619 4727 2829 4784 solebat
2862 4739 2981 4780 esse
3020 4723 3234 4797 peccati
3262 4740 3278 4778 :
3312 4720 3497 4777 Omnis
3553 4723 3689 4776 enim
3730 4724 3824 4802 qui

2232 4827 2359 4897 facit
2383 4834 2672 4897 peccatum,
2710 4836 2885 4875 servus
2912 4827 2985 4873 est
3024 4816 3245 4891 peccati.
3276 4814 3479 4888 Corpus
3501 4825 3575 4871 est
3597 4815 3818 4889 pecbati.

2230 4919 2289 4974 ld
2326 4926 2428 4983 est,
2456 4915 2733 4985 iniquitas,
2766 4908 2920 4980 cujus
2949 4918 3112 4982 caput
3158 4904 3420 4975 diabolus,
3450 4906 3605 4978 cujus
3652 4923 3824 4962 mem-

2232 5011 2329 5065 bra
2358 5010 2640 5063 enumerat
2654 5002 2943 5078 Apostolus
2964 5018 3083 5058 esse
3097 5017 3258 5075 super
3286 5004 3486 5055 terram
3507 5014 3520 5053 :
3552 4998 3683 5065 Qua:
3697 5008 3821 5053 sunt
3840 5064 3848 5070 .

2236 5102 2539 5173 fornicatio,
2570 5098 2816 5164 avaritia,
2844 5095 3240 5161 contentio,ira,
3272 5092 3444 5146 dolus.
3465 5090 3602 5146 Item
3629 5103 3824 5145 secun-

2235 5197 2362 5251 dum
2419 5191 2766 5247 Ambrosium
2796 5209 2808 5244 :
2839 5200 2977 5244 vetus
3017 5188 3171 5243 homo
3207 5194 3407 5251 noster,
3461 5183 3635 5239 malos
3664 5191 3822 5240 actus

2235 5286 2524 5345 cruciﬁxos
2545 5283 2694 5350 dicit,
2729 5283 2781 5338 id
2809 5291 2914 5347 est,
2936 5288 3196 5337 mortuos.
3231 5275 3289 5331 In
3327 5292 3487 5331 cruce
3506 5278 3686 5331 autem
3716 5292 3820 5330 au-

2234 5386 2353 5433 ctor
2372 5376 2597 5448 peccati,
2633 5375 2685 5431 id
2708 5383 2813 5441 est,
2837 5372 3082 5428 diabolus
3102 5366 3411 5425 destructus
3434 5375 3515 5422 est
3530 5381 3544 5419 :
3562 5364 3651 5437 qui
3672 5365 3820 5421 enim

2235 5477 2482 5523 mortuus
2511 5474 2616 5531 est,
2642 5462 2977 5535 justiﬁcatus
2992 5466 3075 5513 est
3102 5472 3132 5511 a
3160 5467 3402 5527 peccato,
3433 5455 3537 5512 hoc
3565 5460 3668 5520 est,
3694 5453 3819 5508 alie-

2231 5575 2335 5615 nus
2363 5566 2445 5614 est
2471 5573 2503 5612 a
2546 5563 2791 5628 peccato,
2815 5559 3063 5606 mortuus
3114 5548 3257 5602 enim
3291 5545 3510 5601 omnino
3542 5559 3648 5599 non
3692 5556 3810 5613 pec-

2233 5657 2357 5707 cat:
2387 5650 2461 5704 ita
2490 5658 2543 5703 et
2567 5646 2666 5718 qui
2705 5650 2864 5699 natus
2890 5641 2956 5696 de
2985 5639 3095 5694 Deo
3121 5645 3222 5706 est,
3253 5652 3359 5692 non
3390 5642 3605 5708 peccat;
3636 5634 3817 5690 cruci-

2234 5744 2374 5799 ﬁxus
2403 5743 2570 5808 enim,
2601 5736 2852 5795 omnibus
2878 5732 3136 5789 membris
3171 5728 3355 5787 dolore
3377 5729 3822 5801 occupatis,pec-

2236 5854 2364 5911 care
2388 5834 2479 5893 vix
2510 5833 2729 5909 poterit.
2763 5830 2822 5885 Si
2860 5837 3034 5884 autent
3064 5828 3257 5882 mortui
3301 5842 3482 5881 sumus
3512 5838 3631 5880 cum
3660 5822 3818 5880 Chri-
