4108 6334
518 453 588 509 65

1924 438 2193 499 SEDULII
2233 438 2429 498 SCOTl

3697 443 3765 498 64

519 569 736 634 veritas,
777 577 1051 624 amatores
1085 566 1202 637 ejus
1239 566 1561 623 videbimur.
1595 563 1824 620 Liberati
1853 571 2027 618 autem
2062 578 2095 615 a
2120 561 2178 621 Α·
2199 560 2362 627 tatio;
2390 561 2572 630 arbor,
2599 561 2740 618 bona
2761 563 2844 618 vel
2869 561 3012 618 mala
3036 548 3311 632 voluntas;
3349 563 3577 633 fructus,
3606 582 3772 637 opera

519 668 746 731 peccato.
783 659 914 726 Quis
954 669 1040 715 est
1073 659 1164 728 qui
1203 658 1398 714 liberet
1429 674 1461 713 a
1498 656 1758 728 peccato?
1783 655 1900 711 sine
1937 653 2097 708 dubio

521 748 726 819 agnitio
751 747 996 803 veritatis
1025 763 1040 802 :
1081 747 1160 805 sic
1188 747 1331 802 enim
1363 746 1576 801 dicebat
1607 743 1764 799 Jesus
1793 743 1860 797 ad
1885 742 2098 798 Iudaeos

520 841 615 910 qui
639 840 979 895 crediderant
1003 840 1054 895 ei
1085 857 1097 893 :
1127 838 1186 894 Si
1216 837 1555 894 credideritis
1577 837 1743 892 verbo
1767 850 1910 902 meo,
1935 849 2098 906 agno—

523 932 686 986 scetis
716 930 1020 998 veritatem,
1057 942 1113 986 et
1135 932 1334 985 veritas
1357 929 1608 985 liberabit
1647 944 1763 984 vos.
1795 923 2100 982 Humanum

523 1021 639 1074 dico
660 1024 871 1092 propter
892 1021 1250 1090 inﬁmitatem
1275 1019 1448 1074 carnis
1491 1027 1690 1074 vestras.
1717 1017 1850 1092 Hoc
1877 1024 1978 1084 est,
2001 1017 2101 1070 Itu-

521 1129 737 1166 manum
773 1113 910 1178 dico,
941 1113 1069 1183 quia
1095 1113 1332 1167 nondum
1372 1111 1442 1166 ad
1484 1111 1703 1181 plenum
1751 1109 1977 1180 potestis
2006 1123 2101 1163 au-

521 1204 637 1260 dire
663 1205 938 1260 divinum:
979 1221 1104 1261 cum
1143 1205 1288 1259 enim
1316 1205 1485 1279 multo
1518 1203 1691 1274 magis
1721 1201 1960 1257 debeatis
1987 1215 2104 1256 ser-

520 1297 639 1352 vire
666 1297 891 1367 justitia:
921 1312 1081 1368 quam
1121 1304 1364 1366 peccato,
1405 1296 1492 1351 cui
1539 1303 1663 1350 ante
1709 1293 1972 1358 servistis,
2001 1307 2102 1362 ego

521 1395 706 1442 tamen
737 1389 970 1443 concedo
1007 1387 1310 1443 inﬁrmitati
1335 1395 1533 1443 vestra:
1558 1393 1619 1440 ut
1653 1393 1861 1440 tantum
1881 1382 2103 1455 justitia:

522 1479 806 1546 servistis;
854 1479 979 1535 sive
1000 1480 1078 1534 ita
1124 1481 1363 1534 humana
1417 1479 1627 1534 ratione
1676 1478 1838 1548 digna
1889 1475 2098 1544 loquor,

520 1570 666 1639 quod
695 1586 885 1626 omnes
909 1587 1123 1628 mecum
1172 1571 1375 1626 sentire
1417 1577 1642 1641 possunt
1692 1578 1745 1624 et
1791 1567 1968 1623 nullus
2009 1567 2104 1621 ab-

522 1676 710 1715 nuere.
754 1662 1024 1717 Pudorem
1050 1662 1336 1732 quemdam
1366 1676 1464 1731 per
1497 1661 1614 1715 haec
1652 1658 1847 1714 incutit
1871 1657 2103 1726 Aposto-

519 1747 606 1803 lus
651 1751 1008 1817 auditoribus,
1039 1759 1101 1805 ut
1127 1752 1232 1806 hoc
1261 1749 1455 1805 saltem
1480 1747 1705 1818 obsequi
1750 1747 1979 1802 debeant
2011 1743 2102 1813 ju-

2192 651 2414 721 justitize
2454 653 2540 708 vel
2582 653 2877 723 iniustitiae,
2905 655 2992 711 vel
3029 655 3360 725 justiﬁeatio,
3407 658 3494 713 vel
3540 657 3772 716 immun-

2197 744 2356 810 ditia;
2386 745 2509 800 ﬁnis
2528 759 2657 800 vero
2683 756 2768 801 est
2797 761 2961 812 mors,
3007 762 3104 803 seu
3142 749 3254 802 vita
3282 749 3650 806 aeternauNon
3690 761 3777 808 est

2197 837 2550 893 omittendum
2593 840 2736 909 quod
2780 840 2986 896 fructus
3029 841 3250 912 quidem
3295 857 3410 909 eos,
3440 859 3539 914 pro
3581 845 3776 914 quibus

2197 947 2342 987 nunc
2362 933 2753 1001 erubescimus,
2795 934 2851 989 in
2879 950 2985 1004 quo
3019 936 3128 990 sint
3152 934 3323 990 noluit
3343 937 3642 992 nominare.
3667 937 3775 992 Eo-

2197 1035 2318 1075 rum
2344 1037 2473 1077 vero
2501 1022 2734 1078 fructum
2779 1025 2871 1094 qui
2919 1023 3132 1080 liberati
3182 1033 3307 1079 sunt
3353 1040 3383 1078 a
3425 1035 3667 1096 peccato,
3723 1036 3778 1080 et

2199 1113 2341 1167 servi
2375 1112 2501 1168 facti
2530 1122 2655 1169 sunt
2688 1115 2817 1180 Deo,
2846 1115 2978 1171 dicit
3007 1131 3126 1172 esse
3153 1117 3209 1171 in
3247 1115 3731 1172 sanctiﬁcationem
3761 1135 3776 1173 :

2198 1203 2462 1259 bonorum
2487 1206 2630 1259 enim
2655 1204 2989 1275 frequentius
3029 1221 3191 1277 quam
3229 1207 3495 1262 malorum
3530 1209 3808 1264 habenda.

2199 1294 2457 1350 memoria
2482 1303 2585 1350 est.
2617 1294 2760 1349 Nam
2787 1295 2908 1364 ﬁnis
2935 1313 3115 1351 eorum
3137 1313 3277 1352 mors
3301 1306 3396 1352 est.
3425 1297 3615 1352 Finem
3644 1299 3782 1354 dixit

2201 1386 2404 1441 exitum
2423 1386 2549 1442 vitae
2569 1395 2626 1441 et
2652 1395 2890 1467 actuum,
2917 1388 3004 1442 cui
3039 1396 3131 1442 aut
3153 1402 3320 1452 mors,
3349 1395 3444 1442 aut
3470 1388 3578 1442 vita
3603 1404 3784 1444 succe-

2203 1476 2301 1542 dit,
2340 1477 2434 1532 sed
2462 1477 2589 1532 huie
2609 1477 2705 1532 ﬁni
2732 1493 2899 1544 mors,
2947 1493 2978 1531 a
3025 1488 3198 1533 morte
3243 1487 3420 1534 autem
3450 1479 3518 1534 ad
3551 1487 3784 1534 mortem

2202 1567 2414 1622 transit.
2457 1566 2786 1638 Stipendium
2816 1569 2952 1622 enim
2993 1569 3188 1640 peccati
3232 1585 3392 1623 mors.
3445 1567 3782 1639 Stipendium

2200 1671 2299 1726 pro
2325 1671 2487 1726 opere
2507 1657 2710 1712 militiae
2735 1659 3324 1729 redditur;peccatum,
3353 1675 3477 1714 nam
3502 1661 3621 1715 ideo
3647 1659 3788 1714 dixit

2204 1745 2529 1814 stipendium
2576 1748 2779 1816 peccati
2825 1764 2995 1814 mors,
3036 1756 3096 1802 ut
3133 1758 3364 1804 mortem
3411 1757 3632 1820 peccato
3676 1765 3786 1812 non

521 1839 685 1896 stitia:
733 1849 788 1896 et
839 1837 1249 1897 sanctiﬁcationi
1279 1881 1293 1905 ,
1357 1840 1498 1910 quod
1550 1839 1700 1910 prius
1751 1835 2105 1892 immunditize
2206 1836 2474 1894 immerito
2501 1839 2724 1907 illatam,
2761 1841 2855 1896 sed
2892 1842 3125 1896 debitam
3150 1835 3571 1898 demonstraret.
3600 1840 3787 1896 Gratia

525 1933 907 2004 iniquitatique
932 1933 1254 1989 detulerant.
1293 1931 1433 2000 Quid
1471 1946 1600 2002 ergo
1641 1938 1752 1984 tam
1788 1929 2104 1999 humanum,
2133 1921 2181 1982 B
2209 1939 2379 1984 autem
2419 1929 2512 1983 Dei
2533 1933 2637 1986 vita
2665 1941 2881 1986 aeterna.
2925 1933 3070 1989 Bene
3098 1943 3277 1991 autem
3308 1937 3700 2006 metaphoram,
3733 1935 3789 1990 id

527 2024 658 2095 quid
685 2035 796 2080 tam
824 2025 961 2092 leve,
1003 2026 1130 2096 quid
1161 2035 1269 2080 tam
1311 2024 1428 2080 sine
1455 2038 1641 2088 onere,
1693 2031 1745 2077 et
1787 2021 1930 2092 quod
1965 2019 2110 2075 nulla

526 2115 699 2184 possit
740 2131 964 2186 prorsus
1009 2116 1296 2171 inﬁrmitas
1341 2113 1638 2170 excusare?
1683 2111 1859 2176 Sicut,
1914 2111 2107 2180 inquit,

524 2206 830 2261 exhibuistis
874 2207 1104 2261 membra
1153 2214 1323 2261 vestra
1363 2205 1554 2260 servire
1606 2203 1890 2273 iniquitati.
1945 2200 2110 2256 Multo

525 2298 670 2352 enim
709 2298 940 2368 amplius
967 2293 1022 2354 et
1048 2299 1217 2354 multo
1253 2298 1517 2354 intentius
1553 2296 1868 2352 honoranda
1896 2294 2110 2364 justitia

527 2398 611 2445 est
643 2407 656 2443 :
691 2391 739 2445 si
774 2405 926 2462 ergo,
964 2390 1158 2461 inquit,
1209 2392 1445 2448 humane
1493 2399 1548 2446 et
1599 2391 1954 2446 communiter
1989 2404 2107 2460 ago,

530 2481 719 2536 eadem
751 2481 982 2552 postulo,
1017 2483 1216 2538 similia
1248 2484 1484 2553 requiro.
1524 2481 1736 2538 Dudum
1763 2481 2114 2552 raluirebant

527 2573 694 2642 pedes
739 2574 910 2629 vestri
959 2574 1261 2630 daemonum
1308 2573 1526 2644 templa,
1581 2589 1726 2628 nunc
1777 2580 1998 2628 currant
2045 2571 2113 2628 ad

531 2665 820 2720 ecclesiam
876 2665 1012 2732 Dei;
1081 2665 1547 2736 protendebantur
1599 2665 1752 2734 prius
1800 2677 1992 2719 manus
2053 2669 2114 2717 ut

531 2753 707 2808 aliena
753 2764 1024 2825 raperent,
1057 2772 1200 2811 nunc
1232 2762 1291 2810 ut
1320 2755 1536 2826 propria
1568 2754 1866 2825 largiantur
1893 2761 2114 2825 proten-

531 2847 751 2913 dantur,
798 2847 1234 2918 circumspiciant
1280 2861 1566 2918 pauperes,
1615 2845 1838 2912 debiles,
1891 2859 2111 2916 egenos,

530 2938 600 2992 ad
637 2937 1034 3004 miserandum;
1086 2953 1247 2993 aures
1290 2937 1696 2993 delectabantur
1733 2937 1916 2992 auditu
1951 2951 2114 3001 vano,

531 3026 618 3082 vel
652 3028 918 3083 bonorum
947 3027 1407 3098 derogationibus,
1449 3043 1594 3083 nunc
1636 3033 2022 3083 convertantur
2047 3025 2118 3082 ad

534 3120 858 3176 audiendum
880 3121 1104 3176 verbum
1137 3120 1252 3187 Dei,
1291 3122 1357 3175 ad
1401 3119 1834 3189 explanationem
1875 3119 2032 3188 legis,
2061 3124 2117 3174 et

516 3208 605 3264 ad
650 3209 968 3279 capiendam
1017 3209 1298 3278 sapientia:
1348 3209 1714 3280 disciplinam;
1763 3207 1965 3280 lingua,
1996 3223 2117 3279 quae

2212 2027 2315 2083 est,
2345 2018 2571 2091 ﬁguram
2596 2021 2802 2076 militiae
2829 2037 2896 2076 ex
2935 2023 3088 2078 initio
3125 2025 3452 2094 prepositam
3497 2033 3697 2090 servat,
3729 2032 3790 2078 ut

2212 2111 2568 2168 militantibus
2597 2113 2696 2168 sub
2723 2124 2946 2183 peccato
2973 2129 3116 2185 rege,
3145 2115 3254 2169 imo
3280 2115 3458 2186 potius
3485 2116 3787 2186 tyrannide,

2211 2203 2261 2256 ei
2283 2218 2313 2257 a
2335 2204 2644 2273 parentibus
2671 2204 2934 2274 stipendia
2966 2204 3144 2259 debita
3171 2214 3400 2260 mortem
3431 2207 3591 2261 dicat.
3619 2205 3790 2260 Deum

2211 2310 2342 2349 vero
2367 2311 2472 2350 non
2496 2303 2616 2350 erat
2640 2297 2860 2367 dignum
2894 2297 3154 2352 militibus
3188 2299 3297 2353 suis
3319 2299 3604 2368 stipendia,
3636 2299 3791 2368 quasi

2212 2386 2453 2442 debitum
2491 2387 2707 2458 aliquod
2755 2390 2905 2456 dare,
2937 2390 3034 2444 sed
3073 2389 3272 2444 donum
3298 2399 3352 2446 et
3385 2392 3633 2461 gratiam,
3671 2406 3792 2460 qua;

2213 2488 2297 2536 est
2322 2480 2436 2535 vita
2456 2489 2675 2536 aeterna.
2707 2480 2952 2552 Quinque
2978 2492 3160 2537 autem
3183 2483 3388 2554 species
3416 2492 3540 2538 sunt
3562 2483 3788 2549 mortis;

2213 2588 2339 2628 nam
2359 2573 2534 2643 prima
2562 2588 2710 2628 mors
2729 2581 2812 2629 est
2837 2575 3104 2644 separatio
3132 2575 3325 2630 animae
3352 2590 3382 2629 a
3417 2589 3642 2644 corpore
3666 2591 3681 2640 ;
3715 2589 3794 2628 se-

2213 2665 2408 2732 cunda,
2453 2666 2722 2734 separatio
2764 2667 2957 2722 animae.
2995 2683 3025 2722 a
3057 2667 3187 2733 Deo,
3219 2683 3336 2738 quae
3381 2683 3478 2738 per
3510 2675 3794 2737 peccatum

2213 2759 2424 2825 evenit;
2456 2760 2616 2814 tertia
2647 2767 2729 2814 est
2761 2759 3055 2814 secundum
3097 2760 3226 2814 illud
3256 2760 3400 2830 quod
3424 2769 3615 2814 auctor
3651 2775 3797 2814 mor—

2215 2848 2285 2904 tis
2310 2849 2480 2918 ipsius
2505 2849 2747 2905 diabolus
2775 2865 2921 2905 mors
2948 2851 3276 2920 appellatur;
3307 2859 3499 2920 quarta
3529 2865 3676 2906 mors
3701 2864 3798 2904 no-

2214 2937 2457 2993 minatur
2502 2937 2697 2993 inferni
2748 2938 2920 3006 lacus,
2966 2954 3071 3008 quo
3104 2940 3564 3010 praevaricatrices
3603 2939 3799 2993 anima:

2217 3027 2544 3084 detinentur.
2574 3029 2783 3084 Dicitur
2804 3045 2933 3085 vero
2959 3038 3012 3085 et
3052 3031 3143 3085 illa
3181 3045 3329 3086 mors
3362 3031 3665 3097 laudabilis,
3690 3044 3797 3101 qua

2216 3129 2439 3192 peccato
2467 3121 2695 3192 quisque
2729 3121 2958 3177 moritur
2982 3129 3038 3176 et
3061 3121 3278 3178 Christo
3301 3121 3677 3194 consepelitur.

2819 3222 3046 3278 CAPUT
3085 3223 3193 3278 V’ll.

533 3278 790 3354 conviciis
815 3307 871 3354 et
897 3299 1221 3366 maledictis,
1250 3308 1305 3356 et
1342 3278 1687 3370 turpiloquiis
1727 3278 1983 3355 consueta
2006 3278 2111 3366 est,
2142 3278 2187 3342 Ο
2288 3302 2371 3356 An
2391 3302 2665 3372 ignoratis,
2693 3300 2908 3370 fratres,
2937 3302 3217 3356 scientibus
3239 3303 3375 3356 enim
3403 3301 3566 3372 legem
3594 3300 3797 3372 loquor.

535 3397 882 3444 convertatur
907 3405 1050 3444 nunc
1088 3389 1157 3444 ad
1192 3390 1619 3445 benedicendum
1662 3390 1832 3446 Deum
1872 3390 1928 3444 in
1966 3391 2114 3446 omni

537 3495 796 3556 tempore,
829 3477 1133 3542 sermonem
1183 3501 1378 3542 sanum
1414 3485 1656 3558 proferat
1701 3492 1756 3542 et
1804 3487 2112 3554 honestum,

537 3582 597 3630 ut
644 3575 735 3630 det
781 3575 1008 3646 gratiam
1047 3575 1388 3630 audientibus
1429 3583 1486 3631 et
1533 3575 1818 3631 veritatem
1864 3575 2117 3647 loquatur

538 3680 663 3721 cum
686 3665 934 3736 proximo
971 3681 1088 3721 suo.
1121 3665 1230 3722 Sed
1275 3665 1404 3736 quid
1451 3680 1586 3737 opus
1632 3675 1716 3723 est
1747 3667 1863 3723 hac
1907 3668 2118 3741 singula

540 3759 814 3828 persequi,
845 3773 966 3813 cum
992 3767 1175 3828 pateat
1217 3758 1381 3814 etiam
1423 3759 1842 3832 uniuscujusque
1888 3763 2119 3820 membri

544 3850 922 3917 ministerium,
953 3851 1097 3920 quod
1126 3848 1370 3906 exhibuit
1402 3851 1570 3918 vitiis,
1599 3862 1782 3922 aptare
1807 3855 2116 3922 virtutibus,

519 3975 522 3978 ~
541 3948 598 3995 et
619 3949 796 3995 actum
824 3955 983 4010 quem
1003 3941 1246 3997 exhibuit
1269 3943 1639 4008 immunditite,
1669 3961 1811 4000 nunc
1833 3947 1900 4000 ad
1921 3949 2120 4002 sancti‘

543 4039 709 4086 tatem
740 4039 795 4086 et
819 4033 1123 4089 castitatem
1146 4037 1498 4091 convertere?
1529 4034 1718 4106 Itaque
1739 4045 1786 4090 et
1809 4053 1945 4091 nunc
1969 4039 2119 4091 exhi—

544 4122 654 4176 bete
679 4122 909 4177 membra
949 4134 1116 4179 vestra
1142 4125 1332 4180 servire
1353 4125 1576 4196 justitia:
1601 4125 1657 4179 in
1685 4127 2118 4196 sanctiﬁcatione.

543 4210 767 4267 Videtur
793 4214 881 4270 hic
915 4230 1047 4271 sane
1079 4214 1347 4285 justitiam
1390 4215 1840 4286 nominasse-pro
1875 4218 2123 4275 omnibus

546 4305 706 4361 simul
731 4307 1041 4374 virtutibus,
1071 4309 1212 4364 sicut
1251 4323 1282 4364 e
1327 4308 1600 4365 contrario
1651 4309 1988 4379 iniquitatem
2026 4327 2124 4380 pro

547 4399 800 4455 omnibus
830 4401 989 4456 simul
1017 4401 1165 4455 vitiis
1185 4401 1447 4470 posuisse.
1477 4398 1608 4453 Cum
1635 4402 1768 4455 enim
1790 4403 1924 4457 servi
1949 4404 2124 4458 essetis

543 4491 764 4558 peccati,
798 4489 949 4545 liberi
971 4489 1147 4559 fuistis
1165 4489 1410 4561 justitia.
1442 4487 1556 4546 Hoc
1589 4498 1692 4558 est,
1744 4491 1800 4545 in
1838 4491 1983 4547 nullo
2011 4507 2126 4547 ser-

545 4579 752 4634 vientes
779 4581 851 4644 ei,
878 4581 951 4633 ita
975 4590 1031 4636 et
1057 4597 1202 4637 nunc
1223 4581 1379 4638 liberi
1408 4591 1585 4638 estote
1610 4584 1679 4640 ab
1704 4584 1852 4638 omni
1881 4590 2120 4654 peccato.

547 4671 829 4739 Quilibeta
857 4671 970 4728 Deo
1009 4680 1111 4740 est,
1149 4690 1336 4731 servus
1368 4676 1576 4746 peccati
1610 4684 1712 4731 est.
1762 4675 1904 4730 Sane
1935 4686 2126 4732 notan-

549 4763 674 4817 dum
706 4771 790 4817 est
821 4778 940 4820 esse
977 4774 1032 4820 et
1062 4765 1366 4821 libertatem
1396 4767 1734 4838 culpabilem,
1783 4776 1839 4822 et
1885 4768 2126 4826 laudabi-

547 4853 652 4908 lem
681 4853 1038 4910 servitutem:
1071 4872 1195 4910 nam
1227 4857 1453 4911 liberum
1497 4873 1618 4912 esse
1657 4857 1880 4926 justitia:
1919 4860 2126 4915 crimen

547 4952 648 5012 est,
681 4960 897 5000 servum
932 4961 1063 5002 vero
1093 4962 1212 5002 esse
1251 4946 1520 5002 laudabile
1547 4956 1650 5003 est.
1698 4947 1878 5005 Liberi
1905 4966 1936 5005 a
1967 4951 2127 5023 justi-

549 5037 621 5091 tia
660 5054 766 5094 non
795 5047 939 5107 sunt,
969 5039 1074 5095 nisi
1123 5039 1348 5094 arbitrio
1377 5039 1702 5108 voluntatis;
1745 5041 1900 5098 liberi
1944 5052 2125 5100 autem

548 5143 654 5182 non
685 5138 810 5184 sunt
840 5146 871 5185 a
917 5141 1158 5202 peccato,
1190 5131 1293 5186 nisi
1320 5131 1493 5201 gratia
1529 5132 1855 5200 Salvatoris;
1890 5135 2033 5190 unde
2059 5135 2126 5190 li-

549 5221 707 5274 heros
734 5236 764 5274 a
794 5220 1006 5290 justitia
1038 5223 1192 5288 dixit,
1223 5238 1254 5278 a
1288 5234 1510 5292 peccato
1547 5234 1727 5280 autem
1761 5241 1866 5280 non
1908 5227 2126 5295 liberos,

549 5312 644 5368 sed
666 5312 938 5381 liberatos,
967 5329 1035 5370 ne
1058 5315 1158 5371 sibi
1195 5315 1298 5372 hoc
1326 5315 1642 5371 tribuerent.
1676 5315 1842 5383 Quem
1873 5335 1994 5389 ergo
2017 5318 2130 5388 fru-

549 5414 692 5459 ctum
730 5405 984 5460 habuistis
1037 5407 1092 5462 in
1142 5407 1242 5472 his,
1287 5407 1342 5460 in
1373 5407 1560 5478 quibus
1607 5425 1744 5463 nunc
1793 5409 2132 5465 erubescitis?

551 5493 738 5549 Nullus
759 5495 875 5550 sine
901 5495 1062 5551 dubio
1086 5495 1294 5553 fructus
1317 5505 1401 5553 est
1426 5498 1483 5552 in
1509 5511 1573 5552 ea
1603 5513 1664 5554 re
1696 5513 1814 5569 qua:
1837 5513 1934 5568 per
1956 5500 2130 5570 poeni-

551 5587 776 5643 tentiam
805 5588 1164 5657 erubescitur,
1192 5599 1246 5646 et
1275 5589 1426 5660 cujus
1451 5590 1614 5645 etiam
1645 5591 1949 5646 recordatio
1975 5605 2130 5646 vere-

551 5676 729 5734 cunda
752 5686 852 5734 est.
883 5679 1276 5748 Quadriformis
1311 5691 1490 5738 autem
1519 5681 1755 5737 varietas
1782 5681 1836 5736 in
1857 5681 2002 5736 omni
2031 5681 2132 5736 ini-

553 5771 758 5840 quitate
785 5781 944 5844 atque
965 5774 1172 5845 justitia
1198 5776 1410 5832 videtur
1436 5776 1614 5832 inesse
1639 5794 1652 5830 :
1687 5790 1872 5831 semen
1906 5775 2130 5844 scilicet,

2149 4637 2203 4698 D

2217 3394 2352 3451 Hinc
2390 3394 2576 3465 incipit
2615 3393 2981 3449 dillicultatem
3035 3395 3170 3465 legis
3220 3395 3530 3458 ostendere,
3573 3403 3632 3449 ut
3681 3395 3801 3451 illos

2217 3487 2466 3542 hortetur
2510 3485 2578 3540 ad
2632 3487 2861 3556 gratiam
2907 3486 3038 3568 sine
3059 3485 3175 3555 ejus
3217 3487 3410 3541 timore
3462 3486 3714 3553 transire,
3743 3495 3806 3541 ut

2217 3583 2428 3640 animas
2453 3597 2640 3637 eorum
2661 3583 2844 3638 ﬁrmet
2869 3582 2924 3637 in
2944 3581 3189 3637 doctrina
3217 3580 3421 3647 divina,
3449 3579 3803 3650 exemploque

2217 3673 2352 3746 legis
2398 3673 2649 3729 humana:
2696 3673 2888 3741 utitur,
2920 3681 2981 3729 ut
3014 3688 3112 3744 per
3139 3679 3358 3727 terrena
3397 3672 3620 3728 suadeat
3643 3669 3804 3727 cccle-

2219 3766 2342 3822 stia.
2372 3764 2562 3822 Sciunt
2587 3765 2732 3821 enim
2758 3765 2931 3837 legem
2958 3764 3187 3821 Romani
3209 3763 3334 3835 quia
3357 3779 3464 3818 non
3503 3773 3629 3818 sunt
3675 3763 3806 3817 Bar-

2219 3855 2366 3922 bari,
2411 3855 2507 3910 sed
2571 3854 3096 3925 comprehenderunt
3161 3851 3462 3907 naturalem
3506 3850 3801 3919 justitiam,

2219 3946 2418 4015 partim
2461 3959 2527 3998 ex
2560 3960 2638 4010 se,
2673 3946 2870 4015 partim
2897 3959 2965 4000 ex
2995 3943 3216 4005 Graecis,
3247 3943 3342 3997 sed
3379 3940 3552 3995 Graeci
3587 3957 3655 3995 ex
3700 3941 3808 3998 Ile-

2219 4037 2409 4101 braeis;
2437 4051 2562 4090 nam
2591 4036 2674 4088 lex
2709 4033 2966 4089 Romanis
2992 4048 3059 4088 ex
3086 4031 3312 4086 Athenis
3346 4030 3507 4083 allata
3532 4037 3634 4084 est.
3665 4030 3807 4096 Quia

2222 4126 2306 4180 lea:
2337 4126 2639 4179 dominatur
2678 4124 2731 4177 in
2761 4123 2986 4188 homine,
3012 4130 3208 4193 quanto
3247 4128 3471 4190 tempore
3510 4120 3650 4174 vivit.
3684 4119 3805 4178 Non

2223 4223 2309 4274 est
2339 4216 2628 4279 occultum,
2670 4229 2885 4270 omnem
2927 4213 3093 4268 vitam
3120 4211 3356 4267 hominis
3391 4225 3513 4267 esse
3551 4211 3654 4267 sub
3686 4212 3806 4284 lege

2225 4315 2455 4372 naturae,
2487 4306 2601 4360 haec
2624 4305 2706 4360 lex
2735 4303 3002 4375 generalis
3021 4312 3124 4359 est.
3153 4303 3306 4358 Nunc
3332 4295 3462 4360 vero
3488 4303 3649 4363 aliam
3681 4320 3807 4374 pro.-

2223 4399 2404 4468 posuit
2426 4396 2732 4466 specialem,
2758 4412 2854 4466 per
2875 4412 3037 4466 quam
3060 4395 3290 4465 probare
3310 4394 3422 4450 vult
3448 4396 3806 4451 assertionem

2225 4505 2396 4546 suam.
2426 4488 2566 4541 Nam
2592 4504 2709 4559 qua:
2737 4487 2830 4541 sub
2858 4489 2967 4541 viro
2995 4497 3070 4542 est
3094 4486 3302 4554 mulier,
3327 4489 3522 4543 vivente
3550 4488 3659 4543 viro
3687 4487 3806 4543 alli-

2227 4588 2350 4651 gata
2373 4587 2448 4631 est
2468 4577 2587 4648 legi.
2613 4577 2737 4633 time
2763 4577 2848 4632 lex
2867 4576 2934 4632 de
2947 4577 3236 4649 Evangelio
3258 4586 3364 4644 est,
3380 4592 3486 4634 non
3507 4593 3574 4634 ex
3602 4578 3806 4649 Moyse,

2229 4682 2402 4737 neque
2435 4683 2500 4721 ex
2528 4667 2736 4739 justitia
2780 4676 3014 4722 terrena.
3061 4666 3264 4722 Suadet
3309 4683 3437 4739 ergo
3483 4667 3808 4724 Christianis

2201 4761 2489 4817 emundum
2542 4775 2661 4817 esse
2705 4777 2735 4815 a
2779 4760 2897 4833 lege
2939 4761 3224 4828 factorum,
3255 4778 3362 4817 non
3401 4763 3470 4818 ab
3493 4763 3637 4817 omni
3666 4762 3807 4834 lege,

555 5863 736 5934 arbor,
766 5865 908 5934 ﬁnis,
930 5866 1166 5938 fruetus;
1200 5884 1383 5926 semen
1407 5877 1491 5926 est
1515 5868 1655 5925 bona
1679 5866 1791 5924 sive
1816 5865 1958 5925 mala
1986 5866 2132 5938 cogi-
2181 5906 2184 5909 -

2231 4874 2329 4914 nec
2361 4858 2499 4912 ultra
2531 4858 2644 4928 jam
2680 4857 2935 4926 expedire
2973 4871 3093 4912 esse
3135 4855 3235 4910 sub
3279 4854 3414 4926 lege,
3464 4870 3532 4910 ne
3577 4855 3811 4924 gratiam

2232 4949 2326 5004 Dei
2367 4957 2589 5004 evacuet
2641 4963 2894 5022 reversus
2935 4948 2989 5002 in
3047 4947 3237 5018 legem.
3285 4945 3471 5017 Neque
3518 4946 3652 5016 legis
3705 4946 3813 5001 erit

2232 5041 2462 5107 adulter,
2488 5041 2582 5096 sed
2601 5039 2898 5112 Evangelii,
2919 5039 3011 5110 qui
3034 5046 3243 5094 mortua
3270 5037 3385 5108 lege
3397 5039 3616 5108 junctus
3638 5037 3813 5097 Evan-

2231 5131 2387 5204 gelio,
2419 5139 2608 5202 postea
2654 5131 2794 5186 redit
2843 5131 2910 5185 ad
2953 5130 3145 5202 legem.
3191 5129 3400 5184 Mortua
3456 5129 3541 5184 lex
3589 5128 3809 5194 dicitur,

2231 5223 2446 5294 quando
2476 5237 2635 5292 quem
2677 5221 3025 5277 continebant
3064 5235 3216 5278 reum
3259 5219 3560 5292 incognitus
3601 5227 3684 5274 est
3718 5219 3808 5273 ei:

2232 5315 2277 5369 si
2305 5322 2485 5370 autem
2511 5313 2810 5370 servientes
2833 5314 2938 5383 legi
2965 5315 3221 5368 accedere
3243 5327 3302 5368 se
3321 5320 3516 5382 putant
3543 5313 3612 5368 ad
3634 5313 3812 5368 Evan-

2232 5403 2450 5476 gelium,
2477 5404 2556 5461 rei
2577 5413 2739 5460 erunt
2762 5413 2817 5461 et
2837 5403 3065 5460 adulteri
3093 5422 3104 5458 :
3135 5403 3227 5472 qui
3246 5403 3367 5458 viva
3390 5403 3506 5476 lege
3517 5405 3815 5476 junxerunt

2233 5513 2290 5554 se
2319 5497 2467 5564 ﬁdei,
2489 5507 2648 5554 erunt
2670 5499 2726 5553 in
2755 5506 2983 5568 utroque
3015 5497 3261 5552 adulteri.
3289 5498 3598 5557 Scientibus
3631 5508 3812 5556 autem

2231 5590 2405 5660 legem
2431 5589 2669 5660 loquitur
2710 5588 2928 5655 Paulus,
2969 5588 3025 5645 id
3052 5599 3156 5657 est,
3182 5592 3475 5650 scientibus
3501 5610 3620 5665 quas
3647 5594 3718 5648 sit
3756 5595 3812 5648 in

2232 5682 2349 5753 lege
2367 5691 2604 5738 vetustas
2634 5682 2826 5737 littera:
2855 5689 2910 5736 et
2954 5683 3165 5739 novitas
3217 5685 3458 5756 spiritus.
3505 5685 3639 5741 Nam
3672 5687 3817 5743 sicut

2234 5783 2408 5830 morte
2435 5774 2538 5830 viri
2575 5772 2768 5828 mulier
2811 5773 3074 5830 liberatur
3106 5792 3138 5830 a
3171 5775 3287 5848 lege
3334 5777 3595 5848 conjugis,
3640 5785 3695 5832 et
3728 5792 3816 5833 so-

2235 5865 2412 5924 ciandi
2440 5865 2557 5923 viro
2585 5864 2691 5923 alio
2716 5865 2926 5938 accepit
2949 5865 3278 5935 libertatem,
3316 5867 3392 5926 ita
3432 5869 3634 5940 anima,
3657 5867 3815 5939 cujus
