4108 6334
327 405 394 459 65
1430 395 1762 453 COLLECT.
1804 395 1874 452 IN
1911 392 2128 453 EPIST.
2169 394 2261 451 AD
2295 393 2458 450 ROM.
2806 437 2814 445 .
3509 394 3582 454 66

323 513 409 568 vir
427 511 514 568 lex
540 517 642 577 est,
671 509 834 565 veluti
864 516 1078 566 mortua
1123 507 1226 564 sibi
1277 507 1395 580 lege
1429 508 1723 563 secundum
1752 508 1900 563 litte-
1927 509 1982 570 Α
2004 505 2238 561 fructum
2265 503 2467 560 faceret
2506 500 2669 558 morti
2698 501 2964 558 secundae.
2994 483 3416 573 Lucrumrfenim
3443 513 3576 564 tunc

326 621 464 671 ram,
494 604 800 659 libertatem
844 603 1053 672 accepit
1099 601 1335 657 nubendi
1381 600 1484 656 alio
1509 602 1647 666 viro,
1683 600 1775 670 qui
1822 608 1904 656 est

323 699 544 770 spiritus
569 698 724 769 legis,
751 699 974 768 spiritus
1002 705 1180 752 autem
1211 697 1470 752 Dominus
1497 705 1599 752 est.

396 788 549 855 Quod
576 800 749 843 autem
791 789 959 843 dixit:
987 787 1096 842 Lex
1119 788 1418 842 dominatur
1445 797 1638 860 quanto
1677 797 1903 861 tempore

323 881 464 946 vivit,
501 881 708 954 nonad
737 880 1030 946 hominem,
1068 880 1161 934 sed
1200 880 1266 934 ad
1300 879 1472 950 legem
1508 879 1756 934 refertur.
1791 879 1905 935 Hoc

322 972 467 1028 enim
493 980 549 1027 et
574 971 630 1026 in
667 971 1116 1042 consequentibus
1161 970 1379 1035 indicat,
1411 971 1504 1025 ubi
1539 971 1614 1026 ait
1643 990 1656 1024 :
1699 971 1906 1026 Vivente

324 1069 432 1121 viro
460 1064 677 1135 alligata
703 1075 778 1120 est
811 1064 928 1135 legi.
960 1065 1027 1119 Et
1065 1063 1234 1134 ipsius
1271 1061 1504 1132 exempli
1531 1062 1674 1131 quod
1696 1077 1904 1118 assum-

321 1163 470 1226 ptum
494 1165 599 1221 est,
628 1155 836 1225 plenius
870 1155 917 1210 is
959 1155 1091 1209 ordo
1128 1153 1366 1210 declarat
1390 1171 1404 1208 :
1431 1154 1602 1225 legem
1629 1154 1775 1211 enim
1800 1153 1902 1211 viri

323 1247 444 1303 loco
467 1247 665 1317 posuit,
689 1255 744 1302 et
767 1248 833 1301 de
859 1247 974 1316 ipsa
1002 1245 1133 1301 dicit
1159 1263 1172 1300 :

393 1337 454 1394 Si
480 1349 655 1394 autem
691 1348 926 1393 mortuus
957 1338 1114 1408 fuerit
1157 1338 1236 1392 vir
1271 1337 1408 1408 ejus,
1436 1336 1611 1392 soluta
1633 1345 1707 1392 est
1733 1354 1768 1391 a
1795 1335 1902 1408 lege

322 1433 439 1487 viri.
487 1432 594 1487 Sed
635 1432 900 1502 quomodo
941 1432 1012 1487 sit
1054 1438 1299 1486 mortuus
1337 1428 1724 1501 pervidendum
1771 1436 1898 1484 est:

321 1533 500 1596 potest
543 1524 760 1594 quidem
803 1524 967 1581 etiam
1018 1523 1074 1579 in
1123 1524 1226 1578 hoc
1253 1522 1425 1577 videri
1464 1531 1732 1588 mortuus,
1779 1535 1902 1576 cum

323 1617 618 1689 spiritualis
665 1618 1016 1688 intelligentia
1051 1618 1306 1684 excludit,
1353 1627 1408 1673 et
1448 1617 1596 1673 velut
1641 1617 1903 1672 interimit

323 1707 678 1776 corporalem,
721 1715 776 1762 et
811 1706 1046 1762 ostendit
1080 1707 1447 1777 refugiendam
1491 1723 1612 1764 esse
1652 1708 1902 1764 occiden-

325 1805 433 1852 tem
465 1797 721 1863 litteram,
753 1805 807 1852 et
851 1798 1179 1868 sequendum
1216 1798 1578 1854 viviﬁcantem
1626 1800 1894 1869 spiritum.

2002 597 2133 651 facit
2163 611 2332 662 mors,
2361 610 2485 650 cum
2516 601 2792 665 peccatur.
2829 593 2986 648 Nunc
3009 603 3186 649 autem
3210 594 3368 649 soluti
3393 613 3576 653 sumus

2001 703 2034 740 a
2062 685 2170 756 lege
2205 687 2405 741 mortis.
2452 685 2510 740 ld
2552 695 2654 752 est,
2707 684 2832 739 dum
2869 685 3240 741 remissionem
3282 685 3577 755 accipimus

1999 783 2346 848 peccatorum
2377 791 2391 830 :
2422 791 2530 832 non
2573 776 2718 832 enim
2763 776 2925 832 habet
2975 777 3029 830 in
3081 791 3181 832 nos
3230 784 3576 856 potestatem,

2002 869 2183 925 inﬁdis
2211 879 2394 926 autem
2421 879 2477 926 et
2509 869 2879 940 peccatoribus
2906 869 3228 924 dominatur.
3261 869 3372 924 Lex
3398 876 3579 926 autem

2001 961 2193 1017 mortis
2219 961 2342 1016 ideo
2371 962 2513 1016 dicta
2539 970 2642 1030 est,
2670 961 2794 1033 quia
2822 961 2975 1033 punit
3003 976 3126 1016 reos
3153 961 3365 1017 mortis.

1985 1057 1990 1063 ’
2073 1051 2231 1106 Nunc
2252 1061 2428 1106 autem
2455 1052 2614 1107 soluti
2643 1071 2822 1108 sumus
2858 1072 2890 1108 a
2924 1053 3034 1124 lege
3077 1052 3278 1107 mortis.
3319 1051 3434 1109 Hoc
3475 1060 3576 1120 est,

2001 1159 2101 1201 nos
2125 1144 2327 1199 mortui
2357 1160 2482 1200 cum
2510 1144 2726 1202 Christo
2766 1162 2862 1218 per
2883 1147 3210 1216 baptismum
3235 1161 3441 1212 sumus,
3472 1146 3580 1201 nisi

2001 1235 2148 1289 enim
2173 1235 2295 1306 quis
2317 1241 2562 1290 mortuus
2588 1234 2752 1292 fuerit
2790 1252 2913 1292 cum
2954 1236 3193 1303 Christo,
3222 1236 3291 1291 ab
3319 1235 3423 1290 ista
3463 1235 3583 1307 lege

2001 1340 2110 1381 non
2141 1325 2384 1381 solvitur.
3599 1390 3610 1399 η

2076 1414 2143 1470 Ut
2167 1417 2452 1470 serviamus
2477 1415 2534 1469 in
2554 1413 2780 1470 novitate
2805 1416 3038 1486 spiritus.
3062 1415 3174 1473 Hoc
3201 1424 3304 1484 est,
3333 1415 3584 1486 spiritua-

2000 1507 2068 1562 lis
2106 1507 2293 1578 gratiae
2326 1506 2632 1577 praeceptis,
2679 1521 2788 1562 non
2831 1507 3022 1564 litterae
3072 1509 3228 1580 legis.
3277 1508 3389 1563 Lex
3436 1507 3581 1563 enim

1999 1609 2156 1656 vetus
2181 1615 2287 1655 non
2309 1600 2554 1656 criminis
2575 1616 2771 1657 nomen
2795 1610 2899 1668 est,
2934 1603 3028 1658 sed
3061 1604 3317 1674 temporis
3340 1602 3426 1658 vel
3449 1611 3580 1657 aeta-

2002 1691 2089 1748 tis.
2131 1691 2321 1746 Senuit
2351 1700 2550 1758 autem,
2588 1692 2717 1762 quia
2761 1692 3014 1747 cessavit.
3052 1693 3164 1748 Lex
3200 1701 3381 1748 autem
3423 1691 3585 1762 spiri-

2001 1792 2088 1840 tus
2114 1793 2197 1840 est
2225 1785 2339 1854 ipsa
2360 1784 2448 1840 lex
2483 1784 2628 1851 ﬁdei,
2659 1783 2786 1854 quia
2814 1783 2950 1839 ﬁdes
2999 1784 3053 1838 in
3105 1785 3286 1840 animo
3331 1773 3432 1850 est,
3483 1795 3584 1837 nec

324 1886 530 1960 Itaque,
566 1889 756 1958 fratres
782 1891 903 1953 mei,
934 1898 983 1943 et
1006 1907 1097 1943 vos
1123 1889 1427 1958 mortiﬁcati
1467 1891 1588 1944 estis
1621 1890 1740 1960 legi.
1784 1890 1894 1946 Νο-
1923 1876 1972 1936 Β
1999 1877 2252 1948 operibus
2281 1875 2596 1944 addiscitur,
2625 1877 2721 1932 sed
2743 1877 2905 1932 corde
2931 1876 3188 1944 creditur,
3211 1885 3265 1932 et
3291 1891 3444 1931 mens
3466 1875 3583 1945 ipsa

323 1979 421 2033 luit
451 1979 606 2048 juxta
649 1981 1108 2049 comparationem
1153 1979 1326 2049 legem
1376 1980 1480 2035 illis
1533 1982 1710 2037 dicere
1753 1998 1896 2038 mor-

322 2080 490 2139 tuam,
520 2072 612 2127 sed
635 2072 780 2140 quod
805 2072 947 2125 inter
975 2069 1186 2125 Judaeos
1214 2071 1393 2125 dicere
1415 2087 1521 2126 non
1543 2073 1792 2138 audebat,
1819 2073 1900 2126 in-

319 2163 562 2219 tellectui
583 2169 770 2218 nostro
790 2161 1010 2232 reliquit
1031 2176 1130 2231 per
1172 2176 1366 2230 corpus
1381 2161 1599 2217 Christi.
1624 2160 1902 2229 Quomodo

321 2254 574 2310 Salvator
593 2269 786 2326 wrpus
809 2269 963 2308 suum
978 2252 1169 2308 zabulo
1191 2253 1612 2324 cruciﬁgendum
1632 2256 1898 2324 permisit,

319 2347 504 2401 sciens
527 2362 644 2402 esse
672 2360 771 2415 pro
801 2345 954 2399 nobis
977 2355 1165 2424 contra
1195 2345 1347 2398 illum
1378 2363 1390 2398 :
1419 2345 1622 2400 idcirco
1647 2361 1746 2414 per
1781 2362 1902 2402 cor-

314 2452 424 2508 pus
450 2437 650 2492 Christi
675 2437 851 2492 salvos
896 2451 994 2492 nos
1039 2436 1169 2491 dicit
1196 2435 1387 2491 factos.
1437 2434 1534 2490 Cui
1566 2450 1694 2507 ergo
1723 2436 1903 2491 dimit-

322 2536 511 2583 tuntur
534 2539 780 2598 peccata,
827 2530 1058 2584 moritur
1103 2529 1230 2605 legi,
1282 2529 1388 2584 hoc
1430 2535 1538 2596 est,
1583 2527 1842 2583 liberatur
1869 2543 1901 2584 a

317 2620 457 2691 lege.
487 2619 618 2676 Mori
657 2629 837 2676 autem
882 2621 1006 2692 legi,
1051 2621 1233 2676 vivere
1273 2619 1385 2675 Deo
1415 2629 1517 2675 est.
1567 2619 1669 2675 Per
1703 2635 1900 2690 corpus

318 2712 504 2781 itaque
531 2711 734 2767 Christi
763 2713 866 2766 hoc
885 2711 1266 2781 consequimur
1288 2709 1630 2764 beneﬁcium.
1661 2709 1902 2786 Tradens

257 2874 262 2877 Α
317 2802 464 2857 enim
509 2817 706 2873 corpus
749 2801 1019 2868 Salvator,
1067 2810 1299 2856 mortem
1341 2801 1471 2857 vicit
1517 2810 1572 2856 et
1619 2811 1902 2872 peccatum

320 2891 618 2959 damnavit,
647 2893 702 2947 id
746 2900 846 2959 est,
873 2891 1180 2973 diabolum;
1231 2891 1285 2945 in
1331 2891 1446 2960 ipso
1470 2891 1612 2945 enim
1660 2891 1906 2960 peccavit

320 2987 590 3053 diabolus,
631 3002 756 3042 cum
802 2986 952 3041 illum
979 2987 1320 3042 innocentem
1357 2986 1552 3041 occidit
1582 3000 1678 3056 per
1707 3002 1905 3057 corpus

319 3075 542 3144 Christi,
584 3077 640 3131 in
669 3093 776 3148 quo
817 3092 1042 3147 corpore
1083 3077 1381 3147 iniquitates
1418 3087 1622 3131 nostras
1673 3077 1815 3144 tulit,
1855 3085 1904 3131 et

319 3178 532 3238 peccata
563 3176 742 3222 nostra
771 3170 1016 3238 portavit,
1065 3177 1120 3222 et
1147 3167 1238 3237 qui
1279 3168 1429 3223 exuit
1472 3168 1802 3238 principatus
1848 3174 1906 3221 et

319 3266 636 3329 potestates,
662 3259 1000 3328 triumphans
1029 3273 1122 3314 eos
1150 3259 1204 3312 in
1235 3260 1544 3329 semetipso.

397 3347 462 3402 Ut
491 3350 602 3403 sitis
640 3348 879 3414 ulterius,
903 3348 992 3420 qui
1028 3365 1091 3403 ea:
1125 3350 1344 3403 mortuis
1379 3348 1682 3415 resurrexit,
1705 3357 1762 3402 ut
1793 3348 1902 3418 fru-

321 3441 558 3510 ctiﬁcetis
581 3439 733 3507 .Deo.
768 3439 860 3494 Ille
900 3438 1189 3494 fructiﬁcat
1215 3439 1348 3506 Deo,
1397 3441 1489 3510 qui
1532 3439 1785 3510 operibus
1817 3441 1903 3511 ju-

323 3533 503 3598 stitizc,
555 3533 612 3587 in
655 3547 938 3603 pomorum
994 3533 1232 3600 modum,
1284 3532 1537 3602 primitus
1589 3534 1643 3588 in
1691 3533 1899 3600 ﬂorem,

326 3623 519 3678 deinde
541 3623 794 3693 operibus
821 3624 876 3677 in
903 3608 1161 3689 fructum,
1206 3632 1478 3693 postremo
1524 3625 1591 3679 ad
1632 3640 1902 3679 summam

327 3716 576 3785 pervenit
615 3717 980 3771 maturitatem
1012 3735 1024 3770 :
1055 3715 1230 3770 nullus
1261 3717 1407 3771 enim
1454 3715 1662 3771 fructus
1693 3731 1906 3785 semper

325 3805 384 3859 in
410 3804 540 3862 ﬁere
581 3816 682 3862 est.
713 3806 778 3860 Ut
807 3808 918 3862 sitis
961 3806 1198 3861 alterius.
1249 3806 1363 3860 Hoc
1404 3805 1553 3872 dicit,
1607 3807 1738 3876 quia
1787 3807 1907 3861 ideo

323 3897 524 3952 mortui
561 3912 765 3964 sumus,
796 3905 857 3952 ut
879 3897 945 3953 de
974 3904 1170 3952 επιειο
1196 3896 1397 3952 Christi
1427 3898 1598 3953 simus
1637 3899 1781 3953 servi
1821 3913 1908 3953 so-

322 3987 455 4052 lius,
487 3996 543 4043 et
569 3989 672 4044 hoc
707 3988 870 4044 inerit
898 3987 1226 4043 fructiﬁcare
1254 3987 1384 4042 Deo.
1421 3987 1738 4057 Acquiritur
1761 3989 1909 4043 enim

323 4079 418 4149 qui
459 4079 512 4134 in
552 4079 724 4151 gratia
775 4077 892 4149 ejus
938 4087 1239 4151 permanet,
1277 4079 1467 4151 dignus
1512 4081 1909 4136 resurrectione

322 4172 617 4243 promissa.
1069 4213 1091 4243 _.
1149 4203 1154 4208 ε
1467 4235 1469 4237 ,

397 4265 527 4319 Cum
556 4267 695 4320 enim
726 4281 951 4320 essemus
972 4265 1029 4318 in
1050 4281 1224 4319 carne.
1247 4263 1362 4319 Hoc
1380 4272 1482 4330 est,
1513 4278 1632 4318 cum
1670 4277 1909 4319 essemus

325 4357 381 4412 in
412 4356 621 4410 carnali
649 4356 1080 4421 conversatione,
1107 4355 1287 4425 passio
1312 4353 1757 4424 concupiscentiae
1784 4367 1911 4424 ope-

324 4448 548 4503 rabatur
573 4449 628 4504 in
652 4448 844 4514 oculis,
875 4455 930 4502 et
958 4448 1012 4501 in
1035 4446 1244 4502 caeteris
1266 4446 1527 4502 membris
1560 4454 1768 4501 uetera:
1788 4460 1913 4514 pas-

325 4543 527 4608 siones,
561 4555 681 4610 qute
726 4549 906 4595 tamen
954 4555 1052 4610 per
1099 4539 1275 4610 legem
1316 4539 1739 4595 ostendebantur
1791 4553 1912 4595 csse

323 4642 548 4704 peccata
587 4634 842 4703 vitiaque.
872 4633 977 4687 Per
1013 4632 1185 4700 legem
1217 4639 1391 4698 erant,
1429 4633 1534 4688 hoc
1559 4641 1664 4699 est,
1697 4648 1796 4703 per
1835 4632 1913 4688 le-

327 4742 450 4796 gem
487 4728 632 4781 enim
667 4726 1089 4781 ostendebantur
1126 4745 1138 4780 :
1179 4742 1274 4798 per
1323 4726 1498 4798 legem
1547 4727 1777 4792 ostendi,
1807 4741 1914 4781 non

328 4834 430 4889 per
482 4819 654 4886 legem
696 4818 815 4874 fieri
845 4827 1142 4884 monstrat;
1175 4818 1335 4873 index
1382 4818 1528 4873 enim
1575 4816 1785 4888 peccati
1828 4818 1914 4873 lex

328 4917 437 4976 est,
472 4925 593 4964 reos
629 4910 833 4967 faciens
868 4920 1200 4980 peccatores.
1245 4909 1503 4977 Quaenam
1533 4909 1637 4965 ista
1680 4908 1763 4964 lex
1809 4917 1910 4977 est,

327 5019 425 5074 per
452 5019 613 5074 quam
639 5004 769 5060 vitia
802 5012 1150 5075 peccatorum
1195 5004 1521 5074 operantur?
1545 5002 1799 5074 Nunquid
1827 5002 1912 5058 lex

327 5099 520 5171 Moysi,
564 5101 732 5156 etiam
768 5101 814 5156 si
865 5099 1159 5156 secundum
1211 5099 1448 5155 litteram
1497 5099 1909 5164 observaretur,

325 5195 459 5248 vitia
493 5203 718 5266 generat
757 5193 1139 5266 peccatorum?
1186 5192 1292 5248 Sed
1342 5194 1398 5248 in
1429 5201 1614 5264 aperto
1651 5199 1736 5248 est
1769 5191 1912 5263 quod

328 5287 475 5343 illam
529 5288 703 5359 legem
761 5288 906 5344 dicat
957 5284 1321 5342 membrorum
1376 5300 1494 5355 qua:
1552 5285 1758 5342 resistit
1807 5282 1913 5355 legi

326 5380 544 5435 mentis.
579 5379 684 5434 lsta
713 5395 842 5451 ergo
870 5378 958 5434 lex
995 5387 1079 5434 est
1107 5393 1226 5448 quae
1254 5376 1384 5431 facit
1411 5377 1463 5430 in
1491 5377 1575 5432 his
1606 5377 1699 5448 qui
1726 5390 1914 5432 secun-

327 5472 453 5527 dum
508 5487 726 5527 carnem
772 5472 991 5538 vivunt,
1036 5471 1166 5525 vitia
1221 5476 1568 5540 peccatorum
1611 5468 1908 5534 abundare,

328 5571 387 5618 ut
414 5563 808 5620 fructiﬁcarent
833 5564 1031 5620 morti:
1077 5563 1146 5619 ad
1189 5563 1294 5618 hoc
1322 5577 1557 5632 namque
1598 5571 1681 5617 est
1705 5561 1808 5616 ista
1853 5560 1910 5615 in

329 5654 588 5710 membris
631 5656 833 5712 nostris
855 5697 870 5723 ,
933 5665 993 5710 ut
1038 5654 1356 5711 resistentes
1403 5654 1688 5710 adversum
1739 5652 1909 5725 legem

329 5752 546 5817 mentis,
587 5753 829 5822 captivos
858 5766 956 5806 nos
1005 5750 1167 5807 ducat
1206 5757 1444 5820 peccato,
1492 5756 1547 5803 et
1576 5748 1674 5803 hos
1703 5745 1910 5802 fructus

327 5841 521 5900 offerat
544 5845 728 5911 morti,
757 5845 869 5902 sive
904 5851 965 5903 ut
991 5842 1346 5901 fructiﬁcaret
1377 5841 1562 5910 morti,
1592 5842 1694 5900 hoc
1718 5850 1821 5912 est,
1852 5850 1911 5898 ut

1998 1972 2273 2042 intelligit,
2306 1980 2512 2027 naturae
2547 1988 2659 2027 sua:
2695 1987 2814 2028 esse
2861 1973 3002 2042 quod
3037 1972 3228 2038 credit,
3275 1987 3376 2027 nec
3411 1970 3584 2026 oculis

2000 2061 2262 2127 cernitur,
2289 2076 2391 2116 nec
2419 2061 2667 2116 manibus
2693 2061 2960 2131 palpatur.
2989 2061 3088 2116 Est
3109 2069 3164 2116 et
3189 2059 3295 2115 alia
3319 2061 3584 2130 interpre-

2001 2153 2136 2208 tatio
2169 2151 2303 2224 legis
2327 2153 2566 2222 spiritus,
2595 2162 2656 2207 ut
2683 2154 2809 2223 quia
2848 2155 2998 2224 prior
3031 2139 3118 2211 lex
3153 2156 3221 2212 ab
3245 2171 3410 2226 opere
3437 2139 3587 2211 malo-

2002 2245 2259 2311 inhibuit,
2289 2245 2404 2300 haec
2425 2262 2548 2301 cum
2574 2261 2676 2301 nec
2696 2246 2748 2300 in
2777 2247 2937 2302 corde
2963 2247 3157 2302 debere
3181 2261 3411 2319 peccare
3433 2248 3582 2311 dicit,

1999 2333 2087 2388 lex
2117 2334 2338 2404 spiritus
2363 2345 2608 2400 vocatur,
2639 2342 2699 2389 ut
2730 2341 2903 2390 totum
2930 2335 3204 2390 hominem
3235 2335 3400 2390 faciat
3429 2335 3585 2405 spiri-

2000 2425 2220 2480 tualem.
2270 2424 2389 2481 Non
2434 2425 2638 2480 idcirco
2681 2440 2780 2481 nos
2827 2425 3075 2480 Christus
3113 2427 3381 2481 abstraxit
3408 2442 3440 2479 a
3469 2425 3585 2496 lege

2000 2517 2232 2586 peccati,
2280 2525 2341 2572 ut
2383 2518 2641 2573 vetustati
2683 2516 2878 2572 littera:
2922 2507 3238 2583 serviamus,
3288 2518 3342 2573 id
3383 2525 3486 2584 est,
3522 2526 3584 2573 ut

2002 2607 2469 2663 circumcisionem
2496 2608 2841 2679 accipiamus,
2874 2617 2929 2662 et
2957 2615 3154 2664 caetera
3197 2624 3317 2678 quae
3341 2617 3585 2664 vetustas

2000 2699 2135 2770 lcgis
2161 2699 2354 2755 litterae
2384 2700 2647 2765 continet,
2677 2699 2771 2754 sed
2800 2705 2859 2752 ut
2886 2697 2991 2767 legi
3017 2699 3114 2754 Dei
3149 2699 3204 2753 in
3233 2699 3454 2769 spiritus
3486 2713 3586 2754 no—

2002 2790 2169 2845 vitate
2198 2791 2518 2856 serviamus,
2547 2790 2600 2844 id
2623 2796 2726 2856 est,
2753 2805 2822 2844 ex
2842 2789 3092 2845 omnibus
3121 2805 3240 2860 qua:
3270 2790 3325 2845 in
3353 2805 3418 2845 ea
3449 2789 3586 2845 scri-
3615 2822 3624 2832 ο

2002 2889 2094 2951 pta
2131 2890 2256 2936 sunt
2283 2883 2618 2952 spiritualem
2647 2897 2864 2937 sensum
2893 2880 3097 2952 Spiritu
3125 2880 3358 2938 donante
3400 2883 3584 2954 capia-

2006 2988 2147 3038 mus,
2179 2973 2320 3028 sicut
2347 2973 2490 3028 idem
2511 2973 2798 3043 Apostolus
2828 2973 2954 3028 alibi
2983 2973 3149 3028 dicit:
3187 2973 3325 3040 Quia
3352 2973 3585 3028 velamen

2006 3071 2079 3116 est
2100 3064 2323 3134 positum
2348 3065 2402 3117 in
2431 3064 2566 3133 facie
2592 3061 2804 3133 Moysi:
2831 3079 2948 3116 cum
2972 3071 3144 3118 autem
3178 3079 3451 3118 conversus
3478 3063 3587 3133 fue-

2007 3153 2077 3205 rit
2111 3154 2226 3224 quis
2273 3153 2341 3206 ad
2381 3152 2687 3218 Dominum,
2733 3152 3000 3221 auferetur
3039 3151 3291 3207 velamen.
3329 3151 3586 3206 Dominus

1929 3239 1974 3302 C
2005 3247 2218 3318 spiritus
2259 3254 2376 3302 est:
2407 3246 2496 3301 ubi
2537 3256 2709 3300 autem
2748 3246 2962 3316 spiritus
3003 3245 3240 3313 Domini,
3277 3245 3348 3299 ibi
3379 3243 3587 3299 libertas

2007 3335 2096 3409 (ΙΙ
2132 3335 2254 3392 Cor.
2289 3337 2396 3410 ιιι).
2457 3368 2459 3371 -

2013 3453 2018 3456 -
2078 3431 2218 3497 Quid
2241 3447 2363 3502 ergo
2387 3431 2656 3486 dicemus?
2687 3429 2804 3490 Non
2852 3445 2982 3502 ergo
3027 3437 3307 3501 peccatum
3353 3436 3436 3484 est
3477 3426 3586 3494 lex,

2005 3523 2100 3581 sed
2123 3524 2287 3580 index
2313 3525 2544 3594 peccati.
2573 3523 2726 3578 Bona
2746 3533 2918 3578 autem
2940 3533 2986 3578 et
3001 3524 3152 3594 justa
3175 3531 3249 3577 est
3274 3522 3378 3576 lex.
3401 3521 3588 3576 Osten-

2006 3615 2135 3669 dere
2162 3615 2308 3670 enim
2338 3615 2629 3669 imminens
2674 3613 2973 3684 periculum
3010 3614 3208 3668 bouum
3239 3605 3342 3676 est,
3375 3611 3469 3666 sed
3499 3610 3589 3666 hic

2006 3691 2178 3776 magis
2203 3706 2404 3776 gratias
2429 3707 2558 3776 agit,
2583 3706 2676 3774 qui
2702 3711 2921 3774 ereptus
2945 3719 2975 3758 a
3002 3703 3241 3774 periculo
3259 3703 3412 3758 vivit.
3445 3701 3590 3758 Nam

2007 3797 2478 3866 concupiscentiam
2501 3795 2807 3852 nesciebam.
2832 3795 2952 3852 Non
2973 3795 3126 3862 dixit,
3160 3794 3278 3851 Non
3301 3794 3588 3862 habebam,

2007 3904 2116 3944 non
2146 3888 2411 3944 faciebam
2431 3893 2455 3956 ,'
2482 3889 2578 3945 sed
2623 3889 2930 3957 nesciebam,
2978 3889 3083 3946 hoc
3128 3896 3234 3957 est,
3281 3889 3590 3946 nesciebam

2009 3981 2508 4053 concupiscentiam
2535 3997 2656 4039 esse
2685 3990 2983 4053 peccatum.

2010 4099 2012 4102 ν
2081 4071 2368 4128 OccasiOne
2409 4091 2531 4146 ergo
2577 4083 2789 4145 accepta
2842 4091 2935 4145 per
2984 4075 3311 4130 mandatum.
3363 4073 3591 4131 Omnem

2009 4170 2195 4225 dicens
2225 4169 2742 4239 concupiscentiam,
2766 4175 2962 4225 cuncta
2986 4177 3211 4240 peccata
3234 4167 3520 4240 signiﬁcat.
3548 4188 3554 4194 ·

2008 4262 2020 4295 ι’
2081 4263 2205 4319 Sine
2233 4263 2342 4335 lege
2375 4265 2512 4317 enim
2553 4271 2820 4334 peccatum
2850 4271 3114 4317 mortuum
3145 4274 3238 4317 est.
3269 4261 3370 4318 Hic
3395 4262 3593 4334 duplici

2010 4372 2207 4430 genere
2241 4355 2648 4427 intelligendum
2691 4362 2796 4420 est,
2825 4361 2885 4408 ut
2924 4360 2979 4407 et
3007 4353 3256 4409 zabulum
3286 4353 3343 4406 in
3370 4361 3594 4421 peccato

2011 4449 2149 4504 sciat
2184 4447 2566 4518 signiﬁcatum.
2608 4444 2851 4500 Mortuus
2897 4442 3096 4497 dicitur
3137 4441 3304 4495 fuisse
3344 4440 3588 4506 zabulus,

2009 4535 2139 4611 quia
2170 4539 2404 4594 cessavit
2423 4539 2490 4592 ab
2518 4537 2765 4592 illusione
2789 4531 3046 4598 hominis,
3075 4533 3200 4602 quia
3229 4546 3454 4587 securus
3478 4538 3596 4585 erat

1935 4613 1989 4677 1)
2015 4633 2081 4689 de
2107 4631 2450 4703 possessione
2469 4626 2603 4697 ejus.
2626 4628 2916 4684 Peccatum
2938 4632 3118 4683 autem
3139 4633 3414 4680 mortuum
3438 4621 3592 4689 dixit,

2015 4727 2142 4798 quia
2184 4725 2478 4797 putabatur
2507 4724 2651 4794 quod
2689 4737 2797 4778 non
2834 4721 3193 4792 imputaretur
3226 4718 3365 4789 apud
3401 4717 3592 4781 Deum,

2015 4820 2136 4876 ideo
2156 4820 2306 4890 apud
2338 4817 2622 4873 hominem
2675 4823 2948 4870 mortuum
2991 4822 3126 4879 erat,
3166 4810 3320 4882 quasi
3373 4807 3595 4876 impune

2013 4919 2331 4983 peccaretur
2361 4930 2374 4965 :
2404 4910 2520 4966 sine
2548 4909 2666 4981 lege
2711 4909 2855 4962 enim
2883 4922 3024 4978 pene
3057 4905 3142 4961 lex
3172 4905 3228 4959 in
3269 4900 3596 4956 oblivionem

2015 5005 2154 5061 ierat
2191 5002 2476 5068 naturalis,
2526 5015 2646 5071 quae
2681 4997 3003 5070 suggerebat
3050 4997 3179 5067 quid
3214 5000 3358 5049 esset
3404 5004 3596 5061 pecca-

2013 5104 2149 5151 tum.
2179 5095 2384 5150 Idcirco
2415 5093 2502 5148 lex
2532 5092 2728 5147 litterae
2757 5105 2920 5160 supra
2959 5090 3103 5145 dicta
3127 5093 3231 5149 est,
3271 5092 3333 5138 ut
3358 5096 3596 5171 comme-

2014 5192 2252 5243 moraret
2289 5184 2504 5242 oblitos.
2548 5183 2688 5251 Quid
2712 5191 2796 5238 est
2820 5183 2938 5238 sine
2982 5179 3100 5249 lege
3125 5175 3346 5242 vixisse,
3377 5173 3461 5229 cui
3508 5173 3596 5228 lex

2014 5292 2228 5350 semper
2274 5278 2386 5333 sit?
2439 5291 2566 5332 nam
2608 5275 2734 5348 quia
2781 5275 2898 5331 sine
2949 5271 3142 5325 timore
3191 5267 3285 5322 Dei
3346 5266 3593 5333 vivebat,

2016 5385 2237 5428 securus
2277 5367 2422 5440 quod
2449 5383 2558 5424 non
2598 5373 2742 5423 esset
2783 5363 2926 5420 Deus
2941 5358 3283 5430 iudicaturus
3312 5365 3465 5414 actus
3493 5357 3594 5411 hu-

2014 5479 2225 5520 manos.

2088 5554 2191 5611 Sed
2221 5554 2311 5609 ubi
2336 5554 2472 5610 venit
2499 5551 2830 5615 mandatum,
2860 5553 3128 5618 peccatum
3156 5543 3361 5600 revixit.
3401 5539 3459 5596 ln
3485 5538 3592 5593 ﬁne

2015 5647 2301 5705 oblivionis
2321 5645 2658 5718 recognitum
2690 5649 2776 5698 est.
2800 5645 3082 5711 peccatum
3103 5635 3420 5694 adveniente
3439 5644 3593 5685 man-

2014 5743 2162 5810 dato,
2205 5749 2268 5797 ut
2303 5739 2480 5797 omnis
2515 5736 2609 5807 qui
2652 5733 2784 5790 illud
2824 5730 3014 5789 fecerit
3051 5737 3325 5787 mortuum
3370 5737 3429 5779 se
3472 5734 3592 5777 esse

2015 5844 2321 5912 cognoscat.
2351 5835 2638 5893 Peccatum
2660 5836 2842 5888 autem
2866 5827 3079 5897 revixit,
3109 5824 3234 5898 quia
3264 5821 3472 5877 vixerat
3491 5829 3600 5903 per.
