4108 6334
538 412 607 472 67
1962 398 2237 463 SEDULH
2275 402 2474 463 SCOTI
3719 391 3786 460 68

537 516 819 587 scientiam
842 508 1171 591 naturalem,
1196 526 1253 576 et
1275 528 1547 577 mortuum
1576 519 1752 574 fuerat
1769 526 1867 589 per
1893 506 2120 572 oblivio-
2144 504 2200 579 Α
2290 512 2419 568 lam
2442 528 2546 568 non
2569 527 2757 584 operor
2781 506 2941 579 illud,
2966 511 3063 566 sed
3090 508 3231 584 quod
3257 511 3458 566 habitat
3486 512 3543 566 in
3567 520 3650 567 me
3671 526 3789 584 pee-

536 631 682 682 nem,
712 612 913 669 idcirco
941 610 1138 667 dicitur
1172 612 1432 667 revixisse
1461 627 1558 682 per
1582 610 1775 682 legem.
1805 605 1920 678 Ego
1942 612 2114 660 autem

536 706 774 757 mortuus
812 715 947 756 sum.
977 696 1220 756 Mortuus
1251 708 1334 755 est
1362 700 1544 765 homo,
1582 698 1678 769 qui
1706 696 1852 752 videt
1881 708 1939 750 se
1963 705 2117 749 reum

537 792 679 868 apud
713 794 903 860 Deum,
948 793 1040 863 qui
1079 801 1203 849 ante
1249 807 1306 848 se
1334 792 1559 864 putabat
1602 792 1712 846 non
1750 788 1987 843 futurum
2021 780 2121 842 ob-

539 886 763 941 noxium
785 900 852 941 ex
876 883 962 939 bis
985 899 1104 959 quae
1128 884 1404 955 peccabat.

606 997 751 1059 Nam
786 1004 1057 1068 peccatum
1099 997 1372 1059 occasione
1423 985 1636 1073 «coepto
1681 1006 1773 1061 per
1803 986 2119 1054 mandatum

535 1085 743 1143 seduxit
763 1100 864 1141 me.
890 1084 1179 1147 Peccatum
1208 1085 1308 1147 hoc,
1331 1083 1451 1143 loco
1473 1080 1724 1147 tabidum.
1744 1078 2001 1151 intelligo,
2024 1078 2119 1153 qui

535 1186 723 1237 auctor
761 1184 845 1233 est
890 1176 1119 1255 peccati,
1162 1176 1362 1246 quique
1396 1173 1597 1244 decipit
1620 1170 1897 1233 hominem
1935 1184 2117 1243 sugge

536 1270 804 1325 stionibus
840 1264 1017 1334 malis,
1061 1282 1130 1322 ne
1157 1266 1323 1322 faciat
1346 1266 1487 1335 quod
1513 1265 1599 1317 lex
1636 1260 1903 1333 praecipit.
1931 1259 2119 1332 Itaque

535 1360 622 1416 lea:
647 1362 859 1432 quidem
878 1368 1081 1421 sancta.
1115 1359 1189 1416 Ut
1211 1359 1343 1419 nillil
1378 1357 1700 1429 suspicionis
1726 1369 1999 1426 perversae
2034 1370 2121 1410 re-

537 1461 787 1513 maneret
806 1452 860 1508 in
888 1452 1029 1525 lege,
1055 1452 1137 1508 sic
1159 1451 1310 1509 illam
1334 1450 1697 1518 commendat,
1717 1457 1779 1507 ut
1810 1464 1921 1509 non
1945 1446 2124 1509 solum

530 1543 752 1616 justam.
792 1544 888 1605 sed
935 1553 993 1602 et
1035 1551 1283 1603 sanctam
1328 1550 1385 1598 et
1436 1542 1634 1599 bonam
1683 1540 2017 1611 pronuntiet,
2066 1546 2123 1603 et

534 1635 847 1691 mandatum
871 1636 1110 1693 bonum:
1139 1633 1285 1713 quod
1322 1634 1466 1695 enim
1496 1632 1747 1704 prohibet
1774 1631 1999 1698 malum,
2018 1631 2124 1717 Βοὴ

535 1741 663 1781 num
684 1734 787 1782 est.
813 1724 967 1793 Quod
991 1740 1113 1795 ergo
1136 1724 1328 1787 bonum
1352 1733 1451 1790 est,
1473 1724 1600 1803 mihi
1622 1723 1819 1795 factum
1846 1731 1919 1785 est
1940 1738 2079 1783 mors
2094 1722 2120 1776 7

536 1816 703 1872 Absit.
730 1816 849 1873 Non
870 1816 1017 1881 enim
1056 1815 1191 1877 mihi
1221 1815 1337 1887 ipsa
1377 1815 1464 1872 lex
1492 1830 1657 1875 causa
1690 1814 1882 1873 mortis
1908 1812 2117 1881 existit,

535 1907 631 1965 sed
655 1922 753 1977 ego
778 1907 872 1978 qui
900 1907 1174 1976 peccando
1204 1906 1419 1963 invenio
1447 1913 1698 1963 mortem.
1722 1904 1830 1962 Sed
1859 1914 1917 1961 ut
1939 1908 2123 1978 pecca-a

536 2007 650 2054 tum
697 1990 948 2069 apparent
996 2007 1305 2070 peccatum,
1356 2014 1447 2069 per
1493 1997 1684 2055 bonum
1722 2004 1993 2068 apemtum
2043 1990 2122 2050 est

536 2090 666 2149 mihi
690 2099 934 2151 mortem.
975 2088 1255 2161 Inimicus,
1297 2089 1400 2143 hoc
1443 2096 1526 2149 est
1571 2084 1836 2153 diabolus,
1865 2100 2025 2156 quem
2061 2084 2119 2143 in

512 2190 756 2252 'peccato
796 2170 1085 2253 signiﬁcat,
1126 2188 1184 2235 ut
1236 2188 1493 2251 appareat
1532 2194 1652 2234 esse
1694 2177 1967 2249 inimicus,
2019 2192 2118 2249 per

534 2268 741 2326 bonum
766 2270 974 2341 accepit
1000 2270 1339 2331 occasionem
1365 2269 1579 2339 operari
1604 2266 1810 2329 homini
1843 2275 2074 2323 mortem
2097 2256 2112 2322 Ξ

535 2364 662 2423 dum
691 2364 834 2423 enim
866 2364 935 2423 ad
958 2362 1144 2425 illicita
1169 2361 1321 2419 illum
1364 2361 1573 2429 suadet,
1607 2368 1833 2433 apparet
1856 2375 1978 2416 esse
2015 2358 2117 2416 ini-

538 2456 729 2513 micus.
767 2454 835 2510 Ut
875 2456 969 2525 ﬁat
1006 2471 1167 2527 supra
1195 2454 1411 2515 modum
1457 2471 1676 2524 peccans
1717 2462 1984 2524 peccatum
2027 2468 2119 2525 per

535 2547 867 2607 mandatum.
896 2538 1038 2611 Ante
1074 2544 1248 2616 legem
1286 2538 1504 2603 modum
1549 2540 1783 2603 habebat
1824 2557 1920 2613 per
1967 2542 2118 2613 igno-

538 2636 797 2703 rantiam,
824 2644 985 2705 supra
1016 2630 1234 2693 modum
1262 2643 1345 2691 est
1374 2650 1493 2689 cum
1531 2634 1765 2690 scienter
1791 2629 2115 2688 admittitur.

502 2796 507 2803 ο
538 2725 746 2789 Scimus
770 2730 945 2789 autem
972 2722 1109 2799 quod
1129 2720 1214 2781 (ea:
1232 2725 1521 2798 spiritantia
1539 2733 1634 2780 est.
1662 2722 1801 2792 Quia
1818 2722 2118 2797 spiritualia

538 2819 778 2886 mandat,
820 2817 989 2877 ardua
1033 2816 1277 2889 praecipit
1321 2831 1485 2893 opera
1529 2814 1783 2887 spiritus,
1826 2814 2119 2888 prohibens

537 2918 782 2985 peccata,
809 2918 865 2969 et
889 2910 1011 2975 ideo
1037 2924 1145 2973 non
1169 2914 1348 2982 potest
1377 2908 1607 2979 impleri.

610 3023 727 3096 Ego
744 3032 923 3079 autem
940 3021 1170 3080 carnalis
1199 3039 1335 3087 sum,
1359 3022 1473 3097 Ego
1494 3022 1802 3093 quicunque
1826 3020 2001 3094 legem
2035 3038 2120 3078 ad

539 3113 705 3185 clpiO.
727 3120 786 3173 et
811 3112 1103 3173 carnaliter
1134 3112 1320 3173 vivere
1353 3112 1633 3191 consuevi.
1666 3110 1820 3178 Quod
1844 3112 1982 3166 enim
2001 3128 2121 3183 ορε-

539 3220 646 3261 ror.
673 3203 790 3261 Hoc
809 3212 917 3268 est,
936 3217 1121 3272 carne,
1147 3203 1263 3263 sive
1280 3202 1487 3263 carnali
1510 3202 1964 3273 concupiscentia.
1994 3200 2120 3257 Non

538 3301 787 3373 intelligo.
813 3299 932 3357 Non
954 3299 1203 3371 intelligit
1221 3299 1364 3370 quod
1396 3307 1672 3370 operatur,
1711 3297 1839 3368 quia
1877 3297 2023 3357 videt
2058 3311 2118 3353 se

540 3391 685 3451 aliud
712 3392 855 3451 seire
878 3402 937 3448 et
960 3390 1104 3449 aliud
1135 3404 1317 3467 agere.
1349 3390 1412 3447 Si
1447 3389 1782 3461 autemquod
1821 3388 1943 3449 nolo
1983 3387 2117 3443 illud

539 3484 701 3555 facio,
720 3485 987 3541 consentio
1012 3484 1113 3555 legi
1137 3483 1259 3551 Dei,
1283 3485 1410 3555 quia
1431 3483 1567 3541 bona
1589 3491 1685 3538 est.
1710 3480 1772 3541 Si
1798 3481 1975 3553 ipsum
2001 3496 2117 3536 ma-

537 3575 652 3635 tum
694 3576 819 3635 nolo
845 3575 1027 3633 facere
1067 3575 1213 3647 quod
1248 3575 1553 3642 committo,
1597 3573 1787 3645 utique
1834 3587 1959 3629 cum
2000 3572 2118 3645 lege

537 3667 735 3735 mtio,
764 3683 889 3740 quas
909 3666 1053 3727 male
1086 3683 1196 3724 non
1227 3667 1365 3734 vult,
1392 3666 1493 3722 sed
1516 3666 1790 3738 prohibet.
1822 3664 1982 3721 Nunc
2022 3683 2118 3721 au-

540 3766 644 3817 tem
666 3774 776 3816 non
799 3776 892 3832 ego
939 3774 1127 3832 operor
1152 3759 1306 3816 illud.
1346 3760 1463 3819 Hoc
1490 3768 1599 3826 est.
1635 3760 1935 3819 secundum
1957 3759 2118 3831 spiri-

543 3849 686 3906 tuale
711 3852 1037 3909 desiderium
1064 3869 1172 3910 non
1200 3869 1299 3924 ego
1322 3853 1456 3913 illud
1478 3868 1692 3924 operor.
1715 3853 1835 3910 Non
1861 3867 1963 3923 ego
1994 3868 2117 3922 ope-

543 3954 634 3995 ror
684 3940 845 4007 illud,
902 3943 993 4014 qui
1039 3944 1189 4001 velut
1228 3943 1430 4001 invitus
1466 3958 1699 4014 operor,
1744 3943 1843 4001 sed
1884 3957 2114 3998 consue—

542 4029 671 4087 tudo
708 4033 937 4102 peccati,
976 4049 1140 4105 quam
1178 4043 1360 4092 tamen
1393 4033 1776 4097 necessitatem
1821 4033 1937 4105 ipse
1982 4031 2115 4087 mihi

541 4124 757 4192 paravi.

613 4234 723 4291 Sed
741 4239 879 4309 quod
899 4238 1100 4294 habitat
1122 4240 1179 4294 in
1197 4256 1279 4295 me
1301 4247 1587 4310 peccatum.
1615 4236 1729 4293 Hoc
1749 4243 1849 4301 est,
1882 4247 2114 4291 consue-

546 4327 677 4381 tudo
715 4329 1001 4398 peccandi,
1043 4331 1111 4386 ab
1149 4329 1323 4385 Adam
1358 4328 1649 4386 tramittas.
1690 4327 1909 4385 Habitat
1935 4334 2118 4384 autem

543 4416 700 4486 Quasi
723 4417 938 4490 hospes,
964 4427 1019 4475 et
1053 4419 1210 4492 quasi
1251 4419 1395 4475 aliud
1421 4420 1476 4474 in
1505 4419 1633 4487 alio,
1657 4436 1767 4477 non
1790 4420 1945 4491 quasi
1976 4418 2118 4476 acci-

542 4507 725 4564 dentia
751 4510 956 4566 scilicet
989 4526 1099 4567 non
1124 4511 1411 4567 naturalia.
1442 4510 1612 4580 Sicut,
1637 4513 1789 4570 verbi
1827 4513 2022 4584 gratia,
2068 4512 2116 4568 si
2146 4586 2148 4590 λ

543 4598 794 4673 quisjam
834 4602 927 4657 diu
957 4601 1147 4671 jurare
1172 4606 1257 4661 vel
1286 4606 1447 4662 irasci
1470 4607 1771 4672 consuevit,
1803 4606 1970 4661 etiam
1991 4619 2115 4660 cum
2139 4592 2195 4655 Ι)

543 4708 654 4750 non
672 4696 849 4763 optat,
865 4693 1111 4750 incurrit.
1135 4694 1261 4753 Seio
1281 4698 1422 4751 enim
1437 4696 1577 4767 quod
1596 4712 1701 4749 non
1718 4694 1910 4750 habitet
1935 4695 1992 4749 in
2012 4709 2111 4761 me,

542 4784 642 4840 hoc
673 4792 773 4851 est,
799 4784 859 4840 in
884 4800 1043 4841 carne
1078 4785 1455 4851 meatorum.
1502 4782 1620 4839 Non
1665 4784 1823 4851 dixit,
1870 4782 1991 4840 Non
2034 4790 2119 4838 est

544 4891 671 4933 caro
705 4890 826 4933 mea
852 4878 1013 4943 bona,
1052 4877 1148 4933 sed
1174 4877 1319 4947 quod
1356 4892 1463 4930 non
1488 4874 1686 4931 habitat
1715 4878 1771 4930 in
1807 4892 1983 4941 carne,
2015 4877 2118 4932 hoc

543 4976 649 5033 est,
674 4968 728 5023 in
752 4968 956 5024 carnali
999 4967 1449 5037 concupiscentia,
1478 4967 1695 5027 virtutis
1719 4967 1940 5025 bonum.
1974 4965 2117 5021 Nam

419 5090 425 5097 ι
541 5059 785 5116 uoluntas
810 5058 1399 5129 benefaciendith
1423 5060 1574 5117 mihi.
1597 5059 1694 5115 Est
1728 5058 2001 5125 voluntas,
2022 5058 2117 5114 sed

540 5162 653 5204 non
682 5158 768 5205 est
813 5150 1057 5215 eil‘ectus,
1108 5149 1241 5219 quia
1276 5148 1514 5207 carnalis
1557 5150 1887 5208 consuetudo
1930 5147 2118 5204 volun-

546 5242 644 5296 tati
670 5243 892 5298 resistit.
922 5241 1185 5313 Perﬁcere
1215 5250 1389 5298 autem
1412 5243 1602 5299 bonum
1626 5260 1730 5299 non
1748 5242 1977 5299 inuenio.
2005 5241 2117 5299 Hoc

542 5336 647 5399 est,
696 5333 812 5389 sine
854 5334 1181 5391 adminiculo
1227 5334 1416 5405 gratia:
1464 5350 1575 5391 non
1617 5349 1705 5390 me
1745 5334 1902 5391 video
1938 5332 2119 5389 facere

545 5424 765 5479 bonum.
798 5423 922 5479 Non
956 5426 1094 5480 enim
1131 5425 1271 5497 quod
1314 5423 1429 5479 volo
1475 5424 1612 5494 facio
1653 5424 1861 5479 bonum.
1896 5421 2119 5495 Semper

544 5513 740 5585 repetit
767 5522 829 5571 ut
850 5515 1109 5573 dilueidet
1147 5531 1161 5572 :
1211 5516 1317 5575 hoc
1339 5530 1471 5588 ergo
1500 5525 1589 5573 est
1622 5516 1767 5586 quod
1801 5516 2116 5585 praedictum

542 5612 649 5673 est,
670 5608 797 5678 quia
845 5616 900 5664 ut
955 5609 1201 5681 captivus
1231 5623 1328 5680 per
1371 5606 1712 5679 supradictas
1758 5618 1950 5661 causas
1989 5604 2118 5660 illud

543 5695 753 5768 cogitur
773 5698 949 5757 facere
977 5701 1121 5771 quod
1144 5717 1248 5757 non
1293 5699 1425 5767 vult,
1466 5706 1752 5771 peccatum
1785 5691 1935 5754 quod
1972 5690 2121 5752 illius

541 5783 867 5845 bminetur.

2221 614 2415 661 catum.
2442 602 2695 676 Nunquid
2720 600 2811 675 qui
2841 605 3067 660 invitum
3089 603 3364 661 hominem
3385 604 3518 660 dicit
3542 618 3785 674 peccare,

2219 694 2476 752 immunis
2504 694 2666 753 debet
2696 693 2904 751 videri?
2932 710 3042 750 non
3092 696 3298 767 utique,
3337 695 3509 766 ipsius
3541 697 3688 752 enim
3710 700 3791 753 vi-

2219 786 2299 841 tio
2322 794 2377 841 et
2402 785 2672 842 desiderio
2694 787 2809 842 haec
2829 793 3006 856 coepta
3032 794 3159 843 sunt
3183 802 3198 853 ;
3240 785 3337 857 qui
3356 786 3462 841 nisi
3490 788 3791 859 mancipas-

2219 884 2304 933 set
2330 893 2390 933 se
2418 892 2516 951 per
2542 892 2829 935 assensum
2858 887 3105 950 peccato,
3168 892 3277 934 non
3322 878 3467 935 illius
3493 879 3794 937 dominare-

2219 972 2326 1023 tur.
2360 966 2604 1023 Primum
2650 969 2795 1024 enim
2824 968 3014 1025 suadet
3039 976 3100 1025 ut
3135 969 3285 1026 vieto
3317 969 3647 1027 dominetur.
3698 970 3793 1025 In-

2219 1058 2369 1112 venio
2389 1058 2553 1129 igitur
2584 1057 2749 1129 legem
2770 1057 2963 1115 colenti
2989 1059 3121 1115 illini
3153 1060 3327 1130 facere
3356 1061 3573 1116 bonum.
3594 1052 3794 1133 Legem

2220 1146 2388 1220 Moysi
2426 1149 2623 1204 asserit
2656 1149 2919 1206 voluntati
2947 1162 3057 1206 suae
3092 1151 3225 1207 dare
3247 1166 3576 1209 consensum
3603 1158 3793 1210 contra

2218 1245 2501 1309 peccatum
2536 1240 2761 1309 quodin
2789 1256 2956 1295 carne
2980 1241 3209 1309 habitat,
3261 1240 3409 1314 quod
3431 1288 3434 1292 λ
3456 1242 3607 1299 aliud
3649 1245 3794 1315 cogit

2221 1326 2405 1383 facere
2451 1338 2613 1399 quam
2659 1329 2779 1385 Vult
2811 1330 2974 1386 homo
2998 1337 3053 1386 et
3075 1331 3183 1386 rex.
3221 1331 3323 1388 Illo
3348 1333 3685 1390 elocutiones
3718 1335 3794 1390 in-

2226 1424 2387 1489 tegrae
2425 1434 2535 1474 non
2562 1419 2831 1485 videntur,
2870 1420 2967 1475 sed
3002 1420 3099 1475 tali
3131 1416 3369 1492 quodam
3393 1423 3588 1480 ordine
3617 1420 3801 1494 legere

2221 1509 2503 1576 debemus,
2558 1517 2616 1563 ut
2673 1502 2984 1567 intellectus
3034 1510 3267 1567 lucidior
3294 1511 3427 1567 ﬂat:
3478 1511 3622 1585 Ergo
3668 1514 3798 1584 quia

2219 1600 2427 1656 malum
2450 1601 2591 1656 mihi
2610 1602 2827 1674 adiacet
2858 1602 3061 1658 volenti
3098 1603 3283 1659 hears
3323 1601 3551 1671 bonum,
3578 1606 3799 1662 invenio

2220 1693 2397 1764 legam
2424 1694 2540 1761 Dei,
2572 1700 2629 1749 et
2672 1694 3018 1752 eondeleetor
3052 1695 3103 1750 ei
3132 1696 3429 1751 secundum
3478 1696 3797 1752 interiorem

2221 1785 2517 1841 hominem.
2552 1784 2658 1840 Per
2684 1785 2831 1855 quod
2879 1785 3117 1842 ostendit
3151 1786 3297 1857 quod
3343 1784 3577 1842 interior
3609 1785 3795 1851 homo,

2146 1885 2196 1958 Β
2220 1877 2329 1933 hoc
2349 1885 2453 1944 est,
2500 1876 2772 1946 voluntas,
2809 1885 2865 1933 et
2887 1880 3243 1949 propositum,
3274 1891 3386 1948 quo
3409 1878 3627 1934 initium
3650 1877 3797 1935 seei-

2225 1968 2305 2039 pit
2339 1969 2580 2024 converti
2603 1969 2673 2025 ad
2700 1969 3008 2037 Dominum,
3046 1970 3151 2043 legi
3187 1968 3285 2026 Dei
3313 1971 3609 2036 consentit,
3628 1978 3684 2026 et
3711 1966 3803 2026 de-

2225 2058 2467 2115 lectatur
2493 2060 2551 2115 in
2575 2074 2661 2126 ea,
2716 2062 2834 2127 sed,
2861 2069 2923 2116 ut
2957 2062 3215 2129 diximus,
3247 2070 3359 2119 non
3405 2060 3594 2118 statim
3618 2069 3682 2117 ut
3706 2075 3805 2118 vo-

2223 2148 2488 2205 luntatem
2538 2151 2663 2221 quis
2712 2150 2967 2207 habuerit
3010 2151 3269 2209 reonverti
3304 2153 3375 2208 ad
3422 2154 3585 2218 bona,
3630 2152 3801 2208 etiam

2221 2254 2358 2296 usus
2376 2239 2537 2297 bouis
2563 2241 2749 2313 operis
2775 2242 3064 2312 sequitur:
3098 2243 3209 2299 cita
3261 2243 3409 2299 enim
3460 2256 3549 2299 res
3591 2251 3679 2299 est
3704 2258 3805 2300 vo-

2222 2331 2425 2401 luntas,
2481 2341 2537 2390 et
2590 2335 2710 2390 sine
2765 2336 3153 2406 impedimento
3206 2338 3458 2405 vortitur,
3501 2351 3645 2409 opus
3666 2352 3808 2396 vero

2220 2425 2441 2481 tardum
2463 2434 2568 2493 est,
2595 2426 2724 2497 quia
2745 2434 2802 2482 et
2844 2439 3028 2496 usum,
3062 2436 3119 2484 et
3141 2436 3333 2496 artem,
3363 2437 3421 2484 et
3446 2428 3688 2486 laborem
3717 2445 3805 2487 re.

2222 2521 2391 2593 quirit
2431 2523 2717 2594 sperandi.
2760 2521 2929 2580 Verbi
2947 2525 3121 2596 gratia
3147 2532 3161 2578 :‘
3192 2524 3310 2579 vult
3336 2523 3537 2595 aliquis
3577 2525 3803 2596 sapiens

2221 2612 2366 2680 ﬁeri,
2424 2628 2527 2670 nec
2548 2623 2731 2671 tamen
2790 2615 2976 2671 statim
3026 2623 3089 2671 ut
3116 2614 3287 2672 voluit
3333 2616 3552 2688 sapiam
3572 2612 3805 2674 odectus

2222 2712 2346 2762 est:
2387 2705 2639 2761 voluntas
2688 2706 2821 2776 quid
2853 2705 3151 2776 praeessit,
3198 2718 3299 2762 nec
3348 2706 3467 2762 sine
3521 2706 3807 2764 voluntate

2223 2796 2425 2867 aliquis
2442 2798 2659 2869 sapiens
2687 2797 2807 2852 ﬁeri
2834 2805 3030 2867 potest.
3057 2797 3168 2855 Sed
3188 2802 3376 2854 tamen
3396 2812 3521 2855 cum
3547 2797 3809 2855 voluntas

2220 2884 2404 2955 fuerit,
2437 2890 2775 2946 adhibendus
2815 2896 2899 2945 est
2947 2889 3120 2958 labor,
3154 2890 3413 2956 studium,
3468 2884 3800 2957 sollicitudo,

2221 2982 2439 3053 vigiliae,
2493 2982 2759 3049 doctrina,
2805 2980 3110 3049 institutio;
3142 2990 3198 3038 et
3230 2981 3321 3037 vis
3352 2981 3647 3052 aliquando
3695 2997 3803 3038 usu

2221 3070 2389 3144 longo
2407 3083 2461 3130 et
2491 3075 2841 3130 meditatione
2867 3074 3124 3130 continua
3168 3074 3401 3146 sapiens,
3415 3072 3664 3131 edicitur.
3691 3075 3806 3132 Iste

2223 3165 2363 3220 ordo
2382 3163 2451 3220 de
2472 3164 2731 3234 pudicitia
2752 3164 3055 3231 habendus,
3099 3173 3152 3219 et
3189 3165 3258 3220 de
3276 3165 3713 3233 mansuetudine,
3751 3175 3813 3223 et

2145 3248 2193 3316 C
2220 3256 2500 3327 patientia,
2533 3266 2590 3311 et
2614 3256 2685 3313 de
2717 3256 2947 3328 singulis
2967 3257 3277 3328 quibusque
3304 3258 3605 3315 virtutibus
3623 3258 3807 3315 seleu-

2221 3347 2449 3413 dusest,
2473 3346 2529 3401 in
2555 3347 2750 3417 quibus
2785 3347 3039 3404 omnibus
3080 3349 3188 3405 dici
3221 3351 3491 3418 convenit,
3521 3350 3647 3421 quia
3673 3367 3806 3406 con-

2220 3435 2451 3493 deteetor
2483 3435 2587 3509 legi
2624 3437 2736 3502 Dei,
2782 3440 2884 3494 hoc
2909 3446 3014 3506 est,
3044 3436 3359 3508 virtutibu‘s,
3390 3441 3677 3497 «eundum
3706 3442 3796 3497 in—

2221 3528 2464 3583 teriorem
2487 3530 2771 3583 hominem.
2824 3527 2987 3587 Video
3013 3536 3191 3586 autem
3223 3532 3389 3588 alim
3437 3533 3601 3605 legem
3630 3546 3795 3604 repu-

2219 3626 2467 3691 gnantem
2512 3621 2570 3675 in
2620 3619 2863 3675 membris
2890 3621 3041 3676 meis.
3073 3619 3251 3677 Aliam
3297 3623 3474 3695 legem
3522 3623 3805 3680 desideria

2220 3720 2479 3768 consnota
2503 3712 2654 3776 dicit,
2682 3712 2767 3768 vel
2788 3713 3196 3783 persuasionem
3480 3711 3808 3784 Repugnass-

2219 3811 2324 3858 tem
2353 3803 2460 3875 legi
2481 3804 2671 3860 mentis
2708 3816 2856 3861 mese.
2890 3804 3249 3862 Conscientiae
3284 3804 3494 3861 scilicet
3534 3805 3802 3871 naturali,

2222 3896 2312 3950 vel
2359 3895 2467 3966 legi
2490 3896 2703 3963 divinat,
2733 3910 2857 3965 qum
2883 3897 2938 3951 in
2963 3904 3148 3952 mente
3169 3896 3435 3960 consistit,
3464 3894 3612 3963 quod
3630 3890 3805 3965 supra

2220 3990 2358 4045 dixit
2384 4005 2403 4042 ι
2430 3989 2557 4044 velle
2585 3990 2721 4043 enim
2749 3990 2940 4043 bonum
2982 3987 3191 4056 adjacet
3235 3986 3386 4050 mihi,
3414 3984 3507 4039 hic
3551 3984 3810 4043 volunta—

2218 4086 2331 4135 tem
2366 4079 2495 4134 boni
2542 4079 2716 4149 legem
2750 4076 2951 4133 mentis
2992 4076 3254 4141 nominat,
3303 4088 3424 4144 quae
3455 4072 3542 4129 lex
3594 4078 3807 4135 mentis

2219 4169 2472 4226 convenit
2497 4184 2618 4224 cum
2641 4168 2759 4239 lege
2781 4167 2880 4222 Dei
2922 4175 2978 4222 et
3024 4166 3298 4222 consentit
3323 4166 3399 4223 ei.
3435 4162 3543 4221 Sed
3575 4179 3804 4227 rursum

2217 4271 2401 4318 motus
2435 4261 2679 4332 corporis
2706 4268 2761 4317 et
2790 4260 3059 4316 desideria
3083 4260 3284 4326 carnis,
3314 4257 3489 4331 legem
3517 4259 3803 4316 membro-

2218 4366 2339 4412 rum
2368 4355 2517 4422 dicit,
2549 4369 2670 4425 quse
2718 4354 2988 4425 captivam
3030 4351 3180 4408 ducit
3214 4352 3471 4417 animam,
3509 4355 3566 4405 et
3586 4352 3800 4420 peccati

2218 4447 2428 4517 legibus
2462 4444 2661 4499 subdit.
2716 4444 2783 4500 Et
2833 4446 2975 4501 sicut
3005 4444 3091 4500 lex
3146 4444 3361 4508 mentis,
3395 4456 3519 4517 quae
3571 4453 3802 4496 consen-

2219 4513 2437 4591 tit'cum
2470 4535 2593 4604 lege
2620 4535 2737 4602 Dei,
2776 4536 2821 4592 si
2849 4537 3089 4592 animam
3125 4533 3362 4604 potuerit
3405 4513 3667 4594 obtinere,
3702 4532 3799 4584 ad-

2220 4630 2372 4688 ducit
2394 4647 2513 4687 eam
2537 4631 2608 4688 ad
2645 4631 2817 4703 legem
2842 4630 2957 4697 Dei,
2990 4631 3065 4686 ita
3086 4638 3141 4686 et
3186 4630 3273 4685 lex
3303 4643 3425 4699 quae
3449 4628 3504 4683 in
3532 4626 3799 4681 membris

2219 4730 2325 4789 est,
2363 4730 2417 4777 et
2454 4723 2892 4794 concupiscentia
2917 4722 3118 4789 carnis,
3157 4722 3205 4777 si
3220 4720 3505 4777 seduxerit
3531 4718 3793 4782 animam,

2218 4814 2431 4886 peccati
2478 4827 2603 4869 eam
2651 4814 2863 4886 legibus
2894 4813 3094 4870 subdit.
3130 4812 3267 4868 Cum
3311 4811 3427 4866 haec
3456 4808 3674 4874 Paulus,
3706 4822 3799 4862 as-

2219 4914 2434 4978 sumpta
2486 4906 2758 4978 fragiliore
2810 4916 3063 4978 persona,
3098 4906 3245 4961 intra
3293 4904 3569 4961 hominem
3603 4902 3795 4957 haberi

2221 4998 2521 5054 certamina
2549 4998 2845 5064 docuisset,
2894 4997 3289 5053 exclamatione
3331 4995 3505 5050 utitur
3528 4993 3703 5047 adhuc
3726 5006 3795 5049 ex

2221 5098 2455 5159 persona
2484 5088 2629 5143 illius
2671 5100 2835 5158 quem
2885 5086 3192 5159 descripsit,
3227 5094 3282 5140 et
3306 5083 3438 5139 dicit
3465 5101 3478 5137 :
3512 5080 3681 5137 liter
3699 5094 3795 5149 ego

2221 5178 2397 5245 homo,
2439 5179 2557 5249 quis
2605 5193 2688 5234 me
2715 5177 2955 5234 liberabit
2991 5179 3059 5234 de
3104 5190 3320 5248 corpore
3354 5175 3537 5230 mortis
3582 5172 3745 5242 huius
3771 5173 3798 5226 .9

2221 5266 2371 5323 Vidit
2390 5282 2453 5324 se
2473 5269 2755 5334 miserum,
2795 5270 2940 5324 intra
2960 5283 3123 5339 quem
3148 5274 3231 5321 tot
3252 5267 3399 5337 leges
3432 5264 3536 5322 sibi
3563 5263 3795 5319 invicem

2222 5368 2541 5430 repugnant,
2587 5368 2667 5415 tot
2696 5361 2882 5431 praelia
2927 5365 3358 5423 commoventur,
3402 5364 3609 5428 pugnat
3663 5369 3794 5411 caro

2222 5447 2484 5503 adversus
2507 5448 2780 5517 spiritum,
2834 5447 3058 5518 spiritus
3106 5461 3235 5502 vero
3260 5446 3521 5502 adversus
3547 5457 3789 5502 comem.

2221 5536 2299 5592 De
2326 5554 2542 5611 corpore
2563 5540 2747 5594 mortis
2779 5537 2982 5608 hujus?
3020 5536 3215 5593 Merito
3237 5552 3438 5608 corpus
3484 5537 3676 5593 mortis
3699 5550 3793 5605 ap-

2219 5630 2470 5700 pellatur,
2519 5630 2574 5684 in
2609 5644 2718 5701 quo
2740 5628 2949 5685 habitat
2971 5636 3276 5699 peccatum,
3321 5628 3466 5699 quod
3492 5635 3576 5683 est
3601 5624 3793 5681 mortis

2219 5736 2409 5786 causa,
2439 5721 2581 5776 lmnc
2601 5720 2733 5776 dicit
2752 5726 3003 5788 mortem,
3029 5736 3193 5792 quam
3211 5719 3451 5779 ostendit
3471 5719 3526 5775 in
3550 5732 3683 5775 nece
3696 5718 3793 5772 ho-

2219 5811 2384 5870 minis
2408 5827 2506 5883 per
2529 5819 2815 5883 peccatum
2843 5813 3114 5873 inventam
3154 5812 3296 5885 apud
3323 5811 3546 5869 inferos.
3579 5810 3788 5880 Corpus
