4108 6334
255 408 324 471 69
1277 445 1289 468 κ
1356 395 1689 458 COLLECT.
1728 394 1803 454 IN
1838 382 2061 455 EPIST.
2098 386 2193 453 AD
2224 394 2391 454 non.
3434 390 3502 448 το

255 527 437 581 autem
468 515 665 577 mortis
686 522 881 577 cuncta
899 523 1129 591 peccata
1152 515 1420 589 signiﬁcat
1449 531 1466 571 :
1495 516 1667 575 multa
1692 514 1837 575 enim
1861 510 1918 577 Α
1941 520 2053 581 rat,
2083 528 2182 584 per
2208 508 2483 569 hominem
2527 508 2926 578 eondemnarit,
2955 509 3096 567 sicut
3142 509 3211 565 ad
3255 508 3510 569 Hebrzeos

255 624 427 665 unum
456 622 660 685 corpus
679 616 827 676 sunt,
848 608 1145 669 secundum
1170 608 1383 685 singula
1409 608 1567 680 quasi
1593 607 1834 667 membra

255 716 364 756 uno
390 708 621 757 auctore
644 701 884 767 inventa,
912 716 981 757 ex
1008 699 1205 771 quibus
1228 701 1392 763 homo
1417 708 1637 777 ereptus
1662 698 1837 771 gratia

258 791 355 849 Dei
403 791 697 853 secundam
730 798 963 849 mortem
1012 790 1207 851 evasit.
1248 789 1437 851 Gratia
1488 788 1610 851 Dei.
1662 787 1835 855 Quem

258 882 345 938 les
373 897 485 940 non
529 881 708 951 potuit
741 880 995 938 liberare.
1049 879 1433 951 Nunquidnam
1469 879 1670 939 Paulus
1703 892 1840 939 nou-

258 975 389 1031 dum
429 981 554 1031 erat
580 974 759 1046 gratia
782 974 883 1031 Dei
911 971 1392 1056 liberatustpude
1418 972 1684 1055 probatur
1711 969 1840 1045 quia

257 1081 326 1122 ex
352 1067 577 1127 alterius
602 1082 837 1139 persona
865 1067 1113 1138 loquitur
1139 1085 1153 1123 :
1192 1052 1366 1122 dicate
1395 1066 1562 1123 servio
1593 1052 1695 1136 legi
1723 1063 1835 1120 Dei.

255 1156 390 1230 Legi
417 1156 515 1214 Dei
550 1172 675 1214 eum
695 1158 851 1225 dicit,
879 1157 1050 1231 Moysi
1092 1157 1361 1228 signiﬁcat
1385 1156 1562 1229 legem
1593 1163 1650 1217 et
1683 1154 1841 1211 Chri-

258 1249 353 1313 sti.
384 1249 500 1325 Ege
524 1250 657 1321 ipse.
685 1249 742 1311 Id
769 1258 876 1319 est,
908 1250 1002 1327 qui
1048 1250 1317 1313 liberatus
1364 1265 1487 1307 sum
1517 1250 1587 1307 de
1609 1262 1842 1323 corpore

257 1343 474 1405 martia.
500 1341 673 1406 Cum
695 1352 873 1405 autem
895 1344 998 1419 legi
1035 1344 1255 1416 peccati.
1281 1342 1342 1400 ld
1387 1350 1475 1401 est
1498 1341 1721 1411 diaboli,
1748 1340 1842 1412 qui

256 1448 359 1505 per
382 1448 612 1501 canem
638 1434 939 1506 subiectam
966 1436 1070 1495 sibi
1092 1436 1468 1509 suggestiones
1490 1435 1666 1495 maias
1690 1432 1843 1515 inge-

256 1524 333 1581 rit
358 1527 579 1587 anima.

834 1621 1063 1679 CAPUT
1093 1620 1228 1683 vm.

332 1706 487 1766 Nihil
504 1727 628 1784 ergo
643 1727 781 1767 nunc
802 1712 1161 1773 donationis
1177 1723 1254 1773 est
1274 1715 1357 1772 his
1371 1715 1463 1788 qui
1479 1723 1599 1771 sunt
1620 1714 1677 1769 in
1689 1713 1843 1769 Chri-

258 1797 611 1873 ποιέω,ᾳώ
634 1818 743 1859 non
763 1803 1054 1859 secundum
1076 1815 1287 1861 carnem
1314 1804 1607 1861 ambulant.
1639 1805 1843 1861 Verum

258 1898 347 1948 03‘
369 1892 512 1965 Ψωά
707 1895 815 1950 erit
839 1895 1120 1951 damnatio
1141 1909 1334 1955 eorum
1346 1896 1439 1969 qui
1458 1903 1586 1952 sunt
1604 1897 1665 1951 in
1685 1894 1842 1953 Cbri-
1868 1870 1917 1931 B

259 1991 373 2049 sto,
414 1983 597 2041 animo
640 1984 747 2056 legi
782 1984 881 2039 Dei
930 1984 1254 2043 servientes.
1285 1985 1399 2045 Lex
1446 1986 1670 2056 spiritus
1715 1985 1844 2040 vitae

257 2073 380 2146 ipsa
407 2083 492 2135 est
518 2074 607 2139 lex
631 2072 761 2133 ﬁdei
786 2088 925 2146 quae,
955 2074 1085 2131 dum
1105 2074 1301 2131 mortis
1334 2082 1559 2146 peccata
1599 2075 1845 2141 dimittit,

256 2165 353 2223 lex
388 2167 517 2223 vita:
562 2174 677 2233 est,
723 2180 834 2221 non
888 2180 988 2234 per
1027 2164 1268 2227 litteram
1313 2174 1596 2232 constans,
1620 2165 1718 2220 sed
1749 2179 1848 2237 per

257 2257 564 2329 spiritum:
605 2256 735 2329 quia
786 2256 948 2312 corde
977 2256 1245 2321 creditur,
1274 2264 1330 2312 et
1365 2257 1591 2327 spiritus
1645 2266 1733 2314 est
1754 2256 1851 2326 qui

255 2345 462 2401 credit.
501 2343 625 2398 Haec
650 2344 831 2413 itaque
850 2343 938 2399 lex
969 2344 1031 2405 iu
1080 2342 1299 2403 Christo
1335 2343 1487 2410 Iesu,
1517 2345 1625 2401 hoe
1644 2352 1729 2401 est
1748 2359 1848 2414 per

259 2433 427 2499 ﬁdem
471 2431 705 2499 Christi,
746 2432 942 2515 liberat
1000 2432 1316 2490 credentem
1342 2448 1371 2491 a
1401 2434 1519 2505 lege
1553 2433 1763 2504 peccati
1792 2438 1848 2487 et

263 2525 483 2583 mortis.
514 2524 627 2587 Lex
650 2525 863 2597 peccati
889 2534 994 2593 est,
1022 2540 1187 2597 quam
1215 2526 1271 2607 in
1298 2526 1561 2585 membris
1581 2525 1725 2585 dixit
1743 2526 1845 2583 ha—

259 2615 467 2675 bitare.
495 2615 610 2679 Lex
656 2632 787 2675 vero
812 2617 1006 2675 mortis
1038 2616 1210 2690 Moysi
1246 2618 1331 2675 lex
1358 2628 1469 2686 est,
1494 2619 1623 2689 quia
1649 2620 1847 2690 peeca-

263 2717 382 2766 tum
407 2709 663 2783 augebat,
692 2717 754 2769 ut
778 2724 932 2767 reum
956 2708 1161 2767 faceret
1182 2712 1463 2771 hominem
1484 2713 1626 2784 apud
1647 2711 1853 2784 legem,

263 2809 327 2858 ut
373 2800 727 2865 damnaretur
759 2801 827 2857 ab
859 2816 943 2857 ea.
992 2801 1229 2875 Ideoque
1277 2803 1362 2861 lex
1398 2804 1511 2861 reis
1564 2820 1719 2863 mors
1740 2813 1846 2872 est,

265 2896 428 2952 bonis
465 2909 598 2957 vero
641 2894 943 2967 spiritualis
978 2904 1085 2955 est.
1123 2896 1259 2953 Aliis
1284 2897 1436 2954 enim
1464 2903 1549 2953 est
1570 2897 1703 2953 odor
1732 2897 1849 2953 vite

264 2988 337 3044 ad
370 2988 546 3054 vitam,
580 2985 702 3044 aliis
742 2987 874 3045 odor
900 2989 1090 3045 mortis
1129 2989 1200 3045 ad
1226 2998 1449 3047 mortem
1494 2987 1578 3062 (ll
1604 2985 1727 3044 Cor.
1760 2988 1847 3062 ιι).

266 3076 573 3155 Utrumque
623 3079 867 3137 continet
894 3078 1005 3147 lex,
1063 3088 1123 3137 et
1143 3080 1381 3137 litteram
1407 3081 1765 3146 occidentem,
1793 3087 1852 3135 et

266 3170 522 3243 spiritum
555 3168 945 3231 viviﬁcantem.
987 3168 1141 3229 Unde
1170 3172 1457 3231 considera
1489 3186 1560 3233 ne
1581 3172 1721 3229 forte
1745 3171 1848 3227 hu-

256 3259 354 3332 jus
383 3260 463 3321 rei
489 3261 722 3318 formam
767 3270 950 3318 teneat
977 3270 1033 3319 ct
1062 3262 1197 3319 illud
1229 3263 1455 3333 lignum,
1485 3263 1557 3323 de
1581 3278 1689 3335 quo
1713 3262 1852 3321 scri-

266 3363 422 3433 ptum
442 3364 549 3422 est,
577 3355 785 3417 sciendi
810 3355 1013 3413 bonum
1032 3364 1087 3411 et
1108 3357 1311 3413 malum
1337 3354 1493 3429 (Gen.
1517 3357 1606 3431 ιι).
1630 3357 1852 3415 Utrum-.-

269 3462 380 3523 que
413 3446 469 3503 in
529 3462 661 3530 uno,
709 3447 862 3530 sicut.
900 3447 956 3502 in
983 3446 1127 3520 lege,
1155 3448 1483 3505 continetur.
1529 3446 1674 3505 Nam
1709 3447 1853 3521 quod

265 3526 596 3609 impossibile
621 3547 734 3601 erat
913 3538 1028 3609 Hoc
1052 3539 1187 3597 dicit
1214 3548 1273 3597 ut
1295 3541 1601 3611 baptizatos
1628 3553 1854 3597 securos

269 3624 496 3702 reddat,
526 3628 654 3698 quia
686 3643 718 3687 a
741 3618 969 3701 peccato
990 3628 1203 3686 liberati
1229 3636 1355 3685 sunt
1382 3648 1401 3685 :
1432 3630 1563 3702 quia
1586 3630 1727 3701 quod
1752 3631 1852 3684 im-

269 3698 525 3790 possibile
571 3724 682 3779 erat
729 3698 849 3791 legi.
885 3716 985 3773 Cui
1033 3714 1410 3789 impossibile?
1439 3698 1610 3775 nobis
1648 3717 1857 3775 scilicet

272 3804 615 3878 impossibile
639 3816 754 3862 erat
786 3808 1104 3862 mandatum
1134 3807 1269 3879 legis
1302 3808 1548 3878 implere,
1575 3807 1702 3878 quia
1730 3810 1857 3865 sub-

263 3897 407 3971 jecti
429 3894 648 3957 eramus
664 3907 902 3969 peccato.
933 3896 1012 3953 0b
1040 3898 1139 3953 hoc
1154 3899 1297 3957 misit
1318 3898 1465 3958 Deus
1483 3897 1684 3955 Filium
1700 3915 1856 3955 suum

273 3976 333 4046 in
356 3982 705 4045 similitudine
729 3991 907 4057 carnis
929 3991 1153 4061 peccati.
1183 3989 1357 4049 Aliter
1382 3991 1714 4062 impossibile
1738 3999 1861 4047 erat

273 4080 383 4156 legi
404 4089 464 4138 ut
488 4081 741 4137 homines
769 4082 1014 4147 carnales
1042 4080 1247 4139 faceret
1284 4083 1557 4141 custodire
1585 4070 1857 4152 iustitiam

276 4171 669 4230 mortiﬁcanda:
699 4173 899 4243 carnis,
947 4168 1194 4244 exemplo
1224 4188 1333 4231 non
1371 4174 1516 4235 dato.
1553 4172 1623 4228 In
1648 4191 1751 4246 quo
1777 4176 1867 4233 in-

275 4264 595 4335 [irmabatur
619 4283 714 4338 per
748 4281 981 4328 carnem.
1014 4264 1128 4323 Hoc
1154 4276 1263 4334 est,
1294 4267 1353 4325 in
1388 4282 1455 4325 co
1486 4268 1629 4339 quod
1661 4269 1747 4324 lex
1778 4269 1862 4323 in-

277 4354 601 4412 ﬁrmabatur
621 4373 731 4414 non
762 4357 818 4413 in
848 4373 929 4425 se,
955 4358 1051 4414 sed
1089 4358 1144 4413 in
1171 4356 1279 4414 illis
1305 4356 1703 4413 inﬁrmabatur.
1746 4357 1859 4415 Un-

277 4447 347 4503 de
394 4447 663 4504 subinl‘ert
706 4464 801 4519 per
849 4465 1083 4516 carnem,
1131 4449 1234 4507 hoc
1278 4456 1404 4505 est:
1439 4463 1537 4519 per
1582 4447 1861 4505 carnalem

279 4540 798 4610 concupiscentiam.
828 4541 981 4610 Quod
1008 4543 1143 4598 dixit
1171 4560 1184 4596 :
1226 4542 1283 4597 in
1307 4540 1707 4597 similitudinem
1734 4558 1856 4597 car-

187 4616 211 4629 ’
278 4631 361 4685 nis
386 4632 607 4702 peccati,
635 4632 873 4689 ostendit
897 4648 996 4688 nos
1023 4633 1224 4688 habere
1250 4647 1473 4689 carnem
1498 4632 1730 4702 peccati,
1760 4631 1852 4687 Fi-

274 4721 415 4778 lium
444 4738 574 4778 vero
621 4724 717 4781 Dei
749 4723 1157 4783 similitudinem
1210 4725 1393 4781 carnis
1445 4725 1673 4794 peccati.
1726 4723 1863 4779 Nam

275 4820 538 4867 naturam
562 4812 777 4882 quidem
794 4814 1040 4883 corporis
1071 4815 1244 4870 nostri
1270 4815 1483 4879 habuit,
1505 4814 1864 4885 pollutionem

274 4903 513 4974 peccati,
539 4920 657 4975 qua:
680 4922 748 4963 ex
773 4907 1227 4978 concupiscentia:
1252 4916 1405 4963 motu
1448 4907 1728 4980 conceptis
1751 4916 1864 4963 tra-

276 4995 451 5061 ditur,
482 4994 705 5052 omnino
728 5013 836 5053 non
866 4997 1076 5054 habuit.

351 5083 424 5138 Et
458 5084 524 5139 de
547 5096 789 5157 peccato,
818 5080 904 5143 vel
928 5094 987 5144 ut
1043 5088 1222 5142 verius
1267 5088 1495 5144 habetur
1522 5089 1665 5158 apud
1715 5088 1866 5143 Grae-

278 5190 398 5243 eos,
428 5193 525 5246 pro
560 5187 799 5248 peccato,
848 5177 1118 5242 damnavit
1142 5186 1412 5247 peccatum
1444 5179 1501 5233 in
1548 5195 1725 5233 carne.
1756 5176 1870 5231 Ho-

278 5271 400 5327 stia:
426 5286 567 5341 quas
584 5287 684 5343 pro
717 5282 938 5342 peccato
959 5268 1261 5333 oﬁerebant
1288 5272 1344 5329 in
1373 5272 1511 5341 lege,
1532 5272 1743 5341 peccati
1766 5289 1866 5329 no-

278 5362 430 5416 mine
462 5364 816 5429 vocabantur,
843 5379 966 5418 cum
991 5363 1121 5432 ipsae
1164 5361 1357 5419 delicta
1408 5363 1701 5429 nescirent,
1728 5364 1869 5433 sicut

282 5453 551 5522 scriptum
584 5462 669 5515 est
697 5472 711 5507 :
744 5454 811 5508 Et
839 5455 1119 5525 imponent
1144 5468 1341 5508 manus
1368 5467 1528 5522 super
1553 5464 1714 5523 caput
1736 5470 1865 5525 pec-

282 5547 394 5600 cati
432 5546 539 5601 sui.
577 5545 670 5603 Sic
693 5556 751 5603 et
797 5562 924 5601 caro
952 5545 1173 5613 Christi,
1212 5560 1331 5616 qua:
1379 5559 1480 5615 pro
1506 5544 1745 5613 peccatis
1773 5559 1869 5599 no-

282 5638 415 5694 stris
436 5639 618 5697 oblata
647 5648 753 5706 est,
781 5638 989 5709 peccati
1019 5654 1214 5694 nomen
1242 5638 1468 5707 accepit.
1487 5634 1714 5704 Quidam
1738 5650 1868 5691 sane

284 5727 479 5785 dicunt
505 5731 651 5800 quod
670 5739 896 5801 peccato
934 5728 1267 5796 Judaeorum,
1316 5745 1425 5800 quo
1452 5727 1746 5784 Dominum
1776 5744 1866 5784 oc-

283 5819 559 5891 ciderunt,
586 5831 871 5894 peccatum
901 5823 1124 5893 diaboli,
1156 5837 1264 5895 quo
1309 5823 1585 5883 hominem
1618 5821 1867 5895 idecepei

1938 605 2071 661 dicit
2104 624 2117 661 :
2156 614 2211 659 ut
2239 622 2332 677 per
2382 613 2603 660 mortem
2654 604 2943 668 destrueret
2993 621 3135 674 eum,
3176 604 3264 676 qui
3293 602 3513 660 habebat

1937 698 2121 758 mortis
2147 697 2424 767 imperium
2445 694 2600 769 (Heb.
2626 695 2715 769 ιι),
2739 706 3023 769 peceatum
3046 706 3267 773 peccato
3293 697 3513 771 proprio

1939 789 2322 847 condemnavit
2352 808 2366 844 :
2400 787 2651 851 Christus
2673 790 2816 846 enim
2840 806 2871 846 a
2904 799 3131 862 peccato
3154 790 3510 863 cruciﬁgitur,

1940 882 2218 943 damnavit
2264 891 2545 953 peccatum
2573 883 2630 938 in
2675 898 2839 940 carne
2869 901 2882 939 :
2915 884 2989 945 ibi
3041 883 3184 940 enim
3230 883 3517 945 damnatus

1940 983 2025 1030 est
2055 973 2147 1029 ubi
2171 974 2435 1043 peccavit,
2464 974 2607 1031 sicut
2629 983 2685 1031 et
2707 974 2814 1030 alio
2858 974 2979 1031 loco
3004 976 3081 1031 ait
3108 990 3123 1029 :
3166 972 3521 1048 Triumphum

1938 1065 2059 1121 illos
2083 1066 2143 1121 in
2167 1066 2439 1135 semetipso
2473 1064 2608 1137 (Col.
2639 1065 2725 1139 ιι).
2765 1064 2880 1121 Hoc
2907 1066 3089 1136 itaque
3143 1074 3369 1138 peccato
3392 1081 3519 1123 reus

1941 1158 2119 1222 factus
2150 1155 2406 1226 Satanas,
2457 1159 2638 1214 amisit
2692 1158 2994 1215 dominium
3042 1162 3380 1230 retentarum
3402 1157 3523 1214 ani-

1941 1266 2176 1321 marum,
2203 1258 2265 1305 ut
2306 1249 2422 1321 jam
2450 1251 2692 1323 signatas
2716 1252 2870 1324 signo
2899 1250 3103 1327 crucis,
3132 1246 3187 1305 in
3216 1264 3326 1323 quo
3344 1244 3521 1305 victus

1942 1350 2049 1409 est,
2074 1344 2130 1399 in
2160 1343 2401 1401 secunda
2427 1350 2603 1402 morte
2630 1351 2817 1398 tenere
2846 1360 2955 1400 non
2985 1344 3198 1400 audeat.
3230 1342 3524 1407 Damnavit

1943 1441 2126 1489 autem
2158 1442 2464 1505 peccatum,
2490 1434 2621 1491 dum
2645 1434 2799 1491 irrita
2824 1432 2952 1492 fecit
2977 1430 3173 1503 delicta
3202 1436 3525 1503 remissione

1942 1532 2293 1594 peccatorum
2315 1540 2595 1581 concessa.
2618 1522 2734 1581 Pro
2759 1535 2992 1597 peccato,
3035 1527 3235 1599 inquit,
3258 1527 3531 1597 damnavit

1941 1627 2213 1689 peccatum
2251 1619 2305 1674 in
2329 1636 2487 1676 carne
2516 1634 2636 1674 sua.
2669 1616 2738 1674 Ut
2763 1618 3084 1693 justiﬁcatio
3124 1616 3253 1693 legis
3281 1618 3525 1692 implere-

1945 1722 2032 1768 tur
2055 1715 2112 1769 in
2140 1711 2309 1770 nobis.
2344 1712 2418 1772 Ut
2478 1714 2749 1786 quomodo
2801 1712 2857 1778 in
2885 1713 3012 1780 illis,
3042 1722 3377 1788 repugnante
3407 1730 3530 1771 car-

1944 1805 2058 1865 nali
2086 1806 2505 1874 consuetudine,
2529 1806 2745 1878 impleri
2765 1821 2871 1869 non
2906 1806 3105 1878 potuit,
3136 1806 3195 1867 in
3217 1808 3383 1869 nobis
3422 1806 3529 1869 sal-
3610 1845 3629 1880 ς,

1946 1904 2055 1951 tem
2105 1896 2415 1968 impleatur,
2452 1896 2545 1969 qui
2613 1898 2863 1969 exemplo
2890 1897 3097 1961 Christi
3131 1898 3529 1961 mortiﬁcamus

1948 2000 2189 2043 carnem.
2242 1988 2570 2044 Damnatum
2597 1990 2730 2046 dicit
2770 1997 3079 2061 peccatum,
3127 1997 3189 2051 ut
3214 1988 3532 2061 intpleretur

1948 2078 2002 2132 in
2027 2076 2183 2133 nobis
2230 2076 2547 2146 justiﬁestio
2594 2078 2734 2151 legis
2761 2080 2899 2137 datae
2925 2096 2959 2135 a
2984 2078 3190 2153 Moyse.
3250 2078 3532 2146 Quomodo

1900 2204 1913 2217 .
1949 2164 2245 2239 impletur?
2282 2169 2385 2223 nisi
2439 2184 2563 2223 cum
2594 2167 2754 2223 datur
2782 2169 3031 2225 remissio
3074 2178 3453 2238 peccatorum,
3472 2176 3537 2227 ut

1949 2257 2174 2314 sublatis
2205 2258 2466 2328 peccatis,
2515 2256 2833 2327 iustiﬁcatis
2883 2268 3161 2331 appareat,
3210 2268 3395 2321 mente
3423 2274 3534 2317 ser-

1947 2347 2103 2405 viens
2126 2346 2231 2419 legi
2262 2346 2383 2414 Dei,
2411 2346 2515 2404 hoc
2562 2354 2647 2402 est
2679 2363 2787 2402 non
2823 2350 3120 2404 secundum
3165 2365 3389 2412 carnem
3421 2366 3536 2411 am-

1950 2436 2161 2504 bulare,
2188 2437 2284 2493 sed
2311 2435 2606 2493 secundum
2638 2436 2910 2509 spiritum.
2943 2436 3049 2504 Qui
3085 2439 3223 2493 enim
3246 2440 3540 2503 secundum

1949 2545 2161 2584 carnem
2189 2536 2330 2583 sunt.
2367 2526 2542 2584 Homo
2567 2544 2635 2583 ex
2675 2528 2868 2599 spiritu
2901 2534 2958 2585 et
2980 2545 3151 2587 carne
3192 2539 3539 2597 constructus

1949 2628 2032 2676 est
2056 2637 2072 2686 ;
2100 2620 2316 2691 quando
2344 2634 2474 2690 ergo
2519 2619 2761 2675 carnalia
2797 2621 2929 2693 agit,
2955 2628 3103 2677 totus
3137 2636 3264 2687 caro
3293 2622 3532 2683 dicitur:

1952 2712 2168 2784 quando
2190 2710 2513 2782 spiritualia,
2539 2708 2686 2768 totus
2706 2710 3006 2784 spiritualis
3033 2713 3337 2784 appellatur
3361 2730 3381 2781 ;
3407 2730 3541 2773 una-

1950 2818 2179 2875 quaeque
2231 2802 2382 2859 enim
2413 2800 2742 2870 substantia,
2777 2820 2901 2865 cum
2940 2818 3065 2865 eam
3092 2804 3265 2867 altera
3295 2807 3353 2863 iu
3379 2822 3543 2867 suam

1954 2892 2217 2951 ditionem
2251 2896 2546 2968 redegerit,
2593 2902 2650 2952 et
2686 2892 2796 2953 vim
2827 2897 3226 2968 quodammodo
3260 2899 3541 2976 propriam

1952 2992 2008 3041 et
2033 3001 2235 3042 nomen
2262 2987 2482 3042 amittit.

2024 3074 2157 3142 Qua:
2180 3074 2356 3132 carnis
2377 3086 2497 3132 sunt
2517 3078 2748 3149 sapiunt.
2786 3074 2843 3143 Id
2872 3086 2979 3146 est,
3009 3078 3250 3139 carnalia
3272 3068 3415 3141 bona
3437 3096 3542 3153 pro

1953 3167 2184 3223 summis
2232 3165 2389 3224 bonis
2441 3169 2852 3240 concupiscunt.
2894 3168 3019 3231 Non
3068 3172 3207 3227 enim
3249 3173 3394 3244 quod
3422 3172 3538 3230 uolo

1953 3257 2050 3314 hoc
2073 3257 2216 3330 facio
2246 3256 2459 3329 bonum,
2490 3260 2581 3323 sed
2606 3259 2747 3332 quod
2773 3261 2861 3321 odi
2891 3261 3091 3318 malum
3113 3262 3212 3322 hoc
3233 3279 3359 3335 ago.
3386 3262 3543 3323 Multi

1952 3351 2100 3409 hunc
2144 3345 2322 3408 locum
2354 3352 2429 3409 ita
2479 3341 2709 3427 intelligi
2760 3354 2959 3413 debere
3002 3353 3299 3424 dilﬁniunt,
3344 3364 3410 3413 ut
3432 3358 3541 3419 hoc.

1954 3444 2133 3515 ipsum
2173 3443 2498 3517 Apostolum
2549 3460 2663 3504 non
2710 3460 2782 3502 ex
2806 3460 2926 3514 sua,
2965 3446 3064 3505 sed
3099 3462 3169 3505 ex
3194 3447 3545 3518 peccantium

1953 3524 2190 3608 persona
2237 3537 2442 3595 dixisse
2499 3538 2846 3599 conﬁrment.
2879 3536 3023 3605 Quid
3048 3539 3193 3593 enim
3238 3539 3368 3599 boni
3395 3540 3542 3610 quod

1955 3629 2047 3684 ille
2095 3644 2203 3683 non
2231 3637 2416 3700 posset
2440 3630 2704 3700 implere?
2731 3637 2789 3687 et
2837 3627 2968 3699 quid
3013 3643 3044 3687 e
3073 3627 3349 3687 contrario
3394 3629 3544 3700 quod

1958 3717 2280 3774 malivolens
2304 3727 2360 3775 et
2390 3719 2583 3774 odiens
2604 3716 2927 3773 admiserit?
2950 3716 3039 3777 Ad
3072 3732 3239 3788 quam
3260 3732 3393 3777 vero
3416 3734 3544 3790 pec-

1959 3808 2068 3863 cati
2094 3806 2269 3880 legem
2299 3804 2389 3864 ille
2420 3823 2519 3865 vas
2539 3808 2839 3876 electionis,
2871 3808 2927 3867 in
2955 3823 3064 3879 quo
3083 3807 3335 3873 Christus
3356 3811 3546 3884 loque—

1958 3886 2140 3966 batur,
2194 3898 2369 3968 potuit
2398 3898 2644 3970 captivus
2692 3896 2932 3956 abduci?
2984 3897 3107 3957 Non
3154 3899 3543 3975 intelligentes,

1963 3987 2053 4063 qui
2087 3988 2194 4044 hoc
2222 3986 2514 4053 diﬂiniunt,
2539 3988 2685 4059 quod
2727 3988 3039 4060 supradicta
3068 3990 3383 4051 testimonia
3403 4008 3544 4049 non-

1962 4079 2067 4135 nisi
2097 4079 2167 4135 ad
2193 4076 2336 4135 solos
2364 4078 2673 4150 pertineant
2698 4077 2989 4150 perfectos,
3020 4089 3077 4138 et
3116 4096 3311 4141 eorum
3334 4089 3545 4143 tantum

1962 4169 2057 4241 qui
2092 4168 2462 4240 apostolorum
2518 4169 2712 4225 merita
2768 4170 3197 4242 subsequuntur,
3246 4184 3549 4247 congruant

1964 4261 2258 4315 sanctitati.
2284 4260 2617 4320 Caeterorum
2646 4275 2753 4332 quo
2774 4270 2957 4333 pacto,
2984 4263 3041 4321 id
3066 4270 3175 4329 est,
3198 4273 3547 4335 peccatorum

1963 4365 2211 4421 personae
2242 4351 2444 4423 poterit
2474 4352 2765 4407 convenire
2806 4354 2951 4424 quod
2974 4353 3173 4408 dicitur
3199 4371 3215 4407 :
3245 4354 3371 4410 Non
3406 4357 3546 4425 quod

1961 4440 2078 4497 volo
2128 4446 2225 4494 hoc
2271 4439 2464 4510 facio?
2499 4440 2633 4508 Quis
2683 4442 2835 4497 enim
2880 4442 3313 4513 delinquentium
3359 4444 3550 4503 nolens

1963 4530 2247 4587 adulteriis
2313 4528 2869 4601 fornicationibusque
2918 4533 3362 4590 contaminetur?
3386 4589 3390 4592 ι
3416 4534 3549 4604 Quis

1969 4622 2173 4685 invitus
2211 4618 2462 4695 proximo
2518 4623 2704 4678 tendat
2750 4623 3011 4681 insidias?
3047 4620 3180 4694 Quis
3223 4629 3548 4685 necessitate

1969 4722 2213 4787 cogatur,
2239 4723 2301 4771 ut
2338 4713 2476 4770 falso
2507 4714 2816 4770 testimonio
2837 4715 3117 4775 hominem
3140 4721 3412 4792 opprimat
3432 4721 3547 4776 fur-

1967 4812 2095 4862 tove
2120 4802 2378 4879 decipiat,
2409 4814 2503 4861 aut
2530 4802 2758 4865 alterius
2787 4806 3021 4877 spolium
3045 4811 3437 4882 concupiscat?
3464 4812 3550 4869 vel

1970 4899 2291 4972 sanguinem
2317 4896 2526 4965 fundat,
2559 4906 2615 4953 et
2639 4904 2836 4954 caetera
2860 4899 3003 4957 mala
3029 4901 3319 4973 perﬁciat?
3349 4900 3550 4972 Super-

1970 4996 2054 5043 est
2089 4988 2251 5058 igitur
2270 4996 2331 5043 ut
2359 4988 2476 5043 haec
2506 4989 2776 5045 sententia
2801 5004 2914 5047 non
2963 5008 3031 5048 ex
3055 5002 3405 5063 peccatorum
3424 5008 3549 5064 per-

1969 5098 2120 5147 sona,
2155 5082 2249 5139 sed
2276 5098 2345 5145 ex
2364 5083 2635 5155 Apostoli,
2663 5084 2946 5157 ipsiusque
2972 5086 3233 5144 similium
3258 5087 3402 5143 dicta
3430 5102 3550 5149 esse

1968 5177 2320 5248 intelligatur.
2354 5176 2461 5233 Sed
2489 5187 2674 5234 tamen
2708 5179 3020 5253 diligentius
3066 5180 3383 5249 indagemus
3418 5182 3549 5254 quid

1971 5269 2042 5325 sit
2074 5268 2371 5339 principale
2424 5270 2627 5325 bonum
2675 5271 2825 5340 quod
2859 5269 3151 5340 Apostolus
3201 5285 3314 5327 non
3338 5269 3565 5344 poterat

1970 5360 2234 5433 perﬁcere
2262 5375 2387 5417 cum
2415 5359 2596 5416 vellet.
2620 5360 2787 5418 Multa
2807 5362 2953 5418 enim
2982 5361 3232 5421 novimus
3260 5364 3404 5423 bona
3430 5382 3551 5437 quae

1972 5454 2163 5507 beatus
2197 5450 2471 5520 apostolus
2490 5450 2691 5508 Paulus
2719 5467 3017 5523 omnesque
3045 5451 3191 5510 illius
3240 5457 3419 5515 meriti
3455 5458 3544 5514 ba-

1970 5544 2152 5617 buisse
2181 5543 2476 5609 credimus,
2519 5543 2573 5600 id
2594 5551 2700 5609 est,
2726 5543 2973 5610 castitas,
3021 5547 3377 5614 continentia,
3424 5562 3549 5618 pru-

1972 5635 2175 5702 dentia,
2190 5634 2479 5701 sobrietas,
2508 5631 2886 5703 temperantia,
2906 5634 3301 5704 misericordia,
3316 5635 3548 5708 iustitia,

1972 5745 2092 5800 qua:
2116 5727 2295 5785 omnia
2328 5727 2383 5783 in
2408 5725 2666 5796 Apostolo
2696 5724 2918 5795 ejusque
2946 5726 3217 5785 similibus
3246 5726 3419 5789 fuisse
3442 5744 3552 5783 non

1975 5818 2196 5879 dubium
2222 5825 2324 5876 est.
2358 5815 2511 5885 Quod
2537 5829 2667 5885 ergo
2712 5829 2880 5873 unum
2904 5825 3055 5890 Optat
3101 5817 3302 5890 facere,
3346 5816 3553 5879 scilicet
