4108 6334
573 401 638 454 π
1981 359 2252 422 sanum
2285 355 2485 418 SCOTl
3751 331 3826 385 72

580 506 839 571 theorica,
881 515 982 574 pro
1009 513 1115 570 qua
1143 495 1256 552 vita
1284 492 1459 549 Maria
1491 487 1782 563 praefertur
1815 479 2061 574 Marthae,
2090 485 2152 574 ut
2178 480 2232 542 Α

578 607 661 654 cst
683 638 697 653 .
726 568 904 651 Maria
933 568 1183 663 optimam
1215 595 1416 658 partem
1443 582 1614 652 elegit.
1644 577 1770 632 Haec
1792 587 1920 644 ergo
1949 568 2147 625 theori—

2253 473 2354 529 Hic
2383 473 2611 542 apparet
2635 462 2779 535 quod
2806 474 2916 517 non
2940 466 3182 522 carnem,
3207 452 3305 508 sed
3345 462 3514 520 opera
3536 443 3813 542 caruisse

2251 535 2432 621 cuset:
2451 535 2633 615 -Totus
2662 556 2894 611 mundus
2932 565 3061 606 caro
3087 556 3170 604 est
3198 561 3214 601 :
3245 557 3406 600 omne
3436 541 3581 597 enim
3619 535 3834 593 visibile

579 632 661 654 σοι
683 638 697 653 ο
726 632 836 651 BI“!
853 632 904 648 Iw
933 632 961 647 ν
1001 632 1183 645 ηιινκην
1251 632 1414 640 --ιννη-
1445 632 1536 638 --νγ
1559 632 1565 634 .
1605 632 1610 633 ν
1855 632 1884 644 ν

579 706 666 756 ca,
690 689 746 744 id
774 694 866 750 est,
895 632 1276 751 contemplatio
1306 632 1679 742 Dei,ombium
1701 663 2148 735 justiﬁcationum
2249 656 2400 714 carni
2423 655 2729 726 deputatur,
2748 646 2981 756 ‘cognilta
3018 642 3164 700 enim
3203 647 3328 746 sunt
3354 635 3555 700 carnis,
3601 632 3837 756 ideoque

581 752 780 856 genera
812 779 897 834 vel
925 775 1121 832 merita
1169 770 1448 844 prmcellit,
1479 773 1535 822 et
1559 763 1646 819 illa
1675 759 1895 856 quidem
1946 752 2148 856 omnia,

581 847 701 947 quae
724 874 779 929 in
807 869 1072 943 Apostolo,
1097 866 1273 921 fuisse
1291 859 1659 934 praediximus,
1689 868 1794 908 non
1817 848 1991 906 solum
2011 847 2153 901 bona

582 942 638 1025 et
660 966 832 1032 utilia,
857 942 1060 1020 iverum
1095 959 1260 1016 etiam
1294 968 1488 1022 magna
1535 957 1696 1018 atque
1723 942 1982 1017 praeclara
2007 944 2152 993 sunt.

584 1057 693 1114 Sed
717 1031 877 1124 sicut,
909 1055 1063 1112 verbi
1085 1061 1087 1063 ’
1113 1051 1305 1126 gratia,
1335 1046 1515 1103 stanni
1563 1040 1863 1104 metallum,
1897 1034 2041 1106 quod
2062 1031 2159 1086 ali-

583 1148 739 1218 cujus
764 1148 1012 1203 utilitatis
1040 1154 1095 1201 et
1121 1142 1309 1215 gratiae
1347 1139 1664 1211 putabatur,
1689 1132 1751 1186 ﬁt
1780 1127 1988 1200 argenti
2015 1139 2162 1218 com-

582 1241 865 1311 paratione
891 1237 1211 1294 vilissimum
1239 1250 1253 1300 ;
1294 1240 1350 1287 et
1379 1244 1622 1292 rursum,
1657 1221 1776 1279 auri
1827 1216 2158 1287 contempla-

585 1334 733 1391 tione
784 1333 1036 1389 meritum
1084 1325 1362 1385 evanescit
1407 1319 1644 1394 argenti,
1701 1315 1918 1381 aurumt
1948 1322 2163 1382 quoque

586 1425 870 1481 collatione
891 1433 1247 1494 gemmarum,
1280 1428 1505 1487 gemmae
1526 1424 1657 1466 vero
1681 1407 1928 1463 claritate
1948 1416 2164 1471 marga-

585 1518 811 1573 ritarum
866 1520 1327 1572 contemnuntur:
1361 1509 1434 1564 ita
1464 1507 1557 1561 illa
1599 1509 1914 1560 ornamenta
1963 1496 2164 1553 sancti-

587 1609 737 1674 tatis,
772 1607 1020 1677 quamvis
1041 1620 1149 1660 non
1186 1602 1360 1658 solum
1389 1600 1458 1654 ad
1505 1611 1744 1669 praesens
1769 1596 1907 1649 bona
1930 1599 1985 1647 et
2011 1589 2163 1644 utilia

584 1707 732 1766 sunt,
778 1713 970 1753 verum
1022 1695 1189 1751 etiam
1239 1694 1436 1748 donum
1485 1686 1808 1744 aeternitatis
1852 1682 2156 1752 acquirunt,

589 1798 773 1846 tamen
800 1789 848 1845 si
873 1788 1068 1845 divinae
1089 1780 1558 1852 contemplationis
1597 1778 1809 1834 meritis
1845 1787 2162 1843 comparen-

587 1889 700 1946 tur,
746 1879 877 1934 vilia
919 1877 1306 1939 censebuntur,
1356 1880 1413 1927 et
1461 1867 1871 1938 comparatione
1906 1863 2164 1920 theoricm

2282 1845 2375 1899 Deo
2397 1843 2598 1914 placere
2627 1857 2732 1912 non
2751 1847 2987 1911 possunt.

592 1971 855 2027 claritatis
884 1969 1164 2025 fuscantur
1191 1985 1204 2020 :
1235 1965 1467 2020 multum
1520 1962 1667 2018 enim
1693 1968 1932 2025 sanctos,
1979 1971 2166 2028 quam-

591 2062 678 2118 vis
703 2063 970 2117 bonorum
994 2074 1239 2130 Operum,
1276 2054 1505 2112 terrenis
1551 2061 1733 2106 tamen
1782 2050 1976 2106 studiis
2006 2063 2168 2103 occu-

590 2162 768 2223 patos,
805 2169 836 2208 a
862 2149 1313 2222 contemplatione
1341 2146 1486 2201 illius
1514 2143 1640 2199 boni
1662 2143 1946 2198 retrahunt
1969 2155 2033 2195 ac
2054 2147 2166 2192 tar-

590 2241 740 2297 danL

660 2330 804 2386 Nam
833 2331 1115 2404 prudentia
1161 2331 1339 2386 carnis
1377 2345 1519 2385 mors
1546 2337 1643 2383 est.
1684 2327 1802 2397 Ipse
1853 2327 2004 2392 dicit,
2037 2310 2168 2397 pru?

593 2423 828 2482 dentiam
875 2426 1170 2481 humanam
1211 2438 1352 2489 esse,
1404 2439 1505 2494 pro
1538 2423 1681 2479 malo
1705 2424 1881 2478 vicem
1916 2422 2167 2477 reddere.
2203 2454 2206 2457 -

597 2513 745 2570 Talis
769 2530 899 2586 ergo
942 2515 1231 2587 prudentia
1278 2522 1510 2570 mortem
1535 2514 1679 2584 parit
1726 2511 2174 2584 transgrediendo

593 2615 941 2679 praeceptum.
984 2607 1218 2679 Spiritus
1265 2623 1395 2663 vero
1438 2606 1729 2678 prudentia
1778 2621 1967 2676 pacem
2013 2603 2176 2658 habet

595 2712 704 2753 non
732 2699 1006 2755 reddendo
1056 2699 1254 2765 vicem,
1286 2707 1341 2754 et
1364 2698 1536 2753 vitam
1580 2698 1637 2752 in
1683 2696 1865 2752 futuro
1889 2694 2172 2766 percipiet.

594 2785 886 2842 Prudentia
919 2802 1049 2843 vero
1073 2803 1105 2841 a
1139 2786 1473 2857 providendo
1497 2794 1583 2842 est
1627 2785 1909 2856 appellata.
1939 2783 2178 2838 Pruden-

593 2875 669 2931 tia
699 2876 819 2932 ideo
847 2877 1045 2933 dicitur
1069 2892 1193 2932 cum
1232 2891 1320 2932 res
1368 2877 1531 2932 stulta
1553 2876 1644 2942 sit,
1679 2877 1803 2947 quia
1831 2875 2097 2931 industria
2120 2881 2175 2929 et

595 2967 795 3023 astutia
827 2968 1042 3025 illorum
1087 2969 1143 3023 in
1194 2983 1260 3024 eo
1311 2977 1395 3024 est
1445 2976 1508 3023 ut
1563 2976 1769 3039 peccet.
1802 2966 2005 3038 Sapere
2033 2966 2179 3020 enim

597 3060 700 3115 sibi
727 3060 998 3126 videntur,
1030 3059 1076 3116 si
1102 3060 1247 3115 istud
1285 3060 1596 3130 diligentius
1623 3066 1832 3114 curent.
1877 3046 1973 3113 Est
1997 3049 2052 3111 et
2072 3056 2179 3110 alia

596 3149 887 3219 prudentia
923 3151 1103 3206 carnis
1129 3165 1268 3220 quae,
1300 3149 1591 3205 mundanis
1641 3149 1942 3204 rationibus
1972 3147 2174 3211 inflata,

605 3247 768 3310 negat
804 3240 1021 3311 aliquod
1043 3240 1159 3294 ﬁeri
1196 3240 1341 3310 quod
1364 3239 1551 3294 mundi
1574 3249 1758 3294 careat
1779 3239 2005 3306 ratione,
2035 3238 2175 3292 unde

605 3328 749 3384 ridet
773 3329 1008 3399 Virginis
1032 3337 1271 3398 partum,
1300 3328 1482 3384 carnis
1527 3328 2003 3385 resurrectionem.
2037 3325 2179 3381 Pru-

605 3420 785 3474 dentia
812 3430 987 3475 autem
1009 3421 1223 3492 spiritus
1262 3422 1366 3475 vita
1395 3431 1443 3476 et
1474 3438 1599 3492 pax.
1631 3421 1771 3477 Vere
1801 3423 1919 3477 hmc
1942 3429 2028 3476 est
2047 3438 2177 3492 pru-

603 3512 785 3567 dentia
809 3527 929 3582 quae
958 3513 1122 3566 vitam
1162 3512 1409 3582 requirit,
1440 3521 1497 3567 et
1543 3527 1734 3582 pacem
1763 3527 1996 3581 sequens
2024 3513 2180 3582 spiri-

609 3603 833 3670 tualem,
882 3605 1204 3675 contemptis
1243 3604 1512 3660 illecebris
1533 3604 1657 3659 vitae
1681 3604 1981 3674 praesentis,
2018 3603 2181 3659 habe-

603 3694 683 3749 bit
717 3697 887 3754 vitam
914 3713 1037 3754 cum
1066 3714 1222 3768 pace,
1253 3699 1306 3754 id
1334 3707 1438 3765 est,
1470 3699 1586 3754 sine
1609 3699 1996 3769 inquietudine.
2053 3704 2096 3756 ζ..
2130 3704 2180 3757 vi

683 3785 946 3852 Quantam
991 3789 1273 3858 prudentia
1329 3790 1502 3843 carnis
1552 3789 1767 3843 inimica
1813 3799 1887 3844 est
1916 3789 2050 3855 Deo,
2082 3789 2182 3861 legi

609 3876 746 3929 enim
773 3877 874 3930 Dei
906 3894 1011 3930 non
1037 3888 1112 3931 est
1136 3879 1389 3947 subjecta.
1423 3878 1671 3934 Ostendit
1699 3880 1827 3949 quid
1863 3881 2064 3935 dixerit
2085 3881 2184 3934 ini-

517 3989 524 3992 -
615 3966 779 4032 mica,
840 3981 910 4022 ne
971 3967 1093 4038 quis
1139 3975 1356 4036 putaret
1406 3983 1472 4023 ex
1519 3970 1746 4025 adverso
1809 3970 1954 4025 aliud
1999 3970 2185 4025 venire

611 4055 956 4127 principium,
1015 4057 1290 4128 subiungit
1346 4067 1412 4113 et
1438 4047 1586 4114 dicit.
1629 4059 1754 4132 Legi
1783 4064 1920 4116 enim
1956 4061 2055 4116 Dei
2081 4077 2187 4115 non

615 4153 691 4200 est
721 4145 976 4216 subjecta,
1006 4163 1096 4200 nec
1118 4147 1255 4200 enim
1283 4156 1466 4218 potest.
1517 4149 1659 4218 Ergo
1690 4150 1869 4205 facere
1897 4157 2088 4204 contra
2113 4149 2188 4204 le-

615 4251 758 4306 gem,
785 4236 889 4292 hoc
911 4245 997 4292 est
1021 4237 1298 4293 inimicum
1325 4253 1444 4294 esse
1491 4239 1544 4293 in
1578 4239 1766 4304 Deum,
1795 4255 1902 4293 non
1925 4240 2052 4308 quia
2077 4239 2188 4293 Deo

615 4326 818 4396 aliquid
845 4341 1042 4382 nocere
1071 4335 1266 4396 potest,
1305 4330 1399 4384 sed
1451 4328 1553 4383 sibi
1591 4336 1771 4397 potest
1797 4341 2011 4393 nocere,
2044 4328 2190 4396 quis-

616 4415 740 4484 quis
770 4416 979 4471 resistit
1007 4416 1272 4472 voluntati
1296 4419 1412 4484 Dei,
1433 4419 1536 4475 hoc
1557 4426 1638 4473 est
1665 4420 1809 4474 enim
1841 4418 2038 4474 calcem
2069 4419 2193 4473 mit-

623 4515 739 4562 tere
767 4508 1026 4564 adversus
1053 4509 1349 4565 stimulum.
1398 4509 1488 4566 Sic
1508 4520 1591 4566 est
1619 4512 1821 4567 dictum
1854 4530 1866 4565 :
1896 4511 2020 4582 Legi
2058 4510 2194 4564 enim

617 4596 716 4651 Dei
745 4614 848 4652 non
885 4608 960 4653 est
981 4599 1236 4670 subjecta,
1277 4616 1452 4671 neque
1499 4602 1646 4656 enim
1670 4609 1867 4671 potest.
1917 4600 2195 4667 Tanquam

617 4688 664 4745 si
695 4689 983 4758 diceretur,
1031 4692 1124 4746 nix
1166 4708 1272 4747 non
1302 4693 1587 4758 calefacit,
1639 4692 1734 4747 sed
1779 4687 1975 4744 resolvi
2020 4696 2201 4758 potest

617 4787 673 4835 et
705 4778 915 4836 fervere
943 4789 1002 4837 ut
1027 4783 1331 4848 calefaciat,
1384 4783 1479 4837 sed
1504 4797 1627 4836 cum
1668 4782 1770 4835 hoc
1796 4779 1945 4845 facit,
1966 4779 2078 4848 jam
2103 4779 2196 4834 nix

620 4886 727 4927 non
756 4879 857 4928 est.
891 4870 982 4928 Sic
1007 4881 1061 4930 et
1089 4873 1375 4943 prudentia
1411 4871 1669 4935 carnalis,
1722 4885 1843 4924 cum
1890 4869 2070 4924 anima
2100 4885 2198 4940 pro

621 4964 834 5034 magnis
885 4965 1040 5020 bonis
1086 4963 1400 5032 temporalia
1452 4963 1588 5016 bona
1621 4960 1931 5016 desiderare
1974 4960 2201 5030 coeperit

623 5064 987 5120 contemnere,
1034 5063 1090 5108 et
1131 5054 1433 5124 spiritualia
1477 5053 1806 5118 desiderare,
1850 5055 2047 5109 desinit
2083 5069 2204 5110 esse

624 5145 802 5200 carnis
851 5144 1156 5216 prudentia,
1187 5152 1245 5198 et
1274 5143 1486 5212 Spiritui
1531 5160 1639 5198 non
1670 5143 1893 5198 resistit.
1938 5144 2014 5198 Ea
2045 5161 2202 5198 nam-

625 5251 729 5306 que
757 5237 936 5291 anima
965 5251 1089 5290 cum
1136 5233 1395 5288 inferiora
1428 5235 1660 5304 appetit,
1715 5237 2052 5305 prudentiam
2087 5253 2205 5292 car-

625 5327 711 5381 nis
736 5325 938 5380 habere
964 5323 1162 5377 dicitur
1185 5338 1200 5389 ;
1245 5337 1368 5376 cum
1398 5325 1695 5394 superiora,
1721 5325 2063 5396 prudentiam
2092 5327 2204 5396 spi-

627 5417 784 5480 ritus,
816 5429 924 5469 non
951 5413 1078 5481 quia
1117 5413 1404 5483 prudentia
1429 5417 1611 5472 carnis
1639 5417 1938 5474 substantia
1970 5426 2071 5484 est,
2102 5433 2207 5488 qua

628 5505 866 5561 induitur
908 5503 1087 5559 anima
1114 5506 1200 5562 vel
1222 5507 1474 5574 exuitur,
1512 5509 1608 5564 sed
1637 5509 1805 5580 ipsius
1849 5510 2043 5565 anima:
2081 5507 2208 5562 aﬁ‘e—

629 5599 796 5654 ctatio
821 5604 927 5664 est,
958 5609 1078 5667 quae
1103 5601 1323 5658 omnino
1354 5601 1554 5658 desinit
1584 5619 1708 5659 cum
1737 5618 1797 5658 se
1824 5611 1995 5660 totam
2025 5602 2092 5657 ad
2117 5615 2210 5657 su-

633 5703 800 5758 perna
826 5691 1114 5749 convertit.

705 5777 812 5846 Qtti
832 5783 970 5838 enim
989 5782 1044 5839 in
1073 5802 1229 5842 carne
1264 5795 1403 5842 sunt.
1447 5785 1504 5844 ld
1545 5794 1644 5854 est,
1695 5787 1970 5844 voluntate
2005 5782 2202 5844 carnis.

2252 748 2345 819 qui
2371 745 2661 802 mundanis
2689 741 2851 797 rebus
2877 738 3236 807 obtemperat,
3267 733 3321 787 in
3345 743 3512 786 carne
3537 734 3643 782 est.

2335 838 2435 894 Vos
2464 847 2638 892 autem
2666 851 2769 889 non
2804 834 2926 888 estis
2953 830 3009 884 in
3036 843 3213 882 carne.
3262 824 3321 878 In
3347 836 3511 878 carne
3543 819 3729 891 positi,
3760 816 3839 872 di—

2257 937 2452 988 cuntur
2477 944 2585 984 non
2609 941 2731 981 esse
2761 925 2816 979 in
2845 936 3028 984 carne,
3056 921 3150 974 sed
3173 918 3226 972 in
3249 915 3465 986 spiritu,
3483 914 3587 967 hoc
3613 919 3715 974 est,
3733 909 3842 980 spi-

2259 1021 2542 1077 ritualibus
2566 1015 2831 1085 occupati.
2877 1011 2937 1067 Si
2968 1019 3144 1066 tamen
3172 1005 3386 1078 spiritus
3414 1002 3512 1056 Dei
3549 1000 3749 1053 habitat
3784 999 3842 1052 in

2259 1113 2422 1169 vobis.
2453 1111 2511 1165 ln
2537 1109 2631 1164 illo
2676 1106 2894 1177 spiritus
2920 1102 3018 1158 Dei
3061 1098 3290 1162 habitat,
3339 1096 3394 1149 in
3431 1109 3540 1164 quo
3581 1099 3844 1163 apparent

2263 1201 2380 1271 ejus
2418 1200 2665 1264 fructus,
2705 1197 2846 1252 sicut
2877 1193 2953 1248 ait
2978 1191 3048 1246 ad
3089 1189 3345 1244 Galatas:
3397 1183 3628 1238 Fructus
3670 1193 3844 1236 autent

2263 1292 2476 1363 spiritus
2513 1297 2588 1344 est
2618 1286 2892 1359 gaudium,
2945 1283 3197 1348 charitas,
3252 1287 3357 1334 etc.
3396 1274 3538 1347 (Gal.
3596 1274 3681 1347 ιι).
3733 1274 3847 1329 Hoc

2264 1385 2386 1440 ideo
2411 1383 2660 1453 ambigue
2689 1379 2885 1436 dicitur
2907 1376 3033 1447 quia
3073 1375 3130 1429 in
3154 1373 3325 1446 legem
3359 1369 3584 1435 inducti,
3614 1382 3722 1422 non
3754 1367 3847 1421 ad-

2264 1480 2371 1535 huc
2406 1475 2658 1549 perfecta:
2701 1472 2825 1527 ﬁdei
2860 1476 3052 1534 erant,
3099 1466 3194 1523 sed
3229 1480 3380 1536 Spem
3431 1462 3485 1516 in
3515 1462 3596 1516 eis
3632 1458 3851 1512 videbat

2261 1567 2631 1640 perfectionis,
2682 1563 2826 1618 unde
2854 1559 3142 1632 aliquando
3185 1555 3341 1626 quasi
3386 1551 3644 1624 perfectis
3673 1550 3852 1619 loqui-

2264 1671 2374 1728 tur,
2405 1658 2693 1731 aliquando
2713 1656 2870 1727 quasi
2905 1650 3252 1725 perfecturis,
3281 1649 3386 1703 hoc
3423 1653 3526 1711 est,
3556 1643 3848 1713 aliquando

2263 1751 2468 1818 laudat,
2503 1748 2789 1820 aliquando
2811 1751 3138 1803 commonet.
3168 1741 3272 1807 Qui
3285 1739 3421 1792 enim
3446 1737 3500 1790 in
3525 1752 3682 1790 carne
3703 1744 3850 1799 sunt,

3037 1835 3098 1890 Id
3118 1843 3200 1889 est
3218 1831 3312 1901 qui
3339 1829 3704 1898 voluptatibus
3729 1843 3856 1882 car-

2268 1936 2727 2008 nisjacquiescunt
2751 1949 2764 1984 :
2794 1946 2863 1987 ne
2889 1929 3011 2001 quis
3039 1926 3184 1982 enim
3211 1924 3276 1979 de
3303 1923 3390 1978 his
3415 1921 3614 1976 dictum
3637 1926 3858 1988 putaret

2269 2029 2361 2101 qui
2391 2029 2457 2084 de
2483 2029 2587 2084 hac
2605 2027 2718 2082 vita
2746 2025 2982 2081 nondum
3003 2026 3371 2084 excesserunt,
3403 2014 3859 2086 opportunissime

2270 2117 2544 2187 subiunxit
2572 2137 2586 2171 :
2627 2114 2730 2170 Vos
2755 2122 2930 2169 autem
2953 2113 3009 2165 in
3037 2127 3192 2165 carne
3226 2125 3330 2162 non
3368 2107 3510 2171 estis,
3540 2105 3631 2159 sed
3669 2105 3725 2158 in
3751 2105 3860 2175 spi-

2270 2211 2380 2266 ritu
2408 2223 2426 2262 :
2453 2209 2640 2278 utique
2662 2207 2837 2262 adlmc
2871 2203 2929 2259 in
2974 2203 3077 2258 hac
3100 2201 3214 2256 vita
3248 2197 3559 2255 constitutis
3591 2195 3854 2265 loquitur.

2272 2303 2331 2358 ln
2356 2302 2548 2374 spiritu
2576 2300 2720 2356 enim
2747 2304 2918 2363 erant,
2952 2295 3079 2366 quia
3127 2294 3183 2348 in
3212 2293 3339 2358 ﬁde,
3386 2307 3481 2361 spe
3507 2297 3564 2345 et
3594 2288 3862 2344 charitate

2275 2392 2637 2464 spiritualium
2667 2405 2850 2446 rerum
2879 2385 3314 2458 acquiescebant.

2347 2485 2406 2542 Si
2426 2486 2542 2557 quis
2572 2494 2746 2539 autent
2772 2484 3014 2554 spiritum
3040 2481 3235 2536 Christi
3277 2496 3380 2534 non
3422 2478 3596 2545 habet,
3646 2476 3730 2531 hic
3753 2493 3863 2530 non

2277 2585 2352 2631 est
2374 2576 2506 2646 ejus.
2537 2573 2773 2644 Spiritus
2795 2580 2976 2627 autem
3005 2569 3237 2636 Christi,
3271 2569 3611 2633 humilitatis,
3654 2569 3868 2638 patien-

2276 2667 2388 2733 tiae,
2418 2665 2768 2734 omniumque
2793 2663 3054 2718 virtutum
3082 2668 3165 2715 est
3189 2701 3204 2727 ,
3253 2659 3346 2731 qui
3375 2659 3566 2715 dilexit
3610 2657 3868 2713 inimicos

2278 2768 2335 2815 et
2352 2775 2452 2830 pro
2489 2759 2570 2814 eis
2590 2757 2786 2814 oravit.
2817 2755 3082 2826 Spiritum
3109 2754 3226 2820 Dei,
3259 2769 3404 2808 nunc
3430 2751 3676 2823 spiritum
3702 2749 3868 2806 Chri-

2279 2850 2350 2906 sti
2381 2851 2547 2906 dicit:
2583 2850 2708 2920 quia
2727 2849 2908 2905 omnia
2933 2846 3114 2901 Patris
3141 2844 3266 2899 Filii
3307 2853 3450 2900 sunt.
3496 2843 3609 2898 Hoc
3631 2857 3760 2915 ergo
3787 2843 3873 2898 di-

2281 2943 2438 3007 citur,
2489 2941 2616 3012 quia
2647 2939 2969 3010 supradictis
3006 2927 3283 2993 enoribus
3330 2935 3422 3006 qui
3454 2936 3731 3005 subjectus
3757 2943 3869 3000 est,

2283 3034 2351 3088 ad
2379 3031 2655 3087 Christum
2679 3046 2789 3085 non
2829 3030 3100 3099 pertinet:
3151 3026 3399 3097 spiritum
3428 3027 3572 3080 enim
3615 3025 3730 3094 ejus
3757 3043 3873 3082 non

2283 3125 2468 3190 habet,
2497 3138 2658 3194 quem
2683 3131 2743 3176 ut
2767 3121 2935 3176 Filius
2962 3121 3058 3175 Dei
3081 3127 3246 3185 esset,
3278 3128 3582 3188 acceperat.
3633 3117 3737 3173 Hic
3763 3136 3877 3174 non

2283 3230 2356 3276 est
2401 3220 2536 3290 ejus.
2592 3217 2728 3274 Cum
2759 3217 2814 3271 in
2842 3216 3074 3270 Psalmis
3115 3215 3297 3270 dicat:
3345 3211 3478 3268 Mere
3513 3222 3635 3267 sunt
3688 3231 3876 3268 omnes

2283 3314 2409 3384 ferte
2443 3312 2730 3376 silvarum,
2747 3310 2990 3378 jumenta
3027 3309 3081 3361 in
3110 3307 3393 3372 montibus,
3422 3316 3468 3360 et
3507 3305 3652 3360 boves
3693 3305 3875 3376 (Psal.

2279 3401 2446 3474 XLVI).
2490 3401 2556 3456 Et
2581 3401 2627 3455 si
2652 3399 2782 3455 ferae
2811 3407 2866 3453 et
2882 3399 3129 3468 jumenta
3157 3396 3272 3467 ejus
3296 3405 3440 3464 sunt,
3473 3395 3744 3466 quomodo
3769 3395 3877 3451 ho-

2280 3494 2453 3549 mines
2485 3491 2602 3561 ejus
2647 3508 2754 3547 non
2800 3491 2968 3546 sunt?
3017 3491 3206 3544 Potest
3253 3498 3309 3545 et
3355 3489 3435 3544 sic
3464 3488 3691 3559 intelligi
3721 3489 3879 3558 quod

2283 3585 2374 3655 qui
2418 3599 2525 3638 non
2551 3582 2714 3637 habet
2761 3582 3011 3652 spiritum
3040 3581 3280 3648 Christi,
3330 3582 3420 3636 hic
3446 3596 3552 3636 non
3579 3579 3694 3648 ejus
3738 3588 3876 3634 est:

2283 3690 2408 3729 nam
2442 3674 2532 3729 hic
2559 3680 2806 3728 creatura
2855 3673 3069 3743 quidem
3122 3671 3238 3740 ejus
3264 3679 3347 3726 est
3370 3713 3384 3738 ,
3433 3672 3574 3727 sicut
3610 3669 3882 3725 silvarum

2283 3765 2431 3833 ferae,
2455 3763 2770 3834 etjumenta
2797 3764 2853 3819 in
2894 3763 3193 3830 montibus,
3246 3770 3312 3820 et.
3329 3763 3514 3829 boves,
3558 3760 3653 3816 sed
3707 3761 3882 3817 disci-

2283 3857 2441 3926 pulus
2466 3854 2584 3923 ejus
2611 3871 2717 3911 non
2755 3864 2854 3910 est.

2357 3948 2418 4003 Si
2439 3956 2615 4002 autem
2642 3944 2880 4000 Christus
2907 3947 2962 3998 in
2985 3946 3123 4000 vobis
3152 3954 3226 3998 est
3254 3960 3271 3996 :
3295 3958 3480 4010 corpus
3501 3943 3708 4011 quidem
3735 3960 3886 3999 mor-

2287 4050 2436 4095 tuum
2459 4053 2532 4095 est
2558 4049 2767 4110 prapter
2787 4048 3075 4108 peccatum.
3127 4038 3184 4090 Si
3228 4035 3502 4090 Christum
3556 4034 3884 4103 imitamini,

2289 4131 2523 4188 carnalis
2571 4145 2761 4184 sensus
2799 4128 2953 4197 quasi
3003 4136 3250 4182 mortuus
3291 4126 3444 4180 vobis
3485 4140 3593 4179 non
3643 4128 3881 4185 resistit.

2289 4223 2386 4281 Vel
2413 4230 2633 4294 prapter
2654 4227 2958 4292 peccatum,
2998 4229 3130 4284 etc.,
3171 4218 3275 4274 hoc
3299 4226 3382 4273 est
3406 4219 3600 4272 merito
3639 4224 3879 4288 peccati.

2289 4314 2505 4372 Peccati
2568 4327 2730 4366 causa
2787 4324 2982 4378 corpus
3047 4316 3319 4363 mortuum
3383 4308 3620 4363 asserit:
3678 4323 3883 4377 corpus

2293 4414 2473 4460 autem
2499 4403 2700 4467 dicens,
2752 4408 2922 4455 totum
2966 4400 3240 4455 hominem
3291 4398 3560 4470 signiﬁcat
3603 4406 3882 4454 mortuum

2295 4494 2501 4567 peccati
2535 4507 2718 4546 causa.
2750 4491 2980 4562 Spiritus
3011 4508 3126 4546 vero
3153 4492 3269 4545 vivit
3297 4499 3505 4562 propter
3535 4488 3886 4560 justi/icatio-

2299 4602 2434 4640 nem.
2490 4583 2605 4640 Hoc
2630 4592 2732 4649 est,
2763 4583 2986 4653 spiritus
3014 4582 3167 4648 vivit,
3201 4589 3259 4635 ut
3286 4579 3554 4650 justitiam
3585 4587 3881 4648 operetur:
3957 4615 3974 4624 -

2299 4693 2404 4732 non
2452 4677 2598 4732 enim
2624 4677 2728 4731 hoc
2753 4676 2924 4732 solum
2954 4675 3233 4746 qumritur,
3277 4682 3339 4727 ut
3365 4689 3394 4726 a
3423 4671 3730 4726 carnalibus
3761 4685 3886 4725 ces-

2301 4785 2501 4835 semus,
2534 4769 2628 4825 sed
2649 4767 2944 4840 spiritualia
2965 4767 3244 4822 faciamus.
3285 4763 3428 4818 Mors
3455 4771 3632 4818 autem
3663 4763 3881 4832 corpori

2302 4859 2507 4929 peccati
2536 4872 2718 4923 causa,
2746 4857 2800 4911 id
2824 4863 2929 4920 est,
2955 4871 3023 4910 ne
3053 4864 3258 4924 peccet,
3292 4853 3602 4922 imponitur.
3653 4851 3805 4918 Quod
3834 4854 3882 4908 si

2303 4964 2499 5018 corpus
2533 4955 2756 5017 peccato
2783 4955 3054 5001 mortuum
3080 4954 3182 5010 est,
3209 4945 3432 5016 spiritus
3462 4944 3766 4999 necessario
3812 4944 3884 4998 ad

2303 5039 2606 5096 faciendam
2629 5039 2895 5108 justitiam
2919 5039 3068 5093 vivit.
3104 5038 3204 5106 Qui
3235 5039 3378 5092 enim
3407 5037 3464 5091 in
3488 5051 3713 5105 corpore
3737 5050 3882 5090 mor-

2304 5138 2429 5186 tuus
2457 5146 2558 5186 nec
2587 5130 2751 5184 servit
2776 5139 3022 5200 peccato,
3053 5143 3278 5184 necesse
3307 5137 3392 5182 est
3426 5135 3485 5180 ut
3506 5127 3558 5180 in
3586 5125 3776 5194 spiritu
3801 5125 3883 5178 vi-

2306 5236 2396 5280 vat
2421 5234 2475 5280 et
2503 5225 2725 5295 justithe
2750 5225 2970 5280 serviat.
3012 5223 3103 5279 Sic
3133 5231 3188 5278 et
3201 5222 3344 5276 idem
3370 5219 3642 5290 apostolus
3667 5218 3725 5271 in
3753 5232 3884 5286 quo-

2308 5317 2431 5373 dam
2486 5316 2604 5371 loco
2654 5317 2782 5372 dicit
2831 5315 3116 5371 tradidisse
3167 5313 3456 5382 quemdam
3495 5311 3551 5366 in
3603 5307 3882 5364 interitum

2309 5409 2506 5476 carnis,
2539 5415 2600 5462 ut
2625 5409 2848 5480 spiritus
2875 5407 3053 5462 salvus
3087 5403 3202 5459 ﬁat.

2319 5507 2322 5511 ’
2380 5500 2532 5567 Quod
2553 5502 2598 5554 si
2623 5500 2835 5572 spiritus
2849 5499 2961 5567 ejus
2983 5497 3070 5566 qui
3098 5495 3364 5550 suscitavit
3383 5493 3563 5548 Iesum
3584 5509 3614 5545 a
3637 5489 3879 5546 mortuis.

2310 5594 2576 5663 Quoniam
2605 5592 2822 5662 quidem
2850 5605 3011 5660 supra
3029 5590 3242 5645 dixerat
3269 5589 3335 5642 de
3364 5587 3448 5642 his
3477 5585 3568 5654 qui
3602 5584 3667 5638 ad
3692 5581 3883 5637 simili-

2307 5685 2546 5740 tudinem
2581 5683 2770 5738 mortis
2815 5680 3014 5736 Christi
3048 5695 3276 5750 corpora
3319 5694 3414 5733 sua
3444 5676 3788 5743 mortiﬁcant,
3819 5687 3885 5726 ne

2308 5782 2554 5848 peccent,
2593 5771 2900 5830 necessario
2939 5780 3065 5828 tunc
3098 5771 3425 5828 mentionem
3475 5767 3591 5837 ejus
3620 5765 3750 5820 facit
3791 5760 3883 5833 qui
