  <div class='ocr_page' id='page_1' title='image "/cluster/home/n/w/nwhite01/storage/ocr_20150623/103/hvd.32044015466816/042.png"; bbox 0 0 4108 6334; ppageno 0'>
   <div class='ocr_carea' id='block_1_1' title="bbox 336 392 3590 492">
    <p class='ocr_par' dir='ltr' id='par_1_1' title="bbox 336 392 3590 492">
     <span class='ocr_line' id='line_1_1' title="bbox 336 392 3590 492; baseline -0.003 -23"><span class='ocrx_word' id='word_1_1' title='bbox 336 407 407 469; x_wconf 79' lang='lat'><strong>73</strong></span> <span class='ocrx_word' id='word_1_2' title='bbox 943 472 958 492; x_wconf 39' lang='grc' dir='ltr'>ι</span> <span class='ocrx_word' id='word_1_3' title='bbox 1434 399 1768 462; x_wconf 84' lang='lat' dir='ltr'><strong>COLLECT.</strong></span> <span class='ocrx_word' id='word_1_4' title='bbox 1804 402 1875 461; x_wconf 81' lang='lat' dir='ltr'><strong>IN</strong></span> <span class='ocrx_word' id='word_1_5' title='bbox 1905 392 2129 487; x_wconf 19' lang='lat' dir='ltr'><strong>‘E&#39;PIST.</strong></span> <span class='ocrx_word' id='word_1_6' title='bbox 2170 403 2262 462; x_wconf 87' lang='lat' dir='ltr'><strong>AD</strong></span> <span class='ocrx_word' id='word_1_7' title='bbox 2295 397 2463 464; x_wconf 77' lang='lat' dir='ltr'><strong>ROM.</strong></span> <span class='ocrx_word' id='word_1_8' title='bbox 3520 417 3590 477; x_wconf 65' lang='lat'>74</span> 
     </span>
    </p>
   </div>
   <div class='ocr_carea' id='block_1_2' title="bbox 337 511 3593 603">
    <p class='ocr_par' dir='ltr' id='par_1_2' title="bbox 337 511 3593 603">
     <span class='ocr_line' id='line_1_2' title="bbox 337 511 3593 603; baseline 0.007 -36"><span class='ocrx_word' id='word_1_9' title='bbox 337 511 620 569; x_wconf 79' lang='lat' dir='ltr'><strong>suscitavit</strong></span> <span class='ocrx_word' id='word_1_10' title='bbox 643 511 826 571; x_wconf 68' lang='lat' dir='ltr'><strong>Iesum</strong></span> <span class='ocrx_word' id='word_1_11' title='bbox 849 527 879 571; x_wconf 87' lang='lat' dir='ltr'><strong>a</strong></span> <span class='ocrx_word' id='word_1_12' title='bbox 907 514 1138 574; x_wconf 87' lang='lat' dir='ltr'><strong>mortuis</strong></span> <span class='ocrx_word' id='word_1_13' title='bbox 1160 556 1177 584; x_wconf 94' lang='lat'><strong>,</strong></span> <span class='ocrx_word' id='word_1_14' title='bbox 1224 511 1287 574; x_wconf 77' lang='lat' dir='ltr'><strong>ut</strong></span> <span class='ocrx_word' id='word_1_15' title='bbox 1326 515 1677 576; x_wconf 74' lang='lat' dir='ltr'><strong>similitudine</strong></span> <span class='ocrx_word' id='word_1_16' title='bbox 1704 527 1763 576; x_wconf 93' lang='lat' dir='ltr'><strong>et</strong></span> <span class='ocrx_word' id='word_1_17' title='bbox 1795 518 1917 591; x_wconf 87' lang='lat' dir='ltr'><strong>pari</strong></span> <span class='ocrx_word' id='word_1_18' title='bbox 1939 521 1996 583; x_wconf 84' lang='grc' dir='ltr'><strong>Α</strong></span> <span class='ocrx_word' id='word_1_19' title='bbox 2016 534 2114 590; x_wconf 90' lang='lat' dir='ltr'><strong>per</strong></span> <span class='ocrx_word' id='word_1_20' title='bbox 2152 521 2475 578; x_wconf 90' lang='lat' dir='ltr'><strong>cbaritatem</strong></span> <span class='ocrx_word' id='word_1_21' title='bbox 2525 523 2886 582; x_wconf 76' lang='lat' dir='ltr'><strong>mortiﬁcatm&#39;</strong></span> <span class='ocrx_word' id='word_1_22' title='bbox 2929 533 2986 583; x_wconf 92' lang='lat' dir='ltr'><strong>et</strong></span> <span class='ocrx_word' id='word_1_23' title='bbox 3028 527 3410 603; x_wconf 75' lang='lat' dir='ltr'><strong>exstinguitur.</strong></span> <span class='ocrx_word' id='word_1_24' title='bbox 3447 531 3593 590; x_wconf 83' lang='lat' dir='ltr'><strong>Gau-</strong></span> 
     </span>
    </p>
   </div>
   <div class='ocr_carea' id='block_1_3' title="bbox 337 607 1918 682">
    <p class='ocr_par' dir='ltr' id='par_1_3' title="bbox 337 607 1918 682">
     <span class='ocr_line' id='line_1_3' title="bbox 337 607 1918 682; baseline 0.001 -18"><span class='ocrx_word' id='word_1_25' title='bbox 337 607 566 674; x_wconf 85' lang='lat' dir='ltr'><strong>ratione,</strong></span> <span class='ocrx_word' id='word_1_26' title='bbox 615 623 720 678; x_wconf 91' lang='lat' dir='ltr'><strong>qua</strong></span> <span class='ocrx_word' id='word_1_27' title='bbox 747 610 1072 666; x_wconf 88' lang='lat' dir='ltr'><strong>commortui</strong></span> <span class='ocrx_word' id='word_1_28' title='bbox 1114 619 1240 667; x_wconf 91' lang='lat' dir='ltr'><strong>sunt</strong></span> <span class='ocrx_word' id='word_1_29' title='bbox 1271 620 1327 667; x_wconf 90' lang='lat' dir='ltr'><strong>et</strong></span> <span class='ocrx_word' id='word_1_30' title='bbox 1369 612 1689 682; x_wconf 88' lang='lat' dir='ltr'><strong>consepulti,</strong></span> <span class='ocrx_word' id='word_1_31' title='bbox 1743 613 1918 668; x_wconf 86' lang='lat' dir='ltr'><strong>sciant</strong></span> 
     </span>
    </p>
   </div>
   <div class='ocr_carea' id='block_1_4' title="bbox 337 703 1917 775">
    <p class='ocr_par' dir='ltr' id='par_1_4' title="bbox 337 703 1917 775">
     <span class='ocr_line' id='line_1_4' title="bbox 337 703 1917 775; baseline 0.001 -18"><span class='ocrx_word' id='word_1_32' title='bbox 337 717 396 758; x_wconf 90' lang='lat' dir='ltr'><strong>se</strong></span> <span class='ocrx_word' id='word_1_33' title='bbox 425 717 523 772; x_wconf 90' lang='lat' dir='ltr'><strong>per</strong></span> <span class='ocrx_word' id='word_1_34' title='bbox 555 704 803 774; x_wconf 84' lang='lat' dir='ltr'><strong>spiritum</strong></span> <span class='ocrx_word' id='word_1_35' title='bbox 832 703 949 773; x_wconf 86' lang='lat' dir='ltr'><strong>ejus</strong></span> <span class='ocrx_word' id='word_1_36' title='bbox 973 705 1065 775; x_wconf 87' lang='lat' dir='ltr'><strong>qui</strong></span> <span class='ocrx_word' id='word_1_37' title='bbox 1087 704 1270 761; x_wconf 79' lang='lat' dir='ltr'><strong>Jesum</strong></span> <span class='ocrx_word' id='word_1_38' title='bbox 1298 721 1330 761; x_wconf 91' lang='lat' dir='ltr'><strong>a</strong></span> <span class='ocrx_word' id='word_1_39' title='bbox 1355 705 1585 760; x_wconf 80' lang='lat' dir='ltr'><strong>mortuis</strong></span> <span class='ocrx_word' id='word_1_40' title='bbox 1633 705 1917 760; x_wconf 84' lang='lat' dir='ltr'><strong>suscitavit</strong></span> 
     </span>
    </p>
   </div>
   <div class='ocr_carea' id='block_1_5' title="bbox 335 793 1916 861">
    <p class='ocr_par' dir='ltr' id='par_1_5' title="bbox 335 793 1916 861">
     <span class='ocr_line' id='line_1_5' title="bbox 335 793 1916 861; baseline 0.001 -15"><span class='ocrx_word' id='word_1_41' title='bbox 335 793 685 849; x_wconf 88' lang='lat' dir='ltr'><strong>viviﬁcandos</strong></span> <span class='ocrx_word' id='word_1_42' title='bbox 710 809 850 861; x_wconf 87' lang='lat' dir='ltr'><strong>esse,</strong></span> <span class='ocrx_word' id='word_1_43' title='bbox 877 801 942 850; x_wconf 87' lang='lat' dir='ltr'><strong>&#39;et</strong></span> <span class='ocrx_word' id='word_1_44' title='bbox 972 797 1040 851; x_wconf 92' lang='lat' dir='ltr'><strong>ad</strong></span> <span class='ocrx_word' id='word_1_45' title='bbox 1078 796 1279 851; x_wconf 85' lang='lat' dir='ltr'><strong>Christi</strong></span> <span class='ocrx_word' id='word_1_46' title='bbox 1309 795 1710 850; x_wconf 83' lang='lat' dir='ltr'><strong>similitudinem</strong></span> <span class='ocrx_word' id='word_1_47' title='bbox 1738 809 1916 848; x_wconf 91' lang='lat' dir='ltr'><strong>resus-</strong></span> 
     </span>
    </p>
   </div>
   <div class='ocr_carea' id='block_1_6' title="bbox 335 885 1915 958">
    <p class='ocr_par' dir='ltr' id='par_1_6' title="bbox 335 885 1915 958">
     <span class='ocr_line' id='line_1_6' title="bbox 335 885 1915 958; baseline 0.001 -19"><span class='ocrx_word' id='word_1_48' title='bbox 335 885 580 940; x_wconf 92' lang='lat' dir='ltr'><strong>citandos</strong></span> <span class='ocrx_word' id='word_1_49' title='bbox 609 901 728 941; x_wconf 90' lang='lat' dir='ltr'><strong>esse</strong></span> <span class='ocrx_word' id='word_1_50' title='bbox 759 899 790 941; x_wconf 89' lang='lat' dir='ltr'><strong>a</strong></span> <span class='ocrx_word' id='word_1_51' title='bbox 819 887 1064 943; x_wconf 86' lang='lat' dir='ltr'><strong>mortuis.</strong></span> <span class='ocrx_word' id='word_1_52' title='bbox 1097 887 1164 941; x_wconf 89' lang='lat' dir='ltr'><strong>Et</strong></span> <span class='ocrx_word' id='word_1_53' title='bbox 1188 896 1457 958; x_wconf 89' lang='lat' dir='ltr'><strong>quatenus</strong></span> <span class='ocrx_word' id='word_1_54' title='bbox 1487 887 1540 943; x_wconf 89' lang='lat' dir='ltr'><strong>id</strong></span> <span class='ocrx_word' id='word_1_55' title='bbox 1578 888 1690 954; x_wconf 91' lang='lat' dir='ltr'><strong>ﬁat,</strong></span> <span class='ocrx_word' id='word_1_56' title='bbox 1741 895 1915 941; x_wconf 85' lang='lat' dir='ltr'><strong>osten-</strong></span> 
     </span>
    </p>
   </div>
   <div class='ocr_carea' id='block_1_7' title="bbox 336 977 1914 1050">
    <p class='ocr_par' dir='ltr' id='par_1_7' title="bbox 336 977 1914 1050">
     <span class='ocr_line' id='line_1_7' title="bbox 336 977 1914 1050; baseline 0.003 -19"><span class='ocrx_word' id='word_1_57' title='bbox 336 977 444 1042; x_wconf 88' lang='lat' dir='ltr'><strong>dit;</strong></span> <span class='ocrx_word' id='word_1_58' title='bbox 505 977 640 1032; x_wconf 85' lang='lat' dir='ltr'><strong>dicit</strong></span> <span class='ocrx_word' id='word_1_59' title='bbox 695 978 838 1032; x_wconf 89' lang='lat' dir='ltr'><strong>enim</strong></span> <span class='ocrx_word' id='word_1_60' title='bbox 892 996 904 1032; x_wconf 89' lang='lat'><strong>:</strong></span> <span class='ocrx_word' id='word_1_61' title='bbox 956 977 1178 1049; x_wconf 84' lang='lat' dir='ltr'><strong>Propter</strong></span> <span class='ocrx_word' id='word_1_62' title='bbox 1241 980 1617 1033; x_wconf 84' lang='lat' dir='ltr'><strong>inhabitantem</strong></span> <span class='ocrx_word' id='word_1_63' title='bbox 1674 980 1914 1050; x_wconf 80' lang='lat' dir='ltr'><strong>spiritum</strong></span> 
     </span>
    </p>
   </div>
   <div class='ocr_carea' id='block_1_8' title="bbox 333 1067 1914 1141">
    <p class='ocr_par' dir='ltr' id='par_1_8' title="bbox 333 1067 1914 1141">
     <span class='ocr_line' id='line_1_8' title="bbox 333 1067 1914 1141; baseline 0.004 -21"><span class='ocrx_word' id='word_1_64' title='bbox 333 1068 448 1138; x_wconf 86' lang='lat' dir='ltr'><strong>ejus</strong></span> <span class='ocrx_word' id='word_1_65' title='bbox 476 1069 531 1121; x_wconf 88' lang='lat' dir='ltr'><strong>in</strong></span> <span class='ocrx_word' id='word_1_66' title='bbox 567 1067 728 1121; x_wconf 84' lang='lat' dir='ltr'><strong>vobis.</strong></span> <span class='ocrx_word' id='word_1_67' title='bbox 763 1067 1139 1139; x_wconf 87' lang='lat' dir='ltr'><strong>Unusquisque</strong></span> <span class='ocrx_word' id='word_1_68' title='bbox 1178 1070 1256 1125; x_wconf 93' lang='lat' dir='ltr'><strong>sic</strong></span> <span class='ocrx_word' id='word_1_69' title='bbox 1276 1070 1475 1126; x_wconf 88' lang='lat' dir='ltr'><strong>habere</strong></span> <span class='ocrx_word' id='word_1_70' title='bbox 1500 1071 1554 1125; x_wconf 93' lang='lat' dir='ltr'><strong>in</strong></span> <span class='ocrx_word' id='word_1_71' title='bbox 1581 1086 1639 1126; x_wconf 91' lang='lat' dir='ltr'><strong>se</strong></span> <span class='ocrx_word' id='word_1_72' title='bbox 1665 1071 1914 1141; x_wconf 89' lang='lat' dir='ltr'><strong>spiritum</strong></span> 
     </span>
    </p>
   </div>
   <div class='ocr_carea' id='block_1_9' title="bbox 333 1155 1911 1232">
    <p class='ocr_par' dir='ltr' id='par_1_9' title="bbox 333 1155 1911 1232">
     <span class='ocr_line' id='line_1_9' title="bbox 333 1155 1911 1232; baseline 0.004 -21"><span class='ocrx_word' id='word_1_73' title='bbox 333 1155 534 1212; x_wconf 88' lang='lat' dir='ltr'><strong>Christi</strong></span> <span class='ocrx_word' id='word_1_74' title='bbox 559 1159 835 1228; x_wconf 87' lang='lat' dir='ltr'><strong>probatur.</strong></span> <span class='ocrx_word' id='word_1_75' title='bbox 889 1158 1136 1215; x_wconf 85' lang='lat' dir='ltr'><strong>Christus</strong></span> <span class='ocrx_word' id='word_1_76' title='bbox 1166 1161 1429 1232; x_wconf 85' lang='lat' dir='ltr'><strong>sapientia</strong></span> <span class='ocrx_word' id='word_1_77' title='bbox 1475 1169 1555 1216; x_wconf 89' lang='lat' dir='ltr'><strong>cst</strong></span> <span class='ocrx_word' id='word_1_78' title='bbox 1586 1180 1598 1214; x_wconf 94' lang='lat'><strong>:</strong></span> <span class='ocrx_word' id='word_1_79' title='bbox 1642 1162 1688 1216; x_wconf 88' lang='lat' dir='ltr'><strong>si</strong></span> <span class='ocrx_word' id='word_1_80' title='bbox 1723 1162 1795 1216; x_wconf 91' lang='lat' dir='ltr'><strong>sit</strong></span> <span class='ocrx_word' id='word_1_81' title='bbox 1822 1177 1911 1218; x_wconf 92' lang='lat' dir='ltr'><strong>sa-</strong></span> 
     </span>
    </p>
   </div>
   <div class='ocr_carea' id='block_1_10' title="bbox 331 1247 1908 1324">
    <p class='ocr_par' dir='ltr' id='par_1_10' title="bbox 331 1247 1908 1324">
     <span class='ocr_line' id='line_1_10' title="bbox 331 1247 1908 1324; baseline 0.004 -22"><span class='ocrx_word' id='word_1_82' title='bbox 331 1247 488 1319; x_wconf 87' lang='lat' dir='ltr'><strong>piens</strong></span> <span class='ocrx_word' id='word_1_83' title='bbox 511 1250 802 1305; x_wconf 91' lang='lat' dir='ltr'><strong>secundum</strong></span> <span class='ocrx_word' id='word_1_84' title='bbox 817 1249 1113 1317; x_wconf 87' lang='lat' dir='ltr'><strong>Christum,</strong></span> <span class='ocrx_word' id='word_1_85' title='bbox 1138 1260 1335 1322; x_wconf 65' lang='lat' dir='ltr'><strong>etquae</strong></span> <span class='ocrx_word' id='word_1_86' title='bbox 1358 1251 1560 1308; x_wconf 86' lang='lat' dir='ltr'><strong>Christi</strong></span> <span class='ocrx_word' id='word_1_87' title='bbox 1582 1254 1908 1324; x_wconf 86' lang='lat' dir='ltr'><strong>suntsapiat,</strong></span> 
     </span>
    </p>
   </div>
   <div class='ocr_carea' id='block_1_11' title="bbox 333 1341 1912 1413">
    <p class='ocr_par' dir='ltr' id='par_1_11' title="bbox 333 1341 1912 1413">
     <span class='ocr_line' id='line_1_11' title="bbox 333 1341 1912 1413; baseline 0.003 -17"><span class='ocrx_word' id='word_1_88' title='bbox 333 1341 492 1396; x_wconf 85' lang='lat' dir='ltr'><strong>habet</strong></span> <span class='ocrx_word' id='word_1_89' title='bbox 524 1341 577 1395; x_wconf 93' lang='lat' dir='ltr'><strong>in</strong></span> <span class='ocrx_word' id='word_1_90' title='bbox 601 1357 659 1397; x_wconf 88' lang='lat' dir='ltr'><strong>se</strong></span> <span class='ocrx_word' id='word_1_91' title='bbox 684 1358 782 1412; x_wconf 91' lang='lat' dir='ltr'><strong>per</strong></span> <span class='ocrx_word' id='word_1_92' title='bbox 799 1343 1118 1413; x_wconf 86' lang='lat' dir='ltr'><strong>sapientiam</strong></span> <span class='ocrx_word' id='word_1_93' title='bbox 1144 1343 1391 1413; x_wconf 84' lang='lat' dir='ltr'><strong>spiritum</strong></span> <span class='ocrx_word' id='word_1_94' title='bbox 1419 1342 1639 1399; x_wconf 88' lang='lat' dir='ltr'><strong>Christi.</strong></span> <span class='ocrx_word' id='word_1_95' title='bbox 1665 1343 1912 1400; x_wconf 90' lang='lat' dir='ltr'><strong>Christus</strong></span> 
     </span>
    </p>
   </div>
   <div class='ocr_carea' id='block_1_12' title="bbox 330 1429 1907 1507">
    <p class='ocr_par' dir='ltr' id='par_1_12' title="bbox 330 1429 1907 1507">
     <span class='ocr_line' id='line_1_12' title="bbox 330 1429 1907 1507; baseline 0.002 -20"><span class='ocrx_word' id='word_1_96' title='bbox 330 1441 417 1488; x_wconf 90' lang='lat' dir='ltr'><strong>est</strong></span> <span class='ocrx_word' id='word_1_97' title='bbox 455 1429 698 1502; x_wconf 84' lang='lat' dir='ltr'><strong>justitia:</strong></span> <span class='ocrx_word' id='word_1_98' title='bbox 753 1436 796 1490; x_wconf 89' lang='lat' dir='ltr'><strong>si</strong></span> <span class='ocrx_word' id='word_1_99' title='bbox 825 1436 946 1506; x_wconf 88' lang='lat' dir='ltr'><strong>quis</strong></span> <span class='ocrx_word' id='word_1_100' title='bbox 981 1436 1180 1492; x_wconf 90' lang='lat' dir='ltr'><strong>habeat</strong></span> <span class='ocrx_word' id='word_1_101' title='bbox 1208 1437 1261 1491; x_wconf 92' lang='lat' dir='ltr'><strong>in</strong></span> <span class='ocrx_word' id='word_1_102' title='bbox 1293 1452 1351 1492; x_wconf 90' lang='lat' dir='ltr'><strong>se</strong></span> <span class='ocrx_word' id='word_1_103' title='bbox 1384 1436 1650 1507; x_wconf 86' lang='lat' dir='ltr'><strong>justitiam</strong></span> <span class='ocrx_word' id='word_1_104' title='bbox 1686 1436 1907 1503; x_wconf 89' lang='lat' dir='ltr'><strong>Christi,</strong></span> 
     </span>
    </p>
   </div>
   <div class='ocr_carea' id='block_1_13' title="bbox 329 1521 1910 1597">
    <p class='ocr_par' dir='ltr' id='par_1_13' title="bbox 329 1521 1910 1597">
     <span class='ocr_line' id='line_1_13' title="bbox 329 1521 1910 1597; baseline 0.004 -20"><span class='ocrx_word' id='word_1_105' title='bbox 329 1539 429 1595; x_wconf 88' lang='lat' dir='ltr'><strong>per</strong></span> <span class='ocrx_word' id='word_1_106' title='bbox 443 1521 711 1594; x_wconf 85' lang='lat' dir='ltr'><strong>justitiam</strong></span> <span class='ocrx_word' id='word_1_107' title='bbox 739 1524 904 1582; x_wconf 86' lang='lat' dir='ltr'><strong>habet</strong></span> <span class='ocrx_word' id='word_1_108' title='bbox 929 1525 985 1580; x_wconf 92' lang='lat' dir='ltr'><strong>in</strong></span> <span class='ocrx_word' id='word_1_109' title='bbox 1014 1541 1072 1581; x_wconf 86' lang='lat' dir='ltr'><strong>se</strong></span> <span class='ocrx_word' id='word_1_110' title='bbox 1117 1527 1369 1597; x_wconf 90' lang='lat' dir='ltr'><strong>spiritum</strong></span> <span class='ocrx_word' id='word_1_111' title='bbox 1402 1526 1622 1582; x_wconf 88' lang='lat' dir='ltr'><strong>Christi.</strong></span> <span class='ocrx_word' id='word_1_112' title='bbox 1663 1527 1910 1583; x_wconf 90' lang='lat' dir='ltr'><strong>Christus</strong></span> 
     </span>
    </p>
   </div>
   <div class='ocr_carea' id='block_1_14' title="bbox 330 1618 1910 1691">
    <p class='ocr_par' dir='ltr' id='par_1_14' title="bbox 330 1618 1910 1691">
     <span class='ocr_line' id='line_1_14' title="bbox 330 1618 1910 1691; baseline 0.003 -22"><span class='ocrx_word' id='word_1_113' title='bbox 330 1632 436 1688; x_wconf 82' lang='lat' dir='ltr'><strong>pax</strong></span> <span class='ocrx_word' id='word_1_114' title='bbox 464 1629 546 1672; x_wconf 88' lang='lat' dir='ltr'><strong>est</strong></span> <span class='ocrx_word' id='word_1_115' title='bbox 577 1635 591 1671; x_wconf 87' lang='lat'><strong>:</strong></span> <span class='ocrx_word' id='word_1_116' title='bbox 625 1618 669 1673; x_wconf 92' lang='lat' dir='ltr'><strong>si</strong></span> <span class='ocrx_word' id='word_1_117' title='bbox 695 1618 816 1688; x_wconf 89' lang='lat' dir='ltr'><strong>quis</strong></span> <span class='ocrx_word' id='word_1_118' title='bbox 859 1619 1061 1674; x_wconf 89' lang='lat' dir='ltr'><strong>habeat</strong></span> <span class='ocrx_word' id='word_1_119' title='bbox 1091 1619 1146 1674; x_wconf 90' lang='lat' dir='ltr'><strong>in</strong></span> <span class='ocrx_word' id='word_1_120' title='bbox 1174 1635 1233 1676; x_wconf 92' lang='lat' dir='ltr'><strong>se</strong></span> <span class='ocrx_word' id='word_1_121' title='bbox 1276 1635 1466 1691; x_wconf 88' lang='lat' dir='ltr'><strong>pacem</strong></span> <span class='ocrx_word' id='word_1_122' title='bbox 1521 1621 1722 1676; x_wconf 87' lang='lat' dir='ltr'><strong>Christi</strong></span> <span class='ocrx_word' id='word_1_123' title='bbox 1753 1662 1767 1687; x_wconf 99' lang='lat'><strong>,</strong></span> <span class='ocrx_word' id='word_1_124' title='bbox 1811 1635 1910 1691; x_wconf 90' lang='lat' dir='ltr'><strong>per</strong></span> 
     </span>
    </p>
   </div>
   <div class='ocr_carea' id='block_1_15' title="bbox 330 1707 1910 1782">
    <p class='ocr_par' dir='ltr' id='par_1_15' title="bbox 330 1707 1910 1782">
     <span class='ocr_line' id='line_1_15' title="bbox 330 1707 1910 1782; baseline 0.003 -20"><span class='ocrx_word' id='word_1_125' title='bbox 330 1707 580 1778; x_wconf 85' lang='lat' dir='ltr'><strong>spiritum</strong></span> <span class='ocrx_word' id='word_1_126' title='bbox 605 1708 757 1779; x_wconf 89' lang='lat' dir='ltr'><strong>pacis</strong></span> <span class='ocrx_word' id='word_1_127' title='bbox 802 1710 964 1765; x_wconf 85' lang='lat' dir='ltr'><strong>habet</strong></span> <span class='ocrx_word' id='word_1_128' title='bbox 1013 1710 1154 1766; x_wconf 89' lang='lat' dir='ltr'><strong>inse</strong></span> <span class='ocrx_word' id='word_1_129' title='bbox 1202 1711 1450 1782; x_wconf 86' lang='lat' dir='ltr'><strong>spiritum</strong></span> <span class='ocrx_word' id='word_1_130' title='bbox 1482 1710 1701 1768; x_wconf 88' lang='lat' dir='ltr'><strong>Christi.</strong></span> <span class='ocrx_word' id='word_1_131' title='bbox 1738 1711 1829 1766; x_wconf 92' lang='lat' dir='ltr'><strong>Sic</strong></span> <span class='ocrx_word' id='word_1_132' title='bbox 1854 1720 1910 1767; x_wconf 94' lang='lat' dir='ltr'><strong>et</strong></span> 
     </span>
    </p>
   </div>
   <div class='ocr_carea' id='block_1_16' title="bbox 329 1799 1907 1872">
    <p class='ocr_par' dir='ltr' id='par_1_16' title="bbox 329 1799 1907 1872">
     <span class='ocr_line' id='line_1_16' title="bbox 329 1799 1907 1872; baseline 0.001 -18"><span class='ocrx_word' id='word_1_133' title='bbox 329 1799 675 1868; x_wconf 88' lang='lat' dir='ltr'><strong>cbaritatem,</strong></span> <span class='ocrx_word' id='word_1_134' title='bbox 720 1801 800 1856; x_wconf 90' lang='lat' dir='ltr'><strong>sic</strong></span> <span class='ocrx_word' id='word_1_135' title='bbox 837 1808 893 1857; x_wconf 91' lang='lat' dir='ltr'><strong>et</strong></span> <span class='ocrx_word' id='word_1_136' title='bbox 919 1801 1402 1857; x_wconf 89' lang='lat' dir='ltr'><strong>sanctiﬁcationem</strong></span> <span class='ocrx_word' id='word_1_137' title='bbox 1429 1844 1445 1869; x_wconf 96' lang='lat'><strong>,</strong></span> <span class='ocrx_word' id='word_1_138' title='bbox 1501 1802 1578 1858; x_wconf 90' lang='lat' dir='ltr'><strong>sic</strong></span> <span class='ocrx_word' id='word_1_139' title='bbox 1608 1811 1662 1858; x_wconf 91' lang='lat' dir='ltr'><strong>et</strong></span> <span class='ocrx_word' id='word_1_140' title='bbox 1697 1801 1907 1872; x_wconf 83' lang='lat' dir='ltr'><strong>singula</strong></span> 
     </span>
    </p>
   </div>
   <div class='ocr_carea' id='block_1_17' title="bbox 2020 611 3591 689">
    <p class='ocr_par' dir='ltr' id='par_1_17' title="bbox 2020 611 3591 689">
     <span class='ocr_line' id='line_1_17' title="bbox 2020 611 3591 689; baseline 0.009 -24"><span class='ocrx_word' id='word_1_141' title='bbox 2020 611 2166 666; x_wconf 90' lang='lat' dir='ltr'><strong>dium</strong></span> <span class='ocrx_word' id='word_1_142' title='bbox 2196 613 2442 668; x_wconf 86' lang='lat' dir='ltr'><strong>similiter</strong></span> <span class='ocrx_word' id='word_1_143' title='bbox 2471 613 2678 671; x_wconf 89' lang='lat' dir='ltr'><strong>fructus</strong></span> <span class='ocrx_word' id='word_1_144' title='bbox 2693 624 2778 672; x_wconf 90' lang='lat' dir='ltr'><strong>est</strong></span> <span class='ocrx_word' id='word_1_145' title='bbox 2811 617 3064 689; x_wconf 88' lang='lat' dir='ltr'><strong>spiritus;</strong></span> <span class='ocrx_word' id='word_1_146' title='bbox 3090 621 3308 677; x_wconf 91' lang='lat' dir='ltr'><strong>tristitia</strong></span> <span class='ocrx_word' id='word_1_147' title='bbox 3333 636 3464 681; x_wconf 86' lang='lat' dir='ltr'><strong>vero</strong></span> <span class='ocrx_word' id='word_1_148' title='bbox 3485 623 3591 679; x_wconf 81' lang='lat' dir='ltr'><strong>hu-</strong></span> 
     </span>
    </p>
   </div>
   <div class='ocr_carea' id='block_1_18' title="bbox 2011 697 3589 779">
    <p class='ocr_par' dir='ltr' id='par_1_18' title="bbox 2011 697 3589 779">
     <span class='ocr_line' id='line_1_18' title="bbox 2011 697 3589 779; baseline 0.013 -27"><span class='ocrx_word' id='word_1_149' title='bbox 2011 697 2103 768; x_wconf 88' lang='lat' dir='ltr'><strong>jus</strong></span> <span class='ocrx_word' id='word_1_150' title='bbox 2129 703 2333 770; x_wconf 84' lang='lat' dir='ltr'><strong>saeculi,</strong></span> <span class='ocrx_word' id='word_1_151' title='bbox 2368 719 2488 774; x_wconf 85' lang='lat' dir='ltr'><strong>quae</strong></span> <span class='ocrx_word' id='word_1_152' title='bbox 2517 714 2748 762; x_wconf 87' lang='lat' dir='ltr'><strong>mortem</strong></span> <span class='ocrx_word' id='word_1_153' title='bbox 2780 718 3059 779; x_wconf 87' lang='lat' dir='ltr'><strong>operatur,</strong></span> <span class='ocrx_word' id='word_1_154' title='bbox 3091 713 3273 767; x_wconf 88' lang='lat' dir='ltr'><strong>carnis</strong></span> <span class='ocrx_word' id='word_1_155' title='bbox 3288 720 3371 768; x_wconf 87' lang='lat' dir='ltr'><strong>est</strong></span> <span class='ocrx_word' id='word_1_156' title='bbox 3395 721 3589 771; x_wconf 84' lang='lat' dir='ltr'><strong>actus:</strong></span> 
     </span>
    </p>
   </div>
   <div class='ocr_carea' id='block_1_19' title="bbox 2019 788 3598 873">
    <p class='ocr_par' dir='ltr' id='par_1_19' title="bbox 2019 788 3598 873">
     <span class='ocr_line' id='line_1_19' title="bbox 2019 788 3598 873; baseline 0.01 -32"><span class='ocrx_word' id='word_1_157' title='bbox 2019 788 2135 844; x_wconf 58' lang='lat' dir='ltr'><strong>haec</strong></span> <span class='ocrx_word' id='word_1_158' title='bbox 2169 805 2299 860; x_wconf 77' lang='lat' dir='ltr'><strong>ergo</strong></span> <span class='ocrx_word' id='word_1_159' title='bbox 2324 795 2702 865; x_wconf 81' lang='lat' dir='ltr'><strong>exstinguitur,</strong></span> <span class='ocrx_word' id='word_1_160' title='bbox 2745 797 2790 852; x_wconf 93' lang='lat' dir='ltr'><strong>si</strong></span> <span class='ocrx_word' id='word_1_161' title='bbox 2831 798 2902 852; x_wconf 89' lang='lat' dir='ltr'><strong>sit</strong></span> <span class='ocrx_word' id='word_1_162' title='bbox 2935 799 2990 852; x_wconf 92' lang='lat' dir='ltr'><strong>in</strong></span> <span class='ocrx_word' id='word_1_163' title='bbox 3023 800 3179 854; x_wconf 90' lang='lat' dir='ltr'><strong>nobis</strong></span> <span class='ocrx_word' id='word_1_164' title='bbox 3203 802 3455 872; x_wconf 81' lang='lat' dir='ltr'><strong>gaudium</strong></span> <span class='ocrx_word' id='word_1_165' title='bbox 3484 803 3598 873; x_wconf 90' lang='lat' dir='ltr'><strong>spi-</strong></span> 
     </span>
    </p>
   </div>
   <div class='ocr_carea' id='block_1_20' title="bbox 2017 880 3599 956">
    <p class='ocr_par' dir='ltr' id='par_1_20' title="bbox 2017 880 3599 956">
     <span class='ocr_line' id='line_1_20' title="bbox 2017 880 3599 956; baseline 0.008 -22"><span class='ocrx_word' id='word_1_166' title='bbox 2017 880 2173 934; x_wconf 89' lang='lat' dir='ltr'><strong>ritus.</strong></span> <span class='ocrx_word' id='word_1_167' title='bbox 2205 880 2314 936; x_wconf 85' lang='lat' dir='ltr'><strong>Pax</strong></span> <span class='ocrx_word' id='word_1_168' title='bbox 2345 882 2552 940; x_wconf 86' lang='lat' dir='ltr'><strong>fructus</strong></span> <span class='ocrx_word' id='word_1_169' title='bbox 2578 892 2662 941; x_wconf 89' lang='lat' dir='ltr'><strong>est</strong></span> <span class='ocrx_word' id='word_1_170' title='bbox 2697 887 2951 956; x_wconf 85' lang='lat' dir='ltr'><strong>spiritus;</strong></span> <span class='ocrx_word' id='word_1_171' title='bbox 2996 889 3262 946; x_wconf 90' lang='lat' dir='ltr'><strong>dissensio</strong></span> <span class='ocrx_word' id='word_1_172' title='bbox 3301 901 3356 947; x_wconf 93' lang='lat' dir='ltr'><strong>et</strong></span> <span class='ocrx_word' id='word_1_173' title='bbox 3387 892 3599 948; x_wconf 77' lang='lat' dir='ltr'><strong>discor-</strong></span> 
     </span>
    </p>
   </div>
   <div class='ocr_carea' id='block_1_21' title="bbox 2018 969 3596 1038">
    <p class='ocr_par' dir='ltr' id='par_1_21' title="bbox 2018 969 3596 1038">
     <span class='ocr_line' id='line_1_21' title="bbox 2018 969 3596 1038; baseline 0.01 -14"><span class='ocrx_word' id='word_1_174' title='bbox 2018 969 2129 1035; x_wconf 88' lang='lat' dir='ltr'><strong>dia,</strong></span> <span class='ocrx_word' id='word_1_175' title='bbox 2158 972 2340 1027; x_wconf 87' lang='lat' dir='ltr'><strong>earnis</strong></span> <span class='ocrx_word' id='word_1_176' title='bbox 2369 982 2452 1028; x_wconf 88' lang='lat' dir='ltr'><strong>est</strong></span> <span class='ocrx_word' id='word_1_177' title='bbox 2477 993 2489 1028; x_wconf 90' lang='lat'>:</span> <span class='ocrx_word' id='word_1_178' title='bbox 2520 977 2614 1031; x_wconf 89' lang='lat' dir='ltr'><strong>sed</strong></span> <span class='ocrx_word' id='word_1_179' title='bbox 2644 985 2850 1033; x_wconf 90' lang='lat' dir='ltr'><strong>certum</strong></span> <span class='ocrx_word' id='word_1_180' title='bbox 2893 987 2976 1035; x_wconf 92' lang='lat' dir='ltr'><strong>est</strong></span> <span class='ocrx_word' id='word_1_181' title='bbox 3014 981 3338 1037; x_wconf 84' lang='lat' dir='ltr'><strong>discordiam</strong></span> <span class='ocrx_word' id='word_1_182' title='bbox 3365 984 3596 1038; x_wconf 91' lang='lat' dir='ltr'><strong>mortiﬁ-</strong></span> 
     </span>
    </p>
   </div>
   <div class='ocr_carea' id='block_1_22' title="bbox 2018 1061 3595 1134">
    <p class='ocr_par' dir='ltr' id='par_1_22' title="bbox 2018 1061 3595 1134">
     <span class='ocr_line' id='line_1_22' title="bbox 2018 1061 3595 1134; baseline 0.01 -21"><span class='ocrx_word' id='word_1_183' title='bbox 2018 1061 2131 1115; x_wconf 88' lang='lat' dir='ltr'><strong>cari</strong></span> <span class='ocrx_word' id='word_1_184' title='bbox 2160 1077 2318 1132; x_wconf 87' lang='lat' dir='ltr'><strong>posse</strong></span> <span class='ocrx_word' id='word_1_185' title='bbox 2363 1078 2461 1133; x_wconf 90' lang='lat' dir='ltr'><strong>per</strong></span> <span class='ocrx_word' id='word_1_186' title='bbox 2501 1073 2724 1134; x_wconf 87' lang='lat' dir='ltr'><strong>pacem;</strong></span> <span class='ocrx_word' id='word_1_187' title='bbox 2756 1069 2851 1123; x_wconf 90' lang='lat' dir='ltr'><strong>sed</strong></span> <span class='ocrx_word' id='word_1_188' title='bbox 2887 1078 2943 1124; x_wconf 91' lang='lat' dir='ltr'><strong>et</strong></span> <span class='ocrx_word' id='word_1_189' title='bbox 2969 1080 3166 1127; x_wconf 70' lang='lat' dir='ltr'><strong>caetera</strong></span> <span class='ocrx_word' id='word_1_190' title='bbox 3200 1072 3334 1127; x_wconf 87' lang='lat' dir='ltr'><strong>vitia</strong></span> <span class='ocrx_word' id='word_1_191' title='bbox 3381 1073 3595 1128; x_wconf 76' lang='lat' dir='ltr'><strong>caeteris</strong></span> 
     </span>
    </p>
   </div>
   <div class='ocr_carea' id='block_1_23' title="bbox 2015 1151 3599 1236">
    <p class='ocr_par' dir='ltr' id='par_1_23' title="bbox 2015 1151 3599 1236">
     <span class='ocr_line' id='line_1_23' title="bbox 2015 1151 3599 1236; baseline 0.008 -30"><span class='ocrx_word' id='word_1_192' title='bbox 2015 1151 2309 1207; x_wconf 83' lang='lat' dir='ltr'><strong>virtutibus</strong></span> <span class='ocrx_word' id='word_1_193' title='bbox 2385 1156 2802 1214; x_wconf 90' lang='lat' dir='ltr'><strong>mortiﬁcantur.</strong></span> <span class='ocrx_word' id='word_1_194' title='bbox 2861 1159 3166 1234; x_wconf 83' lang='lat' dir='ltr'><strong>Quicunque</strong></span> <span class='ocrx_word' id='word_1_195' title='bbox 3218 1167 3355 1218; x_wconf 89' lang='lat' dir='ltr'><strong>enim</strong></span> <span class='ocrx_word' id='word_1_196' title='bbox 3405 1166 3599 1236; x_wconf 82' lang='lat' dir='ltr'><strong>spiritu</strong></span> 
     </span>
    </p>
   </div>
   <div class='ocr_carea' id='block_1_24' title="bbox 2015 1241 3597 1326">
    <p class='ocr_par' dir='ltr' id='par_1_24' title="bbox 2015 1241 3597 1326">
     <span class='ocr_line' id='line_1_24' title="bbox 2015 1241 3597 1326; baseline 0.011 -31"><span class='ocrx_word' id='word_1_197' title='bbox 2015 1241 2114 1296; x_wconf 87' lang='lat' dir='ltr'><strong>Dei</strong></span> <span class='ocrx_word' id='word_1_198' title='bbox 2143 1252 2392 1314; x_wconf 83' lang='lat' dir='ltr'><strong>aguntur,</strong></span> <span class='ocrx_word' id='word_1_199' title='bbox 2417 1243 2471 1298; x_wconf 89' lang='lat' dir='ltr'><strong>hi</strong></span> <span class='ocrx_word' id='word_1_200' title='bbox 2515 1247 2615 1316; x_wconf 90' lang='lat' dir='ltr'><strong>ﬁlii</strong></span> <span class='ocrx_word' id='word_1_201' title='bbox 2662 1259 2786 1304; x_wconf 88' lang='lat' dir='ltr'><strong>sunt</strong></span> <span class='ocrx_word' id='word_1_202' title='bbox 2811 1251 2932 1306; x_wconf 87' lang='lat' dir='ltr'><strong>Dei.</strong></span> <span class='ocrx_word' id='word_1_203' title='bbox 2964 1252 3074 1308; x_wconf 80' lang='lat' dir='ltr'><strong>Hos</strong></span> <span class='ocrx_word' id='word_1_204' title='bbox 3102 1255 3232 1310; x_wconf 92' lang='lat' dir='ltr'><strong>dicit</strong></span> <span class='ocrx_word' id='word_1_205' title='bbox 3279 1256 3472 1326; x_wconf 90' lang='lat' dir='ltr'><strong>spiritu</strong></span> <span class='ocrx_word' id='word_1_206' title='bbox 3499 1257 3597 1312; x_wconf 89' lang='lat' dir='ltr'><strong>Dei</strong></span> 
     </span>
    </p>
   </div>
   <div class='ocr_carea' id='block_1_25' title="bbox 2016 1335 3598 1418">
    <p class='ocr_par' dir='ltr' id='par_1_25' title="bbox 2016 1335 3598 1418">
     <span class='ocr_line' id='line_1_25' title="bbox 2016 1335 3598 1418; baseline 0.01 -30"><span class='ocrx_word' id='word_1_207' title='bbox 2016 1335 2123 1404; x_wconf 87' lang='lat' dir='ltr'><strong>agi,</strong></span> <span class='ocrx_word' id='word_1_208' title='bbox 2169 1335 2222 1390; x_wconf 93' lang='lat' dir='ltr'><strong>in</strong></span> <span class='ocrx_word' id='word_1_209' title='bbox 2248 1351 2476 1406; x_wconf 87' lang='lat' dir='ltr'><strong>quorum</strong></span> <span class='ocrx_word' id='word_1_210' title='bbox 2519 1339 2729 1395; x_wconf 89' lang='lat' dir='ltr'><strong>actibus</strong></span> <span class='ocrx_word' id='word_1_211' title='bbox 2757 1344 2980 1399; x_wconf 91' lang='lat' dir='ltr'><strong>consilia</strong></span> <span class='ocrx_word' id='word_1_212' title='bbox 3011 1347 3316 1417; x_wconf 88' lang='lat' dir='ltr'><strong>principum</strong></span> <span class='ocrx_word' id='word_1_213' title='bbox 3353 1356 3410 1404; x_wconf 91' lang='lat' dir='ltr'><strong>et</strong></span> <span class='ocrx_word' id='word_1_214' title='bbox 3440 1355 3598 1418; x_wconf 85' lang='lat' dir='ltr'><strong>pote-</strong></span> 
     </span>
    </p>
   </div>
   <div class='ocr_carea' id='block_1_26' title="bbox 2015 1425 3598 1507">
    <p class='ocr_par' dir='ltr' id='par_1_26' title="bbox 2015 1425 3598 1507">
     <span class='ocr_line' id='line_1_26' title="bbox 2015 1425 3598 1507; baseline 0.009 -27"><span class='ocrx_word' id='word_1_215' title='bbox 2015 1433 2219 1480; x_wconf 88' lang='lat' dir='ltr'><strong>statum</strong></span> <span class='ocrx_word' id='word_1_216' title='bbox 2247 1425 2408 1499; x_wconf 89' lang='lat' dir='ltr'><strong>hujus</strong></span> <span class='ocrx_word' id='word_1_217' title='bbox 2435 1430 2619 1485; x_wconf 90' lang='lat' dir='ltr'><strong>mundi</strong></span> <span class='ocrx_word' id='word_1_218' title='bbox 2645 1446 2752 1486; x_wconf 88' lang='lat' dir='ltr'><strong>non</strong></span> <span class='ocrx_word' id='word_1_219' title='bbox 2781 1434 3032 1489; x_wconf 89' lang='lat' dir='ltr'><strong>videntur</strong></span> <span class='ocrx_word' id='word_1_220' title='bbox 3058 1455 3069 1490; x_wconf 89' lang='lat'><strong>:</strong></span> <span class='ocrx_word' id='word_1_221' title='bbox 3110 1437 3165 1491; x_wconf 92' lang='lat' dir='ltr'><strong>in</strong></span> <span class='ocrx_word' id='word_1_222' title='bbox 3195 1453 3424 1507; x_wconf 91' lang='lat' dir='ltr'><strong>quorum</strong></span> <span class='ocrx_word' id='word_1_223' title='bbox 3450 1439 3598 1494; x_wconf 87' lang='lat' dir='ltr'><strong>enim</strong></span> 
     </span>
    </p>
   </div>
   <div class='ocr_carea' id='block_1_27' title="bbox 2014 1515 3200 1586">
    <p class='ocr_par' dir='ltr' id='par_1_27' title="bbox 2014 1515 3200 1586">
     <span class='ocr_line' id='line_1_27' title="bbox 2014 1515 3200 1586; baseline 0.009 -17"><span class='ocrx_word' id='word_1_224' title='bbox 2014 1515 2283 1584; x_wconf 89' lang='lat' dir='ltr'><strong>videntur,</strong></span> <span class='ocrx_word' id='word_1_225' title='bbox 2311 1532 2416 1572; x_wconf 89' lang='lat' dir='ltr'><strong>non</strong></span> <span class='ocrx_word' id='word_1_226' title='bbox 2443 1527 2569 1573; x_wconf 90' lang='lat' dir='ltr'><strong>sunt</strong></span> <span class='ocrx_word' id='word_1_227' title='bbox 2596 1519 2693 1575; x_wconf 89' lang='lat' dir='ltr'><strong>ﬁlii</strong></span> <span class='ocrx_word' id='word_1_228' title='bbox 2719 1520 2838 1586; x_wconf 87' lang='lat' dir='ltr'><strong>Dei,</strong></span> <span class='ocrx_word' id='word_1_229' title='bbox 2870 1524 2963 1578; x_wconf 91' lang='lat' dir='ltr'><strong>sed</strong></span> <span class='ocrx_word' id='word_1_230' title='bbox 2989 1524 3200 1581; x_wconf 85' lang='lat' dir='ltr'><strong>Zabuli.</strong></span> 
     </span>
    </p>
   </div>
   <div class='ocr_carea' id='block_1_28' title="bbox 2086 1611 3602 1686">
    <p class='ocr_par' dir='ltr' id='par_1_28' title="bbox 2086 1611 3602 1686">
     <span class='ocr_line' id='line_1_28' title="bbox 2086 1611 3602 1686; baseline 0.009 -22"><span class='ocrx_word' id='word_1_231' title='bbox 2086 1611 2211 1665; x_wconf 90' lang='lat' dir='ltr'><strong>Non</strong></span> <span class='ocrx_word' id='word_1_232' title='bbox 2237 1612 2376 1666; x_wconf 84' lang='lat' dir='ltr'><strong>enim</strong></span> <span class='ocrx_word' id='word_1_233' title='bbox 2403 1613 2675 1682; x_wconf 84' lang='lat' dir='ltr'><strong>accepistis</strong></span> <span class='ocrx_word' id='word_1_234' title='bbox 2713 1615 2957 1686; x_wconf 84' lang='lat' dir='ltr'><strong>spiritum</strong></span> <span class='ocrx_word' id='word_1_235' title='bbox 3001 1619 3264 1674; x_wconf 81' lang='lat' dir='ltr'><strong>servitutis</strong></span> <span class='ocrx_word' id='word_1_236' title='bbox 3307 1621 3499 1675; x_wconf 87' lang='lat' dir='ltr'><strong>iterum</strong></span> <span class='ocrx_word' id='word_1_237' title='bbox 3541 1622 3602 1676; x_wconf 84' lang='lat' dir='ltr'><strong>in</strong></span> 
     </span>
    </p>
   </div>
   <div class='ocr_carea' id='block_1_29' title="bbox 2012 1701 3603 1780">
    <p class='ocr_par' dir='ltr' id='par_1_29' title="bbox 2012 1701 3603 1780">
     <span class='ocr_line' id='line_1_29' title="bbox 2012 1701 3603 1780; baseline 0.008 -24"><span class='ocrx_word' id='word_1_238' title='bbox 2012 1703 2215 1757; x_wconf 84' lang='lat' dir='ltr'><strong>timore.</strong></span> <span class='ocrx_word' id='word_1_239' title='bbox 2245 1701 2418 1758; x_wconf 77' lang='lat' dir='ltr'><strong>Judaei</strong></span> <span class='ocrx_word' id='word_1_240' title='bbox 2462 1707 3070 1780; x_wconf 63' lang='lat' dir='ltr'><strong>acceperunt,spiritum</strong></span> <span class='ocrx_word' id='word_1_241' title='bbox 3103 1711 3195 1778; x_wconf 91' lang='lat' dir='ltr'><strong>qui</strong></span> <span class='ocrx_word' id='word_1_242' title='bbox 3235 1711 3356 1767; x_wconf 90' lang='lat' dir='ltr'><strong>illos</strong></span> <span class='ocrx_word' id='word_1_243' title='bbox 3384 1713 3454 1767; x_wconf 89' lang='lat' dir='ltr'><strong>ad</strong></span> <span class='ocrx_word' id='word_1_244' title='bbox 3486 1728 3603 1768; x_wconf 84' lang='lat' dir='ltr'><strong>ser-</strong></span> 
     </span>
    </p>
   </div>
   <div class='ocr_carea' id='block_1_30' title="bbox 2011 1796 3598 1868">
    <p class='ocr_par' dir='ltr' id='par_1_30' title="bbox 2011 1796 3598 1868">
     <span class='ocr_line' id='line_1_30' title="bbox 2011 1796 3598 1868; baseline 0.007 -18"><span class='ocrx_word' id='word_1_245' title='bbox 2011 1796 2238 1851; x_wconf 86' lang='lat' dir='ltr'><strong>vitutem</strong></span> <span class='ocrx_word' id='word_1_246' title='bbox 2273 1806 2491 1866; x_wconf 85' lang='lat' dir='ltr'><strong>cogeret</strong></span> <span class='ocrx_word' id='word_1_247' title='bbox 2517 1814 2614 1868; x_wconf 91' lang='lat' dir='ltr'><strong>per</strong></span> <span class='ocrx_word' id='word_1_248' title='bbox 2658 1800 2930 1854; x_wconf 90' lang='lat' dir='ltr'><strong>timorem.</strong></span> <span class='ocrx_word' id='word_1_249' title='bbox 2976 1800 3194 1859; x_wconf 89' lang='lat' dir='ltr'><strong>Timere</strong></span> <span class='ocrx_word' id='word_1_250' title='bbox 3226 1805 3370 1858; x_wconf 90' lang='lat' dir='ltr'><strong>enim</strong></span> <span class='ocrx_word' id='word_1_251' title='bbox 3406 1819 3598 1860; x_wconf 90' lang='lat' dir='ltr'><strong>servo-</strong></span> 
     </span>
    </p>
   </div>
   <div class='ocr_carea' id='block_1_31' title="bbox 329 1887 3599 1963">
    <p class='ocr_par' dir='ltr' id='par_1_31' title="bbox 329 1887 3599 1963">
     <span class='ocr_line' id='line_1_31' title="bbox 329 1887 3599 1963; baseline 0 -15"><span class='ocrx_word' id='word_1_252' title='bbox 329 1907 576 1963; x_wconf 72' lang='lat' dir='ltr'><strong>quaeque,</strong></span> <span class='ocrx_word' id='word_1_253' title='bbox 622 1908 742 1963; x_wconf 67' lang='lat' dir='ltr'><strong>qum</strong></span> <span class='ocrx_word' id='word_1_254' title='bbox 767 1893 1014 1948; x_wconf 90' lang='lat' dir='ltr'><strong>Christus</strong></span> <span class='ocrx_word' id='word_1_255' title='bbox 1042 1909 1164 1949; x_wconf 88' lang='lat' dir='ltr'><strong>esse</strong></span> <span class='ocrx_word' id='word_1_256' title='bbox 1193 1895 1460 1958; x_wconf 86' lang='lat' dir='ltr'><strong>dicuntur,</strong></span> <span class='ocrx_word' id='word_1_257' title='bbox 1516 1895 1605 1949; x_wconf 92' lang='lat' dir='ltr'><strong>hic</strong></span> <span class='ocrx_word' id='word_1_258' title='bbox 1629 1894 1720 1963; x_wconf 90' lang='lat' dir='ltr'><strong>qui</strong></span> <span class='ocrx_word' id='word_1_259' title='bbox 1744 1893 1908 1948; x_wconf 89' lang='lat' dir='ltr'><strong>habet</strong></span> <span class='ocrx_word' id='word_1_260' title='bbox 1932 1887 1979 1947; x_wconf 90' lang='lat' dir='ltr'><strong>B</strong></span> <span class='ocrx_word' id='word_1_261' title='bbox 2007 1903 2128 1942; x_wconf 86' lang='lat' dir='ltr'><strong>rum</strong></span> <span class='ocrx_word' id='word_1_262' title='bbox 2150 1896 2263 1954; x_wconf 87' lang='lat' dir='ltr'><strong>est;</strong></span> <span class='ocrx_word' id='word_1_263' title='bbox 2294 1887 2536 1959; x_wconf 87' lang='lat' dir='ltr'><strong>diligere,</strong></span> <span class='ocrx_word' id='word_1_264' title='bbox 2577 1888 2832 1944; x_wconf 91' lang='lat' dir='ltr'><strong>ﬁliorum.</strong></span> <span class='ocrx_word' id='word_1_265' title='bbox 2865 1889 2968 1958; x_wconf 86' lang='lat' dir='ltr'><strong>Qui</strong></span> <span class='ocrx_word' id='word_1_266' title='bbox 2993 1906 3124 1963; x_wconf 88' lang='lat' dir='ltr'><strong>ergo</strong></span> <span class='ocrx_word' id='word_1_267' title='bbox 3158 1907 3322 1962; x_wconf 90' lang='lat' dir='ltr'><strong>opera</strong></span> <span class='ocrx_word' id='word_1_268' title='bbox 3359 1895 3599 1950; x_wconf 87' lang='lat' dir='ltr'><strong>charita-</strong></span> 
     </span>
    </p>
   </div>
   <div class='ocr_carea' id='block_1_32' title="bbox 329 1983 1908 2053">
    <p class='ocr_par' dir='ltr' id='par_1_32' title="bbox 329 1983 1908 2053">
     <span class='ocr_line' id='line_1_32' title="bbox 329 1983 1908 2053; baseline -0.001 -14"><span class='ocrx_word' id='word_1_269' title='bbox 329 1984 578 2053; x_wconf 88' lang='lat' dir='ltr'><strong>spiritum</strong></span> <span class='ocrx_word' id='word_1_270' title='bbox 603 1983 828 2050; x_wconf 88' lang='lat' dir='ltr'><strong>Christi,</strong></span> <span class='ocrx_word' id='word_1_271' title='bbox 862 1985 917 2037; x_wconf 90' lang='lat' dir='ltr'><strong>in</strong></span> <span class='ocrx_word' id='word_1_272' title='bbox 974 1999 1033 2038; x_wconf 92' lang='lat' dir='ltr'><strong>se</strong></span> <span class='ocrx_word' id='word_1_273' title='bbox 1082 1985 1285 2039; x_wconf 90' lang='lat' dir='ltr'><strong>habere</strong></span> <span class='ocrx_word' id='word_1_274' title='bbox 1335 1985 1635 2039; x_wconf 90' lang='lat' dir='ltr'><strong>credendus</strong></span> <span class='ocrx_word' id='word_1_275' title='bbox 1691 1992 1791 2048; x_wconf 89' lang='lat' dir='ltr'><strong>est,</strong></span> <span class='ocrx_word' id='word_1_276' title='bbox 1852 1993 1908 2038; x_wconf 88' lang='lat' dir='ltr'><strong>ct</strong></span> 
     </span>
    </p>
   </div>
   <div class='ocr_carea' id='block_1_33' title="bbox 327 2074 1904 2146">
    <p class='ocr_par' dir='ltr' id='par_1_33' title="bbox 327 2074 1904 2146">
     <span class='ocr_line' id='line_1_33' title="bbox 327 2074 1904 2146; baseline -0.001 -16"><span class='ocrx_word' id='word_1_277' title='bbox 327 2089 550 2146; x_wconf 89' lang='lat' dir='ltr'><strong>sperare</strong></span> <span class='ocrx_word' id='word_1_278' title='bbox 581 2074 726 2146; x_wconf 90' lang='lat' dir='ltr'><strong>quod</strong></span> <span class='ocrx_word' id='word_1_279' title='bbox 775 2074 1056 2144; x_wconf 89' lang='lat' dir='ltr'><strong>corporale</strong></span> <span class='ocrx_word' id='word_1_280' title='bbox 1086 2087 1284 2145; x_wconf 91' lang='lat' dir='ltr'><strong>corpus</strong></span> <span class='ocrx_word' id='word_1_281' title='bbox 1319 2090 1475 2129; x_wconf 91' lang='lat' dir='ltr'><strong>suum</strong></span> <span class='ocrx_word' id='word_1_282' title='bbox 1525 2075 1904 2140; x_wconf 87' lang='lat' dir='ltr'><strong>viviﬁcabitur,</strong></span> 
     </span>
    </p>
   </div>
   <div class='ocr_carea' id='block_1_34' title="bbox 323 2165 1686 2237">
    <p class='ocr_par' dir='ltr' id='par_1_34' title="bbox 323 2165 1686 2237">
     <span class='ocr_line' id='line_1_34' title="bbox 323 2165 1686 2237; baseline -0.001 -16"><span class='ocrx_word' id='word_1_283' title='bbox 323 2175 546 2237; x_wconf 84' lang='lat' dir='ltr'><strong>propter</strong></span> <span class='ocrx_word' id='word_1_284' title='bbox 586 2165 979 2220; x_wconf 88' lang='lat' dir='ltr'><strong>inhabitantem</strong></span> <span class='ocrx_word' id='word_1_285' title='bbox 1008 2165 1061 2218; x_wconf 92' lang='lat' dir='ltr'><strong>in</strong></span> <span class='ocrx_word' id='word_1_286' title='bbox 1097 2181 1154 2220; x_wconf 90' lang='lat' dir='ltr'><strong>se</strong></span> <span class='ocrx_word' id='word_1_287' title='bbox 1183 2166 1436 2236; x_wconf 89' lang='lat' dir='ltr'><strong>spiritum</strong></span> <span class='ocrx_word' id='word_1_288' title='bbox 1461 2165 1686 2222; x_wconf 89' lang='lat' dir='ltr'><strong>Christi.</strong></span> 
     </span>
    </p>
   </div>
   <div class='ocr_carea' id='block_1_35' title="bbox 398 2257 1907 2330">
    <p class='ocr_par' dir='ltr' id='par_1_35' title="bbox 398 2257 1907 2330">
     <span class='ocr_line' id='line_1_35' title="bbox 398 2257 1907 2330; baseline 0.002 -18"><span class='ocrx_word' id='word_1_289' title='bbox 398 2259 471 2312; x_wconf 84' lang='lat' dir='ltr'><strong>Et</strong></span> <span class='ocrx_word' id='word_1_290' title='bbox 499 2257 741 2313; x_wconf 86' lang='lat' dir='ltr'><strong>mortalia</strong></span> <span class='ocrx_word' id='word_1_291' title='bbox 767 2257 1038 2326; x_wconf 84' lang='lat' dir='ltr'><strong>viviﬁcabit</strong></span> <span class='ocrx_word' id='word_1_292' title='bbox 1081 2273 1300 2328; x_wconf 86' lang='lat' dir='ltr'><strong>corpora</strong></span> <span class='ocrx_word' id='word_1_293' title='bbox 1327 2269 1518 2312; x_wconf 87' lang='lat' dir='ltr'><strong>vestra.</strong></span> <span class='ocrx_word' id='word_1_294' title='bbox 1560 2257 1698 2326; x_wconf 87' lang='lat' dir='ltr'><strong>Quia</strong></span> <span class='ocrx_word' id='word_1_295' title='bbox 1740 2274 1907 2330; x_wconf 88' lang='lat' dir='ltr'><strong>supra</strong></span> 
     </span>
    </p>
   </div>
   <div class='ocr_carea' id='block_1_36' title="bbox 324 2348 1906 2421">
    <p class='ocr_par' dir='ltr' id='par_1_36' title="bbox 324 2348 1906 2421">
     <span class='ocr_line' id='line_1_36' title="bbox 324 2348 1906 2421; baseline 0.001 -18"><span class='ocrx_word' id='word_1_296' title='bbox 324 2359 552 2421; x_wconf 81' lang='lat' dir='ltr'><strong>propter</strong></span> <span class='ocrx_word' id='word_1_297' title='bbox 581 2358 862 2418; x_wconf 82' lang='lat' dir='ltr'><strong>peccatum</strong></span> <span class='ocrx_word' id='word_1_298' title='bbox 887 2362 1082 2418; x_wconf 91' lang='lat' dir='ltr'><strong>corpus</strong></span> <span class='ocrx_word' id='word_1_299' title='bbox 1119 2348 1332 2402; x_wconf 82' lang='lat' dir='ltr'><strong>dixerat</strong></span> <span class='ocrx_word' id='word_1_300' title='bbox 1353 2348 1489 2402; x_wconf 91' lang='lat' dir='ltr'><strong>mori</strong></span> <span class='ocrx_word' id='word_1_301' title='bbox 1519 2357 1692 2402; x_wconf 92' lang='lat' dir='ltr'><strong>morte</strong></span> <span class='ocrx_word' id='word_1_302' title='bbox 1716 2364 1906 2405; x_wconf 90' lang='lat' dir='ltr'><strong>secun-</strong></span> 
     </span>
    </p>
   </div>
   <div class='ocr_carea' id='block_1_37' title="bbox 322 2438 1908 2509">
    <p class='ocr_par' dir='ltr' id='par_1_37' title="bbox 322 2438 1908 2509">
     <span class='ocr_line' id='line_1_37' title="bbox 322 2438 1908 2509; baseline 0 -13"><span class='ocrx_word' id='word_1_303' title='bbox 322 2440 417 2506; x_wconf 86' lang='lat' dir='ltr'><strong>da,</strong></span> <span class='ocrx_word' id='word_1_304' title='bbox 457 2439 511 2494; x_wconf 89' lang='lat' dir='ltr'><strong>id</strong></span> <span class='ocrx_word' id='word_1_305' title='bbox 535 2448 619 2496; x_wconf 90' lang='lat' dir='ltr'><strong>est</strong></span> <span class='ocrx_word' id='word_1_306' title='bbox 647 2447 817 2494; x_wconf 92' lang='lat' dir='ltr'><strong>totum</strong></span> <span class='ocrx_word' id='word_1_307' title='bbox 865 2438 1161 2505; x_wconf 89' lang='lat' dir='ltr'><strong>hominem,</strong></span> <span class='ocrx_word' id='word_1_308' title='bbox 1193 2438 1281 2494; x_wconf 91' lang='lat' dir='ltr'><strong>hic</strong></span> <span class='ocrx_word' id='word_1_309' title='bbox 1327 2439 1523 2494; x_wconf 90' lang='lat' dir='ltr'><strong>iterum</strong></span> <span class='ocrx_word' id='word_1_310' title='bbox 1565 2447 1787 2509; x_wconf 89' lang='lat' dir='ltr'><strong>propter</strong></span> <span class='ocrx_word' id='word_1_311' title='bbox 1814 2440 1908 2496; x_wconf 91' lang='lat' dir='ltr'><strong>bo-</strong></span> 
     </span>
    </p>
   </div>
   <div class='ocr_carea' id='block_1_38' title="bbox 324 2528 1907 2600">
    <p class='ocr_par' dir='ltr' id='par_1_38' title="bbox 324 2528 1907 2600">
     <span class='ocr_line' id='line_1_38' title="bbox 324 2528 1907 2600; baseline -0.002 -13"><span class='ocrx_word' id='word_1_312' title='bbox 324 2545 455 2587; x_wconf 90' lang='lat' dir='ltr'><strong>nam</strong></span> <span class='ocrx_word' id='word_1_313' title='bbox 492 2531 659 2585; x_wconf 90' lang='lat' dir='ltr'><strong>vitam</strong></span> <span class='ocrx_word' id='word_1_314' title='bbox 682 2528 929 2584; x_wconf 91' lang='lat' dir='ltr'><strong>mortalia</strong></span> <span class='ocrx_word' id='word_1_315' title='bbox 963 2544 1196 2600; x_wconf 89' lang='lat' dir='ltr'><strong>corpora</strong></span> <span class='ocrx_word' id='word_1_316' title='bbox 1232 2528 1511 2584; x_wconf 90' lang='lat' dir='ltr'><strong>viviﬁcare</strong></span> <span class='ocrx_word' id='word_1_317' title='bbox 1551 2529 1818 2599; x_wconf 90' lang='lat' dir='ltr'><strong>promisit,</strong></span> <span class='ocrx_word' id='word_1_318' title='bbox 1852 2529 1907 2584; x_wconf 92' lang='lat' dir='ltr'><strong>id</strong></span> 
     </span>
    </p>
   </div>
   <div class='ocr_carea' id='block_1_39' title="bbox 325 2618 1908 2690">
    <p class='ocr_par' dir='ltr' id='par_1_39' title="bbox 325 2618 1908 2690">
     <span class='ocr_line' id='line_1_39' title="bbox 325 2618 1908 2690; baseline -0.001 -14"><span class='ocrx_word' id='word_1_319' title='bbox 325 2630 410 2677; x_wconf 81' lang='lat' dir='ltr'><strong>est</strong></span> <span class='ocrx_word' id='word_1_320' title='bbox 441 2629 609 2676; x_wconf 91' lang='lat' dir='ltr'><strong>totum</strong></span> <span class='ocrx_word' id='word_1_321' title='bbox 638 2621 932 2675; x_wconf 90' lang='lat' dir='ltr'><strong>hominem.</strong></span> <span class='ocrx_word' id='word_1_322' title='bbox 978 2618 1096 2673; x_wconf 89' lang='lat' dir='ltr'><strong>Non</strong></span> <span class='ocrx_word' id='word_1_323' title='bbox 1146 2627 1323 2674; x_wconf 90' lang='lat' dir='ltr'><strong>autem</strong></span> <span class='ocrx_word' id='word_1_324' title='bbox 1378 2619 1455 2673; x_wconf 91' lang='lat' dir='ltr'><strong>ait</strong></span> <span class='ocrx_word' id='word_1_325' title='bbox 1499 2621 1590 2690; x_wconf 86' lang='lat' dir='ltr'><strong>qui</strong></span> <span class='ocrx_word' id='word_1_326' title='bbox 1636 2621 1908 2675; x_wconf 87' lang='lat' dir='ltr'><strong>suscitavit</strong></span> 
     </span>
    </p>
   </div>
   <div class='ocr_carea' id='block_1_40' title="bbox 325 2709 1905 2776">
    <p class='ocr_par' dir='ltr' id='par_1_40' title="bbox 325 2709 1905 2776">
     <span class='ocr_line' id='line_1_40' title="bbox 325 2709 1905 2776; baseline 0 -10"><span class='ocrx_word' id='word_1_327' title='bbox 325 2709 510 2766; x_wconf 71' lang='lat' dir='ltr'><strong>Iesum</strong></span> <span class='ocrx_word' id='word_1_328' title='bbox 553 2709 818 2766; x_wconf 81' lang='lat' dir='ltr'><strong>Christum</strong></span> <span class='ocrx_word' id='word_1_329' title='bbox 847 2727 910 2765; x_wconf 75' lang='lat' dir='ltr'><strong>ea:</strong></span> <span class='ocrx_word' id='word_1_330' title='bbox 936 2711 1176 2776; x_wconf 84' lang='lat' dir='ltr'><strong>mortuis,</strong></span> <span class='ocrx_word' id='word_1_331' title='bbox 1210 2710 1505 2766; x_wconf 88' lang='lat' dir='ltr'><strong>viviﬁcabit</strong></span> <span class='ocrx_word' id='word_1_332' title='bbox 1543 2718 1754 2765; x_wconf 88' lang='lat' dir='ltr'><strong>mortua</strong></span> <span class='ocrx_word' id='word_1_333' title='bbox 1782 2726 1905 2766; x_wconf 90' lang='lat' dir='ltr'><strong>cor-</strong></span> 
     </span>
    </p>
   </div>
   <div class='ocr_carea' id='block_1_41' title="bbox 324 2804 1905 2875">
    <p class='ocr_par' dir='ltr' id='par_1_41' title="bbox 324 2804 1905 2875">
     <span class='ocr_line' id='line_1_41' title="bbox 324 2804 1905 2875; baseline -0.001 -17"><span class='ocrx_word' id='word_1_334' title='bbox 324 2817 458 2875; x_wconf 89' lang='lat' dir='ltr'><strong>pora</strong></span> <span class='ocrx_word' id='word_1_335' title='bbox 481 2810 684 2869; x_wconf 86' lang='lat' dir='ltr'><strong>vestra,</strong></span> <span class='ocrx_word' id='word_1_336' title='bbox 727 2819 851 2858; x_wconf 90' lang='lat' dir='ltr'><strong>cum</strong></span> <span class='ocrx_word' id='word_1_337' title='bbox 897 2819 1060 2874; x_wconf 88' lang='lat' dir='ltr'><strong>supra</strong></span> <span class='ocrx_word' id='word_1_338' title='bbox 1102 2804 1328 2859; x_wconf 87' lang='lat' dir='ltr'><strong>dixisset</strong></span> <span class='ocrx_word' id='word_1_339' title='bbox 1358 2820 1543 2874; x_wconf 87' lang='lat' dir='ltr'><strong>corpus</strong></span> <span class='ocrx_word' id='word_1_340' title='bbox 1596 2813 1905 2870; x_wconf 87' lang='lat' dir='ltr'><strong>mortuum;</strong></span> 
     </span>
    </p>
   </div>
   <div class='ocr_carea' id='block_1_42' title="bbox 325 2895 1908 2967">
    <p class='ocr_par' dir='ltr' id='par_1_42' title="bbox 325 2895 1908 2967">
     <span class='ocr_line' id='line_1_42' title="bbox 325 2895 1908 2967; baseline -0.001 -16"><span class='ocrx_word' id='word_1_341' title='bbox 325 2895 424 2951; x_wconf 89' lang='lat' dir='ltr'><strong>sed</strong></span> <span class='ocrx_word' id='word_1_342' title='bbox 448 2895 746 2962; x_wconf 81' lang='lat' dir='ltr'><strong>viviﬁcabit,</strong></span> <span class='ocrx_word' id='word_1_343' title='bbox 787 2895 982 2965; x_wconf 88' lang='lat' dir='ltr'><strong>inquit,</strong></span> <span class='ocrx_word' id='word_1_344' title='bbox 1014 2904 1064 2949; x_wconf 93' lang='lat' dir='ltr'><strong>et</strong></span> <span class='ocrx_word' id='word_1_345' title='bbox 1105 2895 1351 2950; x_wconf 86' lang='lat' dir='ltr'><strong>mortalia</strong></span> <span class='ocrx_word' id='word_1_346' title='bbox 1381 2912 1601 2967; x_wconf 88' lang='lat' dir='ltr'><strong>corpora</strong></span> <span class='ocrx_word' id='word_1_347' title='bbox 1629 2905 1818 2964; x_wconf 84' lang='lat' dir='ltr'><strong>vestra,</strong></span> <span class='ocrx_word' id='word_1_348' title='bbox 1847 2903 1908 2950; x_wconf 90' lang='lat' dir='ltr'><strong>ut</strong></span> 
     </span>
    </p>
   </div>
   <div class='ocr_carea' id='block_1_43' title="bbox 325 2988 1906 3060">
    <p class='ocr_par' dir='ltr' id='par_1_43' title="bbox 325 2988 1906 3060">
     <span class='ocr_line' id='line_1_43' title="bbox 325 2988 1906 3060; baseline 0 -13"><span class='ocrx_word' id='word_1_349' title='bbox 325 2990 533 3047; x_wconf 87' lang='lat' dir='ltr'><strong>scilicet</strong></span> <span class='ocrx_word' id='word_1_350' title='bbox 567 2988 682 3060; x_wconf 92' lang='lat' dir='ltr'><strong>jam</strong></span> <span class='ocrx_word' id='word_1_351' title='bbox 735 3005 840 3046; x_wconf 88' lang='lat' dir='ltr'><strong>non</strong></span> <span class='ocrx_word' id='word_1_352' title='bbox 889 2990 1062 3046; x_wconf 92' lang='lat' dir='ltr'><strong>solum</strong></span> <span class='ocrx_word' id='word_1_353' title='bbox 1109 3005 1216 3045; x_wconf 88' lang='lat' dir='ltr'><strong>non</strong></span> <span class='ocrx_word' id='word_1_354' title='bbox 1268 2991 1377 3046; x_wconf 89' lang='lat' dir='ltr'><strong>sint</strong></span> <span class='ocrx_word' id='word_1_355' title='bbox 1406 2999 1640 3058; x_wconf 90' lang='lat' dir='ltr'><strong>mortua,</strong></span> <span class='ocrx_word' id='word_1_356' title='bbox 1679 2991 1775 3047; x_wconf 90' lang='lat' dir='ltr'><strong>sed</strong></span> <span class='ocrx_word' id='word_1_357' title='bbox 1803 3006 1906 3047; x_wconf 88' lang='lat' dir='ltr'><strong>nec</strong></span> 
     </span>
    </p>
   </div>
   <div class='ocr_carea' id='block_1_44' title="bbox 327 3081 1908 3154">
    <p class='ocr_par' dir='ltr' id='par_1_44' title="bbox 327 3081 1908 3154">
     <span class='ocr_line' id='line_1_44' title="bbox 327 3081 1908 3154; baseline 0.001 -17"><span class='ocrx_word' id='word_1_358' title='bbox 327 3081 597 3148; x_wconf 87' lang='lat' dir='ltr'><strong>mortalia,</strong></span> <span class='ocrx_word' id='word_1_359' title='bbox 626 3097 748 3137; x_wconf 91' lang='lat' dir='ltr'><strong>cum</strong></span> <span class='ocrx_word' id='word_1_360' title='bbox 779 3081 1008 3136; x_wconf 91' lang='lat' dir='ltr'><strong>animale</strong></span> <span class='ocrx_word' id='word_1_361' title='bbox 1041 3089 1288 3154; x_wconf 88' lang='lat' dir='ltr'><strong>resurget</strong></span> <span class='ocrx_word' id='word_1_362' title='bbox 1331 3081 1632 3152; x_wconf 89' lang='lat' dir='ltr'><strong>spirituale,</strong></span> <span class='ocrx_word' id='word_1_363' title='bbox 1679 3091 1734 3138; x_wconf 91' lang='lat' dir='ltr'><strong>et</strong></span> <span class='ocrx_word' id='word_1_364' title='bbox 1761 3097 1908 3138; x_wconf 80' lang='lat' dir='ltr'><strong>mor—</strong></span> 
     </span>
    </p>
   </div>
   <div class='ocr_carea' id='block_1_45' title="bbox 327 3170 1908 3238">
    <p class='ocr_par' dir='ltr' id='par_1_45' title="bbox 327 3170 1908 3238">
     <span class='ocr_line' id='line_1_45' title="bbox 327 3170 1908 3238; baseline 0.002 -12"><span class='ocrx_word' id='word_1_365' title='bbox 327 3170 434 3226; x_wconf 87' lang='lat' dir='ltr'><strong>tale</strong></span> <span class='ocrx_word' id='word_1_366' title='bbox 461 3171 565 3228; x_wconf 93' lang='lat' dir='ltr'><strong>hoc</strong></span> <span class='ocrx_word' id='word_1_367' title='bbox 605 3171 857 3227; x_wconf 92' lang='lat' dir='ltr'><strong>induetur</strong></span> <span class='ocrx_word' id='word_1_368' title='bbox 894 3171 1216 3238; x_wconf 87' lang='lat' dir='ltr'><strong>immortali,</strong></span> <span class='ocrx_word' id='word_1_369' title='bbox 1264 3171 1642 3228; x_wconf 90' lang='lat' dir='ltr'><strong>absorbebitur</strong></span> <span class='ocrx_word' id='word_1_370' title='bbox 1677 3173 1908 3229; x_wconf 89' lang='lat' dir='ltr'><strong>mortale</strong></span> 
     </span>
    </p>
   </div>
   <div class='ocr_carea' id='block_1_46' title="bbox 330 3261 534 3317">
    <p class='ocr_par' dir='ltr' id='par_1_46' title="bbox 330 3261 534 3317">
     <span class='ocr_line' id='line_1_46' title="bbox 330 3261 534 3317; baseline 0 -2"><span class='ocrx_word' id='word_1_371' title='bbox 330 3277 362 3315; x_wconf 92' lang='lat' dir='ltr'><strong>a</strong></span> <span class='ocrx_word' id='word_1_372' title='bbox 402 3261 534 3317; x_wconf 89' lang='lat' dir='ltr'><strong>vita.</strong></span> 
     </span>
    </p>
   </div>
   <div class='ocr_carea' id='block_1_47' title="bbox 399 3351 1908 3423">
    <p class='ocr_par' dir='ltr' id='par_1_47' title="bbox 399 3351 1908 3423">
     <span class='ocr_line' id='line_1_47' title="bbox 399 3351 1908 3423; baseline 0.003 -18"><span class='ocrx_word' id='word_1_373' title='bbox 399 3351 565 3423; x_wconf 85' lang='lat' dir='ltr'><strong>Ergo,</strong></span> <span class='ocrx_word' id='word_1_374' title='bbox 595 3352 810 3422; x_wconf 81' lang='lat' dir='ltr'><strong>fratres,</strong></span> <span class='ocrx_word' id='word_1_375' title='bbox 838 3351 1094 3408; x_wconf 83' lang='lat' dir='ltr'><strong>debitores</strong></span> <span class='ocrx_word' id='word_1_376' title='bbox 1125 3369 1307 3408; x_wconf 88' lang='lat' dir='ltr'><strong>sumus</strong></span> <span class='ocrx_word' id='word_1_377' title='bbox 1337 3369 1442 3408; x_wconf 90' lang='lat' dir='ltr'><strong>non</strong></span> <span class='ocrx_word' id='word_1_378' title='bbox 1468 3353 1638 3408; x_wconf 86' lang='lat' dir='ltr'><strong>carni.</strong></span> <span class='ocrx_word' id='word_1_379' title='bbox 1676 3352 1793 3410; x_wconf 89' lang='lat' dir='ltr'><strong>Hoc</strong></span> <span class='ocrx_word' id='word_1_380' title='bbox 1824 3363 1908 3410; x_wconf 81' lang='lat' dir='ltr'><strong>to-</strong></span> 
     </span>
    </p>
   </div>
   <div class='ocr_carea' id='block_1_48' title="bbox 325 3444 1908 3519">
    <p class='ocr_par' dir='ltr' id='par_1_48' title="bbox 325 3444 1908 3519">
     <span class='ocr_line' id='line_1_48' title="bbox 325 3444 1908 3519; baseline 0.001 -19"><span class='ocrx_word' id='word_1_381' title='bbox 325 3453 445 3500; x_wconf 90' lang='lat' dir='ltr'><strong>tum</strong></span> <span class='ocrx_word' id='word_1_382' title='bbox 478 3444 576 3513; x_wconf 91' lang='lat' dir='ltr'><strong>ait,</strong></span> <span class='ocrx_word' id='word_1_383' title='bbox 615 3453 676 3500; x_wconf 90' lang='lat' dir='ltr'><strong>ut</strong></span> <span class='ocrx_word' id='word_1_384' title='bbox 717 3445 966 3501; x_wconf 87' lang='lat' dir='ltr'><strong>ostendat</strong></span> <span class='ocrx_word' id='word_1_385' title='bbox 998 3446 1077 3502; x_wconf 91' lang='lat' dir='ltr'><strong>eis</strong></span> <span class='ocrx_word' id='word_1_386' title='bbox 1107 3446 1280 3519; x_wconf 87' lang='lat' dir='ltr'><strong>legem</strong></span> <span class='ocrx_word' id='word_1_387' title='bbox 1330 3462 1437 3502; x_wconf 90' lang='lat' dir='ltr'><strong>non</strong></span> <span class='ocrx_word' id='word_1_388' title='bbox 1487 3462 1608 3503; x_wconf 90' lang='lat' dir='ltr'><strong>esse</strong></span> <span class='ocrx_word' id='word_1_389' title='bbox 1654 3462 1908 3503; x_wconf 87' lang='lat' dir='ltr'><strong>necessa-</strong></span> 
     </span>
    </p>
   </div>
   <div class='ocr_carea' id='block_1_49' title="bbox 325 3535 1909 3610">
    <p class='ocr_par' dir='ltr' id='par_1_49' title="bbox 325 3535 1909 3610">
     <span class='ocr_line' id='line_1_49' title="bbox 325 3535 1909 3610; baseline 0.001 -18"><span class='ocrx_word' id='word_1_390' title='bbox 325 3535 487 3603; x_wconf 87' lang='lat' dir='ltr'><strong>riam,</strong></span> <span class='ocrx_word' id='word_1_391' title='bbox 515 3552 635 3607; x_wconf 67' lang='lat' dir='ltr'><strong>quze</strong></span> <span class='ocrx_word' id='word_1_392' title='bbox 659 3536 966 3593; x_wconf 88' lang='lat' dir='ltr'><strong>carnalibus</strong></span> <span class='ocrx_word' id='word_1_393' title='bbox 995 3537 1121 3592; x_wconf 89' lang='lat' dir='ltr'><strong>data</strong></span> <span class='ocrx_word' id='word_1_394' title='bbox 1149 3546 1251 3594; x_wconf 92' lang='lat' dir='ltr'><strong>est.</strong></span> <span class='ocrx_word' id='word_1_395' title='bbox 1287 3537 1549 3610; x_wconf 88' lang='lat' dir='ltr'><strong>Spiritum</strong></span> <span class='ocrx_word' id='word_1_396' title='bbox 1571 3537 1773 3594; x_wconf 90' lang='lat' dir='ltr'><strong>Christi</strong></span> <span class='ocrx_word' id='word_1_397' title='bbox 1811 3539 1909 3594; x_wconf 89' lang='lat' dir='ltr'><strong>ha-</strong></span> 
     </span>
    </p>
   </div>
   <div class='ocr_carea' id='block_1_50' title="bbox 326 3627 1908 3699">
    <p class='ocr_par' dir='ltr' id='par_1_50' title="bbox 326 3627 1908 3699">
     <span class='ocr_line' id='line_1_50' title="bbox 326 3627 1908 3699; baseline 0 -16"><span class='ocrx_word' id='word_1_398' title='bbox 326 3627 505 3683; x_wconf 78' lang='lat' dir='ltr'><strong>bitare</strong></span> <span class='ocrx_word' id='word_1_399' title='bbox 526 3627 581 3682; x_wconf 93' lang='lat' dir='ltr'><strong>in</strong></span> <span class='ocrx_word' id='word_1_400' title='bbox 606 3628 784 3694; x_wconf 89' lang='lat' dir='ltr'><strong>nobis,</strong></span> <span class='ocrx_word' id='word_1_401' title='bbox 813 3635 870 3683; x_wconf 87' lang='lat' dir='ltr'><strong>et</strong></span> <span class='ocrx_word' id='word_1_402' title='bbox 905 3627 1040 3684; x_wconf 91' lang='lat' dir='ltr'><strong>dona</strong></span> <span class='ocrx_word' id='word_1_403' title='bbox 1069 3628 1293 3699; x_wconf 88' lang='lat' dir='ltr'><strong>spiritus</strong></span> <span class='ocrx_word' id='word_1_404' title='bbox 1323 3630 1377 3684; x_wconf 94' lang='lat' dir='ltr'><strong>in</strong></span> <span class='ocrx_word' id='word_1_405' title='bbox 1407 3629 1563 3684; x_wconf 91' lang='lat' dir='ltr'><strong>nobis</strong></span> <span class='ocrx_word' id='word_1_406' title='bbox 1595 3628 1789 3684; x_wconf 90' lang='lat' dir='ltr'><strong>collata</strong></span> <span class='ocrx_word' id='word_1_407' title='bbox 1818 3645 1908 3684; x_wconf 89' lang='lat' dir='ltr'><strong>su-</strong></span> 
     </span>
    </p>
   </div>
   <div class='ocr_carea' id='block_1_51' title="bbox 328 3720 1906 3795">
    <p class='ocr_par' dir='ltr' id='par_1_51' title="bbox 328 3720 1906 3795">
     <span class='ocr_line' id='line_1_51' title="bbox 328 3720 1906 3795; baseline 0.002 -21"><span class='ocrx_word' id='word_1_408' title='bbox 328 3720 518 3795; x_wconf 85' lang='lat' dir='ltr'><strong>perius</strong></span> <span class='ocrx_word' id='word_1_409' title='bbox 542 3721 746 3776; x_wconf 90' lang='lat' dir='ltr'><strong>docuit:</strong></span> <span class='ocrx_word' id='word_1_410' title='bbox 777 3729 1173 3792; x_wconf 88' lang='lat' dir='ltr'><strong>consequenter</strong></span> <span class='ocrx_word' id='word_1_411' title='bbox 1193 3737 1324 3793; x_wconf 87' lang='lat' dir='ltr'><strong>ergo</strong></span> <span class='ocrx_word' id='word_1_412' title='bbox 1349 3737 1494 3777; x_wconf 93' lang='lat' dir='ltr'><strong>nunc</strong></span> <span class='ocrx_word' id='word_1_413' title='bbox 1524 3721 1753 3788; x_wconf 89' lang='lat' dir='ltr'><strong>addidit,</strong></span> <span class='ocrx_word' id='word_1_414' title='bbox 1779 3721 1906 3792; x_wconf 83' lang='lat' dir='ltr'><strong>quia</strong></span> 
     </span>
    </p>
   </div>
   <div class='ocr_carea' id='block_1_52' title="bbox 327 3810 1907 3882">
    <p class='ocr_par' dir='ltr' id='par_1_52' title="bbox 327 3810 1907 3882">
     <span class='ocr_line' id='line_1_52' title="bbox 327 3810 1907 3882; baseline -0.001 -15"><span class='ocrx_word' id='word_1_415' title='bbox 327 3810 603 3867; x_wconf 86' lang='lat' dir='ltr'><strong>debitores</strong></span> <span class='ocrx_word' id='word_1_416' title='bbox 625 3827 808 3868; x_wconf 92' lang='lat' dir='ltr'><strong>eorum</strong></span> <span class='ocrx_word' id='word_1_417' title='bbox 834 3813 953 3868; x_wconf 90' lang='lat' dir='ltr'><strong>sine</strong></span> <span class='ocrx_word' id='word_1_418' title='bbox 981 3813 1142 3868; x_wconf 90' lang='lat' dir='ltr'><strong>dubio</strong></span> <span class='ocrx_word' id='word_1_419' title='bbox 1163 3828 1281 3882; x_wconf 73' lang='lat' dir='ltr'><strong>quae</strong></span> <span class='ocrx_word' id='word_1_420' title='bbox 1323 3828 1353 3866; x_wconf 89' lang='lat' dir='ltr'><strong>a</strong></span> <span class='ocrx_word' id='word_1_421' title='bbox 1394 3812 1589 3882; x_wconf 90' lang='lat' dir='ltr'><strong>spiritu</strong></span> <span class='ocrx_word' id='word_1_422' title='bbox 1631 3812 1907 3868; x_wconf 89' lang='lat' dir='ltr'><strong>consecuti</strong></span> 
     </span>
    </p>
   </div>
   <div class='ocr_carea' id='block_1_53' title="bbox 325 3901 1904 3974">
    <p class='ocr_par' dir='ltr' id='par_1_53' title="bbox 325 3901 1904 3974">
     <span class='ocr_line' id='line_1_53' title="bbox 325 3901 1904 3974; baseline 0.001 -16"><span class='ocrx_word' id='word_1_423' title='bbox 325 3915 538 3958; x_wconf 87' lang='lat' dir='ltr'><strong>sumus.</strong></span> <span class='ocrx_word' id='word_1_424' title='bbox 582 3901 744 3959; x_wconf 89' lang='lat' dir='ltr'><strong>Carni</strong></span> <span class='ocrx_word' id='word_1_425' title='bbox 791 3912 995 3972; x_wconf 90' lang='lat' dir='ltr'><strong>autem,</strong></span> <span class='ocrx_word' id='word_1_426' title='bbox 1032 3904 1226 3974; x_wconf 90' lang='lat' dir='ltr'><strong>inquit,</strong></span> <span class='ocrx_word' id='word_1_427' title='bbox 1256 3919 1364 3959; x_wconf 93' lang='lat' dir='ltr'><strong>non</strong></span> <span class='ocrx_word' id='word_1_428' title='bbox 1392 3919 1579 3959; x_wconf 91' lang='lat' dir='ltr'><strong>sumus</strong></span> <span class='ocrx_word' id='word_1_429' title='bbox 1613 3903 1904 3970; x_wconf 89' lang='lat' dir='ltr'><strong>debitores,</strong></span> 
     </span>
    </p>
   </div>
   <div class='ocr_carea' id='block_1_54' title="bbox 323 3994 1906 4066">
    <p class='ocr_par' dir='ltr' id='par_1_54' title="bbox 323 3994 1906 4066">
     <span class='ocr_line' id='line_1_54' title="bbox 323 3994 1906 4066; baseline 0 -18"><span class='ocrx_word' id='word_1_430' title='bbox 323 4007 505 4064; x_wconf 86' lang='lat' dir='ltr'><strong>neque</strong></span> <span class='ocrx_word' id='word_1_431' title='bbox 537 3994 678 4053; x_wconf 87' lang='lat' dir='ltr'><strong>enim</strong></span> <span class='ocrx_word' id='word_1_432' title='bbox 705 4004 991 4066; x_wconf 89' lang='lat' dir='ltr'><strong>propterea</strong></span> <span class='ocrx_word' id='word_1_433' title='bbox 1024 3994 1152 4050; x_wconf 85' lang='lat' dir='ltr'><strong>fecit</strong></span> <span class='ocrx_word' id='word_1_434' title='bbox 1198 4010 1298 4050; x_wconf 89' lang='lat' dir='ltr'><strong>nos</strong></span> <span class='ocrx_word' id='word_1_435' title='bbox 1326 3995 1471 4050; x_wconf 89' lang='lat' dir='ltr'><strong>Deus</strong></span> <span class='ocrx_word' id='word_1_436' title='bbox 1502 3996 1570 4050; x_wconf 91' lang='lat' dir='ltr'><strong>ad</strong></span> <span class='ocrx_word' id='word_1_437' title='bbox 1615 3995 1906 4066; x_wconf 80' lang='lat' dir='ltr'><strong>imaginem</strong></span> 
     </span>
    </p>
   </div>
   <div class='ocr_carea' id='block_1_55' title="bbox 324 4084 1908 4154">
    <p class='ocr_par' dir='ltr' id='par_1_55' title="bbox 324 4084 1908 4154">
     <span class='ocr_line' id='line_1_55' title="bbox 324 4084 1908 4154; baseline 0 -15"><span class='ocrx_word' id='word_1_438' title='bbox 324 4098 504 4151; x_wconf 84' lang='lat' dir='ltr'><strong>suam,</strong></span> <span class='ocrx_word' id='word_1_439' title='bbox 534 4093 596 4139; x_wconf 89' lang='lat' dir='ltr'><strong>ut</strong></span> <span class='ocrx_word' id='word_1_440' title='bbox 618 4085 800 4140; x_wconf 88' lang='lat' dir='ltr'><strong>carnis</strong></span> <span class='ocrx_word' id='word_1_441' title='bbox 828 4084 1051 4140; x_wconf 90' lang='lat' dir='ltr'><strong>servitio</strong></span> <span class='ocrx_word' id='word_1_442' title='bbox 1073 4099 1320 4140; x_wconf 90' lang='lat' dir='ltr'><strong>essemus</strong></span> <span class='ocrx_word' id='word_1_443' title='bbox 1343 4085 1584 4150; x_wconf 85' lang='lat' dir='ltr'><strong>obnoxii,</strong></span> <span class='ocrx_word' id='word_1_444' title='bbox 1618 4085 1711 4140; x_wconf 91' lang='lat' dir='ltr'><strong>sed</strong></span> <span class='ocrx_word' id='word_1_445' title='bbox 1736 4093 1794 4139; x_wconf 93' lang='lat' dir='ltr'><strong>ut</strong></span> <span class='ocrx_word' id='word_1_446' title='bbox 1812 4100 1908 4154; x_wconf 89' lang='lat' dir='ltr'><strong>po-</strong></span> 
     </span>
    </p>
   </div>
   <div class='ocr_carea' id='block_1_56' title="bbox 325 4174 1906 4246">
    <p class='ocr_par' dir='ltr' id='par_1_56' title="bbox 325 4174 1906 4246">
     <span class='ocr_line' id='line_1_56' title="bbox 325 4174 1906 4246; baseline 0.001 -16"><span class='ocrx_word' id='word_1_447' title='bbox 325 4174 437 4230; x_wconf 88' lang='lat' dir='ltr'><strong>tius</strong></span> <span class='ocrx_word' id='word_1_448' title='bbox 468 4176 702 4232; x_wconf 88' lang='lat' dir='ltr'><strong>creatori</strong></span> <span class='ocrx_word' id='word_1_449' title='bbox 746 4192 844 4231; x_wconf 92' lang='lat' dir='ltr'><strong>suo</strong></span> <span class='ocrx_word' id='word_1_450' title='bbox 879 4177 1057 4231; x_wconf 90' lang='lat' dir='ltr'><strong>anima</strong></span> <span class='ocrx_word' id='word_1_451' title='bbox 1087 4176 1418 4243; x_wconf 87' lang='lat' dir='ltr'><strong>deserviens,</strong></span> <span class='ocrx_word' id='word_1_452' title='bbox 1453 4176 1567 4246; x_wconf 89' lang='lat' dir='ltr'><strong>ipsa</strong></span> <span class='ocrx_word' id='word_1_453' title='bbox 1597 4177 1819 4232; x_wconf 89' lang='lat' dir='ltr'><strong>servitio</strong></span> <span class='ocrx_word' id='word_1_454' title='bbox 1841 4191 1906 4232; x_wconf 92' lang='lat' dir='ltr'><strong>ac</strong></span> 
     </span>
    </p>
   </div>
   <div class='ocr_carea' id='block_1_57' title="bbox 325 4264 1900 4337">
    <p class='ocr_par' dir='ltr' id='par_1_57' title="bbox 325 4264 1900 4337">
     <span class='ocr_line' id='line_1_57' title="bbox 325 4264 1900 4337; baseline -0.002 -15"><span class='ocrx_word' id='word_1_455' title='bbox 325 4264 634 4322; x_wconf 86' lang='lat' dir='ltr'><strong>ministerio</strong></span> <span class='ocrx_word' id='word_1_456' title='bbox 662 4267 844 4322; x_wconf 89' lang='lat' dir='ltr'><strong>carnis</strong></span> <span class='ocrx_word' id='word_1_457' title='bbox 875 4275 1076 4321; x_wconf 89' lang='lat' dir='ltr'><strong>utatur.</strong></span> <span class='ocrx_word' id='word_1_458' title='bbox 1110 4265 1216 4321; x_wconf 90' lang='lat' dir='ltr'><strong>Sed</strong></span> <span class='ocrx_word' id='word_1_459' title='bbox 1247 4267 1479 4321; x_wconf 82' lang='lat' dir='ltr'><strong>fortasse</strong></span> <span class='ocrx_word' id='word_1_460' title='bbox 1501 4267 1646 4321; x_wconf 89' lang='lat' dir='ltr'><strong>dicat</strong></span> <span class='ocrx_word' id='word_1_461' title='bbox 1667 4266 1860 4337; x_wconf 90' lang='lat' dir='ltr'><strong>aliquis</strong></span> <span class='ocrx_word' id='word_1_462' title='bbox 1887 4284 1900 4319; x_wconf 88' lang='lat'><strong>:</strong></span> 
     </span>
    </p>
   </div>
   <div class='ocr_carea' id='block_1_58' title="bbox 325 4356 1904 4426">
    <p class='ocr_par' dir='ltr' id='par_1_58' title="bbox 325 4356 1904 4426">
     <span class='ocr_line' id='line_1_58' title="bbox 325 4356 1904 4426; baseline 0 -14"><span class='ocrx_word' id='word_1_463' title='bbox 325 4356 611 4426; x_wconf 85' lang='lat' dir='ltr'><strong>Quomodo</strong></span> <span class='ocrx_word' id='word_1_464' title='bbox 632 4372 737 4414; x_wconf 90' lang='lat' dir='ltr'><strong>non</strong></span> <span class='ocrx_word' id='word_1_465' title='bbox 764 4372 949 4412; x_wconf 90' lang='lat' dir='ltr'><strong>sumus</strong></span> <span class='ocrx_word' id='word_1_466' title='bbox 980 4357 1248 4412; x_wconf 89' lang='lat' dir='ltr'><strong>debitores</strong></span> <span class='ocrx_word' id='word_1_467' title='bbox 1277 4357 1451 4422; x_wconf 90' lang='lat' dir='ltr'><strong>carni,</strong></span> <span class='ocrx_word' id='word_1_468' title='bbox 1478 4373 1603 4412; x_wconf 91' lang='lat' dir='ltr'><strong>cum</strong></span> <span class='ocrx_word' id='word_1_469' title='bbox 1629 4357 1830 4413; x_wconf 88' lang='lat' dir='ltr'><strong>victum</strong></span> <span class='ocrx_word' id='word_1_470' title='bbox 1854 4358 1904 4413; x_wconf 92' lang='lat' dir='ltr'><strong>ei</strong></span> 
     </span>
    </p>
   </div>
   <div class='ocr_carea' id='block_1_59' title="bbox 323 4447 1906 4522">
    <p class='ocr_par' dir='ltr' id='par_1_59' title="bbox 323 4447 1906 4522">
     <span class='ocr_line' id='line_1_59' title="bbox 323 4447 1906 4522; baseline 0.002 -19"><span class='ocrx_word' id='word_1_471' title='bbox 323 4455 382 4503; x_wconf 90' lang='lat' dir='ltr'><strong>et</strong></span> <span class='ocrx_word' id='word_1_472' title='bbox 412 4449 783 4504; x_wconf 89' lang='lat' dir='ltr'><strong>indumentum</strong></span> <span class='ocrx_word' id='word_1_473' title='bbox 808 4447 1093 4518; x_wconf 86' lang='lat' dir='ltr'><strong>providere</strong></span> <span class='ocrx_word' id='word_1_474' title='bbox 1121 4456 1328 4503; x_wconf 73' lang='lat' dir='ltr'><strong>natura:</strong></span> <span class='ocrx_word' id='word_1_475' title='bbox 1370 4449 1699 4505; x_wconf 89' lang='lat' dir='ltr'><strong>necessitate</strong></span> <span class='ocrx_word' id='word_1_476' title='bbox 1745 4465 1906 4522; x_wconf 91' lang='lat' dir='ltr'><strong>coga-</strong></span> 
     </span>
    </p>
   </div>
   <div class='ocr_carea' id='block_1_60' title="bbox 323 4537 1905 4609">
    <p class='ocr_par' dir='ltr' id='par_1_60' title="bbox 323 4537 1905 4609">
     <span class='ocr_line' id='line_1_60' title="bbox 323 4537 1905 4609; baseline 0.003 -17"><span class='ocrx_word' id='word_1_477' title='bbox 323 4539 483 4593; x_wconf 89' lang='lat' dir='ltr'><strong>mur?</strong></span> <span class='ocrx_word' id='word_1_478' title='bbox 523 4537 641 4594; x_wconf 89' lang='lat' dir='ltr'><strong>Non</strong></span> <span class='ocrx_word' id='word_1_479' title='bbox 675 4539 935 4608; x_wconf 86' lang='lat' dir='ltr'><strong>ergo-hoc</strong></span> <span class='ocrx_word' id='word_1_480' title='bbox 979 4545 1138 4609; x_wconf 87' lang='lat' dir='ltr'><strong>negat</strong></span> <span class='ocrx_word' id='word_1_481' title='bbox 1162 4553 1260 4593; x_wconf 91' lang='lat' dir='ltr'><strong>nos</strong></span> <span class='ocrx_word' id='word_1_482' title='bbox 1299 4553 1419 4594; x_wconf 91' lang='lat' dir='ltr'><strong>esse</strong></span> <span class='ocrx_word' id='word_1_483' title='bbox 1439 4540 1730 4606; x_wconf 90' lang='lat' dir='ltr'><strong>debitores,</strong></span> <span class='ocrx_word' id='word_1_484' title='bbox 1764 4540 1905 4596; x_wconf 89' lang='lat' dir='ltr'><strong>sicut</strong></span> 
     </span>
    </p>
   </div>
   <div class='ocr_carea' id='block_1_61' title="bbox 325 4628 1900 4704">
    <p class='ocr_par' dir='ltr' id='par_1_61' title="bbox 325 4628 1900 4704">
     <span class='ocr_line' id='line_1_61' title="bbox 325 4628 1900 4704; baseline 0.001 -20"><span class='ocrx_word' id='word_1_485' title='bbox 325 4629 453 4685; x_wconf 84' lang='lat' dir='ltr'><strong>alibi</strong></span> <span class='ocrx_word' id='word_1_486' title='bbox 485 4629 649 4685; x_wconf 90' lang='lat' dir='ltr'><strong>dicit:</strong></span> <span class='ocrx_word' id='word_1_487' title='bbox 690 4628 760 4683; x_wconf 88' lang='lat' dir='ltr'><strong>Et</strong></span> <span class='ocrx_word' id='word_1_488' title='bbox 786 4629 958 4684; x_wconf 89' lang='lat' dir='ltr'><strong>carnis</strong></span> <span class='ocrx_word' id='word_1_489' title='bbox 1006 4645 1186 4684; x_wconf 83' lang='lat' dir='ltr'><strong>curam</strong></span> <span class='ocrx_word' id='word_1_490' title='bbox 1229 4647 1292 4684; x_wconf 88' lang='lat' dir='ltr'><strong>ne</strong></span> <span class='ocrx_word' id='word_1_491' title='bbox 1320 4629 1544 4700; x_wconf 81' lang='lat' dir='ltr'><strong>feceritis</strong></span> <span class='ocrx_word' id='word_1_492' title='bbox 1572 4633 1628 4686; x_wconf 89' lang='lat' dir='ltr'><strong>in</strong></span> <span class='ocrx_word' id='word_1_493' title='bbox 1656 4633 1900 4704; x_wconf 86' lang='lat' dir='ltr'><strong>concupi-</strong></span> 
     </span>
    </p>
   </div>
   <div class='ocr_carea' id='block_1_62' title="bbox 324 4721 1897 4792">
    <p class='ocr_par' dir='ltr' id='par_1_62' title="bbox 324 4721 1897 4792">
     <span class='ocr_line' id='line_1_62' title="bbox 324 4721 1897 4792; baseline 0.001 -16"><span class='ocrx_word' id='word_1_494' title='bbox 324 4723 553 4777; x_wconf 81' lang='lat' dir='ltr'><strong>scentiis.</strong></span> <span class='ocrx_word' id='word_1_495' title='bbox 597 4721 714 4778; x_wconf 90' lang='lat' dir='ltr'><strong>Non</strong></span> <span class='ocrx_word' id='word_1_496' title='bbox 742 4722 929 4792; x_wconf 85' lang='lat' dir='ltr'><strong>utique</strong></span> <span class='ocrx_word' id='word_1_497' title='bbox 957 4730 1119 4791; x_wconf 87' lang='lat' dir='ltr'><strong>negat</strong></span> <span class='ocrx_word' id='word_1_498' title='bbox 1159 4737 1346 4778; x_wconf 91' lang='lat' dir='ltr'><strong>curam</strong></span> <span class='ocrx_word' id='word_1_499' title='bbox 1388 4722 1568 4778; x_wconf 90' lang='lat' dir='ltr'><strong>carnis</strong></span> <span class='ocrx_word' id='word_1_500' title='bbox 1595 4723 1897 4779; x_wconf 85' lang='lat' dir='ltr'><strong>habendam</strong></span> 
     </span>
    </p>
   </div>
   <div class='ocr_carea' id='block_1_63' title="bbox 326 4812 1458 4882">
    <p class='ocr_par' dir='ltr' id='par_1_63' title="bbox 326 4812 1458 4882">
     <span class='ocr_line' id='line_1_63' title="bbox 326 4812 1458 4882; baseline 0.002 -16"><span class='ocrx_word' id='word_1_501' title='bbox 326 4813 384 4867; x_wconf 93' lang='lat' dir='ltr'><strong>in</strong></span> <span class='ocrx_word' id='word_1_502' title='bbox 415 4813 755 4879; x_wconf 87' lang='lat' dir='ltr'><strong>necessariis,</strong></span> <span class='ocrx_word' id='word_1_503' title='bbox 787 4813 882 4868; x_wconf 90' lang='lat' dir='ltr'><strong>sed</strong></span> <span class='ocrx_word' id='word_1_504' title='bbox 909 4812 966 4868; x_wconf 88' lang='lat' dir='ltr'><strong>in</strong></span> <span class='ocrx_word' id='word_1_505' title='bbox 986 4813 1458 4882; x_wconf 82' lang='lat' dir='ltr'><strong>concupiscentiis.</strong></span> 
     </span>
    </p>
   </div>
   <div class='ocr_carea' id='block_1_64' title="bbox 398 4902 1895 4970">
    <p class='ocr_par' dir='ltr' id='par_1_64' title="bbox 398 4902 1895 4970">
     <span class='ocr_line' id='line_1_64' title="bbox 398 4902 1895 4970; baseline 0.001 -12"><span class='ocrx_word' id='word_1_506' title='bbox 398 4902 459 4958; x_wconf 97' lang='lat' dir='ltr'><strong>Si</strong></span> <span class='ocrx_word' id='word_1_507' title='bbox 511 4905 646 4958; x_wconf 85' lang='lat' dir='ltr'><strong>enim</strong></span> <span class='ocrx_word' id='word_1_508' title='bbox 697 4905 980 4959; x_wconf 85' lang='lat' dir='ltr'><strong>secundum</strong></span> <span class='ocrx_word' id='word_1_509' title='bbox 1027 4921 1237 4960; x_wconf 85' lang='lat' dir='ltr'><strong>carnem</strong></span> <span class='ocrx_word' id='word_1_510' title='bbox 1284 4904 1538 4970; x_wconf 67' lang='lat' dir='ltr'><strong>viaeritis,</strong></span> <span class='ocrx_word' id='word_1_511' title='bbox 1583 4903 1895 4959; x_wconf 85' lang='lat' dir='ltr'><strong>moriemini.</strong></span> 
     </span>
    </p>
   </div>
   <div class='ocr_carea' id='block_1_65' title="bbox 325 4995 1898 5067">
    <p class='ocr_par' dir='ltr' id='par_1_65' title="bbox 325 4995 1898 5067">
     <span class='ocr_line' id='line_1_65' title="bbox 325 4995 1898 5067; baseline -0.001 -15"><span class='ocrx_word' id='word_1_512' title='bbox 325 4995 471 5052; x_wconf 84' lang='lat' dir='ltr'><strong>Nihil</strong></span> <span class='ocrx_word' id='word_1_513' title='bbox 493 4997 675 5052; x_wconf 87' lang='lat' dir='ltr'><strong>verius</strong></span> <span class='ocrx_word' id='word_1_514' title='bbox 703 5012 867 5067; x_wconf 91' lang='lat' dir='ltr'><strong>quam</strong></span> <span class='ocrx_word' id='word_1_515' title='bbox 913 4997 960 5051; x_wconf 91' lang='lat' dir='ltr'><strong>si</strong></span> <span class='ocrx_word' id='word_1_516' title='bbox 994 4997 1288 5052; x_wconf 89' lang='lat' dir='ltr'><strong>secundum</strong></span> <span class='ocrx_word' id='word_1_517' title='bbox 1325 5011 1543 5051; x_wconf 90' lang='lat' dir='ltr'><strong>carnem</strong></span> <span class='ocrx_word' id='word_1_518' title='bbox 1575 4996 1898 5063; x_wconf 80' lang='lat' dir='ltr'><strong>vixerimus,</strong></span> 
     </span>
    </p>
   </div>
   <div class='ocr_carea' id='block_1_66' title="bbox 325 5089 1900 5159">
    <p class='ocr_par' dir='ltr' id='par_1_66' title="bbox 325 5089 1900 5159">
     <span class='ocr_line' id='line_1_66' title="bbox 325 5089 1900 5159; baseline 0 -15"><span class='ocrx_word' id='word_1_519' title='bbox 325 5090 638 5144; x_wconf 87' lang='lat' dir='ltr'><strong>moriemur.</strong></span> <span class='ocrx_word' id='word_1_520' title='bbox 663 5089 834 5144; x_wconf 86' lang='lat' dir='ltr'><strong>Adam</strong></span> <span class='ocrx_word' id='word_1_521' title='bbox 858 5089 1001 5144; x_wconf 91' lang='lat' dir='ltr'><strong>enim</strong></span> <span class='ocrx_word' id='word_1_522' title='bbox 1031 5089 1392 5158; x_wconf 61' lang='lat' dir='ltr'><strong>praevaricans</strong></span> <span class='ocrx_word' id='word_1_523' title='bbox 1421 5089 1661 5143; x_wconf 86' lang='lat' dir='ltr'><strong>vendidit</strong></span> <span class='ocrx_word' id='word_1_524' title='bbox 1699 5104 1758 5144; x_wconf 88' lang='lat' dir='ltr'><strong>se</strong></span> <span class='ocrx_word' id='word_1_525' title='bbox 1780 5104 1900 5159; x_wconf 88' lang='lat' dir='ltr'><strong>pec-</strong></span> 
     </span>
    </p>
   </div>
   <div class='ocr_carea' id='block_1_67' title="bbox 324 5177 1902 5250">
    <p class='ocr_par' dir='ltr' id='par_1_67' title="bbox 324 5177 1902 5250">
     <span class='ocr_line' id='line_1_67' title="bbox 324 5177 1902 5250; baseline 0 -15"><span class='ocrx_word' id='word_1_526' title='bbox 324 5190 466 5247; x_wconf 87' lang='lat' dir='ltr'><strong>cato,</strong></span> <span class='ocrx_word' id='word_1_527' title='bbox 501 5181 651 5235; x_wconf 84' lang='lat' dir='ltr'><strong>carni</strong></span> <span class='ocrx_word' id='word_1_528' title='bbox 700 5181 1006 5250; x_wconf 91' lang='lat' dir='ltr'><strong>deputatus.</strong></span> <span class='ocrx_word' id='word_1_529' title='bbox 1057 5177 1226 5235; x_wconf 90' lang='lat' dir='ltr'><strong>Omne</strong></span> <span class='ocrx_word' id='word_1_530' title='bbox 1254 5179 1396 5234; x_wconf 91' lang='lat' dir='ltr'><strong>enim</strong></span> <span class='ocrx_word' id='word_1_531' title='bbox 1437 5187 1721 5250; x_wconf 89' lang='lat' dir='ltr'><strong>peccatum</strong></span> <span class='ocrx_word' id='word_1_532' title='bbox 1773 5194 1902 5235; x_wconf 91' lang='lat' dir='ltr'><strong>caro</strong></span> 
     </span>
    </p>
   </div>
   <div class='ocr_carea' id='block_1_68' title="bbox 323 5269 1901 5343">
    <p class='ocr_par' dir='ltr' id='par_1_68' title="bbox 323 5269 1901 5343">
     <span class='ocr_line' id='line_1_68' title="bbox 323 5269 1901 5343; baseline -0.001 -17"><span class='ocrx_word' id='word_1_533' title='bbox 323 5280 432 5339; x_wconf 88' lang='lat' dir='ltr'><strong>est,</strong></span> <span class='ocrx_word' id='word_1_534' title='bbox 461 5280 748 5343; x_wconf 89' lang='lat' dir='ltr'><strong>propterea</strong></span> <span class='ocrx_word' id='word_1_535' title='bbox 773 5273 916 5326; x_wconf 91' lang='lat' dir='ltr'><strong>enim</strong></span> <span class='ocrx_word' id='word_1_536' title='bbox 940 5270 1084 5342; x_wconf 91' lang='lat' dir='ltr'><strong>quod</strong></span> <span class='ocrx_word' id='word_1_537' title='bbox 1128 5269 1330 5325; x_wconf 80' lang='lat' dir='ltr'><strong>deforis</strong></span> <span class='ocrx_word' id='word_1_538' title='bbox 1373 5281 1656 5339; x_wconf 90' lang='lat' dir='ltr'><strong>peccatum</strong></span> <span class='ocrx_word' id='word_1_539' title='bbox 1689 5278 1901 5325; x_wconf 90' lang='lat' dir='ltr'><strong>tantum</strong></span> 
     </span>
    </p>
   </div>
   <div class='ocr_carea' id='block_1_69' title="bbox 323 5361 1901 5436">
    <p class='ocr_par' dir='ltr' id='par_1_69' title="bbox 323 5361 1901 5436">
     <span class='ocr_line' id='line_1_69' title="bbox 323 5361 1901 5436; baseline -0.004 -16"><span class='ocrx_word' id='word_1_540' title='bbox 323 5372 425 5420; x_wconf 90' lang='lat' dir='ltr'><strong>est.</strong></span> <span class='ocrx_word' id='word_1_541' title='bbox 457 5365 519 5420; x_wconf 89' lang='lat' dir='ltr'><strong>Si</strong></span> <span class='ocrx_word' id='word_1_542' title='bbox 546 5373 720 5421; x_wconf 79' lang='lat' dir='ltr'><strong>autem</strong></span> <span class='ocrx_word' id='word_1_543' title='bbox 745 5381 837 5436; x_wconf 86' lang='lat' dir='ltr'><strong>per</strong></span> <span class='ocrx_word' id='word_1_544' title='bbox 860 5365 1102 5435; x_wconf 85' lang='lat' dir='ltr'><strong>spiritum</strong></span> <span class='ocrx_word' id='word_1_545' title='bbox 1129 5361 1274 5433; x_wconf 81' lang='lat' dir='ltr'><strong>facta</strong></span> <span class='ocrx_word' id='word_1_546' title='bbox 1297 5363 1476 5415; x_wconf 89' lang='lat' dir='ltr'><strong>carnis</strong></span> <span class='ocrx_word' id='word_1_547' title='bbox 1507 5362 1901 5431; x_wconf 82' lang='lat' dir='ltr'><strong>mortiﬁcaveri-</strong></span> 
     </span>
    </p>
   </div>
   <div class='ocr_carea' id='block_1_70' title="bbox 323 5448 1903 5525">
    <p class='ocr_par' dir='ltr' id='par_1_70' title="bbox 323 5448 1903 5525">
     <span class='ocr_line' id='line_1_70' title="bbox 323 5448 1903 5525; baseline -0.003 -15"><span class='ocrx_word' id='word_1_548' title='bbox 323 5458 412 5522; x_wconf 84' lang='lat' dir='ltr'><strong>tis,</strong></span> <span class='ocrx_word' id='word_1_549' title='bbox 439 5456 635 5511; x_wconf 71' lang='lat' dir='ltr'><strong>vinetis.</strong></span> <span class='ocrx_word' id='word_1_550' title='bbox 664 5453 777 5510; x_wconf 84' lang='lat' dir='ltr'><strong>Hoc</strong></span> <span class='ocrx_word' id='word_1_551' title='bbox 801 5462 907 5522; x_wconf 91' lang='lat' dir='ltr'><strong>est,</strong></span> <span class='ocrx_word' id='word_1_552' title='bbox 935 5454 981 5510; x_wconf 92' lang='lat' dir='ltr'><strong>si</strong></span> <span class='ocrx_word' id='word_1_553' title='bbox 1009 5448 1379 5525; x_wconf 87' lang='lat' dir='ltr'><strong>spiritualibus</strong></span> <span class='ocrx_word' id='word_1_554' title='bbox 1399 5451 1700 5506; x_wconf 90' lang='lat' dir='ltr'><strong>actionibus</strong></span> <span class='ocrx_word' id='word_1_555' title='bbox 1721 5450 1903 5506; x_wconf 84' lang='lat' dir='ltr'><strong>carnis</strong></span> 
     </span>
    </p>
   </div>
   <div class='ocr_carea' id='block_1_71' title="bbox 325 5543 1903 5620">
    <p class='ocr_par' dir='ltr' id='par_1_71' title="bbox 325 5543 1903 5620">
     <span class='ocr_line' id='line_1_71' title="bbox 325 5543 1903 5620; baseline -0.005 -16"><span class='ocrx_word' id='word_1_556' title='bbox 325 5563 490 5618; x_wconf 89' lang='lat' dir='ltr'><strong>opera</strong></span> <span class='ocrx_word' id='word_1_557' title='bbox 536 5546 897 5620; x_wconf 81' lang='lat' dir='ltr'><strong>subjeceritis,</strong></span> <span class='ocrx_word' id='word_1_558' title='bbox 943 5546 1157 5602; x_wconf 87' lang='lat' dir='ltr'><strong>vivetis.</strong></span> <span class='ocrx_word' id='word_1_559' title='bbox 1211 5543 1516 5600; x_wconf 89' lang='lat' dir='ltr'><strong>Notandum</strong></span> <span class='ocrx_word' id='word_1_560' title='bbox 1567 5557 1696 5597; x_wconf 90' lang='lat' dir='ltr'><strong>sane</strong></span> <span class='ocrx_word' id='word_1_561' title='bbox 1739 5555 1903 5611; x_wconf 87' lang='lat' dir='ltr'><strong>opera</strong></span> 
     </span>
    </p>
   </div>
   <div class='ocr_carea' id='block_1_72' title="bbox 327 5632 1904 5707">
    <p class='ocr_par' dir='ltr' id='par_1_72' title="bbox 327 5632 1904 5707">
     <span class='ocr_line' id='line_1_72' title="bbox 327 5632 1904 5707; baseline -0.006 -12"><span class='ocrx_word' id='word_1_562' title='bbox 327 5641 528 5707; x_wconf 90' lang='lat' dir='ltr'><strong>carnis,</strong></span> <span class='ocrx_word' id='word_1_563' title='bbox 559 5655 669 5695; x_wconf 90' lang='lat' dir='ltr'><strong>non</strong></span> <span class='ocrx_word' id='word_1_564' title='bbox 698 5638 1058 5694; x_wconf 88' lang='lat' dir='ltr'><strong>substantiam</strong></span> <span class='ocrx_word' id='word_1_565' title='bbox 1086 5635 1464 5701; x_wconf 89' lang='lat' dir='ltr'><strong>condemnari;</strong></span> <span class='ocrx_word' id='word_1_566' title='bbox 1496 5632 1785 5689; x_wconf 89' lang='lat' dir='ltr'><strong>mortiﬁcat</strong></span> <span class='ocrx_word' id='word_1_567' title='bbox 1812 5647 1904 5687; x_wconf 88' lang='lat' dir='ltr'><strong>au-</strong></span> 
     </span>
    </p>
   </div>
   <div class='ocr_carea' id='block_1_73' title="bbox 326 5727 1900 5804">
    <p class='ocr_par' dir='ltr' id='par_1_73' title="bbox 326 5727 1900 5804">
     <span class='ocr_line' id='line_1_73' title="bbox 326 5727 1900 5804; baseline -0.004 -15"><span class='ocrx_word' id='word_1_568' title='bbox 326 5743 439 5789; x_wconf 91' lang='lat' dir='ltr'><strong>tem</strong></span> <span class='ocrx_word' id='word_1_569' title='bbox 461 5733 584 5804; x_wconf 90' lang='lat' dir='ltr'><strong>quis</strong></span> <span class='ocrx_word' id='word_1_570' title='bbox 609 5733 714 5790; x_wconf 88' lang='lat' dir='ltr'><strong>hoc</strong></span> <span class='ocrx_word' id='word_1_571' title='bbox 747 5733 909 5792; x_wconf 90' lang='lat' dir='ltr'><strong>modo</strong></span> <span class='ocrx_word' id='word_1_572' title='bbox 935 5740 1088 5788; x_wconf 87' lang='lat' dir='ltr'><strong>actus</strong></span> <span class='ocrx_word' id='word_1_573' title='bbox 1115 5729 1316 5786; x_wconf 89' lang='lat' dir='ltr'><strong>carnis.</strong></span> <span class='ocrx_word' id='word_1_574' title='bbox 1346 5727 1580 5783; x_wconf 88' lang='lat' dir='ltr'><strong>Fructus</strong></span> <span class='ocrx_word' id='word_1_575' title='bbox 1618 5735 1704 5781; x_wconf 88' lang='lat' dir='ltr'><strong>est</strong></span> <span class='ocrx_word' id='word_1_576' title='bbox 1741 5727 1900 5797; x_wconf 86' lang='lat' dir='ltr'><strong>spiri-</strong></span> 
     </span>
    </p>
   </div>
   <div class='ocr_carea' id='block_1_74' title="bbox 328 5818 1900 5893">
    <p class='ocr_par' dir='ltr' id='par_1_74' title="bbox 328 5818 1900 5893">
     <span class='ocr_line' id='line_1_74' title="bbox 328 5818 1900 5893; baseline -0.001 -13"><span class='ocrx_word' id='word_1_577' title='bbox 328 5832 416 5888; x_wconf 90' lang='lat' dir='ltr'><strong>tus</strong></span> <span class='ocrx_word' id='word_1_578' title='bbox 439 5825 716 5893; x_wconf 87' lang='lat' dir='ltr'><strong>charitas;</strong></span> <span class='ocrx_word' id='word_1_579' title='bbox 757 5825 942 5883; x_wconf 90' lang='lat' dir='ltr'><strong>odium</strong></span> <span class='ocrx_word' id='word_1_580' title='bbox 970 5822 1150 5880; x_wconf 89' lang='lat' dir='ltr'><strong>carnis</strong></span> <span class='ocrx_word' id='word_1_581' title='bbox 1181 5828 1267 5878; x_wconf 89' lang='lat' dir='ltr'><strong>est</strong></span> <span class='ocrx_word' id='word_1_582' title='bbox 1299 5829 1454 5878; x_wconf 91' lang='lat' dir='ltr'><strong>actus</strong></span> <span class='ocrx_word' id='word_1_583' title='bbox 1481 5837 1495 5875; x_wconf 89' lang='lat'><strong>:</strong></span> <span class='ocrx_word' id='word_1_584' title='bbox 1527 5818 1710 5876; x_wconf 90' lang='lat' dir='ltr'><strong>odium</strong></span> <span class='ocrx_word' id='word_1_585' title='bbox 1738 5819 1900 5893; x_wconf 88' lang='lat' dir='ltr'><strong>igitur</strong></span> 
     </span>
    </p>
   </div>
   <div class='ocr_carea' id='block_1_75' title="bbox 342 5905 1228 6013">
    <p class='ocr_par' dir='ltr' id='par_1_75' title="bbox 342 5905 1228 6013">
     <span class='ocr_line' id='line_1_75' title="bbox 342 5905 1228 6013; baseline -0.014 -26"><span class='ocrx_word' id='word_1_586' title='bbox 342 5943 378 6013; x_wconf 64' lang='grc' dir='ltr'><em>τ</em></span> <span class='ocrx_word' id='word_1_587' title='bbox 437 5962 453 5977; x_wconf 65' lang='grc' dir='ltr'><strong><em>ι</em></strong></span> <span class='ocrx_word' id='word_1_588' title='bbox 736 5921 1012 5982; x_wconf 72' lang='grc' dir='ltr'><strong>ΡΑΤιιοῐ..</strong></span> <span class='ocrx_word' id='word_1_589' title='bbox 1065 5905 1228 5983; x_wconf 79' lang='lat' dir='ltr'><strong>CIII.</strong></span> 
     </span>
    </p>
   </div>
   <div class='ocr_carea' id='block_1_76' title="bbox 2010 1977 3598 2043">
    <p class='ocr_par' dir='ltr' id='par_1_76' title="bbox 2010 1977 3598 2043">
     <span class='ocr_line' id='line_1_76' title="bbox 2010 1977 3598 2043; baseline 0.006 -13"><span class='ocrx_word' id='word_1_590' title='bbox 2010 1977 2080 2032; x_wconf 92' lang='lat' dir='ltr'><strong>tis</strong></span> <span class='ocrx_word' id='word_1_591' title='bbox 2108 1977 2384 2032; x_wconf 87' lang='lat' dir='ltr'><strong>voluntate</strong></span> <span class='ocrx_word' id='word_1_592' title='bbox 2429 1977 2702 2043; x_wconf 89' lang='lat' dir='ltr'><strong>nolebant,</strong></span> <span class='ocrx_word' id='word_1_593' title='bbox 2738 1979 2948 2036; x_wconf 89' lang='lat' dir='ltr'><strong>timoris</strong></span> <span class='ocrx_word' id='word_1_594' title='bbox 2975 1981 3228 2036; x_wconf 71' lang='lat' dir='ltr'><strong>vindictae</strong></span> <span class='ocrx_word' id='word_1_595' title='bbox 3267 1984 3598 2040; x_wconf 89' lang='lat' dir='ltr'><strong>necessitate</strong></span> 
     </span>
    </p>
   </div>
   <div class='ocr_carea' id='block_1_77' title="bbox 2011 2071 3603 2144">
    <p class='ocr_par' dir='ltr' id='par_1_77' title="bbox 2011 2071 3603 2144">
     <span class='ocr_line' id='line_1_77' title="bbox 2011 2071 3603 2144; baseline 0.003 -19"><span class='ocrx_word' id='word_1_596' title='bbox 2011 2079 2296 2141; x_wconf 90' lang='lat' dir='ltr'><strong>coguntur.</strong></span> <span class='ocrx_word' id='word_1_597' title='bbox 2343 2071 2452 2126; x_wconf 87' lang='lat' dir='ltr'><strong>Nos</strong></span> <span class='ocrx_word' id='word_1_598' title='bbox 2486 2087 2615 2126; x_wconf 90' lang='lat' dir='ltr'><strong>vero</strong></span> <span class='ocrx_word' id='word_1_599' title='bbox 2644 2072 2824 2126; x_wconf 91' lang='lat' dir='ltr'><strong>omnia</strong></span> <span class='ocrx_word' id='word_1_600' title='bbox 2852 2071 3156 2128; x_wconf 89' lang='lat' dir='ltr'><strong>voluntarie</strong></span> <span class='ocrx_word' id='word_1_601' title='bbox 3186 2089 3494 2144; x_wconf 89' lang='lat' dir='ltr'><strong>operemur,</strong></span> <span class='ocrx_word' id='word_1_602' title='bbox 3538 2085 3603 2130; x_wconf 90' lang='lat' dir='ltr'><strong>ut</strong></span> 
     </span>
    </p>
   </div>
   <div class='ocr_carea' id='block_1_78' title="bbox 2011 2157 3600 2232">
    <p class='ocr_par' dir='ltr' id='par_1_78' title="bbox 2011 2157 3600 2232">
     <span class='ocr_line' id='line_1_78' title="bbox 2011 2157 3600 2232; baseline 0.004 -20"><span class='ocrx_word' id='word_1_603' title='bbox 2011 2157 2152 2214; x_wconf 87' lang='lat' dir='ltr'><strong>ﬁlios</strong></span> <span class='ocrx_word' id='word_1_604' title='bbox 2179 2175 2279 2215; x_wconf 90' lang='lat' dir='ltr'><strong>nos</strong></span> <span class='ocrx_word' id='word_1_605' title='bbox 2319 2161 2630 2230; x_wconf 89' lang='lat' dir='ltr'><strong>probemus.</strong></span> <span class='ocrx_word' id='word_1_606' title='bbox 2678 2159 2793 2215; x_wconf 82' lang='lat' dir='ltr'><strong>Hoc</strong></span> <span class='ocrx_word' id='word_1_607' title='bbox 2818 2176 2946 2231; x_wconf 88' lang='lat' dir='ltr'><strong>ergo</strong></span> <span class='ocrx_word' id='word_1_608' title='bbox 2988 2171 3072 2217; x_wconf 91' lang='lat' dir='ltr'><strong>est</strong></span> <span class='ocrx_word' id='word_1_609' title='bbox 3100 2165 3242 2232; x_wconf 88' lang='lat' dir='ltr'><strong>quod</strong></span> <span class='ocrx_word' id='word_1_610' title='bbox 3268 2165 3425 2219; x_wconf 89' lang='lat' dir='ltr'><strong>docet</strong></span> <span class='ocrx_word' id='word_1_611' title='bbox 3452 2165 3600 2219; x_wconf 90' lang='lat' dir='ltr'><strong>Pau-</strong></span> 
     </span>
    </p>
   </div>
   <div class='ocr_carea' id='block_1_79' title="bbox 2010 2250 3602 2324">
    <p class='ocr_par' dir='ltr' id='par_1_79' title="bbox 2010 2250 3602 2324">
     <span class='ocr_line' id='line_1_79' title="bbox 2010 2250 3602 2324; baseline 0.003 -17"><span class='ocrx_word' id='word_1_612' title='bbox 2010 2250 2095 2307; x_wconf 91' lang='lat' dir='ltr'><strong>lus</strong></span> <span class='ocrx_word' id='word_1_613' title='bbox 2128 2270 2140 2306; x_wconf 89' lang='lat'><strong>:</strong></span> <span class='ocrx_word' id='word_1_614' title='bbox 2182 2252 2285 2320; x_wconf 91' lang='lat' dir='ltr'><strong>Qui</strong></span> <span class='ocrx_word' id='word_1_615' title='bbox 2313 2261 2664 2323; x_wconf 81' lang='lat' dir='ltr'><strong>posteaquam</strong></span> <span class='ocrx_word' id='word_1_616' title='bbox 2704 2255 3028 2309; x_wconf 85' lang='lat' dir='ltr'><strong>commortui</strong></span> <span class='ocrx_word' id='word_1_617' title='bbox 3059 2271 3245 2310; x_wconf 91' lang='lat' dir='ltr'><strong>sumus</strong></span> <span class='ocrx_word' id='word_1_618' title='bbox 3269 2255 3506 2324; x_wconf 90' lang='lat' dir='ltr'><strong>Christo,</strong></span> <span class='ocrx_word' id='word_1_619' title='bbox 3540 2265 3602 2312; x_wconf 89' lang='lat' dir='ltr'><strong>et</strong></span> 
     </span>
    </p>
   </div>
   <div class='ocr_carea' id='block_1_80' title="bbox 2011 2330 3603 2420">
    <p class='ocr_par' dir='ltr' id='par_1_80' title="bbox 2011 2330 3603 2420">
     <span class='ocr_line' id='line_1_80' title="bbox 2011 2330 3603 2420; baseline 0.004 -22"><span class='ocrx_word' id='word_1_620' title='bbox 2011 2344 2234 2415; x_wconf 90' lang='lat' dir='ltr'><strong>spiritus</strong></span> <span class='ocrx_word' id='word_1_621' title='bbox 2262 2343 2378 2412; x_wconf 91' lang='lat' dir='ltr'><strong>ejus</strong></span> <span class='ocrx_word' id='word_1_622' title='bbox 2400 2345 2580 2400; x_wconf 83' lang='lat' dir='ltr'><strong>factus</strong></span> <span class='ocrx_word' id='word_1_623' title='bbox 2610 2330 2692 2400; x_wconf 82' lang='lat' dir='ltr'><strong>est</strong></span> <span class='ocrx_word' id='word_1_624' title='bbox 2716 2345 2770 2400; x_wconf 92' lang='lat' dir='ltr'><strong>in</strong></span> <span class='ocrx_word' id='word_1_625' title='bbox 2791 2346 2972 2413; x_wconf 91' lang='lat' dir='ltr'><strong>nobis,</strong></span> <span class='ocrx_word' id='word_1_626' title='bbox 2994 2363 3101 2403; x_wconf 93' lang='lat' dir='ltr'><strong>non</strong></span> <span class='ocrx_word' id='word_1_627' title='bbox 3125 2347 3321 2404; x_wconf 86' lang='lat' dir='ltr'><strong>iterum</strong></span> <span class='ocrx_word' id='word_1_628' title='bbox 3351 2349 3603 2420; x_wconf 89' lang='lat' dir='ltr'><strong>spiritum</strong></span> 
     </span>
    </p>
   </div>
   <div class='ocr_carea' id='block_1_81' title="bbox 2009 2437 3602 2516">
    <p class='ocr_par' dir='ltr' id='par_1_81' title="bbox 2009 2437 3602 2516">
     <span class='ocr_line' id='line_1_81' title="bbox 2009 2437 3602 2516; baseline 0.002 -22"><span class='ocrx_word' id='word_1_629' title='bbox 2009 2437 2287 2494; x_wconf 83' lang='lat' dir='ltr'><strong>servitutis</strong></span> <span class='ocrx_word' id='word_1_630' title='bbox 2315 2437 2369 2491; x_wconf 92' lang='lat' dir='ltr'><strong>in</strong></span> <span class='ocrx_word' id='word_1_631' title='bbox 2411 2437 2678 2505; x_wconf 81' lang='lat' dir='ltr'><strong>timorem,</strong></span> <span class='ocrx_word' id='word_1_632' title='bbox 2705 2437 2808 2493; x_wconf 92' lang='lat' dir='ltr'><strong>hoc</strong></span> <span class='ocrx_word' id='word_1_633' title='bbox 2833 2446 2938 2504; x_wconf 89' lang='lat' dir='ltr'><strong>est,</strong></span> <span class='ocrx_word' id='word_1_634' title='bbox 2975 2454 3090 2516; x_wconf 84' lang='lat' dir='ltr'><strong>non</strong></span> <span class='ocrx_word' id='word_1_635' title='bbox 3138 2455 3355 2496; x_wconf 90' lang='lat' dir='ltr'><strong>rursum</strong></span> <span class='ocrx_word' id='word_1_636' title='bbox 3385 2441 3602 2511; x_wconf 88' lang='lat' dir='ltr'><strong>parvuli</strong></span> 
     </span>
    </p>
   </div>
   <div class='ocr_carea' id='block_1_82' title="bbox 2010 2527 3600 2604">
    <p class='ocr_par' dir='ltr' id='par_1_82' title="bbox 2010 2527 3600 2604">
     <span class='ocr_line' id='line_1_82' title="bbox 2010 2527 3600 2604; baseline 0.004 -21"><span class='ocrx_word' id='word_1_637' title='bbox 2010 2536 2065 2583; x_wconf 93' lang='lat' dir='ltr'><strong>et</strong></span> <span class='ocrx_word' id='word_1_638' title='bbox 2114 2528 2266 2582; x_wconf 90' lang='lat' dir='ltr'><strong>initia</strong></span> <span class='ocrx_word' id='word_1_639' title='bbox 2325 2528 2587 2584; x_wconf 89' lang='lat' dir='ltr'><strong>habentes</strong></span> <span class='ocrx_word' id='word_1_640' title='bbox 2648 2527 2822 2584; x_wconf 85' lang='lat' dir='ltr'><strong>eﬁ‘ecti</strong></span> <span class='ocrx_word' id='word_1_641' title='bbox 2867 2529 3068 2597; x_wconf 89' lang='lat' dir='ltr'><strong>simus,</strong></span> <span class='ocrx_word' id='word_1_642' title='bbox 3115 2531 3208 2587; x_wconf 90' lang='lat' dir='ltr'><strong>sed</strong></span> <span class='ocrx_word' id='word_1_643' title='bbox 3268 2533 3425 2603; x_wconf 89' lang='lat' dir='ltr'><strong>quasi</strong></span> <span class='ocrx_word' id='word_1_644' title='bbox 3468 2548 3600 2604; x_wconf 86' lang='lat' dir='ltr'><strong>per-</strong></span> 
     </span>
    </p>
   </div>
   <div class='ocr_carea' id='block_1_83' title="bbox 2011 2616 2358 2674">
    <p class='ocr_par' dir='ltr' id='par_1_83' title="bbox 2011 2616 2358 2674">
     <span class='ocr_line' id='line_1_83' title="bbox 2011 2616 2358 2674; baseline 0 -2"><span class='ocrx_word' id='word_1_645' title='bbox 2011 2616 2142 2674; x_wconf 87' lang='lat' dir='ltr'><strong>fecti</strong></span> <span class='ocrx_word' id='word_1_646' title='bbox 2169 2616 2358 2674; x_wconf 91' lang='lat' dir='ltr'><strong>semel.</strong></span> 
     </span>
    </p>
   </div>
   <div class='ocr_carea' id='block_1_84' title="bbox 2081 2709 3599 2786">
    <p class='ocr_par' dir='ltr' id='par_1_84' title="bbox 2081 2709 3599 2786">
     <span class='ocr_line' id='line_1_84' title="bbox 2081 2709 3599 2786; baseline 0.008 -24"><span class='ocrx_word' id='word_1_647' title='bbox 2081 2709 2206 2763; x_wconf 81' lang='lat' dir='ltr'><strong>Jam</strong></span> <span class='ocrx_word' id='word_1_648' title='bbox 2237 2710 2530 2780; x_wconf 88' lang='lat' dir='ltr'><strong>accepimus</strong></span> <span class='ocrx_word' id='word_1_649' title='bbox 2561 2711 2804 2784; x_wconf 80' lang='lat' dir='ltr'><strong>spiritum</strong></span> <span class='ocrx_word' id='word_1_650' title='bbox 2831 2712 3150 2784; x_wconf 82' lang='lat' dir='ltr'><strong>adoptionis,</strong></span> <span class='ocrx_word' id='word_1_651' title='bbox 3176 2713 3233 2768; x_wconf 87' lang='lat' dir='ltr'><strong>in</strong></span> <span class='ocrx_word' id='word_1_652' title='bbox 3259 2731 3364 2786; x_wconf 86' lang='lat' dir='ltr'><strong>quo</strong></span> <span class='ocrx_word' id='word_1_653' title='bbox 3396 2716 3599 2773; x_wconf 82' lang='lat' dir='ltr'><strong>clama-</strong></span> 
     </span>
    </p>
   </div>
   <div class='ocr_carea' id='block_1_85' title="bbox 2010 2799 3592 2879">
    <p class='ocr_par' dir='ltr' id='par_1_85' title="bbox 2010 2799 3592 2879">
     <span class='ocr_line' id='line_1_85' title="bbox 2010 2799 3592 2879; baseline 0.006 -25"><span class='ocrx_word' id='word_1_654' title='bbox 2010 2815 2126 2855; x_wconf 87' lang='lat' dir='ltr'><strong>mus</strong></span> <span class='ocrx_word' id='word_1_655' title='bbox 2148 2815 2168 2854; x_wconf 92' lang='lat'><strong><em>:</em></strong></span> <span class='ocrx_word' id='word_1_656' title='bbox 2192 2799 2337 2854; x_wconf 81' lang='lat' dir='ltr'><strong>Abba</strong></span> <span class='ocrx_word' id='word_1_657' title='bbox 2356 2810 2523 2871; x_wconf 88' lang='lat' dir='ltr'><strong>pater.</strong></span> <span class='ocrx_word' id='word_1_658' title='bbox 2555 2801 2741 2872; x_wconf 88' lang='lat' dir='ltr'><strong>Neque</strong></span> <span class='ocrx_word' id='word_1_659' title='bbox 2774 2803 2922 2858; x_wconf 90' lang='lat' dir='ltr'><strong>enim</strong></span> <span class='ocrx_word' id='word_1_660' title='bbox 2941 2812 3098 2875; x_wconf 91' lang='lat' dir='ltr'><strong>pater</strong></span> <span class='ocrx_word' id='word_1_661' title='bbox 3123 2805 3261 2861; x_wconf 91' lang='lat' dir='ltr'><strong>alius</strong></span> <span class='ocrx_word' id='word_1_662' title='bbox 3279 2808 3592 2879; x_wconf 87' lang='lat' dir='ltr'><strong>quisquam,</strong></span> 
     </span>
    </p>
   </div>
   <div class='ocr_carea' id='block_1_86' title="bbox 2012 2889 3598 2967">
    <p class='ocr_par' dir='ltr' id='par_1_86' title="bbox 2012 2889 3598 2967">
     <span class='ocr_line' id='line_1_86' title="bbox 2012 2889 3598 2967; baseline 0.006 -23"><span class='ocrx_word' id='word_1_663' title='bbox 2012 2889 2118 2945; x_wconf 72' lang='lat' dir='ltr'><strong>nisi</strong></span> <span class='ocrx_word' id='word_1_664' title='bbox 2139 2889 2301 2956; x_wconf 91' lang='lat' dir='ltr'><strong>ﬁlius,</strong></span> <span class='ocrx_word' id='word_1_665' title='bbox 2316 2901 2472 2947; x_wconf 89' lang='lat' dir='ltr'><strong>vocat</strong></span> <span class='ocrx_word' id='word_1_666' title='bbox 2494 2892 2676 2948; x_wconf 84' lang='lat' dir='ltr'><strong>:Abba</strong></span> <span class='ocrx_word' id='word_1_667' title='bbox 2691 2901 2864 2964; x_wconf 90' lang='lat' dir='ltr'><strong>pater.</strong></span> <span class='ocrx_word' id='word_1_668' title='bbox 2888 2893 2991 2961; x_wconf 90' lang='lat' dir='ltr'><strong>Qui</strong></span> <span class='ocrx_word' id='word_1_669' title='bbox 3005 2904 3162 2951; x_wconf 87' lang='lat' dir='ltr'><strong>vocat</strong></span> <span class='ocrx_word' id='word_1_670' title='bbox 3174 2904 3405 2967; x_wconf 89' lang='lat' dir='ltr'><strong>patrem,</strong></span> <span class='ocrx_word' id='word_1_671' title='bbox 3426 2898 3598 2955; x_wconf 90' lang='lat' dir='ltr'><strong>ﬁlium</strong></span> 
     </span>
    </p>
   </div>
   <div class='ocr_carea' id='block_1_87' title="bbox 2012 2983 3592 3059">
    <p class='ocr_par' dir='ltr' id='par_1_87' title="bbox 2012 2983 3592 3059">
     <span class='ocr_line' id='line_1_87' title="bbox 2012 2983 3592 3059; baseline 0.006 -21"><span class='ocrx_word' id='word_1_672' title='bbox 2012 2998 2071 3040; x_wconf 88' lang='lat' dir='ltr'><strong>se</strong></span> <span class='ocrx_word' id='word_1_673' title='bbox 2096 2983 2425 3054; x_wconf 89' lang='lat' dir='ltr'><strong>proﬁtetur:</strong></span> <span class='ocrx_word' id='word_1_674' title='bbox 2473 2985 2630 3041; x_wconf 88' lang='lat' dir='ltr'><strong>debet</strong></span> <span class='ocrx_word' id='word_1_675' title='bbox 2658 3001 2788 3059; x_wconf 90' lang='lat' dir='ltr'><strong>ergo</strong></span> <span class='ocrx_word' id='word_1_676' title='bbox 2817 2989 2872 3042; x_wconf 92' lang='lat' dir='ltr'><strong>in</strong></span> <span class='ocrx_word' id='word_1_677' title='bbox 2902 2987 3145 3045; x_wconf 89' lang='lat' dir='ltr'><strong>moribus</strong></span> <span class='ocrx_word' id='word_1_678' title='bbox 3192 2990 3386 3046; x_wconf 91' lang='lat' dir='ltr'><strong>similis</strong></span> <span class='ocrx_word' id='word_1_679' title='bbox 3439 2991 3592 3048; x_wconf 87' lang='lat' dir='ltr'><strong>inve-</strong></span> 
     </span>
    </p>
   </div>
   <div class='ocr_carea' id='block_1_88' title="bbox 2011 3073 3594 3154">
    <p class='ocr_par' dir='ltr' id='par_1_88' title="bbox 2011 3073 3594 3154">
     <span class='ocr_line' id='line_1_88' title="bbox 2011 3073 3594 3154; baseline 0.007 -27"><span class='ocrx_word' id='word_1_680' title='bbox 2011 3073 2137 3139; x_wconf 89' lang='lat' dir='ltr'><strong>niri,</strong></span> <span class='ocrx_word' id='word_1_681' title='bbox 2167 3089 2231 3129; x_wconf 90' lang='lat' dir='ltr'><strong>ne</strong></span> <span class='ocrx_word' id='word_1_682' title='bbox 2258 3088 2356 3145; x_wconf 88' lang='lat' dir='ltr'><strong>pro</strong></span> <span class='ocrx_word' id='word_1_683' title='bbox 2393 3075 2612 3132; x_wconf 87' lang='lat' dir='ltr'><strong>nomine</strong></span> <span class='ocrx_word' id='word_1_684' title='bbox 2655 3091 2869 3149; x_wconf 90' lang='lat' dir='ltr'><strong>quoque</strong></span> <span class='ocrx_word' id='word_1_685' title='bbox 2920 3077 2978 3133; x_wconf 90' lang='lat' dir='ltr'><strong>in</strong></span> <span class='ocrx_word' id='word_1_686' title='bbox 3026 3092 3256 3135; x_wconf 87' lang='lat' dir='ltr'><strong>vacuum</strong></span> <span class='ocrx_word' id='word_1_687' title='bbox 3312 3090 3594 3154; x_wconf 88' lang='lat' dir='ltr'><strong>usurpato,</strong></span> 
     </span>
    </p>
   </div>
   <div class='ocr_carea' id='block_1_89' title="bbox 2013 3163 3600 3239">
    <p class='ocr_par' dir='ltr' id='par_1_89' title="bbox 2013 3163 3600 3239">
     <span class='ocr_line' id='line_1_89' title="bbox 2013 3163 3600 3239; baseline 0.006 -21"><span class='ocrx_word' id='word_1_688' title='bbox 2013 3163 2206 3233; x_wconf 91' lang='lat' dir='ltr'><strong>majori</strong></span> <span class='ocrx_word' id='word_1_689' title='bbox 2223 3180 2398 3236; x_wconf 67' lang='lat' dir='ltr'><strong>paenae</strong></span> <span class='ocrx_word' id='word_1_690' title='bbox 2427 3167 2722 3237; x_wconf 90' lang='lat' dir='ltr'><strong>subjaceat.</strong></span> <span class='ocrx_word' id='word_1_691' title='bbox 2758 3168 2905 3222; x_wconf 76' lang='lat' dir='ltr'><strong>Abbiz</strong></span> <span class='ocrx_word' id='word_1_692' title='bbox 2949 3177 3118 3239; x_wconf 77' lang='lat' dir='ltr'><strong>pater,</strong></span> <span class='ocrx_word' id='word_1_693' title='bbox 3167 3171 3256 3227; x_wconf 92' lang='lat' dir='ltr'><strong>hic</strong></span> <span class='ocrx_word' id='word_1_694' title='bbox 3300 3172 3405 3228; x_wconf 91' lang='lat' dir='ltr'><strong>duo</strong></span> <span class='ocrx_word' id='word_1_695' title='bbox 3432 3174 3600 3228; x_wconf 88' lang='lat' dir='ltr'><strong>verba</strong></span> 
     </span>
    </p>
   </div>
   <div class='ocr_carea' id='block_1_90' title="bbox 2012 3257 3598 3334">
    <p class='ocr_par' dir='ltr' id='par_1_90' title="bbox 2012 3257 3598 3334">
     <span class='ocr_line' id='line_1_90' title="bbox 2012 3257 3598 3334; baseline 0.006 -23"><span class='ocrx_word' id='word_1_696' title='bbox 2012 3271 2179 3311; x_wconf 85' lang='lat' dir='ltr'><strong>unum</strong></span> <span class='ocrx_word' id='word_1_697' title='bbox 2223 3257 2580 3328; x_wconf 88' lang='lat' dir='ltr'><strong>signiﬁcantia</strong></span> <span class='ocrx_word' id='word_1_698' title='bbox 2621 3258 2822 3329; x_wconf 91' lang='lat' dir='ltr'><strong>posuit,</strong></span> <span class='ocrx_word' id='word_1_699' title='bbox 2867 3269 3087 3332; x_wconf 90' lang='lat' dir='ltr'><strong>propter</strong></span> <span class='ocrx_word' id='word_1_700' title='bbox 3118 3261 3251 3319; x_wconf 93' lang='lat' dir='ltr'><strong>duos</strong></span> <span class='ocrx_word' id='word_1_701' title='bbox 3277 3263 3505 3334; x_wconf 85' lang='lat' dir='ltr'><strong>populos</strong></span> <span class='ocrx_word' id='word_1_702' title='bbox 3539 3265 3598 3320; x_wconf 94' lang='lat' dir='ltr'><strong>in</strong></span> 
     </span>
    </p>
   </div>
   <div class='ocr_carea' id='block_1_91' title="bbox 2011 3347 3449 3414">
    <p class='ocr_par' dir='ltr' id='par_1_91' title="bbox 2011 3347 3449 3414">
     <span class='ocr_line' id='line_1_91' title="bbox 2011 3347 3449 3414; baseline 0.006 -14"><span class='ocrx_word' id='word_1_703' title='bbox 2011 3361 2181 3401; x_wconf 89' lang='lat' dir='ltr'><strong>unum</strong></span> <span class='ocrx_word' id='word_1_704' title='bbox 2204 3347 2472 3414; x_wconf 91' lang='lat' dir='ltr'><strong>redactos,</strong></span> <span class='ocrx_word' id='word_1_705' title='bbox 2504 3358 2563 3404; x_wconf 93' lang='lat' dir='ltr'><strong>ut</strong></span> <span class='ocrx_word' id='word_1_706' title='bbox 2585 3365 2749 3404; x_wconf 90' lang='lat' dir='ltr'><strong>unum</strong></span> <span class='ocrx_word' id='word_1_707' title='bbox 2772 3365 2957 3406; x_wconf 92' lang='lat' dir='ltr'><strong>semen</strong></span> <span class='ocrx_word' id='word_1_708' title='bbox 2980 3351 3213 3407; x_wconf 84' lang='lat' dir='ltr'><strong>Abrahae</strong></span> <span class='ocrx_word' id='word_1_709' title='bbox 3237 3351 3449 3410; x_wconf 88' lang='lat' dir='ltr'><strong>ﬁerent.</strong></span> 
     </span>
    </p>
   </div>
   <div class='ocr_carea' id='block_1_92' title="bbox 2081 3439 3596 3517">
    <p class='ocr_par' dir='ltr' id='par_1_92' title="bbox 2081 3439 3596 3517">
     <span class='ocr_line' id='line_1_92' title="bbox 2081 3439 3596 3517; baseline 0.006 -23"><span class='ocrx_word' id='word_1_710' title='bbox 2081 3439 2202 3511; x_wconf 84' lang='lat' dir='ltr'><strong>Ipse</strong></span> <span class='ocrx_word' id='word_1_711' title='bbox 2232 3442 2447 3512; x_wconf 86' lang='lat' dir='ltr'><strong>spiritus</strong></span> <span class='ocrx_word' id='word_1_712' title='bbox 2492 3442 2846 3497; x_wconf 88' lang='lat' dir='ltr'><strong>testimonium</strong></span> <span class='ocrx_word' id='word_1_713' title='bbox 2875 3443 3102 3498; x_wconf 85' lang='lat' dir='ltr'><strong>reddidit</strong></span> <span class='ocrx_word' id='word_1_714' title='bbox 3148 3445 3360 3517; x_wconf 87' lang='lat' dir='ltr'><strong>spiritui</strong></span> <span class='ocrx_word' id='word_1_715' title='bbox 3391 3457 3596 3515; x_wconf 86' lang='lat' dir='ltr'><strong>nostra,</strong></span> 
     </span>
    </p>
   </div>
   <div class='ocr_carea' id='block_1_93' title="bbox 2008 3530 3598 3605">
    <p class='ocr_par' dir='ltr' id='par_1_93' title="bbox 2008 3530 3598 3605">
     <span class='ocr_line' id='line_1_93' title="bbox 2008 3530 3598 3605; baseline 0.008 -21"><span class='ocrx_word' id='word_1_716' title='bbox 2008 3530 2149 3602; x_wconf 87' lang='lat' dir='ltr'><strong>quod</strong></span> <span class='ocrx_word' id='word_1_717' title='bbox 2188 3547 2368 3586; x_wconf 89' lang='lat' dir='ltr'><strong>sumus</strong></span> <span class='ocrx_word' id='word_1_718' title='bbox 2397 3531 2515 3601; x_wconf 88' lang='lat' dir='ltr'><strong>ﬁlii.</strong></span> <span class='ocrx_word' id='word_1_719' title='bbox 2563 3532 2954 3589; x_wconf 89' lang='lat' dir='ltr'><strong>Testimonium</strong></span> <span class='ocrx_word' id='word_1_720' title='bbox 2988 3534 3290 3605; x_wconf 79' lang='lat' dir='ltr'><strong>adeptionis</strong></span> <span class='ocrx_word' id='word_1_721' title='bbox 3317 3540 3462 3605; x_wconf 87' lang='lat' dir='ltr'><strong>quod</strong></span> <span class='ocrx_word' id='word_1_722' title='bbox 3497 3539 3598 3597; x_wconf 84' lang='lat' dir='ltr'><strong>ha-</strong></span> 
     </span>
    </p>
   </div>
   <div class='ocr_carea' id='block_1_94' title="bbox 2006 3621 3598 3692">
    <p class='ocr_par' dir='ltr' id='par_1_94' title="bbox 2006 3621 3598 3692">
     <span class='ocr_line' id='line_1_94' title="bbox 2006 3621 3598 3692; baseline 0.004 -16"><span class='ocrx_word' id='word_1_723' title='bbox 2006 3622 2203 3676; x_wconf 88' lang='lat' dir='ltr'><strong>bemus</strong></span> <span class='ocrx_word' id='word_1_724' title='bbox 2261 3621 2548 3692; x_wconf 89' lang='lat' dir='ltr'><strong>spiritum,</strong></span> <span class='ocrx_word' id='word_1_725' title='bbox 2599 3638 2699 3692; x_wconf 90' lang='lat' dir='ltr'><strong>per</strong></span> <span class='ocrx_word' id='word_1_726' title='bbox 2748 3639 2908 3692; x_wconf 90' lang='lat' dir='ltr'><strong>quem</strong></span> <span class='ocrx_word' id='word_1_727' title='bbox 2963 3625 3037 3678; x_wconf 90' lang='lat' dir='ltr'><strong>ita</strong></span> <span class='ocrx_word' id='word_1_728' title='bbox 3088 3638 3349 3683; x_wconf 84' lang='lat' dir='ltr'><strong>oramus:</strong></span> <span class='ocrx_word' id='word_1_729' title='bbox 3388 3635 3598 3688; x_wconf 86' lang='lat' dir='ltr'><strong>tantam</strong></span> 
     </span>
    </p>
   </div>
   <div class='ocr_carea' id='block_1_95' title="bbox 2007 3715 3413 3788">
    <p class='ocr_par' dir='ltr' id='par_1_95' title="bbox 2007 3715 3413 3788">
     <span class='ocr_line' id='line_1_95' title="bbox 2007 3715 3413 3788; baseline 0.004 -19"><span class='ocrx_word' id='word_1_730' title='bbox 2007 3715 2154 3770; x_wconf 78' lang='lat' dir='ltr'><strong>enim</strong></span> <span class='ocrx_word' id='word_1_731' title='bbox 2173 3715 2391 3768; x_wconf 89' lang='lat' dir='ltr'><strong>arrham</strong></span> <span class='ocrx_word' id='word_1_732' title='bbox 2420 3729 2529 3768; x_wconf 91' lang='lat' dir='ltr'><strong>non</strong></span> <span class='ocrx_word' id='word_1_733' title='bbox 2553 3723 2825 3785; x_wconf 85' lang='lat' dir='ltr'><strong>poterant,</strong></span> <span class='ocrx_word' id='word_1_734' title='bbox 2861 3715 2967 3771; x_wconf 92' lang='lat' dir='ltr'><strong>nisi</strong></span> <span class='ocrx_word' id='word_1_735' title='bbox 3000 3715 3097 3771; x_wconf 91' lang='lat' dir='ltr'><strong>ﬁlii</strong></span> <span class='ocrx_word' id='word_1_736' title='bbox 3141 3717 3413 3788; x_wconf 89' lang='lat' dir='ltr'><strong>accipere.</strong></span> 
     </span>
    </p>
   </div>
   <div class='ocr_carea' id='block_1_96' title="bbox 2079 3802 3597 3873">
    <p class='ocr_par' dir='ltr' id='par_1_96' title="bbox 2079 3802 3597 3873">
     <span class='ocr_line' id='line_1_96' title="bbox 2079 3802 3597 3873; baseline 0.007 -15"><span class='ocrx_word' id='word_1_737' title='bbox 2079 3802 2140 3859; x_wconf 89' lang='lat' dir='ltr'><strong>Si</strong></span> <span class='ocrx_word' id='word_1_738' title='bbox 2168 3812 2342 3857; x_wconf 90' lang='lat' dir='ltr'><strong>autem</strong></span> <span class='ocrx_word' id='word_1_739' title='bbox 2366 3803 2486 3873; x_wconf 89' lang='lat' dir='ltr'><strong>ﬁlii,</strong></span> <span class='ocrx_word' id='word_1_740' title='bbox 2517 3813 2566 3858; x_wconf 92' lang='lat' dir='ltr'><strong>et</strong></span> <span class='ocrx_word' id='word_1_741' title='bbox 2608 3805 2862 3860; x_wconf 79' lang='lat' dir='ltr'><strong>hwredes.</strong></span> <span class='ocrx_word' id='word_1_742' title='bbox 2891 3805 3024 3862; x_wconf 89' lang='lat' dir='ltr'><strong>Cum</strong></span> <span class='ocrx_word' id='word_1_743' title='bbox 3067 3806 3209 3864; x_wconf 86' lang='lat' dir='ltr'><strong>Deus</strong></span> <span class='ocrx_word' id='word_1_744' title='bbox 3252 3807 3416 3866; x_wconf 86' lang='lat' dir='ltr'><strong>Pater</strong></span> <span class='ocrx_word' id='word_1_745' title='bbox 3443 3811 3597 3869; x_wconf 84' lang='lat' dir='ltr'><strong>nullo</strong></span> 
     </span>
    </p>
   </div>
   <div class='ocr_carea' id='block_1_97' title="bbox 2007 3897 3594 3973">
    <p class='ocr_par' dir='ltr' id='par_1_97' title="bbox 2007 3897 3594 3973">
     <span class='ocr_line' id='line_1_97' title="bbox 2007 3897 3594 3973; baseline 0.006 -20"><span class='ocrx_word' id='word_1_746' title='bbox 2007 3899 2167 3953; x_wconf 91' lang='lat' dir='ltr'><strong>modo</strong></span> <span class='ocrx_word' id='word_1_747' title='bbox 2190 3907 2438 3952; x_wconf 91' lang='lat' dir='ltr'><strong>mortuus</strong></span> <span class='ocrx_word' id='word_1_748' title='bbox 2461 3897 2566 3953; x_wconf 91' lang='lat' dir='ltr'><strong>dici</strong></span> <span class='ocrx_word' id='word_1_749' title='bbox 2590 3898 2784 3970; x_wconf 90' lang='lat' dir='ltr'><strong>possit,</strong></span> <span class='ocrx_word' id='word_1_750' title='bbox 2819 3899 3069 3956; x_wconf 91' lang='lat' dir='ltr'><strong>Christus</strong></span> <span class='ocrx_word' id='word_1_751' title='bbox 3093 3903 3211 3973; x_wconf 90' lang='lat' dir='ltr'><strong>ejus</strong></span> <span class='ocrx_word' id='word_1_752' title='bbox 3238 3901 3410 3959; x_wconf 90' lang='lat' dir='ltr'><strong>Filius</strong></span> <span class='ocrx_word' id='word_1_753' title='bbox 3444 3920 3594 3962; x_wconf 82' lang='lat' dir='ltr'><strong>mor—</strong></span> 
     </span>
    </p>
   </div>
   <div class='ocr_carea' id='block_1_98' title="bbox 1965 3986 3596 4062">
    <p class='ocr_par' dir='ltr' id='par_1_98' title="bbox 1965 3986 3596 4062">
     <span class='ocr_line' id='line_1_98' title="bbox 1965 3986 3596 4062; baseline 0.006 -21"><span class='ocrx_word' id='word_1_754' title='bbox 1965 4029 1971 4035; x_wconf 91' lang='lat'><strong>.</strong></span> <span class='ocrx_word' id='word_1_755' title='bbox 2007 3995 2132 4042; x_wconf 93' lang='lat' dir='ltr'><strong>tuus</strong></span> <span class='ocrx_word' id='word_1_756' title='bbox 2157 3986 2377 4042; x_wconf 88' lang='lat' dir='ltr'><strong>dicitur.</strong></span> <span class='ocrx_word' id='word_1_757' title='bbox 2404 3986 2578 4043; x_wconf 88' lang='lat' dir='ltr'><strong>Causa</strong></span> <span class='ocrx_word' id='word_1_758' title='bbox 2623 3987 3010 4045; x_wconf 90' lang='lat' dir='ltr'><strong>incarnationis</strong></span> <span class='ocrx_word' id='word_1_759' title='bbox 3039 3991 3254 4062; x_wconf 92' lang='lat' dir='ltr'><strong>quidem</strong></span> <span class='ocrx_word' id='word_1_760' title='bbox 3280 4001 3384 4061; x_wconf 90' lang='lat' dir='ltr'><strong>est,</strong></span> <span class='ocrx_word' id='word_1_761' title='bbox 3420 4002 3481 4048; x_wconf 90' lang='lat' dir='ltr'><strong>ut</strong></span> <span class='ocrx_word' id='word_1_762' title='bbox 3503 3994 3596 4050; x_wconf 91' lang='lat' dir='ltr'><strong>hic</strong></span> 
     </span>
    </p>
   </div>
   <div class='ocr_carea' id='block_1_99' title="bbox 2006 4075 3585 4154">
    <p class='ocr_par' dir='ltr' id='par_1_99' title="bbox 2006 4075 3585 4154">
     <span class='ocr_line' id='line_1_99' title="bbox 2006 4075 3585 4154; baseline 0.004 -18"><span class='ocrx_word' id='word_1_763' title='bbox 2006 4083 2098 4153; x_wconf 91' lang='lat' dir='ltr'><strong>qui</strong></span> <span class='ocrx_word' id='word_1_764' title='bbox 2121 4075 2364 4139; x_wconf 84' lang='lat' dir='ltr'><strong>mortuus</strong></span> <span class='ocrx_word' id='word_1_765' title='bbox 2391 4091 2496 4149; x_wconf 87' lang='lat' dir='ltr'><strong>est,</strong></span> <span class='ocrx_word' id='word_1_766' title='bbox 2518 4097 2732 4154; x_wconf 89' lang='lat' dir='ltr'><strong>semper</strong></span> <span class='ocrx_word' id='word_1_767' title='bbox 2751 4082 2979 4139; x_wconf 86' lang='lat' dir='ltr'><strong>viventis</strong></span> <span class='ocrx_word' id='word_1_768' title='bbox 3007 4085 3181 4140; x_wconf 85' lang='lat' dir='ltr'><strong>haeres</strong></span> <span class='ocrx_word' id='word_1_769' title='bbox 3201 4101 3322 4142; x_wconf 89' lang='lat' dir='ltr'><strong>esse</strong></span> <span class='ocrx_word' id='word_1_770' title='bbox 3346 4087 3585 4154; x_wconf 90' lang='lat' dir='ltr'><strong>dicatur,</strong></span> 
     </span>
    </p>
   </div>
   <div class='ocr_carea' id='block_1_100' title="bbox 2007 4177 3595 4248">
    <p class='ocr_par' dir='ltr' id='par_1_100' title="bbox 2007 4177 3595 4248">
     <span class='ocr_line' id='line_1_100' title="bbox 2007 4177 3595 4248; baseline 0.003 -17"><span class='ocrx_word' id='word_1_771' title='bbox 2007 4193 2131 4232; x_wconf 91' lang='lat' dir='ltr'><strong>cum</strong></span> <span class='ocrx_word' id='word_1_772' title='bbox 2163 4178 2404 4232; x_wconf 75' lang='lat' dir='ltr'><strong>lizeredes</strong></span> <span class='ocrx_word' id='word_1_773' title='bbox 2432 4177 2618 4248; x_wconf 90' lang='lat' dir='ltr'><strong>utique</strong></span> <span class='ocrx_word' id='word_1_774' title='bbox 2663 4192 2768 4231; x_wconf 90' lang='lat' dir='ltr'><strong>non</strong></span> <span class='ocrx_word' id='word_1_775' title='bbox 2815 4177 2920 4232; x_wconf 88' lang='lat' dir='ltr'><strong>nisi</strong></span> <span class='ocrx_word' id='word_1_776' title='bbox 2949 4187 3284 4234; x_wconf 91' lang='lat' dir='ltr'><strong>mortuorum</strong></span> <span class='ocrx_word' id='word_1_777' title='bbox 3314 4181 3442 4235; x_wconf 90' lang='lat' dir='ltr'><strong>sint.</strong></span> <span class='ocrx_word' id='word_1_778' title='bbox 3484 4179 3595 4235; x_wconf 91' lang='lat' dir='ltr'><strong>Sed</strong></span> 
     </span>
    </p>
   </div>
   <div class='ocr_carea' id='block_1_101' title="bbox 2006 4264 3594 4340">
    <p class='ocr_par' dir='ltr' id='par_1_101' title="bbox 2006 4264 3594 4340">
     <span class='ocr_line' id='line_1_101' title="bbox 2006 4264 3594 4340; baseline 0.003 -20"><span class='ocrx_word' id='word_1_779' title='bbox 2006 4264 2124 4321; x_wconf 61' lang='lat' dir='ltr'><strong>haec</strong></span> <span class='ocrx_word' id='word_1_780' title='bbox 2165 4281 2330 4322; x_wconf 89' lang='lat' dir='ltr'><strong>causa</strong></span> <span class='ocrx_word' id='word_1_781' title='bbox 2358 4267 2711 4321; x_wconf 90' lang='lat' dir='ltr'><strong>humanitatis</strong></span> <span class='ocrx_word' id='word_1_782' title='bbox 2747 4275 2867 4322; x_wconf 88' lang='lat' dir='ltr'><strong>est:</strong></span> <span class='ocrx_word' id='word_1_783' title='bbox 2903 4283 3026 4322; x_wconf 89' lang='lat' dir='ltr'><strong>nam</strong></span> <span class='ocrx_word' id='word_1_784' title='bbox 3061 4270 3203 4339; x_wconf 88' lang='lat' dir='ltr'><strong>apud</strong></span> <span class='ocrx_word' id='word_1_785' title='bbox 3240 4270 3431 4335; x_wconf 91' lang='lat' dir='ltr'><strong>Deum,</strong></span> <span class='ocrx_word' id='word_1_786' title='bbox 3471 4285 3594 4340; x_wconf 74' lang='lat' dir='ltr'><strong>quae</strong></span> 
     </span>
    </p>
   </div>
   <div class='ocr_carea' id='block_1_102' title="bbox 2007 4357 3592 4428">
    <p class='ocr_par' dir='ltr' id='par_1_102' title="bbox 2007 4357 3592 4428">
     <span class='ocr_line' id='line_1_102' title="bbox 2007 4357 3592 4428; baseline 0.001 -17"><span class='ocrx_word' id='word_1_787' title='bbox 2007 4358 2148 4427; x_wconf 91' lang='lat' dir='ltr'><strong>apud</strong></span> <span class='ocrx_word' id='word_1_788' title='bbox 2171 4373 2269 4412; x_wconf 89' lang='lat' dir='ltr'><strong>nos</strong></span> <span class='ocrx_word' id='word_1_789' title='bbox 2303 4357 2588 4412; x_wconf 76' lang='lat' dir='ltr'><strong>baereditas</strong></span> <span class='ocrx_word' id='word_1_790' title='bbox 2630 4358 2848 4424; x_wconf 89' lang='lat' dir='ltr'><strong>dicitur,</strong></span> <span class='ocrx_word' id='word_1_791' title='bbox 2880 4358 3080 4412; x_wconf 90' lang='lat' dir='ltr'><strong>donum</strong></span> <span class='ocrx_word' id='word_1_792' title='bbox 3127 4367 3210 4413; x_wconf 90' lang='lat' dir='ltr'><strong>est</strong></span> <span class='ocrx_word' id='word_1_793' title='bbox 3231 4361 3402 4428; x_wconf 89' lang='lat' dir='ltr'><strong>patris</strong></span> <span class='ocrx_word' id='word_1_794' title='bbox 3444 4359 3499 4414; x_wconf 91' lang='lat' dir='ltr'><strong>in</strong></span> <span class='ocrx_word' id='word_1_795' title='bbox 3526 4361 3592 4413; x_wconf 79' lang='lat' dir='ltr'><strong>ﬁ-</strong></span> 
     </span>
    </p>
   </div>
   <div class='ocr_carea' id='block_1_103' title="bbox 2006 4447 3584 4518">
    <p class='ocr_par' dir='ltr' id='par_1_103' title="bbox 2006 4447 3584 4518">
     <span class='ocr_line' id='line_1_103' title="bbox 2006 4447 3584 4518; baseline 0.001 -16"><span class='ocrx_word' id='word_1_796' title='bbox 2006 4447 2109 4503; x_wconf 90' lang='lat' dir='ltr'><strong>lios</strong></span> <span class='ocrx_word' id='word_1_797' title='bbox 2133 4447 2445 4503; x_wconf 89' lang='lat' dir='ltr'><strong>obedientes</strong></span> <span class='ocrx_word' id='word_1_798' title='bbox 2481 4447 2829 4503; x_wconf 83' lang='lat' dir='ltr'><strong>transfusum.</strong></span> <span class='ocrx_word' id='word_1_799' title='bbox 2857 4447 3040 4503; x_wconf 80' lang='lat' dir='ltr'><strong>Haeres</strong></span> <span class='ocrx_word' id='word_1_800' title='bbox 3067 4449 3188 4518; x_wconf 89' lang='lat' dir='ltr'><strong>quis</strong></span> <span class='ocrx_word' id='word_1_801' title='bbox 3209 4447 3442 4504; x_wconf 83' lang='lat' dir='ltr'><strong>eﬁicitur</strong></span> <span class='ocrx_word' id='word_1_802' title='bbox 3463 4448 3584 4514; x_wconf 92' lang='lat' dir='ltr'><strong>Dei,</strong></span> 
     </span>
    </p>
   </div>
   <div class='ocr_carea' id='block_1_104' title="bbox 2007 4539 3596 4612">
    <p class='ocr_par' dir='ltr' id='par_1_104' title="bbox 2007 4539 3596 4612">
     <span class='ocr_line' id='line_1_104' title="bbox 2007 4539 3596 4612; baseline -0.001 -17"><span class='ocrx_word' id='word_1_803' title='bbox 2007 4556 2130 4596; x_wconf 68' lang='lat' dir='ltr'><strong>cum</strong></span> <span class='ocrx_word' id='word_1_804' title='bbox 2151 4556 2270 4612; x_wconf 63' lang='lat' dir='ltr'><strong>quae</strong></span> <span class='ocrx_word' id='word_1_805' title='bbox 2297 4540 2395 4595; x_wconf 92' lang='lat' dir='ltr'><strong>Dei</strong></span> <span class='ocrx_word' id='word_1_806' title='bbox 2439 4548 2564 4594; x_wconf 90' lang='lat' dir='ltr'><strong>sunt</strong></span> <span class='ocrx_word' id='word_1_807' title='bbox 2601 4549 2841 4594; x_wconf 88' lang='lat' dir='ltr'><strong>meretur</strong></span> <span class='ocrx_word' id='word_1_808' title='bbox 2881 4539 3148 4609; x_wconf 89' lang='lat' dir='ltr'><strong>accipere,</strong></span> <span class='ocrx_word' id='word_1_809' title='bbox 3178 4540 3235 4596; x_wconf 91' lang='lat' dir='ltr'><strong>id</strong></span> <span class='ocrx_word' id='word_1_810' title='bbox 3277 4548 3379 4607; x_wconf 89' lang='lat' dir='ltr'><strong>est,</strong></span> <span class='ocrx_word' id='word_1_811' title='bbox 3408 4541 3596 4596; x_wconf 82' lang='lat' dir='ltr'><strong>incor-</strong></span> 
     </span>
    </p>
   </div>
   <div class='ocr_carea' id='block_1_105' title="bbox 2005 4628 3593 4701">
    <p class='ocr_par' dir='ltr' id='par_1_105' title="bbox 2005 4628 3593 4701">
     <span class='ocr_line' id='line_1_105' title="bbox 2005 4628 3593 4701; baseline -0.001 -14"><span class='ocrx_word' id='word_1_812' title='bbox 2005 4631 2268 4701; x_wconf 91' lang='lat' dir='ltr'><strong>ruptionis</strong></span> <span class='ocrx_word' id='word_1_813' title='bbox 2295 4638 2349 4685; x_wconf 86' lang='lat' dir='ltr'><strong>et</strong></span> <span class='ocrx_word' id='word_1_814' title='bbox 2396 4628 2818 4684; x_wconf 89' lang='lat' dir='ltr'><strong>immortalitatis</strong></span> <span class='ocrx_word' id='word_1_815' title='bbox 2875 4629 3124 4700; x_wconf 90' lang='lat' dir='ltr'><strong>gloriam,</strong></span> <span class='ocrx_word' id='word_1_816' title='bbox 3173 4629 3459 4688; x_wconf 89' lang='lat' dir='ltr'><strong>thesauros</strong></span> <span class='ocrx_word' id='word_1_817' title='bbox 3505 4646 3593 4686; x_wconf 89' lang='lat' dir='ltr'><strong>sa-</strong></span> 
     </span>
    </p>
   </div>
   <div class='ocr_carea' id='block_1_106' title="bbox 1998 4719 2943 4791">
    <p class='ocr_par' dir='ltr' id='par_1_106' title="bbox 1998 4719 2943 4791">
     <span class='ocr_line' id='line_1_106' title="bbox 1998 4719 2943 4791; baseline -0.004 -14"><span class='ocrx_word' id='word_1_818' title='bbox 1998 4721 2212 4791; x_wconf 64' lang='lat' dir='ltr'><strong>pientia:</strong></span> <span class='ocrx_word' id='word_1_819' title='bbox 2251 4729 2305 4776; x_wconf 91' lang='lat' dir='ltr'><strong>et</strong></span> <span class='ocrx_word' id='word_1_820' title='bbox 2342 4719 2580 4775; x_wconf 82' lang='lat' dir='ltr'><strong>scientiae</strong></span> <span class='ocrx_word' id='word_1_821' title='bbox 2615 4719 2943 4775; x_wconf 91' lang='lat' dir='ltr'><strong>reconditos.</strong></span> 
     </span>
    </p>
   </div>
   <div class='ocr_carea' id='block_1_107' title="bbox 2073 4807 3591 4881">
    <p class='ocr_par' dir='ltr' id='par_1_107' title="bbox 2073 4807 3591 4881">
     <span class='ocr_line' id='line_1_107' title="bbox 2073 4807 3591 4881; baseline -0.001 -15"><span class='ocrx_word' id='word_1_822' title='bbox 2073 4810 2381 4866; x_wconf 75' lang='lat' dir='ltr'><strong>Colueredes</strong></span> <span class='ocrx_word' id='word_1_823' title='bbox 2430 4826 2548 4864; x_wconf 82' lang='lat' dir='ltr'><strong>vero</strong></span> <span class='ocrx_word' id='word_1_824' title='bbox 2598 4807 2813 4864; x_wconf 86' lang='lat' dir='ltr'><strong>Christi.</strong></span> <span class='ocrx_word' id='word_1_825' title='bbox 2858 4808 2994 4866; x_wconf 90' lang='lat' dir='ltr'><strong>Cum</strong></span> <span class='ocrx_word' id='word_1_826' title='bbox 3027 4809 3425 4881; x_wconf 78' lang='lat' dir='ltr'><strong>transformabit</strong></span> <span class='ocrx_word' id='word_1_827' title='bbox 3472 4826 3591 4865; x_wconf 87' lang='lat' dir='ltr'><strong>cor-</strong></span> 
     </span>
    </p>
   </div>
   <div class='ocr_carea' id='block_1_108' title="bbox 1999 4904 3584 4978">
    <p class='ocr_par' dir='ltr' id='par_1_108' title="bbox 1999 4904 3584 4978">
     <span class='ocr_line' id='line_1_108' title="bbox 1999 4904 3584 4978; baseline -0.003 -18"><span class='ocrx_word' id='word_1_828' title='bbox 1999 4923 2098 4978; x_wconf 85' lang='lat' dir='ltr'><strong>pus</strong></span> <span class='ocrx_word' id='word_1_829' title='bbox 2123 4905 2435 4960; x_wconf 80' lang='lat' dir='ltr'><strong>humilitatis</strong></span> <span class='ocrx_word' id='word_1_830' title='bbox 2460 4915 2672 4971; x_wconf 70' lang='lat' dir='ltr'><strong>nostraz,</strong></span> <span class='ocrx_word' id='word_1_831' title='bbox 2703 4905 2967 4976; x_wconf 80' lang='lat' dir='ltr'><strong>conforme</strong></span> <span class='ocrx_word' id='word_1_832' title='bbox 2992 4907 3197 4977; x_wconf 88' lang='lat' dir='ltr'><strong>corpori</strong></span> <span class='ocrx_word' id='word_1_833' title='bbox 3240 4904 3421 4977; x_wconf 73' lang='lat' dir='ltr'><strong>gloria:</strong></span> <span class='ocrx_word' id='word_1_834' title='bbox 3446 4919 3584 4971; x_wconf 61' lang='lat' dir='ltr'><strong>suae,</strong></span> 
     </span>
    </p>
   </div>
   <div class='ocr_carea' id='block_1_109' title="bbox 2001 4997 3592 5068">
    <p class='ocr_par' dir='ltr' id='par_1_109' title="bbox 2001 4997 3592 5068">
     <span class='ocr_line' id='line_1_109' title="bbox 2001 4997 3592 5068; baseline -0.001 -16"><span class='ocrx_word' id='word_1_835' title='bbox 2001 4997 2142 5053; x_wconf 84' lang='lat' dir='ltr'><strong>sicut</strong></span> <span class='ocrx_word' id='word_1_836' title='bbox 2161 4998 2448 5068; x_wconf 79' lang='lat' dir='ltr'><strong>Apostolus</strong></span> <span class='ocrx_word' id='word_1_837' title='bbox 2469 4997 2534 5053; x_wconf 90' lang='lat' dir='ltr'><strong>ad</strong></span> <span class='ocrx_word' id='word_1_838' title='bbox 2562 4997 2816 5054; x_wconf 63' lang='lat' dir='ltr'><strong>Hebraeos</strong></span> <span class='ocrx_word' id='word_1_839' title='bbox 2838 4998 2989 5064; x_wconf 85' lang='lat' dir='ltr'><strong>dicit,</strong></span> <span class='ocrx_word' id='word_1_840' title='bbox 3017 4997 3403 5053; x_wconf 86' lang='lat' dir='ltr'><strong>Testamentum</strong></span> <span class='ocrx_word' id='word_1_841' title='bbox 3433 5004 3592 5050; x_wconf 85' lang='lat' dir='ltr'><strong>testa-</strong></span> 
     </span>
    </p>
   </div>
   <div class='ocr_carea' id='block_1_110' title="bbox 2003 5088 3590 5163">
    <p class='ocr_par' dir='ltr' id='par_1_110' title="bbox 2003 5088 3590 5163">
     <span class='ocr_line' id='line_1_110' title="bbox 2003 5088 3590 5163; baseline -0.001 -19"><span class='ocrx_word' id='word_1_842' title='bbox 2003 5091 2132 5144; x_wconf 90' lang='lat' dir='ltr'><strong>toris</strong></span> <span class='ocrx_word' id='word_1_843' title='bbox 2158 5099 2323 5143; x_wconf 90' lang='lat' dir='ltr'><strong>morte</strong></span> <span class='ocrx_word' id='word_1_844' title='bbox 2373 5090 2619 5160; x_wconf 82' lang='lat' dir='ltr'><strong>ﬁrmatur</strong></span> <span class='ocrx_word' id='word_1_845' title='bbox 2649 5088 2809 5160; x_wconf 85' lang='lat' dir='ltr'><strong>(Heb.</strong></span> <span class='ocrx_word' id='word_1_846' title='bbox 2859 5089 2975 5163; x_wconf 79' lang='lat' dir='ltr'><strong>ix):</strong></span> <span class='ocrx_word' id='word_1_847' title='bbox 3028 5096 3314 5158; x_wconf 89' lang='lat' dir='ltr'><strong>propterea</strong></span> <span class='ocrx_word' id='word_1_848' title='bbox 3368 5094 3590 5142; x_wconf 90' lang='lat' dir='ltr'><strong>mortuo</strong></span> 
     </span>
    </p>
   </div>
   <div class='ocr_carea' id='block_1_111' title="bbox 2001 5178 3589 5251">
    <p class='ocr_par' dir='ltr' id='par_1_111' title="bbox 2001 5178 3589 5251">
     <span class='ocr_line' id='line_1_111' title="bbox 2001 5178 3589 5251; baseline 0.001 -17"><span class='ocrx_word' id='word_1_849' title='bbox 2001 5195 2102 5251; x_wconf 91' lang='lat' dir='ltr'><strong>pro</strong></span> <span class='ocrx_word' id='word_1_850' title='bbox 2130 5180 2282 5235; x_wconf 91' lang='lat' dir='ltr'><strong>nobis</strong></span> <span class='ocrx_word' id='word_1_851' title='bbox 2308 5178 2542 5245; x_wconf 91' lang='lat' dir='ltr'><strong>Christo,</strong></span> <span class='ocrx_word' id='word_1_852' title='bbox 2573 5195 2769 5234; x_wconf 91' lang='lat' dir='ltr'><strong>novum</strong></span> <span class='ocrx_word' id='word_1_853' title='bbox 2799 5186 3182 5235; x_wconf 90' lang='lat' dir='ltr'><strong>testamentum</strong></span> <span class='ocrx_word' id='word_1_854' title='bbox 3208 5192 3330 5232; x_wconf 89' lang='lat' dir='ltr'><strong>esse</strong></span> <span class='ocrx_word' id='word_1_855' title='bbox 3370 5181 3589 5245; x_wconf 89' lang='lat' dir='ltr'><strong>asserit,</strong></span> 
     </span>
    </p>
   </div>
   <div class='ocr_carea' id='block_1_112' title="bbox 2009 5271 3590 5341">
    <p class='ocr_par' dir='ltr' id='par_1_112' title="bbox 2009 5271 3590 5341">
     <span class='ocr_line' id='line_1_112' title="bbox 2009 5271 3590 5341; baseline -0.001 -14"><span class='ocrx_word' id='word_1_856' title='bbox 2009 5271 2167 5341; x_wconf 92' lang='lat' dir='ltr'><strong>cujus</strong></span> <span class='ocrx_word' id='word_1_857' title='bbox 2214 5271 2510 5327; x_wconf 90' lang='lat' dir='ltr'><strong>similitudo</strong></span> <span class='ocrx_word' id='word_1_858' title='bbox 2544 5281 2700 5326; x_wconf 89' lang='lat' dir='ltr'><strong>vetus</strong></span> <span class='ocrx_word' id='word_1_859' title='bbox 2754 5276 3135 5327; x_wconf 89' lang='lat' dir='ltr'><strong>testamentum</strong></span> <span class='ocrx_word' id='word_1_860' title='bbox 3186 5279 3326 5337; x_wconf 89' lang='lat' dir='ltr'><strong>crat,</strong></span> <span class='ocrx_word' id='word_1_861' title='bbox 3379 5271 3434 5324; x_wconf 92' lang='lat' dir='ltr'><strong>in</strong></span> <span class='ocrx_word' id='word_1_862' title='bbox 3479 5287 3590 5340; x_wconf 88' lang='lat' dir='ltr'><strong>quo</strong></span> 
     </span>
    </p>
   </div>
   <div class='ocr_carea' id='block_1_113' title="bbox 2004 5357 3588 5434">
    <p class='ocr_par' dir='ltr' id='par_1_113' title="bbox 2004 5357 3588 5434">
     <span class='ocr_line' id='line_1_113' title="bbox 2004 5357 3588 5434; baseline -0.003 -16"><span class='ocrx_word' id='word_1_863' title='bbox 2004 5377 2151 5418; x_wconf 89' lang='lat' dir='ltr'><strong>mors</strong></span> <span class='ocrx_word' id='word_1_864' title='bbox 2192 5363 2468 5418; x_wconf 89' lang='lat' dir='ltr'><strong>testatoris</strong></span> <span class='ocrx_word' id='word_1_865' title='bbox 2517 5377 2616 5434; x_wconf 89' lang='lat' dir='ltr'><strong>per</strong></span> <span class='ocrx_word' id='word_1_866' title='bbox 2677 5363 2958 5418; x_wconf 89' lang='lat' dir='ltr'><strong>victimam</strong></span> <span class='ocrx_word' id='word_1_867' title='bbox 3000 5357 3468 5431; x_wconf 86' lang='lat' dir='ltr'><strong>praeﬁgurabatur.</strong></span> <span class='ocrx_word' id='word_1_868' title='bbox 3527 5359 3588 5415; x_wconf 92' lang='lat' dir='ltr'><strong>Si</strong></span> 
     </span>
    </p>
   </div>
   <div class='ocr_carea' id='block_1_114' title="bbox 2005 5453 3589 5524">
    <p class='ocr_par' dir='ltr' id='par_1_114' title="bbox 2005 5453 3589 5524">
     <span class='ocr_line' id='line_1_114' title="bbox 2005 5453 3589 5524; baseline 0 -18"><span class='ocrx_word' id='word_1_869' title='bbox 2005 5467 2134 5523; x_wconf 89' lang='lat' dir='ltr'><strong>ergo</strong></span> <span class='ocrx_word' id='word_1_870' title='bbox 2181 5463 2458 5524; x_wconf 71' lang='lat' dir='ltr'><strong>quaeratur</strong></span> <span class='ocrx_word' id='word_1_871' title='bbox 2504 5454 2774 5524; x_wconf 92' lang='lat' dir='ltr'><strong>quomodo</strong></span> <span class='ocrx_word' id='word_1_872' title='bbox 2843 5453 3013 5508; x_wconf 90' lang='lat' dir='ltr'><strong>simus</strong></span> <span class='ocrx_word' id='word_1_873' title='bbox 3070 5453 3366 5508; x_wconf 90' lang='lat' dir='ltr'><strong>secundum</strong></span> <span class='ocrx_word' id='word_1_874' title='bbox 3420 5453 3589 5506; x_wconf 87' lang='lat' dir='ltr'><strong>verba</strong></span> 
     </span>
    </p>
   </div>
   <div class='ocr_carea' id='block_1_115' title="bbox 2004 5540 3588 5613">
    <p class='ocr_par' dir='ltr' id='par_1_115' title="bbox 2004 5540 3588 5613">
     <span class='ocr_line' id='line_1_115' title="bbox 2004 5540 3588 5613; baseline -0.001 -15"><span class='ocrx_word' id='word_1_875' title='bbox 2004 5542 2242 5611; x_wconf 80' lang='lat' dir='ltr'><strong>ejusdem</strong></span> <span class='ocrx_word' id='word_1_876' title='bbox 2269 5542 2510 5613; x_wconf 82' lang='lat' dir='ltr'><strong>Apostoli</strong></span> <span class='ocrx_word' id='word_1_877' title='bbox 2555 5544 2866 5599; x_wconf 88' lang='lat' dir='ltr'><strong>cohaerech</strong></span> <span class='ocrx_word' id='word_1_878' title='bbox 2907 5540 3133 5609; x_wconf 89' lang='lat' dir='ltr'><strong>Christi,</strong></span> <span class='ocrx_word' id='word_1_879' title='bbox 3165 5542 3366 5612; x_wconf 89' lang='lat' dir='ltr'><strong>ﬁatque</strong></span> <span class='ocrx_word' id='word_1_880' title='bbox 3407 5543 3588 5597; x_wconf 74' lang='lat' dir='ltr'><strong>haeres</strong></span> 
     </span>
    </p>
   </div>
   <div class='ocr_carea' id='block_1_116' title="bbox 2003 5631 3586 5701">
    <p class='ocr_par' dir='ltr' id='par_1_116' title="bbox 2003 5631 3586 5701">
     <span class='ocr_line' id='line_1_116' title="bbox 2003 5631 3586 5701; baseline -0.004 -11"><span class='ocrx_word' id='word_1_881' title='bbox 2003 5634 2120 5701; x_wconf 92' lang='lat' dir='ltr'><strong>Dei,</strong></span> <span class='ocrx_word' id='word_1_882' title='bbox 2151 5649 2272 5689; x_wconf 91' lang='lat' dir='ltr'><strong>cum</strong></span> <span class='ocrx_word' id='word_1_883' title='bbox 2301 5633 2590 5688; x_wconf 66' lang='lat' dir='ltr'><strong>haereditas</strong></span> <span class='ocrx_word' id='word_1_884' title='bbox 2631 5641 2805 5688; x_wconf 90' lang='lat' dir='ltr'><strong>morte</strong></span> <span class='ocrx_word' id='word_1_885' title='bbox 2845 5632 3146 5688; x_wconf 89' lang='lat' dir='ltr'><strong>decessoris</strong></span> <span class='ocrx_word' id='word_1_886' title='bbox 3201 5631 3356 5686; x_wconf 86' lang='lat' dir='ltr'><strong>ﬁrma</strong></span> <span class='ocrx_word' id='word_1_887' title='bbox 3395 5640 3586 5686; x_wconf 91' lang='lat' dir='ltr'><strong>tenea-</strong></span> 
     </span>
    </p>
   </div>
   <div class='ocr_carea' id='block_1_117' title="bbox 2002 5721 3582 5796">
    <p class='ocr_par' dir='ltr' id='par_1_117' title="bbox 2002 5721 3582 5796">
     <span class='ocr_line' id='line_1_117' title="bbox 2002 5721 3582 5796; baseline -0.006 -13"><span class='ocrx_word' id='word_1_888' title='bbox 2002 5735 2114 5792; x_wconf 91' lang='lat' dir='ltr'><strong>tur,</strong></span> <span class='ocrx_word' id='word_1_889' title='bbox 2164 5740 2266 5781; x_wconf 93' lang='lat' dir='ltr'><strong>nec</strong></span> <span class='ocrx_word' id='word_1_890' title='bbox 2307 5725 2416 5781; x_wconf 91' lang='lat' dir='ltr'><strong>ullo</strong></span> <span class='ocrx_word' id='word_1_891' title='bbox 2452 5725 2559 5781; x_wconf 91' lang='lat' dir='ltr'><strong>alio</strong></span> <span class='ocrx_word' id='word_1_892' title='bbox 2592 5724 2754 5781; x_wconf 91' lang='lat' dir='ltr'><strong>modo</strong></span> <span class='ocrx_word' id='word_1_893' title='bbox 2793 5724 3082 5781; x_wconf 62' lang='lat' dir='ltr'><strong>haereditas</strong></span> <span class='ocrx_word' id='word_1_894' title='bbox 3117 5723 3288 5796; x_wconf 87' lang='lat' dir='ltr'><strong>possit</strong></span> <span class='ocrx_word' id='word_1_895' title='bbox 3326 5721 3582 5792; x_wconf 88' lang='lat' dir='ltr'><strong>intelligi,</strong></span> 
     </span>
    </p>
   </div>
   <div class='ocr_carea' id='block_1_118' title="bbox 1997 5813 3583 5892">
    <p class='ocr_par' dir='ltr' id='par_1_118' title="bbox 1997 5813 3583 5892">
     <span class='ocr_line' id='line_1_118' title="bbox 1997 5813 3583 5892; baseline -0.006 -15"><span class='ocrx_word' id='word_1_896' title='bbox 1997 5821 2370 5892; x_wconf 87' lang='lat' dir='ltr'><strong>respondetur,</strong></span> <span class='ocrx_word' id='word_1_897' title='bbox 2406 5821 2522 5892; x_wconf 89' lang='lat' dir='ltr'><strong>ipso</strong></span> <span class='ocrx_word' id='word_1_898' title='bbox 2570 5817 2791 5878; x_wconf 79' lang='lat' dir='ltr'><strong>quidem</strong></span> <span class='ocrx_word' id='word_1_899' title='bbox 2839 5826 3064 5877; x_wconf 87' lang='lat' dir='ltr'><strong>mortuo.</strong></span> <span class='ocrx_word' id='word_1_900' title='bbox 3115 5831 3215 5872; x_wconf 92' lang='lat' dir='ltr'><strong>nos</strong></span> <span class='ocrx_word' id='word_1_901' title='bbox 3263 5813 3433 5869; x_wconf 87' lang='lat' dir='ltr'><strong>factos</strong></span> <span class='ocrx_word' id='word_1_902' title='bbox 3461 5825 3583 5876; x_wconf 75' lang='lat' dir='ltr'><strong>esse</strong></span> 
     </span>
    </p>
   </div>
   <div class='ocr_carea' id='block_1_119' title="bbox 3107 5910 3145 5969">
    <p class='ocr_par' dir='ltr' id='par_1_119' title="bbox 3107 5910 3145 5969">
     <span class='ocr_line' id='line_1_119' title="bbox 3107 5910 3145 5969; baseline 0 0"><span class='ocrx_word' id='word_1_903' title='bbox 3107 5910 3145 5969; x_wconf 88' lang='lat'>3</span> 
     </span>
    </p>
   </div>
  </div>
