  <div class='ocr_page' id='page_1' title='image "/cluster/home/n/w/nwhite01/storage/ocr_20150623/103/hvd.32044015466816/043.png"; bbox 0 0 4108 6334; ppageno 0'>
   <div class='ocr_carea' id='block_1_1' title="bbox 569 426 3517 516">
    <p class='ocr_par' dir='ltr' id='par_1_1' title="bbox 569 426 3517 516">
     <span class='ocr_line' id='line_1_1' title="bbox 569 426 3517 516; baseline -0.003 0"><span class='ocrx_word' id='word_1_1' title='bbox 569 454 640 516; x_wconf 70' lang='lat' dir='ltr'><strong>is</strong></span> <span class='ocrx_word' id='word_1_2' title='bbox 1361 465 1364 468; x_wconf 52' lang='grc' dir='ltr'><em>η</em></span> <span class='ocrx_word' id='word_1_3' title='bbox 1884 426 1889 431; x_wconf 75' lang='grc'><strong>’</strong></span> <span class='ocrx_word' id='word_1_4' title='bbox 1982 438 2259 506; x_wconf 72' lang='lat' dir='ltr'><strong>senum</strong></span> <span class='ocrx_word' id='word_1_5' title='bbox 2293 438 2493 511; x_wconf 74' lang='lat' dir='ltr'><strong>suun</strong></span> <span class='ocrx_word' id='word_1_6' title='bbox 2722 434 2723 437; x_wconf 46' lang='lat'>‘</span> <span class='ocrx_word' id='word_1_7' title='bbox 3516 426 3517 429; x_wconf 6' lang='grc' dir='ltr'>γ</span> 
     </span>
    </p>
   </div>
   <div class='ocr_carea' id='block_1_2' title="bbox 568 451 3831 643">
    <p class='ocr_par' dir='ltr' id='par_1_2' title="bbox 568 451 3831 643">
     <span class='ocr_line' id='line_1_2' title="bbox 569 451 3831 518; baseline -0.003 -2"><span class='ocrx_word' id='word_1_8' title='bbox 569 454 640 518; x_wconf 66' lang='grc'><strong>78</strong></span> <span class='ocrx_word' id='word_1_9' title='bbox 1361 465 1364 468; x_wconf 78' lang='grc'><strong>’</strong></span> <span class='ocrx_word' id='word_1_10' title='bbox 1982 451 2259 506; x_wconf 73' lang='lat' dir='ltr'><strong>SEDULH</strong></span> <span class='ocrx_word' id='word_1_11' title='bbox 2293 451 2493 511; x_wconf 72' lang='grc' dir='ltr'><strong>δα)τί</strong></span> <span class='ocrx_word' id='word_1_12' title='bbox 3751 451 3831 515; x_wconf 67' lang='grc' dir='ltr'><strong>τι</strong></span> 
     </span>
     <span class='ocr_line' id='line_1_3' title="bbox 568 552 3830 643; baseline -0.008 -11"><span class='ocrx_word' id='word_1_13' title='bbox 568 575 839 637; x_wconf 59' lang='grc' dir='ltr'><strong>»ιιι-κ,</strong></span> <span class='ocrx_word' id='word_1_14' title='bbox 860 581 977 640; x_wconf 66' lang='lat' dir='ltr'><strong>quo</strong></span> <span class='ocrx_word' id='word_1_15' title='bbox 1000 564 1101 624; x_wconf 80' lang='lat' dir='ltr'><strong>ﬁlii</strong></span> <span class='ocrx_word' id='word_1_16' title='bbox 1119 566 1285 623; x_wconf 72' lang='lat' dir='ltr'><strong>etiam</strong></span> <span class='ocrx_word' id='word_1_17' title='bbox 1300 560 1422 638; x_wconf 66' lang='lat' dir='ltr'><strong>eius</strong></span> <span class='ocrx_word' id='word_1_18' title='bbox 1446 560 1577 623; x_wconf 82' lang='lat' dir='ltr'><strong>dicti</strong></span> <span class='ocrx_word' id='word_1_19' title='bbox 1608 570 1817 620; x_wconf 82' lang='lat' dir='ltr'><strong>sumus.</strong></span> <span class='ocrx_word' id='word_1_20' title='bbox 1843 554 1969 616; x_wconf 75' lang='lat' dir='ltr'><strong>Nan</strong></span> <span class='ocrx_word' id='word_1_21' title='bbox 1986 560 2138 633; x_wconf 63' lang='grc' dir='ltr'><strong>Μαι</strong></span> <span class='ocrx_word' id='word_1_22' title='bbox 2163 560 2218 623; x_wconf 74' lang='grc' dir='ltr'>Α</span> <span class='ocrx_word' id='word_1_23' title='bbox 2242 560 2454 621; x_wconf 84' lang='lat' dir='ltr'><strong>sionum</strong></span> <span class='ocrx_word' id='word_1_24' title='bbox 2478 582 2492 617; x_wconf 86' lang='lat'><strong>:</strong></span> <span class='ocrx_word' id='word_1_25' title='bbox 2523 554 2650 619; x_wconf 78' lang='lat' dir='ltr'><strong>Non</strong></span> <span class='ocrx_word' id='word_1_26' title='bbox 2693 564 2829 620; x_wconf 71' lang='lat' dir='ltr'><strong>enim</strong></span> <span class='ocrx_word' id='word_1_27' title='bbox 2856 552 3130 636; x_wconf 60' lang='lat' dir='ltr'><strong>condignw</strong></span> <span class='ocrx_word' id='word_1_28' title='bbox 3176 566 3299 631; x_wconf 64' lang='lat' dir='ltr'><strong>sunt</strong></span> <span class='ocrx_word' id='word_1_29' title='bbox 3344 574 3615 637; x_wconf 56' lang='lat' dir='ltr'><strong>manu</strong></span> <span class='ocrx_word' id='word_1_30' title='bbox 3665 568 3830 643; x_wconf 54' lang='grc' dir='ltr'><strong>Νη</strong></span> 
     </span>
    </p>
   </div>
   <div class='ocr_carea' id='block_1_3' title="bbox 568 650 2141 733">
    <p class='ocr_par' dir='ltr' id='par_1_3' title="bbox 568 650 2141 733">
     <span class='ocr_line' id='line_1_4' title="bbox 568 650 2141 733; baseline -0.008 -13"><span class='ocrx_word' id='word_1_31' title='bbox 568 672 722 733; x_wconf 62' lang='lat' dir='ltr'><strong>aut,</strong></span> <span class='ocrx_word' id='word_1_32' title='bbox 743 662 942 733; x_wconf 77' lang='lat' dir='ltr'><strong>inquit,</strong></span> <span class='ocrx_word' id='word_1_33' title='bbox 966 660 1067 731; x_wconf 72' lang='lat' dir='ltr'><strong>ﬁlii</strong></span> <span class='ocrx_word' id='word_1_34' title='bbox 1094 661 1290 732; x_wconf 68' lang='lat' dir='ltr'><strong>opimi,</strong></span> <span class='ocrx_word' id='word_1_35' title='bbox 1338 656 1571 731; x_wconf 79' lang='lat' dir='ltr'><strong>quandiu</strong></span> <span class='ocrx_word' id='word_1_36' title='bbox 1599 662 1716 710; x_wconf 80' lang='lat' dir='ltr'><strong>cum</strong></span> <span class='ocrx_word' id='word_1_37' title='bbox 1742 650 1852 709; x_wconf 85' lang='lat' dir='ltr'><strong>illis</strong></span> <span class='ocrx_word' id='word_1_38' title='bbox 1882 661 1960 708; x_wconf 84' lang='lat' dir='ltr'><strong>est</strong></span> <span class='ocrx_word' id='word_1_39' title='bbox 1983 666 2141 724; x_wconf 83' lang='lat' dir='ltr'><strong>spon-</strong></span> 
     </span>
    </p>
   </div>
   <div class='ocr_carea' id='block_1_4' title="bbox 567 744 2139 830">
    <p class='ocr_par' dir='ltr' id='par_1_4' title="bbox 567 744 2139 830">
     <span class='ocr_line' id='line_1_5' title="bbox 567 744 2139 830; baseline -0.007 -13"><span class='ocrx_word' id='word_1_40' title='bbox 567 774 681 817; x_wconf 76' lang='lat' dir='ltr'><strong>sus.</strong></span> <span class='ocrx_word' id='word_1_41' title='bbox 708 758 963 815; x_wconf 78' lang='lat' dir='ltr'><strong>Haeredes</strong></span> <span class='ocrx_word' id='word_1_42' title='bbox 980 770 1116 830; x_wconf 71' lang='lat' dir='ltr'><strong>ergo</strong></span> <span class='ocrx_word' id='word_1_43' title='bbox 1137 755 1257 827; x_wconf 74' lang='lat' dir='ltr'><strong>eius</strong></span> <span class='ocrx_word' id='word_1_44' title='bbox 1279 756 1541 819; x_wconf 84' lang='lat' dir='ltr'><strong>dicemur,</strong></span> <span class='ocrx_word' id='word_1_45' title='bbox 1579 750 1706 822; x_wconf 84' lang='lat' dir='ltr'><strong>quia</strong></span> <span class='ocrx_word' id='word_1_46' title='bbox 1731 744 1951 821; x_wconf 75' lang='lat' dir='ltr'><strong>reliquit</strong></span> <span class='ocrx_word' id='word_1_47' title='bbox 1983 744 2139 806; x_wconf 88' lang='lat' dir='ltr'><strong>nobis</strong></span> 
     </span>
    </p>
   </div>
   <div class='ocr_carea' id='block_1_5' title="bbox 564 844 2141 923">
    <p class='ocr_par' dir='ltr' id='par_1_5' title="bbox 564 844 2141 923">
     <span class='ocr_line' id='line_1_6' title="bbox 564 844 2141 923; baseline -0.008 -14"><span class='ocrx_word' id='word_1_48' title='bbox 564 853 718 923; x_wconf 79' lang='lat' dir='ltr'><strong>pacis</strong></span> <span class='ocrx_word' id='word_1_49' title='bbox 743 850 1126 908; x_wconf 75' lang='lat' dir='ltr'><strong>ecclesiastica:</strong></span> <span class='ocrx_word' id='word_1_50' title='bbox 1153 848 1565 918; x_wconf 85' lang='lat' dir='ltr'><strong>possessionem,</strong></span> <span class='ocrx_word' id='word_1_51' title='bbox 1612 844 1755 915; x_wconf 90' lang='lat' dir='ltr'><strong>quod</strong></span> <span class='ocrx_word' id='word_1_52' title='bbox 1788 851 2016 901; x_wconf 84' lang='lat' dir='ltr'><strong>testatus</strong></span> <span class='ocrx_word' id='word_1_53' title='bbox 2054 851 2141 915; x_wconf 81' lang='lat' dir='ltr'><strong>est</strong></span> 
     </span>
    </p>
   </div>
   <div class='ocr_carea' id='block_1_6' title="bbox 568 934 2139 1007">
    <p class='ocr_par' dir='ltr' id='par_1_6' title="bbox 568 934 2139 1007">
     <span class='ocr_line' id='line_1_7' title="bbox 568 934 2139 1007; baseline -0.008 -5"><span class='ocrx_word' id='word_1_54' title='bbox 568 946 790 1001; x_wconf 84' lang='lat' dir='ltr'><strong>dicens:</strong></span> <span class='ocrx_word' id='word_1_55' title='bbox 820 939 1015 996; x_wconf 84' lang='lat' dir='ltr'><strong>Pacem</strong></span> <span class='ocrx_word' id='word_1_56' title='bbox 1054 956 1222 995; x_wconf 82' lang='lat' dir='ltr'><strong>meum</strong></span> <span class='ocrx_word' id='word_1_57' title='bbox 1248 937 1315 993; x_wconf 87' lang='lat' dir='ltr'><strong>do</strong></span> <span class='ocrx_word' id='word_1_58' title='bbox 1338 937 1502 1002; x_wconf 72' lang='lat' dir='ltr'><strong>vobis,</strong></span> <span class='ocrx_word' id='word_1_59' title='bbox 1528 951 1709 1007; x_wconf 90' lang='lat' dir='ltr'><strong>pacem</strong></span> <span class='ocrx_word' id='word_1_60' title='bbox 1738 935 1973 1006; x_wconf 78' lang='lat' dir='ltr'><strong>relinquo</strong></span> <span class='ocrx_word' id='word_1_61' title='bbox 1999 934 2139 990; x_wconf 86' lang='lat' dir='ltr'><strong>vobis</strong></span> 
     </span>
    </p>
   </div>
   <div class='ocr_carea' id='block_1_7' title="bbox 566 1023 2141 1107">
    <p class='ocr_par' dir='ltr' id='par_1_7' title="bbox 566 1023 2141 1107">
     <span class='ocr_line' id='line_1_8' title="bbox 566 1023 2141 1107; baseline -0.005 -18"><span class='ocrx_word' id='word_1_62' title='bbox 566 1034 750 1107; x_wconf 78' lang='lat' dir='ltr'><strong>(Joan.</strong></span> <span class='ocrx_word' id='word_1_63' title='bbox 784 1033 917 1103; x_wconf 73' lang='lat' dir='ltr'><strong>xxv).</strong></span> <span class='ocrx_word' id='word_1_64' title='bbox 959 1030 1279 1089; x_wconf 68' lang='lat' dir='ltr'><strong>Cohaeredes</strong></span> <span class='ocrx_word' id='word_1_65' title='bbox 1317 1035 1499 1103; x_wconf 76' lang='lat' dir='ltr'><strong>autem</strong></span> <span class='ocrx_word' id='word_1_66' title='bbox 1530 1026 1647 1098; x_wconf 86' lang='lat' dir='ltr'><strong>ejus</strong></span> <span class='ocrx_word' id='word_1_67' title='bbox 1688 1023 1973 1093; x_wconf 79' lang='lat' dir='ltr'><strong>eliicimur,</strong></span> <span class='ocrx_word' id='word_1_68' title='bbox 2006 1042 2141 1097; x_wconf 85' lang='lat' dir='ltr'><strong>quo-</strong></span> 
     </span>
    </p>
   </div>
   <div class='ocr_carea' id='block_1_8' title="bbox 566 1117 2140 1182">
    <p class='ocr_par' dir='ltr' id='par_1_8' title="bbox 566 1117 2140 1182">
     <span class='ocr_line' id='line_1_9' title="bbox 566 1117 2140 1182; baseline -0.006 0"><span class='ocrx_word' id='word_1_69' title='bbox 566 1127 713 1182; x_wconf 84' lang='lat' dir='ltr'><strong>niam</strong></span> <span class='ocrx_word' id='word_1_70' title='bbox 744 1124 1047 1181; x_wconf 77' lang='lat' dir='ltr'><strong>videbimus</strong></span> <span class='ocrx_word' id='word_1_71' title='bbox 1083 1132 1204 1177; x_wconf 87' lang='lat' dir='ltr'><strong>eum</strong></span> <span class='ocrx_word' id='word_1_72' title='bbox 1255 1118 1414 1175; x_wconf 80' lang='lat' dir='ltr'><strong>sicuti</strong></span> <span class='ocrx_word' id='word_1_73' title='bbox 1458 1126 1561 1175; x_wconf 89' lang='lat' dir='ltr'><strong>est.</strong></span> <span class='ocrx_word' id='word_1_74' title='bbox 1618 1117 1992 1173; x_wconf 80' lang='lat' dir='ltr'><strong>Haereditatem</strong></span> <span class='ocrx_word' id='word_1_75' title='bbox 2040 1132 2140 1173; x_wconf 90' lang='lat' dir='ltr'><strong>nos</strong></span> 
     </span>
    </p>
   </div>
   <div class='ocr_carea' id='block_1_9' title="bbox 565 1208 2140 1288">
    <p class='ocr_par' dir='ltr' id='par_1_9' title="bbox 565 1208 2140 1288">
     <span class='ocr_line' id='line_1_10' title="bbox 565 1208 2140 1288; baseline -0.006 -16"><span class='ocrx_word' id='word_1_76' title='bbox 565 1217 682 1286; x_wconf 80' lang='lat' dir='ltr'><strong>ejus</strong></span> <span class='ocrx_word' id='word_1_77' title='bbox 717 1216 891 1288; x_wconf 89' lang='lat' dir='ltr'><strong>patris</strong></span> <span class='ocrx_word' id='word_1_78' title='bbox 922 1213 1190 1286; x_wconf 82' lang='lat' dir='ltr'><strong>quomodo</strong></span> <span class='ocrx_word' id='word_1_79' title='bbox 1216 1214 1393 1266; x_wconf 86' lang='lat' dir='ltr'><strong>morte</strong></span> <span class='ocrx_word' id='word_1_80' title='bbox 1434 1209 1818 1281; x_wconf 80' lang='lat' dir='ltr'><strong>adipiscimur?</strong></span> <span class='ocrx_word' id='word_1_81' title='bbox 1844 1209 1971 1280; x_wconf 87' lang='lat' dir='ltr'><strong>quia</strong></span> <span class='ocrx_word' id='word_1_82' title='bbox 1999 1208 2140 1263; x_wconf 87' lang='lat' dir='ltr'><strong>mori</strong></span> 
     </span>
    </p>
   </div>
   <div class='ocr_carea' id='block_1_10' title="bbox 567 1298 2141 1379">
    <p class='ocr_par' dir='ltr' id='par_1_10' title="bbox 567 1298 2141 1379">
     <span class='ocr_line' id='line_1_11' title="bbox 567 1298 2141 1379; baseline -0.007 -12"><span class='ocrx_word' id='word_1_83' title='bbox 567 1322 674 1366; x_wconf 78' lang='lat' dir='ltr'><strong>non</strong></span> <span class='ocrx_word' id='word_1_84' title='bbox 701 1314 899 1379; x_wconf 88' lang='lat' dir='ltr'><strong>potest,</strong></span> <span class='ocrx_word' id='word_1_85' title='bbox 920 1300 1374 1377; x_wconf 80' lang='lat' dir='ltr'><strong>quandoquidem,</strong></span> <span class='ocrx_word' id='word_1_86' title='bbox 1408 1301 1603 1373; x_wconf 85' lang='lat' dir='ltr'><strong>inquit,</strong></span> <span class='ocrx_word' id='word_1_87' title='bbox 1623 1298 1738 1373; x_wconf 86' lang='lat' dir='ltr'><strong>ipse</strong></span> <span class='ocrx_word' id='word_1_88' title='bbox 1768 1300 1827 1356; x_wconf 82' lang='lat' dir='ltr'><strong>ﬁt</strong></span> <span class='ocrx_word' id='word_1_89' title='bbox 1853 1300 2141 1357; x_wconf 69' lang='lat' dir='ltr'><strong>hmreditas</strong></span> 
     </span>
    </p>
   </div>
   <div class='ocr_carea' id='block_1_11' title="bbox 564 1391 2138 1465">
    <p class='ocr_par' dir='ltr' id='par_1_11' title="bbox 564 1391 2138 1465">
     <span class='ocr_line' id='line_1_12' title="bbox 564 1391 2138 1465; baseline -0.005 -9"><span class='ocrx_word' id='word_1_90' title='bbox 564 1409 770 1463; x_wconf 78' lang='lat' dir='ltr'><strong>nostra,</strong></span> <span class='ocrx_word' id='word_1_91' title='bbox 794 1393 1092 1454; x_wconf 81' lang='lat' dir='ltr'><strong>secundum</strong></span> <span class='ocrx_word' id='word_1_92' title='bbox 1113 1392 1243 1449; x_wconf 84' lang='lat' dir='ltr'><strong>iiiud</strong></span> <span class='ocrx_word' id='word_1_93' title='bbox 1269 1393 1413 1465; x_wconf 89' lang='lat' dir='ltr'><strong>quod</strong></span> <span class='ocrx_word' id='word_1_94' title='bbox 1440 1392 1701 1464; x_wconf 90' lang='lat' dir='ltr'><strong>scriptum</strong></span> <span class='ocrx_word' id='word_1_95' title='bbox 1729 1397 1812 1447; x_wconf 90' lang='lat' dir='ltr'><strong>est</strong></span> <span class='ocrx_word' id='word_1_96' title='bbox 1838 1410 1850 1447; x_wconf 91' lang='lat'>:</span> <span class='ocrx_word' id='word_1_97' title='bbox 1879 1391 2138 1448; x_wconf 90' lang='lat' dir='ltr'><strong>Dominus</strong></span> 
     </span>
    </p>
   </div>
   <div class='ocr_carea' id='block_1_12' title="bbox 561 1483 2137 1563">
    <p class='ocr_par' dir='ltr' id='par_1_12' title="bbox 561 1483 2137 1563">
     <span class='ocr_line' id='line_1_13' title="bbox 561 1483 2137 1563; baseline -0.004 -18"><span class='ocrx_word' id='word_1_98' title='bbox 561 1506 685 1563; x_wconf 82' lang='lat' dir='ltr'><strong>pars</strong></span> <span class='ocrx_word' id='word_1_99' title='bbox 710 1488 1030 1544; x_wconf 63' lang='lat' dir='ltr'><strong>hereditatis</strong></span> <span class='ocrx_word' id='word_1_100' title='bbox 1059 1502 1188 1542; x_wconf 75' lang='lat' dir='ltr'><strong>mem</strong></span> <span class='ocrx_word' id='word_1_101' title='bbox 1213 1484 1385 1558; x_wconf 79' lang='lat' dir='ltr'><strong>(Psal.</strong></span> <span class='ocrx_word' id='word_1_102' title='bbox 1413 1485 1526 1559; x_wconf 76' lang='lat' dir='ltr'><strong>xv).</strong></span> <span class='ocrx_word' id='word_1_103' title='bbox 1561 1483 1669 1541; x_wconf 85' lang='lat' dir='ltr'><strong>Sed</strong></span> <span class='ocrx_word' id='word_1_104' title='bbox 1709 1483 1981 1556; x_wconf 90' lang='lat' dir='ltr'><strong>quomodo</strong></span> <span class='ocrx_word' id='word_1_105' title='bbox 2007 1502 2137 1543; x_wconf 87' lang='lat' dir='ltr'><strong>con-</strong></span> 
     </span>
    </p>
   </div>
   <div class='ocr_carea' id='block_1_13' title="bbox 563 1575 2139 1651">
    <p class='ocr_par' dir='ltr' id='par_1_13' title="bbox 563 1575 2139 1651">
     <span class='ocr_line' id='line_1_14' title="bbox 563 1575 2139 1651; baseline -0.004 -14"><span class='ocrx_word' id='word_1_106' title='bbox 563 1583 736 1639; x_wconf 77' lang='lat' dir='ltr'><strong>vocati</strong></span> <span class='ocrx_word' id='word_1_107' title='bbox 764 1596 951 1639; x_wconf 78' lang='lat' dir='ltr'><strong>sumas</strong></span> <span class='ocrx_word' id='word_1_108' title='bbox 991 1580 1169 1636; x_wconf 83' lang='lat' dir='ltr'><strong>adhuc</strong></span> <span class='ocrx_word' id='word_1_109' title='bbox 1197 1578 1427 1651; x_wconf 78' lang='lat' dir='ltr'><strong>parvuli,</strong></span> <span class='ocrx_word' id='word_1_110' title='bbox 1466 1587 1522 1634; x_wconf 84' lang='lat' dir='ltr'><strong>et</strong></span> <span class='ocrx_word' id='word_1_111' title='bbox 1563 1575 1631 1632; x_wconf 90' lang='lat' dir='ltr'><strong>ad</strong></span> <span class='ocrx_word' id='word_1_112' title='bbox 1677 1575 1980 1647; x_wconf 88' lang='lat' dir='ltr'><strong>spiritualia</strong></span> <span class='ocrx_word' id='word_1_113' title='bbox 2009 1592 2139 1633; x_wconf 88' lang='lat' dir='ltr'><strong>con-</strong></span> 
     </span>
    </p>
   </div>
   <div class='ocr_carea' id='block_1_14' title="bbox 563 1666 2139 1744">
    <p class='ocr_par' dir='ltr' id='par_1_14' title="bbox 563 1666 2139 1744">
     <span class='ocr_line' id='line_1_15' title="bbox 563 1666 2139 1744; baseline -0.002 -16"><span class='ocrx_word' id='word_1_114' title='bbox 563 1674 869 1744; x_wconf 76' lang='lat' dir='ltr'><strong>templanda</strong></span> <span class='ocrx_word' id='word_1_115' title='bbox 893 1673 1077 1728; x_wconf 86' lang='lat' dir='ltr'><strong>minus</strong></span> <span class='ocrx_word' id='word_1_116' title='bbox 1102 1668 1318 1728; x_wconf 84' lang='lat' dir='ltr'><strong>idonei?</strong></span> <span class='ocrx_word' id='word_1_117' title='bbox 1349 1669 1532 1740; x_wconf 89' lang='lat' dir='ltr'><strong>Usque</strong></span> <span class='ocrx_word' id='word_1_118' title='bbox 1577 1669 1645 1725; x_wconf 89' lang='lat' dir='ltr'><strong>ad</strong></span> <span class='ocrx_word' id='word_1_119' title='bbox 1685 1666 2015 1729; x_wconf 83' lang='lat' dir='ltr'><strong>humillimas</strong></span> <span class='ocrx_word' id='word_1_120' title='bbox 2041 1685 2139 1725; x_wconf 90' lang='lat' dir='ltr'><strong>no-</strong></span> 
     </span>
    </p>
   </div>
   <div class='ocr_carea' id='block_1_15' title="bbox 558 1758 2134 1837">
    <p class='ocr_par' dir='ltr' id='par_1_15' title="bbox 558 1758 2134 1837">
     <span class='ocr_line' id='line_1_16' title="bbox 558 1758 2134 1837; baseline -0.005 -16"><span class='ocrx_word' id='word_1_121' title='bbox 558 1774 700 1821; x_wconf 84' lang='lat' dir='ltr'><strong>stras</strong></span> <span class='ocrx_word' id='word_1_122' title='bbox 743 1764 1100 1837; x_wconf 84' lang='lat' dir='ltr'><strong>cogitationes</strong></span> <span class='ocrx_word' id='word_1_123' title='bbox 1129 1778 1188 1819; x_wconf 86' lang='lat' dir='ltr'><strong>se</strong></span> <span class='ocrx_word' id='word_1_124' title='bbox 1228 1758 1599 1817; x_wconf 78' lang='lat' dir='ltr'><strong>misericordia</strong></span> <span class='ocrx_word' id='word_1_125' title='bbox 1645 1758 1825 1816; x_wconf 86' lang='lat' dir='ltr'><strong>divina</strong></span> <span class='ocrx_word' id='word_1_126' title='bbox 1871 1758 2134 1832; x_wconf 77' lang='lat' dir='ltr'><strong>porrexit.</strong></span> 
     </span>
    </p>
   </div>
   <div class='ocr_carea' id='block_1_16' title="bbox 557 1852 2137 1928">
    <p class='ocr_par' dir='ltr' id='par_1_16' title="bbox 557 1852 2137 1928">
     <span class='ocr_line' id='line_1_17' title="bbox 557 1852 2137 1928; baseline -0.004 -15"><span class='ocrx_word' id='word_1_127' title='bbox 557 1858 691 1913; x_wconf 76' lang='lat' dir='ltr'><strong>Cum</strong></span> <span class='ocrx_word' id='word_1_128' title='bbox 716 1866 889 1912; x_wconf 81' lang='lat' dir='ltr'><strong>autem</strong></span> <span class='ocrx_word' id='word_1_129' title='bbox 915 1856 1109 1911; x_wconf 75' lang='lat' dir='ltr'><strong>venerit</strong></span> <span class='ocrx_word' id='word_1_130' title='bbox 1130 1852 1267 1928; x_wconf 82' lang='lat' dir='ltr'><strong>quod</strong></span> <span class='ocrx_word' id='word_1_131' title='bbox 1286 1853 1570 1925; x_wconf 81' lang='lat' dir='ltr'><strong>perfectum</strong></span> <span class='ocrx_word' id='word_1_132' title='bbox 1593 1860 1690 1919; x_wconf 86' lang='lat' dir='ltr'><strong>est,</strong></span> <span class='ocrx_word' id='word_1_133' title='bbox 1717 1852 1985 1923; x_wconf 81' lang='lat' dir='ltr'><strong>auferetur</strong></span> <span class='ocrx_word' id='word_1_134' title='bbox 1997 1852 2137 1924; x_wconf 87' lang='lat' dir='ltr'><strong>quod</strong></span> 
     </span>
    </p>
   </div>
   <div class='ocr_carea' id='block_1_17' title="bbox 2243 654 3106 729">
    <p class='ocr_par' dir='ltr' id='par_1_17' title="bbox 2243 654 3106 729">
     <span class='ocr_line' id='line_1_18' title="bbox 2243 654 3106 729; baseline 0.006 -21"><span class='ocrx_word' id='word_1_135' title='bbox 2243 656 2485 728; x_wconf 78' lang='lat' dir='ltr'><strong>temporis</strong></span> <span class='ocrx_word' id='word_1_136' title='bbox 2509 654 2581 712; x_wconf 85' lang='lat' dir='ltr'><strong>ad</strong></span> <span class='ocrx_word' id='word_1_137' title='bbox 2609 657 2839 712; x_wconf 73' lang='lat' dir='ltr'><strong>futuram</strong></span> <span class='ocrx_word' id='word_1_138' title='bbox 2860 654 3106 729; x_wconf 79' lang='lat' dir='ltr'><strong>gloriam.</strong></span> 
     </span>
    </p>
   </div>
   <div class='ocr_carea' id='block_1_18' title="bbox 2314 744 3833 823">
    <p class='ocr_par' dir='ltr' id='par_1_18' title="bbox 2314 744 3833 823">
     <span class='ocr_line' id='line_1_19' title="bbox 2314 744 3833 823; baseline 0.005 -22"><span class='ocrx_word' id='word_1_139' title='bbox 2314 744 2458 802; x_wconf 88' lang='lat' dir='ltr'><strong>Nam</strong></span> <span class='ocrx_word' id='word_1_140' title='bbox 2506 747 2820 820; x_wconf 70' lang='lat' dir='ltr'><strong>exspectatio</strong></span> <span class='ocrx_word' id='word_1_141' title='bbox 2866 756 3126 804; x_wconf 73' lang='lat' dir='ltr'><strong>creatum</strong></span> <span class='ocrx_word' id='word_1_142' title='bbox 3181 746 3550 807; x_wconf 71' lang='lat' dir='ltr'><strong>reuelationem</strong></span> <span class='ocrx_word' id='word_1_143' title='bbox 3586 747 3833 823; x_wconf 67' lang='lat' dir='ltr'><strong>ﬁliorum</strong></span> 
     </span>
    </p>
   </div>
   <div class='ocr_carea' id='block_1_19' title="bbox 2240 834 3832 908">
    <p class='ocr_par' dir='ltr' id='par_1_19' title="bbox 2240 834 3832 908">
     <span class='ocr_line' id='line_1_20' title="bbox 2240 834 3832 908; baseline 0.005 -18"><span class='ocrx_word' id='word_1_144' title='bbox 2240 834 2344 891; x_wconf 87' lang='lat' dir='ltr'><strong>Dei</strong></span> <span class='ocrx_word' id='word_1_145' title='bbox 2361 845 2647 908; x_wconf 69' lang='lat' dir='ltr'><strong>exspectat.</strong></span> <span class='ocrx_word' id='word_1_146' title='bbox 2696 837 2907 894; x_wconf 82' lang='lat' dir='ltr'><strong>Diversi</strong></span> <span class='ocrx_word' id='word_1_147' title='bbox 2952 836 3100 895; x_wconf 90' lang='lat' dir='ltr'><strong>hunc</strong></span> <span class='ocrx_word' id='word_1_148' title='bbox 3140 834 3323 899; x_wconf 90' lang='lat' dir='ltr'><strong>locum</strong></span> <span class='ocrx_word' id='word_1_149' title='bbox 3366 841 3598 900; x_wconf 79' lang='lat' dir='ltr'><strong>diversis</strong></span> <span class='ocrx_word' id='word_1_150' title='bbox 3653 843 3832 899; x_wconf 88' lang='lat' dir='ltr'><strong>modis</strong></span> 
     </span>
    </p>
   </div>
   <div class='ocr_carea' id='block_1_20' title="bbox 2241 928 3833 999">
    <p class='ocr_par' dir='ltr' id='par_1_20' title="bbox 2241 928 3833 999">
     <span class='ocr_line' id='line_1_21' title="bbox 2241 928 3833 999; baseline 0.007 -17"><span class='ocrx_word' id='word_1_151' title='bbox 2241 936 2534 999; x_wconf 83' lang='lat' dir='ltr'><strong>exponunt.</strong></span> <span class='ocrx_word' id='word_1_152' title='bbox 2563 928 2693 986; x_wconf 82' lang='lat' dir='ltr'><strong>Sive</strong></span> <span class='ocrx_word' id='word_1_153' title='bbox 2736 930 2917 987; x_wconf 88' lang='lat' dir='ltr'><strong>omnis</strong></span> <span class='ocrx_word' id='word_1_154' title='bbox 2953 939 3206 991; x_wconf 86' lang='lat' dir='ltr'><strong>creatura</strong></span> <span class='ocrx_word' id='word_1_155' title='bbox 3247 935 3670 992; x_wconf 82' lang='lat' dir='ltr'><strong>resurrectionis</strong></span> <span class='ocrx_word' id='word_1_156' title='bbox 3696 944 3833 992; x_wconf 62' lang='lat' dir='ltr'><strong>temo</strong></span> 
     </span>
    </p>
   </div>
   <div class='ocr_carea' id='block_1_21' title="bbox 2239 1023 3826 1097">
    <p class='ocr_par' dir='ltr' id='par_1_21' title="bbox 2239 1023 3826 1097">
     <span class='ocr_line' id='line_1_22' title="bbox 2239 1023 3826 1097; baseline 0.006 -22"><span class='ocrx_word' id='word_1_157' title='bbox 2239 1034 2342 1091; x_wconf 90' lang='lat' dir='ltr'><strong>pus</strong></span> <span class='ocrx_word' id='word_1_158' title='bbox 2372 1027 2675 1093; x_wconf 79' lang='lat' dir='ltr'><strong>exspectat,</strong></span> <span class='ocrx_word' id='word_1_159' title='bbox 2708 1023 2835 1094; x_wconf 90' lang='lat' dir='ltr'><strong>quia</strong></span> <span class='ocrx_word' id='word_1_160' title='bbox 2875 1031 3006 1082; x_wconf 88' lang='lat' dir='ltr'><strong>tunc</strong></span> <span class='ocrx_word' id='word_1_161' title='bbox 3044 1025 3101 1082; x_wconf 92' lang='lat' dir='ltr'><strong>in</strong></span> <span class='ocrx_word' id='word_1_162' title='bbox 3146 1026 3341 1084; x_wconf 84' lang='lat' dir='ltr'><strong>melius</strong></span> <span class='ocrx_word' id='word_1_163' title='bbox 3363 1029 3826 1097; x_wconf 81' lang='lat' dir='ltr'><strong>commutabitur;</strong></span> 
     </span>
    </p>
   </div>
   <div class='ocr_carea' id='block_1_22' title="bbox 2240 1113 3833 1187">
    <p class='ocr_par' dir='ltr' id='par_1_22' title="bbox 2240 1113 3833 1187">
     <span class='ocr_line' id='line_1_23' title="bbox 2240 1113 3833 1187; baseline 0.006 -19"><span class='ocrx_word' id='word_1_164' title='bbox 2240 1113 2355 1168; x_wconf 82' lang='lat' dir='ltr'><strong>sive</strong></span> <span class='ocrx_word' id='word_1_165' title='bbox 2382 1115 2626 1187; x_wconf 89' lang='lat' dir='ltr'><strong>angelica</strong></span> <span class='ocrx_word' id='word_1_166' title='bbox 2664 1115 2945 1172; x_wconf 89' lang='lat' dir='ltr'><strong>rationalis</strong></span> <span class='ocrx_word' id='word_1_167' title='bbox 2974 1126 3267 1175; x_wconf 79' lang='lat' dir='ltr'><strong>creatura:</strong></span> <span class='ocrx_word' id='word_1_168' title='bbox 3290 1118 3493 1179; x_wconf 82' lang='lat' dir='ltr'><strong>Petrus</strong></span> <span class='ocrx_word' id='word_1_169' title='bbox 3522 1122 3672 1178; x_wconf 84' lang='lat' dir='ltr'><strong>enim</strong></span> <span class='ocrx_word' id='word_1_170' title='bbox 3694 1122 3833 1178; x_wconf 81' lang='lat' dir='ltr'><strong>dicit</strong></span> 
     </span>
    </p>
   </div>
   <div class='ocr_carea' id='block_1_23' title="bbox 2238 1203 3833 1282">
    <p class='ocr_par' dir='ltr' id='par_1_23' title="bbox 2238 1203 3833 1282">
     <span class='ocr_line' id='line_1_24' title="bbox 2238 1203 3833 1282; baseline 0.007 -24"><span class='ocrx_word' id='word_1_171' title='bbox 2238 1203 2406 1260; x_wconf 85' lang='lat' dir='ltr'><strong>etiam</strong></span> <span class='ocrx_word' id='word_1_172' title='bbox 2442 1205 2664 1278; x_wconf 77' lang='lat' dir='ltr'><strong>angelos</strong></span> <span class='ocrx_word' id='word_1_173' title='bbox 2692 1206 3002 1265; x_wconf 88' lang='lat' dir='ltr'><strong>desiderare</strong></span> <span class='ocrx_word' id='word_1_174' title='bbox 3024 1209 3254 1282; x_wconf 77' lang='lat' dir='ltr'><strong>gloriam</strong></span> <span class='ocrx_word' id='word_1_175' title='bbox 3283 1221 3622 1270; x_wconf 88' lang='lat' dir='ltr'><strong>sanctorum.</strong></span> <span class='ocrx_word' id='word_1_176' title='bbox 3664 1212 3833 1269; x_wconf 75' lang='lat' dir='ltr'><strong>Rave-</strong></span> 
     </span>
    </p>
   </div>
   <div class='ocr_carea' id='block_1_24' title="bbox 2239 1296 3835 1374">
    <p class='ocr_par' dir='ltr' id='par_1_24' title="bbox 2239 1296 3835 1374">
     <span class='ocr_line' id='line_1_25' title="bbox 2239 1296 3835 1374; baseline 0.008 -24"><span class='ocrx_word' id='word_1_177' title='bbox 2239 1296 2487 1353; x_wconf 86' lang='lat' dir='ltr'><strong>lationem</strong></span> <span class='ocrx_word' id='word_1_178' title='bbox 2508 1297 2741 1369; x_wconf 75' lang='lat' dir='ltr'><strong>ﬁliorum</strong></span> <span class='ocrx_word' id='word_1_179' title='bbox 2763 1299 2862 1357; x_wconf 84' lang='lat' dir='ltr'><strong>Dei</strong></span> <span class='ocrx_word' id='word_1_180' title='bbox 2881 1312 3166 1374; x_wconf 70' lang='lat' dir='ltr'><strong>exspectat.</strong></span> <span class='ocrx_word' id='word_1_181' title='bbox 3195 1304 3311 1362; x_wconf 83' lang='lat' dir='ltr'><strong>Hoc</strong></span> <span class='ocrx_word' id='word_1_182' title='bbox 3328 1313 3437 1370; x_wconf 75' lang='lat' dir='ltr'><strong>est,</strong></span> <span class='ocrx_word' id='word_1_183' title='bbox 3470 1321 3596 1363; x_wconf 78' lang='lat' dir='ltr'><strong>cum</strong></span> <span class='ocrx_word' id='word_1_184' title='bbox 3622 1306 3835 1365; x_wconf 76' lang='lat' dir='ltr'><strong>revela-</strong></span> 
     </span>
    </p>
   </div>
   <div class='ocr_carea' id='block_1_25' title="bbox 2237 1388 3832 1467">
    <p class='ocr_par' dir='ltr' id='par_1_25' title="bbox 2237 1388 3832 1467">
     <span class='ocr_line' id='line_1_26' title="bbox 2237 1388 3832 1467; baseline 0.007 -23"><span class='ocrx_word' id='word_1_185' title='bbox 2237 1388 2443 1447; x_wconf 89' lang='lat' dir='ltr'><strong>buntur</strong></span> <span class='ocrx_word' id='word_1_186' title='bbox 2467 1406 2531 1447; x_wconf 90' lang='lat' dir='ltr'><strong>ea</strong></span> <span class='ocrx_word' id='word_1_187' title='bbox 2561 1408 2682 1464; x_wconf 72' lang='lat' dir='ltr'><strong>qua:</strong></span> <span class='ocrx_word' id='word_1_188' title='bbox 2710 1404 3015 1465; x_wconf 60' lang='lat' dir='ltr'><strong>praeparata</strong></span> <span class='ocrx_word' id='word_1_189' title='bbox 3054 1405 3183 1452; x_wconf 88' lang='lat' dir='ltr'><strong>sunt</strong></span> <span class='ocrx_word' id='word_1_190' title='bbox 3205 1397 3295 1453; x_wconf 88' lang='lat' dir='ltr'><strong>his</strong></span> <span class='ocrx_word' id='word_1_191' title='bbox 3336 1397 3433 1467; x_wconf 87' lang='lat' dir='ltr'><strong>qui</strong></span> <span class='ocrx_word' id='word_1_192' title='bbox 3467 1396 3565 1467; x_wconf 75' lang='lat' dir='ltr'><strong>(iiii</strong></span> <span class='ocrx_word' id='word_1_193' title='bbox 3588 1397 3688 1455; x_wconf 84' lang='lat' dir='ltr'><strong>Dei</strong></span> <span class='ocrx_word' id='word_1_194' title='bbox 3712 1415 3832 1455; x_wconf 84' lang='lat' dir='ltr'><strong>me-</strong></span> 
     </span>
    </p>
   </div>
   <div class='ocr_carea' id='block_1_26' title="bbox 2238 1482 3838 1553">
    <p class='ocr_par' dir='ltr' id='par_1_26' title="bbox 2238 1482 3838 1553">
     <span class='ocr_line' id='line_1_27' title="bbox 2238 1482 3838 1553; baseline 0.008 -19"><span class='ocrx_word' id='word_1_195' title='bbox 2238 1482 2503 1539; x_wconf 87' lang='lat' dir='ltr'><strong>rebuntur</strong></span> <span class='ocrx_word' id='word_1_196' title='bbox 2543 1499 2691 1553; x_wconf 87' lang='lat' dir='ltr'><strong>esse;</strong></span> <span class='ocrx_word' id='word_1_197' title='bbox 2732 1494 2825 1541; x_wconf 89' lang='lat' dir='ltr'><strong>aut</strong></span> <span class='ocrx_word' id='word_1_198' title='bbox 2852 1496 3004 1543; x_wconf 85' lang='lat' dir='ltr'><strong>certe</strong></span> <span class='ocrx_word' id='word_1_199' title='bbox 3044 1502 3188 1553; x_wconf 85' lang='lat' dir='ltr'><strong>cum,</strong></span> <span class='ocrx_word' id='word_1_200' title='bbox 3220 1488 3439 1545; x_wconf 84' lang='lat' dir='ltr'><strong>sublato</strong></span> <span class='ocrx_word' id='word_1_201' title='bbox 3466 1488 3541 1544; x_wconf 78' lang='lat' dir='ltr'><strong>ab</strong></span> <span class='ocrx_word' id='word_1_202' title='bbox 3568 1486 3657 1547; x_wconf 76' lang='lat' dir='ltr'><strong>his</strong></span> <span class='ocrx_word' id='word_1_203' title='bbox 3686 1489 3838 1546; x_wconf 82' lang='lat' dir='ltr'><strong>vela-</strong></span> 
     </span>
    </p>
   </div>
   <div class='ocr_carea' id='block_1_27' title="bbox 2238 1571 3834 1652">
    <p class='ocr_par' dir='ltr' id='par_1_27' title="bbox 2238 1571 3834 1652">
     <span class='ocr_line' id='line_1_28' title="bbox 2238 1571 3834 1652; baseline 0.006 -27"><span class='ocrx_word' id='word_1_204' title='bbox 2238 1571 2385 1627; x_wconf 88' lang='lat' dir='ltr'><strong>mine</strong></span> <span class='ocrx_word' id='word_1_205' title='bbox 2408 1587 2515 1644; x_wconf 90' lang='lat' dir='ltr'><strong>quo</strong></span> <span class='ocrx_word' id='word_1_206' title='bbox 2540 1573 2885 1648; x_wconf 89' lang='lat' dir='ltr'><strong>obteguntur,</strong></span> <span class='ocrx_word' id='word_1_207' title='bbox 2913 1575 3189 1635; x_wconf 82' lang='lat' dir='ltr'><strong>manifesti</strong></span> <span class='ocrx_word' id='word_1_208' title='bbox 3224 1577 3429 1634; x_wconf 79' lang='lat' dir='ltr'><strong>fuerint</strong></span> <span class='ocrx_word' id='word_1_209' title='bbox 3458 1577 3566 1649; x_wconf 86' lang='lat' dir='ltr'><strong>ipsi</strong></span> <span class='ocrx_word' id='word_1_210' title='bbox 3596 1578 3691 1652; x_wconf 78' lang='lat' dir='ltr'><strong>qui</strong></span> <span class='ocrx_word' id='word_1_211' title='bbox 3734 1578 3834 1635; x_wconf 86' lang='lat' dir='ltr'><strong>ﬁlii</strong></span> 
     </span>
    </p>
   </div>
   <div class='ocr_carea' id='block_1_28' title="bbox 2237 1656 3831 1743">
    <p class='ocr_par' dir='ltr' id='par_1_28' title="bbox 2237 1656 3831 1743">
     <span class='ocr_line' id='line_1_29' title="bbox 2237 1656 3831 1743; baseline 0.004 -21"><span class='ocrx_word' id='word_1_212' title='bbox 2237 1656 2334 1722; x_wconf 84' lang='lat' dir='ltr'><strong>Dei</strong></span> <span class='ocrx_word' id='word_1_213' title='bbox 2365 1674 2507 1723; x_wconf 90' lang='lat' dir='ltr'><strong>sunt.</strong></span> <span class='ocrx_word' id='word_1_214' title='bbox 2539 1666 2669 1737; x_wconf 68' lang='lat' dir='ltr'><strong>Qua:</strong></span> <span class='ocrx_word' id='word_1_215' title='bbox 2692 1677 2871 1727; x_wconf 90' lang='lat' dir='ltr'><strong>autem</strong></span> <span class='ocrx_word' id='word_1_216' title='bbox 2900 1680 2986 1729; x_wconf 91' lang='lat' dir='ltr'><strong>est</strong></span> <span class='ocrx_word' id='word_1_217' title='bbox 3004 1680 3259 1729; x_wconf 86' lang='lat' dir='ltr'><strong>creatura</strong></span> <span class='ocrx_word' id='word_1_218' title='bbox 3289 1688 3412 1743; x_wconf 69' lang='lat' dir='ltr'><strong>qua:</strong></span> <span class='ocrx_word' id='word_1_219' title='bbox 3438 1672 3831 1743; x_wconf 79' lang='lat' dir='ltr'><strong>revelationem</strong></span> 
     </span>
    </p>
   </div>
   <div class='ocr_carea' id='block_1_29' title="bbox 2238 1755 3836 1836">
    <p class='ocr_par' dir='ltr' id='par_1_29' title="bbox 2238 1755 3836 1836">
     <span class='ocr_line' id='line_1_30' title="bbox 2238 1755 3836 1836; baseline 0.004 -24"><span class='ocrx_word' id='word_1_220' title='bbox 2238 1755 2473 1813; x_wconf 89' lang='lat' dir='ltr'><strong>ﬁliorum</strong></span> <span class='ocrx_word' id='word_1_221' title='bbox 2516 1758 2611 1815; x_wconf 87' lang='lat' dir='ltr'><strong>Dei</strong></span> <span class='ocrx_word' id='word_1_222' title='bbox 2645 1762 2959 1832; x_wconf 84' lang='lat' dir='ltr'><strong>exspectat?</strong></span> <span class='ocrx_word' id='word_1_223' title='bbox 2984 1762 3135 1830; x_wconf 66' lang='lat' dir='ltr'><strong>Haec,</strong></span> <span class='ocrx_word' id='word_1_224' title='bbox 3187 1764 3394 1834; x_wconf 85' lang='lat' dir='ltr'><strong>inquit,</strong></span> <span class='ocrx_word' id='word_1_225' title='bbox 3443 1779 3565 1836; x_wconf 69' lang='lat' dir='ltr'><strong>qua:</strong></span> <span class='ocrx_word' id='word_1_226' title='bbox 3603 1764 3836 1821; x_wconf 83' lang='lat' dir='ltr'><strong>vanitati</strong></span> 
     </span>
    </p>
   </div>
   <div class='ocr_carea' id='block_1_30' title="bbox 2239 1850 3834 1927">
    <p class='ocr_par' dir='ltr' id='par_1_30' title="bbox 2239 1850 3834 1927">
     <span class='ocr_line' id='line_1_31' title="bbox 2239 1850 3834 1927; baseline 0.006 -21"><span class='ocrx_word' id='word_1_227' title='bbox 2239 1851 2483 1921; x_wconf 87' lang='lat' dir='ltr'><strong>subjecta</strong></span> <span class='ocrx_word' id='word_1_228' title='bbox 2526 1862 2629 1911; x_wconf 91' lang='lat' dir='ltr'><strong>est.</strong></span> <span class='ocrx_word' id='word_1_229' title='bbox 2682 1850 2936 1926; x_wconf 74' lang='lat' dir='ltr'><strong>Subiecta</strong></span> <span class='ocrx_word' id='word_1_230' title='bbox 2990 1866 3175 1915; x_wconf 88' lang='lat' dir='ltr'><strong>autem</strong></span> <span class='ocrx_word' id='word_1_231' title='bbox 3218 1873 3332 1913; x_wconf 86' lang='lat' dir='ltr'><strong>non</strong></span> <span class='ocrx_word' id='word_1_232' title='bbox 3385 1873 3450 1914; x_wconf 86' lang='lat' dir='ltr'><strong>ea</strong></span> <span class='ocrx_word' id='word_1_233' title='bbox 3499 1857 3834 1927; x_wconf 79' lang='lat' dir='ltr'><strong>conditione,</strong></span> 
     </span>
    </p>
   </div>
   <div class='ocr_carea' id='block_1_31' title="bbox 556 1932 3838 2022">
    <p class='ocr_par' dir='ltr' id='par_1_31' title="bbox 556 1932 3838 2022">
     <span class='ocr_line' id='line_1_32' title="bbox 556 1932 3838 2022; baseline 0.002 -20"><span class='ocrx_word' id='word_1_234' title='bbox 556 1964 623 2002; x_wconf 67' lang='lat' dir='ltr'><strong>ex</strong></span> <span class='ocrx_word' id='word_1_235' title='bbox 648 1957 796 2019; x_wconf 80' lang='lat' dir='ltr'><strong>parte</strong></span> <span class='ocrx_word' id='word_1_236' title='bbox 821 1956 915 2001; x_wconf 86' lang='lat' dir='ltr'><strong>est.</strong></span> <span class='ocrx_word' id='word_1_237' title='bbox 970 1942 1365 2001; x_wconf 83' lang='lat' dir='ltr'><strong>Convenienter</strong></span> <span class='ocrx_word' id='word_1_238' title='bbox 1394 1943 1537 1998; x_wconf 88' lang='lat' dir='ltr'><strong>enim</strong></span> <span class='ocrx_word' id='word_1_239' title='bbox 1575 1942 1772 2000; x_wconf 88' lang='lat' dir='ltr'><strong>dicitur</strong></span> <span class='ocrx_word' id='word_1_240' title='bbox 1807 1943 2134 2000; x_wconf 88' lang='lat' dir='ltr'><strong>moriturum</strong></span> <span class='ocrx_word' id='word_1_241' title='bbox 2161 1932 2211 1994; x_wconf 83' lang='grc' dir='ltr'><strong>Β</strong></span> <span class='ocrx_word' id='word_1_242' title='bbox 2237 1948 2297 1997; x_wconf 81' lang='grc' dir='ltr'><strong>ιιι</strong></span> <span class='ocrx_word' id='word_1_243' title='bbox 2327 1952 2545 2001; x_wconf 90' lang='lat' dir='ltr'><strong>maneat</strong></span> <span class='ocrx_word' id='word_1_244' title='bbox 2571 1961 2787 2018; x_wconf 89' lang='lat' dir='ltr'><strong>semper</strong></span> <span class='ocrx_word' id='word_1_245' title='bbox 2824 1948 3063 2022; x_wconf 88' lang='lat' dir='ltr'><strong>subjecta</strong></span> <span class='ocrx_word' id='word_1_246' title='bbox 3096 1949 3346 2017; x_wconf 83' lang='lat' dir='ltr'><strong>vanitati,</strong></span> <span class='ocrx_word' id='word_1_247' title='bbox 3396 1949 3498 2006; x_wconf 82' lang='lat' dir='ltr'><strong>sed</strong></span> <span class='ocrx_word' id='word_1_248' title='bbox 3540 1964 3666 2009; x_wconf 79' lang='lat' dir='ltr'><strong>cum</strong></span> <span class='ocrx_word' id='word_1_249' title='bbox 3694 1966 3838 2022; x_wconf 81' lang='lat' dir='ltr'><strong>qua-</strong></span> 
     </span>
    </p>
   </div>
   <div class='ocr_carea' id='block_1_32' title="bbox 557 2035 2135 2110">
    <p class='ocr_par' dir='ltr' id='par_1_32' title="bbox 557 2035 2135 2110">
     <span class='ocr_line' id='line_1_33' title="bbox 557 2035 2135 2110; baseline -0.003 -16"><span class='ocrx_word' id='word_1_250' title='bbox 557 2052 679 2094; x_wconf 87' lang='lat' dir='ltr'><strong>esse</strong></span> <span class='ocrx_word' id='word_1_251' title='bbox 711 2039 854 2110; x_wconf 90' lang='lat' dir='ltr'><strong>quod</strong></span> <span class='ocrx_word' id='word_1_252' title='bbox 878 2036 1153 2094; x_wconf 83' lang='lat' dir='ltr'><strong>auferetur</strong></span> <span class='ocrx_word' id='word_1_253' title='bbox 1177 2048 1193 2090; x_wconf 72' lang='grc' dir='ltr'><strong><em>τ</em></strong></span> <span class='ocrx_word' id='word_1_254' title='bbox 1223 2044 1284 2091; x_wconf 90' lang='lat' dir='ltr'><strong>ut</strong></span> <span class='ocrx_word' id='word_1_255' title='bbox 1302 2035 1571 2106; x_wconf 89' lang='lat' dir='ltr'><strong>quomodo</strong></span> <span class='ocrx_word' id='word_1_256' title='bbox 1592 2050 1715 2092; x_wconf 91' lang='lat' dir='ltr'><strong>cum</strong></span> <span class='ocrx_word' id='word_1_257' title='bbox 1741 2050 1966 2092; x_wconf 89' lang='lat' dir='ltr'><strong>cernere</strong></span> <span class='ocrx_word' id='word_1_258' title='bbox 1996 2035 2135 2091; x_wconf 90' lang='lat' dir='ltr'><strong>nite-</strong></span> 
     </span>
    </p>
   </div>
   <div class='ocr_carea' id='block_1_33' title="bbox 561 2125 2137 2202">
    <p class='ocr_par' dir='ltr' id='par_1_33' title="bbox 561 2125 2137 2202">
     <span class='ocr_line' id='line_1_34' title="bbox 561 2125 2137 2202; baseline -0.003 -16"><span class='ocrx_word' id='word_1_259' title='bbox 561 2146 750 2186; x_wconf 86' lang='lat' dir='ltr'><strong>remur</strong></span> <span class='ocrx_word' id='word_1_260' title='bbox 781 2129 923 2202; x_wconf 88' lang='lat' dir='ltr'><strong>quod</strong></span> <span class='ocrx_word' id='word_1_261' title='bbox 948 2144 1055 2184; x_wconf 91' lang='lat' dir='ltr'><strong>non</strong></span> <span class='ocrx_word' id='word_1_262' title='bbox 1096 2127 1373 2184; x_wconf 81' lang='lat' dir='ltr'><strong>evidenter</strong></span> <span class='ocrx_word' id='word_1_263' title='bbox 1397 2134 1558 2197; x_wconf 89' lang='lat' dir='ltr'><strong>atque</strong></span> <span class='ocrx_word' id='word_1_264' title='bbox 1580 2125 1863 2197; x_wconf 87' lang='lat' dir='ltr'><strong>perspicue</strong></span> <span class='ocrx_word' id='word_1_265' title='bbox 1890 2139 2137 2201; x_wconf 72' lang='lat' dir='ltr'><strong>coopera-</strong></span> 
     </span>
    </p>
   </div>
   <div class='ocr_carea' id='block_1_34' title="bbox 561 2212 2136 2290">
    <p class='ocr_par' dir='ltr' id='par_1_34' title="bbox 561 2212 2136 2290">
     <span class='ocr_line' id='line_1_35' title="bbox 561 2212 2136 2290; baseline -0.004 -13"><span class='ocrx_word' id='word_1_266' title='bbox 561 2238 684 2278; x_wconf 90' lang='lat' dir='ltr'><strong>mus</strong></span> <span class='ocrx_word' id='word_1_267' title='bbox 710 2262 725 2287; x_wconf 94' lang='lat'><strong>,</strong></span> <span class='ocrx_word' id='word_1_268' title='bbox 786 2222 857 2275; x_wconf 86' lang='lat' dir='ltr'><strong>ita</strong></span> <span class='ocrx_word' id='word_1_269' title='bbox 908 2219 1065 2276; x_wconf 89' lang='lat' dir='ltr'><strong>nobis</strong></span> <span class='ocrx_word' id='word_1_270' title='bbox 1124 2216 1519 2290; x_wconf 88' lang='lat' dir='ltr'><strong>quodammodo</strong></span> <span class='ocrx_word' id='word_1_271' title='bbox 1577 2218 1809 2273; x_wconf 88' lang='lat' dir='ltr'><strong>moritur</strong></span> <span class='ocrx_word' id='word_1_272' title='bbox 1864 2214 2027 2272; x_wconf 84' lang='lat' dir='ltr'><strong>Pater</strong></span> <span class='ocrx_word' id='word_1_273' title='bbox 2079 2212 2136 2272; x_wconf 88' lang='lat' dir='ltr'><strong>in</strong></span> 
     </span>
    </p>
   </div>
   <div class='ocr_carea' id='block_1_35' title="bbox 560 2304 2138 2385">
    <p class='ocr_par' dir='ltr' id='par_1_35' title="bbox 560 2304 2138 2385">
     <span class='ocr_line' id='line_1_36' title="bbox 560 2304 2138 2385; baseline -0.003 -16"><span class='ocrx_word' id='word_1_274' title='bbox 560 2315 865 2385; x_wconf 73' lang='lat' dir='ltr'><strong>aenigmate,</strong></span> <span class='ocrx_word' id='word_1_275' title='bbox 894 2320 949 2368; x_wconf 92' lang='lat' dir='ltr'><strong>et</strong></span> <span class='ocrx_word' id='word_1_276' title='bbox 981 2312 1125 2367; x_wconf 85' lang='lat' dir='ltr'><strong>idem</strong></span> <span class='ocrx_word' id='word_1_277' title='bbox 1148 2312 1262 2383; x_wconf 89' lang='lat' dir='ltr'><strong>ipse</strong></span> <span class='ocrx_word' id='word_1_278' title='bbox 1291 2310 1352 2366; x_wconf 90' lang='lat' dir='ltr'><strong>ﬁt</strong></span> <span class='ocrx_word' id='word_1_279' title='bbox 1381 2304 1691 2378; x_wconf 69' lang='lat' dir='ltr'><strong>btet-editas,</strong></span> <span class='ocrx_word' id='word_1_280' title='bbox 1738 2320 1860 2365; x_wconf 90' lang='lat' dir='ltr'><strong>cum</strong></span> <span class='ocrx_word' id='word_1_281' title='bbox 1902 2304 2045 2367; x_wconf 78' lang='lat' dir='ltr'><strong>facie</strong></span> <span class='ocrx_word' id='word_1_282' title='bbox 2066 2309 2138 2365; x_wconf 92' lang='lat' dir='ltr'><strong>ad</strong></span> 
     </span>
    </p>
   </div>
   <div class='ocr_carea' id='block_1_36' title="bbox 554 2402 2138 2478">
    <p class='ocr_par' dir='ltr' id='par_1_36' title="bbox 554 2402 2138 2478">
     <span class='ocr_line' id='line_1_37' title="bbox 554 2402 2138 2478; baseline -0.004 -14"><span class='ocrx_word' id='word_1_283' title='bbox 554 2407 749 2464; x_wconf 81' lang='lat' dir='ltr'><strong>faciem</strong></span> <span class='ocrx_word' id='word_1_284' title='bbox 792 2407 1144 2478; x_wconf 80' lang='lat' dir='ltr'><strong>possidetur:</strong></span> <span class='ocrx_word' id='word_1_285' title='bbox 1204 2418 1314 2459; x_wconf 89' lang='lat' dir='ltr'><strong>non</strong></span> <span class='ocrx_word' id='word_1_286' title='bbox 1364 2404 1492 2474; x_wconf 86' lang='lat' dir='ltr'><strong>quia</strong></span> <span class='ocrx_word' id='word_1_287' title='bbox 1527 2403 1643 2474; x_wconf 90' lang='lat' dir='ltr'><strong>ipse</strong></span> <span class='ocrx_word' id='word_1_288' title='bbox 1692 2402 1982 2467; x_wconf 89' lang='lat' dir='ltr'><strong>moriatur,</strong></span> <span class='ocrx_word' id='word_1_289' title='bbox 2038 2402 2138 2458; x_wconf 89' lang='lat' dir='ltr'><strong>sed</strong></span> 
     </span>
    </p>
   </div>
   <div class='ocr_carea' id='block_1_37' title="bbox 555 2491 2136 2573">
    <p class='ocr_par' dir='ltr' id='par_1_37' title="bbox 555 2491 2136 2573">
     <span class='ocr_line' id='line_1_38' title="bbox 555 2491 2136 2573; baseline -0.005 -17"><span class='ocrx_word' id='word_1_290' title='bbox 555 2502 679 2573; x_wconf 86' lang='lat' dir='ltr'><strong>quia</strong></span> <span class='ocrx_word' id='word_1_291' title='bbox 702 2496 1018 2570; x_wconf 81' lang='lat' dir='ltr'><strong>imperfecta</strong></span> <span class='ocrx_word' id='word_1_292' title='bbox 1039 2496 1096 2552; x_wconf 91' lang='lat' dir='ltr'><strong>in</strong></span> <span class='ocrx_word' id='word_1_293' title='bbox 1116 2508 1240 2553; x_wconf 84' lang='lat' dir='ltr'><strong>eum</strong></span> <span class='ocrx_word' id='word_1_294' title='bbox 1265 2502 1451 2551; x_wconf 88' lang='lat' dir='ltr'><strong>nostra</strong></span> <span class='ocrx_word' id='word_1_295' title='bbox 1474 2492 1612 2549; x_wconf 86' lang='lat' dir='ltr'><strong>visio</strong></span> <span class='ocrx_word' id='word_1_296' title='bbox 1654 2491 1894 2566; x_wconf 72' lang='lat' dir='ltr'><strong>perfecta</strong></span> <span class='ocrx_word' id='word_1_297' title='bbox 1922 2492 2136 2551; x_wconf 87' lang='lat' dir='ltr'><strong>visione</strong></span> 
     </span>
    </p>
   </div>
   <div class='ocr_carea' id='block_1_38' title="bbox 553 2583 2136 2664">
    <p class='ocr_par' dir='ltr' id='par_1_38' title="bbox 553 2583 2136 2664">
     <span class='ocr_line' id='line_1_39' title="bbox 553 2583 2136 2664; baseline -0.005 -17"><span class='ocrx_word' id='word_1_298' title='bbox 553 2592 864 2664; x_wconf 84' lang='lat' dir='ltr'><strong>perimitur,</strong></span> <span class='ocrx_word' id='word_1_299' title='bbox 908 2596 963 2645; x_wconf 88' lang='lat' dir='ltr'><strong>et</strong></span> <span class='ocrx_word' id='word_1_300' title='bbox 987 2595 1169 2644; x_wconf 88' lang='lat' dir='ltr'><strong>tamen</strong></span> <span class='ocrx_word' id='word_1_301' title='bbox 1200 2584 1305 2642; x_wconf 87' lang='lat' dir='ltr'><strong>nisi</strong></span> <span class='ocrx_word' id='word_1_302' title='bbox 1351 2584 1441 2641; x_wconf 90' lang='lat' dir='ltr'><strong>illa</strong></span> <span class='ocrx_word' id='word_1_303' title='bbox 1470 2584 1620 2656; x_wconf 91' lang='lat' dir='ltr'><strong>prior</strong></span> <span class='ocrx_word' id='word_1_304' title='bbox 1657 2599 1757 2641; x_wconf 90' lang='lat' dir='ltr'><strong>nos</strong></span> <span class='ocrx_word' id='word_1_305' title='bbox 1785 2583 2035 2651; x_wconf 86' lang='lat' dir='ltr'><strong>nutriret,</strong></span> <span class='ocrx_word' id='word_1_306' title='bbox 2067 2584 2136 2641; x_wconf 89' lang='lat' dir='ltr'><strong>ad</strong></span> 
     </span>
    </p>
   </div>
   <div class='ocr_carea' id='block_1_39' title="bbox 554 2674 2137 2754">
    <p class='ocr_par' dir='ltr' id='par_1_39' title="bbox 554 2674 2137 2754">
     <span class='ocr_line' id='line_1_40' title="bbox 554 2674 2137 2754; baseline -0.006 -15"><span class='ocrx_word' id='word_1_307' title='bbox 554 2684 705 2740; x_wconf 90' lang='lat' dir='ltr'><strong>illam</strong></span> <span class='ocrx_word' id='word_1_308' title='bbox 744 2681 1117 2754; x_wconf 79' lang='lat' dir='ltr'><strong>plenissimam</strong></span> <span class='ocrx_word' id='word_1_309' title='bbox 1146 2687 1203 2735; x_wconf 90' lang='lat' dir='ltr'><strong>et</strong></span> <span class='ocrx_word' id='word_1_310' title='bbox 1247 2675 1706 2743; x_wconf 76' lang='lat' dir='ltr'><strong>evidentissimum</strong></span> <span class='ocrx_word' id='word_1_311' title='bbox 1745 2690 1855 2731; x_wconf 90' lang='lat' dir='ltr'><strong>non</strong></span> <span class='ocrx_word' id='word_1_312' title='bbox 1899 2674 2137 2731; x_wconf 79' lang='lat' dir='ltr'><strong>efﬁcere-</strong></span> 
     </span>
    </p>
   </div>
   <div class='ocr_carea' id='block_1_40' title="bbox 550 2762 2135 2841">
    <p class='ocr_par' dir='ltr' id='par_1_40' title="bbox 550 2762 2135 2841">
     <span class='ocr_line' id='line_1_41' title="bbox 550 2762 2135 2841; baseline -0.007 -9"><span class='ocrx_word' id='word_1_313' title='bbox 550 2770 687 2832; x_wconf 71' lang='lat' dir='ltr'><strong>mur&#39;</strong></span> <span class='ocrx_word' id='word_1_314' title='bbox 706 2774 905 2831; x_wconf 85' lang='lat' dir='ltr'><strong>idonei.</strong></span> <span class='ocrx_word' id='word_1_315' title='bbox 937 2769 1092 2841; x_wconf 75' lang='lat' dir='ltr'><strong>Quod</strong></span> <span class='ocrx_word' id='word_1_316' title='bbox 1116 2770 1166 2826; x_wconf 85' lang='lat' dir='ltr'><strong>si</strong></span> <span class='ocrx_word' id='word_1_317' title='bbox 1189 2768 1351 2825; x_wconf 85' lang='lat' dir='ltr'><strong>etiam</strong></span> <span class='ocrx_word' id='word_1_318' title='bbox 1383 2768 1449 2824; x_wconf 88' lang='lat' dir='ltr'><strong>de</strong></span> <span class='ocrx_word' id='word_1_319' title='bbox 1492 2766 1721 2823; x_wconf 87' lang='lat' dir='ltr'><strong>Domino</strong></span> <span class='ocrx_word' id='word_1_320' title='bbox 1770 2772 1959 2825; x_wconf 86' lang='lat' dir='ltr'><strong>nostro</strong></span> <span class='ocrx_word' id='word_1_321' title='bbox 2002 2762 2135 2822; x_wconf 78' lang='lat' dir='ltr'><strong>Iesu</strong></span> 
     </span>
    </p>
   </div>
   <div class='ocr_carea' id='block_1_41' title="bbox 534 2857 2133 2935">
    <p class='ocr_par' dir='ltr' id='par_1_41' title="bbox 534 2857 2133 2935">
     <span class='ocr_line' id='line_1_42' title="bbox 534 2857 2133 2935; baseline -0.006 -11"><span class='ocrx_word' id='word_1_322' title='bbox 534 2868 790 2935; x_wconf 73' lang='lat' dir='ltr'><strong>Christo,</strong></span> <span class='ocrx_word' id='word_1_323' title='bbox 818 2878 926 2922; x_wconf 89' lang='lat' dir='ltr'><strong>non</strong></span> <span class='ocrx_word' id='word_1_324' title='bbox 953 2862 1245 2921; x_wconf 81' lang='lat' dir='ltr'><strong>secundum</strong></span> <span class='ocrx_word' id='word_1_325' title='bbox 1278 2859 1517 2918; x_wconf 72' lang='lat' dir='ltr'><strong>Verbum</strong></span> <span class='ocrx_word' id='word_1_326' title='bbox 1557 2860 1615 2915; x_wconf 90' lang='lat' dir='ltr'><strong>in</strong></span> <span class='ocrx_word' id='word_1_327' title='bbox 1650 2858 1920 2932; x_wconf 87' lang='lat' dir='ltr'><strong>principio</strong></span> <span class='ocrx_word' id='word_1_328' title='bbox 1960 2857 2133 2915; x_wconf 90' lang='lat' dir='ltr'><strong>Deum</strong></span> 
     </span>
    </p>
   </div>
   <div class='ocr_carea' id='block_1_42' title="bbox 554 2953 2135 3037">
    <p class='ocr_par' dir='ltr' id='par_1_42' title="bbox 554 2953 2135 3037">
     <span class='ocr_line' id='line_1_43' title="bbox 554 2953 2135 3037; baseline -0.008 -16"><span class='ocrx_word' id='word_1_329' title='bbox 554 2964 696 3037; x_wconf 85' lang='lat' dir='ltr'><strong>apud</strong></span> <span class='ocrx_word' id='word_1_330' title='bbox 726 2964 923 3029; x_wconf 86' lang='lat' dir='ltr'><strong>Deum,</strong></span> <span class='ocrx_word' id='word_1_331' title='bbox 965 2960 1061 3018; x_wconf 87' lang='lat' dir='ltr'><strong>sed</strong></span> <span class='ocrx_word' id='word_1_332' title='bbox 1105 2957 1402 3016; x_wconf 81' lang='lat' dir='ltr'><strong>secundum</strong></span> <span class='ocrx_word' id='word_1_333' title='bbox 1430 2970 1681 3035; x_wconf 81' lang='lat' dir='ltr'><strong>puerum,</strong></span> <span class='ocrx_word' id='word_1_334' title='bbox 1716 2957 1806 3029; x_wconf 89' lang='lat' dir='ltr'><strong>qui</strong></span> <span class='ocrx_word' id='word_1_335' title='bbox 1828 2953 2135 3029; x_wconf 83' lang='lat' dir='ltr'><strong>proﬁciebat</strong></span> 
     </span>
    </p>
   </div>
   <div class='ocr_carea' id='block_1_43' title="bbox 554 3046 2133 3131">
    <p class='ocr_par' dir='ltr' id='par_1_43' title="bbox 554 3046 2133 3131">
     <span class='ocr_line' id='line_1_44' title="bbox 554 3046 2133 3131; baseline -0.006 -18"><span class='ocrx_word' id='word_1_336' title='bbox 554 3064 709 3113; x_wconf 67' lang='lat' dir='ltr'><strong>atate</strong></span> <span class='ocrx_word' id='word_1_337' title='bbox 729 3066 777 3113; x_wconf 83' lang='lat' dir='ltr'><strong>et</strong></span> <span class='ocrx_word' id='word_1_338' title='bbox 801 3053 1057 3127; x_wconf 81' lang='lat' dir='ltr'><strong>sapientia</strong></span> <span class='ocrx_word' id='word_1_339' title='bbox 1086 3048 1238 3131; x_wconf 86' lang='lat' dir='ltr'><strong>(Luc.</strong></span> <span class='ocrx_word' id='word_1_340' title='bbox 1266 3051 1353 3127; x_wconf 86' lang='grc' dir='ltr'><strong>ιι),</strong></span> <span class='ocrx_word' id='word_1_341' title='bbox 1376 3050 1499 3124; x_wconf 89' lang='lat' dir='ltr'><strong>pius</strong></span> <span class='ocrx_word' id='word_1_342' title='bbox 1532 3048 1839 3105; x_wconf 88' lang='lat' dir='ltr'><strong>intellectus</strong></span> <span class='ocrx_word' id='word_1_343' title='bbox 1872 3046 2133 3115; x_wconf 81' lang='lat' dir='ltr'><strong>admittit,</strong></span> 
     </span>
    </p>
   </div>
   <div class='ocr_carea' id='block_1_44' title="bbox 538 3138 2132 3221">
    <p class='ocr_par' dir='ltr' id='par_1_44' title="bbox 538 3138 2132 3221">
     <span class='ocr_line' id='line_1_45' title="bbox 538 3138 2132 3221; baseline -0.008 -15"><span class='ocrx_word' id='word_1_344' title='bbox 538 3148 773 3221; x_wconf 75' lang='lat' dir='ltr'><strong>propria</strong></span> <span class='ocrx_word' id='word_1_345' title='bbox 809 3146 900 3203; x_wconf 84' lang='lat' dir='ltr'><strong>illa</strong></span> <span class='ocrx_word' id='word_1_346' title='bbox 944 3144 1288 3215; x_wconf 86' lang='lat' dir='ltr'><strong>susceptione</strong></span> <span class='ocrx_word' id='word_1_347' title='bbox 1332 3149 1572 3208; x_wconf 83' lang='lat' dir='ltr'><strong>servata,</strong></span> <span class='ocrx_word' id='word_1_348' title='bbox 1605 3155 1725 3212; x_wconf 73' lang='lat' dir='ltr'><strong>quae</strong></span> <span class='ocrx_word' id='word_1_349' title='bbox 1752 3138 2057 3195; x_wconf 88' lang='lat' dir='ltr'><strong>communis</strong></span> <span class='ocrx_word' id='word_1_350' title='bbox 2082 3138 2132 3195; x_wconf 90' lang='lat' dir='ltr'><strong>ei</strong></span> 
     </span>
    </p>
   </div>
   <div class='ocr_carea' id='block_1_45' title="bbox 552 3229 2133 3297">
    <p class='ocr_par' dir='ltr' id='par_1_45' title="bbox 552 3229 2133 3297">
     <span class='ocr_line' id='line_1_46' title="bbox 552 3229 2133 3297; baseline -0.007 -3"><span class='ocrx_word' id='word_1_351' title='bbox 552 3253 681 3295; x_wconf 90' lang='lat' dir='ltr'><strong>cum</strong></span> <span class='ocrx_word' id='word_1_352' title='bbox 713 3236 925 3293; x_wconf 65' lang='lat' dir='ltr'><strong>caeteris</strong></span> <span class='ocrx_word' id='word_1_353' title='bbox 967 3234 1280 3291; x_wconf 89' lang='lat' dir='ltr'><strong>hominibus</strong></span> <span class='ocrx_word' id='word_1_354' title='bbox 1332 3242 1440 3286; x_wconf 87' lang='lat' dir='ltr'><strong>non</strong></span> <span class='ocrx_word' id='word_1_355' title='bbox 1497 3234 1601 3297; x_wconf 86' lang='lat' dir='ltr'><strong>est,</strong></span> <span class='ocrx_word' id='word_1_356' title='bbox 1655 3229 2003 3287; x_wconf 79' lang='lat' dir='ltr'><strong>manifestum</strong></span> <span class='ocrx_word' id='word_1_357' title='bbox 2050 3235 2133 3284; x_wconf 87' lang='lat' dir='ltr'><strong>est</strong></span> 
     </span>
    </p>
   </div>
   <div class='ocr_carea' id='block_1_46' title="bbox 553 3320 2135 3405">
    <p class='ocr_par' dir='ltr' id='par_1_46' title="bbox 553 3320 2135 3405">
     <span class='ocr_line' id='line_1_47' title="bbox 553 3320 2135 3405; baseline -0.009 -15"><span class='ocrx_word' id='word_1_358' title='bbox 553 3332 709 3405; x_wconf 75' lang='lat' dir='ltr'><strong>cujus</strong></span> <span class='ocrx_word' id='word_1_359' title='bbox 733 3341 989 3402; x_wconf 86' lang='lat' dir='ltr'><strong>tanquam</strong></span> <span class='ocrx_word' id='word_1_360' title='bbox 1030 3339 1207 3386; x_wconf 85' lang='lat' dir='ltr'><strong>morte</strong></span> <span class='ocrx_word' id='word_1_361' title='bbox 1254 3320 1530 3399; x_wconf 87' lang='lat' dir='ltr'><strong>possideat</strong></span> <span class='ocrx_word' id='word_1_362' title='bbox 1567 3320 1978 3389; x_wconf 73' lang='lat' dir='ltr'><strong>haereditatem;</strong></span> <span class='ocrx_word' id='word_1_363' title='bbox 2027 3337 2135 3377; x_wconf 92' lang='lat' dir='ltr'><strong>non</strong></span> 
     </span>
    </p>
   </div>
   <div class='ocr_carea' id='block_1_47' title="bbox 551 3412 2137 3489">
    <p class='ocr_par' dir='ltr' id='par_1_47' title="bbox 551 3412 2137 3489">
     <span class='ocr_line' id='line_1_48' title="bbox 551 3412 2137 3489; baseline -0.008 -8"><span class='ocrx_word' id='word_1_364' title='bbox 551 3425 696 3482; x_wconf 90' lang='lat' dir='ltr'><strong>enim</strong></span> <span class='ocrx_word' id='word_1_365' title='bbox 723 3436 825 3479; x_wconf 90' lang='lat' dir='ltr'><strong>nos</strong></span> <span class='ocrx_word' id='word_1_366' title='bbox 852 3420 1159 3478; x_wconf 77' lang='lat' dir='ltr'><strong>cohteredes</strong></span> <span class='ocrx_word' id='word_1_367' title='bbox 1179 3418 1296 3489; x_wconf 84' lang='lat' dir='ltr'><strong>ejus</strong></span> <span class='ocrx_word' id='word_1_368' title='bbox 1324 3432 1443 3473; x_wconf 89' lang='lat' dir='ltr'><strong>esse</strong></span> <span class='ocrx_word' id='word_1_369' title='bbox 1463 3430 1774 3487; x_wconf 90' lang='lat' dir='ltr'><strong>possumus,</strong></span> <span class='ocrx_word' id='word_1_370' title='bbox 1802 3413 1906 3469; x_wconf 89' lang='lat' dir='ltr'><strong>nisi</strong></span> <span class='ocrx_word' id='word_1_371' title='bbox 1937 3420 1993 3468; x_wconf 91' lang='lat' dir='ltr'><strong>et</strong></span> <span class='ocrx_word' id='word_1_372' title='bbox 2021 3412 2137 3483; x_wconf 84' lang='lat' dir='ltr'><strong>ipse</strong></span> 
     </span>
    </p>
   </div>
   <div class='ocr_carea' id='block_1_48' title="bbox 553 3504 2136 3584">
    <p class='ocr_par' dir='ltr' id='par_1_48' title="bbox 553 3504 2136 3584">
     <span class='ocr_line' id='line_1_49' title="bbox 553 3504 2136 3584; baseline -0.01 -9"><span class='ocrx_word' id='word_1_373' title='bbox 553 3518 729 3576; x_wconf 74' lang='lat' dir='ltr'><strong>haeres</strong></span> <span class='ocrx_word' id='word_1_374' title='bbox 756 3518 846 3572; x_wconf 88' lang='lat' dir='ltr'><strong>sit.</strong></span> <span class='ocrx_word' id='word_1_375' title='bbox 880 3513 938 3571; x_wconf 90' lang='lat' dir='ltr'><strong>Si</strong></span> <span class='ocrx_word' id='word_1_376' title='bbox 979 3521 1157 3570; x_wconf 88' lang='lat' dir='ltr'><strong>autem</strong></span> <span class='ocrx_word' id='word_1_377' title='bbox 1198 3512 1374 3584; x_wconf 88' lang='lat' dir='ltr'><strong>pietas</strong></span> <span class='ocrx_word' id='word_1_378' title='bbox 1423 3524 1530 3566; x_wconf 91' lang='lat' dir='ltr'><strong>non</strong></span> <span class='ocrx_word' id='word_1_379' title='bbox 1574 3505 1814 3563; x_wconf 89' lang='lat' dir='ltr'><strong>admittit</strong></span> <span class='ocrx_word' id='word_1_380' title='bbox 1855 3513 1915 3559; x_wconf 87' lang='lat' dir='ltr'><strong>ut</strong></span> <span class='ocrx_word' id='word_1_381' title='bbox 1961 3504 2136 3574; x_wconf 90' lang='lat' dir='ltr'><strong>primo</strong></span> 
     </span>
    </p>
   </div>
   <div class='ocr_carea' id='block_1_49' title="bbox 555 3592 2133 3680">
    <p class='ocr_par' dir='ltr' id='par_1_49' title="bbox 555 3592 2133 3680">
     <span class='ocr_line' id='line_1_50' title="bbox 555 3592 2133 3680; baseline -0.011 -14"><span class='ocrx_word' id='word_1_382' title='bbox 555 3624 623 3667; x_wconf 80' lang='lat' dir='ltr'><strong>ex</strong></span> <span class='ocrx_word' id='word_1_383' title='bbox 665 3618 822 3680; x_wconf 88' lang='lat' dir='ltr'><strong>parte</strong></span> <span class='ocrx_word' id='word_1_384' title='bbox 846 3607 1058 3662; x_wconf 88' lang='lat' dir='ltr'><strong>videret</strong></span> <span class='ocrx_word' id='word_1_385' title='bbox 1092 3604 1255 3659; x_wconf 91' lang='lat' dir='ltr'><strong>homo</strong></span> <span class='ocrx_word' id='word_1_386' title='bbox 1301 3600 1636 3665; x_wconf 88' lang='lat' dir='ltr'><strong>Dominicus,</strong></span> <span class='ocrx_word' id='word_1_387' title='bbox 1688 3592 1879 3653; x_wconf 88' lang='lat' dir='ltr'><strong>deinde</strong></span> <span class='ocrx_word' id='word_1_388' title='bbox 1908 3610 1975 3651; x_wconf 89' lang='lat' dir='ltr'><strong>ex</strong></span> <span class='ocrx_word' id='word_1_389' title='bbox 2002 3601 2133 3662; x_wconf 85' lang='lat' dir='ltr'><strong>toto,</strong></span> 
     </span>
    </p>
   </div>
   <div class='ocr_carea' id='block_1_50' title="bbox 551 3686 2135 3774">
    <p class='ocr_par' dir='ltr' id='par_1_50' title="bbox 551 3686 2135 3774">
     <span class='ocr_line' id='line_1_51' title="bbox 551 3686 2135 3774; baseline -0.009 -17"><span class='ocrx_word' id='word_1_390' title='bbox 551 3712 860 3774; x_wconf 87' lang='lat' dir='ltr'><strong>quanquam</strong></span> <span class='ocrx_word' id='word_1_391' title='bbox 885 3699 940 3754; x_wconf 87' lang='lat' dir='ltr'><strong>in</strong></span> <span class='ocrx_word' id='word_1_392' title='bbox 970 3694 1231 3767; x_wconf 89' lang='lat' dir='ltr'><strong>sapientia</strong></span> <span class='ocrx_word' id='word_1_393' title='bbox 1263 3690 1528 3766; x_wconf 85' lang='lat' dir='ltr'><strong>proﬁcere</strong></span> <span class='ocrx_word' id='word_1_394' title='bbox 1557 3690 1734 3745; x_wconf 90' lang='lat' dir='ltr'><strong>dictus</strong></span> <span class='ocrx_word' id='word_1_395' title='bbox 1765 3686 1855 3754; x_wconf 88' lang='lat' dir='ltr'><strong>sit,</strong></span> <span class='ocrx_word' id='word_1_396' title='bbox 1903 3700 2135 3759; x_wconf 87' lang='lat' dir='ltr'><strong>corpore</strong></span> 
     </span>
    </p>
   </div>
   <div class='ocr_carea' id='block_1_51' title="bbox 555 3774 2137 3861">
    <p class='ocr_par' dir='ltr' id='par_1_51' title="bbox 555 3774 2137 3861">
     <span class='ocr_line' id='line_1_52' title="bbox 555 3774 2137 3861; baseline -0.011 -11"><span class='ocrx_word' id='word_1_397' title='bbox 555 3809 653 3851; x_wconf 88' lang='lat' dir='ltr'><strong>suo</strong></span> <span class='ocrx_word' id='word_1_398' title='bbox 678 3790 996 3861; x_wconf 76' lang='lat' dir='ltr'><strong>intelligitur</strong></span> <span class='ocrx_word' id='word_1_399' title='bbox 1029 3788 1223 3853; x_wconf 66' lang='lat' dir='ltr'><strong>haeres,</strong></span> <span class='ocrx_word' id='word_1_400' title='bbox 1254 3785 1310 3840; x_wconf 91' lang='lat' dir='ltr'><strong>id</strong></span> <span class='ocrx_word' id='word_1_401' title='bbox 1354 3790 1457 3849; x_wconf 91' lang='lat' dir='ltr'><strong>est,</strong></span> <span class='ocrx_word' id='word_1_402' title='bbox 1482 3778 1744 3846; x_wconf 85' lang='lat' dir='ltr'><strong>Ecclesia,</strong></span> <span class='ocrx_word' id='word_1_403' title='bbox 1775 3776 1930 3850; x_wconf 79' lang='lat' dir='ltr'><strong>cujus</strong></span> <span class='ocrx_word' id='word_1_404' title='bbox 1957 3774 2137 3835; x_wconf 62' lang='lat' dir='ltr'><strong>cohae-</strong></span> 
     </span>
    </p>
   </div>
   <div class='ocr_carea' id='block_1_52' title="bbox 556 3864 2137 3946">
    <p class='ocr_par' dir='ltr' id='par_1_52' title="bbox 556 3864 2137 3946">
     <span class='ocr_line' id='line_1_53' title="bbox 556 3864 2137 3946; baseline -0.009 -8"><span class='ocrx_word' id='word_1_405' title='bbox 556 3882 714 3938; x_wconf 86' lang='lat' dir='ltr'><strong>redes</strong></span> <span class='ocrx_word' id='word_1_406' title='bbox 763 3892 971 3943; x_wconf 89' lang='lat' dir='ltr'><strong>sumus,</strong></span> <span class='ocrx_word' id='word_1_407' title='bbox 1000 3874 1249 3946; x_wconf 87' lang='lat' dir='ltr'><strong>quamvis</strong></span> <span class='ocrx_word' id='word_1_408' title='bbox 1293 3887 1359 3928; x_wconf 82' lang='lat' dir='ltr'><strong>ex</strong></span> <span class='ocrx_word' id='word_1_409' title='bbox 1397 3870 1553 3927; x_wconf 88' lang='lat' dir='ltr'><strong>nobis</strong></span> <span class='ocrx_word' id='word_1_410' title='bbox 1583 3876 1810 3927; x_wconf 87' lang='lat' dir='ltr'><strong>constet.</strong></span> <span class='ocrx_word' id='word_1_411' title='bbox 1861 3864 1970 3925; x_wconf 88' lang='lat' dir='ltr'><strong>Sed</strong></span> <span class='ocrx_word' id='word_1_412' title='bbox 2015 3885 2137 3924; x_wconf 91' lang='lat' dir='ltr'><strong>rur-</strong></span> 
     </span>
    </p>
   </div>
   <div class='ocr_carea' id='block_1_53' title="bbox 555 3961 2135 4039">
    <p class='ocr_par' dir='ltr' id='par_1_53' title="bbox 555 3961 2135 4039">
     <span class='ocr_line' id='line_1_54' title="bbox 555 3961 2135 4039; baseline -0.006 -13"><span class='ocrx_word' id='word_1_413' title='bbox 555 3984 677 4028; x_wconf 85' lang='lat' dir='ltr'><strong>sum</strong></span> <span class='ocrx_word' id='word_1_414' title='bbox 706 3969 875 4039; x_wconf 63' lang='lat' dir='ltr'><strong>quaeri</strong></span> <span class='ocrx_word' id='word_1_415' title='bbox 896 3976 1079 4037; x_wconf 88' lang='lat' dir='ltr'><strong>potest</strong></span> <span class='ocrx_word' id='word_1_416' title='bbox 1102 3964 1255 4035; x_wconf 87' lang='lat' dir='ltr'><strong>cujus</strong></span> <span class='ocrx_word' id='word_1_417' title='bbox 1286 3970 1461 4018; x_wconf 91' lang='lat' dir='ltr'><strong>morte</strong></span> <span class='ocrx_word' id='word_1_418' title='bbox 1488 3962 1656 4017; x_wconf 89' lang='lat' dir='ltr'><strong>simus</strong></span> <span class='ocrx_word' id='word_1_419' title='bbox 1693 3978 1792 4018; x_wconf 90' lang='lat' dir='ltr'><strong>nos</strong></span> <span class='ocrx_word' id='word_1_420' title='bbox 1820 3961 1985 4018; x_wconf 87' lang='lat' dir='ltr'><strong>etiam</strong></span> <span class='ocrx_word' id='word_1_421' title='bbox 2021 3962 2135 4017; x_wconf 62' lang='lat' dir='ltr'><strong>hae-</strong></span> 
     </span>
    </p>
   </div>
   <div class='ocr_carea' id='block_1_54' title="bbox 556 4044 2175 4127">
    <p class='ocr_par' dir='ltr' id='par_1_54' title="bbox 556 4044 2175 4127">
     <span class='ocr_line' id='line_1_55' title="bbox 556 4044 2175 4127; baseline -0.007 -8"><span class='ocrx_word' id='word_1_422' title='bbox 556 4064 761 4119; x_wconf 81' lang='lat' dir='ltr'><strong>reditas</strong></span> <span class='ocrx_word' id='word_1_423' title='bbox 789 4061 908 4125; x_wconf 87' lang='lat' dir='ltr'><strong>Dei,</strong></span> <span class='ocrx_word' id='word_1_424' title='bbox 932 4058 1226 4114; x_wconf 87' lang='lat' dir='ltr'><strong>secundum</strong></span> <span class='ocrx_word' id='word_1_425' title='bbox 1250 4054 1379 4111; x_wconf 88' lang='lat' dir='ltr'><strong>illud</strong></span> <span class='ocrx_word' id='word_1_426' title='bbox 1410 4073 1422 4108; x_wconf 89' lang='lat'><strong>:</strong></span> <span class='ocrx_word' id='word_1_427' title='bbox 1456 4053 1523 4108; x_wconf 87' lang='lat' dir='ltr'><strong>Et</strong></span> <span class='ocrx_word' id='word_1_428' title='bbox 1559 4052 1693 4108; x_wconf 82' lang='lat' dir='ltr'><strong>dabo</strong></span> <span class='ocrx_word' id='word_1_429' title='bbox 1735 4053 1826 4108; x_wconf 87' lang='lat' dir='ltr'><strong>tibi</strong></span> <span class='ocrx_word' id='word_1_430' title='bbox 1866 4062 2039 4127; x_wconf 83' lang='lat' dir='ltr'><strong>gentes</strong></span> <span class='ocrx_word' id='word_1_431' title='bbox 2081 4052 2135 4107; x_wconf 85' lang='lat' dir='ltr'><strong>in</strong></span> <span class='ocrx_word' id='word_1_432' title='bbox 2172 4044 2175 4049; x_wconf 30' lang='grc'><em>⁴</em></span> 
     </span>
    </p>
   </div>
   <div class='ocr_carea' id='block_1_55' title="bbox 558 4143 2136 4222">
    <p class='ocr_par' dir='ltr' id='par_1_55' title="bbox 558 4143 2136 4222">
     <span class='ocr_line' id='line_1_56' title="bbox 558 4143 2136 4222; baseline -0.005 -13"><span class='ocrx_word' id='word_1_433' title='bbox 558 4153 915 4209; x_wconf 69' lang='lat' dir='ltr'><strong>hmreditatem</strong></span> <span class='ocrx_word' id='word_1_434' title='bbox 957 4146 1131 4222; x_wconf 84' lang='lat' dir='ltr'><strong>(Psal.</strong></span> <span class='ocrx_word' id='word_1_435' title='bbox 1162 4148 1251 4219; x_wconf 84' lang='grc' dir='ltr'><strong>ιι),</strong></span> <span class='ocrx_word' id='word_1_436' title='bbox 1280 4146 1383 4204; x_wconf 90' lang='lat' dir='ltr'><strong>nisi</strong></span> <span class='ocrx_word' id='word_1_437' title='bbox 1426 4145 1567 4201; x_wconf 78' lang='lat' dir='ltr'><strong>forte</strong></span> <span class='ocrx_word' id='word_1_438' title='bbox 1596 4143 1757 4216; x_wconf 89' lang='lat' dir='ltr'><strong>hujus</strong></span> <span class='ocrx_word' id='word_1_439' title='bbox 1792 4147 2001 4212; x_wconf 89' lang='lat' dir='ltr'><strong>mundi,</strong></span> <span class='ocrx_word' id='word_1_440' title='bbox 2028 4160 2136 4217; x_wconf 92' lang='lat' dir='ltr'><strong>quo</strong></span> 
     </span>
    </p>
   </div>
   <div class='ocr_carea' id='block_1_56' title="bbox 558 4238 2136 4319">
    <p class='ocr_par' dir='ltr' id='par_1_56' title="bbox 558 4238 2136 4319">
     <span class='ocr_line' id='line_1_57' title="bbox 558 4238 2136 4319; baseline -0.006 -18"><span class='ocrx_word' id='word_1_441' title='bbox 558 4244 713 4319; x_wconf 87' lang='lat' dir='ltr'><strong>prius</strong></span> <span class='ocrx_word' id='word_1_442' title='bbox 754 4254 1015 4316; x_wconf 88' lang='lat' dir='ltr'><strong>tanquam</strong></span> <span class='ocrx_word' id='word_1_443' title='bbox 1051 4240 1361 4298; x_wconf 85' lang='lat' dir='ltr'><strong>dominante</strong></span> <span class='ocrx_word' id='word_1_444' title='bbox 1392 4240 1730 4297; x_wconf 87' lang='lat' dir='ltr'><strong>tenebamur.</strong></span> <span class='ocrx_word' id='word_1_445' title='bbox 1781 4238 1912 4295; x_wconf 90' lang='lat' dir='ltr'><strong>Post</strong></span> <span class='ocrx_word' id='word_1_446' title='bbox 1956 4247 2136 4293; x_wconf 90' lang='lat' dir='ltr'><strong>autem</strong></span> 
     </span>
    </p>
   </div>
   <div class='ocr_carea' id='block_1_57' title="bbox 558 4330 2136 4404">
    <p class='ocr_par' dir='ltr' id='par_1_57' title="bbox 558 4330 2136 4404">
     <span class='ocr_line' id='line_1_58' title="bbox 558 4330 2136 4404; baseline -0.006 -11"><span class='ocrx_word' id='word_1_447' title='bbox 558 4350 683 4393; x_wconf 88' lang='lat' dir='ltr'><strong>cum</strong></span> <span class='ocrx_word' id='word_1_448' title='bbox 722 4336 995 4392; x_wconf 86' lang='lat' dir='ltr'><strong>dicimus:</strong></span> <span class='ocrx_word' id='word_1_449' title='bbox 1047 4330 1280 4389; x_wconf 75' lang='lat' dir='ltr'><strong>Mundus</strong></span> <span class='ocrx_word' id='word_1_450' title='bbox 1328 4332 1456 4388; x_wconf 85' lang='lat' dir='ltr'><strong>mihi</strong></span> <span class='ocrx_word' id='word_1_451' title='bbox 1503 4332 1788 4404; x_wconf 74' lang='lat' dir='ltr'><strong>cruciﬁxus</strong></span> <span class='ocrx_word' id='word_1_452' title='bbox 1834 4339 1909 4386; x_wconf 85' lang='lat' dir='ltr'><strong>est</strong></span> <span class='ocrx_word' id='word_1_453' title='bbox 1956 4339 2005 4384; x_wconf 89' lang='lat' dir='ltr'><strong>et</strong></span> <span class='ocrx_word' id='word_1_454' title='bbox 2043 4345 2136 4401; x_wconf 86' lang='lat' dir='ltr'><strong>ego</strong></span> 
     </span>
    </p>
   </div>
   <div class='ocr_carea' id='block_1_58' title="bbox 559 4418 2137 4501">
    <p class='ocr_par' dir='ltr' id='par_1_58' title="bbox 559 4418 2137 4501">
     <span class='ocr_line' id='line_1_59' title="bbox 559 4418 2137 4501; baseline -0.005 -19"><span class='ocrx_word' id='word_1_455' title='bbox 559 4428 757 4482; x_wconf 86' lang='lat' dir='ltr'><strong>mundo</strong></span> <span class='ocrx_word' id='word_1_456' title='bbox 785 4422 925 4500; x_wconf 82' lang='lat' dir='ltr'><strong>(Gal.</strong></span> <span class='ocrx_word' id='word_1_457' title='bbox 949 4425 1050 4501; x_wconf 77' lang='lat' dir='ltr'><strong>vi),</strong></span> <span class='ocrx_word' id='word_1_458' title='bbox 1081 4426 1323 4497; x_wconf 88' lang='lat' dir='ltr'><strong>possidet</strong></span> <span class='ocrx_word' id='word_1_459' title='bbox 1347 4439 1446 4480; x_wconf 91' lang='lat' dir='ltr'><strong>nos</strong></span> <span class='ocrx_word' id='word_1_460' title='bbox 1486 4422 1757 4489; x_wconf 89' lang='lat' dir='ltr'><strong>Christus,</strong></span> <span class='ocrx_word' id='word_1_461' title='bbox 1802 4428 2014 4477; x_wconf 89' lang='lat' dir='ltr'><strong>mortuo</strong></span> <span class='ocrx_word' id='word_1_462' title='bbox 2046 4418 2137 4474; x_wconf 91' lang='lat' dir='ltr'><strong>illo</strong></span> 
     </span>
    </p>
   </div>
   <div class='ocr_carea' id='block_1_59' title="bbox 559 4513 2135 4589">
    <p class='ocr_par' dir='ltr' id='par_1_59' title="bbox 559 4513 2135 4589">
     <span class='ocr_line' id='line_1_60' title="bbox 559 4513 2135 4589; baseline -0.006 -16"><span class='ocrx_word' id='word_1_463' title='bbox 559 4519 653 4589; x_wconf 86' lang='lat' dir='ltr'><strong>qui</strong></span> <span class='ocrx_word' id='word_1_464' title='bbox 682 4534 781 4574; x_wconf 89' lang='lat' dir='ltr'><strong>nos</strong></span> <span class='ocrx_word' id='word_1_465' title='bbox 808 4519 1137 4589; x_wconf 84' lang='lat' dir='ltr'><strong>possidebat,</strong></span> <span class='ocrx_word' id='word_1_466' title='bbox 1185 4530 1309 4573; x_wconf 89' lang='lat' dir='ltr'><strong>cum</strong></span> <span class='ocrx_word' id='word_1_467' title='bbox 1337 4516 1387 4572; x_wconf 90' lang='lat' dir='ltr'><strong>ei</strong></span> <span class='ocrx_word' id='word_1_468' title='bbox 1417 4516 1807 4581; x_wconf 86' lang='lat' dir='ltr'><strong>renuntiamus,</strong></span> <span class='ocrx_word' id='word_1_469' title='bbox 1852 4513 2135 4569; x_wconf 88' lang='lat' dir='ltr'><strong>morimur-</strong></span> 
     </span>
    </p>
   </div>
   <div class='ocr_carea' id='block_1_60' title="bbox 561 4608 1208 4684">
    <p class='ocr_par' dir='ltr' id='par_1_60' title="bbox 561 4608 1208 4684">
     <span class='ocr_line' id='line_1_61' title="bbox 561 4608 1208 4684; baseline -0.003 -16"><span class='ocrx_word' id='word_1_470' title='bbox 561 4628 667 4684; x_wconf 89' lang='lat' dir='ltr'><strong>que</strong></span> <span class='ocrx_word' id='word_1_471' title='bbox 695 4608 773 4667; x_wconf 87' lang='lat' dir='ltr'><strong>illi</strong></span> <span class='ocrx_word' id='word_1_472' title='bbox 794 4620 849 4668; x_wconf 91' lang='lat' dir='ltr'><strong>et</strong></span> <span class='ocrx_word' id='word_1_473' title='bbox 885 4613 999 4683; x_wconf 91' lang='lat' dir='ltr'><strong>ipse</strong></span> <span class='ocrx_word' id='word_1_474' title='bbox 1029 4611 1208 4667; x_wconf 85' lang='lat' dir='ltr'><strong>nobis.</strong></span> 
     </span>
    </p>
   </div>
   <div class='ocr_carea' id='block_1_61' title="bbox 2163 4654 2218 4717">
    <p class='ocr_par' dir='ltr' id='par_1_61' title="bbox 2163 4654 2218 4717">
     <span class='ocr_line' id='line_1_62' title="bbox 2163 4654 2218 4717; baseline 0 0"><span class='ocrx_word' id='word_1_475' title='bbox 2163 4654 2218 4717; x_wconf 92' lang='lat' dir='ltr'><strong>D</strong></span> 
     </span>
    </p>
   </div>
   <div class='ocr_carea' id='block_1_62' title="bbox 2238 2030 3830 2112">
    <p class='ocr_par' dir='ltr' id='par_1_62' title="bbox 2238 2030 3830 2112">
     <span class='ocr_line' id='line_1_63' title="bbox 2238 2030 3830 2112; baseline 0.006 -23"><span class='ocrx_word' id='word_1_476' title='bbox 2238 2030 2362 2090; x_wconf 91' lang='lat' dir='ltr'><strong>dam</strong></span> <span class='ocrx_word' id='word_1_477' title='bbox 2388 2051 2499 2108; x_wconf 89' lang='lat' dir='ltr'><strong>spe.</strong></span> <span class='ocrx_word' id='word_1_478' title='bbox 2532 2036 2663 2106; x_wconf 63' lang='lat' dir='ltr'><strong>Quae</strong></span> <span class='ocrx_word' id='word_1_479' title='bbox 2684 2048 2864 2095; x_wconf 91' lang='lat' dir='ltr'><strong>autem</strong></span> <span class='ocrx_word' id='word_1_480' title='bbox 2889 2056 3031 2112; x_wconf 86' lang='lat' dir='ltr'><strong>spes,</strong></span> <span class='ocrx_word' id='word_1_481' title='bbox 3062 2040 3142 2097; x_wconf 89' lang='lat' dir='ltr'><strong>ita</strong></span> <span class='ocrx_word' id='word_1_482' title='bbox 3163 2049 3575 2109; x_wconf 75' lang='lat' dir='ltr'><strong>commemorat,</strong></span> <span class='ocrx_word' id='word_1_483' title='bbox 3594 2042 3791 2103; x_wconf 78' lang='lat' dir='ltr'><strong>dicens</strong></span> <span class='ocrx_word' id='word_1_484' title='bbox 3815 2062 3830 2099; x_wconf 92' lang='lat'><strong>:</strong></span> 
     </span>
    </p>
   </div>
   <div class='ocr_carea' id='block_1_63' title="bbox 2240 2126 3835 2204">
    <p class='ocr_par' dir='ltr' id='par_1_63' title="bbox 2240 2126 3835 2204">
     <span class='ocr_line' id='line_1_64' title="bbox 2240 2126 3835 2204; baseline 0.006 -22"><span class='ocrx_word' id='word_1_485' title='bbox 2240 2126 2504 2195; x_wconf 81' lang='lat' dir='ltr'><strong>Quoniam</strong></span> <span class='ocrx_word' id='word_1_486' title='bbox 2524 2140 2572 2186; x_wconf 88' lang='lat' dir='ltr'><strong>et</strong></span> <span class='ocrx_word' id='word_1_487' title='bbox 2595 2133 2732 2203; x_wconf 84' lang='lat' dir='ltr'><strong>ipsa,</strong></span> <span class='ocrx_word' id='word_1_488' title='bbox 2760 2133 2955 2204; x_wconf 88' lang='lat' dir='ltr'><strong>inquit,</strong></span> <span class='ocrx_word' id='word_1_489' title='bbox 2988 2133 3301 2191; x_wconf 75' lang='lat' dir='ltr'><strong>liberabitur</strong></span> <span class='ocrx_word' id='word_1_490' title='bbox 3328 2153 3368 2193; x_wconf 68' lang='grc' dir='ltr'><em>α</em></span> <span class='ocrx_word' id='word_1_491' title='bbox 3385 2135 3653 2192; x_wconf 70' lang='lat' dir='ltr'><strong>uentilata.</strong></span> <span class='ocrx_word' id='word_1_492' title='bbox 3674 2134 3835 2204; x_wconf 71' lang='lat' dir='ltr'><strong>Quid</strong></span> 
     </span>
    </p>
   </div>
   <div class='ocr_carea' id='block_1_64' title="bbox 2237 2223 3832 2298">
    <p class='ocr_par' dir='ltr' id='par_1_64' title="bbox 2237 2223 3832 2298">
     <span class='ocr_line' id='line_1_65' title="bbox 2237 2223 3832 2298; baseline 0.005 -22"><span class='ocrx_word' id='word_1_493' title='bbox 2237 2230 2323 2277; x_wconf 90' lang='lat' dir='ltr'><strong>est</strong></span> <span class='ocrx_word' id='word_1_494' title='bbox 2346 2237 2474 2295; x_wconf 88' lang='lat' dir='ltr'><strong>ergo</strong></span> <span class='ocrx_word' id='word_1_495' title='bbox 2518 2225 2663 2294; x_wconf 85' lang='lat' dir='ltr'><strong>quod</strong></span> <span class='ocrx_word' id='word_1_496' title='bbox 2701 2226 2932 2283; x_wconf 85' lang='lat' dir='ltr'><strong>vanitati</strong></span> <span class='ocrx_word' id='word_1_497' title='bbox 2972 2223 3213 2297; x_wconf 85' lang='lat' dir='ltr'><strong>subjecta</strong></span> <span class='ocrx_word' id='word_1_498' title='bbox 3254 2234 3360 2293; x_wconf 88' lang='lat' dir='ltr'><strong>est,</strong></span> <span class='ocrx_word' id='word_1_499' title='bbox 3411 2226 3518 2283; x_wconf 84' lang='lat' dir='ltr'><strong>nisi</strong></span> <span class='ocrx_word' id='word_1_500' title='bbox 3547 2227 3675 2297; x_wconf 87' lang='lat' dir='ltr'><strong>quia</strong></span> <span class='ocrx_word' id='word_1_501' title='bbox 3704 2243 3832 2298; x_wconf 70' lang='lat' dir='ltr'><strong>quae</strong></span> 
     </span>
    </p>
   </div>
   <div class='ocr_carea' id='block_1_65' title="bbox 2239 2313 3832 2388">
    <p class='ocr_par' dir='ltr' id='par_1_65' title="bbox 2239 2313 3832 2388">
     <span class='ocr_line' id='line_1_66' title="bbox 2239 2313 3832 2388; baseline 0.005 -22"><span class='ocrx_word' id='word_1_502' title='bbox 2239 2319 2460 2385; x_wconf 79' lang='lat' dir='ltr'><strong>generat</strong></span> <span class='ocrx_word' id='word_1_503' title='bbox 2492 2313 2694 2370; x_wconf 90' lang='lat' dir='ltr'><strong>caduca</strong></span> <span class='ocrx_word' id='word_1_504' title='bbox 2727 2324 2853 2372; x_wconf 91' lang='lat' dir='ltr'><strong>sunt</strong></span> <span class='ocrx_word' id='word_1_505' title='bbox 2879 2333 2893 2370; x_wconf 85' lang='lat'><strong>:</strong></span> <span class='ocrx_word' id='word_1_506' title='bbox 2925 2325 3181 2388; x_wconf 88' lang='lat' dir='ltr'><strong>operatur</strong></span> <span class='ocrx_word' id='word_1_507' title='bbox 3207 2316 3354 2372; x_wconf 88' lang='lat' dir='ltr'><strong>enim</strong></span> <span class='ocrx_word' id='word_1_508' title='bbox 3381 2324 3443 2373; x_wconf 88' lang='lat' dir='ltr'><strong>ut</strong></span> <span class='ocrx_word' id='word_1_509' title='bbox 3474 2314 3687 2374; x_wconf 81' lang='lat' dir='ltr'><strong>fructus</strong></span> <span class='ocrx_word' id='word_1_510' title='bbox 3742 2316 3832 2373; x_wconf 75' lang='lat' dir='ltr'><strong>ia-</strong></span> 
     </span>
    </p>
   </div>
   <div class='ocr_carea' id='block_1_66' title="bbox 2239 2402 3829 2480">
    <p class='ocr_par' dir='ltr' id='par_1_66' title="bbox 2239 2402 3829 2480">
     <span class='ocr_line' id='line_1_67' title="bbox 2239 2402 3829 2480; baseline 0.004 -21"><span class='ocrx_word' id='word_1_511' title='bbox 2239 2402 2346 2459; x_wconf 87' lang='lat' dir='ltr'><strong>ciat</strong></span> <span class='ocrx_word' id='word_1_512' title='bbox 2398 2405 2795 2476; x_wconf 87' lang='lat' dir='ltr'><strong>corruptibiles.</strong></span> <span class='ocrx_word' id='word_1_513' title='bbox 2843 2406 3038 2464; x_wconf 86' lang='lat' dir='ltr'><strong>Omnia</strong></span> <span class='ocrx_word' id='word_1_514' title='bbox 3086 2408 3233 2465; x_wconf 87' lang='lat' dir='ltr'><strong>enim</strong></span> <span class='ocrx_word' id='word_1_515' title='bbox 3282 2423 3403 2480; x_wconf 72' lang='lat' dir='ltr'><strong>quae</strong></span> <span class='ocrx_word' id='word_1_516' title='bbox 3435 2418 3737 2468; x_wconf 70' lang='lat' dir='ltr'><strong>nascuntur</strong></span> <span class='ocrx_word' id='word_1_517' title='bbox 3762 2410 3829 2466; x_wconf 76' lang='lat' dir='ltr'><strong>in</strong></span> 
     </span>
    </p>
   </div>
   <div class='ocr_carea' id='block_1_67' title="bbox 2238 2494 3834 2570">
    <p class='ocr_par' dir='ltr' id='par_1_67' title="bbox 2238 2494 3834 2570">
     <span class='ocr_line' id='line_1_68' title="bbox 2238 2494 3834 2570; baseline 0.003 -19"><span class='ocrx_word' id='word_1_518' title='bbox 2238 2494 2456 2562; x_wconf 91' lang='lat' dir='ltr'><strong>mundo,</strong></span> <span class='ocrx_word' id='word_1_519' title='bbox 2491 2495 2726 2565; x_wconf 89' lang='lat' dir='ltr'><strong>inﬁrma,</strong></span> <span class='ocrx_word' id='word_1_520' title='bbox 2750 2499 2976 2566; x_wconf 89' lang='lat' dir='ltr'><strong>caduca,</strong></span> <span class='ocrx_word' id='word_1_521' title='bbox 3002 2506 3058 2556; x_wconf 91' lang='lat' dir='ltr'><strong>et</strong></span> <span class='ocrx_word' id='word_1_522' title='bbox 3084 2498 3479 2569; x_wconf 74' lang='lat' dir='ltr'><strong>corruptibilis,</strong></span> <span class='ocrx_word' id='word_1_523' title='bbox 3502 2513 3571 2556; x_wconf 83' lang='lat' dir='ltr'><strong>ac</strong></span> <span class='ocrx_word' id='word_1_524' title='bbox 3598 2513 3700 2570; x_wconf 81' lang='lat' dir='ltr'><strong>per</strong></span> <span class='ocrx_word' id='word_1_525' title='bbox 3722 2499 3834 2556; x_wconf 84' lang='lat' dir='ltr'><strong>hoc</strong></span> 
     </span>
    </p>
   </div>
   <div class='ocr_carea' id='block_1_68' title="bbox 2236 2598 3829 2665">
    <p class='ocr_par' dir='ltr' id='par_1_68' title="bbox 2236 2598 3829 2665">
     <span class='ocr_line' id='line_1_69' title="bbox 2236 2598 3829 2665; baseline 0.004 -24"><span class='ocrx_word' id='word_1_526' title='bbox 2236 2602 2379 2642; x_wconf 87' lang='lat' dir='ltr'><strong>vana</strong></span> <span class='ocrx_word' id='word_1_527' title='bbox 2409 2598 2556 2656; x_wconf 90' lang='lat' dir='ltr'><strong>sunt,</strong></span> <span class='ocrx_word' id='word_1_528' title='bbox 2585 2605 2705 2665; x_wconf 57' lang='lat' dir='ltr'><strong>quas</strong></span> <span class='ocrx_word' id='word_1_529' title='bbox 2732 2598 2935 2649; x_wconf 88' lang='lat' dir='ltr'><strong>statum</strong></span> <span class='ocrx_word' id='word_1_530' title='bbox 2980 2607 3138 2647; x_wconf 86' lang='lat' dir='ltr'><strong>suum</strong></span> <span class='ocrx_word' id='word_1_531' title='bbox 3182 2598 3370 2647; x_wconf 88' lang='lat' dir='ltr'><strong>tenere</strong></span> <span class='ocrx_word' id='word_1_532' title='bbox 3420 2604 3529 2647; x_wconf 87' lang='lat' dir='ltr'><strong>non</strong></span> <span class='ocrx_word' id='word_1_533' title='bbox 3578 2599 3829 2663; x_wconf 75' lang='lat' dir='ltr'><strong>possunt.</strong></span> 
     </span>
    </p>
   </div>
   <div class='ocr_carea' id='block_1_69' title="bbox 2239 2674 3832 2754">
    <p class='ocr_par' dir='ltr' id='par_1_69' title="bbox 2239 2674 3832 2754">
     <span class='ocr_line' id='line_1_70' title="bbox 2239 2674 3832 2754; baseline 0.004 -21"><span class='ocrx_word' id='word_1_534' title='bbox 2239 2674 2366 2735; x_wconf 85' lang='lat' dir='ltr'><strong>Non</strong></span> <span class='ocrx_word' id='word_1_535' title='bbox 2387 2688 2568 2737; x_wconf 92' lang='lat' dir='ltr'><strong>autem</strong></span> <span class='ocrx_word' id='word_1_536' title='bbox 2597 2691 2777 2752; x_wconf 84' lang='lat' dir='ltr'><strong>sponte</strong></span> <span class='ocrx_word' id='word_1_537' title='bbox 2800 2681 3037 2754; x_wconf 85' lang='lat' dir='ltr'><strong>subjecta</strong></span> <span class='ocrx_word' id='word_1_538' title='bbox 3060 2691 3136 2737; x_wconf 85' lang='lat' dir='ltr'><strong>est</strong></span> <span class='ocrx_word' id='word_1_539' title='bbox 3160 2682 3402 2749; x_wconf 78' lang='lat' dir='ltr'><strong>vanitati,</strong></span> <span class='ocrx_word' id='word_1_540' title='bbox 3422 2696 3533 2739; x_wconf 84' lang='lat' dir='ltr'><strong>non</strong></span> <span class='ocrx_word' id='word_1_541' title='bbox 3549 2682 3701 2737; x_wconf 82' lang='lat' dir='ltr'><strong>enim</strong></span> <span class='ocrx_word' id='word_1_542' title='bbox 3722 2682 3832 2739; x_wconf 83' lang='lat' dir='ltr'><strong>sibi</strong></span> 
     </span>
    </p>
   </div>
   <div class='ocr_carea' id='block_1_70' title="bbox 2222 2770 3828 2847">
    <p class='ocr_par' dir='ltr' id='par_1_70' title="bbox 2222 2770 3828 2847">
     <span class='ocr_line' id='line_1_71' title="bbox 2222 2770 3828 2847; baseline 0.003 -21"><span class='ocrx_word' id='word_1_543' title='bbox 2222 2770 2477 2842; x_wconf 86' lang='lat' dir='ltr'><strong>proderit</strong></span> <span class='ocrx_word' id='word_1_544' title='bbox 2502 2772 2644 2843; x_wconf 92' lang='lat' dir='ltr'><strong>quod</strong></span> <span class='ocrx_word' id='word_1_545' title='bbox 2666 2773 2907 2845; x_wconf 87' lang='lat' dir='ltr'><strong>subjecta</strong></span> <span class='ocrx_word' id='word_1_546' title='bbox 2934 2780 3041 2838; x_wconf 92' lang='lat' dir='ltr'><strong>est,</strong></span> <span class='ocrx_word' id='word_1_547' title='bbox 3068 2772 3165 2830; x_wconf 88' lang='lat' dir='ltr'><strong>sed</strong></span> <span class='ocrx_word' id='word_1_548' title='bbox 3184 2773 3364 2842; x_wconf 86' lang='lat' dir='ltr'><strong>nobis,</strong></span> <span class='ocrx_word' id='word_1_549' title='bbox 3390 2781 3446 2828; x_wconf 89' lang='lat' dir='ltr'><strong>et</strong></span> <span class='ocrx_word' id='word_1_550' title='bbox 3463 2781 3678 2847; x_wconf 78' lang='lat' dir='ltr'><strong>propter</strong></span> <span class='ocrx_word' id='word_1_551' title='bbox 3698 2790 3828 2831; x_wconf 67' lang='lat' dir='ltr'><strong>suos</strong></span> 
     </span>
    </p>
   </div>
   <div class='ocr_carea' id='block_1_71' title="bbox 2236 2863 3834 2936">
    <p class='ocr_par' dir='ltr' id='par_1_71' title="bbox 2236 2863 3834 2936">
     <span class='ocr_line' id='line_1_72' title="bbox 2236 2863 3834 2936; baseline 0.003 -19"><span class='ocrx_word' id='word_1_552' title='bbox 2236 2863 2327 2936; x_wconf 88' lang='lat' dir='ltr'><strong>qui</strong></span> <span class='ocrx_word' id='word_1_553' title='bbox 2354 2863 2573 2935; x_wconf 83' lang='lat' dir='ltr'><strong>subjecit</strong></span> <span class='ocrx_word' id='word_1_554' title='bbox 2603 2880 2719 2918; x_wconf 90' lang='lat' dir='ltr'><strong>eam</strong></span> <span class='ocrx_word' id='word_1_555' title='bbox 2761 2864 2815 2919; x_wconf 87' lang='lat' dir='ltr'><strong>in</strong></span> <span class='ocrx_word' id='word_1_556' title='bbox 2853 2881 2943 2935; x_wconf 85' lang='lat' dir='ltr'><strong>spe</strong></span> <span class='ocrx_word' id='word_1_557' title='bbox 2971 2880 2989 2921; x_wconf 90' lang='lat'><strong><em>:</em></strong></span> <span class='ocrx_word' id='word_1_558' title='bbox 3028 2865 3284 2935; x_wconf 80' lang='lat' dir='ltr'><strong>quoniam</strong></span> <span class='ocrx_word' id='word_1_559' title='bbox 3320 2864 3693 2923; x_wconf 71' lang='lat' dir='ltr'><strong>contradicere</strong></span> <span class='ocrx_word' id='word_1_560' title='bbox 3714 2879 3834 2922; x_wconf 72' lang='lat' dir='ltr'><strong>non</strong></span> 
     </span>
    </p>
   </div>
   <div class='ocr_carea' id='block_1_72' title="bbox 2236 2935 3832 3029">
    <p class='ocr_par' dir='ltr' id='par_1_72' title="bbox 2236 2935 3832 3029">
     <span class='ocr_line' id='line_1_73' title="bbox 2236 2935 3832 3029; baseline 0.002 -18"><span class='ocrx_word' id='word_1_561' title='bbox 2236 2935 2417 3029; x_wconf 87' lang='lat' dir='ltr'><strong>potest</strong></span> <span class='ocrx_word' id='word_1_562' title='bbox 2441 2964 2685 3011; x_wconf 89' lang='lat' dir='ltr'><strong>creatura</strong></span> <span class='ocrx_word' id='word_1_563' title='bbox 2714 2956 2950 3012; x_wconf 84' lang='lat' dir='ltr'><strong>creatori</strong></span> <span class='ocrx_word' id='word_1_564' title='bbox 2992 2970 3109 3021; x_wconf 85' lang='lat' dir='ltr'><strong>suo,</strong></span> <span class='ocrx_word' id='word_1_565' title='bbox 3137 2955 3255 3027; x_wconf 67' lang='lat' dir='ltr'><strong>eius</strong></span> <span class='ocrx_word' id='word_1_566' title='bbox 3273 2971 3436 3013; x_wconf 85' lang='lat' dir='ltr'><strong>causa</strong></span> <span class='ocrx_word' id='word_1_567' title='bbox 3450 2935 3707 3025; x_wconf 65' lang='lat' dir='ltr'><strong>subjecta</strong></span> <span class='ocrx_word' id='word_1_568' title='bbox 3736 2964 3832 3017; x_wconf 85' lang='lat' dir='ltr'><strong>est</strong></span> 
     </span>
    </p>
   </div>
   <div class='ocr_carea' id='block_1_73' title="bbox 2238 3042 3828 3120">
    <p class='ocr_par' dir='ltr' id='par_1_73' title="bbox 2238 3042 3828 3120">
     <span class='ocr_line' id='line_1_74' title="bbox 2238 3042 3828 3120; baseline 0.003 -17"><span class='ocrx_word' id='word_1_569' title='bbox 2238 3046 2293 3103; x_wconf 91' lang='lat' dir='ltr'><strong>in</strong></span> <span class='ocrx_word' id='word_1_570' title='bbox 2326 3064 2442 3120; x_wconf 89' lang='lat' dir='ltr'><strong>spe.</strong></span> <span class='ocrx_word' id='word_1_571' title='bbox 2482 3042 2619 3103; x_wconf 74' lang='lat' dir='ltr'><strong>Vide</strong></span> <span class='ocrx_word' id='word_1_572' title='bbox 2648 3047 2819 3120; x_wconf 88' lang='lat' dir='ltr'><strong>ipsius</strong></span> <span class='ocrx_word' id='word_1_573' title='bbox 2850 3049 2981 3106; x_wconf 87' lang='lat' dir='ltr'><strong>solis</strong></span> <span class='ocrx_word' id='word_1_574' title='bbox 3009 3058 3063 3109; x_wconf 89' lang='lat' dir='ltr'><strong>et</strong></span> <span class='ocrx_word' id='word_1_575' title='bbox 3088 3048 3251 3117; x_wconf 61' lang='lat' dir='ltr'><strong>lunae,</strong></span> <span class='ocrx_word' id='word_1_576' title='bbox 3272 3064 3339 3106; x_wconf 86' lang='lat' dir='ltr'><strong>ac</strong></span> <span class='ocrx_word' id='word_1_577' title='bbox 3371 3048 3652 3107; x_wconf 82' lang='lat' dir='ltr'><strong>stellarum</strong></span> <span class='ocrx_word' id='word_1_578' title='bbox 3672 3049 3828 3118; x_wconf 68' lang='lat' dir='ltr'><strong>ctuti,</strong></span> 
     </span>
    </p>
   </div>
   <div class='ocr_carea' id='block_1_74' title="bbox 2237 3138 3836 3213">
    <p class='ocr_par' dir='ltr' id='par_1_74' title="bbox 2237 3138 3836 3213">
     <span class='ocr_line' id='line_1_75' title="bbox 2237 3138 3836 3213; baseline 0.002 -17"><span class='ocrx_word' id='word_1_579' title='bbox 2237 3148 2294 3196; x_wconf 88' lang='lat' dir='ltr'><strong>et</strong></span> <span class='ocrx_word' id='word_1_580' title='bbox 2316 3140 2482 3197; x_wconf 86' lang='lat' dir='ltr'><strong>totius</strong></span> <span class='ocrx_word' id='word_1_581' title='bbox 2509 3138 2696 3197; x_wconf 89' lang='lat' dir='ltr'><strong>mundi</strong></span> <span class='ocrx_word' id='word_1_582' title='bbox 2728 3138 3053 3209; x_wconf 87' lang='lat' dir='ltr'><strong>ministeria,</strong></span> <span class='ocrx_word' id='word_1_583' title='bbox 3104 3142 3375 3213; x_wconf 87' lang='lat' dir='ltr'><strong>quomodo</strong></span> <span class='ocrx_word' id='word_1_584' title='bbox 3414 3140 3659 3211; x_wconf 70' lang='lat' dir='ltr'><strong>sulieata</strong></span> <span class='ocrx_word' id='word_1_585' title='bbox 3696 3150 3836 3199; x_wconf 69' lang='lat' dir='ltr'><strong>sum</strong></span> 
     </span>
    </p>
   </div>
   <div class='ocr_carea' id='block_1_75' title="bbox 2237 3230 3835 3305">
    <p class='ocr_par' dir='ltr' id='par_1_75' title="bbox 2237 3230 3835 3305">
     <span class='ocr_line' id='line_1_76' title="bbox 2237 3230 3835 3305; baseline 0.003 -19"><span class='ocrx_word' id='word_1_586' title='bbox 2237 3230 2487 3298; x_wconf 88' lang='lat' dir='ltr'><strong>vanitati,</strong></span> <span class='ocrx_word' id='word_1_587' title='bbox 2532 3233 2973 3305; x_wconf 90' lang='lat' dir='ltr'><strong>corruptionique</strong></span> <span class='ocrx_word' id='word_1_588' title='bbox 3010 3234 3343 3289; x_wconf 89' lang='lat' dir='ltr'><strong>deserviunt.</strong></span> <span class='ocrx_word' id='word_1_589' title='bbox 3368 3234 3453 3289; x_wconf 82' lang='lat' dir='ltr'><strong>Ad</strong></span> <span class='ocrx_word' id='word_1_590' title='bbox 3485 3250 3640 3291; x_wconf 87' lang='lat' dir='ltr'><strong>usum</strong></span> <span class='ocrx_word' id='word_1_591' title='bbox 3673 3249 3835 3291; x_wconf 79' lang='lat' dir='ltr'><strong>nam-</strong></span> 
     </span>
    </p>
   </div>
   <div class='ocr_carea' id='block_1_76' title="bbox 2163 3294 3833 3405">
    <p class='ocr_par' dir='ltr' id='par_1_76' title="bbox 2163 3294 3833 3405">
     <span class='ocr_line' id='line_1_77' title="bbox 2163 3294 3833 3405; baseline 0.001 -26"><span class='ocrx_word' id='word_1_592' title='bbox 2163 3294 2208 3363; x_wconf 75' lang='lat' dir='ltr'>C</span> <span class='ocrx_word' id='word_1_593' title='bbox 2236 3340 2344 3405; x_wconf 89' lang='lat' dir='ltr'><strong>que</strong></span> <span class='ocrx_word' id='word_1_594' title='bbox 2386 3294 2667 3389; x_wconf 81' lang='lat' dir='ltr'><strong>hominum</strong></span> <span class='ocrx_word' id='word_1_595' title='bbox 2695 3294 2854 3381; x_wconf 70' lang='lat' dir='ltr'><strong>alunt</strong></span> <span class='ocrx_word' id='word_1_596' title='bbox 2884 3294 3128 3397; x_wconf 70' lang='lat' dir='ltr'><strong>segetes,</strong></span> <span class='ocrx_word' id='word_1_597' title='bbox 3161 3322 3374 3393; x_wconf 72' lang='lat' dir='ltr'><strong>ﬂuctus</strong></span> <span class='ocrx_word' id='word_1_598' title='bbox 3397 3326 3707 3396; x_wconf 76' lang='lat' dir='ltr'><strong>producunt</strong></span> <span class='ocrx_word' id='word_1_599' title='bbox 3734 3341 3833 3381; x_wconf 87' lang='lat' dir='ltr'><strong>ar-</strong></span> 
     </span>
    </p>
   </div>
   <div class='ocr_carea' id='block_1_77' title="bbox 2236 3416 3827 3491">
    <p class='ocr_par' dir='ltr' id='par_1_77' title="bbox 2236 3416 3827 3491">
     <span class='ocr_line' id='line_1_78' title="bbox 2236 3416 3827 3491; baseline 0.004 -20"><span class='ocrx_word' id='word_1_600' title='bbox 2236 3416 2453 3483; x_wconf 88' lang='lat' dir='ltr'><strong>borum,</strong></span> <span class='ocrx_word' id='word_1_601' title='bbox 2474 3416 2807 3489; x_wconf 86' lang='lat' dir='ltr'><strong>herhamque</strong></span> <span class='ocrx_word' id='word_1_602' title='bbox 2837 3431 3175 3487; x_wconf 87' lang='lat' dir='ltr'><strong>camporum,</strong></span> <span class='ocrx_word' id='word_1_603' title='bbox 3211 3426 3377 3491; x_wconf 78' lang='lat' dir='ltr'><strong>atque</strong></span> <span class='ocrx_word' id='word_1_604' title='bbox 3414 3420 3634 3485; x_wconf 76' lang='lat' dir='ltr'><strong>eosdem</strong></span> <span class='ocrx_word' id='word_1_605' title='bbox 3675 3418 3733 3477; x_wconf 84' lang='lat' dir='ltr'><strong>ia</strong></span> <span class='ocrx_word' id='word_1_606' title='bbox 3756 3434 3827 3477; x_wconf 83' lang='lat' dir='ltr'><strong>se</strong></span> 
     </span>
    </p>
   </div>
   <div class='ocr_carea' id='block_1_78' title="bbox 2237 3506 3826 3581">
    <p class='ocr_par' dir='ltr' id='par_1_78' title="bbox 2237 3506 3826 3581">
     <span class='ocr_line' id='line_1_79' title="bbox 2237 3506 3826 3581; baseline 0.003 -19"><span class='ocrx_word' id='word_1_607' title='bbox 2237 3516 2569 3565; x_wconf 86' lang='lat' dir='ltr'><strong>revertentes</strong></span> <span class='ocrx_word' id='word_1_608' title='bbox 2615 3508 2742 3566; x_wconf 87' lang='lat' dir='ltr'><strong>anni</strong></span> <span class='ocrx_word' id='word_1_609' title='bbox 2795 3506 3028 3565; x_wconf 85' lang='lat' dir='ltr'><strong>circulos</strong></span> <span class='ocrx_word' id='word_1_610' title='bbox 3078 3508 3302 3566; x_wconf 82' lang='lat' dir='ltr'><strong>volvunt</strong></span> <span class='ocrx_word' id='word_1_611' title='bbox 3345 3517 3647 3581; x_wconf 84' lang='lat' dir='ltr'><strong>:raparant</strong></span> <span class='ocrx_word' id='word_1_612' title='bbox 3671 3510 3826 3567; x_wconf 80' lang='lat' dir='ltr'><strong>enim</strong></span> 
     </span>
    </p>
   </div>
   <div class='ocr_carea' id='block_1_79' title="bbox 2236 3601 3831 3674">
    <p class='ocr_par' dir='ltr' id='par_1_79' title="bbox 2236 3601 3831 3674">
     <span class='ocr_line' id='line_1_80' title="bbox 2236 3601 3831 3674; baseline 0 -17"><span class='ocrx_word' id='word_1_613' title='bbox 2236 3616 2357 3673; x_wconf 69' lang='lat' dir='ltr'><strong>quae</strong></span> <span class='ocrx_word' id='word_1_614' title='bbox 2376 3609 2725 3674; x_wconf 72' lang='lat' dir='ltr'><strong>praetereunt,</strong></span> <span class='ocrx_word' id='word_1_615' title='bbox 2754 3606 2811 3658; x_wconf 89' lang='lat' dir='ltr'><strong>et</strong></span> <span class='ocrx_word' id='word_1_616' title='bbox 2838 3601 3121 3673; x_wconf 52' lang='lat' dir='ltr'><strong>praeterire</strong></span> <span class='ocrx_word' id='word_1_617' title='bbox 3150 3617 3369 3659; x_wconf 86' lang='lat' dir='ltr'><strong>rursum</strong></span> <span class='ocrx_word' id='word_1_618' title='bbox 3412 3618 3536 3673; x_wconf 67' lang='lat' dir='ltr'><strong>quas</strong></span> <span class='ocrx_word' id='word_1_619' title='bbox 3562 3609 3831 3673; x_wconf 68' lang='lat' dir='ltr'><strong>separata</strong></span> 
     </span>
    </p>
   </div>
   <div class='ocr_carea' id='block_1_80' title="bbox 2237 3691 3830 3769">
    <p class='ocr_par' dir='ltr' id='par_1_80' title="bbox 2237 3691 3830 3769">
     <span class='ocr_line' id='line_1_81' title="bbox 2237 3691 3830 3769; baseline 0.002 -18"><span class='ocrx_word' id='word_1_620' title='bbox 2237 3703 2365 3757; x_wconf 86' lang='lat' dir='ltr'><strong>sunt</strong></span> <span class='ocrx_word' id='word_1_621' title='bbox 2420 3693 2628 3750; x_wconf 88' lang='lat' dir='ltr'><strong>sinunt.</strong></span> <span class='ocrx_word' id='word_1_622' title='bbox 2685 3691 2835 3765; x_wconf 85' lang='lat' dir='ltr'><strong>Ipsos</strong></span> <span class='ocrx_word' id='word_1_623' title='bbox 2889 3709 3106 3767; x_wconf 82' lang='lat' dir='ltr'><strong>quoque</strong></span> <span class='ocrx_word' id='word_1_624' title='bbox 3165 3694 3388 3769; x_wconf 82' lang='lat' dir='ltr'><strong>angelos</strong></span> <span class='ocrx_word' id='word_1_625' title='bbox 3444 3695 3571 3753; x_wconf 79' lang='lat' dir='ltr'><strong>huic</strong></span> <span class='ocrx_word' id='word_1_626' title='bbox 3624 3694 3830 3754; x_wconf 70' lang='lat' dir='ltr'><strong>rationi</strong></span> 
     </span>
    </p>
   </div>
   <div class='ocr_carea' id='block_1_81' title="bbox 2237 3780 3833 3860">
    <p class='ocr_par' dir='ltr' id='par_1_81' title="bbox 2237 3780 3833 3860">
     <span class='ocr_line' id='line_1_82' title="bbox 2237 3780 3833 3860; baseline 0.002 -19"><span class='ocrx_word' id='word_1_627' title='bbox 2237 3784 2400 3841; x_wconf 87' lang='lat' dir='ltr'><strong>credo</strong></span> <span class='ocrx_word' id='word_1_628' title='bbox 2448 3780 2746 3854; x_wconf 87' lang='lat' dir='ltr'><strong>subjectos,</strong></span> <span class='ocrx_word' id='word_1_629' title='bbox 2784 3785 2951 3845; x_wconf 86' lang='lat' dir='ltr'><strong>etiam</strong></span> <span class='ocrx_word' id='word_1_630' title='bbox 3000 3802 3111 3845; x_wconf 90' lang='lat' dir='ltr'><strong>non</strong></span> <span class='ocrx_word' id='word_1_631' title='bbox 3156 3788 3421 3856; x_wconf 75' lang='lat' dir='ltr'><strong>volentos,</strong></span> <span class='ocrx_word' id='word_1_632' title='bbox 3460 3787 3566 3845; x_wconf 74' lang='lat' dir='ltr'><strong>sed</strong></span> <span class='ocrx_word' id='word_1_633' title='bbox 3614 3797 3833 3860; x_wconf 73' lang='lat' dir='ltr'><strong>propter</strong></span> 
     </span>
    </p>
   </div>
   <div class='ocr_carea' id='block_1_82' title="bbox 2236 3874 3837 3951">
    <p class='ocr_par' dir='ltr' id='par_1_82' title="bbox 2236 3874 3837 3951">
     <span class='ocr_line' id='line_1_83' title="bbox 2236 3874 3837 3951; baseline 0.001 -21"><span class='ocrx_word' id='word_1_634' title='bbox 2236 3891 2353 3930; x_wconf 89' lang='lat' dir='ltr'><strong>eum</strong></span> <span class='ocrx_word' id='word_1_635' title='bbox 2379 3874 2468 3947; x_wconf 86' lang='lat' dir='ltr'><strong>qui</strong></span> <span class='ocrx_word' id='word_1_636' title='bbox 2494 3874 2711 3946; x_wconf 84' lang='lat' dir='ltr'><strong>subjecit</strong></span> <span class='ocrx_word' id='word_1_637' title='bbox 2736 3876 2792 3934; x_wconf 85' lang='lat' dir='ltr'><strong>in</strong></span> <span class='ocrx_word' id='word_1_638' title='bbox 2815 3895 2905 3949; x_wconf 82' lang='lat' dir='ltr'><strong>spe</strong></span> <span class='ocrx_word' id='word_1_639' title='bbox 2928 3893 2946 3930; x_wconf 91' lang='lat'><em>:</em></span> <span class='ocrx_word' id='word_1_640' title='bbox 2974 3878 3232 3939; x_wconf 78' lang='lat' dir='ltr'><strong>uoluntati</strong></span> <span class='ocrx_word' id='word_1_641' title='bbox 3268 3881 3411 3936; x_wconf 71' lang='lat' dir='ltr'><strong>enim</strong></span> <span class='ocrx_word' id='word_1_642' title='bbox 3442 3879 3562 3949; x_wconf 66' lang='lat' dir='ltr'><strong>eius</strong></span> <span class='ocrx_word' id='word_1_643' title='bbox 3588 3881 3708 3951; x_wconf 76' lang='lat' dir='ltr'><strong>quis</strong></span> <span class='ocrx_word' id='word_1_644' title='bbox 3736 3895 3837 3936; x_wconf 66' lang='lat' dir='ltr'><strong>n-</strong></span> 
     </span>
    </p>
   </div>
   <div class='ocr_carea' id='block_1_83' title="bbox 2236 3964 3830 4040">
    <p class='ocr_par' dir='ltr' id='par_1_83' title="bbox 2236 3964 3830 4040">
     <span class='ocr_line' id='line_1_84' title="bbox 2236 3964 3830 4040; baseline 0.005 -19"><span class='ocrx_word' id='word_1_645' title='bbox 2236 3964 2410 4022; x_wconf 81' lang='lat' dir='ltr'><strong>sistit?</strong></span> <span class='ocrx_word' id='word_1_646' title='bbox 2446 3966 2559 4038; x_wconf 85' lang='lat' dir='ltr'><strong>Ego</strong></span> <span class='ocrx_word' id='word_1_647' title='bbox 2587 3966 2754 4025; x_wconf 87' lang='lat' dir='ltr'><strong>etiam</strong></span> <span class='ocrx_word' id='word_1_648' title='bbox 2781 3968 2848 4023; x_wconf 88' lang='lat' dir='ltr'><strong>de</strong></span> <span class='ocrx_word' id='word_1_649' title='bbox 2873 3969 3213 4040; x_wconf 78' lang='lat' dir='ltr'><strong>archangelis</strong></span> <span class='ocrx_word' id='word_1_650' title='bbox 3236 3969 3345 4025; x_wconf 79' lang='lat' dir='ltr'><strong>tale</strong></span> <span class='ocrx_word' id='word_1_651' title='bbox 3384 3968 3591 4037; x_wconf 78' lang='lat' dir='ltr'><strong>aliquid</strong></span> <span class='ocrx_word' id='word_1_652' title='bbox 3619 3970 3830 4029; x_wconf 57' lang='lat' dir='ltr'><strong>intellie</strong></span> 
     </span>
    </p>
   </div>
   <div class='ocr_carea' id='block_1_84' title="bbox 2237 4056 3826 4133">
    <p class='ocr_par' dir='ltr' id='par_1_84' title="bbox 2237 4056 3826 4133">
     <span class='ocr_line' id='line_1_85' title="bbox 2237 4056 3826 4133; baseline 0.004 -20"><span class='ocrx_word' id='word_1_653' title='bbox 2237 4072 2364 4133; x_wconf 84' lang='lat' dir='ltr'><strong>gere</strong></span> <span class='ocrx_word' id='word_1_654' title='bbox 2390 4056 2724 4128; x_wconf 87' lang='lat' dir='ltr'><strong>propheticis</strong></span> <span class='ocrx_word' id='word_1_655' title='bbox 2765 4057 2970 4113; x_wconf 83' lang='lat' dir='ltr'><strong>invitor</strong></span> <span class='ocrx_word' id='word_1_656' title='bbox 2996 4058 3244 4127; x_wconf 86' lang='lat' dir='ltr'><strong>eloquiis.</strong></span> <span class='ocrx_word' id='word_1_657' title='bbox 3289 4056 3427 4124; x_wconf 79' lang='lat' dir='ltr'><strong>Quid</strong></span> <span class='ocrx_word' id='word_1_658' title='bbox 3465 4057 3614 4115; x_wconf 79' lang='lat' dir='ltr'><strong>enim</strong></span> <span class='ocrx_word' id='word_1_659' title='bbox 3657 4066 3826 4120; x_wconf 72' lang='lat' dir='ltr'><strong>tanta:</strong></span> 
     </span>
    </p>
   </div>
   <div class='ocr_carea' id='block_1_85' title="bbox 2236 4144 3819 4219">
    <p class='ocr_par' dir='ltr' id='par_1_85' title="bbox 2236 4144 3819 4219">
     <span class='ocr_line' id='line_1_86' title="bbox 2236 4144 3819 4219; baseline 0.003 -14"><span class='ocrx_word' id='word_1_660' title='bbox 2236 4144 2492 4207; x_wconf 86' lang='lat' dir='ltr'><strong>vanitatis</strong></span> <span class='ocrx_word' id='word_1_661' title='bbox 2523 4155 2578 4205; x_wconf 88' lang='lat' dir='ltr'><strong>et</strong></span> <span class='ocrx_word' id='word_1_662' title='bbox 2603 4154 2767 4205; x_wconf 63' lang='lat' dir='ltr'><strong>tanta:</strong></span> <span class='ocrx_word' id='word_1_663' title='bbox 2797 4147 3161 4219; x_wconf 83' lang='lat' dir='ltr'><strong>corruptionis</strong></span> <span class='ocrx_word' id='word_1_664' title='bbox 3187 4146 3451 4215; x_wconf 77' lang='lat' dir='ltr'><strong>invenies,</strong></span> <span class='ocrx_word' id='word_1_665' title='bbox 3475 4162 3644 4219; x_wconf 75' lang='lat' dir='ltr'><strong>quam</strong></span> <span class='ocrx_word' id='word_1_666' title='bbox 3670 4151 3819 4210; x_wconf 68' lang='lat' dir='ltr'><strong>both</strong></span> 
     </span>
    </p>
   </div>
   <div class='ocr_carea' id='block_1_86' title="bbox 2237 4240 3823 4318">
    <p class='ocr_par' dir='ltr' id='par_1_86' title="bbox 2237 4240 3823 4318">
     <span class='ocr_line' id='line_1_87' title="bbox 2237 4240 3823 4318; baseline 0.003 -19"><span class='ocrx_word' id='word_1_667' title='bbox 2237 4255 2427 4314; x_wconf 79' lang='lat' dir='ltr'><strong>gerere</strong></span> <span class='ocrx_word' id='word_1_668' title='bbox 2447 4241 2503 4299; x_wconf 89' lang='lat' dir='ltr'><strong>in</strong></span> <span class='ocrx_word' id='word_1_669' title='bbox 2528 4241 2631 4298; x_wconf 89' lang='lat' dir='ltr'><strong>hoc</strong></span> <span class='ocrx_word' id='word_1_670' title='bbox 2650 4240 2873 4307; x_wconf 86' lang='lat' dir='ltr'><strong>mundo,</strong></span> <span class='ocrx_word' id='word_1_671' title='bbox 2894 4255 3103 4312; x_wconf 83' lang='lat' dir='ltr'><strong>pugnas</strong></span> <span class='ocrx_word' id='word_1_672' title='bbox 3121 4242 3408 4299; x_wconf 75' lang='lat' dir='ltr'><strong>adversum</strong></span> <span class='ocrx_word' id='word_1_673' title='bbox 3430 4259 3539 4311; x_wconf 82' lang='lat' dir='ltr'><strong>me.</strong></span> <span class='ocrx_word' id='word_1_674' title='bbox 3563 4260 3823 4318; x_wconf 70' lang='lat' dir='ltr'><strong>regnum,</strong></span> 
     </span>
    </p>
   </div>
   <div class='ocr_carea' id='block_1_87' title="bbox 2237 4328 3826 4407">
    <p class='ocr_par' dir='ltr' id='par_1_87' title="bbox 2237 4328 3826 4407">
     <span class='ocr_line' id='line_1_88' title="bbox 2237 4328 3826 4407; baseline -0.006 -17"><span class='ocrx_word' id='word_1_675' title='bbox 2237 4341 2294 4391; x_wconf 87' lang='lat' dir='ltr'><strong>et</strong></span> <span class='ocrx_word' id='word_1_676' title='bbox 2318 4340 2504 4405; x_wconf 81' lang='lat' dir='ltr'><strong>gentes</strong></span> <span class='ocrx_word' id='word_1_677' title='bbox 2528 4328 2907 4391; x_wconf 85' lang='lat' dir='ltr'><strong>commovere?</strong></span> <span class='ocrx_word' id='word_1_678' title='bbox 2935 4329 3071 4387; x_wconf 83' lang='lat' dir='ltr'><strong>Vide</strong></span> <span class='ocrx_word' id='word_1_679' title='bbox 3096 4346 3228 4404; x_wconf 87' lang='lat' dir='ltr'><strong>ergo</strong></span> <span class='ocrx_word' id='word_1_680' title='bbox 3253 4334 3396 4403; x_wconf 86' lang='lat' dir='ltr'><strong>quod</strong></span> <span class='ocrx_word' id='word_1_681' title='bbox 3416 4334 3483 4390; x_wconf 82' lang='lat' dir='ltr'><strong>in</strong></span> <span class='ocrx_word' id='word_1_682' title='bbox 3508 4335 3603 4393; x_wconf 82' lang='lat' dir='ltr'><strong>his</strong></span> <span class='ocrx_word' id='word_1_683' title='bbox 3627 4337 3826 4407; x_wconf 66' lang='grc' dir='ltr'><strong>μιαί.</strong></span> 
     </span>
    </p>
   </div>
   <div class='ocr_carea' id='block_1_88' title="bbox 2237 4423 3823 4498">
    <p class='ocr_par' dir='ltr' id='par_1_88' title="bbox 2237 4423 3823 4498">
     <span class='ocr_line' id='line_1_89' title="bbox 2237 4423 3823 4498; baseline 0.001 -16"><span class='ocrx_word' id='word_1_684' title='bbox 2237 4443 2403 4498; x_wconf 85' lang='lat' dir='ltr'><strong>puum</strong></span> <span class='ocrx_word' id='word_1_685' title='bbox 2449 4423 2811 4496; x_wconf 84' lang='lat' dir='ltr'><strong>archangelici</strong></span> <span class='ocrx_word' id='word_1_686' title='bbox 2856 4423 3039 4495; x_wconf 81' lang='lat' dir='ltr'><strong>operis</strong></span> <span class='ocrx_word' id='word_1_687' title='bbox 3090 4425 3323 4481; x_wconf 81' lang='lat' dir='ltr'><strong>habetur</strong></span> <span class='ocrx_word' id='word_1_688' title='bbox 3367 4424 3628 4490; x_wconf 71' lang='lat' dir='ltr'><strong>omnium.</strong></span> <span class='ocrx_word' id='word_1_689' title='bbox 3674 4428 3823 4484; x_wconf 85' lang='lat' dir='ltr'><strong>sicut</strong></span> 
     </span>
    </p>
   </div>
   <div class='ocr_carea' id='block_1_89' title="bbox 2238 4514 3818 4587">
    <p class='ocr_par' dir='ltr' id='par_1_89' title="bbox 2238 4514 3818 4587">
     <span class='ocr_line' id='line_1_90' title="bbox 2238 4514 3818 4587; baseline 0.001 -15"><span class='ocrx_word' id='word_1_690' title='bbox 2238 4515 2426 4572; x_wconf 80' lang='lat' dir='ltr'><strong>Daniel</strong></span> <span class='ocrx_word' id='word_1_691' title='bbox 2448 4516 2715 4587; x_wconf 85' lang='lat' dir='ltr'><strong>propheta</strong></span> <span class='ocrx_word' id='word_1_692' title='bbox 2742 4522 2993 4583; x_wconf 87' lang='lat' dir='ltr'><strong>testatur,</strong></span> <span class='ocrx_word' id='word_1_693' title='bbox 3021 4530 3148 4571; x_wconf 85' lang='lat' dir='ltr'><strong>cum</strong></span> <span class='ocrx_word' id='word_1_694' title='bbox 3172 4514 3326 4582; x_wconf 81' lang='lat' dir='ltr'><strong>dicit,</strong></span> <span class='ocrx_word' id='word_1_695' title='bbox 3356 4517 3487 4586; x_wconf 79' lang='lat' dir='ltr'><strong>quia</strong></span> <span class='ocrx_word' id='word_1_696' title='bbox 3513 4517 3818 4587; x_wconf 58' lang='lat' dir='ltr'><strong>archange-</strong></span> 
     </span>
    </p>
   </div>
   <div class='ocr_carea' id='block_1_90' title="bbox 2242 4604 3825 4678">
    <p class='ocr_par' dir='ltr' id='par_1_90' title="bbox 2242 4604 3825 4678">
     <span class='ocr_line' id='line_1_91' title="bbox 2242 4604 3825 4678; baseline 0.003 -18"><span class='ocrx_word' id='word_1_697' title='bbox 2242 4604 2327 4663; x_wconf 91' lang='lat' dir='ltr'><strong>lus</strong></span> <span class='ocrx_word' id='word_1_698' title='bbox 2366 4604 2621 4676; x_wconf 87' lang='lat' dir='ltr'><strong>loquatur</strong></span> <span class='ocrx_word' id='word_1_699' title='bbox 2641 4604 2707 4661; x_wconf 86' lang='lat' dir='ltr'><strong>ad</strong></span> <span class='ocrx_word' id='word_1_700' title='bbox 2733 4620 2878 4672; x_wconf 87' lang='lat' dir='ltr'><strong>eum,</strong></span> <span class='ocrx_word' id='word_1_701' title='bbox 2914 4606 3011 4674; x_wconf 88' lang='lat' dir='ltr'><strong>qui</strong></span> <span class='ocrx_word' id='word_1_702' title='bbox 3036 4606 3244 4665; x_wconf 81' lang='lat' dir='ltr'><strong>diceret</strong></span> <span class='ocrx_word' id='word_1_703' title='bbox 3282 4605 3339 4662; x_wconf 85' lang='lat' dir='ltr'><strong>ei</strong></span> <span class='ocrx_word' id='word_1_704' title='bbox 3365 4606 3509 4675; x_wconf 89' lang='lat' dir='ltr'><strong>quod</strong></span> <span class='ocrx_word' id='word_1_705' title='bbox 3552 4616 3825 4678; x_wconf 78' lang='lat' dir='ltr'><strong>pugnaret</strong></span> 
     </span>
    </p>
   </div>
   <div class='ocr_carea' id='block_1_91' title="bbox 635 4693 3823 4773">
    <p class='ocr_par' dir='ltr' id='par_1_91' title="bbox 635 4693 3823 4773">
     <span class='ocr_line' id='line_1_92' title="bbox 635 4693 3823 4773; baseline -0.003 -13"><span class='ocrx_word' id='word_1_706' title='bbox 635 4703 697 4761; x_wconf 90' lang='lat' dir='ltr'><strong>Si</strong></span> <span class='ocrx_word' id='word_1_707' title='bbox 742 4710 916 4758; x_wconf 88' lang='lat' dir='ltr'><strong>tamen</strong></span> <span class='ocrx_word' id='word_1_708' title='bbox 962 4703 1324 4773; x_wconf 81' lang='lat' dir='ltr'><strong>compatimur.</strong></span> <span class='ocrx_word' id='word_1_709' title='bbox 1376 4701 1665 4757; x_wconf 76' lang='lat' dir='ltr'><strong>Videamus</strong></span> <span class='ocrx_word' id='word_1_710' title='bbox 1710 4711 1840 4768; x_wconf 87' lang='lat' dir='ltr'><strong>ergo</strong></span> <span class='ocrx_word' id='word_1_711' title='bbox 1893 4693 2023 4765; x_wconf 87' lang='lat' dir='ltr'><strong>quid</strong></span> <span class='ocrx_word' id='word_1_712' title='bbox 2067 4693 2218 4751; x_wconf 76' lang='lat' dir='ltr'><strong>sit&quot;</strong></span> <span class='ocrx_word' id='word_1_713' title='bbox 2244 4696 2531 4752; x_wconf 87' lang='lat' dir='ltr'><strong>adversum</strong></span> <span class='ocrx_word' id='word_1_714' title='bbox 2552 4696 2855 4767; x_wconf 80' lang='lat' dir='ltr'><strong>principem</strong></span> <span class='ocrx_word' id='word_1_715' title='bbox 2875 4694 3205 4753; x_wconf 83' lang='lat' dir='ltr'><strong>Persarum:</strong></span> <span class='ocrx_word' id='word_1_716' title='bbox 3232 4696 3698 4767; x_wconf 49' lang='lat' dir='ltr'><strong>etaemofmqtﬂ,</strong></span> <span class='ocrx_word' id='word_1_717' title='bbox 3718 4697 3823 4767; x_wconf 70' lang='lat' dir='ltr'><strong>[ait</strong></span> 
     </span>
    </p>
   </div>
   <div class='ocr_carea' id='block_1_92' title="bbox 562 4787 2140 4866">
    <p class='ocr_par' dir='ltr' id='par_1_92' title="bbox 562 4787 2140 4866">
     <span class='ocr_line' id='line_1_93' title="bbox 562 4787 2140 4866; baseline -0.008 -13"><span class='ocrx_word' id='word_1_718' title='bbox 562 4794 815 4866; x_wconf 88' lang='lat' dir='ltr'><strong>compati.</strong></span> <span class='ocrx_word' id='word_1_719' title='bbox 845 4792 1090 4864; x_wconf 89' lang='lat' dir='ltr'><strong>Compati</strong></span> <span class='ocrx_word' id='word_1_720' title='bbox 1116 4803 1202 4849; x_wconf 90' lang='lat' dir='ltr'><strong>est</strong></span> <span class='ocrx_word' id='word_1_721' title='bbox 1227 4791 1626 4866; x_wconf 87' lang='lat' dir='ltr'><strong>persecutiones</strong></span> <span class='ocrx_word' id='word_1_722' title='bbox 1653 4787 1905 4853; x_wconf 87' lang='lat' dir='ltr'><strong>tolerare,</strong></span> <span class='ocrx_word' id='word_1_723' title='bbox 1937 4795 1992 4842; x_wconf 91' lang='lat' dir='ltr'><strong>et</strong></span> <span class='ocrx_word' id='word_1_724' title='bbox 2017 4802 2140 4842; x_wconf 86' lang='lat' dir='ltr'><strong>car-</strong></span> 
     </span>
    </p>
   </div>
   <div class='ocr_carea' id='block_1_93' title="bbox 561 4874 2141 4957">
    <p class='ocr_par' dir='ltr' id='par_1_93' title="bbox 561 4874 2141 4957">
     <span class='ocr_line' id='line_1_94' title="bbox 561 4874 2141 4957; baseline -0.009 -13"><span class='ocrx_word' id='word_1_725' title='bbox 561 4904 687 4944; x_wconf 89' lang='lat' dir='ltr'><strong>nem</strong></span> <span class='ocrx_word' id='word_1_726' title='bbox 716 4884 1032 4957; x_wconf 89' lang='lat' dir='ltr'><strong>cruciﬁgere</strong></span> <span class='ocrx_word' id='word_1_727' title='bbox 1058 4900 1180 4940; x_wconf 90' lang='lat' dir='ltr'><strong>cum</strong></span> <span class='ocrx_word' id='word_1_728' title='bbox 1206 4882 1351 4940; x_wconf 88' lang='lat' dir='ltr'><strong>vitiis</strong></span> <span class='ocrx_word' id='word_1_729' title='bbox 1390 4888 1446 4935; x_wconf 90' lang='lat' dir='ltr'><strong>et</strong></span> <span class='ocrx_word' id='word_1_730' title='bbox 1492 4876 1961 4951; x_wconf 86' lang='lat' dir='ltr'><strong>concupiscentiis.</strong></span> <span class='ocrx_word' id='word_1_731' title='bbox 2009 4874 2141 4931; x_wconf 78' lang='lat' dir='ltr'><strong>Exi-</strong></span> 
     </span>
    </p>
   </div>
   <div class='ocr_carea' id='block_1_94' title="bbox 564 4966 2138 5050">
    <p class='ocr_par' dir='ltr' id='par_1_94' title="bbox 564 4966 2138 5050">
     <span class='ocr_line' id='line_1_95' title="bbox 564 4966 2138 5050; baseline -0.008 -15"><span class='ocrx_word' id='word_1_732' title='bbox 564 4981 714 5035; x_wconf 83' lang='lat' dir='ltr'><strong>stimo</strong></span> <span class='ocrx_word' id='word_1_733' title='bbox 737 4980 871 5035; x_wconf 87' lang='lat' dir='ltr'><strong>enim</strong></span> <span class='ocrx_word' id='word_1_734' title='bbox 901 4977 1041 5050; x_wconf 87' lang='lat' dir='ltr'><strong>quod</strong></span> <span class='ocrx_word' id='word_1_735' title='bbox 1066 4988 1169 5032; x_wconf 84' lang='lat' dir='ltr'><strong>non</strong></span> <span class='ocrx_word' id='word_1_736' title='bbox 1209 4976 1311 5031; x_wconf 86' lang='lat' dir='ltr'><strong>sint</strong></span> <span class='ocrx_word' id='word_1_737' title='bbox 1355 4972 1624 5043; x_wconf 82' lang='lat' dir='ltr'><strong>condigna:</strong></span> <span class='ocrx_word' id='word_1_738' title='bbox 1672 4968 1938 5041; x_wconf 84' lang='lat' dir='ltr'><strong>passiones</strong></span> <span class='ocrx_word' id='word_1_739' title='bbox 1979 4966 2138 5040; x_wconf 84' lang='lat' dir='ltr'><strong>hujus</strong></span> 
     </span>
    </p>
   </div>
   <div class='ocr_carea' id='block_1_95' title="bbox 498 5060 2139 5145">
    <p class='ocr_par' dir='ltr' id='par_1_95' title="bbox 498 5060 2139 5145">
     <span class='ocr_line' id='line_1_96' title="bbox 498 5060 2139 5145; baseline -0.007 -17"><span class='ocrx_word' id='word_1_740' title='bbox 498 5114 501 5115; x_wconf 47' lang='grc' dir='ltr'><em>ν</em></span> <span class='ocrx_word' id='word_1_741' title='bbox 561 5072 804 5145; x_wconf 82' lang='lat' dir='ltr'><strong>temporis</strong></span> <span class='ocrx_word' id='word_1_742' title='bbox 831 5071 899 5125; x_wconf 91' lang='lat' dir='ltr'><strong>ad</strong></span> <span class='ocrx_word' id='word_1_743' title='bbox 923 5070 1160 5142; x_wconf 82' lang='lat' dir='ltr'><strong>futuram</strong></span> <span class='ocrx_word' id='word_1_744' title='bbox 1188 5066 1430 5145; x_wconf 81' lang='lat' dir='ltr'><strong>gloriam.</strong></span> <span class='ocrx_word' id='word_1_745' title='bbox 1459 5060 1597 5119; x_wconf 82' lang='lat' dir='ltr'><strong>Hinc</strong></span> <span class='ocrx_word' id='word_1_746' title='bbox 1627 5061 1741 5116; x_wconf 84' lang='lat' dir='ltr'><strong>vult</strong></span> <span class='ocrx_word' id='word_1_747' title='bbox 1767 5060 2002 5117; x_wconf 85' lang='lat' dir='ltr'><strong>futuram</strong></span> <span class='ocrx_word' id='word_1_748' title='bbox 2026 5060 2139 5134; x_wconf 86' lang='lat' dir='ltr'><strong>glo-</strong></span> 
     </span>
    </p>
   </div>
   <div class='ocr_carea' id='block_1_96' title="bbox 564 5150 2141 5227">
    <p class='ocr_par' dir='ltr' id='par_1_96' title="bbox 564 5150 2141 5227">
     <span class='ocr_line' id='line_1_97' title="bbox 564 5150 2141 5227; baseline -0.007 -9"><span class='ocrx_word' id='word_1_749' title='bbox 564 5165 701 5218; x_wconf 82' lang='lat' dir='ltr'><strong>riam</strong></span> <span class='ocrx_word' id='word_1_750' title='bbox 732 5162 1133 5223; x_wconf 88' lang='lat' dir='ltr'><strong>commendare,</strong></span> <span class='ocrx_word' id='word_1_751' title='bbox 1176 5167 1235 5211; x_wconf 90' lang='lat' dir='ltr'><strong>ut</strong></span> <span class='ocrx_word' id='word_1_752' title='bbox 1272 5160 1566 5227; x_wconf 81' lang='lat' dir='ltr'><strong>praesentes</strong></span> <span class='ocrx_word' id='word_1_753' title='bbox 1604 5164 1887 5224; x_wconf 88' lang='lat' dir='ltr'><strong>prcssuras</strong></span> <span class='ocrx_word' id='word_1_754' title='bbox 1928 5150 2141 5207; x_wconf 81' lang='lat' dir='ltr'><strong>facilius</strong></span> 
     </span>
    </p>
   </div>
   <div class='ocr_carea' id='block_1_97' title="bbox 565 5242 2140 5319">
    <p class='ocr_par' dir='ltr' id='par_1_97' title="bbox 565 5242 2140 5319">
     <span class='ocr_line' id='line_1_98' title="bbox 565 5242 2140 5319; baseline -0.008 -8"><span class='ocrx_word' id='word_1_755' title='bbox 565 5255 873 5311; x_wconf 90' lang='lat' dir='ltr'><strong>toleremus.</strong></span> <span class='ocrx_word' id='word_1_756' title='bbox 902 5250 1046 5308; x_wconf 83' lang='lat' dir='ltr'><strong>Nihil</strong></span> <span class='ocrx_word' id='word_1_757' title='bbox 1090 5247 1303 5319; x_wconf 89' lang='lat' dir='ltr'><strong>quidem</strong></span> <span class='ocrx_word' id='word_1_758' title='bbox 1346 5242 1569 5313; x_wconf 88' lang='lat' dir='ltr'><strong>dignum</strong></span> <span class='ocrx_word' id='word_1_759' title='bbox 1613 5242 1841 5298; x_wconf 85' lang='lat' dir='ltr'><strong>inveniri</strong></span> <span class='ocrx_word' id='word_1_760' title='bbox 1876 5242 1959 5298; x_wconf 90' lang='lat' dir='ltr'><strong>vel</strong></span> <span class='ocrx_word' id='word_1_761' title='bbox 1992 5258 2140 5299; x_wconf 90' lang='lat' dir='ltr'><strong>com-</strong></span> 
     </span>
    </p>
   </div>
   <div class='ocr_carea' id='block_1_98' title="bbox 564 5332 2137 5422">
    <p class='ocr_par' dir='ltr' id='par_1_98' title="bbox 564 5332 2137 5422">
     <span class='ocr_line' id='line_1_99' title="bbox 564 5332 2137 5422; baseline -0.01 -17"><span class='ocrx_word' id='word_1_762' title='bbox 564 5347 747 5422; x_wconf 87' lang='lat' dir='ltr'><strong>parari</strong></span> <span class='ocrx_word' id='word_1_763' title='bbox 801 5348 869 5401; x_wconf 86' lang='lat' dir='ltr'><strong>ad</strong></span> <span class='ocrx_word' id='word_1_764' title='bbox 916 5344 1152 5400; x_wconf 81' lang='lat' dir='ltr'><strong>futuram</strong></span> <span class='ocrx_word' id='word_1_765' title='bbox 1197 5334 1421 5408; x_wconf 75' lang='lat' dir='ltr'><strong>gloriam</strong></span> <span class='ocrx_word' id='word_1_766' title='bbox 1477 5343 1693 5407; x_wconf 88' lang='lat' dir='ltr'><strong>potest:</strong></span> <span class='ocrx_word' id='word_1_767' title='bbox 1746 5332 1800 5389; x_wconf 90' lang='lat' dir='ltr'><strong>in</strong></span> <span class='ocrx_word' id='word_1_768' title='bbox 1852 5350 1959 5405; x_wconf 91' lang='lat' dir='ltr'><strong>quo</strong></span> <span class='ocrx_word' id='word_1_769' title='bbox 1992 5335 2137 5389; x_wconf 89' lang='lat' dir='ltr'><strong>enim</strong></span> 
     </span>
    </p>
   </div>
   <div class='ocr_carea' id='block_1_99' title="bbox 564 5424 2139 5495">
    <p class='ocr_par' dir='ltr' id='par_1_99' title="bbox 564 5424 2139 5495">
     <span class='ocr_line' id='line_1_100' title="bbox 564 5424 2139 5495; baseline -0.006 0"><span class='ocrx_word' id='word_1_770' title='bbox 564 5439 794 5495; x_wconf 89' lang='lat' dir='ltr'><strong>mortale</strong></span> <span class='ocrx_word' id='word_1_771' title='bbox 824 5429 1221 5490; x_wconf 86' lang='lat' dir='ltr'><strong>immortalibus</strong></span> <span class='ocrx_word' id='word_1_772' title='bbox 1248 5424 1532 5482; x_wconf 77' lang='lat' dir='ltr'><strong>conferas?</strong></span> <span class='ocrx_word' id='word_1_773' title='bbox 1554 5435 1645 5481; x_wconf 91' lang='lat' dir='ltr'><strong>aut</strong></span> <span class='ocrx_word' id='word_1_774' title='bbox 1682 5427 2039 5485; x_wconf 88' lang='lat' dir='ltr'><strong>invisibilibus</strong></span> <span class='ocrx_word' id='word_1_775' title='bbox 2058 5429 2139 5486; x_wconf 83' lang='lat' dir='ltr'><strong>vi-</strong></span> 
     </span>
    </p>
   </div>
   <div class='ocr_carea' id='block_1_100' title="bbox 563 5517 2136 5593">
    <p class='ocr_par' dir='ltr' id='par_1_100' title="bbox 563 5517 2136 5593">
     <span class='ocr_line' id='line_1_101' title="bbox 563 5517 2136 5593; baseline -0.005 -6"><span class='ocrx_word' id='word_1_776' title='bbox 563 5530 776 5587; x_wconf 86' lang='lat' dir='ltr'><strong>sibilia?</strong></span> <span class='ocrx_word' id='word_1_777' title='bbox 822 5534 913 5578; x_wconf 86' lang='lat' dir='ltr'><strong>aut</strong></span> <span class='ocrx_word' id='word_1_778' title='bbox 957 5520 1174 5577; x_wconf 67' lang='lat' dir='ltr'><strong>mternis</strong></span> <span class='ocrx_word' id='word_1_779' title='bbox 1224 5517 1575 5592; x_wconf 87' lang='lat' dir='ltr'><strong>temporalia?</strong></span> <span class='ocrx_word' id='word_1_780' title='bbox 1618 5529 1711 5576; x_wconf 90' lang='lat' dir='ltr'><strong>aut</strong></span> <span class='ocrx_word' id='word_1_781' title='bbox 1755 5524 2026 5593; x_wconf 87' lang='lat' dir='ltr'><strong>perpetuis</strong></span> <span class='ocrx_word' id='word_1_782' title='bbox 2051 5539 2136 5579; x_wconf 87' lang='lat' dir='ltr'><strong>ca-</strong></span> 
     </span>
    </p>
   </div>
   <div class='ocr_carea' id='block_1_101' title="bbox 564 5610 2137 5686">
    <p class='ocr_par' dir='ltr' id='par_1_101' title="bbox 564 5610 2137 5686">
     <span class='ocr_line' id='line_1_102' title="bbox 564 5610 2137 5686; baseline -0.003 -8"><span class='ocrx_word' id='word_1_783' title='bbox 564 5620 740 5677; x_wconf 72' lang='lat' dir='ltr'><strong>dtsca?</strong></span> <span class='ocrx_word' id='word_1_784' title='bbox 783 5615 918 5669; x_wconf 75' lang='lat' dir='ltr'><strong>Puto</strong></span> <span class='ocrx_word' id='word_1_785' title='bbox 964 5611 1105 5683; x_wconf 86' lang='lat' dir='ltr'><strong>quod</strong></span> <span class='ocrx_word' id='word_1_786' title='bbox 1159 5611 1213 5669; x_wconf 91' lang='lat' dir='ltr'><strong>in</strong></span> <span class='ocrx_word' id='word_1_787' title='bbox 1258 5610 1511 5686; x_wconf 72' lang='lat' dir='ltr'><strong>przesenti</strong></span> <span class='ocrx_word' id='word_1_788' title='bbox 1547 5610 1657 5669; x_wconf 89' lang='lat' dir='ltr'><strong>vita</strong></span> <span class='ocrx_word' id='word_1_789' title='bbox 1688 5614 1986 5672; x_wconf 90' lang='lat' dir='ltr'><strong>consolatio</strong></span> <span class='ocrx_word' id='word_1_790' title='bbox 2017 5630 2137 5685; x_wconf 74' lang='lat' dir='ltr'><strong>qua:</strong></span> 
     </span>
    </p>
   </div>
   <div class='ocr_carea' id='block_1_102' title="bbox 566 5702 2139 5774">
    <p class='ocr_par' dir='ltr' id='par_1_102' title="bbox 566 5702 2139 5774">
     <span class='ocr_line' id='line_1_103' title="bbox 566 5702 2139 5774; baseline 0.004 -18"><span class='ocrx_word' id='word_1_791' title='bbox 566 5710 725 5767; x_wconf 72' lang='lat' dir='ltr'><strong>datur</strong></span> <span class='ocrx_word' id='word_1_792' title='bbox 752 5702 934 5774; x_wconf 67' lang='lat' dir='ltr'><strong>iustis,</strong></span> <span class='ocrx_word' id='word_1_793' title='bbox 981 5702 1273 5760; x_wconf 88' lang='lat' dir='ltr'><strong>secundum</strong></span> <span class='ocrx_word' id='word_1_794' title='bbox 1319 5721 1627 5760; x_wconf 82' lang='lat' dir='ltr'><strong>mensuram</strong></span> <span class='ocrx_word' id='word_1_795' title='bbox 1666 5707 2003 5763; x_wconf 84' lang='lat' dir='ltr'><strong>cruciatuum</strong></span> <span class='ocrx_word' id='word_1_796' title='bbox 2045 5705 2139 5763; x_wconf 86' lang='lat' dir='ltr'><strong>de-</strong></span> 
     </span>
    </p>
   </div>
   <div class='ocr_carea' id='block_1_103' title="bbox 567 5794 2139 5879">
    <p class='ocr_par' dir='ltr' id='par_1_103' title="bbox 567 5794 2139 5879">
     <span class='ocr_line' id='line_1_104' title="bbox 567 5794 2139 5879; baseline 0.005 -26"><span class='ocrx_word' id='word_1_797' title='bbox 567 5809 672 5879; x_wconf 86' lang='lat' dir='ltr'><strong>tur.</strong></span> <span class='ocrx_word' id='word_1_798' title='bbox 699 5794 881 5854; x_wconf 87' lang='lat' dir='ltr'><strong>Gloria</strong></span> <span class='ocrx_word' id='word_1_799' title='bbox 910 5813 1039 5853; x_wconf 87' lang='lat' dir='ltr'><strong>vero</strong></span> <span class='ocrx_word' id='word_1_800' title='bbox 1073 5794 1273 5868; x_wconf 79' lang='lat' dir='ltr'><strong>futura,</strong></span> <span class='ocrx_word' id='word_1_801' title='bbox 1308 5799 1373 5855; x_wconf 86' lang='lat' dir='ltr'><strong>de</strong></span> <span class='ocrx_word' id='word_1_802' title='bbox 1392 5818 1498 5873; x_wconf 85' lang='lat' dir='ltr'><strong>qua</strong></span> <span class='ocrx_word' id='word_1_803' title='bbox 1529 5800 1659 5857; x_wconf 86' lang='lat' dir='ltr'><strong>dicit</strong></span> <span class='ocrx_word' id='word_1_804' title='bbox 1682 5801 1986 5873; x_wconf 83' lang='lat' dir='ltr'><strong>Apostolus,</strong></span> <span class='ocrx_word' id='word_1_805' title='bbox 2019 5816 2139 5872; x_wconf 70' lang='lat' dir='ltr'><strong>quae</strong></span> 
     </span>
    </p>
   </div>
   <div class='ocr_carea' id='block_1_104' title="bbox 568 5892 2137 5968">
    <p class='ocr_par' dir='ltr' id='par_1_104' title="bbox 568 5892 2137 5968">
     <span class='ocr_line' id='line_1_105' title="bbox 568 5892 2137 5968; baseline 0.001 -14"><span class='ocrx_word' id='word_1_806' title='bbox 568 5892 896 5954; x_wconf 65' lang='lat' dir='ltr'><strong>mvelabiwr</strong></span> <span class='ocrx_word' id='word_1_807' title='bbox 922 5896 976 5951; x_wconf 86' lang='lat' dir='ltr'><strong>in</strong></span> <span class='ocrx_word' id='word_1_808' title='bbox 1008 5896 1182 5966; x_wconf 87' lang='lat' dir='ltr'><strong>nobis,</strong></span> <span class='ocrx_word' id='word_1_809' title='bbox 1209 5913 1315 5953; x_wconf 88' lang='lat' dir='ltr'><strong>non</strong></span> <span class='ocrx_word' id='word_1_810' title='bbox 1349 5898 1642 5954; x_wconf 88' lang='lat' dir='ltr'><strong>secundum</strong></span> <span class='ocrx_word' id='word_1_811' title='bbox 1671 5912 1980 5954; x_wconf 84' lang='lat' dir='ltr'><strong>mensuram</strong></span> <span class='ocrx_word' id='word_1_812' title='bbox 2013 5911 2137 5968; x_wconf 84' lang='lat' dir='ltr'><strong>pas-</strong></span> 
     </span>
    </p>
   </div>
   <div class='ocr_carea' id='block_1_105' title="bbox 2239 4786 3820 4865">
    <p class='ocr_par' dir='ltr' id='par_1_105' title="bbox 2239 4786 3820 4865">
     <span class='ocr_line' id='line_1_106' title="bbox 2239 4786 3820 4865; baseline 0.002 -24"><span class='ocrx_word' id='word_1_813' title='bbox 2239 4787 2369 4841; x_wconf 80' lang='lat' dir='ltr'><strong>milti</strong></span> <span class='ocrx_word' id='word_1_814' title='bbox 2391 4788 2447 4842; x_wconf 81' lang='lat' dir='ltr'><strong>in</strong></span> <span class='ocrx_word' id='word_1_815' title='bbox 2471 4787 2759 4865; x_wconf 26' lang='lat' dir='ltr'><strong>adjutori‘o,</strong></span> <span class='ocrx_word' id='word_1_816' title='bbox 2772 4792 2876 4847; x_wconf 82' lang='lat' dir='ltr'><strong>nisi</strong></span> <span class='ocrx_word' id='word_1_817' title='bbox 2889 4786 3118 4848; x_wconf 72' lang='lat' dir='ltr'><strong>Michael</strong></span> <span class='ocrx_word' id='word_1_818' title='bbox 3122 4787 3369 4860; x_wconf 64' lang='lat' dir='ltr'><strong>princeps</strong></span> <span class='ocrx_word' id='word_1_819' title='bbox 3382 4797 3544 4847; x_wconf 74' lang='grc' dir='ltr'><strong>υοαον</strong></span> <span class='ocrx_word' id='word_1_820' title='bbox 3556 4787 3723 4862; x_wconf 69' lang='lat' dir='ltr'><strong>(Dan.</strong></span> <span class='ocrx_word' id='word_1_821' title='bbox 3738 4788 3820 4860; x_wconf 71' lang='grc' dir='ltr'><strong>Χ).</strong></span> 
     </span>
    </p>
   </div>
   <div class='ocr_carea' id='block_1_106' title="bbox 2239 4878 3821 4955">
    <p class='ocr_par' dir='ltr' id='par_1_106' title="bbox 2239 4878 3821 4955">
     <span class='ocr_line' id='line_1_107' title="bbox 2239 4878 3821 4955; baseline -0.001 -21"><span class='ocrx_word' id='word_1_822' title='bbox 2239 4878 2383 4955; x_wconf 86' lang='lat' dir='ltr'><strong>Ergo</strong></span> <span class='ocrx_word' id='word_1_823' title='bbox 2400 4894 2499 4951; x_wconf 88' lang='lat' dir='ltr'><strong>per</strong></span> <span class='ocrx_word' id='word_1_824' title='bbox 2526 4880 2738 4955; x_wconf 83' lang='lat' dir='ltr'><strong>singula</strong></span> <span class='ocrx_word' id='word_1_825' title='bbox 2760 4880 3182 4955; x_wconf 80' lang='lat' dir='ltr'><strong>deprehenditur</strong></span> <span class='ocrx_word' id='word_1_826' title='bbox 3208 4878 3551 4937; x_wconf 77' lang='lat' dir='ltr'><strong>rationabilis</strong></span> <span class='ocrx_word' id='word_1_827' title='bbox 3571 4886 3821 4934; x_wconf 74' lang='lat' dir='ltr'><strong>matura</strong></span> 
     </span>
    </p>
   </div>
   <div class='ocr_carea' id='block_1_107' title="bbox 2239 4968 3825 5045">
    <p class='ocr_par' dir='ltr' id='par_1_107' title="bbox 2239 4968 3825 5045">
     <span class='ocr_line' id='line_1_108' title="bbox 2239 4968 3825 5045; baseline -0.001 -19"><span class='ocrx_word' id='word_1_828' title='bbox 2239 4972 2461 5029; x_wconf 85' lang='lat' dir='ltr'><strong>vanitati</strong></span> <span class='ocrx_word' id='word_1_829' title='bbox 2488 4988 2597 5028; x_wconf 85' lang='lat' dir='ltr'><strong>esse</strong></span> <span class='ocrx_word' id='word_1_830' title='bbox 2622 4972 2881 5045; x_wconf 84' lang='lat' dir='ltr'><strong>subjecta,</strong></span> <span class='ocrx_word' id='word_1_831' title='bbox 2928 4989 3035 5028; x_wconf 76' lang='lat' dir='ltr'><strong>non</strong></span> <span class='ocrx_word' id='word_1_832' title='bbox 3077 4970 3274 5037; x_wconf 81' lang='lat' dir='ltr'><strong>ualeas,</strong></span> <span class='ocrx_word' id='word_1_833' title='bbox 3317 4968 3408 5026; x_wconf 72' lang='lat' dir='ltr'><strong>sed</strong></span> <span class='ocrx_word' id='word_1_834' title='bbox 3440 4978 3661 5041; x_wconf 74' lang='lat' dir='ltr'><strong>propter</strong></span> <span class='ocrx_word' id='word_1_835' title='bbox 3696 4984 3825 5025; x_wconf 64' lang='lat' dir='ltr'><strong>eum</strong></span> 
     </span>
    </p>
   </div>
   <div class='ocr_carea' id='block_1_108' title="bbox 2238 5057 3826 5137">
    <p class='ocr_par' dir='ltr' id='par_1_108' title="bbox 2238 5057 3826 5137">
     <span class='ocr_line' id='line_1_109' title="bbox 2238 5057 3826 5137; baseline -0.003 -19"><span class='ocrx_word' id='word_1_836' title='bbox 2238 5065 2327 5135; x_wconf 88' lang='lat' dir='ltr'><strong>qui</strong></span> <span class='ocrx_word' id='word_1_837' title='bbox 2360 5063 2578 5135; x_wconf 81' lang='lat' dir='ltr'><strong>subjecit</strong></span> <span class='ocrx_word' id='word_1_838' title='bbox 2616 5065 2673 5121; x_wconf 86' lang='lat' dir='ltr'><strong>in</strong></span> <span class='ocrx_word' id='word_1_839' title='bbox 2695 5081 2805 5137; x_wconf 87' lang='lat' dir='ltr'><strong>spe.</strong></span> <span class='ocrx_word' id='word_1_840' title='bbox 2840 5063 2975 5137; x_wconf 84' lang='lat' dir='ltr'><strong>Spes</strong></span> <span class='ocrx_word' id='word_1_841' title='bbox 3018 5076 3253 5134; x_wconf 84' lang='lat' dir='ltr'><strong>namque</strong></span> <span class='ocrx_word' id='word_1_842' title='bbox 3283 5068 3371 5117; x_wconf 86' lang='lat' dir='ltr'><strong>est</strong></span> <span class='ocrx_word' id='word_1_843' title='bbox 3407 5057 3481 5115; x_wconf 77' lang='lat' dir='ltr'><strong>ab</strong></span> <span class='ocrx_word' id='word_1_844' title='bbox 3531 5057 3618 5115; x_wconf 79' lang='lat' dir='ltr'><strong>his</strong></span> <span class='ocrx_word' id='word_1_845' title='bbox 3659 5057 3826 5114; x_wconf 85' lang='lat' dir='ltr'><strong>rebus</strong></span> 
     </span>
    </p>
   </div>
   <div class='ocr_carea' id='block_1_109' title="bbox 2243 5151 3820 5229">
    <p class='ocr_par' dir='ltr' id='par_1_109' title="bbox 2243 5151 3820 5229">
     <span class='ocr_line' id='line_1_110' title="bbox 2243 5151 3820 5229; baseline -0.003 -16"><span class='ocrx_word' id='word_1_846' title='bbox 2243 5157 2520 5229; x_wconf 88' lang='lat' dir='ltr'><strong>corporeis</strong></span> <span class='ocrx_word' id='word_1_847' title='bbox 2542 5164 2597 5212; x_wconf 91' lang='lat' dir='ltr'><strong>et</strong></span> <span class='ocrx_word' id='word_1_848' title='bbox 2637 5156 3081 5229; x_wconf 78' lang='lat' dir='ltr'><strong>corruptibil&#39;tbus</strong></span> <span class='ocrx_word' id='word_1_849' title='bbox 3123 5151 3411 5225; x_wconf 80' lang='lat' dir='ltr'><strong>aliquando</strong></span> <span class='ocrx_word' id='word_1_850' title='bbox 3451 5151 3820 5213; x_wconf 82' lang='lat' dir='ltr'><strong>cessandum:</strong></span> 
     </span>
    </p>
   </div>
   <div class='ocr_carea' id='block_1_110' title="bbox 2243 5242 3828 5320">
    <p class='ocr_par' dir='ltr' id='par_1_110' title="bbox 2243 5242 3828 5320">
     <span class='ocr_line' id='line_1_111' title="bbox 2243 5242 3828 5320; baseline -0.005 -15"><span class='ocrx_word' id='word_1_851' title='bbox 2243 5247 2385 5305; x_wconf 89' lang='lat' dir='ltr'><strong>hanc</strong></span> <span class='ocrx_word' id='word_1_852' title='bbox 2416 5248 2563 5303; x_wconf 89' lang='lat' dir='ltr'><strong>enim</strong></span> <span class='ocrx_word' id='word_1_853' title='bbox 2590 5245 2755 5304; x_wconf 85' lang='lat' dir='ltr'><strong>habet</strong></span> <span class='ocrx_word' id='word_1_854' title='bbox 2797 5246 3261 5320; x_wconf 76' lang='lat' dir='ltr'><strong>exspectationem</strong></span> <span class='ocrx_word' id='word_1_855' title='bbox 3302 5251 3555 5300; x_wconf 79' lang='lat' dir='ltr'><strong>creatura</strong></span> <span class='ocrx_word' id='word_1_856' title='bbox 3580 5242 3693 5299; x_wconf 85' lang='lat' dir='ltr'><strong>ista</strong></span> <span class='ocrx_word' id='word_1_857' title='bbox 3740 5257 3828 5297; x_wconf 82' lang='lat' dir='ltr'><strong>ra-</strong></span> 
     </span>
    </p>
   </div>
   <div class='ocr_carea' id='block_1_111' title="bbox 2241 5334 3827 5415">
    <p class='ocr_par' dir='ltr' id='par_1_111' title="bbox 2241 5334 3827 5415">
     <span class='ocr_line' id='line_1_112' title="bbox 2241 5334 3827 5415; baseline -0.002 -21"><span class='ocrx_word' id='word_1_858' title='bbox 2241 5338 2478 5407; x_wconf 89' lang='lat' dir='ltr'><strong>tionalis,</strong></span> <span class='ocrx_word' id='word_1_859' title='bbox 2512 5347 2572 5396; x_wconf 89' lang='lat' dir='ltr'><strong>ut</strong></span> <span class='ocrx_word' id='word_1_860' title='bbox 2588 5338 2857 5397; x_wconf 81' lang='lat' dir='ltr'><strong>revelatio</strong></span> <span class='ocrx_word' id='word_1_861' title='bbox 2885 5338 2979 5415; x_wconf 84' lang='lat' dir='ltr'><strong>ﬁat</strong></span> <span class='ocrx_word' id='word_1_862' title='bbox 3001 5336 3237 5394; x_wconf 82' lang='lat' dir='ltr'><strong>ﬁliorum</strong></span> <span class='ocrx_word' id='word_1_863' title='bbox 3274 5334 3393 5404; x_wconf 82' lang='lat' dir='ltr'><strong>Dei,</strong></span> <span class='ocrx_word' id='word_1_864' title='bbox 3433 5342 3656 5405; x_wconf 81' lang='lat' dir='ltr'><strong>propter</strong></span> <span class='ocrx_word' id='word_1_865' title='bbox 3681 5348 3827 5403; x_wconf 80' lang='lat' dir='ltr'><strong>quos</strong></span> 
     </span>
    </p>
   </div>
   <div class='ocr_carea' id='block_1_112' title="bbox 2239 5424 3828 5505">
    <p class='ocr_par' dir='ltr' id='par_1_112' title="bbox 2239 5424 3828 5505">
     <span class='ocr_line' id='line_1_113' title="bbox 2239 5424 3828 5505; baseline -0.004 -18"><span class='ocrx_word' id='word_1_866' title='bbox 2239 5432 2417 5505; x_wconf 84' lang='lat' dir='ltr'><strong>angeli</strong></span> <span class='ocrx_word' id='word_1_867' title='bbox 2452 5432 2739 5489; x_wconf 86' lang='lat' dir='ltr'><strong>mittuntur</strong></span> <span class='ocrx_word' id='word_1_868' title='bbox 2766 5432 2825 5487; x_wconf 89' lang='lat' dir='ltr'><strong>iu</strong></span> <span class='ocrx_word' id='word_1_869' title='bbox 2855 5428 3239 5497; x_wconf 75' lang='lat' dir='ltr'><strong>ministerium,</strong></span> <span class='ocrx_word' id='word_1_870' title='bbox 3266 5433 3405 5485; x_wconf 78' lang='lat' dir='ltr'><strong>utet</strong></span> <span class='ocrx_word' id='word_1_871' title='bbox 3426 5425 3534 5496; x_wconf 78' lang='lat' dir='ltr'><strong>ipsi</strong></span> <span class='ocrx_word' id='word_1_872' title='bbox 3568 5439 3699 5483; x_wconf 77' lang='lat' dir='ltr'><strong>cum</strong></span> <span class='ocrx_word' id='word_1_873' title='bbox 3738 5424 3828 5487; x_wconf 76' lang='lat' dir='ltr'><strong>his</strong></span> 
     </span>
    </p>
   </div>
   <div class='ocr_carea' id='block_1_113' title="bbox 2244 5513 3826 5597">
    <p class='ocr_par' dir='ltr' id='par_1_113' title="bbox 2244 5513 3826 5597">
     <span class='ocr_line' id='line_1_114' title="bbox 2244 5513 3826 5597; baseline -0.008 -14"><span class='ocrx_word' id='word_1_874' title='bbox 2244 5524 2440 5597; x_wconf 87' lang='lat' dir='ltr'><strong>quibus</strong></span> <span class='ocrx_word' id='word_1_875' title='bbox 2467 5522 2912 5581; x_wconf 82' lang='lat' dir='ltr'><strong>ministravcrunt</strong></span> <span class='ocrx_word' id='word_1_876' title='bbox 2957 5517 3328 5589; x_wconf 72' lang='lat' dir='ltr'><strong>haereditatem</strong></span> <span class='ocrx_word' id='word_1_877' title='bbox 3354 5515 3572 5587; x_wconf 75' lang='lat' dir='ltr'><strong>capiant</strong></span> <span class='ocrx_word' id='word_1_878' title='bbox 3602 5513 3826 5583; x_wconf 80' lang='lat' dir='ltr'><strong>salutis,</strong></span> 
     </span>
    </p>
   </div>
   <div class='ocr_carea' id='block_1_114' title="bbox 2242 5610 3826 5682">
    <p class='ocr_par' dir='ltr' id='par_1_114' title="bbox 2242 5610 3826 5682">
     <span class='ocr_line' id='line_1_115' title="bbox 2242 5610 3826 5682; baseline -0.005 -6"><span class='ocrx_word' id='word_1_879' title='bbox 2242 5626 2303 5677; x_wconf 90' lang='lat' dir='ltr'><strong>ut</strong></span> <span class='ocrx_word' id='word_1_880' title='bbox 2327 5617 2628 5674; x_wconf 83' lang='lat' dir='ltr'><strong>caelestium</strong></span> <span class='ocrx_word' id='word_1_881' title='bbox 2653 5622 2712 5671; x_wconf 87' lang='lat' dir='ltr'><strong>et</strong></span> <span class='ocrx_word' id='word_1_882' title='bbox 2738 5612 3080 5671; x_wconf 82' lang='lat' dir='ltr'><strong>terrestrium</strong></span> <span class='ocrx_word' id='word_1_883' title='bbox 3120 5610 3221 5667; x_wconf 83' lang='lat' dir='ltr'><strong>ﬁat</strong></span> <span class='ocrx_word' id='word_1_884' title='bbox 3252 5624 3391 5668; x_wconf 83' lang='lat' dir='ltr'><strong>unus</strong></span> <span class='ocrx_word' id='word_1_885' title='bbox 3418 5623 3554 5682; x_wconf 76' lang='lat' dir='ltr'><strong>grex</strong></span> <span class='ocrx_word' id='word_1_886' title='bbox 3582 5614 3639 5664; x_wconf 84' lang='lat' dir='ltr'><strong>ot</strong></span> <span class='ocrx_word' id='word_1_887' title='bbox 3678 5622 3826 5668; x_wconf 70' lang='lat' dir='ltr'><strong>unua</strong></span> 
     </span>
    </p>
   </div>
   <div class='ocr_carea' id='block_1_115' title="bbox 2241 5698 3824 5780">
    <p class='ocr_par' dir='ltr' id='par_1_115' title="bbox 2241 5698 3824 5780">
     <span class='ocr_line' id='line_1_116' title="bbox 2241 5698 3824 5780; baseline -0.004 -16"><span class='ocrx_word' id='word_1_888' title='bbox 2241 5716 2451 5780; x_wconf 87' lang='lat' dir='ltr'><strong>pastor,</strong></span> <span class='ocrx_word' id='word_1_889' title='bbox 2478 5716 2536 5763; x_wconf 78' lang='lat' dir='ltr'><strong>ut</strong></span> <span class='ocrx_word' id='word_1_890' title='bbox 2583 5707 2651 5763; x_wconf 84' lang='lat' dir='ltr'><strong>sit</strong></span> <span class='ocrx_word' id='word_1_891' title='bbox 2673 5703 2820 5761; x_wconf 76' lang='lat' dir='ltr'><strong>Deus</strong></span> <span class='ocrx_word' id='word_1_892' title='bbox 2848 5702 3025 5775; x_wconf 67' lang='lat' dir='ltr'><strong>omnia</strong></span> <span class='ocrx_word' id='word_1_893' title='bbox 3046 5701 3106 5761; x_wconf 84' lang='lat' dir='ltr'><strong>in</strong></span> <span class='ocrx_word' id='word_1_894' title='bbox 3144 5700 3407 5759; x_wconf 74' lang='lat' dir='ltr'><strong>omnibus.</strong></span> <span class='ocrx_word' id='word_1_895' title='bbox 3454 5698 3639 5757; x_wconf 65' lang='lat' dir='ltr'><strong>anatis</strong></span> <span class='ocrx_word' id='word_1_896' title='bbox 3682 5702 3824 5757; x_wconf 70' lang='lat' dir='ltr'><strong>enim</strong></span> 
     </span>
    </p>
   </div>
   <div class='ocr_carea' id='block_1_116' title="bbox 2243 5789 3824 5868">
    <p class='ocr_par' dir='ltr' id='par_1_116' title="bbox 2243 5789 3824 5868">
     <span class='ocr_line' id='line_1_117' title="bbox 2243 5789 3824 5868; baseline -0.004 -14"><span class='ocrx_word' id='word_1_897' title='bbox 2243 5808 2486 5854; x_wconf 88' lang='lat' dir='ltr'><strong>creatura</strong></span> <span class='ocrx_word' id='word_1_898' title='bbox 2507 5795 2859 5868; x_wconf 75' lang='lat' dir='ltr'><strong>congemiscit,</strong></span> <span class='ocrx_word' id='word_1_899' title='bbox 2885 5804 2933 5852; x_wconf 78' lang='lat' dir='ltr'><strong>et</strong></span> <span class='ocrx_word' id='word_1_900' title='bbox 2952 5792 3321 5867; x_wconf 63' lang='lat' dir='ltr'><strong>compartum,</strong></span> <span class='ocrx_word' id='word_1_901' title='bbox 3364 5801 3418 5851; x_wconf 76' lang='lat' dir='ltr'><strong>et</strong></span> <span class='ocrx_word' id='word_1_902' title='bbox 3455 5789 3618 5847; x_wconf 83' lang='lat' dir='ltr'><strong>dolet.</strong></span> <span class='ocrx_word' id='word_1_903' title='bbox 3667 5789 3824 5848; x_wconf 81' lang='lat' dir='ltr'><strong>Sicut</strong></span> 
     </span>
    </p>
   </div>
   <div class='ocr_carea' id='block_1_117' title="bbox 2242 5885 3822 5971">
    <p class='ocr_par' dir='ltr' id='par_1_117' title="bbox 2242 5885 3822 5971">
     <span class='ocr_line' id='line_1_118' title="bbox 2242 5885 3822 5971; baseline -0.008 -20"><span class='ocrx_word' id='word_1_904' title='bbox 2242 5895 2489 5971; x_wconf 75' lang='lat' dir='ltr'><strong>gaudent</strong></span> <span class='ocrx_word' id='word_1_905' title='bbox 2503 5890 2683 5966; x_wconf 85' lang='lat' dir='ltr'><strong>angeli</strong></span> <span class='ocrx_word' id='word_1_906' title='bbox 2726 5903 2889 5964; x_wconf 85' lang='lat' dir='ltr'><strong>super</strong></span> <span class='ocrx_word' id='word_1_907' title='bbox 2931 5888 3281 5965; x_wconf 62' lang='lat' dir='ltr'><strong>pertinentes,</strong></span> <span class='ocrx_word' id='word_1_908' title='bbox 3316 5885 3400 5947; x_wconf 81' lang='lat' dir='ltr'><strong>ita</strong></span> <span class='ocrx_word' id='word_1_909' title='bbox 3440 5885 3628 5945; x_wconf 87' lang='lat' dir='ltr'><strong>dolent</strong></span> <span class='ocrx_word' id='word_1_910' title='bbox 3656 5899 3822 5967; x_wconf 73' lang='lat' dir='ltr'><strong>super</strong></span> 
     </span>
    </p>
   </div>
  </div>
