4108 6334
310 450 386 511 ἠ

1404 448 1749 517 -εοιιιςετε
1783 446 1856 517 ΙΝ
1887 448 2108 519 MT.
2142 461 2237 519 AD
2271 458 2437 521 ROM.
2480 480 2483 481 '

3494 474 3563 539 ‘18

276 586 283 595 ’
314 571 563 623 «averti
586 563 848 623 nolentes;
878 563 1284 638 nequitendnm
1318 577 1406 627 est
1435 585 1536 627 cur
1560 571 1619 628 in
1644 573 1889 644 superio-
1910 575 1965 637 Α
1987 572 2143 644 quasi
2162 573 2276 644 jam
2302 568 2585 647 acceperit,
2616 576 2691 635 ita
2717 591 2911 639 secura
2931 586 3019 641 est
3040 580 3112 643 de
3130 586 3371 647 nondum
3398 606 3559 652 acce-

281 656 472 712 ϊιωε
509 658 869 715 nominaverit
895 666 1219 726 creaturam,
1255 668 1312 718 et
1351 679 1625 735 nunquam
1667 665 1885 737 dixerit,

278 746 481 802 castris
520 756 780 814 creatura,
835 750 905 805 ad
950 751 1200 807 ultimum
1243 766 1379 809 vero
1430 755 1574 811 dicat
1613 774 1627 811 :
1681 754 1887 812 Scimus

308 840 450 892 enim
480 840 728 909 quoniam
760 842 927 896 omnis
954 854 1196 898 creatura
1227 847 1580 916 congemiscit,
1615 855 1665 902 et
1688 849 1884 903 condo-

310 930 399 994 ιρι,
446 930 549 987 hoc
583 938 684 995 est,
733 936 859 1004 quae
883 935 1197 990 necessitati
1239 937 1608 1008 corruptibilis
1639 938 1886 1011 corporis

308 1022 570 1093 subiacet.
621 1024 810 1082 Omnis
844 1033 1023 1081 autem
1068 1035 1321 1082 creatura
1365 1037 1468 1095 est,
1501 1044 1621 1100 qua
1652 1029 1885 1086 dolenti-

1950 674 1959 685 ι

304 1117 408 1172 bus
436 1116 702 1183 eondolet,
739 1127 795 1173 et
827 1128 963 1188 qua“
992 1121 1331 1190 gementibus
1356 1121 1726 1192 congemiscit.
1758 1121 1885 1179 Om-
1954 1130 1957 1135 '

306 1209 394 1264 nis
437 1217 621 1265 autem
668 1217 918 1266 creatura
968 1213 1216 1282 superior
1261 1228 1465 1285 agones
1488 1220 1544 1269 et
1586 1215 1884 1271 certamina

303 1313 491 1358 nostra
519 1310 750 1374 spectat,
785 1311 839 1360 et
864 1305 1113 1361 condolet
1145 1321 1271 1362 cum
1292 1307 1582 1373 vincimur,
1611 1322 1735 1363 cum
1755 1308 1881 1362 vin-

301 1396 479 1451 cimus
512 1397 830 1467 eongaudet.
858 1396 977 1469 ipsa
1001 1398 1166 1470 igitur
1186 1400 1451 1456 elementa
1475 1416 1599 1456 cum
1621 1400 1882 1458 sollicitu-

276 1486 429 1543 dine
454 1501 623 1559 opera
657 1503 757 1544 sua
787 1490 1063 1557 exhibent,
1105 1491 1231 1561 quia
1273 1500 1327 1547 et
1375 1492 1459 1549 sol
1496 1500 1551 1548 et
1597 1492 1724 1548 luna
1770 1508 1881 1551 non

280 1580 421 1635 "sine
444 1578 631 1637 labore
661 1588 862 1639 statuta
891 1582 995 1639 sibi
1033 1586 1213 1654 spatia
1259 1585 1504 1656 implent,
1555 1594 1611 1642 et
1655 1587 1882 1659 spiritus

278 1672 613 1728 animalium
664 1690 859 1748 magno
912 1676 1118 1748 gemitu
1165 1685 1407 1733 arctatur
1457 1680 1525 1734 ad
1577 1676 1881 1736 exhibenda

297 1764 540 1832 servitia,
573 1766 705 1822 satis
733 1768 799 1822 de
829 1777 1015 1823 nostra
1038 1768 1213 1825 salute
1255 1768 1488 1825 sollicita
1514 1777 1663 1837 sunt,
1696 1770 1878 1851 scien-

299 1865 382 1914 tes
407 1861 474 1915 ad
506 1876 659 1916 suam
681 1861 1057 1918 liberationem
1093 1864 1378 1934 proﬁcere,
1420 1864 1467 1920 si
1492 1856 1654 1921 modo
1674 1880 1773 1922 nos
1801 1865 1881 1921 ci-

276 1951 407 2008 tius
437 1964 795 2020 agnoscamus
834 1964 1133 2011 auctorem.

370 2042 496 2101 Non
516 2047 687 2101 solum
708 2055 881 2102 autem
903 2047 1019 2102 illa.
1042 2045 1163 2104 Non
1188 2049 1361 2104 solum
1388 2050 1585 2122 angeli,
1612 2050 1705 2123 qui
1728 2051 1882 2129 beni-

293 2137 512 2208 gniores
542 2146 671 2195 sunt
698 2141 876 2206 nobis,
917 2141 983 2196 de
1011 2140 1318 2207 huiusmodi
1365 2142 1565 2210 dolent,
1610 2143 1705 2198 sed
1724 2138 1881 2199 etiam

292 2243 416 2293 nos,
440 2230 531 2298 qui
551 2231 663 2299 jam
682 2231 933 2302 spiritum
957 2232 1237 2299 habemus,
1263 2233 1328 2288 de
1354 2233 1551 2289 talibus
1573 2235 1882 2306 ingemisci-

289 2332 441 2373 mus.
478 2318 750 2375 Primitias
776 2321 989 2391 spiritus
1014 2320 1279 2379 habentes.
1325 2322 1441 2380 Hoc
1470 2340 1599 2397 ergo
1648 2327 1792 2397 quod
1823 2327 1879 2403 in

288 2422 391 2467 eos
435 2425 548 2482 pne
583 2415 799 2470 caeteris
828 2414 1112 2473 sublimius
1160 2426 1216 2473 et
1264 2418 1576 2488 praeclarius
1618 2410 1877 2479 collatum

288 2511 401 2570 est,
430 2504 608 2559 sancti
634 2503 870 2576 Spiritus
914 2508 1113 2564 donum
1152 2509 1456 2581 appellavit,
1485 2518 1540 2567 et
1579 2512 1701 2571 ideo
1746 2514 1879 2570 dici-

286 2590 405 2663 tur,
436 2596 529 2650 sed
548 2605 595 2650 et
620 2610 713 2651 nos
733 2598 853 2667 ipsi,
880 2599 935 2653 in
970 2615 1078 2669 quo
1102 2602 1409 2673 specialiter
1431 2604 1714 2676 designare
1732 2606 1880 2676 vide—

276 2693 384 2741 tur
419 2686 767 2757 apostolicam
807 2689 1143 2761 dignitatem.
1179 2691 1292 2748 Nos
1327 2711 1469 2766 ergo,
1515 2674 1710 2768 inquit,
1755 2674 1874 2768 ipsi,

228 2772 235 2781 ’
289 2775 397 2834 hoc
419 2788 521 2845 est,
558 2781 804 2850 apostoli,
835 2784 1094 2854 primitias
1142 2786 1410 2855 habentes,
1457 2789 1549 2861 qui
1597 2789 1754 2846 electi
1789 2807 1880 2847 su-

276 2872 416 2927 mus
439 2869 506 2925 ad
533 2872 653 2940 hoc,
696 2881 757 2927 ut
781 2874 1053 2947 primitias
1092 2879 1314 2949 spiritus
1352 2881 1742 2954 acciperemus,
1778 2900 1878 2941 nos

291 2959 396 3031 ipsi
422 2961 573 3015 intra
609 2978 701 3017 nos
747 2966 1097 3034 gemiscimus.
1129 2967 1187 3022 In
1218 2977 1448 3037 tantum,
1499 2972 1694 3045 inquit,
1731 2972 1877 3029 nulla

291 3062 539 3109 creatura
582 3066 665 3111 est.
704 3070 825 3127 quae
870 3058 1145 3116 doloribus
1190 3066 1246 3118 et
1288 3064 1576 3134 gemitibus
1602 3071 1776 3132 vacet,
1819 3068 1880 3121 u't

289 3144 457 3200 etiam
497 3156 595 3202 nos
626 3147 745 3219 ipsi,
787 3150 879 3229 qui
921 3164 1130 3207 summa
1169 3168 1199 3207 a
1229 3152 1434 3230 Spiritu
1468 3163 1658 3213 sancto
1687 3165 1741 3213 et
1765 3157 1875 3214 ele-

287 3245 373 3294 cta
401 3238 539 3294 dona
563 3243 925 3313 percepimus,
951 3252 1131 3301 tamen
1152 3254 1532 3317 exspectantes
1550 3249 1876 3322 redemptio-

285 3346 415 3387 nem
445 3335 689 3405 corporis
710 3337 899 3400 nostri,
933 3339 1238 3395 necessario
1276 3339 1517 3398 dolemus
1546 3349 1601 3399 et
1620 3342 1874 3416 gemisci-

288 3437 434 3479 mus.
464 3422 721 3482 Scrutare
747 3427 945 3483 librum
971 3428 1369 3500 Quaestionum,
1397 3440 1456 3488 ut
1487 3434 1628 3490 scias
1656 3434 1784 3506 quid
1808 3436 1875 3493 de

286 3515 397 3572 bac
446 3518 679 3576 lectione
723 3520 916 3577 beatus
962 3523 1297 3597 Augustinus
1341 3530 1559 3587 sentiat.
1616 3526 1723 3603 Spe
1750 3549 1873 3604 ergo

285 3609 429 3665 salvi
468 3611 593 3681 facti
616 3632 817 3670 sumus.
862 3615 976 3672 Hoc
1014 3617 1212 3675 dicitur
1260 3621 1388 3693 quia
1434 3625 1703 3692 sperando
1729 3625 1874 3695 quod

270 3694 543 3777 ’promisit
567 3703 706 3760 Deus
732 3706 785 3763 in
809 3706 1048 3777 Christo,
1071 3713 1325 3768 meritum
1366 3715 1525 3771 nobis
1550 3694 1779 3773 fecimus
1809 3725 1870 3773 ut

286 3789 604 3848 liberemur.
657 3794 795 3868 Ergo
846 3797 901 3852 in
953 3814 1048 3870 spe
1097 3799 1313 3856 liberati
1362 3817 1570 3871 sumus,
1600 3804 1728 3875 quia
1764 3821 1874 3869 non

289 3883 445 3939 aliud
462 3895 714 3956 putamus
742 3904 906 3969 quam
937 3892 1229 3949 credimus.
1263 3890 1391 3966 Spes
1419 3904 1595 3950 autem
1637 3913 1754 3968 qua:
1786 3898 1863 3959 vi:-

286 3973 461 4041 ἀεικεῖ,
492 3992 597 4032 non
619 3987 696 4033 est
719 3997 853 4050 spes.
900 3981 1052 4049 Quod
1074 3983 1314 4052 videtur,
1347 4002 1455 4042 non
1484 3995 1754 4060 speratur,
1778 3990 1874 4049 sed

284 4070 563 4141 proprium
592 4080 675 4128 est
701 4088 763 4128 ac
792 4076 1118 4146 possidetur.
1151 4076 1306 4133 Nulla
1332 4081 1481 4135 enim
1509 4080 1564 4135 in
1588 4079 1751 4138 rebus
1792 4068 1874 4139 vi-

286 4162 534 4219 sibilibus
561 4160 888 4223 Christianis
918 4185 1043 4238 spes
1071 4177 1176 4238 est,
1229 4187 1329 4228 nec
1378 4175 1535 4231 nobis
1582 4174 1875 4247 praesentia

281 4254 553 4324 promissa
588 4264 733 4323 sunt,
776 4258 869 4314 sed
900 4257 1098 4316 futura.
1133 4258 1256 4317 Non
1299 4274 1376 4318 est
1417 4281 1554 4334 spes.
1602 4264 1749 4320 Nihil
1791 4272 1874 4321 est

284 4356 417 4415 ergo
446 4358 669 4415 prorsus
700 4351 1029 4417 sperandum
1062 4351 1116 4405 in
1142 4351 1326 4409 futuro
1350 4355 1416 4409 de
1441 4355 1524 4410 his
1553 4370 1673 4426 quae
1692 4355 1874 4411 viden-

285 4441 396 4487 tur.
426 4433 623 4490 Oculus
647 4439 789 4494 enim
820 4456 923 4494 non
948 4442 1074 4496 vidit
1112 4459 1229 4515 quae
1276 4445 1588 4515 prteparavit
1627 4443 1770 4500 Deus
1792 4444 1872 4499 his

283 4526 377 4596 qui
397 4526 620 4599 diligunt
649 4549 786 4595 eum.
817 4533 977 4591 Videt
1005 4543 1186 4591 autem
1226 4537 1414 4593 oculus
1449 4538 1647 4594 coelum
1682 4547 1739 4594 et
1761 4546 1874 4596 ter-

1988 666 2117 738 ptis,
2143 668 2283 724 sicut
2308 666 2439 725 dicit
2467 669 2532 725 ad
2545 668 2802 730 Hebraeos
2826 692 2840 729 :
2877 673 3146 734 Patientia
3168 681 3309 738 vobis
3323 699 3561 741 necessa-

1989 758 2073 813 ria
2094 767 2191 825 est,
2217 769 2276 814 ut
2297 759 2611 817 uoluntatem
2652 760 2752 818 Dei
2794 764 3045 835 facientes
3079 774 3347 843 reportetis
3387 788 3562 846 repro~

1987 852 2288 906 missionem
2319 850 2504 925 (Hebr.
2537 855 2616 927 χ).
2650 855 2785 927 Spes
2812 857 2959 914 enim
3003 861 3121 918 sine
3149 864 3413 934 patientia
3442 880 3563 923 esse

1987 959 2095 999 non
2120 944 2291 1010 novit,
2320 958 2419 1014 per
2434 946 2752 1017 patientiam
2781 956 3158 1022 exspectamus
3183 973 3196 1008 :
3230 954 3348 1012 haec
3373 971 3565 1029 exspe-

1987 1037 2152 1094 ctatio
2180 1038 2439 1111 patientia
2470 1049 2575 1097 est.
3524 1038 3527 1041 λ

2059 1128 2318 1186 Similiter
2360 1130 2498 1187 enim
2536 1132 2770 1206 Spiritus
2805 1136 3023 1208 adjuvat
3067 1136 3431 1208 inﬁrmitatem
3471 1156 3565 1196 nc-

1985 1231 2171 1278 stram.
2203 1222 2338 1292 Quia
2370 1240 2489 1295 quae
2518 1233 2643 1282 ante
2677 1236 2937 1297 petantur
2979 1244 3139 1300 quam
3170 1230 3280 1313 peti
3303 1226 3558 1302 debeant,

1985 1320 2191 1370 etsunt
2222 1316 2521 1382 contraria,
2546 1332 2654 1371 non
2683 1318 2813 1373 sinit
2839 1319 2977 1375 ﬁeri.
3007 1320 3137 1388 Quae
3167 1331 3347 1378 autem
3375 1323 3448 1378 sit
3472 1323 3560 1378 in-

1984 1404 2217 1461 ﬁrmitas
2246 1412 2456 1474 nostra,
2495 1407 2755 1463 Dominus
2790 1410 2946 1465 docet
2972 1425 3096 1466 eum
3127 1412 3293 1468 dicit:
3326 1410 3562 1485 Spiritus

1955 1494 2189 1570 ‘quidem
2228 1509 2496 1571 promptus
2541 1509 2639 1568 est,
2691 1516 2815 1555 caro
2864 1512 3036 1557 autem
3082 1504 3295 1574 inﬁma
3341 1501 3560 1579 (Matth.

1901 3295 1947 3361 C

1983 1589 2157 1660 xxvr).
2186 1590 2331 1663 Ergo
2357 1590 2649 1647 inﬁrmitas
2692 1598 2880 1655 nostra
2924 1605 2992 1647 ex
3024 1594 3209 1650 carnis
3249 1592 3565 1651 infirmitate

1983 1684 2278 1741 descendit.
2308 1686 2425 1759 ipsa
2471 1687 2615 1741 enim
2656 1694 2740 1745 est
2771 1700 2894 1757 quae
2932 1688 3266 1757 concupiscit
3304 1676 3567 1744 adversus

1960 1777 2253 1850 Spiritum,
2280 1784 2335 1833 et
2373 1779 2502 1834 dum
2525 1779 2996 1859 concupiscentias
3029 1794 3157 1836 suas
3199 1780 3417 1851 ingerit,
3453 1781 3567 1836 vir-

1962 1872 2152 1927 tutem
2175 1877 2232 1926 et
2249 1869 2558 1927 libertatem
2587 1870 2812 1945 spiritus
2838 1871 3083 1946 impedit,
3111 1879 3166 1928 et
3194 1864 3565 1930 sinceritatem

1906 1937 1962 2001 Β
1983 1964 2247 2021 Orationis
2270 1963 2517 2021 suﬁ'ocat.
2557 1937 2665 2021 sa
2698 1965 2792 2021 ubi
2817 1937 3016 2021 viderit
3040 1963 3278 2036 Spiritus
3297 1965 3395 2022 Dei
3413 1965 3566 2021 labo-

1981 2069 2106 2111 rare
2147 2053 2399 2125 spiritum
2444 2055 2499 2110 in
2548 2055 2885 2112 adversando
2939 2056 3090 2139 carni
3140 2064 3195 2112 et
3243 2057 3565 2113 adhaerendo

1982 2147 2110 2214 sibi,
2139 2148 2369 2221 porrigit
2392 2164 2629 2213 manum,
2661 2158 2718 2205 et
2757 2146 2977 2218 adjuvat
3011 2149 3386 2206 inﬁrmitatem
3414 2148 3561 2220 ejus;

1980 2249 2036 2295 et
2063 2237 2209 2294 velut
2235 2238 2497 2311 magister
2535 2240 2651 2313 ejus
2681 2241 2982 2309 suscipiens
3022 2240 3212 2296 rudem
3243 2239 3565 2311 discipulum

1980 2335 2034 2383 et
2064 2328 2401 2401 ignorantem
2441 2330 2657 2400 penitus
2687 2328 2917 2395 litteras,
2963 2337 3022 2384 ut
3060 2344 3183 2385 eum
3217 2331 3413 2386 docere
3439 2338 3567 2402 pos—

1980 2420 2050 2474 sit
2078 2427 2135 2473 et
2160 2418 2466 2485 instituere,
2494 2420 2716 2473 necesse
2744 2419 2910 2474 habet
2938 2416 3200 2474 inclinare
3226 2433 3289 2475 se
3309 2420 3380 2474 ad
3397 2417 3565 2475 disci-

1978 2508 2088 2580 puli
2112 2510 2442 2576 rudimenta,
2479 2517 2535 2564 et
2564 2510 2679 2582 ipse
2708 2509 2860 2585 prius
2894 2509 3076 2566 dicere
3121 2524 3320 2565 nomen
3347 2510 3562 2580 litterae,

1977 2612 2037 2657 ut
2075 2603 2449 2676 respondendo
2486 2602 2682 2668 discat,
2714 2611 2770 2658 et
2783 2586 2857 2657 'ﬁt
2884 2602 3279 2674 quodammodo
3304 2604 3567 2683 magister

1979 2694 2094 2767 ipse
2123 2694 2401 2766 incipienti
2447 2692 2709 2767 discipulo
2758 2694 2973 2761 similis,
3017 2709 3081 2749 ea
3120 2693 3348 2765 loquens
3397 2702 3453 2751 et
3497 2710 3566 2774 ea

1979 2784 2246 2842 meditans
2274 2802 2394 2858 qua:
2425 2786 2693 2859 incipiens
2728 2786 2879 2860 loqui
2929 2776 3124 2845 debeat
3171 2802 3237 2843 ac
3289 2785 3560 2844 meditari.

1965 2876 2120 2949 Quid
2154 2893 2350 2943 orare,
2412 2878 2539 2948 quid
2591 2894 2623 2935 a
2660 2877 2770 2935 Deo
2822 2884 3006 2955 petere
3050 2884 3300 2950 oporteat
3343 2870 3565 2950 ignora-

1978 2985 2099 3025 mus
2125 2989 2138 3024 :
2171 2969 2441 3026 interdum
2474 2969 2618 3026 enim
2647 2986 2767 3045 quae
2798 2971 3071 3026 contraria
3105 2966 3277 3025 saluti
3311 2977 3438 3027 sunt
3466 2972 3562 3042 pe-

1979 3049 2146 3120 timus
2182 3062 2266 3119 vel
2303 3063 2549 3135 cupimus
2576 3063 2890 3123 inﬁrmitate
2928 3070 3174 3139 cogente.
3210 3060 3365 3120 Sicut
3410 3063 3561 3119 enim

1978 3157 2101 3229 quis
2138 3157 2194 3213 in
2228 3156 2548 3230 aegritudine
2572 3154 2818 3227 corporis
2846 3155 3054 3227 positus
3085 3171 3191 3211 non
3217 3168 3283 3211 ea
3317 3170 3438 3226 quae
3466 3170 3562 3211 sa-

1979 3249 2137 3307 nitati
2164 3251 2490 3323 conducunt,
2520 3249 2616 3306 sed
2653 3264 2716 3306 ea
2753 3246 2873 3320 quae
2909 3249 3197 3321 praesentis
3223 3245 3562 3337 inﬁrmitatis

1977 3342 2302 3399 desiderium
2331 3341 2677 3414 suggesserit,
2710 3341 2886 3413 poscit
2909 3357 2938 3395 a
2974 3341 3206 3417 medico,
3243 3339 3318 3395 ita
3362 3347 3419 3395 et
3460 3353 3562 3417 nos

1974 3436 2031 3491 in
2059 3433 2220 3505 hujus
2262 3432 2576 3490 inﬁrmitate
2602 3433 2943 3506 languentes,
2976 3416 3250 3487 interdum
3277 3445 3307 3484 a
3335 3430 3447 3486 Deo

1955 3513 2139 3585 timus
2162 3529 2307 3600 quod
2334 3544 2443 3583 non
2479 3527 2697 3599 expedit
2726 3525 2904 3582 nobis.
2942 3522 3317 3593 Inﬁrmitatem
3358 3514 3559 3579 nostra:

1972 3620 2235 3677 orationis
2267 3620 2628 3693 ignorantiam
2670 3618 2978 3691 signiﬁcare
3029 3615 3326 3675 declaravit
3354 3624 3375 3669 :‘
3416 3612 3561 3676 falli-

1972 3728 2096 3768 mur
2124 3711 2269 3766 enim
2295 3719 2547 3782 putantes
2592 3725 2714 3781 qua:
2761 3708 3036 3780 poscimus
3096 3704 3377 3780 prodesse,
3432 3706 3559 3771 cum

1971 3816 2080 3856 non
2117 3800 2247 3855 sint.
2296 3799 2540 3873 Denique
2587 3799 2762 3856 eidem
2814 3797 3074 3870 Apostolo
3124 3796 3439 3869 deprecanti
3493 3801 3558 3851 ut

1973 3894 2299 3957 tentationes
2356 3908 2389 3947 a
2431 3891 2543 3950 Deo
2591 3899 2887 3959 cessarent,
2929 3889 3058 3963 quia
3113 3889 3325 3952 crebra:
3378 3894 3553 3963 erant,

1971 3985 2175 4042 dictum
2222 3993 2306 4041 est
2357 4001 2389 4040 a
2436 3983 2667 4040 Domino
2717 3998 2734 4038 :
2785 3980 2985 4056 Suﬂicit
3033 3980 3128 4036 tibi
3179 3979 3354 4053 gratia
3392 3990 3512 4035 mea
3534 3993 3557 4039 :

1971 4095 2093 4133 nam
2122 4079 2283 4134 virtus
2307 4078 2362 4132 in
2386 4077 2692 4147 inﬁrmxtate
2712 4076 2984 4149 perﬁcitur
3011 4072 3100 4150 (II
3129 4072 3252 4131 Cor.
3280 4071 3407 4149 xu).

2042 4166 2146 4225 Sed
2169 4171 2278 4242 ipse
2307 4167 2537 4241 Spiritus
2569 4167 2798 4241 postulat
2824 4185 2920 4241 pro
2963 4166 3111 4223 nobis
3147 4165 3426 4238 gemitibus
3470 4164 3557 4224 ἰη-

1970 4261 2373 4329 enarrabilibus.
2399 4261 2499 4316 Hic
2516 4261 2745 4334 gratiam
2767 4259 3003 4332 Spiritus
3028 4257 3291 4331 Spiritum
3316 4259 3557 4323 nomina-

1970 4356 2081 4422 vit;
2108 4355 2342 4426 postulat
2378 4364 2584 4422 autem,
2606 4354 2736 4426 quia
2763 4353 3037 4426 postulare
3060 4368 3160 4412 nos
3182 4351 3314 4411 facit
3339 4352 3554 4424 gemiti:-

1971 4447 2073 4503 bus
2114 4448 2208 4517 qui
2250 4447 2499 4504 enarrari
2551 4462 2662 4504 non
2704 4453 2952 4518 possunt.
3002 4442 3155 4501 Sicut
3197 4449 3410 4500 tentare
3454 4457 3556 4503 nos

1973 4536 2171 4592 dicitur
2198 4537 2361 4603 Deus,
2391 4546 2452 4591 ut
2476 4536 2630 4602 sciat,
2664 4538 2767 4592 hoc
2789 4542 2895 4602 est,
2930 4534 3077 4593 scire
3099 4547 3201 4590 nos
3220 4529 3391 4613 faciat
3410 4546 3551 4603 qua-

285 4640 425 4681 ram.
454 4626 571 4683 Non
603 4646 733 4701 ergo
757 4638 971 4701 oportet
997 4631 1101 4686 hoc
1136 4632 1278 4702 quod
1307 4632 1520 4688 videtur
1554 4633 1703 4689 credi
1728 4648 1871 4703 prze-
1896 4652 1949 4714 Β
1975 4627 2053 4685 les
2077 4643 2281 4685 sumne.
2315 4626 2423 4685 Sed
2456 4636 2510 4685 et
2532 4643 2639 4683 usu
2660 4627 2935 4684 communi
2960 4642 3068 4700 quo
3095 4626 3293 4701 aliquis
3317 4625 3439 4683 ﬁeri
3465 4625 3556 4698 ju-

284 4714 537 4790 paratum
558 4737 677 4778 esse
704 4739 735 4776 a
762 4721 872 4779 Deo
893 4724 977 4780 his
1006 4723 1098 4793 qui
1125 4722 1357 4795 diligunt
1378 4739 1524 4791 eum,
1552 4726 1648 4782 sed
1673 4725 1870 4782 coelum
1973 4722 2087 4788 bet,
2113 4721 2228 4793 ipse
2257 4720 2457 4779 dicitur
2478 4720 2721 4793 operari,
2742 4728 2803 4777 ut
2826 4737 2841 4776 :
2882 4720 2977 4781 ille
2998 4720 3288 4779 aediﬁcavit
3309 4720 3549 4787 domum,

286 4811 534 4882 quidem,
570 4814 680 4871 imo
715 4816 895 4889 potius
942 4815 1110 4871 caelos
1163 4814 1332 4871 multo
1380 4816 1763 4875 eminentiores
1816 4828 1872 4874 et
1973 4824 2087 4883 aut,
2112 4815 2202 4870 ille
2230 4815 2475 4875 codicem
2512 4814 2661 4882 lenit,
2690 4830 2819 4872 cum
2858 4831 2961 4885 nec
2986 4815 3078 4873 ille
3111 4815 3417 4889 scripserit,
3448 4829 3553 4885 nec

286 4901 550 4961 celsiores
572 4922 733 4979 quam
763 4916 845 4965 est
882 4908 1027 4964 istud
1071 4904 1476 4964 ﬁrmamentum
1515 4910 1661 4979 quod
1695 4910 1868 4967 videri

281 5002 482 5071 potest.
514 4996 582 5052 Et
607 5007 751 5054 terra
779 4999 1045 5072 speranda
1071 5007 1173 5067 est,
1214 5016 1322 5055 non
1351 5008 1536 5055 tamen
1568 5001 1684 5056 haec
1715 5001 1870 5059 arida

282 5105 407 5161 qua:
429 5091 599 5159 oculis
626 5091 889 5163 subiacet,
917 5092 1017 5147 sed
1038 5092 1128 5147 illa
1156 5093 1262 5148 erit
1286 5102 1691 5151 mansuetorum
1718 5101 1865 5161 terra

280 5168 448 5251 quam
469 5181 656 5238 oculus
684 5199 789 5239 non
841 5183 995 5238 vidit.
1041 5178 1170 5254 Spes
1213 5200 1330 5259 qua:
1375 5184 1598 5253 videtur,
1639 5201 1747 5241 non
1788 5192 1864 5243 est

283 5288 423 5342 spes.
451 5270 603 5330 Tunc
626 5286 757 5348 ergo
787 5276 891 5331 erit
919 5291 1027 5342 res,
1055 5289 1178 5348 qua:
1224 5291 1370 5339 nunc
1417 5293 1544 5348 spes
1589 5286 1697 5347 est,
1738 5294 1863 5351 cum

286 5365 599 5431 apparuerit
628 5366 757 5436 quid
782 5366 1005 5435 erimus,
1038 5367 1092 5423 id
1120 5366 1457 5433 est,,similes
1476 5368 1575 5435 illi,
1606 5371 1866 5440 quoniam

282 5454 588 5523 videbimus
629 5473 755 5517 eum
785 5459 945 5519 sicuti
986 5466 1089 5519 est.
1123 5456 1469 5521 Manifestum
1493 5468 1578 5517 est
1609 5477 1720 5517 non
1745 5475 1868 5519 esse

284 5563 434 5618 spem
462 5566 585 5622 qua:
612 5553 844 5621 videtur,
875 5552 969 5610 sed
992 5568 1114 5625 quas
1137 5568 1246 5611 non
1271 5553 1509 5621 videtur,
1544 5568 1610 5610 ac
1640 5570 1740 5626 per
1767 5555 1870 5613 hoc

282 5651 567 5711 sperantes
593 5645 835 5715 praemiis
864 5645 1141 5705 reﬁciendi
1162 5656 1316 5715 sunt,
1356 5647 1481 5717 quia
1511 5662 1632 5717 qua;
1655 5662 1763 5703 non
1788 5647 1868 5703 vi-

281 5731 415 5788 dent
438 5743 683 5809 sperant.
716 5735 778 5794 Si
804 5749 977 5797 autem
1021 5739 1160 5811 quod
1185 5756 1289 5793 non
1314 5739 1544 5795 videmus
1570 5756 1863 5810 speramus,

278 5838 373 5897 per
392 5826 701 5896 patientiam
726 5839 1101 5901 exspectem.
1128 5830 1254 5887 Ideo
1272 5831 1406 5889 ﬁdes
1434 5848 1530 5903 per
1550 5833 1864 5902 patientiam

283 5916 511 5993 grandis
528 5926 615 5981 est
642 5920 873 5990 praemii.
902 5918 1031 5991 quia
1054 5921 1220 5992 ,quod
1243 5937 1354 5988 non
1378 5922 1549 5996 videt,
1577 5924 1770 5990 credit,
1811 5931 1866 5986 et

1970 4906 2059 4969 ille
2085 4908 2366 4965 struxerit.
2394 4908 2498 4975 Qui
2525 4917 2703 4967 autem
2751 4916 3023 4965 scrutatur
3064 4908 3255 4974 corda,
3287 4905 3385 4963 scit
3419 4905 3550 4983 quid

1968 4998 2225 5056 desideret
2256 4998 2507 5070 Spiritus,
2528 5001 2657 5073 atria
2691 4998 2979 5059 “cundum
3004 4997 3175 5056 Deum
3194 4994 3434 5070 postulat
3451 5012 3549 5068 pro

1971 5091 2187 5153 sanctis.
2220 5089 2470 5147 Ostendit
2507 5091 2755 5161 quidem,
2774 5105 2886 5148 non
2922 5097 3036 5153 tam
3073 5088 3240 5147 verba
3279 5093 3468 5149 nostra
3490 5082 3548 5161 in

1970 5185 2237 5251 oratione,
2258 5200 2418 5256 quam
2446 5200 2542 5243 cor
2565 5194 2919 5257 mentemque
2937 5179 3237 5256 pet-ptumi:
3265 5178 3549 5252 inuectum

1971 5277 2173 5348 estqui
2201 5282 2474 5333 scrutator
2500 5286 2591 5333 est
2629 5275 2818 5333 cordis
2841 5284 2903 5332 et
2933 5286 3143 5333 renum.
3175 5267 3546 5329 Scissum

1968 5370 2219 5443 quoniam
2240 5369 2573 5439 diligentibus
2601 5369 2772 5441 Deum
2806 5367 2982 5423 omnia
3003 5371 3350 5435 cooperantur
3375 5363 3549 5420 inbo-

1970 5478 2119 5521 nuat.
2160 5460 2275 5518 Hoc
2301 5461 2453 5528 dicit,
2474 5462 2611 5532 quia
2638 5461 2685 5518 si
2726 5457 2977 5531 imperite
3010 5455 3221 5527 precati
3247 5462 3401 5522 sunt,
3435 5469 3548 5531 non

1970 5552 2078 5611 illis
2118 5553 2315 5621 oberit,
2364 5554 2492 5625 quia
2533 5552 2869 5624 propositum
2908 5546 3087 5623 cordis
3131 5562 3325 5613 eorum
3367 5546 3550 5617 scisne

1968 5640 2137 5713 Deus,
2164 5661 2279 5703 non
2304 5645 2412 5702 illis
2432 5646 2668 5716 imputat
2704 5655 2826 5713 quae
2869 5639 3097 5699 adversa
3119 5637 3423 5711 postulant,
3444 5638 3545 5707 sed

1969 5739 2242 5795 eaannuit
2269 5755 2389 5810 qum
2416 5737 2590 5792 danda
2615 5742 2742 5799 sunt
2774 5750 2806 5790 a
2848 5733 2959 5791 Deo
3011 5730 3351 5794 amantibus;
3397 5729 3547 5799 unde

1967 5838 2021 5887 et
2062 5829 2321 5885 Dominus
2343 5830 2456 5883 ait:
2502 5826 2612 5882 Scit
2657 5825 2795 5879 enim
2842 5822 3003 5879 Pater
3044 5830 3209 5877 vester
3243 5818 3369 5891 quid
3409 5834 3545 5889 opus

1966 5922 2033 5979 sit
2060 5918 2198 5982 vobis
2222 5930 2501 5996 antequam
2540 5916 2728 5997 petatis
2755 5916 2819 5973 ab
2845 5932 2905 5974 eo
2933 5912 3148 5994 (Matth.
3175 5910 3296 5989 vn).
3321 5907 3422 5966 His
3448 5906 3546 5990 qui
