4108 6334
526 481 531 492 .
610 435 677 491 79
2013 433 2284 494 SEDULII
2319 433 2514 496 SCOTI

607 549 892 606 secundum
921 545 1243 618 propositum
1270 547 1437 602 vocati
1477 554 1599 603 sunt
1639 549 1828 603 sancti.
1878 546 2184 604 Secundum
2212 554 2266 615 Α
2289 551 2512 608 stinare.
2538 549 2886 609 Praescientia
2915 549 3099 624 itaque
3123 551 3358 625 gerenda
3382 554 3695 625 praeﬁcit,
3712 566 3868 631 post-

605 640 748 712 quod
776 638 1053 710 proposuit
1081 637 1290 693 salvere
1314 639 1429 693 sola
1443 639 1549 694 ﬁde
1571 654 1706 710 quos
1728 641 2046 711 praiscierat
2068 655 2189 696 cre-
2291 642 2508 697 modum
2555 644 2974 714 ~praedestinatio
3030 644 3378 700 retribuenda
3427 645 3706 702 describit.
3763 647 3866 708 Illa

603 736 836 799 dituros,
877 741 932 786 et
980 747 1117 801 quos
1164 731 1335 802 gratis
1378 733 1589 787 vocavit
1623 733 1693 788 ad
1727 732 1974 798 salutem,
2018 732 2187 788 multo

604 825 779 894 magis
806 821 1134 892 gloriﬁcabit
1162 830 1472 890 operantes.

673 917 818 982 Quos
846 913 1105 986 prwscivit
1134 924 1181 967 et
1215 915 1624 984 pra'destinavit.
1658 913 1769 971 Hos
1789 930 1926 984 quos
1967 915 2186 986 prmsci—

597 1007 677 1062 vit
729 1005 940 1061 futuros
978 1005 1202 1059 devotos
1259 1005 1381 1071 sibi,
1435 1005 1578 1074 ipsos
1610 1005 1773 1076 elegit
1814 1006 1882 1060 ad
1917 1006 2185 1075 promissa

600 1098 830 1171 praemia
859 1096 1212 1168 capessenda.
1263 1097 1400 1152 Puto
1439 1097 1582 1166 quod
1611 1098 1750 1153 sicut
1783 1114 1890 1154 non
1918 1099 1986 1153 de
2013 1098 2185 1153 omni-

601 1190 709 1246 bus
739 1188 898 1254 dixit,
929 1204 1058 1259 quos
1078 1186 1488 1252 prwdestinavit,
1515 1187 1590 1240 ita
1618 1202 1719 1242 nec
1749 1187 1813 1243 de
1841 1187 2089 1243 omnibus
2111 1187 2184 1242 di—

601 1280 704 1345 xit,
755 1295 883 1349 quos
899 1277 1179 1348 praesciuit.
1221 1276 1337 1330 Non
1371 1277 1516 1330 enim
1543 1279 1840 1333 secundum
1873 1279 2182 1348 opinionem

591 1373 740 1444 vulgi
767 1387 1107 1428 communem
1134 1370 1434 1441 putandum
1479 1376 1565 1422 est
1604 1369 1746 1423 bona
1774 1369 2026 1439 malaque
2051 1384 2183 1439 prat-

597 1465 826 1521 scivisse
847 1465 1044 1529 Deum,
1069 1461 1164 1518 sed
1188 1461 1483 1516 secundum
1509 1468 1709 1515 sancta:
1736 1459 2030 1531 Scriptura:
2051 1477 2181 1516 con-

591 1556 929 1612 suetudinem
957 1554 1300 1610 sentiendum
1329 1559 1432 1608 est.
1473 1550 1739 1607 Observet
1767 1552 1912 1606 enim
1946 1553 2038 1622 qui
2067 1563 2180 1607 stu-

589 1646 774 1701 diosus
799 1653 884 1700 est
920 1645 974 1699 in
1012 1640 1331 1712 Scripturis,
1389 1639 1562 1694 sicubi
1589 1639 1798 1695 invenit
1834 1638 2177 1709 Scripturam

586 1737 770 1792 dicere
798 1734 942 1806 quod
966 1733 1136 1788 malos
1159 1730 1457 1802 praescierit
1485 1730 1648 1795 Deus,
1678 1729 1820 1783 sicut
1849 1730 1903 1783 in
1925 1728 2179 1800 praesenti

583 1829 705 1886 loco
737 1829 806 1885 de
839 1830 985 1884 bono
1009 1825 1296 1882 manifeste
1323 1825 1456 1880 dicit
1501 1843 1513 1879 :
1565 1823 1703 1891 Quia
1729 1840 1860 1895 quos
1897 1823 2176 1896 pra’scivit,

2286 735 2548 804 praevidet
2595 737 2811 803 merita,
2859 737 2976 792 haec
3010 736 3358 806 praedestinat
3381 737 3625 806 praemia.
3661 737 3734 793 At
3765 741 3866 796 ad-

2287 839 2504 879 versum
2537 840 2631 880 eos
2659 827 2750 896 qui
2780 827 2935 882 nobis
2972 825 3277 895 hujusmodi
3311 827 3577 882 suscitant
3601 830 3864 899 quaestio-

2285 928 2384 970 nes
2418 916 2583 970 etiam
2619 917 2724 972 hoc
2749 932 3034 986 possumus
3063 918 3244 972 dicere
3275 933 3288 970 :
3315 915 3374 971 Si
3393 932 3530 986 quos
3556 919 3858 986 praescivit,

2285 1005 2404 1061 illos
2437 1013 2493 1060 et
2517 1008 2921 1077 praedestinavit
2947 1026 2961 1063 :
2989 1023 3097 1064 non
3127 1015 3308 1062 autem
3363 1023 3552 1063 omnes
3579 1010 3864 1079 praedesti-

2284 1101 2451 1166 navit,
2502 1116 2630 1171 ergo
2661 1117 2768 1157 non
2807 1117 2993 1158 omnes
3026 1102 3312 1172 praescivit,
3355 1110 3412 1157 et
3448 1103 3743 1158 secundum
3765 1119 3863 1160 eos

2282 1204 2442 1250 erunt
2460 1196 2639 1266 aliqua
2669 1213 2790 1268 quae
2831 1197 3043 1269 ignorat
3071 1197 3246 1261 Deus.
3283 1195 3340 1252 Si
3364 1212 3494 1252 vero
3520 1214 3861 1268 praenoscere

2283 1287 2576 1340 secundum
2601 1288 2704 1342 hoc
2734 1288 3030 1358 accipiatur
3057 1288 3201 1356 quod
3230 1285 3604 1358 praediximus,
3643 1289 3748 1345 hoc
3777 1298 3863 1346 est

2282 1376 2340 1431 in
2376 1376 2626 1433 affectum
2667 1380 2930 1449 recipere.
2973 1379 3186 1448 sibique
3228 1379 3458 1444 sociare,
3503 1394 3691 1434 verum
3729 1381 3860 1447 erit,

2281 1469 2423 1538 quod
2446 1469 2588 1524 sicut
2619 1484 2728 1524 non
2757 1484 2945 1524 omnes
2971 1469 3391 1540 praedestinavit,
3448 1477 3523 1524 tta
3548 1486 3724 1541 neque
3742 1487 3865 1526 om-

2279 1575 2377 1615 nes
2407 1561 2770 1630 prtecognovit
2800 1578 2813 1614 :
2850 1561 2929 1616 sic
2966 1561 3112 1616 enim
3138 1569 3192 1615 et
3228 1558 3388 1616 Jesus
3411 1561 3609 1616 dicitur
3627 1577 3738 1618 non
3759 1579 3859 1619 eo-

2279 1637 2529 1722 gnovisse
2555 1661 2855 1722 peccatum,
2900 1654 3005 1709 hoc
3047 1661 3150 1720 est,
3205 1653 3298 1722 qui
3329 1654 3588 1709 nescierit
3629 1656 3864 1711 homici-

2282 1742 2450 1808 dium,
2481 1743 2565 1798 vel
2614 1743 2960 1810 adulterium,
3010 1753 3067 1799 et
3094 1745 3180 1800 his
3205 1743 3423 1798 similia.
3452 1745 3535 1798 An
3562 1761 3738 1816 neque
3757 1748 3862 1802 ad-

2280 1833 2437 1889 hzesit
2486 1835 2537 1890 ei
2570 1843 2871 1905 peccatum,
2925 1832 3067 1891 sicut
3105 1836 3366 1906 scriptum
3400 1844 3486 1891 est
3517 1853 3530 1890 :
3557 1835 3661 1902 Qui
3684 1847 3863 1892 servat

583 1917 970 1989 prwdestinavit
994 1916 1288 1986 conformes
1325 1915 1570 1986 imaginis
1597 1913 1728 1969 Filii
1751 1914 1868 1979 Dei,
1930 1915 1998 1970 de
2018 1915 2176 1969 bonis
2203 1900 2251 1960 B
2278 1900 2607 1991 mandatum,
2649 1941 2752 1979 non
2775 1934 3045 1996 cognoscet
3089 1900 3299 1981 verbum
3337 1926 3556 1992 malum,
3581 1900 3710 1983 ﬁhoc
3747 1937 3863 1997 est,

585 2018 798 2066 tantum
822 2011 926 2067 dici
952 2028 967 2075 ;
1000 2018 1227 2066 caeteros
1254 2024 1385 2064 vero
1424 2023 1533 2062 non
1561 2007 1844 2078 praescire,
1877 2007 1972 2061 sed
1997 2006 2170 2061 nesci-

581 2117 644 2157 re
687 2103 884 2158 dicitur
928 2102 1112 2158 Deus:
1149 2102 1310 2156 Novit
1355 2103 1496 2154 enim
1542 2099 1684 2152 Deus
1731 2100 1822 2169 qui
1858 2107 1981 2152 sunt
2028 2099 2167 2168 ejus.

578 2193 661 2248 Ad
681 2207 774 2248 eos
805 2200 985 2247 autem
1015 2193 1108 2262 qui
1128 2206 1238 2246 non
1269 2198 1396 2245 sunt
1423 2190 1567 2260 digni
1592 2198 1654 2244 ut
1687 2190 1938 2244 sciantur
1963 2204 1999 2266 μ
2033 2189 2166 2254 Deo.

579 2279 832 2337 Salvator
860 2283 995 2336 dicit
1030 2299 1044 2336 :
1075 2280 1342 2335 Discedite
1365 2298 1398 2335 a
1415 2297 1517 2345 me,
1542 2281 1668 2352 quia
1693 2297 1965 2352 nunquam
1985 2299 2172 2353 cogno-

576 2373 628 2427 vi
655 2389 762 2437 vos,
805 2370 1034 2442 operarii
1079 2371 1376 2441 iniquitatis
1419 2368 1637 2442 (Matth.
1686 2371 1807 2442 vn).
1855 2370 1976 2426 Non
2023 2371 2169 2441 quod

581 2462 790 2531 aliquid
823 2469 1006 2532 potest
1026 2460 1175 2514 illam
1201 2469 1472 2525 naturam,
1527 2476 1646 2530 quae
1671 2461 1870 2532 ubique
1893 2470 1996 2529 est,
2045 2462 2170 2517 sub-

578 2551 882 2624 terfugere,
905 2552 1002 2608 sed
1040 2552 1167 2622 quia
1195 2565 1359 2607 omne
1388 2553 1533 2620 quod
1560 2553 1762 2608 malum
1785 2562 1889 2620 est,
1941 2553 2169 2609 scientia

575 2641 698 2712 ejus
732 2643 818 2698 vel
864 2643 1152 2714 praesentia
1177 2642 1411 2697 habetur
1439 2643 1742 2715 indignum.
1796 2644 2068 2700 Fortassis
2101 2643 2170 2699 ab

577 2735 804 2789 attentis
835 2733 1130 2789 lectoribus
1161 2735 1325 2788 etiam
1359 2735 1466 2804 hoc
1491 2735 1696 2803 requiri
1741 2735 2033 2802 videbitur,
2062 2753 2164 2792 cur

577 2843 693 2884 non
725 2827 925 2884 dixerit
949 2826 1259 2884 conformes
1279 2827 1397 2894 ﬁlii,
1441 2827 1537 2882 sed
1563 2827 1861 2896 conformes
1894 2830 2163 2900 imaginis.

577 2918 652 2974 Et
692 2919 950 2990 quamvis
977 2919 1208 2974 arduum
1247 2920 1352 2975 hoc
1375 2919 1591 2974 videtur
1611 2927 1665 2973 et
1694 2917 1931 2987 difﬁcile,
1983 2931 2166 2978 tamen

576 3010 702 3065 vide
736 3010 781 3064 si
804 3025 1091 3079 possumus
1123 3009 1255 3064 illud
1275 3009 1456 3064 dicere
1485 3029 1498 3064 :
1533 3011 1668 3078 Quia
1693 3013 1941 3082 specialis
1963 3023 2018 3069 et
2044 3030 2169 3086 pro-

574 3101 699 3172 pria
719 3101 918 3172 imago,
951 3117 1071 3172 qua:
1095 3116 1217 3156 eam
1238 3109 1408 3157 totam
1426 3110 1590 3172 atque
1603 3103 1894 3176 exintegro
1921 3108 2165 3178 suscipit,

581 3201 641 3249 et
666 3194 723 3248 in
748 3195 1043 3264 semetipsa
1070 3193 1418 3260 formabitur,
1443 3195 1556 3264 ipsa
1576 3194 1702 3250 Jesu
1732 3198 1913 3252 anima
1936 3198 2163 3254 dicenda

2271 2025 2380 2066 non
2393 2013 2619 2083 recipiet
2638 2015 2861 2070 verbum
2882 2015 3102 2070 malum.
3138 2015 3262 2070 Illos
3291 2016 3510 2070 vocavit.
3545 2014 3750 2074 Vocare
3772 2027 3862 2075 est

2272 2103 2604 2172 cogitantem
2637 2105 2704 2159 de
2743 2104 2849 2160 ﬁde
2883 2104 3160 2174 adjuvare,
3201 2113 3295 2160 aut
3335 2119 3698 2179 compungere
3729 2123 3858 2166 eum

2271 2209 2433 2265 quem
2461 2198 2599 2252 sciat
2637 2197 2912 2267 adjuvare.

2343 2288 2485 2353 Quid
2522 2307 2643 2360 ergo
2693 2291 2926 2346 dicemus
2965 2307 3034 2347 aa
3090 2294 3202 2348 hwc
3229 2294 3255 2348 ?
3301 2292 3415 2349 Hoc
3453 2302 3539 2350 est
3589 2294 3860 2352 beneﬁcia

2273 2395 2394 2450 quae
2415 2382 2670 2451 praedicta
2697 2391 2840 2437 sunt.
2863 2382 3007 2439 Deus
3033 2384 3302 2454 quomodo
3323 2400 3422 2454 pro
3448 2384 3602 2441 nobis
3623 2386 3713 2452 sit,
3739 2403 3860 2443 ma-

2272 2473 2531 2529 nifestum
2560 2481 2733 2529 estex
2757 2475 2842 2530 bis
2871 2491 2990 2545 quae
3011 2492 3172 2546 supra
3201 2477 3468 2548 exposuit,
3499 2476 3555 2532 id
3575 2486 3677 2546 est,
3708 2481 3860 2550 quod

2271 2564 2494 2633 spiritus
2523 2566 2618 2620 Dei
2646 2565 2856 2621 habitat
2898 2568 2954 2621 in
2984 2568 3162 2634 nobis,
3207 2577 3262 2623 et
3283 2569 3424 2638 quod
3451 2570 3675 2638 spiritus
3694 2569 3862 2626 Chri-

2271 2653 2364 2720 sti,
2405 2653 2486 2707 vel
2531 2654 2803 2722 Christus,
2858 2656 2910 2711 in
2942 2659 3099 2712 nobis
3142 2667 3245 2723 est,
3296 2661 3439 2729 quod
3474 2661 3690 2731 spiritus
3735 2661 3861 2732 ejus

2269 2745 2359 2814 qui
2406 2745 2671 2800 suscitavit
2716 2745 2981 2802 Christum
3011 2766 3044 2803 a
3086 2750 3303 2804 mortuis
3341 2751 3541 2805 habitat
3577 2753 3633 2806 in
3681 2753 3858 2810 nobis.

2271 2836 2370 2892 Vel
2413 2837 2604 2906 spiritu
2639 2837 2734 2893 Dei
2765 2840 2993 2910 agimur.
3027 2841 3124 2898 Vel
3166 2842 3309 2911 quod
3334 2843 3576 2912 spiritum
3609 2844 3861 2914 adoptio-

2272 2927 2353 2980 nis
2392 2929 2706 2998 accepimus.
2753 2929 2848 2984 Vel
2882 2930 3025 3000 quod
3055 2948 3235 2986 sumus
3277 2931 3373 2985 ﬁlii
3418 2932 3515 2986 Dei
3546 2944 3593 2988 et
3620 2934 3862 2992 hazredes

2270 3029 2319 3073 et
2349 3021 2640 3075 cohwredes
2671 3019 2908 3089 Christi;
2958 3023 3041 3079 vel
3075 3025 3341 3094 primitias
3380 3028 3604 3097 spiritus
3642 3032 3864 3101 accepi-

2270 3129 2426 3180 mus;
2458 3114 2543 3169 vel
2584 3116 2728 3184 quod
2757 3117 2913 3170 nobis
2937 3117 3122 3172 omnia
3151 3129 3511 3190 cooperantur
3555 3121 3611 3177 in
3650 3121 3861 3180 bonum

2270 3203 2618 3274 diligentibus
2638 3205 2807 3260 Deum
2841 3224 2853 3259 :
2887 3206 2973 3261 vel
3019 3207 3161 3278 quod
3211 3209 3496 3264 secundum
3531 3214 3863 3284 propositum

575 3293 680 3350 est,
711 3300 831 3355 quae
876 3300 1094 3356 semper
1120 3286 1306 3340 omnia
1336 3287 1505 3342 verbo
1533 3302 1599 3342 ac
1622 3289 1899 3356 sapientiae
1948 3289 2044 3344 Dei
2091 3291 2166 3345 ita
2194 3269 2238 3334 C
2269 3269 2439 3347 vocati
2479 3305 2619 3362 sunt,
2657 3304 2712 3351 et
2738 3269 3073 3369 prmcogniti,
3109 3307 3165 3354 ct
3202 3269 3593 3372 praedestina'ti,
3627 3269 3692 3360 ἐι
3727 3321 3865 3362 san-

576 3386 816 3449 coaptat,
879 3387 942 3434 ut
979 3379 1127 3434 nullo
1156 3395 1384 3450 prorsus
1413 3382 1483 3436 ab
1503 3381 1665 3453 hujus
1695 3383 2049 3440 similitudine
2070 3386 2168 3441 de-
2271 3383 2521 3451 ctiﬁcati,
2577 3394 2631 3441 et
2653 3386 2960 3458 gloriﬁcati.
3014 3389 3218 3446 Horum
3264 3395 3508 3449 omnium
3530 3398 3863 3453 memoriam

575 3468 728 3524 color
777 3469 1042 3524 habeatur
1073 3471 1185 3524 :ita
1219 3479 1280 3525 ut
1311 3471 1619 3542 quicunque
1666 3489 1934 3528 summam
1981 3477 2169 3546 perfe-
2269 3477 2496 3544 faciens,
2525 3487 2579 3534 et
2608 3481 2767 3535 simul
2794 3483 2976 3537 omnia
3007 3492 3258 3554 repetens
3290 3487 3404 3542 ait:
3447 3487 3588 3554 Quid
3619 3506 3740 3560 ergo
3769 3491 3866 3544 di-

573 3559 776 3615 ctionis
806 3575 870 3614 ac
897 3560 1251 3616 beatitudinis
1294 3571 1659 3632 consectatur,
1690 3566 1756 3620 ad
1795 3566 1943 3623 illius
1973 3569 2169 3642 imagi-
2270 3585 2444 3624 cemus
2480 3571 2554 3624 ad
2576 3571 2728 3627 hwc?
2766 3574 2870 3628 hoc
2918 3582 3002 3630 est
3048 3577 3117 3630 ad
3162 3575 3278 3632 haec
3307 3580 3488 3633 omnia
3524 3596 3644 3650 quae
3682 3559 3863 3652 supra

572 3665 703 3706 nem
740 3664 805 3704 ac
839 3650 1250 3706 similitudinem
1280 3653 1488 3717 tendat,
1517 3668 1636 3722 quae
1661 3656 1836 3726 primo
1862 3657 1980 3714 loco
2003 3668 2058 3714 et
2083 3675 2173 3715 su-
2270 3660 2522 3726 diximus,
2573 3663 2702 3732 quia
2744 3664 2791 3718 si
2830 3665 2910 3720 sic
2937 3665 3082 3722 Deus
3109 3683 3208 3738 pro
3238 3668 3394 3725 nobis
3413 3680 3499 3726 est
3527 3682 3586 3726 ut
3611 3675 3725 3728 haec
3757 3650 3866 3729 no-

570 3753 674 3811 per
727 3754 918 3795 omnes
965 3748 1193 3796 caeteros
1241 3741 1367 3795 Filii
1405 3742 1500 3797 Dei
1528 3743 1706 3816 imago
1738 3755 1864 3802 est:
1904 3748 1980 3804 ita
2008 3758 2069 3805 ut
2098 3750 2168 3805 sit
2266 3751 2353 3808 bis
2378 3763 2569 3810 cuncta
2596 3759 2950 3826 concesserit,
2999 3760 3120 3830 quis
3149 3777 3270 3817 esse
3297 3763 3586 3819 adversum
3627 3781 3727 3820 nos
3756 3780 3866 3836 po-

570 3828 694 3898 ipse
728 3829 1124 3898 primogenitus
1162 3830 1219 3883 in
1244 3831 1430 3887 multis
1454 3832 1733 3903 fratribus,
1783 3839 1835 3892 in
1868 3840 1954 3915 his
1979 3842 2168 3898 videli—

575 3927 666 3975 cet
693 3935 923 3990 quorum
952 3919 1381 3979 conformatione
1413 3926 1664 3998 imaginis
1696 3930 1819 3985 Filii
1843 3933 1938 3986 Dei
1963 3935 2165 4003 prima-

575 4019 694 4067 tum
723 4019 891 4068 tenet.
939 4013 1151 4070 Similes
1178 4016 1225 4070 ei
1247 4018 1462 4084 erimus,
1508 4020 1562 4075 id
1585 4030 1688 4086 est,
1742 4022 1873 4088 Deo,
1914 4027 2009 4080 sed
2038 4035 2161 4082 tan-

573 4107 856 4162 tummodo
895 4106 1053 4174 Filio,
1091 4109 1181 4178 qui
1210 4110 1358 4166 solus
1381 4112 1436 4166 in
1486 4112 1753 4169 Trinitate
1784 4130 1984 4187 corpus
2009 4133 2163 4173 acce-

578 4196 685 4267 pit,
726 4197 779 4250 in
809 4212 917 4266 quo
944 4205 1191 4254 mortuus
1215 4199 1412 4266 fuerat,
1464 4211 1521 4256 ct
1555 4205 1872 4270 resurrexit,
1905 4215 2067 4276 atque
2097 4210 2162 4265 ad

575 4300 829 4356 suprema
859 4289 1127 4358 provexit.
1184 4290 1250 4344 Et
1281 4291 1334 4344 in
1378 4291 1482 4346 ista
1517 4302 1672 4363 parte
1716 4295 1893 4367 imago
1914 4295 2036 4353 Filii
2067 4298 2163 4355 Dei

575 4374 709 4430 facti
739 4392 947 4443 sumus,
994 4379 1119 4448 quia
1144 4380 1286 4435 sicut
1306 4380 1393 4435 ille
1415 4383 1596 4450 habet,
1632 4385 1710 4440 sic
1748 4394 1803 4442 et
1827 4402 1925 4442 nos
1948 4390 2164 4446 confor-

573 4483 696 4522 mes
725 4469 854 4524 facti
875 4471 1182 4525 immortale
1216 4473 1537 4529 habebimus
1580 4491 1797 4548 corpus,
1844 4495 1952 4536 non
1986 4481 2162 4537 Patris

569 4557 830 4628 imaginis
868 4575 931 4615 ac
959 4560 1196 4631 Spiritus
1223 4565 1417 4619 sancti.

649 4624 716 4701 Ut
754 4649 821 4701 sit
855 4624 1229 4721 primogenitus
1246 4655 1300 4706 in
1331 4653 1510 4710 multis
1539 4656 1816 4726 fratribus.
1853 4656 2021 4713 Recte
2052 4661 2160 4727 pri-
2184 4624 2239 4684 Β

571 4741 885 4810 mogenitus,
939 4744 1031 4811 qui
1061 4754 1186 4799 ante
1221 4754 1528 4800 creaturam
1557 4763 1663 4801 non
1696 4746 1893 4814 factus,
1938 4749 2035 4804 sed
2058 4765 2157 4804 na-

572 4839 665 4888 tus
690 4841 791 4889 est.
835 4833 930 4890 Est
965 4844 1021 4889 et
1047 4837 1442 4907 primogenitus
1472 4837 1527 4891 in
1563 4840 1973 4909 regeneratione
2001 4841 2161 4911 spiris

2269 3846 2437 3901 terit?
2468 3847 2586 3903 Non
2625 3851 2767 3919 quod
2815 3852 3037 3906 omnino
3077 3855 3346 3909 neminem
3393 3857 3551 3912 nobis
3573 3857 3722 3913 dicat
3753 3859 3867 3913 ad-

2266 3951 2505 4004 versum,
2535 3940 2770 4010 alioquin
2793 3945 3062 4011 quomodo
3085 3945 3250 3998 stabit
3289 3949 3432 4014 quod
3458 3949 3660 4004 dictum
3686 3969 3717 4006 a
3750 3952 3866 4009 Pe-

2266 4033 2354 4080 tro
2397 4045 2409 4080 :
2451 4029 2794 4084 Adversarius
2840 4042 3003 4085 vester
3059 4033 3298 4088 diabolus
3342 4037 3475 4090 sicut
3516 4037 3594 4091 leo
3636 4045 3864 4111 rugiens

2266 4115 2469 4183 circuit,
2517 4136 2754 4189 quaerens
2781 4137 2931 4191 quem
2958 4125 3390 4198 transdevoret(I
3443 4125 3559 4182 Pet.
3604 4129 3680 4204 v).
3739 4133 3860 4192 Sed

2265 4207 2368 4261 hoc
2396 4218 2480 4264 est
2514 4212 2657 4280 quod
2684 4213 2944 4278 ostendit,
2993 4214 3141 4282 quia,
3174 4213 3286 4272 Deo
3318 4229 3511 4289 agente
3539 4237 3640 4292 pro
3665 4226 3856 4293 nobis,

2264 4305 2682 4373 contemptibilis
2707 4313 2762 4359 et
2791 4306 2970 4362 nullus
3006 4307 3236 4364 efﬁcitur
3271 4312 3616 4370 adversarius
3639 4326 3848 4386 vester,

2265 4391 2478 4448 dicente
2504 4393 2713 4449 David:
2749 4397 3006 4458 Dominus
3053 4401 3373 4457 illuminatio
3418 4422 3555 4472 mea,
3601 4417 3650 4461 et
3693 4409 3851 4465 salus

2263 4499 2419 4537 mea:
2446 4502 2596 4554 quem
2619 4488 2844 4543 timebo?
2874 4491 3045 4564 (Psal.
3076 4494 3250 4567 xxvr.)
3296 4494 3399 4561 Qui
3446 4499 3602 4551 etiam
3629 4502 3848 4569 proprio

2265 4571 2407 4627 Filio
2457 4593 2551 4630 suo
2576 4595 2676 4632 non
2695 4586 2939 4652 pepercit,
2984 4586 3074 4641 sed
3117 4605 3213 4658 pro
3248 4589 3395 4644 nobis
3417 4593 3652 4647 omnibus
3672 4595 3848 4648 tradi-

2263 4665 2337 4717 dit
2380 4665 2551 4721 illum.
2578 4669 2682 4726 Pro
2710 4676 2962 4733 omnibus
3007 4694 3137 4750 ergo
3173 4681 3393 4736 tradidit
3419 4698 3567 4752 eum,
3618 4701 3725 4740 non
3754 4702 3846 4742 so-

2260 4753 2371 4807 lum
2415 4771 2514 4825 pro
2568 4763 2790 4829 sanctis,
2840 4782 2946 4821 non
2985 4769 3156 4823 solum
3187 4785 3285 4839 pro
3326 4773 3554 4843 magnis,
3606 4775 3701 4830 sed
3739 4790 3842 4846 pro

2259 4845 2498 4903 minimis
2521 4854 2765 4921 omnino,
2795 4859 2886 4927 qui
2918 4868 3043 4914 sunt
3071 4861 3127 4915 in
3158 4861 3421 4919 Ecclesia.
3465 4864 3710 4922 Tradidit
3741 4845 3841 4924 iFi-

576 4932 692 4993 tus;
726 4935 810 4982 est
836 4929 1229 4998 primogenitus
1258 4944 1326 4983 ex
1353 4930 1600 4994 mortuis,
1626 4929 1779 4998 cujus
1804 4942 1996 4987 natura
2020 4936 2160 4991 mori
2256 4937 2386 4994 lium
2411 4944 2685 5013 proprium
2715 4947 2894 5016 Pater,
2936 4961 2988 5006 et
3019 4951 3137 5008 ideo
3172 4955 3383 5011 etiamsi
3431 4957 3702 5014 minorum
3737 4960 3841 5016 ali-

573 5014 787 5089 ignorat
812 5038 827 5074 :
855 5028 939 5074 est
963 5019 1374 5090 primogenitus,
1403 5029 1528 5090 post
1548 5021 1832 5078 victoriam
1858 5027 2157 5083 ascendens
2257 5047 2416 5102 quem
2444 5043 2498 5088 et
2523 5035 2861 5093 infirmorum
2892 5040 3050 5098 laedat
3079 5045 3200 5114 quis
3221 5046 3532 5116 percutiens
3559 5047 3834 5104 inﬁrmam

571 5106 630 5162 in
659 5111 857 5176 oculos;
895 5110 1286 5180 primogenitus
1319 5110 1484 5181 igitur
1507 5112 1561 5165 in
1593 5115 1842 5171 omnibus
1869 5114 2037 5173 frater
2062 5134 2157 5206 no-
2258 5124 2668 5192 conscientiam,
2722 5129 2776 5182 in
2832 5106 3114 5189 Christum
3145 5106 3371 5206 peccare
3430 5138 3650 5204 dicitur,
3699 5155 3838 5209 quo-

570 5207 687 5253 ster
704 5197 926 5268 dicitur,
951 5202 1206 5271 quoniam
1231 5202 1394 5256 homo
1423 5202 1674 5273 dignatus
1701 5215 1784 5262 est
1825 5211 2009 5277 nasci;
2051 5199 2157 5267 Do-
2256 5211 2403 5266 niam
2453 5216 2668 5284 quidem
2697 5222 3030 5280 scandalizet
3057 5197 3293 5282 animam
3332 5243 3432 5298 pro
3453 5245 3557 5300 qua
3583 5197 3835 5291 Christus

568 5286 749 5342 minus
796 5304 947 5356 vero,
991 5290 1116 5358 quia
1156 5289 1417 5346 Dominus
1444 5301 1630 5348 noster
1658 5305 1759 5350 est.

641 5375 785 5442 Quos
831 5388 1005 5432 autem
1057 5380 1469 5450 praedestinavit,
1524 5385 1619 5440 hos
1658 5397 1706 5441 et
1746 5389 1966 5443 vocavit.
2006 5388 2152 5457 Quos

563 5467 838 5539 prtescivit
889 5470 1215 5538 credituros,
1263 5472 1362 5528 bos
1411 5477 1644 5532 vocavit.
1699 5478 1924 5535 Vocatio
1969 5491 2148 5536 autem

562 5559 812 5616 volentes
845 5561 1067 5634 colligit.
1119 5565 1262 5638 Ergo
1301 5577 1567 5624 vocantur
1591 5586 1690 5641 per
1713 5573 2147 5642 praedicationem

562 5656 625 5738 ut
651 5649 876 5738 credant
905 5670 919 5719 ;
951 5656 1234 5712 credentes
1260 5659 1632 5728 justiﬁcantur
1669 5683 1768 5738 per
1793 5669 2145 5738 baptismum,

561 5737 936 5810 gloriﬁcantur
966 5745 1018 5800 in
1048 5748 1336 5808 virtutibus
1377 5737 1698 5824 gratiarum,
1744 5757 1856 5813 sive
1872 5737 1936 5811 in
1968 5774 2148 5812 resur-

560 5829 806 5888 rectione
850 5832 1049 5894 futura.
1098 5839 1259 5898 Aliud
1300 5852 1386 5899 est
1415 5845 1692 5917 praescire,
1741 5845 1887 5901 aliud
1936 5846 2147 5928 praede:
2179 5918 2240 5928 __

2254 5311 2500 5358 mortuus
2527 5315 2628 5360 est.
2695 5308 2967 5374 Quomodo
3005 5331 3107 5367 non
3151 5331 3244 5384 per
3267 5315 3419 5371 illum
3467 5321 3644 5373 omnia
3681 5321 3833 5379 nobis

2255 5392 2513 5448 donavit?
2564 5395 2703 5463 Quid
2753 5411 2927 5470 potest
2964 5403 3162 5458 habere
3203 5406 3422 5463 cbarius
3477 5410 3623 5479 quod
3671 5411 3832 5469 nobis

2257 5494 2433 5556 neget,
2479 5489 2569 5556 qui
2597 5488 2790 5544 Filium
2821 5507 2974 5545 suum
3019 5509 3126 5548 non
3152 5498 3403 5568 negavit?
3449 5499 3580 5566 Quis
3610 5519 3831 5558 accusa-

2256 5572 2327 5626 bit
2373 5575 2620 5632 adversus
2653 5578 2837 5633 electos
2878 5579 3024 5635 Dei?
3059 5581 3222 5638 Multa
3273 5596 3399 5642 sunt
3426 5589 3482 5644 in
3533 5589 3829 5662 Scripturis

2251 5681 2372 5734 quae
2407 5667 2510 5722 nisi
2546 5670 2764 5738 proprio
2803 5671 2960 5726 modo
2985 5676 3354 5745 enuntientur,
3396 5680 3451 5734 in
3493 5683 3825 5738 contrariam

2250 5759 2510 5813 recedunt
2547 5759 2893 5827 sententiam,
2924 5763 3082 5818 sicuti
3127 5776 3210 5820 est
3235 5785 3247 5820 :
3276 5767 3406 5833 Quis
3433 5772 3701 5826 accusabit
3729 5774 3826 5825 ad-

2249 5862 2430 5938 versus
2451 5845 2636 5934 electos
2650 5846 2755 5930 Dei
2778 5848 2802 5901 ?
2829 5847 2993 5942 Deus,
3014 5854 3103 5932 qui
3114 5852 3398 5928 justiﬁcat.
3423 5856 3576 5934 Quod
3598 5857 3642 5914 si
3663 5858 3836 5938 quasi,
