4108 6334
289 459 354 518 at
1375 457 1701 516 COLLECT.
1740 457 1810 515 IN
1847 458 2063 541 ειδιεττ
2099 461 2192 520 ΑΙ)
2228 463 2394 522 nou.
3451 484 3524 539 32

285 562 658 622 conﬁrmative
705 565 986 622 observato
1025 580 1221 639 genere
1259 566 1713 637 pronuntiationis
1738 581 1848 620 suae
1871 567 1927 629 Α
1949 569 2136 638 tiatur,
2175 589 2275 632 nec
2303 578 2346 634 si
2381 579 2434 633 in
2469 583 2720 649 praesenti
2749 583 3007 640 honorem
3035 586 3295 655 conferat,
3336 608 3438 648 nec
3475 597 3523 652 si

286 656 520 720 dicatur,
562 671 756 729 magna
802 659 1132 728 perversitas
1180 659 1371 714 oritur.
1421 657 1510 712 Sic
1553 673 1681 728 ergo
1725 672 1850 726 pro-

285 746 640 803 nuntiandum
662 756 747 802 est
768 763 833 802 ac
859 749 905 804 si
934 750 1140 806 diceret
1165 792 1177 804 .
1211 750 1420 806 Deusne
1447 758 1551 815 est,
1575 758 1629 805 et
1650 749 1850 804 subau-

284 840 451 908 ditur,
495 857 600 896 non
642 843 847 911 utique,
904 843 997 898 sed
1021 843 1303 912 justiﬁcat.
1356 845 1502 911 Quos
1538 857 1666 913 ergo
1709 842 1850 896 Deus

281 928 445 1000 elegit
481 931 785 996 credentes,
841 948 903 987 ac
941 934 1108 1004 signis
1144 941 1201 987 et
1251 930 1734 1000 virtutibusjustos
1762 945 1852 986 os-

282 1019 475 1086 tendit,
529 1022 650 1090 quis
679 1022 746 1078 de
779 1024 1022 1092 pristinis
1059 1023 1276 1078 audebit
1319 1023 1848 1080 accusaredelictis?

278 1113 368 1166 vel
412 1129 512 1183 pro
537 1124 849 1187 contemptu
881 1117 1130 1188 legalium
1174 1115 1584 1171 mandatorum?
1622 1115 1850 1170 Videtur

277 1203 413 1257 mihi
453 1205 593 1274 quod
616 1207 690 1259 ait
722 1224 735 1260 :
767 1207 896 1272 Quis
925 1207 1188 1262 accusabit
1227 1207 1474 1261 adversus
1496 1207 1682 1260 electos
1704 1206 1801 1260 Dei
1823 1208 1848 1260 ?

223 1337 244 1356 .
276 1293 346 1348 de
375 1294 586 1351 diabolo
624 1297 839 1353 dicere:
867 1298 1046 1353 nullus
1080 1299 1226 1354 enim
1274 1298 1498 1363 electus,
1529 1306 1585 1352 et
1631 1298 1704 1352 ita
1739 1313 1848 1352 ma-

274 1398 432 1453 gnus,
484 1401 642 1454 quem
678 1387 766 1442 ille
816 1403 921 1442 non
969 1388 1166 1443 audeat
1214 1403 1491 1454 accusare,
1532 1387 1636 1445 nisi
1693 1389 1845 1443 illum

274 1475 448 1531 solum
471 1479 561 1547 qui
590 1487 870 1548 peccatum
900 1496 1006 1535 non
1038 1479 1184 1547 fecit,
1205 1481 1294 1550 qui
1325 1489 1381 1535 et
1401 1480 1616 1537 dicebat
1645 1500 1658 1535 :
1687 1481 1844 1536 Nunc

271 1569 410 1621 venit
449 1570 684 1641 princeps
720 1571 922 1635 mundi,
966 1581 1014 1624 et
1054 1573 1111 1625 in
1139 1587 1222 1626 me
1257 1570 1388 1626 nihil
1416 1572 1607 1626 invenit
1651 1571 1838 1643 (Joan.

271 1657 395 1728 xu).
456 1659 560 1714 Sed
603 1661 914 1731 diligentius
963 1663 1170 1717 intuere
1208 1663 1351 1732 quod
1393 1677 1501 1717 non
1531 1662 1669 1716 dixit
1696 1662 1840 1732 Apo-

275 1750 450 1808 stolus
482 1769 494 1804 :
525 1750 654 1818 Quis
702 1754 968 1808 accusabit
998 1755 1271 1809 adversum
1314 1763 1551 1820 vocatos,
1608 1755 1703 1810 sed
1747 1755 1843 1809 ad-

272 1857 477 1896 versum
497 1842 713 1910 electos;
768 1845 873 1900 nisi
903 1846 1047 1901 enim
1073 1846 1238 1901 fueris
1281 1847 1507 1910 electus,
1559 1847 1691 1901 etin
1728 1862 1843 1902 om-

1957 665 2273 734 polliceatnr
2306 670 2528 740 gloriam
2585 673 2909 742 futurorum,
2975 693 3150 748 neque
3197 681 3241 736 si
3293 683 3524 742 virtutes

1956 768 2250 827 operetur,
2299 779 2400 819 nec
2443 765 2487 819 si
2539 766 2733 821 coelum
2788 769 3087 838 promittat,
3141 780 3197 826 et
3241 774 3295 828 in
3349 775 3520 832 infer-

1956 866 2026 906 no
2065 853 2392 923 deterreat,
2463 859 2549 914 vel
2606 860 3021 931 profunditatem
3076 864 3313 922 scientiae
3390 885 3519 924 sua-

1955 941 2083 997 dere
2112 939 2364 1011 conetur,
2413 966 2649 1021 unquam
2688 968 2784 1008 nos
2810 955 3009 1024 poterit
3035 970 3065 1010 a
3094 955 3293 1014 Christi
3340 977 3519 1018 secer-

1955 1047 2084 1088 nere
2123 1036 2408 1094 charitate.
3286 1060 3288 1062 ν

2027 1123 2209 1195 Neque
2232 1139 2474 1185 creatura
2505 1136 2631 1191 alia.
2675 1137 2900 1198 Omnem
2935 1161 3071 1215 pene
3093 1155 3401 1200 creaturam
3421 1160 3519 1200 no-

1952 1213 2198 1280 minavit,
2249 1227 2304 1272 et
2353 1236 2458 1276 non
2494 1222 2596 1278 fuit
2626 1227 2716 1283 hic
2755 1213 3060 1302 contentus,
3120 1236 3224 1292 nisi
3257 1237 3514 1290 adderet:

1955 1307 2116 1361 etiam
2168 1309 2213 1364 si
2249 1311 2318 1365 sit
2346 1313 2447 1368 alia
2486 1327 2755 1387 creatura,
2784 1311 2881 1379 nec
2908 1327 3024 1397 ipsa
3059 1328 3259 1397 poterit
3304 1341 3521 1396 separa-

1953 1411 2030 1451 re.
2086 1397 2353 1456 Nimirum
2385 1405 2726 1476 hyperbolice
2755 1414 2856 1470 hoc
2886 1416 3018 1472 dicit
3059 1416 3370 1489 Apostolus,
3418 1419 3522 1472 hoc

1951 1494 2051 1554 est,
2092 1505 2198 1545 non
2245 1493 2412 1550 solum
2459 1513 2557 1566 per
2585 1517 2647 1555 ea
2671 1518 2791 1572 quae
2829 1508 3076 1563 accidere
3129 1518 3375 1580 possunt,
3428 1509 3524 1564 sed

1951 1593 2052 1637 nec
2073 1599 2169 1653 per
2182 1600 2244 1640 ea
2268 1588 2480 1657 quidem
2503 1608 2622 1661 quae
2657 1597 2872 1653 evenire
2893 1601 3111 1656 omnino
3135 1617 3241 1656 non
3273 1607 3517 1671 possunt,

1952 1673 2056 1728 ullo
2084 1685 2242 1753 pacto
2269 1694 2300 1732 a
2328 1679 2423 1736 Dei
2451 1684 2718 1741 charitate
2748 1686 3101 1766 deﬂectemus
3120 1708 3132 1744 :
3149 1691 3303 1746 verbi
3331 1705 3516 1755 causa,

1949 1766 2088 1824 utsi
2117 1770 2219 1825 alia
2253 1773 2406 1829 nobis
2435 1776 2656 1833 daretur
2691 1780 2802 1835 vita
2848 1798 3009 1852 quam
3039 1784 3156 1839 haec
3193 1799 3309 1854 quae
3353 1800 3381 1838 a
3414 1784 3524 1838 Deo

1949 1857 2074 1913 data
2091 1869 2193 1927 est,
2219 1870 2312 1917 aut
2341 1864 2388 1919 si
2426 1865 2730 1924 futurorum
2757 1886 2881 1940 spes
2914 1871 3018 1926 alia
3051 1871 3206 1927 nobis
3242 1873 3526 1943 promitte-

269 1931 430 1987 nibus
456 1941 509 1988 te
533 1934 869 2034 probabilem
905 1936 1217 2034 exhibueris
1246 1936 1378 2000 Deo,
1418 1937 1643 2034 habebis
1690 1953 1845 2034 εαξη·
1870 1941 1919 2000 Β
1946 1959 2118 2018 retur,
2156 1953 2243 2008 vel
2270 1955 2516 2024 altitudo,
2555 1960 2639 2015 vel
2665 1931 2830 2016 etiam
2856 1971 3130 2029 creatura,
3161 1931 3280 2034 quae
3299 1979 3398 2034 pro
3426 1979 3524 2018 no-

267 2035 524 2080 satorem.
554 2025 612 2080 Si
626 2026 769 2080 enim
785 2041 951 2080 causa
967 2034 1057 2079 tua
1074 2026 1214 2080 mala
1243 2034 1344 2088 est,
1379 2027 1507 2096 quid
1530 2027 1625 2081 tibi
1651 2028 1844 2098 prode-

265 2118 344 2172 rit
387 2119 704 2182 advocatus,
731 2118 944 2173 etiamsi
978 2115 1136 2172 Jesus
1167 2118 1237 2173 sit
1283 2117 1374 2187 qui
1401 2117 1736 2186 interpellet?
1757 2118 1846 2174 Je-

265 2225 364 2266 sus
405 2213 550 2266 enim
596 2212 796 2266 veritas
837 2220 940 2276 est,
994 2227 1101 2266 non
1122 2219 1301 2281 potest
1322 2227 1454 2284 ergo
1483 2227 1580 2281 pro
1627 2214 1843 2268 teveri-

261 2313 356 2358 tas
396 2304 601 2360 fallere.
629 2305 769 2360 Deus
791 2306 880 2376 qui
895 2305 1178 2375 justiﬁcat,
1209 2305 1312 2360 hoc
1333 2305 1388 2358 in
1418 2305 1556 2360 Isaia
1581 2305 1841 2374 propheta

259 2401 372 2458 est,
414 2396 558 2464 quod
600 2395 689 2448 hic
734 2393 888 2464 quasi
929 2409 1086 2448 suum
1130 2395 1282 2463 ponit
1323 2395 1448 2464 quia
1491 2395 1712 2450 omnino
1758 2402 1842 2450 est

261 2486 424 2551 alius,
473 2487 566 2557 qui
621 2487 839 2558 quidem
868 2502 991 2542 nos
1043 2495 1254 2558 arguet,
1294 2484 1365 2542 ne
1411 2486 1551 2543 forte
1594 2503 1694 2543 nos
1725 2488 1839 2558 ipse

261 2577 408 2634 Deus
453 2590 690 2646 accuset,
733 2580 828 2636 sed
864 2595 973 2635 non
1001 2586 1182 2650 potest
1202 2593 1339 2649 quos
1375 2578 1648 2649 justifieat
1684 2593 1839 2633 accu-

262 2684 390 2726 sare
410 2670 588 2725 simul.

337 2763 490 2818 Iesus
543 2771 719 2818 autem
757 2760 998 2819 Christus
1040 2762 1131 2835 qui
1176 2773 1412 2818 mortuus
1460 2772 1556 2829 est,
1598 2764 1704 2817 imo
1742 2764 1835 2834 qui

261 2866 312 2910 et
349 2857 650 2921 resurrexit,
711 2857 800 2928 qui
841 2866 918 2912 est
966 2858 1036 2912 ad
1067 2857 1333 2912 dexteram
1374 2855 1492 2921 Dei,
1545 2857 1634 2927 qui
1672 2857 1837 2912 etiam

261 2947 560 3019 interpellat
596 2965 689 3018 pro
731 2949 896 3002 nobis.
963 2949 1033 3006 Ut
1076 2965 1200 3004 cum
1242 2949 1357 3018 ipso
1395 2949 1565 3003 simus
1594 2948 1686 3002 ubi
1719 2947 1834 3017 ipse

263 3048 368 3093 est.
411 3038 597 3094 Solent
634 3040 825 3094 Ariani
851 3055 919 3095 ex
949 3040 1398 3112 interpellatiouis
1427 3054 1591 3094 causa
1619 3052 1838 3093 movere

264 3135 614 3203 calumniam,
658 3137 903 3193 dicentes
943 3153 958 3192 :
1000 3137 1153 3204 Quod
1175 3139 1267 3208 qui
1315 3138 1708 3207 interpellatur,
1761 3139 1839 3192 in-

265 3224 584 3295 terpellante
633 3227 704 3282 sit
748 3226 938 3296 major.
992 3227 1198 3295 Quibus
1245 3229 1677 3298 respondendum
1729 3235 1833 3293 est,

1943 2042 2029 2098 bis
2069 2047 2435 2116 congemiscit,
2484 2052 2623 2119 quod
2662 2053 2780 2108 ﬁeri
2816 2056 3004 2126 utique
3049 2071 3154 2111 non
3184 2063 3384 2127 potest,
3425 2071 3527 2110 nec

1943 2133 2059 2188 haec
2085 2136 2299 2204 quidem
2340 2152 2372 2191 a
2407 2141 2671 2196 charitate
2701 2143 2798 2198 Dei
2841 2160 3097 2215 separare
3137 2160 3236 2199 nos
3276 2151 3520 2216 possunt.

1942 2221 2074 2278 Cum
2101 2240 2198 2294 pro
2226 2226 2332 2292 his,
2364 2227 2556 2298 inquit,
2586 2232 2836 2288 omnibus
2883 2234 3178 2299 beneﬁciis,
3230 2250 3350 2304 qua:
3391 2249 3522 2288 con-

1941 2313 2112 2368 secuti
2171 2331 2376 2382 sumus,
2433 2318 2526 2373 ﬁxi
2575 2329 2630 2375 et
2660 2322 2887 2377 radicati
2929 2338 3114 2379 sumus
3157 2324 3211 2378 in
3257 2324 3527 2380 charitate

1940 2405 2059 2470 Dei,
2110 2407 2232 2475 quis
2278 2423 2376 2463 nos
2423 2409 2493 2464 ab
2540 2427 2604 2466 ea
2647 2414 2846 2482 poterit
2894 2417 3179 2485 separare?
3224 2415 3524 2471 Tribulatio

1940 2494 1988 2550 si
2016 2497 2263 2551 venerit:
2292 2496 2360 2551 In
2401 2499 2739 2556 tribulatione
2785 2502 3022 2557 dilatasti
3071 2520 3152 2558 me
3201 2502 3374 2575 (Psal.
3423 2504 3521 2575 iv).

1936 2585 2200 2657 Augustia
2241 2589 2287 2642 si
2331 2589 2494 2644 fuerit
2522 2592 2729 2656 mundi,
2781 2600 2836 2648 et
2869 2607 2935 2647 ex
2962 2594 3288 2650 necessitate
3324 2609 3521 2664 corpo-

1939 2676 2017 2732 ris
2063 2677 2307 2744 venlens,
2358 2680 2633 2749 sapientiae
2675 2681 2771 2736 Dei
2813 2689 2868 2736 et
2903 2682 3142 2737 scientiae
3179 2681 3521 2738 latitudinem

1940 2769 2297 2838 requiremus,
2350 2770 2406 2824 in
2433 2786 2540 2840 qua
2569 2786 2668 2826 nos
2696 2779 2988 2844 angustare
3012 2769 3129 2827 non
3156 2781 3336 2844 potest
3361 2787 3521 2828 mun-

1941 2861 2072 2926 dus;
2130 2861 2302 2916 t'ames
2347 2861 2392 2916 si
2435 2862 2687 2929 adfuerit,
2740 2864 2961 2919 turbare
3015 2880 3100 2919 me
3141 2881 3248 2920 non
3293 2873 3518 2935 potest:

1939 2953 2112 3008 habeo
2139 2953 2282 3007 enim
2311 2969 2504 3023 panem
2527 2954 2620 3024 qui
2649 2955 2715 3009 de
2742 2954 2878 3010 caelo
2906 2954 3206 3022 descendit,
3251 2963 3306 3010 et
3345 2955 3522 3011 reiicit

1940 3045 2244 3100 esurientes
2283 3045 2513 3111 animas,
2565 3062 2665 3101 nec
2697 3035 2986 3118 aliquando
3021 3042 3204 3118 potest
3239 3046 3394 3118 panis
3420 3047 3524 3103 iste

1941 3136 2195 3201 deﬁcere,
2227 3145 2310 3192 est
2337 3138 2480 3191 enim
2508 3137 2782 3208 perfectus
2807 3146 2864 3193 et
2911 3150 3177 3206 aeternus;
3223 3147 3280 3194 et
3305 3139 3523 3195 nuditas

1941 3243 2049 3282 non
2096 3243 2184 3283 me
2229 3228 2528 3296 confundit,
2583 3231 2804 3286 indutus
2856 3247 2976 3287 sum
3037 3231 3181 3286 enim
3232 3230 3523 3285 Dominum

264 3291 437 3372 Deum
473 3316 796 3373 oblivionem
835 3291 945 3374 non
994 3291 1122 3388 pati,
1172 3329 1228 3374 ut
1251 3291 1372 3375 cum
1411 3320 1516 3375 illis
1557 3291 1839 3375 moveatur
1865 3291 1910 3352 Ο
1942 3327 2189 3374 nostrum
2228 3317 2413 3374 Iesum
2441 3318 2738 3388 Christum,
2780 3329 2837 3377 et
2881 3321 3247 3378 habitaculum
3275 3328 3522 3375 nostrum

264 3422 482 3478 semper
518 3425 653 3478 quos
696 3409 876 3480 elegit.
912 3409 1017 3465 Sed
1051 3411 1154 3465 hoc
1186 3402 1290 3467 est
1312 3411 1654 3481 interpellare
1690 3425 1834 3475 eum,

265 3497 395 3553 dum
445 3514 656 3569 semper
700 3499 851 3555 Patri
882 3500 1154 3555 hominem
1199 3516 1361 3571 quem
1392 3501 1629 3571 suscepit
1679 3499 1837 3570 quasi

263 3600 512 3646 nostrum
536 3593 726 3664 pignus
751 3592 988 3648 ostendit
1007 3602 1063 3648 et
1095 3592 1276 3659 ollert,
1324 3601 1384 3648 ut
1403 3609 1565 3649 verus
1593 3592 1838 3664 pontifex

262 3691 323 3737 ει
361 3691 614 3738 aeternus.
680 3698 684 3701 ’

339 3774 472 3838 Quis
517 3791 638 3845 ergo
698 3794 788 3832 nos
839 3776 1099 3848 separabit
1137 3794 1189 3830 .a
1222 3776 1478 3830 charitate
1531 3775 1674 3829 Dei?
1710 3774 1842 3830 Post

263 3874 416 3920 tanta
448 3868 704 3937 prteclara
735 3868 996 3924 beneficia
1036 3867 1123 3924 vel
1154 3869 1442 3938 promissa,
1489 3883 1610 3938 quae
1641 3867 1841 3938 poterit

264 3967 374 4012 tam
415 3961 596 4030 gravis
619 3977 737 4016 esse
771 3977 1026 4032 pressura
1048 3976 1168 4030 quin
1206 3975 1304 4016 nos
1323 3961 1392 4015 ab
1427 3959 1545 4028 ejus
1573 3959 1841 4016 charitate

264 4049 525 4123 divellat?
559 4051 889 4108 Tribulatio?
922 4053 976 4108 id
998 4063 1098 4119 est,
1130 4053 1306 4109 omnis
1326 4052 1590 4107 malorum
1621 4067 1840 4123 perpes-

263 4140 364 4195 sio.
388 4141 682 4212 Angustia?
706 4141 977 4199 Carceris.

340 4234 679 4290 Periculum?
705 4235 889 4302 Maris,
942 4237 1080 4291 sicut
1109 4237 1370 4306 scriptum
1407 4246 1492 4290 est
1531 4236 1586 4289 in
1627 4233 1836 4305 psalmo

266 4323 514 4380 videlicet
547 4327 960 4399 quadragesimo
991 4328 1170 4383 tertio.
1207 4326 1346 4393 Quia
1385 4335 1593 4396 propter
1624 4334 1672 4379 te
1708 4340 1846 4377 mor-

265 4417 552 4486 tiﬁcamur,
607 4421 710 4475 hoc
740 4428 842 4485 est,
903 4435 1010 4476 non
1055 4429 1276 4491 propter
1303 4419 1446 4474 aliud
1471 4419 1699 4485 crimen,
1748 4418 1843 4473 sed

267 4519 486 4580 propter
529 4527 653 4566 eum
681 4513 775 4581 qui
800 4507 938 4568 dixit
969 4531 982 4566 :
1015 4511 1165 4567 Beati
1211 4513 1332 4567 estis
1383 4529 1501 4566 cum
1543 4529 1630 4566 vos
1672 4528 1843 4566 oerse-

265 4613 520 4673 quuntur,
562 4612 672 4660 etc.
711 4603 841 4658 Tota
883 4605 1139 4660 die:non
1167 4605 1312 4660 enim
1346 4602 1540 4659 sufﬁcit
1579 4603 1714 4658 mihi
1733 4618 1842 4656 una

267 4695 408 4757 hora;
432 4695 569 4749 mori
614 4711 715 4765 pro
741 4695 956 4752 Christo
993 4697 1078 4752 vel
1117 4696 1389 4762 cruciari,
1440 4695 1534 4750 sed
1580 4703 1687 4750 tota
1731 4694 1838 4760 die,

265 4783 373 4838 hoc
415 4792 520 4849 est,
547 4785 692 4840 omni
735 4786 858 4840 vita:
901 4801 1036 4842 mea:
1082 4795 1328 4856 tempore
1354 4803 1368 4852 ;
1398 4793 1454 4840 et
1479 4783 1602 4840 ideo
1635 4802 1646 4836 :
1674 4781 1742 4837 in
1759 4783 1840 4837 his

265 4875 533 4941 omnibus,
566 4877 757 4948 inquit,
784 4896 1112 4951 superamus.
1141 4879 1260 4935 Non
1286 4889 1474 4935 nostra
1501 4880 1721 4943 virtute,
1750 4878 1843 4934 sed

267 4976 495 5039 propter
513 4982 637 5024 eum
668 4971 759 5040 qui
787 4986 886 5026 nos
916 4971 1126 5037 dilexit,
1176 4971 1271 5026 sed
1300 4972 1356 5026 in
1377 4971 1464 5026 his
1483 4968 1735 5026 omnibus
1753 4984 1844 5024 su-

266 5075 542 5130 peramus,
590 5060 694 5116 hoc
740 5069 843 5128 est,
875 5063 975 5116 has
1003 5061 1376 5118 tribulationes
1415 5077 1514 5132 pro
1543 5060 1712 5116 nihilo
1747 5060 1844 5116 du-

265 5152 462 5209 cimus.

341 5243 448 5308 Qui
483 5261 575 5300 nos
597 5245 800 5300 dilexit.
830 5246 1008 5301 Etiam
1038 5254 1096 5300 ut
1139 5254 1440 5302 moreretur
1460 5261 1559 5316 pro
1580 5245 1757 5310 nobis,
1792 5252 1846 5299 et

268 5336 487 5405 quando
539 5353 640 5407 pro
679 5337 798 5407 ejus
834 5338 1052 5393 nomine
1097 5337 1381 5405 morimur,
1441 5346 1569 5394 tunc
1610 5336 1846 5394 maxime

269 5429 686 5497 triumphamus.

339 5520 564 5590 Conﬁdo
592 5523 732 5576 enim
750 5523 888 5593 quod
919 5540 1080 5594 neque
1123 5540 1284 5589 mors,
1329 5539 1490 5595 neque
1515 5528 1642 5592 vita,
1687 5543 1848 5598 neque

268 5614 463 5685 angeli,
511 5630 674 5685 neque
712 5615 1058 5685 principatus,
1108 5624 1218 5672 etc.
1275 5615 1382 5670 Pro
1433 5626 1586 5671 certo
1638 5619 1850 5675 confido

269 5707 402 5776 quia
447 5720 550 5763 nec
573 5705 621 5761 si
655 5706 789 5762 mihi
823 5706 944 5776 quis
970 5715 1203 5764 mortem
1237 5709 1490 5774 minetur,
1546 5724 1646 5764 nec
1687 5709 1733 5765 si
1757 5711 1836 5765 vi-

271 5806 386 5853 tam
444 5799 746 5868 promittat,
794 5814 895 5855 nec
923 5801 970 5856 si
1014 5815 1073 5856 se
1109 5802 1358 5872 angelum
1394 5803 1540 5857 dicat
1563 5818 1596 5857 a
1625 5803 1852 5859 Domino

272 5889 629 5959 tlestinatum,
672 5906 775 5949 nec
799 5892 846 5950 si
888 5899 958 5951 se
991 5893 1304 5965 angelorum
1345 5894 1644 5966 principem
1696 5910 1851 5953 men-1

1869 4651 1921 4710 D

1940 3412 2084 3481 quod
2117 3411 2185 3466 de
2205 3412 2342 3466 coelo
2378 3421 2462 3466 est
2493 3427 2708 3482 semper
2753 3414 2904 3469 indui
2930 3429 3108 3485 spero.
3141 3411 3358 3483 Oportet
3383 3413 3523 3466 enim

1938 3500 2158 3556 mortale
2180 3502 2277 3556 hoc
2309 3501 2526 3557 induere
2542 3504 2994 3558 immortalitatem
3037 3504 3090 3576 (Ι
3111 3503 3235 3558 Cor.
3266 3502 3387 3574 xu).
3412 3502 3518 3557 Pe-

1940 3591 2173 3646 riculum
2244 3609 2352 3649 non
2402 3595 2602 3651 timebo
2651 3615 2664 3650 :
2715 3597 2972 3652 Dominus
3013 3600 3158 3652 enim
3202 3597 3523 3650 illuminatio

1939 3699 2076 3747 mea,
2095 3692 2144 3736 et
2168 3684 2313 3738 salus
2343 3702 2480 3750 mea,
2516 3703 2668 3757 quem
2692 3687 2877 3740 timebo
2895 3687 2920 3739 ?
2953 3687 3169 3758 (Ephes.
3195 3685 3274 3759 v.)
3301 3685 3525 3742 Gladius

1941 3781 2193 3829 terrenus
2221 3783 2430 3829 terrere
2455 3791 2544 3831 me
2573 3792 2680 3831 non
2710 3786 2888 3847 potest
2916 3797 2927 3830 :
2959 3780 3132 3834 habeo
3157 3780 3300 3834 enim
3318 3795 3521 3846 meum,

1941 3862 2175 3933 gladium
2206 3866 2446 3936 spiritus,
2475 3867 2614 3938 quod
2643 3878 2718 3922 est
2743 3870 2953 3924 verbum
2982 3871 3097 3934 Dei,
3146 3871 3237 3940 qui
3265 3878 3348 3926 est
3365 3887 3523 3941 pene-

1941 3954 2182 4008 trabilior
2213 3957 2355 4011 omni
2399 3957 2580 4029 gladio
2625 3961 2842 4031 ancipiti
2893 3961 3080 4034 (Hebr.
3132 3962 3206 4036 iv)
3243 3978 3257 4017 :
3301 3964 3346 4019 si
3387 3977 3520 4034 ergo

1942 4049 2152 4118 gladius
2200 4050 2385 4105 mundi
2436 4053 2646 4106 venerit
2684 4069 2847 4124 super
2894 4057 3136 4111 cervices
3180 4071 3350 4122 meas,
3407 4071 3525 4110 ma-

1940 4138 2114 4210 iorem
2142 4139 2275 4194 mihi
2303 4141 2559 4195 conciliat
2593 4143 2937 4198 charitatem.
2972 4145 3160 4201 Dicam
3187 4161 3422 4216 namque
3446 4148 3516 4202 ad

1942 4246 2089 4297 eum,
2141 4233 2281 4286 sicut
2313 4233 2574 4303 scriptum
2623 4237 2707 4289 est
2736 4252 2749 4288 :
2781 4233 3006 4306 Pr0pter
3060 4247 3109 4292 te
3141 4238 3526 4306 mortiﬁcamur

1944 4330 2051 4374 tota
2088 4321 2172 4375 die
2196 4336 2214 4373 :
2242 4322 2371 4376 dum
2403 4324 2548 4378 enim
2583 4324 2727 4380 illius
2761 4341 2942 4381 amore
2991 4327 3275 4397 pendimus
3304 4342 3520 4398 poenas,

1945 4431 2164 4470 sensum
2188 4417 2388 4472 doloris
2421 4433 2527 4472 non
2553 4419 2844 4489 recipimus
2876 4435 2892 4473 :
2924 4420 3067 4474 illius
3091 4422 3234 4474 enim
3256 4421 3517 4486 Charitas,

1946 4525 2053 4579 qua
2086 4524 2184 4565 nos
2233 4509 2418 4565 dilexit
2457 4519 2513 4564 et
2561 4520 2809 4566 nostrum
2849 4513 2918 4566 ad
2953 4527 3012 4567 se
3065 4512 3198 4581 ‘apit
3245 4511 3519 4580 allectum,

1947 4600 2247 4656 cruciatum
2295 4599 2537 4669 corporis
2562 4609 2618 4654 et
2661 4599 2902 4654 dolorem
2940 4601 3145 4656 sentire
3169 4617 3269 4658 nos
3312 4616 3420 4657 non
3441 4601 3525 4657 fa-

1949 4691 2062 4746 cit:
2097 4689 2216 4746 ideo
2265 4705 2395 4762 ergo
2438 4691 2491 4744 in
2533 4690 2619 4746 his
2658 4692 2909 4746 omnibus
2952 4707 3290 4762 superamus.
3343 4694 3522 4749 Item:

1953 4783 2134 4854 Neque
2155 4791 2393 4837 creatura
2413 4781 2540 4836 alia.
2568 4781 2720 4849 Quod
2740 4783 2815 4838 ita
2837 4791 3016 4853 potest
3036 4784 3280 4855 intelligi,
3304 4784 3522 4855 quando

1949 4876 2168 4946 quidem
2229 4875 2437 4931 sciebat
2477 4876 2791 4945 Apostolus,
2847 4876 3042 4933 multas
3094 4887 3150 4932 et
3205 4879 3518 4932 innumera-

1950 4967 2087 5023 biles
2135 4975 2413 5023 creaturas
2459 4967 2576 5032 Dei,
2633 4983 2862 5037 quarum
2899 4970 3063 5023 etiam
3110 4970 3224 5040 ipse
3272 4983 3378 5024 non
3403 4983 3522 5023 om-

1951 5076 2097 5126 nem,
2155 5060 2251 5115 sed
2306 5075 2371 5115 ex
2410 5068 2567 5129 parte
2612 5061 2820 5129 ceperit
2843 5061 3148 5126 scientiam,
3190 5075 3529 5132 quarumque

1952 5169 2059 5208 non
2085 5152 2257 5208 solum
2283 5152 2509 5223 species,
2540 5151 2636 5207 sed
2656 5159 2712 5207 et
2734 5154 2953 5208 nomina
2984 5153 3039 5207 in
3060 5151 3316 5224 praesenti
3330 5154 3527 5210 saeculo

1952 5245 2329 5317 ignorarentur

2023 5340 2241 5411 Conﬁdo
2273 5343 2430 5397 enim.
2463 5341 2800 5400 Conﬁdentia
2820 5353 2905 5398 est
2938 5341 3082 5398 enim
3117 5340 3236 5397 hazc
3259 5343 3329 5398 de
3362 5356 3528 5413 spon—

1951 5435 2102 5490 sione
2148 5433 2378 5500 Christi,
2423 5435 2549 5504 quia
2589 5435 2839 5506 promisit
2881 5435 2938 5488 in
2985 5432 3328 5489 tribulatione
3367 5434 3520 5504 adju-

1949 5540 2078 5580 vare
2114 5540 2172 5579 se
2205 5525 2507 5580 dedicatam
2547 5527 2649 5582 sibi
2677 5525 2856 5580 fidem.
2903 5520 3089 5593 Neque
3120 5525 3366 5595 angelus,
3418 5525 3524 5581 hoc

1951 5623 2054 5682 est,
2113 5632 2210 5671 nec
2255 5617 2300 5671 si
2344 5631 2402 5671 se
2427 5617 2650 5688 angelus
2699 5615 2856 5670 nobis
2884 5616 3136 5671 ostendat
3171 5615 3240 5671 ad
3269 5617 3526 5673 seducen—

1953 5709 2049 5765 dos
2091 5723 2209 5773 nos,
2238 5707 2561 5763 subornatus
2584 5705 2808 5760 fallaciis
2828 5705 2999 5776 patris
3028 5707 3111 5761 sui
3142 5705 3357 5770 diaboli,
3388 5719 3530 5774 prte-

1952 5801 2136 5856 valere
2165 5801 2383 5857 debebit
2430 5799 2712 5853 adversum
2753 5813 2870 5854 nos.
2927 5799 3110 5869 Neque
3146 5799 3192 5852 si
3241 5797 3413 5851 virtus
3454 5796 3524 5851 ab

1953 5893 2132 5964 aliquo
2186 5891 2330 5949 facta
2353 5891 2442 5957 sit,
2494 5889 2634 5945 sicut
2685 5889 2880 5947 dicitur
2908 5890 2976 5952 de
3003 5889 3222 5949 Simone
3260 5887 3414 5959 Mago
3464 5885 3528 5942 in

3531 6141 3562 6160 ρ
