4108 6334
579 414 651 473 85
1995 406 2152 464 SEDI

2252 407 2264 464 Ι
2303 405 2498 465 SCOTI
3754 402 3830 460 ει

584 543 709 582 aere
747 525 989 591 volasse;
1027 537 1127 580 nec
1149 523 1192 580 si
1215 523 1269 579 in
1305 521 1587 578 altitudine
1617 535 1675 576 se
1703 519 1860 576 nobis
1884 521 2148 586 ostendat,
2179 523 2233 585 Α
2253 519 2381 589 quia
2423 518 2513 591 qui
2547 511 2658 574 uult
2687 533 2919 573 animum
2953 533 3104 572 suam
3145 515 3343 574 saluam
3391 499 3590 586 facere,
3643 511 3828 585 perdet

582 619 651 675 de
691 634 798 690 qua
845 616 975 674 dicit
1017 615 1351 687 Apostolus:
1385 614 1464 669 An
1514 613 1776 685 ignoratis
1817 612 2152 668 altitudinem

583 709 838 768 Satanae?
876 708 1208 779 ajnvatione
1236 722 1335 763 nos
1382 707 1596 762 Domini
1629 705 1759 761 Jesu
1809 704 2025 760 debebit
2060 719 2156 758 au-

579 801 746 860 ferre.
793 801 980 874 Neque
1029 800 1076 857 si
1121 815 1218 872 per
1267 799 1605 871 phantasiam
1649 797 1996 869 profundam,
2047 812 2155 867 qua

580 894 840 952 seducere
879 893 1190 959 meditatur,
1236 892 1389 948 nobis
1429 897 1664 946 ostentet
1719 889 2005 946 horrorem
2052 889 2155 944 mi-

582 987 830 1042 randum.
886 985 1071 1057 Neque
1099 985 1145 1040 si
1174 983 1353 1040 futura
1379 983 1535 1039 nobis
1562 984 1839 1052 spondeat,
1885 998 2002 1054 quae
2031 996 2157 1053 pro-

580 1078 730 1134 misit
775 1077 948 1144 )Evaa,
989 1090 1268 1132 assensum
1325 1076 1573 1131 dabimus
1598 1075 1693 1130 illi.
1726 1074 1836 1130 Nec
1867 1075 1913 1130 si
1957 1084 2076 1129 arte
2101 1081 2156 1129 et

583 1169 881 1228 subtilitate
946 1169 1159 1225 astutia:
1213 1181 1325 1224 sua:
1381 1167 1545 1222 aliam
1615 1174 1920 1222 creaturam
1967 1166 2157 1236 adjun-

583 1270 675 1337 gat
726 1261 974 1328 adorare,
1009 1261 1148 1316 sicut
1192 1259 1493 1331 junxerunt
1527 1256 1747 1314 Jamnes
1795 1266 1850 1313 et
1889 1257 2157 1316 Mambres

580 1356 758 1429 palam
813 1354 1112 1417 Pharaone,
1162 1352 1491 1408 conveniens
1543 1359 1628 1406 est
1682 1359 1742 1405 ut
1800 1365 1898 1421 per
1940 1351 2057 1407 haec
2121 1365 2157 1406 a

580 1449 693 1510 Deo
745 1456 990 1505 creatore
1027 1461 1128 1502 nos
1156 1455 1362 1510 evocet,
1419 1458 1579 1515 quem
1605 1444 1974 1514 ignoravimus
2004 1458 2158 1500 crea-

581 1549 757 1597 turam
810 1537 1112 1595 condidisse
1161 1537 1216 1592 in
1275 1543 1536 1591 aeternum
1612 1535 1957 1591 existentem.
2017 1534 2147 1602 Qni-

576 1629 802 1685 busdam
854 1627 1071 1683 videtur
1108 1623 1271 1681 aliam
1309 1634 1606 1680 creaturam
1639 1625 1705 1680 de
1749 1625 1906 1680 idolis
1927 1625 2154 1692 dictum,

578 1721 674 1778 sed
701 1737 808 1776 non
855 1729 939 1778 est
983 1733 1199 1786 verum,
1247 1718 1376 1788 quia
1428 1718 1568 1772 hanc
1623 1717 1809 1773 debuit
1850 1716 2156 1789 signiﬁcare

578 1830 740 1884 quam
776 1814 876 1870 sub
931 1810 1287 1868 admiratione
1334 1809 1664 1866 sednctionis
1710 1809 1924 1864 videtur
1950 1808 2154 1882 ﬁngere

580 1905 831 1964 Satanas.
1462 1974 1464 1977 ι

1195 1993 1423 2051 CAPUT
1459 1993 1553 2049 IX.

655 2085 937 2144 Veritatem
977 2087 1093 2144 dico
1133 2088 1189 2141 in
1241 2085 1447 2142 Christo
1494 2085 1644 2141 Iesu.
1699 2085 1899 2141 Contra
1940 2084 2155 2142 ,Ιιιᾱίεοε

585 2189 829 2246 acturus,
875 2180 1109 2252 primum
1158 2177 1264 2234 illis
1306 2176 1594 2244 satisfacit,
1621 2193 1727 2232 non
1759 2193 1817 2232 se
1841 2177 1950 2232 odii
1988 2193 2152 2233 causa

574 2270 696 2326 hazc
723 2271 922 2336 dicere,
965 2270 1060 2325 sed
1088 2271 1310 2337 amoris,
1334 2285 1400 2325 eo
1430 2269 1574 2340 quod
1604 2269 1782 2324 doleat
1798 2269 1917 2324 illos
1937 2268 2153 2324 Christo

574 2377 684 2418 non
711 2363 956 2427 credere,
982 2362 1050 2416 ad
1101 2377 1238 2434 quos
1262 2362 1498 2432 primum
1535 2361 1820 2416 salvandos
1845 2362 2146 2416 advenerit.

575 2451 865 2507 Videamus
891 2465 1059 2520 quare
1110 2449 1308 2506 dixerit
1357 2441 1638 2504 Veritatem
1668 2451 1722 2503 in
1743 2448 1967 2516 Christo,
1998 2451 2152 2521 quasi

575 2543 865 2600 ostendens
900 2557 1020 2598 esse
1071 2541 1311 2611 aliquam
1359 2542 1642 2597 veritatem
1691 2558 1810 2612 quae
1849 2558 1953 2596 non
1997 2543 2066 2597 sit
2098 2543 2153 2596 in

574 2635 813 2705 Christo,
845 2644 900 2693 et
936 2636 1058 2692 vide
1087 2635 1133 2691 si
1193 2651 1480 2706 possumus
1525 2635 1619 2690 tali
1671 2636 1828 2690 modo
1868 2635 2153 2689 veritatem

575 2745 697 2802 quas
739 2730 797 2786 in
840 2727 1058 2786 Christo
1088 2737 1172 2784 est
1213 2728 1282 2784 ab
1334 2743 1400 2783 ea
1432 2744 1552 2798 quae
1579 2743 1684 2782 non
1729 2735 1808 2782 est
1834 2728 1889 2782 in
1936 2727 2153 2782 Christo

576 2821 910 2894 distinguere
941 2839 954 2875 :
988 2820 1193 2877 veritas
1230 2834 1358 2891 ergo
1387 2818 1587 2874 Christi
1611 2833 1730 2874 esse
1757 2817 2022 2873 credenda
2046 2825 2149 2884 est,

576 2913 668 2969 ubi
718 2920 774 2969 et
823 2912 1054 2984 reliquae
1105 2912 1357 2978 virtutes,
1403 2927 1522 2982 quae
1575 2911 1828 2966 Christus
1881 2926 2005 2965 esse
2055 2910 2152 2964 de-

578 3005 860 3072 scribitur,
914 3005 968 3062 id
1018 3012 1122 3071 est,
1181 3005 1272 3060 ubi
1319 3004 1556 3075 justitia,
1615 3004 1706 3060 ubi
1747 3019 1873 3074 pax,
1925 3003 2015 3057 ubi
2067 3009 2155 3057 est

577 3097 804 3152 verbum
847 3095 964 3162 Dei,
1025 3096 1118 3151 ubi
1172 3105 1256 3152 est
1291 3104 1348 3152 et
1372 3097 1571 3153 veritas
1595 3095 1816 3153 Christi.
1843 3097 1939 3150 Est
1968 3103 2150 3149 autem

2255 625 2407 676 eam;
2445 610 2566 666 ideo
2603 618 2660 666 et
2682 609 2812 664 mihi
2849 609 3063 663 videtur
3102 609 3189 664 ille
3225 609 3341 662 haec
3385 605 3566 661 omnia
3611 603 3831 675 prmmi-

2256 703 2420 771 sisse,
2472 705 2613 774 quod
2659 703 2804 758 nulla
2843 703 3050 774 possint
3096 719 3129 756 a
3165 701 3261 758 Dei
3295 700 3562 756 charitate
3608 695 3831 752 divelle-

2257 815 2337 866 re,
2386 808 2448 854 ut
2475 815 2600 854 cum
2642 815 2701 855 se
2726 799 2886 855 offert
2923 799 3210 854 anathema
3258 811 3356 868 pro
3400 793 3659 850 fratribus
3689 792 3830 858 suis,

2255 905 2364 945 non
2407 889 2616 960 lapsum
2641 889 2756 958 ejus
2805 890 3111 961 passibilem
3147 887 3377 958 iudices,
3431 886 3524 943 sed
3564 886 3706 942 sicut
3727 883 3822 942 ille

2257 985 2348 1054 qui
2397 985 2772 1054 inseparabilis
2809 999 2841 1038 a
2883 984 3043 1039 Patre
3088 991 3172 1038 est
3205 995 3304 1052 per
3334 988 3605 1044 naturam,
3637 985 3694 1032 et
3733 978 3834 1032 im—

2257 1077 2500 1134 mortalis
2531 1079 2588 1134 in
2636 1085 2864 1133 mortem
2899 1077 3067 1142 venit,
3111 1084 3166 1131 et
3192 1073 3261 1130 ad
3288 1072 3498 1129 inferna
3526 1071 3828 1135 descendit,

2257 1172 2331 1228 ita
2363 1180 2416 1228 et
2440 1171 2541 1226 iste
2571 1171 2831 1226 imitando
2853 1170 3168 1241 Magistrum
3193 1183 3316 1223 cum
3345 1166 3585 1236 separari
3611 1181 3641 1220 a
3669 1164 3833 1220 Chri-

2257 1261 2328 1318 sti
2385 1263 2652 1317 charitate
2691 1277 2796 1317 non
2824 1261 3015 1332 possit,
3067 1276 3096 1314 a
3141 1259 3358 1315 Christo
3395 1259 3683 1313 anathema
3735 1256 3834 1311 fiat
3873 1309 3891 1325 ,

2257 1369 2357 1424 pro
2383 1354 2641 1410 fratribus
2679 1355 2812 1420 suis,
2868 1353 3154 1408 devotione
3182 1353 3386 1422 utique,
3439 1367 3544 1407 non
3572 1350 3837 1420 praevari-

2257 1447 2487 1502 catione.
2539 1447 2898 1517 Hieronymus
2928 1446 2981 1500 in
3005 1445 3142 1501 libro
3173 1443 3536 1511 Quaestionum
3571 1443 3638 1498 ad
3668 1442 3836 1513 Alga-

2258 1541 2431 1596 siam:
2456 1538 2713 1610 Optabam
2764 1540 2900 1594 enim
2943 1539 3223 1594 anathema
3259 1549 3370 1593 esse
3406 1555 3500 1608 pro
3569 1537 3833 1607 fratribus

2257 1614 2402 1686 meis.
2459 1629 2633 1686 Cerne
2651 1630 2984 1701 Apostolnm,
3028 1636 3244 1700 quanta:
3280 1629 3638 1684 charitatisin
3666 1629 3833 1683 Chri-

2258 1731 2342 1779 sto
2372 1724 2461 1788 sit,
2491 1731 2550 1778 ut
2579 1739 2677 1794 pro
2701 1723 2792 1778 illo
2813 1724 2994 1793 cupiat
3019 1723 3176 1788 mori,
3207 1731 3264 1777 et
3289 1721 3435 1777 solus
3457 1721 3655 1792 perire,
3681 1721 3838 1775 dum-

2258 1815 2416 1870 modo
2445 1815 2500 1868 in
2533 1815 2685 1868 illum
2715 1815 2902 1870 credat
2917 1830 3078 1869 omne
3111 1813 3389 1869 hominum
3415 1829 3583 1885 genus
3607 1831 3621 1867 :
3650 1813 3844 1884 perire.

2183 1895 2229 1958 B
2255 1910 2420 1964 etiam
2450 1924 2558 1964 non
2588 1909 2642 1964 in
2681 1916 3020 1979 perpetuum,
3053 1908 3148 1964 sed
3175 1908 3682 1978 impraesentiarum.
3702 1906 3838 1963 Vult

2254 2016 2381 2072 ergo
2407 1999 2692 2072 Apostolus
2733 2001 2909 2071 perire
2934 2000 2990 2055 in
3023 2014 3210 2065 carne,
3255 2007 3316 2053 ut
3342 1998 3433 2053 alii
3471 1997 3748 2054 salventur
3775 1999 3837 2053 in

2254 2091 2478 2161 spiritu;
2515 2105 2670 2145 suum
2693 2090 3008 2162 sanguinem
3036 2090 3285 2155 fundere,
3307 2097 3369 2144 ut
3392 2089 3683 2145 multorum
3713 2089 3838 2144 ani-

2252 2199 2356 2239 mae
2390 2191 2795 2238 conserventur.
2842 2181 3121 2252 Optabam,
3169 2182 3364 2252 inquit,
3412 2197 3519 2236 non
3545 2189 3695 2251 opto,
3735 2183 3835 2251 qui

2253 2275 2359 2329 scit
2390 2272 2508 2327 ﬁeri
2534 2287 2640 2327 non
2653 2287 2810 2341 posse
2829 2270 3098 2337 effectum,
3123 2281 3305 2328 tamen
3316 2271 3662 2328 dilectionem
3682 2272 3836 2328 circa

2253 2380 2420 2436 genus
2445 2365 2738 2419 humanum
2762 2363 3016 2419 ostendit.
3576 2359 3588 2368 ’

2325 2455 2426 2522 Qui
2459 2465 2579 2510 sunt
2619 2456 2824 2525 cognati
2864 2456 3150 2511 secundum
3194 2472 3422 2511 carnem.
3465 2455 3567 2524 Qui
3611 2457 3838 2527 propin-

2253 2565 2387 2619 quos
2413 2557 2468 2604 et
2492 2548 2690 2604 fratres
2714 2547 2945 2618 appellat
2967 2550 3261 2604 secundum
3285 2565 3522 2612 carnem,
3551 2549 3604 2603 in
3634 2548 3835 2618 spiritu

2254 2655 2285 2694 a
2311 2655 2369 2695 se
2397 2640 2631 2695 ostendit
2673 2639 2893 2694 alienos.
2937 2638 3175 2704 Quorum
3212 2640 3420 2709 adoptio
3449 2650 3524 2694 est
3575 2639 3830 2708 ﬁliorum.

2254 2730 2383 2798 Qua:
2410 2729 2801 2801 significantius
2829 2726 3018 2784 Graece
3045 2730 3243 2786 dicitur
3266 2731 3509 2798 υἱοθεσία,
3535 2731 3601 2786 de
3627 2731 3832 2800 quibus

2252 2823 2525 2892 quondam
2571 2823 2832 2878 Dominus
2867 2822 3226 2893 loquebatur:
3256 2821 3638 2893 Primogenitus
3685 2840 3834 2879 meus

2252 2913 2443 2970 Israel.
2486 2913 2740 2984 Adoptati
2781 2915 2928 2971 enim
2957 2923 3085 2971 sunt
3115 2915 3212 2970 filii
3256 2915 3420 2971 Israel
3463 2932 3495 2971 a
3546 2917 3656 2974 Deo
3701 2927 3834 2973 tunc

2252 3023 2370 3060 cum
2409 3006 2656 3062 divideret
2706 3005 2960 3062 Excelsus
2999 3017 3195 3080 gentes,
3232 3018 3278 3063 et
3330 3010 3646 3081 dispergeret
3689 3011 3834 3080 ﬁlios

2251 3097 2422 3152 Adam
2464 3099 2750 3154 secundum
2794 3117 3062 3155 numerum
3109 3100 3412 3171 angelorum
3449 3102 3704 3173 [ﬁliorum
3750 3103 3832 3158 Is-

574 3187 779 3243 veritas
802 3194 858 3242 et
890 3187 1109 3259 injusta,
1135 3196 1195 3243 ut
1224 3189 1290 3255 si,
1330 3189 1480 3245 verbi
1502 3205 1687 3256 causa,
1718 3187 1958 3244 dicamus
1991 3207 2002 3241 :
2031 3188 2148 3240 Dte-
2181 3246 2221 3264 Α
2254 3188 2386 3260 rael]
2406 3230 2420 3254 ,
2450 3200 2498 3245 et
2532 3191 2673 3260 facta
2701 3199 2775 3246 est
2807 3193 2977 3262 portio
3013 3191 3191 3246 domui
3219 3191 3384 3248 Iacob
3415 3194 3680 3264 funiculus
3715 3197 3830 3250 hrr-

580 3279 822 3336 moninm
848 3246 979 3334 illud
1042 3246 1312 3348 Pi'thonis',
1354 3283 1496 3353 quod
1532 3282 1588 3344 in
1620 3246 1842 3336 Actibus
1875 3280 2149 3350 apostolo-
2177 3246 2222 3312 Ο
2255 3246 2488 3337 rediiatis
2515 3246 2630 3353 ejus
2656 3246 2828 3337 Israel
2862 3283 3040 3354 (Deut.
3072 3246 3836 3356 xxxiii).VAVdj'ecit—adhucnut

576 3389 700 3434 rum
734 3372 967 3429 refertur
1005 3373 1062 3428 in
1105 3374 1300 3430 ancilla
1349 3375 1579 3445 quadam
1629 3375 1900 3430 habitasse
1943 3382 2001 3429 et
2045 3373 2155 3430 cla-
2252 3382 2307 3429 et
2343 3373 2478 3429 alios
2501 3390 2600 3444 pro
2632 3374 2719 3430 his
2749 3373 2928 3430 dolere
2959 3373 3144 3440 faciat,
3173 3375 3398 3430 dicens:
3425 3376 3493 3430 Et
3538 3377 3738 3447 gloria,
3780 3389 3832 3434 et

576 3479 758 3524 masse
783 3465 850 3519 ad
874 3465 1146 3534 apostolos
1193 3467 1336 3538 quod
1356 3467 1412 3522 hi
1455 3468 1597 3522 servi
1636 3467 1730 3523 Dei
1761 3467 1962 3522 summi
2001 3475 2148 3532 sunt,
2253 3473 2635 3531 testamentum,
2662 3474 2710 3519 et
2737 3465 3012 3536 legislatio,
3037 3475 3084 3520 et
3119 3466 3442 3537 obsequium,
3470 3479 3518 3524 et
3548 3471 3826 3541 promissa.

574 3557 669 3628 qui
719 3556 1042 3614 annuntiant
1091 3556 1400 3614 hominibus
1446 3558 1587 3613 viam
1617 3557 1732 3614 Dei.
1787 3557 1920 3612 Erat
1948 3557 2149 3614 veritas
2253 3559 2330 3615 De
2360 3558 2530 3630 gloria
2565 3557 2704 3640 datae
2740 3557 2876 3628 legis
2911 3573 3054 3628 stupe
3089 3559 3204 3629 jam
3235 3559 3436 3614 dictum
3465 3569 3570 3626 est,
3608 3561 3746 3616 sicut
3775 3571 3834 3617 et

574 3647 632 3704 in
679 3647 765 3706 bis
808 3647 1010 3713 verbis,
1040 3663 1229 3702 verum
1279 3647 1422 3704 enim
1474 3655 1595 3704 erat
1650 3648 1792 3719 quod
1842 3647 2144 3713 dicebatur,
2253 3652 2368 3723 ipse
2407 3650 2694 3721 Apostolus
2727 3650 2896 3706 dicit:
2938 3650 2994 3705 Si
3022 3652 3166 3716 enim
3215 3653 3359 3721 quod
3396 3664 3689 3710 evacuatur
3732 3669 3833 3724 per

576 3740 673 3796 sed
713 3754 824 3795 non
868 3747 988 3796 erat
1034 3739 1139 3796 ista
1187 3740 1390 3796 veritas
1414 3739 1469 3796 in
1513 3738 1747 3806 Christo,
1798 3747 1855 3796 et
1906 3746 2154 3810 propter-
2253 3746 2480 3816 gloriam
2524 3753 2634 3810 est,
2685 3745 2790 3800 hoc
2832 3753 2916 3801 est
2954 3745 3119 3800 Vetus
3165 3744 3608 3813 Testamentum,
3658 3747 3830 3802 multo

577 3848 640 3890 ea
668 3847 962 3890 conversus
980 3832 1047 3886 ad
1069 3847 1190 3886 eam
1217 3832 1413 3888 Paulus
1433 3833 1569 3888 dixit
1602 3851 1615 3885 :
1650 3832 2152 3897 0bmutesce,et*ea:i

2252 3841 2424 3910 magis
2465 3842 2609 3910 quod
2649 3849 2832 3896 manet
2873 3841 2929 3896 in
2965 3840 3135 3910 gloria
3162 3846 3263 3903 est,
3305 3840 3577 3910 Evangelii
3623 3842 3832 3898 scilicet

579 3924 644 3981 ab
685 3941 767 3979 ea.
807 3923 876 3979 Et
909 3924 1031 3979 ideo
1083 3923 1374 3994 Apostolus
1421 3925 1490 3981 ad
1514 3923 1915 3979 distinctionem
1947 3924 2151 3978 verita-
2251 3932 2582 4000 pradicatio.
2611 3930 2715 3986 Sed
2742 3931 2885 3998 quod
2917 3932 3067 3996 dicit,
3095 3930 3499 3984 Testamentum
3523 3939 3579 3983 et
3617 3933 3832 4004 legisla.

575 4014 649 4071 tis
692 4013 828 4084 ejus,
868 4029 988 4086 quae
1031 4023 1188 4070 extra
1237 4013 1514 4070 Christum
1553 4021 1654 4078 est.
1710 4015 1765 4068 in
1806 4012 2022 4069 Christo
2073 4014 2152 4069 10-
2254 4022 2351 4086 tio,
2400 4036 2566 4074 unum
2619 4018 2850 4074 fortasse
2901 4018 3082 4074 dicere
3125 4017 3397 4072 nonnullis
3447 4017 3698 4075 videtur:
3743 4023 3831 4079 lex

574 4111 761 4184 quitur
801 4112 1109 4170 veritatem.
1143 4109 1249 4166 Sed
1277 4109 1462 4165 ethoc
1506 4109 1650 4178 quod
1692 4108 1824 4164 dicit
1857 4126 1869 4161 :
1904 4105 2153 4162 Testimo-
2252 4112 2397 4166 enim
2428 4126 2547 4180 qua:
2592 4111 2716 4164 data
2741 4117 2823 4164 est
2858 4110 2971 4180 ipsa
3017 4110 3178 4164 etiam
3207 4108 3608 4168 Testamentum
3647 4117 3833 4184 appel-

576 4206 726 4266 ηἱωι
751 4204 880 4262 mihi
901 4204 1196 4277 perhibente
1225 4203 1540 4260 conscientia
1568 4219 1686 4257 mea
1709 4202 1766 4256 in
1791 4199 1996 4271 Spiritu
2026 4218 2152 4256 san-

577 4307 685 4365 cto,
734 4297 966 4358 similem
1009 4298 1140 4354 mihi
1200 4298 1416 4353 videtur
1459 4295 1660 4351 habere
1705 4293 2146 4364 intelligentiam:

576 4393 756 4454 reddit
779 4393 925 4452 enim
973 4391 1337 4449 testimonium
1389 4388 1718 4446 conscientia
1759 4388 1924 4443 etiam
1979 4386 2151 4458 genti-

2251 4203 2413 4256 latur.
2459 4199 2568 4257 Sed
2596 4215 2696 4271 ego
2729 4201 2871 4256 hanc
2909 4214 3030 4255 esse
3068 4199 3464 4255 distinctionem
3498 4210 3651 4271 puto,
3683 4207 3830 4273 quod

2251 4294 2516 4366 legislatio
2563 4293 2782 4363 quidem
2832 4307 2934 4347 una
2987 4291 3182 4358 fuerit,
3209 4300 3266 4348 et
3298 4293 3465 4350 semel
3504 4294 3684 4350 habita
3730 4311 3831 4365 per

2251 4385 2488 4456 Moysen.
2529 4383 2873 4440 Testamenta
2899 4395 3028 4438 vero
3067 4381 3380 4453 frequenter
3421 4391 3626 4440 statuta
3659 4396 3826 4442 sunt:

574 4484 705 4551 bus.
737 4484 1032 4546 modum
1064 4483 1208 4554 quod
1241 4481 1296 4536 in
1327 4477 1695 4550 superioribus
1733 4475 1880 4536 idem
1917 4476 2151 4546 Aposto-
2252 4478 2464 4547 quoties
2505 4478 2653 4534 enim
2700 4484 3063 4547 peccaverunt
3113 4484 3166 4531 et
3213 4475 3412 4545 abiecti
3455 4487 3614 4544 sunt,
3663 4479 3829 4536 toties

575 4574 666 4632 lus
686 4574 803 4632 ait:
832 4573 1203 4630 Testimonium
1228 4570 1471 4630 reddente
1501 4570 1596 4628 eis.
1636 4567 1772 4623 Nam
1815 4582 1924 4622 non
1972 4573 2151 4635 petest
2171 4603 2227 4664 Β
2252 4568 2582 4626 exhaeredati
2606 4567 2876 4623 videntur.
2903 4567 2970 4622 Et
2996 4582 3184 4654 rursus
3207 4568 3420 4637 quoties
3440 4569 3829 4639 repropitiatus

576 4663 689 4724 dici
721 4664 870 4734 mod
916 4663 970 4716 in
1002 4662 1162 4721 malis
1199 4663 1408 4721 actibus
1445 4662 1504 4718 in
1541 4659 1751 4730 Spiritu
1786 4664 1974 4712 sancto
2009 4672 2146 4714 con—
2171 4657 2216 4664 ”
2251 4659 2452 4715 dicitur
2484 4660 2646 4724 Deus,
2674 4657 2950 4713 revocavit
2974 4673 3067 4714 eos
3094 4658 3149 4713 in
3176 4657 3544 4714 haereditatem
3569 4673 3681 4714 sua:
3706 4676 3830 4730 pos-

575 4755 809 4816 sidentia
851 4753 1222 4812 testimonium
1246 4753 1453 4815 reddat,
1502 4751 1593 4806 ubi
1621 4748 1978 4820 cogitationes
2009 4747 2150 4804 inter
2249 4753 2528 4819 sessionis,
2572 4752 2730 4808 toties
2779 4766 3063 4823 reparasse
3097 4759 3440 4816 testamenta,
3485 4759 3540 4807 et
3581 4753 3830 4808 hatredes

575 4866 640 4909 sa
683 4849 916 4910 invicem
978 4853 1105 4903 sunt
1166 4852 1504 4904 accusantes.
1557 4843 1618 4898 In
1677 4840 1932 4912 Apostolo
1986 4856 2142 4907 vero,
2249 4860 2346 4900 eos
2389 4845 2672 4915 scripsisse
2712 4845 3013 4900 credendus
3052 4852 3154 4901 est.
3195 4841 3522 4913 Obsequium
3567 4846 3826 4900 sacerdo-

574 4945 673 5004 ιιὶή
718 4942 972 5014 cogitatio
1018 4938 1140 5009 iam
1186 4953 1300 4995 non
1351 4937 1513 4993 habet
1563 4935 1708 5006 quod
1754 4944 2008 5000 accuset,
2061 4950 2148 4991 re-
2255 4940 2382 4994 talia
2424 4940 2676 4996 dicuntur
2715 4937 2910 4994 cilicia.
2955 4937 3381 5003 Promissiones,
3420 4951 3538 5007 qua
3582 4937 3830 5007 patribus

575 5043 664 5095 ste
727 5031 1058 5094 conscientia
1121 5030 1186 5088 in
1245 5026 1452 5098 Spiritu
1517 5035 1708 5084 sancto
1781 5027 2150 5084 testimonium
2255 5032 2412 5087 factae
2431 5039 2574 5095 sunt,
2599 5039 2655 5087 et
2676 5032 2966 5101 separatim
2983 5031 3172 5088 danda:
3192 5032 3280 5087 his
3301 5030 3394 5100 qui
3419 5046 3518 5101 per
3543 5029 3706 5088 ﬁdem
3726 5031 3828 5090 ﬁlii

573 5125 774 5186 reddit.

647 5215 910 5282 Quoniam
933 5213 1147 5268 tristitia
1164 5211 1293 5266 mihi
1311 5221 1407 5277 est,
1451 5221 1498 5266 et
1519 5213 1798 5267 continuus
1820 5212 1972 5270 dolor
2003 5212 2150 5268 cordi

575 5327 710 5369 uno.
737 5311 890 5377 Esto,
927 5309 1132 5370 habeas
1173 5310 1474 5376 tristitiam,
1504 5319 1646 5376 esto,
1689 5312 1928 5368 dolorem
1969 5313 2151 5383 capias

576 5403 644 5458 de
685 5402 990 5472 perditione
1038 5401 1267 5460 fratrum
1319 5409 1560 5469 tuorum,
1619 5404 1712 5474 qui
1765 5413 1889 5459 sunt
1936 5405 2150 5475 cognati

576 5490 873 5548 secundum
895 5507 1140 5559 carnem,
1189 5493 1432 5564 nunquid
1472 5508 1538 5550 eo
1563 5510 1734 5563 usque
1756 5504 1816 5551 ut
1848 5505 2002 5566 Optes
2024 5513 2149 5552 ana-

2252 5124 2502 5179 dicuntur
2523 5121 2772 5178 Abrabm.

2323 5215 2559 5282 Quorum
2594 5224 2767 5286 patres
2804 5231 2870 5270 ea:
2913 5216 3097 5287 quibus
3133 5223 3210 5270 est
3249 5213 3492 5270 Christus
3535 5217 3824 5273 secundum

2253 5325 2482 5364 carnem.
2511 5308 2626 5364 Hoc
2675 5315 2776 5374 est,
2808 5307 3103 5372 Abraham,
3137 5307 3308 5373 Isaac,
3339 5306 3507 5364 Jacob
3532 5315 3588 5363 et
3615 5311 3823 5366 cmteri.

2254 5401 2358 5469 Qui
2381 5411 2454 5456 est
2477 5419 2631 5472 super
2651 5403 2826 5456 omnia
2847 5401 2989 5454 Deus
3012 5400 3303 5454 benedictus
3327 5402 3382 5455 in
3409 5401 3622 5456 sacula.
3651 5401 3829 5475 Super

2249 5497 2450 5563 omnia,
2482 5507 2541 5551 ut
2574 5497 2628 5550 in
2655 5495 2860 5550 nomine
2883 5491 3014 5548 Iesu
3043 5510 3192 5548 omne
3216 5509 3348 5566 genu
3372 5498 3635 5566 ﬂectatur,
3669 5498 3825 5554 acele-

578 5585 764 5644 thema
799 5585 918 5643 fieri
956 5603 992 5643 a
1035 5587 1285 5645 Christo?
1338 5587 1410 5643 Et
1445 5584 1575 5658 quid
1633 5588 1729 5644 tibi
1772 5589 1993 5658 prodest
2028 5589 2148 5644 illo-
2248 5590 2428 5655 stium,
2454 5589 2797 5653 terrestrium,
2822 5598 2870 5641 et
2899 5585 3226 5656 infernarum
3246 5585 3412 5660 (Phil.
3439 5589 3524 5662 ιι).
3548 5589 3676 5647 Haec
3697 5602 3828 5648 sunt

576 5691 702 5734 rum
742 5679 912 5748 salus,
955 5680 1002 5737 si
1055 5687 1115 5735 tu
1153 5696 1188 5736 a
1223 5681 1394 5738 salute
1452 5682 1832 5751 separaberis?
1886 5692 1942 5736 et
2002 5682 2149 5752 quod
2249 5681 2429 5736 omnia
2463 5696 2626 5751 super
2664 5695 2785 5751 quae
2818 5680 2954 5736 dixit
3002 5679 3164 5746 Deus,
3211 5680 3464 5737 Christus
3506 5689 3592 5738 est
3627 5701 3640 5738 :
3674 5683 3826 5740 nulla

573 5770 870 5830 δύναταιε
913 5772 1072 5839 alios,
1124 5772 1176 5828 si
1224 5774 1339 5844 ipse
1370 5774 1600 5843 pereas?
1641 5771 1782 5838 Non,
1823 5773 2016 5843 inquit,
2068 5774 2150 5828 ita
2248 5780 2428 5829 autem
2465 5774 2717 5830 discretio
2743 5782 2848 5841 est,
2881 5773 3012 5844 quia
3053 5774 3146 5847 qui
3173 5774 3365 5831 adorat
3395 5775 3590 5832 Filium
3627 5777 3824 5833 adorat

575 5871 677 5929 est,
725 5865 824 5926 ,αι
855 5880 960 5938 ego
1001 5880 1034 5920 α
1058 5863 1322 5937 Magistro.
1366 5873 1426 5921 et
1473 5865 1704 5922 Domino
1755 5878 1878 5922 meo
1933 5863 2144 5940 [didici]
2247 5874 2306 5922 et
2340 5865 2596 5924 Patrem:
2623 5871 2680 5921 et
2702 5865 2793 5938 qui
2826 5865 3002 5924 servit
3029 5865 3184 5932 Patri:
3203 5867 3372 5923 servit
3401 5875 3458 5922 et
3499 5867 3654 5924 Filio.
3691 5865 3826 5929 Non
