4108 6334
491 395 563 453 37
1913 391 2178 451 senum
2216 385 2405 457 scen
3677 399 3751 468 ss
3798 400 3806 406 ‘

493 525 656 582 quem
683 511 908 581 sprevit,
949 509 1110 565 simili
1135 507 1294 564 modo
1321 516 1508 564 manet
1531 507 1884 581 propositum,
1926 508 2070 576 quod
2094 509 2150 571 A
2171 525 2294 567 eum
2328 515 2471 572 Deus
2503 532 2519 573 :
2547 517 2835 576 Miserebor
2878 521 3032 591 cujus
3065 522 3311 577 misertus
3345 538 3456 577 ero.
3504 521 3661 591 Quod
3697 525 3748 581 si

487 605 774 675 proposuit
797 603 863 657 de
890 602 1003 667 illo,
1030 602 1156 672 quia
1191 601 1365 657 salute
1395 602 1642 673 indignus
1667 608 1806 656 erat.
1839 598 2072 657 Sciendo

489 699 636 753 enim
661 697 790 767 quid
810 697 1178 766 unusquisque
1203 695 1419 752 illorum
1440 703 1582 752 esset
1603 694 1869 763 facturus,
1897 696 2031 752 dixit
2055 716 2068 752 :

486 787 583 842 Ille
619 787 724 842 erit
764 787 955 856 dignus
993 787 1086 856 qui
1127 787 1232 842 erit
1261 787 1467 851 minor;
1504 793 1560 840 et
1601 786 1692 855 qui
1731 786 1836 841 erit
1877 785 2071 855 major,

393 940 404 955 .
486 878 592 932 erit
634 877 884 948 indignus
922 877 1125 942 salute;
1167 878 1271 933 hoc
1309 875 1462 947 quasi
1500 877 1779 945 praescius,
1807 893 1916 933 non
1948 893 2073 947 per-

488 990 744 1031 sonarum
773 982 1048 1044 acceptor,
1080 973 1248 1028 dicit:
1279 971 1414 1026 Nam
1440 972 1713 1026 neminem
1742 972 1961 1026 damnat
1982 988 2075 1026 an—

485 1068 703 1135 tequam
743 1074 950 1135 peccet,
979 1074 1034 1120 et
1060 1064 1265 1119 nullum
1290 1070 1517 1117 coronat
1538 1070 1829 1132 antequam
1865 1063 2067 1121 vincat.

482 1155 837 1212 Prmscientia
866 1157 1013 1212 enim
1049 1153 1331 1211 dilIinitum
1373 1153 1562 1219 habet,
1592 1154 1768 1224 qualis
1813 1155 2073 1211 uniuscu-

473 1245 675 1318 jusque
704 1247 886 1303 futura
911 1249 1160 1304 voluntas
1189 1246 1261 1302 sit
1294 1247 1348 1300 in
1377 1261 1482 1316 qua
1518 1261 1809 1302 mansurus
1837 1255 1940 1313 est,
1972 1263 2073 1318 per

479 1355 646 1408 quam
691 1340 980 1396 damnatur
1009 1347 1103 1394 aut
1142 1345 1458 1393 coronatur.
1499 1338 1741 1408 Denique
1788 1355 1927 1409 quos
1967 1341 2071 1395 scit

478 1431 536 1485 in
578 1431 723 1486 bono
763 1445 1069 1496 mansuros,
1111 1428 1427 1498 frequenter
1467 1436 1592 1483 ante
1635 1436 1761 1483 sunt
1804 1428 1930 1483 mali
1966 1445 1981 1483 :
2015 1438 2069 1485 et

479 1537 618 1598 quos
647 1523 820 1577 malos
865 1522 968 1577 scit
998 1535 1405 1591 permansuros,
1437 1519 1725 1590 aliquoties
1754 1531 1879 1574 sunt
1918 1521 2069 1591 prius

475 1612 626 1669 boni.
675 1615 829 1670 Unde
861 1622 1041 1670 cessat
1072 1613 1318 1684 querela,
1359 1613 1489 1684 quia
1526 1613 1670 1669 Deus
1712 1629 2068 1683 personarum

475 1714 732 1776 acceptor
757 1721 865 1761 non
891 1714 994 1762 est.

551 1797 732 1867 Major
756 1799 944 1852 serviet
965 1797 1176 1854 minori.
1202 1797 1455 1868 Majorem
1477 1787 1734 1869 populum
1757 1796 2063 1854 Iudaeorum

2173 603 2249 659 ita
2276 615 2377 673 est,
2407 607 2600 679 inquit,
2634 627 2739 666 non
2765 627 2895 682 ergo
2924 611 3159 678 volentis,
3189 631 3352 685 neque
3378 618 3636 671 currentis
3665 625 3750 674 est

2171 697 2336 764 salus,
2378 700 2472 755 sed
2512 698 2628 768 ejus
2667 701 2755 756 cui
2799 703 3088 758 miseretur
3136 704 3298 760 Deus.
3341 704 3484 759 Nam
3519 715 3567 760 et
3597 703 3748 762 Pha-

2171 791 2322 844 raoni
2364 792 2529 861 inquit
2560 791 2741 846 Deus:
2772 791 2911 858 Quia
2948 792 3018 847 ad
3057 795 3154 848 hoc
3189 795 3360 864 ipsum
3390 804 3438 849 te
3473 797 3746 862 suscitaui,

2171 887 2228 932 ut
2263 880 2530 934 ostendam
2560 881 2618 935 in
2645 889 2693 936 te
2730 882 2972 936 uirtutem
3008 899 3196 948 meam,
3230 891 3277 936 et
3315 893 3372 937 ut
3407 885 3752 938 annuntietur

2173 989 2356 1027 nomen
2399 991 2570 1028 meum
2604 974 2661 1028 in
2701 975 2945 1030 universa
2991 985 3153 1029 terra.
3187 975 3260 1032 Ut
3299 991 3366 1030 ex
3415 977 3519 1031 hoc
3558 976 3746 1031 videa-

2171 1072 2260 1119 tur
2305 1066 2515 1121 ostendi
2561 1067 2688 1136 quia
2727 1067 2772 1122 si
2823 1068 2891 1122 ad
2940 1068 3044 1123 hoc
3073 1067 3278 1122 electus
3307 1074 3392 1122 est
3435 1066 3645 1121 Pharao
3687 1074 3750 1120 ut

2169 1174 2267 1230 per
2300 1175 2424 1215 eum
2475 1161 2650 1216 virtus
2699 1161 2794 1216 Dei
2831 1161 3082 1217 omnibus
3125 1160 3446 1226 declaretur,
3488 1175 3596 1215 non
3645 1158 3751 1213 fuit

2171 1249 2226 1304 in
2270 1265 2367 1304 sua
2419 1259 2686 1323 potestate
2730 1253 2876 1323 quod
2927 1251 3108 1324 periit.
3157 1250 3223 1306 Et
3267 1250 3412 1306 addit
3459 1258 3582 1321 post
3630 1251 3751 1306 haec

2169 1341 2351 1396 omnia
2385 1359 2398 1396 :

2237 1432 2381 1504 Ergo
2421 1434 2573 1505 cujus
2605 1435 2712 1491 vult
2759 1436 3056 1502 miseretur,
3091 1445 3139 1490 et
3173 1452 3326 1507 quem
3353 1433 3462 1489 vult
3498 1433 3745 1488 obdurat.

2167 1521 2280 1578 Hoc
2313 1532 2428 1590 est,
2472 1525 2664 1595 inquit,
2703 1527 2846 1596 quod
2887 1526 3208 1582 asseverasti
3239 1525 3333 1596 qui
3369 1523 3699 1580 contradicis
3729 1541 3744 1578 :

2165 1617 2310 1686 quod
2358 1617 2476 1673 sine
2534 1633 2700 1674 causa
2744 1619 3111 1689 conqueritur,
3156 1627 3212 1676 et
3271 1619 3449 1690 arguit
3495 1618 3748 1673 homines

2165 1703 2328 1761 Deus.
2362 1705 2419 1761 Si
2468 1703 2621 1762 enim
2656 1709 2771 1779 ipse
2797 1723 2960 1779 quem
2987 1709 3103 1764 vult
3133 1709 3302 1780 eligit,
3342 1717 3398 1764 et
3425 1723 3584 1778 quem
3619 1708 3740 1762 vult

2165 1797 2371 1869 abjicit,
2403 1798 2675 1855 Voluntati
2699 1802 2814 1872 ejus
2842 1803 2957 1874 quis
2991 1803 3235 1857 resistet?
3270 1801 3376 1858 Per
3402 1817 3520 1871 quae
3561 1801 3746 1856 omnia

475 1887 678 1945 minori
700 1888 1013 1945 Christiano
1027 1891 1354 1962 serviturum
1370 1892 1519 1947 dicit.
1540 1890 1853 1962 Autmajor,
1878 1891 1930 1946 id
1955 1901 2058 1959 est,
2089 1875 2138 1936 B
2165 1889 2298 1946 illud
2343 1892 2460 1947 sine
2493 1893 2654 1948 dubio
2692 1895 3050 1950 contradictio
3101 1895 3204 1950 ista
3233 1894 3471 1960 molitur,
3499 1893 3644 1964 quod
3683 1893 3743 1948 in

472 1979 744 2035 ldumzeus
778 1980 1028 2052 p0pulus,
1061 1982 1246 2036 serviet
1272 1983 1495 2050 minari,
1536 1981 1592 2038 id
1619 1990 1702 2038 est
1762 1981 2061 2039 Israelitico

473 2071 696 2140 populo.

543 2161 712 2217 Jacob
743 2163 922 2227 dilexi,
954 2163 1104 2218 Esau
1129 2173 1304 2219 autem
1333 2165 1451 2219 odio
1479 2164 1660 2219 habui.
1693 2163 1833 2232 Quid
1862 2166 2060 2220 mirum

473 2264 562 2310 est
599 2255 645 2310 si
666 2254 882 2324 justitia
909 2256 1101 2328 diligat
1125 2256 1514 2324 innocentiam,
1546 2265 1599 2310 et
1627 2258 1673 2311 si
1703 2265 1921 2326 respuat
1958 2257 2062 2310 ini-

468 2348 730 2418 quitatem
759 2349 901 2419 apud
937 2363 1099 2418 quem
1144 2349 1310 2403 etiam
1351 2347 1535 2402 futura
1565 2356 1694 2403 sunt
1735 2347 1912 2403 facta?
1952 2347 2061 2404 Sed

466 2435 857 2509 requirendum
885 2455 1054 2510 quare
1078 2441 1181 2495 hoc
1214 2440 1448 2505 dicatur,
1476 2455 1599 2495 cum
1629 2439 1757 2494 alibi
1788 2441 2055 2511 scriptum

467 2531 580 2585 sit:
611 2530 736 2584 Non
779 2540 854 2584 est
880 2532 1110 2602 acceptio
1147 2547 1492 2602 personarum
1537 2531 1679 2601 apud
1708 2531 1878 2585 Deum
1921 2530 2061 2602 (Ma-

469 2619 614 2674 lach.
645 2619 709 2692 ι).
744 2619 800 2674 Si
832 2622 954 2691 quis
973 2621 1138 2678 habet
1168 2622 1304 2677 duos
1343 2621 1634 2687 debitores,
1679 2629 1734 2676 et
1764 2621 1919 2676 alteri
1944 2621 2060 2676 vult

471 2713 749 2768 dimittere
775 2713 1038 2780 debitum,
1062 2715 1130 2769 ab
1156 2714 1328 2770 altero
1352 2715 1590 2785 exigere,
1619 2715 1704 2770 cui
1731 2715 1846 2769 vult
1869 2717 2054 2781 donat,

467 2805 568 2859 scd
601 2805 874 2859 neminem
902 2804 1135 2860 fraudat.
1161 2805 1336 2862 Ambo
1362 2806 1562 2878 gemini
1605 2815 1798 2860 natura
1826 2807 1923 2860 ﬁlii
1961 2807 2057 2862 irae

469 2899 879 2952 nascebantur:
926 2898 1088 2954 nullis
1133 2899 1351 2969 quidem
1391 2897 1646 2970 operibus
1676 2899 1928 2970 propriis,
1962 2899 2056 2956 sed

469 2987 808 3056 originaliter
845 3003 913 3043 ex
937 2989 1110 3044 Adam
1138 2990 1352 3045 vinculo
1390 2992 1754 3047 damnationis
1783 2993 2051 3048 obstricti.

472 3077 584 3135 Sed
607 3080 750 3148 quod
779 3079 918 3134 dixit
945 3097 958 3134 :
996 3080 1284 3136 Miserebor
1312 3083 1398 3137 cui
1440 3085 1680 3139 misertus
1730 3101 1840 3150 ero,
1885 3083 2055 3139 Jacob

469 3169 661 3225 dilexit
708 3185 805 3242 per
840 3171 1268 3227 misericordiam
1321 3173 1634 3244 gratuitam,
1679 3174 1822 3228 Esau
1872 3183 2054 3228 autem

2162 1981 2267 2039 hoc
2290 1998 2399 2037 non
2425 1983 2497 2038 sit
2520 1983 2742 2040 libertas
2769 1987 3003 2052 arbitrii,
3030 2000 3130 2041 nec
3154 1981 3350 2041 habeat
3372 1985 3746 2056 unusquisque

2162 2076 2247 2130 sui
2272 2080 2598 2145 potestatem
2627 2084 2686 2131 ut
2716 2075 2971 2142 salvetur,
3001 2084 3095 2131 aut
3125 2085 3329 2147 pereat.
3358 2076 3504 2132 Velle
3539 2083 3594 2132 et
3618 2091 3748 2132 cur-

2163 2180 2284 2221 rere
2320 2182 2500 2222 meum
2530 2175 2642 2235 est,
2684 2169 2779 2223 sed
2820 2168 2996 2239 ipsum
3025 2163 3204 2223 meum
3248 2169 3366 2224 sine
3400 2169 3495 2224 Dei
3542 2167 3744 2225 auxilio

2162 2273 2270 2312 non
2310 2269 2396 2312 est
2429 2273 2628 2312 meum.
2677 2258 2802 2313 Non
2828 2257 3068 2324 volentis,
3113 2275 3276 2329 neque
3319 2259 3593 2323 currentis,
3633 2268 3740 2315 etc.

2161 2347 2297 2403 Cum
2320 2348 2508 2418 procul
2535 2347 2697 2404 dubio
2727 2349 2772 2404 si
2802 2350 2966 2406 homo
2992 2349 3109 2421 ejus
3130 2350 3306 2406 aetatis
3333 2358 3416 2404 est
3448 2358 3506 2405 ut
3531 2350 3744 2408 ratione

2154 2438 2269 2509 jam
2312 2447 2516 2506 utatur,
2553 2455 2662 2496 non
2706 2441 2877 2510 possit
2916 2442 3159 2508 credere,
3207 2455 3443 2513 sperare,
3493 2441 3740 2511 diligere,

2162 2529 2268 2584 nisi
2294 2528 2447 2596 velit,
2477 2545 2656 2602 neque
2684 2531 2752 2586 ad
2777 2531 3011 2601 palmam
3040 2547 3286 2602 superna:
3315 2531 3613 2588 vocationis
3639 2532 3740 2588 Dei

2161 2620 2464 2689 pervenire,
2495 2622 2599 2676 nisi
2637 2621 2916 2678 voluntate
2957 2623 3258 2679 cucurrerit
3286 2641 3298 2677 :
3329 2623 3597 2693 quomodo
3631 2637 3740 2677 non

2161 2709 2413 2776 volentis,
2452 2726 2627 2781 neque
2667 2714 2936 2768 currentis
2971 2723 3075 2779 est,
3106 2714 3210 2769 nisi
3245 2714 3386 2784 quod
3414 2713 3527 2783 ipsa
3554 2712 3744 2767 volun-

2163 2807 2264 2865 tas,
2310 2804 2452 2855 sicut
2481 2802 2742 2871 scriptum
2785 2813 2898 2870 est,
2932 2820 2964 2859 a
3004 2803 3232 2860 Domino
3266 2804 3631 2874 praeparatur?
3673 2802 3744 2857 Et

2159 2891 2217 2946 in
2243 2891 2348 2947 alio
2378 2893 2497 2948 loco
2523 2893 2814 2964 Apostolus
2838 2895 2969 2951 dicit
2993 2911 3007 2950 :
3035 2896 3176 2952 Deus
3200 2899 3360 2963 enim,
3380 2897 3469 2968 qui
3493 2904 3743 2967 operatur

2159 2981 2215 3035 in
2256 2983 2402 3037 nobis
2431 2992 2479 3038 et
2514 2983 2642 3039 veile
2682 2995 2732 3040 et
2765 2987 2990 3058 operari.
3020 2985 3237 3058 Alioqui
3268 2987 3314 3042 si
3345 2996 3631 3057 propterea
3659 2985 3742 3040 di-

2159 3081 2309 3127 ctum
2333 3082 2436 3138 est,
2467 3091 2572 3129 non
2611 3074 2845 3142 volentis,
2874 3076 2998 3146 quia
3026 3093 3094 3132 ex
3123 3087 3353 3148 utraque
3382 3077 3484 3143 sit,
3527 3077 3582 3132 id
3622 3084 3738 3141 est,

2160 3181 2229 3222 ex
2267 3167 2544 3223 voluntate
2593 3167 2829 3224 hominis
2875 3179 2932 3225 et
2963 3170 3058 3226 Dei
3105 3170 3499 3226 misericordia.
3550 3169 3622 3228 Ut
3660 3170 3740 3224 sic

471 3263 601 3318 odio
629 3241 818 3318 habuit
855 3278 954 3334 per
992 3265 1256 3335 judicium
1287 3241 1547 3321 debitum.
1591 3266 1844 3323 sentiens
1873 3278 2056 3324 autem
2083 3241 2129 3306 ο
2161 3260 2365 3317 dictum
2409 3261 2756 3330 accipiamus,
2815 3279 2920 3317 non
2962 3262 3196 3328 volentis,
3249 3279 3410 3335 neque
3454 3263 3736 3328 currentis,

473 3358 928 3427 quemadmodum
955 3359 1058 3414 hoc
1088 3359 1234 3429 quod
1257 3359 1461 3414 dictum
1485 3368 1568 3416 est
1591 3369 1932 3431 permoveret
1960 3378 2057 3418 eos

470 3448 565 3515 qui
593 3457 883 3518 penetrare
925 3449 1273 3522 intelligendo
1311 3467 1420 3507 non
1449 3460 1676 3523 possunt
1700 3453 1844 3508 hanc
1869 3453 2053 3510 altitu-

466 3539 652 3595 dinem
677 3542 884 3614 gratiae,

542 3633 681 3699 Quid
734 3651 856 3705 ergo
901 3636 1182 3691 dicemus?
1224 3636 1460 3708 nunquid
1493 3636 1743 3708 iniquitas
1786 3647 1862 3692 est
1915 3638 2056 3709 apud

466 3725 676 3779 Deum?
703 3726 894 3782 Absit?
937 3727 1200 3797 lniquitas
1229 3728 1378 3783 enim
1407 3727 1644 3794 videtur,
1681 3736 1741 3782 ut
1774 3728 1892 3784 sine
1931 3729 2056 3786 ullis

466 3815 729 3870 honorum
770 3816 1104 3872 malorumve
1142 3833 1367 3888 operum
1420 3819 1650 3885 meritis,
1693 3836 1862 3874 unum
1912 3821 2057 3876 Deus

468 3905 678 3974 diligat,
705 3905 933 3960 alterum
962 3907 1157 3960 oderit.
1205 3907 1320 3974 Qua
1350 3908 1403 3962 in
1440 3923 1518 3975 re,
1559 3910 1606 3965 si
1655 3909 1838 3964 futura
1887 3926 2054 3981 Opera

469 3994 556 4048 vel
597 3996 736 4049 bona
787 3994 938 4063 ejus,
985 3997 1070 4050 vel
1119 3997 1260 4051 mala
1311 3998 1486 4066 illius,
1536 4017 1655 4071 qua:
1691 4001 1834 4056 Deus
1867 4001 2054 4070 utique

467 4085 809 4155 praesciebat,
845 4086 1005 4143 vellet
1032 4087 1276 4159 intelligi,
1309 4104 1653 4161 nequaquam
1677 4091 1916 4146 diceret:
1949 4107 2054 4144 non

469 4191 535 4231 ea:
561 4177 818 4247 operibus,
847 4179 942 4234 sed
970 4179 1178 4236 diceret
1206 4196 1273 4236 ex
1311 4181 1508 4238 futuris
1535 4184 1792 4253 operibus
1825 4201 1837 4238 :
1878 4198 2053 4254 eoque

469 4267 632 4322 modo
659 4269 820 4324 istam
851 4270 1086 4327 solveret
1105 4274 1457 4341 quaestionem
1484 4292 1497 4328 :
1521 4273 1689 4345 Moysi
1713 4274 1857 4328 enim
1882 4274 2050 4329 dicit:

471 4359 760 4416 Miserebor
803 4364 889 4416 cui
915 4364 1156 4419 misertus
1201 4381 1288 4419 ero
1335 4365 1533 4436 (Exod.
1559 4365 1780 4436 χχχιιι).
1833 4365 1946 4421 Hoc
1997 4367 2053 4422 in

469 4448 659 4506 Exodo
703 4451 907 4508 dictum
933 4461 1035 4520 est,
1066 4455 1280 4525 quando
1308 4453 1376 4509 ad
1421 4453 1687 4509 rationem
1715 4454 1869 4510 vituli
1911 4455 2054 4511 Deus

467 4539 530 4594 in
555 4541 809 4610 p0pulum
856 4543 1138 4598 vindicare
1185 4544 1483 4614 pr0posuit.
1535 4543 1662 4599 Haec
1696 4544 1930 4600 elocutio
1976 4545 2052 4598 ita

468 4608 820 4701 intolligenda
866 4641 950 4688 est
991 4651 1004 4687 :
1053 4608 1223 4703 Cujus
1249 4608 1515 4702 justitiam
1556 4650 1678 4690 esse
1724 4647 2048 4704 cognovero,
2079 4608 2134 4668 D

473 4721 630 4791 cujus
653 4732 959 4795 promptam
988 4723 1150 4780 ﬁdem
1178 4725 1384 4789 videro,
1412 4739 1573 4794 quem
1602 4722 1888 4793 praeceptis
1918 4721 2054 4777 meis

461 4802 697 4872 'obedire
720 4832 1069 4888 perspexero,
1093 4832 1255 4887 quem
1291 4829 1468 4871 meam
1501 4814 1832 4869 voluntatem
1872 4811 2055 4868 facere

472 4909 798 4979 probavero.

459 5005 463 5012 “
547 5001 619 5057 Et
647 5003 1080 5068 misericordiam,
1125 5003 1321 5072 inquit,
1349 5001 1608 5070 prmatabo
1638 5003 1723 5056 cui
1753 5003 2053 5058 miserebor.

472 5091 534 5148 Id
568 5103 672 5159 est,
703 5109 827 5150 cum
855 5093 1107 5150 collatam
1149 5108 1179 5145 a
1211 5092 1322 5146 Deo
1363 5091 1797 5146 misericordiam
1840 5093 2054 5150 subdita

475 5191 532 5237 et
573 5183 798 5239 sollicita
842 5193 1023 5238 mente
1049 5180 1369 5244 servaverit,
1397 5179 1714 5248 ampliorem
1758 5196 2054 5251 conseque-

475 5280 582 5327 tur.
622 5271 796 5342 Igitur
824 5289 928 5326 non
973 5268 1218 5332 volentis,
1251 5284 1411 5338 neque
1453 5271 1728 5335 currentis,
1764 5271 1854 5324 sed
1894 5273 2051 5327 mise-

475 5365 636 5420 rentis
681 5372 755 5418 est
783 5361 900 5415 Dei.
949 5361 1027 5412 Ex
1057 5373 1288 5428 persona
1330 5359 1752 5416 contradicentis
1780 5361 1881 5415 sibi
1921 5362 2052 5418 dicit

459 5445 803 5527 iApostolus:
841 5448 1094 5517 Nunquid
1143 5447 1390 5518 iniquitas
1437 5459 1512 5503 est
1563 5449 1703 5520 apud
1751 5449 1961 5505 Deum?
1995 5459 2052 5507 et

475 5548 651 5603 initiis
696 5541 1021 5610 respondet:
1052 5539 1222 5606 Absit,
1254 5551 1314 5596 ut
1355 5541 1421 5597 ad
1453 5542 1636 5597 omnia
1683 5552 1900 5610 caetera,
1929 5560 2049 5614 qum

478 5654 546 5693 ex
584 5646 811 5704 persona
841 5632 1260 5688 contradicentis
1289 5632 1592 5704 objicienda
1622 5643 1767 5701 sunt,
1810 5637 1879 5691 ab
1906 5634 2050 5706 Apo-

479 5725 619 5781 stolo
643 5737 856 5793 semper
900 5726 1211 5793 responderi
1254 5727 1501 5782 videatur
1534 5744 1546 5780 :
1591 5727 1757 5781 Absit.
1785 5727 1892 5783 lste
1922 5743 2049 5798 ergo

479 5821 572 5890 Qui
609 5821 933 5877 contradicit
957 5823 1126 5880 utitur
1154 5823 1322 5895 Moysi
1364 5825 1565 5892 verbis,
1601 5825 1798 5894 quibus
1826 5823 1957 5880 dicit
1980 5825 2048 5882 ad

2161 3365 2416 3424 tanquam
2469 3355 2758 3419 diceretur,
2804 3353 2923 3410 Non
2971 3353 3167 3411 suliicit
3208 3355 3444 3411 hominis
3486 3353 3736 3409 voluntas

2161 3446 2297 3512 sola,
2333 3447 2381 3502 si
2421 3462 2530 3502 non
2563 3448 2634 3502 sit
2678 3447 2842 3502 etiam
2887 3447 3255 3503 misericordia
3304 3447 3441 3503 Dei:
3469 3462 3577 3503 non
3606 3461 3736 3518 ergo

2159 3535 2357 3592 sufficit
2382 3535 2495 3591 sola
2519 3537 2892 3592 misericordia
2920 3537 3040 3605 Dei,
3066 3538 3169 3594 nisi
3200 3539 3270 3594 sit
3291 3539 3459 3595 etiam
3490 3539 3737 3593 voluntas

2159 3628 2416 3684 hominis.
2446 3628 2520 3685 Ac
2557 3645 2654 3699 per
2696 3631 2796 3686 hoc
2822 3630 2868 3685 si
2901 3640 3051 3687 recte
3090 3631 3294 3686 dictum
3335 3639 3420 3686 est
3451 3646 3466 3686 :
3501 3629 3619 3686 Non
3642 3645 3738 3684 vo-

2158 3720 2318 3776 lentis
2359 3721 2616 3788 hominis,
2658 3723 2752 3779 sed
2780 3723 3087 3779 miserentis
3115 3723 3211 3778 Dei
3254 3730 3358 3790 est,
3402 3723 3531 3793 quia
3564 3721 3618 3777 id
3641 3736 3736 3776 vo-

2158 3809 2337 3867 luntas
2363 3813 2599 3869 hominis
2629 3814 2740 3869 sola
2767 3832 2874 3870 non
2907 3816 3114 3886 implet,
3141 3830 3238 3870 cur
3269 3830 3375 3870 non
3404 3830 3435 3870 e
3468 3813 3737 3870 contrario

2159 3909 2306 3956 recte
2333 3903 2566 3958 dicitur:
2597 3903 2715 3958 Non
2742 3906 3050 3960 miserentis
3073 3905 3188 3968 Dei,
3217 3905 3311 3959 sed
3340 3903 3631 3958 voluntatis
3654 3910 3740 3958 est

2158 3993 2428 4048 hominis?
2453 3995 2578 4062 quia
2603 3994 2656 4046 id
2684 3994 3054 4049 misericordia
3082 3994 3177 4048 Dei
3205 4009 3310 4047 non
3339 3992 3538 4061 implet.
3565 3991 3738 4047 Porro

2158 4083 2206 4138 si
2229 4083 2405 4138 nullus
2425 4084 2606 4139 dicere
2631 4083 2972 4139 Christianus
2998 4083 3254 4138 audebit:
3282 4081 3400 4137 Non
3425 4082 3736 4139 miserentis

2157 4173 2254 4230 Dei
2280 4181 2384 4239 est,
2423 4173 2518 4228 sed
2563 4173 2856 4227 voluntatis
2887 4173 3141 4239 hominis,
3186 4185 3255 4228 ne
3281 4172 3536 4244 Apostolo
3580 4189 3738 4244 aper-

2157 4264 2366 4321 tissime
2389 4263 2744 4328 contradicat,
2772 4271 2944 4318 restat
2964 4273 3021 4320 ut
3048 4270 3335 4334 propterea
3362 4271 3508 4319 recte
3533 4264 3734 4320 dictum

2158 4359 2521 4430 intelligatur:
2560 4374 2664 4412 non
2706 4355 2944 4424 volentis,
2985 4373 3146 4428 neque
3189 4358 3469 4425 currentis,
3508 4374 3598 4412 sea
3639 4357 3736 4412 Dei

2156 4453 2470 4516 miserentis,
2496 4458 2557 4504 ut
2598 4457 2772 4505 totum
2803 4448 2962 4505 detur
2989 4449 3122 4514 Deo,
3153 4449 3245 4520 qui
3277 4449 3510 4505 hominis
3547 4449 3736 4506 volun-

2157 4546 2329 4595 tatem
2369 4540 2568 4595 bonam
2593 4548 2867 4610 prmparat
2903 4537 2972 4594 ad
3001 4537 3384 4608 adjuvandum,
3415 4547 3472 4595 et
3515 4539 3735 4611 adjuvat

2157 4642 2536 4705 praeparatam.
2568 4633 2830 4689 Praecedit
2859 4633 3006 4689 enim
3045 4634 3187 4689 bona
3212 4633 3462 4688 voluntas
3501 4633 3736 4689 hominis

2158 4721 2330 4777 multa
2361 4722 2457 4777 Dei
2503 4724 2666 4789 dona,
2707 4723 2802 4778 sed
2843 4738 2951 4777 non
2990 4722 3211 4778 omnia:
3241 4737 3361 4792 quae
3401 4732 3580 4779 autem
3625 4739 3734 4780 non

2157 4815 2416 4887 praecedit
2463 4815 2601 4886 ipsa,
2649 4815 2706 4870 in
2745 4814 2826 4870 eis
2865 4822 2950 4870 est
2990 4823 3047 4869 et
3090 4815 3246 4886 ipsa:
3277 4830 3404 4870 nam
3444 4824 3736 4886 utrumque

2155 4905 2356 4974 legitur
2381 4905 2438 4960 in
2463 4906 2666 4962 sanctis
2693 4904 2924 4975 eloquiis
2948 4922 2961 4958 :
2987 4904 3057 4959 Et
3078 4905 3440 4960 misericordia
3465 4905 3579 4975 ejus
3603 4922 3738 4976 pra:-

2159 4995 2324 5049 veniet
2351 4997 2457 5060 me,
2486 5002 2532 5048 et
2562 4993 2925 5048 misericordia
2967 4993 3082 5064 ejus
3114 4994 3454 5064 subsequetur
3495 5011 3609 5058 me;
3639 5010 3736 5049 no-

2157 5085 2360 5140 lentem
2401 5085 2662 5156 praevenit
2704 5092 2764 5139 ut
2793 5085 2943 5152 velit,
2973 5086 3244 5143 volentem
3291 5085 3640 5156 subsequitur
3667 5101 3737 5141 ne

2155 5177 2361 5233 frustra
2399 5177 2548 5232 velit.
2575 5175 2683 5231 Cur
2721 5176 2864 5232 enim
2897 5177 3252 5233 admonemur
3293 5192 3452 5233 orare
3490 5193 3590 5248 pro
3633 5178 3735 5234 ini-

2157 5270 2317 5325 micis
2361 5270 2584 5336 nostris,
2620 5269 2809 5339 utique
2835 5269 3146 5325 volentibus
3174 5269 3263 5340 pie
3288 5269 3493 5338 vivere,
3526 5271 3630 5326 nisi
3675 5279 3736 5326 ut

2156 5363 2300 5418 Deus
2321 5368 2573 5432 cperetur
2601 5361 2652 5414 in
2680 5361 2760 5415 eis
2801 5367 2858 5416 et
2881 5359 3050 5414 velle?
3074 5359 3208 5413 Item
3240 5374 3340 5414 cur
3378 5359 3737 5416 admonemur

2155 5460 2341 5524 petere
2369 5462 2430 5507 ut
2474 5452 2823 5522 accipiamus,
2855 5450 2961 5505 nisi
2998 5457 3058 5504 ut
3089 5451 3156 5507 ab
3195 5450 3286 5507 illo
3326 5449 3424 5506 ﬁat
3462 5453 3608 5523 quod
3636 5469 3734 5509 vo-

2155 5545 2352 5612 lumus,
2387 5562 2417 5600 a
2447 5561 2552 5615 quo
2581 5542 2781 5599 factum
2827 5550 2910 5598 est
2948 5549 3008 5596 ut
3041 5543 3301 5599 velimus?
3329 5543 3561 5600 Oremus
3602 5560 3734 5617 ergo

2153 5651 2254 5706 pro
2281 5636 2514 5691 inimicis
2541 5635 2762 5698 nostris,
2797 5641 2856 5686 ut
2881 5633 3253 5690 misericordia
3277 5635 3396 5706 ejus
3434 5637 3732 5706 prmveniat

2156 5743 2270 5793 eos,
2297 5728 2434 5782 sicut
2460 5727 2719 5797 prtcvenit
2742 5738 2860 5778 nos.
2885 5722 3114 5780 Oremus
3141 5741 3238 5797 pro
3269 5725 3447 5792 nobis,
3472 5736 3534 5781 ut
3568 5726 3730 5782 misc-

2156 5821 2390 5880 ricordia
2431 5818 2547 5887 ejus
2591 5816 2952 5886 subsequatur
2995 5833 3113 5876 nos;
3165 5819 3296 5875 Item
3340 5836 3446 5874 non
3493 5817 3728 5887 volentis,
