4108 6334
258 468 326 525 89

1345 449 1679 511 COLLECT.
1715 449 1783 505 IN
1821 448 2036 505 EPIST.
2077 448 2170 505 AD
2205 450 2373 509 ROM.

3429 455 3537 517 ωε.

258 602 418 658 neque
471 583 768 648 currentis;
798 595 926 636 nam
971 579 1145 634 libero
1194 573 1418 631 arbitrio
1465 572 1608 628 male
1666 577 1827 624 utens
1851 570 1907 630 Α
1929 576 1986 623 et
2011 583 2108 637 per
2131 569 2415 640 judicium,
2448 583 2607 639 quem
2631 569 2746 626 vult
2769 571 3031 639 obdurat,
3061 587 3165 629 nec
3190 581 3371 628 tamen
3401 574 3508 630 ini-

259 695 438 745 nomo,
466 686 522 733 et
564 692 622 732 se
656 675 910 746 perdidit,
945 681 1001 727 et
1027 673 1223 742 ipsum.
1269 667 1422 724 Sicut
1459 665 1603 721 enim
1632 663 1724 732 qui
1767 675 1828 716 se

258 770 475 834 occidit,
516 769 701 838 utique
731 766 961 821 vivendo
987 778 1046 820 se
1069 762 1286 827 occidit,
1315 758 1409 816 sed
1438 773 1495 814 se
1533 754 1829 812 occidendo

258 875 364 916 non
407 859 567 923 vivit,
598 873 774 928 neque
814 856 1049 926 seipsum
1096 852 1294 923 poterit
1333 849 1658 905 resuscitare
1707 859 1830 902 cum

256 948 519 1005 occiderit
555 965 568 1000 ε
607 948 683 1001 ita
731 961 854 1000 cum
889 943 1058 999 libero
1102 941 1327 1008 arbitrio
1371 948 1709 1010 peccaretur,
1749 937 1832 990 vi-

255 1051 405 1098 ctore
429 1048 653 1111 peccato
676 1039 934 1093 amissum
953 1044 1034 1091 est
1052 1034 1282 1089 liberum
1307 1032 1622 1087 arbitrium:
1646 1047 1679 1082 a
1705 1045 1828 1100 quo,

255 1134 400 1190 enim
438 1133 553 1203 quis
591 1131 820 1183 devictus
849 1137 950 1193 est,
991 1127 1112 1181 huic
1141 1134 1188 1179 et
1223 1140 1398 1179 servus
1441 1121 1680 1176 addictus
1721 1127 1827 1184 est,

255 1224 351 1278 sed
380 1221 447 1275 ad
476 1218 919 1275 benefaciendum
946 1217 1050 1272 ista
1079 1215 1303 1269 libertas
1329 1213 1473 1268 unde
1497 1211 1600 1266 erit
1625 1207 1831 1265 homini

254 1313 471 1369 addicto
494 1319 550 1365 et
584 1310 821 1374 vendito,
851 1307 954 1362 nisi
988 1306 1239 1370 redimat,
1269 1304 1422 1375 cujus
1457 1302 1544 1357 illa
1573 1316 1678 1355 vox
1705 1306 1827 1355 est:

255 1404 318 1461 Si
346 1398 431 1459 vos
462 1402 633 1457 Filius
661 1400 971 1465 liberaverit,
997 1415 1114 1454 vere
1138 1397 1287 1452 liberi
1332 1396 1475 1451 eritis
1499 1409 1517 1447 :
1543 1394 1656 1464 Ego
1680 1392 1834 1464 plan-

253 1499 382 1563 tavi,
413 1495 597 1568 Apollo
627 1496 842 1566 rigavit,
872 1493 1014 1547 Deus
1043 1500 1215 1546 autem
1250 1491 1625 1544 incrementum
1665 1486 1827 1540 dedit.

253 1587 358 1655 Qui
385 1586 499 1641 vult
522 1594 575 1640 et
601 1569 692 1655 qui
722 1583 910 1648 currit,
945 1583 1049 1637 hoc
1075 1581 1289 1636 videtur
1311 1593 1433 1634 esse
1459 1576 1602 1647 quod
1633 1582 1716 1630 est
1742 1573 1858 1648 ille

252 1680 349 1750 qui
373 1679 614 1750 plantat:
645 1683 700 1731 et
723 1691 846 1730 eum
873 1675 965 1744 qui
997 1673 1138 1744 rigat
1176 1671 1252 1726 nil
1293 1684 1412 1726 esse
1442 1667 1573 1725 dicit
1598 1667 1830 1736 Aposto-

254 1772 361 1839 lus,
386 1787 493 1826 non
525 1784 632 1841 quo
660 1767 798 1823 nihil
836 1767 1092 1831 habeant,
1123 1764 1218 1819 sed
1269 1760 1446 1833 quoad
1475 1757 1832 1828 comparatio-

253 1879 380 1920 nem
416 1864 513 1918 Dei
566 1862 657 1932 qui
687 1862 1083 1916 incrementum
1127 1855 1277 1926 operi
1317 1854 1402 1909 vel
1433 1851 1686 1908 effectum
1715 1849 1827 1912 dat,
1856 1849 1862 1860 '

1931 676 2036 731 que
2068 659 2270 731 aliquid
2300 661 2451 717 facit.
2475 661 2570 719 Vis
2595 663 2739 719 scire
2759 665 2886 735 quia
2915 665 3096 720 divina
3126 665 3425 722 moderatio
3448 666 3507 721 in

1929 752 2211 808 Pharaone
2239 768 2458 808 causam
2486 755 2749 811 induratae
2772 756 2969 811 mentis
2995 765 3250 826 operatur
3279 774 3293 810 :
3323 757 3376 811 id
3401 764 3510 822 est,

1930 845 2045 915 ipse
2072 843 2281 900 Pharao
2309 845 2364 899 in
2392 846 2577 902 decem
2603 845 2776 919 plagis
2801 848 3010 918 positus
3043 862 3167 903 cum
3197 856 3516 918 percutere—

1931 946 2039 1002 tur,
2071 935 2446 1008 mitigabatur;
2476 954 2598 994 eum
2631 939 2986 1006 relaxaretur,
3016 939 3421 1010 ingravabatur,
3444 954 3518 994 ae

1931 1027 2154 1098 impium
2183 1027 2364 1082 divina
2391 1030 2652 1085 severitas
2678 1031 3002 1095 inclinabat,
3035 1031 3248 1086 bonitas
3276 1031 3522 1086 obdura.-

1931 1119 2026 1176 bat
2053 1139 2066 1175 :
2092 1121 2390 1191 castigante
2421 1121 2531 1176 Deo
2559 1123 2846 1192 populum,
2883 1123 3207 1189 dimittebat,
3237 1131 3391 1194 parte
3413 1137 3520 1178 re--

1932 1213 2182 1269 vocabat.
2222 1213 2510 1283 Perspicue
2537 1215 2804 1282 quomodo
2832 1215 3085 1270 rebellem
3119 1215 3367 1284 spiritum
3397 1227 3524 1270 cae-—

1933 1304 2084 1361 lestis
2112 1305 2315 1384 lenitas
2328 1305 2576 1369 obdurat,
2601 1307 2985 1361 accedentibus
3009 1307 3244 1362 mitescit
3266 1305 3522 1377 ﬂagellisr

1933 1397 2312 1454 recedentibus
2350 1396 2644 1452 insolescit.
2681 1398 2777 1452 Dei
2816 1399 3074 1467 patientia
3112 1390 3394 1454 induratus
3430 1405 3529 1452 est-

1934 1491 2178 1557 Pharao,
2216 1489 2460 1545 cessante
2498 1489 2643 1544 enim
2680 1489 2835 1561 plaga
2871 1489 2968 1544 Dei
3005 1490 3190 1545 durior
3224 1488 3418 1553 ﬁebat;
3462 1496 3520 1544 et

1934 1583 2182 1655 quamvis
2221 1581 2385 1636 sciret
2419 1595 2544 1635 eum
2579 1594 2685 1633 non
2721 1579 2993 1645 converti,
3032 1587 3213 1634 tamen
3251 1578 3415 1632 etiam
3460 1577 3520 1631 in
3617 1611 3628 1618 -

1934 1675 2053 1746 ipso
2083 1689 2235 1729 suam
2266 1672 2608 1728 clementiam
2635 1671 2807 1726 voluit
2833 1671 3224 1727 demonstrare.
3249 1670 3320 1724 Et
3342 1678 3400 1724 ut
3423 1686 3522 1724 an-

1934 1766 2205 1821 nuntietur
2234 1781 2422 1818 nomen
2457 1779 2629 1818 meum
2659 1763 2712 1815 in
2742 1763 2985 1818 universa
3018 1771 3180 1817 terra.
3223 1762 3293 1818 Ut
3330 1763 3387 1816 in
3416 1764 3522 1817 hoc

1935 1865 2145 1911 caetera:
2185 1863 2372 1926 gentes
2416 1853 2756 1909 addiscerent
2804 1869 2912 1908 non
2971 1868 3095 1909 esse
3143 1853 3310 1908 alium
3349 1853 3523 1908 Deum

254 1955 334 2010 illi
373 1955 507 2010 nihil
542 1969 662 2008 esse
691 1953 978 2007 ducantur.
1010 1947 1150 2014 Quia
1177 1948 1234 2000 in
1278 1945 1374 1998 hoc
1401 1945 1571 2014 ipsum
1612 1950 1660 1994 te
1689 1939 1832 1994 exci-
1859 1932 1908 1992 Β
1935 1957 2134 2020 pra-ater
2158 1949 2301 2002 hunc
2329 1947 2422 2018 qui
2442 1946 2750 2001 Judmorum
2779 1958 2897 2002 erat,
2925 1961 2940 2002 ε
2973 1947 3041 2001 ad
3062 1947 3166 2002 hoc
3186 1961 3315 2017 ergo
3340 1961 3529 2001 serva,—

251 2044 362 2098 tavi
405 2054 460 2097 ut
509 2041 779 2097 ostendam
820 2041 875 2092 in
921 2048 970 2092 te
1008 2039 1251 2091 virtutem
1293 2051 1482 2088 meam.
1511 2032 1625 2087 Hoc
1652 2038 1833 2085 autem

251 2135 386 2191 fecit
437 2135 580 2190 Deus
631 2147 782 2187 more
833 2129 1217 2201 sapientissimi
1262 2123 1696 2198 patrisfamilias,
1741 2120 1836 2191 qui

250 2228 548 2297 unicuique
589 2239 868 2281 servorum
895 2237 1118 2276 suorum
1147 2234 1311 2290 opera
1340 2216 1630 2297 virtutibus
1666 2221 1720 2269 et
1747 2229 1835 2268 ar-

251 2320 404 2375 tibus
435 2332 622 2372 eorum
663 2313 1035 2371 convenientia
1063 2309 1331 2381 proponit.
1367 2287 1424 2363 Si
1449 2307 1572 2378 quis
1603 2321 1732 2360 vero
1756 2305 1837 2358 in-

249 2412 516 2468 obcdiens
562 2418 617 2464 et
666 2407 880 2462 rebellis
933 2405 1130 2474 corrigi
1183 2401 1503 2457 verberibus
1564 2396 1830 2460 noluerit,

251 2519 415 2576 paena
459 2501 618 2573 digna
659 2501 708 2555 ei
743 2498 1081 2569 promittitur
1105 2502 1160 2549 et
1186 2508 1356 2557 mors,
1387 2499 1449 2546 ut
1481 2489 1663 2545 caeteri
1689 2486 1835 2543 servi

253 2597 378 2652 illas
411 2609 602 2665 poenas
627 2593 862 2655 videant,
890 2598 944 2644 et
973 2597 1178 2644 terrore
1203 2583 1439 2654 correpti
1466 2580 1662 2637 similia
1691 2594 1840 2634 com-

254 2689 476 2745 mittere
516 2703 622 2742 non
673 2685 922 2740 audeant.
953 2681 1045 2737 Sic
1071 2681 1326 2736 nimirum
1356 2679 1568 2732 Pharao
1597 2673 1834 2737 rebellis,

253 2781 550 2850 decemque
594 2777 767 2848 plagis
810 2790 1120 2847 percussus,
1162 2772 1358 2843 corrigi
1393 2786 1499 2826 non
1524 2769 1708 2832 valuit,
1743 2768 1840 2821 do-

254 2886 356 2927 nec
394 2871 528 2924 iram
552 2866 750 2937 judicis
771 2866 1022 2927 emeruit,
1055 2880 1154 2934 per
1192 2879 1354 2934 quam
1385 2878 1542 2916 suum
1582 2859 1838 2931 pepulum

257 2961 547 3017 emendare
587 2960 728 3013 Deus
757 2957 946 3012 voluit.
995 2955 1266 3010 Ponamus
1302 2970 1431 3025 ergo
1468 2950 1840 3022 patremfami-

255 3052 354 3107 lias
388 3052 570 3116 istum,
614 3051 670 3104 id
699 3056 783 3104 est
810 3047 999 3113 Deum,
1029 3047 1114 3102 vel
1149 3063 1352 3118 regem,
1380 3046 1579 3100 vidisse
1625 3053 1840 3113 tempus

255 3159 361 3215 quo
389 3141 665 3199 emendari
695 3141 955 3196 deberent
995 3139 1048 3193 hi
1077 3138 1168 3208 qui
1198 3138 1255 3191 in
1301 3135 1419 3206 ejus
1460 3149 1639 3190 mores
1665 3149 1729 3188 ac
1758 3133 1841 3187 di-

255 3236 538 3306 sciplinam
585 3232 753 3287 multa
796 3231 1212 3294 commiserant,
1261 3236 1316 3283 et
1365 3227 1444 3282 eis
1481 3226 1695 3281 dedisse
1734 3223 1838 3278 ali-

255 3343 417 3400 quem
449 3325 818 3400 durissimum,
846 3330 903 3376 et
931 3321 1015 3376 his
1039 3320 1170 3390 ipsis
1215 3319 1308 3389 qui
1335 3317 1664 3386 corripiendi
1709 3323 1839 3370 sunt
1869 3294 1914 3359 C

255 3417 425 3473 multo
453 3416 746 3479 duriorem,
777 3413 869 3484 qui
900 3427 1000 3483 pro
1029 3409 1324 3466 sceleribus
1352 3408 1465 3463 suis
1490 3406 1602 3476 jam
1627 3422 1737 3461 non
1768 3404 1839 3459 sit

254 3510 450 3582 dignus
491 3508 886 3571 emendatione,
926 3505 1021 3560 sed
1061 3512 1256 3558 morte.
1297 3500 1494 3556 Volens
1529 3515 1658 3554 vero
1695 3499 1840 3553 inte-

253 3602 424 3656 ritum
449 3598 566 3667 ejus
612 3599 678 3652 ad
711 3596 1145 3652 emendationem
1173 3593 1444 3664 prolicere
1481 3599 1837 3653 caeterorum,

255 3691 429 3745 mittit
453 3704 576 3744 eum
602 3690 667 3743 ad
697 3689 816 3743 illos
842 3703 978 3757 quos
1006 3695 1180 3741 morte
1205 3684 1322 3753 ejus
1353 3683 1552 3752 corrigi
1587 3683 1756 3751 cupit,
1785 3690 1843 3736 et

253 3781 391 3837 dicit
414 3781 463 3835 ei
493 3798 507 3835 :
541 3780 673 3847 Quia
709 3780 775 3833 ad
803 3780 898 3833 hoc
937 3780 1106 3850 ipsum
1133 3777 1355 3831 excitavi
1385 3785 1453 3841 te,
1496 3783 1554 3827 ut
1599 3773 1842 3828 ostende-

255 3891 368 3928 rem
394 3873 448 3926 in
484 3881 532 3925 te
555 3871 792 3925 virtutem
818 3886 1008 3925 meam.
1035 3869 1169 3924 Vide
1203 3867 1348 3922 enim
1375 3867 1519 3936 quod
1545 3881 1652 3920 non
1680 3864 1841 3929 dixit,

254 3965 338 4021 Ad
378 3965 556 4034 ipsum
597 3973 650 4018 te
692 3962 830 4028 feci,
864 3977 932 4019 ne
960 3963 1028 4017 ad
1073 3960 1412 4016 conditorem
1453 3957 1644 4013 referri
1685 3957 1842 4027 culpa

253 4058 555 4122 videretur,
583 4056 678 4110 sed
709 4056 820 4110 ait:
854 4053 934 4108 Ad
962 4053 1060 4109 hoc
1088 4054 1258 4123 ipsum
1287 4060 1336 4105 te
1363 4050 1627 4115 suscitari,
1653 4059 1714 4104 ut
1745 4065 1849 4119 per

256 4148 423 4202 animi
451 4148 526 4201 tui
551 4146 835 4211 malitiam,
861 4160 1022 4215 quam
1049 4143 1276 4198 infrenis
1303 4149 1358 4197 et
1383 4143 1500 4197 sine
1525 4141 1621 4195 Dei
1649 4141 1849 4195 timore

258 4239 488 4294 vivendo
513 4238 786 4308 quaesisti,
815 4244 871 4292 et
900 4237 956 4291 in
989 4235 1123 4290 alios
1149 4235 1420 4304 irrogetur
1449 4231 1596 4287 utilis
1629 4247 1695 4286 ac
1729 4229 1848 4284 fru-

258 4339 445 4388 ctuosa
496 4329 792 4395 correctio,
838 4328 986 4383 etin
1031 4335 1085 4381 te
1132 4327 1344 4396 ipsum,
1392 4323 1460 4378 ad
1506 4321 1846 4392 posteritatis

258 4422 587 4492 exemplum,
619 4419 1010 4475 famosissimus
1052 4416 1362 4472 conferatur
1405 4415 1677 4469 interitus.
1708 4411 1847 4467 Cum

259 4513 356 4570 Dei
398 4512 828 4568 misericordiam
855 4509 1303 4573 commendasset,
1343 4507 1397 4560 in
1427 4521 1492 4560 eo
1535 4506 1678 4576 quod
1723 4505 1844 4558 ait:

175 4674 178 4676 γ
262 4605 388 4660 Νοη
415 4604 651 4666 volentis,
681 4621 845 4675 neque
876 4602 1152 4668 currentis,
1181 4600 1272 4656 sed
1299 4598 1590 4654 miserentis
1619 4607 1694 4651 est
1723 4596 1842 4661 Dei,

259 4697 476 4762 deinde,
500 4704 560 4750 ut
586 4696 748 4750 etiam
777 4694 1182 4749 commendaret
1201 4691 1488 4760 judicium,
1511 4690 1767 4760 quoniam
1790 4688 1847 4742 in

256 4804 372 4860 quo
411 4803 519 4842 non
548 4787 610 4840 ﬁt
649 4783 1040 4850 misericordia,
1075 4797 1180 4837 non
1230 4781 1486 4851 iniquitas
1514 4780 1595 4844 ﬁt,
1633 4778 1727 4834 sed
1759 4778 1847 4847 ju-

258 4879 468 4934 dicium
515 4878 750 4933 debitum
791 4891 806 4931 :
853 4891 960 4932 non
1009 4885 1093 4931 est
1144 4875 1342 4945 quippe
1388 4872 1648 4943 iniquitas
1704 4871 1847 4939 apud

260 4974 474 5039 Deum,
510 4972 766 5026 continuo
812 4968 1089 5037 subjunxit
1131 4976 1294 5038 atque
1334 4967 1410 5020 ait
1454 4984 1468 5020 :
1512 4964 1652 5018 Dicit
1707 4964 1846 5018 enim

263 5063 544 5133 Scriptura
572 5059 882 5115 Pharaoni:
916 5058 1054 5124 Quia
1082 5059 1137 5111 in
1164 5059 1260 5111 hoc
1293 5067 1342 5110 te
1369 5054 1608 5111 excitavi.
1640 5053 1847 5120 Quibus

263 5155 424 5210 dictis
448 5163 682 5223 utraque
724 5150 1068 5213 concludens,
1101 5149 1155 5202 id
1184 5155 1298 5211 est,
1317 5149 1383 5202 ad
1413 5146 1846 5202 misericordiam

262 5254 320 5302 et
344 5245 636 5316 judicium.
682 5243 856 5314 Ergo,
891 5240 1096 5310 inquit,
1128 5238 1278 5308 cujus
1315 5238 1420 5292 vult
1461 5239 1757 5303 miseretur,
1800 5245 1850 5292 et

261 5353 417 5410 quem
453 5334 562 5389 vult
600 5335 844 5389 obdurat.
887 5333 1174 5387 Miserctur
1210 5329 1418 5386 scilicet
1463 5347 1658 5401 magna
1696 5332 1852 5387 boni-

263 5435 408 5492 tate,
438 5433 497 5480 et
519 5424 752 5480 obdurat
779 5422 923 5478 nulla
953 5422 1242 5493 iniquitate
1260 5463 1275 5488 ,
1308 5429 1366 5475 ut
1391 5436 1566 5491 neque
1591 5422 1853 5478 liberatus

265 5517 335 5572 de
377 5516 492 5572 suis
528 5515 740 5571 meritis
783 5514 1061 5585 glorietur,
1107 5527 1284 5583 neque
1324 5511 1610 5567 damnatus
1646 5513 1751 5567 nisi
1787 5513 1854 5567 de

266 5606 384 5661 suis
411 5606 624 5661 meritis
652 5611 1016 5674 conqueratur
1051 5622 1062 5657 :
1095 5603 1208 5660 sola
1243 5604 1389 5660 enim
1426 5603 1602 5676 gratia
1641 5605 1854 5660 redem-

265 5713 394 5778 ptos
422 5703 686 5760 discernit
728 5718 759 5756 a
793 5701 1051 5772 perditis,
1079 5717 1214 5772 quos
1247 5701 1304 5757 in
1342 5716 1506 5756 unam
1535 5699 1852 5771 perditionis

269 5802 668 5852 concreaverat
692 5809 927 5849 massam
945 5833 961 5859 ,
993 5793 1060 5848 ab
1083 5793 1294 5865 origine
1317 5793 1478 5848 ducta
1515 5807 1680 5848 causa
1705 5808 1854 5850 com-

272 5886 448 5942 muni.
481 5884 626 5953 Ergo
657 5899 755 5955 per
795 5884 1253 5955 misericordiam,
1280 5884 1368 5941 cui
1397 5884 1512 5942 vult
1544 5883 1851 5957 miseretur,

1939 2046 2026 2092 tus
2053 2043 2137 2091 est
2161 2036 2390 2099 Pharao,
2425 2044 2484 2089 ut
2505 2035 2673 2090 multa
2705 2037 2856 2105 signa
2891 2044 2947 2091 et
2969 2036 3139 2108 plagae
3167 2037 3533 2092 ostenderen-

1939 2138 2031 2185 tur
2061 2130 2117 2183 in
2142 2129 2254 2194 illo,
2283 2130 2436 2199 quasi
2455 2129 2567 2199 jam
2595 2138 2810 2184 mortuo
2834 2148 2847 2183 :
2875 2130 3166 2200 suscitatus
3187 2140 3364 2186 autem
3392 2129 3537 2184 dicit.

1941 2220 1991 2276 ei
2032 2220 2158 2290 quia
2203 2235 2324 2274 cum
2368 2218 2509 2289 apud
2545 2219 2714 2274 Deum
2756 2229 3003 2275 mortuus
3033 2230 3211 2285 esset,
3249 2220 3532 2275 modicum

1942 2323 2156 2383 tempus
2185 2316 2391 2381 accepit
2420 2321 2477 2365 ut
2500 2313 2682 2367 vivere
2710 2313 3005 2368 videretur.
3038 2313 3178 2378 Quid
3209 2315 3371 2384 igitur
3397 2330 3529 2384 que-

1942 2405 2080 2457 ritur
2116 2403 2328 2456 adhuc?
2364 2402 2643 2471 Tanquam
2673 2415 2959 2472 propterea
2988 2420 3094 2458 non
3130 2406 3379 2460 videatur
3406 2420 3528 2460 esse

1939 2492 2115 2548 malus
2147 2492 2474 2562 culpandus,
2515 2494 2643 2564 quia
2682 2494 2824 2549 Deus
2857 2495 2945 2549 cui
2983 2495 3098 2550 vult
3134 2497 3442 2563 miseretur,
3471 2505 3530 2552 et

1942 2601 2101 2655 quem
2137 2586 2253 2640 vult
2278 2586 2529 2642 obdurat.
2563 2585 2607 2642 0
2637 2588 2825 2655 homo,
2865 2599 2922 2642 tu
2960 2591 3075 2660 quis
3103 2607 3155 2644 es
3183 2593 3275 2662 qui
3315 2607 3532 2662 respon-

1942 2675 2068 2730 deas
2092 2675 2242 2730 Deo?
2270 2675 2384 2732 Hoc
2407 2677 2526 2733 loco
2553 2679 2772 2748 quidam
2802 2679 2952 2734 stulti
2981 2689 3175 2751 putant
3206 2680 3528 2752 Apostolqu

1943 2769 2000 2824 in
2027 2772 2377 2841 responsione
2400 2772 2680 2839 defecisse,
2708 2783 2763 2828 et
2788 2775 2967 2844 inopia
2991 2776 3275 2830 reddendae
3302 2776 3534 2832 rationis

1944 2864 2271 2932 repressisse
2315 2864 2596 2920 audaciam
2641 2867 3071 2923 contradictoris.
3124 2867 3232 2924 Sed
3273 2885 3534 2941 magnum

1946 2953 2108 3009 habet
2131 2956 2338 3024 pondus
2361 2958 2505 3026 quod
2531 2959 2733 3012 dictum
2765 2967 2851 3013 est
2882 2979 2893 3012 :
2932 2958 2976 3014 0
3005 2962 3160 3015 homo
3178 3003 3192 3028 ,
3224 2972 3281 3015 tu
3309 2963 3425 3033 quis
3451 2979 3528 3026 es,

1945 3053 2051 3102 etc.
2084 3047 2151 3100 Et
2179 3055 2238 3100 ut
2263 3047 2317 3100 in
2342 3048 2539 3104 talibus
2567 3051 2957 3119 quzestionibus
2984 3052 3052 3106 ad
3077 3066 3188 3106 suae
3216 3052 3533 3122 capacitatis

1947 3139 2434 3195 considerationem
2463 3151 2743 3196 revocaret
2771 3135 3046 3198 hominem
3063 3151 3093 3196 ':
3119 3142 3284 3198 verbo
3310 3143 3528 3213 quidem

1947 3232 2040 3287 sed
2067 3233 2245 3302 reipsa
2273 3249 2466 3304 magna
2491 3226 2848 3289 conredditio'
2867 3225 3128 3299 rationis;
3169 3234 3214 3288 si
3240 3234 3384 3289 enim
3415 3234 3532 3289 haec

1945 3339 2052 3379 non
2093 3326 2267 3394 capit,
2298 3326 2414 3396 quis
2459 3335 2534 3380 est
2573 3327 2663 3397 qui
2697 3327 3003 3396 respondeat
3043 3325 3194 3380 Deo?
3233 3328 3250 3344 ‘
3288 3325 3333 3381 si
3363 3325 3528 3394 capit,

1943 3416 2118 3486 magis
2157 3433 2265 3470 non
2296 3418 2502 3472 invenit
2530 3419 2674 3488 quod
2702 3420 3046 3489 respondeat.
3075 3417 3209 3474 Vide
3233 3418 3375 3472 enim
3411 3418 3537 3471 uni-

1945 3521 2164 3560 versum
2199 3522 2366 3577 genus
2390 3507 2686 3562 humanum
2714 3515 2818 3562 tam
2843 3506 2991 3575 justo
3012 3507 3216 3577 judicio
3241 3508 3535 3576 divinaque

1945 3597 2004 3652 in
2044 3600 2344 3668 apostatica
2383 3600 2565 3655 radice
2605 3600 2950 3665 damnatum,
2981 3609 3042 3653 ut
3072 3601 3236 3654 etiam
3270 3600 3315 3654 si
3355 3599 3534 3655 nullus

1931 3678 2072 3741 inde
2107 3687 2450 3753 liberaretur,
2491 3704 2649 3742 nemo
2691 3696 2838 3744 recte
2872 3697 3058 3758 posset
3097 3689 3193 3743 Dei
3223 3690 3534 3759 vituperare

1941 3776 2229 3848 justitiam.
2268 3777 2336 3831 Et
2368 3779 2461 3848 qui
2490 3777 2812 3846 liberantur,
2846 3781 2925 3836 sic
2958 3781 3262 3850 oportuisse
3288 3781 3530 3847 liberari,

1947 3875 2009 3922 ut
2031 3883 2097 3922 ex
2124 3868 2366 3938 pluribus
2391 3885 2498 3925 non
2531 3869 2775 3925 liberatis
2809 3880 2972 3941 atque
2989 3872 3332 3928 damnatione
3346 3874 3537 3944 justis-
3611 3859 3622 3865 ⁷

1947 3959 2086 4014 sima
2105 3958 2399 4024 derelictis,
2424 3961 2804 4014 ostenderetur
2826 3962 2955 4031 quid
2974 3964 3264 4018 meruisset
3281 3964 3534 4019 universa

1949 4049 2293 4118 conspersio,
2323 4050 2466 4118 quod
2491 4050 2655 4104 etiam
2681 4049 2858 4118 justos
2885 4051 3127 4108 debitum
3146 4051 3410 4121 judicium
3437 4053 3534 4109 Dei

1949 4139 2257 4203 damnaret,
2291 4139 2394 4194 nisi
2426 4139 2482 4194 in
2511 4141 2628 4211 ejus
2656 4141 2900 4197 debitum
2933 4143 3306 4199 misericordia
3343 4147 3535 4202 subve-

1949 4234 2110 4299 niret,
2137 4241 2198 4288 ut
2218 4234 2516 4289 volentium
2541 4235 2608 4289 de
2637 4230 2757 4291 suis
2780 4237 2988 4292 meritis
3011 4237 3230 4307 gloriari
3273 4255 3434 4295 omne
3473 4256 3535 4296 os

1949 4325 2261 4378 obstruetur
2304 4342 2316 4377 :
2357 4333 2412 4380 et
2445 4325 2538 4394 qui
2576 4321 2856 4394 gloriatur,
2897 4327 2954 4380 in
2989 4327 3213 4382 Domino
3259 4331 3529 4400 glorietur.

1950 4413 2062 4469 Nec
2093 4413 2386 4484 Apostolus
2429 4415 2534 4469 hoc
2583 4415 2702 4470 loco
2744 4426 2962 4472 sanctos
2997 4419 3276 4488 prohibuit
3318 4435 3350 4474 a
3389 4436 3532 4490 quze-

1950 4507 2143 4572 rendo,
2171 4505 2265 4561 sed
2290 4521 2386 4561 eos
2412 4507 2504 4576 qui
2529 4508 2767 4562 nondum
2791 4517 2920 4563 sunt
2943 4509 2998 4563 in
3021 4510 3288 4566 eharitate
3308 4511 3534 4567 radicati

1952 4607 2008 4655 et
2032 4597 2273 4663 fundati,
2305 4605 2365 4651 ut
2397 4597 2607 4666 possint
2637 4601 3094 4668 comprehendere
3131 4617 3253 4657 cum
3286 4605 3536 4660 omnibus

1955 4691 2160 4748 sanctis
2178 4689 2538 4755 latitudinem,
2560 4689 2972 4761 longitudinem,
2987 4693 3403 4752 altitudinem‘et
3416 4697 3538 4767 pro-

1955 4781 2211 4845 fundum,
2249 4796 2370 4850 quae
2408 4780 2465 4836 in
2505 4781 2856 4838 eodem'loco
2884 4787 3220 4856 exsequitur.
3262 4787 3379 4843 Non
3406 4803 3536 4859 ergo

1954 4872 2230 4944 prohibuit
2271 4888 2300 4925 a
2341 4873 2632 4941 quaerendo
2673 4874 2765 4942 qui
2805 4875 2938 4931 dicit
2975 4895 2988 4930 :
3024 4877 3327 4945 Spiritualis
3360 4887 3537 4933 autem

1956 4967 2133 5018 omnia
2150 4964 2390 5034 judicat,
2417 4965 2528 5035 ipse
2557 4975 2733 5021 autem
2768 4985 2801 5022 a
2832 4972 3034 5026 nemine
3054 4973 3353 5043 judicatur.
3392 4973 3538 5040 Quos

1954 5072 2083 5128 ergo
2114 5056 2414 5127 prohibuit,
2443 5057 2549 5113 nisi
2577 5057 2752 5115 luteos
2783 5070 2944 5132 atque
2977 5071 3221 5119 terrenos
3249 5065 3364 5134 qui,
3396 5081 3535 5122 non-

1954 5151 2082 5205 dum
2122 5149 2449 5206 intrinsecus
2484 5153 2724 5222 generati
2772 5163 2935 5226 atque
2976 5157 3199 5221 nutriti,
3248 5157 3534 5229 imaginem

1956 5239 2097 5294 illius
2122 5240 2356 5295 hominis
2380 5250 2602 5310 portant
2624 5243 2715 5312 qui
2741 5244 2949 5313 primus
2976 5245 3150 5300 factus
3181 5255 3266 5300 est
3305 5247 3368 5303 de
3396 5260 3537 5307 terra

1953 5334 2230 5389 terrenus?
2259 5333 2479 5389 Talibus
2505 5334 2638 5390 dicit
2672 5335 2962 5406 Apostolus
2994 5355 3007 5389 :
3037 5335 3081 5391 0
3111 5337 3294 5404 homo,
3325 5349 3383 5395 tu
3420 5346 3536 5415 quis

1956 5441 2010 5479 es
2035 5426 2124 5496 qui
2148 5425 2460 5496 respondeas
2483 5425 2635 5481 Deo?
2657 5428 2892 5499 nunquid
2913 5429 3041 5481 dicit
3059 5429 3363 5500 ﬁgmentum
3385 5435 3432 5488 ei
3449 5436 3539 5506 qui

1955 5532 2011 5571 se
2037 5515 2208 5586 ﬁngit,
2242 5515 2420 5582 Quare
2445 5519 2519 5573 sic
2543 5535 2624 5573 me
2647 5519 2854 5590 fecisti?
2883 5519 3131 5586 Quandiu
3157 5538 3284 5594 ergo
3309 5525 3534 5596 ﬁgmen-

1957 5616 2074 5664 tum
2098 5621 2178 5673 es,
2205 5607 2444 5663 nondum
2473 5609 2742 5681 perfectus
2771 5608 2913 5665 ﬁlius
2939 5650 2954 5676 ,
2985 5612 3110 5680 quia
3141 5615 3377 5669 nondum
3401 5616 3539 5672 hau-

1957 5701 2076 5759 sisti
2102 5701 2471 5772 plenissimam
2502 5704 2761 5775 gratiam,
2797 5719 2903 5775 qua
2929 5708 3083 5764 nobis
3114 5710 3238 5765 data
3267 5719 3350 5764 est
3384 5720 3538 5779 potes-

1957 5799 2073 5849 stas
2099 5791 2240 5848 ﬁlios
2269 5791 2366 5848 Dei
2395 5793 2533 5858 ﬁeri,
2564 5809 2671 5863 qua
2698 5795 2872 5864 possis
2899 5800 3085 5855 audire
3115 5818 3128 5854 :
3155 5799 3278 5865 Iam
3315 5816 3418 5854 non
3452 5803 3534 5856 ai-

1960 5896 2077 5941 cam
2101 5901 2187 5942 vos
2216 5901 2388 5942 servos
2426 5883 2616 5957 (Joan.
2645 5887 2718 5960 ι),
2752 5889 2829 5948 Tu
2854 5894 2970 5965 quis
2999 5911 3054 5952 es
3078 5895 3167 5967 qui
3199 5894 3532 5967 respondeas,
