4108 6334
549 456 616 519 91
1952 421 2222 484 SEDULII
2258 419 2453 478 SCOTI

3727 405 3802 462 92

553 579 613 630 et
634 567 772 625 velis
792 577 957 621 nosse
984 558 1081 616 Dei
1113 553 1347 614 Filium?
1376 550 1630 624 Legimus
1660 552 1715 601 et
1747 544 1804 600 in
1827 539 2124 611 Evangelio
2147 535 2200 597 A
2221 535 2398 606 ﬁnxit,
2429 531 2570 599 Quid
2603 548 2685 588 me
2711 528 2878 601 ρεσεαὶ
2912 526 3026 582 sic?
3053 525 3210 597 (Isai.
3244 521 3391 596 ιιγ.)
3427 521 3542 578 Hoc
3568 521 3634 576 de
3661 520 3802 576 Isaia

555 677 651 720 eos
679 658 770 731 qui
789 662 1042 729 proterve
1062 659 1116 706 et
1140 646 1432 705 inﬁdeliter
1452 639 1793 714 inquirebant
1828 652 1858 690 a
1897 631 2126 689 Domino

554 757 612 813 in
644 727 748 827 qua
783 727 1032 822 potestate
1073 746 1184 800 hwc
1220 741 1444 812 faceret,
1474 744 1521 790 et
1557 733 1671 805 quis
1704 730 1753 784 ei
1779 727 2000 782 dedisset
2037 739 2130 794 po-

557 816 793 902 testateni
813 844 948 897 hanc
975 838 1190 909 (Matth.
1213 832 1348 905 xxx),
1381 825 1729 899 responsione
1757 821 1972 892 quidem
1999 816 2134 872 indi-

557 953 692 1012 gnos
729 935 966 993 habitos.
1009 929 1271 987 Similiter
1305 936 1516 995 quoque
1543 926 1599 974 et
1624 917 1677 971 in
1705 912 1956 986 praesenti
1989 911 2128 975 loco,

558 1004 766 1087 inlotum
791 1028 1038 1083 videmus
1061 1019 1400 1092 Apostolum,
1431 1022 1488 1070 et
1519 1013 1803 1068 adversum
1840 1004 2134 1061 insolentes

557 1122 884 1195 quaestiones
921 1133 1018 1188 per
1055 1129 1119 1168 ea
1149 1126 1268 1182 quae
1304 1105 1580 1178 respondit
1619 1097 1970 1173 pr0pouentis
2006 1109 2134 1150 con-

499 1235 508 1239 ·
558 1191 851 1272 tumscism
879 1207 1182 1266 confudisse
1209 1218 1224 1257 :
1251 1201 1294 1256 0
1320 1205 1494 1264 homo,
1523 1206 1580 1250 tu
1602 1195 1718 1265 quis
1737 1209 1790 1247 es
1813 1191 1901 1262 qui
1923 1203 2136 1259 respon-

560 1309 686 1363 deas
717 1306 864 1361 Deo?
887 1303 1044 1359 Certe
1069 1299 1172 1354 hoc
1190 1302 1274 1351 est
1294 1293 1457 1348 homo
1479 1287 1622 1359 apud
1641 1286 1808 1343 Deum
1827 1281 1970 1352 quod
1997 1277 2137 1349 apud

560 1399 778 1470 ﬁgulum
809 1397 1007 1458 lutum;
1035 1400 1090 1446 et
1109 1390 1249 1446 sicut
1271 1398 1460 1442 servus
1482 1393 1733 1448 nequam,
1757 1376 1803 1432 si
1824 1375 1962 1430 forte
1988 1371 2138 1426 vide-

664 1489 880 1544 domino
909 1483 1028 1540 ﬁeri
1059 1482 1259 1538 debere
1283 1473 1504 1545 aliquod
1526 1485 1691 1542 opus,
1720 1467 1864 1538 quod
1888 1472 1943 1520 et
1972 1463 2138 1519 ratio-

561 1583 646 1638 nis
671 1590 725 1637 et
749 1577 1000 1634 utilitatis
1024 1575 1244 1644 plenum
1269 1569 1362 1634 sit,
1390 1566 1479 1621 ille
1507 1571 1685 1619 autem
1709 1557 1924 1630 operari
1947 1555 2138 1610 nolens

565 1690 631 1728 ea
666 1687 786 1742 qua:
831 1670 878 1725 is
912 1667 1099 1738 jubet,
1138 1663 1407 1718 discutere
1442 1655 1692 1726 incipiat,
1721 1660 1776 1707 et
1801 1649 2078 1719 requirere
2106 1660 2138 1700 a

562 1737 782 1822 domino
822 1768 881 1816 ut
921 1759 1054 1829 quid
1093 1757 1198 1812 hoc
1235 1767 1370 1826 opus
1406 1748 1521 1804 ﬁeri
1544 1745 1735 1816 iubes?
1769 1742 1856 1798 cui
1884 1737 2138 1812 prodest?

561 1858 654 1914 ubi
682 1851 1050 1913 necessarium
1080 1848 1198 1905 est?
1235 1840 1539 1903 contumaci
1566 1853 1721 1894 servo
1743 1851 1860 1906 quae
1891 1833 1998 1890 erit
2029 1841 2140 1886 tam

2227 628 2486 703 propheta
2523 634 2634 691 est,
2674 623 2820 694 quod
2857 621 2944 675 hic
2982 619 3258 690 proprium
3295 615 3451 686 quasi
3477 614 3663 686 ponit,
3705 627 3805 684 per

2229 722 2372 793 quod
2394 721 2648 786 ostendit,
2669 726 2857 774 contra
2881 723 3155 772 auctorem
3178 729 3313 785 opus
3334 711 3450 783 ejus
3470 728 3578 768 non
3604 727 3763 781 posse
3786 727 3804 766 :

2229 814 2286 870 in
2317 821 2583 883 potestate
2615 811 2758 866 enim
2787 805 3022 863 auctoris
3050 812 3134 860 est
3165 803 3379 874 qualem
3411 800 3540 856 velit
3571 800 3810 855 condere

2231 911 2556 960 creaturam.
2584 900 2722 968 Quid
2751 889 2853 955 sibi
2882 897 2995 952 vult
3020 897 3183 952 homo
3203 897 3268 949 de
3291 894 3395 948 hac
3420 907 3600 947 massa
3627 888 3812 961 perdi-

2230 995 2394 1051 tionis
2413 1036 2430 1060 ,
2458 1001 2518 1050 ut
2556 994 2666 1048 Deo
2704 989 3028 1062 reSpondeat
3048 1029 3063 1053 ,
3102 995 3157 1042 et
3187 985 3332 1041 dicat
3358 1003 3371 1037 :
3401 981 3579 1050 Quare
3607 982 3688 1037 sic
3722 997 3812 1037 me

2231 1083 2438 1140 fecisti?
2469 1082 2526 1138 Si
2560 1083 2643 1138 vis
2685 1083 2758 1136 ita
2801 1093 3159 1152 cognoscere,
3201 1075 3312 1131 noli
3345 1090 3466 1130 esse
3492 1072 3684 1137 lutum,
3715 1071 3814 1125 sed

2233 1175 2443 1232 ellicere
2473 1174 2612 1229 ﬁlius
2643 1171 2738 1227 Dei
2766 1187 2863 1242 per
2888 1171 3028 1225 illius
3054 1165 3482 1224 misericordiam
3500 1204 3514 1229 ,
3542 1163 3635 1232 qui
3663 1160 3815 1216 dedit

2232 1274 2558 1339 potestatem
2599 1265 2738 1319 ﬁlios
2781 1262 2876 1318 Dei
2916 1261 3069 1326 ﬁeri,
3109 1257 3449 1315 credentibus
3491 1255 3547 1309 in
3593 1252 3846 1308 nomine

2234 1360 2352 1431 ejus
2376 1379 2389 1415 :
2415 1375 2524 1414 non
2549 1366 2752 1424 autem,
2788 1363 2850 1410 ut
2875 1363 2932 1410 tu
2958 1352 3131 1424 cupis,
3159 1358 3448 1421 antequam
3483 1346 3712 1403 credant
3736 1344 3824 1400 di-

2235 1453 2360 1508 vina
2396 1467 2553 1508 nosse
2585 1449 2946 1522 cupientibus.

2307 1544 2466 1598 Aliud
2499 1543 2706 1614 quidem
2744 1559 2832 1598 vas
2866 1541 2923 1596 in
2957 1541 3236 1605 honorem,
3274 1534 3421 1592 aliud
3454 1535 3510 1591 in
3544 1541 3824 1589 contume-

2239 1634 2384 1690 liam.
2411 1634 2488 1689 De
2515 1633 2797 1688 Pharaone
2820 1631 2976 1686 facile
3002 1628 3376 1700 respondetur,
3400 1625 3672 1697 prioribus
3701 1638 3830 1678 me-

2240 1727 2382 1792 ritis,
2411 1727 2608 1798 quibus
2629 1725 2819 1780 afﬂixit
2840 1725 2894 1779 in
2919 1737 3083 1794 regno
3111 1736 3208 1776 suo
3232 1719 3565 1791 peregrinos,
3597 1716 3826 1786 dignum

2241 1821 2489 1876 ell‘ectum
2527 1820 2614 1874 cui
2649 1819 2942 1874 obduretur
2981 1831 3100 1882 cor,
3134 1821 3194 1869 ut
3228 1829 3329 1870 nec
3363 1808 3833 1868 manifestissimis

565 1891 654 1914 usu
682 1891 925 1913 "(3A4qu
939 1891 1050 1907 auu-
1080 1891 1192 1905 νυνι
1236 1891 1539 1903 νν--νυ-υ-ν---
1568 1891 1643 1894 --ν
1700 1891 1709 1892 κ
1761 1891 1778 1906 ι

563 1951 726 2022 digna
751 1946 1059 2018 responsio,
1088 1941 1196 1997 nisi
1231 1948 1294 1994 ut
1334 1938 1542 1992 dicatur
1581 1932 1631 1988 ei
1671 1949 1685 1984 :
1717 1928 1794 1982 Tu
1828 1927 1944 1999 quis
1973 1943 2028 1980 es
2053 1923 2143 1995 qui
2166 1891 2218 1952 Β
2245 1912 2414 1984 signis
2444 1910 2684 1980 jubentis
2724 1908 2820 1964 Dei
2855 1909 3092 1964 cederet.
3123 1905 3209 1960 Ex
3238 1906 3417 1960 eadem
3457 1903 3594 1958 enim
3622 1918 3829 1955 massa.

1728 2021 1770 2022 ”
1940 2016 1989 2022 Μ
2023 2016 2044 2022 ⁸
2069 2017 2083 2022 -
2241 2006 2298 2022 “
2350 2011 2418 2022 η*
2495 2010 2833 2022 nun-Amm.
2888 2006 2936 2022 ιιι
2980 1995 3364 2022 ...ε.......ε,.,...,1ε,.η
3406 2010 3530 2022 mu...
3574 1991 3800 2022 “manus

563 2016 876 2113 reipondeas
888 2037 997 2092 Deo
1009 2037 1035 2090 ?
1047 2036 1120 2090 ita
1139 2031 1330 2104 placet,
1349 2029 1422 2082 ita
1439 2024 1666 2081 Domino
1687 2021 1918 2076 videtur.
1935 2016 1992 2072 Si
2015 2016 2146 2070 ﬁde-

563 2133 633 2190 lis
647 2109 847 2190 servus
876 2140 930 2186 et
956 2128 1194 2200 prudens
1221 2124 1536 2189 interroget,
1560 2114 1746 2170 volens
1768 2109 2066 2179 intelligere
2092 2116 2147 2161 et

563 2226 750 2283 mirari
778 2223 1101 2295 sapientiam
1126 2216 1358 2281 Domini,
1388 2212 1533 2283 quod
1557 2210 1770 2265 dicatur
1795 2206 1846 2260 ei
1880 2222 1894 2258 :
1923 2203 2002 2257 Tu
2027 2203 2144 2273 quis

563 2321 655 2375 es?
695 2318 924 2388 denique
956 2327 1080 2371 cum
1121 2310 1309 2368 Daniel
1346 2307 1607 2378 propheta
1640 2302 1970 2357 voluntatem
1999 2296 2145 2353 desi-

567 2411 806 2466 derasset
832 2420 1127 2478 agnoscere
1153 2423 1167 2458 :
1201 2403 1346 2458 unde
1376 2407 1432 2456 et
1457 2399 1536 2454 vir
1563 2396 1940 2451 desideriorum
1967 2389 2148 2460 appel-

565 2501 708 2557 latus
735 2509 839 2565 est,
867 2515 976 2555 non
1005 2505 1090 2554 est
1115 2497 1166 2551 ei
1192 2495 1419 2559 dictum,
1455 2490 1533 2544 Tu
1555 2490 1671 2561 quis
1707 2487 1798 2542 es?
1826 2484 1921 2541 sed
1951 2484 2148 2539 missus

569 2602 652 2648 est
676 2591 899 2662 angelus
917 2630 932 2655 ,
964 2589 1056 2659 qui
1082 2603 1206 2643 eum
1236 2586 1302 2642 de
1329 2583 1578 2640 omnibus
1610 2580 1705 2634 Dei
1734 2573 2151 2648 dispensationi-

570 2685 672 2741 hus
699 2691 753 2740 et
783 2682 1003 2753 judiciis
1030 2681 1282 2737 edoceret
1313 2676 1483 2751 (Dan.
1512 2672 1619 2747 is).
1646 2673 1711 2728 Et
1742 2685 1842 2726 nos
1869 2669 1911 2724 si
1948 2665 2151 2736 aliquid

575 2775 644 2831 de
668 2773 891 2830 secretis
917 2772 1010 2828 Dei
1041 2780 1096 2828 et
1122 2769 1414 2826 reconditis
1440 2766 1810 2823 desideramus
1833 2771 2146 2832 agnoscere,

574 2865 964 2928 desideriorum
1001 2870 1057 2918 et
1087 2878 1194 2917 non
1239 2858 1643 2917 contentionum
1671 2855 1773 2910 viri
1809 2866 2023 2914 sumus,
2053 2863 2148 2905 oc-

578 2958 780 3014 cultius
806 2957 861 3012 in
893 2955 1090 3012 divinis
1116 2954 1310 3010 litteris
1335 2953 1538 3009 inserta
1566 2950 1661 3005 Dei
1685 2947 1888 3018 judicia
1923 2942 2154 3000 ﬁdeliter

576 3057 633 3104 et
659 3047 936 3103 humiliter
970 3046 1336 3116 requiramus,
1375 3050 1661 3112 propterea
1694 3051 1924 3108 namque
1961 3041 2017 3090 et
2041 3032 2150 3087 Do-

577 3141 755 3195 minus
795 3140 1005 3195 dicebat
1045 3155 1060 3192 :
1105 3136 1428 3194 Scrutamini
1469 3133 1770 3204 Seripturas
1801 3128 1991 3202 (Joan.
2023 3125 2149 3197 xv).

577 3233 871 3304 Legentem
910 3233 1025 3287 haec
1063 3230 1374 3286 meminisse
1401 3226 1653 3284 convenit
1679 3224 1936 3280 attentius
1966 3218 2155 3277 simili-

581 3324 787 3383 tudinis
828 3323 1003 3389 illius,
1045 3323 1170 3392 quia
1208 3321 1265 3376 in
1298 3318 1665 3390 superioribus
1695 3315 1846 3371 libris
1875 3309 2159 3383 apostolici

581 3417 850 3474 sermonis
870 3414 1265 3486 dispensatione
1287 3411 1565 3483 posuimus
1590 3427 1602 3463 :
1633 3415 1695 3462 ut
1718 3414 1973 3474 tanquam
1995 3401 2160 3471 regiae

579 3507 860 3581 cujusdam
891 3508 1112 3574 domus,
1142 3521 1261 3576 quae
1297 3501 1684 3573 multiplicibus
1703 3498 1792 3560 sit
1826 3494 2161 3567 ingressibus

583 3601 1002 3675 egressibusque
1029 3599 1281 3655 distincta
1299 3637 1313 3660 ,
1338 3603 1396 3650 et
1424 3610 1492 3650 ex
1516 3607 1626 3647 uno
1654 3591 1712 3645 in
1741 3589 1886 3644 aliud
1907 3585 2164 3642 conclave

583 3695 659 3752 ita
696 3699 1002 3749 transeatur
1038 3697 1101 3744 ut
1135 3690 1227 3744 vix
1249 3684 1611 3757 ingredientis
1651 3680 1848 3737 indicia
1887 3684 1978 3732 aut
2011 3691 2165 3746 egre-

584 3785 785 3843 dientis
819 3789 1157 3855 appareant:
1189 3781 1264 3836 ita
1289 3778 1455 3834 etiam
1491 3775 1719 3830 Paulum
1755 3771 2056 3828 divinorum
2078 3783 2168 3824 se-

585 3889 740 3938 ‘creta
772 3877 1049 3951 paululum
1089 3874 1304 3946 quidem
1345 3868 1778 3940 subaperientem
1814 3864 2016 3929 videri,
2058 3878 2165 3917 non

591 3982 770 4028 tamen
795 3971 956 4043 plane
980 3977 1269 4041 aperteque
1287 3965 1628 4036 pandentem.
1658 3960 1899 4028 Denique
1921 3972 2046 4013 cum
2065 3970 2166 4025 pro

589 4065 676 4121 his
700 4079 820 4134 quae
844 4062 1090 4133 superius
1119 4060 1334 4115 dixerat
1363 4056 1430 4110 de
1457 4055 1626 4118 Isaac,
1651 4060 1706 4120 et
1735 4051 1801 4106 de
1825 4047 2012 4112 Iacob,
2035 4043 2168 4115 quid

590 4171 688 4228 per
709 4155 1028 4211 electionem
1057 4151 1300 4222 exposito
1325 4148 1420 4204 Dei
1447 4156 1735 4216 antequam
1764 4140 1964 4212 aliquid
1989 4138 2170 4208 operis

590 4247 719 4304 boni
757 4246 951 4302 malive
987 4243 1280 4315 gessissent
1330 4239 1474 4294 Deus
1516 4236 1743 4300 dixerit,
1783 4233 1867 4290 vel
1914 4232 1982 4287 de
2019 4230 2111 4286 illo
2152 4246 2166 4282 :

593 4339 675 4396 Ad
715 4338 811 4394 hoc
845 4347 1050 4407 tempus
1089 4335 1324 4399 ueniam,
1363 4341 1410 4386 et
1449 4330 1549 4384 erit
1591 4329 1742 4384 Sara:
1779 4325 1940 4395 ﬁlius.
1979 4323 2077 4380 Vel
2104 4323 2172 4378 de

592 4430 700 4487 hoc
725 4448 738 4484 :
769 4429 934 4484 Iacob
964 4425 1158 4492 dilexi,
1201 4424 1347 4480 Esau
1372 4431 1544 4476 autem
1574 4419 1694 4474 odio
1734 4417 1912 4472 habui.
1943 4416 2079 4472 Cum
2115 4415 2172 4469 in

592 4518 849 4591 praesenti
873 4525 1052 4574 autem
1078 4515 1310 4588 capitulo
1345 4511 1736 4569 introduxisset
1776 4510 2012 4579 aliquam
2049 4522 2174 4577 per-

596 4627 808 4677 sonam,
830 4612 976 4668 velut
1000 4611 1455 4668 contradicentem
1476 4605 1602 4671 sibi,
1627 4612 1684 4659 et
1706 4601 2033 4672 quaestiones
2060 4613 2175 4652 mo-
2197 4607 2254 4669 Ῑ)

596 4711 848 4768 ventem,
897 4710 953 4759 et
997 4703 1200 4759 diceret
1248 4719 1262 4755 :
1313 4696 1566 4768 Nunquid
1615 4693 1861 4762 iniquitas
1906 4697 1981 4743 est
2031 4687 2172 4757 apud

597 4793 769 4851 Deum
795 4795 820 4849 7
843 4802 898 4851 et
921 4794 969 4851 si
994 4811 1096 4848 non
1132 4789 1369 4854 uolentis,
1394 4802 1556 4856 neque
1585 4781 1839 4837 currentis
1855 4819 1872 4845 ,
1901 4779 1991 4832 sed
2028 4777 2176 4831 mise-

600 4889 763 4944 rantis
789 4887 887 4943 Dei
919 4896 995 4942 est
1029 4900 1047 4938 :
1077 4893 1133 4940 et
1155 4885 1202 4938 si
1229 4880 1567 4936 Pharaonem
1593 4881 1876 4944 propterea
1909 4869 2090 4939 elegit,
2118 4874 2180 4922 ut

601 4981 659 5037 in
689 4981 806 5051 ipso
832 4978 1126 5052 potentiam
1150 4988 1264 5028 sum
1295 4967 1512 5024 virtutis
1535 4963 1870 5024 ostenderet,
1909 4967 1965 5015 et
1991 4960 2035 5014 si
2065 4959 2178 5028 ipse

603 5048 757 5144 cuius
790 5048 902 5126 vult
931 5069 1237 5129 miseretur,
1267 5071 1322 5118 et
1357 5072 1517 5129 quem
1551 5054 1665 5110 vult
1700 5051 1918 5108 indurat
1945 5069 1958 5105 :
1989 5048 2179 5120 utquid

604 5138 684 5222 de.
704 5164 977 5227 omnibus,
1008 5157 1204 5226 inquit,
1232 5151 1500 5222 queritur,
1525 5153 1582 5202 et
1604 5159 1703 5201 cur
1730 5142 1822 5212 qui
1845 5149 2037 5211 peccat
2060 5138 2178 5195 cul-

603 5256 800 5328 patur?
829 5268 953 5309 cum
979 5249 1103 5305 talis
1129 5247 1195 5300 de
1223 5255 1335 5298 uno
1361 5252 1574 5311 quoque
1601 5235 1772 5306 ipsius
1808 5233 2054 5289 voluntas
2079 5231 2181 5284 ha-

604 5322 819 5404 beatur.
851 5341 978 5395 Haec
1007 5350 1136 5406 ergo
1163 5342 1218 5389 et
1244 5332 1329 5386 his
1359 5328 1556 5385 similia
1606 5322 1990 5388 commoventi,
2021 5330 2184 5390 atque

606 5441 664 5496 in
700 5437 921 5507 hujusce
949 5428 1196 5502 mysterii
1224 5422 1530 5482 cubiculum
1565 5418 1873 5493 protervius
1905 5423 1963 5471 et
1985 5415 2186 5484 impor-

608 5528 791 5584 tunius
827 5520 1126 5592 ingerenti,
1167 5533 1290 5574 cum
1325 5513 1695 5585 increpatione
1737 5507 2066 5580 dignissimae
2089 5519 2184 5559 cx-

611 5614 950 5672 clatnationis
973 5612 1214 5668 occurrit
1243 5628 1256 5665 :
1287 5605 1332 5664 0
1361 5609 1536 5672 homo,
1562 5615 1618 5660 tu
1639 5605 1753 5676 quis
1777 5619 1851 5666 es,
1882 5600 1969 5671 qui
1997 5604 2187 5653 contra

614 5703 888 5774 respondes
911 5703 1057 5758 Deo?
1077 5702 1234 5774 quasi
1257 5701 1484 5763 diceret,
1499 5696 1579 5751 Tu
1595 5696 1717 5766 quis
1731 5708 1809 5757 es,
1825 5691 1916 5760 qui
1940 5698 1993 5744 te
2016 5688 2071 5741 in
2093 5701 2190 5741 au-

615 5793 721 5847 lam
749 5793 892 5865 regis
926 5793 1231 5867 immergis,
1263 5799 1318 5850 et
1357 5787 1634 5845 interioris
1662 5781 1893 5841 cubiculi
1923 5793 2090 5836 ausus
2129 5791 2190 5832 es

617 5896 823 5950 secreta
852 5887 1176 5958 penetrare?
1197 5882 1454 5956 Nunquid
1473 5881 1598 5938 dicit
1628 5879 1930 5951 ﬁgmentum
1954 5871 2004 5930 ei
2024 5870 2114 5935 qui
2135 5885 2197 5928 se
2217 5926 2244 5937 ,_

2241 2006 2301 2061 Id
2338 2011 2457 2069 est,
2495 2010 2839 2074 peccatorum
2883 2006 2938 2055 et
2980 1995 3365 2053 misericordia:
3406 2010 3534 2049 vasa
3574 1991 3826 2063 protulit,

2245 2097 2442 2168 quibus
2469 2093 2785 2151 subveniret
2809 2107 2931 2147 cum
2960 2090 3385 2160 deprecarentur
3415 2086 3508 2139 lilii
3535 2084 3723 2140 Israel.
3756 2081 3830 2136 Et

2243 2207 2372 2246 uasa
2403 2189 2518 2242 iraz.
2560 2185 2802 2253 Quorum
2848 2183 3108 2255 supplicio
3146 2181 3266 2237 illos
3304 2179 3574 2244 erudiret,
3617 2177 3673 2232 id
3720 2185 3829 2242 est,

2245 2281 2585 2338 Pharaonem
2627 2287 2683 2332 et
2723 2276 2978 2348 populum
3025 2273 3173 2343 ejus,
3218 2273 3308 2343 qui
3355 2270 3600 2342 quamvis
3645 2274 3836 2323 essent

2246 2374 2464 2443 utrique
2491 2377 2840 2442 peccatores,
2885 2375 2941 2423 et
2973 2375 3262 2437 propterea
3294 2363 3363 2418 ad
3390 2376 3550 2416 unam
3587 2375 3831 2415 massam

2245 2465 2600 2536 pertinerent,
2662 2462 2822 2516 aliter
2857 2467 3036 2514 tamen
3083 2454 3347 2512 tractandi
3382 2459 3567 2518 erant,
3603 2450 3694 2522 qui
3736 2449 3834 2504 uni

2248 2557 2359 2614 Deo
2385 2557 2756 2628 ingemueram
2774 2595 2789 2620 ,
2814 2561 2874 2606 ut
2897 2551 2976 2606 eis
3001 2548 3310 2605 subveniret
3340 2563 3354 2600 :
3381 2545 3538 2599 aliter
3569 2542 3668 2608 illi,
3697 2557 3836 2611 quo-

2251 2665 2370 2706 rum
2413 2647 2626 2716 injuslis
2660 2646 2913 2702 oneribus
2951 2644 3340 2714 ingemuerunt.
3384 2635 3538 2702 Quod
3577 2635 3623 2689 si
3658 2632 3835 2689 volens

2251 2743 2392 2798 Deus
2416 2740 2684 2796 ostendere
2705 2739 2858 2802 iram,
2886 2746 2935 2792 et
2959 2745 3135 2790 notam
3161 2734 3332 2804 facere
3350 2728 3634 2801 potentiam
3656 2742 3836 2781 suam.

2253 2836 2389 2904 Quia
2412 2835 2560 2890 illum
2583 2833 2672 2888 diu
2695 2831 2950 2888 sustinuit
2968 2827 3524 2898 blasphemantem,et
3544 2819 3694 2875 duris
3705 2834 3843 2888 ope-

2253 2928 2404 2986 ribus
2441 2942 2599 2982 suum
2633 2923 2887 2996 populum
2923 2919 3274 2991 atlligentem;
3304 2923 3663 2987 praeterquam
3689 2909 3840 2981 quod

2255 3019 2531 3076 innoxiam
2551 3025 2764 3073 aetatem
2788 3013 3135 3086 parvulorum
3154 3008 3446 3066 crudeliter
3457 3006 3695 3075 jusserat
3713 3018 3846 3058 ene-

2255 3101 2391 3167 cari.
2433 3110 2573 3164 Vasa
2609 3115 2786 3162 autem
2828 3102 3209 3160 misericordiae
3242 3098 3512 3156 lsraelitas
3541 3095 3701 3158 dicit,
3743 3091 3840 3164 qui

2259 3199 2402 3270 digni
2428 3207 2584 3253 erant
2604 3194 2997 3260 misericordia,
3025 3192 3150 3262 quia
3170 3199 3226 3247 et
3245 3189 3456 3246 minora
3479 3186 3839 3247 admiserant,

2258 3299 2315 3348 et
2337 3290 2574 3362 graviter
2596 3286 2813 3341 fuerant
2832 3280 3034 3338 afﬂicti.
3066 3281 3219 3351 Saepe
3247 3281 3312 3335 de
3339 3274 3703 3346 incompositis
3727 3272 3841 3326 elo-

2259 3379 2566 3436 cutionibus
2599 3372 2875 3445 Apostoli,
2923 3370 3326 3439 defectibusque
3366 3381 3554 3422 earum
3600 3377 3842 3419 commo—

2263 3473 2511 3536 nuimus,
2549 3468 2692 3538 quod
2725 3468 2781 3522 in
2810 3465 3063 3537 praesenti
3099 3463 3218 3518 loco
3253 3460 3602 3517 nihilominus
3631 3455 3847 3511 inveni-

2263 3575 2354 3621 tur
2385 3583 2398 3619 :
2436 3579 2543 3618 non
2573 3561 2718 3617 enim
2753 3558 2997 3614 redditur
3029 3557 3097 3611 ad
3132 3554 3335 3626 aliquid
3363 3554 3466 3608 hoc
3499 3550 3641 3620 quod
3676 3549 3751 3603 ait
3788 3547 3846 3602 in

2263 3657 2528 3730 principio
2553 3653 2797 3724 capituli,
2824 3651 2969 3724 quod
2997 3651 3043 3706 si
3070 3649 3255 3706 volens
3283 3647 3443 3710 Deus,
3478 3643 3626 3700 verbi
3655 3657 3844 3707 causa,

2265 3758 2328 3804 ut
2354 3749 2410 3803 in
2436 3747 2556 3802 aliis
2585 3747 2699 3817 ipse
2725 3743 2863 3799 dixit
2896 3761 2909 3797 :
2942 3742 3092 3810 Quod
3121 3740 3166 3796 si
3187 3739 3462 3812 primitiae,
3488 3742 3669 3790 sancta
3697 3742 3774 3788 est
3797 3742 3849 3786 et

2267 3857 2462 3895 massa.
2503 3837 2648 3893 Nihil
2687 3836 2913 3891 mortale
2951 3834 3160 3899 reddit,
3199 3831 3291 3886 sed
3318 3827 3474 3898 quasi
3504 3840 3697 3896 vagam
3723 3839 3856 3878 con-

2263 3932 2600 4003 junctionem
2626 3929 2786 3983 istam
2812 3926 3057 3994 reliquit,
3086 3937 3204 3992 qum
3229 3918 3440 3973 etiamsi
3468 3931 3575 3970 non
3602 3929 3854 3970 assuma-

2271 4001 2381 4087 tur,
2404 4017 2630 4073 lucidior
2651 4017 2854 4084 absque
2874 4029 2935 4067 ea
2957 4011 3170 4065 dabitur
3201 4005 3524 4060 intellectus.
3545 4001 3708 4065 Verbi
3725 4019 3856 4058 cau-

2273 4129 2352 4178 sa,
2377 4118 2437 4164 ut
2463 4109 2537 4162 ita
2557 4108 2799 4179 legamus
2825 4123 2836 4157 :
2878 4101 3060 4155 Valens
3078 4098 3219 4151 Deus
3241 4093 3508 4149 ostendere
3530 4092 3666 4146 iram
3688 4103 3739 4148 et
3761 4110 3856 4150 no-

2274 4213 2378 4258 tam
2407 4201 2578 4271 facere
2599 4195 2881 4268 potentiam
2901 4206 3074 4254 suam,
3100 4185 3345 4242 sustinuit
3371 4185 3428 4239 in
3455 4182 3621 4237 multa
3648 4185 3859 4254 putica-

2274 4298 2349 4352 tia
2376 4310 2500 4349 vasa
2525 4293 2640 4354 iraa,
2671 4289 2725 4343 in
2753 4284 3091 4357 perditionem
3112 4289 3259 4350 apta,
3285 4287 3344 4332 ut
3372 4285 3521 4332 notas
3547 4274 3738 4345 faceret
3762 4275 3851 4328 di—

2275 4388 2424 4444 vitias
2456 4382 2635 4455 gloria:
2664 4394 2774 4434 sua:
2802 4377 2858 4430 in
2882 4375 3016 4428 vasis
3049 4367 3441 4427 misericordia.
3477 4366 3536 4422 In
3571 4381 3677 4437 quo
3706 4366 3859 4421 vide-

2277 4487 2365 4532 tur
2406 4471 2630 4542 intelligi
2673 4468 2832 4539 quia,
2878 4466 3006 4521 dum
3047 4463 3278 4520 sustinet
3312 4459 3454 4515 Deus
3489 4466 3545 4514 et
3584 4457 3857 4528 patienter

2276 4570 2384 4624 fert
2409 4561 2713 4621 incredulos
2737 4568 2791 4615 et
2815 4556 3076 4622 inﬁdeles,
3108 4561 3292 4610 notam
3315 4549 3445 4606 facit
3467 4546 3777 4605 [nominibus
3801 4552 3860 4602 et

2277 4660 2594 4736 patientiam
2622 4665 2677 4711 et
2699 4652 2993 4724 potentiam
3024 4663 3199 4705 suam.
3226 4643 3546 4701 Patientiam
3564 4682 3582 4708 ,
3608 4641 3735 4696 dum
3763 4638 3858 4694 diu

2281 4755 2510 4813 sustinet
2535 4750 2580 4805 si
2611 4748 2750 4802 forte
2778 4743 3098 4814 resipiscam
3134 4749 3190 4796 et
3221 4743 3638 4798 convertantur;
3666 4739 3859 4802 poten-

2280 4848 2436 4913 tiam,
2458 4845 2584 4898 dum
2609 4837 2892 4910 aliquando
2916 4833 3086 4906 punit.
3109 4830 3178 4885 Et
3202 4843 3392 4883 rursus
3413 4827 3468 4882 in
3486 4823 3630 4880 vasis
3649 4821 3863 4877 miseri—

2284 4936 2509 5001 cordiae,
2536 4935 2641 4989 hoc
2669 4939 2778 4994 est,
2811 4927 2902 4998 qui
2933 4922 3252 4992 semetipsos
3275 4918 3735 4979 emundaverunt,
3766 4930 3864 4968 no-

2282 5039 2369 5086 tas
2397 5029 2526 5084 facit
2549 5025 2763 5082 divitias
2787 5019 2969 5094 glorise
3005 5037 3018 5072 :
3057 5031 3177 5088 qua:
3209 5027 3340 5069 vasa
3369 5027 3476 5066 non
3508 5006 3866 5066 irrationabili

2285 5123 2500 5196 aliqua,
2530 5126 2624 5172 aut
2659 5093 2884 5171 fortuita
2918 5109 3119 5182 gratia,
3159 5104 3254 5160 sed
3291 5101 3547 5172 quoniam
3583 5113 3616 5152 a
3656 5093 3868 5168 peccati

2285 5187 2537 5271 sordibus
2579 5221 2638 5264 se
2677 5206 3106 5276 expurgaverant
3151 5191 3476 5266 praeparavit
3519 5190 3572 5243 in
3614 5187 3865 5259 gloriam.

2287 5307 2481 5364 Notam
2507 5318 2634 5374 ergo
2664 5299 2793 5354 facit
2823 5297 2965 5351 Deus
2987 5287 3280 5362 potentiam
3309 5298 3483 5346 suam,
3515 5279 3642 5335 dum
3675 5277 3869 5347 impios

2289 5401 2519 5470 castigat
2552 5404 2605 5450 et
2640 5391 2880 5461 corripit,
2909 5394 2970 5440 ut
2993 5381 3287 5439 secundum
3326 5376 3618 5446 Scripturae
3652 5379 3875 5428 sentem

2289 5461 2458 5558 tiam:
2497 5490 2621 5544 dum
2666 5481 2966 5554 ﬂagellatur
3008 5471 3298 5544 pestilens,
3336 5469 3594 5524 innocens
3637 5461 3874 5517 astutior

2288 5587 2383 5644 ﬁat
2419 5583 2599 5654 (Prov.
2644 5575 2778 5645 xxx).
2816 5568 3046 5637 Quidam
3076 5578 3205 5624 vero
3242 5579 3273 5616 a
3305 5557 3695 5654 superioribusA
3712 5567 3872 5623 repe-

2471 5671 2513 5724 Ο
2535 5671 2709 5730 homo,
2737 5637 2792 5716 tu
2813 5659 2901 5730 qui
2928 5674 3004 5722 es,
3028 5655 3118 5726 qui
3144 5649 3455 5722 respondeas
3484 5645 3629 5701 Deo?
3654 5637 3807 5708 Quod
3830 5640 3876 5694 si

2290 5767 2462 5826 volens
2493 5763 2634 5816 Deus
2676 5751 2941 5811 ostendere
2971 5748 3141 5812 iram,
3165 5752 3269 5798 etc.
3307 5737 3570 5795 Patientia
3599 5742 3653 5789 et
3686 5731 3875 5801 longa-

2537 5857 2620 5909 est
2646 5845 2772 5911 Dei,
2803 5854 2923 5912 quae
2943 5838 3083 5894 sicut
3117 5833 3290 5892 malos
3322 5833 3589 5905 praeparat
3616 5823 3686 5879 ad
3706 5820 3878 5877 inter-
