4108 6334
316 447 390 508 97
1444 442 1777 502 COLLECT.
1819 438 1888 499 IN
1925 431 2145 496 EPIST.
2183 435 2278 493 AD
2309 428 2477 493 ROM.
3487 429 3562 490 98

321 573 430 615 non
450 557 720 627 videatur,
747 572 782 615 a
805 565 1002 615 natura
1024 564 1209 616 tamen
1234 555 1538 614 animorum
1559 566 1616 614 et
1635 552 1894 627 loquendi
1919 559 1974 620 Α
1998 549 2365 616 crediderunt,
2398 556 2454 605 et
2478 545 2598 604 ideo
2622 559 2725 604 nec
2754 543 3009 604 invocant
3031 558 3156 604 eum
3178 542 3235 601 in
3261 557 3421 615 quem
3450 559 3565 600 non

321 650 534 706 ratione
571 655 680 704 non
720 650 990 706 discordat
1017 649 1162 720 quod
1187 648 1476 705 credimus.
1508 647 1568 702 In
1599 648 1718 716 ipsa
1746 647 1892 702 enim

321 750 515 798 natura
548 741 751 798 inserta
775 750 904 797 sunt
925 741 1072 798 velut
1099 742 1324 808 semina,
1355 757 1475 812 quae
1506 741 1692 796 auditu
1720 748 1775 795 et
1800 753 1896 794 vo-

321 833 529 888 luntate
561 847 626 887 ex
663 833 874 889 cultura
911 833 1243 890 fructificant
1278 833 1646 888 testimonium
1685 837 1894 887 creato-

320 924 418 989 ris,
455 923 558 979 hoc
597 931 699 990 est,
731 924 954 979 verbum
996 923 1140 979 fidei.
1182 922 1399 977 Nullum
1445 939 1580 993 opus
1619 922 1771 987 dicit,
1801 921 1897 976 sed

319 1014 493 1071 solam
519 1013 682 1070 fidem
708 1016 938 1071 dandam
961 1015 1016 1070 in
1037 1031 1258 1070 causam
1289 1013 1516 1070 Christi.

393 1103 532 1176 Quia
549 1107 595 1160 si
616 1107 913 1175 conﬁtearis
940 1107 996 1160 in
1021 1123 1110 1161 ore
1129 1114 1218 1160 tuo
1241 1105 1525 1160 Dominum
1545 1105 1746 1160 Iesum.
1767 1105 1897 1172 Qua:

319 1195 569 1264 superius
613 1196 824 1251 locutus
873 1206 990 1264 est,
1035 1197 1124 1252 hic
1171 1197 1261 1252 illa
1305 1197 1678 1253 manifestavit
1710 1216 1722 1252 :
1753 1200 1897 1253 hanc

320 1299 442 1341 esse
492 1287 734 1357 regulam
775 1286 921 1354 fidei,
964 1289 1185 1344 credere
1225 1288 1514 1344 Dominum
1544 1304 1664 1344 esse
1687 1287 1890 1354 Jesum,

319 1385 377 1432 et
413 1392 520 1432 non
549 1379 871 1434 erubescere
901 1379 1026 1448 quia
1074 1381 1216 1435 Deus
1253 1380 1402 1434 illum
1441 1395 1508 1434 ex
1547 1380 1776 1436 mortuis
1805 1381 1898 1435 de-

319 1467 474 1523 duxit
500 1468 556 1522 in
585 1456 801 1536 coelum,
832 1457 1080 1525 confiteri
1104 1469 1256 1536 Quod
1279 1470 1419 1524 Deus
1442 1469 1592 1525 illum
1629 1471 1896 1526 suscitavit

319 1577 355 1616 a
376 1561 614 1618 mortuis.
657 1560 877 1616 Certum
911 1569 996 1616 est
1023 1561 1150 1633 quia
1177 1563 1458 1618 suscitavit
1486 1577 1628 1627 eum,
1657 1564 1724 1617 ad
1738 1562 1899 1631 justi-

320 1650 632 1708 ﬁcationem
678 1654 762 1708 sui
804 1655 1018 1710 credit:
1052 1654 1253 1724 alioqui
1295 1655 1423 1724 quid
1463 1655 1709 1724 proderit
1758 1656 1896 1710 scire

320 1758 412 1800 me
442 1751 498 1798 et
538 1744 761 1800 credere
793 1746 938 1816 quod
968 1743 1153 1800 Iesum
1194 1745 1336 1800 Deus
1376 1747 1656 1801 suscitavit
1690 1761 1722 1801 a
1753 1761 1897 1802 mor-

323 1835 451 1903 tuis,
497 1835 541 1890 si
580 1836 635 1890 in
677 1851 765 1891 me
808 1837 924 1907 ipso
952 1852 1076 1892 eum
1111 1852 1220 1891 non
1261 1837 1491 1892 habeam
1542 1837 1897 1892 suscitatum?

1992 641 2354 696 crediderunt.
2404 639 2464 695 in
2508 640 2613 696 hoc
2649 649 2830 696 autem
2861 639 3170 696 arctissima
3213 649 3306 693 eos
3349 635 3569 692 conclu-

1993 731 2147 788 sione
2186 732 2548 804 constringit:
2578 731 2756 800 Salus,
2804 732 2996 802 inquit,
3029 747 3137 786 non
3167 738 3251 786 est
3283 729 3388 785 nisi
3418 728 3570 782 invo-

1994 823 2168 890 canti;
2202 838 2361 879 nemo
2399 841 2528 880 vero
2556 823 2767 881 invocat
2792 824 2884 896 qui
2914 840 3023 879 non
3045 823 3254 880 credit:
3286 837 3414 892 ergo
3442 821 3569 890 quia

1993 928 2102 969 non
2131 914 2370 981 creditis,
2415 931 2525 971 non
2570 916 2869 984 invocatis;
2901 925 2956 972 et
2984 917 3110 986 quia
3147 931 3254 970 non
3279 911 3566 977 invocatis,

1993 1021 2102 1062 non
2128 1007 2434 1062 salvamini.

2065 1095 2170 1152 Sed
2193 1099 2474 1168 quomodo,
2505 1101 2700 1171 inquit,
2746 1102 2950 1157 credent
2987 1103 3035 1158 ei
3069 1119 3221 1174 quem
3249 1119 3354 1157 non
3386 1101 3572 1156 audie-

1995 1191 2157 1243 runt?
2193 1191 2488 1248 Possumus
2517 1195 2595 1248 sic
2625 1196 2945 1267 intelligere,
2984 1197 3158 1268 ipsum
3188 1197 3241 1252 in
3273 1212 3439 1250 carne
3470 1212 3568 1267 po—

1996 1281 2177 1345 situm,
2218 1285 2303 1338 vel
2337 1283 2624 1354 Apostolos
2656 1289 2773 1357 ejus
2812 1290 3170 1358 praedicantes
3199 1290 3263 1344 de
3293 1305 3360 1345 eo
3384 1287 3575 1343 audire

1997 1372 2309 1429 noluerunt.
2340 1375 2528 1432 Potest
2551 1386 2733 1432 autem
2763 1387 2817 1433 et
2844 1380 2948 1435 hoc
2976 1381 3223 1450 intelligi,
3252 1381 3379 1452 quia
3402 1381 3570 1434 etiam

1998 1477 2143 1517 nunc
2165 1464 2415 1520 Christus
2445 1482 2660 1538 semper
2681 1477 2937 1538 tanquam
2958 1471 3182 1526 verbum
3214 1479 3267 1526 et
3295 1471 3433 1525 ratio
3457 1470 3579 1525 uni-

1999 1557 2196 1628 cuique
2243 1560 2483 1630 loquitur
2521 1563 2576 1616 in
2606 1565 2788 1629 corde,
2837 1572 2891 1619 et
2934 1565 3000 1620 de
3040 1566 3240 1635 pietate
3285 1565 3458 1630 docet,
3510 1565 3578 1620 de

1993 1647 2228 1717 justitia,
2275 1652 2341 1707 de
2380 1654 2652 1720 castitate,
2695 1655 2762 1709 de
2803 1655 3082 1724 pudicitia,
3128 1665 3185 1712 et
3222 1657 3288 1711 de
3328 1657 3582 1711 omnibus

1999 1740 2166 1794 simul
2221 1742 2513 1798 virtutibus
2562 1753 2912 1815 protestatur,
2962 1746 3101 1800 sicut
3149 1755 3202 1801 et
3248 1747 3362 1816 ipse
3405 1747 3580 1802 dicit:

2001 1829 2131 1885 Oves
2167 1849 2297 1888 mea:
2328 1851 2502 1889 vocem
2548 1853 2719 1890 meam
2769 1839 2993 1892 audiunt
3045 1836 3227 1910 (Joan.
3280 1838 3432 1910 xxx).
3487 1838 3582 1895 Sic

321 1925 434 1998 Ego
461 1927 508 1982 si
543 1927 600 1983 in
633 1928 875 1984 novitate
919 1930 1049 1985 vita:
1096 1945 1202 1984 non
1251 1930 1486 1996 ambulo,
1532 1940 1589 1986 et
1625 1939 1895 1987 vetustate
1922 1920 1970 1979 B
1997 1920 2228 1994 denique
2265 1926 2319 1980 in
2355 1928 2518 1982 corde
2558 1927 2711 1983 Pauli
2736 1929 3097 2000 .hloquebatur,
3135 1931 3208 1984 ita
3232 1938 3292 1984 ut
3317 1931 3408 1985 ille
3436 1931 3582 1986 dice-

320 2019 584 2089 peccandi
634 2019 1080 2074 consuetudinem
1128 2035 1236 2073 non
1277 2019 1442 2090 fugio,
1491 2021 1728 2075 nondum
1767 2020 1902 2075 mihi

320 2112 572 2170 Christus
612 2112 912 2168 resurrexit
938 2127 968 2166 a
994 2111 1360 2166 mortuis.:Ad
1391 2113 1536 2166 hunc
1566 2120 1746 2166 autem
1776 2127 1902 2167 sen-

317 2219 444 2260 sum
464 2220 528 2260 ea
567 2202 898 2260 conveniunt
923 2218 1040 2272 qua:
1065 2211 1387 2272 sequuntur.
1412 2202 1553 2256 Dicit
1594 2203 1730 2257 enim
1754 2202 1904 2258 Scri-

317 2300 503 2364 ptura.
535 2292 593 2346 In
620 2292 759 2348 Isaia
789 2311 800 2346 :
834 2290 972 2357 Quia
1018 2293 1186 2345 omnis
1212 2293 1302 2361 qui
1343 2291 1506 2345 credit
1531 2293 1588 2345 in
1625 2309 1766 2358 eum,
1797 2309 1903 2347 non

318 2382 580 2436 erubescit
633 2382 768 2453 (Isa.
817 2381 962 2454 va).
1015 2381 1302 2437 Erubescit
1349 2392 1528 2438 autem
1582 2383 1758 2438 omnis
1807 2385 1900 2454 qui

316 2481 533 2544 peccat,
563 2473 706 2529 sicut
740 2482 794 2530 et
833 2474 1004 2530 Adam
1044 2474 1310 2544 peccavit,
1345 2483 1407 2530 .et
1433 2475 1667 2542 erubuit,
1695 2485 1750 2532 et
1778 2476 1903 2532 abs-

316 2565 505 2621 condit
544 2581 623 2622 se.
664 2565 766 2634 Qui
801 2568 867 2623 ad
919 2569 1064 2624 hunc
1103 2571 1356 2624 ruborem
1393 2570 1600 2640 peccati
1645 2571 1898 2640 incurrit,

319 2658 545 2712 credere
571 2673 679 2712 non
701 2659 933 2714 videtur.
1141 2664 1147 2670 '

395 2745 566 2802 Corde
584 2749 719 2803 enim
745 2749 977 2804 creditur
995 2749 1064 2804 ad
1079 2751 1364 2821 justitiam.
1399 2751 1541 2825 Ergo
1569 2753 1615 2809 si
1641 2753 1774 2810 ﬁdes
1796 2753 1903 2810 suf-

320 2837 438 2894 ﬁcit
468 2838 537 2894 ad
565 2839 834 2910 justitiam
863 2849 918 2896 et
944 2827 1213 2898 confessio
1249 2845 1315 2899 ad
1349 2844 1598 2910 salutem,
1631 2847 1774 2901 inter
1801 2844 1900 2902 Ju-

322 2931 500 2987 daeum
545 2939 602 2987 et
637 2931 906 2989 Gentilem
951 2936 1233 2992 credentes
1288 2936 1435 2991 nulla
1488 2937 1744 2993 discretio
1794 2947 1899 2995 est.

324 3020 509 3078 Omnis
529 3041 619 3096 qui
637 3025 800 3079 credit
816 3042 919 3080 non
941 3026 1308 3096 confundetur.
1326 3029 1459 3084 Cum
1475 3045 1702 3084 examen
1728 3044 1904 3102 cmpe-

323 3115 399 3172 rit
426 3117 543 3172 ﬁeri
575 3119 816 3172 omnium
842 3134 1023 3174 rerum
1047 3119 1098 3174 in
1130 3121 1215 3176 die
1234 3120 1443 3190 judicii,
1481 3129 1536 3177 et
1558 3123 1736 3177 omnia
1765 3123 1901 3179 falsa

323 3219 633 3265 commenta
666 3210 752 3264 vel
776 3211 1026 3282 dogmata
1054 3213 1109 3268 in
1134 3211 1503 3268 confusionem
1528 3214 1740 3280 deduci,
1769 3223 1901 3270 tunc

2002 2019 2116 2065 ret:
2137 2013 2217 2066 An
2237 2019 2642 2085 experimentum
2665 2021 2779 2090 ejus
2807 2022 3040 2092 quwritis
3060 2021 3148 2091 qui
3163 2020 3394 2092 loquitur
3420 2021 3476 2074 in
3501 2037 3584 2076 me

2005 2097 2283 2157 Christus?
2323 2104 2579 2175 Sequitur
2621 2127 2634 2161 :
2689 2109 2962 2174 Quomodo
3004 2123 3176 2166 autem
3214 2113 3428 2167 audient
3473 2111 3584 2167 sine

2001 2193 2360 2262 prwdicante?
2404 2195 2463 2254 In
2513 2197 2616 2252 hoc
2658 2200 2831 2269 magis
2875 2201 3286 2270 praedicandum
3334 2216 3586 2257 sermone

2004 2283 2284 2340 Christum
2327 2290 2567 2344 ostendit
2609 2291 2802 2355 audiri,
2854 2293 2909 2347 in
2951 2294 3147 2363 quibus
3187 2295 3484 2351 secundum
3519 2310 3586 2351 ea

2001 2392 2122 2447 quae
2160 2394 2322 2449 supra
2359 2381 2616 2450 diximus,
2650 2383 2900 2440 Christus
2937 2384 3083 2456 loqui
3113 2394 3168 2440 et
3197 2386 3392 2442 docere
3431 2403 3588 2444 mon-

2003 2477 2238 2525 stratur.
2525 2497 2528 2500 ‘

2077 2560 2352 2627 Quomodo
2385 2573 2560 2619 autem
2585 2565 2946 2636 praedicabunt
2973 2567 3077 2621 nisi
3106 2567 3420 2622 mittantur?
3447 2567 3594 2626 Dim-

2001 2651 2177 2708 cultas
2212 2654 2342 2708 mihi
2371 2656 2616 2725 quaedam
2655 2656 2709 2711 in
2743 2657 2846 2711 hoc
2877 2671 3127 2712 sermone
3156 2657 3370 2714 videtur
3398 2674 3594 2715 exsurv

2003 2760 2151 2817 gere.
2191 2745 2247 2802 Si
2273 2749 2419 2803 enim
2451 2749 2522 2803 ita
2554 2749 2917 2820 intelligamus
2959 2749 3104 2821 quod
3147 2761 3432 2822 propterea
3474 2768 3589 2809 non

2001 2839 2298 2910 praedicent
2330 2843 2455 2912 quia
2496 2858 2604 2898 non
2634 2843 2939 2909 mittantur,
2984 2843 3131 2899 nullo
3169 2853 3349 2901 autem
3386 2847 3588 2916 praedi-

2008 2939 2166 2987 cante
2194 2948 2301 2986 non
2336 2935 2578 3000 audiant,
2618 2953 2726 2992 non
2752 2936 3034 2992 credentes
3061 2939 3204 2992 enim
3233 2953 3341 2994 non
3371 2939 3593 2996 invoca-

2003 3023 2157 3091 bunt,
2182 3040 2290 3080 non
2325 3026 2639 3082 invocantes
2673 3043 2781 3082 non
2819 3027 3193 3094 salvabuntur,
3222 3029 3494 3100 colligitur
3515 3045 3587 3085 ex

2002 3115 2105 3180 bis,
2133 3127 2191 3172 ut
2215 3134 2378 3174 causa
2403 3136 2508 3190 qua
2537 3135 2644 3175 non
2677 3127 2805 3175 sunt
2833 3120 3048 3186 salvati,
3086 3120 3153 3175 ad
3178 3121 3368 3176 vitium
3400 3121 3593 3177 redeat

2006 3211 2244 3265 auctoris
2274 3211 2365 3281 qui
2389 3226 2497 3266 non
2528 3212 2739 3266 miserit
2765 3213 3141 3284 praedicantes.
3179 3212 3287 3268 Sed
3315 3215 3489 3286 magis
3518 3214 3588 3269 ad

320 3299 385 3356 in
421 3299 696 3357 Christum
735 3275 1017 3358 credentes
1051 3303 1356 3374 gaudebunt
1383 3303 1629 3360 videntes
1651 3275 1904 3360 omnibus
1929 3275 1974 3339 (ἶ
2007 3300 2158 3355 illum
2208 3275 2451 3374 noanui
2481 3303 2680 3357 rectior
2703 3275 2807 3368 est,
2840 3303 2894 3357 in
2918 3303 3285 3375 intelligentiae
3315 3275 3591 3364 tramitem

321 3392 662 3448 manifestari
689 3393 814 3464 quia
842 3394 984 3464 quod
1013 3394 1361 3451 crediderunt
1386 3410 1575 3450 verum
1603 3405 1690 3452 est
1715 3414 1729 3450 :
1754 3397 1902 3468 aspi-

321 3484 470 3540 cient
505 3486 650 3541 enim
681 3485 824 3542 inter
853 3495 1080 3542 caeteros
1116 3503 1174 3542 se
1213 3487 1475 3559 gloriosos
1508 3496 1563 3544 et
1589 3490 1902 3559 prudentes,

323 3578 421 3647 qui
447 3580 698 3635 aestimati
738 3579 955 3635 fuerant
1006 3581 1446 3651 contemptibiles
1488 3590 1544 3637 et
1587 3582 1756 3636 stulti.
1790 3582 1903 3639 Illic

325 3670 478 3723 enim
506 3679 590 3726 est
609 3687 737 3727 vera
777 3674 1044 3743 probatio,
1092 3673 1183 3729 ubi
1222 3682 1278 3728 et
1315 3675 1678 3730 remuneratio
1699 3683 1754 3730 et
1776 3690 1902 3729 con~

322 3757 622 3815 demnatio.
668 3762 789 3817 Non
832 3774 907 3819 est
953 3766 1089 3818 enim
1133 3763 1398 3818 distinctio
1433 3763 1609 3818 Judtei
1631 3774 1678 3818 et
1709 3762 1901 3819 Graeci.

321 3849 664 3908 Generaliter
714 3864 892 3911 autem
953 3854 1210 3911 confundi
1279 3864 1503 3925 pr0ptcr
1552 3853 1903 3909 difﬁdentiam

320 3943 460 4000 dicit
515 3957 610 4004 aut
661 3947 941 4003 sublimari
994 3964 1155 4004 causa
1211 3948 1567 4015 credulitatis,
1614 3949 1739 4019 quia
1787 3949 1904 4004 sine

319 4033 542 4090 Christo
565 4037 706 4107 apud
725 4037 896 4092 Deum
925 4037 1069 4092 nulla
1097 4037 1261 4103 salus,
1295 4038 1405 4092 imo
1428 4052 1589 4108 paena
1619 4045 1721 4092 est.
1746 4036 1903 4092 Dives

319 4127 380 4182 in
411 4145 586 4184 omnes
623 4131 713 4200 qui
752 4131 994 4186 invocant
1023 4148 1159 4184 eum.
1190 4129 1342 4186 Unus
1382 4131 1641 4186 Dominus
1662 4130 1903 4185 omnium

318 4228 379 4274 et
405 4220 790 4276 abundantiam
813 4222 1197 4277 misericordiae
1222 4230 1276 4276 et
1307 4222 1533 4276 salutem
1573 4221 1737 4292 habet
1763 4219 1902 4276 unde

321 4313 609 4383 largiatur.
641 4315 760 4372 Non
784 4317 937 4382 dixit,
969 4317 1257 4372 Dominum
1284 4318 1506 4373 divitem
1536 4317 1901 4385 credentibus,

322 4411 422 4467 sed
443 4409 821 4464 invocantibus
841 4409 988 4463 illum
1020 4429 1033 4463 :
1062 4410 1410 4466 credentibus
1435 4410 1577 4464 enim
1607 4409 1717 4464 sola
1746 4409 1906 4463 datur

323 4501 576 4557 remissio
612 4507 980 4570 peccatorum.
1025 4499 1279 4571 Sequitur
1320 4510 1499 4556 autem
1547 4509 1607 4555 ut
1650 4500 1904 4571 precibus

324 4592 539 4650 deditus
570 4592 846 4690 .libcretur
883 4609 914 4647 a
942 4593 1104 4660 malo,
1147 4603 1202 4649 et
1237 4595 1408 4664 possit
1455 4594 1712 4663 consequi
1758 4593 1901 4665 quod
1927 4629 1982 4690 Β

321 4673 744 4754 promisit'Deus
767 4692 879 4740 toto
908 4685 1072 4741 corde
1093 4685 1465 4756 vigilantibus.
1497 4685 1590 4740 Ha:
1619 4693 1746 4740 sunt
1771 4685 1905 4740 divi-

328 4775 423 4829 tia:
444 4763 675 4842 Domini,
703 4775 747 4830 si
768 4776 978 4846 iustitia
999 4777 1174 4845 nobis,
1201 4786 1257 4834 et
1281 4778 1508 4844 veritas,
1537 4787 1592 4832 et
1615 4778 1900 4849 sapientia,

328 4873 389 4923 et
418 4867 794 4934 sanctificatio,
839 4867 982 4938 quod
1025 4875 1199 4923 totum
1233 4877 1316 4924 est
1340 4868 1589 4924 Christus
1616 4867 1901 4935 Dominus,

326 4959 658 5016 dominetur.
707 4959 801 5016 Hie
848 4960 993 5015 enim
1029 4970 1156 5016 sunt
1197 4961 1316 5032 ejus
1357 4961 1576 5028 divitiae,
1624 4969 1812 5032 utpote
1848 4961 1902 5017 in

326 5047 436 5120 quo
475 5059 602 5107 sunt
640 5065 829 5107 omnes
859 5049 1099 5106 thesauri
1123 5051 1402 5123 sapientiae
1428 5059 1484 5107 et
1509 5051 1751 5108 scientia:
1781 5051 1904 5107 abs.

325 5143 555 5199 conditi.
590 5144 816 5200 Videtur
853 5145 986 5199 mihi
1034 5144 1236 5216 grande
1280 5143 1495 5214 aliquod
1524 5144 1577 5199 iu
1608 5142 1904 5216 Scripturis

325 5235 527 5293 divinis
576 5239 678 5293 sub
728 5233 1088 5296 invocationis
1141 5237 1359 5292 nomine
1413 5235 1684 5308 designari
1731 5251 1746 5291 :
1794 5252 1904 5292 non

323 5329 475 5384 enim
501 5329 568 5386 de
588 5330 1054 5402 qualibuscunque
1072 5328 1228 5395 viris,
1257 5327 1352 5384 sed
1375 5327 1682 5398 ingentibus
1702 5336 1756 5383 et
1776 5341 1907 5398 prae-

327 5420 504 5491 cipuis
528 5423 808 5489 scribitur,
839 5422 965 5494 quia
993 5423 1136 5478 Enos
1154 5421 1356 5492 primus
1379 5419 1527 5490 ctepit
1553 5418 1793 5473 invocare
1819 5434 1909 5472 no—

325 5529 446 5568 men
472 5511 688 5569 Domini
708 5511 864 5586 (Gen.
896 5518 990 5586 1v).

400 5603 588 5660 Omnis
627 5607 761 5662 enim
795 5608 1088 5678 quicunque
1133 5604 1449 5662 invocaverit
1482 5619 1668 5683 nomen
1693 5601 1909 5658 Domini

327 5697 503 5754 salvus
545 5699 644 5754 erit
678 5698 838 5771 (Joel.
864 5699 946 5770 ιι).
994 5698 1150 5769 Apud
1195 5697 1399 5756 Joelem
1443 5695 1760 5768 prophetam
1806 5696 1910 5752 hoc

327 5792 596 5862 scriptum
642 5800 726 5848 est
758 5811 771 5846 :
807 5793 1081 5860 Quomodo
1132 5808 1254 5864 ergo
1304 5789 1616 5846 invocabunt
1668 5805 1806 5855 eum,
1856 5788 1912 5842 in

325 5901 482 5958 quem
521 5902 627 5942 non
671 5886 1044 5944 crediderunt?
1081 5884 1365 5970 Christum
1407 5884 1554 5946 enim
1593 5881 1761 5967 Judaei
1788 5895 1925 5966 ,ηομ

2005 3389 2375 3458 deﬂectamus,
2403 3401 2458 3448 et
2487 3394 2632 3463 quod
2669 3393 2824 3458 dixit,
2876 3394 3148 3460 Quomodo
3189 3405 3364 3451 autem
3396 3397 3594 3468 prcedi-

2004 3483 2196 3537 cabunt
2252 3485 2356 3538 nisi
2399 3486 2717 3540 mittantur?
2765 3488 2846 3542 sic
2887 3487 3235 3558 accipiamus,
3269 3490 3421 3559 quasi
3446 3490 3594 3546 dicat

2002 3577 2292 3648 Apostolus
2332 3595 2346 3632 :
2386 3579 2496 3635 Nos
2538 3597 2816 3651 pmcones
2858 3590 2914 3636 et
2960 3569 3347 3652 praedicatores
3389 3582 3592 3638 Christi

2003 3683 2111 3723 non
2153 3684 2442 3738 possumus
2489 3671 2822 3737 praedicare,
2883 3685 2983 3724 nec
3033 3670 3388 3725 annuntiandi
3433 3672 3591 3728 nobis

2004 3758 2179 3814 virtus
2212 3759 2317 3813 ulla
2367 3759 2708 3826 subsisteret,
2748 3760 2852 3815 nisi
2896 3761 3112 3816 adesset
3151 3760 3307 3816 nobis
3335 3762 3452 3831 ipse
3495 3764 3590 3832 qui

2005 3853 2172 3908 misit.
2225 3853 2379 3920 Quod
2437 3855 2481 3909 si
2527 3855 2948 3924 praedicantibus
2999 3856 3184 3911 audire
3235 3870 3343 3910 non
3400 3855 3590 3921 vultis,

2003 3953 2185 4001 vestra
2223 3944 2336 4014 jam
2379 3946 2534 4016 culpa
2591 3955 2702 4014 est;
2730 3955 2786 4003 et
2814 3947 2860 4002 si
2892 3947 3174 4004 audientes
3200 3963 3309 4003 non
3342 3949 3592 4016 creditis,

2003 4047 2060 4094 et
2087 4054 2194 4094 non
2228 4040 2512 4096 credentes
2551 4056 2661 4096 non
2690 4041 2975 4108 invocatis,
3017 4042 3151 4096 salvi
3182 4057 3301 4098 esse
3330 4043 3587 4113 nequitis.

2006 4132 2141 4200 Quia
2171 4148 2301 4204 ergo
2329 4131 2484 4187 missi
2530 4141 2658 4188 sunt
2698 4133 2767 4188 ad
2805 4133 3271 4204 praedicationem,
3301 4133 3502 4189 idcirco
3523 4134 3592 4189 de

2003 4223 2090 4278 his
2111 4223 2203 4294 qui
2229 4224 2295 4277 ab
2326 4224 2442 4294 ipso
2479 4224 2633 4279 missi
2663 4234 2791 4281 sunt
2823 4226 3084 4296 scriptum
3115 4235 3196 4282 est
3229 4245 3242 4280 :
3272 4225 3444 4292 Quam
3472 4244 3590 4298 spe-

2006 4313 2135 4366 ciosi
2157 4321 2278 4367 sunt
2302 4313 2455 4384 pedes
2487 4314 2954 4385 evangelizantium
2982 4332 3184 4385 pacem,
3219 4316 3595 4386 euangelizan-

2007 4407 2137 4459 tium
2185 4406 2360 4459 bona!
2405 4406 2518 4462 Hoc
2558 4408 2822 4478 propheta
2861 4409 2993 4462 dicit
3017 4407 3248 4463 Nahum.
3298 4409 3468 4464 Pedes
3500 4409 3592 4464 di-

2006 4495 2196 4562 cendo,
2223 4496 2512 4551 adventum
2534 4497 2803 4568 signiﬁcat
2839 4497 3203 4568 apostolorum
3245 4499 3596 4557 circumeun-

2007 4589 2141 4644 tium
2184 4590 2444 4644 mundum
2487 4598 2541 4643 et
2586 4606 2815 4660 regnum
2861 4590 2957 4646 Dei
3004 4592 3413 4662 praedicantium
3445 4615 3456 4650 :
3489 4596 3595 4652 ad-

2007 4686 2200 4736 ventus
2240 4681 2383 4735 enim
2429 4680 2670 4751 ipsorum
2725 4681 3048 4738 illuminavit
3098 4684 3375 4753 homines,
3442 4688 3593 4742 viam.

2008 4771 2297 4827 ostendens
2332 4788 2438 4842 qua
2472 4773 2664 4828 itur‘in
2695 4788 2828 4843 pace
2858 4775 2927 4828 ad
2961 4774 3151 4830 Deum.
3182 4777 3291 4832 Aut
3315 4786 3462 4832 certe
3492 4793 3594 4846 pe-

2009 4863 2104 4918 des
2135 4863 2188 4917 in
2213 4863 2315 4918 hoc
2345 4863 2463 4920 loco
2489 4878 2590 4934 pro
2611 4865 2861 4922 sensibus
2889 4868 3068 4937 posuit
3099 4886 3110 4921 :
3142 4867 3210 4923 de
3247 4869 3332 4922 his
3359 4867 3595 4938 pedibus

2007 4961 2063 5010 et
2097 4953 2153 5008 in
2187 4952 2482 5024 Evangelio
2516 4953 2766 5009 Salvator
2797 4957 2909 5010 ait:
2943 4956 3094 5012 Sicut
3123 4973 3214 5029 ego
3255 4956 3509 5012 Dominus
3538 4969 3593 5013 et

2008 5047 2256 5116 magister
2269 5045 2371 5098 lavi
2389 5044 2544 5116 pedes
2559 5054 2834 5112 vestros,et
2851 5047 3066 5102 invicem
3084 5047 3252 5101 lavate
3261 5048 3415 5116 pedes
3431 5049 3594 5113 alter-

2005 5138 2523 5206 utrum:e:cemplum
2547 5137 2683 5190 enim
2705 5137 2826 5191 dedi
2859 5139 2999 5193 vobis
3023 5137 3200 5210 (Joan.
3227 5137 3368 5210 xm).
3387 5139 3591 5195 Videa-

2006 5244 2128 5284 mus
2147 5229 2288 5300 quod
2309 5230 2378 5284 sit
2397 5230 2540 5285 istud
2561 5231 2886 5302 exemplum,
2912 5247 3018 5302 quo
3039 5231 3278 5301 magistri
3302 5230 3591 5305 discipulo-

2004 5339 2129 5378 rum
2149 5321 2331 5377 lavare
2351 5323 2582 5378 debeant
2599 5324 2784 5395 pedes,
2807 5325 2980 5380 autde
3004 5340 3109 5394 qua
3129 5339 3268 5394 aqua
3297 5324 3502 5381 lavare.
3527 5327 3589 5384 Si

2009 5417 2131 5487 quis
2175 5416 2412 5471 inveniat
2456 5432 2655 5488 aquam
2695 5419 2896 5483 vivam,
2949 5424 3005 5471 et
3035 5416 3082 5471 si
3109 5418 3230 5487 quis
3265 5420 3589 5491 accipiatde

2009 5508 2296 5578 baptismo,
2328 5517 2384 5564 et
2411 5525 2549 5580 aqua
2581 5510 2669 5565 illa
2707 5509 2802 5565 fiat
2830 5511 2886 5564 in
2912 5523 2977 5564 eo
3002 5509 3122 5565 fons
3152 5527 3305 5582 aquae
3339 5511 3588 5566 salientis

2010 5600 2067 5656 in
2100 5601 2265 5656 vitam
2307 5609 2586 5669 aeternam,
2620 5603 2720 5656 iste
2752 5603 2817 5655 de
2844 5601 2946 5655 hac
2974 5616 3113 5672 aqua
3143 5603 3403 5660 doctrinae
3430 5602 3590 5672 spiri-

2011 5691 2175 5746 tualis
2212 5700 2390 5762 potest
2432 5693 2615 5748 lavare
2651 5691 2816 5760 pedes
2859 5691 3266 5763 discipulorum,
3308 5703 3360 5749 et
3398 5708 3590 5748 omnes

2014 5801 2082 5842 ex
2112 5787 2294 5841 animo
2339 5787 2577 5858 ipsorum
2627 5784 2999 5842 immunditias
3030 5787 3322 5856 sordesque
3347 5784 3586 5850 diluere;

1960 5880 2215 5968 ‘Liethoc
2261 5879 2484 5962 faciens,
2536 5878 2718 5964 datum
2753 5893 2784 5934 a
2817 5879 3074 5955 magistro
3119 5877 3363 5947 implevit
3407 5888 3593 5976 exent-
