4108 6334
554 448 635 524 ’99
1974 446 2119 510 δεδι

2222 442 2481 507 ιδεονη

3710 446 3818 509 100

562 572 733 651 plum.
754 569 883 639 Qua:
902 576 1081 626 autem
1098 565 1241 627 bona
1266 564 1377 624 sint
1395 576 1514 640 quae
1532 562 1903 639 evangelizant
1927 561 2137 637 (quam-
2162 561 2219 624 Α
2241 560 2377 617 tales
2406 577 2516 635 non
2544 559 2719 619 solum
2745 556 2916 628 vocis,
2947 557 3055 651 sed
3068 554 3236 618 verba
3256 558 3312 616 et
3330 554 3597 618 rationem
3619 556 3817 633 perve-

563 665 650 725 vis
667 664 770 721 hoc
790 664 965 741 ipsum
989 659 1131 734 quod
1151 660 1282 719 dicit
1305 659 1695 732 evangelizare,
1723 656 2129 729 interpretatur,

560 758 702 818 bona
726 755 1092 829 annuntiare),
1136 770 1257 827 quas
1301 754 1410 811 sint
1448 759 1626 808 tamen
1656 751 1797 807 bona
1832 764 1952 822 qua:
1978 748 2136 805 bonis

563 851 801 920 addidit,
847 851 1205 922 requiramus.
1256 847 1435 905 Unum
1472 852 1528 901 et
1570 859 1760 899 verum
1808 842 2008 898 bonum
2054 847 2137 895 est

561 947 727 1014 Deus,
755 945 909 1016 cujus
933 943 1113 1015 imago
1146 940 1405 997 bonitatis
1449 946 1535 994 est
1580 936 1771 1003 Filius,
1815 941 1870 992 et
1896 932 2134 1007 Spiritus

560 1039 678 1113 ejus
702 1037 794 1108 qui
831 1035 1032 1091 dicitur
1076 1034 1287 1090 bonus:
1315 1031 1446 1102 illud
1492 1045 1623 1103 ergo
1669 1044 1858 1093 unum,
1913 1026 2039 1097 quia
2077 1025 2134 1079 in

557 1126 670 1184 Deo
696 1124 874 1194 Patre,
901 1134 956 1182 et
984 1125 1139 1191 Filio,
1167 1132 1222 1179 et
1262 1121 1467 1194 Spiritu
1507 1127 1696 1179 sancto
1725 1127 1829 1184 est,
1867 1118 2012 1177 bona
2038 1132 2135 1171 no-

557 1220 810 1288 minavit;
843 1220 944 1274 hoc
976 1226 1058 1273 est
1087 1216 1230 1272 enim
1259 1213 1404 1286 quod
1435 1212 1763 1267 annuntiant
1790 1208 2132 1280 evangelista:

555 1310 851 1366 secundum
896 1313 1221 1379 praeceptum
1261 1304 1361 1359 Dei
1411 1309 1465 1357 et
1509 1300 1809 1356 Salvatoris
1851 1299 2023 1354 nostri
2052 1297 2133 1353 di-

555 1400 750 1467 centis,
775 1399 876 1468 Ite,
899 1399 1076 1453 docete
1098 1414 1273 1452 omnes
1296 1402 1494 1466 gentes,
1519 1392 1839 1465 baptizantes
1857 1408 1942 1447 eos
1964 1390 2021 1444 in
2040 1406 2133 1443 no-

552 1492 691 1546 mine
704 1488 899 1559 Patris,
921 1499 968 1545 et
988 1488 1137 1555 Filii,
1164 1497 1211 1543 et
1234 1485 1459 1558 Spiritus
1483 1484 1650 1539 sancti
1673 1481 1888 1556 (Matth.
1913 1478 2126 1552 xxvm).

551 1579 867 1655 Exemplum
894 1599 1024 1638 vero
1071 1579 1270 1641 hoc‘de
1302 1577 1440 1633 Isaia
1486 1577 1699 1630 videtur
1745 1581 2122 1644 assumptum;

534 1673 645 1749 sed
677 1673 749 1730 ibi
783 1675 1049 1747 propheta
1080 1672 1147 1727 a‘d
1182 1673 1356 1742 ipsum
1400 1668 1687 1723 Dominum
1723 1664 2129 1736 evangelizandi

549 1764 782 1827 cilicium
824 1765 1028 1823 retulit.
1061 1763 1139 1818 ita
1168 1765 1311 1823 enim
1342 1766 1420 1820 ait
1448 1784 1459 1820 :
1488 1766 1613 1838 quia
1655 1781 1746 1838 ego
1792 1765 1900 1835 ipse
1928 1764 2014 1836 qui
2051 1762 2129 1819 la-

548 1857 744 1931 quebar
763 1874 877 1912 ecce
899 1857 1106 1912 adsum.
1141 1856 1313 1925 Quam
1345 1857 1554 1931 pulchri
1584 1859 1641 1919 in
1668 1857 1929 1912 montibus
1959 1866 2013 1910 ut
2034 1873 2125 1929 pe-

2240 654 2387 710 nisse
2425 655 2780 725 pronuntiat:
2807 654 2951 726 quod
2977 646 3164 725 utique
3191 650 3473 710 audientes
3501 668 3816 712 sermonem

2220 734 2363 803 ‘lldei
2399 747 2562 802 etiam
2600 745 2933 817 perscrutari
2969 752 3216 817 possunt.
3242 740 3345 801 Sed
3370 740 3526 801 dico:
3554 743 3815 818 Nunquid

2222 830 2409 893 'Israel
2436 855 2538 894 non
2569 838 2850 910 cognovit!
2873 836 3076 894 Gentes
3111 835 3319 893 scilicet
3353 852 3475 894 esse
3496 846 3720 894 vocatas
3744 839 3816 895 ad

2237 929 2418 986 ﬁdem.
2469 929 2695 986 Videtur
2741 944 2803 986 ea
2831 946 2952 1002 quae
2995 930 3242 1001 superius
3282 929 3419 986 dixit
3456 930 3521 986 de
3549 927 3815 987 Gentibus

2235 1022 2545 1092 prolocutus
2576 1042 2588 1077 :
2614 1038 2759 1079 nunc
2799 1036 2949 1091 vero,
2981 1031 3040 1078 ut
3079 1022 3185 1078 sibi
3213 1023 3383 1079 moris
3414 1031 3516 1090 est,
3548 1024 3714 1079 etiam
3747 1023 3817 1080 de

2235 1110 2399 1168 lsrael
2428 1113 2720 1187 subiungit,
2751 1123 2806 1169 et
2824 1112 2940 1169 vult
2968 1114 3111 1184 quod
3141 1112 3524 1169 inexcusabilis
3553 1113 3624 1169 sit
3642 1112 3816 1171 lsrael

2224 1205 2463 1260 testibus
2514 1206 2726 1262 idoneis
2762 1207 3138 1278 comprobare.
3179 1205 3321 1278 Ipse,
3359 1206 3548 1278 inquit,
3603 1202 3814 1278 Moyses

2233 1295 2381 1362 dicit,
2408 1311 2475 1351 ex
2501 1308 2735 1369 persona
2771 1295 2868 1353 Dei
2894 1317 2907 1352 :
2939 1297 3051 1369 Ego
3087 1297 3156 1352 ad
3190 1296 3577 1353 cumulationem
3602 1310 3693 1353 vos
3716 1296 3817 1353 ad-

2233 1387 2422 1441 ducam
2450 1387 2506 1442 in
2534 1404 2639 1443 non
2679 1397 2900 1459 gentem,
2931 1389 2996 1444 de
3023 1388 3347 1445 Christianis
3388 1388 3503 1444 sine
3541 1388 3708 1446 dubio
3735 1382 3819 1446 df-

2232 1494 2381 1545 cens,
2409 1480 2503 1549 qui
2532 1495 2562 1534 a
2592 1479 2706 1536 Deo
2738 1480 2808 1536 ad
2844 1480 3244 1537 inmutationem
3284 1480 3483 1551 prioris
3513 1482 3697 1563 populi
3727 1481 3816 1538 irr-

2232 1572 2435 1629 creduli
2470 1576 2716 1645 concepti
2744 1582 2802 1631 et
2830 1574 3092 1648 assumpti
3123 1582 3268 1632 sunt.
3300 1574 3383 1630 Ad
3418 1572 3812 1653 aemulationem

2230 1679 2317 1718 vos
2344 1664 2630 1719 adducam.
2660 1664 2797 1733 Quia
2828 1682 2929 1737 per
2950 1681 3009 1723 se
3039 1665 3209 1724 Judaei
3234 1664 3295 1747 in
3323 1666 3405 1722 ira
3433 1666 3586 1724 missi
3616 1672 3815 1747 ex’cruj-

2233 1755 2470 1822 ciantur,
2509 1758 2723 1827 quando
2752 1759 2978 1814 audiunt
3002 1746 3295 1830 prophetas
3320 1764 3379 1815 et
3401 1754 3575 1830 legem
3606 1759 3674 1816 ad
3708 1746 3815 1818 nos

2227 1848 2501 1919 pertinere
2539 1850 2630 1919 qui
2657 1848 2933 1906 Christum
2975 1851 3265 1913 credimus.
3318 1850 3387 1907 In
3428 1859 3649 1931 gentem,
3676 1852 3813 1908 insi-

549 1924 640 2003 des
680 1949 1081 2022 euangelizantis
1129 1924 1369 2007 auditum
1410 1954 1572 2024 pacis,
1626 1961 1683 2007 ut
1714 1924 2122 2023 euangelizantis
2149 1924 2197 1987 Β
2224 1943 2466 2013 Flentem.
2500 1940 2613 1997 Hoc
2636 1949 2738 2011 est,
2778 1943 2896 1998 sine
2921 1942 3039 2015 lege
3063 1950 3119 1998 et
3148 1958 3257 2000 non
3292 1924 3604 2007 adorantem
3633 1926 3813 2021 Deam

549 2038 685 2097 bona
707 2039 842 2113 (Isai
888 2040 1018 2113 Ln)!
1048 2040 1247 2101 Verum
1289 2042 1422 2111 mihi
1469 2042 1684 2099 videtur
1728 2041 1945 2109 Paulus,
1998 2042 2124 2113 quia

546 2131 813 2204 prOpheta
852 2131 1085 2201 dixerat,
1129 2142 1185 2185 ut
1220 2132 1375 2204 pedes
1415 2133 1825 2205 euangelizantis
1865 2132 2020 2200 bona,
2070 2139 2126 2190 et

546 2221 650 2278 hoc
705 2224 861 2295 quasi
925 2240 991 2280 ex
1054 2224 1278 2280 alterius
1332 2227 1735 2298 comparatione
1794 2240 2126 2293 commemo-

545 2320 731 2378 rasse,
789 2313 938 2370 velut
987 2315 1035 2370 si
1082 2315 1435 2375 diceret:lta
1481 2316 1663 2384 adem,
1716 2324 1776 2371 ut
1822 2317 1985 2373 homo
2030 2317 2123 2388 qui

544 2404 883 2475 evangelizat
907 2421 1100 2476 pacem
1132 2415 1185 2461 et
1211 2406 1551 2477 evangelizat
1580 2407 1739 2462 bona.
2102 2400 2107 2405 ’

618 2492 724 2553 Sed
761 2512 867 2565 non
914 2513 1089 2553 omnes
1129 2496 1376 2551 obediunt
1416 2497 1721 2569 Evangelia.
1767 2497 1909 2570 Ergo
1945 2498 1995 2555 si
2024 2512 2124 2554 nec

545 2583 620 2641 illi
648 2603 835 2643 omnes
854 2588 1171 2657 obedierunt
1195 2590 1260 2644 ad
1288 2605 1426 2661 quos
1450 2589 1539 2645 isti
1566 2590 1717 2645 missi
1744 2599 1889 2659 sunt,
1920 2599 2123 2663 quanto

545 2678 720 2735 minus
758 2679 848 2734 isti
875 2679 942 2735 ad
970 2695 1104 2750 quos
1140 2696 1300 2736 nemo
1326 2690 1412 2736 est
1445 2681 1764 2737 destinatus.
1804 2681 1934 2748 Quis
1961 2682 2126 2749 credi-

544 2768 620 2824 dit
673 2770 879 2825 auditm'
928 2771 1136 2827 vestro?
1184 2771 1449 2829 Firmavit
1507 2772 1753 2844 exemplo
1804 2770 2123 2844 prophetico

543 2859 757 2919 Judmos
811 2878 930 2919 esse
982 2865 1410 2922 contradictores
1460 2865 1784 2937 evangelicae
1834 2865 2117 2919 veritatis:

542 2953 688 3010 hunc
720 2962 899 3017 autem
931 2971 1216 3011 numerum
1245 2957 1419 3029 tangit
1447 2956 1539 3027 qui
1566 2955 1728 3011 ﬁdem
1766 2972 1874 3013 non
1905 2955 2119 3029 recipit,

542 3049 686 3121 quod
709 3049 863 3119 ponit
880 3048 1193 3123 Apostolus,
1229 3050 1356 3125 quia
1394 3049 1563 3123 Isaias
1611 3049 1846 3104 dixerit:
1872 3046 2118 3117 Domine,

542 3142 658 3214 quis
696 3143 915 3201 credidit
959 3143 1168 3198 auditui
1196 3143 1420 3201 nostra?
1458 3140 1589 3209 Quis
1628 3157 1729 3215 pro
1756 3157 1883 3197 raro
1913 3141 2118 3197 dictum

547 3242 653 3291 est.
681 3233 747 3288 Et
778 3235 1069 3292 observare
1104 3235 1361 3299 debemus
1410 3236 1552 3308 quod
1588 3251 1767 3291 sermo
1788 3235 1876 3291 hic
1897 3236 1951 3290 in
1974 3233 2119 3290 Scri-

544 3327 720 3401 pturis
749 3327 1022 3389 interdum
1047 3344 1146 3403 pro
1175 3346 1324 3397 raro,
1349 3330 1616 3385 interdum
1634 3344 1734 3400 pro
1767 3328 1915 3385 nullo
1943 3329 2116 3392 omni-

526 3408 614 3473 no
650 3421 885 3493 ponitur.
917 3421 1076 3477 Verbi
1104 3423 1297 3494 gratia,
1337 3430 1397 3477 ut
1421 3437 1545 3479 cum
1569 3422 1769 3489 dicitur
1798 3439 1814 3476 :
1845 3420 1977 3489 Quis
2024 3440 2118 3478 sa-

541 3513 727 3587 piens,
781 3522 829 3567 et
884 3512 1123 3587 intelligit
1171 3514 1327 3579 haec?
1382 3512 1485 3569 Ubi
1536 3527 1666 3569 vero
1714 3512 1953 3575 dicitur:
1990 3504 2120 3583 Quis

543 3602 775 3661 ascendit
801 3603 857 3657 in
890 3603 1094 3671 caelum,
1141 3604 1237 3657 hoc
1278 3612 1375 3671 est,
1413 3600 1679 3658 Christum
1720 3603 2003 3671 deducere;
2043 3602 2121 3659 uel

544 3695 662 3767 quis
696 3694 961 3753 descendit
992 3695 1048 3749 in
1080 3695 1346 3766 abyssum,
1380 3696 1478 3749 hoc
1507 3705 1605 3762 est,
1627 3695 1893 3753 Christum
1919 3712 1953 3749 a
1978 3712 2122 3764 mar:-

543 3785 648 3845 tuis
699 3785 1106 3841 reducere?Hic
1153 3788 1270 3858 quis
1314 3787 1492 3845 nullus
1530 3789 1847 3860 intelligitur
1885 3810 1898 3845 :
1942 3790 2119 3851 nullus

544 3878 690 3935 enim
713 3887 798 3933 est
819 3878 912 3949 qui
932 3878 1176 3939 ascendit
1195 3878 1251 3932 in
1280 3878 1476 3932 coelum
1505 3879 1782 3937 Christum
1812 3882 1936 3938 inde
1960 3884 2121 3955 dedu-

543 3982 687 4024 cere.
724 3965 878 4022 Nunc
909 3983 1038 4045 ergo
1074 3967 1314 4035 Domine,
1357 3970 1472 4041 quis
1516 3971 1734 4025 credidit
1773 3973 1980 4027 auditui
2019 3990 2116 4029 no-

544 4062 676 4119 tro?
708 4061 854 4133 quod
895 4062 1026 4118 dicit
1065 4060 1257 4131 Isaias,
1297 4078 1483 4119 rarum
1519 4078 1788 4135 quemque
1826 4064 2114 4136 signiﬁcat.

544 4154 768 4212 Videtur
807 4167 984 4229 tamen
1024 4154 1192 4215 Isaias
1230 4157 1347 4214 lucc
1374 4173 1440 4214 ex
1475 4173 1709 4229 persona
1739 4158 2116 4228 'apostolorum

542 4248 890 4322 prophetare,
935 4250 1133 4322 quibus
1173 4251 1436 4306 creditum
1493 4249 1669 4304 fuerat
1715 4248 2115 4320 praedicationis

522 4326 808 4410 cilicium;
840 4358 966 4397 nam
993 4351 1050 4397 et
1074 4341 1176 4414 ipsi
1210 4358 1333 4400 cum
1369 4342 1650 4398 raritatem
1686 4342 2021 4399 credentium
2051 4342 2117 4405 de

540 4434 736 4509 populo
784 4432 947 4492 lsrael
995 4435 1264 4502 viderent,
1307 4434 1492 4495 dicunt
1536 4432 1603 4489 ad
1655 4433 1981 4511 Dominum:
2015 4434 2119 4490 Do-

540 4523 700 4589 mine,
749 4526 864 4595 quis
905 4526 1123 4580 credidit
1170 4525 1376 4581 auditui
1419 4526 1636 4580 nostra?
1692 4524 1835 4596 Ergo
1875 4526 2004 4596 ﬁdes
2052 4543 2116 4580 ea:

2226 2046 2437 2089 verum.
2479 2033 2655 2090 Isaias
2693 2043 2867 2091 autem
2901 2037 3059 2091 audet
3087 2045 3136 2092 et
3164 2036 3312 2091 dicit.
3355 2034 3498 2115 Dicit
3516 2037 3813 2115 Apostolus

2228 2124 2294 2181 de
2317 2125 2457 2181 lsaia
2484 2128 2613 2198 quia
2656 2129 2819 2183 audet
2847 2136 2904 2183 et
2928 2128 3097 2183 dicit:
3126 2129 3230 2184 hoc
3253 2120 3474 2194 indicat,
3509 2129 3636 2201 quia
3661 2138 3811 2212 mon-

2226 2226 2336 2275 tem
2362 2229 2715 2279 contemnens
2739 2229 2795 2276 et
2827 2222 3234 2295 persecutiones
3263 2238 3382 2294 quas
3413 2221 3810 2299 inferebantur,

2227 2313 2475 2387 quamvis
2522 2313 2688 2369 sciret
2726 2313 2829 2369 sibi
2870 2314 3155 2370 imminere
3182 2314 3504 2386 periculum,
3532 2315 3697 2373 audet
3724 2320 3810 2371 ta-

2227 2420 2353 2460 men
2381 2412 2435 2460 et
2455 2405 2714 2483 praedicat
2737 2407 2977 2465 Verbum
2999 2408 3119 2464 Dei.
3147 2407 3215 2464 Et
3247 2425 3313 2467 ex
3346 2425 3575 2483 persona
3601 2409 3810 2483 Christi

2228 2494 2361 2551 dicit
2399 2511 2415 2551 :
2456 2476 2559 2555 ini:
2608 2495 2776 2554 Israel
2827 2499 3067 2555 carnalis
3109 2507 3215 2568 est,
3264 2476 3367 2557 hoc
3417 2509 3523 2571 est,
3571 2476 3807 2560 Abrahae

2226 2583 2391 2654 ﬁlius,
2422 2588 2517 2644 sed
2551 2604 2663 2645 non
2705 2591 3006 2646 secundum
3048 2589 3208 2647 ﬁdem
3235 2610 3248 2644 :
3273 2607 3398 2648 nam
3434 2590 3602 2649 Israel
3643 2582 3809 2653 verus

2226 2687 2281 2735 et
2304 2679 2603 2750 spiritualis
2624 2693 2729 2749 est,
2759 2682 2853 2754 qui
2877 2684 3148 2740 credendo
3170 2684 3319 2743 videt
3337 2684 3528 2742 Deum.
3555 2685 3807 2747 Inventus

2226 2784 2342 2831 sum
2391 2771 2456 2825 ab
2503 2772 2586 2828 his
2629 2774 2721 2846 qui
2762 2791 2844 2833 me
2890 2794 2994 2833 non
3044 2777 3459 2850 interrogabant.
3508 2776 3644 2849 Quia
3693 2798 3807 2849 non

2225 2861 2397 2918 Deum
2438 2865 2534 2920 sed
2573 2867 2838 2924 daemonia
2883 2869 3313 2943 interrogabant,
3343 2886 3441 2942 per
3478 2886 3711 2944 augures
3749 2882 3807 2949 et

2226 2955 2552 3029 astrologos,
2580 2967 2743 3031 atque
2772 2961 3048 3031 aruspices
3077 2961 3363 3019 idolorum.
3395 2963 3478 3017 Ad
3514 2960 3687 3019 Israel
3708 2982 3807 3031 air-

2224 3055 2326 3101 tem
2373 3049 2500 3121 quid
2537 3050 2706 3106 dicit?
2748 3050 3045 3125 Superiora
3078 3054 3296 3125 quidem
3344 3053 3412 3112 ad
3441 3046 3662 3123 Gentes,
3714 3071 3805 3127 se;-

2222 3140 2445 3209 quentia
2470 3157 2600 3198 vero
2627 3145 2850 3219 exponit
2880 3146 2945 3200 ad
2969 3144 3138 3201 Israel
3172 3161 3292 3202 esse
3324 3144 3626 3204 referenda.
3669 3144 3802 3204 Tota

2221 3232 2307 3287 die
2326 3232 2553 3305 expendi
2588 3250 2778 3290 manus
2806 3253 2969 3292 meas.
3001 3235 3114 3293 Hoc
3135 3246 3239 3308 est,
3274 3247 3385 3295 toto
3414 3246 3660 3311 tempore
3695 3234 3805 3298 mi?-

2221 3323 2410 3378 rabiiia
2442 3324 2526 3379 vel
2548 3324 2735 3398 plagas
2759 3328 3012 3384 extendi:
3041 3344 3144 3386 nec
3174 3329 3252 3385 sic
3282 3331 3645 3389 crediderunt.
3670 3332 3803 3405 Ger;-

2222 3421 2335 3469 tum
2359 3422 2442 3471 est
2468 3424 2651 3471 autem
2679 3419 2823 3489 quod
2846 3427 3034 3493 gentes
3056 3429 3214 3476 erant
3252 3438 3370 3493 quae
3396 3421 3668 3481 Christum
3696 3418 3801 3501 nec

2222 3522 2467 3578 quaerere
2492 3521 2774 3579 noverant,
2799 3527 2903 3569 nec
2925 3513 2993 3569 de
3017 3528 3082 3571 eo
3111 3515 3448 3590 interrogare
3470 3516 3771 3583 didicerant
3776 3535 3798 3609 ξ

2221 3600 2547 3657 invenerunt
2570 3610 2750 3659 tamen
2777 3618 2939 3677 quem
2969 3622 3078 3663 non
3113 3609 3499 3681 quaesiverunt,
3525 3612 3652 3684 quia
3682 3600 3800 3685 ipse

2221 3706 2315 3750 eos
2343 3695 2591 3766 quaesivit
2616 3697 2785 3773 prior.
2815 3696 3008 3767 Pastor
3034 3700 3181 3757 enim
3206 3700 3382 3758 bonus
3409 3711 3465 3760 et
3492 3718 3649 3760 ovem
3675 3719 3799 3775 qua

2219 3789 2463 3865 perierat
2495 3792 2802 3861 requisivit,
2846 3800 2903 3848 et
2930 3793 3195 3866 sapientia
3221 3779 3307 3852 est
3333 3811 3454 3868 quae
3482 3794 3801 3869 drachmam

2218 3884 2489 3953 perditam
2520 3900 2769 3953 quaerens
2798 3886 3024 3942 invenit.
3054 3885 3225 3942 Judmi
3250 3896 3432 3941 autem
3460 3886 3802 3962 interrogant

2223 3970 2537 4043 Scripturas
2561 3972 2628 4027 de
2655 3990 2741 4039 eo,
2768 3983 2823 4029 et
2849 3976 3130 4033 inveniunt
3153 3976 3279 4052 quia
3301 3990 3435 4031 crux
3459 3974 3573 4043 ejus
3598 3976 3802 4043 Judsis

2221 4074 2305 4118 est
2326 4063 2659 4119 scandalum.
2678 4066 2801 4120 Ideo
2823 4065 2954 4120 dicit
2972 4066 3037 4120 ad
3049 4080 3142 4121 eos
3158 4080 3172 4118 :
3190 4062 3322 4119 Tota
3342 4065 3427 4121 die
3447 4067 3677 4137 expandi

2221 4170 2318 4209 nus
2337 4171 2499 4222 meas,
2528 4155 2632 4210 hoc
2649 4163 2735 4211 est
2753 4171 2875 4211 cum
2902 4156 3167 4227 penderet
3185 4156 3241 4211 in
3258 4172 3445 4227 cruce,
3474 4157 3552 4213 illi
3577 4175 3686 4217 non
3716 4177 3803 4223 so-

2218 4246 2328 4303 lum
2344 4248 2665 4304 invenerunt
2675 4264 2819 4316 eum,
2838 4248 2935 4304 sed
2951 4249 3171 4322 insuper
3186 4249 3438 4309 dixerunt
3449 4252 3497 4307 ei
3515 4270 3528 4305 :
3548 4249 3606 4308 Si
3621 4249 3799 4315 Filius

2218 4338 2319 4394 Dei
2340 4357 2414 4405 es,
2434 4340 2687 4394 descende
2711 4357 2848 4396 nunc
2875 4341 2938 4397 de
2959 4359 3130 4405 cruce,
3154 4352 3204 4400 et
3229 4345 3512 4401 credimus.
3536 4345 3595 4402 In
3617 4340 3786 4405 exemi

2214 4430 2458 4505 plaribus
2484 4438 2663 4486 autem
2692 4431 3041 4489 Hebrzeorum
3069 4450 3178 4491 non
3198 4435 3363 4491 habet
3388 4445 3581 4493 contra
3613 4436 3797 4495 dicen-'-

2218 4530 2331 4577 tem
2360 4562 2375 4588 ,
2421 4522 2712 4594 Apostolus
2754 4534 2935 4581 autem
2977 4535 3197 4584 secutus
3242 4527 3388 4584 LXX
3437 4529 3796 4607 interpretum

528 4610 729 4670 auditu
753 4623 848 4681 est,
889 4616 1103 4671 auditus
1135 4626 1311 4671 autem
1335 4634 1427 4688 per
1456 4618 1663 4672 verbum
1695 4616 1811 4669 Dei.
1843 4615 1978 4682 Quia
2009 4616 2113 4673 nisi
2137 4634 2194 4699 Β
2217 4614 2499 4671 veritatem
2542 4614 2599 4672 in
2635 4617 2748 4673 suis
2790 4615 3108 4689 Scripturis,
3153 4619 3295 4676 sicut
3333 4617 3411 4679 illi
3449 4610 3794 4694 interpretati

542 4706 751 4763 dicatur
774 4704 992 4776 aliquid,
1024 4720 1125 4760 nec
1157 4705 1330 4779 audiri
1354 4714 1549 4776 potest,
1581 4720 1681 4761 nec
1709 4705 1875 4760 credi.
1911 4704 1979 4760 In
2008 4723 2113 4761 ont-

544 4815 660 4853 nem
693 4807 886 4853 terram
907 4796 1066 4853 exivit
1096 4812 1254 4850 sonus
1280 4812 1479 4851 eorum.
1513 4795 1627 4865 Hoc
1650 4797 1716 4852 de
1740 4795 1954 4863 Psalmo
1974 4815 2109 4861 xvm

543 4890 857 4956 assumitur,
895 4887 985 4942 ubi
1007 4887 1122 4941 ait:
1150 4885 1275 4941 Non
1298 4896 1418 4940 sunt
1450 4885 1697 4959 loquelis,
1723 4905 1885 4960 neque
1907 4905 2110 4949 sermo-

542 4997 648 5035 nes.
692 4978 751 5035 Iu
778 4994 884 5050 quo
910 4993 1007 5049 pro
1048 4976 1351 5051 linguarum
1398 4987 1453 5033 et
1491 4992 1800 5035 sermonum
1848 4981 2113 5039 varietate

541 5069 742 5126 Gentes
770 5068 887 5143 sine
917 5067 1079 5139 dubio
1108 5067 1496 5141 intelliguntur,
1529 5077 1583 5124 et
1606 5069 1803 5128 dicitur
1828 5073 1957 5144 quia
1981 5087 2113 5150 apo-

541 5162 801 5219 stolorum
840 5156 1043 5217 Christi
1087 5159 1142 5213 in
1188 5174 1402 5231 omnem
1447 5160 1663 5243 quidem
1691 5170 1895 5229 terram
1946 5179 2111 5235 sonus

540 5254 754 5319 exierit,
807 5254 863 5309 in
905 5252 1042 5309 ﬁnes
1077 5267 1207 5307 vero
1246 5252 1394 5308 orbis
1433 5260 1611 5325 terrae,
1650 5269 1757 5311 non
1790 5270 1975 5321 sonus,
2016 5253 2112 5312 sed

540 5345 702 5399 verba
750 5343 1134 5419 pervenerint:
1167 5343 1310 5415 quod
1356 5344 1431 5407 ita
1475 5344 1698 5417 intelligi
1743 5354 1941 5418 potest,
1981 5346 2111 5418 quia

543 5443 745 5497 terram
778 5437 1053 5509 imperitos
1090 5453 1334 5513 quosque
1371 5446 1425 5513 et
1466 5438 1782 5499 indocibiles
1810 5455 2001 5497 omnes
2030 5440 2113 5497 die

539 5537 648 5595 cat,
680 5529 749 5585 ad
776 5545 913 5607 quos
943 5546 1048 5587 non
1078 5532 1263 5601 verba,
1305 5531 1361 5595 in
1406 5534 1601 5605 quibus
1638 5534 1779 5589 ratio
1808 5534 1931 5590 ﬁdei
1960 5550 2111 5591 com-

542 5632 796 5691 monetur
838 5632 895 5682 et
931 5626 1239 5698 explanatio
1284 5627 1582 5698 sapientiae,
1631 5627 1727 5685 sed
1772 5642 1937 5683 sonus
1983 5627 2109 5683 ﬁdei

543 5719 812 5774 communi
834 5727 890 5773 et
910 5719 1135 5795 simplici
1161 5719 1539 5795 praedicatione
1562 5719 1886 5788 pervenerit.
1919 5716 2108 5793 Finem

541 5826 671 5865 vero
705 5812 849 5868 orbis
877 5822 1051 5879 teme,
1094 5812 1394 5869 eruditores
1438 5824 1684 5885 quosque
1722 5810 2102 5882 appellaverit;

540 5898 666 5965 ﬁnis
691 5904 835 5963 enim
865 5902 1252 5977 perfectionem
1280 5902 1483 5962 indicat
1505 5915 1711 5964 rerum.
1739 5897 1826 5965 Ad
1853 5902 1957 5964 hos
1977 5919 2109 5981 ergo

1253 6024 1459 6041 *ον-σον-
1943 6027 1977 6037 ι·-
1986 6028 2015 6034 *ο

2217 4717 2364 4778 sunt,
2396 4708 2570 4785 ponit.

2820 4796 3053 4858 CAPUT
3094 4799 3187 4857 χι.
3772 4796 3777 4875 ς

2281 4890 2414 4947 Dico
2430 4892 2612 4966 igitur:
2626 4891 2881 4964 Nunquid
2895 4891 3083 4963 repulit
3098 4892 3236 4949 Deus
3245 4880 3600 4950 hereditatem
3612 4896 3794 4975 suam?

2219 4982 2355 5055 Quia
2393 4987 2529 5043 satis
2578 4986 2698 5042 illos
2745 4984 3163 5053 humiliaverat,
3212 4986 3372 5045 modo
3415 4981 3571 5059 quasi
3617 4986 3792 5059 bonus

2218 5077 2407 5134 doctor
2443 5077 2754 5135 consolatur
2780 5092 2906 5145 eos,
2940 5092 3009 5133 ne
3044 5075 3166 5134 illos
3198 5076 3427 5145 nimium
3460 5078 3794 5141 exacerbare

2211 5170 2508 5225 videretur.
2537 5166 2705 5223 Absit.
2741 5166 2857 5223 Non
2887 5183 3110 5239 omnes,
3138 5168 3242 5235 ait,
3276 5166 3505 5239 repulit,
3533 5166 3638 5223 nisi
3670 5166 3791 5247 illos

2214 5260 2306 5332 qui
2331 5275 2437 5315 non
2465 5258 2829 5315 crediderunt.
2857 5255 3002 5319 Nam
3023 5266 3073 5312 et
3097 5273 3189 5328 ego
3214 5254 3463 5315 Israelita
3481 5264 3619 5311 sum'.
3651 5252 3791 5323 Quia

2214 5368 2320 5408 non
2368 5352 2570 5408 idcirco
2606 5351 2816 5427 expulsi
2850 5359 3027 5424 sunt,
3049 5347 3198 5419 quod
3225 5363 3393 5421 genus
3427 5356 3554 5403 sunt
3596 5338 3786 5429 lsrael;

2211 5443 2331 5501 Non
2352 5460 2481 5517 ergo
2501 5443 2701 5515 repulit
2719 5442 2863 5498 Deus
2883 5439 3094 5512 plebem
3118 5454 3270 5494 suam
3288 5480 3305 5507 ,
3328 5453 3491 5511 quam
3515 5436 3791 5507 pmscivit

2213 5551 2335 5595 esse
2366 5536 2712 5609 credituram.
2751 5532 2821 5586 Et
2846 5539 2907 5585 ut
2933 5531 3038 5593 hoc
3063 5529 3323 5603 probaret
3346 5528 3626 5601 exemplo,
3660 5528 3790 5586 sub-

2203 5629 2411 5703 jungit,
2443 5627 2628 5701 dicens
2658 5643 2670 5679 ε
2705 5621 2847 5678 Nam
2873 5630 2921 5685 et
2944 5638 3037 5696 ego
3061 5620 3313 5677 Israelita
3337 5637 3475 5676 sum.
3503 5619 3586 5675 An
3613 5620 3785 5707 nesci?

2211 5722 2276 5777 tis
2305 5722 2360 5775 in
2390 5718 2514 5775 Elia
2542 5715 2667 5791 quid
2696 5714 2822 5769 dicit
2854 5711 3130 5787 Scriptura
3161 5710 3307 5786 (ΙΙΙ
3328 5710 3455 5784 Reg.
3488 5727 3581 5767 nx
3706 5707 3787 5766 Ne

2210 5810 2487 5868 videretur
2512 5820 2740 5879 parvum
2769 5803 2920 5875 quod
2937 5802 3181 5874 exemplo
3213 5802 3294 5857 sui
3320 5817 3427 5857 non
3456 5814 3577 5857 esse
3600 5794 3784 5869 repuli-

2209 5920 2329 5970 sam
2354 5903 2568 5981 plebem
2592 5899 2689 5959 Dei
2717 5899 2943 5957 docebat
2970 5894 3289 5971 Apostolus,
3314 5895 3576 5953 validiora
3603 5892 3789 5968 rcun
