4108 6334
300 460 402 529 {Oi

1430 454 1760 517 com.
1792 450 1871 513 il
1898 444 2125 515 MT.
2161 454 2256 516 AD
2291 454 2455 518 ROM.

3430 456 3539 522 lii!

303 580 379 641 rit
402 575 681 648 exempla,
716 572 848 641 dicit
873 593 888 630 ι
928 574 1012 634 Au
1040 573 1253 637 nescitis
1270 612 1286 641 ,
1321 582 1427 631 etc.
1460 573 1519 629 in
1546 574 1746 645 quibus
1774 571 1871 627 do-
1896 570 1950 633 Ᾱ
1973 573 2228 628 mandata
2243 576 2668 639 contemnerent,
2683 568 2828 627 unde
2849 584 2881 626 a
2898 564 3180 627 Salvatore
3201 579 3532 645 arguuntur:

302 677 423 735 cet,
461 669 604 742 quod
638 668 911 739 propheta
955 666 1243 738 aliquamio
1285 666 1397 722 Deo
1436 664 1697 738 repletus,
1745 668 1869 720 cum
1910 668 1915 675 '

302 759 446 828 apud
474 757 643 821 Deum
673 757 949 828 querelam
975 756 1154 829 populi
1183 757 1610 828 pmvaricatoris
1637 771 1871 826 expone-

301 858 419 916 ret,
447 849 541 919 qui
566 864 677 904 non
711 849 890 905 solum
927 851 1222 921 prophetas
1260 849 1553 905 occidisset
1589 855 1645 903 et
1675 847 1868 903 altaria

299 940 692 1008 subvertisset,
730 955 921 997 verum
954 949 1011 996 et
1042 941 1246 1007 Eliam,
1280 939 1374 1011 qui
1408 940 1689 995 videbatur
1723 938 1869 993 solus

234 1076 243 1082 .
298 1048 588 1104 superesse
627 1049 693 1088 ex
730 1034 1010 1105 prophetis
1050 1035 1292 1101 Domini,
1336 1041 1629 1089 conaretur
1668 1031 1871 1088 exstin-

298 1140 496 1199 guere,
526 1124 755 1182 Boniti.
782 1128 997 1183 dicebat
1025 1145 1039 1161 ’
1082 1126 1153 1180 Et
1179 1143 1273 1198 ego
1301 1124 1514 1180 relictus
1540 1141 1654 1181 sum
1694 1124 1867 1190 solus,

299 1225 351 1270 et
379 1231 625 1287 queram
648 1216 883 1271 animum
920 1230 1108 1272 meum.
1152 1215 1258 1273 Sed
1296 1216 1423 1289 quid
1462 1217 1589 1271 dicit
1625 1215 1706 1269 illi
1737 1215 1871 1269 divi-

298 1320 429 1365 num
457 1323 760 1378 responsum
782 1308 808 1362 2
832 1306 1038 1379 Reliqui
1067 1308 1196 1362 mild
1218 1316 1415 1378 septeni
1443 1306 1611 1361 millia
1636 1307 1869 1361 virorum

297 1396 391 1468 qui
422 1412 529 1457 non
564 1406 904 1470 cum
934 1414 1104 1469 genua
1137 1408 1260 1454 ante
1295 1397 1450 1453 Baal.
1500 1398 1700 1469 Aperta
1745 1404 1873 1452 sunt

303 1487 441 1544 haec.
474 1485 726 1549 Ostendit
758 1488 907 1551 enim
940 1504 1052 1545 non
1087 1488 1262 1545 solum
1286 1488 1473 1567 .Eliam
1509 1487 1868 1558 remansisse,

302 1580 394 1649 qui
430 1579 656 1637 devotus
688 1580 802 1637 De.
837 1596 946 1637 non
983 1583 1291 1645 adoraverit
1322 1583 1460 1638 idola
1481 1623 1496 1646 ,
1532 1583 1630 1638 sed
1674 1582 1872 1638 multos

304 1670 397 1741 qui
432 1670 488 1727 in
521 1670 627 1733 ﬁde
659 1671 755 1729 Dei
784 1681 1215 1743 permanserunt.
1252 1672 1389 1729 Huic
1422 1674 1501 1729 rei
1537 1683 1592 1730 et
1629 1674 1872 1729 historiae

300 1762 551 1832 congruit
572 1764 714 1833 quod
735 1763 888 1821 multi
908 1780 1008 1834 por
1026 1765 1313 1836 apothecas
1332 1765 1584 1821 occultati
1604 1766 1734 1831 sint,
1751 1780 1872 1835 por-

302 1859 426 1922 pter
442 1851 630 1911 Achab
655 1868 836 1925 regem
863 1853 1127 1910 Samaria
1152 1863 1206 1911 et
1230 1855 1446 1911 Iezabel
1473 1870 1694 1911 uxorem
1720 1854 1835 1924 ejus
1852 1897 1868 1923 ,

1970 663 2201 721 Culicem
2225 663 2529 737 linquentes,
2555 662 2809 720 camelum
2833 672 3005 733 autem
3027 662 3297 736 glutientes
3318 662 3533 739 (Matth.

1969 772 2109 811 mn
2132 755 2172 829 ).
2202 756 2360 811 Dedit
2385 756 2494 813 illis
2537 758 2775 829 spiritum
2815 757 3242 830 compunctionis.
3274 756 3389 814 Hoc
3419 767 3535 826 est,

1970 845 2217 917 spiritum
2241 847 2442 902 erroris
2465 846 2550 903 vel
2575 847 2927 915 inﬁdelitatis,
2956 862 3050 903 seu
3079 847 3311 904 invidiae.
3343 847 3539 903 Oculos

1970 947 2027 993 ut
2065 955 2169 993 non
2213 938 2451 1006 videant,
2493 948 2541 994 et
2585 956 2735 994 aures
2777 949 2833 994 ut
2874 956 2978 994 non
3018 940 3259 1001 audiant.
3302 938 3538 1007 Quaestio

1970 1030 2127 1086 nobis
2151 1031 2420 1101 quomodo
2443 1031 2508 1086 de
2527 1032 2669 1087 bono
2695 1032 2851 1104 digne
2878 1032 3079 1088 dictum
3101 1033 3365 1100 videatur,
3395 1032 3539 1104 quod

1970 1124 2086 1194 ipse
2116 1122 2321 1178 dederit
2351 1121 2534 1178 oculos
2562 1124 2779 1179 residuo
2806 1122 2969 1187 lsrael
2997 1125 3191 1201 quibus
3215 1139 3323 1180 non
3358 1124 3542 1180 videat

1970 1224 2024 1269 et
2053 1229 2211 1269 aures
2251 1213 2445 1284 quibus
2482 1228 2589 1268 non
2630 1214 2854 1268 audiat:
2883 1223 2938 1269 et
2975 1216 3096 1269 vide
3136 1231 3204 1270 ne
3243 1214 3384 1270 forte
3422 1214 3541 1271 haec

1971 1306 2144 1377 magis
2181 1305 2467 1360 retributio
2504 1305 2576 1360 sit
2616 1312 2671 1360 et
2724 1320 2933 1361 merces
2989 1307 3413 1374 incredulitatis,
3455 1322 3541 1363 se-

1970 1400 2206 1455 cundum
2251 1413 2316 1454 ea
2360 1413 2480 1468 quae
2520 1396 2575 1452 in
2614 1397 2982 1469 superioribus
3025 1399 3399 1473 exposuimus,
3448 1399 3543 1456 ubi

1970 1492 2097 1563 quia
2124 1505 2230 1546 non
2257 1488 2620 1569 probaverunt
2649 1489 2818 1543 Deum
2846 1488 3049 1545 habere
3079 1490 3134 1544 in
3176 1490 3400 1559 notitia,
3429 1499 3542 1555 tra-

1970 1578 2103 1637 didit
2145 1580 2263 1636 illos
2301 1581 2443 1635 Deus
2480 1581 2536 1634 in
2581 1580 2853 1652 reprobum
2895 1597 3149 1636 sensum:
3179 1581 3307 1646 hinc
3343 1581 3543 1638 etenim

1970 1678 2156 1733 oculus
2187 1686 2239 1733 et
2270 1677 2416 1731 auris
2445 1675 2653 1742 cordis,
2687 1690 2793 1729 non
2823 1676 3067 1751 corporis
3095 1674 3315 1745 dicitur,
3346 1677 3543 1751 quibus
3574 1659 3582 1663 v

1970 1769 2225 1824 excmcati
2265 1777 2424 1834 sunt,
2466 1776 2520 1823 ει
2550 1785 2657 1823 non
2686 1768 2939 1835 audiunt,
2970 1767 3026 1822 hi
3058 1768 3242 1841 utique
3271 1766 3546 1827 Christum

1969 1861 2214 1916 videntes
2252 1861 2308 1915 in
2350 1874 2609 1930 corpore,
2652 1867 2706 1915 et
2744 1859 3023 1915 audientes
3061 1860 3361 1925 doctrinam
3390 1860 3542 1932 ejus,

300 1942 396 2013 qui
410 1957 509 2012 per
522 1944 1020 2017 pseudoprophetas
1032 1945 1423 2000 aedentesDei
1436 1947 1728 2017 prophetas
1746 1962 1872 2016 ρει·-
1896 1934 1945 1994 Β
1971 1967 2074 2007 nec
2102 1952 2321 2007 credere
2348 1952 2600 2021 operibus
2628 1968 2746 2020 qua:
2774 1952 3062 2023 videbant],
3088 1967 3191 2009 nec
3212 1952 3379 2013 verbo
3402 1950 3547 2024 quod

292 2034 689 2102 sequebantur,
731 2041 787 2091 et
821 2034 1079 2105 populum
1103 2035 1171 2089 ad
1199 2033 1559 2089 idololatriam
1586 2036 1867 2106 cogebant.

299 2126 443 2197 Quid
468 2135 649 2185 autem
676 2136 733 2184 et
761 2127 876 2199 ipse
900 2142 1161 2182 namus
1192 2136 1399 2198 septem
1431 2128 1599 2183 millia
1636 2129 1875 2183 virorum

296 2219 535 2287 indicet.
561 2222 857 2279 videamus.
880 2219 1228 2291 Septenarius
1252 2235 1511 2277 numerus
1536 2221 1604 2276 ad
1632 2219 1875 2292 requiem

293 2311 575 2381 pertinet:
599 2313 653 2371 in
680 2313 906 2383 sept’na
930 2313 1077 2367 enim
1100 2315 1368 2385 requievit
1394 2314 1555 2370 Deus.
1578 2314 1720 2369 Audi
1744 2326 1874 2387 ergo

292 2405 571 2475 quomodo
588 2404 834 2462 Christus
854 2406 1145 2462 credentes
1166 2407 1270 2463 sibi
1291 2408 1485 2463 invitat
1507 2408 1836 2492 ad.requiem
1856 2449 1871 2475 ,

292 2503 357 2550 et
374 2495 535 2555 dicit:
561 2494 741 2554 Venite
760 2497 829 2551 ad
846 2513 952 2565 me,
975 2514 1151 2554 omnes
1169 2500 1261 2571 qui
1282 2498 1557 2567 laboratis,
1581 2508 1628 2554 et
1649 2516 1741 2573 ego
1754 2498 1876 2570 reﬁ-

292 2587 439 2643 ciam
458 2602 568 2643 eos.
597 2586 678 2643 Ad
704 2588 867 2647 istum
891 2602 1023 2661 ergo
1044 2591 1409 2662 septenarium
1440 2606 1723 2647 numerum
1751 2607 1876 2662 pcr-

298 2674 438 2731 tinet
460 2676 638 2733 omnis
664 2678 756 2748 qui
783 2679 1009 2735 veniens
1033 2681 1104 2736 ad
1126 2680 1403 2738 Christum
1431 2682 1680 2753 deposuit
1706 2697 1874 2739 onera

292 2765 542 2839 peccati.
566 2774 625 2825 et
652 2768 900 2838 requieta
928 2769 1115 2827 salutis
1140 2771 1365 2828 invenit.
1394 2771 1490 2829 Sic
1514 2773 1680 2844 igitur
1705 2782 1754 2829 et
1779 2768 1875 2828 hoc

296 2866 530 2931 tentpore
574 2858 810 2932 reliquiis
850 2863 1142 2919 secundum
1190 2863 1493 2920 electionem
1540 2865 1726 2936 gratia:
1776 2865 1877 2921 Dei

296 2949 461 3007 salue
494 2950 653 3022 facta
692 2962 835 3013 sunt.
877 2952 1157 3025 Reliquias
1196 2956 1388 3011 dicens
1425 2970 1522 3011 eos
1558 2956 1651 3026 qui
1676 2970 1745 3011 ex
1771 2955 1878 3011 cir-

301 3043 632 3101 cumcisione
689 3044 1060 3116 aediderunt,
1110 3055 1225 3103 tam
1271 3047 1640 3119 apostolorum
1681 3047 1877 3118 quibus

298 3147 370 3193 se
412 3150 630 3206 quoque
664 3146 1023 3206 annumerat,
1066 3150 1231 3211 quam
1266 3146 1323 3195 et
1359 3147 1584 3195 caeteros
1620 3137 1713 3208 qui
1751 3154 1876 3194 cum

294 3226 437 3299 ipsis
463 3228 633 3286 secuti
665 3236 791 3285 sunt
819 3228 980 3287 ﬁdem
1004 3229 1227 3287 Christi.
1255 3229 1411 3298 Quod
1435 3230 1567 3286 dicit
1590 3230 1875 3285 secundum

296 3288 606 3380 electionem
653 3321 841 3393 gratia:
878 3321 981 3378 Dei
1019 3321 1193 3379 adeas
1231 3288 1398 3393 [aetas
1444 3339 1554 3378 esse
1593 3314 1873 3396 reliquias],
1894 3288 1948 3355 Ο

299 3423 413 3464 non
450 3408 580 3475 mihi
622 3409 838 3470 videtur
860 3416 986 3468 esse
1008 3410 1296 3483 uiperﬂute
1320 3413 1572 3470 lectionis
1598 3412 1828 3485 adiectio
1860 3432 1874 3470 :

296 3503 481 3574 potuit
514 3503 660 3561 enim
697 3504 910 3573 dicere,
946 3505 1193 3576 reliquiae
1229 3520 1329 3577 per
1362 3507 1626 3577 gratiam,
1667 3514 1723 3563 et
1761 3506 1879 3563 sine

298 3593 571 3651 electione
586 3632 603 3661 ,
625 3603 825 3651 etcum
845 3595 1130 3655 electione.
1159 3595 1297 3654 Nam
1320 3610 1512 3652 omnes
1539 3597 1757 3668 quidem
1785 3590 1878 3667 qni

305 3698 413 3757 per
442 3683 600 3741 ﬁdem
624 3686 923 3754 salvantur,
951 3702 1050 3759 per
1074 3689 1306 3760 gratiam
1333 3690 1450 3744 sine
1478 3689 1640 3744 dubio
1668 3680 1880 3744 salvan-

303 3783 443 3833 tur:
491 3775 585 3845 qui
630 3787 806 3837 autem
846 3790 946 3851 per
980 3777 1305 3836 electionem
1343 3780 1534 3852 gratim
1577 3779 1875 3847 salvantur,

296 3867 663 3943 perfectiores
686 3871 880 3928 mimae
907 3872 1043 3930 mihi
1069 3872 1324 3929 videntur
1352 3873 1585 3929 ostendi.
1616 3871 1679 3929 Si
1704 3882 1877 3928 autem

294 3964 518 4035 gratia.
560 3980 665 4021 non
699 3982 766 4021 ea
802 3966 1065 4037 operibus.
1098 3966 1513 4023 Sciendum‘est
1552 3982 1717 4039 opera
1759 3982 1880 4038 qua:

294 4057 501 4117 Paulus
542 4061 793 4131 Wst
833 4070 891 4118 et
925 4061 1238 4133 frequenter
1270 4063 1584 4133 vituperat,
1609 4077 1721 4118 non
1757 4074 1879 4118 esse

299 4166 466 4222 opera
489 4150 717 4222 iustitiae
741 4168 864 4224 quae
890 4155 1214 4210 mandantur
1251 4155 1305 4209 in
1340 4152 1495 4227 lege,
1526 4153 1621 4209 sed
1659 4170 1723 4210 ea
1760 4153 1880 4224 qui-

302 4242 408 4301 bus
452 4242 539 4309 bi,
584 4243 685 4313 qui
722 4244 1018 4300 secundum
1057 4258 1275 4300 carnem
1319 4242 1493 4315 legem
1536 4244 1877 4313 custodiunt,

303 4336 607 4408 gloriantur
628 4355 649 4393 ι
684 4339 745 4395 id
770 4347 894 4407 est,
937 4340 1027 4396 vel
1066 4340 1569 4415 circnmcisiopem‘,
1616 4340 1701 4396 vel
1744 4341 1881 4397 ritus

304 4425 699 4483 sacriﬁciorum
719 4467 738 4496 ,
790 4427 879 4483 vel
925 4429 1366 4485 observationem
1421 4429 1767 4486 sabbatorum
1826 4434 1882 4484 et

304 4518 737 4579 Meuianum.
785 4517 914 4575 Haec
944 4527 1003 4575 et
1038 4519 1302 4589 ejusmodi
1346 4535 1476 4592 ergo
1516 4526 1643 4575 sunt
1680 4533 1878 4590 opera,

304 4625 376 4667 ex
399 4612 598 4681 quibus
618 4612 756 4668 dicit
778 4612 1049 4668 mutuom
1076 4613 1315 4682 potuisse
1336 4611 1536 4667 salvari
1551 4653 1564 4678 ,
1593 4619 1647 4666 et
1671 4612 1738 4667 de
1762 4613 1883 4682 qui—

304 4700 415 4757 bus
546 4703 806 4773 precati
840 4703 960 4759 loco
994 4704 1159 4770 dicit,
1192 4704 1327 4774 quia
1363 4718 1473 4759 non
1498 4716 1567 4759 ex
1594 4703 1878 4774 operibus,

306 4802 423 4852 etc.
466 4792 677 4865 Alioqui
712 4797 891 4869 gratia
928 4804 1055 4851 iton'
1079 4803 1154 4851 est
1193 4797 1386 4868 gratia.
1433 4793 1552 4851 Hoc
1592 4801 1711 4861 est,
1738 4794 1785 4850 si
1815 4809 1883 4850 ex

303 4882 567 4955 operibus
608 4885 771 4943 enim
800 4884 966 4941 "facta:
1004 4895 1168 4953 sunt,
1220 4898 1332 4941 non
1386 4886 1491 4942 erit
1537 4885 1743 4956 gratia,
1790 4874 1902 4941 sed

304 4989 519 5032 merces
559 4978 783 5047 epotis:
829 4977 955 5048 quia
997 4992 1030 5031 a
1070 4979 1307 5049 gratuito
1334 4992 1560 5033 munere
1587 4977 1759 5049 gratia
1789 4992 1893 5047 apd

303 5065 557 5138 pellatur.
588 5066 733 5134 Quid
754 5069 939 5124 enim?
958 5068 1387 5140 quodquierebat
1417 5066 1619 5135 Israel,
1652 5068 1750 5122 hoc
1777 5083 1883 5123 non

301 5166 381 5214 est
420 5168 771 5225 unum;
808 5159 993 5216 electio
1028 5170 1210 5213 autem
1246 5170 1523 5214 consecuta
1555 5168 1668 5227 est,
1707 5158 1885 5214 cancri

302 5264 428 5304 vero
460 5251 709 5309 amanti
734 5260 877 5307 sunt.
907 5250 969 5307 in
995 5248 1083 5306 bis
1118 5249 1408 5321 Apostolus
1446 5250 1611 5306 lsrael
1654 5252 1710 5306 in
1748 5250 1895 5307 duas

305 5338 492 5395 divisit
515 5349 732 5412 partes.
758 5354 990 5411 (piarum
1014 5356 1179 5397 unum
1201 5340 1521 5398 electionem
1547 5348 1732 5408 vocat,
1762 5355 1884 5412 quae

304 5441 603 5497 menta
626 5434 702 5493 sit
729 5435 874 5504 quod
897 5436 1176 5506 quatiebat
1200 5450 1215 5501 ;
1246 5434 1409 5489 aliam
1444 5441 1671 5489 Caeteros
1703 5431 1887 5503 appel-

305 5524 414 5594 lat,
442 5527 541 5601 qui
567 5542 683 5589 non
712 5527 888 5585 mlum
915 5527 1191 5583 consecuti
1217 5540 1325 5582 non
1354 5534 1479 5581 sunt
1506 5524 1647 5594 quod
1672 5534 1887 5594 quaere.

303 5622 474 5690 bant,
492 5624 601 5681 ﬁed
628 5625 887 5683 clcccati
914 5631 1043 5679 sunt
1062 5624 1260 5695 spiritu
1282 5620 1733 5695 compunctionis.
1760 5616 1907 5676 Ideo

307 5723 495 5772 autem
544 5723 691 5773 tonis
734 5716 903 5775 lsrael
948 5730 1054 5772 non
1097 5723 1181 5772 est
1222 5722 1545 5771 consecutus
1585 5711 1884 5782 justitiam,

307 5807 439 5875 quia
466 5805 619 5864 illam
646 5823 759 5863 non
782 5823 853 5863 ea
881 5807 986 5862 ﬁde
1012 5808 1357 5877 quaebant,
1385 5807 1481 5860 sed
1510 5820 1572 5860 ex
1603 5802 1731 5859 solis
1759 5818 1887 5873 ope-

1974 2046 2261 2099 audierant
2303 2044 2523 2098 obedire
2560 2043 2864 2099 voluerunt.
2920 2040 3091 2115 Usque
3133 2043 3189 2103 in
3232 2043 3547 2107 hodiernum

1975 2135 2134 2189 diem.
2183 2133 2297 2188 Hoc
2336 2141 2451 2199 est,
2494 2146 2669 2202 usque
2709 2141 3113 2200 convertantur,
3143 2133 3282 2190 sicut
3309 2136 3377 2195 de
3406 2135 3550 2193 vela-

1973 2227 2120 2283 mine
2150 2226 2331 2282 cordis
2352 2226 2429 2282 .ad
2451 2223 2761 2279 Corinthios
2789 2222 2985 2278 dicitur
3016 2221 3066 2294 (1
3072 2220 3097 2275 1
3128 2222 3249 2279 Cor.
3276 2221 3382 2297 ιιι).
3413 2223 3545 2280 Vel:

1974 2316 2151 2395 Usque
2177 2319 2234 2373 in
2263 2318 2573 2372 hodiernum
2624 2315 2792 2382 diem,
2823 2315 2927 2369 hoc
2955 2322 3067 2385 est,
3098 2329 3269 2393 usque
3308 2313 3377 2379 ad
3417 2329 3550 2371 con-

1974 2409 2392 2466 summationem
2422 2406 2625 2464 saeculi.
2655 2402 2783 2459 Fiat
2808 2421 2988 2459 mensa
3015 2420 3195 2471 eorum
3219 2420 3396 2463 coram
3422 2405 3551 2477 ipsis

1972 2502 2029 2556 in
2077 2500 2339 2574 laqueum.
2389 2498 2526 2566 Quia
2570 2497 2625 2552 in
2673 2495 2927 2567 passione
2972 2492 3174 2559 Christi
3220 2492 3388 2557 laetati
3427 2501 3554 2557 sunt

1973 2594 2178 2669 pascha
2203 2593 2549 2649 comedentes
2578 2609 2591 2647 :
2621 2589 2726 2645 hoc
2750 2588 2894 2645 enim
2935 2586 2999 2645 de
3047 2584 3155 2651 illis
3194 2586 3552 2667 prophetam

1974 2690 2067 2762 qui
2100 2688 2437 2747 Salvatorem
2467 2693 2621 2742 aceto
2650 2693 2706 2740 et
2732 2682 2855 2749 felle
2881 2681 3164 2755 potabant.
3196 2679 3349 2755 Quod
3386 2678 3551 2745 dicit,

1974 2782 2070 2852 ﬁat
2097 2798 2276 2839 mensa
2301 2796 2479 2835 eorum
2504 2777 2559 2832 in
2597 2776 2842 2847 laqueum
2882 2784 2930 2835 et
2965 2774 3291 2856 captionem,
3320 2784 3428 2833 non
3457 2769 3555 2825 ha-

1974 2873 2137 2949 betur
2166 2872 2425 2943 scriptum
2454 2870 2509 2924 in
2536 2866 2775 2933 Psalmo,
2806 2880 2983 2939 neque
3010 2864 3066 2919 in
3086 2861 3300 2927 nostris
3327 2859 3555 2933 Septua-

1977 2964 2125 3041 ginta
2164 2963 2522 3033 interpretum
2549 2958 2976 3035 exemplaribus,
3007 2970 3183 3033 neque
3216 2955 3277 3013 in
3303 2953 3556 3015 Hebreu—

1978 3068 2119 3108 rum.
2152 3051 2261 3108 Sed
2291 3066 2508 3106 rursum
2538 3051 2593 3105 in
2632 3046 2847 3105 Psalmo
2892 3050 3163 3115 habetur:
3207 3045 3333 3107 Fiat
3374 3060 3555 3105 mensa

1979 3159 2161 3199 eorum
2198 3159 2377 3198 coram
2413 3140 2539 3213 ipsis
2568 3142 2622 3195 in
2653 3140 2897 3213 laqueum
2924 3138 3117 3213 (Psal.
3146 3153 3316 3203 Lm]!
3337 3138 3381 3213 ).
3408 3136 3558 3213 Apo—

1979 3235 2147 3291 stolus
2173 3243 2352 3295 autem
2375 3250 2482 3290 non
2499 3234 2713 3307 posuit,
2736 3250 2913 3295 eorum
2932 3234 3079 3307 ipsis.
3105 3231 3250 3303 Ergo
3274 3229 3555 3291 scicndum

1982 3327 2126 3399 quod
2178 3326 2476 3382 auctoritas
2533 3324 2826 3403 apostolica
2876 3339 3155 3398 nunquam
3201 3322 3556 3383 Hebraeum

1980 3419 2379 3490 exemplaribus
2427 3417 2589 3474 ﬁdem
2630 3417 2793 3487 facit,
2835 3405 2938 3477 nec
2984 3415 3168 3473 verbis
3211 3428 3426 3487 semper
3471 3413 3557 3469 in-

1980 3516 2276 3581 terpretum
2305 3508 2502 3577 servit,
2534 3508 2629 3565 sed
2676 3507 3079 3581 Scripturarum
3116 3518 3337 3562 sensum
3374 3502 3557 3567 verbis

1979 3599 2175 3669 quibus
2201 3597 2458 3670 competit
2482 3596 2734 3669 explicat.
2764 3594 2935 3655 Omne
2961 3594 3105 3667 quod
3126 3591 3428 3667 appellatur
3451 3590 3558 3649 Ve-

1978 3676 2069 3745 tus
2098 3690 2505 3745 Testamentum
2534 3702 2719 3743 mensa
2748 3695 2832 3751 est
2856 3686 3057 3756 lsrael,
3087 3686 3146 3753 in
3183 3701 3291 3758 qua
3329 3699 3554 3751 mensa.

1978 3780 2026 3835 si
2074 3780 2195 3853 quis
2240 3779 2456 3841 volebat
2492 3780 2655 3836 edere
2697 3778 2922 3841 verbum
2973 3778 3103 3848 Dei,
3149 3776 3408 3853 appositis

1978 3870 2112 3944 legis
2161 3879 2215 3926 et
2262 3871 2651 3943 prophetarum
2703 3863 3044 3937 sermonibus
3082 3868 3433 3947 pascebatur.
3484 3866 3556 3929 Et

1974 3964 2118 4021 hanc
2146 3974 2278 4036 puto
2308 3976 2427 4019 esse
2454 3964 2729 4035 mcnSam,
2759 3964 2825 4025 de
2853 3978 2959 4037 qua
3003 3962 3135 4020 dicit
3172 3960 3469 4021 Salomon:
3496 3958 3557 4016 Si

1979 4056 2196 4112 redieris
2239 4072 2441 4110 cwnare
2480 4056 2547 4108 ad
2586 4071 2818 4112 mensam
2854 4053 3075 4128 potentis
3103 4094 3120 4122 ,
3160 4050 3559 4125 intelligibililer

1977 4148 2209 4220 intelligo
2234 4165 2351 4222 qua:
2378 4156 2715 4220 apponuntur
2739 4147 2864 4217 tibi,
2890 4156 2941 4204 et
2966 4148 3111 4204 mitte
3136 4160 3351 4209 manum
3375 4152 3522 4200 tuam
3538 4181 3559 4215 ,

1979 4241 2146 4295 sciens
2172 4240 2297 4311 quia
2322 4238 2451 4293 talia
2479 4244 2527 4293 te
2549 4255 2740 4310 parare
2764 4237 3011 4311 oportet?
3035 4235 3224 4300 Omnis
3242 4249 3382 4307 ergo
3411 4231 3567 4291 Scri-.

1978 4343 2137 4404 ptura
2187 4346 2374 4388 mensa
2420 4341 2503 4387 est
2550 4331 2846 4404 sapicntize.
2886 4329 3077 4396 Aliter,
3117 4328 3213 4399 ﬁat
3257 4342 3437 4383 mensa
3470 4341 3561 4391 ee-

1982 4440 2099 4479 rum
2144 4439 2320 4483 coram
2362 4423 2490 4495 ipsis
2534 4422 2591 4483 in
2644 4419 2931 4492 laqueum;
2990 4417 3095 4477 hoc
3139 4415 3419 4491 impletum
3472 4420 3560 4473 est

1983 4517 2197 4590 quando
2225 4515 2389 4571 occisi
2417 4522 2541 4572 sunt
2570 4513 2624 4566 in
2652 4510 2947 4568 vindictam
2975 4508 3154 4567 crucis
3176 4507 3377 4579 pascha
3404 4520 3560 4563 man-

1987 4609 2280 4677 ducantes,
2320 4605 2377 4663 in
2418 4603 2670 4675 laqueum
2711 4601 2918 4659 scilicet
2954 4599 3296 4665 obsidionis?
3338 4598 3465 4655 Sive
3498 4597 3561 4655 in

1982 4699 2236 4770 laqueum
2278 4710 2468 4773 mensa
2511 4694 2707 4750 divinae
2745 4691 3037 4764 Scriptura:
3073 4689 3273 4750 ludatis
3302 4690 3558 4757 edicitur,

1983 4790 2199 4864 quando
2226 4802 2293 4849 ea
2317 4803 2437 4861 quae
2462 4786 2527 4842 de
2554 4783 2769 4842 Christo
2791 4783 3110 4858 prophetam
3132 4790 3259 4843 sunt
3274 4821 3289 4848 ,
3314 4796 3423 4839 non
3448 4779 3560 4843 nisi

1984 4885 2053 4941 ad
2091 4883 2331 4938 litteram
2370 4895 2625 4952 perverse
2665 4878 3111 4949 interpretantur,
3156 4876 3211 4931 in
3253 4874 3558 4951 captionem

1982 4974 2192 5034 scilicet
2230 4970 2750 5051 transmigrationis,
2798 4986 2920 5045 quae
2962 4969 3063 5025 sub
3110 4968 3231 5027 Tito
3271 4974 3327 5022 et
3358 4965 3560 5034 Vespa.

1985 5069 2138 5127 siano
2168 5065 2309 5125 facta
2347 5072 2450 5121 est.
2494 5062 2678 5120 Potest
2718 5071 2899 5127 autem
2926 5070 2982 5118 et
3010 5061 3100 5118 illa
3141 5058 3320 5131 captio
3357 5072 3558 5123 meum

1988 5160 2149 5233 hujus
2184 5157 2389 5227 videri,
2420 5157 2547 5229 quia
2580 5155 2838 5215 Dominus
2872 5170 2969 5219 eos
3005 5152 3182 5231 cepit.
3209 5165 3331 5211 cum
3350 5148 3425 5207 ad
3463 5165 3561 5206 eos

1989 5253 2126 5311 dixit
2149 5270 2163 5307 :
2194 5249 2337 5319 Quid
2376 5246 2516 5304 vobis
2544 5246 2749 5305 videtur
2772 5246 2836 5313 de
2862 5242 3117 5303 Christo?
3145 5238 3402 5313 Sequitur
3428 5260 3444 5297 :
3486 5240 3559 5298 Et

1988 5366 2095 5405 non
2119 5352 2396 5418 potuerunt
2424 5343 2473 5398 ei
2502 5341 2810 5415 respondere
2834 5338 3048 5395 uerbum
3076 5333 3238 5407 (Luc.
3270 5334 3375 5409 iv).
3406 5334 3476 5393 Et
3502 5336 3559 5393 in

1989 5428 2557 5497 retributionem/Hoc
2594 5441 2710 5500 est,
2739 5433 2796 5493 in
2833 5427 2961 5491 mali
2998 5426 3178 5499 operis
3217 5426 3556 5491 uindictam:

1988 5532 2051 5589 lit
2098 5540 2279 5585 autem
2326 5535 2381 5589 et
2416 5526 2483 5593 in
2530 5523 2841 5587 scandalum
2884 5534 3072 5579 mensa
3098 5521 3214 5584 hoc
3250 5519 3433 5583 modo.
3477 5516 3561 5577 Ex

1986 5614 2284 5697 Scripturis
2315 5620 2619 5679 didicerunt
2643 5614 2842 5680 Judaei,
2871 5612 2996 5689 quia
3040 5611 3279 5679 Christus
3311 5612 3370 5673 iu
3406 5619 3563 5677 mter-

1985 5733 2113 5773 num
2136 5722 2313 5771 manet
2335 5728 2356 5779 ;
2385 5708 2567 5766 Jesum
2591 5720 2719 5761 vero
2749 5703 2991 5763 videntes
3032 5703 3089 5761 in
3129 5716 3326 5769 came,
3354 5707 3411 5763 et
3448 5712 3560 5759 non

1986 5806 2157 5864 solum
2188 5805 2242 5859 in
2270 5818 2453 5866 carne,
2477 5798 2568 5863 sed
2596 5796 2650 5852 in
2678 5803 2875 5864 morte,
2898 5801 2953 5851 et
2976 5802 3151 5849 morte
3178 5790 3375 5855 cruris.
3400 5804 3560 5847 scan-

312 5904 467 5970 tibi"
485 5906 626 5987 legis
644 5903 1009 5985 sejuﬂiﬂcari
1030 5903 1324 5983 putabant,
1342 5917 1470 5964 cum
1494 5901 1730 5963 maxima
1754 5898 1890 5983 legis
1987 5898 2360 5964 daiizabantur
2381 5893 2440 5952 in
2464 5905 2588 5955 eum
2607 5929 2625 5962 ,
2651 5888 2953 5948 nescientes
2992 5886 3122 5973 quia
3153 5884 3249 5966 etsi
3272 5896 3457 5958 passus
3484 5878 3563 5955 est
