4108 6334
613 468 718 535 105

2033 467 2302 530 SEDULII
2338 461 2536 531 SGOTI

3763 475 3868 542 104

612 598 679 636 ex
703 579 1008 651 inﬁmitate
1030 581 1228 651 carnis,
1250 581 1341 639 sed
1365 580 1484 640 vivit
1511 597 1576 640 ea:
1598 577 1786 640 uirtute
1809 577 1928 640 Dei.
1957 582 2189 640 Dorsum
2213 588 2269 649 Α
2289 584 2508 640 scientia
2532 597 2666 655 pura
2693 578 2768 655 (ι
2792 575 2928 638 Tim.
2955 596 3019 638 ιιι
3039 581 3063 657 )
3082 623 3099 651 ,
3127 594 3236 641 non
3260 584 3374 656 jam
3399 587 3606 646 bonum
3633 597 3857 664 grande,

614 691 795 729 eorum
823 685 1094 730 curuatum
1115 684 1191 730 est
1213 692 1431 747 semper.
1459 674 1644 746 Neque
1663 677 1807 731 enim
1828 675 2025 732 debent
2045 677 2188 731 ultra
2225 737 2227 740 ,

613 768 811 822 calum
833 767 1128 837 despicere,
1151 768 1243 838 qui
1265 769 1321 822 in
1341 777 1638 824 escatorem
1651 769 1772 824 cali
1795 777 2186 840 peccaverunt:

613 857 711 911 sed
733 857 955 911 dorsum
979 855 1250 928 signiﬁcat
1269 856 1636 913 fortitudinem
1654 857 1958 914 Judaorum
1984 859 2052 914 ad
2074 875 2190 914 ser-

613 949 840 1003 vitutem
862 950 1138 1007 redactam
1155 950 1428 1004 extraneis
1450 951 1719 1021 gentibus.
1734 950 1866 1004 Dico
1879 952 2036 1018 enim,
2056 967 2190 1005 nun-

609 1039 739 1109 quid
762 1040 836 1094 sic
857 1040 1183 1110 offenderunt
1211 1050 1266 1094 ut
1296 1040 1577 1095 caderent?
1601 1041 1658 1096 Id
1686 1049 1772 1097 est
1790 1083 1805 1108 ,
1830 1057 1936 1096 non
1960 1043 2036 1097 ita
2062 1057 2190 1113 pro-

606 1139 733 1200 pter
761 1131 1158 1200 improbitatem
1187 1147 1340 1186 suam
1367 1133 1548 1187 caeati
1577 1140 1734 1198 sunt,
1770 1141 1831 1186 ut
1868 1134 2048 1188 curari
2079 1149 2187 1188 non

610 1224 823 1293 possint
855 1242 867 1277 :
899 1225 1037 1278 sicut
1061 1232 1115 1278 et
1143 1223 1380 1279 Zabulon
1409 1224 1634 1294 legimus
1661 1225 1941 1291 cecidisse,
1975 1226 2188 1282 dicente

611 1314 752 1368 Isaia
783 1315 1039 1384 propheta
1073 1333 1084 1368 :
1121 1314 1391 1380 Quomodo
1420 1315 1648 1370 cecidisti
1679 1315 1743 1370 de
1781 1315 1941 1396 caelo,
1975 1315 2188 1386 Lucifer

613 1402 792 1473 (Isai.
826 1403 964 1475 iv)?
1015 1403 1214 1460 Casum
1259 1406 1614 1474 apostaticum
1661 1406 2027 1477 signiﬁcavit:
2079 1423 2185 1462 non

607 1505 742 1562 ergo
782 1493 882 1547 hos
925 1493 1005 1548 sic
1030 1493 1319 1550 offendisse
1345 1495 1475 1550 dicit
1503 1504 1561 1550 ut
1586 1497 1869 1564 caderent,
1900 1498 1993 1552 sed
2018 1495 2187 1552 offen-

601 1582 778 1637 sionis
817 1599 927 1638 sua
970 1599 1133 1640 causa
1177 1586 1245 1640 ad
1282 1594 1491 1656 tempus
1535 1589 1780 1644 obtusos.
1822 1588 1929 1644 Sed
1970 1588 2184 1643 illorum

603 1673 794 1728 delicto
815 1674 961 1729 salus
1004 1685 1078 1729 est
1122 1677 1376 1746 gentibus,
1423 1688 1477 1731 ut
1520 1678 1638 1733 illos
1683 1678 2010 1734 antulentur.
2043 1679 2185 1746 Quo-

598 1765 765 1820 modo
793 1781 859 1820 ex
888 1767 1103 1822 illorum
1133 1769 1329 1824 delicto
1358 1770 1502 1825 salus
1531 1772 1780 1840 gentibus
1810 1773 1966 1828 detur
2006 1781 2185 1828 osten-

601 1857 716 1923 dit,
747 1860 850 1914 hoc
877 1868 993 1926 est,
1026 1870 1084 1915 ut
1114 1863 1517 1917 conversionem
1545 1864 1786 1935 gentium
1823 1865 2100 1930 videntes,
2131 1873 2188 1920 et

2289 674 2384 730 sed
2404 673 2521 744 jam
2547 673 2748 728 malam
2775 673 2880 728 sibi
2903 687 3120 744 poenam
3150 677 3457 746 conquirit,
3487 688 3743 752 tanquam
3771 689 3864 755 qui

2291 763 2674 820 contumeliam
2717 761 2908 818 fecerit
2929 763 3108 819 divino
3133 765 3465 834 ministerio,
3493 772 3634 839 quod
3655 774 3867 829 'simili—

2289 863 2375 910 ter
2400 855 2465 908 de
2490 855 2702 909 eateris
2727 860 2782 909 et
2810 854 3061 909 omnibus
3089 855 3474 914 ecclesiasticis
3500 863 3756 930 gradibus
3783 865 3865 921 in-

2287 943 2632 1015 telligeudum
2659 952 2761 998 est.
2793 943 2853 999 Si
2875 960 2976 1014 quo
3002 945 3155 999 modo
3183 947 3252 1000 ad
3275 948 3628 1005 cumulandum
3651 969 3864 1010 carnem

2287 1053 2454 1091 meam
2476 1051 2762 1107 provocem.
2788 1035 2900 1090 Hoc
2923 1044 3032 1101 est,
3057 1045 3115 1091 ut
3133 1038 3280 1093 omni
3302 1041 3461 1096 modo
3486 1042 3647 1098 talem
3668 1061 3758 1101 me
3775 1061 3865 1102 ex-

2287 1129 2533 1194 hibeam,
2574 1136 2840 1197 quatenus
2882 1143 2970 1183 me
3006 1129 3316 1185 desiderent
3352 1132 3576 1188 imitari.
3617 1134 3680 1190 Si
3722 1139 3863 1192 enim

2287 1220 2499 1274 amissio
2521 1235 2701 1273 eorum
2726 1219 3078 1274 reconciliatio
3099 1230 3176 1276 est
3201 1222 3404 1276 mundi.
3429 1223 3580 1280 Unde
3598 1223 3864 1285 Gentibus

2286 1317 2613 1386 assumptio,
2642 1315 2747 1371 nisi
2775 1331 2845 1371 ex
2874 1315 3088 1371 illorum
3128 1318 3376 1374 viverent
3419 1329 3627 1388 morte,
3661 1334 3728 1375 ex
3767 1320 3866 1377 Ju-

2289 1409 2420 1464 dais
2467 1409 2740 1464 mortuis?
2786 1408 3036 1465 Christus
3080 1411 3167 1465 vel
3210 1413 3435 1483 apostoli
3483 1415 3594 1468 vita
3643 1414 3867 1471 fuerunt

2284 1499 2578 1568 Gentibus,
2611 1501 2655 1556 si
2684 1516 2819 1571 quos
2848 1501 2972 1557 inde
3013 1503 3316 1560 liberavero
3333 1547 3348 1573 ,
3380 1506 3447 1561 ad
3472 1514 3709 1562 vestram
3737 1523 3867 1577 pro-

2284 1591 2468 1647 ﬁcient
2492 1592 2680 1646 vitam.
2713 1591 2770 1646 Si
2800 1606 2950 1662 ergo,
2983 1591 3182 1662 inquit,
3213 1593 3470 1650 Israelita
3491 1595 3652 1666 hujus
3684 1597 3866 1668 gentis

2259 1682 2517 1751 'adjectio
2546 1683 3040 1739 reconciliationem
3069 1685 3325 1755 prastitit
3352 1687 3583 1753 mundo,
3616 1695 3671 1742 et
3710 1697 3865 1743 tanta

2284 1773 2385 1828 fuit
2423 1789 2550 1845 erga
2593 1784 2806 1846 gentem
2848 1776 3009 1830 istam
3051 1779 3258 1846 gratia,
3287 1794 3407 1848 qua
3446 1780 3651 1836 sublata
3691 1783 3758 1837 ab
3795 1798 3863 1838 ea

2285 1866 2597 1921 universum
2654 1867 2914 1921 mundum
2969 1868 3078 1923 Deo
3135 1870 3487 1926 reconciliare
3542 1873 3817 1930 sufﬁceret
3842 1918 3858 1940 ,

603 1958 985 2008 testamentum
1033 1953 1160 2018 Dei,
1201 1954 1343 2023 quod
1385 1955 1484 2024 ipsi
1511 1956 1662 2024 prius
1692 1965 2042 2025 acceperant,
2077 1955 2180 2011 illis
2208 1941 2255 2000 B
2283 1958 2541 2027 quantum
2569 1963 2726 2027 putas
2769 1963 2898 2012 tunc
2945 1959 3176 2014 merebit
3220 1961 3486 2029 mundus,
3533 1979 3654 2018 eum
3691 1966 3862 2021 etiam

598 2039 860 2095 traditum
879 2083 892 2106 ,
925 2049 980 2097 et
1009 2043 1181 2114 legem
1209 2053 1265 2099 et
1292 2047 1581 2114 prephetas
1612 2049 1752 2116 apud
1779 2062 1871 2102 eos
1896 2048 2100 2117 majore
2125 2057 2180 2104 et

598 2131 848 2203 digniore
873 2135 1061 2191 haberi
1087 2137 1426 2191 observantia
1444 2179 1458 2202 ,
1489 2138 1662 2192 zelum
1685 2140 1901 2209 capiant
1928 2141 2092 2196 etiam
2122 2142 2177 2197 in

595 2223 907 2279 novissimis
935 2225 1124 2280 saltem
1154 2227 1503 2297 temporibus.
1531 2229 1600 2284 Et
1620 2230 1763 2285 sicut
1788 2246 1932 2287 nunc
1959 2232 2175 2288 illorum

596 2309 782 2381 lapsus
809 2312 1033 2368 salutem
1063 2316 1312 2385 gentibus
1353 2318 1532 2383 dedit,
1561 2319 1635 2374 ita
1673 2321 1911 2392 gentium
1951 2322 2084 2378 ﬁdes
2122 2331 2178 2378 et

594 2404 938 2458 conversatio
966 2403 1151 2459 Israeli
1181 2407 1581 2464 amulationem
1608 2411 1974 2468 conversionis
2004 2421 2058 2467 et
2085 2429 2174 2470 sa-

595 2489 724 2544 lutis
766 2490 1012 2547 conferat
1041 2511 1053 2547 :
1085 2509 1258 2565 usque
1298 2497 1433 2552 adeo
1465 2498 1584 2554 illos
1612 2499 1920 2570 dilexit,_ut
1953 2510 2175 2571 propter

595 2581 832 2636 salutem
860 2582 1072 2639 illorum
1101 2594 1291 2657 gentes
1317 2597 1569 2656 vocaret,
1595 2605 1700 2660 quo
1725 2607 1817 2647 eas
1839 2593 2080 2649 videntes
2106 2594 2174 2648 ad

591 2685 823 2741 regnum
868 2673 963 2728 Dei
1007 2674 1250 2741 admitti,
1284 2677 1367 2732 vel
1397 2679 1476 2734 sic
1518 2679 1729 2736 facilius
1766 2689 2168 2738 convertantur.

597 2761 753 2828 Quod
777 2763 823 2818 si
851 2763 1095 2819 delictum
1129 2766 1341 2822 illorum
1370 2770 1568 2825 divitia?
1599 2783 1719 2826 sunt
1760 2774 1978 2840 mundi,
2008 2785 2056 2829 et
2085 2775 2170 2830 di-

571 2855 816 2910 ‘minutio
845 2872 1024 2911 eorum
1052 2857 1249 2914 divitia
1275 2863 1508 2930 gentium
1527 2904 1542 2930 ,
1575 2875 1769 2934 quanto
1798 2868 1964 2936 magis
2004 2866 2174 2938 pleni-

594 2948 722 3000 tudo
763 2965 963 3004 eorum.
1009 2948 1068 3005 Si
1109 2952 1361 3008 delictum
1389 2955 1602 3010 illorum
1632 2965 1838 3013 tantum
1868 2960 2022 3015 vobis
2047 2976 2173 3030 pro-

591 3035 729 3105 fuit,
756 3045 817 3092 ut
844 3038 962 3094 sine
1000 3041 1252 3111 operibus
1291 3042 1423 3116 legis
1469 3060 1564 3100 vos
1605 3045 1713 3101 illis
1753 3046 1959 3103 faceret
1999 3052 2173 3105 coha-

589 3129 794 3195 redes;
839 3139 894 3184 et
931 3132 976 3186 si
1010 3130 1172 3202 pauci
1214 3149 1405 3190 eorum
1432 3139 1715 3196 credentes
1754 3156 1942 3197 omnes
1980 3158 2076 3198 vos
2105 3145 2171 3199 ad

593 3220 825 3275 salutem
852 3233 1145 3292 vocarunt,
1174 3235 1379 3295 quanto
1406 3230 1577 3301 magis
1603 3232 1647 3286 si
1672 3246 1860 3288 omnes
1888 3235 2171 3292 crederent

583 3311 849 3379 prodesse
890 3314 1043 3370 vobis
1080 3323 1332 3384 poterant
1370 3333 1468 3388 per
1506 3321 1828 3378 doctrinam.
1873 3323 2168 3382 Considera

587 3399 649 3453 in
679 3401 764 3456 his
792 3401 887 3456 Dei
915 3403 1263 3474 sapientiam,
1292 3411 1560 3478 quomodo
1589 3413 1730 3482 apud
1759 3413 1928 3471 Deum
1958 3432 2025 3472 ne
2053 3418 2167 3489 ipsa

591 3491 810 3561 quidem
837 3494 1031 3551 delicta
1058 3505 1111 3552 et
1136 3497 1318 3567 lapsus
1347 3500 1612 3558 inutiliter
1655 3505 1890 3562 cedunt:
1920 3509 2014 3563 sed
2045 3524 2168 3565 cum

589 3583 962 3653 unusquisque
1012 3602 1078 3641 ex
1124 3591 1418 3659 propositis
1462 3592 1515 3646 in
1559 3593 1832 3651 voluntate
1877 3597 1964 3651 vel
2008 3599 2169 3654 liber-

588 3680 702 3728 tate
740 3674 1050 3746 delinquat,
1081 3678 1484 3751 dispensatione
1527 3684 1720 3740 divina
1758 3687 2036 3758 sapientia
2065 3691 2168 3747 hoc

584 3767 795 3837 ipsum,
833 3770 887 3823 in
917 3786 1025 3839 quo
1054 3771 1130 3826 illi
1163 3773 1357 3830 damno
1386 3791 1496 3831 sua
1526 3777 1862 3849 negligentia
1900 3796 2167 3853 pauperes

585 3864 762 3928 ﬁunt,
792 3863 925 3918 alios
956 3865 1148 3920 divites
1176 3866 1325 3922 facit.
1357 3867 1515 3923 Vobis
1543 3879 1716 3924 autem
1738 3872 1856 3926 dico
1883 3875 2122 3944 gentibus
2144 3891 2163 3929 :

589 3953 843 4020 Quandiu
871 3956 1079 4026 quidem
1105 3975 1197 4029 ego
1225 3976 1341 4013 sum
1381 3961 1609 4032 gentium
1647 3962 1945 4034 Apostolus.
1979 3965 2163 4032 Quan-

590 4047 680 4102 diu
713 4046 768 4102 in
795 4064 1021 4120 corpore
1045 4049 1198 4108 fuero
1225 4053 1573 4110 constitutus.
1605 4053 1979 4126 Honoriﬁcabo
2006 4059 2166 4112 mini-

587 4138 806 4191 sterium
831 4156 1025 4197 meum.
1051 4141 1193 4198 Dum
1219 4145 1467 4217 exemplo
1493 4161 1614 4201 meo
1635 4146 1819 4216 plures
1840 4163 2026 4204 eorum
2056 4149 2163 4204 sal-

585 4240 720 4282 vare
764 4233 1046 4288 contendo.
1079 4235 1325 4291 Ostendit
1367 4240 1645 4308 gentibus,
1694 4254 1924 4307 quonam
1967 4241 2161 4298 affectu

588 4315 777 4387 diligat
804 4315 1055 4388 Judaos;
1087 4339 1212 4378 nam
1243 4327 1603 4382 ministerium
1633 4345 1821 4395 suum,
1852 4333 1994 4402 quod
2019 4332 2162 4405 Apo-

585 4408 758 4464 stolus
786 4412 1026 4480 gentium
1067 4423 1149 4468 est
1167 4455 1182 4480 ,
1216 4416 1568 4484 honoriﬁeat,
1598 4419 1642 4474 si
1666 4429 1886 4492 propter
1910 4422 2159 4479 affectum

585 4502 801 4570 generis
848 4502 932 4556 sui
973 4503 1095 4558 data
1139 4520 1302 4576 opera
1345 4508 1507 4564 etiam
1549 4508 1764 4567 Judaos
1807 4514 2053 4583 acquirat
2092 4513 2159 4568 ad

584 4590 750 4646 ﬁdem
778 4610 790 4646 :
825 4594 1232 4653 honoriﬁcatior
1259 4600 1403 4655 enim
1434 4601 1522 4669 ﬁt,
1556 4602 1600 4657 si
1635 4613 1691 4657 et
1717 4603 1868 4669 illos,
1916 4605 1983 4658 ad
2023 4620 2158 4674 quos

582 4695 693 4736 non
723 4681 920 4740 missus
947 4693 1059 4752 est,
1086 4685 1324 4743 lucretur
1353 4691 1421 4745 ad
1449 4692 1634 4745 vitam.
1664 4691 1914 4748 Patribus
1935 4694 2077 4748 enim
2103 4696 2158 4750 in

584 4772 744 4830 laude
767 4778 1002 4832 maxima
1026 4780 1130 4834 erit
1146 4821 1161 4849 ,
1185 4782 1230 4835 si
1253 4781 1449 4839 fratres
1469 4784 1731 4839 invenerit
1751 4786 1843 4854 qui
1863 4786 2153 4855 perierant.

584 4864 723 4932 Quid
755 4875 864 4923 tam
895 4870 1116 4941 dignum
1141 4888 1301 4942 quam
1325 4883 1383 4927 ut
1409 4874 1772 4943 unusquisque
1797 4875 2155 4935 ministerium

583 4973 738 5014 suum
768 5003 783 5028 ,
836 4964 979 5032 quod
1029 4965 1130 5020 Dei
1180 4966 1514 5036 providentia
1566 4969 1842 5038 suscepit,
1892 4974 2158 5029 exornet?

580 5048 823 5108 Exornat
862 5063 1041 5109 autem
1085 5064 1140 5110 et
1181 5055 1417 5109 illustrat
1461 5056 1851 5126 ministerium,
1882 5061 1976 5131 qui
2018 5062 2156 5120 bene

582 5140 895 5198 ministrat:
931 5145 1071 5199 sicut
1117 5157 1183 5197 ex
1228 5143 1502 5199 contrario
1546 5145 1866 5203 dehonestat
1912 5150 2155 5209 ministe-

581 5230 722 5287 rium
750 5251 904 5290 suum
924 5273 940 5299 ,
971 5240 1026 5286 et
1053 5231 1290 5289 notabile
1317 5231 1476 5302 facit,
1509 5237 1600 5306 qui
1628 5238 1961 5310 negligenter
1991 5249 2046 5298 et
2071 5243 2154 5298 in-

581 5322 741 5394 digne
770 5321 1113 5378 ministravit.
1147 5322 1312 5379 Verbi
1339 5339 1504 5382 causa
1523 5367 1539 5395 ,
1571 5327 1870 5386 ministerio
1899 5331 2154 5390 Ecclesia

580 5413 880 5478 diaconus,
930 5411 1145 5480 inquit,
1191 5413 1329 5470 bene
1380 5419 1744 5487 ministravit,
1794 5423 1992 5479 bonum
2047 5425 2150 5481 sibi

577 5501 782 5573 grande
809 5500 1077 5570 acquirit,
1110 5514 1164 5562 et
1193 5507 1417 5563 multam
1449 5509 1700 5567 ﬁduciam
1729 5513 1785 5568 in
1813 5515 1918 5571 ﬁde
1947 5516 2148 5573 Christi

573 5589 704 5644 Jesu
733 5605 746 5640 :
777 5590 822 5642 si
849 5605 976 5645 vero
1001 5608 1106 5649 non
1135 5595 1270 5653 bene
1299 5600 1658 5668 ministravit,
1686 5604 1789 5660 hoc
1817 5614 1902 5661 est
1920 5647 1935 5672 ,
1965 5607 2011 5661 si
2039 5623 2148 5662 non

578 5694 638 5735 se
689 5679 848 5735 talem
896 5685 1202 5744 exhibuerit
1252 5692 1465 5762 qualem
1515 5697 1772 5752 describit
1814 5697 2144 5768 Apostolus:

577 5769 844 5840 Gravem,
891 5791 994 5830 non
1035 5781 1197 5836 multo
1239 5785 1356 5840 vino
1400 5788 1660 5856 deditum,
1691 5807 1793 5844 non
1819 5792 1986 5862 turpis
2015 5791 2149 5849 lucri

579 5861 912 5948 appetitorem
931 5906 946 5936 ,
976 5871 1068 5926 sed
1095 5873 1362 5931 habentem
1393 5880 1733 5934 ministerium
1765 5879 1890 5948 ﬁdei
1908 5861 1983 5936 in
2022 5899 2145 5940 son-

1295 6023 1380 6036 .Α4-
1405 6022 1476 6047 ὀἰ-ι

2279 2062 2411 2118 gens
2441 2047 2544 2102 ista
2573 2047 2913 2103 reconciliari
2952 2050 3255 2105 meruerit?
3291 2051 3358 2106 Et
3396 2053 3523 2123 quid
3565 2056 3714 2112 aliud
3755 2059 3860 2126 sit,

2279 2139 2421 2207 quod
2453 2153 2520 2194 ex
2552 2140 2994 2197 reconciliatione
3018 2140 3184 2197 Israel
3206 2144 3440 2200 mundus
3463 2148 3710 2217 acquirat
3733 2151 3864 2207 bre-

2277 2232 2416 2286 viter
2447 2232 2716 2298 ostendit,
2747 2234 2930 2289 dicens
2955 2253 2967 2288 :
3002 2231 3122 2288 Vita
3153 2252 3217 2291 ea:
3251 2240 3491 2293 mortuis.
3528 2240 3678 2298 Tunc
3707 2245 3859 2299 enim

2275 2320 2383 2375 erit
2412 2322 2708 2392 assumptio
2738 2323 2933 2389 Israel,
2967 2325 3180 2394 quando
3210 2325 3325 2396 jam
3359 2336 3414 2383 et
3447 2332 3648 2387 mortui
3679 2333 3857 2389 vitam

2275 2417 2568 2495 recipient,
2608 2425 2664 2474 et
2700 2419 2930 2474 mundus
2958 2434 3026 2475 ex
3057 2421 3392 2492 corruptibili
3427 2423 3860 2495 incorruptibilis

2274 2506 2389 2574 ﬁet,
2408 2517 2463 2564 et
2481 2494 2735 2565 m'ortales
2749 2511 3152 2568 immortalitate
3165 2513 3525 2571 donabuntur.
3543 2494 3859 2574 Absurdum

2274 2615 2508 2670 namque
2535 2599 2830 2668 videretur,
2860 2603 2906 2657 si
2935 2619 3056 2658 cum
3087 2604 3311 2663 offensio
3339 2608 3580 2676 ipsorum
3611 2614 3862 2668 reconci-

2271 2689 2548 2745 liationem
2577 2691 2777 2747 mundo
2807 2693 3120 2762 donaverit,
3149 2700 3446 2769 assumptio
3477 2700 3713 2770 ipsorum
3744 2718 3859 2758 non

2271 2778 2447 2848 majus
2471 2780 2672 2851 aliquid
2698 2785 2900 2840 mundo
2923 2794 2979 2841 et
2998 2791 3342 2859 prastantius
3367 2790 3672 2862 largiretur.
3697 2794 3859 2860 Quod

2271 2872 2318 2926 si
2369 2871 2619 2928 delibatio
2665 2885 2849 2931 sancta
2886 2868 2999 2945 est,
3038 2889 3088 2935 et
3126 2897 3322 2937 massa.
3365 2881 3478 2938 Hoc
3519 2894 3631 2951 est,
3674 2885 3720 2939 si
3760 2887 3858 2955 qui

2272 2965 2619 3022 crediderunt
2655 2969 2813 3039 pauci
2855 2972 3030 3028 sancti
3071 2982 3226 3042 sunt,
3272 2981 3327 3030 et
3362 2989 3550 3031 omnes
3590 2978 3764 3032 sancti
3803 2979 3858 3033 si

2272 3057 2519 3112 credant.
2575 3059 2729 3126 Quod
2780 3063 2939 3118 unius
2991 3064 3306 3131 substantia
3356 3075 3470 3134 est,
3512 3083 3677 3123 unum
3727 3076 3850 3137 est;

2271 3144 2503 3217 ideoque
2541 3150 2780 3204 ostendit
2824 3167 2931 3206 non
2969 3168 3129 3223 posse
3169 3155 3414 3227 indignos
3455 3156 3563 3212 dici
3593 3159 3660 3213 ad
3685 3157 3855 3214 ﬁdem

2273 3235 2374 3292 hos
2403 3253 2634 3307 quorum
2656 3239 2770 3308 jam
2808 3251 3060 3312 parentes
3100 3245 3280 3314 adepti
3325 3257 3452 3301 sunt
3489 3248 3649 3304 ﬁdem
3679 3270 3690 3303 :
3721 3251 3853 3320 quia

2195 3301 2240 3364 (ἶ
2273 3326 2317 3380 si
2362 3301 2489 3396 pars
2533 3301 2841 3385 Iudaeorum
2883 3332 3146 3401 credidit,
3193 3301 3291 3390 cur
3330 3351 3438 3392 non
3483 3346 3538 3394 et
3573 3339 3676 3394 alia
3720 3301 3855 3411 pars

2269 3433 2428 3489 posse
2456 3421 2678 3477 credere
2703 3423 2957 3480 dicatur?
2988 3425 3056 3479 Et
3083 3428 3130 3481 si
3159 3429 3316 3483 radix
3343 3441 3524 3486 sancta
3552 3443 3653 3501 est,
3685 3444 3732 3490 et
3761 3453 3856 3490 ra-

2269 3511 2360 3565 mi.
2386 3511 2689 3569 lmmutatis
2712 3517 2892 3572 verbis
2918 3517 3107 3573 eadem
3133 3522 3360 3591 repetit,
3382 3531 3441 3577 ut
3465 3539 3676 3580 sensum
3701 3543 3854 3582 com-

2269 3603 2453 3657 modet
2479 3602 2687 3658 duobus
2715 3605 2996 3677 exemplis.
3042 3608 3212 3665 Radix
3252 3613 3710 3683 patriarcharum,
3743 3617 3854 3672 hoc

2266 3706 2382 3764 est,
2405 3698 2567 3768 primi
2593 3706 2650 3754 et
2672 3700 2948 3757 novissimi
2976 3704 3146 3760 sancti
3172 3720 3239 3760 ex
3266 3707 3416 3777 ipsis.
3442 3708 3694 3764 Radicem
3715 3726 3852 3765 vero

2267 3787 2411 3843 hanc
2455 3787 2674 3858 quidam
2719 3790 3027 3860 Abraham,
3070 3794 3160 3850 alii
3202 3794 3364 3863 Seth,
3409 3797 3498 3853 alii
3541 3815 3706 3854 unum
3750 3799 3853 3855 ali-

2266 3892 2428 3947 quem
2452 3894 2519 3934 ex
2544 3880 2791 3948 patribus
2814 3893 3039 3952 ponunt.
3063 3885 3174 3955 Ego
3198 3896 3374 3941 autem
3402 3888 3636 3945 radicem
3658 3889 3848 3959 aliam,

2267 3983 2387 4038 qua
2415 3977 2600 4024 sancta
2630 3970 2734 4036 sit,
2762 3981 2816 4026 et
2841 3985 3054 4029 sanctas
3083 3977 3351 4044 primitias
3374 3980 3575 4045 nescio,
3605 3983 3709 4037 nisi
3741 3984 3850 4040 Do-

2263 4060 2470 4114 minum
2501 4068 2746 4115 nostrum
2774 4060 2956 4118 Jesum
2980 4064 3254 4119 Christum
3281 4083 3294 4132 ;
3322 4068 3436 4136 ipse
3457 4078 3540 4124 est
3565 4071 3711 4127 enim
3738 4076 3849 4144 pri-

2263 4151 2432 4206 iuitia
2473 4153 2746 4220 omnium,
2796 4155 2880 4209 vel
2931 4156 3186 4213 delibatio
3228 4163 3523 4216 secundum
3566 4164 3650 4232 id,
3695 4171 3845 4238 quod

2263 4240 2390 4296 alibi
2422 4242 2488 4298 de
2517 4256 2581 4298 eo
2615 4243 2815 4298 dicitur
2839 4263 2852 4299 :
2883 4243 2985 4310 Qui
3009 4255 3083 4300 est
3106 4249 3474 4321 primogenitus
3502 4250 3666 4309 omnis
3695 4274 3844 4312 crea-

2261 4340 2396 4388 tura:
2441 4331 2598 4405 (Col.
2629 4333 2721 4406 ι),
2758 4336 2884 4392 huic
2913 4353 3149 4409 namque
3177 4342 3379 4409 radici,
3409 4347 3584 4402 omnis
3612 4349 3703 4417 qui
3733 4350 3842 4404 sal-

2260 4438 2440 4496 vatur,
2471 4429 2730 4485 inseritur
2755 4451 2767 4485 :
2800 4440 2855 4488 et
2884 4434 2987 4490 hac
3011 4435 3396 4494 deliberatione
3434 4449 3619 4496 sancta
3661 4445 3839 4499 omnis

2260 4535 2442 4575 massa
2469 4521 2689 4576 humani
2719 4525 2932 4593 generis
2960 4525 3344 4583 sanctiﬁcatur.
3389 4530 3460 4584 Et
3499 4532 3640 4586 sicut
3681 4534 3836 4588 radix

2183 4651 2237 4710 D
2263 4619 2454 4681 sancta
2478 4613 2818 4670 manentibus
2840 4615 2892 4670 in
2915 4631 2972 4672 se
3001 4619 3165 4673 ramis
3186 4619 3534 4677 sanetiﬁcatis
3557 4624 3834 4695 pinguetu-

2261 4702 2443 4757 diuem
2485 4705 2725 4772 prabet,
2775 4705 2902 4762 dum
2947 4723 3046 4778 per
3093 4708 3354 4780 Spiritum
3394 4728 3550 4768 suum
3589 4726 3834 4771 sanctum

2259 4791 2598 4848 adhareutes
2640 4795 2741 4850 sibi
2782 4796 3051 4866 viviﬁcat,
3092 4801 3258 4857 verbo
3295 4803 3523 4871 excolit,
3567 4807 3832 4876 sapientia

2255 4881 2474 4940 ﬂoridos
2501 4886 2706 4953 reddit,
2736 4896 2792 4944 et
2819 4889 2874 4944 in
2913 4891 3152 4946 omnium
3194 4894 3457 4952 virtutum
3494 4898 3832 4968 plenitudine

2259 4978 2456 5036 afferre
2486 4981 2694 5038 fructus
2718 4983 2914 5039 uberes
2942 4984 3102 5052 facit,
3130 4987 3206 5042 ita
3229 4996 3286 5043 et
3310 4990 3423 5059 ipse
3448 4990 3593 5046 dicat
3620 4993 3686 5047 de
3713 4995 3794 5050 eis
3815 5013 3829 5049 :

2258 5071 2374 5144 Ego
2415 5083 2588 5128 autem
2617 5075 2752 5129 sicut
2780 5075 2916 5131 oliva
2943 5077 3217 5149 fructifera
3243 5081 3299 5134 in
3325 5080 3479 5135 domo
3507 5081 3604 5136 Dei
3634 5083 3654 5152 (
3676 5083 3830 5138 Psal.

2259 5161 2358 5234 LI).
2386 5161 2596 5218 Etenim
2626 5165 2672 5219 si
2704 5166 2840 5221 rami
2861 5168 2952 5238 qui
2981 5167 3141 5224 fracti
3169 5179 3311 5235 sunt,
3341 5181 3559 5242 propter
3579 5173 3833 5230 incredu-

2258 5251 2466 5309 litatem
2510 5255 2669 5313 fracti
2698 5267 2862 5326 sunt;
2908 5269 2965 5316 et
2998 5261 3092 5331 qui
3134 5270 3309 5329 stant,
3351 5264 3457 5320 ﬁde
3494 5274 3639 5322 stant
3677 5286 3691 5322 :
3735 5271 3829 5340 qui

2256 5345 2392 5402 salvi
2421 5357 2582 5404 erunt
2609 5350 2664 5405 in
2690 5367 2796 5422 quo
2819 5355 3102 5420 stant,nisi
3131 5355 3185 5409 in
3203 5356 3330 5412 Jesu
3355 5358 3604 5418 Christo?
3627 5372 3680 5417 et
3705 5364 3829 5434 quis

2257 5437 2394 5496 alius
2419 5448 2532 5507 est,
2564 5457 2594 5496 a
2622 5460 2728 5514 quo
2754 5460 2852 5514 per
2879 5444 3306 5504 incredulitatem
3335 5449 3492 5506 fracti
3529 5460 3654 5508 sunt
3673 5495 3688 5519 ,
3720 5455 3828 5509 nisi

2254 5527 2371 5598 ipse
2414 5532 2500 5585 cui
2545 5549 2650 5588 non
2696 5534 3077 5591 crediderunt?
3115 5536 3220 5593 Sed
3265 5547 3441 5597 tamen
3479 5558 3545 5598 ex
3583 5552 3829 5615 tempore

2256 5621 2517 5678 adventus
2549 5624 2666 5694 ejus
2695 5626 2893 5680 multus
2925 5628 3160 5686 oleaster
3185 5632 3442 5690 inseritur
3465 5637 3592 5694 huic
3619 5640 3825 5708 radici,

2252 5711 2339 5766 vel
2366 5715 2533 5770 ramis
2557 5715 2701 5785 ejus,
2729 5717 2985 5785 apostolis
3013 5720 3214 5776 scilicet
3244 5732 3298 5778 et
3319 5727 3626 5797 prophetis,
3655 5737 3710 5784 et
3732 5731 3825 5800 qui

2254 5799 2570 5858 inseruntur
2607 5805 2720 5870 eis,
2759 5807 2892 5861 socii
2930 5808 3062 5864 ﬁent
3091 5813 3288 5869 radicis
3307 5816 3646 5887 pinguedinis
3670 5799 3826 5874 Chri-

2171 5969 2196 5980 r
2251 5894 2342 5980 sti.
2377 5895 2530 5963 Quod
2554 5897 2792 5978 si_aliqui
2821 5916 2885 5985 ea:
2913 5905 3074 5960 ramis
3105 5905 3263 5976 fracti
3288 5920 3427 5966 sunt.
3461 5911 3573 5969 Hoc
3601 5920 3686 5970 est
3712 5929 3824 5972 non
