4108 6334
230 325 336 375 1υὸ

1363 325 1690 386 COLLECT.
1729 327 1796 382 IN
1833 326 2052 384 EPIST.
2091 327 2184 383 AD
2222 327 2384 387 ROM.

3380 337 3484 394 106

227 441 456 506 propter
485 441 536 490 te
564 434 637 490 illi
668 435 823 493 fracti
852 447 972 493 sunt
994 479 1010 509 ,
1038 440 1131 496 sed
1155 449 1373 513 propter
1403 443 1520 498 illos
1547 453 1605 498 tu
1639 444 1807 500 inser-
1833 449 1886 508 Α
1914 439 2053 493 Nolo
2069 441 2205 494 enim
2227 457 2313 496 vos
2334 441 2594 510 ignorare,
2610 446 3135 515 ,ratres,mgsterium
3157 446 3484 509 hoc.Adhuc

229 536 320 582 tus
347 543 408 581 es
427 567 440 593 ,
473 528 597 598 quia
627 528 701 583 illi
732 529 903 585 fracti.
943 531 1019 585 Ἰιι
1051 543 1223 587 autem
1254 551 1370 587 cum
1401 535 1620 589 oleaster
1649 554 1803 590 esses.

229 617 497 683 Oleaster,
524 618 640 673 olea
667 621 883 690 quidem
902 663 916 687 ,
939 623 1032 678 sed
1056 625 1255 679 inculta
1283 641 1344 679 ac
1369 627 1649 681 silvestris.
1681 627 1808 679 Noli

227 711 451 783 gloriari
489 711 735 766 adversus
771 730 966 769 ramos.
1009 717 1124 772 Hoc
1166 727 1278 784 est,
1325 719 1432 772 noli
1479 721 1543 774 de
1595 720 1806 774 illorum

227 806 537 878 perditione
569 808 803 878 gaudere
824 849 838 875 ,
874 811 1113 881 alioquin
1153 813 1338 867 audies
1364 833 1375 867 :
1427 815 1563 882 Quia
1593 831 1700 870 non
1732 815 1807 870 illi

226 914 328 970 per
373 908 427 952 te
464 908 642 966 stant,
681 901 776 956 sed
814 910 869 955 tu
897 917 994 972 per
1026 903 1180 971 illos;
1213 921 1313 960 nec
1345 906 1450 961 illis
1475 908 1643 962 vitam
1671 925 1809 978 pra:-

225 999 375 1058 stas,
409 993 504 1048 sed
533 992 607 1047 illi
636 993 754 1049 tibi.
792 994 946 1062 picis
977 1013 1096 1066 ergo
1121 1011 1139 1048 :
1185 996 1370 1052 Fracti
1410 1009 1534 1054 sunt
1573 1002 1706 1054 rami
1753 1010 1809 1055 ut

225 1099 320 1152 ego
348 1083 622 1137 insererer.
659 1085 949 1140 Dicisillos
989 1087 1110 1142 ideo
1142 1087 1376 1154 fractos,
1407 1097 1470 1145 ut
1509 1098 1566 1144 tu
1605 1089 1809 1146 insera-

225 1173 304 1227 ris
331 1192 358 1227 :-
386 1175 662 1231 videamus
701 1177 746 1231 si
788 1188 1105 1250 propterea,
1146 1187 1200 1235 et
1240 1197 1348 1236 non
1389 1183 1560 1254 magis
1599 1192 1809 1254 prapter

230 1267 653 1324 incredulitatem
683 1288 834 1326 suam
865 1273 1197 1328 ceciderunt.
1233 1273 1310 1328 Tu
1351 1284 1525 1329 autem
1567 1275 1672 1344 ﬁde
1700 1285 1804 1330 sta.

225 1359 365 1426 Quia
407 1360 577 1416 Judzei
631 1378 726 1435 per
773 1364 1121 1421 difﬁdentiam
1172 1367 1308 1437 lapsi
1352 1375 1510 1433 sunt,
1557 1366 1657 1422 hos
1701 1367 1808 1422 ﬁde

223 1451 357 1507 dicit
386 1461 550 1520 stare,
581 1455 707 1524 quia
735 1469 858 1511 cum
886 1459 1036 1527 prius
1059 1456 1302 1526 jacerent
1320 1499 1335 1525 ,
1367 1459 1633 1514 credendo
1661 1467 1809 1513 stare

222 1553 532 1614 cmperunt.
568 1546 695 1600 Noli
724 1549 888 1603 altum
915 1567 1116 1621 sapere,
1151 1551 1241 1605 sed
1275 1551 1415 1604 time.
1454 1550 1512 1606 Id
1553 1559 1657 1617 est,
1696 1551 1808 1606 noli

224 1636 405 1692 dicere
437 1639 578 1708 quod
617 1639 777 1694 ﬁdem
819 1641 1052 1696 Abrahze
1103 1643 1333 1707 habeas,
1362 1641 1506 1696 ultra
1550 1642 1807 1713 populum

221 1726 504 1783 Iudaicum
549 1729 779 1786 ﬁdelem.
822 1731 1053 1799 Quidam
1092 1733 1236 1789 hunc
1282 1733 1457 1788 locum
1502 1748 1610 1788 non
1656 1733 1808 1788 intel-

1910 531 1977 585 ad
2004 547 2098 586 eos
2122 533 2213 602 qui
2245 549 2311 587 ex
2352 534 2600 604 gentibus
2640 537 3014 604 crediderunt,
3045 541 3201 608 quasi
3231 540 3401 598 elatos
3427 552 3486 599 et

1909 623 2282 690 superbientes
2311 626 2596 679 adversum
2622 642 2801 682 ramos
2825 629 2916 699 qui
2943 628 3104 685 fracti
3131 640 3290 697 sunt,
3313 642 3368 688 et
3392 649 3486 706 pu-

1910 721 2085 767 tantes
2115 717 2256 783 quod
2299 717 2400 772 hoc
2443 733 2547 772 non
2599 718 2693 774 Dei
2736 719 2978 775 bonitate
3017 730 3073 776 et
3109 723 3363 779 ineffabili
3407 725 3490 780 di-

1909 806 2254 875 spensatione
2284 809 2561 878 sapientiae
2590 809 2738 878 ejus,
2770 811 2867 867 sed
2895 812 3007 868 suis
3047 814 3256 869 meritis
3293 831 3484 873 conse-

1908 897 2019 951 cuti
2059 905 2219 963 sunt,
2247 907 2337 962 ut,
2365 899 2471 954 illis
2501 901 2758 958 detractis
2779 943 2792 968 ,
2825 903 2926 974 ipsi
2956 920 3079 960 cum
3117 915 3306 962 essent.
3339 907 3484 964 olea-

1908 991 2007 1046 stri
2030 992 2399 1046 insererentur
2419 993 2475 1046 in
2496 994 2692 1049 bonam
2713 995 2928 1050 olivam.
2954 996 3270 1066 Mysterium
3296 1007 3480 1055 autem

1909 1081 2038 1136 dicit
2056 1097 2342 1147 arcanum,
2368 1085 2511 1152 quod
2531 1085 2839 1141 hominibus
2859 1087 3161 1158 ignoratum
3183 1096 3292 1153 est,
3316 1104 3484 1158 quare

1908 1169 2128 1224 salvata:
2170 1180 2297 1226 sunt
2341 1170 2578 1240 Gentes,
2620 1175 2746 1244 quia
2791 1178 3129 1233 occasionem
3169 1182 3248 1234 eis
3293 1179 3484 1236 salutis

1907 1260 2071 1314 etiam
2095 1261 2314 1318 caicitas
2339 1264 2591 1332 praestitit
2629 1264 2810 1320 Israel.
2855 1268 2951 1322 Est
2985 1271 3300 1340 mySterium
3338 1270 3484 1341 quod

1907 1349 2255 1418 ignorabatur
2280 1353 2346 1407 ab
2377 1353 2460 1407 his
2488 1354 2580 1422 qui
2610 1354 2941 1412 insultabant
2969 1359 3276 1428 hujusmodi
3298 1403 3313 1428 ,
3344 1378 3482 1432 quo-

1908 1440 2070 1494 modo
2095 1441 2148 1495 in
2171 1441 2506 1513 diSpersione
2535 1443 2770 1499 ﬁliorum
2790 1447 2962 1502 Adam
2982 1489 2997 1514 ,
3025 1452 3238 1507 caeteris
3261 1453 3484 1520 quibus-

1908 1547 2012 1602 que
2041 1533 2291 1604 gentibus
2322 1536 2615 1591 secundum
2655 1539 2968 1609 angelorum
2995 1559 3279 1600 numerum
3307 1545 3485 1601 distri-

1909 1621 2072 1687 butis,
2095 1623 2316 1692 propria
2343 1626 2588 1695 quadam
2611 1642 2740 1696 pars
2764 1629 2906 1684 facta
2933 1641 3016 1686 est
3039 1631 3236 1700 Israel,
3258 1635 3325 1690 ad
3349 1650 3486 1704 quos

1909 1720 1965 1766 et
1986 1715 2431 1782 repromissiones
2452 1717 2739 1785 bonorum,
2765 1729 2820 1774 et
2838 1728 3183 1787 testamenta,
3207 1735 3260 1778 et
3279 1725 3487 1794 legisla—
3563 1765 3574 1784 ~.

223 1815 456 1888 “gentes
475 1862 490 1887 ν
522 1837 621 1878 nec
649 1824 992 1880 attendentes
1022 1840 1240 1880 causam
1281 1825 1366 1879 γει
1402 1841 1695 1894 personas,
1739 1825 1806 1880 de
1833 1809 1880 1870 B
1911 1805 1985 1860 tio
2009 1805 2152 1862 facta
2176 1817 2278 1864 est.
2307 1807 2556 1866 Manente
2581 1825 2711 1883 ergo
2735 1812 2824 1868 illa
2849 1822 3004 1883 parte
3022 1816 3234 1871 Domini
3261 1817 3317 1872 in
3342 1826 3487 1872 statu

119 1945 124 1948 -
225 1924 336 1978 qua
383 1918 438 1964 et
485 1910 550 1966 de
595 1912 790 1979 quibus
843 1912 1084 1982 loquitur
1128 1914 1454 1982 Apostolus,
1496 1923 1688 1982 putant
1716 1914 1806 1968 hic

221 1999 543 2069 sapientiam
591 2016 713 2056 esse
749 2002 1114 2071 prohibitam:
1165 2003 1309 2073 quod
1355 2005 1401 2058 si
1443 2004 1516 2058 ita
1551 2015 1664 2069 est,
1715 2021 1804 2059 se-

221 2091 462 2145 cundum
510 2092 631 2146 illos
675 2091 982 2146 invenietur
1028 2092 1129 2147 sibi
1170 2093 1270 2162 ipsi
1313 2109 1432 2150 esse
1469 2095 1806 2160 contrarius,

217 2195 347 2234 cum
390 2181 480 2236 hic
517 2189 663 2236 vetet
704 2181 846 2250 quod
874 2181 1037 2248 alibi,
1082 2188 1140 2236 ut
1169 2183 1390 2252 Ephesii
1420 2192 1474 2238 et
1503 2185 1682 2239 caeteri
1724 2201 1808 2240 ac-

211 2271 456 2340 cipiant,
506 2273 714 2343 magnis
753 2273 1230 2343 supplicationibus
1274 2289 1305 2327 a
1355 2274 1581 2329 Domino
1622 2275 1808 2345 depre-

213 2372 396 2418 catur.
433 2363 563 2417 Noli
588 2381 709 2434 ergo
737 2363 902 2417 altum
927 2381 1111 2434 sapere
1129 2405 1143 2431 ,
1172 2364 1277 2419 hoc
1323 2374 1406 2420 est
1428 2405 1441 2430 ,
1474 2365 1585 2420 noli
1614 2375 1805 2421 contra

214 2469 313 2508 eos
353 2468 474 2507 esse
515 2454 812 2523 superbus,
856 2453 951 2510 sed
997 2469 1127 2508 eave
1180 2471 1248 2510 ne
1290 2463 1348 2509 tu
1389 2455 1649 2511 offendas.
1695 2456 1805 2512 Me-

215 2553 404 2602 mento
430 2546 570 2615 quod
597 2547 764 2600 omnis
791 2547 879 2618 qui
907 2564 960 2602 se
987 2546 1184 2602 exaltat
1204 2589 1219 2613 ,
1252 2547 1651 2604 humiliabitur:
1678 2565 1804 2604 nam

214 2637 476 2708 possibile
520 2645 604 2693 est
647 2639 810 2694 etiam
853 2647 905 2694 te
944 2654 1190 2710 peccare.
1225 2640 1285 2696 Si
1315 2642 1452 2696 enim
1481 2641 1623 2698 Deus
1651 2651 1804 2697 natu-

219 2728 421 2782 ralibus
464 2729 624 2782 ramis
667 2745 772 2782 non
798 2731 1055 2801 pepercit,
1089 2748 1151 2786 ne
1179 2732 1314 2802 forte
1351 2749 1442 2787 nec
1471 2733 1566 2787 tibi
1596 2742 1798 2805 parcat.

219 2819 336 2876 Hoc
357 2827 439 2876 est
458 2862 474 2887 ,
501 2821 547 2876 si
573 2821 680 2877 illis
701 2837 807 2876 non
827 2823 1070 2893 pepercit
1090 2833 1312 2896 propter
1333 2825 1768 2882 incredulitatem
1783 2866 1797 2892 ,

220 2913 349 2983 quia
373 2929 439 2968 ex
467 2914 651 2970 radice
674 2923 861 2970 sancta
889 2924 1044 2982 sunt,
1073 2926 1276 2988 quanto
1297 2919 1475 2974 minus
1501 2920 1596 2975 tibi
1617 2921 1662 2976 si
1683 2935 1804 2990 pec-

219 3005 430 3060 caveris
441 3003 604 3060 ?Vide
623 3022 745 3077 ergo
760 3007 1043 3062 bonitatem
1060 3017 1106 3062 et
1121 3010 1446 3064 severitatem
1461 3009 1578 3066 Dei.
1593 3010 1802 3066 Bonum

218 3095 388 3152 Deum
415 3084 663 3170 gentibus
688 3114 811 3156 esse
842 3108 1109 3156 testatur:
1141 3103 1268 3172 quia
1295 3119 1419 3159 cum
1447 3103 1589 3160 idola
1616 3119 1802 3175 seque-

218 3198 428 3257 rentur,
453 3197 506 3247 et
525 3205 625 3247 nec
642 3191 721 3247 sic
744 3193 1105 3262 requirerent,
1126 3195 1242 3265 ipse
1261 3195 1404 3252 ultro
1421 3200 1635 3254 vocavit
1657 3199 1798 3266 illos,

217 3291 276 3340 et
301 3292 522 3354 peccata
554 3284 765 3340 remisit
789 3285 889 3342 eis.
915 3284 1114 3343 Judaeis
1141 3297 1323 3344 autem
1350 3305 1572 3346 severus
1599 3300 1683 3346 est
1703 3333 1717 3357 ,
1748 3300 1805 3347 et

219 3376 514 3431 excaecavit
541 3375 663 3432 illos
682 3417 698 3443 ,
729 3377 857 3448 quia
880 3378 1081 3434 donum
1109 3379 1206 3436 Dei
1236 3391 1591 3451 spreverunt;
1623 3392 1804 3455 potest

219 3466 366 3521 enim
397 3467 539 3522 Deus
565 3467 762 3522 iterum
793 3468 1032 3526 inserere
1061 3469 1201 3527 illos.
1229 3471 1384 3542 Apud
1415 3474 1661 3530 homines
1685 3475 1805 3545 qui-

221 3559 351 3614 dem
383 3559 712 3628 impossibile
733 3568 819 3615 est
841 3561 1023 3617 aridos
1047 3563 1296 3618 surculos
1322 3563 1640 3631 reformare,
1664 3567 1806 3636 apud

218 3651 400 3706 Deum
431 3658 611 3704 autem
635 3651 813 3706 omnia
842 3652 1123 3722 possibilia
1150 3661 1313 3724 atque
1342 3654 1542 3710 facilia.
1577 3655 1724 3709 Nam
1760 3658 1807 3710 si

219 3751 279 3795 tu
311 3757 380 3795 ea:
411 3740 642 3794 naturali
671 3743 872 3796 excisus
899 3759 951 3798 es
979 3741 1224 3797 oleastro.
1254 3742 1389 3810 Quia
1410 3743 1523 3813 jam
1547 3746 1680 3800 olim
1707 3761 1804 3816 pa-

221 3844 335 3890 tres
370 3850 560 3890 eorum
593 3849 690 3904 per
721 3835 1022 3891 naturalem
1062 3835 1235 3908 legem
1270 3835 1738 3908 degeneraverunt
1775 3854 1805 3894 a

223 3939 414 3984 natura
435 3969 448 3994 ,
491 3936 547 3982 et
583 3942 681 3997 per
714 3929 1085 3984 successiones
1119 3929 1377 3999 peccandi
1419 3932 1806 3988 consuetudine

227 4030 611 4091 permanente,
645 4021 800 4091 quasi
841 4020 1164 4077 naturaliter
1203 4022 1373 4077 amari
1401 4031 1457 4078 et
1485 4023 1805 4083 infructuosi

224 4126 345 4168 esse
369 4121 670 4182 cmperunt.
715 4111 785 4166 Et
814 4121 998 4168 contra
1024 4122 1270 4168 naturam
1296 4115 1522 4169 insertus
1551 4133 1604 4170 es
1633 4117 1689 4170 in
1715 4116 1806 4171 bo-

226 4223 348 4259 nam
375 4206 585 4260 olivam.
612 4204 816 4261 Contra
839 4213 1089 4260 naturam
1113 4206 1268 4262 oliva:
1295 4214 1381 4262 est
1405 4207 1644 4263 inserere
1665 4209 1807 4264 olea-

226 4309 402 4354 strum
422 4340 437 4366 ,
465 4299 590 4368 quia
616 4299 790 4369 magis
818 4298 955 4353 solet
979 4313 1164 4353 ramus
1192 4297 1390 4354 radicis
1412 4299 1524 4353 vim
1562 4308 1803 4366 mutare,

226 4406 388 4458 quam
426 4389 581 4444 radix
620 4403 896 4444 ramorum
936 4390 991 4443 in
1029 4404 1182 4444 suam
1225 4377 1438 4446 vertere
1464 4391 1804 4460 qualitatem.

1909 1912 2036 1962 suo,
2088 1900 2342 1969 possibile
2388 1911 2657 1957 non.erat
2700 1919 2827 1969 nos,
2873 1905 2965 1975 qui
3007 1919 3224 1960 eramus
3265 1914 3483 1976 gentes,

1907 1989 2132 2043 introire
2163 1991 2217 2044 in
2246 1991 2617 2046 hzereditatem
2643 1993 2778 2059 Dei,
2807 2003 2862 2048 et
2885 1995 2939 2049 in
2978 1996 3175 2066 sceptri
3211 1997 3328 2065 ejus
3359 1993 3487 2062 jura

1910 2079 2218 2134 succedere.
2253 2080 2545 2149 Sequitur:
2581 2081 2648 2135 Ut
2677 2100 2781 2137 non
2807 2085 2920 2139 sitis
2955 2086 3094 2139 vobis
3127 2086 3254 2156 ipsis
3282 2086 3490 2156 sapien-

1909 2178 2004 2223 tes.
2053 2170 2167 2225 Iloc
2213 2178 2335 2236 est,
2383 2186 2453 2225 ne
2496 2173 2791 2228 secundum
2831 2174 3124 2230 humanam
3165 2177 3490 2245 sapientiam

1907 2263 2098 2318 dicatis
2123 2280 2135 2314 :
2165 2263 2274 2317 Nos
2304 2263 2444 2318 Deus
2470 2264 2662 2336 elegit,
2690 2275 2745 2321 et
2770 2266 2890 2322 illos
2916 2266 3130 2336 abiecit.
3152 2268 3287 2336 Quia
3316 2269 3486 2324 insul-

1908 2363 2023 2410 tare
2048 2354 2216 2424 lapsis
2243 2363 2298 2409 et
2324 2355 2545 2425 gloriari
2571 2357 2858 2413 adversum
2885 2375 3065 2415 ramos
3090 2361 3184 2430 qui
3223 2360 3490 2418 confracti

1904 2457 2060 2514 sunt,
2103 2464 2210 2503 non
2251 2448 2314 2502 ﬁt
2351 2461 2448 2518 per
2491 2449 2588 2504 Dei
2630 2449 2985 2518 sapientiam,
3028 2453 3124 2507 sed
3164 2468 3262 2522 per
3302 2455 3490 2509 huma-

1905 2555 2074 2606 nam,
2125 2539 2440 2595 mutabilem
2490 2549 2546 2596 et
2603 2541 2946 2613 ignorantem
2997 2546 3316 2615 mysterium
3367 2545 3484 2600 Dei.

1906 2630 2059 2696 Quod
2107 2629 2254 2685 enim
2304 2631 2601 2686 secundum
2646 2630 2819 2687 Deum
2869 2633 3052 2702 sapit,
3105 2635 3162 2688 in
3210 2633 3490 2692 beneﬁciis

1906 2723 2003 2778 Dei
2029 2739 2136 2779 non
2180 2725 2404 2780 insultat
2446 2724 2714 2795 abjectis:
2758 2728 2852 2783 sed
2893 2743 3017 2782 cum
3058 2728 3252 2784 timore
3289 2730 3490 2800 gratias

1905 2815 2018 2886 agit
2061 2816 2447 2872 misericordia:
2493 2817 2788 2888 largientis.
2840 2817 2979 2884 Quia
3011 2819 3220 2873 caecitas
3248 2836 3314 2874 ea:
3340 2830 3489 2890 parte

1904 2905 2076 2962 Israel
2111 2909 2346 2980 contigit.
2391 2909 2450 2964 Id
2485 2918 2598 2976 est,
2641 2926 2751 2966 non
2783 2912 3036 2967 omnibus
3069 2914 3275 2982 patitur
3310 2914 3489 2981 Deus,

1905 3001 2000 3055 sed
2033 3001 2305 3072 aliquibus
2330 3017 2398 3058 ex
2428 3001 2595 3060 Israel
2620 3002 2739 3058 ﬁeri
2767 3004 3086 3059 caecitatem.
3135 3005 3243 3059 Aut
3277 3005 3334 3060 in
3369 3013 3491 3060 tan-

1907 3103 2021 3149 tum
2066 3094 2232 3150 Israel
2279 3103 2335 3152 et
2381 3095 2574 3151 delicta
2621 3104 2678 3151 et
2714 3095 2942 3165 perﬁdia
2986 3106 3384 3168 occupaverat,
3431 3106 3494 3153 ut

1903 3189 2114 3244 veniret
2157 3198 2371 3260 tempus
2398 3205 2508 3259 quo
2533 3197 2723 3261 gentes
2751 3205 2940 3248 omnes
2981 3190 3397 3245 admitterentur
3436 3191 3493 3246 in

1903 3284 2097 3350 vitam,
2143 3292 2200 3342 et
2238 3285 2318 3340 ita
2343 3286 2522 3342 omnis
2546 3284 2713 3342 Israel
2739 3301 2835 3355 per
2864 3284 3028 3340 ﬁdem
3059 3283 3229 3339 solam
3255 3282 3494 3338 salvare-

1908 3390 2014 3445 tur,
2045 3381 2316 3450 quomodo
2345 3381 2590 3454 gentium
2619 3381 2923 3453 plenitudo,
2959 3390 3022 3436 ut
3045 3381 3281 3452 aequales
3309 3389 3493 3437 essent

1907 3473 1962 3527 in
1999 3471 2220 3529 Christo
2265 3474 2360 3546 qui
2403 3475 2642 3544 arquales
2681 3474 2899 3530 fuerant
2936 3475 2992 3528 in
3030 3473 3262 3529 delictis.
3313 3472 3492 3528 Donec

1907 3565 2178 3636 plenitudo
2205 3567 2438 3638 gentium
2463 3568 2706 3622 intraret.
2734 3566 2794 3622 Id
2819 3575 2922 3630 est,
2954 3565 3244 3621 multitudo
3268 3565 3492 3620 creden-

1908 3658 2042 3712 tium
2089 3673 2158 3712 ex
2201 3659 2350 3712 omni
2379 3666 2557 3728 gente.
2610 3657 2728 3712 Non
2770 3669 2962 3712 omnes
3003 3655 3224 3711 omnino
3265 3661 3490 3726 gentes,

1900 3748 2058 3818 juxta
2106 3748 2338 3819 ﬁguram
2386 3747 2784 3819 synecdochen.
2856 3746 3007 3803 Sicut
3058 3747 3311 3817 scriptum
3361 3756 3437 3801 est
3471 3763 3493 3802 :

1920 3837 2096 3894 Veniet
2143 3855 2208 3893 ea:
2246 3838 2374 3894 Sion
2407 3841 2498 3910 qui
2532 3839 2722 3910 eripiat
2762 3848 2811 3893 et
2845 3838 3053 3908 auferat
3092 3839 3394 3910 iniquitates
3426 3855 3494 3895 ea:

1905 3929 2072 3986 Jaeob
2104 3928 2241 4002 (Isa.
2272 3929 2480 4001 anx).
2535 3929 2690 3998 Quod
2719 3929 2766 3985 si
2792 3929 2907 3996 vis,
2951 3929 3130 3999 inquit
3166 3929 3490 3998 Apostolus,

1907 4024 2050 4080 scire
2089 4023 2360 4094 quomodo
2387 4024 2551 4080 etiam
2595 4033 2719 4094 post
2756 4023 3056 4080 caecitatem
3093 4023 3384 4080 salvandus
3419 4025 3494 4080 sit

1906 4111 2101 4180 Israel,
2142 4112 2267 4167 audi
2308 4113 2579 4182 quomodo
2618 4113 2884 4183 scriptum
2913 4114 3025 4169 sit:
3061 4111 3242 4168 Veniet
3271 4130 3336 4168 ex
3361 4111 3494 4168 Sion

1906 4203 1996 4273 qui
2019 4204 2230 4274 eripiat,
2250 4211 2355 4258 etc.
2394 4203 2685 4260 Sciendum
2710 4219 2840 4259 sane
2867 4213 2951 4259 est
2973 4205 3118 4274 quod
3139 4204 3206 4260 de
3227 4206 3493 4274 propheta

1909 4295 2049 4351 Isaia
2076 4311 2242 4350 unum
2271 4295 2637 4351 testimonium
2665 4295 2809 4351 istud
2833 4295 3033 4351 Paulus
3057 4295 3368 4364 assu.npsit,
3391 4310 3492 4364 pro

1911 4401 1977 4442 eo
2015 4387 2160 4458 quod
2197 4386 2334 4440 dixit
2364 4385 2692 4455 Apostolus:
2726 4387 2894 4440 veniet
2928 4403 2993 4440 ex
3023 4386 3185 4449 Sion,
3230 4386 3494 4455 scriptum

223 4480 350 4537 Ideo
378 4482 642 4537 insertum
670 4481 800 4537 dicit
827 4481 1152 4547 oleastrum,
1193 4490 1254 4536 ut
1291 4483 1537 4539 surculus
1571 4482 1805 4540 fructum
1833 4519 1886 4581 Β
1915 4479 2175 4543 inveniet,
2201 4487 2411 4549 propter
2438 4476 2587 4534 Sion.
2641 4479 2708 4532 Et
2732 4477 2876 4547 quod
2905 4478 2982 4532 ait
3010 4478 3120 4543 hic,
3158 4495 3276 4532 cum
3308 4478 3491 4533 abstu-

227 4572 428 4627 radicis
461 4570 684 4638 afferat,
725 4573 904 4628 socius
941 4573 1058 4642 ejus
1084 4571 1324 4630 effectus.
1368 4573 1576 4630 Olivam
1606 4576 1768 4633 ﬁdem
1789 4618 1804 4645 ,

224 4679 324 4734 per
368 4681 532 4732 quam
578 4663 854 4720 Abraham
892 4663 1222 4734 justiﬁcatus
1269 4674 1388 4731 est,
1436 4669 1803 4738 accipiamus:

223 4752 527 4808 oleastrum
563 4769 724 4820 vero,
767 4753 892 4824 quia
921 4755 1122 4809 sterilis
1163 4763 1219 4809 et
1241 4755 1574 4813 infructuosa
1616 4769 1809 4815 natura

223 4862 344 4919 est,
380 4853 658 4923 perﬁdiam
697 4853 983 4928 signiﬁcat.
1027 4853 1234 4924 Ac'per
1258 4855 1363 4911 hoc
1391 4856 1436 4910 si
1464 4857 1520 4911 hi
1549 4858 1642 4928 qui
1669 4875 1814 4915 sem-

223 4963 326 5016 per
360 4945 564 5000 inimici
599 4944 693 5000 Dei
721 4945 972 5012 fuerunt,
1005 4947 1250 5002 conversi
1288 4949 1343 5002 in
1378 4947 1538 5003 ﬁdem
1575 4950 1810 5008 Abrahae

228 5039 422 5094 inserti
449 5045 666 5092 suntex
691 5037 844 5106 cujus
869 5038 1074 5108 origine
1098 5053 1205 5092 non
1233 5047 1389 5104 sunt,
1418 5048 1619 5110 quanto
1642 5043 1814 5114 magis

227 5127 426 5195 Judaei,
455 5127 497 5182 si
514 5135 636 5197 post
657 5125 1007 5182 difﬁdentiam
1031 5128 1272 5193 credant,
1289 5137 1529 5199 paternae
1553 5131 1811 5190 reddendi

228 5227 359 5275 sunt
384 5226 589 5273 natura:
608 5261 622 5285 ,
652 5219 842 5273 inserti
871 5219 1070 5272 iterum
1097 5218 1152 5271 in
1179 5233 1332 5272 suam
1357 5221 1814 5288 promissionem?

230 5311 341 5368 Sed
368 5326 468 5365 nec
491 5311 595 5366 hoc
619 5311 834 5380 quidem
858 5311 1024 5365 lateat
1046 5326 1144 5366 nos
1168 5309 1222 5364 in
1251 5310 1354 5366 hoc
1377 5311 1516 5380 loco,
1540 5317 1682 5384 quod
1704 5329 1813 5372 non

227 5417 298 5459 eo
334 5403 527 5457 ordine
563 5402 848 5472 Apostolus
881 5403 1034 5466 oliva:
1065 5411 1120 5458 et
1155 5403 1375 5458 oleastri
1405 5403 1810 5464 similitudinem

230 5501 448 5570 posuit,
487 5514 594 5569 quo
625 5499 766 5568 apud
806 5499 1072 5568 agricolas
1100 5499 1362 5553 habetur:
1398 5499 1473 5553 illi
1515 5503 1685 5572 magis
1720 5503 1815 5558 oli-

231 5608 356 5646 vam
398 5592 638 5645 oleastro
676 5591 914 5645 inserere
935 5632 948 5655 ,
991 5600 1045 5646 et
1080 5607 1190 5647 non
1219 5592 1375 5647 olivm
1403 5592 1698 5648 oleastrum
1726 5610 1814 5650 so-

233 5685 347 5739 lent
368 5725 382 5746 ,
412 5681 613 5737 Paulus
634 5697 766 5735 vero
790 5681 1082 5749 apostolica
1109 5684 1426 5737 auctoritate
1450 5684 1639 5738 ordine
1668 5700 1814 5740 com-

231 5783 468 5841 mutato,
492 5788 580 5828 res
600 5772 771 5840 magis
797 5772 975 5826 causis
1000 5789 1163 5841 quam
1191 5789 1380 5832 causas
1406 5776 1568 5832 rebus
1589 5777 1809 5847 aptavit.

600 5866 874 5927 Pnaoc.
920 5865 1082 5930 CIII.

1912 4573 2022 4628 lera
2049 4580 2317 4642 peccatum
2344 4587 2524 4624 eorum
2544 4611 2558 4634 ,
2591 4570 2666 4625 ibi
2695 4571 2918 4626 omnino
2945 4572 3213 4642 scriptum
3241 4588 3346 4629 non
3378 4581 3491 4642 est,

1914 4665 2011 4720 sed
2037 4678 2139 4718 nec
2169 4663 2311 4732 apud
2347 4660 2603 4717 I‘Iebrazos
2629 4661 2876 4732 quidem,
2913 4663 3155 4735 Apostoli
3186 4673 3368 4723 tamen
3397 4683 3494 4722 au-

1914 4755 2162 4811 ctoritate
2201 4762 2475 4825 sumptum
2503 4761 2604 4808 est.
2650 4754 2852 4809 Verum
2892 4756 3206 4812 meminisse
3234 4757 3493 4815 debemus

1915 4845 2059 4918 quod
2100 4854 2421 4915 praesentem
2461 4844 2639 4900 locum
2663 4843 2952 4914 Apostolus
2977 4847 3133 4916 quasi
3169 4848 3514 4918 mysterium‘

1915 4939 2104 4993 haberi
2129 4937 2336 4993 voluit:
2367 4953 2475 5008 quo
2499 4939 2708 4994 scilicet
2731 4937 3042 5007 hujusmodi
3068 4955 3227 4995 sensu
3239 4957 3279 5006 ξ,
3308 4941 3494 4998 ﬁdeles

1916 5031 2115 5100 quique
2140 5039 2195 5084 et
2219 5029 2446 5099 perfecti
2475 5031 2618 5085 inter
2643 5031 2962 5102 semetipsos
2993 5031 3143 5088 velut
3172 5033 3491 5102 mysterium

1916 5126 2011 5181 Dei
2041 5125 2255 5180 silentio
2285 5134 2486 5198 tegant,
2517 5143 2618 5183 nec
2644 5128 2846 5198 passim
2872 5127 3204 5200 imperfectis
3231 5136 3288 5184 et
3311 5129 3492 5191 minus

1914 5220 2206 5290 capacibus
2224 5219 2521 5290 proferant.
2557 5219 2872 5290 Mysterium
2898 5219 3062 5290 regis,
3085 5219 3161 5272 ait
3185 5217 3488 5290 Scriptura,

1917 5311 2096 5367 celare
2123 5312 2324 5366 bonum
2350 5319 2434 5366 est
2463 5309 2615 5382 (Tob.
2645 5310 2768 5383 xu).
2809 5309 2876 5363 Et
2907 5314 3005 5362 hoc
3030 5307 3136 5362 illis
3166 5327 3198 5362 a
3224 5327 3303 5366 me
3328 5321 3492 5368 testa-

1918 5415 2171 5470 mentum,
2212 5421 2329 5458 cum
2359 5402 2622 5458 abstulero
2652 5411 2864 5475 peccata
2890 5417 3089 5455 eorum.
3140 5399 3350 5459 Novum
3388 5406 3494 5460 sci-

1918 5493 2044 5549 licet
2073 5495 2509 5559 Testamentum,
2548 5496 2689 5564 quod
2718 5493 2984 5564 promittit
3010 5490 3303 5561 Jeremias,
3347 5498 3493 5567 quod

1921 5601 2026 5640 non
2056 5586 2159 5641 nisi
2188 5587 2332 5651 novi,
2360 5587 2574 5641 abolitis
2599 5601 2696 5655 per
2717 5583 3041 5654 baptismum
3064 5588 3322 5657 peccatis,
3349 5589 3494 5643 acci-

1920 5682 2075 5751 piunt
2101 5699 2112 5734 :
2148 5680 2362 5735 Fratres
2388 5680 2670 5736 secundum
2695 5677 3034 5748 Evangelium
3056 5681 3255 5735 inimici
3283 5689 3494 5749 prapter

1924 5793 2027 5830 vos.
2061 5775 2234 5832 Causa
2268 5773 2658 5832 incredulitatis
2701 5771 2905 5831 inimici
2939 5783 3064 5828 sunt
3094 5771 3406 5842 Evangelio,
3434 5779 3494 5835 ut

2977 5863 3016 5923 It-
