4108 6334
592 393 695 451 107

2027 377 2298 440 SEDULII
2332 374 2527 439 SCOTI

3764 385 3874 445 108

591 500 842 584 gentibus
868 514 1025 562 error
1044 507 1100 559 et
1122 498 1378 559 delictum
1407 496 1626 556 illorum
1651 492 1860 567 aperiat
1883 492 2028 549 viam
2052 500 2179 550 ante
2206 493 2262 557 Α
2284 493 2571 566 pervenire
2588 533 2603 560 ,
2644 506 2971 566 unoquoque
3006 500 3250 569 tempore
3282 495 3525 554 decrevit
3560 496 3692 570 quid
3718 512 3874 559 esset

593 612 805 673 tempus
838 598 1078 654 intrandi
1108 595 1179 652 ad
1213 596 1407 661 ﬁdem,
1451 593 1596 649 sicut
1641 605 1807 662 supra
1853 587 2172 644 memoravi.

592 693 707 750 Hoc
735 693 866 749 dicit
899 697 960 746 ut
994 705 1103 745 non
1132 689 1356 745 insultet
1383 686 1472 743 his
1499 699 1731 756 quorum
1761 681 2020 739 delictum
2052 695 2179 751 pro-

592 785 697 842 fuit
732 785 984 857 gentibus
1023 799 1037 836 :
1071 782 1179 836 illis
1224 780 1372 836 enim
1418 776 1784 833 insultandum
1828 781 1912 829 est
1948 786 2180 844 quorum

590 878 876 951 peceatum
898 875 1073 933 obfuit
1095 874 1383 945 aliquibus.
1406 871 1611 925 Eadem
1634 881 1987 941 persequens,
2003 865 2181 921 adhuc

592 967 659 1027 de
688 966 855 1025 lsrael
892 975 947 1023 et
983 965 1235 1038 gentibus
1261 961 1553 1034 Apostolus
1574 1002 1588 1028 ,
1628 964 1685 1015 et
1723 958 1892 1012 ramis
1922 954 2178 1021 oleastri,

591 1061 685 1133 qui
729 1058 1062 1113 insultabaut
1102 1054 1271 1110 ramis
1312 1052 1470 1107 oliva:
1496 1092 1512 1119 ,
1559 1048 1855 1115 defractis,
1904 1047 2180 1118 imputans

591 1150 756 1206 etiam
776 1149 882 1204 hoc
902 1145 1106 1203 addidit
1130 1164 1143 1199 :
1171 1144 1296 1214 quia
1321 1141 1488 1197 Israel
1510 1140 1807 1197 secundum
1829 1138 2179 1208 Evangelium

591 1239 811 1315 quidem
850 1238 1099 1293 inimicus
1133 1233 1310 1289 factus
1340 1240 1423 1288 est
1453 1230 1596 1296 Deo,
1637 1231 1763 1302 quia
1803 1245 1912 1284 non
1950 1227 2183 1283 credidit

591 1334 844 1392 Christo:
877 1338 1136 1403 quantum
1163 1337 1345 1384 autem
1373 1332 1581 1399 Spectat
1609 1324 1676 1380 ad
1702 1322 2179 1380 honoriﬁcentiam

588 1435 825 1500 patrum,
855 1425 1058 1481 electus
1088 1430 1144 1478 et
1167 1420 1524 1477 charissimus
1551 1417 1785 1472 habetur
1812 1412 1954 1487 apud
1984 1413 2175 1470 Deum.

593 1521 701 1579 Sed
730 1530 783 1578 et
812 1520 955 1592 quod
992 1518 1127 1574 dicit
1152 1536 1163 1572 :
1206 1515 1430 1587 Propter
1459 1531 1578 1580 vos;
1618 1528 1849 1583 quorum
1882 1510 2055 1567 saluti
2074 1509 2180 1566 sci-
2210 1550 2236 1575 ς

588 1610 718 1666 licet
745 1608 1008 1675 invident,
1041 1606 1391 1679 prohibentes
1418 1601 1693 1674 apostolos
1721 1601 1977 1674 gentibus
2005 1600 2177 1670 loqui,

587 1709 645 1757 et
664 1706 1052 1773 persequentes
1072 1696 1164 1768 qui
1186 1694 1513 1750 annuntiant
1536 1692 1835 1749 Christum.
1866 1684 2179 1749 Secundum

518 1788 530 1809 ⁸
588 1793 849 1863 reliquias
877 1807 1025 1855 vero,
1072 1805 1193 1860 quae
1238 1785 1508 1843 salvandze
1554 1784 1830 1850 dicuntur,
1880 1782 1936 1837 in
1981 1782 2180 1852 quibus

588 1850 783 1943 electio
820 1850 1158 1939 credentium
1196 1880 1484 1935 subsecuta
1522 1884 1607 1931 est
1644 1891 1713 1930 ex
1747 1872 1933 1930 Israel.
1966 1850 2183 1927 (I—Izaris-
2208 1850 2260 1919 Β

588 1979 709 2035 simi
731 1987 942 2049 prapter
958 1985 1152 2048 patres.
1183 1973 1424 2041 Quorum
1449 1969 1659 2026 scilicet
1682 1967 1843 2023 ﬁdem
1869 1973 2179 2036 sequentes,

589 2072 821 2129 credunt
866 2068 922 2125 in
964 2084 1089 2125 eum
1133 2067 1227 2137 qui
1273 2065 1561 2121 suscitavit
1594 2062 1873 2118 Christum
1917 2057 2105 2115 Jesum
2150 2073 2182 2113 a

589 2161 837 2219 mortuis.
856 2154 944 2216 Sic
960 2160 1097 2213 enim
1117 2155 1405 2228 aliquando
1426 2164 1475 2209 et
1492 2171 1580 2211 vos
1604 2169 1707 2207 non
1732 2151 2031 2206 credidistis
2048 2151 2178 2204 Deo.-

586 2254 717 2309 Post
738 2253 853 2307 haec
873 2251 1036 2306 etiam
1060 2247 1293 2303 latentes
1311 2254 1367 2301 et
1384 2239 1765 2318 profundiores
1787 2241 2183 2299 incredulitatis

585 2358 773 2399 eorum
801 2338 979 2412 aperit
1000 2354 1218 2403 causas,
1243 2344 1299 2391 et
1323 2337 1490 2391 dicit:
1524 2334 1663 2403 Quia
1690 2334 1835 2389 sicut
1857 2347 1954 2388 vos
1978 2332 2183 2388 Gentes

587 2433 860 2506 quondam
907 2446 1014 2487 non
1063 2428 1372 2486 credebatis
1406 2428 1542 2493 Deo,
1592 2442 1694 2482 nec
1741 2430 1926 2482 tamen
1977 2425 2183 2480 idcirco

585 2526 802 2597 penitus
825 2522 1047 2594 reliquit
1069 2532 1164 2576 vos
1188 2518 1351 2576 Deus.
1387 2517 1494 2574 Sed
1522 2517 1809 2589 aliquando
1841 2514 1910 2570 ad
1939 2514 2183 2571 ultimum

591 2617 1012 2673 misericordiam
1046 2615 1312 2670 consecuti
1355 2614 1479 2668 estis
1518 2620 1730 2685 propter
1758 2609 2184 2664 incredulitatem

588 2710 827 2767 illorum.
880 2704 1108 2765 Occasio
1149 2714 1333 2762 tamen
1374 2703 1717 2761 conferendae
1747 2703 1800 2758 in
1827 2719 1926 2758 vos
1970 2702 2185 2756 miseri-

591 2801 792 2858 cordia:
821 2799 1002 2873 p0puli
1028 2792 1195 2854 Israel
1224 2794 1579 2853 incredulitas
1609 2793 1863 2858 exstitit,
1904 2790 1979 2847 ita
2018 2792 2185 2847 etiam

589 2908 739 2949 nunc
769 2892 823 2947 hi
862 2892 953 2962 qui
983 2890 1049 2945 de
1081 2888 1279 2963 populo
1314 2884 1483 2942 Israel
1518 2902 1627 2940 non
1662 2884 2032 2947 crediderunt,
2074 2890 2185 2937 non

587 3001 760 3057 usque
797 2985 1177 3056 relinquuntur
1214 2981 1267 3037 in
1309 2979 1693 3037 incredulitate
1720 2995 1841 3035 sua.
1878 2976 2184 3048 Postquam

589 3075 944 3147 plenitudinis
1005 3073 1246 3147 gentium
1302 3070 1523 3143 impleta
1584 3068 1752 3125 fuerit
1807 3068 2179 3142 dispensatio,

591 3169 756 3224 etiam
798 3165 903 3239 ipsi
941 3164 1372 3222 misericordiam
1400 3162 1825 3233 consequentur.
1867 3156 1994 3215 Sine
2022 3160 2185 3231 poeni-

592 3262 755 3317 tentia
800 3262 937 3314 enim
983 3266 1105 3313 sunt
1146 3255 1459 3310 donationes
1507 3260 1555 3307 et
1601 3252 1918 3308 vocationes.
1976 3249 2034 3305 Si
2065 3266 2185 3305 cre-

593 3342 846 3419 diderint,
887 3352 990 3408 illis
1031 3366 1137 3405 non
1176 3355 1431 3420 poterunt
1468 3346 1738 3416 imputare
1770 3348 2019 3415 peccata,
2056 3341 2183 3413 quia

594 3447 762 3502 Deum
794 3460 901 3501 non
931 3444 1159 3515 ptenitet
1185 3441 1421 3496 Abrahze
1448 3438 1645 3494 Semini
1672 3432 2014 3508 promisisse.
2045 3432 2185 3489 Con-

594 3536 747 3595 clusit
777 3537 913 3591 enim
939 3534 1081 3589 Deus
1111 3532 1289 3587 omnia
1328 3533 1382 3586 in
1422 3528 1814 3595 incredulitate,
1854 3536 1911 3582 ut
1948 3528 2185 3582 omnium

594 3631 925 3685 misereatur.
977 3625 1093 3681 Non
1124 3625 1177 3679 vi
1209 3624 1447 3688 inclusit,
1481 3622 1574 3679 Sed
1605 3620 1837 3687 ratione,
1868 3634 2005 3692 quos
2036 3620 2187 3675 inve-

595 3724 677 3778 nit
702 3720 754 3776 in
779 3717 1182 3782 incredulitate,
1211 3716 1317 3771 hoc
1344 3723 1428 3771 est
1453 3711 1670 3770 Judmos
1697 3726 1889 3770 omnes
1915 3719 1968 3768 et
1996 3720 2187 3784 gentes

598 3814 884 3877 c‘onelusit,
913 3813 1039 3883 quia
1068 3818 1191 3865 ante
1215 3807 1385 3863 Judaei
1418 3816 1735 3877 peccatores
1762 3814 1975 3862 tantum
2003 3813 2184 3872 erant,

598 3922 705 3962 non
730 3906 894 3960 etiam
920 3903 1131 3975 perﬁdi.
1162 3900 1456 3971 Postquam
1483 3907 1665 3955 autem
1686 3899 1905 3954 Christo
1934 3904 2042 3954 non
2069 3913 2189 3954 crc-

602 3997 875 4061 diderunt,
908 3994 1160 4066 gentibus
1186 3999 1311 4049 sunt
1337 3991 1594 4067 mquales,
1627 3998 1688 4044 ut
1716 4004 1907 4044 omnes
1934 3987 2189 4044 similiter

601 4089 1029 4144 misericordiam
1057 4092 1482 4155 consequantur.
1529 4081 1646 4137 Hoc
1674 4089 1787 4147 est,
1836 4080 2020 4137 omnia
2058 4095 2191 4135 con-

602 4182 827 4239 clusisse
856 4181 912 4235 in
942 4178 1342 4244 incredulitate,
1375 4183 1437 4232 ut
1462 4185 1591 4233 tunc
1616 4176 1898 4232 decretum
1926 4174 2129 4229 donum
2157 4189 2189 4229 a

600 4272 713 4328 Deo
739 4272 989 4338 veniret,
1034 4271 1250 4342 quando
1285 4285 1475 4325 omnes
1502 4267 1799 4325 difﬁdentia
1836 4266 2190 4335 laborarent,

600 4370 663 4419 ut
711 4363 886 4435 gratia
934 4361 1181 4417 muneris
1225 4368 1372 4418 esset
1417 4360 1750 4437 gratissima.
1802 4357 1989 4432 Itaque
2030 4374 2192 4414 nemo

602 4472 662 4514 se
704 4455 871 4526 jactet
901 4474 913 4510 :
948 4456 1210 4511 miserum
1259 4462 1343 4510 est
1390 4454 1537 4510 enim
1571 4453 1865 4526 superbum
1904 4470 2027 4511 esse
2066 4469 2191 4509 eum

604 4554 691 4609 cui
733 4553 976 4623 ignotum
1013 4560 1131 4607 est:
1169 4550 1214 4606 0
1247 4551 1474 4607 altitudo
1504 4550 1811 4606 divitiarum
1840 4550 2112 4622 sapientia:
2142 4556 2190 4601 et

602 4646 838 4702 s'cientiw
889 4644 1006 4701 Dei.
1066 4643 1295 4700 Miratus
1342 4652 1553 4699 tantum
1601 4640 1963 4715 profundum,
2028 4637 2190 4693 nullis

600 4736 1035 4808 prmcezientibus
1082 4735 1296 4790 meritis
1344 4742 1534 4805 gentes
1584 4730 1966 4794 intromissas,
2030 4736 2085 4784 et
2134 4728 2191 4785 in

602 4827 829 4900 perﬁdia
860 4820 1075 4883 Iudaeos
1103 4824 1433 4888 derelictos;
1477 4822 1621 4877 unde
1658 4818 1925 4877 exclamat
1960 4819 2185 4874 dicens:

608 4918 653 4977 Ο
707 4920 931 4975 altitudo
985 4917 1290 4973 divitiarum
1339 4914 1613 4984 sapientia:
1676 4920 1723 4965 et
1790 4910 2021 4965 scientile
2069 4910 2185 4967 Dei.

604 5011 817 5068 Laudat
844 5009 1165 5083 sapientiam
1194 5006 1313 5072 Dei,
1344 5019 1466 5075 quae
1496 5008 1605 5057 tam
1632 5000 1722 5057 diu
1749 5001 2083 5073 exspectavit
2109 5017 2193 5058 se-

606 5103 845 5159 cundum
886 5096 1320 5173 praescientiam,
1366 5093 1540 5148 donec
1582 5107 1773 5148 omnes
1818 5092 2192 5149 misericordia

608 5192 944 5263 indigerent;
980 5196 1041 5242 ut
1074 5183 1388 5239 hominibus
1432 5182 1498 5237 de
1542 5182 1677 5238 falsa
1716 5183 1979 5255 jactantia
2022 5183 2190 5256 gloria

607 5287 908 5343 tolleretur.
948 5274 1236 5336 Excelsum
1265 5284 1321 5333 ct
1347 5276 1673 5333 immensum
1704 5277 1872 5331 Deum
1903 5277 1958 5332 in
1986 5278 2194 5334 divitiis

610 5372 891 5446 sapientia:
912 5377 969 5425 et
990 5366 1232 5423 scientia:
1256 5381 1386 5435 suae,
1405 5382 1531 5424 cum
1550 5368 1698 5423 omni
1720 5367 1877 5424 laude
1898 5370 2195 5441 gratiarum

611 5463 842 5523 actionis
866 5467 1145 5517 testatur:
1190 5467 1275 5517 est
1315 5462 1459 5517 enim
1501 5462 1787 5517 consilium
1835 5469 1893 5517 et
1928 5462 2194 5534 judicium

613 5556 730 5627 ejus
762 5552 1333 5625 lncomprehensibile.
1380 5552 1515 5608 Nam
1558 5555 1627 5609 ab
1666 5553 1821 5609 initio
1857 5553 2036 5610 sciens
2065 5570 2194 5609 con-

610 5648 947 5705 versationes
995 5654 1051 5703 et
1100 5660 1265 5717 opera
1315 5646 1592 5701 hominum
1620 5687 1635 5712 ,
1684 5646 1810 5716 quia
1861 5660 2033 5716 neque
2077 5645 2192 5700 sola

615 5741 903 5797 severitate
938 5737 1162 5811 iustitia:
1204 5739 1403 5795 salvari
1440 5747 1621 5810 posset
1658 5741 1955 5795 humanum
1990 5756 2188 5809 genus,

616 5848 793 5906 neque
833 5836 943 5892 sola
992 5833 1366 5892 misericordia
1412 5833 1481 5891 ad
1522 5832 1828 5905 profectum
1872 5833 2190 5913 meritprum

2280 589 2703 661 praedicandum,
2726 598 2855 645 ante
2879 598 3059 646 tamen
3079 592 3401 662 permittens
3425 608 3873 666 unumquemque

2282 681 2385 737 sibi
2410 700 2422 735 :
2452 682 2581 753 quia
2610 689 2804 737 natura
2835 683 2950 753 ipsa
2980 684 3137 750 duce,
3165 686 3403 756 cognitio
3428 685 3657 757 justitia:
3681 689 3875 746 obtor—

2280 780 2508 843 puerat,
2552 773 2944 829 consuetudine
2982 774 3330 844 delinquendi
3360 777 3485 833 data
3515 777 3604 832 lex
3633 786 3759 846 est,
3808 788 3873 836 ut

2282 863 2578 919 humanum
2608 880 2775 937 genus
2800 866 3024 921 terroris
3049 875 3197 921 metu
3224 866 3342 935 lege
3367 867 3710 925 frenaretur:
3737 872 3872 939 quia

2282 970 2393 1010 non
2425 970 2483 1010 se
2510 955 2826 1011 cohibentes
2869 956 2948 1011 rei
2992 956 3317 1012 tenebantur
3357 973 3389 1013 a
3427 957 3546 1030 lege
3582 960 3868 1031 praedicta.

2283 1045 2654 1103 Misericordia
2684 1054 2769 1103 est
2791 1090 2805 1115 ,
2849 1063 2968 1120 qua:
3000 1049 3069 1103 ad
3102 1064 3162 1103 se
3188 1047 3561 1120 confugientes
3591 1051 3871 1120 salvaret,

2283 1140 2616 1211 refugientes
2637 1148 2815 1195 autem
2843 1148 3075 1195 czeearet
3103 1141 3170 1196 ad
3204 1149 3432 1211 tempus,
3463 1142 3531 1197 ad
3556 1142 3874 1211 promissio-

2282 1247 2409 1287 nem
2438 1246 2625 1287 eorum
2660 1241 2873 1302 gentes,
2902 1248 3021 1305 qua:
3048 1232 3201 1302 prius
3238 1233 3506 1303 justitiam
3544 1233 3642 1290 Dei
3682 1236 3871 1289 datam

2282 1341 2382 1397 per
2408 1323 2623 1397 Moysen
2661 1324 2815 1394 sequi
2855 1323 3176 1389 noluerant,
3222 1324 3526 1390 advocans,
3570 1335 3633 1379 ut
3668 1324 3872 1385 horum

2284 1416 2444 1471 Saluti
2484 1416 2611 1473 dum
2647 1416 2920 1481 invident,
2963 1417 3081 1487 ipso
3120 1415 3237 1471 zelo
3274 1416 3342 1471 ad
3378 1416 3577 1472 radicis
3614 1415 3873 1474 salutaris

2283 1504 2547 1574 Originem
2583 1521 2643 1561 se
2670 1506 3032 1560 reformarent
3062 1505 3317 1576 promissi
3346 1505 3400 1559 in
3428 1503 3567 1577 lege.
3614 1504 3745 1562 Harc
3784 1514 3872 1562 est

2283 1595 2508 1651 altitudo
2552 1599 2859 1654 divitiarum
2905 1600 3175 1673 sapientiae
3223 1609 3271 1654 et
3319 1602 3552 1656 scientiae
3589 1601 3722 1669 Dei,
3775 1604 3871 1673 qui

2283 1692 2396 1744 tam
2433 1688 2645 1746 Judzeos
2686 1707 2849 1762 quam
2895 1700 3084 1764 gentes
3132 1692 3481 1749 manifestata
3524 1695 3870 1765 providentia

2284 1783 2573 1851 acquisivit
2602 1783 2670 1837 ad
2696 1785 2883 1839 vitam.
2917 1784 3282 1841 Considerans
3316 1794 3538 1842 sanctus
3567 1788 3871 1857 apostolus,

2287 1882 2469 1930 tantas
2494 1889 2615 1930 esse
2645 1875 2905 1931 bonitatis
2936 1872 3031 1930 Dei
3064 1876 3301 1944 divitias,
3344 1888 3399 1932 et
3427 1886 3636 1933 tantum
3663 1879 3873 1935 divitiis

2286 1967 2566 2038 sapientia:
2595 1983 2732 2038 opus
2769 1984 2897 2039 erga
2927 1969 3280 2026 rationabiles
3324 1971 3411 2042 agi
3452 1979 3768 2036 creaturas,
3817 1980 3875 2027 et

2285 2062 2431 2133 quod
2460 2068 2668 2116 tantum
2698 2060 2841 2115 Deus
2869 2061 3009 2117 dives
3039 2073 3109 2117 est
3142 2063 3198 2118 in
3226 2063 3609 2129 misericordia,
3650 2070 3705 2120 et
3728 2062 3872 2118 dives

2284 2151 2343 2208 in
2375 2170 2551 2208 omnes
2577 2152 2668 2226 qui
2697 2153 2941 2226 invocant
2971 2171 3124 2220 eum,
3154 2162 3211 2210 et
3240 2163 3403 2210 tantae
3441 2165 3570 2212 sunt
3602 2154 3875 2212 bonitate:

2285 2245 2435 2316 ejus,
2482 2254 2538 2301 et
2572 2223 3045 2317 ionganimitatcs,
3093 2255 3149 2302 et
3176 2248 3493 2318 sapientiae,
3545 2255 3772 2318 repente
3815 2258 3877 2305 ut

2284 2336 2639 2393 interioribus
2660 2352 2755 2393 eas
2777 2339 2956 2394 cordis
2972 2335 3144 2395 oculis
3167 2338 3403 2406 intuens,
3428 2340 3878 2397 immensitatcm-

2284 2442 2391 2498 que
2438 2442 2626 2482 earum
2671 2428 3022 2500 perspiciens,
3079 2438 3303 2503 stupore
3350 2430 3511 2487 simul
3557 2446 3624 2486 ac
3670 2447 3876 2502 pavore

2282 2516 2586 2589 perculsus,
2631 2520 2899 2575 exclamet
2932 2529 2987 2576 et
3023 2522 3206 2578 dicat:
3243 2520 3287 2577 0
3315 2522 3541 2578 altitudo
3568 2522 3873 2579 divitiarum

2284 2610 2558 2682 sapientia:
2599 2619 2648 2665 et
2692 2611 2925 2667 scientiw
2963 2610 3085 2680 Dei,
3133 2631 3290 2687 quam
3336 2612 3704 2670 inscrutabilia
3751 2601 3876 2671 sunt

2286 2702 2488 2757 iudicia
2520 2702 2681 2774 ejus!
2726 2700 2946 2758 Iudicia
2976 2703 3075 2759 Dei
3108 2706 3331 2776 abyssus
3369 2705 3567 2770 multa,
3613 2706 3681 2761 ad
3712 2705 3880 2778 liqui-

2286 2793 2414 2848 dum
2442 2795 2586 2848 enim
2613 2794 2998 2865 comprehendi
3028 2814 3135 2855 non
3174 2807 3421 2872 possunt.
3466 2798 3877 2858 Inscrutabilia.

2287 2885 2359 2942 Ut
2397 2886 2629 2942 scrutari
2660 2886 2868 2959 judicia
2898 2889 3035 2961 ejus,
3068 2890 3265 2961 quitus
3294 2905 3731 2962 unamquamque
3758 2892 3880 2949 ani-

2286 2997 2431 3036 mam
2462 2992 2625 3052 atque
2661 2991 2910 3037 naturam
2951 2980 3325 3039 rationabilem
3355 2982 3668 3059 dispensat,
3712 2997 3878 3039 nemo

2285 3072 2537 3155 sufﬁciat.
2578 3072 2683 3130 Sed
2712 3075 3097 3147 requirendum
3131 3090 3297 3145 quare
3326 3075 3470 3131 dicat
3499 3075 3879 3134 inscrutabilia

2287 3184 2409 3224 esse
2432 3167 2637 3238 judicia
2668 3169 2797 3237 Dei,
2829 3186 2954 3227 cum
2979 3167 3434 3239 Psalmographus
3469 3171 3613 3227 dicat
3639 3190 3653 3227 :
3690 3172 3760 3227 In
3794 3171 3880 3227 la-

2289 3261 2389 3315 biis
2413 3259 2541 3315 meis
2566 3262 2901 3333 pronuntiavi
2926 3263 3100 3316 omnia
3118 3261 3327 3332 judicia
3354 3262 3462 3317 aris
3489 3263 3587 3317 tui.
3622 3263 3703 3319 Ad
3729 3267 3880 3337 quod

2288 3358 2363 3412 ita
2405 3355 2839 3426 respondendum
2879 3362 2984 3413 est.
3038 3354 3173 3413 Nam
3209 3356 3457 3415 addendo
3495 3360 3603 3413 oris
3641 3358 3719 3411 tui
3753 3374 3881 3429 qua

2285 3451 2489 3522 scripta
2519 3457 2646 3506 sunt
2670 3466 2699 3505 a
2727 3448 3040 3521 pmphetis,
3077 3456 3131 3505 et
3159 3464 3279 3519 qua:
3306 3440 3486 3506 facilia
3516 3458 3644 3507 sunt
3672 3452 3741 3506 ad
3781 3453 3875 3508 in-

2285 3541 2634 3613 telligendum
2679 3540 2967 3611 signiﬁcat.
3031 3538 3101 3595 Et
3149 3541 3536 3613 inuestigabiles
3581 3543 3678 3597 via:
3720 3543 3880 3612 ejus,

2286 3634 2394 3691 hoc
2421 3642 2506 3690 est
2532 3634 2791 3706 cogitatio
2820 3634 3287 3711 dispensationum
3316 3636 3464 3705 ejus,
3501 3636 3614 3691 sive
3640 3636 3741 3692 vim
3770 3636 3881 3693 Do-

2287 3725 2455 3793 mini,
2500 3725 2708 3782 scilicet
2739 3724 3116 3785 misericordia
3154 3732 3210 3782 et
3242 3723 3530 3799 judicium.
3577 3727 3707 3792 Quis
3734 3728 3881 3783 enim

2288 3822 2525 3892 cognovit
2549 3837 2757 3877 sensum
2780 3820 2992 3877 Domini
3008 3819 3126 3875 ?An
3151 3834 3313 3877 nemo
3338 3819 3624 3889 cognovit?
3658 3816 3795 3874 Nam
3820 3819 3882 3874 in

2285 3911 2542 3981 praesenti
2573 3911 2686 3981 ipse
2716 3910 2913 3967 Paulus
2941 3910 3177 3974 sciebat,
3222 3909 3313 3978 qui
3354 3909 3477 3963 aliis
3512 3910 3835 3965 ostendebat
3859 3929 3877 3966 :

2288 4002 2404 4058 sive
2430 4003 2546 4057 sine
2572 4001 2688 4071 lege
2715 4002 2882 4070 ipsius
2912 4015 3007 4067 per
3030 4014 3089 4052 se
3116 4012 3276 4053 nemo
3301 3997 3572 4066 cognovit,
3598 3998 3702 4052 hoc
3729 4010 3883 4058 certe

2289 4086 2357 4148 de
2382 4090 2652 4145 creaturis
2677 4090 2845 4144 dicit:
2873 4089 3069 4160 quippe
3098 4087 3185 4141 cui
3212 4085 3346 4145 nihil
3376 4086 3596 4143 sitcum
3622 4099 3881 4149 creatura

2290 4195 2594 4239 commune.
2636 4179 2765 4247 Quis
2792 4180 2928 4235 enim
2962 4178 3200 4248 cognovit
3242 4193 3451 4235 sensum
3476 4177 3740 4237 Domini?
3773 4182 3884 4238 hoc

2290 4277 2345 4334 in
2374 4274 2513 4333 Isaia
2551 4275 2808 4345 scriptum
2846 4273 3097 4331 habetur.
3153 4270 3497 4329 Manifestum
3532 4280 3655 4340 est,
3702 4274 3884 4332 solum

2290 4367 2461 4423 Deum
2493 4380 2614 4422 esse
2642 4364 2735 4435 qui
2772 4364 2923 4419 novit
2948 4361 3128 4419 omnia
3158 4362 3416 4429 consilia,
3457 4370 3511 4419 et
3539 4362 3682 4419 hunc
3708 4378 3885 4420 unum

2291 4474 2412 4514 esse
2440 4457 2530 4528 qui
2559 4456 2755 4512 nullius
2775 4464 2918 4528 eget,
2941 4456 3065 4526 quia
3095 4456 3164 4511 ab
3191 4455 3309 4525 ipso
3327 4463 3454 4513 sunt
3471 4454 3679 4523 omnia,
3702 4463 3758 4510 et
3780 4471 3887 4527 per

2292 4549 2395 4604 hoc
2424 4548 2711 4605 consilium
2739 4547 2855 4617 ejus
2901 4564 2933 4606 a
2976 4547 3126 4604 nullo
3156 4563 3259 4603 nec
3290 4547 3539 4613 metitur,
3584 4562 3687 4605 nec
3726 4562 3883 4603 com-

2296 4636 2674 4710 prehenditur,
2694 4638 2821 4709 quia
2846 4636 3104 4695 inferiora
3130 4637 3425 4709 superioris
3446 4652 3661 4697 sensum
3685 4651 3886 4708 capere

2297 4745 2405 4785 non
2445 4737 2691 4799 possunt.
2736 4729 2982 4800 Denique
3018 4726 3219 4785 .ludazis
3250 4744 3361 4785 non
3396 4727 3740 4785 credentibus
3772 4728 3884 4784 im-

2294 4819 2553 4892 possibile
2576 4819 2877 4884 videbatur,
2900 4820 3184 4876 consilium
3210 4828 3263 4874 et
3287 4819 3616 4873 voluntatem
3640 4818 3737 4873 Dei
3758 4833 3886 4874 esse

2296 4912 2364 4967 ad
2395 4910 2817 4980 redemptionem
2843 4910 3104 4982 gentium.
3157 4908 3335 4985 Simili
3364 4908 3524 4967 modo
3551 4917 3605 4964 et
3628 4908 3885 4979 gentibus

2296 5004 2527 5059 arduum
2556 5010 2611 5056 ct
2638 5002 2972 5057 incredulum
2999 5000 3232 5070 Iudaeos,
3258 5002 3351 5074 qui
3375 5017 3483 5057 non
3509 4999 3884 5070 crediderunt,

2298 5095 2582 5154 Salvatore
2607 5109 2767 5166 posse
2795 5095 3063 5164 converti,
3099 5102 3155 5150 et
3182 5094 3405 5151 credere
3428 5100 3490 5149 ut
3517 5092 3884 5149 salvarentur.

2295 5190 2401 5243 Aut
2428 5189 2543 5262 quis
2569 5187 2903 5243 consiliarius
2928 5188 3041 5259 ejus
3066 5187 3166 5258 fuit
3192 5187 3217 5240 ?
3248 5186 3363 5243 Hoc
3385 5193 3489 5252 est,
3516 5185 3672 5257 quasi
3703 5184 3887 5243 minus

2297 5281 2415 5357 ipse
2444 5282 2669 5339 consilio
2697 5280 2989 5349 sufﬁciens,
3030 5281 3295 5350 indigeret
3326 5279 3579 5347 alterius,
3618 5278 3715 5336 sed
3754 5293 3890 5334 con-

2298 5372 2406 5429 silii
2436 5374 2758 5446 participem
2789 5374 2996 5432 nullum
3028 5371 3245 5443 quidem
3286 5370 3430 5427 inter
3458 5378 3739 5428 creaturas
3763 5384 3888 5427 esse

2298 5468 2656 5538 pronuntiat:
2700 5467 2984 5523 consilium
3011 5480 3142 5520 vero
3171 5464 3401 5535 sapienti
3430 5464 3801 5522 necessarium
3828 5465 3889 5521 in

2300 5561 2569 5633 sapientia
2600 5577 2697 5618 sua
2731 5570 2848 5627 est,
2876 5560 2970 5632 qui
2998 5566 3081 5614 est
3109 5558 3378 5626 Christus,
3413 5566 3469 5615 et
3501 5560 3555 5615 in
3592 5558 3891 5619 sanctitate

2298 5661 2381 5705 est
2411 5652 2647 5723 Spiritus
2675 5661 2915 5707 sanctus.
2964 5649 3070 5705 Aut
3099 5651 3217 5722 quis
3245 5651 3390 5720 prior
3417 5649 3559 5704 dedit
3588 5648 3691 5714 illi,
3721 5659 3773 5703 et
3802 5665 3889 5702 re—

2297 5745 2561 5799 tribuetur
2591 5745 2686 5799 ei?
2733 5742 2902 5799 Nemo
2937 5744 3080 5799 cnim
3113 5742 3317 5815 aliquid
3356 5741 3547 5797 [actori
3592 5756 3691 5796 suo
3736 5739 3891 5810 prior

2297 5836 2560 5905 contulit,
2590 5835 2787 5906 quippe
2815 5850 2937 5892 cum
2967 5835 3133 5893 etiam
3178 5836 3284 5893 hoc
3309 5834 3485 5906 ipsum
3514 5834 3889 5903 unusquisque
