4108 6334
261 500 366 560 109

1391 494 1720 556 COLLECT.
1757 493 1828 551 IN
1862 491 2079 550 nrrsr.
2119 492 2212 551 AD
2247 481 2403 553 nou

261 638 293 678 a
312 618 603 678 Conditore
631 618 884 690 suscepit.
920 615 1183 684 Quoniam
1208 631 1272 671 ex
1295 614 1426 686 ipso,
1452 621 1500 668 et
1524 630 1618 686 per
1641 613 1833 684 ipsum,
1862 612 1916 674 Α
1939 624 2167 680 cerpora
2207 626 2305 667 sua
2333 608 2623 667 exhibeant
2661 608 2887 664 hostiam
2920 607 3202 674 viventem,
3238 614 3506 671 sanetam,

260 725 307 771 et
355 732 411 769 sn
453 715 565 785 ipso
613 723 733 768 sunt
780 712 976 767 omnia.
1035 710 1201 766 Vides
1228 709 1500 780 quomodo
1542 706 1599 762 in
1648 706 1836 761 ultimo

260 807 501 867 ostendit
528 806 669 876 quod
699 807 751 860 in
785 805 1037 861 omnibus
1076 820 1196 875 quae
1238 819 1399 874 supra
1424 802 1634 857 dixerat
1660 815 1840 873 segre-

259 898 471 971 gaverit
503 897 822 969 mysterium
850 896 1154 961 Trinitatis,
1195 909 1320 948 nam
1352 908 1474 948 cum
1501 891 1672 947 dixit:
1706 891 1840 943 Alti-

258 990 385 1043 tudo
416 988 755 1053 divitiarum,
803 985 1019 1041 Patrem
1062 1001 1129 1040 ex
1166 1000 1274 1055 quo
1314 984 1495 1039 omnia
1525 983 1656 1037 dicit
1690 998 1838 1048 esse,

259 1079 566 1152 significat:
614 1088 670 1132 et
709 1076 988 1148 sapientia:
1022 1075 1392 1142 altitudinem,
1427 1075 1689 1147 Spiritum
1716 1092 1841 1132 san-

257 1180 440 1236 ctum,
472 1169 565 1239 qui
596 1169 761 1224 etiam
795 1167 903 1225 alta
931 1166 1026 1222 Dei
1059 1167 1214 1223 novit
1242 1176 1297 1222 et
1323 1166 1582 1223 declarat.
1614 1165 1841 1221 Verum-

258 1272 442 1321 tamen
469 1262 612 1332 quod
642 1261 795 1327 dicit,
841 1278 905 1318 ex
931 1264 1067 1333 ipso,
1113 1263 1218 1317 hoc
1260 1263 1435 1333 ipsum
1468 1262 1609 1334 quod
1655 1278 1841 1318 sumus

258 1354 499 1419 indicat;
537 1370 630 1425 per
653 1353 824 1423 ipsum
860 1362 1068 1420 autem,
1110 1355 1253 1424 quod
1287 1370 1384 1426 per
1411 1353 1526 1424 ejus
1551 1354 1840 1425 providen-

258 1442 393 1497 tiam
431 1443 809 1513 dispensamur
838 1443 893 1498 in
921 1445 1065 1507 vita;
1110 1445 1164 1498 in
1194 1445 1305 1514 ipso
1334 1459 1497 1511 vero,
1538 1444 1681 1514 quod
1719 1460 1844 1513 pcr-

257 1531 426 1589 fectio
453 1535 724 1602 omnium,
757 1543 813 1588 et
841 1534 965 1590 ﬁnis
992 1536 1046 1590 in
1082 1534 1198 1606 ipso
1227 1536 1362 1601 erit,
1398 1543 1527 1590 tunc
1550 1550 1675 1590 cum
1704 1536 1843 1589 Dens

259 1629 367 1681 erit
394 1627 574 1685 omnia
604 1628 658 1685 in
687 1627 957 1682 omnibus.
996 1626 1080 1682 Ab
1113 1627 1230 1698 ipso
1260 1628 1437 1683 omnis
1466 1637 1715 1683 creatura
1752 1643 1843 1683 ac-

258 1720 395 1789 cipit
418 1719 627 1776 initium
646 1761 661 1788 ,
686 1727 743 1776 et
769 1736 865 1791 per
893 1722 1068 1793 ipsum
1097 1722 1321 1793 regitur,
1358 1731 1411 1777 et
1440 1722 1491 1776 in
1520 1722 1635 1794 ipso
1661 1721 1842 1778 omnia

259 1808 679 1875 concluduntur,
719 1826 822 1866 nec
861 1811 974 1882 ipse
1003 1812 1313 1867 continetur
1354 1813 1424 1867 ab
1460 1812 1589 1867 ullo.
1640 1811 1708 1867 In
1745 1828 1844 1866 ste-

260 1900 404 1956 cula.
456 1901 685 1973 Propter
713 1901 818 1957 hoc
844 1904 987 1972 quod
1031 1902 1291 1973 perfectio
1325 1904 1567 1958 omnium
1611 1919 1719 1958 non
1762 1902 1844 1957 in-

1937 700 2227 773 placentem
2255 701 2386 756 Deo.
2426 699 2686 757 Viventem
2717 701 2847 757 dicit
2873 701 3129 766 hostiam,
3160 715 3281 771 quae
3308 699 3507 764 vitam,

1938 793 2043 848 hoc
2070 800 2153 848 est
2178 793 2475 859 Christum,
2504 794 2557 847 in
2588 806 2646 848 se
2675 792 2842 865 gerit;
2879 802 3115 848 sanctam
3144 790 3293 857 dicit,
3321 789 3376 844 in
3404 803 3513 859 qua

1940 882 2175 955 Spiritus
2219 894 2438 941 sanctus
2482 887 2732 954 habitat,
2782 895 2841 942 ut
2878 884 3165 957 Apostolus
3212 883 3385 939 dicit:
3428 882 3513 936 An

1939 979 2149 1032 nescitis
2184 977 2309 1050 quia
2349 978 2597 1049 templum
2629 979 2723 1034 Dei
2750 980 2902 1045 estis,
2939 987 2989 1033 et
3028 976 3260 1050 Spiritus
3298 985 3514 1031 sanctus

1940 1066 2139 1120 habitat
2166 1067 2222 1120 in
2247 1065 2388 1120 vobis
2408 1067 2434 1119 ἵ
2470 1065 2771 1123 Placentem
2798 1068 2931 1135 Deo,
2968 1077 3030 1123 ut
3064 1078 3191 1139 pote
3218 1083 3249 1122 a
3272 1067 3515 1137 peccatis

1939 1165 1997 1214 et
2022 1158 2167 1213 vitiis
2196 1165 2523 1230 separatam.
2579 1158 2703 1215 Haec
2738 1168 2919 1215 autem
2957 1160 3138 1215 omnia
3176 1156 3516 1215 rationabilis

1941 1258 2025 1306 est
2054 1251 2231 1306 cultus
2258 1251 2373 1306 Dei.
2420 1249 2607 1305 Potest
2641 1253 2787 1306 enim
2815 1266 2914 1322 pro
2943 1250 3036 1305 tali
3066 1249 3213 1307 cultu
3248 1249 3399 1305 reddi
3427 1263 3517 1303 ra-

1941 1347 2048 1415 tio,
2093 1357 2148 1403 et
2185 1348 2395 1403 ostendi
2436 1349 2562 1418 quia
2602 1348 2819 1420 dignum
2862 1357 2945 1405 est
2983 1350 3094 1405 Deo
3136 1349 3271 1405 tales
3313 1348 3517 1404 hostias

1941 1438 2224 1494 immolare
2251 1458 2263 1493 :
2308 1440 2507 1494 arietes
2538 1449 2749 1507 autem,
2790 1448 2845 1496 et
2879 1441 3083 1507 hircos,
3111 1448 3166 1496 et
3192 1440 3387 1495 vitulos
3417 1440 3517 1494 im-

1942 1532 2156 1586 mortali
2194 1539 2250 1586 ct
2291 1532 2611 1602 incorporeo
2650 1531 2764 1586 Deo
2804 1530 2987 1586 offerri
3010 1572 3025 1599 ,
3068 1531 3215 1587 nulla
3255 1533 3393 1586 ratio
3422 1531 3516 1586 bo-

1920 1628 2096 1679 'nesta
2124 1622 2271 1677 sinit.
2306 1621 2375 1675 Et
2403 1621 2561 1676 nolite
2590 1621 2912 1693 conformari
2936 1623 3057 1676 huic
3083 1621 3293 1677 stecufo.
3327 1622 3385 1677 ln
3411 1637 3520 1693 quo

1942 1713 2184 1768 ostendit
2224 1727 2345 1768 esse
2390 1712 2683 1783 quamdam
2725 1712 2953 1768 formam
2993 1713 3153 1785 hujus
3193 1714 3376 1770 saeculi
3402 1755 3417 1780 ,
3466 1722 3523 1768 et

1942 1803 2104 1858 aliam
2124 1817 2245 1859 esse
2265 1803 2444 1859 szeculi
2465 1802 2653 1859 futuri.
2677 1803 2811 1859 Vide
2830 1819 2961 1876 ergo
2981 1819 3049 1859 ne
3070 1803 3210 1860 forte
3232 1821 3354 1860 cum
3374 1805 3524 1860 venit

1944 1894 2024 1950 ira
2063 1897 2117 1951 in
2154 1912 2248 1952 cor
2276 1908 2461 1964 tuum,
2504 1897 2838 1952 conformem
2866 1906 2920 1952 te
2944 1896 3107 1953 faciat
3143 1897 3270 1953 huic
3304 1898 3519 1954 saeculo.

260 1998 347 2045 tra
377 2007 541 2046 unum
565 1971 830 2047 saeculum
856 1971 1219 2055 concluditur,
1245 1993 1337 2046 sed
1364 1992 1416 2045 in
1446 1993 1611 2045 multa
1633 2000 1849 2061 proten—
1874 1971 1925 2034 Β
1954 1985 2217 2043 Similiter
2241 2000 2420 2044 autem
2450 1996 2506 2044 et
2534 1990 2971 2060 concupiscentia
3002 1989 3166 2056 mala,
3194 1998 3250 2045 et
3273 1991 3522 2057 avaritia,

259 2084 429 2140 ditur.
476 2085 662 2140 Amen.
720 2084 795 2141 Ut
842 2083 1207 2155 intelligamus
1251 2098 1349 2153 per
1396 2083 1543 2138 illum
1583 2085 1652 2138 ad
1690 2084 1850 2138 istam

254 2175 655 2235 beatitudinem
692 2175 1052 2241 veniendum,
1098 2175 1167 2231 de
1211 2168 1319 2245 qua
1361 2176 1624 2246 scriptum
1667 2183 1752 2231 est
1793 2175 1849 2230 in

251 2266 612 2340 Apocalypsi.

865 2355 1093 2412 CAPUT
1130 2354 1245 2412 XII.

336 2448 567 2506 Obsecro
614 2449 810 2519 itaque,
860 2446 1074 2517 fratres,
1125 2464 1218 2519 per
1260 2446 1677 2502 misericordiam
1723 2447 1843 2504 Dei.

257 2544 383 2601 Non
413 2558 509 2614 per
533 2541 759 2599 salutem
790 2539 1005 2595 illorum
1026 2581 1040 2605 ,
1065 2553 1242 2610 neque
1267 2556 1367 2610 per
1390 2538 1664 2595 Christum
1692 2541 1849 2597 obse-

261 2624 405 2703 crat,
431 2635 677 2707 quamvis
704 2632 1081 2693 misericordia
1106 2632 1201 2689 Dei
1228 2633 1281 2688 in
1306 2632 1523 2690 Christo
1550 2634 1640 2699 sit,
1666 2642 1849 2690 tamen

264 2744 366 2800 per
391 2727 819 2785 misericordiam
850 2725 945 2782 Dei
972 2733 1092 2780 orat
1116 2725 1255 2791 illos,
1296 2742 1392 2795 per
1417 2741 1575 2796 quam
1606 2742 1670 2780 ex
1702 2741 1849 2781 mor-

260 2819 373 2874 tuis
394 2818 575 2873 vivere
595 2823 894 2886 cmperunt,
918 2823 979 2870 ut
999 2829 1267 2870 memores
1287 2814 1405 2886 ejus
1430 2814 1658 2870 sollicite
1685 2822 1847 2885 agant

262 2912 414 2967 circa
439 2909 760 2980 obsequium
786 2908 903 2980 ejus
933 2923 963 2962 a
990 2922 1096 2979 quo
1123 2906 1229 2963 illis
1255 2908 1377 2963 data
1405 2915 1521 2975 est,
1562 2923 1661 2978 per
1686 2923 1847 2979 quem

262 3018 335 3060 ex
372 3003 552 3074 impiis
592 3002 763 3073 gratis
797 2999 1073 3068 iustiﬁcati
1115 3007 1260 3054 sunt.
1315 2998 1450 3056 Cum
1494 3016 1591 3070 per
1632 3015 1849 3056 omnem

263 3102 473 3153 textum
496 3093 749 3167 Epistulae
775 3092 829 3147 in
860 3091 1228 3165 superioribus
1256 3091 1527 3147 docuisset
1549 3091 1838 3163 Apostolus

262 3186 533 3259 quomodo
561 3201 591 3241 a
621 3182 820 3239 Judzeis
867 3183 937 3237 ad
981 3190 1191 3255 gentes,
1239 3197 1270 3236 a
1318 3181 1732 3238 circumcisione
1780 3183 1847 3238 ad

263 3278 447 3343 ﬁdem,
478 3293 508 3332 a
533 3277 711 3333 littera
740 3277 806 3333 ad
834 3276 1104 3347 spiritum,
1135 3275 1203 3329 ab
1228 3276 1421 3329 umbra
1447 3276 1515 3331 ad
1536 3276 1844 3341 veritatem,

264 3373 335 3429 ab
362 3370 704 3429 observantia
733 3369 937 3425 carnali
968 3370 1035 3424 ad
1060 3368 1464 3424 observantiam
1507 3368 1846 3438 spiritualem

264 3461 544 3534 religionis
571 3475 781 3517 summa
814 3457 1070 3514 translata
1098 3459 1201 3525 sit,
1232 3465 1286 3513 et
1313 3458 1431 3513 haec
1460 3457 1535 3513 ita
1564 3458 1632 3512 ad
1663 3457 1845 3513 futura

261 3558 595 3631 propheticis
612 3557 835 3613 vocibus
855 3555 1182 3609 ostendisset
1206 3553 1490 3626 designata
1516 3571 1528 3607 :
1555 3551 1672 3621 jam
1701 3568 1848 3609 nunc

266 3648 569 3720 spiritualis
604 3646 764 3716 hujus
802 3645 1197 3710 observantize,
1242 3645 1309 3699 ad
1346 3661 1509 3714 quam
1546 3646 1721 3701 cultus
1750 3644 1847 3699 Dei

266 3739 440 3794 ritum
471 3737 653 3792 docuit
679 3752 796 3793 esse
832 3735 1185 3801 translatum,
1229 3736 1541 3807 aggreditur
1569 3751 1750 3791 mores
1793 3744 1850 3791 et

263 3830 517 3886 instituta
545 3829 770 3893 sancire,
799 3836 855 3882 et
880 3829 954 3883 ait
980 3842 993 3881 :
1029 3824 1254 3881 Obsecro
1285 3827 1457 3898 itaque
1485 3842 1594 3893 vos,
1630 3827 1844 3897 fratres,

262 3937 360 3993 per
402 3918 813 3974 misericordiam
858 3917 975 3970 Dei.
1035 3916 1100 3969 Et
1142 3916 1259 3971 haec
1300 3915 1500 3982 doceo,
1544 3931 1652 3970 non
1691 3916 1847 3986 quasi

264 4013 575 4081 imperans:
612 4009 746 4065 nihil
775 4010 919 4065 enim
956 4009 1170 4081 proﬁcit
1210 4010 1345 4084 legis
1384 4010 1706 4082 imperium,
1752 4012 1848 4067 sed

264 4104 421 4177 quasi
445 4104 534 4173 qni
557 4102 792 4157 ofﬁcium
817 4103 1152 4173 suscepimus
1174 4104 1573 4159 reconciliando
1593 4121 1690 4160 vos
1711 4106 1842 4161 Deo.

265 4197 407 4266 Quid
452 4206 535 4253 est
582 4206 765 4253 autem
809 4200 952 4268 quod
994 4215 1092 4255 vos
1135 4199 1401 4255 obsecro?
1450 4197 1516 4254 Ut
1562 4201 1846 4255 exhibeatis

264 4308 487 4360 corpora
514 4300 682 4345 vestra
711 4291 937 4345 hostiam
965 4293 1214 4346 viventem
1232 4332 1247 4357 ,
1291 4301 1526 4345 sanctam
1546 4332 1560 4353 ,
1590 4290 1701 4345 Deo
1731 4291 1848 4361 pla-

264 4392 504 4447 centem;
541 4398 647 4438 non
675 4382 1021 4448 animalium,
1066 4382 1209 4438 sicut
1247 4382 1303 4438 in
1328 4382 1500 4438 veteri
1538 4382 1685 4453 lege,
1726 4397 1846 4451 qua:

267 4484 466 4539 tamen,
499 4474 628 4531 licet
654 4475 708 4529 in
735 4473 904 4545 ﬁgura
934 4472 1149 4537 ﬁerent,
1178 4473 1522 4529 immaculata
1551 4472 1849 4529 offerebant

264 4574 322 4625 et
346 4567 487 4623 viva.
531 4565 860 4625 Rationabile
887 4565 1185 4637 obsequium
1217 4575 1463 4623 vestrum.
1512 4564 1683 4621 Omne
1709 4580 1845 4635 opus

261 4661 466 4717 bonum
501 4668 627 4714 tunc
652 4658 829 4729 placet
856 4657 993 4722 Deo,
1040 4656 1088 4712 si
1129 4656 1521 4712 rationabiliter
1553 4656 1683 4711 ﬁat:
1718 4671 1844 4711 nam

1868 4702 1923 4765 D

1949 2088 2250 2150 ceteraque
2278 2080 2474 2149 quibus
2511 2095 2751 2151 prmsens
2790 2082 3045 2137 saaculum
3072 2082 3386 2148 delectatur,
3414 2080 3525 2135 for-

1948 2184 2095 2225 mam
2124 2171 2219 2225 tibi
2250 2170 2428 2226 saeculi
2454 2173 2737 2243 praesentis
2765 2173 3061 2243 imponant.
3100 2173 3158 2229 Si
3182 2190 3314 2230 vero
3338 2190 3370 2230 e
3397 2190 3525 2230 con-

1948 2259 2121 2315 trario
2152 2260 2529 2326 mansuetudo,
2572 2261 2853 2330 patientia,
2897 2260 3115 2328 lenitas,
3156 2264 3520 2327 continentia,

1947 2348 2111 2416 ﬁdes,
2142 2352 2342 2404 veritas
2371 2360 2693 2420 exterasque
2721 2351 2950 2406 virtutes
2981 2352 3227 2409 habitent
3264 2353 3321 2408 in
3366 2369 3525 2409 sensu

1947 2452 2063 2512 tuo,
2093 2445 2429 2501 eonformem
2461 2454 2514 2501 te
2540 2446 2708 2500 futuri
2737 2445 2921 2501 saeculi
2949 2444 3174 2511 facient,
3218 2455 3275 2503 et
3308 2449 3383 2503 ita
3408 2449 3526 2518 pul-

1947 2537 2135 2593 chram
2164 2539 2357 2593 animae
2386 2546 2494 2593 tuae
2522 2538 2756 2609 speciem
2786 2538 3045 2605 reddent,
3076 2548 3137 2595 ut
3162 2538 3401 2596 Verbum
3430 2542 3524 2597 Dei

1946 2648 2056 2704 quo
2080 2634 2375 2704 despondet
2398 2647 2516 2689 eam
2544 2631 2645 2687 sibi
2674 2632 2729 2686 in
2755 2631 3130 2687 misericordia
3153 2639 3210 2687 et
3232 2631 3359 2700 ﬁde,
3383 2632 3527 2688 dicat

1950 2726 2016 2781 ad
2043 2741 2198 2782 eam:
2236 2724 2369 2780 Tota
2406 2741 2459 2779 es
2495 2724 2750 2796 formosa,
2787 2725 3028 2797 proxima
3064 2740 3203 2790 mea,
3243 2734 3293 2780 et
3317 2724 3526 2779 macula

1950 2834 2059 2873 non
2086 2825 2161 2872 est
2190 2816 2245 2871 in
2271 2826 2319 2871 te
2349 2814 2525 2890 (Cant.
2555 2816 2652 2890 tv).
2698 2814 2804 2872 Sed
2834 2814 3196 2887 reformamini
3220 2816 3277 2871 in
3302 2817 3528 2871 novitate

1949 2924 2133 2963 sensus
2162 2907 2334 2962 vestri.
2390 2907 2701 2962 Renovatur
2746 2913 2929 2961 autem
2975 2921 3167 2963 sensus
3212 2915 3398 2962 noster
3432 2922 3529 2979 per

1951 2998 2212 3055 exercitia
2242 2998 2545 3070 sapientim,
2585 3010 2641 3052 et
2670 2998 3076 3055 meditationem
3102 2998 3266 3055 Verbi
3294 2999 3426 3065 Dei,
3474 3006 3529 3055 et

1950 3086 2085 3160 legis
2113 3087 2228 3157 ejus
2257 3083 2663 3159 intelligentiam
2693 3088 3023 3159 spiritalem,
3067 3097 3122 3147 et
3162 3099 3366 3162 quanto
3405 3092 3529 3164 quis

1952 3179 2189 3251 quotidie
2219 3194 2287 3235 ex
2317 3179 2723 3252 Scripturarum
2751 3184 2967 3255 proﬁcit
2995 3184 3255 3252 lectione,
3295 3196 3527 3258 quanto-

1953 3288 2060 3343 que
2090 3273 2253 3329 altius
2282 3273 2588 3332 intellectus
2607 3274 2724 3345 ejus
2748 3279 2975 3345 accedit,
2997 3287 3151 3333 tanto
3172 3279 3362 3334 novior
3386 3296 3528 3335 sem-

1947 3379 2048 3436 per
2077 3364 2330 3422 ellicitur.
2364 3364 2517 3432 Quod
2541 3368 2754 3436 bonum,
2778 3378 2826 3424 et
2846 3368 3123 3440 placitum,
3147 3379 3194 3424 et
3215 3369 3523 3441 perfectum.

1949 3456 2066 3514 Hoc
2093 3467 2207 3526 est,
2251 3461 2394 3531 quod
2420 3460 2620 3517 bonum
2653 3462 2757 3529 sit,
2800 3475 2855 3518 et
2894 3463 3121 3529 melius,
3150 3471 3206 3518 et
3229 3464 3491 3535 optimum
3511 3505 3527 3532 ,

1947 3550 2097 3605 verbi
2125 3567 2288 3606 causa
2314 3570 2326 3605 :
2360 3550 2567 3608 Bonum
2598 3554 2938 3626 coniugium,
2968 3553 3161 3609 melius
3187 3564 3366 3609 autem
3398 3572 3529 3611 con-

1947 3642 2196 3709 tinentia,
2223 3644 2486 3713 optimum
2505 3647 2807 3716 virginitas.
2842 3647 2974 3701 Dico
3000 3647 3138 3701 enim
3162 3664 3257 3718 per
3274 3648 3528 3719 gratiam,

1948 3752 2065 3808 qute
2101 3737 2227 3790 data
2266 3746 2341 3791 est
2378 3738 2527 3792 mihi.
2582 3738 2891 3794 Prohibitus
2939 3739 3174 3794 humana
3218 3740 3482 3811 sapientia
3509 3783 3527 3810 ,

1948 3842 2070 3897 quae
2103 3834 2301 3897 praeter
2325 3826 2498 3899 legem
2538 3835 2653 3895 est,
2700 3846 2806 3884 non
2844 3845 3006 3886 sensu
3034 3831 3257 3903 proprio
3287 3833 3433 3903 loqui
3469 3848 3528 3890 se

1949 3916 2115 3981 dicit,
2150 3917 2243 3971 sed
2274 3918 2597 3974 auctoritate
2624 3921 2810 3992 gratia:
2835 3922 3148 3992 spiritualis.
3196 3923 3324 3982 Hazc
3350 3927 3526 3998 gratia

1945 4009 2142 4080 peritia
2174 4009 2493 4080 intelligitur
2531 4012 2790 4068 doctrina:
2836 4014 3165 4079 Dominicae,
3219 4031 3317 4087 per
3360 4030 3528 4086 quam

1947 4101 2238 4157 humilitati
2260 4104 2579 4159 studendum
2603 4105 2784 4159 tradit.
2817 4104 3116 4162 Videndum
3138 4107 3365 4179 estquia
3387 4106 3529 4166 Pau-

1946 4194 2062 4260 lus,
2102 4196 2240 4250 sicut
2279 4203 2333 4250 et
2367 4195 2505 4252 alias
2533 4198 2693 4264 dicit,
2737 4214 2840 4253 non
2877 4200 2933 4253 in
2966 4202 3219 4256 suasoriis
3255 4202 3528 4272 sapientia:

1948 4285 2177 4340 carnalis
2213 4286 2409 4353 verbis,
2446 4287 2539 4342 sed
2577 4303 2675 4358 per
2711 4289 2945 4360 gratiam
2972 4306 3093 4360 qua:
3119 4291 3222 4347 sibi
3251 4292 3375 4347 data
3409 4301 3525 4360 est,

1947 4379 2208 4449 loquitur.
2263 4380 2360 4435 Est
2402 4379 2548 4435 enim
2596 4380 2761 4436 multa
2804 4379 3111 4437 differentia
3155 4398 3254 4453 per
3296 4384 3527 4454 gratiam

1947 4471 2254 4542 loquentis,
2311 4480 2366 4527 et
2408 4489 2507 4544 per
2546 4475 2839 4529 humanam
2888 4474 3226 4544 sapientiam.
3284 4473 3528 4547 Denique

1948 4571 2285 4632 compertum
2327 4569 2445 4626 est,
2501 4563 2785 4619 nonnullos
2828 4563 3143 4635 eloquentes
3188 4572 3243 4622 et
3286 4567 3528 4625 eruditos

1945 4655 2122 4721 viros,
2154 4669 2278 4708 cum
2304 4652 2471 4708 multa
2501 4654 2556 4709 in
2582 4652 2841 4711 Ecclesiis
2871 4655 3141 4725 dixerint,
3170 4665 3227 4715 et
3252 4658 3526 4732 ingentem

265 4752 407 4815 alias
447 4751 693 4807 mercede
729 4750 1007 4825 privatur:
1056 4757 1116 4802 ut
1157 4756 1283 4819 pote
1330 4748 1375 4804 si
1418 4748 1538 4817 quis
1562 4746 1842 4802 hominum
1868 4746 1921 4765 "
1948 4747 2197 4817 plausum
2227 4746 2400 4803 laudis
2429 4748 2771 4818 acceperint,
2803 4749 3075 4806 neminem
3103 4758 3280 4809 tamen
3311 4754 3524 4811 audito-

261 4856 434 4899 causn
470 4839 701 4911 jejunet,
750 4841 950 4896 bonum
980 4838 1300 4909 obsequium
1336 4838 1651 4906 insipienter
1692 4835 1839 4892 facit.

263 4933 599 5004 Obsequium
640 4934 730 4990 hic
772 4932 975 4987 cultum
1009 4931 1173 4999 dicit,
1215 4931 1309 5002 qui
1346 4930 1554 4997 cultus,
1588 4930 1844 5000 quoniam

263 5026 468 5087 dudum
508 5026 564 5083 in
600 5024 923 5095 corporibus
961 5024 1256 5078 multorum
1298 5037 1555 5095 pecorum
1582 5022 1845 5078 consiste-

262 5117 390 5182 bat,
433 5132 607 5182 nunc,
648 5115 856 5186 inquit,
886 5114 943 5169 in
971 5129 1199 5183 corpore
1224 5114 1565 5171 rationabilis
1609 5114 1844 5169 hominis

262 5208 544 5272 offeratur,
589 5216 646 5265 et
683 5222 912 5280 corpora
955 5206 1129 5279 magis
1163 5214 1345 5261 vestra
1386 5222 1545 5277 quam
1587 5210 1847 5278 pecorum

262 5302 402 5359 ﬁant
433 5301 761 5363 sacriﬁcium
802 5299 927 5355 Deo.
977 5297 1084 5359 Pro
1109 5297 1316 5365 viribus
1345 5309 1525 5353 autem
1553 5299 1848 5369 explanare

265 5398 599 5463 tentabimus
629 5393 897 5464 quomodo
936 5392 1306 5465 unusquisque
1348 5390 1655 5451 rationabili
1688 5392 1847 5448 obse-

260 5490 396 5563 quio
423 5489 602 5547 cultus
640 5486 740 5543 Dei
777 5485 1115 5545 exbibcatur.
1167 5484 1228 5540 Si
1266 5483 1573 5555 superbiam
1605 5485 1848 5554 corporis

262 5584 355 5649 sui
375 5584 585 5651 vincat,
608 5580 854 5643 immolat
877 5580 1133 5644 vitulum;
1165 5577 1573 5649 siiracnndiam
1604 5585 1842 5648 superet,

262 5676 499 5737 arietem
516 5673 771 5745 jugulat;
818 5671 865 5729 si
903 5671 1177 5735 libidinem
1205 5671 1423 5735 vincat,
1472 5667 1843 5729 holocaustum

261 5764 425 5826 offert
475 5765 722 5829 hircum;
772 5762 817 5821 si
864 5777 1028 5833 vagos
1077 5769 1132 5816 et
1176 5760 1413 5816 lubricos
1458 5759 1845 5829 cogitationum

264 5863 480 5912 resecet
506 5854 747 5919 volatus,
785 5853 1062 5911 columbas
1098 5859 1151 5907 et
1186 5859 1426 5907 turtures
1464 5849 1842 5923 immolaverit.

264 5945 422 6001 Nune
445 5953 628 6002 autem
649 5943 848 6001 Paulus
869 5945 1119 6000 obsecrat
1146 5943 1200 5998 in
1221 5942 1438 5999 Christo
1459 5940 1761 6007 credentes,
1776 5949 1846 6015 [ut

1950 4853 2069 4891 rum
2097 4851 2162 4891 ex
2194 4837 2279 4892 bis
2304 4852 2422 4906 quae
2451 4838 2595 4893 dicta
2630 4845 2793 4906 sunt,
2838 4840 3305 4911 compunctionem
3345 4845 3526 4903 cordis

1950 4928 2218 5000 accipere,
2244 4944 2343 4984 nec
2364 4928 2628 5000 proﬁcere
2654 4931 2721 4986 ad
2741 4929 2920 4997 ﬁdem,
2942 4948 3043 4990 nec
3062 4933 3131 4989 ad
3157 4934 3406 4989 timorem
3422 4936 3525 4993 Dei

1950 5019 2166 5076 incitari
2198 5041 2210 5074 :
2249 5038 2391 5094 saepe
2420 5033 2603 5079 autem
2629 5025 2776 5082 viros
2804 5040 2913 5083 non
2932 5042 3152 5100 .magnae
3181 5027 3520 5101 eloquentia,

1949 5131 2051 5170 nec
2082 5116 2456 5186 compositioni
2486 5118 2755 5177 sermonis
2782 5116 3080 5187 studentes,
3110 5121 3290 5176 verbis
3318 5120 3524 5193 simpli-

1949 5207 2101 5264 cibus
2139 5216 2195 5264 et
2233 5208 2605 5280 incompositis
2630 5209 2829 5268 multos
2854 5209 3150 5268 inﬁdelium
3181 5221 3518 5272 convertere.

1947 5297 2191 5369 Denique
2219 5300 2479 5375 scriptum
2503 5308 2588 5358 est
2614 5302 2742 5373 quia
2768 5310 2823 5358 et
2845 5300 3047 5373 Ioseph
3074 5303 3266 5359 invenit
3293 5308 3521 5377 gratiam

1947 5393 2004 5447 in
2049 5402 2325 5465 conspectu
2372 5395 2624 5467 principis
2672 5396 2917 5461 carceris,
2969 5401 3027 5450 et
3068 5392 3267 5452 Esther
3312 5397 3522 5457 invenit

1948 5484 2179 5557 gratiam
2210 5485 2353 5555 apud
2381 5500 2584 5557 regem.
2621 5486 2940 5555 Reperimus
2968 5493 3151 5543 autem
3175 5504 3275 5546 nos
3302 5490 3359 5547 in
3385 5508 3520 5564 (μον

1947 5572 2073 5630 dam
2099 5575 2393 5632 secretiore
2423 5576 2602 5633 libello
2633 5576 3057 5645 Scripturarum,
3085 5580 3243 5649 quasi
3266 5583 3518 5655 angelum

1945 5667 2233 5737 quemdam
2262 5668 2484 5738 gratim,
2532 5668 2625 5741 qui
2663 5667 2833 5725 etiam
2862 5668 3183 5727 vocabulum
3228 5687 3295 5729 ex
3343 5675 3519 5745 gratia

1947 5761 2229 5817 traheret?
2269 5761 2509 5817 Anacbel
2535 5760 2675 5815 enim
2705 5758 2923 5827 dicitur,
2957 5764 3101 5834 quod
3130 5753 3539 5833 interpretatur.

1944 5853 2119 5925 gratia
2150 5853 2263 5909 Dei.
2321 5852 2432 5906 lloc
2475 5867 2603 5921 ergo
2648 5851 2925 5923 Scriptura
2970 5855 3060 5909 illa
3101 5856 3340 5911 continet
3371 5857 3515 5927 quod

1948 5942 2147 5998 missus
2174 5950 2319 5997 esset
2347 5957 2376 5995 a
2404 5942 2627 5998 Domino
2657 5942 2757 5999 iste
2782 5943 3003 6014 angelus
3032 5944 3098 5998 ad
3124 5943 3338 6005 Esther.
3370 5953 3429 5997 ut
3458 5946 3510 6000 ei

3409 488 3512 549 H6
3608 542 3615 555 ρ
