4108 6334
620 438 719 501 111

2002 430 2270 489 SEDULll
2310 429 2504 487 SCOTl

3739 430 3846 488 H2

592 554 819 624 gratiam
842 555 996 610 daret
1020 553 1169 626 apud
1189 567 1392 626 regem.
1424 553 1720 609 Videamus
1751 549 1880 620 quid
1910 553 1995 604 est
2022 545 2165 617 quod
2193 546 2247 608 Α
2271 527 2505 600 studium
2533 560 2661 616 erga
2686 542 3004 614 sapientiam
3032 543 3127 600 Dei
3149 551 3203 599 et
3230 543 3531 600 doctrinam
3567 543 3722 600 verbi
3748 545 3847 601 ad-

592 661 691 716 per
735 646 967 718 gratiam
1018 660 1137 717 quae
1186 646 1310 701 data
1361 652 1447 700 est
1494 643 1598 699 sibi
1645 640 1932 712 Apostolus
1980 639 2159 693 dicit:

593 735 849 793 Omnibus
874 739 963 810 qui
988 747 1107 792 sunt
1137 740 1274 792 inter
1300 753 1409 803 vos,
1438 752 1540 789 non
1566 733 1707 805 plus,
1739 732 1933 803 inquit,
1962 746 2161 800 sapere,

592 847 750 902 quam
775 840 972 901 oportet
998 846 1206 903 sapere,
1249 830 1340 884 sed
1373 844 1552 899 sapere
1580 826 1648 880 ad
1677 826 2028 880 sobrietatem.
2069 821 2165 876 Vi-

592 922 751 977 detur
791 922 969 977 adhuc
1005 923 1072 977 ad
1111 921 1480 992 superbientes
1523 931 1702 973 ramos
1726 914 1971 979 oleastri,
1998 921 2053 967 et
2079 912 2165 966 in-

593 1014 862 1071 sultantes
881 1014 1049 1069 ramis
1070 1013 1163 1084 qui
1185 1013 1252 1067 de
1268 1013 1409 1065 bona
1428 1009 1568 1065 oliva
1588 1006 1815 1063 detracti
1837 1011 1982 1070 sunt,
2002 1004 2167 1058 etiam

592 1105 739 1161 hunc
763 1112 951 1176 aptare
978 1119 1277 1162 sermonem
1300 1143 1315 1168 ,
1354 1109 1409 1157 et
1446 1100 1628 1155 dicere
1654 1098 1734 1154 eis
1760 1113 1774 1152 :
1817 1096 1934 1151 Non
1974 1096 2169 1150 debere

592 1199 733 1272 plus,
765 1200 871 1254 hoc
895 1206 995 1263 est,
1029 1197 1258 1268 superbe
1289 1210 1501 1266 sapere.
1550 1193 1663 1263 Ego
1689 1199 1872 1245 autem
1897 1189 2017 1244 dico
2042 1187 2169 1257 quia

593 1297 651 1345 et
688 1289 930 1344 haeretici
977 1288 1096 1358 plus
1138 1285 1354 1355 sapiunt
1396 1285 1462 1339 de
1496 1282 1715 1337 Christo
1757 1294 1919 1351 quam
1957 1283 2172 1349 oportet

594 1397 803 1454 sapere,
832 1382 924 1451 qui
952 1387 1150 1451 negant
1175 1393 1300 1433 eum
1328 1376 1384 1431 in
1413 1389 1576 1430 carne
1601 1374 1842 1440 venisse,
1887 1378 1944 1427 et
1982 1376 2169 1423 natum

593 1489 717 1531 esse
752 1488 820 1529 ex
847 1473 1067 1542 Virgine
1089 1512 1104 1537 ,
1153 1471 1248 1525 sed
1286 1468 1509 1525 caeleste
1546 1467 1596 1522 ei
1636 1480 1832 1536 corpus
1868 1463 2166 1545 assignant.

591 1564 721 1622 Plus
741 1565 853 1619 vult
878 1578 1068 1634 sapere
1088 1563 1181 1632 qui
1206 1562 1296 1617 illa
1317 1568 1594 1617 scrutatur
1615 1574 1736 1630 quae
1760 1557 1849 1613 lex
1868 1573 1979 1611 non
2005 1555 2167 1620 dicit;

592 1661 735 1717 unde
777 1667 832 1717 et
878 1660 1137 1716 Salomon
1178 1659 1256 1713 ait
1291 1675 1305 1711 :
1354 1656 1561 1711 Altiora
1602 1665 1652 1711 te
1692 1671 1755 1709 ne
1792 1651 2071 1715 scruteris,
2121 1658 2171 1705 et

591 1755 799 1823 majora
833 1763 883 1809 te
912 1770 974 1808 ne
999 1751 1304 1824 quaesieris,
1346 1749 1435 1805 sed
1474 1765 1590 1820 qua:
1629 1746 1873 1819 praecepit
1905 1746 1997 1800 tibi
2028 1743 2171 1797 Deus

2267 637 2435 701 hibet,
2474 644 2528 690 et
2555 637 2611 691 in
2637 635 2987 690 meditatione
3031 635 3165 706 legis
3209 635 3406 691 divinae
3448 636 3536 691 die
3583 652 3648 691 ac
3688 646 3850 693 nocte

2264 727 2526 795 persistit,
2554 735 2610 782 et
2641 736 2724 782 est
2756 727 2935 798 magni
2985 725 3144 795 hujus
3181 727 3425 798 corporis
3467 726 3687 795 oculus;
3712 728 3853 785 alius

2267 832 2395 889 erga
2425 818 2783 873 ministerium
2820 817 3049 872 fratrum
3075 825 3129 873 et
3157 817 3513 889 indigentium
3558 833 3747 874 curam
3796 827 3854 875 et

2266 920 2351 968 est
2379 913 2549 968 sancti
2581 912 2823 983 corporis
2863 914 2979 985 ejus
3013 928 3236 981 manus;
3266 912 3402 969 alius
3447 913 3721 969 studiosus
3758 930 3858 968 au-

2267 1002 2412 1057 ditor
2432 1010 2514 1057 est
2536 1002 2706 1069 verbi,
2737 1011 2793 1058 et
2819 1002 2966 1058 auris
2988 1012 3072 1058 est
3106 1004 3377 1074 corporis:
3408 1003 3545 1059 alius
3574 1004 3643 1058 ad
3670 1004 3858 1059 viden-

2268 1095 2365 1149 dos
2390 1093 2773 1149 decumbentes
2803 1103 2858 1149 et
2884 1093 3239 1165 requirendos
3271 1094 3611 1160 tribulantes,
3659 1103 3716 1150 et
3759 1111 3858 1166 po-

2268 1184 2403 1240 sitos
2426 1185 2480 1239 in
2504 1184 2916 1240 necessitatibus
2943 1187 3212 1241 erueudos
3236 1191 3319 1241 est
3342 1185 3592 1256 impiger,
3637 1185 3732 1254 qui
3762 1200 3862 1255 pes

2269 1276 2387 1332 sine
2414 1275 2574 1331 dubio
2613 1276 2968 1332 ecclesiastici
3020 1276 3321 1346 appellatur
3368 1276 3613 1348 corporis
3638 1290 3653 1329 :
3678 1284 3736 1331 et
3784 1276 3862 1331 ita

2270 1369 2513 1424 invenies
2541 1384 2979 1439 unumquemque
2999 1369 3320 1440 propensius
3365 1383 3493 1439 erga
3542 1385 3708 1423 unum
3757 1367 3862 1422 ali-

2270 1459 2414 1529 quod
2435 1460 2668 1515 oﬁicium
2689 1469 2741 1514 et
2758 1460 3044 1533 specialius
3071 1475 3293 1531 operam
3321 1458 3471 1527 dare,
3502 1470 3700 1517 caetera
3727 1475 3865 1516 vero

2271 1553 2552 1622 sequentia
2572 1553 2793 1608 habere.
2821 1552 3100 1620 Quomodo
3138 1561 3321 1609 autem
3370 1569 3568 1624 corpus
3616 1553 3761 1608 istud
3807 1555 3866 1610 in

2271 1641 2486 1698 Christo
2513 1643 2602 1708 sit,
2632 1643 2687 1697 id
2710 1651 2811 1708 est,
2843 1643 2899 1698 in
2927 1643 3191 1708 veritate,
3219 1651 3275 1699 et
3314 1643 3599 1714 sapientia,
3647 1652 3703 1699 et
3739 1642 3864 1713 jus-

2274 1736 2414 1802 titia,
2437 1744 2492 1791 et
2510 1736 2960 1801 sanctiﬁcatione,
2979 1751 3098 1806 quae
3119 1736 3301 1791 omnia
3319 1734 3568 1791 Christus
3591 1747 3695 1801 est,
3714 1751 3865 1806 saepe

590 1841 687 1897 illa
735 1844 906 1914 cogita
949 1857 1152 1912 semper
1179 1839 1352 1912 (Eccl.
1379 1840 1512 1906 m).'
1546 1837 1748 1909 Aperte
1791 1836 2027 1891 ostendit
2069 1835 2174 1889 hoc
2200 1907 2245 1914 _
2267 1826 2383 1897 jam
2429 1826 2682 1881 diximus.
2735 1824 2999 1881 Habentes
3042 1835 3217 1881 autem
3253 1826 3561 1881 donationes
3604 1826 3865 1882 diversas.

591 1950 695 2012 nos
721 1907 917 1991 deﬂere
946 1907 1156 2006 εερέι-ε,
1181 1907 1325 2005 έιυοίι
1347 1931 1573 2001 iustitia;
1596 1907 1863 1987 ὶθι-ωίηοε
1889 1945 1995 1985 non
2023 1942 2177 1999 egre.
2200 1907 2250 1968 B
2277 1916 2410 1972 Cum
2438 1917 2664 1972 dixisset
2693 1917 2933 1990 singulos
2963 1933 3205 1988 quosque
3230 1918 3566 1976 credentium
3615 1920 3869 1974 membra

595 2027 796 2090 diatur,
828 2024 918 2081 sed
946 2041 1163 2096 sapere,
1204 2025 1410 2094 inquit,
1448 2023 1516 2076 ad
1545 2022 1911 2085 sobrietatem,
1943 2020 2087 2091 quod
2120 2019 2174 2073 in

593 2117 782 2172 Graeco
810 2116 1006 2172 dicitur
1036 2110 1343 2191 σωφροσύνη
1362 2156 1377 2180 ,
1406 2115 1459 2169 in
1490 2114 1690 2168 nostris
1718 2113 2026 2173 codicibus.
2072 2113 2175 2168 hoc

595 2215 710 2273 est,
745 2206 800 2261 in
834 2206 1133 2276 Scripturis
1163 2206 1379 2269 divinis,
1418 2205 1682 2259 sobrietas
1711 2218 1741 2257 a
1761 2200 2065 2271 majoribus
2095 2202 2177 2256 in-

593 2304 950 2367 terpretatum
980 2304 1063 2352 est
1090 2312 1103 2349 :
1145 2298 1213 2351 ab
1254 2296 1374 2351 aliis
1409 2304 1589 2351 tamen
1620 2294 1850 2350 eruditis
1877 2294 2012 2365 yiris
2042 2301 2178 2349 tem-

590 2387 837 2459 perantia
862 2389 1099 2456 ponitur.
1136 2386 1339 2456 Sapere
1364 2401 1493 2457 ergo
1519 2387 1588 2441 ad
1612 2386 2045 2456 temperantiam,
2072 2386 2178 2441 hoc

592 2486 712 2543 est,
750 2486 814 2533 ut
851 2479 906 2533 in
935 2480 1210 2543 omnibus,
1242 2480 1326 2534 vel
1355 2496 1476 2549 quae
1504 2480 1735 2551 agimus,
1768 2479 1853 2534 vel
1883 2479 2173 2549 loquimur,

590 2569 677 2625 vel
708 2570 993 2635 sentimus,
1025 2571 1439 2640 temperantiam
1471 2579 1770 2626 teneamus.
1804 2570 1873 2624 Et
1899 2572 2178 2643 unicuique

592 2663 727 2718 sicut
757 2661 897 2718 Deus
937 2664 1115 2718 divisit
1152 2680 1449 2718 mensuram
1488 2663 1633 2733 ﬁdei.
1684 2662 1994 2717 Mensuram
2018 2663 2176 2732 ﬁdei,

594 2752 857 2807 virtutum
882 2740 1229 2824 intelligenda
1256 2761 1341 2807 est
1371 2753 1566 2823 gratia,
1595 2767 1757 2822 quam
1785 2768 1893 2808 non
1917 2753 2021 2807 nisi
2050 2751 2181 2808 ﬁde-

591 2842 673 2897 les
710 2842 1002 2911 accipiunt.
1059 2841 1210 2897 Sicut
1260 2842 1434 2897 divisit
1481 2843 1969 2898 Deus'mensuram
2016 2842 2176 2913 fidei,

593 2927 699 2988 hoc
727 2942 829 2995 est,
861 2942 920 2987 ut
946 2932 1083 2987 sciat
1107 2934 1477 3002 unusquisque
1504 2940 1560 2988 et
1588 2933 1853 3005 intelligat
1879 2948 2000 3003 quae
2029 2933 2086 2987 in
2112 2948 2179 2989 eo

591 3022 661 3076 sit
690 3037 946 3078 mensura
975 3023 1164 3094 gratiae
1193 3023 1326 3087 Dei,
1363 3039 1524 3093 quam
1556 3024 1813 3093 consequi
1852 3023 2051 3078 meruit
2080 3038 2178 3094 per

592 3114 773 3169 ﬁdem.
822 3114 1097 3168 Interdum
1130 3114 1279 3169 enim
1309 3114 1521 3183 accepit
1544 3114 1672 3191 quis
1708 3131 1738 3169 a
1773 3114 1884 3169 Deo
1916 3120 1976 3168 ut
2003 3113 2179 3184 sapiat

592 3200 648 3256 in
677 3217 842 3272 opere
869 3204 1174 3268 charitatis,
1208 3212 1299 3258 aut
1331 3212 1390 3259 ut
1416 3205 1591 3274 sapiat
1618 3205 1673 3259 in
1698 3204 1874 3260 ollicio
1897 3205 2174 3273 visitandi,

596 3301 691 3347 aut
717 3309 846 3364 erga
875 3293 1160 3348 viduarum
1196 3303 1252 3349 et
1280 3295 1611 3365 pupillorum
1647 3296 2052 3363 defensionem,
2084 3307 2178 3352 aut

593 3397 723 3456 erga
750 3384 1135 3454 hospitalitatis
1163 3384 1582 3440 sollicitudinem
1608 3404 1620 3439 :
1667 3388 1784 3441 haec
1809 3401 1940 3456 ergo
1967 3387 2178 3457 singula

595 3474 778 3530 divisit
807 3475 1098 3545 unicuique
1137 3476 1279 3530 Deus
1319 3477 1611 3532 secundum
1656 3491 1972 3532 mensuram
2010 3478 2175 3533 ﬁdei:

594 3566 688 3623 sed
718 3567 766 3624 si
805 3568 850 3622 is
887 3568 979 3637 qui
1020 3567 1215 3636 accipit
1243 3570 1477 3639 gratiam
1504 3576 1564 3622 ut
1591 3566 1768 3624 denuo
1796 3568 1957 3624 alicui
1984 3570 2179 3625 horum

593 3674 785 3730 sapere
812 3658 961 3725 velit,
996 3665 1050 3713 et
1079 3674 1187 3712 non
1217 3658 1485 3728 intelligat
1513 3675 1829 3715 mensuram
1857 3661 2044 3731 gratia:
2074 3662 2180 3717 sibi

594 3752 765 3816 dante,
810 3752 906 3807 sed
946 3751 1076 3805 velit
1118 3767 1310 3821 sapere
1338 3753 1404 3808 de
1441 3753 1705 3824 sapientia
1744 3755 1873 3821 Dei,
1918 3755 1985 3811 de
2014 3757 2181 3813 verbo

595 3844 885 3907 doctrinze,
922 3842 990 3900 de
1022 3843 1388 3913 profundioris
1413 3844 1654 3900 scientiae
1683 3847 1933 3914 ratione,
1978 3849 2032 3902 in
2073 3864 2181 3918 quo

595 3934 826 4005 gratiam
861 3949 966 3988 non
996 3936 1233 4007 accepit,
1264 3944 1321 3991 et
1347 3952 1453 3991 non
1488 3945 1596 3991 tam
1621 3938 1831 3993 discere
1856 3939 2179 4009 velit'quam

595 4023 791 4080 docere
818 4040 938 4094 quae
966 4027 1167 4091 nescit,
1198 4026 1302 4082 iste
1338 4043 1459 4082 cum
1488 4029 1670 4084 minus
1699 4030 1892 4100 sapiat,
1920 4030 2040 4099 plus
2066 4031 2180 4085 vult

596 4128 790 4183 sapere
815 4130 977 4185 quam
1006 4125 1256 4187 oportet:
1292 4134 1400 4173 non
1427 4120 1573 4175 enim
1606 4120 1749 4191 sapit
1776 4121 1844 4176 ad
1876 4130 2182 4192 temperan-

594 4205 751 4272 tiam,
768 4215 828 4262 ιιι
842 4210 1115 4264 custodiat
1134 4211 1427 4282 unicuique
1446 4213 1586 4268 sicut
1599 4204 1742 4270 Deus
1761 4214 1946 4269 divisit
1965 4232 2180 4272 mensu~

591 4309 711 4351 ram
738 4298 882 4353 ﬁdei.
918 4301 1138 4366 Verum,
1158 4308 1218 4355 ut
1238 4302 1543 4359 evidentius
1564 4306 1742 4361 adhuc
1767 4307 1834 4362 de
1864 4307 1931 4362 iis
1953 4307 2182 4377 Aposto-

594 4390 679 4447 lus
708 4394 1044 4464 assignaret,
1084 4395 1377 4450 introducit
1402 4398 1739 4469 exemplum,
1771 4400 1995 4457 dicens:
2030 4400 2180 4457 Sicut

594 4483 731 4536 enim
754 4484 807 4537 in
830 4501 932 4539 uno
954 4501 1167 4557 corpore
1187 4486 1351 4541 multa
1374 4490 1603 4544 membra
1625 4491 1892 4549 habemus.
1916 4494 2021 4548 Per
2037 4510 2181 4549 com-

594 4573 935 4641 parationem
962 4577 1207 4645 corporis
1234 4593 1327 4633 eos
1359 4578 1427 4633 ad
1456 4582 1803 4637 concordiam
1832 4585 2171 4650 cohortatur,

597 4676 669 4719 ne
694 4662 780 4718 vel
806 4664 934 4721 hinc
962 4676 1301 4735 moveantur,
1343 4670 1469 4739 quia
1497 4669 1638 4725 dona
1663 4672 1909 4741 accipere
1937 4674 2170 4741 diversa,

595 4762 653 4811 et
676 4757 856 4812 omnia
888 4758 1087 4816 habere
1114 4762 1312 4833 singuli
1339 4778 1448 4817 non
1485 4770 1774 4832 poterant,
1819 4781 1886 4821 ne
1930 4768 2178 4837 superbi-

598 4857 720 4903 rent
748 4849 945 4906 nullius
971 4862 1211 4922 egentes,
1250 4868 1349 4908 nec
1373 4869 1563 4908 omnes
1588 4853 1774 4909 eadem
1792 4896 1806 4922 ,
1848 4866 1906 4911 ut
1934 4863 2176 4930 corporis

595 4936 797 4994 Christi
826 4941 983 4997 nobis
1018 4943 1316 4998 similitudo
1344 4944 1766 4998 demonstretur.
1814 4945 2053 5004 Membra
2082 4968 2180 5005 au-

595 5036 699 5084 tem
744 5030 921 5087 omnia
971 5050 1072 5089 non
1120 5033 1357 5089 eumdem
1397 5042 1571 5087 actum
1608 5034 1820 5090 habent.
1871 5036 1989 5093 Non
2032 5042 2178 5098 enim

593 5127 774 5190 potest
802 5123 993 5179 oculus
1021 5123 1235 5186 audire,
1274 5136 1374 5177 nec
1400 5122 1549 5178 auris
1574 5124 1780 5192 videre,
1805 5136 1914 5183 etc.
1955 5127 2042 5185 Sic
2067 5134 2178 5188 sin-

594 5211 707 5280 guli
736 5214 870 5269 alter
892 5212 1108 5268 alterius
1134 5210 1386 5265 membra.
1428 5212 1499 5268 Ut
1520 5218 1827 5283 praestando
1856 5219 2178 5280 alterutrum

595 5302 738 5369 quod
761 5303 1038 5366 habemus,
1062 5301 1232 5372 magis
1254 5315 1318 5356 ac
1341 5303 1513 5373 magis
1535 5306 1779 5364 charitas
1802 5311 2174 5381 conﬁrmetur,

592 5390 995 5446 ordinatissime
1020 5404 1118 5457 per
1142 5389 1256 5445 haec
1285 5404 1614 5465 componens
1643 5413 1804 5457 omne
1838 5418 2033 5475 corpus
2073 5405 2178 5462 Ec-

591 5479 806 5537 clesiae:
841 5486 902 5555 ut
947 5480 1087 5535 sicut
1123 5485 1371 5554 proprios
1407 5496 1574 5547 actus
1622 5492 1841 5562 habent,
1887 5504 1944 5552 et
1986 5498 2177 5556 oﬁiciis
2230 5488 2241 5491 ’

593 5570 708 5625 suis
742 5571 1159 5650 unumquodque
1191 5574 1449 5644 deservit,
1476 5594 1578 5636 nec
1605 5588 1786 5639 tamen
1812 5586 2069 5656 possibile
2089 5596 2178 5645 est

591 5667 652 5712 ut
670 5673 780 5713 non
804 5672 1068 5718 consensu
1091 5674 1279 5722 mutuo
1310 5667 1414 5724 sibi
1443 5668 1673 5729 invicem
1694 5676 1917 5741 cedant;
1966 5677 2061 5743 ita,
2094 5678 2176 5733 in-

592 5747 728 5816 quit,
754 5758 810 5803 et
834 5749 887 5804 in
911 5751 1171 5823 Ecclesia,
1201 5774 1321 5828 quae
1349 5769 1432 5817 est
1455 5778 1649 5834 corpus
1678 5765 1901 5833 Christi,
1930 5769 2176 5829 diversos

594 5840 785 5913 singuli
836 5843 1093 5905 habemus
1134 5861 1318 5920 actus,
1367 5854 1515 5910 verbi
1558 5840 1948 5927 'gratiazalius
2009 5879 2171 5924 omne

2276 2025 2397 2064 esse
2422 2010 2582 2064 unius
2606 2011 2855 2080 corporis
2879 2010 3101 2076 Christi,
3129 2027 3273 2066 nunc
3322 2012 3478 2083 quasi
3526 2012 3871 2068 diversorum

2276 2100 2644 2155 membrorum
2675 2102 3041 2157 diversitatem
3071 2103 3249 2172 operis
3282 2109 3581 2168 enumerat,
3617 2111 3673 2156 et
3718 2104 3874 2159 verbi

2276 2207 2462 2258 causa,
2494 2192 2641 2246 velut
2670 2192 2969 2258 oculorum,
3002 2193 3077 2247 ita
3112 2184 3300 2258 menti,
3350 2208 3470 2262 quae
3518 2200 3604 2248 est
3639 2192 3875 2248 interior

2275 2282 2483 2348 oculus,
2516 2283 2811 2352 prophetia:
2844 2282 3087 2353 assignat
3114 2281 3369 2349 cilicium,
3391 2291 3446 2339 et
3475 2282 3577 2338 'alii
3604 2291 3872 2354 tanquam

2277 2374 2461 2427 manui
2488 2373 2849 2428 ministerium
2872 2373 3116 2442 ascribit,
3151 2382 3206 2430 et
3247 2373 3338 2429 alii
3379 2382 3634 2445 tanquam
3671 2374 3875 2446 lingua:

2276 2468 2575 2523 doctrinam
2599 2467 2803 2534 tribuit,
2833 2468 3083 2523 similiter
3110 2468 3275 2524 etiam
3304 2476 3510 2529 caetera
3562 2468 3871 2524 secundum

2276 2561 2539 2615 rationem
2569 2575 2837 2615 mensurae
2863 2559 3009 2615 ﬁdei.
3039 2559 3194 2615 Nunc
3214 2568 3394 2615 autem
3428 2559 3520 2614 illa
3569 2558 3745 2615 ofﬁcia
3775 2560 3875 2615 de-

2275 2660 2462 2724 putata
2498 2651 2756 2707 membris
2791 2651 2985 2707 merito
3018 2650 3143 2707 ﬁdei
3172 2657 3474 2717 enumerat,
3506 2657 3566 2704 ut
3597 2651 3741 2720 quod
3787 2652 3877 2706 vi-

2278 2743 2417 2798 derit
2442 2744 2831 2808 membrorum,
2864 2742 3007 2813 quod
3034 2730 3137 2797 sibi
3156 2731 3728 2813 deputatum'oﬁicium
3762 2751 3875 2808 est,

2277 2848 2385 2888 non
2412 2842 2718 2904 perstrepat
2750 2833 2927 2900 alteri,
2959 2834 3046 2888 cui
3080 2833 3225 2889 videt
3267 2832 3413 2887 aliud
3439 2832 3721 2899 traditum,
3775 2837 3879 2891 sed

2242 2924 2615 2995 congaudent
2641 2930 2701 2979 ut
2721 2939 2919 2995 corpus
2969 2923 3225 2983 Ecclesiae
3267 2923 3339 2978 sit
3379 2922 3699 2996 perfectum.
3754 2924 3882 2981 Sive

2277 3019 2600 3087 prophetiam
2624 3018 2910 3073 secundum
2939 3020 3194 3074 rationem
3215 3018 3361 3088 ﬁdei.
3384 3019 3431 3073 A
3456 3020 3741 3090 prophetia
3788 3020 3883 3077 in-

2277 3110 2427 3179 cipit,
2456 3126 2575 3180 quae
2595 3113 2770 3182 prima
2794 3114 3044 3182 probatio
3058 3122 3159 3180 est,
3176 3115 3550 3172 rationabilem
3564 3132 3685 3172 esse
3708 3116 3881 3174 ﬁdem

2278 3209 2546 3267 nostram;
2598 3202 2827 3271 denique
2879 3206 3162 3260 credentes
3220 3214 3444 3277 accepto
3499 3207 3691 3279 spiritu
3748 3223 3886 3279 pro-

2282 3294 2575 3364 phetabant
2601 3308 2701 3363 pro
2730 3294 2890 3349 modo
2911 3296 3192 3365 capientis,
3234 3297 3338 3353 hoc
3370 3305 3473 3364 est,
3497 3313 3661 3354 causa
3695 3314 3885 3369 quan-

2283 3390 2399 3439 tum
2426 3385 2592 3456 exigit
2633 3394 2855 3457 propter
2897 3403 3059 3457 quam
3109 3388 3286 3445 datur.
3332 3389 3624 3461 Prophetia
3675 3392 3888 3448 intelli-

2281 3478 2451 3549 genda
2478 3487 2581 3543 est,
2614 3493 2775 3549 quam
2801 3481 2957 3536 docet
2977 3480 3199 3550 Paulus,
3228 3500 3337 3539 non
3362 3484 3454 3538 illa
3474 3499 3574 3556 per
3608 3499 3772 3554 quam
3798 3485 3889 3541 di-

2280 3570 2441 3637 citur,
2467 3570 2594 3626 Haec
2616 3572 3041 3630 dicitDominus.
3075 3572 3193 3630 Sive
3228 3575 3574 3633 ministerium
3613 3578 3669 3631 in
3710 3577 3888 3632 mini-
3924 3602 3929 3607 ·

2281 3661 2520 3727 strando,
2546 3661 2650 3718 hoc
2684 3672 2786 3731 est,
2818 3665 3176 3723 ministerium
3219 3669 3574 3733 sacerdotale,
3623 3667 3708 3724 vel
3761 3668 3892 3724 dia-

2282 3762 2509 3811 conatus
2535 3755 2694 3811 cilicii
2726 3758 3072 3815 ministratio.
3098 3758 3390 3816 Possumus
3431 3760 3546 3815 haec
3587 3759 3770 3815 omnia
3807 3760 3891 3816 ad

2278 3848 2427 3903 illam
2464 3850 2707 3921 regulam
2730 3867 3008 3920 revocare,
3036 3869 3155 3923 qua:
3182 3854 3434 3924 superius
3461 3860 3545 3909 est
3566 3853 3735 3919 dicta,
3773 3854 3892 3911 hoc

2280 3945 2383 4002 est,
2415 3955 2520 3991 non
2546 3939 2663 4008 plus
2687 3957 2870 4010 sapere
2913 3959 3073 4012 quam
3120 3951 3314 4013 oportet
3366 3960 3569 4012 sapere,
3622 3954 3680 3999 ut
3723 3945 3890 4002 verbi

2281 4044 2444 4083 causa
2468 4031 2711 4084 dicamus
2737 4048 2750 4084 :
2776 4047 2883 4085 non
2908 4033 3104 4086 debere
3128 4047 3251 4087 eum
3275 4034 3367 4101 qui
3400 4032 3672 4090 ministrat
3699 4038 3755 4091 in
3780 4040 3891 4094 mi-

2280 4121 2560 4175 nistrando
2590 4121 2711 4191 plus
2763 4137 2950 4190 sapere
2976 4138 3137 4191 quam
3179 4132 3392 4192 oportet
3443 4138 3663 4197 sapere;
3697 4137 3753 4184 et
3782 4131 3887 4200 qui

2282 4212 2460 4277 docet,
2492 4212 2546 4266 in
2566 4212 2811 4268 doctrina
2833 4228 2937 4268 non
2964 4213 3084 4283 plus
3109 4228 3299 4284 sapere
3324 4231 3486 4286 quam
3530 4226 3740 4288 oportet
3789 4236 3888 4277 sa—

2282 4319 2411 4375 pere
2436 4323 2448 4357 :
2474 4304 2629 4361 multi
2657 4305 2799 4358 enim
2824 4313 3045 4375 accepto
3067 4305 3368 4364 ministerio
3397 4308 3482 4363 vel
3521 4319 3740 4382 accepta
3777 4312 3887 4368 do-

2282 4394 2453 4448 ctrina
2475 4393 2595 4462 plus
2620 4402 2915 4463 sapuerunt
2939 4409 3101 4463 quam
3123 4396 3361 4465 oportuit
3408 4413 3614 4469 sapere,
3650 4408 3704 4454 et
3740 4400 3880 4459 elati

2284 4486 2336 4539 in
2366 4485 2753 4555 arrogantiam,
2792 4485 2878 4540 vel
2905 4486 2959 4540 in
3013 4486 3234 4543 delicias
3286 4490 3508 4545 resoluti
3562 4491 3881 4562 praecipites

2283 4585 2623 4633 corruerunt.
2653 4576 2770 4633 Sive
2802 4577 2893 4649 qui
2920 4577 3088 4645 docet,
3118 4580 3174 4634 in
3208 4580 3486 4635 doctrina?
3507 4580 3768 4638 Similiter
3791 4584 3881 4640 di-

2277 4671 2418 4725 citur
2466 4667 2710 4738 adjuvari
2758 4670 3037 4727 doctorem
3062 4671 3117 4726 in
3142 4671 3406 4739 doctrina,
3432 4681 3493 4729 ut
3519 4675 3575 4729 in
3605 4684 3874 4746 quantum

2280 4761 2411 4816 ﬁdes
2448 4760 2564 4831 ejus
2589 4769 2673 4817 est
2698 4761 2767 4816 ad
2794 4762 3115 4830 docendum,
3144 4764 3199 4818 in
3222 4772 3429 4820 tantum
3460 4765 3756 4836 inspiretur
3803 4772 3876 4827 ad

2278 4853 2593 4907 tradendam
2623 4853 2926 4910 doctrinam
2952 4854 3247 4912 caelestem.
3283 4856 3402 4913 Sive
3426 4859 3516 4928 qui
3561 4858 3877 4916 exhortatur

2278 4945 2334 4998 in
2355 4944 2700 4999 exhortando.
2728 4945 2830 5013 Qui
2858 4946 3018 5003 docet
3055 4947 3229 5019 major
3258 4958 3342 5005 est
3377 4964 3442 5004 co
3470 4950 3561 5021 qui
3616 4951 3877 5008 exhorta-

2278 5045 2368 5092 tur
2396 5053 2409 5090 :
2439 5036 2712 5091 exhortari
2734 5038 2879 5092 enim
2906 5048 3133 5110 possunt
3173 5041 3337 5097 etiam
3368 5042 3547 5098 minus
3577 5044 3754 5113 periti,
3798 5044 3876 5099 la-

2282 5128 2447 5184 cessit
2498 5129 2644 5184 enim
2684 5127 2882 5185 fratres
2931 5131 3000 5186 ad
3052 5133 3267 5188 bonum
3301 5141 3395 5188 aut
3452 5134 3760 5192 incredulos
3799 5138 3871 5194 ad

2282 5222 2462 5277 ﬁdem.
2489 5220 2592 5287 Qui
2612 5223 2791 5277 tribuit
2812 5224 2867 5276 in
2891 5223 3242 5295 simplicitate.
3279 5223 3381 5292 Qui
3402 5226 3590 5283 tribuit
3630 5228 3873 5300 indigen-

2283 5312 2427 5370 tibus
2452 5321 2507 5368 et
2535 5320 2776 5383 praestat,
2799 5323 3035 5384 oportet,
3060 5315 3256 5384 inquit,
3308 5324 3370 5371 ut
3416 5317 3474 5373 in
3522 5317 3871 5388 simplicitate

2282 5404 2460 5460 cordis
2482 5405 2586 5460 hoc
2614 5402 2798 5470 faciat,
2822 5405 2924 5459 hoc
2949 5413 3055 5471 est,
3086 5419 3155 5459 ne
3183 5405 3432 5463 videatur
3460 5409 3676 5481 quidem
3700 5410 3872 5467 bene-

2282 5494 2462 5552 facere
2508 5495 2893 5568 indigentibus,
2930 5496 3094 5552 corde
3126 5512 3257 5555 vero
3294 5499 3506 5556 laudem
3545 5511 3752 5572 quaerat
3796 5504 3868 5561 ab

2282 5587 2608 5643 hominibus.
2639 5586 2757 5642 Non
2779 5602 2910 5657 ergo
2940 5588 3260 5659 simplicitas
3296 5602 3401 5659 est,
3430 5593 3476 5649 si
3504 5593 3648 5649 aliud
3673 5595 3764 5666 agi
3786 5596 3869 5651 vi-

2282 5678 2472 5735 deatur
2504 5680 2558 5734 in
2588 5681 2861 5747 manibus,
2891 5689 2948 5738 et
2970 5682 3115 5740 aliud
3143 5693 3420 5754 quaeratur
3446 5686 3503 5741 in
3531 5687 3714 5742 corde.
3760 5687 3868 5755 Qui

2279 5782 2462 5844 prwesl
2483 5774 2539 5827 in
2567 5771 2940 5830 sollicitudine.
2995 5776 3097 5844 Qui
3135 5787 3332 5848 praeest
3382 5779 3440 5834 in
3488 5779 3732 5837 Ecclesia
3778 5781 3868 5838 vel

2280 5865 2553 5933 fratribus,
2583 5864 2740 5922 debet
2766 5860 2889 5925 esse
2933 5868 3211 5936 sollicitus,
3255 5884 3361 5930 non
3390 5869 3459 5930 de
3492 5872 3864 5943 saecularibus,
3966 5918 4002 5941 ..
